  <div class='ocr_page' id='page_1' title='image "/cluster/home/n/w/nwhite01/storage/ocr_20150623/129/hvd.32044019208511/676.png"; bbox 0 0 4170 6432; ppageno 0'>
   <div class='ocr_carea' id='block_1_1' title="bbox 201 305 335 372">
    <p class='ocr_par' dir='ltr' id='par_1_1' title="bbox 201 305 335 372">
     <span class='ocr_line' id='line_1_1' title="bbox 201 305 335 372; baseline -0.022 0"><span class='ocrx_word' id='word_1_1' title='bbox 201 305 335 372; x_wconf 71' lang='grc'><strong>1221</strong></span> 
     </span>
    </p>
   </div>
   <div class='ocr_carea' id='block_1_2' title="bbox 200 436 1400 514">
    <p class='ocr_par' dir='ltr' id='par_1_2' title="bbox 200 436 1400 514">
     <span class='ocr_line' id='line_1_2' title="bbox 200 436 1400 514; baseline -0.004 -21"><span class='ocrx_word' id='word_1_2' title='bbox 200 443 378 514; x_wconf 84' lang='grc' dir='ltr'><strong><em>μάτων</em></strong></span> <span class='ocrx_word' id='word_1_3' title='bbox 457 437 677 503; x_wconf 74' lang='grc' dir='ltr'><strong><em>έδίωξαν</em></strong></span> <span class='ocrx_word' id='word_1_4' title='bbox 729 437 886 490; x_wconf 78' lang='grc' dir='ltr'><strong><em>αὐτὸν</em></strong></span> <span class='ocrx_word' id='word_1_5' title='bbox 951 442 1040 490; x_wconf 81' lang='grc' dir='ltr'><strong>καὶ</strong></span> <span class='ocrx_word' id='word_1_6' title='bbox 1089 436 1332 489; x_wconf 79' lang='grc' dir='ltr'><strong><em>έλίθασοιν</em></strong></span> <span class='ocrx_word' id='word_1_7' title='bbox 1387 452 1400 465; x_wconf 87' lang='grc'><strong>·</strong></span> 
     </span>
    </p>
   </div>
   <div class='ocr_carea' id='block_1_3' title="bbox 204 526 1483 602">
    <p class='ocr_par' dir='ltr' id='par_1_3' title="bbox 204 526 1483 602">
     <span class='ocr_line' id='line_1_3' title="bbox 204 526 1483 602; baseline -0.004 -20"><span class='ocrx_word' id='word_1_8' title='bbox 204 528 671 602; x_wconf 78' lang='grc' dir='ltr'><strong><em>συγκοιταϐοιτικῶς</em></strong></span> <span class='ocrx_word' id='word_1_9' title='bbox 758 526 1052 599; x_wconf 71' lang='grc' dir='ltr'><strong>ἐφθέγγετο,</strong></span> <span class='ocrx_word' id='word_1_10' title='bbox 1158 528 1483 600; x_wconf 75' lang='grc' dir='ltr'><strong><em>ὑφορώμενος</em></strong></span> 
     </span>
    </p>
   </div>
   <div class='ocr_carea' id='block_1_4' title="bbox 201 613 1804 690">
    <p class='ocr_par' dir='ltr' id='par_1_4' title="bbox 201 613 1804 690">
     <span class='ocr_line' id='line_1_4' title="bbox 201 613 1804 690; baseline -0.004 -18"><span class='ocrx_word' id='word_1_11' title='bbox 201 619 383 672; x_wconf 78' lang='grc' dir='ltr'><strong><em>πολλοὶ</em></strong></span> <span class='ocrx_word' id='word_1_12' title='bbox 447 617 507 670; x_wconf 85' lang='grc' dir='ltr'><strong>ἆν</strong></span> <span class='ocrx_word' id='word_1_13' title='bbox 568 617 889 676; x_wconf 79' lang='grc' dir='ltr'><strong><em>έϐλάϐησαν.</em></strong></span> <span class='ocrx_word' id='word_1_14' title='bbox 953 621 1159 690; x_wconf 79' lang='grc' dir='ltr'><strong>Διόπερ,</strong></span> <span class='ocrx_word' id='word_1_15' title='bbox 1197 619 1267 676; x_wconf 81' lang='grc' dir='ltr'><strong><em>ὡς</em></strong></span> <span class='ocrx_word' id='word_1_16' title='bbox 1325 616 1622 689; x_wconf 77' lang='grc' dir='ltr'><strong><em>εἰρήκαμεν,</em></strong></span> <span class='ocrx_word' id='word_1_17' title='bbox 1683 613 1804 666; x_wconf 80' lang='grc' dir='ltr'><strong>ἀνοι-</strong></span> 
     </span>
    </p>
   </div>
   <div class='ocr_carea' id='block_1_5' title="bbox 1587 525 1797 591">
    <p class='ocr_par' dir='ltr' id='par_1_5' title="bbox 1587 525 1797 591">
     <span class='ocr_line' id='line_1_5' title="bbox 1587 525 1797 591; baseline -0.005 -14"><span class='ocrx_word' id='word_1_18' title='bbox 1587 525 1747 578; x_wconf 80' lang='grc' dir='ltr'><strong><em>οιύτού</em></strong></span> <span class='ocrx_word' id='word_1_19' title='bbox 1757 545 1797 591; x_wconf 80' lang='grc' dir='ltr'><strong><em>ς,</em></strong></span> 
     </span>
    </p>
   </div>
   <div class='ocr_carea' id='block_1_6' title="bbox 202 702 1800 780">
    <p class='ocr_par' dir='ltr' id='par_1_6' title="bbox 202 702 1800 780">
     <span class='ocr_line' id='line_1_6' title="bbox 202 702 1800 780; baseline -0.003 -20"><span class='ocrx_word' id='word_1_20' title='bbox 202 713 424 780; x_wconf 71' lang='grc' dir='ltr'><strong><em>μίγνυσι</em></strong></span> <span class='ocrx_word' id='word_1_21' title='bbox 463 712 552 762; x_wconf 84' lang='grc' dir='ltr'><strong>καὶ</strong></span> <span class='ocrx_word' id='word_1_22' title='bbox 608 713 759 779; x_wconf 82' lang='grc' dir='ltr'><strong><em>κιρνᾲ</em></strong></span> <span class='ocrx_word' id='word_1_23' title='bbox 811 711 903 766; x_wconf 82' lang='grc' dir='ltr'><strong><em>τὴν</em></strong></span> <span class='ocrx_word' id='word_1_24' title='bbox 959 702 1340 761; x_wconf 75' lang='grc' dir='ltr'><strong>διδασκαλίαν,</strong></span> <span class='ocrx_word' id='word_1_25' title='bbox 1409 709 1544 778; x_wconf 86' lang='grc' dir='ltr'><strong><em>Πρὸς</em></strong></span> <span class='ocrx_word' id='word_1_26' title='bbox 1597 707 1698 778; x_wconf 74' lang='grc' dir='ltr'><strong>γὰρ</strong></span> <span class='ocrx_word' id='word_1_27' title='bbox 1743 706 1800 756; x_wconf 91' lang='grc' dir='ltr'><strong><em>τὸ</em></strong></span> 
     </span>
    </p>
   </div>
   <div class='ocr_carea' id='block_1_7' title="bbox 205 794 1804 872">
    <p class='ocr_par' dir='ltr' id='par_1_7' title="bbox 205 794 1804 872">
     <span class='ocr_line' id='line_1_7' title="bbox 205 794 1804 872; baseline -0.004 -22"><span class='ocrx_word' id='word_1_28' title='bbox 205 794 591 872; x_wconf 80' lang='grc' dir='ltr'><strong><em>εύποιράδεκτον</em></strong></span> <span class='ocrx_word' id='word_1_29' title='bbox 665 797 910 868; x_wconf 76' lang='grc' dir='ltr'><strong><em>γενέσθαι</em></strong></span> <span class='ocrx_word' id='word_1_30' title='bbox 996 794 1178 858; x_wconf 75' lang='grc' dir='ltr'><strong>αὐτὴν,</strong></span> <span class='ocrx_word' id='word_1_31' title='bbox 1269 794 1328 846; x_wconf 74' lang='grc' dir='ltr'><strong>ού</strong></span> <span class='ocrx_word' id='word_1_32' title='bbox 1413 801 1660 845; x_wconf 66' lang='grc' dir='ltr'><strong><em>τοσοῦτον</em></strong></span> <span class='ocrx_word' id='word_1_33' title='bbox 1738 794 1804 844; x_wconf 82' lang='grc' dir='ltr'><strong><em>τὰ</em></strong></span> 
     </span>
    </p>
   </div>
   <div class='ocr_carea' id='block_1_8' title="bbox 205 877 1800 957">
    <p class='ocr_par' dir='ltr' id='par_1_8' title="bbox 205 877 1800 957">
     <span class='ocr_line' id='line_1_8' title="bbox 205 877 1800 957; baseline -0.003 -19"><span class='ocrx_word' id='word_1_34' title='bbox 205 887 384 957; x_wconf 74' lang='grc' dir='ltr'><strong><em>ὑψηλὰ</em></strong></span> <span class='ocrx_word' id='word_1_35' title='bbox 441 889 561 940; x_wconf 84' lang='grc' dir='ltr'><strong><em>ὅσον</em></strong></span> <span class='ocrx_word' id='word_1_36' title='bbox 615 888 683 938; x_wconf 81' lang='grc' dir='ltr'><strong><em>τὰ</em></strong></span> <span class='ocrx_word' id='word_1_37' title='bbox 739 886 956 937; x_wconf 81' lang='grc' dir='ltr'><strong><em>ταπεινὰ</em></strong></span> <span class='ocrx_word' id='word_1_38' title='bbox 1022 883 1373 938; x_wconf 82' lang='grc' dir='ltr'><strong><em>συνεϐάλλετο.</em></strong></span> <span class='ocrx_word' id='word_1_39' title='bbox 1433 887 1627 936; x_wconf 82' lang='grc' dir='ltr'>Λοιπὸν</span> <span class='ocrx_word' id='word_1_40' title='bbox 1693 877 1800 947; x_wconf 76' lang='grc' dir='ltr'><strong>οὖν,</strong></span> 
     </span>
    </p>
   </div>
   <div class='ocr_carea' id='block_1_9' title="bbox 207 970 1804 1050">
    <p class='ocr_par' dir='ltr' id='par_1_9' title="bbox 207 970 1804 1050">
     <span class='ocr_line' id='line_1_9' title="bbox 207 970 1804 1050; baseline -0.004 -22"><span class='ocrx_word' id='word_1_41' title='bbox 207 978 330 1028; x_wconf 86' lang='grc' dir='ltr'><strong><em>ὅταν</em></strong></span> <span class='ocrx_word' id='word_1_42' title='bbox 380 976 697 1050; x_wconf 75' lang='grc' dir='ltr'><strong>εὑρίσκωμεν</strong></span> <span class='ocrx_word' id='word_1_43' title='bbox 755 975 1000 1035; x_wconf 81' lang='grc' dir='ltr'><strong><em>ταπεινὰς</em></strong></span> <span class='ocrx_word' id='word_1_44' title='bbox 1070 976 1256 1045; x_wconf 75' lang='grc' dir='ltr'><strong><em>φωνὰς,</em></strong></span> <span class='ocrx_word' id='word_1_45' title='bbox 1313 972 1650 1044; x_wconf 73' lang='grc' dir='ltr'><strong>οἰκονομικῶς</strong></span> <span class='ocrx_word' id='word_1_46' title='bbox 1715 970 1804 1022; x_wconf 82' lang='grc' dir='ltr'><strong>αύ-</strong></span> 
     </span>
    </p>
   </div>
   <div class='ocr_carea' id='block_1_10' title="bbox 206 1061 1805 1138">
    <p class='ocr_par' dir='ltr' id='par_1_10' title="bbox 206 1061 1805 1138">
     <span class='ocr_line' id='line_1_10' title="bbox 206 1061 1805 1138; baseline -0.005 -19"><span class='ocrx_word' id='word_1_47' title='bbox 206 1070 298 1128; x_wconf 83' lang='grc' dir='ltr'><strong><em>τὰς</em></strong></span> <span class='ocrx_word' id='word_1_48' title='bbox 340 1064 748 1138; x_wconf 72' lang='grc' dir='ltr'><strong>λογιζώμεθα,ἠ</strong></span> <span class='ocrx_word' id='word_1_49' title='bbox 799 1069 889 1116; x_wconf 77' lang='grc' dir='ltr'><strong>καὶ</strong></span> <span class='ocrx_word' id='word_1_50' title='bbox 943 1071 1005 1136; x_wconf 75' lang='grc' dir='ltr'><strong><em>τῇ</em></strong></span> <span class='ocrx_word' id='word_1_51' title='bbox 1052 1061 1414 1136; x_wconf 81' lang='grc' dir='ltr'><strong><em>ἀνθρωποτητι</em></strong></span> <span class='ocrx_word' id='word_1_52' title='bbox 1467 1061 1627 1113; x_wconf 74' lang='grc' dir='ltr'><strong>αὐτοῦ</strong></span> <span class='ocrx_word' id='word_1_53' title='bbox 1684 1065 1805 1112; x_wconf 86' lang='grc' dir='ltr'><strong><em>ταύ-</em></strong></span> 
     </span>
    </p>
   </div>
   <div class='ocr_carea' id='block_1_11' title="bbox 203 1150 1807 1228">
    <p class='ocr_par' dir='ltr' id='par_1_11' title="bbox 203 1150 1807 1228">
     <span class='ocr_line' id='line_1_11' title="bbox 203 1150 1807 1228; baseline -0.004 -20"><span class='ocrx_word' id='word_1_54' title='bbox 203 1176 292 1216; x_wconf 86' lang='grc' dir='ltr'><strong><em>τας</em></strong></span> <span class='ocrx_word' id='word_1_55' title='bbox 337 1157 733 1228; x_wconf 78' lang='grc' dir='ltr'><strong><em>προσάπτωμεν,</em></strong></span> <span class='ocrx_word' id='word_1_56' title='bbox 798 1155 971 1225; x_wconf 80' lang='grc' dir='ltr'><strong><em>ὥσπερ</em></strong></span> <span class='ocrx_word' id='word_1_57' title='bbox 1027 1156 1117 1204; x_wconf 85' lang='grc' dir='ltr'><strong>καὶ</strong></span> <span class='ocrx_word' id='word_1_58' title='bbox 1169 1154 1258 1212; x_wconf 80' lang='grc' dir='ltr'><strong><em>τὰς</em></strong></span> <span class='ocrx_word' id='word_1_59' title='bbox 1315 1150 1520 1222; x_wconf 74' lang='grc' dir='ltr'><strong>ὑψηλὰς</strong></span> <span class='ocrx_word' id='word_1_60' title='bbox 1577 1159 1640 1222; x_wconf 75' lang='grc' dir='ltr'><strong><em>τῇ</em></strong></span> <span class='ocrx_word' id='word_1_61' title='bbox 1701 1151 1807 1202; x_wconf 82' lang='grc' dir='ltr'><strong>θεο-</strong></span> 
     </span>
    </p>
   </div>
   <div class='ocr_carea' id='block_1_12' title="bbox 206 1268 346 1307">
    <p class='ocr_par' dir='ltr' id='par_1_12' title="bbox 206 1268 346 1307">
     <span class='ocr_line' id='line_1_12' title="bbox 206 1268 346 1307; baseline 0.014 -7"><span class='ocrx_word' id='word_1_62' title='bbox 206 1268 346 1307; x_wconf 78' lang='grc' dir='ltr'><strong><em>τητι.</em></strong></span> 
     </span>
    </p>
   </div>
   <div class='ocr_carea' id='block_1_13' title="bbox 280 1332 1805 1410">
    <p class='ocr_par' dir='ltr' id='par_1_13' title="bbox 280 1332 1805 1410">
     <span class='ocr_line' id='line_1_13' title="bbox 280 1332 1805 1410; baseline -0.007 -18"><span class='ocrx_word' id='word_1_63' title='bbox 280 1338 444 1410; x_wconf 74' lang='grc' dir='ltr'><strong>’Δμήν</strong></span> <span class='ocrx_word' id='word_1_64' title='bbox 475 1367 540 1376; x_wconf 91' lang='grc'><strong><em>-</em></strong></span> <span class='ocrx_word' id='word_1_65' title='bbox 583 1335 808 1390; x_wconf 82' lang='grc' dir='ltr'><strong>αἰώνιον.</strong></span> <span class='ocrx_word' id='word_1_66' title='bbox 870 1333 1046 1388; x_wconf 85' lang='grc' dir='ltr'><strong><em>’Πάλιν</em></strong></span> <span class='ocrx_word' id='word_1_67' title='bbox 1091 1333 1432 1405; x_wconf 75' lang='grc' dir='ltr'><strong>οἰκονομικῶς</strong></span> <span class='ocrx_word' id='word_1_68' title='bbox 1462 1336 1638 1404; x_wconf 74' lang='grc' dir='ltr'><strong>φησιν.</strong></span> <span class='ocrx_word' id='word_1_69' title='bbox 1695 1332 1805 1382; x_wconf 66' lang='grc' dir='ltr'><strong>Οὐκ</strong></span> 
     </span>
    </p>
   </div>
   <div class='ocr_carea' id='block_1_14' title="bbox 205 1417 1805 1498">
    <p class='ocr_par' dir='ltr' id='par_1_14' title="bbox 205 1417 1805 1498">
     <span class='ocr_line' id='line_1_14' title="bbox 205 1417 1805 1498; baseline -0.006 -18"><span class='ocrx_word' id='word_1_70' title='bbox 205 1423 313 1480; x_wconf 81' lang='grc' dir='ltr'><strong><em>εἶπε</em></strong></span> <span class='ocrx_word' id='word_1_71' title='bbox 368 1428 494 1498; x_wconf 72' lang='grc' dir='ltr'><strong>γὰρ,</strong></span> <span class='ocrx_word' id='word_1_72' title='bbox 550 1429 649 1478; x_wconf 77' lang='grc' dir='ltr'><strong>Καὶ</strong></span> <span class='ocrx_word' id='word_1_73' title='bbox 700 1428 959 1476; x_wconf 72' lang='grc' dir='ltr'><strong>πιστεύων</strong></span> <span class='ocrx_word' id='word_1_74' title='bbox 1008 1422 1144 1496; x_wconf 79' lang='grc' dir='ltr'><strong><em>έμοὶ,</em></strong></span> <span class='ocrx_word' id='word_1_75' title='bbox 1202 1423 1284 1474; x_wconf 84' lang='grc' dir='ltr'><strong>ἱνα</strong></span> <span class='ocrx_word' id='word_1_76' title='bbox 1328 1425 1400 1492; x_wconf 74' lang='grc' dir='ltr'><strong><em>μὴ</em></strong></span> <span class='ocrx_word' id='word_1_77' title='bbox 1445 1417 1572 1494; x_wconf 77' lang='grc' dir='ltr'><strong>δόξῃ</strong></span> <span class='ocrx_word' id='word_1_78' title='bbox 1606 1422 1805 1494; x_wconf 77' lang='grc' dir='ltr'><strong><em>κομπάο</em></strong></span> 
     </span>
    </p>
   </div>
   <div class='ocr_carea' id='block_1_15' title="bbox 206 1506 1804 1588">
    <p class='ocr_par' dir='ltr' id='par_1_15' title="bbox 206 1506 1804 1588">
     <span class='ocr_line' id='line_1_15' title="bbox 206 1506 1804 1588; baseline -0.003 -20"><span class='ocrx_word' id='word_1_79' title='bbox 206 1516 314 1578; x_wconf 83' lang='grc' dir='ltr'><strong><em>ζειν</em></strong></span> <span class='ocrx_word' id='word_1_80' title='bbox 343 1514 421 1587; x_wconf 87' lang='grc'><strong>(6)</strong></span> <span class='ocrx_word' id='word_1_81' title='bbox 449 1513 621 1588; x_wconf 69' lang='grc' dir='ltr'><strong><em>[ἁλλὰ,</em></strong></span> <span class='ocrx_word' id='word_1_82' title='bbox 655 1514 735 1585; x_wconf 82' lang='grc'><strong>(7)</strong></span> <span class='ocrx_word' id='word_1_83' title='bbox 760 1510 832 1585; x_wconf 76' lang='grc' dir='ltr'><strong><em>τῷ</em></strong></span> <span class='ocrx_word' id='word_1_84' title='bbox 853 1512 1117 1586; x_wconf 80' lang='grc' dir='ltr'><strong><em>πέμψαντί</em></strong></span> <span class='ocrx_word' id='word_1_85' title='bbox 1141 1530 1222 1584; x_wconf 67' lang='grc' dir='ltr'><strong><em>με,</em></strong></span> <span class='ocrx_word' id='word_1_86' title='bbox 1254 1512 1337 1563; x_wconf 85' lang='grc' dir='ltr'><strong>ἱνα</strong></span> <span class='ocrx_word' id='word_1_87' title='bbox 1359 1506 1487 1583; x_wconf 72' lang='grc' dir='ltr'><strong>δόξῃ</strong></span> <span class='ocrx_word' id='word_1_88' title='bbox 1513 1515 1580 1583; x_wconf 75' lang='grc' dir='ltr'><strong>μὴ</strong></span> <span class='ocrx_word' id='word_1_89' title='bbox 1615 1509 1698 1581; x_wconf 78' lang='grc' dir='ltr'><strong>ἀφ’</strong></span> <span class='ocrx_word' id='word_1_90' title='bbox 1726 1509 1804 1581; x_wconf 86' lang='grc'><strong>(8)</strong></span> 
     </span>
    </p>
   </div>
   <div class='ocr_carea' id='block_1_16' title="bbox 206 1599 1806 1676">
    <p class='ocr_par' dir='ltr' id='par_1_16' title="bbox 206 1599 1806 1676">
     <span class='ocr_line' id='line_1_16' title="bbox 206 1599 1806 1676; baseline -0.004 -20"><span class='ocrx_word' id='word_1_91' title='bbox 206 1603 393 1656; x_wconf 73' lang='grc' dir='ltr'><strong><em>ἑαυτοῦ</em></strong></span> <span class='ocrx_word' id='word_1_92' title='bbox 426 1603 611 1676; x_wconf 72' lang='grc' dir='ltr'><strong><em>λέγειν,</em></strong></span> <span class='ocrx_word' id='word_1_93' title='bbox 639 1602 748 1655; x_wconf 81' lang='grc' dir='ltr'><strong><em>ἀλλ’</em></strong></span> <span class='ocrx_word' id='word_1_94' title='bbox 778 1605 882 1655; x_wconf 84' lang='grc' dir='ltr'><strong>ἀπὸ</strong></span> <span class='ocrx_word' id='word_1_95' title='bbox 911 1609 1004 1654; x_wconf 87' lang='grc' dir='ltr'><strong>τοῦ</strong></span> <span class='ocrx_word' id='word_1_96' title='bbox 1019 1601 1317 1673; x_wconf 76' lang='grc' dir='ltr'><strong><em>πέμψαντος</em></strong></span> <span class='ocrx_word' id='word_1_97' title='bbox 1348 1599 1525 1666; x_wconf 71' lang='grc' dir='ltr'><strong><em>αὐτὸν,</em></strong></span> <span class='ocrx_word' id='word_1_98' title='bbox 1556 1603 1646 1650; x_wconf 82' lang='grc' dir='ltr'><strong>καὶ</strong></span> <span class='ocrx_word' id='word_1_99' title='bbox 1671 1599 1806 1650; x_wconf 80' lang='grc' dir='ltr'><strong><em>οὕτω</em></strong></span> 
     </span>
    </p>
   </div>
   <div class='ocr_carea' id='block_1_17' title="bbox 203 1687 1806 1764">
    <p class='ocr_par' dir='ltr' id='par_1_17' title="bbox 203 1687 1806 1764">
     <span class='ocr_line' id='line_1_17' title="bbox 203 1687 1806 1764; baseline -0.004 -19"><span class='ocrx_word' id='word_1_100' title='bbox 203 1695 536 1745; x_wconf 90' lang='grc' dir='ltr'><strong><em>πιστεύσωσι</em></strong></span> <span class='ocrx_word' id='word_1_101' title='bbox 563 1701 635 1763; x_wconf 82' lang='grc' dir='ltr'><strong><em>τῷ</em></strong></span> <span class='ocrx_word' id='word_1_102' title='bbox 659 1691 796 1764; x_wconf 75' lang='grc' dir='ltr'><strong>λόγῳ</strong></span> <span class='ocrx_word' id='word_1_103' title='bbox 843 1691 1026 1756; x_wconf 76' lang='grc' dir='ltr'><strong>αὐτοῦ,</strong></span> <span class='ocrx_word' id='word_1_104' title='bbox 1058 1693 1128 1753; x_wconf 81' lang='grc' dir='ltr'><strong><em>ὡς</em></strong></span> <span class='ocrx_word' id='word_1_105' title='bbox 1148 1687 1221 1742; x_wconf 80' lang='grc' dir='ltr'><strong>δι’</strong></span> <span class='ocrx_word' id='word_1_106' title='bbox 1253 1689 1412 1741; x_wconf 75' lang='grc' dir='ltr'><strong>αὐτοῦ</strong></span> <span class='ocrx_word' id='word_1_107' title='bbox 1444 1696 1515 1759; x_wconf 82' lang='grc' dir='ltr'><strong><em>τῷ</em></strong></span> <span class='ocrx_word' id='word_1_108' title='bbox 1545 1687 1806 1761; x_wconf 73' lang='grc' dir='ltr'><strong><em>πέμψαντι</em></strong></span> 
     </span>
    </p>
   </div>
   <div class='ocr_carea' id='block_1_18' title="bbox 1286 291 2566 373">
    <p class='ocr_par' dir='ltr' id='par_1_18' title="bbox 1286 291 2566 373">
     <span class='ocr_line' id='line_1_18' title="bbox 1286 291 2566 373; baseline 0.005 -7"><span class='ocrx_word' id='word_1_109' title='bbox 1286 295 1651 369; x_wconf 76' lang='lat' dir='ltr'><strong>COMMENT.</strong></span> <span class='ocrx_word' id='word_1_110' title='bbox 1691 293 1761 366; x_wconf 73' lang='lat' dir='ltr'><strong>1N</strong></span> <span class='ocrx_word' id='word_1_111' title='bbox 1800 291 2146 367; x_wconf 68' lang='lat' dir='ltr'><strong>JOANNEM‘.</strong></span> <span class='ocrx_word' id='word_1_112' title='bbox 2187 343 2258 356; x_wconf 83' lang='lat'><strong>—</strong></span> <span class='ocrx_word' id='word_1_113' title='bbox 2297 312 2458 371; x_wconf 81' lang='lat' dir='ltr'><strong>CAP.</strong></span> <span class='ocrx_word' id='word_1_114' title='bbox 2501 313 2566 373; x_wconf 76' lang='grc' dir='ltr'><strong>ν.</strong></span> 
     </span>
    </p>
   </div>
   <div class='ocr_carea' id='block_1_19' title="bbox 3426 300 3564 374">
    <p class='ocr_par' dir='ltr' id='par_1_19' title="bbox 3426 300 3564 374">
     <span class='ocr_line' id='line_1_19' title="bbox 3426 300 3564 374; baseline 0.014 -2"><span class='ocrx_word' id='word_1_115' title='bbox 3426 300 3564 374; x_wconf 68' lang='lat' dir='ltr'><strong>i222</strong></span> 
     </span>
    </p>
   </div>
   <div class='ocr_carea' id='block_1_20' title="bbox 1461 435 1812 509">
    <p class='ocr_par' dir='ltr' id='par_1_20' title="bbox 1461 437 1800 489">
     <span class='ocr_line' id='line_1_20' title="bbox 1461 437 1800 489; baseline 0 -1"><span class='ocrx_word' id='word_1_116' title='bbox 1461 439 1560 489; x_wconf 81' lang='grc' dir='ltr'><strong><em>εἴτε</em></strong></span> <span class='ocrx_word' id='word_1_117' title='bbox 1629 437 1800 488; x_wconf 81' lang='grc' dir='ltr'><strong><em>πάντα</em></strong></span> 
     </span>
    </p>
   </div>
   <div class='ocr_carea' id='block_1_21' title="bbox 1931 435 3565 509">
    <p class='ocr_par' dir='ltr' id='par_1_21' title="bbox 1931 435 3565 509">
     <span class='ocr_line' id='line_1_21' title="bbox 1931 435 3565 509; baseline 0.006 -19"><span class='ocrx_word' id='word_1_118' title='bbox 1931 435 2176 500; x_wconf 86' lang='lat' dir='ltr'><strong>rarium,</strong></span> <span class='ocrx_word' id='word_1_119' title='bbox 2213 452 2347 492; x_wconf 89' lang='lat' dir='ltr'><strong>cum</strong></span> <span class='ocrx_word' id='word_1_120' title='bbox 2374 436 2550 493; x_wconf 88' lang='lat' dir='ltr'><strong>etiam</strong></span> <span class='ocrx_word' id='word_1_121' title='bbox 2581 436 2656 494; x_wconf 93' lang='lat' dir='ltr'><strong>ob</strong></span> <span class='ocrx_word' id='word_1_122' title='bbox 2688 451 2884 509; x_wconf 87' lang='lat' dir='ltr'><strong>pauca</strong></span> <span class='ocrx_word' id='word_1_123' title='bbox 2912 437 3260 509; x_wconf 88' lang='lat' dir='ltr'><strong>hujusmodi</strong></span> <span class='ocrx_word' id='word_1_124' title='bbox 3291 440 3471 498; x_wconf 88' lang='lat' dir='ltr'><strong>verba</strong></span> <span class='ocrx_word' id='word_1_125' title='bbox 3499 442 3565 498; x_wconf 48' lang='lat' dir='ltr'><strong>il‘</strong></span> 
     </span>
    </p>
   </div>
   <div class='ocr_carea' id='block_1_22' title="bbox 1909 525 3564 601">
    <p class='ocr_par' dir='ltr' id='par_1_22' title="bbox 1909 525 3564 601">
     <span class='ocr_line' id='line_1_22' title="bbox 1909 525 3564 601; baseline 0.004 -21"><span class='ocrx_word' id='word_1_126' title='bbox 1909 525 2033 580; x_wconf 91' lang='lat' dir='ltr'><strong>lum</strong></span> <span class='ocrx_word' id='word_1_127' title='bbox 2085 532 2606 599; x_wconf 82' lang='lat' dir='ltr'><strong>persequerentur,</strong></span> <span class='ocrx_word' id='word_1_128' title='bbox 2661 526 2991 600; x_wconf 82' lang='lat' dir='ltr'><strong>vellentque</strong></span> <span class='ocrx_word' id='word_1_129' title='bbox 3045 527 3314 601; x_wconf 78' lang='lat' dir='ltr'><strong>lapidare</strong></span> <span class='ocrx_word' id='word_1_130' title='bbox 3370 545 3384 585; x_wconf 89' lang='lat'><strong>:</strong></span> <span class='ocrx_word' id='word_1_131' title='bbox 3439 530 3564 586; x_wconf 83' lang='lat' dir='ltr'><strong>sive</strong></span> 
     </span>
    </p>
   </div>
   <div class='ocr_carea' id='block_1_23' title="bbox 1910 615 3567 685">
    <p class='ocr_par' dir='ltr' id='par_1_23' title="bbox 1910 615 3567 685">
     <span class='ocr_line' id='line_1_23' title="bbox 1910 615 3567 685; baseline 0.004 -16"><span class='ocrx_word' id='word_1_132' title='bbox 1910 615 2114 670; x_wconf 88' lang='lat' dir='ltr'><strong>omnia</strong></span> <span class='ocrx_word' id='word_1_133' title='bbox 2145 631 2272 670; x_wconf 90' lang='lat' dir='ltr'><strong>sese</strong></span> <span class='ocrx_word' id='word_1_134' title='bbox 2303 615 2670 671; x_wconf 88' lang='lat' dir='ltr'><strong>demittendo</strong></span> <span class='ocrx_word' id='word_1_135' title='bbox 2699 615 2932 672; x_wconf 90' lang='lat' dir='ltr'><strong>locutus</strong></span> <span class='ocrx_word' id='word_1_136' title='bbox 2961 617 3190 685; x_wconf 86' lang='lat' dir='ltr'><strong>fuisset,</strong></span> <span class='ocrx_word' id='word_1_137' title='bbox 3214 618 3420 675; x_wconf 89' lang='lat' dir='ltr'><strong>habito</strong></span> <span class='ocrx_word' id='word_1_138' title='bbox 3447 619 3567 676; x_wconf 87' lang='lat' dir='ltr'><strong>illo-</strong></span> 
     </span>
    </p>
   </div>
   <div class='ocr_carea' id='block_1_24' title="bbox 1911 704 3568 776">
    <p class='ocr_par' dir='ltr' id='par_1_24' title="bbox 1911 704 3568 776">
     <span class='ocr_line' id='line_1_24' title="bbox 1911 704 3568 776; baseline 0.004 -18"><span class='ocrx_word' id='word_1_139' title='bbox 1911 720 2044 758; x_wconf 88' lang='lat' dir='ltr'><strong>rum</strong></span> <span class='ocrx_word' id='word_1_140' title='bbox 2073 708 2368 776; x_wconf 83' lang='lat' dir='ltr'><strong>respectu,</strong></span> <span class='ocrx_word' id='word_1_141' title='bbox 2399 704 2565 760; x_wconf 89' lang='lat' dir='ltr'><strong>multi</strong></span> <span class='ocrx_word' id='word_1_142' title='bbox 2597 721 2740 760; x_wconf 86' lang='lat' dir='ltr'><strong>sane</strong></span> <span class='ocrx_word' id='word_1_143' title='bbox 2765 704 3184 764; x_wconf 82' lang='lat' dir='ltr'><strong>detrimentum</strong></span> <span class='ocrx_word' id='word_1_144' title='bbox 3207 708 3345 764; x_wconf 90' lang='lat' dir='ltr'><strong>inde</strong></span> <span class='ocrx_word' id='word_1_145' title='bbox 3373 725 3568 764; x_wconf 83' lang='lat' dir='ltr'><strong>susce-</strong></span> 
     </span>
    </p>
   </div>
   <div class='ocr_carea' id='block_1_25' title="bbox 1911 793 3568 870">
    <p class='ocr_par' dir='ltr' id='par_1_25' title="bbox 1911 793 3568 870">
     <span class='ocr_line' id='line_1_25' title="bbox 1911 793 3568 870; baseline 0.004 -22"><span class='ocrx_word' id='word_1_146' title='bbox 1911 795 2158 864; x_wconf 88' lang='lat' dir='ltr'><strong>pissent.</strong></span> <span class='ocrx_word' id='word_1_147' title='bbox 2192 793 2353 863; x_wconf 89' lang='lat' dir='ltr'><strong>ldeo,</strong></span> <span class='ocrx_word' id='word_1_148' title='bbox 2387 800 2445 848; x_wconf 89' lang='lat' dir='ltr'><strong>ut</strong></span> <span class='ocrx_word' id='word_1_149' title='bbox 2473 793 2754 860; x_wconf 80' lang='lat' dir='ltr'><strong>diximus,</strong></span> <span class='ocrx_word' id='word_1_150' title='bbox 2791 795 2997 851; x_wconf 80' lang='lat' dir='ltr'><strong>miscet</strong></span> <span class='ocrx_word' id='word_1_151' title='bbox 3025 811 3096 851; x_wconf 91' lang='lat' dir='ltr'><strong>ac</strong></span> <span class='ocrx_word' id='word_1_152' title='bbox 3138 802 3430 870; x_wconf 83' lang='lat' dir='ltr'><strong>temperat</strong></span> <span class='ocrx_word' id='word_1_153' title='bbox 3459 797 3568 856; x_wconf 92' lang='lat' dir='ltr'><strong>do-</strong></span> 
     </span>
    </p>
   </div>
   <div class='ocr_carea' id='block_1_26' title="bbox 1913 882 3563 955">
    <p class='ocr_par' dir='ltr' id='par_1_26' title="bbox 1913 882 3563 955">
     <span class='ocr_line' id='line_1_26' title="bbox 1913 882 3563 955; baseline 0.004 -19"><span class='ocrx_word' id='word_1_154' title='bbox 1913 882 2185 938; x_wconf 88' lang='lat' dir='ltr'><strong>ctrinam.</strong></span> <span class='ocrx_word' id='word_1_155' title='bbox 2222 883 2287 938; x_wconf 91' lang='lat' dir='ltr'><strong>Ut</strong></span> <span class='ocrx_word' id='word_1_156' title='bbox 2324 882 2484 938; x_wconf 89' lang='lat' dir='ltr'><strong>enim</strong></span> <span class='ocrx_word' id='word_1_157' title='bbox 2529 882 2700 938; x_wconf 83' lang='lat' dir='ltr'><strong>facile</strong></span> <span class='ocrx_word' id='word_1_158' title='bbox 2742 885 3118 955; x_wconf 82' lang='lat' dir='ltr'><strong>reciperetur,</strong></span> <span class='ocrx_word' id='word_1_159' title='bbox 3170 902 3290 942; x_wconf 91' lang='lat' dir='ltr'><strong>non</strong></span> <span class='ocrx_word' id='word_1_160' title='bbox 3335 893 3563 944; x_wconf 84' lang='lat' dir='ltr'><strong>tantum</strong></span> 
     </span>
    </p>
   </div>
   <div class='ocr_carea' id='block_1_27' title="bbox 1913 971 3569 1048">
    <p class='ocr_par' dir='ltr' id='par_1_27' title="bbox 1913 971 3569 1048">
     <span class='ocr_line' id='line_1_27' title="bbox 1913 971 3569 1048; baseline 0.004 -23"><span class='ocrx_word' id='word_1_161' title='bbox 1913 971 2144 1026; x_wconf 83' lang='lat' dir='ltr'><strong>excelsa</strong></span> <span class='ocrx_word' id='word_1_162' title='bbox 2164 971 2541 1043; x_wconf 86' lang='lat' dir='ltr'><strong>loquebatur,</strong></span> <span class='ocrx_word' id='word_1_163' title='bbox 2573 979 2868 1044; x_wconf 87' lang='lat' dir='ltr'><strong>quantum</strong></span> <span class='ocrx_word' id='word_1_164' title='bbox 2897 974 3221 1030; x_wconf 79' lang='lat' dir='ltr'><strong>humilibus</strong></span> <span class='ocrx_word' id='word_1_165' title='bbox 3253 977 3569 1048; x_wconf 89' lang='lat' dir='ltr'><strong>permisce-</strong></span> 
     </span>
    </p>
   </div>
   <div class='ocr_carea' id='block_1_28' title="bbox 1913 1061 3568 1140">
    <p class='ocr_par' dir='ltr' id='par_1_28' title="bbox 1913 1061 3568 1140">
     <span class='ocr_line' id='line_1_28' title="bbox 1913 1061 3568 1140; baseline 0.004 -24"><span class='ocrx_word' id='word_1_166' title='bbox 1913 1061 2033 1116; x_wconf 90' lang='lat' dir='ltr'><strong>bat.</strong></span> <span class='ocrx_word' id='word_1_167' title='bbox 2064 1062 2264 1133; x_wconf 84' lang='lat' dir='ltr'><strong>itaque</strong></span> <span class='ocrx_word' id='word_1_168' title='bbox 2295 1077 2432 1117; x_wconf 91' lang='lat' dir='ltr'><strong>cum</strong></span> <span class='ocrx_word' id='word_1_169' title='bbox 2465 1077 2638 1118; x_wconf 90' lang='lat' dir='ltr'><strong>voces</strong></span> <span class='ocrx_word' id='word_1_170' title='bbox 2670 1062 2925 1119; x_wconf 89' lang='lat' dir='ltr'><strong>humiles</strong></span> <span class='ocrx_word' id='word_1_171' title='bbox 2956 1065 3297 1136; x_wconf 89' lang='lat' dir='ltr'><strong>reperimus,</strong></span> <span class='ocrx_word' id='word_1_172' title='bbox 3332 1066 3568 1140; x_wconf 88' lang='lat' dir='ltr'><strong>dispen-</strong></span> 
     </span>
    </p>
   </div>
   <div class='ocr_carea' id='block_1_29' title="bbox 1915 1151 3568 1225">
    <p class='ocr_par' dir='ltr' id='par_1_29' title="bbox 1915 1151 3568 1225">
     <span class='ocr_line' id='line_1_29' title="bbox 1915 1151 3568 1225; baseline 0.006 -21"><span class='ocrx_word' id='word_1_173' title='bbox 1915 1151 2170 1206; x_wconf 89' lang='lat' dir='ltr'><strong>satorias</strong></span> <span class='ocrx_word' id='word_1_174' title='bbox 2191 1166 2294 1206; x_wconf 89' lang='lat' dir='ltr'><strong>eas</strong></span> <span class='ocrx_word' id='word_1_175' title='bbox 2306 1151 2738 1218; x_wconf 85' lang='lat' dir='ltr'><strong>existimemus,</strong></span> <span class='ocrx_word' id='word_1_176' title='bbox 2759 1151 2845 1207; x_wconf 90' lang='lat' dir='ltr'><strong>vel</strong></span> <span class='ocrx_word' id='word_1_177' title='bbox 2869 1153 3046 1209; x_wconf 89' lang='lat' dir='ltr'><strong>etiam</strong></span> <span class='ocrx_word' id='word_1_178' title='bbox 3063 1154 3191 1225; x_wconf 89' lang='lat' dir='ltr'><strong>ejus</strong></span> <span class='ocrx_word' id='word_1_179' title='bbox 3209 1155 3568 1214; x_wconf 85' lang='lat' dir='ltr'><strong>humanitati</strong></span> 
     </span>
    </p>
   </div>
   <div class='ocr_carea' id='block_1_30' title="bbox 1915 1239 3191 1310">
    <p class='ocr_par' dir='ltr' id='par_1_30' title="bbox 1915 1239 3191 1310">
     <span class='ocr_line' id='line_1_30' title="bbox 1915 1239 3191 1310; baseline 0.001 -14"><span class='ocrx_word' id='word_1_180' title='bbox 1915 1239 2286 1310; x_wconf 84' lang='lat' dir='ltr'><strong>adaptemus,</strong></span> <span class='ocrx_word' id='word_1_181' title='bbox 2316 1239 2466 1294; x_wconf 89' lang='lat' dir='ltr'><strong>sicut</strong></span> <span class='ocrx_word' id='word_1_182' title='bbox 2498 1243 2553 1296; x_wconf 88' lang='lat' dir='ltr'><strong>et</strong></span> <span class='ocrx_word' id='word_1_183' title='bbox 2578 1239 2842 1296; x_wconf 84' lang='lat' dir='ltr'><strong>excelsas</strong></span> <span class='ocrx_word' id='word_1_184' title='bbox 2875 1241 3191 1300; x_wconf 84' lang='lat' dir='ltr'><strong>divinitati.</strong></span> 
     </span>
    </p>
   </div>
   <div class='ocr_carea' id='block_1_31' title="bbox 1988 1328 3566 1408">
    <p class='ocr_par' dir='ltr' id='par_1_31' title="bbox 1988 1328 3566 1408">
     <span class='ocr_line' id='line_1_31' title="bbox 1988 1328 3566 1408; baseline 0.008 -27"><span class='ocrx_word' id='word_1_185' title='bbox 1988 1329 2256 1384; x_wconf 71' lang='lat' dir='ltr'><strong>Vers.24.</strong></span> <span class='ocrx_word' id='word_1_186' title='bbox 2294 1328 2480 1385; x_wconf 87' lang='lat' dir='ltr'><strong>Amen</strong></span> <span class='ocrx_word' id='word_1_187' title='bbox 2519 1360 2586 1370; x_wconf 96' lang='lat'>—</span> <span class='ocrx_word' id='word_1_188' title='bbox 2624 1338 2926 1390; x_wconf 51' lang='lat' dir='ltr'><strong>aeternum.</strong></span> <span class='ocrx_word' id='word_1_189' title='bbox 2967 1334 3222 1390; x_wconf 82' lang='lat' dir='ltr'><strong>Rursum</strong></span> <span class='ocrx_word' id='word_1_190' title='bbox 3254 1333 3566 1408; x_wconf 88' lang='lat' dir='ltr'><strong>dispensa-</strong></span> 
     </span>
    </p>
   </div>
   <div class='ocr_carea' id='block_1_32' title="bbox 1916 1417 3566 1496">
    <p class='ocr_par' dir='ltr' id='par_1_32' title="bbox 1916 1417 3566 1496">
     <span class='ocr_line' id='line_1_32' title="bbox 1916 1417 3566 1496; baseline 0.004 -22"><span class='ocrx_word' id='word_1_191' title='bbox 1916 1417 2059 1474; x_wconf 91' lang='lat' dir='ltr'><strong>torie</strong></span> <span class='ocrx_word' id='word_1_192' title='bbox 2086 1418 2346 1492; x_wconf 86' lang='lat' dir='ltr'><strong>loquitur</strong></span> <span class='ocrx_word' id='word_1_193' title='bbox 2377 1435 2390 1472; x_wconf 89' lang='lat'><strong>:</strong></span> <span class='ocrx_word' id='word_1_194' title='bbox 2419 1433 2614 1492; x_wconf 89' lang='lat' dir='ltr'><strong>neque</strong></span> <span class='ocrx_word' id='word_1_195' title='bbox 2657 1419 2818 1476; x_wconf 90' lang='lat' dir='ltr'><strong>enim</strong></span> <span class='ocrx_word' id='word_1_196' title='bbox 2849 1420 2996 1477; x_wconf 81' lang='lat' dir='ltr'><strong>dixit</strong></span> <span class='ocrx_word' id='word_1_197' title='bbox 3029 1438 3042 1478; x_wconf 91' lang='lat'><em>:</em></span> <span class='ocrx_word' id='word_1_198' title='bbox 3078 1425 3143 1479; x_wconf 88' lang='lat' dir='ltr'><strong>Et</strong></span> <span class='ocrx_word' id='word_1_199' title='bbox 3185 1424 3369 1481; x_wconf 90' lang='lat' dir='ltr'><strong>credit</strong></span> <span class='ocrx_word' id='word_1_200' title='bbox 3401 1425 3566 1496; x_wconf 88' lang='lat' dir='ltr'><strong>mihi,</strong></span> 
     </span>
    </p>
   </div>
   <div class='ocr_carea' id='block_1_33' title="bbox 1915 1507 3569 1584">
    <p class='ocr_par' dir='ltr' id='par_1_33' title="bbox 1915 1507 3569 1584">
     <span class='ocr_line' id='line_1_33' title="bbox 1915 1507 3569 1584; baseline 0.006 -22"><span class='ocrx_word' id='word_1_201' title='bbox 1915 1523 1988 1562; x_wconf 88' lang='lat' dir='ltr'><strong>ne</strong></span> <span class='ocrx_word' id='word_1_202' title='bbox 2019 1507 2259 1577; x_wconf 80' lang='lat' dir='ltr'><strong>gloriari</strong></span> <span class='ocrx_word' id='word_1_203' title='bbox 2299 1507 2617 1566; x_wconf 83' lang='lat' dir='ltr'><strong>videretur.</strong></span> <span class='ocrx_word' id='word_1_204' title='bbox 2686 1509 2794 1581; x_wconf 67' lang='grc' dir='ltr'><strong>(Η-</strong></span> <span class='ocrx_word' id='word_1_205' title='bbox 2827 1510 2942 1566; x_wconf 90' lang='lat' dir='ltr'><strong>Sed</strong></span> <span class='ocrx_word' id='word_1_206' title='bbox 2988 1513 3095 1584; x_wconf 87' lang='lat' dir='ltr'><strong>qui</strong></span> <span class='ocrx_word' id='word_1_207' title='bbox 3133 1529 3223 1570; x_wconf 89' lang='lat' dir='ltr'><strong>me</strong></span> <span class='ocrx_word' id='word_1_208' title='bbox 3257 1513 3438 1582; x_wconf 90' lang='lat' dir='ltr'><strong>misit,</strong></span> <span class='ocrx_word' id='word_1_209' title='bbox 3495 1531 3569 1572; x_wconf 90' lang='lat' dir='ltr'><strong>ne</strong></span> 
     </span>
    </p>
   </div>
   <div class='ocr_carea' id='block_1_34' title="bbox 1915 1597 3566 1675">
    <p class='ocr_par' dir='ltr' id='par_1_34' title="bbox 1915 1597 3566 1675">
     <span class='ocr_line' id='line_1_34' title="bbox 1915 1597 3566 1675; baseline 0.006 -25"><span class='ocrx_word' id='word_1_210' title='bbox 1915 1597 2184 1653; x_wconf 87' lang='lat' dir='ltr'><strong>videatur</strong></span> <span class='ocrx_word' id='word_1_211' title='bbox 2205 1611 2240 1652; x_wconf 91' lang='lat' dir='ltr'><strong>a</strong></span> <span class='ocrx_word' id='word_1_212' title='bbox 2267 1612 2328 1653; x_wconf 89' lang='lat' dir='ltr'><strong>se</strong></span> <span class='ocrx_word' id='word_1_213' title='bbox 2345 1597 2475 1669; x_wconf 90' lang='lat' dir='ltr'><strong>ipso</strong></span> <span class='ocrx_word' id='word_1_214' title='bbox 2495 1597 2678 1670; x_wconf 89' lang='lat' dir='ltr'><strong>loqui,</strong></span> <span class='ocrx_word' id='word_1_215' title='bbox 2711 1599 2818 1654; x_wconf 90' lang='lat' dir='ltr'><strong>sed</strong></span> <span class='ocrx_word' id='word_1_216' title='bbox 2843 1601 2917 1656; x_wconf 86' lang='lat' dir='ltr'><strong>ab</strong></span> <span class='ocrx_word' id='word_1_217' title='bbox 2939 1615 3029 1667; x_wconf 92' lang='lat' dir='ltr'><strong>eo,</strong></span> <span class='ocrx_word' id='word_1_218' title='bbox 3046 1602 3152 1672; x_wconf 89' lang='lat' dir='ltr'><strong>qui</strong></span> <span class='ocrx_word' id='word_1_219' title='bbox 3171 1603 3368 1675; x_wconf 89' lang='lat' dir='ltr'><strong>ipsum</strong></span> <span class='ocrx_word' id='word_1_220' title='bbox 3393 1605 3566 1670; x_wconf 89' lang='lat' dir='ltr'><strong>misit,</strong></span> 
     </span>
    </p>
   </div>
   <div class='ocr_carea' id='block_1_35' title="bbox 1916 1686 3569 1766">
    <p class='ocr_par' dir='ltr' id='par_1_35' title="bbox 1916 1686 3569 1766">
     <span class='ocr_line' id='line_1_35' title="bbox 1916 1686 3569 1766; baseline 0.006 -26"><span class='ocrx_word' id='word_1_221' title='bbox 1916 1692 1976 1741; x_wconf 88' lang='lat' dir='ltr'><strong>ut</strong></span> <span class='ocrx_word' id='word_1_222' title='bbox 2009 1687 2086 1741; x_wconf 86' lang='lat' dir='ltr'><strong>ita</strong></span> <span class='ocrx_word' id='word_1_223' title='bbox 2115 1686 2363 1741; x_wconf 88' lang='lat' dir='ltr'><strong>credant</strong></span> <span class='ocrx_word' id='word_1_224' title='bbox 2386 1688 2638 1743; x_wconf 89' lang='lat' dir='ltr'><strong>sermoni</strong></span> <span class='ocrx_word' id='word_1_225' title='bbox 2669 1688 2816 1760; x_wconf 90' lang='lat' dir='ltr'><strong>ejus,</strong></span> <span class='ocrx_word' id='word_1_226' title='bbox 2867 1690 3174 1747; x_wconf 86' lang='lat' dir='ltr'><strong>credentes</strong></span> <span class='ocrx_word' id='word_1_227' title='bbox 3199 1709 3304 1766; x_wconf 88' lang='lat' dir='ltr'><strong>per</strong></span> <span class='ocrx_word' id='word_1_228' title='bbox 3355 1709 3493 1750; x_wconf 92' lang='lat' dir='ltr'><strong>eum</strong></span> <span class='ocrx_word' id='word_1_229' title='bbox 3517 1694 3569 1750; x_wconf 92' lang='lat' dir='ltr'><strong>ei</strong></span> 
     </span>
    </p>
   </div>
   <div class='ocr_carea' id='block_1_36' title="bbox 205 1775 1812 1853">
    <p class='ocr_par' dir='ltr' id='par_1_36' title="bbox 205 1777 1806 1853">
     <span class='ocr_line' id='line_1_36' title="bbox 205 1777 1806 1853; baseline -0.003 -20"><span class='ocrx_word' id='word_1_230' title='bbox 205 1782 362 1834; x_wconf 76' lang='grc' dir='ltr'><strong>αὐτὸν</strong></span> <span class='ocrx_word' id='word_1_231' title='bbox 392 1785 738 1842; x_wconf 75' lang='grc' dir='ltr'><strong>πιστεύοντες.</strong></span> <span class='ocrx_word' id='word_1_232' title='bbox 778 1780 936 1853; x_wconf 78' lang='grc' dir='ltr'><strong><em>Ὁρᾷς</em></strong></span> <span class='ocrx_word' id='word_1_233' title='bbox 964 1789 1074 1841; x_wconf 85' lang='grc' dir='ltr'><strong><em>πῶς</em></strong></span> <span class='ocrx_word' id='word_1_234' title='bbox 1102 1783 1160 1832; x_wconf 87' lang='grc' dir='ltr'><strong><em>τὸ</em></strong></span> <span class='ocrx_word' id='word_1_235' title='bbox 1191 1781 1406 1831; x_wconf 86' lang='grc' dir='ltr'><strong>τοιπείνά</strong></span> <span class='ocrx_word' id='word_1_236' title='bbox 1435 1779 1513 1850; x_wconf 74' lang='grc'><strong>(9)</strong></span> <span class='ocrx_word' id='word_1_237' title='bbox 1539 1777 1698 1849; x_wconf 70' lang='grc' dir='ltr'><strong><em>λέγειν</em></strong></span> <span class='ocrx_word' id='word_1_238' title='bbox 1719 1777 1806 1829; x_wconf 84' lang='grc' dir='ltr'><strong><em>λυ-</em></strong></span> 
     </span>
    </p>
   </div>
   <div class='ocr_carea' id='block_1_37' title="bbox 1931 1775 3569 1853">
    <p class='ocr_par' dir='ltr' id='par_1_37' title="bbox 1931 1775 3569 1850">
     <span class='ocr_line' id='line_1_37' title="bbox 1931 1775 3569 1850; baseline 0.007 -22"><span class='ocrx_word' id='word_1_239' title='bbox 1931 1776 2016 1848; x_wconf 71' lang='grc' dir='ltr'><strong>]ιιί</strong></span> <span class='ocrx_word' id='word_1_240' title='bbox 2050 1775 2249 1847; x_wconf 88' lang='lat' dir='ltr'><strong>ipsum</strong></span> <span class='ocrx_word' id='word_1_241' title='bbox 2284 1776 2461 1830; x_wconf 89' lang='lat' dir='ltr'><strong>misit.</strong></span> <span class='ocrx_word' id='word_1_242' title='bbox 2497 1776 2692 1845; x_wconf 88' lang='lat' dir='ltr'><strong>Vides,</strong></span> <span class='ocrx_word' id='word_1_243' title='bbox 2724 1793 2911 1850; x_wconf 87' lang='lat' dir='ltr'><strong>quam</strong></span> <span class='ocrx_word' id='word_1_244' title='bbox 2944 1779 3082 1836; x_wconf 86' lang='lat' dir='ltr'><strong>utile</strong></span> <span class='ocrx_word' id='word_1_245' title='bbox 3107 1780 3182 1837; x_wconf 89' lang='lat' dir='ltr'><strong>sit</strong></span> <span class='ocrx_word' id='word_1_246' title='bbox 3211 1781 3569 1839; x_wconf 83' lang='lat' dir='ltr'><strong>sublimibus</strong></span> 
     </span>
    </p>
   </div>
   <div class='ocr_carea' id='block_1_38' title="bbox 208 1870 808 1942">
    <p class='ocr_par' dir='ltr' id='par_1_38' title="bbox 208 1870 808 1942">
     <span class='ocr_line' id='line_1_38' title="bbox 208 1870 808 1942; baseline 0.005 -19"><span class='ocrx_word' id='word_1_247' title='bbox 208 1870 400 1925; x_wconf 88' lang='grc' dir='ltr'><strong><em>σιτελεί</em></strong></span> <span class='ocrx_word' id='word_1_248' title='bbox 426 1879 531 1932; x_wconf 83' lang='grc' dir='ltr'><strong><em>τοίς</em></strong></span> <span class='ocrx_word' id='word_1_249' title='bbox 567 1871 808 1942; x_wconf 74' lang='grc' dir='ltr'><strong>ὑψηλοῖς.</strong></span> 
     </span>
    </p>
   </div>
   <div class='ocr_carea' id='block_1_39' title="bbox 285 1955 1805 2034">
    <p class='ocr_par' dir='ltr' id='par_1_39' title="bbox 285 1955 1805 2034">
     <span class='ocr_line' id='line_1_39' title="bbox 285 1955 1805 2034; baseline -0.005 -20"><span class='ocrx_word' id='word_1_250' title='bbox 285 1967 382 2014; x_wconf 77' lang='grc' dir='ltr'><strong>Καὶ</strong></span> <span class='ocrx_word' id='word_1_251' title='bbox 421 1993 480 2000; x_wconf 95' lang='grc'><strong>-</strong></span> <span class='ocrx_word' id='word_1_252' title='bbox 507 1963 741 2034; x_wconf 77' lang='grc' dir='ltr'><strong><em>ἔρχεται.</em></strong></span> <span class='ocrx_word' id='word_1_253' title='bbox 799 1960 884 2022; x_wconf 84' lang='grc' dir='ltr'><strong>Εἰς</strong></span> <span class='ocrx_word' id='word_1_254' title='bbox 913 1960 1032 2030; x_wconf 79' lang='grc'><strong>(10)</strong></span> <span class='ocrx_word' id='word_1_255' title='bbox 1078 1961 1389 2032; x_wconf 80' lang='grc' dir='ltr'><strong>κατάκρισιν</strong></span> <span class='ocrx_word' id='word_1_256' title='bbox 1439 1956 1716 2018; x_wconf 86' lang='grc' dir='ltr'><strong><em>κολάσεως.</em></strong></span> <span class='ocrx_word' id='word_1_257' title='bbox 1746 1955 1805 2007; x_wconf 82' lang='grc' dir='ltr'><strong>Ὀ</strong></span> 
     </span>
    </p>
   </div>
   <div class='ocr_carea' id='block_1_40' title="bbox 205 2046 1802 2122">
    <p class='ocr_par' dir='ltr' id='par_1_40' title="bbox 205 2046 1802 2122">
     <span class='ocr_line' id='line_1_40' title="bbox 205 2046 1802 2122; baseline -0.003 -20"><span class='ocrx_word' id='word_1_258' title='bbox 205 2052 306 2122; x_wconf 77' lang='grc' dir='ltr'><strong>γὰρ</strong></span> <span class='ocrx_word' id='word_1_259' title='bbox 338 2053 598 2102; x_wconf 81' lang='grc' dir='ltr'><strong>πιστεύων</strong></span> <span class='ocrx_word' id='word_1_260' title='bbox 621 2058 692 2120; x_wconf 82' lang='grc' dir='ltr'><strong><em>τῷ</em></strong></span> <span class='ocrx_word' id='word_1_261' title='bbox 729 2049 867 2121; x_wconf 74' lang='grc' dir='ltr'><strong>λόγῳ</strong></span> <span class='ocrx_word' id='word_1_262' title='bbox 920 2049 1080 2100; x_wconf 73' lang='grc' dir='ltr'><strong>αὐτοῦ</strong></span> <span class='ocrx_word' id='word_1_263' title='bbox 1109 2050 1314 2107; x_wconf 83' lang='grc' dir='ltr'><strong><em>πάντως</em></strong></span> <span class='ocrx_word' id='word_1_264' title='bbox 1338 2051 1421 2099; x_wconf 67' lang='grc' dir='ltr'><strong>καὶ</strong></span> <span class='ocrx_word' id='word_1_265' title='bbox 1455 2054 1599 2120; x_wconf 81' lang='grc' dir='ltr'><strong>τῆριί</strong></span> <span class='ocrx_word' id='word_1_266' title='bbox 1628 2046 1802 2098; x_wconf 75' lang='grc' dir='ltr'><strong>αὐτόν·</strong></span> 
     </span>
    </p>
   </div>
   <div class='ocr_carea' id='block_1_41' title="bbox 205 2134 1806 2212">
    <p class='ocr_par' dir='ltr' id='par_1_41' title="bbox 205 2134 1806 2212">
     <span class='ocr_line' id='line_1_41' title="bbox 205 2134 1806 2212; baseline -0.002 -22"><span class='ocrx_word' id='word_1_267' title='bbox 205 2137 384 2190; x_wconf 84' lang='grc' dir='ltr'><strong><em>λοιπὸν</em></strong></span> <span class='ocrx_word' id='word_1_268' title='bbox 441 2134 548 2203; x_wconf 84' lang='grc' dir='ltr'><strong>οὖν,</strong></span> <span class='ocrx_word' id='word_1_269' title='bbox 608 2139 634 2189; x_wconf 88' lang='grc' dir='ltr'><strong><em>ὁ</em></strong></span> <span class='ocrx_word' id='word_1_270' title='bbox 682 2143 754 2210; x_wconf 83' lang='grc' dir='ltr'><strong>μὴ</strong></span> <span class='ocrx_word' id='word_1_271' title='bbox 809 2145 980 2212; x_wconf 80' lang='grc' dir='ltr'><em>τηρῶν</em></span> <span class='ocrx_word' id='word_1_272' title='bbox 1033 2136 1185 2189; x_wconf 65' lang='grc' dir='ltr'><strong><em>αὐτόν</em></strong></span> <span class='ocrx_word' id='word_1_273' title='bbox 1229 2136 1287 2187; x_wconf 72' lang='grc' dir='ltr'><strong>οὗ</strong></span> <span class='ocrx_word' id='word_1_274' title='bbox 1353 2139 1586 2188; x_wconf 71' lang='grc' dir='ltr'><strong><em>πιστεύει</em></strong></span> <span class='ocrx_word' id='word_1_275' title='bbox 1643 2134 1806 2204; x_wconf 68' lang='grc' dir='ltr'><strong>αὐτῷ.</strong></span> 
     </span>
    </p>
   </div>
   <div class='ocr_carea' id='block_1_42' title="bbox 208 2225 1803 2304">
    <p class='ocr_par' dir='ltr' id='par_1_42' title="bbox 208 2225 1803 2304">
     <span class='ocr_line' id='line_1_42' title="bbox 208 2225 1803 2304; baseline -0.001 -24"><span class='ocrx_word' id='word_1_276' title='bbox 208 2228 471 2304; x_wconf 75' lang='grc' dir='ltr'><strong>Φρίξωμεν</strong></span> <span class='ocrx_word' id='word_1_277' title='bbox 502 2229 551 2280; x_wconf 84' lang='grc' dir='ltr'><strong>οἱ</strong></span> <span class='ocrx_word' id='word_1_278' title='bbox 605 2232 678 2300; x_wconf 79' lang='grc' dir='ltr'><strong>μὴ</strong></span> <span class='ocrx_word' id='word_1_279' title='bbox 733 2225 1085 2300; x_wconf 78' lang='grc' dir='ltr'><strong>φυλάσσοντες</strong></span> <span class='ocrx_word' id='word_1_280' title='bbox 1139 2229 1228 2287; x_wconf 80' lang='grc' dir='ltr'><strong><em>τὰς</em></strong></span> <span class='ocrx_word' id='word_1_281' title='bbox 1281 2225 1480 2287; x_wconf 85' lang='grc' dir='ltr'><strong><em>ἐντολὰς</em></strong></span> <span class='ocrx_word' id='word_1_282' title='bbox 1523 2234 1614 2278; x_wconf 78' lang='grc' dir='ltr'><strong>τοῦ</strong></span> <span class='ocrx_word' id='word_1_283' title='bbox 1657 2231 1803 2279; x_wconf 82' lang='grc' dir='ltr'><strong><em>Θεου.</em></strong></span> 
     </span>
    </p>
   </div>
   <div class='ocr_carea' id='block_1_43' title="bbox 208 2312 1809 2392">
    <p class='ocr_par' dir='ltr' id='par_1_43' title="bbox 208 2312 1809 2392">
     <span class='ocr_line' id='line_1_43' title="bbox 208 2312 1809 2392; baseline -0.004 -20"><span class='ocrx_word' id='word_1_284' title='bbox 208 2320 358 2372; x_wconf 86' lang='grc' dir='ltr'><strong>Μετὰ</strong></span> <span class='ocrx_word' id='word_1_285' title='bbox 395 2325 494 2369; x_wconf 85' lang='grc' dir='ltr'><strong><em>τῶν</em></strong></span> <span class='ocrx_word' id='word_1_286' title='bbox 525 2321 760 2369; x_wconf 74' lang='grc' dir='ltr'><strong><em>ἀπίστων</em></strong></span> <span class='ocrx_word' id='word_1_287' title='bbox 789 2319 889 2392; x_wconf 77' lang='grc' dir='ltr'><strong>γὰρ</strong></span> <span class='ocrx_word' id='word_1_288' title='bbox 923 2318 1236 2388; x_wconf 71' lang='grc' dir='ltr'><strong><em>τετάγμεθα.</em></strong></span> <span class='ocrx_word' id='word_1_289' title='bbox 1288 2321 1524 2374; x_wconf 78' lang='grc' dir='ltr'><strong><em>Ζήτησον</em></strong></span> <span class='ocrx_word' id='word_1_290' title='bbox 1565 2312 1623 2368; x_wconf 64' lang='grc' dir='ltr'><strong>δι</strong></span> <span class='ocrx_word' id='word_1_291' title='bbox 1651 2319 1739 2367; x_wconf 84' lang='grc' dir='ltr'><strong>καὶ</strong></span> <span class='ocrx_word' id='word_1_292' title='bbox 1762 2313 1809 2366; x_wconf 78' lang='grc' dir='ltr'><strong><em>ἕν</em></strong></span> 
     </span>
    </p>
   </div>
   <div class='ocr_carea' id='block_1_44' title="bbox 206 2404 1812 2480">
    <p class='ocr_par' dir='ltr' id='par_1_44' title="bbox 206 2404 1812 2480">
     <span class='ocr_line' id='line_1_44' title="bbox 206 2404 1812 2480; baseline -0.002 -20"><span class='ocrx_word' id='word_1_293' title='bbox 206 2415 283 2478; x_wconf 83' lang='grc' dir='ltr'><strong><em>τῷ</em></strong></span> <span class='ocrx_word' id='word_1_294' title='bbox 311 2411 468 2480; x_wconf 83' lang='grc' dir='ltr'><strong><em>τρίτῳ</em></strong></span> <span class='ocrx_word' id='word_1_295' title='bbox 493 2405 752 2479; x_wconf 67' lang='grc' dir='ltr'><strong>κεφαλαίῳ</strong></span> <span class='ocrx_word' id='word_1_296' title='bbox 780 2408 860 2472; x_wconf 84' lang='grc' dir='ltr'><strong>τὸ,</strong></span> <span class='ocrx_word' id='word_1_297' title='bbox 891 2404 950 2457; x_wconf 86' lang='grc' dir='ltr'>Ὁ</span> <span class='ocrx_word' id='word_1_298' title='bbox 978 2407 1237 2458; x_wconf 78' lang='grc' dir='ltr'><strong><em>πιστεύων</em></strong></span> <span class='ocrx_word' id='word_1_299' title='bbox 1269 2404 1340 2466; x_wconf 82' lang='grc' dir='ltr'><strong><em>εἰς</em></strong></span> <span class='ocrx_word' id='word_1_300' title='bbox 1360 2404 1532 2471; x_wconf 78' lang='grc' dir='ltr'><strong>αὐτὸν,</strong></span> <span class='ocrx_word' id='word_1_301' title='bbox 1569 2404 1626 2456; x_wconf 84' lang='grc' dir='ltr'><strong><em>ού</em></strong></span> <span class='ocrx_word' id='word_1_302' title='bbox 1648 2409 1812 2479; x_wconf 80' lang='grc' dir='ltr'><strong><em>κρίνε-</em></strong></span> 
     </span>
    </p>
   </div>
   <div class='ocr_carea' id='block_1_45' title="bbox 207 2515 322 2553">
    <p class='ocr_par' dir='ltr' id='par_1_45' title="bbox 207 2515 322 2553">
     <span class='ocr_line' id='line_1_45' title="bbox 207 2515 322 2553; baseline 0.035 -4"><span class='ocrx_word' id='word_1_303' title='bbox 207 2515 296 2549; x_wconf 79' lang='grc' dir='ltr'><strong><em>ται</em></strong></span> <span class='ocrx_word' id='word_1_304' title='bbox 310 2541 322 2553; x_wconf 91' lang='grc'><strong>.</strong></span> 
     </span>
    </p>
   </div>
   <div class='ocr_carea' id='block_1_46' title="bbox 283 2671 1808 2744">
    <p class='ocr_par' dir='ltr' id='par_1_46' title="bbox 283 2671 1808 2744">
     <span class='ocr_line' id='line_1_46' title="bbox 283 2671 1808 2744; baseline -0.001 -18"><span class='ocrx_word' id='word_1_305' title='bbox 283 2673 439 2726; x_wconf 84' lang='grc' dir='ltr'><strong>Ἀλλά</strong></span> <span class='ocrx_word' id='word_1_306' title='bbox 468 2707 534 2714; x_wconf 93' lang='grc'><strong>-</strong></span> <span class='ocrx_word' id='word_1_307' title='bbox 565 2673 725 2734; x_wconf 79' lang='grc' dir='ltr'><strong><em>ζωήν.</em></strong></span> <span class='ocrx_word' id='word_1_308' title='bbox 752 2675 1006 2738; x_wconf 83' lang='grc' dir='ltr'><strong><em>Θάνατον,</em></strong></span> <span class='ocrx_word' id='word_1_309' title='bbox 1040 2691 1099 2724; x_wconf 91' lang='grc' dir='ltr'><strong>ου</strong></span> <span class='ocrx_word' id='word_1_310' title='bbox 1129 2675 1216 2724; x_wconf 84' lang='grc' dir='ltr'><strong><em>τὸν</em></strong></span> <span class='ocrx_word' id='word_1_311' title='bbox 1248 2671 1294 2744; x_wconf 81' lang='grc' dir='ltr'>(ί</span> <span class='ocrx_word' id='word_1_312' title='bbox 1315 2673 1362 2740; x_wconf 91' lang='grc' dir='ltr'><strong>Ι)</strong></span> <span class='ocrx_word' id='word_1_313' title='bbox 1384 2675 1599 2725; x_wconf 82' lang='grc' dir='ltr'><strong><em>ενταύθά</em></strong></span> <span class='ocrx_word' id='word_1_314' title='bbox 1629 2690 1808 2744; x_wconf 64' lang='grc' dir='ltr'><strong><em>φησιν,</em></strong></span> 
     </span>
    </p>
   </div>
   <div class='ocr_carea' id='block_1_47' title="bbox 210 2762 1852 2830">
    <p class='ocr_par' dir='ltr' id='par_1_47' title="bbox 210 2762 1852 2830">
     <span class='ocr_line' id='line_1_47' title="bbox 210 2762 1852 2830; baseline -0.002 -14"><span class='ocrx_word' id='word_1_315' title='bbox 210 2763 340 2816; x_wconf 79' lang='grc' dir='ltr'><strong><em>ἀλλὰ</em></strong></span> <span class='ocrx_word' id='word_1_316' title='bbox 362 2768 448 2816; x_wconf 82' lang='grc' dir='ltr'><strong><em>τὸν</em></strong></span> <span class='ocrx_word' id='word_1_317' title='bbox 468 2762 590 2830; x_wconf 76' lang='grc' dir='ltr'><strong><em>ἐκεῖ,</em></strong></span> <span class='ocrx_word' id='word_1_318' title='bbox 618 2767 859 2816; x_wconf 74' lang='grc' dir='ltr'><strong><em>τουτέστι</em></strong></span> <span class='ocrx_word' id='word_1_319' title='bbox 905 2768 1000 2820; x_wconf 72' lang='grc' dir='ltr'><strong><em>τὴν</em></strong></span> <span class='ocrx_word' id='word_1_320' title='bbox 1039 2762 1257 2814; x_wconf 80' lang='grc' dir='ltr'><strong>κόλασιν</strong></span> <span class='ocrx_word' id='word_1_321' title='bbox 1283 2780 1293 2790; x_wconf 93' lang='grc'><strong>·</strong></span> <span class='ocrx_word' id='word_1_322' title='bbox 1321 2764 1492 2820; x_wconf 82' lang='grc' dir='ltr'><strong><em>ὥσπερ</em></strong></span> <span class='ocrx_word' id='word_1_323' title='bbox 1528 2767 1617 2814; x_wconf 87' lang='grc' dir='ltr'><strong>καὶ</strong></span> <span class='ocrx_word' id='word_1_324' title='bbox 1650 2762 1807 2828; x_wconf 80' lang='grc' dir='ltr'><strong><em>ζωὴν,</em></strong></span> <span class='ocrx_word' id='word_1_325' title='bbox 1841 2786 1852 2806; x_wconf 70' lang='grc' dir='ltr'><strong>ι</strong></span> 
     </span>
    </p>
   </div>
   <div class='ocr_carea' id='block_1_48' title="bbox 205 2851 1813 2924">
    <p class='ocr_par' dir='ltr' id='par_1_48' title="bbox 205 2851 1813 2924">
     <span class='ocr_line' id='line_1_48' title="bbox 205 2851 1813 2924; baseline -0.002 -17"><span class='ocrx_word' id='word_1_326' title='bbox 205 2858 300 2913; x_wconf 79' lang='grc' dir='ltr'><strong><em>τὴν</em></strong></span> <span class='ocrx_word' id='word_1_327' title='bbox 340 2853 628 2906; x_wconf 79' lang='grc' dir='ltr'><strong>ἀπόλαυσιν</strong></span> <span class='ocrx_word' id='word_1_328' title='bbox 657 2858 747 2911; x_wconf 77' lang='grc' dir='ltr'><strong>τὴν</strong></span> <span class='ocrx_word' id='word_1_329' title='bbox 800 2852 919 2907; x_wconf 85' lang='grc' dir='ltr'><strong>έκεί.</strong></span> <span class='ocrx_word' id='word_1_330' title='bbox 953 2851 1191 2912; x_wconf 77' lang='grc' dir='ltr'><strong><em>Μεταϐἁς</em></strong></span> <span class='ocrx_word' id='word_1_331' title='bbox 1227 2855 1328 2924; x_wconf 71' lang='grc' dir='ltr'><strong>γὰρ</strong></span> <span class='ocrx_word' id='word_1_332' title='bbox 1383 2851 1484 2904; x_wconf 81' lang='grc' dir='ltr'><strong>ἀπὸ</strong></span> <span class='ocrx_word' id='word_1_333' title='bbox 1523 2860 1618 2912; x_wconf 88' lang='grc' dir='ltr'><strong>τῆς</strong></span> <span class='ocrx_word' id='word_1_334' title='bbox 1657 2854 1813 2904; x_wconf 79' lang='grc' dir='ltr'><strong><em>ἀπισ-</em></strong></span> 
     </span>
    </p>
   </div>
   <div class='ocr_carea' id='block_1_49' title="bbox 209 2939 1814 3014">
    <p class='ocr_par' dir='ltr' id='par_1_49' title="bbox 209 2939 1814 3014">
     <span class='ocr_line' id='line_1_49' title="bbox 209 2939 1814 3014; baseline -0.002 -19"><span class='ocrx_word' id='word_1_335' title='bbox 209 2947 331 3005; x_wconf 84' lang='grc' dir='ltr'><strong><em>τίας</em></strong></span> <span class='ocrx_word' id='word_1_336' title='bbox 363 2942 436 3004; x_wconf 89' lang='grc' dir='ltr'><strong><em>εἰς</em></strong></span> <span class='ocrx_word' id='word_1_337' title='bbox 481 2948 576 3001; x_wconf 80' lang='grc' dir='ltr'><strong><em>τὴν</em></strong></span> <span class='ocrx_word' id='word_1_338' title='bbox 606 2947 786 2995; x_wconf 84' lang='grc' dir='ltr'><strong><em>πίστιν</em></strong></span> <span class='ocrx_word' id='word_1_339' title='bbox 839 2940 1158 3014; x_wconf 79' lang='grc' dir='ltr'><strong><em>μεταϐέϐηκε</em></strong></span> <span class='ocrx_word' id='word_1_340' title='bbox 1206 2940 1384 2992; x_wconf 86' lang='grc' dir='ltr'><strong><em>λοιπὸν</em></strong></span> <span class='ocrx_word' id='word_1_341' title='bbox 1440 2946 1530 2994; x_wconf 84' lang='grc' dir='ltr'><strong>καὶ</strong></span> <span class='ocrx_word' id='word_1_342' title='bbox 1584 2939 1684 2992; x_wconf 77' lang='grc' dir='ltr'><strong>ἀπὸ</strong></span> <span class='ocrx_word' id='word_1_343' title='bbox 1719 2949 1814 3001; x_wconf 83' lang='grc' dir='ltr'><strong><em>τῆς</em></strong></span> 
     </span>
    </p>
   </div>
   <div class='ocr_carea' id='block_1_50' title="bbox 211 3029 1814 3093">
    <p class='ocr_par' dir='ltr' id='par_1_50' title="bbox 211 3029 1814 3093">
     <span class='ocr_line' id='line_1_50' title="bbox 211 3029 1814 3093; baseline -0.002 -9"><span class='ocrx_word' id='word_1_344' title='bbox 211 3031 472 3093; x_wconf 72' lang='grc' dir='ltr'><strong><em>κολάσεως</em></strong></span> <span class='ocrx_word' id='word_1_345' title='bbox 501 3040 602 3084; x_wconf 88' lang='grc' dir='ltr'><strong><em>τῶν</em></strong></span> <span class='ocrx_word' id='word_1_346' title='bbox 633 3029 867 3083; x_wconf 79' lang='grc' dir='ltr'><strong><em>ἀπίστων</em></strong></span> <span class='ocrx_word' id='word_1_347' title='bbox 926 3033 1011 3082; x_wconf 74' lang='grc' dir='ltr'><strong>ἐπὶ</strong></span> <span class='ocrx_word' id='word_1_348' title='bbox 1050 3034 1143 3088; x_wconf 77' lang='grc' dir='ltr'><strong><em>τὴν</em></strong></span> <span class='ocrx_word' id='word_1_349' title='bbox 1201 3030 1491 3082; x_wconf 75' lang='grc' dir='ltr'><strong><em>ἀπόλαυσιν</em></strong></span> <span class='ocrx_word' id='word_1_350' title='bbox 1547 3038 1646 3082; x_wconf 84' lang='grc' dir='ltr'><strong><em>τῶν</em></strong></span> <span class='ocrx_word' id='word_1_351' title='bbox 1694 3048 1814 3082; x_wconf 77' lang='grc' dir='ltr'><strong><em>πισο</em></strong></span> 
     </span>
    </p>
   </div>
   <div class='ocr_carea' id='block_1_51' title="bbox 211 3129 332 3173">
    <p class='ocr_par' dir='ltr' id='par_1_51' title="bbox 211 3129 332 3173">
     <span class='ocr_line' id='line_1_51' title="bbox 211 3129 332 3173; baseline -0.017 0"><span class='ocrx_word' id='word_1_352' title='bbox 211 3129 332 3173; x_wconf 85' lang='grc' dir='ltr'><strong><em>τῶν.</em></strong></span> 
     </span>
    </p>
   </div>
   <div class='ocr_carea' id='block_1_52' title="bbox 285 3205 1815 3282">
    <p class='ocr_par' dir='ltr' id='par_1_52' title="bbox 285 3205 1815 3282">
     <span class='ocr_line' id='line_1_52' title="bbox 285 3205 1815 3282; baseline -0.005 -18"><span class='ocrx_word' id='word_1_353' title='bbox 285 3210 453 3281; x_wconf 78' lang='grc' dir='ltr'><strong>Ἀμὴν</strong></span> <span class='ocrx_word' id='word_1_354' title='bbox 485 3240 553 3249; x_wconf 89' lang='grc'><strong><em>-</em></strong></span> <span class='ocrx_word' id='word_1_355' title='bbox 607 3209 879 3269; x_wconf 77' lang='grc' dir='ltr'><strong><em>ζήσοντοιιο</em></strong></span> <span class='ocrx_word' id='word_1_356' title='bbox 916 3207 1082 3260; x_wconf 85' lang='grc' dir='ltr'><strong><em>Εἰπὼν</em></strong></span> <span class='ocrx_word' id='word_1_357' title='bbox 1129 3207 1384 3282; x_wconf 76' lang='grc' dir='ltr'><strong><em>ἀνωτέρω,</em></strong></span> <span class='ocrx_word' id='word_1_358' title='bbox 1435 3209 1512 3259; x_wconf 84' lang='grc' dir='ltr'><strong><em>ὅτι</em></strong></span> <span class='ocrx_word' id='word_1_359' title='bbox 1548 3205 1748 3278; x_wconf 79' lang='grc' dir='ltr'><strong><em>Ὠσπερ</em></strong></span> <span class='ocrx_word' id='word_1_360' title='bbox 1789 3205 1815 3256; x_wconf 85' lang='grc' dir='ltr'><strong><em>ὁ</em></strong></span> 
     </span>
    </p>
   </div>
   <div class='ocr_carea' id='block_1_53' title="bbox 211 3294 1815 3372">
    <p class='ocr_par' dir='ltr' id='par_1_53' title="bbox 211 3294 1815 3372">
     <span class='ocr_line' id='line_1_53' title="bbox 211 3294 1815 3372; baseline -0.002 -22"><span class='ocrx_word' id='word_1_361' title='bbox 211 3302 396 3372; x_wconf 68' lang='grc' dir='ltr'><strong><em>Πατήρ</em></strong></span> <span class='ocrx_word' id='word_1_362' title='bbox 429 3301 614 3371; x_wconf 75' lang='grc' dir='ltr'><strong><em>ἐγείρει</em></strong></span> <span class='ocrx_word' id='word_1_363' title='bbox 662 3301 778 3356; x_wconf 86' lang='grc' dir='ltr'><strong><em>τούς</em></strong></span> <span class='ocrx_word' id='word_1_364' title='bbox 825 3300 1031 3369; x_wconf 85' lang='grc' dir='ltr'><strong><em>νεκρούς</em></strong></span> <span class='ocrx_word' id='word_1_365' title='bbox 1083 3301 1174 3348; x_wconf 82' lang='grc' dir='ltr'><strong>καὶ</strong></span> <span class='ocrx_word' id='word_1_366' title='bbox 1196 3296 1456 3365; x_wconf 77' lang='grc' dir='ltr'><strong><em>ζωοποιεῖ,</em></strong></span> <span class='ocrx_word' id='word_1_367' title='bbox 1509 3295 1644 3348; x_wconf 76' lang='grc' dir='ltr'><strong><em>οὕτω</em></strong></span> <span class='ocrx_word' id='word_1_368' title='bbox 1674 3299 1764 3346; x_wconf 82' lang='grc' dir='ltr'><strong>καὶ</strong></span> <span class='ocrx_word' id='word_1_369' title='bbox 1789 3294 1815 3346; x_wconf 85' lang='grc' dir='ltr'><strong><em>ὀ</em></strong></span> 
     </span>
    </p>
   </div>
   <div class='ocr_carea' id='block_1_54' title="bbox 218 3383 1812 3457">
    <p class='ocr_par' dir='ltr' id='par_1_54' title="bbox 218 3383 1812 3457">
     <span class='ocr_line' id='line_1_54' title="bbox 218 3383 1812 3457; baseline -0.001 -18"><span class='ocrx_word' id='word_1_370' title='bbox 218 3389 342 3448; x_wconf 82' lang='grc' dir='ltr'><strong>Υἱὸς</strong></span> <span class='ocrx_word' id='word_1_371' title='bbox 371 3385 460 3446; x_wconf 82' lang='grc' dir='ltr'><strong><em>οὒς</em></strong></span> <span class='ocrx_word' id='word_1_372' title='bbox 485 3385 614 3438; x_wconf 64' lang='grc' dir='ltr'><strong><em>θέλει</em></strong></span> <span class='ocrx_word' id='word_1_373' title='bbox 649 3389 890 3448; x_wconf 86' lang='grc' dir='ltr'><strong><em>ζωοποιεῖ</em></strong></span> <span class='ocrx_word' id='word_1_374' title='bbox 923 3403 934 3414; x_wconf 87' lang='grc'><strong>·</strong></span> <span class='ocrx_word' id='word_1_375' title='bbox 971 3386 1052 3436; x_wconf 85' lang='grc' dir='ltr'><strong>ἵνα</strong></span> <span class='ocrx_word' id='word_1_376' title='bbox 1094 3390 1166 3457; x_wconf 79' lang='grc' dir='ltr'><em>μὴ</em></span> <span class='ocrx_word' id='word_1_377' title='bbox 1203 3383 1330 3456; x_wconf 72' lang='grc' dir='ltr'><strong>δόξῃ</strong></span> <span class='ocrx_word' id='word_1_378' title='bbox 1364 3385 1651 3457; x_wconf 77' lang='grc' dir='ltr'><strong><em>κομπάζειν</em></strong></span> <span class='ocrx_word' id='word_1_379' title='bbox 1679 3384 1812 3456; x_wconf 78' lang='grc'><strong>(12),</strong></span> 
     </span>
    </p>
   </div>
   <div class='ocr_carea' id='block_1_55' title="bbox 214 3474 1814 3548">
    <p class='ocr_par' dir='ltr' id='par_1_55' title="bbox 214 3474 1814 3548">
     <span class='ocr_line' id='line_1_55' title="bbox 214 3474 1814 3548; baseline -0.003 -20"><span class='ocrx_word' id='word_1_380' title='bbox 214 3474 583 3547; x_wconf 66' lang='grc' dir='ltr'><strong><em>ἐπαγγέλλεται</em></strong></span> <span class='ocrx_word' id='word_1_381' title='bbox 616 3482 704 3526; x_wconf 78' lang='grc' dir='ltr'><strong>νῦν</strong></span> <span class='ocrx_word' id='word_1_382' title='bbox 729 3474 824 3526; x_wconf 74' lang='grc' dir='ltr'><strong>οὐκ</strong></span> <span class='ocrx_word' id='word_1_383' title='bbox 865 3474 936 3536; x_wconf 85' lang='grc' dir='ltr'><strong><em>εἰς</em></strong></span> <span class='ocrx_word' id='word_1_384' title='bbox 990 3494 1196 3548; x_wconf 73' lang='grc' dir='ltr'><strong><em>μακράν</em></strong></span> <span class='ocrx_word' id='word_1_385' title='bbox 1248 3475 1577 3534; x_wconf 81' lang='grc' dir='ltr'><strong><em>ζωοποιῆσαι</em></strong></span> <span class='ocrx_word' id='word_1_386' title='bbox 1607 3477 1814 3546; x_wconf 81' lang='grc' dir='ltr'><strong><em>νεκρούς</em></strong></span> 
     </span>
    </p>
   </div>
   <div class='ocr_carea' id='block_1_56' title="bbox 214 3562 1815 3638">
    <p class='ocr_par' dir='ltr' id='par_1_56' title="bbox 214 3562 1815 3638">
     <span class='ocr_line' id='line_1_56' title="bbox 214 3562 1815 3638; baseline -0.002 -21"><span class='ocrx_word' id='word_1_387' title='bbox 214 3567 413 3617; x_wconf 84' lang='grc' dir='ltr'><strong>καὶτὸν</strong></span> <span class='ocrx_word' id='word_1_388' title='bbox 433 3564 582 3635; x_wconf 77' lang='grc' dir='ltr'><strong><em>λόγον</em></strong></span> <span class='ocrx_word' id='word_1_389' title='bbox 621 3565 750 3638; x_wconf 74' lang='grc' dir='ltr'><strong><em>ἔργῳ</em></strong></span> <span class='ocrx_word' id='word_1_390' title='bbox 781 3565 1173 3618; x_wconf 81' lang='grc' dir='ltr'><strong><em>πιστώσασθαι.</em></strong></span> <span class='ocrx_word' id='word_1_391' title='bbox 1209 3569 1310 3617; x_wconf 77' lang='grc' dir='ltr'><strong>Καὶ</strong></span> <span class='ocrx_word' id='word_1_392' title='bbox 1340 3562 1423 3616; x_wconf 70' lang='grc' dir='ltr'><strong>ἐπὶ</strong></span> <span class='ocrx_word' id='word_1_393' title='bbox 1443 3571 1534 3624; x_wconf 79' lang='grc' dir='ltr'><strong><em>τῆς</em></strong></span> <span class='ocrx_word' id='word_1_394' title='bbox 1563 3567 1815 3638; x_wconf 76' lang='grc' dir='ltr'><strong>Σαμαρεί-</strong></span> 
     </span>
    </p>
   </div>
   <div class='ocr_carea' id='block_1_57' title="bbox 214 3649 1815 3727">
    <p class='ocr_par' dir='ltr' id='par_1_57' title="bbox 214 3649 1815 3727">
     <span class='ocr_line' id='line_1_57' title="bbox 214 3649 1815 3727; baseline 0 -22"><span class='ocrx_word' id='word_1_395' title='bbox 214 3649 362 3715; x_wconf 87' lang='grc' dir='ltr'><strong><em>τιδος</em></strong></span> <span class='ocrx_word' id='word_1_396' title='bbox 381 3649 439 3705; x_wconf 74' lang='grc' dir='ltr'><strong><em>δε</em></strong></span> <span class='ocrx_word' id='word_1_397' title='bbox 469 3655 660 3725; x_wconf 58' lang='grc' dir='ltr'><strong><em>ὁμοίως</em></strong></span> <span class='ocrx_word' id='word_1_398' title='bbox 685 3652 924 3726; x_wconf 70' lang='grc' dir='ltr'><strong>εἰρηκὼς,</strong></span> <span class='ocrx_word' id='word_1_399' title='bbox 946 3653 1024 3705; x_wconf 86' lang='grc' dir='ltr'><strong>ὅτι</strong></span> <span class='ocrx_word' id='word_1_400' title='bbox 1052 3650 1306 3727; x_wconf 75' lang='grc' dir='ltr'><strong><em>Ἔρχεται</em></strong></span> <span class='ocrx_word' id='word_1_401' title='bbox 1345 3655 1474 3726; x_wconf 85' lang='grc' dir='ltr'><strong><em>ὧροι,</em></strong></span> <span class='ocrx_word' id='word_1_402' title='bbox 1497 3654 1815 3725; x_wconf 77' lang='grc' dir='ltr'><strong><em>προσέθηκεν</em></strong></span> 
     </span>
    </p>
   </div>
   <div class='ocr_carea' id='block_1_58' title="bbox 215 3739 1813 3816">
    <p class='ocr_par' dir='ltr' id='par_1_58' title="bbox 215 3739 1813 3816">
     <span class='ocr_line' id='line_1_58' title="bbox 215 3739 1813 3816; baseline -0.001 -22"><span class='ocrx_word' id='word_1_403' title='bbox 215 3744 297 3795; x_wconf 84' lang='grc' dir='ltr'><strong><em>ὅτι</em></strong></span> <span class='ocrx_word' id='word_1_404' title='bbox 355 3746 455 3795; x_wconf 76' lang='grc' dir='ltr'><strong>Καὶ</strong></span> <span class='ocrx_word' id='word_1_405' title='bbox 501 3749 589 3794; x_wconf 82' lang='grc' dir='ltr'><strong><em>νῦν</em></strong></span> <span class='ocrx_word' id='word_1_406' title='bbox 634 3744 765 3798; x_wconf 79' lang='grc' dir='ltr'><strong><em>ἑστι.</em></strong></span> <span class='ocrx_word' id='word_1_407' title='bbox 820 3747 921 3795; x_wconf 78' lang='grc' dir='ltr'><strong>Καὶ</strong></span> <span class='ocrx_word' id='word_1_408' title='bbox 979 3741 1091 3814; x_wconf 79' lang='lat' dir='ltr'><strong>(t3)</strong></span> <span class='ocrx_word' id='word_1_409' title='bbox 1155 3741 1430 3816; x_wconf 76' lang='grc' dir='ltr'><strong><em>εἰρήκαμεν</em></strong></span> <span class='ocrx_word' id='word_1_410' title='bbox 1461 3739 1562 3794; x_wconf 72' lang='grc' dir='ltr'><strong>ἐκεῖ</strong></span> <span class='ocrx_word' id='word_1_411' title='bbox 1603 3745 1696 3800; x_wconf 77' lang='grc' dir='ltr'><strong><em>τὴν</em></strong></span> <span class='ocrx_word' id='word_1_412' title='bbox 1736 3741 1813 3793; x_wconf 83' lang='grc' dir='ltr'><strong>αἰ-</strong></span> 
     </span>
    </p>
   </div>
   <div class='ocr_carea' id='block_1_59' title="bbox 215 3851 352 3887">
    <p class='ocr_par' dir='ltr' id='par_1_59' title="bbox 215 3851 352 3887">
     <span class='ocr_line' id='line_1_59' title="bbox 215 3851 352 3887; baseline 0.022 -3"><span class='ocrx_word' id='word_1_413' title='bbox 215 3851 352 3887; x_wconf 80' lang='grc' dir='ltr'><strong><em>τισιν.</em></strong></span> 
     </span>
    </p>
   </div>
   <div class='ocr_carea' id='block_1_60' title="bbox 290 4005 1812 4083">
    <p class='ocr_par' dir='ltr' id='par_1_60' title="bbox 290 4005 1812 4083">
     <span class='ocr_line' id='line_1_60' title="bbox 290 4005 1812 4083; baseline -0.001 -22"><span class='ocrx_word' id='word_1_414' title='bbox 290 4011 355 4061; x_wconf 83' lang='grc' dir='ltr'><strong>Οἱ</strong></span> <span class='ocrx_word' id='word_1_415' title='bbox 383 4027 553 4083; x_wconf 88' lang='grc' dir='ltr'><strong><em>νεκροι</em></strong></span> <span class='ocrx_word' id='word_1_416' title='bbox 617 4005 677 4061; x_wconf 76' lang='grc' dir='ltr'><strong><em>δε</em></strong></span> <span class='ocrx_word' id='word_1_417' title='bbox 730 4010 1047 4061; x_wconf 85' lang='grc' dir='ltr'><strong><em>ακούσοντοιι</em></strong></span> <span class='ocrx_word' id='word_1_418' title='bbox 1092 4017 1190 4071; x_wconf 80' lang='grc' dir='ltr'><strong><em>τῆς</em></strong></span> <span class='ocrx_word' id='word_1_419' title='bbox 1219 4017 1390 4081; x_wconf 78' lang='grc' dir='ltr'><strong><em>φωνῆς</em></strong></span> <span class='ocrx_word' id='word_1_420' title='bbox 1428 4007 1609 4076; x_wconf 74' lang='grc' dir='ltr'><strong>αὐτοῦ,</strong></span> <span class='ocrx_word' id='word_1_421' title='bbox 1662 4016 1812 4075; x_wconf 84' lang='grc' dir='ltr'><strong><em>πῶς;</em></strong></span> 
     </span>
    </p>
   </div>
   <div class='ocr_carea' id='block_1_61' title="bbox 217 4096 1815 4172">
    <p class='ocr_par' dir='ltr' id='par_1_61' title="bbox 217 4096 1815 4172">
     <span class='ocr_line' id='line_1_61' title="bbox 217 4096 1815 4172; baseline -0.003 -19"><span class='ocrx_word' id='word_1_422' title='bbox 217 4097 362 4172; x_wconf 81' lang='grc' dir='ltr'><strong><em>Ἀμοι</em></strong></span> <span class='ocrx_word' id='word_1_423' title='bbox 421 4107 492 4169; x_wconf 80' lang='grc' dir='ltr'><strong><em>τῷ</em></strong></span> <span class='ocrx_word' id='word_1_424' title='bbox 534 4097 750 4156; x_wconf 80' lang='grc' dir='ltr'><strong><em>θελῆσαι</em></strong></span> <span class='ocrx_word' id='word_1_425' title='bbox 805 4097 980 4163; x_wconf 78' lang='grc' dir='ltr'><strong>αὐτὸν,</strong></span> <span class='ocrx_word' id='word_1_426' title='bbox 1040 4107 1136 4160; x_wconf 85' lang='grc' dir='ltr'><strong>τῆς</strong></span> <span class='ocrx_word' id='word_1_427' title='bbox 1190 4100 1414 4150; x_wconf 82' lang='grc' dir='ltr'><strong><em>ἓκάστου</em></strong></span> <span class='ocrx_word' id='word_1_428' title='bbox 1459 4097 1648 4168; x_wconf 74' lang='grc' dir='ltr'><strong><em>ψυχῆς</em></strong></span> <span class='ocrx_word' id='word_1_429' title='bbox 1704 4096 1815 4149; x_wconf 76' lang='grc' dir='ltr'><strong><em>ἐπι-</em></strong></span> 
     </span>
    </p>
   </div>
   <div class='ocr_carea' id='block_1_62' title="bbox 220 4183 1819 4261">
    <p class='ocr_par' dir='ltr' id='par_1_62' title="bbox 220 4183 1819 4261">
     <span class='ocr_line' id='line_1_62' title="bbox 220 4183 1819 4261; baseline -0.001 -20"><span class='ocrx_word' id='word_1_430' title='bbox 220 4193 542 4261; x_wconf 72' lang='grc' dir='ltr'><strong><em>στραφείσης</em></strong></span> <span class='ocrx_word' id='word_1_431' title='bbox 591 4187 660 4249; x_wconf 83' lang='grc' dir='ltr'><strong><em>εἰς</em></strong></span> <span class='ocrx_word' id='word_1_432' title='bbox 715 4190 772 4240; x_wconf 82' lang='grc' dir='ltr'><strong><em>τὸ</em></strong></span> <span class='ocrx_word' id='word_1_433' title='bbox 811 4183 950 4240; x_wconf 80' lang='grc' dir='ltr'><strong><em>ἴδιον</em></strong></span> <span class='ocrx_word' id='word_1_434' title='bbox 1010 4195 1181 4260; x_wconf 80' lang='grc' dir='ltr'><strong><em>σῶμα.</em></strong></span> <span class='ocrx_word' id='word_1_435' title='bbox 1264 4193 1354 4239; x_wconf 85' lang='grc' dir='ltr'><strong>καὶ</strong></span> <span class='ocrx_word' id='word_1_436' title='bbox 1405 4189 1454 4239; x_wconf 85' lang='grc' dir='ltr'><strong>οἱ</strong></span> <span class='ocrx_word' id='word_1_437' title='bbox 1503 4185 1819 4248; x_wconf 78' lang='grc' dir='ltr'><strong><em>ἀκούσαντες</em></strong></span> 
     </span>
    </p>
   </div>
   <div class='ocr_carea' id='block_1_63' title="bbox 217 4275 1814 4352">
    <p class='ocr_par' dir='ltr' id='par_1_63' title="bbox 217 4275 1814 4352">
     <span class='ocr_line' id='line_1_63' title="bbox 217 4275 1814 4352; baseline -0.001 -22"><span class='ocrx_word' id='word_1_438' title='bbox 217 4282 388 4352; x_wconf 80' lang='grc' dir='ltr'><strong><em>νεκροὶ</em></strong></span> <span class='ocrx_word' id='word_1_439' title='bbox 457 4277 712 4338; x_wconf 77' lang='grc' dir='ltr'><strong><em>ζήσοντοιι</em></strong></span> <span class='ocrx_word' id='word_1_440' title='bbox 781 4277 934 4328; x_wconf 85' lang='grc' dir='ltr'><strong><em>πάλιν</em></strong></span> <span class='ocrx_word' id='word_1_441' title='bbox 1008 4281 1102 4335; x_wconf 76' lang='grc' dir='ltr'><strong><em>τὴν</em></strong></span> <span class='ocrx_word' id='word_1_442' title='bbox 1173 4275 1222 4328; x_wconf 79' lang='grc' dir='ltr'><strong>ἐν</strong></span> <span class='ocrx_word' id='word_1_443' title='bbox 1301 4283 1373 4346; x_wconf 85' lang='grc' dir='ltr'><strong>τῷ</strong></span> <span class='ocrx_word' id='word_1_444' title='bbox 1431 4280 1613 4348; x_wconf 81' lang='grc' dir='ltr'><strong><em>κόσμῳ</em></strong></span> <span class='ocrx_word' id='word_1_445' title='bbox 1661 4276 1814 4336; x_wconf 81' lang='grc' dir='ltr'><strong><em>ζωήν.</em></strong></span> 
     </span>
    </p>
   </div>
   <div class='ocr_carea' id='block_1_64' title="bbox 215 4361 1819 4440">
    <p class='ocr_par' dir='ltr' id='par_1_64' title="bbox 215 4361 1819 4440">
     <span class='ocr_line' id='line_1_64' title="bbox 215 4361 1819 4440; baseline -0.002 -21"><span class='ocrx_word' id='word_1_446' title='bbox 215 4365 417 4437; x_wconf 74' lang='grc' dir='ltr'><strong>’Υψηλά</strong></span> <span class='ocrx_word' id='word_1_447' title='bbox 445 4361 534 4418; x_wconf 80' lang='grc' dir='ltr'><strong>οὖν</strong></span> <span class='ocrx_word' id='word_1_448' title='bbox 581 4365 798 4440; x_wconf 73' lang='grc' dir='ltr'><strong><em>εἰρηκὼς</em></strong></span> <span class='ocrx_word' id='word_1_449' title='bbox 844 4366 1084 4434; x_wconf 73' lang='grc' dir='ltr'><strong>ἐνταῦθα,</strong></span> <span class='ocrx_word' id='word_1_450' title='bbox 1115 4374 1184 4436; x_wconf 84' lang='grc' dir='ltr'><strong><em>τῷ</em></strong></span> <span class='ocrx_word' id='word_1_451' title='bbox 1222 4365 1442 4418; x_wconf 83' lang='grc' dir='ltr'><strong><em>καλέσαι</em></strong></span> <span class='ocrx_word' id='word_1_452' title='bbox 1493 4363 1671 4417; x_wconf 80' lang='grc' dir='ltr'><strong><em>έαύτὸν</em></strong></span> <span class='ocrx_word' id='word_1_453' title='bbox 1702 4367 1819 4418; x_wconf 85' lang='grc' dir='ltr'><strong>Υἱὸν</strong></span> 
     </span>
    </p>
   </div>
   <div class='ocr_carea' id='block_1_65' title="bbox 1915 1863 2476 1936">
    <p class='ocr_par' dir='ltr' id='par_1_65' title="bbox 1915 1863 2476 1936">
     <span class='ocr_line' id='line_1_65' title="bbox 1915 1863 2476 1936; baseline -0.005 -16"><span class='ocrx_word' id='word_1_454' title='bbox 1915 1864 2111 1920; x_wconf 84' lang='lat' dir='ltr'><strong>dicere</strong></span> <span class='ocrx_word' id='word_1_455' title='bbox 2131 1863 2476 1936; x_wconf 89' lang='lat' dir='ltr'><strong>humiliter).</strong></span> 
     </span>
    </p>
   </div>
   <div class='ocr_carea' id='block_1_66' title="bbox 1989 1955 3565 2039">
    <p class='ocr_par' dir='ltr' id='par_1_66' title="bbox 1989 1955 3565 2039">
     <span class='ocr_line' id='line_1_66' title="bbox 1989 1955 3565 2039; baseline 0.007 -31"><span class='ocrx_word' id='word_1_456' title='bbox 1989 1955 2145 2010; x_wconf 87' lang='lat' dir='ltr'><strong>Vers.</strong></span> <span class='ocrx_word' id='word_1_457' title='bbox 2178 1958 2266 2008; x_wconf 61' lang='lat'><strong>25.</strong></span> <span class='ocrx_word' id='word_1_458' title='bbox 2307 1955 2383 2008; x_wconf 81' lang='lat' dir='ltr'><strong>Et</strong></span> <span class='ocrx_word' id='word_1_459' title='bbox 2417 1986 2478 1996; x_wconf 93' lang='lat'><strong>-</strong></span> <span class='ocrx_word' id='word_1_460' title='bbox 2521 1958 2707 2013; x_wconf 82' lang='lat' dir='ltr'><strong>veniet</strong></span> <span class='ocrx_word' id='word_1_461' title='bbox 2760 1957 2873 2039; x_wconf 55' lang='grc' dir='ltr'><strong>ς-Η-</strong></span> <span class='ocrx_word' id='word_1_462' title='bbox 2906 1962 2966 2014; x_wconf 81' lang='grc' dir='ltr'><strong>ιιι</strong></span> <span class='ocrx_word' id='word_1_463' title='bbox 2997 1959 3565 2018; x_wconf 77' lang='lat' dir='ltr'><strong>condemnationem</strong></span> 
     </span>
    </p>
   </div>
   <div class='ocr_carea' id='block_1_67' title="bbox 1917 2043 3570 2121">
    <p class='ocr_par' dir='ltr' id='par_1_67' title="bbox 1917 2043 3570 2121">
     <span class='ocr_line' id='line_1_67' title="bbox 1917 2043 3570 2121; baseline 0.007 -24"><span class='ocrx_word' id='word_1_464' title='bbox 1917 2058 2123 2115; x_wconf 73' lang='lat' dir='ltr'><strong>pmnie.</strong></span> <span class='ocrx_word' id='word_1_465' title='bbox 2145 2044 2253 2108; x_wconf 91' lang='lat' dir='ltr'><strong>Qui</strong></span> <span class='ocrx_word' id='word_1_466' title='bbox 2279 2043 2436 2098; x_wconf 90' lang='lat' dir='ltr'><strong>enim</strong></span> <span class='ocrx_word' id='word_1_467' title='bbox 2461 2044 2646 2101; x_wconf 91' lang='lat' dir='ltr'><strong>credit</strong></span> <span class='ocrx_word' id='word_1_468' title='bbox 2675 2048 2935 2103; x_wconf 88' lang='lat' dir='ltr'><strong>sermoni</strong></span> <span class='ocrx_word' id='word_1_469' title='bbox 2968 2049 3118 2120; x_wconf 86' lang='lat' dir='ltr'><strong>ejus,</strong></span> <span class='ocrx_word' id='word_1_470' title='bbox 3148 2049 3408 2121; x_wconf 85' lang='lat' dir='ltr'><strong>profecto</strong></span> <span class='ocrx_word' id='word_1_471' title='bbox 3433 2067 3570 2108; x_wconf 88' lang='lat' dir='ltr'><strong>eum</strong></span> 
     </span>
    </p>
   </div>
   <div class='ocr_carea' id='block_1_68' title="bbox 1919 2132 3572 2212">
    <p class='ocr_par' dir='ltr' id='par_1_68' title="bbox 1919 2132 3572 2212">
     <span class='ocr_line' id='line_1_68' title="bbox 1919 2132 3572 2212; baseline 0.004 -23"><span class='ocrx_word' id='word_1_472' title='bbox 1919 2135 2096 2189; x_wconf 76' lang='lat' dir='ltr'><strong>etiam</strong></span> <span class='ocrx_word' id='word_1_473' title='bbox 2130 2132 2494 2190; x_wconf 87' lang='lat' dir='ltr'><strong>observabit.</strong></span> <span class='ocrx_word' id='word_1_474' title='bbox 2544 2133 2916 2208; x_wconf 83' lang='lat' dir='ltr'><strong>Relinquitur</strong></span> <span class='ocrx_word' id='word_1_475' title='bbox 2967 2153 3129 2210; x_wconf 81' lang='lat' dir='ltr'><strong>ergo,</strong></span> <span class='ocrx_word' id='word_1_476' title='bbox 3175 2144 3236 2195; x_wconf 91' lang='lat' dir='ltr'><strong>ut</strong></span> <span class='ocrx_word' id='word_1_477' title='bbox 3295 2140 3398 2212; x_wconf 91' lang='lat' dir='ltr'><strong>qui</strong></span> <span class='ocrx_word' id='word_1_478' title='bbox 3438 2156 3572 2196; x_wconf 90' lang='lat' dir='ltr'><strong>eum</strong></span> 
     </span>
    </p>
   </div>
   <div class='ocr_carea' id='block_1_69' title="bbox 1919 2221 3573 2300">
    <p class='ocr_par' dir='ltr' id='par_1_69' title="bbox 1919 2221 3573 2300">
     <span class='ocr_line' id='line_1_69' title="bbox 1919 2221 3573 2300; baseline 0.005 -22"><span class='ocrx_word' id='word_1_479' title='bbox 1919 2237 2040 2278; x_wconf 94' lang='lat' dir='ltr'><strong>non</strong></span> <span class='ocrx_word' id='word_1_480' title='bbox 2072 2221 2365 2288; x_wconf 86' lang='lat' dir='ltr'><strong>observet,</strong></span> <span class='ocrx_word' id='word_1_481' title='bbox 2400 2222 2452 2278; x_wconf 93' lang='lat' dir='ltr'><strong>ei</strong></span> <span class='ocrx_word' id='word_1_482' title='bbox 2485 2238 2592 2278; x_wconf 89' lang='lat' dir='ltr'><strong>nec</strong></span> <span class='ocrx_word' id='word_1_483' title='bbox 2632 2225 2852 2281; x_wconf 88' lang='lat' dir='ltr'><strong>credat.</strong></span> <span class='ocrx_word' id='word_1_484' title='bbox 2882 2225 3407 2285; x_wconf 86' lang='lat' dir='ltr'><strong>Perhorrescamus</strong></span> <span class='ocrx_word' id='word_1_485' title='bbox 3431 2245 3573 2300; x_wconf 79' lang='lat' dir='ltr'><strong>ergo</strong></span> 
     </span>
    </p>
   </div>
   <div class='ocr_carea' id='block_1_70' title="bbox 1920 2312 3573 2385">
    <p class='ocr_par' dir='ltr' id='par_1_70' title="bbox 1920 2312 3573 2385">
     <span class='ocr_line' id='line_1_70' title="bbox 1920 2312 3573 2385; baseline 0.004 -17"><span class='ocrx_word' id='word_1_486' title='bbox 1920 2327 2054 2377; x_wconf 90' lang='lat' dir='ltr'><strong>nos,</strong></span> <span class='ocrx_word' id='word_1_487' title='bbox 2083 2312 2184 2384; x_wconf 89' lang='lat' dir='ltr'><strong>qui</strong></span> <span class='ocrx_word' id='word_1_488' title='bbox 2217 2317 2519 2385; x_wconf 74' lang='lat' dir='ltr'><strong>praecepta</strong></span> <span class='ocrx_word' id='word_1_489' title='bbox 2550 2313 2648 2368; x_wconf 89' lang='lat' dir='ltr'><strong>Dei</strong></span> <span class='ocrx_word' id='word_1_490' title='bbox 2675 2330 2796 2370; x_wconf 94' lang='lat' dir='ltr'><strong>non</strong></span> <span class='ocrx_word' id='word_1_491' title='bbox 2839 2331 3171 2374; x_wconf 84' lang='lat' dir='ltr'><strong>servamus.</strong></span> <span class='ocrx_word' id='word_1_492' title='bbox 3198 2317 3346 2374; x_wconf 87' lang='lat' dir='ltr'><strong>Cum</strong></span> <span class='ocrx_word' id='word_1_493' title='bbox 3369 2318 3573 2376; x_wconf 83' lang='lat' dir='ltr'><strong>infide-</strong></span> 
     </span>
    </p>
   </div>
   <div class='ocr_carea' id='block_1_71' title="bbox 1919 2401 3574 2471">
    <p class='ocr_par' dir='ltr' id='par_1_71' title="bbox 1919 2401 3574 2471">
     <span class='ocr_line' id='line_1_71' title="bbox 1919 2401 3574 2471; baseline 0.005 -14"><span class='ocrx_word' id='word_1_494' title='bbox 1919 2401 2076 2457; x_wconf 90' lang='lat' dir='ltr'><strong>libus</strong></span> <span class='ocrx_word' id='word_1_495' title='bbox 2115 2401 2272 2456; x_wconf 88' lang='lat' dir='ltr'><strong>enim</strong></span> <span class='ocrx_word' id='word_1_496' title='bbox 2313 2401 2750 2460; x_wconf 88' lang='lat' dir='ltr'><strong>collocabimur.</strong></span> <span class='ocrx_word' id='word_1_497' title='bbox 2793 2406 3000 2471; x_wconf 72' lang='lat' dir='ltr'><strong>Qumre</strong></span> <span class='ocrx_word' id='word_1_498' title='bbox 3031 2423 3165 2464; x_wconf 89' lang='lat' dir='ltr'><strong>vero</strong></span> <span class='ocrx_word' id='word_1_499' title='bbox 3197 2409 3375 2464; x_wconf 91' lang='lat' dir='ltr'><strong>etiam</strong></span> <span class='ocrx_word' id='word_1_500' title='bbox 3406 2415 3574 2466; x_wconf 84' lang='lat' dir='ltr'><strong>tertio</strong></span> 
     </span>
    </p>
   </div>
   <div class='ocr_carea' id='block_1_72' title="bbox 1921 2489 3574 2570">
    <p class='ocr_par' dir='ltr' id='par_1_72' title="bbox 1921 2489 3574 2570">
     <span class='ocr_line' id='line_1_72' title="bbox 1921 2489 3574 2570; baseline 0.007 -26"><span class='ocrx_word' id='word_1_501' title='bbox 1921 2491 2113 2563; x_wconf 88' lang='lat' dir='ltr'><strong>capite</strong></span> <span class='ocrx_word' id='word_1_502' title='bbox 2163 2489 2323 2546; x_wconf 92' lang='lat' dir='ltr'><strong>istud</strong></span> <span class='ocrx_word' id='word_1_503' title='bbox 2392 2507 2406 2546; x_wconf 74' lang='grc' dir='ltr'>ε</span> <span class='ocrx_word' id='word_1_504' title='bbox 2464 2491 2576 2556; x_wconf 85' lang='lat' dir='ltr'><strong>Qui</strong></span> <span class='ocrx_word' id='word_1_505' title='bbox 2641 2493 2703 2548; x_wconf 78' lang='lat' dir='ltr'><strong>in</strong></span> <span class='ocrx_word' id='word_1_506' title='bbox 2762 2509 2891 2551; x_wconf 89' lang='lat' dir='ltr'><strong>eum</strong></span> <span class='ocrx_word' id='word_1_507' title='bbox 2964 2496 3173 2562; x_wconf 80' lang='lat' dir='ltr'><strong>credit,</strong></span> <span class='ocrx_word' id='word_1_508' title='bbox 3239 2514 3358 2554; x_wconf 87' lang='lat' dir='ltr'><strong>non</strong></span> <span class='ocrx_word' id='word_1_509' title='bbox 3409 2498 3574 2570; x_wconf 84' lang='lat' dir='ltr'><strong>judi-</strong></span> 
     </span>
    </p>
   </div>
   <div class='ocr_carea' id='block_1_73' title="bbox 1919 2580 2193 2636">
    <p class='ocr_par' dir='ltr' id='par_1_73' title="bbox 1919 2580 2193 2636">
     <span class='ocr_line' id='line_1_73' title="bbox 1919 2580 2193 2636; baseline 0 0"><span class='ocrx_word' id='word_1_510' title='bbox 1919 2587 2098 2636; x_wconf 82' lang='lat' dir='ltr'><strong>catur</strong></span> <span class='ocrx_word' id='word_1_511' title='bbox 2123 2580 2193 2636; x_wconf 80' lang='grc'><strong>⁸⁸.</strong></span> 
     </span>
    </p>
   </div>
   <div class='ocr_carea' id='block_1_74' title="bbox 1994 2668 3575 2745">
    <p class='ocr_par' dir='ltr' id='par_1_74' title="bbox 1994 2668 3575 2745">
     <span class='ocr_line' id='line_1_74' title="bbox 1994 2668 3575 2745; baseline 0.007 -23"><span class='ocrx_word' id='word_1_512' title='bbox 1994 2671 2152 2724; x_wconf 89' lang='lat' dir='ltr'><strong>Vers.</strong></span> <span class='ocrx_word' id='word_1_513' title='bbox 2194 2668 2283 2722; x_wconf 69' lang='lat' dir='ltr'><strong>2t.</strong></span> <span class='ocrx_word' id='word_1_514' title='bbox 2333 2669 2449 2726; x_wconf 87' lang='lat' dir='ltr'><strong>Sed</strong></span> <span class='ocrx_word' id='word_1_515' title='bbox 2489 2700 2557 2712; x_wconf 91' lang='lat'>—</span> <span class='ocrx_word' id='word_1_516' title='bbox 2583 2671 2788 2728; x_wconf 84' lang='lat' dir='ltr'><strong>vitam.</strong></span> <span class='ocrx_word' id='word_1_517' title='bbox 2838 2673 2946 2745; x_wconf 67' lang='grc' dir='ltr'><strong>(Η-</strong></span> <span class='ocrx_word' id='word_1_518' title='bbox 2978 2677 3216 2731; x_wconf 84' lang='lat' dir='ltr'><strong>Mortem</strong></span> <span class='ocrx_word' id='word_1_519' title='bbox 3261 2675 3404 2732; x_wconf 89' lang='lat' dir='ltr'><strong>dicit</strong></span> <span class='ocrx_word' id='word_1_520' title='bbox 3453 2691 3575 2733; x_wconf 90' lang='lat' dir='ltr'><strong>non</strong></span> 
     </span>
    </p>
   </div>
   <div class='ocr_carea' id='block_1_75' title="bbox 1922 2757 3572 2838">
    <p class='ocr_par' dir='ltr' id='par_1_75' title="bbox 1922 2757 3572 2838">
     <span class='ocr_line' id='line_1_75' title="bbox 1922 2757 3572 2838; baseline 0.005 -24"><span class='ocrx_word' id='word_1_521' title='bbox 1922 2773 2056 2814; x_wconf 90' lang='lat' dir='ltr'><strong>eam</strong></span> <span class='ocrx_word' id='word_1_522' title='bbox 2088 2774 2222 2830; x_wconf 66' lang='lat' dir='ltr'><strong>quae</strong></span> <span class='ocrx_word' id='word_1_523' title='bbox 2258 2757 2355 2813; x_wconf 90' lang='lat' dir='ltr'><strong>hic</strong></span> <span class='ocrx_word' id='word_1_524' title='bbox 2395 2763 2498 2824; x_wconf 90' lang='lat' dir='ltr'><strong>est,</strong></span> <span class='ocrx_word' id='word_1_525' title='bbox 2556 2761 2658 2816; x_wconf 90' lang='lat' dir='ltr'><strong>sed</strong></span> <span class='ocrx_word' id='word_1_526' title='bbox 2713 2777 2851 2834; x_wconf 68' lang='lat' dir='ltr'><strong>quas</strong></span> <span class='ocrx_word' id='word_1_527' title='bbox 2897 2763 3002 2831; x_wconf 90' lang='lat' dir='ltr'><strong>ibi,</strong></span> <span class='ocrx_word' id='word_1_528' title='bbox 3051 2765 3110 2820; x_wconf 92' lang='lat' dir='ltr'><strong>id</strong></span> <span class='ocrx_word' id='word_1_529' title='bbox 3151 2770 3258 2832; x_wconf 91' lang='lat' dir='ltr'><strong>est,</strong></span> <span class='ocrx_word' id='word_1_530' title='bbox 3309 2783 3572 2838; x_wconf 77' lang='lat' dir='ltr'><strong>pmnam.</strong></span> 
     </span>
    </p>
   </div>
   <div class='ocr_carea' id='block_1_76' title="bbox 1925 2848 3578 2925">
    <p class='ocr_par' dir='ltr' id='par_1_76' title="bbox 1925 2848 3578 2925">
     <span class='ocr_line' id='line_1_76' title="bbox 1925 2848 3578 2925; baseline 0.003 -20"><span class='ocrx_word' id='word_1_531' title='bbox 1925 2848 2085 2905; x_wconf 87' lang='lat' dir='ltr'><strong>Sicut</strong></span> <span class='ocrx_word' id='word_1_532' title='bbox 2109 2849 2277 2903; x_wconf 87' lang='lat' dir='ltr'><strong>etiam</strong></span> <span class='ocrx_word' id='word_1_533' title='bbox 2311 2849 2511 2913; x_wconf 89' lang='lat' dir='ltr'><strong>vitam,</strong></span> <span class='ocrx_word' id='word_1_534' title='bbox 2539 2849 2886 2918; x_wconf 84' lang='lat' dir='ltr'><strong>fruitionem,</strong></span> <span class='ocrx_word' id='word_1_535' title='bbox 2916 2869 3053 2925; x_wconf 72' lang='lat' dir='ltr'><strong>quin</strong></span> <span class='ocrx_word' id='word_1_536' title='bbox 3107 2854 3187 2911; x_wconf 89' lang='lat' dir='ltr'><strong>ibi</strong></span> <span class='ocrx_word' id='word_1_537' title='bbox 3238 2861 3344 2911; x_wconf 88' lang='lat' dir='ltr'><strong>est.</strong></span> <span class='ocrx_word' id='word_1_538' title='bbox 3371 2859 3578 2912; x_wconf 81' lang='lat' dir='ltr'><strong>Trans-</strong></span> 
     </span>
    </p>
   </div>
   <div class='ocr_carea' id='block_1_77' title="bbox 1924 2937 3580 3010">
    <p class='ocr_par' dir='ltr' id='par_1_77' title="bbox 1924 2937 3580 3010">
     <span class='ocr_line' id='line_1_77' title="bbox 1924 2937 3580 3010; baseline 0.006 -20"><span class='ocrx_word' id='word_1_539' title='bbox 1924 2953 2161 3008; x_wconf 80' lang='lat' dir='ltr'><strong>gressus</strong></span> <span class='ocrx_word' id='word_1_540' title='bbox 2193 2937 2350 2992; x_wconf 88' lang='lat' dir='ltr'><strong>enim</strong></span> <span class='ocrx_word' id='word_1_541' title='bbox 2384 2937 2462 2992; x_wconf 90' lang='lat' dir='ltr'><strong>ab</strong></span> <span class='ocrx_word' id='word_1_542' title='bbox 2510 2937 2912 2997; x_wconf 72' lang='lat' dir='ltr'><strong>incredulitate</strong></span> <span class='ocrx_word' id='word_1_543' title='bbox 2965 2943 3043 2998; x_wconf 91' lang='lat' dir='ltr'><strong>ad</strong></span> <span class='ocrx_word' id='word_1_544' title='bbox 3098 2943 3300 3010; x_wconf 85' lang='lat' dir='ltr'><strong>ﬁdem,</strong></span> <span class='ocrx_word' id='word_1_545' title='bbox 3353 2945 3580 3001; x_wconf 85' lang='lat' dir='ltr'><strong>transiit</strong></span> 
     </span>
    </p>
   </div>
   <div class='ocr_carea' id='block_1_78' title="bbox 1926 3025 3579 3098">
    <p class='ocr_par' dir='ltr' id='par_1_78' title="bbox 1926 3025 3579 3098">
     <span class='ocr_line' id='line_1_78' title="bbox 1926 3025 3579 3098; baseline 0.007 -19"><span class='ocrx_word' id='word_1_546' title='bbox 1926 3025 2220 3097; x_wconf 89' lang='lat' dir='ltr'><strong>reliquum</strong></span> <span class='ocrx_word' id='word_1_547' title='bbox 2253 3025 2429 3081; x_wconf 89' lang='lat' dir='ltr'><strong>etiam</strong></span> <span class='ocrx_word' id='word_1_548' title='bbox 2463 3026 2536 3082; x_wconf 89' lang='lat' dir='ltr'><strong>ab</strong></span> <span class='ocrx_word' id='word_1_549' title='bbox 2569 3043 2744 3098; x_wconf 80' lang='lat' dir='ltr'><strong>poena</strong></span> <span class='ocrx_word' id='word_1_550' title='bbox 2776 3027 3216 3088; x_wconf 89' lang='lat' dir='ltr'><strong>incredulorum</strong></span> <span class='ocrx_word' id='word_1_551' title='bbox 3247 3033 3323 3088; x_wconf 90' lang='lat' dir='ltr'><strong>ad</strong></span> <span class='ocrx_word' id='word_1_552' title='bbox 3355 3032 3579 3090; x_wconf 69' lang='lat' dir='ltr'><strong>fruitioo</strong></span> 
     </span>
    </p>
   </div>
   <div class='ocr_carea' id='block_1_79' title="bbox 1846 3113 2402 3195">
    <p class='ocr_par' dir='ltr' id='par_1_79' title="bbox 1846 3113 2402 3195">
     <span class='ocr_line' id='line_1_79' title="bbox 1846 3113 2402 3195; baseline -0.007 -25"><span class='ocrx_word' id='word_1_553' title='bbox 1846 3137 1888 3195; x_wconf 73' lang='grc' dir='ltr'><strong>ρ</strong></span> <span class='ocrx_word' id='word_1_554' title='bbox 1925 3128 2062 3169; x_wconf 90' lang='lat' dir='ltr'><strong>nem</strong></span> <span class='ocrx_word' id='word_1_555' title='bbox 2089 3113 2402 3184; x_wconf 85' lang='lat' dir='ltr'><strong>ﬁdelium.)</strong></span> 
     </span>
    </p>
   </div>
   <div class='ocr_carea' id='block_1_80' title="bbox 1998 3201 3577 3281">
    <p class='ocr_par' dir='ltr' id='par_1_80' title="bbox 1998 3201 3577 3281">
     <span class='ocr_line' id='line_1_80' title="bbox 1998 3201 3577 3281; baseline 0.008 -27"><span class='ocrx_word' id='word_1_556' title='bbox 1998 3202 2158 3256; x_wconf 88' lang='lat' dir='ltr'><strong>Vers.</strong></span> <span class='ocrx_word' id='word_1_557' title='bbox 2202 3201 2294 3256; x_wconf 82' lang='lat'><strong>25.</strong></span> <span class='ocrx_word' id='word_1_558' title='bbox 2337 3204 2525 3258; x_wconf 80' lang='lat' dir='ltr'><strong>Amen</strong></span> <span class='ocrx_word' id='word_1_559' title='bbox 2584 3235 2650 3245; x_wconf 89' lang='lat'>—</span> <span class='ocrx_word' id='word_1_560' title='bbox 2685 3205 2896 3261; x_wconf 81' lang='lat' dir='ltr'><strong>vivent.</strong></span> <span class='ocrx_word' id='word_1_561' title='bbox 2941 3207 3047 3278; x_wconf 68' lang='lat' dir='ltr'><strong>(H-</strong></span> <span class='ocrx_word' id='word_1_562' title='bbox 3099 3207 3242 3264; x_wconf 89' lang='lat' dir='ltr'><strong>Cum</strong></span> <span class='ocrx_word' id='word_1_563' title='bbox 3302 3210 3577 3281; x_wconf 86' lang='lat' dir='ltr'><strong>superius</strong></span> 
     </span>
    </p>
   </div>
   <div class='ocr_carea' id='block_1_81' title="bbox 1926 3289 3580 3356">
    <p class='ocr_par' dir='ltr' id='par_1_81' title="bbox 1926 3289 3580 3356">
     <span class='ocr_line' id='line_1_81' title="bbox 1926 3289 3580 3356; baseline 0.007 -12"><span class='ocrx_word' id='word_1_564' title='bbox 1926 3289 2168 3345; x_wconf 84' lang='lat' dir='ltr'><strong>dixisset</strong></span> <span class='ocrx_word' id='word_1_565' title='bbox 2200 3309 2212 3349; x_wconf 92' lang='lat'><strong>:</strong></span> <span class='ocrx_word' id='word_1_566' title='bbox 2248 3289 2736 3355; x_wconf 84' lang='lat' dir='ltr'><strong>Quemadmodum</strong></span> <span class='ocrx_word' id='word_1_567' title='bbox 2787 3295 2966 3350; x_wconf 82' lang='lat' dir='ltr'><strong>Pater</strong></span> <span class='ocrx_word' id='word_1_568' title='bbox 2993 3299 3230 3353; x_wconf 86' lang='lat' dir='ltr'><strong>suscitat</strong></span> <span class='ocrx_word' id='word_1_569' title='bbox 3249 3306 3515 3356; x_wconf 84' lang='lat' dir='ltr'><strong>mortuos</strong></span> <span class='ocrx_word' id='word_1_570' title='bbox 3530 3305 3580 3356; x_wconf 79' lang='lat' dir='ltr'><strong>et</strong></span> 
     </span>
    </p>
   </div>
   <div class='ocr_carea' id='block_1_82' title="bbox 1927 3380 3582 3456">
    <p class='ocr_par' dir='ltr' id='par_1_82' title="bbox 1927 3380 3582 3456">
     <span class='ocr_line' id='line_1_82' title="bbox 1927 3380 3582 3456; baseline 0.005 -19"><span class='ocrx_word' id='word_1_571' title='bbox 1927 3380 2201 3450; x_wconf 80' lang='lat' dir='ltr'><strong>viviﬁcat,</strong></span> <span class='ocrx_word' id='word_1_572' title='bbox 2252 3380 2336 3434; x_wconf 89' lang='lat' dir='ltr'><strong>ita</strong></span> <span class='ocrx_word' id='word_1_573' title='bbox 2355 3385 2408 3436; x_wconf 86' lang='lat' dir='ltr'><strong>et</strong></span> <span class='ocrx_word' id='word_1_574' title='bbox 2419 3380 2599 3453; x_wconf 83' lang='lat' dir='ltr'><strong>ﬁlius,</strong></span> <span class='ocrx_word' id='word_1_575' title='bbox 2624 3398 2768 3454; x_wconf 86' lang='lat' dir='ltr'><strong>quos</strong></span> <span class='ocrx_word' id='word_1_576' title='bbox 2817 3385 2966 3450; x_wconf 84' lang='lat' dir='ltr'><strong>vult,</strong></span> <span class='ocrx_word' id='word_1_577' title='bbox 2995 3385 3252 3456; x_wconf 75' lang='lat' dir='ltr'><strong>viviﬁcat</strong></span> <span class='ocrx_word' id='word_1_578' title='bbox 3274 3388 3344 3454; x_wconf 75' lang='grc' dir='ltr'><strong>⁸ο,</strong></span> <span class='ocrx_word' id='word_1_579' title='bbox 3397 3403 3469 3443; x_wconf 91' lang='lat' dir='ltr'><strong>ne</strong></span> <span class='ocrx_word' id='word_1_580' title='bbox 3500 3389 3582 3445; x_wconf 91' lang='lat' dir='ltr'><strong>vi-</strong></span> 
     </span>
    </p>
   </div>
   <div class='ocr_carea' id='block_1_83' title="bbox 1925 3467 3580 3550">
    <p class='ocr_par' dir='ltr' id='par_1_83' title="bbox 1925 3467 3580 3550">
     <span class='ocr_line' id='line_1_83' title="bbox 1925 3467 3580 3550; baseline 0.007 -25"><span class='ocrx_word' id='word_1_581' title='bbox 1925 3469 2163 3526; x_wconf 91' lang='lat' dir='ltr'><strong>deretur</strong></span> <span class='ocrx_word' id='word_1_582' title='bbox 2193 3467 2476 3542; x_wconf 85' lang='lat' dir='ltr'><strong>gloriari,)</strong></span> <span class='ocrx_word' id='word_1_583' title='bbox 2511 3472 2799 3542; x_wconf 88' lang='lat' dir='ltr'><strong>promittit</strong></span> <span class='ocrx_word' id='word_1_584' title='bbox 2829 3489 3008 3539; x_wconf 89' lang='lat' dir='ltr'><strong>nunc,</strong></span> <span class='ocrx_word' id='word_1_585' title='bbox 3058 3475 3219 3546; x_wconf 93' lang='lat' dir='ltr'><strong>quod</strong></span> <span class='ocrx_word' id='word_1_586' title='bbox 3251 3491 3372 3533; x_wconf 94' lang='lat' dir='ltr'><strong>non</strong></span> <span class='ocrx_word' id='word_1_587' title='bbox 3399 3477 3580 3550; x_wconf 79' lang='lat' dir='ltr'><strong>longo</strong></span> 
     </span>
    </p>
   </div>
   <div class='ocr_carea' id='block_1_84' title="bbox 1925 3559 3583 3632">
    <p class='ocr_par' dir='ltr' id='par_1_84' title="bbox 1925 3559 3583 3632">
     <span class='ocr_line' id='line_1_84' title="bbox 1925 3559 3583 3632; baseline 0.007 -18"><span class='ocrx_word' id='word_1_588' title='bbox 1925 3563 2060 3632; x_wconf 90' lang='lat' dir='ltr'><strong>post</strong></span> <span class='ocrx_word' id='word_1_589' title='bbox 2089 3563 2352 3629; x_wconf 88' lang='lat' dir='ltr'><strong>tempore</strong></span> <span class='ocrx_word' id='word_1_590' title='bbox 2380 3559 2778 3616; x_wconf 83' lang='lat' dir='ltr'><strong>viviﬁcaturus</strong></span> <span class='ocrx_word' id='word_1_591' title='bbox 2802 3563 2873 3618; x_wconf 94' lang='lat' dir='ltr'><strong>sit</strong></span> <span class='ocrx_word' id='word_1_592' title='bbox 2900 3568 3184 3632; x_wconf 88' lang='lat' dir='ltr'><strong>mortuos,</strong></span> <span class='ocrx_word' id='word_1_593' title='bbox 3217 3582 3583 3625; x_wconf 89' lang='lat' dir='ltr'><strong>sermonem-</strong></span> 
     </span>
    </p>
   </div>
   <div class='ocr_carea' id='block_1_85' title="bbox 1923 3648 3582 3730">
    <p class='ocr_par' dir='ltr' id='par_1_85' title="bbox 1923 3648 3582 3730">
     <span class='ocr_line' id='line_1_85' title="bbox 1923 3648 3582 3730; baseline 0.007 -29"><span class='ocrx_word' id='word_1_594' title='bbox 1923 3663 2042 3720; x_wconf 92' lang='lat' dir='ltr'><strong>que</strong></span> <span class='ocrx_word' id='word_1_595' title='bbox 2072 3663 2252 3718; x_wconf 90' lang='lat' dir='ltr'><strong>opere</strong></span> <span class='ocrx_word' id='word_1_596' title='bbox 2291 3648 2813 3719; x_wconf 92' lang='lat' dir='ltr'><strong>comprobaturus.</strong></span> <span class='ocrx_word' id='word_1_597' title='bbox 2851 3651 2939 3706; x_wconf 84' lang='lat' dir='ltr'><strong>Ad</strong></span> <span class='ocrx_word' id='word_1_598' title='bbox 2980 3653 3406 3712; x_wconf 86' lang='lat' dir='ltr'><strong>Samaritanam</strong></span> <span class='ocrx_word' id='word_1_599' title='bbox 3439 3672 3582 3730; x_wconf 89' lang='lat' dir='ltr'><strong>quo-</strong></span> 
     </span>
    </p>
   </div>
   <div class='ocr_carea' id='block_1_86' title="bbox 1923 3736 3582 3820">
    <p class='ocr_par' dir='ltr' id='par_1_86' title="bbox 1923 3736 3582 3820">
     <span class='ocr_line' id='line_1_86' title="bbox 1923 3736 3582 3820; baseline 0.007 -28"><span class='ocrx_word' id='word_1_600' title='bbox 1923 3753 2042 3810; x_wconf 91' lang='lat' dir='ltr'><strong>que</strong></span> <span class='ocrx_word' id='word_1_601' title='bbox 2068 3737 2272 3792; x_wconf 91' lang='lat' dir='ltr'><strong>dicens</strong></span> <span class='ocrx_word' id='word_1_602' title='bbox 2304 3736 2574 3794; x_wconf 90' lang='lat' dir='ltr'><strong>similiter</strong></span> <span class='ocrx_word' id='word_1_603' title='bbox 2602 3758 2615 3798; x_wconf 91' lang='lat'><strong>:</strong></span> <span class='ocrx_word' id='word_1_604' title='bbox 2656 3739 2818 3797; x_wconf 82' lang='lat' dir='ltr'><strong>Venit</strong></span> <span class='ocrx_word' id='word_1_605' title='bbox 2859 3747 3072 3811; x_wconf 84' lang='lat' dir='ltr'><strong>tempus</strong></span> <span class='ocrx_word' id='word_1_606' title='bbox 3103 3743 3226 3800; x_wconf 89' lang='lat' dir='ltr'><strong>sive</strong></span> <span class='ocrx_word' id='word_1_607' title='bbox 3253 3745 3424 3814; x_wconf 76' lang='lat' dir='ltr'><strong>liora,</strong></span> <span class='ocrx_word' id='word_1_608' title='bbox 3453 3747 3582 3820; x_wconf 89' lang='lat' dir='ltr'><strong>pari</strong></span> 
     </span>
    </p>
   </div>
   <div class='ocr_carea' id='block_1_87' title="bbox 1924 3827 3582 3904">
    <p class='ocr_par' dir='ltr' id='par_1_87' title="bbox 1924 3827 3582 3904">
     <span class='ocr_line' id='line_1_87' title="bbox 1924 3827 3582 3904; baseline 0.006 -20"><span class='ocrx_word' id='word_1_609' title='bbox 1924 3828 2110 3884; x_wconf 93' lang='lat' dir='ltr'><strong>modo</strong></span> <span class='ocrx_word' id='word_1_610' title='bbox 2140 3827 2370 3884; x_wconf 89' lang='lat' dir='ltr'><strong>addidit</strong></span> <span class='ocrx_word' id='word_1_611' title='bbox 2402 3850 2415 3884; x_wconf 89' lang='lat'><strong>:</strong></span> <span class='ocrx_word' id='word_1_612' title='bbox 2443 3829 2691 3887; x_wconf 83' lang='lat' dir='ltr'><strong>Etnunc</strong></span> <span class='ocrx_word' id='word_1_613' title='bbox 2707 3838 2791 3887; x_wconf 81' lang='lat' dir='ltr'><strong>est</strong></span> <span class='ocrx_word' id='word_1_614' title='bbox 2812 3833 2880 3900; x_wconf 74' lang='lat'><strong>&#39;°,</strong></span> <span class='ocrx_word' id='word_1_615' title='bbox 2907 3833 3252 3904; x_wconf 80' lang='lat' dir='ltr'><strong>signiﬁcans</strong></span> <span class='ocrx_word' id='word_1_616' title='bbox 3273 3835 3486 3894; x_wconf 72' lang='lat' dir='ltr'><strong>futurm</strong></span> <span class='ocrx_word' id='word_1_617' title='bbox 3501 3837 3582 3896; x_wconf 83' lang='lat' dir='ltr'><strong>rei</strong></span> 
     </span>
    </p>
   </div>
   <div class='ocr_carea' id='block_1_88' title="bbox 1923 3917 2452 3992">
    <p class='ocr_par' dir='ltr' id='par_1_88' title="bbox 1923 3917 2452 3992">
     <span class='ocr_line' id='line_1_88' title="bbox 1923 3917 2452 3992; baseline 0 -18"><span class='ocrx_word' id='word_1_618' title='bbox 1923 3917 2452 3992; x_wconf 89' lang='lat' dir='ltr'><strong>propinquitatem.</strong></span> 
     </span>
    </p>
   </div>
   <div class='ocr_carea' id='block_1_89' title="bbox 1998 4008 3582 4090">
    <p class='ocr_par' dir='ltr' id='par_1_89' title="bbox 1998 4008 3582 4090">
     <span class='ocr_line' id='line_1_89' title="bbox 1998 4008 3582 4090; baseline 0.006 -27"><span class='ocrx_word' id='word_1_619' title='bbox 1998 4008 2211 4064; x_wconf 89' lang='lat' dir='ltr'><strong>Mortui</strong></span> <span class='ocrx_word' id='word_1_620' title='bbox 2260 4014 2459 4064; x_wconf 90' lang='lat' dir='ltr'><strong>autem</strong></span> <span class='ocrx_word' id='word_1_621' title='bbox 2493 4009 2753 4067; x_wconf 89' lang='lat' dir='ltr'><strong>audituri</strong></span> <span class='ocrx_word' id='word_1_622' title='bbox 2793 4017 2933 4068; x_wconf 92' lang='lat' dir='ltr'><strong>sunt</strong></span> <span class='ocrx_word' id='word_1_623' title='bbox 2972 4029 3176 4071; x_wconf 90' lang='lat' dir='ltr'><strong>vocem</strong></span> <span class='ocrx_word' id='word_1_624' title='bbox 3208 4016 3335 4086; x_wconf 87' lang='lat' dir='ltr'><strong>ejus</strong></span> <span class='ocrx_word' id='word_1_625' title='bbox 3381 4032 3395 4072; x_wconf 90' lang='lat'><strong>:</strong></span> <span class='ocrx_word' id='word_1_626' title='bbox 3437 4033 3582 4090; x_wconf 88' lang='lat' dir='ltr'><strong>quo-</strong></span> 
     </span>
    </p>
   </div>
   <div class='ocr_carea' id='block_1_90' title="bbox 1930 4096 3582 4177">
    <p class='ocr_par' dir='ltr' id='par_1_90' title="bbox 1930 4096 3582 4177">
     <span class='ocr_line' id='line_1_90' title="bbox 1930 4096 3582 4177; baseline 0.005 -23"><span class='ocrx_word' id='word_1_627' title='bbox 1930 4097 2111 4154; x_wconf 89' lang='lat' dir='ltr'><strong>modo</strong></span> <span class='ocrx_word' id='word_1_628' title='bbox 2139 4097 2166 4152; x_wconf 77' lang='lat' dir='ltr'><strong>‘t</strong></span> <span class='ocrx_word' id='word_1_629' title='bbox 2208 4096 2392 4153; x_wconf 91' lang='lat' dir='ltr'><strong>Simul</strong></span> <span class='ocrx_word' id='word_1_630' title='bbox 2416 4114 2485 4152; x_wconf 89' lang='lat' dir='ltr'><strong>ac</strong></span> <span class='ocrx_word' id='word_1_631' title='bbox 2507 4098 2636 4171; x_wconf 91' lang='lat' dir='ltr'><strong>ipse</strong></span> <span class='ocrx_word' id='word_1_632' title='bbox 2671 4100 2934 4168; x_wconf 90' lang='lat' dir='ltr'><strong>voluerit,</strong></span> <span class='ocrx_word' id='word_1_633' title='bbox 2971 4118 3261 4160; x_wconf 91' lang='lat' dir='ltr'><strong>conversa</strong></span> <span class='ocrx_word' id='word_1_634' title='bbox 3291 4105 3582 4177; x_wconf 90' lang='lat' dir='ltr'><strong>cujusque</strong></span> 
     </span>
    </p>
   </div>
   <div class='ocr_carea' id='block_1_91' title="bbox 1928 4185 3580 4264">
    <p class='ocr_par' dir='ltr' id='par_1_91' title="bbox 1928 4185 3580 4264">
     <span class='ocr_line' id='line_1_91' title="bbox 1928 4185 3580 4264; baseline 0.004 -21"><span class='ocrx_word' id='word_1_635' title='bbox 1928 4185 2133 4243; x_wconf 87' lang='lat' dir='ltr'><strong>anima</strong></span> <span class='ocrx_word' id='word_1_636' title='bbox 2157 4186 2233 4242; x_wconf 90' lang='lat' dir='ltr'><strong>ad</strong></span> <span class='ocrx_word' id='word_1_637' title='bbox 2267 4186 2575 4258; x_wconf 91' lang='lat' dir='ltr'><strong>proprium</strong></span> <span class='ocrx_word' id='word_1_638' title='bbox 2623 4203 2862 4260; x_wconf 89' lang='lat' dir='ltr'><strong>corpus,</strong></span> <span class='ocrx_word' id='word_1_639' title='bbox 2893 4192 3110 4246; x_wconf 90' lang='lat' dir='ltr'><strong>mortui</strong></span> <span class='ocrx_word' id='word_1_640' title='bbox 3140 4191 3245 4264; x_wconf 90' lang='lat' dir='ltr'><strong>qui</strong></span> <span class='ocrx_word' id='word_1_641' title='bbox 3265 4193 3580 4259; x_wconf 89' lang='lat' dir='ltr'><strong>audierint,</strong></span> 
     </span>
    </p>
   </div>
   <div class='ocr_carea' id='block_1_92' title="bbox 1929 4276 3585 4352">
    <p class='ocr_par' dir='ltr' id='par_1_92' title="bbox 1929 4276 3585 4352">
     <span class='ocr_line' id='line_1_92' title="bbox 1929 4276 3585 4352; baseline 0.005 -21"><span class='ocrx_word' id='word_1_642' title='bbox 1929 4276 2116 4332; x_wconf 86' lang='lat' dir='ltr'><strong>vitam</strong></span> <span class='ocrx_word' id='word_1_643' title='bbox 2139 4291 2350 4331; x_wconf 86' lang='lat' dir='ltr'><strong>rursus</strong></span> <span class='ocrx_word' id='word_1_644' title='bbox 2381 4277 2440 4331; x_wconf 94' lang='lat' dir='ltr'><strong>in</strong></span> <span class='ocrx_word' id='word_1_645' title='bbox 2464 4277 2694 4332; x_wconf 90' lang='lat' dir='ltr'><strong>mundo</strong></span> <span class='ocrx_word' id='word_1_646' title='bbox 2732 4277 2956 4335; x_wconf 88' lang='lat' dir='ltr'><strong>vivent.</strong></span> <span class='ocrx_word' id='word_1_647' title='bbox 2985 4281 3086 4336; x_wconf 85' lang='lat' dir='ltr'><strong>Hic</strong></span> <span class='ocrx_word' id='word_1_648' title='bbox 3110 4297 3270 4352; x_wconf 83' lang='lat' dir='ltr'><strong>ergo,</strong></span> <span class='ocrx_word' id='word_1_649' title='bbox 3305 4280 3404 4337; x_wconf 91' lang='lat' dir='ltr'><strong>ubi</strong></span> <span class='ocrx_word' id='word_1_650' title='bbox 3435 4281 3585 4340; x_wconf 82' lang='lat' dir='ltr'><strong>dixit</strong></span> 
     </span>
    </p>
   </div>
   <div class='ocr_carea' id='block_1_93' title="bbox 1931 4363 3585 4439">
    <p class='ocr_par' dir='ltr' id='par_1_93' title="bbox 1931 4363 3585 4439">
     <span class='ocr_line' id='line_1_93' title="bbox 1931 4363 3585 4439; baseline 0.004 -18"><span class='ocrx_word' id='word_1_651' title='bbox 1931 4366 2186 4431; x_wconf 84' lang='lat' dir='ltr'><strong>excelsa,</strong></span> <span class='ocrx_word' id='word_1_652' title='bbox 2209 4363 2466 4436; x_wconf 90' lang='lat' dir='ltr'><strong>seipsum</strong></span> <span class='ocrx_word' id='word_1_653' title='bbox 2508 4365 2606 4420; x_wconf 90' lang='lat' dir='ltr'><strong>Dei</strong></span> <span class='ocrx_word' id='word_1_654' title='bbox 2637 4365 2846 4422; x_wconf 83' lang='lat' dir='ltr'><strong>Filium</strong></span> <span class='ocrx_word' id='word_1_655' title='bbox 2869 4368 3164 4439; x_wconf 90' lang='lat' dir='ltr'><strong>vocando,</strong></span> <span class='ocrx_word' id='word_1_656' title='bbox 3195 4385 3436 4428; x_wconf 88' lang='lat' dir='ltr'><strong>rursum</strong></span> <span class='ocrx_word' id='word_1_657' title='bbox 3466 4387 3585 4428; x_wconf 85' lang='lat' dir='ltr'><strong>ser-</strong></span> 
     </span>
    </p>
   </div>
   <div class='ocr_carea' id='block_1_94' title="bbox 219 4451 1812 4548">
    <p class='ocr_par' dir='ltr' id='par_1_94' title="bbox 219 4451 1812 4530">
     <span class='ocr_line' id='line_1_94' title="bbox 219 4451 1812 4530; baseline -0.001 -22"><span class='ocrx_word' id='word_1_658' title='bbox 219 4451 310 4508; x_wconf 84' lang='grc' dir='ltr'>τοῦ</span> <span class='ocrx_word' id='word_1_659' title='bbox 333 4462 470 4508; x_wconf 79' lang='grc' dir='ltr'><strong><em>Θεοῦ</em></strong></span> <span class='ocrx_word' id='word_1_660' title='bbox 493 4453 646 4507; x_wconf 87' lang='grc' dir='ltr'><strong><em>πάλιν</em></strong></span> <span class='ocrx_word' id='word_1_661' title='bbox 676 4454 973 4516; x_wconf 79' lang='grc' dir='ltr'><strong><em>έπισκιάςει</em></strong></span> <span class='ocrx_word' id='word_1_662' title='bbox 1020 4458 1106 4507; x_wconf 87' lang='grc' dir='ltr'><strong><em>τὸν</em></strong></span> <span class='ocrx_word' id='word_1_663' title='bbox 1155 4454 1305 4527; x_wconf 76' lang='grc' dir='ltr'><strong><em>λόγον</em></strong></span> <span class='ocrx_word' id='word_1_664' title='bbox 1358 4453 1698 4530; x_wconf 86' lang='grc' dir='ltr'><strong><em>προσπλέκων</em></strong></span> <span class='ocrx_word' id='word_1_665' title='bbox 1736 4474 1812 4507; x_wconf 82' lang='grc' dir='ltr'><strong><em>τοι·</em></strong></span> 
     </span>
    </p>
   </div>
   <div class='ocr_carea' id='block_1_95' title="bbox 1931 4451 3092 4548">
    <p class='ocr_par' dir='ltr' id='par_1_95' title="bbox 1933 4453 3092 4520">
     <span class='ocr_line' id='line_1_95' title="bbox 1933 4453 3092 4520; baseline 0.002 -10"><span class='ocrx_word' id='word_1_666' title='bbox 1933 4469 2174 4513; x_wconf 91' lang='lat' dir='ltr'><strong>monem</strong></span> <span class='ocrx_word' id='word_1_667' title='bbox 2206 4453 2509 4520; x_wconf 84' lang='lat' dir='ltr'><strong>obscurat,</strong></span> <span class='ocrx_word' id='word_1_668' title='bbox 2539 4459 2805 4511; x_wconf 82' lang='lat' dir='ltr'><strong>attexens</strong></span> <span class='ocrx_word' id='word_1_669' title='bbox 2827 4455 3092 4514; x_wconf 87' lang='lat' dir='ltr'><strong>humilia.</strong></span> 
     </span>
    </p>
   </div>
   <div class='ocr_carea' id='block_1_96' title="bbox 220 4546 391 4599">
    <p class='ocr_par' dir='ltr' id='par_1_96' title="bbox 220 4546 391 4599">
     <span class='ocr_line' id='line_1_96' title="bbox 220 4546 391 4599; baseline -0.006 0"><span class='ocrx_word' id='word_1_670' title='bbox 220 4546 391 4599; x_wconf 82' lang='grc' dir='ltr'><strong><em>πεινά.</em></strong></span> 
     </span>
    </p>
   </div>
   <div class='ocr_carea' id='block_1_97' title="bbox 296 4724 1354 4792">
    <p class='ocr_par' dir='ltr' id='par_1_97' title="bbox 296 4724 1354 4792">
     <span class='ocr_line' id='line_1_97' title="bbox 296 4724 1354 4792; baseline -0.002 -10"><span class='ocrx_word' id='word_1_671' title='bbox 296 4727 345 4763; x_wconf 82' lang='grc'><strong>⁸⁸</strong></span> <span class='ocrx_word' id='word_1_672' title='bbox 373 4727 544 4785; x_wconf 86' lang='lat' dir='ltr'><strong>Joan.</strong></span> <span class='ocrx_word' id='word_1_673' title='bbox 573 4739 656 4792; x_wconf 85' lang='grc' dir='ltr'><strong>ιιι,</strong></span> <span class='ocrx_word' id='word_1_674' title='bbox 699 4728 778 4782; x_wconf 88' lang='lat' dir='ltr'><strong>t8.</strong></span> <span class='ocrx_word' id='word_1_675' title='bbox 892 4727 939 4761; x_wconf 82' lang='grc'><strong><em>⁸⁸</em></strong></span> <span class='ocrx_word' id='word_1_676' title='bbox 977 4725 1146 4782; x_wconf 72' lang='lat' dir='ltr'><strong>toan.</strong></span> <span class='ocrx_word' id='word_1_677' title='bbox 1173 4739 1228 4790; x_wconf 93' lang='lat' dir='ltr'><strong>v,</strong></span> <span class='ocrx_word' id='word_1_678' title='bbox 1265 4724 1354 4780; x_wconf 73' lang='lat'><strong>2-1.</strong></span> 
     </span>
    </p>
   </div>
   <div class='ocr_carea' id='block_1_98' title="bbox 1468 4724 1950 4790">
    <p class='ocr_par' dir='ltr' id='par_1_98' title="bbox 1468 4724 1950 4790">
     <span class='ocr_line' id='line_1_98' title="bbox 1468 4724 1950 4790; baseline -0.002 -9"><span class='ocrx_word' id='word_1_679' title='bbox 1468 4725 1516 4761; x_wconf 84' lang='grc'><strong>⁹⁰</strong></span> <span class='ocrx_word' id='word_1_680' title='bbox 1555 4724 1726 4781; x_wconf 82' lang='lat' dir='ltr'><strong>Joan.</strong></span> <span class='ocrx_word' id='word_1_681' title='bbox 1759 4740 1836 4790; x_wconf 81' lang='lat' dir='ltr'><strong>iv,</strong></span> <span class='ocrx_word' id='word_1_682' title='bbox 1861 4727 1950 4783; x_wconf 80' lang='lat'><strong>23.</strong></span> 
     </span>
    </p>
   </div>
   <div class='ocr_carea' id='block_1_99' title="bbox 1423 4904 2394 4976">
    <p class='ocr_par' dir='ltr' id='par_1_99' title="bbox 1423 4904 2394 4976">
     <span class='ocr_line' id='line_1_99' title="bbox 1423 4904 2394 4976; baseline -0.002 0"><span class='ocrx_word' id='word_1_683' title='bbox 1423 4905 1647 4976; x_wconf 65' lang='lat' dir='ltr'><strong>Variae</strong></span> <span class='ocrx_word' id='word_1_684' title='bbox 1702 4904 2034 4974; x_wconf 89' lang='lat' dir='ltr'><strong>lectiones</strong></span> <span class='ocrx_word' id='word_1_685' title='bbox 2101 4915 2166 4974; x_wconf 87' lang='lat' dir='ltr'><strong>et</strong></span> <span class='ocrx_word' id='word_1_686' title='bbox 2193 4913 2394 4974; x_wconf 67' lang='lat' dir='ltr'><strong>notae.</strong></span> 
     </span>
    </p>
   </div>
   <div class='ocr_carea' id='block_1_100' title="bbox 298 5047 1822 5121">
    <p class='ocr_par' dir='ltr' id='par_1_100' title="bbox 298 5047 1822 5121">
     <span class='ocr_line' id='line_1_100' title="bbox 298 5047 1822 5121; baseline 0.001 -18"><span class='ocrx_word' id='word_1_687' title='bbox 298 5051 378 5121; x_wconf 89' lang='lat'><strong>(6)</strong></span> <span class='ocrx_word' id='word_1_688' title='bbox 409 5047 519 5107; x_wconf 87' lang='lat' dir='ltr'><strong>Hic</strong></span> <span class='ocrx_word' id='word_1_689' title='bbox 552 5053 607 5104; x_wconf 92' lang='lat' dir='ltr'><strong>et</strong></span> <span class='ocrx_word' id='word_1_690' title='bbox 638 5048 706 5121; x_wconf 68' lang='lat' dir='ltr'><strong>in</strong></span> <span class='ocrx_word' id='word_1_691' title='bbox 747 5047 1029 5121; x_wconf 84' lang='lat' dir='ltr'><strong>proximis</strong></span> <span class='ocrx_word' id='word_1_692' title='bbox 1061 5048 1301 5104; x_wconf 89' lang='lat' dir='ltr'><strong>scholiis</strong></span> <span class='ocrx_word' id='word_1_693' title='bbox 1333 5047 1565 5121; x_wconf 78' lang='lat' dir='ltr'><strong>defectu</strong></span> <span class='ocrx_word' id='word_1_694' title='bbox 1588 5047 1822 5105; x_wconf 88' lang='lat' dir='ltr'><strong>laborat</strong></span> 
     </span>
    </p>
   </div>
   <div class='ocr_carea' id='block_1_101' title="bbox 229 5119 1822 5192">
    <p class='ocr_par' dir='ltr' id='par_1_101' title="bbox 229 5119 1822 5192">
     <span class='ocr_line' id='line_1_101' title="bbox 229 5119 1822 5192; baseline 0 -17"><span class='ocrx_word' id='word_1_695' title='bbox 229 5119 634 5192; x_wconf 82' lang='lat' dir='ltr'><strong>interpretatio</strong></span> <span class='ocrx_word' id='word_1_696' title='bbox 666 5119 954 5192; x_wconf 83' lang='lat' dir='ltr'><strong>Hen_tenii.</strong></span> <span class='ocrx_word' id='word_1_697' title='bbox 978 5121 1141 5176; x_wconf 89' lang='lat' dir='ltr'><strong>Hunc</strong></span> <span class='ocrx_word' id='word_1_698' title='bbox 1157 5121 1449 5176; x_wconf 81' lang='lat' dir='ltr'><strong>defectum</strong></span> <span class='ocrx_word' id='word_1_699' title='bbox 1465 5119 1562 5176; x_wconf 89' lang='lat' dir='ltr'><strong>hic</strong></span> <span class='ocrx_word' id='word_1_700' title='bbox 1585 5121 1644 5176; x_wconf 93' lang='lat' dir='ltr'><strong>in</strong></span> <span class='ocrx_word' id='word_1_701' title='bbox 1666 5127 1822 5176; x_wconf 76' lang='lat' dir='ltr'><strong>textu</strong></span> 
     </span>
    </p>
   </div>
   <div class='ocr_carea' id='block_1_102' title="bbox 233 5189 1086 5264">
    <p class='ocr_par' dir='ltr' id='par_1_102' title="bbox 233 5189 1086 5264">
     <span class='ocr_line' id='line_1_102' title="bbox 233 5189 1086 5264; baseline -0.005 -16"><span class='ocrx_word' id='word_1_702' title='bbox 233 5189 427 5264; x_wconf 67' lang='lat' dir='ltr'><strong>Graeco</strong></span> <span class='ocrx_word' id='word_1_703' title='bbox 450 5191 552 5264; x_wconf 85' lang='lat' dir='ltr'><strong>bis</strong></span> <span class='ocrx_word' id='word_1_704' title='bbox 568 5192 758 5264; x_wconf 12' lang='lat' dir='ltr'><strong>signis;</strong></span> <span class='ocrx_word' id='word_1_705' title='bbox 780 5189 820 5264; x_wconf 91' lang='lat'><strong>[]</strong></span> <span class='ocrx_word' id='word_1_706' title='bbox 866 5193 1086 5248; x_wconf 89' lang='lat' dir='ltr'><strong>notavi.</strong></span> 
     </span>
    </p>
   </div>
   <div class='ocr_carea' id='block_1_103' title="bbox 302 5261 1828 5334">
    <p class='ocr_par' dir='ltr' id='par_1_103' title="bbox 302 5261 1828 5334">
     <span class='ocr_line' id='line_1_103' title="bbox 302 5261 1828 5334; baseline -0.001 -15"><span class='ocrx_word' id='word_1_707' title='bbox 302 5263 382 5334; x_wconf 79' lang='lat'><strong>(7)</strong></span> <span class='ocrx_word' id='word_1_708' title='bbox 415 5263 503 5319; x_wconf 84' lang='lat' dir='ltr'><strong>Ab</strong></span> <span class='ocrx_word' id='word_1_709' title='bbox 535 5262 661 5316; x_wconf 76' lang='grc' dir='ltr'><strong>ἀλλά</strong></span> <span class='ocrx_word' id='word_1_710' title='bbox 689 5262 765 5318; x_wconf 85' lang='lat' dir='ltr'><strong>ad</strong></span> <span class='ocrx_word' id='word_1_711' title='bbox 783 5261 976 5318; x_wconf 65' lang='lat' dir='ltr'><strong>tinem</strong></span> <span class='ocrx_word' id='word_1_712' title='bbox 1009 5262 1214 5319; x_wconf 91' lang='lat' dir='ltr'><strong>scholii</strong></span> <span class='ocrx_word' id='word_1_713' title='bbox 1247 5263 1465 5318; x_wconf 89' lang='lat' dir='ltr'><strong>desunt</strong></span> <span class='ocrx_word' id='word_1_714' title='bbox 1487 5261 1649 5334; x_wconf 91' lang='lat' dir='ltr'><strong>apud</strong></span> <span class='ocrx_word' id='word_1_715' title='bbox 1683 5266 1828 5318; x_wconf 77' lang='lat' dir='ltr'><strong>Hen-</strong></span> 
     </span>
    </p>
   </div>
   <div class='ocr_carea' id='block_1_104' title="bbox 232 5333 1826 5403">
    <p class='ocr_par' dir='ltr' id='par_1_104' title="bbox 232 5333 1826 5403">
     <span class='ocr_line' id='line_1_104' title="bbox 232 5333 1826 5403; baseline -0.001 -13"><span class='ocrx_word' id='word_1_716' title='bbox 232 5333 482 5391; x_wconf 87' lang='lat' dir='ltr'><strong>tenium.</strong></span> <span class='ocrx_word' id='word_1_717' title='bbox 530 5338 742 5390; x_wconf 90' lang='lat' dir='ltr'><strong>Eorum</strong></span> <span class='ocrx_word' id='word_1_718' title='bbox 794 5349 932 5389; x_wconf 86' lang='lat' dir='ltr'><strong>vero</strong></span> <span class='ocrx_word' id='word_1_719' title='bbox 988 5334 1120 5390; x_wconf 94' lang='lat' dir='ltr'><strong>loco</strong></span> <span class='ocrx_word' id='word_1_720' title='bbox 1161 5334 1378 5403; x_wconf 83' lang='lat' dir='ltr'><strong>legitur</strong></span> <span class='ocrx_word' id='word_1_721' title='bbox 1409 5351 1422 5389; x_wconf 89' lang='lat'>:</span> <span class='ocrx_word' id='word_1_722' title='bbox 1451 5333 1584 5389; x_wconf 83' lang='grc' dir='ltr'><strong>Νόη</strong></span> <span class='ocrx_word' id='word_1_723' title='bbox 1634 5335 1826 5389; x_wconf 85' lang='lat' dir='ltr'><strong>solum</strong></span> 
     </span>
    </p>
   </div>
   <div class='ocr_carea' id='block_1_105' title="bbox 232 5405 1830 5486">
    <p class='ocr_par' dir='ltr' id='par_1_105' title="bbox 232 5405 1830 5486">
     <span class='ocr_line' id='line_1_105' title="bbox 232 5405 1830 5486; baseline 0 -26"><span class='ocrx_word' id='word_1_724' title='bbox 232 5413 433 5486; x_wconf 66' lang='lat' dir='ltr'><strong>cutem</strong></span> <span class='ocrx_word' id='word_1_725' title='bbox 459 5407 572 5470; x_wconf 84' lang='lat' dir='ltr'><strong>hic,</strong></span> <span class='ocrx_word' id='word_1_726' title='bbox 605 5407 707 5462; x_wconf 86' lang='lat' dir='ltr'><strong>sed</strong></span> <span class='ocrx_word' id='word_1_727' title='bbox 733 5405 794 5460; x_wconf 88' lang='lat' dir='ltr'><strong>in</strong></span> <span class='ocrx_word' id='word_1_728' title='bbox 827 5407 1194 5486; x_wconf 65' lang='lat' dir='ltr'><strong>sequentibus</strong></span> <span class='ocrx_word' id='word_1_729' title='bbox 1223 5421 1455 5486; x_wconf 80' lang='lat' dir='ltr'><strong>quoque</strong></span> <span class='ocrx_word' id='word_1_730' title='bbox 1482 5406 1830 5486; x_wconf 57' lang='lat' dir='ltr'><strong>frequenter</strong></span> 
     </span>
    </p>
   </div>
   <div class='ocr_carea' id='block_1_106' title="bbox 232 5476 1829 5548">
    <p class='ocr_par' dir='ltr' id='par_1_106' title="bbox 232 5476 1829 5548">
     <span class='ocr_line' id='line_1_106' title="bbox 232 5476 1829 5548; baseline -0.002 -15"><span class='ocrx_word' id='word_1_731' title='bbox 232 5478 594 5534; x_wconf 79' lang='lat' dir='ltr'><strong>inveniemus</strong></span> <span class='ocrx_word' id='word_1_732' title='bbox 616 5493 730 5548; x_wconf 85' lang='lat' dir='ltr'><strong>quo</strong></span> <span class='ocrx_word' id='word_1_733' title='bbox 763 5484 930 5540; x_wconf 76' lang='lat' dir='ltr'><strong>pacto</strong></span> <span class='ocrx_word' id='word_1_734' title='bbox 969 5485 1019 5532; x_wconf 90' lang='lat' dir='ltr'><strong>et</strong></span> <span class='ocrx_word' id='word_1_735' title='bbox 1053 5476 1318 5542; x_wconf 57' lang='lat' dir='ltr'><strong>metu,&#39;et</strong></span> <span class='ocrx_word' id='word_1_736' title='bbox 1339 5476 1742 5545; x_wconf 73' lang='lat' dir='ltr'><strong>promissione,</strong></span> <span class='ocrx_word' id='word_1_737' title='bbox 1764 5483 1829 5532; x_wconf 88' lang='lat' dir='ltr'><strong>ut</strong></span> 
     </span>
    </p>
   </div>
   <div class='ocr_carea' id='block_1_107' title="bbox 233 5549 1027 5613">
    <p class='ocr_par' dir='ltr' id='par_1_107' title="bbox 233 5549 1027 5613">
     <span class='ocr_line' id='line_1_107' title="bbox 233 5549 1027 5613; baseline 0 -9"><span class='ocrx_word' id='word_1_738' title='bbox 233 5549 656 5613; x_wconf 81' lang='lat' dir='ltr'><strong>sibicredatur,</strong></span> <span class='ocrx_word' id='word_1_739' title='bbox 698 5549 1027 5604; x_wconf 83' lang='lat' dir='ltr'><strong>admoneat.</strong></span> 
     </span>
    </p>
   </div>
   <div class='ocr_carea' id='block_1_108' title="bbox 309 5616 890 5692">
    <p class='ocr_par' dir='ltr' id='par_1_108' title="bbox 309 5616 890 5692">
     <span class='ocr_line' id='line_1_108' title="bbox 309 5616 890 5692; baseline -0.003 -20"><span class='ocrx_word' id='word_1_740' title='bbox 309 5622 385 5690; x_wconf 73' lang='grc'><strong>(8)</strong></span> <span class='ocrx_word' id='word_1_741' title='bbox 420 5626 502 5678; x_wconf 82' lang='grc' dir='ltr'><strong>Μὴ</strong></span> <span class='ocrx_word' id='word_1_742' title='bbox 539 5616 665 5692; x_wconf 71' lang='grc' dir='ltr'><strong>δόξῃ</strong></span> <span class='ocrx_word' id='word_1_743' title='bbox 711 5618 794 5691; x_wconf 73' lang='grc' dir='ltr'><strong>ἀφ’</strong></span> <span class='ocrx_word' id='word_1_744' title='bbox 831 5627 890 5672; x_wconf 81' lang='grc' dir='ltr'><strong>Α.</strong></span> 
     </span>
    </p>
   </div>
   <div class='ocr_carea' id='block_1_109' title="bbox 312 5692 749 5763">
    <p class='ocr_par' dir='ltr' id='par_1_109' title="bbox 312 5692 749 5763">
     <span class='ocr_line' id='line_1_109' title="bbox 312 5692 749 5763; baseline -0.002 -18"><span class='ocrx_word' id='word_1_745' title='bbox 312 5693 390 5763; x_wconf 64' lang='grc'><strong>(9)</strong></span> <span class='ocrx_word' id='word_1_746' title='bbox 419 5698 668 5744; x_wconf 82' lang='grc' dir='ltr'><strong><em>Ταπεινόν</em></strong></span> <span class='ocrx_word' id='word_1_747' title='bbox 687 5692 749 5746; x_wconf 83' lang='grc' dir='ltr'><strong>Β.</strong></span> 
     </span>
    </p>
   </div>
   <div class='ocr_carea' id='block_1_110' title="bbox 316 5759 1832 5841">
    <p class='ocr_par' dir='ltr' id='par_1_110' title="bbox 316 5759 1832 5841">
     <span class='ocr_line' id='line_1_110' title="bbox 316 5759 1832 5841; baseline -0.001 -21"><span class='ocrx_word' id='word_1_748' title='bbox 316 5759 408 5841; x_wconf 77' lang='grc'><strong>10)</strong></span> <span class='ocrx_word' id='word_1_749' title='bbox 440 5765 560 5821; x_wconf 80' lang='lat' dir='ltr'><strong>Hoc</strong></span> <span class='ocrx_word' id='word_1_750' title='bbox 591 5768 711 5820; x_wconf 90' lang='lat' dir='ltr'><strong>toto</strong></span> <span class='ocrx_word' id='word_1_751' title='bbox 737 5760 961 5819; x_wconf 86' lang='lat' dir='ltr'><strong>scholio</strong></span> <span class='ocrx_word' id='word_1_752' title='bbox 980 5766 1139 5819; x_wconf 85' lang='lat' dir='ltr'><strong>caret</strong></span> <span class='ocrx_word' id='word_1_753' title='bbox 1160 5761 1504 5821; x_wconf 82' lang='lat' dir='ltr'><strong>Hentenius.</strong></span> <span class='ocrx_word' id='word_1_754' title='bbox 1536 5759 1676 5836; x_wconf 81' lang='lat' dir='ltr'><strong>Ejus</strong></span> <span class='ocrx_word' id='word_1_755' title='bbox 1698 5761 1832 5820; x_wconf 91' lang='lat' dir='ltr'><strong>loco</strong></span> 
     </span>
    </p>
   </div>
   <div class='ocr_carea' id='block_1_111' title="bbox 1927 5046 3589 5122">
    <p class='ocr_par' dir='ltr' id='par_1_111' title="bbox 1927 5046 3589 5122">
     <span class='ocr_line' id='line_1_111' title="bbox 1927 5046 3589 5122; baseline 0.004 -20"><span class='ocrx_word' id='word_1_756' title='bbox 1927 5052 2126 5122; x_wconf 85' lang='lat' dir='ltr'><strong>autem</strong></span> <span class='ocrx_word' id='word_1_757' title='bbox 2151 5048 2548 5122; x_wconf 89' lang='lat' dir='ltr'><strong>subjiciuntur</strong></span> <span class='ocrx_word' id='word_1_758' title='bbox 2567 5046 2690 5122; x_wconf 65' lang='lat' dir='ltr'><strong>haec</strong></span> <span class='ocrx_word' id='word_1_759' title='bbox 2711 5067 2725 5102; x_wconf 91' lang='lat'><strong>:</strong></span> <span class='ocrx_word' id='word_1_760' title='bbox 2750 5046 2882 5106; x_wconf 82' lang='lat' dir='ltr'><strong>Non</strong></span> <span class='ocrx_word' id='word_1_761' title='bbox 2902 5047 3382 5107; x_wconf 85' lang='lat' dir='ltr'><strong>condemnabitur</strong></span> <span class='ocrx_word' id='word_1_762' title='bbox 3406 5053 3470 5108; x_wconf 80' lang='lat' dir='ltr'><strong>in</strong></span> <span class='ocrx_word' id='word_1_763' title='bbox 3487 5051 3589 5122; x_wconf 82' lang='lat' dir='ltr'><strong>ju-</strong></span> 
     </span>
    </p>
   </div>
   <div class='ocr_carea' id='block_1_112' title="bbox 1927 5120 3592 5194">
    <p class='ocr_par' dir='ltr' id='par_1_112' title="bbox 1927 5120 3592 5194">
     <span class='ocr_line' id='line_1_112' title="bbox 1927 5120 3592 5194; baseline 0.003 -19"><span class='ocrx_word' id='word_1_764' title='bbox 1927 5120 2103 5185; x_wconf 81' lang='lat' dir='ltr'><strong>dicio,</strong></span> <span class='ocrx_word' id='word_1_765' title='bbox 2136 5137 2234 5194; x_wconf 67' lang='lat' dir='ltr'><strong>nec</strong></span> <span class='ocrx_word' id='word_1_766' title='bbox 2253 5120 2542 5194; x_wconf 55' lang='lat' dir='ltr'><strong>punietur.</strong></span> <span class='ocrx_word' id='word_1_767' title='bbox 2565 5121 2702 5194; x_wconf 83' lang='lat' dir='ltr'><strong>Non</strong></span> <span class='ocrx_word' id='word_1_768' title='bbox 2728 5127 2896 5192; x_wconf 83' lang='lat' dir='ltr'><strong>negat</strong></span> <span class='ocrx_word' id='word_1_769' title='bbox 2928 5125 3119 5178; x_wconf 86' lang='lat' dir='ltr'><strong>autem</strong></span> <span class='ocrx_word' id='word_1_770' title='bbox 3135 5123 3280 5194; x_wconf 88' lang='lat' dir='ltr'><strong>quin</strong></span> <span class='ocrx_word' id='word_1_771' title='bbox 3309 5120 3592 5180; x_wconf 79' lang='lat' dir='ltr'><strong>morituri</strong></span> 
     </span>
    </p>
   </div>
   <div class='ocr_carea' id='block_1_113' title="bbox 1930 5192 3592 5267">
    <p class='ocr_par' dir='ltr' id='par_1_113' title="bbox 1930 5192 3592 5267">
     <span class='ocr_line' id='line_1_113' title="bbox 1930 5192 3592 5267; baseline 0.002 -19"><span class='ocrx_word' id='word_1_772' title='bbox 1930 5192 2389 5267; x_wconf 62' lang='lat' dir='ltr'><strong>sintcredcntes,</strong></span> <span class='ocrx_word' id='word_1_773' title='bbox 2427 5192 2528 5248; x_wconf 87' lang='lat' dir='ltr'><strong>sed</strong></span> <span class='ocrx_word' id='word_1_774' title='bbox 2555 5192 2623 5246; x_wconf 86' lang='lat' dir='ltr'><strong>de</strong></span> <span class='ocrx_word' id='word_1_775' title='bbox 2652 5198 2841 5250; x_wconf 86' lang='lat' dir='ltr'><strong>morte</strong></span> <span class='ocrx_word' id='word_1_776' title='bbox 2881 5192 3159 5264; x_wconf 45' lang='lat' dir='ltr'><strong>loquitur“</strong></span> <span class='ocrx_word' id='word_1_777' title='bbox 3177 5201 3485 5267; x_wconf 79' lang='lat' dir='ltr'><strong>perpetua,</strong></span> <span class='ocrx_word' id='word_1_778' title='bbox 3516 5195 3592 5252; x_wconf 82' lang='lat' dir='ltr'><strong>si-</strong></span> 
     </span>
    </p>
   </div>
   <div class='ocr_carea' id='block_1_114' title="bbox 1935 5263 2729 5320">
    <p class='ocr_par' dir='ltr' id='par_1_114' title="bbox 1935 5263 2729 5320">
     <span class='ocr_line' id='line_1_114' title="bbox 1935 5263 2729 5320; baseline 0.003 -2"><span class='ocrx_word' id='word_1_779' title='bbox 1935 5263 2151 5319; x_wconf 81' lang='lat' dir='ltr'><strong>militer</strong></span> <span class='ocrx_word' id='word_1_780' title='bbox 2175 5270 2226 5319; x_wconf 87' lang='lat' dir='ltr'><strong>et</strong></span> <span class='ocrx_word' id='word_1_781' title='bbox 2247 5265 2315 5320; x_wconf 79' lang='lat' dir='ltr'><strong>de</strong></span> <span class='ocrx_word' id='word_1_782' title='bbox 2332 5264 2454 5319; x_wconf 83' lang='lat' dir='ltr'><strong>vita</strong></span> <span class='ocrx_word' id='word_1_783' title='bbox 2475 5270 2729 5320; x_wconf 70' lang='lat' dir='ltr'><strong>aeterna.</strong></span> 
     </span>
    </p>
   </div>
   <div class='ocr_carea' id='block_1_115' title="bbox 2007 5333 3305 5402">
    <p class='ocr_par' dir='ltr' id='par_1_115' title="bbox 2007 5333 3305 5402">
     <span class='ocr_line' id='line_1_115' title="bbox 2007 5333 3305 5402; baseline 0.002 -14"><span class='ocrx_word' id='word_1_784' title='bbox 2007 5335 2057 5402; x_wconf 88' lang='lat' dir='ltr'><strong>(t</strong></span> <span class='ocrx_word' id='word_1_785' title='bbox 2079 5338 2124 5401; x_wconf 89' lang='lat' dir='ltr'><strong>t)</strong></span> <span class='ocrx_word' id='word_1_786' title='bbox 2164 5336 2348 5390; x_wconf 84' lang='lat' dir='ltr'><strong>Etiam</strong></span> <span class='ocrx_word' id='word_1_787' title='bbox 2379 5335 2491 5390; x_wconf 87' lang='lat' dir='ltr'><strong>hoc</strong></span> <span class='ocrx_word' id='word_1_788' title='bbox 2523 5333 2751 5390; x_wconf 91' lang='lat' dir='ltr'><strong>scholio</strong></span> <span class='ocrx_word' id='word_1_789' title='bbox 2773 5340 2934 5392; x_wconf 87' lang='lat' dir='ltr'><strong>caret</strong></span> <span class='ocrx_word' id='word_1_790' title='bbox 2963 5337 3305 5394; x_wconf 86' lang='lat' dir='ltr'><strong>Hentenius.</strong></span> 
     </span>
    </p>
   </div>
   <div class='ocr_carea' id='block_1_116' title="bbox 2009 5406 3582 5477">
    <p class='ocr_par' dir='ltr' id='par_1_116' title="bbox 2009 5406 3582 5477">
     <span class='ocr_line' id='line_1_116' title="bbox 2009 5406 3582 5477; baseline 0.005 -18"><span class='ocrx_word' id='word_1_791' title='bbox 2009 5406 2123 5476; x_wconf 74' lang='lat'><strong>(12)</strong></span> <span class='ocrx_word' id='word_1_792' title='bbox 2188 5407 2287 5460; x_wconf 79' lang='lat' dir='ltr'><strong>Hic</strong></span> <span class='ocrx_word' id='word_1_793' title='bbox 2353 5422 2557 5461; x_wconf 87' lang='lat' dir='ltr'><strong>rursus</strong></span> <span class='ocrx_word' id='word_1_794' title='bbox 2600 5406 2805 5477; x_wconf 90' lang='lat' dir='ltr'><strong>incipit</strong></span> <span class='ocrx_word' id='word_1_795' title='bbox 2866 5410 3178 5465; x_wconf 85' lang='lat' dir='ltr'><strong>convenire</strong></span> <span class='ocrx_word' id='word_1_796' title='bbox 3232 5406 3582 5472; x_wconf 84' lang='lat' dir='ltr'><strong>Hentenius.</strong></span> 
     </span>
    </p>
   </div>
   <div class='ocr_carea' id='block_1_117' title="bbox 1937 5477 3593 5552">
    <p class='ocr_par' dir='ltr' id='par_1_117' title="bbox 1937 5477 3593 5552">
     <span class='ocr_line' id='line_1_117' title="bbox 1937 5477 3593 5552; baseline 0.004 -21"><span class='ocrx_word' id='word_1_797' title='bbox 1937 5477 2477 5552; x_wconf 13' lang='lat' dir='ltr'><strong>Scribarergoejus</strong></span> <span class='ocrx_word' id='word_1_798' title='bbox 2523 5477 2738 5532; x_wconf 88' lang='lat' dir='ltr'><strong>saltum</strong></span> <span class='ocrx_word' id='word_1_799' title='bbox 2782 5478 2993 5536; x_wconf 78' lang='lat' dir='ltr'><strong>fecerat</strong></span> <span class='ocrx_word' id='word_1_800' title='bbox 3039 5480 3118 5536; x_wconf 85' lang='lat' dir='ltr'><strong>ab</strong></span> <span class='ocrx_word' id='word_1_801' title='bbox 3174 5482 3461 5552; x_wconf 80' lang='grc' dir='ltr'><strong><em>κομπάζειν</em></strong></span> <span class='ocrx_word' id='word_1_802' title='bbox 3513 5482 3593 5538; x_wconf 84' lang='lat' dir='ltr'><strong>ad</strong></span> 
     </span>
    </p>
   </div>
   <div class='ocr_carea' id='block_1_118' title="bbox 1939 5548 3595 5622">
    <p class='ocr_par' dir='ltr' id='par_1_118' title="bbox 1939 5548 3595 5622">
     <span class='ocr_line' id='line_1_118' title="bbox 1939 5548 3595 5622; baseline 0.007 -23"><span class='ocrx_word' id='word_1_803' title='bbox 1939 5548 2264 5622; x_wconf 58' lang='lat' dir='ltr'><strong>itopmiCstv,</strong></span> <span class='ocrx_word' id='word_1_804' title='bbox 2302 5549 2518 5604; x_wconf 83' lang='lat' dir='ltr'><strong>deinde</strong></span> <span class='ocrx_word' id='word_1_805' title='bbox 2568 5565 2708 5606; x_wconf 90' lang='lat' dir='ltr'><strong>vero</strong></span> <span class='ocrx_word' id='word_1_806' title='bbox 2739 5565 2936 5606; x_wconf 88' lang='lat' dir='ltr'><strong>errore</strong></span> <span class='ocrx_word' id='word_1_807' title='bbox 2979 5548 3420 5622; x_wconf 72' lang='lat' dir='ltr'><strong>animadverso,</strong></span> <span class='ocrx_word' id='word_1_808' title='bbox 3476 5553 3595 5611; x_wconf 82' lang='lat' dir='ltr'><strong>alia</strong></span> 
     </span>
    </p>
   </div>
   <div class='ocr_carea' id='block_1_119' title="bbox 1941 5621 2313 5688">
    <p class='ocr_par' dir='ltr' id='par_1_119' title="bbox 1941 5621 2313 5688">
     <span class='ocr_line' id='line_1_119' title="bbox 1941 5621 2313 5688; baseline -0.008 -13"><span class='ocrx_word' id='word_1_809' title='bbox 1941 5621 2313 5688; x_wconf 76' lang='lat' dir='ltr'><strong>interposuit.</strong></span> 
     </span>
    </p>
   </div>
   <div class='ocr_carea' id='block_1_120' title="bbox 1942 5690 3598 5819">
    <p class='ocr_par' dir='ltr' id='par_1_120' title="bbox 1942 5690 3598 5819">
     <span class='ocr_line' id='line_1_120' title="bbox 1942 5690 3598 5819; baseline -0.011 -49"><span class='ocrx_word' id='word_1_810' title='bbox 1942 5690 2292 5819; x_wconf 40' lang='lat' dir='ltr'><strong>“gift-0,</strong></span> <span class='ocrx_word' id='word_1_811' title='bbox 2325 5693 2402 5748; x_wconf 79' lang='lat' dir='ltr'><strong>Et</strong></span> <span class='ocrx_word' id='word_1_812' title='bbox 2444 5693 2708 5753; x_wconf 71' lang='lat' dir='ltr'><strong>diximus</strong></span> <span class='ocrx_word' id='word_1_813' title='bbox 2735 5693 2820 5752; x_wconf 81' lang='lat' dir='ltr'><strong>ibi</strong></span> <span class='ocrx_word' id='word_1_814' title='bbox 2847 5709 3107 5762; x_wconf 85' lang='lat' dir='ltr'><strong>causam,</strong></span> <span class='ocrx_word' id='word_1_815' title='bbox 3153 5692 3270 5752; x_wconf 87' lang='lat' dir='ltr'><strong>alia</strong></span> <span class='ocrx_word' id='word_1_816' title='bbox 3304 5694 3488 5753; x_wconf 85' lang='lat' dir='ltr'><strong>habet</strong></span> <span class='ocrx_word' id='word_1_817' title='bbox 3511 5695 3598 5754; x_wconf 85' lang='lat' dir='ltr'><strong>in-</strong></span> 
     </span>
    </p>
   </div>
   <div class='ocr_carea' id='block_1_121' title="bbox 1965 5776 2189 5839">
    <p class='ocr_par' dir='ltr' id='par_1_121' title="bbox 1965 5776 2189 5839">
     <span class='ocr_line' id='line_1_121' title="bbox 1965 5776 2189 5839; baseline 0.009 -21"><span class='ocrx_word' id='word_1_818' title='bbox 1965 5776 2189 5839; x_wconf 87' lang='lat' dir='ltr'><strong>erpres.</strong></span> 
     </span>
    </p>
   </div>
  </div>
