4170 6434
279 389 485 464 βλέπειν
508 408 522 423 ·
557 388 690 443 οὕτω
715 389 984 443 κάνταῦθα
1011 389 1068 440 τό
1100 385 1303 440 ἀκούειν
1332 390 1538 446 νοητέον
1563 405 1575 420 '
1611 385 1877 458 οἰκονομι-
1908 384 1953 440 Α

275 489 379 542 κῶς
407 483 520 552 μεν,
564 481 852 554 θεοπρεπῶς
900 475 978 532 δέ.
1014 478 1090 531 Ού
1132 479 1234 550 γὰρ
1285 473 1458 530 δεῖται
1487 484 1576 530 τοῦ
1631 476 1875 529 ἀκούειν’

279 566 522 631 ἀνενδεὴς
544 571 646 641 γὰρ
673 570 698 620 ὁ
730 572 881 631 Θεὸς.

353 662 454 711 Καὶ
519 688 589 698 -
647 661 865 731 Πατρός,
917 659 1087 730 Κρίνω
1141 652 1348 721 δίκαια,
1405 659 1557 727 φησὶ,
1627 651 1767 707 διότι
1819 651 1877 706 ού

279 751 440 818 κρίνω
473 750 609 799 κατά
641 750 700 799 τὸ
741 746 938 819 θέλημα
983 746 1098 816 (17)
1143 749 1202 798 τό
1251 744 1407 817 ἐμόν·
1458 741 1581 797 οὐδὲ
1627 747 1728 818 γὰρ
1771 742 1880 814 ἔχω

282 837 480 909 θέλημα
522 833 658 890 ἴδιον
683 853 696 866 '
750 834 876 888 ἀλλὰ
917 837 1053 888 κατὰ
1082 837 1140 887 τὸ
1175 842 1266 887 τοῦ
1298 837 1521 906 Πατρός.
1571 840 1734 886 Τοῦτο
1776 835 1878 904 γὰρ

280 931 370 978 καὶ
410 924 566 998 ἐμόν’
613 925 663 977 ὃν
710 927 812 999 γὰρ
865 928 955 976 καὶ
1007 927 1065 976 τό
1119 923 1248 976 αύτό
1303 923 1501 995 θέλημα
1545 924 1748 996 Πατρός
1789 925 1880 973 καὶ

278 1017 421 1071 Υὶοῦ.
478 1019 579 1068 Καὶ
619 1015 816 1080 λοιπὸν,
858 1014 901 1067 εὶ
931 1015 957 1066 5
1003 1017 1182 1086 Πατὴρ
1232 1017 1418 1084 κριτὴς
1467 1009 1688 1082 δίκαιος,
1736 1016 1825 1063 καὶ
1853 1011 1878 1062 ὀ

280 1105 399 1167 Υἱός
427 1105 532 1179 ἄρα
559 1109 743 1179 κριτὴς
771 1100 995 1164 δίκαιος.

353 1199 462 1268 Χρὴ
509 1198 682 1247 τοίνυν
720 1192 804 1247 ἐπὶ
848 1201 944 1245 τῶν
985 1193 1230 1245 τοιούτων
1293 1188 1762 1262 συγκαταϐατικῶν
1827 1207 1880 1240 τε

279 1289 368 1337 καὶ
438 1283 774 1357 οἰκονομικῶν
842 1283 1088 1358 ῥημάτων
1155 1285 1226 1353 μὴ
1294 1283 1421 1352 πρός
1476 1279 1611 1332 αύτά
1675 1277 1880 1350 βλέπειν

279 1378 452 1446 μόνον,
488 1372 615 1426 ἀλλὰ
665 1375 912 1445 καὶπρὸς
942 1375 1032 1430 τὴν
1087 1370 1258 1423 αἰτίαν
1317 1365 1395 1422 δι’
1451 1367 1510 1426 ἣν
1559 1365 1877 1441 έρρήθησαν.

282 1464 436 1518 Αἰτία
483 1466 585 1539 γὰρ
618 1462 702 1516 ἐπὶ
745 1465 937 1514 τούτων
984 1463 1014 1518 ἡ
1074 1459 1316 1512 ἀσθένεια
1364 1466 1460 1520 τῆς
1499 1454 1737 1518 διανοίας
1781 1463 1881 1507 τῶν

279 1552 586 1624 ἀκουόντων,
629 1556 718 1604 καὶ
749 1553 808 1604 τὸ
853 1555 924 1624 μή
960 1546 1133 1603 δοκεῖν
1174 1548 1330 1601 αύτὸν
1376 1546 1628 1611 ἀντίθεον,
1667 1547 1737 1606 ὡς
1768 1540 1802 1596 δ
1808 1563 1884 1596 ια-

279 1647 443 1718 φόρως
481 1642 776 1717 εἰρήκαμεν.

1259 253 1626 320 COMMENT.
1673 261 1737 316 ΙΝ
1777 255 2130 318 JOANNEM.
2168 293 2236 301 —
2276 254 2434 317 CAP.
2476 257 2541 317 V.

3505 263 3645 319 1226

1983 383 2132 440 dum
2157 388 2246 441 est
2268 384 2718 459 dispensatorie,
2747 389 2804 442 et
2829 390 2892 444 ut
2928 387 3048 443 Deo
3079 387 3414 444 conveniat.
3449 388 3643 462 Siqui-

1983 473 2124 530 dem
2164 489 2358 546 neque
2389 473 2586 530 videre
2622 475 2672 531 ei
2700 490 2854 546 opus
2885 479 2994 542 est,
3027 491 3224 550 neque
3253 477 3479 541 audire,
3506 493 3645 533 cum

1986 561 2140 616 Deus
2179 561 2342 617 nulla
2366 578 2427 618 re
2460 561 2744 633 indigeat.

2056 652 2219 708 Vers.
2260 655 2354 710 30.
2411 652 2486 706 Et
2524 681 2593 693 —
2640 653 2855 708 Patris.
2911 653 3096 720 Juste,
3154 653 3369 727 inquit,
3396 652 3644 725 judicio,

1985 740 2128 813 quia
2157 755 2278 796 non
2287 740 2492 811 judico
2514 741 2850 797 secundum
2875 742 3262 813 voluntatem,
3307 759 3527 810 meam,
3549 758 3650 799 ne-

1985 846 2102 902 que
2132 845 2242 899 ego
2263 831 2571 902 propriam
2593 831 2784 887 habeo
2805 831 3173 888 voluntatem
3187 833 3290 888 sed
3313 833 3649 890 secundum

1986 920 2174 974 Patris
2191 917 2726 986 voluntatem;nam
2742 920 2841 976 illa
2859 921 3039 978 etiam
3061 938 3196 978 mea
3215 927 3451 989 est;una
3469 922 3650 996 siqui-

1985 1008 2124 1063 dem
2141 1016 2194 1064 et
2212 1008 2418 1064 eadem
2440 1017 2527 1065 est
2550 1011 2735 1066 Patris
2761 1015 2817 1067 et
2844 1010 2971 1067 Filii
2993 1011 3290 1069 voluntas.
3319 1013 3374 1070 Si
3393 1028 3530 1084 ergo
3552 1028 3650 1085 pa-

1987 1103 2072 1154 ter
2087 1097 2284 1169 justus
2298 1099 2603 1170 estjudex,
2631 1106 2686 1156 et
2708 1100 2890 1156 Filius
2909 1100 3112 1174 utique
3128 1102 3325 1174 justus
3337 1109 3423 1159 est
3439 1102 3646 1175 judex.

2058 1189 2301 1259 Oportet
2327 1188 2530 1261 itaque
2559 1189 2618 1244 in
2649 1187 2996 1260 hujusmodi
3028 1191 3238 1257 verbis,
3271 1207 3402 1264 quae
3432 1191 3651 1249 demis-

1987 1275 2215 1332 sionem
2239 1292 2310 1333 ac
2339 1275 2851 1350 dispensationem
2882 1278 3241 1350 signiﬁcant,
3271 1297 3390 1336 non
3416 1281 3492 1338 ad
3516 1280 3654 1354 ipsa

1990 1369 2220 1422 tantum
2252 1366 2565 1439 respicere,
2598 1367 2702 1423 sed
2736 1368 2917 1424 etiam
2955 1368 3034 1424 ad
3064 1385 3311 1426 causam
3343 1369 3646 1442 ipsorum;

1988 1454 2048 1510 in
2076 1455 2169 1511 his
2197 1455 2356 1512 enim
2385 1472 2568 1513 causa
2599 1460 2690 1512 est
2746 1456 3119 1514 imbecillitas
3150 1457 3365 1514 mentis
3408 1458 3651 1516 audien-

1989 1544 2159 1610 tium,
2197 1549 2252 1600 et
2292 1560 2366 1600 ne
2411 1544 2530 1600 Deo
2562 1545 2897 1602 contrarius
2929 1545 3246 1612 videretur,
3280 1547 3432 1604 sicut
3469 1547 3651 1604 variis

1989 1633 2049 1689 in
2076 1633 2222 1688 locis
2251 1634 2532 1689 diximus.

349 1731 466 1785 Ἐὰν
541 1762 610 1771 —
662 1729 874 1790 ἀληθής.
952 1732 1067 1804 Χρὴ
1133 1730 1253 1789 τούς
1315 1728 1404 1788 τάς
1477 1726 1614 1797 ἱερὰς
1672 1724 1877 1798 Γραφάς

2065 1722 2224 1778 Vers.
2275 1723 2370 1781 31.
2407 1723 2466 1779 Si
2517 1755 2586 1764 —
2618 1739 2842 1782 verum.
2871 1724 3108 1798 Oportet
3159 1741 3261 1782 eos
3318 1725 3422 1799 qui
3453 1743 3652 1784 sacras

279 1818 727 1892 ἀναγινώσκοντας
769 1824 854 1872 τόν
885 1838 940 1871 τε
979 1820 1171 1871 σκοπόν
1224 1824 1316 1868 τοῦ
1363 1815 1588 1886 λέγοντος
1643 1817 1733 1865 καὶ
1784 1816 1876 1870 τὴν

277 1908 378 1972 ἕξιν
409 1916 503 1962 τοῦ
545 1908 821 1970 ἀκούοντος
859 1907 1134 1972 ἐξετάζειν,
1180 1911 1268 1958 καὶ
1317 1911 1520 1979 καιροῖς
1567 1906 1655 1954 καὶ
1704 1905 1878 1960 τόποις

277 2001 416 2051 ἔστιν
475 2000 556 2051 ὅτε
611 2001 915 2070 προσέχειν,
963 2001 1054 2048 καὶ
1099 1997 1165 2048 τὰ
1216 1990 1482 2065 ἰδιώματα
1532 1996 1874 2064 παρατηρεῖν,

276 2092 365 2140 καὶ
409 2093 480 2160 μὴ
530 2086 703 2148 ἁπλῶς
758 2091 848 2138 καὶ
895 2085 1014 2136 καθ’
1065 2085 1150 2136 ἕνα
1194 2087 1382 2157 τρόπον
1439 2079 1633 2133 ἐπιέναι
1683 2080 1873 2147 πάντα,

277 2177 321 2228 εἰ
368 2175 638 2249 βούλοιντο
686 2177 754 2228 τὰ
793 2178 990 2246 γνήσια
1031 2177 1270 2246 νοήματα
1311 2168 1743 2242 καταλαμϐάνειν,
1785 2172 1875 2220 καὶ

275 2269 347 2337 μὴ
406 2264 576 2336 ψιλοῖς
620 2271 731 2325 τοῖς
775 2264 1007 2338 ῥήμασιν
1051 2261 1394 2334 έναπομένειν,
1445 2264 1535 2312 καὶ
1577 2258 1876 2311 πλανᾶσθαι

276 2356 414 2406 κατὰ
469 2356 586 2413 τοὺς
638 2355 945 2428 αἱρετικούς.
1016 2351 1211 2404 Αύτίκα
1259 2351 1362 2423 γὰρ
1432 2351 1490 2401 τὸ
1543 2353 1874 2420 προκείμενον

275 2446 475 2517 χωρίον
527 2445 640 2514 ἔχει
691 2444 782 2514 μὲν
853 2439 1012 2493 πολύν
1069 2442 1353 2511 θησαυρόν,
1415 2439 1530 2510 ἔχει
1585 2433 1644 2489 δὲ
1694 2443 1872 2489 τοῦτον

273 2530 432 2603 πολλῇ
502 2534 970 2602 κατακεχωσμένον
1026 2526 1270 2600 ἀσαφειᾳ.
1347 2531 1440 2588 Τίς
1489 2527 1590 2599 γὰρ
1652 2525 1748 2577 οὐκ
1813 2524 1873 2576 ἂν

275 2620 460 2680 εὐθέως
515 2619 827 2693 θορυϐηθείη
885 2617 1083 2670 ἀκούων
1154 2625 1246 2670 τοῦ
1301 2622 1537 2688 Χριστοῦ
1594 2613 1868 2685 λέγοντος·

272 2709 392 2761 Ἐὰν
481 2707 581 2780 ἐγὼ
643 2716 892 2782 μαρτυρῶ
948 2711 1066 2782 περὶ
1158 2705 1408 2779 ἐμαυτοῦ,
1499 2706 1528 2763 ἠ
1607 2707 1875 2777 μαρτυρία

271 2816 372 2868 μου
416 2796 510 2850 ούκ
541 2799 680 2851 ἔστιν
724 2797 962 2864 ἀληθης;
1016 2800 1114 2849 Καὶ
1151 2797 1252 2870 γὰρ
1297 2794 1452 2857 αὐτὸς
1496 2793 1696 2865 ἔλεγεν
1743 2793 1874 2863 Ἐγώ

274 2887 381 2960 εἰμι
410 2890 440 2946 ἡ
475 2885 709 2944 ἀληθεια.
749 2891 848 2940 Καὶ
899 2885 984 2938 ἐὰν
1015 2887 1044 2944 ἠ
1072 2883 1286 2943 ἀλήθεια
1329 2884 1422 2936 ούκ
1476 2883 1698 2956 ἀληθεύῃ
1735 2882 1872 2954 (18),

273 2981 355 3039 τίς
418 2975 733 3041 ἀληθεύσει;
794 2975 912 3028 Ἐὰν
965 2975 999 3026 ἃ
1047 2978 1162 3046 περὶ
1225 2973 1412 3026 ἑαυτοῦ
1479 2974 1874 3046 μεμαρτύρηκεν

274 3070 369 3119 οῦκ
413 3065 544 3119 εἰσιν
575 3063 764 3135 ἀληθῆ,
806 3068 1013 3124 πάντως
1055 3066 1264 3134 οἴχεται
1314 3063 1438 3134 ἡμῖν
1495 3065 1554 3113 τό
1602 3060 1876 3132 κεφάλαιον

269 3162 360 3206 τοῦ
418 3156 772 3227 κηρύγματος.
839 3151 950 3204 Ἰνα
1021 3153 1123 3224 γὰρ
1192 3150 1423 3222 έάσωμεν
1496 3149 1656 3202 τοὶλλα
1711 3153 1876 3221 μυρία

267 3247 391 3296 ὄντα
440 3248 529 3296 καὶ
582 3243 862 3294 συνεκτικά
912 3249 1008 3300 τῆς
1077 3244 1326 3303 πίστεως,
1405 3245 1505 3291 ποῦ
1561 3240 1788 3309 θήσομεν
1841 3235 1876 3286 ἃ

265 3336 367 3404 πρὸ
411 3330 647 3406 βραχέος
675 3330 1004 3405 ἐμαρτύρησε
1053 3333 1172 3403 περὶ
1198 3328 1404 3393 ἑαυτοῦ,
1451 3328 1533 3379 51':
1589 3328 1704 3388 Υἱός
1757 3327 1873 3378 ἐστι

265 3429 358 3474 τοῦ
391 3428 546 3485 Θεοῦ,
582 3422 658 3472 51':
689 3423 807 3480 ἶσος
845 3419 984 3490 αύτῷ
1013 3420 1149 3470 κατὰ
1171 3419 1326 3490 φύσιν
1373 3420 1464 3468 καὶ
1516 3412 1738 3487 δύναμιν
1780 3417 1871 3467 καὶ

271 3510 500 3574 θέλησιν,
532 3511 612 3562 51':
643 3505 992 3585 δημιουργός,
1026 3509 1107 3560 ὅτι
1147 3508 1416 3578 ζωοποιὸς,
1450 3507 1530 3558 ὅτι
1569 3509 1748 3578 κριτὴς
1779 3507 1869 3556 καὶ

265 3601 368 3653 ὃσα
393 3606 611 3652 τοιαῦτα
634 3615 647 3666 ;

336 3694 400 3742 Τί
447 3685 534 3741 οὖν
589 3691 731 3741 ἔστιν
783 3687 979 3755 εἰπεῖνς
1035 3684 1175 3751 Ὀτι,
1241 3681 1424 3744 ἐπειδὴ
1477 3692 1696 3738 τοιαῦτα
1748 3689 1866 3757 περὶ

265 3777 451 3832 ἑαυτοῦ
499 3782 843 3852 μαρτυρήσας
901 3779 1031 3848 ἔγνω
1095 3781 1215 3838 τοὺς
1263 3771 1553 3836 Ἰουδαίους
1620 3773 1866 3847 ἐνθυμου-

263 3873 445 3940 μένους
494 3866 774 3920 ἀντιθεῖναι
812 3872 902 3919 καὶ
933 3866 1110 3932 εἰπεῖν,
1143 3867 1225 3918 51':
1277 3866 1386 3937 (19)
1437 3867 1556 3917 Ἐὰν
1616 3867 1682 3916 σὺ
1733 3883 1865 3937 μαρ-

262 3966 424 4033 τυρῇς
445 3961 562 4032 περὶ
622 3964 842 4009 σεαυτοῦ
873 3956 1017 4029 (20),
1058 3958 1087 4014 ἡ
1122 3959 1390 4028 μαρτυρία
1435 3973 1529 4007 σου
1575 3954 1670 4006 ούκ
1721 3957 1863 4007 ἔστιν

262 4047 476 4108 ἀληθής.
520 4043 708 4107 Οὐδεὶς
762 4048 864 4121 γὰρ
914 4044 1079 4116 ἐαυτῷ
1134 4053 1411 4120 μαρτυρῶν
1461 4043 1762 4106 ἀξιόπιστος
1815 4042 1864 4095 ἐν

264 4136 556 4210 ἀνθρώποις
607 4131 679 4188 δι’
730 4135 960 4206 ὑποψίαν
1017 4134 1322 4206 φιλαυτίας·
1375 4132 1622 4206 προέλαϐε
1679 4138 1768 4185 καὶ
1795 4129 1863 4185 εἶ-

1316 4223 1476 4294 )ἐγων
1507 4239 1519 4252 ⁸
1586 4221 1702 4275 Ἐὰν
1766 4220 1864 4292 ἐγὼ

264 4324 513 4389 μαρτυρῶ
577 4319 696 4387 περὶ
782 4314 1029 4386 ἐμαυτοῦ,
1121 4315 1151 4370 ἠ
1239 4316 1505 4387 μαρτυρία
1569 4329 1668 4382 μου
1773 4310 1866 4362 ούκ

266 4407 406 4456 ἔστιν
465 4403 678 4467 ἀληθὴς,
733 4404 798 4463 ὡς
854 4403 976 4474 ύμῖν
1031 4399 1208 4454 δοκεῖ·
1265 4406 1355 4453 καὶ
1409 4399 1586 4453 λοιπόν
1641 4401 1868 4472 παράγει

1907 3107 1949 3160 C

262 4245 352 4279 πεν
419 4227 446 4278 5
521 4225 725 4299 ἔμελλον
791 4225 948 4278 εἰπεῖν
1033 4223 1234 4294 ἐκεῖνοι,

268 4495 558 4568 μάρτυρας,
644 4491 1076 4564 συγκαταϐαίνων
1150 4488 1418 4542 κάνταῦθα
1491 4497 1551 4562 τῇ
1629 4488 1868 4560 ἀσθενείᾳ
1902 4463 1944 4518 D

270 4581 335 4636 αύ
348 4589 461 4650 τῶν,
493 4585 583 4634 καὶ
604 4579 658 4634 έκ
684 4585 988 4658 περιουσίας
1017 4579 1364 4654 ἐπιστομίζων
1385 4578 1596 4641 αύτούς.

337 4893 387 4928 ⁸⁸
416 4891 585 4948 Joan.
617 4903 738 4959 xxv,
773 4891 825 4944 6.

341 5150 454 5222 (17)
482 5149 582 5222 Hic
598 5147 780 5222 addit
803 5149 856 5222 ΑΔ
882 5162 896 5204 :
921 5148 992 5222 τό
1022 5142 1141 5222 ἐμόν
1165 5163 1180 5180 ο
1208 5139 1332 5199 οὐδὲ
1359 5143 1460 5220 γὰρ
1493 5144 1602 5216 ἔχω
1647 5143 1864 5218 θέλημα.

269 5219 365 5277 Bis
384 5219 527 5291 ergo
556 5220 717 5293 idem
747 5219 1002 5293 scripsit.

341 5293 454 5364 (18)
491 5292 758 5351 Ἀληθεύει
786 5297 849 5345 Α.

341 5471 469 5543 (nn)
513 5470 792 5540 Campus.
839 5470 1048 5525 Locus.
1080 5471 1283 5540 Χωρίον
1333 5463 1568 5543 dicitur,
1600 5467 1869 5543 _ut__l_.ati«

269 5539 416 5598 num
450 5539 636 5610 locus,
664 5539 744 5597 eo
786 5555 990 5604 sensu,
1040 5544 1102 5594 ut
1138 5539 1300 5595 notet
1349 5539 1547 5596 locum
1596 5540 1656 5595 in
1694 5539 1866 5597 libro.

272 5613 498 5671 Eodem
523 5609 706 5670 mddo
730 5611 888 5688 ῥῆσις
915 5609 1252 5667 adhibetur.

564 5713 784 5768 Pnaon
818 5711 919 5767 Gn.
962 5707 1206 5770 CXXIX.

1990 1810 2195 1881 legunt
2227 1812 2578 1882 Scripturas,
2608 1813 2996 1870 intentionem
3028 1814 3322 1886 loquentis
3351 1815 3653 1872 habitum-

1989 1916 2105 1972 que
2145 1900 2434 1956 audientis
2463 1903 2792 1974 exquirere,
2844 1909 3116 1975 tempora
3161 1921 3400 1978 quoque
3427 1921 3497 1962 ac
3521 1905 3652 1962 loca

1989 1989 2316 2056 advertere,
2366 1991 2606 2063 insuper
2656 1991 2949 2048 idiomata
2979 1993 3342 2052 observare:
3385 2010 3494 2051 nec
3513 1995 3654 2051 sim-

1988 2079 2213 2151 pliciter
2250 2085 2307 2136 et
2355 2096 2474 2136 uno
2513 2081 2696 2137 modo
2744 2087 2960 2139 cuncta
2991 2083 3256 2153 aggredi,
3288 2083 3335 2140 si
3356 2083 3653 2154 legitimos

1987 2184 2192 2224 sensus
2239 2169 2416 2226 velint
2458 2170 2926 2242 deprehendere,
2948 2176 3005 2229 et
3050 2188 3172 2229 non
3225 2174 3286 2229 in
3326 2175 3504 2230 nudis
3530 2190 3654 2231 ma-

1985 2273 2125 2313 nere
2165 2259 2360 2314 verbis
2380 2274 2451 2314 ac
2488 2259 2632 2326 falli,
2665 2259 2816 2316 sicut
2847 2261 3125 2318 haeretici.
3167 2261 3474 2334 Siquidem
3521 2278 3654 2335 pro-

1985 2347 2215 2420 positus
2247 2348 2446 2404 statim
2460 2364 2705 2421 campus
2727 2349 2856 2421 (nn)
2873 2349 3214 2407 thesaurum
3239 2351 3424 2408 habet
3452 2351 3655 2424 copio-

1984 2453 2116 2492 sum
2149 2454 2162 2492 :
2197 2438 2376 2493 habet
2415 2443 2613 2493 autem
2641 2437 2802 2494 hunc
2835 2437 3024 2495 multa
3070 2437 3354 2496 obrutum
3383 2438 3654 2496 obscuri-

1985 2531 2118 2581 tate.
2153 2525 2296 2592 Quis
2321 2526 2480 2582 enim
2511 2531 2752 2599 repente
2779 2526 3002 2583 turbari
3027 2543 3148 2583 non
3168 2532 3372 2599 posset
3401 2529 3654 2586 audiens

1986 2614 2279 2672 Christum
2331 2615 2675 2671 dicentem:
2718 2614 2776 2670 Si
2820 2631 2915 2686 ego
2968 2617 3349 2672 testimonium
3385 2617 3655 2688 perhibeo

1984 2704 2057 2760 de
2084 2719 2169 2760 me
2193 2705 2342 2774 ipso,
2395 2705 2784 2761 testimonium
2832 2720 3016 2762 meum
3071 2721 3186 2762 non
3226 2712 3309 2762 est
3344 2721 3536 2762 verum
3558 2708 3652 2758 ἰτ

1986 2792 2289 2864 Siquidem
2343 2793 2470 2864 ipse
2513 2793 2662 2850 dixit
2712 2808 2724 2848 :
2779 2794 2895 2865 Ego
2944 2811 3062 2850 sum
3120 2795 3330 2851 veritas
3363 2812 3378 2864 ;
3414 2795 3579 2868 quod
3602 2795 3654 2851 si

1985 2883 2200 2938 veritas
2225 2898 2430 2938 verum
2467 2898 2590 2938 non
2619 2883 2904 2956 loquitur,
2927 2884 3205 2956 quisnam
3235 2885 3342 2940 erit
3371 2885 3479 2956 qui
3511 2900 3654 2942 vera

1984 2971 2265 3043 loquatur
2295 2972 2321 3027 ?
2351 2973 2407 3027 Si
2439 2987 2575 3044 quae
2613 2971 2688 3027 de
2722 2973 2922 3045 seipso
2983 2972 3332 3030 testiﬁcatus
3366 2978 3470 3040 est,
3517 2989 3653 3030 vera

1986 3076 2108 3116 non
2131 3066 2287 3127 sunt,
2316 3060 2492 3116 nobis
2507 3060 2742 3116 omnino
2766 3061 3368 3134 peritpraadicationis
3384 3078 3648 3119 summa.

1987 3152 2226 3217 Nam,ut
2242 3156 2455 3205 caetera
2472 3150 2596 3204 sine
2609 3165 2902 3221 mus,quaa
2917 3155 3052 3205 sunt
3071 3151 3387 3207 innumera
3399 3150 3650 3208 etiidem

1984 3238 2384 3308 contingenlia
2417 3254 2429 3292 :
2462 3237 2708 3293 ubinam
2730 3253 3028 3310 ponemus
3055 3255 3127 3295 ea
3144 3255 3280 3312 quae
3295 3240 3479 3310 paulo
3511 3245 3650 3297 ante

1981 3325 2055 3381 de
2079 3327 2281 3397 seipso
2312 3325 2656 3381 testiﬁcatus
2677 3330 2782 3396 est,
2816 3327 2983 3399 quod
3012 3326 3194 3382 Filius
3224 3328 3297 3383 sit
3324 3327 3446 3395 Dei,
3481 3328 3650 3400 quod

1980 3415 2229 3487 aequalis
2258 3413 2341 3470 illi
2385 3419 2619 3478 natura,
2673 3416 2938 3486 potentia
2967 3421 3024 3472 et
3063 3415 3368 3473 voluntate
3427 3433 3442 3482 ;
3477 3417 3644 3490 quod

1979 3510 2230 3568 creator,
2261 3503 2428 3577 quod
2459 3503 2799 3572 vivificator,
2826 3505 2989 3578 quod
3013 3505 3201 3577 judex
3233 3505 3468 3578 aliaque
3490 3505 3648 3563 simi'

1977 3593 2058 3650 lia
2087 3594 2116 3650 ‘I

2049 3683 2200 3749 Quid
2233 3699 2372 3756 ergo
2425 3683 2748 3740 dicendum
2798 3683 2939 3740 est?
2970 3684 3141 3750 Quod
3196 3684 3340 3758 quia
3383 3685 3522 3743 talia
3570 3683 3647 3744 de

1977 3774 2178 3844 seipso
2255 3773 2600 3829 testiﬁcatus
2653 3773 2863 3839 fuerat,
2919 3774 3202 3843 cognovit
3254 3775 3494 3832 Iudaeos
3541 3774 3647 3832 ha-

1972 3863 2113 3920 bere
2138 3863 2193 3917 in
2217 3862 2420 3919 animo
2465 3878 2763 3935 opponere
2794 3879 2856 3918 se
2903 3865 2954 3918 ei
2996 3880 3064 3920 ac
3094 3864 3288 3920 dicere
3322 3881 3335 3919 :
3383 3864 3439 3920 Si
3468 3869 3528 3920 tu
3561 3872 3641 3922 te-

1975 3953 2320 4009 stimonium
2350 3953 2626 4026 perhibes
2666 3953 2740 4008 de
2773 3953 2980 4025 teipso,
3036 3952 3441 4010 testimonium
3474 3959 3643 4011 tuum

1975 4059 2095 4098 non
2119 4047 2208 4097 est
2235 4058 2464 4097 verum.
2498 4042 2686 4097 Nemo
2719 4041 3040 4114 siquidem,
3071 4043 3172 4114 qui
3204 4043 3278 4098 de
3309 4044 3508 4116 seipso
3536 4043 3644 4100 fert

1977 4131 2403 4196 testimonium,
2431 4129 2776 4199 ﬁdedignus
2795 4135 2880 4186 est
2897 4131 3060 4202 apud
3081 4131 3376 4200 homines,
3407 4139 3641 4202 propter

1977 4220 2384 4291 suspicionem
2416 4219 2489 4274 de
2521 4218 2708 4274 nimio
2731 4219 2819 4273 sui
2854 4217 3042 4290 ipsius
3063 4234 3288 4285 amore,
3321 4219 3456 4274 ideo
3488 4235 3640 4291 prae-

1976 4310 2138 4364 venit
2193 4325 2260 4363 ac
2311 4307 2477 4372 dixit,
2527 4307 2685 4378 quod
2748 4306 2829 4361 illi
2878 4306 3090 4362 dicturi
3138 4312 3324 4370 erant,
3365 4307 3569 4362 dicens
3621 4322 3634 4360 :

1976 4397 2034 4452 Si
2053 4413 2156 4467 ego
2183 4396 2570 4454 testimonium
2590 4395 2866 4464 perhibeo
2877 4395 2950 4449 de
2975 4410 3060 4451 me
3089 4395 3640 4464 ipso,testimonium

1977 4501 2155 4544 meum
2198 4502 2317 4542 non
2357 4491 2436 4542 est
2469 4500 2689 4549 verum,
2733 4491 2793 4539 ut
2825 4483 2986 4540 vobis
3016 4489 3289 4555 apparet.
3330 4485 3534 4558 Itaque
3563 4491 3640 4540 te-

1979 4579 2098 4632 stes
2123 4575 2382 4642 adducit,
2410 4575 2589 4631 etiam
2618 4575 2679 4630 in
2703 4574 2816 4629 hoc
2838 4589 2902 4628 se
2925 4572 3243 4628 demittens
3271 4573 3350 4629 ad
3372 4573 3637 4630 imbecil-

1976 4665 2202 4722 litatem
2242 4663 2502 4729 illorum,
2542 4667 2597 4720 et
2627 4679 2699 4719 ex
2738 4661 3070 4718 abundanti
3102 4663 3379 4719 cautione
3436 4663 3640 4737 (oo)si-

1975 4753 2229 4813 lentium
2259 4752 2371 4810 illis
2399 4753 2744 4826 imponens.

1462 4973 1687 5044 Variae
1725 4971 2056 5042 lectiones
2097 4978 2162 5040 et
2193 4979 2396 5039 notae.

2047 5141 2168 5286 (19)
2196 5141 2260 5196 Et
2278 5138 2338 5196 id
2369 5153 2512 5196 sane
2537 5134 2693 5194 infra
2719 5149 2841 5205 vui,
2876 5136 2961 5204 13,
2989 5133 3044 5194 ei
3063 5140 3392 5210 opponunt.

2056 5215 2146 5286 (20
2202 5218 2326 5286 Περὶ
2355 5211 2516 5266 αύτοῦ
2545 5215 2613 5265 Α.

2056 5211 2168 5287 (20)
2202 5218 2326 5290 Περὶ
2355 5211 2516 5266 αύτοῦ
2545 5215 2613 5265 Α.

2049 5427 2162 5537 (οο)
2184 5457 2634 5537 Επίαὸιιηάαηιὶ
2657 5462 2944 5537 cautione.
2976 5436 3280 5537 cautique,
3312 5472 3432 5537 non
3459 5463 3546 5518 est
3573 5456 3634 5516 iu

1981 5529 2204 5593 Graeco.
2242 5536 2339 5592 Ἐκ
2383 5537 2687 5611 περιουσίας
2716 5533 2860 5589 satis
2892 5536 3033 5590 nota
3063 5539 3148 5590 est
3177 5529 3453 5588 formula.

3279 5698 3348 5758 39
