4170 6472
677 315 812 370 42'27

747 437 916 504 Quod
943 452 1086 506 ergo
1115 437 1189 493 ait
1233 453 1243 491 :
1285 435 1691 494 Testimonium
1749 453 1940 494 meum
1974 456 2087 495 non
2125 447 2208 496 est
2241 456 2331 496 ve-
2363 444 2407 495 Α

673 544 830 592 rum,
854 541 976 582 non
1008 527 1180 597 quasi
1209 525 1570 582 aﬂirmando
1590 527 1751 587 dixit.
1780 527 1881 581 sed
1922 531 2072 597 quod
2104 528 2180 584 illi
2219 530 2332 585 hoc

675 618 870 673 dicere
901 623 1202 688 pararent.
1233 617 1402 681 Quod
1436 623 1630 671 autem
1672 617 1796 672 haec
1822 618 1902 672 ita
1944 635 2006 673 se
2046 618 2329 682 habeant,

673 704 810 760 inde
862 705 1246 759 manifestum
1310 710 1420 758 est.
1455 706 1601 760 Cum
1635 706 1789 759 enim
1831 707 1888 759 in
1943 707 2332 777 sequentibus

673 793 909 850 locutus
933 793 1139 850 fuisset
1166 793 1370 849 dicens
1421 810 1432 848 :
1468 793 1591 863 Ego
1622 811 1750 848 sum
1785 797 1894 850 tux
1919 796 2129 850 mundi
2158 797 2226 859 ⁸³,
2256 795 2336 849 di—

677 882 949 937 centibus
977 880 1288 936 Pharisazis
1323 897 1335 936 :
1362 881 1520 935 Tuda
1547 883 2129 949 tapsotestimonium
2146 883 2338 951 per/ii-

680 972 794 1035 bes,
828 972 1214 1026 testimonium
1249 976 1412 1026 tuum
1445 987 1561 1026 non
1593 979 1675 1026 est
1693 989 1892 1027 verum
1920 973 2339 1028 “contradixit

678 1061 882 1116 dicens
913 1077 922 1112 :
954 1060 1083 1115 Etsi
1110 1077 1202 1129 ego
1231 1060 1623 1115 testimonium
1681 1062 1956 1128 perhibeo
2001 1061 2069 1117 de
2106 1062 2335 1132 meipso.

678 1149 1064 1206 testimonium
1110 1166 1289 1204 meum
1326 1164 1528 1204 verum
1563 1156 1647 1204 est
1678 1152 1752 1204 97.
1793 1150 2162 1205 Manifestum
2194 1166 2336 1217 ergo

678 1244 789 1307 est,
847 1239 1012 1311 quod
1064 1237 1208 1292 illud
1276 1238 1664 1309 appositionis
1726 1239 1964 1295 illorum
2027 1247 2172 1300 erat,
2223 1239 2335 1293 hoc

682 1332 884 1384 autem
937 1326 1270 1382 intellectus
1340 1327 1488 1395 ejus.
1536 1326 1844 1399 Siquidem
1897 1327 1973 1381 illi
2025 1328 2331 1398 putabant,

681 1434 821 1474 eum
867 1432 985 1472 non
1017 1432 1146 1471 esse
1194 1416 1311 1470 ﬁde
1343 1415 1618 1484 dignum,
1647 1418 1749 1488 qui
1775 1419 1849 1472 de
1885 1434 1947 1472 se
1989 1419 2118 1490 ipso
2162 1417 2335 1473 ferret

679 1506 1109 1572 testimonium,
1135 1513 1333 1577 utpote
1366 1506 1668 1561 hominem
1697 1508 1854 1576 ;ipse
1884 1523 2022 1562 vero
2049 1523 2078 1561 e
2100 1507 2334 1562 diverso

681 1613 811 1653 sese
839 1597 953 1651 ﬁde
982 1597 1230 1664 dignum
1261 1596 1428 1656 dixit.
1485 1601 1771 1667 tanquam
1827 1599 2031 1651 Deum.
2067 1597 2331 1652 Primum

678 1686 1152 1758 itaquedissolvit
1180 1685 1847 1756 excogitatamipsorum
1869 1686 2331 1757 oppositionem,

2004 307 2343 366 EUTHYMII
2388 303 2718 367 ZIGABENI

3837 319 3932 375 i298

2519 440 2679 492 Ὠστε
2718 443 2794 503 τὸ,
2836 438 2891 490 Ἠ
2927 440 3191 510 μαρτυρία
3224 456 3320 510 μου
3351 436 3440 489 οὐκ
3484 440 3609 490 ἔστιν
3650 437 3825 510 ἀληθὴς,
3859 446 3934 515 οὑχ

2434 531 2508 590 ’ὡς
2554 528 2959 600 ἀποφαινόμενος
2987 523 3140 591 εἶπεν,
3195 525 3297 577 ἀλλ’
3345 527 3409 586 ὡς
3447 525 3626 578 ἐκείνων
3665 538 3790 582 τοῦτο
3821 532 3934 584 εἰπεῖν

2444 618 2850 690 ἐνθυμουμένων.
2898 615 3018 668 Ὀτι
3075 612 3134 667 δι
3201 615 3360 673 ἀληθῆ
3421 624 3594 679 ταῦτα,
3647 613 3780 676 δῆλον
3818 618 3935 672 ivro)-

2447 711 2546 761 θεν.
2638 708 2776 758 Ἐπεὶ
2850 708 2951 778 γὰρ
3047 709 3238 776 προῖὼν
3322 703 3527 762 ἕλάλησε
3604 705 3771 776 λέγων·
3840 709 3936 779 Ἐγὼ

2446 797 2551 868 εἰμι
2604 800 2660 847 τὸ
2715 804 2820 867 γὼς
2869 802 2964 845 τοῦ
3019 800 3240 865 κόσμου,
3296 800 3383 846 καὶ
3449 798 3511 846 τὰ
3555 795 3692 857 ἐξῆςο
3757 797 3936 848 εἰπόντων

2446 894 2544 937 τῶν
2626 889 2943 958 Φαρισαίων,
3044 887 3110 935 Σύ
3212 888 3327 955 περὶ
3415 891 3619 936 σεαυτοῦ
3697 894 3934 958 μαρτυρεῖς·

2447 978 2475 1032 ἠ
2532 978 2796 1049 μαρτυρία
2845 992 2938 1024 σου
2999 972 3092 1024 οὐκ
3167 975 3307 1024 ἔστιν
3361 971 3573 1033 ἁληθήςο
3633 973 3822 1034 ἀντεῖπε,
3865 975 3935 1027 Κᾶν

2447 1062 2546 1132 ἐγὼ
2625 1071 2874 1134 μαρτυρῶ
2971 1066 3086 1133 περὶ
3176 1059 3418 1133 ἐμαυτοῦ,
3509 1060 3684 1122 ἀληθής
3762 1061 3932 1121 ἐστινὲ

2446 1159 2710 1225 μαρτυρία
2766 1171 2887 1222 μου.
2952 1147 3222 1224 Προδηλον
3288 1147 3373 1202 οὖν
3437 1153 3512 1202 ὅτι
3571 1150 3709 1203 έκεῖνο
3765 1156 3836 1222 μὲν
3874 1162 3934 1213 τῆς

2446 1240 2645 1292 ἐκείνων
2678 1239 2982 1301 ἀντιθέσεως
3010 1237 3070 1298 ἧν
3096 1256 3108 1270 ·
3155 1247 3308 1292 τοῦτο
3336 1236 3394 1292 δι
3433 1247 3520 1300 τῆς
3564 1243 3726 1292 τούτου
3770 1247 3932 1312 γνώμης.

2445 1334 2658 1382 Ἐκεῖνοι
2714 1333 2803 1401 μεν
2858 1332 2960 1401 γὰρ
3014 1335 3172 1399 ᾤοντο
3229 1334 3300 1401 μὴ
3361 1329 3645 1390 ἁξιοπιστον
3679 1329 3808 1380 αὐτόν
3850 1327 3930 1381 εἶναι

2444 1425 2561 1489 περὶ
2623 1419 2804 1471 ἑαυτοῦ
2861 1427 3223 1491 μαρτυροῦντα
3293 1423 3356 1478 ως
3411 1420 3691 1493 ἄνθρωπον·
3743 1419 3856 1479 οὗτος
3898 1416 3931 1470 δε

2443 1508 2735 1560 τούναντίον
2791 1507 2954 1579 ἔλεγεν
3012 1507 3317 1570 ἀξιόπιστον
3363 1508 3537 1560 ἑαυτὸν
3581 1511 3639 1567 ὡς
3685 1513 3800 1562 Θεὸν.
3836 1515 3931 1579 Πρῶ-

2443 1616 2528 1648 τον
2593 1599 2683 1669 μεν
2750 1593 2837 1649 οὖν
2907 1597 3156 1650 κατέλυσε
3210 1604 3303 1656 τὴν
3364 1597 3688 1670 μελετωμένην
3749 1596 3929 1648 ἀντίθετα

2444 1685 2632 1752 αὐτῶν,
2693 1685 2847 1738 εἰπὼν
2900 1687 3020 1757 ὅπερ
3078 1685 3234 1737 εἰπεῖν
3303 1684 3640 1757 ἐνεθυμοῡντο,
3686 1691 3760 1737 καὶ
3814 1681 3930 1745 δείξας

679 1776 887 1832 dicens
911 1776 970 1830 id
992 1774 1156 1847 quod
1185 1775 1294 1846 ipsi
1339 1774 1533 1828 dicere
1580 1774 1894 1845 parabant,
1929 1781 1982 1830 et
2013 1775 2326 1829 ostendens

2281 1793 2332 1829 is
2367 1798 2409 1852 Β
2444 1776 2523 1826 ὃτι
2552 1782 2799 1845 γινώσκει
2829 1776 2924 1836 τὰς
2954 1771 3192 1835 διανοίας
3246 1774 3432 1826 αὐτῶν·
3480 1771 3585 1826 εἶτα
3627 1780 3705 1826 καὶ
3740 1777 3928 1846 μάρτυρος

678 1865 844 1938 quod
857 1865 1242 1933 cogitationes
1263 1879 1466 1918 eorum
1489 1871 1891 1932 cognosceret.
1921 1864 2141 1918 Deinde
2155 1866 2331 1920 etiam

679 1960 856 2011 testes
886 1953 1129 2008 adducit
1151 1953 1513 2016 manifestos,
1548 1959 1602 2008 et
1631 1953 1852 2024 quibus
1879 1954 2203 2008 contradici
2233 1970 2330 2009 ne-

677 2049 858 2116 queat
882 2044 1224 2104 :Joannem,
1240 2057 1423 2113 opera
1446 2043 1781 2113 propria,ac
1799 2041 2054 2097 Patrem.
2072 2044 2331 2098 Primum

677 2140 878 2189 autem
910 2133 1078 2204 ponit
1123 2131 1374 2186 debilius
1427 2132 1825 2186 testimonium
1872 2140 2012 2203 puta
2051 2132 2321 2188 Joannis.

747 2223 912 2277 Vers.
962 2224 1048 2277 3'2.
1083 2221 1237 2275 Atius
1264 2251 1330 2260 ——
1370 2236 1476 2276 me.
1510 2220 1640 2274 Scio
1697 2220 1877 2283 hunc,
1913 2222 2122 2292 inquit,
2173 2221 2332 2292 quod

676 2311 838 2384 apud
865 2326 1078 2366 omnes
1111 2311 1184 2365 sit
1209 2308 1326 2366 ﬁde
1355 2309 1600 2378 dignus,
1631 2325 1846 2382 nempe
1886 2310 2177 2382 prOpheta
2211 2310 2330 2379 Dei,

674 2408 730 2457 et
759 2401 933 2456 aDeo
974 2399 1290 2470 accipiens,
1325 2415 1461 2471 quae
1499 2399 1777 2471 loquitur.
1816 2400 2057 2464 Deinde,
2091 2416 2164 2454 ne
2195 2400 2330 2471 quis

673 2496 942 2563 opponat
970 2489 1175 2544 dicens
1209 2505 1220 2542 :
1267 2489 1419 2554 Quid
1449 2489 1492 2542 si
1527 2488 1603 2543 ad
1635 2489 1886 2556 gratiam
1921 2489 2330 2545 testimonium

671 2579 972 2652 perhibuit
1000 2577 1029 2632 τ
1058 2578 1212 2632 hanc
1238 2579 1414 2632 etiam
1449 2577 1592 2631 tollit
1621 2577 2016 2647 objuctionein
2072 2577 2278 2632 dicens
2314 2593 2326 2632 :

742 2670 900 2723 Vers.
930 2667 1015 2722 33.
1057 2667 1157 2722 Vos
1187 2697 1254 2706 —
1286 2667 1548 2722 veritati.
1602 2666 1663 2720 in
1700 2667 2036 2736 primordiis
2073 2666 2330 2739 Evange-

670 2756 729 2813 lii
758 2758 847 2811 sui
879 2763 1014 2828 post
1041 2771 1377 2810 sermonem
1411 2755 1484 2809 de
1513 2755 1632 2809 Deo
1661 2755 1955 2820 habitum,
1989 2755 2130 2810 dixit
2153 2773 2329 2811 evan-

669 2845 877 2914 gelista
906 2861 916 2898 :
960 2843 1459 2899 Miseruntludcei
1485 2844 1559 2899 ab
1575 2844 2329 2914 Hierosolymissacerdotes

668 2942 718 2991 et
753 2935 958 2991 levitas
985 2941 1045 2988 ut
1077 2934 1500 3003 interrogarent
1533 2950 1663 2989 eum
1696 2950 1707 2988 :
1743 2936 1824 2988 Tu
1859 2936 1984 3006 quis
2014 2951 2066 2989 es
2097 2939 2124 2990 ?
2148 2940 2204 2990 et
2230 2952 2331 2993 cae-

667 3031 792 3081 tera
822 3025 890 3077 ".
924 3025 1084 3078 Tunc
1111 3037 1253 3092 ergo
1295 3022 1480 3078 multa
1506 3028 1561 3078 et
1599 3039 1820 3092 magna
1859 3024 2211 3078 testiﬁcatus
2239 3031 2328 3079 est

667 3111 736 3168 de
759 3113 1005 3169 Christo.
1042 3113 1175 3167 Ideo
1209 3128 1367 3168 nunc
1415 3112 1603 3168 dicit:
1657 3112 1771 3168 Vos
1813 3113 2057 3168 misistis
2101 3114 2178 3169 ad
2227 3116 2327 3168 Jo-

666 3217 908 3268 annem,
938 3202 1366 3272 interrogantes
1397 3218 1534 3257 eum
1568 3219 1584 3260 :
1617 3218 1736 3257 non
1764 3207 1965 3258 autem
1999 3204 2324 3270 misissetis,

665 3290 783 3347 nisi
807 3308 942 3346 eum
985 3290 1101 3345 ﬁde
1123 3290 1373 3359 dignum
1404 3291 1837 3359 cognovissetis
1873 3308 1885 3356 ;
1923 3293 2326 3348 testimonium

663 3395 807 3452 ergo
837 3381 966 3451 ejus
987 3380 1247 3436 refellere
1265 3396 1385 3436 non
1418 3381 1689 3453 potestis.

734 3560 898 3615 Vers.
925 3562 1013 3615 34.
1067 3560 1183 3630 Ego
1212 3589 1277 3599 —
1309 3560 1551 3629 accipio.
1614 3561 1734 3615 Hoc
1795 3564 1902 3621 est,
1949 3560 2208 3616 humano
2248 3565 2324 3614 te-

663 3648 942 3706 stimonio
970 3663 1090 3703 non
1118 3648 1382 3717 indigeo,
1409 3664 1546 3703 cum
1575 3649 1684 3703 sim
1721 3649 1892 3703 Deus.
1931 3651 1990 3703 Et
2015 3649 2325 3722 quomodo

662 3737 723 3793 in
755 3737 1159 3793 testimonium
1191 3736 1440 3792 adduxit
1467 3739 1780 3802 Joannem,
1809 3738 1908 3809 qui
1934 3738 2117 3793 homo
2143 3738 2322 3794 erat?

662 3826 932 3882 Primum
963 3825 1223 3898 quidem,
1275 3826 1421 3898 quia
1451 3827 1860 3883 testimonium
1892 3827 2020 3896 ejus
2045 3843 2165 3882 non
2197 3833 2323 3883 erat

663 3915 872 3988 ipsius,
907 3915 1008 3970 sed
1040 3915 1159 3970 Dei.
1191 3916 1280 3970 Ait
1308 3917 1466 3971 enim
1500 3934 1513 3970 :
1551 3916 1661 3981 Qui
1698 3919 1845 3971 misit
1891 3932 1980 3971 me
2010 3917 2090 3972 ad
2136 3917 2323 3986 bapti-

663 4005 911 4062 zandum
935 4005 997 4059 in
1024 4020 1196 4076 aqua,
1226 4004 1497 4072 ipsemitii
1519 4005 1676 4060 dixit
1705 4006 1774 4058 η.
1800 4005 2017 4061 Deinde
2045 4010 2100 4061 et
2138 4007 2320 4062 aliam

665 4095 834 4168 ponit
861 4110 1128 4150 causam.
1163 4093 1306 4148 Vide
1345 4093 1525 4148 enim.

738 4184 898 4240 Vers.
930 4187 1017 4239 34.
1047 4184 1164 4240 Sed
1194 4214 1258 4223 —
1299 4183 1448 4238 salvi
1477 4184 1625 4237 sitis.
1677 4185 1800 4238 Non
1834 4185 1993 4256 quod
2025 4185 2316 4250 humano,

665 4275 878 4347 inquit,
910 4290 1117 4346 egeam
1148 4273 1504 4338 testimonio,
1534 4272 1639 4327 sed
1683 4273 1757 4328 de
1786 4274 2025 4330 Joannis
2059 4276 2320 4330 testimo-

661 4362 764 4420 nio
789 4363 1225 4435 dispensatorie
1257 4361 1466 4432 loquor
1515 4378 1528 4416 :
1567 4367 1627 4416 ut
1664 4364 1714 4417 ei
1755 4363 2079 4428 credentes,
2124 4365 2223 4435 qui
2266 4371 2320 4419 et

662 4457 769 4514 est,
798 4457 854 4508 et
881 4451 1047 4506 vobis
1077 4458 1326 4522 apparet
1351 4450 1466 4506 tide
1497 4451 1731 4521 dignus,
1761 4452 1907 4506 salvi
1938 4453 2080 4507 sitis.

735 4541 892 4596 Vers.
926 4541 1016 4594 35.
1043 4521 1232 4595 mé—
1251 4540 1470 4595 lucens.
1498 4540 1764 4595 Lucerna
1788 4556 2092 4596 accensaa
2118 4540 2319 4597 divino
2355 4521 2396 4576 θ

664 4630 903 4702 Spiritu,
934 4635 990 4684 et
1019 4630 1223 4684 lucens
1251 4629 1340 4683 his
1361 4630 1462 4700 qui
1499 4630 1554 4684 in
1585 4629 1843 4684 tenebris
1874 4635 2041 4684 erant
2073 4630 2318 4702 peccati.

666 4721 990 4775 Lucernam
1007 4725 1205 4774 autem
1219 4735 1356 4773 eum
1383 4721 1610 4774 vocavit
1627 4725 1910 4790 tanquam
1938 4719 2317 4774 obscuratum

662 4807 968 4864 excellenti
998 4807 1222 4862 lumine
1255 4807 1404 4862 Solis
1446 4807 1710 4879 justitite.
1745 4809 1872 4879 Ipse
1913 4808 2205 4880 siquidem
2243 4809 2316 4862 de

665 4896 890 4952 Christo
915 4896 1150 4952 dicebat
1178 4912 1188 4950 :
1226 4897 1405 4952 Illum
1434 4903 1654 4967 oportet
1692 4912 1960 4960 crescere,
1994 4912 2082 4953 me
2119 4906 2316 4954 autem

663 5001 864 5042 mmui.

735 5163 929 5219 Aliam
959 5180 1196 5238 quoque
1222 5164 1297 5222 ob
1327 5181 1574 5221 causam
1607 5163 1927 5237 appellavit
1954 5180 2092 5220 eum
2127 5163 2313 5220 lucer-

663 5266 832 5320 nam,
854 5253 999 5327 quia
1022 5253 1295 5311 videlicet
1337 5271 1459 5312 non
1491 5270 1560 5310 ex
1595 5271 1656 5310 se
1686 5254 1970 5310 doctrinae
1992 5253 2190 5311 lucem
2218 5254 2322 5311 ha-

735 5420 784 5459 ⁸⁵
813 5420 982 5484 Joan.
1008 5439 1124 5497 vni,
1158 5427 1244 5480 12.
1320 5426 1368 5461 9°
1401 5422 1547 5480 Ibid.
1585 5425 1670 5480 13.
1782 5425 1826 5460 ⁸⁷
1858 5422 2120 5480 ibid-14.

2199 5425 2246 5460 ’⁸
2275 5425 2446 5482 Joan.
2475 5428 2518 5494 ι,
2542 5425 2630 5481 19.

2441 1866 2663 1938 παράγει
2696 1871 2874 1935 σαφεῖς
2900 1867 2988 1914 καὶ
3023 1861 3429 1938 ἂναντιῤῥήτους
3470 1872 3618 1936 τρεῖς,
3653 1867 3720 1916 τὸν
3747 1863 3926 1918 Ἰωάννην.

2442 1957 2506 2004 τὰ
2542 1954 2706 2005 οἰκεῖα
2737 1956 2881 2026 ἔργα,
2915 1957 3004 2004 καὶ
3033 1956 3118 2004 τὸν
3144 1958 3371 2025 Πατέρα·
3407 1960 3612 2026 Πρώτην
3639 1949 3689 2004 δι
3710 1955 3849 2008 τίθησι
3870 1955 3926 2006 τὴν

2442 2041 2628 2093 ἐλάττω
2657 2046 2968 2115 μαρτυρίαν,
3003 2046 3095 2099 τὴν
3123 2043 3383 2096 Ἰωάννου.

2515 2220 2692 2280 Ἀλλος
2740 2251 2808 2260 -
2865 2218 3008 2291 ἐμοῦ.
3069 2217 3208 2272 Οἶδα
3266 2230 3445 2286 τούτο,
3501 2227 3639 2293 φησὶ,
3691 2216 3799 2272 διότι
3836 2221 3927 2290 παρὰ

2442 2312 2643 2359 πάντων
2688 2312 2800 2380 ἔχει
2844 2312 2902 2361 τό
2951 2308 3273 2375 ἀξιόπιστον,
3336 2315 3405 2371 ὡς
3451 2316 3695 2384 προφήτης
3741 2316 3838 2361 Θεοῦ
3870 2313 3924 2356 καὶ

2442 2398 2541 2448 ὑπὸ
2599 2402 2726 2450 Θεοῦ
2779 2398 3126 2470 ἕνηχούμενος
3182 2398 3217 2450 ἃ
3273 2401 3571 2471 φθέγγεται.
3626 2395 3728 2451 Εἶτα
3783 2398 3841 2447 iu
3876 2399 3921 2465 pi

2443 2485 2707 2544 ἀντιθήσει
2751 2506 2860 2547 τις·
2894 2492 2956 2539 Τί
3004 2483 3112 2551 οὖν,
3163 2488 3207 2540 εἰ
3254 2493 3386 2563 πρὸς
3428 2492 3584 2562 χάριν
3628 2488 3919 2560 μεμαρτύρηεε;

2441 2584 2744 2649 προαναιρεῖ
2768 2581 2851 2628 καὶ
2885 2580 3079 2634 ταύτην
3110 2582 3203 2635 τὴν
3235 2576 3518 2643 ἀντίθεσιν,
3548 2576 3701 2649 λέγων.

2510 2665 2673 2737 Ὑμεῖς
2750 2695 2816 2706 -
2882 2664 3116 2738 ἀληθείᾳ.
3204 2668 3283 2719 Ἐν
3377 2672 3669 2740 προοιμίοις,
3722 2667 3812 2736 μετὰ
3856 2666 3914 2716 τὴν

2443 2755 2704 2826 θεολογίαν
2761 2761 2918 2825 φησὶν
2961 2757 2986 2807 ὁ
3031 2755 3428 2826 εύαγγελιστής,
3479 2759 3559 2809 ὅτε
3605 2757 3700 2826 (21)
3736 2754 3906 2803 Ἀπέστει-

2439 2841 2528 2894 λαν
2595 2846 2643 2895 οἱ
2708 2841 2960 2897 Ἰουδαῖοι
3015 2844 3067 2906 ἐξ
3122 2844 3496 2919 Ἱεροσολύμων
3559 2849 3693 2919 ἱερεῖς
3732 2847 3793 2892 ιοίι
3832 2845 3912 2890 Δεν-

2441 2934 2554 2994 ῖτας
2618 2935 2698 2984 ἵνα
2762 2932 3092 3006 ἐρωτήσωσιν
3150 2934 3333 3003 αύτὸν,
3398 2940 3463 2988 Σύ
3534 2940 3609 2997 τίς
3663 2931 3728 2995 si;
3775 2932 3838 2981 ui
3883 2929 3919 2975 τὰ

2441 3021 2560 3083 ἑξῆς
2585 3039 2595 3050 ·
2637 3027 2751 3074 τότε
2793 3018 2881 3074 οὖν
2932 3021 3260 3096 ἐμαρτύρησε
3311 3031 3431 3099 περὶ
3477 3032 3565 3077 τοῦ
3607 3027 3797 3095 Χριστοῦ
3825 3014 3913 3067 πολὺ

2365 3151 2406 3208 C
2438 3115 2527 3161 καὶ
2575 3110 2796 3180 μεγάλα.
2854 3114 2949 3163 Διὰ
3007 3120 3161 3164 τοῦτο
3209 3112 3350 3184 λέγει
3399 3121 3505 3181 νῦν,
3557 3112 3701 3183 ’Υμεῖς
3747 3103 3910 3158 amm-

2438 3218 2561 3251 κατε
2622 3204 2746 3271 πρὸς
2815 3199 3052 3258 Ἰωάννην
3120 3200 3442 3264 ἐρωτῶντες·
3526 3203 3613 3254 ούκ
3680 3199 3731 3250 ἂν
3781 3193 3826 3248 δι
3869 3193 3918 3241 ἀπ·

2439 3289 2714 3358 εστείλατε,
2766 3294 2806 3342 εὶ
2863 3295 2934 3361 μὴ
2979 3289 3286 3352 ἀξιόπιστον
3320 3293 3476 3344 αὐτὸν
3531 3289 3807 3362 ἕγινὼσκετε.
3847 3289 3921 3334 Λοι-

2436 3381 2532 3430 πὸν
2576 3375 2662 3430 οὖν
2711 3380 2769 3431 ού
2824 3375 3054 3432 δύνασθε
3097 3381 3554 3454 παρα-γράψασθαι
3596 3384 3679 3437 τὴν
3723 3375 3923 3448 μαρτυρίιτ

2436 3486 2618 3519 αυτου.

2505 3558 2640 3628 Ἐγὼ
2712 3589 2778 3597 ——
2837 3557 3102 3630 λαμϐάνω.
3176 3565 3478 3626 Τουτίστιν,
3540 3558 3627 3611 οὐκ
3698 3553 3928 3627 ἀνθρωπίνης

2431 3652 2720 3721 μαρτυρίας
2769 3643 2955 3718 δέομαι
2997 3651 3126 3710 Θεὸς
3187 3653 3276 3702 ὢν.
3339 3654 3439 3701 Καὶ
3492 3656 3593 3709 πῶς
3640 3650 3716 3697 τὸν
3766 3642 3928 3692 Ἰωάννην

2431 3739 2676 3808 μάρτυρα
2748 3739 3020 3811 παράγεις,
3105 3738 3379 3810 ἄνθρωπον
3450 3742 3604 3801 ὄντας
3672 3740 3820 3806 Πρῶτα
3859 3729 3931 3796 μὲν,

2433 3820 2575 3876 διότι
2606 3827 2633 3882 ἡ
2663 3831 2929 3899 μαρτυρία
2959 3825 3118 3878 αὑτοῦ
3149 3825 3241 3878 ούκ
3274 3823 3337 3884 ἦν
3370 3827 3550 3893 αὑτοῦ,
3579 3824 3695 3876 ἀλλά
3719 3829 3791 3874 του
3827 3819 3931 3868 Θεοῦ-

2433 3910 2556 3966 Εἶπε
2613 3918 2734 3988 γὰρ,
2789 3916 2870 3966 ὃτι
2934 3914 2992 3966 Ὀ
3041 3915 3248 3987 πέμψας
3305 3935 3372 3987 με
3422 3914 3684 3988 βαπτίζειν
3728 3909 3767 3962 ἐν
3809 3902 3934 3964 ύδατι,

2431 4003 2618 4066 ἔκεῖνός
2645 4023 2735 4076 μοι
2766 4000 2920 4058 εἶπεν.
2962 3999 3173 4058 Ἐπιιτα
3204 4001 3263 4057 δι
3293 4007 3480 4063 τίθησι
3520 4009 3603 4056 καὶ
3640 4001 3773 4056 eam
3799 3995 3934 4047 αἰτίαν·

2425 4100 2564 4167 Ὀρα
2587 4096 2710 4167 γὰρ.

2501 4182 2656 4235 ’Δλλα
2682 4212 2747 4224 -
2775 4184 2993 4240 σωθῆτε.
3019 4181 3129 4234 Οὐκ
3155 4181 3482 4256 ἀνθρωπίνης
3501 4184 3765 4256 μαρτυρίας
3788 4169 3935 4242 δέομαι,

2431 4277 2611 4343 φησὶν,
2645 4269 2772 4322 ἀλλὰ
2804 4274 2869 4323 τὰ
2899 4276 3016 4344 περὶ
3057 4280 3153 4332 τῆς
3181 4278 3472 4347 μαρτυρίας
3501 4278 3588 4324 τοῦ
3619 4268 3817 4322 Ἰωάννου
3847 4260 3936 4328 λέγω

2431 4362 2782 4430 οἰκονομικῶς,
2837 4362 2919 4412 ἱνα
2948 4369 3020 4430 τῷ
3050 4366 3139 4413 καὶ
3185 4364 3290 4413 ὄντι
3321 4367 3412 4413 καὶ
3455 4358 3683 4414 δοκοῦντι
3717 4357 3816 4426 ὑμῖν
3845 4347 3936 4407 ἀξιο·

2430 4469 2603 4520 πιστῳ
2626 4451 2919 4522 πειθόμενοι
2952 4451 3094 4508 σωθῆ
3107 4469 3173 4505 τε,

2502 4539 2719 4598 Ἐκεῖνος
2784 4569 2851 4579 -
2913 4544 3124 4611 φαίνων.
3185 4539 3244 4591 Ὀ
3327 4540 3538 4612 λύχνος,
3608 4538 3632 4588 ὁ
3708 4529 3934 4594 arvum?"

2430 4648 2509 4688 νος
2547 4637 2618 4698 τῷ
2668 4633 2797 4702 πυρὶ
2852 4635 2945 4680 τοῦ
2999 4630 3140 4681 θείου
3194 4631 3488 4701 Πνεύματος
3538 4631 3622 4678 καὶ
3674 4626 3831 4697 φαίνων
3865 4617 3934 4668 τοῖς

2432 4716 2479 4768 έν
2511 4725 2581 4787 τῷ
2611 4723 2784 4769 σκότει
2824 4726 2916 4778 τῆς
2968 4717 3229 4791 ἁμαρτίας
3253 4734 3266 4747 ⁸
3307 4721 3508 4789 Λύχνεν
3540 4714 3596 4768 δὲ
3645 4713 3780 4765 αὐτὸν
3818 4701 3932 4757 ἐκαλλ-

2435 4825 2539 4870 σεν,
2605 4810 2670 4867 ὡς
2739 4804 3111 4878 ἀμαυρωθέντα
3169 4815 3241 4877 τῷ
3311 4803 3666 4879 ὑπερϐάλλοντι
3718 4800 3826 4871 φωτὶ
3875 4806 3930 4839 ταν

2428 4895 2600 4948 Ἠλίου
2649 4903 2741 4957 τῆς
2793 4891 3155 4957 δικαιοσύνης,
3209 4901 3340 4968 Ἔφη
3387 4898 3485 4968 γὰρ
3539 4893 3686 4952 αὐτὸς
3736 4889 3833 4958 περὶ
3877 4881 3930 4929 τοῦ

2431 4992 2681 5060 Χριστοῦ,
2739 4986 2819 5037 ὅτι
2868 4984 3086 5038 Ἐκεῖνον
3150 4981 3235 5038 δεῖ
3287 4984 3538 5054 αὐξάνειν,
3602 4980 3682 5054 ἐμὲ
3741 4971 3790 5028 δι
3831 4968 3927 5023 ἔλατ·

2424 5077 2664 5129 τοῡσθαι.
3915 5143 3919 5152 1

2505 5169 2604 5217 Καὶ
2655 5164 2839 5238 ἑτέρως
2884 5159 2943 5217 δι
3001 5163 3193 5236 λύχνον
3257 5163 3409 5216 αὐτὸν
3475 5161 3734 5234 ὠνόμασεν,
3785 5153 3842 5210 ὡς
3883 5155 3922 5215 με

2430 5254 2629 5306 οἴκοθεν
2660 5256 2852 5326 ἔχοντα
2878 5257 2935 5306 τὸ
2981 5261 3083 5326 φῶς
3128 5263 3224 5317 τῆς
3257 5249 3624 5316 διδασκαλίας,
3674 5243 3767 5300 ἀλλ’
3807 5238 3926 5293 inti;

2708 5427 2756 5461 θ’
2785 5423 2930 5494 Ibid,
2962 5427 3055 5483 33.
3141 5424 3159 5462 ί
3190 5425 3356 5483 Joan.
3384 5439 3464 5492 ni,
3507 5424 3592 5480 30.

1881 5603 2100 5678 Variae
2132 5604 2459 5676 lectiones
2490 5615 2556 5675 et
2591 5614 2791 5674 notae.

727 5749 844 5840 (21)
871 5762 994 5822 Ὀτι
1024 5747 1081 5824 ii.
