4170 6446
261 279 400 346 4229

255 415 474 489 χάριτος
523 421 615 467 τοῦ
662 412 815 486 ἀγίου
865 415 1178 486 Πνεύματος.
1212 411 1376 486 Οἶμαι
1409 410 1487 480 δὲ,
1532 417 1645 489 περὶ
1673 433 1859 466 τουτου
1893 414 1939 468 Α

257 511 469 576 προεῖπε
499 500 594 556 διὰ
631 512 720 557 τοῦ
760 500 927 557 Δαυὶδ
961 505 986 556 6
1027 507 1171 564 Θεός·
1216 502 1511 575 Ἠτοίμασα
1552 503 1744 576 λύχνον
1787 511 1860 573 τῷ

258 600 474 665 Χριστῷ
505 612 625 666 μου.

326 681 495 753 Ὑμεῖς
577 712 632 724 -
717 681 896 734 αὐτοῦ.
972 682 1302 734 Καθάπτεται
1363 683 1575 744 τούτων,
1651 684 1716 741 ὡς
1784 686 1854 753 μὴ

259 774 423 842 μέχρι
464 771 638 832 τελους
679 771 1020 844 τηρησάντων
1059 770 1200 839 αὐτῷ
1240 775 1334 828 τὴν
1383 766 1644 828 σπουδήν.
1706 770 1858 822 Ἤθε-

259 859 452 918 λὴσατε
493 862 616 935 γὰρ,
650 865 826 932 φησὶν,
873 858 1288 931 ἀγαλλιασθῆναι
1335 864 1466 932 πρός
1517 863 1695 932 καιρόν
1745 879 1860 911 τινα

260 947 308 1000 ἐν
339 957 410 1020 τῷ
453 955 582 1021 φωτὶ
611 958 708 1011 τῆς
755 945 1112 1009 διδασκαλίας
1165 949 1343 1012 αὐτοῦ,
1396 950 1475 1000 ὅτε
1531 949 1858 1019 πανταχόθεν

259 1039 442 1099 πάντες
483 1042 610 1110 πρὸς
661 1039 816 1091 αὐτόν
866 1041 1201 1112 συνετρέχετε
1233 1057 1245 1069 ·
1303 1035 1413 1089 εἶτα
1468 1035 1854 1109 ἐψυχράνθητε,

261 1127 305 1179 εἰ
347 1132 435 1179 καὶ
473 1132 636 1201 μέχρι
674 1135 759 1180 νῦν
792 1127 1082 1199 θαυμάζετε
1114 1133 1315 1181 τοῦτον.
1366 1126 1424 1179 Εἰ
1473 1127 1576 1199 γὰρ
1615 1130 1683 1197 μὴ
1733 1123 1860 1194 ἐψυ-

257 1218 547 1290 χράνθητε,
627 1218 832 1279 πάντως
909 1215 970 1268 ἂν
1050 1215 1392 1269 ἐπιστεύσατε
1461 1223 1522 1287 τῇ
1597 1219 1860 1288 μαρτυρίᾳ

262 1305 420 1358 αὐτοῦ
455 1323 467 1335 ·
524 1305 802 1379 ἐλέγχεσθε
853 1302 940 1358 οὖν
1015 1309 1100 1357 τὸν
1181 1306 1337 1357 αύτόν
1404 1309 1493 1356 καὶ
1557 1302 1860 1366 ἀξιόπιστον

262 1395 628 1468 ὁμολογοῦντες
705 1401 795 1448 καὶ
882 1399 953 1468 μὴ
1035 1397 1364 1456 πιστεύοντες
1460 1401 1521 1466 τῇ
1600 1397 1863 1468 μαρτυρίᾳ

261 1484 442 1540 αὐτοῦ.

332 1573 464 1645 Ἐγὼ
520 1605 589 1614 -
650 1571 960 1628 ἀπέσταλκε.
1022 1577 1127 1631 Τὴν
1180 1575 1271 1645 μὲν
1321 1574 1423 1646 γὰρ
1479 1578 1570 1624 τοῦ
1624 1570 1860 1625 Ἰωάννου

261 1666 554 1738 μαρτυρίαν
610 1658 842 1722 ἠδύνατο
914 1681 996 1724 τις
1065 1658 1330 1714 διαϐαλεῖν
1385 1663 1453 1721 ὡς
1527 1663 1652 1732 πρός
1699 1659 1862 1732 χάριν

259 1754 622 1824 γεγενημένην,
653 1756 827 1803 καίτοι
857 1746 981 1804 οὐδε
1021 1759 1170 1804 τοῦτο
1226 1750 1344 1813 ἐξῆν
1399 1749 1554 1801 εἰπεῖν
1603 1748 1720 1800 κατ’
1777 1746 1862 1798 ἀν-
1897 1766 1942 1822 Β

264 1837 389 1913 δρὸς
462 1843 593 1913 μετὰ
667 1843 846 1903 πάσης
923 1839 1190 1913 ἀκριϐείας
1281 1839 1698 1911 φιλοσοφοῦντος,
1775 1840 1864 1888 καὶ

265 1925 472 2002 σφόδρα
504 1931 887 2002 θαυμασθέντος
924 1929 1119 1990 αύτοῖςο
1164 1931 1233 1980 τὰ
1262 1924 1320 1980 δὲ
1367 1931 1496 2000 ἔργα
1545 1927 1717 1986 πάσης
1771 1927 1864 1977 ύπ-

262 2017 414 2088 οψίας
481 2017 851 2090 ἀπηλλαγμένα
905 2025 1006 2070 πᾶν
1050 2019 1324 2091 ἐμφράττει
1351 2021 1524 2088 στόμα
1563 2014 1863 2086 φιλόνεικον,

263 2108 420 2176 ἤγουν
485 2107 592 2177 (22)
653 2109 682 2164 ἠ
758 2114 850 2160 τοῦ
930 2106 1229 2177 παραλύτου
1292 2104 1592 2176 σύσφιγξις,
1658 2108 1747 2155 καὶ
1801 2105 1868 2154 τὰ

263 2193 419 2246 λοιπὰ
479 2197 722 2267 θαύματα
755 2212 767 2226 ⁸
815 2195 938 2268 παρ’
994 2195 1173 2256 αὐτοῖς
1231 2198 1386 2245 ὄντων
1441 2190 1508 2252 δὴ
1567 2201 1666 2244 τῶν
1723 2193 1868 2264 θερα-

267 2285 550 2335 πευθέντων
581 2289 670 2336 καὶ
694 2283 1152 2356 πληροφορούντων
1185 2283 1397 2344 αύτούς.
1437 2283 1599 2347 Αύτά,
1629 2286 1780 2354 φησὶ,
1802 2283 1868 2333 τὰ

266 2373 411 2446 ἔργα,
443 2371 477 2423 ἃ
506 2371 606 2444 ἐγὼ
625 2381 776 2441 ποιῶ,
817 2380 1090 2448 μαρτυρεῖ,
1121 2377 1238 2448 περὶ
1266 2374 1411 2445 ἐμοῦ,
1445 2373 1522 2424 ὅτι
1545 2373 1570 2423 6
1595 2375 1773 2443 Πατήρ
1806 2389 1868 2441 με

266 2458 604 2514 ἀπέσταλκεν.

335 2550 446 2601 Ούκ
502 2547 610 2603 εἶπε
668 2547 748 2616 δὲ,
803 2552 1073 2626 Μαρτυρεῖ
1118 2552 1198 2603 ὅτι
1236 2555 1352 2611 ἴσος
1398 2549 1503 2622 εἰμὶ
1549 2556 1620 2619 τῲ
1678 2553 1866 2622 “arpi,

265 2636 396 2706 ἀλλ’,
439 2639 520 2691 ὃτι
560 2639 618 2691 Ὀ
668 2643 848 2712 Πατήρ
887 2659 951 2710 με
1003 2637 1310 2692 ἀπέσταλκε·
1364 2643 1537 2690 καίτοι
1579 2643 1669 2690 καὶ
1716 2645 1868 2690 τοῦτο

264 2726 467 2780 κάκεῖνο
510 2726 830 2801 έπαρτύρουν
870 2729 1024 2800 ὅμως,
1075 2728 1118 2780 εἰ
1171 2727 1282 2798 (23)
1328 2732 1418 2779 καὶ
1467 2730 1642 2799 μεῖζον
1690 2723 1750 2785 ἦν
1807 2730 1867 2778 τό

264 2817 606 2877 πιστευθῆναι
668 2819 749 2869 ὅτι
801 2819 916 2878 ἶσος
973 2815 1085 2869 ἐστὶ
1139 2825 1212 2888 τῷ
1270 2821 1456 2892 ΙΙατρὶ,
1519 2814 1646 2868 ἀλλά
1696 2835 1755 2887 γε
1807 2818 1866 2868 τὸ

263 2907 413 2964 ἧττον
449 2907 668 2959 τέθεικεν
709 2909 777 2968 ὡς
806 2906 1040 2978 μάλιστα
1092 2913 1380 2964 τηνικαῦτα
1419 2901 1865 2976 σπουδαζόμενον.

267 2993 528 3047 Ἐϐούλετο
553 2996 652 3067 γὰρ
684 3003 883 3069 πρῶτον
908 2996 1255 3053 πιστευθῆναι
1299 2995 1378 3046 ὅτι
1422 2994 1447 3044 6
1478 2997 1600 3054 Θεὸς
1633 2991 1870 3046 ἀπέστει-

263 3081 342 3134 λεν
369 3083 545 3137 αὐτόν.
569 3086 767 3136 Τούτου
797 3085 898 3156 γὰρ
929 3085 1290 3144 πιστευθέντος
1319 3085 1486 3135 καὶτὸ
1514 3081 1635 3134 ἄλλο
1679 3079 1866 3156 ιον
1902 3122 1940 3177 C

271 3167 293 3184 φ

267 3191 347 3228 ην.

337 3259 501 3314 Ἀλλὰ
537 3268 648 3320 πῶς
691 3262 758 3312 τὰ
807 3263 934 3333 ἔργα
975 3258 1295 3334 ἐμαρτύρουν
1335 3261 1414 3312 ὅτι
1463 3260 1488 3310 6
1540 3262 1665 3319 Θεὸς
1711 3259 1866 3312 αὐτόν

265 3347 617 3416 ἀπέσταλκενς
670 3348 759 3411 Ὦς
807 3368 967 3420 μόνης
1025 3351 1150 3420 ἔργα
1207 3350 1347 3410 θείας
1404 3345 1692 3420 δυνάμεως.
1746 3356 1870 3402 Τοι-

264 3447 398 3491 αῦτα
443 3440 545 3511 γὰρ
596 3436 822 3500 ἀντίθεος
860 3445 1022 3490 ποιεῖν
1071 3437 1164 3489 ούκ
1212 3434 1464 3496 ἠδύνατο.
1515 3437 1574 3490 Εἰ
1619 3440 1720 3511 γὰρ
1779 3443 1869 3490 καὶ

262 3535 372 3590 τοῖς
404 3530 666 3599 θαύμασιν
716 3527 966 3580 ἀντειπεῖν
1021 3526 1389 3598 ἀναισχύντως
1436 3525 1744 3598 ἐτόλμησαν,
1804 3529 1870 3588 ὡς

263 3616 313 3669 ἕν
341 3624 412 3687 τῷ
444 3615 660 3686 εἰκοστῷ
709 3611 933 3689 δευτέρῳ
977 3615 1234 3687 κεφαλαίῳ
1283 3622 1374 3667 τοῦ
1423 3617 1556 3667 κατὰ
1603 3618 1869 3668 ΙνΙατθαίον

267 3707 553 3778 ἱστόρηται,
593 3703 840 3774 λέγοντες
887 3703 1049 3764 Οὗτος
1079 3704 1172 3756 ούκ
1221 3703 1452 3756 ἐκϐάλλει
1501 3707 1564 3756 τὰ
1603 3703 1867 3777 δαιμόνια,

263 3795 406 3867 εἰμὴ
437 3793 484 3846 ἐν
533 3801 603 3864 τῷ
639 3792 940 3854 Βεελζεϐούλ
983 3795 1204 3866 ἄρχοντι
1254 3802 1352 3845 τῶν
1399 3790 1702 3866 δαιμονίων·
1764 3793 1880 3847 ἀλλ’

263 3880 349 3936 οὖν
370 3887 574 3955 ταχέως
600 3881 1060 3956 έπεστομίσθησαν
1086 3881 1188 3934 ἐκεῖ
1214 3887 1304 3935 καὶ¹
1334 3885 1504 3955 μάτην
1532 3883 1874 3958 φλυαροῦντες

265 3972 630 4045 ἠλέγχθησάν.

338 4155 438 4204 Καὶ
487 4182 552 4192 —-
603 4149 756 4224 ἐμοῦ.
814 4156 922 4202 Ποῦ
961 4152 1328 4224 μεμαρτύρηκε
1383 4154 1502 4224 περὶ
1555 4150 1872 4218 αύτοῦ;Δη-

263 4238 419 4292 λωσει
469 4245 663 4314 προῖὼν
725 4241 806 4291 ὅτι
857 4237 906 4290 ἒν
955 4245 1070 4300 ταῖς
1122 4245 1371 4312 Γραφαῖς,
1453 4243 1552 4291 Καὶ
1609 4244 1712 4311 μὴν
1783 4244 1873 4291 καὶ

268 4326 651 4400 βαπτιζόμενον
754 4330 1120 4402 μεμαρτύρηκε
1213 4331 1332 4400 περὶ
1428 4326 1610 4393 αὐτοῦ,
1690 4327 1868 4399 λέγων·

269 4416 428 4476 Οὗτός
497 4416 633 4468 ἐστιν
687 4417 712 4468 6
761 4419 884 4477 Υἱός
946 4435 1046 4488 μου
1104 4417 1130 4467 ό
1169 4414 1454 4487 ἀγαπητός,
1530 4416 1578 4466 ἐν
1634 4416 1673 4466 ὧ
1721 4413 1875 4468 εὐδό-

268 4474 423 4562 κησα
458 4504 592 4576 (24).
643 4509 743 4558 Καὶ
799 4474 956 4565 αὖθις⁵
994 4474 1504 4579 μεταμορφουμένόυ.
1558 4503 1717 4557 Ἀλλὰ
1772 4503 1873 4578 βα-
1905 4474 1951 4529 D

271 4594 580 4666 πτιζομένου
629 4596 742 4666 μὲν,
796 4593 840 4646 εἰ
868 4598 958 4646 καὶ
1007 4596 1262 4664 ἤκουσαν,
1310 4591 1668 4666 ἀμφι-ἔϐαλλον·
1715 4612 1871 4666 μετα-

269 4685 625 4757 μορφουμένου
663 4678 741 4747 δε,
791 4679 914 4734 οὐδὲ
953 4685 1187 4740 ἤκουσαν
1227 4681 1395 4736 αύτοί.
1458 4683 1553 4734 Διά
1595 4689 1747 4735 τοῦτο
1783 4684 1875 4744 τὰς

269 4773 517 4832 τοιαύτας
568 4774 859 4847 μαρτυρίας
916 4766 1276 4845 παραδραμὼν
1327 4773 1460 4844 πρὸς
1519 4772 1612 4833 τὰς
1669 4774 1874 4845 Γραφάς

271 4859 456 4921 αύτούς
501 4862 856 4935 παραπέμπει,
912 4861 1006 4920 τὰς
1057 4857 1106 4910 ἐν
1157 4864 1347 4932 χερσὶν
1415 4862 1573 4920 οὔσας
1639 4859 1716 4912 ἀεὶ
1785 4865 1875 4912 καὶ

271 4947 688 5024 ἀναντιρρὴτους.
745 4947 901 5002 Ἀλλὰ
955 4955 1108 5002 τοῦτο
1160 4951 1250 5020 μὲν
1306 4955 1446 5001 ποιεῖ
1496 4954 1710 5024 προϊών.
1767 4956 1874 5003 Νῦν

272 5035 332 5094 δε
376 5042 459 5092 ἵνα
505 5041 577 5112 μὴ
611 5039 974 5099 ἀπαιτήσωσιν
1024 5037 1178 5092 αὐτὸν
1236 5037 1528 5112 αὐτόφωνον
1580 5044 1670 5092 καὶ
1723 5038 1872 5092 αύτο-

344 5244 367 5282 ³
396 5243 546 5303 Psal.
575 5261 768 5317 cxxxr,
802 5244 888 5302 17.
967 5248 986 5282 ³
1019 5245 1219 5304 Matth.
1245 5261 1346 5312 xu,
1380 5244 1468 5303 24.

1284 279 1652 345 COMMENT.
1695 286 1764 344 1N
1793 277 2134 346 JOANNEM.
2175 320 2243 334 -.
2285 285 2442 348 CAP.
2482 281 2546 346 ν.

3486 285 3625 350 i230

1968 413 2173 481 bebat,
2207 415 2308 471 sed
2321 431 2386 472 ex
2415 415 2609 486 gratia
2631 414 2822 471 sancti
2856 414 3126 488 Spiritus.
3157 417 3238 472 De
3276 417 3390 474 hoc
3420 425 3624 476 autem

1970 509 2032 557 ut
2055 505 2292 575 opinor,
2311 503 2698 576 praedixitper
2727 520 2794 560 os
2810 504 2997 560 David
3023 523 3036 561 :
3071 506 3295 562 Paravi
3319 507 3625 566 lucernam

1971 591 2206 648 Christo
2233 608 2353 649 meo
2379 595 2422 647 ².

2043 680 2203 736 Vcrs.
2227 685 2313 736 35.
2354 681 2456 738 Vos
2483 712 2540 722 —
2563 682 2699 753 ejus.
2729 681 3016 754 Objurgat
3041 682 3170 748 hos,
3199 683 3366 756 quod
3389 700 3509 741 non
3530 701 3629 744 us-

1965 784 2083 840 que
2110 769 2188 824 ad
2236 768 2418 826 ﬁnem
2478 770 2744 826 studiose
2794 770 2960 826 illum
3000 771 3466 828 observaverint.
3519 775 3630 832 Vo-

1967 857 2176 922 luistis,
2209 859 2421 930 inquit,
2464 858 2733 930 quodam
2767 863 3033 931 tempore
3059 862 3354 918 exsultare
3397 863 3456 918 in
3498 863 3629 920 luce

1967 946 2252 1002 doctrinae
2297 947 2477 1015 illius,
2522 948 2771 1020 quando
2823 964 3037 1004 omnes
3072 950 3331 1022 undique
3387 952 3458 1008 ad
3490 967 3628 1010 eum

1967 1036 2433 1101 concurrebatis,
2449 1043 2502 1092 et
2518 1036 2903 1109 postmodum
2927 1038 3251 1106 refrixistis,
3272 1056 3628 1114 quanquam

1967 1126 2256 1182 hactenus
2277 1125 2442 1182 illum
2463 1127 3003 1184 admiraminiznisi
3035 1129 3194 1186 enim
3226 1129 3628 1202 refrixissetis,

1970 1215 2308 1271 testimonio
2341 1217 2542 1287 utique
2565 1215 2719 1271 illius
2763 1217 3188 1274 credidissetis.
3220 1218 3394 1290 Digni
3426 1221 3625 1293 igitur,

1969 1305 2130 1367 estis,
2161 1304 2264 1376 qui
2293 1304 2765 1375 redarguamini,
2795 1305 2959 1379 quod
3003 1305 3139 1363 licet
3179 1307 3342 1365 hunc
3393 1309 3510 1366 ﬁde
3550 1311 3634 1368 di-

1971 1407 2156 1461 gnum
2206 1392 2626 1458 conﬁteamini,
2688 1394 2818 1465 ejus
2849 1398 3048 1451 tamen
3112 1396 3454 1454 testimonio
3508 1414 3631 1457 non

1970 1480 2363 1536 credideritis.

2043 1571 2208 1624 Vers.
2242 1575 2331 1628 86.
2374 1571 2492 1641 Ego
2522 1601 2590 1611 -—
2628 1571 2870 1632 miserit.
2926 1571 3234 1646 Siquidem
3278 1576 3526 1632 Joannis
3556 1580 3637 1634 te-

1972 1658 2318 1714 stimonium
2352 1665 2582 1731 poterat
2605 1659 2897 1733 quispiam
2931 1661 3305 1731 calumniari,
3339 1669 3630 1738 tanquam

1975 1747 2048 1802 ad
2074 1748 2327 1816 gratiam
2355 1749 2577 1804 factum
2611 1765 2624 1804 :
2674 1765 3027 1822 quanquam
3058 1751 3172 1808 hoc
3213 1768 3346 1808 vere
3368 1753 3481 1809 dici
3513 1771 3633 1811 non

1977 1841 2207 1908 poterat
2241 1837 2529 1892 adversus
2560 1838 2771 1902 virum,
2813 1839 2916 1912 qui
2968 1841 3134 1896 omni
3168 1857 3306 1898 cum
3332 1842 3637 1913 diligentia

1975 1941 2084 1980 suo
2114 1925 2474 1995 fungebatur
2505 1943 2771 1996 munere,
2795 1935 2850 1983 et
2879 1931 3034 2000 apud
3064 1945 3273 1986 omnes
3299 1932 3636 1990 vehementi

1975 2013 2035 2067 in
2094 2014 2490 2070 admiratione
2536 2015 2913 2071 habebatur:
2968 2034 3172 2074 verum
3229 2035 3414 2090 opera
3469 2021 3634 2077 omni

1977 2103 2316 2174 suspicione
2339 2103 2546 2171 libera,
2567 2110 2916 2161 cunctorum
2937 2122 3043 2162 ora
3065 2113 3430 2166 contentiosa
3466 2110 3637 2166 obtu-

1974 2192 2209 2260 rabant,
2265 2199 2410 2264 puta
2477 2193 2789 2266 paralytici
2857 2197 3254 2264 conﬁrmatio,
3305 2204 3636 2270 caeteraque

1977 2281 2263 2336 miracula
2295 2301 2308 2337 :
2343 2298 2480 2337 cum
2506 2284 2668 2354 apud
2686 2299 2788 2338 eos
2809 2292 3004 2340 essent
3025 2286 3128 2357 qui
3155 2287 3340 2342 curati
3362 2294 3548 2351 erant,
3579 2292 3637 2342 et

1976 2369 2220 2441 plenam
2251 2370 2334 2426 eis
2361 2371 2542 2426 tidem
2563 2369 2879 2428 faciebant.
2915 2373 3130 2442 Opera,
3166 2373 3506 2448 inquitquz
3535 2391 3637 2447 ego

1971 2457 2154 2528 facio,
2189 2459 2577 2528 testiﬁcantur
2626 2459 2692 2516 de
2737 2475 2848 2527 me,
2879 2462 3030 2533 quod
3051 2463 3236 2519 Pater
3268 2463 3496 2520 miserit
3523 2481 3632 2520 me.

2048 2547 2582 2603 Nondixitautem:
2611 2548 3039 2619 Testiﬁcantur,
3068 2551 3232 2623 quod
3257 2552 3506 2625 aequalis
3520 2552 3634 2609 sim

1977 2637 2148 2704 Patri,
2205 2636 2329 2702 sed,
2371 2637 2528 2708 quod
2551 2639 2725 2694 Pater
2779 2639 3001 2695 miserit
3049 2656 3158 2697 me.
3191 2641 3366 2714 Atqui
3415 2641 3634 2708 ethoc,

1957 2724 2189 2803 .etillud
2204 2725 2693 2782 testiﬁcabantur.
2711 2727 2930 2783 Verum
2949 2729 3055 2783 etsi
3072 2729 3267 2800 majus
3281 2735 3404 2786 erat
3436 2737 3637 2786 utcre-

1953 2814 2212 2897 lderetur
2251 2815 2500 2887 aequalis
2544 2831 2676 2871 esse
2720 2817 2892 2885 Patri,
2940 2817 3137 2872 minus
3167 2823 3370 2875 tamen
3415 2820 3635 2892 posuit,

1975 2919 2192 2976 nempe
2209 2903 2268 2959 id
2285 2904 2449 2976 quod
2481 2909 2619 2960 tunc
2643 2907 2899 2962 maxime
2928 2906 3372 2964 intendebatur.
3390 2907 3637 2966 Volebat

1975 3008 2241 3065 namque
2303 2994 2492 3064 primo
2544 2993 2724 3062 credi,
2803 2995 2966 3068 quod
3000 3011 3062 3052 se
3104 2999 3256 3052 Deus
3333 2997 3632 3064 misisset;

1976 3081 2090 3136 hoc
2110 3082 2270 3137 enim
2283 3082 2842 3154 credito,reliquum
2871 3083 3102 3140 facilius
3129 3091 3252 3142 erat
3278 3086 3357 3142 ad
3387 3087 3638 3144 creden-

1979 3170 2146 3224 dum.

2053 3258 2163 3313 Sed
2193 3258 2502 3330 quomodo
2541 3273 2724 3330 opera
2766 3259 3244 3317 testiﬁcabantur
3285 3263 3451 3334 quod
3480 3263 3635 3320 Deus

1978 3361 2117 3401 eum
2149 3345 2409 3401 misisset
2435 3346 2464 3402 ‘?
2491 3347 2985 3403 Testiﬁcabautur
3009 3349 3091 3418 id,
3135 3355 3424 3423 tanquam
3454 3367 3637 3424 opera

1979 3435 2163 3490 solius
2185 3435 2402 3490 divinae
2436 3435 2686 3492 virtutis.
2716 3436 3044 3509 Siquidem,
3100 3439 3204 3511 qui
3241 3440 3360 3495 Deo
3399 3447 3635 3497 contra-

1978 3525 2104 3579 rius
2143 3528 2318 3588 esset,
2378 3524 2725 3596 hujusmodi
2772 3525 2964 3582 facere
3025 3542 3147 3583 non
3188 3533 3418 3599 poterat
3449 3545 3464 3582 :
3494 3545 3638 3587 nam

1978 3613 2112 3669 licet
2127 3613 2427 3668 miraculis
2440 3614 3232 3687 contradicereimpudcnter
3245 3618 3636 3676 attentabant.

1981 3701 2128 3758 sicut
2181 3702 2459 3757 vicesimo
2507 3704 2771 3760 secundo
2820 3702 2995 3776 quta
3059 3707 3395 3762 Mattbaeum
3445 3708 3641 3779 capite

1983 3791 2268 3863 scriptum
2323 3798 2428 3857 est,
2487 3792 2754 3848 dicentes
2787 3810 2800 3848 :
2843 3795 2956 3850 Hic
2985 3811 3104 3850 non
3133 3796 3297 3866 ejicit
3322 3798 3636 3864 dcemonia,

1983 3882 2100 3936 nisi
2119 3895 2230 3950 per
2282 3881 2590 3938 Beelzebut
2621 3882 2946 3953 principem
2987 3884 3413 3942 daemoniorum
3456 3889 3500 3953 ⁸;
3535 3887 3644 3943 sed

1981 3969 2063 4025 ibi
2092 3969 2262 4025 citius
2292 3986 2359 4026 os
2387 3970 2497 4026 illis
2549 3971 2897 4036 obstruitur.
2941 3979 2996 4028 et
3036 3989 3186 4029 vane
3239 3977 3452 4044 nugari
3504 3991 3644 4032 con-

1983 4059 2325 4114 vincuntur.

2055 4149 2215 4202 Vers.
2266 4148 2354 4201 37.
2386 4148 2466 4203 Et
2500 4179 2568 4189 —
2618 4165 2728 4205 me.
2783 4149 2892 4205 Ubi
2939 4149 3013 4204 de
3063 4151 3196 4221 ipso
3237 4152 3642 4208 testimonium

1983 4236 2335 4308 perhibuit?
2366 4238 2429 4291 In
2480 4239 2866 4309 sequentibus
2935 4238 3310 4307 signiﬁcabit,
3379 4239 3544 4311 quod
3583 4240 3642 4296 in

1983 4325 2340 4395 Scripturis:
2390 4340 2742 4396 quanquam
2785 4326 2982 4390 etiam,
3031 4326 3177 4381 dum
3223 4327 3643 4400 baptizaretur,

1983 4413 2384 4469 testimonium
2409 4413 2482 4468 de
2503 4429 2574 4468 eo
2604 4412 2922 4484 perhibuit,
2951 4414 3184 4470 dicens:
3217 4415 3325 4470 Hic
3357 4422 3438 4473 est
3459 4415 3646 4472 Filius

1983 4517 2142 4558 meus
2171 4502 2510 4569 dilectus,in
2557 4518 2670 4574 quo
2717 4502 2866 4558 mihi
2915 4503 3323 4572 complacitum
3372 4512 3451 4560 est
3511 4508 3552 4558 ⁴.
3586 4507 3648 4560 Ει

1982 4608 2206 4657 rursus,
2248 4607 2385 4646 cum
2419 4594 2958 4647 transformaretur.
3003 4591 3116 4646 Sed
3157 4609 3288 4648 cum
3322 4593 3649 4667 baptizare-

1983 4685 2096 4746 tur,
2153 4680 2287 4736 licet
2359 4679 2698 4744 audierunt,
2762 4679 3122 4736 dubitabant
3178 4700 3190 4737 :
3250 4699 3388 4737 cum
3453 4689 3647 4738 autem

1982 4768 2526 4834 transformaretur,
2614 4784 2688 4823 ne
2755 4767 3073 4824 audierunt
3184 4770 3430 4843 quidem
3511 4771 3646 4844 ipsi.

1985 4858 2210 4915 idcirco
2275 4856 2690 4930 prmtermissis
2731 4855 3080 4928 hujusmodi
3140 4860 3515 4929 testimoniis,
3571 4860 3649 4916 ad

1985 4949 2315 5021 Scripturas
2355 4965 2454 5003 eos
2488 4946 2852 5014 transmittit,
2887 4962 3037 5019 quas
3093 4965 3328 5022 semper
3376 4949 3438 5004 in
3459 4948 3651 5005 mani-

1983 5039 2098 5094 bus
2129 5037 2454 5105 habebant,
2488 5053 2597 5094 nec
2627 5036 2717 5094 fas
2747 5042 2871 5094 erat
2901 5034 3016 5093 illis
3055 5039 3459 5097 contradicere
3499 5054 3515 5107 ;
3550 5039 3655 5096 sed

1547 5247 1568 5283 ⁴
1599 5247 1798 5305 Matth.
1829 5246 2023 5314 111,17.

1475 5424 1702 5495 Variae
1740 5421 2068 5494 lectiones
2096 5433 2160 5492 et
2207 5429 2410 5492 notae.

371 5623 462 5694 22)
503 5621 700 5679 Malim
727 5621 855 5690 οἷον,
887 5635 993 5694 pro
1024 5622 1207 5694 ἤγουν.

371 5627 439 5680 22
503 5622 700 5679 Malim
727 5622 855 5690 οἷον,
887 5635 993 5692 pro
1024 5622 1207 5694 ἤγουν.

345 5622 466 5772 ἱ23ζ
502 5693 562 5748 Εἰ
582 5693 757 5752 abest
784 5696 854 5752 Α.
884 5693 1012 5750 MOI
1042 5693 1201 5750 idem
1226 5691 1410 5750 habet
1438 5693 1760 5752 πιστευθέν.’

2068 5621 2182 5696 (ει)
2215 5615 2507 5680 Πύδόκησα
2531 5623 2599 5703 Α,
