4170 6440
674 308 803 368 1231

2023 279 2369 348 EUTHYMII
2407 277 2742 347 ZIGABENI
3826 291 3925 356 mg

673 436 788 493 hoc
812 435 874 491 in
896 445 1214 506 progressu
1244 425 1423 484 facit:
1460 435 1622 481 nunc
1672 426 1892 489 autem,
1941 435 2016 476 ne
2054 421 2320 490 expetant

2283 421 2334 471 ιι
2365 417 2405 469 Α
2443 434 2721 490 πρόσωπον
2773 420 3060 489 μαρτυρίαν
3111 423 3203 468 τοῦ
3251 423 3400 482 Θεοῦ,
3455 412 3673 488 Ἆεοιοντες
3721 423 3786 474 ὅτι
3832 427 3930 480 Οὔτε

674 525 769 581 Dei
791 520 1194 578 testimonium
1215 534 1249 573 a
1269 516 1509 590 propria
1529 528 1673 568 voce
1692 519 1746 566 et
1762 528 1797 566 a
1817 510 2056 582 propria
2075 522 2334 581 persona

671 615 934 670 dicentes
967 628 980 666 :
1012 612 1211 681 Neque
1261 622 1470 662 vocem
1511 603 1640 674 ejus
1680 600 2012 656 audivimus
2040 613 2331 668 unquam,

671 718 864 774 neque
879 700 1137 774 speciem
1161 697 1292 769 ejus
1318 695 1571 749 vidimus
1600 687 2132 758 :conﬁtetur,quod
2155 686 2232 740 illi
2252 685 2338 739 di-

673 792 819 848 cturi
851 793 1015 846 erant
1044 804 1058 852 ;
1092 786 1430 842 conﬁtendo
1465 797 1606 837 vero
1636 779 1714 835 ad
1741 784 1962 833 rectam
2003 792 2104 831 eos
2125 775 2335 829 doctri-

671 897 815 940 nam
847 878 1097 942 reducit,
1128 877 1281 931 dans
1306 870 1783 942 intelligendum,
1815 867 1978 940 quod
2011 881 2206 937 neque
2225 879 2334 918 vox

643 973 751 1050 _sit
805 968 970 1043 apud
1021 969 1227 1029 Deum,
1295 977 1490 1035 neque
1530 960 1756 1033 species
1807 955 2150 1028 :siquidem
2207 953 2335 1008 hac

671 1075 991 1135 corporum
1023 1063 1180 1119 sunt,
1205 1056 1359 1110 Deus
1380 1058 1578 1108 autem
1607 1051 1971 1120 incorporea;
1993 1051 2079 1100 est
2106 1048 2334 1101 natura

673 1156 776 1209 aut
808 1149 1004 1222 potius
1063 1159 1248 1217 supra
1294 1157 1511 1213 corpus
1543 1145 1600 1194 et
1631 1153 1810 1209 supra
1851 1142 2152 1191 naturam.

745 1242 907 1296 Vers.
955 1237 1045 1292 37.
1082 1234 1282 1305 Neque
1315 1261 1378 1272 —
1411 1229 1648 1285 vidistis.
1680 1225 1853 1298 Atqui
1904 1224 2072 1280 multi
2125 1239 2334 1279 vocem

671 1331 803 1404 ejus
831 1330 1164 1400 frequenter
1219 1321 1589 1381 audiverunt,
1624 1323 1678 1371 et.
1717 1315 1971 1388 speciem
2016 1314 2147 1384 ejus
2175 1312 2334 1368 vide-

671 1424 830 1484 runt,
864 1417 1015 1474 sicut
1062 1414 1122 1470 in
1163 1410 1476 1482 Scripturis
1524 1408 1598 1462 de
1629 1405 1880 1463 diversis
1927 1405 2210 1475 scriptum
2244 1409 2336 1460 est

672 1509 857 1566 variis
885 1506 946 1562 in
972 1504 1134 1560 locis.
1168 1501 1280 1558 Sed
1309 1515 1421 1555 vox
1455 1497 1554 1554 illa
1591 1501 1649 1552 et
1674 1495 1896 1567 species
1942 1493 2068 1556 fuit,
2101 1509 2222 1548 non
2247 1509 2334 1547 se-

673 1598 944 1656 cundum
970 1594 1068 1649 Dei
1087 1599 1385 1654 naturam,
1414 1587 1517 1642 sed
1550 1586 1607 1642 in
1632 1585 1892 1642 hominis
1919 1583 2329 1639 similitudine.

744 1691 901 1743 Vers.
931 1685 1018 1740 38.
1053 1683 1132 1738 Et
1161 1711 1230 1720 —
1279 1679 1456 1735 vobis.
1509 1679 1574 1732 Et
1611 1675 1780 1747 quid,
1817 1674 2026 1746 inquit,
2091 1673 2226 1728 dico
2256 1672 2331 1728 de

2446 509 2614 577 φωνην
2666 504 2826 556 αὐτοῦ
2879 504 3172 576 ἀκηκόαμεν
3231 512 3444 571 πώποτε,
3503 508 3608 559 οὗτε
3659 506 3774 572 εἶδος
3814 514 3931 567 αὐτοῦ

2446 595 2740 666 ἑωράκαμεν
2774 611 2785 624 ⁸
2823 594 3158 666 συνομολογεί
3209 598 3299 666 μεν
3345 594 3370 647 ὁ
3421 596 3606 667 ἔμελλον
3652 598 3786 669 λέγειν
3813 621 3823 633 ·
3867 601 3933 656 διὰ

2447 680 2505 736 δὲ
2577 692 2668 735 τοῦ
2729 684 3089 756 συνομολογεῖν
3147 683 3216 745 εἰς
3297 684 3558 757 φιλόσοφον
3597 687 3758 750 αὐτοὺς
3805 690 3933 761 ἀνάγει

2446 769 2643 844 δόγμα,
2695 769 2880 834 διδοὺς
2934 780 3062 826 νοεῖν
3117 775 3198 824 ὃτι
3235 776 3349 826 οὔτε
3386 779 3515 846 φωνὴ
3561 781 3664 848 περὶ
3706 781 3812 830 Θεὸν
3852 785 3933 832 οὔτε

2445 858 2599 921 εἶδος.
2650 869 2829 915 Ταῦτα
2883 867 2972 935 μεν
3026 865 3129 935 ’γὰρ
3189 867 3436 935 σωμάτων
3491 863 3630 929 εἰσιν,
3687 867 3709 916 ό
3755 863 3802 918 δὲ
3845 874 3934 929 Θεὸς

2445 949 2720 1023 ἀσώματος
2752 955 2923 1024 φύσις,
2969 951 3158 1024 μᾶλλον
3206 949 3264 1005 δι
3294 953 3678 1028 ὑπερασώματος
3718 959 3791 1008 καὶ
3825 959 3932 1031 ὑπερ-

2443 1061 2596 1112 φυης.

2515 1226 2648 1274 Οὔτε
2686 1252 2753 1262 -
2807 1221 3082 1294 ἑωράκατε.
3138 1226 3237 1275 Καὶ
3280 1226 3380 1294 μὲν
3431 1221 3596 1275 πολλοὶ
3638 1222 3839 1286 πολλάκις
3877 1233 3930 1278 καὶ

2444 1316 2613 1383 φωνην
2644 1312 2804 1363 αὐτοῦ
2848 1315 3101 1376 ἦκουσαν,
3135 1316 3224 1364 καὶ
3255 1308 3394 1373 εἶδος
3423 1312 3574 1364 αὑτοῦ
3602 1312 3856 1384 ἑωράκασιν,
3891 1318 3931 1374 ὡς

2443 1403 2492 1452 ἓν
2524 1408 2636 1462 ταῖς
2682 1407 2905 1475 Γραφαίς
2951 1406 3066 1473 περὶ
3113 1397 3376 1474 διαφόρων
3425 1397 3669 1476 διαφόρως
3716 1403 3928 1474 ἱστόρηται.

2443 1490 2599 1541 Ἀλλὰ
2631 1497 2792 1562 φωνην
2823 1496 2912 1542 καὶ
2943 1487 3082 1551 εἶδος
3107 1491 3164 1543 οὗ
3191 1494 3325 1542 κατὰ
3356 1494 3506 1562 φύσιν
3536 1496 3671 1556 Θεοῦ,
3693 1492 3929 1562 καθ’ὁμοίω-

2445 1597 2527 1630 σιν
2559 1575 2617 1632 δι
2648 1578 2941 1654 ἀνθρώπου.

2516 1676 2615 1723 Καὶ
2671 1701 2735 1710 --
2792 1672 2932 1742 ὑμῖν.
2985 1675 3085 1723 Καὶ
3145 1675 3197 1722 τί
3273 1668 3427 1741 λέγω,
3493 1674 3632 1741 φησι,
3685 1674 3780 1740 περὶ
3819 1677 3929 1741 φωνῆς

672 1792 838 1842 voce,
875 1790 1013 1848 quas
1067 1769 1310 1844 propria
1364 1768 1549 1839 ipsius
1607 1781 1720 1820 vox
1771 1770 1943 1829 esset,
1987 1767 2088 1818 aut
2139 1762 2319 1833 specie

2280 1762 2328 1816 ie
2366 1775 2406 1830 Β
2443 1760 2740 1831 αὐτοφὼνου
2772 1765 2860 1812 καὶ
2896 1755 3065 1820 εἴδους
3107 1760 3518 1834 αὐτοπρόσωπον
3546 1776 3559 1826 ;
3589 1758 3707 1810 Ἀλλ’
3746 1755 3840 1810 οὐδε
3877 1763 3927 1810 τὸν

671 1865 927 1941 propriae
955 1862 1149 1935 ipsius
1206 1872 1500 1932 persona,
1535 1871 1672 1910 cum
1731 1869 1926 1924 neque
1966 1868 2324 1918 sermonem,

668 1959 798 2029 ejus
818 1953 1089 2010 habeatis
1113 1950 1458 2006 manentem
1489 1946 1547 2001 in
1583 1944 1767 2007 vobis,
1800 1959 1981 2016 quem
2015 1959 2117 2015 per
2138 1942 2329 2010 legem

671 2063 742 2103 ac
774 2044 1097 2117 prOphetas
1125 2041 1358 2096 locutus
1388 2041 1496 2101 est,
1525 2041 1581 2090 et
1612 2037 1850 2107 putatis.
1900 2033 2060 2088 hunc
2091 2049 2196 2087 vos
2231 2031 2333 2086 ha-

673 2136 809 2192 bere
841 2137 1186 2190 manentem
1217 2129 1276 2184 in
1323 2126 1518 2192 vobis,
1573 2124 1732 2180 etde
1783 2125 1914 2196 ipso
1970 2120 2329 2194 gloriamini.

676 2224 898 2283 Deinde
925 2219 1259 2283 conﬁrmat,
1291 2215 1460 2290 quod
1513 2213 1678 2280 dixit,
1709 2213 1822 2270 hoc
1855 2213 2038 2270 modo
2065 2211 2210 2268 illud
2242 2226 2334 2266 os-

673 2314 948 2374 tendens.

743 2406 910 2460 Vers.
955 2404 1044 2458 38.
1101 2400 1272 2464 Quem
1322 2399 1475 2454 enim
1548 2425 1614 2436 —
1668 2393 1928 2450 creditis.
1991 2395 2138 2448 Nam
2196 2408 2333 2448 cum

672 2509 894 2559 sermo,
943 2492 1046 2564 qui
1103 2505 1208 2562 per
1268 2486 1458 2557 legem
1500 2484 1674 2540 datus
1726 2491 1811 2537 est
1863 2499 1932 2538 ac
1989 2482 2332 2555 pmphetas,

672 2585 909 2646 clamet,
941 2578 1103 2653 quod
1157 2580 1323 2633 Pater
1353 2575 1558 2630 Filium
1586 2590 1761 2627 suum
1798 2573 2018 2627 miserit
2067 2571 2142 2627 ad
2177 2572 2335 2627 salu-

670 2679 788 2731 tem
814 2675 1091 2732 vestram,
1116 2673 1167 2722 et
1197 2663 1362 2737 quod
1394 2680 1497 2717 vos
1537 2661 1873 2717 illicredere
1913 2666 2200 2732 oporteat,
2237 2677 2337 2715 vos

672 2767 874 2820 autem
957 2757 1116 2825 huic,
1203 2768 1384 2826 quem
1467 2751 1561 2806 ille
1652 2751 1808 2805 misit
1881 2765 1999 2804 non
2080 2751 2336 2817 creditis,

670 2851 912 2911 omnino
943 2861 1064 2904 non
1111 2842 1425 2900 aucultatis
1461 2840 1745 2912 praedicto
1797 2839 1923 2910 ejus
2000 2843 2256 2896 sermoni
2321 2861 2337 2898 :

671 2959 808 2999 cum
843 2944 1042 2996 autem
1071 2934 1152 2990 illi
1185 2948 1299 2987 non
1349 2929 1710 2993 auscultetis,
1763 2946 1881 2984 non
1913 2929 2144 2985 habetis
2199 2947 2338 2988 eum

673 3034 792 3089 sive
821 3031 1050 3085 donum
1079 3024 1268 3097 ipsius
1297 3040 1310 3088 ;
1334 3020 1590 3077 avolavit
1619 3018 1778 3075 enim
1807 3036 1842 3076 a
1875 3019 2064 3076 vobis.
2095 3021 2335 3088 Verum,

2441 1849 2590 1921 λόγον
2617 1849 2776 1901 αὑτοῦ
2807 1852 2953 1921 ἔχετε
2986 1854 3198 1921 μένοντα
3228 1848 3275 1900 ἓν
3315 1851 3456 1920 ὑμῖν,
3488 1853 3568 1900 τόν
3598 1845 3628 1900 δ
3634 1852 3680 1900 ιὰ
3715 1853 3836 1919 νόμον
3873 1853 3926 1897 καὶ

2442 1947 2717 2012 προφητῶν
2748 1939 3049 2004 λαληθέντα,
3086 1939 3128 1992 εἰ
3152 1944 3240 1990 καὶ
3263 1941 3434 1991 οἴεσθε
3455 1946 3620 1990 τοῦτον
3644 1940 3760 2009 ἔχειν
3781 1941 3925 2008 μένοντε

2441 2031 2489 2081 ἂν
2520 2030 2660 2100 ὑμῖν,
2689 2033 2778 2080 καὶ
2808 2028 2892 2080 ἰπὶ
2918 2031 3083 2099 τούτῳ
3121 2030 3448 2099 σεμνύνεσθε.
3484 2024 3596 2081 Εἶτα
3631 2027 3924 2088 κατασκευάζει,

2442 2118 2467 2170 ὃ
2502 2121 2719 2194 εἴρηκεν,
2753 2114 3107 2170 ἀποδεικνύων
3135 2117 3278 2171 αὐτό.

2512 2384 2633 2437 ὀτι
2663 2385 2717 2437 ὃν
2755 2415 2808 2425 —
2858 2386 3144 2437 πιστεύετε.
3189 2383 3331 2437 Ἐπεὶ
3369 2386 3468 2458 γὰρ
3519 2383 3544 2435 ό
3592 2385 3669 2455 μὲν
3709 2378 3781 2434 διὰ
3820 2383 3920 2449 νόμον

2443 2480 2532 2527 καὶ
2580 2483 2855 2548 προφητῶν
2887 2470 3060 2535 δοθεὶς
3100 2473 3210 2544 (25)
3256 2472 3411 2544 λόγος
3463 2471 3580 2546 βοᾷ,
3634 2474 3700 2523 ὅτι
3739 2471 3757 2520 ὁ
3802 2475 3917 2540 Πατήρ

2445 2564 2712 2618 ἀπέστειλε
2768 2567 2854 2616 τὸν
2910 2566 3029 2616 Υὶόν
3081 2563 3240 2614 αὑτοῦ
3301 2563 3391 2615 ἐπὶ
3449 2567 3668 2635 σωτηρίᾳ
3710 2561 3824 2631 ὑμῶν,
3861 2564 3916 2608 καὶ

2446 2657 2526 2709 ὅτι
2582 2660 2690 2727 χρη
2734 2655 2867 2726 ὑμᾶς
2919 2656 3086 2724 τούτῳ
3117 2655 3404 2704 πιστεύεινο
3433 2654 3570 2725 ὑμεῖς
3601 2648 3653 2703 δε
3680 2651 3721 2702 ὃν
3755 2648 3912 2699 ἐπέστει-

2444 2744 2523 2796 λεν
2576 2742 2784 2810 ἐκεῖνος,
2838 2745 3002 2814 τούτῳ
3053 2742 3111 2794 οὐ
3164 2745 3454 2795 πιστεύετε·
3513 2745 3695 2801 πάντως
3730 2739 3768 2789 o-J
3806 2752 3906 2809 προσ-

2448 2838 2593 2906 έχετε
2624 2842 2694 2902 τῷ
2737 2829 3020 2890 δηλωθέντι
3062 2831 3196 2902 λόγῳ
3240 2831 3425 2885 αὐτοῦ.
3475 2836 3557 2889 Μὴ
3590 2833 3845 2903 προσέχοντες
3877 2818 3916 2871 δέ

2448 2924 2588 2994 αὐτῷ
2624 2923 2717 2974 θ’δκ
2749 2925 2891 2994 ἔχετε
2930 2921 3104 2983 αὐτὸν.
3162 2924 3325 2991 ἤγουν
3384 2924 3478 2978 τὴν
3510 2923 3656 2995 χάριν
3690 2917 3822 2970 αὐτοῦ’

2447 3018 2574 3071 inm
2614 3015 2715 3086 γὰρ
2759 3011 2842 3083 ἀφ’
2875 3012 3035 3083 ὑμῶν.
3081 3009 3192 3063 Ἵνα
3235 3006 3295 3062 δι
3327 3016 3399 3082 μὴ
3452 3013 3668 3075 εἴπωσιν,
3714 3009 3776 3058 ὃτι
3812 3006 3905 3052 xuii:

671 3139 747 3180 ne
787 3120 1030 3177 dicant:
1069 3113 1130 3170 Si
1188 3128 1329 3182 ergo
1371 3126 1576 3167 vocem
1629 3109 1758 3180 ejus
1816 3125 1935 3165 non
1970 3112 2311 3166 audivimus

2264 3129 2333 3176 IS,
2369 3134 2409 3190 C
2567 3105 2734 3173 φωνὴν
2778 3101 2938 3153 αὐτοῦ
2995 3099 3312 3172 ἀκηκόαμεν,
3849 3105 3911 3144 σἰεδι·1

671 3208 981 3286 quomodo
1025 3205 1119 3260 ille
1145 3202 1491 3260 testiﬁcatus
1530 3205 1618 3256 est
1641 3200 1714 3254 de
1747 3205 1801 3255 te
1829 3201 1857 3256 ?
1887 3200 1967 3255 ait
2000 3224 2011 3255 :

743 3302 903 3355 Vers.
933 3296 1021 3350 39.
1046 3291 1408 3349 Scrulamini
1435 3290 1781 3358 Scripturas.
1834 3288 2078 3358 Legales
2109 3307 2173 3344 ac
2202 3306 2333 3361 pro-

671 3390 956 3465 pheticas.
984 3383 1122 3441 inde
1161 3384 1316 3438 enim
1356 3384 1443 3436 est
1474 3379 1875 3434 testimonium
1911 3395 1945 3433 a
1972 3379 2156 3434 Patre.
2195 3379 2336 3436 Vide

673 3484 896 3545 autem,
928 3473 1092 3550 quod
1125 3487 1241 3528 non
1263 3470 1476 3526 dixerit
1504 3468 1751 3540 :Legite,
1787 3469 1910 3534 sed,
1939 3469 2304 3524 Scrutamini
2321 3486 2334 3536 ;

670 3569 754 3639 illi
785 3564 1085 3639 siquidem
1116 3559 1414 3630 legebant,
1443 3563 1502 3613 at
1543 3573 1662 3613 non
1696 3557 2138 3622 scrutabantur,
2169 3557 2337 3614 idcir-

672 3675 743 3716 co
782 3673 884 3713 eos
916 3649 1166 3709 scrutari
1218 3649 1431 3721 jubet:
1469 3663 1608 3702 nam
1641 3663 1778 3702 cum
1834 3663 1903 3702 ea
1958 3663 2091 3719 quas
2143 3647 2218 3702 de
2266 3663 2337 3703 eo

673 3751 832 3809 sunt,
873 3741 1128 3800 obscure
1161 3737 1382 3809 scripta
1426 3736 1544 3791 sint
1584 3734 1797 3791 utiliter
1826 3741 1882 3791 et
1912 3735 2337 3807 dispensatorie

670 3838 914 3909 propter
939 3826 1411 3886 imbecillitatem
1457 3823 1892 3897 progenitorum
1943 3826 2230 3896 ipsorum,
2266 3841 2339 3880 ne

672 3920 1014 3981 exciderent
1028 3917 1106 3974 ad
1120 3916 1371 3972 deorum
1404 3913 1860 3978 multitudinem,
1876 3913 2045 3984 jubet
2067 3929 2224 3969 nunc
2237 3929 2340 3968 eos

675 4003 899 4077 fodere,
929 4013 993 4065 ut
1025 4023 1096 4065 ea
1121 4021 1258 4078 qua:
1286 4003 1400 4060 alte
1445 4003 1503 4058 in
1545 4002 1796 4057 modum
1849 4003 2107 4059 thesauri
2136 4017 2341 4057 recon-

673 4102 799 4160 dita
826 4104 983 4164 sunt,
1014 4095 1249 4170 possint
1276 4093 1562 4150 invenire.

746 4191 906 4246 Vers.
936 4192 1025 4244 39.
1057 4185 1203 4255 Quia
1249 4215 1316 4224 -—
1349 4181 1573 4237 habere.
1609 4180 1826 4236 Putatis
1858 4180 2095 4248 habere,
2131 4196 2338 4236 verum

672 4295 794 4339 non
807 4275 1234 4347 habetiszquia
1257 4270 1571 4344 superficie
1598 4276 1770 4325 tenus
1795 4270 1990 4325 solum
2019 4286 2121 4324 eas
2142 4270 2338 4339 legen-

675 4385 915 4438 tes,non
945 4362 1409 4422 invenitisillum
1433 4368 1657 4416 certum
1680 4361 2058 4416 vitzeaaternre
2088 4359 2336 4424 fontem,

2447 3196 2624 3262 φησίν.

2518 3281 2785 3349 Ἐρευνᾶτε
2864 3281 2953 3339 τὰς
3031 3280 3258 3354 Γραφάς.
3319 3281 3426 3339 Τὰς
3478 3278 3673 3350 νομικὰς
3735 3276 3804 3324 καὶ
3853 3283 3921 3338 πρι-

2447 3371 2683 3442 Ῥητίκάςο
2719 3369 2936 3423 Ἐκῑῖθιν
2967 3371 3064 3441 γὰρ
3101 3370 3130 3426 ἡ
3179 3372 3325 3440 παρὰ
3372 3375 3464 3420 τοῦ
3512 3369 3690 3439 Πατρός
3727 3363 3814 3432 (26)
3847 3374 3924 3427 μαρ-

2444 3464 2601 3532 τυρία
2634 3474 2647 3488 ·
2688 3460 2782 3532 ὅρα
2830 3453 2887 3511 δι
2920 3466 3024 3518 πῶς
3055 3457 3147 3509 οὐκ
3196 3455 3335 3510 εἶπεν
3370 3474 3383 3488 ⁸
3438 3457 3810 3527 Ἀναοιινώσκετε,
3846 3441 3923 3503 ἀλλ’,

2445 3549 2728 3623 Ἐρευνᾶτε.
2795 3548 3164 3619 ’Λνεγίνωσκον
3214 3549 3306 3619 μὶν
3360 3549 3483 3621 γὰρ,
3536 3545 3622 3597 οὐκ
3667 3543 3841 3613 ἠρεύνων
3880 3528 3925 3582 δέ.

2446 3643 2540 3693 Διὰ
2598 3647 2750 3691 τοῦτο
2801 3637 2991 3690 κελεύει
3049 3636 3274 3712 ἕρευνᾴν.
3340 3637 3478 3689 Ἐπεὶ
3531 3637 3624 3709 γὰρ
3678 3628 3928 3682 Minium

2446 3729 2511 3779 τὰ
2571 3733 2688 3800 περὶ
2750 3728 2910 3779 αὐτοῦ
2967 3730 3299 3801 γεγραμμένα
3355 3729 3694 3797 συμφερόντως
3733 3721 3801 3768 καὶ
3842 3712 3932 3764 οἱκο-

2417 3813 2664 3890 ’νομικῶς
2709 3813 2802 3869 διὰ
2846 3820 2938 3874 τὴν
2987 3825 3086 3867 τῶν
3134 3821 3398 3889 προγόνων
3437 3813 3597 3866 αὐτῶν
3626 3809 3851 3870 ἀσθένειαν,
3881 3799 3933 3847 ἵνα

2448 3912 2519 3981 μὴ
2562 3906 2850 3959 ίκπέσωσιν
2891 3906 2958 3968 τίς
2990 3904 3286 3972 πολυθεταν,
3322 3904 3573 3956 ἐπιτάττει
3617 3908 3692 3952 νῦν
3729 3894 3934 3967 διορύττειν

2451 3999 2532 4048 ἵνα
2561 3999 2627 4048 τὰ
2653 3994 2700 4047 ἐν
2724 4003 2794 4066 τῷ
2827 3993 2980 4067 βάθει
3018 3999 3225 4066 κείμενα
3255 3996 3486 4066 καθάπερ
3518 4011 3593 4052 τις
3627 3986 3838 4056 θησαυρὸς
3862 3971 3933 4046 (Ἦ)

2451 4083 2749 4143 δυνηθῶσιν
2778 4085 2961 4158 εὑρεῖν.

2519 4175 2638 4226 Ὀτι
2681 4205 2746 4215 -·
2789 4177 2949 4245 ἔχειν.
2998 4178 3200 4225 Δοκεῖτε
3251 4176 3342 4245 μιν
3397 4175 3552 4244 ἔχειν,
3603 4167 3685 4221 οὐκ
3732 4165 3845 4235 ἔχετε
3885 4150 3934 4206 δέ.
4018 4150 4019 4210 1

2451 4264 2591 4318 διότι
2638 4264 2944 4323 imminit»;
2996 4265 3188 4324 ταύτας
3240 4260 3660 4333 ἀναγινώσκοντες
3728 4253 3811 4322 οὐχ
3851 4247 3937 4318 ὠρί-

2453 4375 2595 4408 σκετε
2626 4357 2818 4412 ταύτην
2851 4356 2961 4412 ἣτις
2992 4350 3127 4404 ἔστιν
3176 4352 3201 4403 ὁ
3233 4332 3478 4426 Χριστός,
3523 4351 3550 4406 ἠ
3591 4349 3716 4416 πηγὴ
3756 4347 3824 4397 τῆς
3861 4332 3936 4384 σάω·

672 4429 890 4532 quiest
919 4455 1209 4511 Christus.
1275 4451 1424 4518 Quia
1467 4465 1608 4519 ergo
1664 4451 1882 4520 putatis
1933 4450 1990 4504 in
2026 4447 2319 4520 Scripturi:

2294 4447 2338 4502 is
2373 4490 2416 4545 D
2448 4449 2558 4497 νίου
2616 4445 2768 4505 ζωῆς.
2821 4444 2961 4495 Ἐπεὶ
3006 4437 3093 4493 οὖν
3150 4437 3352 4493 δοκεῖτε
3389 4443 3478 4512 μεν
3539 4435 3630 4489 ἀπὸ
3665 4441 3749 4486 τῶν
3795 4429 3936 4498 Γραῖνῖη

2457 4535 2483 4545 ι.
2541 4538 2550 4545 .
2662 4534 2674 4545 ι
2700 4538 2706 4545 .
2869 4533 2891 4545 ι.
3121 4528 3133 4544 s
3215 4531 3236 4544 ιν
3419 4523 3450 4545 ι·
3513 4523 3534 4545 θ
3569 4527 3576 4536 ·
3643 4527 3715 4545 _1__
3767 4516 3936 4545 ἒ-ηρῖκσιν

678 4548 861 4603 vitam
887 4551 1171 4601 aeternam
1197 4540 1436 4604 habere,
1465 4543 1522 4594 et
1557 4543 1801 4610 propter
1826 4538 2049 4593 dictam
2091 4553 2338 4593 causam

672 4653 795 4694 non
824 4635 1104 4699 habetis;
1141 4629 1483 4687 scrutamini
1531 4628 1846 4701 profunde,
1909 4634 1970 4684 ut
2035 4628 2337 4683 inventam

674 4724 968 4782 habeatis.

744 4813 906 4869 Vers.
942 4812 1031 4867 39.
1072 4812 1148 4866 Et
1179 4827 1366 4866 —me.
1400 4808 1830 4874 Testiﬂcantur,
1865 4806 2077 4878 inquit,
2120 4806 2191 4860 de
2248 4820 2342 4862 me

676 4903 736 4961 in
760 4916 1023 4975 persona
1053 4901 1256 4971 Patris,
1287 4905 1486 4972 utpote
1517 4913 1740 4953 arcano
1771 4896 1950 4952 modo
1981 4912 2014 4950 a
2050 4896 2217 4950 Patre
2257 4895 2342 4950 in-

678 4992 912 5064 spiratus
955 4990 1070 5055 his,
1125 4989 1228 5061 qui
1276 5004 1379 5043 eas
1434 4989 1817 5058 scripserunt.
1873 4984 2219 5055 Conjunctio
2265 4992 2342 5048 et,

677 5078 970 5146 abundat,
1000 5077 1168 5152 quod
1199 5078 1259 5133 in
1295 5076 1583 5132 Hebraico
1617 5075 1899 5131 idiomate
1925 5073 2205 5146 frequens
2231 5077 2342 5128 est.

749 5169 921 5228 Vers.
952 5170 1041 5225 40.
1071 5168 1151 5225 Et
1203 5197 1274 5208 —
1323 5165 1600 5224 habeatis.
1634 5165 1838 5223 Vitam
1890 5163 2158 5220 videlicet
2194 5179 2344 5219 sem-

2452 4535 2589 4595 ζωὴν
2622 4534 2826 4584 αἰώνιον
2867 4533 3027 4602 ἔχειν,
3079 4528 3172 4580 οὐκ
3212 4531 3356 4600 ἔχετε
3404 4523 3463 4579 δε
3501 4523 3588 4577 διὰ
3639 4527 3717 4579 τὴν
3760 4516 3936 4591 ῥηθεῖσιν

2451 4623 2643 4688 αἰτίαν,
2689 4620 2865 4673 λοιπὸν
2910 4617 3141 4694 ἔρευνᾶτε
3168 4620 3356 4678 ταύτας
3386 4615 3450 4676 εἰς
3483 4613 3653 4688 βάθος,
3685 4611 3754 4662 ἶνα
3779 4605 3936 4677 εὑρόντες

2451 4715 2629 4786 ἲχητε.

2524 4807 2623 4854 Καὶ
2654 4831 2721 4841 -
2765 4798 2908 4872 ἔμοῦ.
2965 4800 3030 4851 Δί
3074 4805 3458 4870 μαρτυροῦσαι,
3520 4794 3658 4866 φησὶ,
3705 4787 3803 4860 περὶ
3845 4777 3933 4849 ipsis

2454 4896 2716 4964 προσώπῳ
2751 4897 2842 4942 τοῦ
2883 4891 3102 4962 Πατρός,
3144 4887 3230 4939 οἵα
3261 4888 3402 4962 παρὰ
3452 4891 3541 4936 τοῦ
3581 4881 3757 4950 Πατρός
3798 4870 3933 4941 ἒμπνῖν

2458 4984 2664 5034 σθεῖσαι
2695 4978 3000 5054 ἀποῤῥήτως
3049 4985 3160 5039 τοῖς
3209 4979 3520 5051 γεγραφόσιν
3565 4969 3726 5030 αὐτάς.
3772 4968 3931 5034 ﬂigi?“

2457 5069 2514 5124 δι
2546 5070 2767 5122 ενταῦθα
2792 5072 2848 5120 τὸ
2874 5073 2986 5134 καὶ,Ι
3016 5066 3132 5120 καθ’
3161 5064 3429 5141 Ἐεραῑκὸν
3462 5059 3666 5131 ἰδίωμα.

2528 5165 2626 5213 Καὶ
2662 5190 2730 5200 -
2767 5159 2949 5232 ἔχητε.
3000 5160 3147 5216 Ζωὴν
3188 5131 3412 5226 αἱῶνιον,
3462 5148 3705 5211 δηλοόντι.
3746 5136 3857 5209 Εἶτα,
3889 5131 3931 5182 ῖνί

1891 5391 2118 5470 Variae
2144 5392 2471 5462 lectiones
2501 5400 2566 5461 et
2595 5399 2799 5460 notas.

748 5649 860 5735 (ἓξ)
896 5664 1090 5733 Νόμος,
1120 5677 1230 5735 pro
1250 5646 1419 5733 λόγος,
1461 5653 1520 5712 Α.

747 5731 863 5809 (26)
886 5731 1141 5810 Σωτῆρος,
1169 5749 1278 5806 pro
1305 5731 1528 5810 Πατρός,
1569 5737 1623 5789 Β.

2527 5642 2638 5724 (27)
2673 5643 2836 5698 Forte
2865 5641 2980 5696 τινὰ
3011 5641 3294 5722 θησαυρόν.
