4170 6430
264 265 398 324 1233
419 285 426 291 ·

1327 259 1685 319 COMMENT.
1728 259 1798 316 IN
1835 257 2180 316 JOANNEM.
2221 287 2290 301 --
2327 255 2484 314 CAP.
2516 255 2588 310 V.

3489 254 3626 312 428’:

261 396 332 467 μὴ
389 389 740 458 ὑπολάϐωσιν,
795 390 878 444 ὅτι
941 382 1227 462 φιλοδοξῶν
1291 384 1426 458 λέγει
1489 406 1557 439 τα
1618 393 1855 450 τοιαῦτα,

1993 383 2281 440 »ᾔει-ηοω.
2315 383 2558 452 Deinde,
2587 397 2664 440 ne
2713 379 3166 455 suspicarentur
3195 381 3376 455 ‘quod
3423 397 3628 439 amore

263 503 330 556 φη
341 487 442 535 σίνο

334 571 492 634 Δόξαν
523 603 587 612 -
614 568 884 643 λαμϐάνω.
916 567 991 621 Ού
1020 566 1168 639 φιλῶ,
1195 565 1278 618 οἷα
1308 569 1378 638 μὴ
1408 565 1627 639 χρῄζων
1663 564 1850 625 αὐτῆς·

263 658 386 714 οὐδὲ
411 663 512 734 γὰρ
567 661 591 712 ό
631 660 775 722 ἣλιος
807 655 976 712 δεῖται
1027 656 1306 728 λυχνιαίου
1347 660 1532 728 φωτός.
1583 660 1681 708 Καὶ
1729 659 1861 714 τίνος

265 753 423 804 ἕνεκεν
453 753 519 803 τὰ
547 757 764 803 τοιαῦτα
793 749 956 820 ἔλεγεν
998 763 1012 811 ;
1041 745 1153 799 Ἰνα
1181 749 1599 818 παντοιοτρόπως
1641 745 1860 796 ἐπισπά-

269 860 427 899 σηται
470 840 654 900 αὐτοὺς
706 839 776 901 εἰς
820 843 1000 891 πίστιν
1051 833 1124 888 δι’
1180 836 1244 897 ἧς
1294 833 1496 905 ἔμελλον
1535 836 1675 906 ἔχειν
1723 834 1861 894 ζωὴν

266 930 492 982 αἰώνιον.

336 1019 474 1074 Ἀλλ’
500 1049 569 1060 —
601 1017 821 1080 ἑαυτοῖς.
847 1017 1013 1090 Ὑμεῖς
1039 1018 1148 1088 μεν,
1187 1019 1367 1088 φησὶν,
1411 1015 1480 1076 ὡς
1520 1009 1676 1072 δῆθεν
1734 1011 1860 1084 ἀγα-

265 1117 454 1170 πῶντες
509 1112 596 1162 τὸν
637 1111 784 1178 Θεόν,
835 1106 1127 1160 ἀπωθεῖσθέ
1174 1124 1256 1176 με,
1316 1106 1397 1156 ὅτι
1453 1112 1585 1156 ποιῶ
1637 1103 1859 1174 ἐμαυτόν

263 1203 378 1253 ἶσον
407 1207 480 1270 τῷ
516 1207 630 1270 Θεῷ
671 1216 683 1228 ’
717 1197 996 1269 ἐλέγχεσθε
1041 1193 1100 1247 δε
1138 1190 1452 1266 ψευδόμενοι
1484 1212 1496 1225 ·
1536 1195 1735 1264 ἔγνωκα
1757 1195 1859 1266 γὰρ

266 1290 397 1355 ὑμᾶς
427 1289 508 1339 ὅτι
556 1287 651 1340 οῦκ
700 1285 936 1357 ἀγαπᾶτε
962 1287 1048 1337 τόν
1087 1289 1230 1338 Θεόν.
1290 1290 1406 1344 Πῶς
1439 1281 1600 1348 ;”Οτι
1641 1287 1761 1355 περὶ
1801 1280 1861 1334 οὗ

267 1375 454 1439 ἕκεῖνος
511 1383 767 1450 μαρτυρεῖ
802 1381 892 1428 καὶ
943 1371 1037 1427 διὰ
1074 1381 1166 1426 τοῦ
1205 1372 1464 1439 Ἰωάννου,
1518 1376 1609 1424 καὶ
1640 1368 1673 1423 δ
1681 1373 1734 1422 tu
1763 1379 1861 1422 τῶν

267 1469 445 1540 ἔργων,
481 1471 570 1518 xui
601 1462 694 1518 διὰ
713 1473 810 1518 τῶν
844 1471 1074 1537 Γραφῶν,
1104 1469 1284 1515 τοῦτον
1302 1464 1448 1535 ὑμεῖς
1469 1460 1527 1514 ού
1557 1461 1858 1533 προσίεσθε.

264 1555 464 1629 Ὠσπερ
498 1552 584 1608 οὖν
611 1559 856 1629 πρότερον
886 1553 1181 1625 νομίζοντες
1198 1549 1327 1604 εἶναί
1343 1571 1405 1624 με
1426 1550 1675 1614 ἀντίθεον,
1706 1547 1862 1607 ἠλαύ-

265 1664 368 1698 νετε
399 1663 410 1674 ·
449 1645 582 1696 οὕτω
623 1651 732 1708 νῦν,
783 1645 882 1695 ύπό
931 1651 1031 1694 τῶν
1081 1641 1356 1716 εἰρημένων
1401 1647 1697 1713 μαρτυριῶν
1741 1637 1864 1689 ἀπο-

1967 473 2168 544 gloriae
2205 472 2344 529 talia
2373 473 2614 541 diceret,
2647 473 2727 529 ait
2760 489 2774 529 :

2037 565 2195 618 Vers.
2227 564 2316 618 41.
2352 563 2612 620 Gloriam
2648 593 2717 604 —
2743 561 2983 631 accipio.
3041 561 3172 618 Non
3221 576 3433 617 amans
3467 575 3623 628 eam,

1967 657 2068 710 aut
2099 668 2163 708 ea
2198 652 2469 722 indigens
2522 671 2536 712 :
2566 667 2754 724 neque
2784 654 2946 707 enim
2989 651 3077 707 sol
3106 650 3362 707 lucernae
3402 650 3627 706 lumine

1967 743 2212 812 indiget.
2249 742 2466 797 Verum
2497 758 2684 814 quam
2715 742 2796 798 ob
2819 757 3067 798 causam
3085 741 3213 798 haec
3242 739 3530 798 dicebat?
3558 739 3629 796 Ut

1967 833 2130 888 omni
2160 831 2342 887 modo
2373 831 2451 886 ad
2481 831 2662 886 ﬁdem
2682 847 2782 887 eos
2815 831 3152 899 attraheret,
3184 846 3290 902 per
3309 846 3494 904 quam
3524 830 3628 888 ha-

1964 921 2148 977 bituri
2172 926 2368 976 essent
2397 921 2578 976 vitam
2605 924 2910 976 aeternam.

2038 1013 2200 1066 Vers.
2247 1014 2335 1065 42.
2381 1009 2496 1066 Sed
2537 1041 2607 1050 —
2665 1009 2837 1066 vobis.
2898 1008 3034 1080 Vos,
3067 1009 3278 1082 inquit,
3334 1013 3627 1083 tanquam

1966 1100 2150 1154 Deum
2181 1099 2492 1169 diligentes
2527 1115 2621 1154 me
2649 1099 2949 1171 repellitis,
2981 1099 3142 1172 quod
3172 1115 3268 1156 me
3309 1100 3506 1172 ipsum
3543 1100 3628 1157 fa-

1967 1189 2121 1245 ciam
2153 1188 2273 1244 Deo
2298 1188 2589 1260 aequalem
2615 1207 2628 1256 ;
2658 1189 2762 1244 sed
2795 1189 3095 1246 mendacii
3121 1189 3437 1261 arguimini
3469 1208 3482 1247 :
3514 1206 3626 1260 ego

1967 1279 2126 1334 enim
2158 1276 2299 1334 novi
2318 1293 2441 1343 vos,
2455 1277 2620 1349 quod
2635 1279 2822 1334 Deum
2839 1295 2962 1335 non
2974 1278 3253 1351 diligatis.
3270 1279 3586 1346 Quomodo
3599 1280 3627 1320 9

1969 1366 2120 1452 Quia
2159 1367 2234 1422 de
2272 1382 2394 1438 quo
2439 1365 2536 1423 ille
2562 1366 2966 1423 testimonium
2997 1367 3289 1439 perhibet,
3318 1373 3374 1424 et
3402 1382 3508 1440 per
3531 1370 3626 1424 Jo-

1969 1472 2211 1520 annem,
2253 1460 2437 1528 etper
2467 1471 2670 1528 opera,
2699 1460 2756 1512 et
2781 1471 2888 1528 per
2926 1457 3284 1529 Scripturas,
3324 1457 3485 1514 hunc
3518 1473 3624 1514 vos

1971 1561 2090 1602 non
2111 1544 2390 1616 recipitis.
2420 1544 2945 1610 Quemadmodum
2987 1561 3130 1616 ergo
3168 1547 3427 1618 primum
3468 1545 3625 1603 arbic

1969 1635 2125 1700 trati,
2163 1634 2331 1706 quod
2383 1649 2577 1691 essem
2615 1636 2734 1691 Deo
2771 1635 3122 1706 contrarius,
3159 1651 3254 1691 me
3304 1635 3628 1707 repelleba-

268 1731 577 1805 δειχθείσης
604 1741 694 1794 τῆς
728 1731 992 1802 ἀληθείας,
1027 1731 1262 1804 ὠφείλετε
1289 1725 1671 1804 προσδραμεῖν.
1707 1726 1864 1780 Ἀλλὰ

1996 1724 2045 1780 is
2077 1742 2090 1779 :
2124 1725 2206 1780 ita
2230 1738 2414 1790 nunc,
2447 1723 2913 1781 demonstratae
2954 1724 3129 1782 dictis
3187 1725 3437 1782 testibus
3484 1725 3631 1780 veri-

265 1826 434 1896 μάτην
460 1822 756 1895 κομπάζετε
810 1817 882 1874 δι’
914 1820 1123 1892 ἀγάπην
1157 1827 1249 1872 τοῦ
1282 1827 1415 1873 Θεοῦ
1444 1818 1862 1891 ἀποστρέφεσθαί

264 1932 345 1984 με.
381 1915 476 1965 Διά
533 1910 827 1984 βασκανίαν
878 1913 980 1984 γὰρ
1010 1918 1160 1963 τοῦτο
1217 1917 1500 1974 ποιοῦντες,
1553 1907 1862 1966 συσκιάζειν

266 2004 457 2060 ταύτην
484 2001 818 2073 ἐπιχειρεῖτε.

341 2091 470 2161 Ἐγὼ
501 2121 566 2130 —
599 2109 680 2161 με.
717 2121 782 2129 --
835 2088 915 2140 Ἐν
964 2097 1036 2157 τῷ
1081 2086 1294 2158 ὀνόματι
1342 2093 1433 2139 τοῦ
1495 2090 1691 2160 Πατρός
1739 2105 1860 2156 μου,

268 2183 429 2250 ἤγουν
461 2177 776 2239 ἀποσταλεὶς
819 2179 959 2250 παρά
997 2183 1086 2229 τοῦ
1137 2181 1336 2249 Πατρός
1373 2196 1494 2248 μου,
1523 2178 1593 2237 ὡς
1622 2174 1778 2236 αὐτὸς
1811 2191 1864 2226 τε

271 2275 526 2342 μαρτυρεῖ
554 2265 700 2336 κάγὼ
735 2266 988 2337 ὁμολογῶ,
1021 2271 1110 2318 καὶ
1137 2265 1194 2318 ού
1228 2262 1453 2338 δέχεσθέ
1481 2283 1562 2336 με.

338 2357 459 2409 Ἐὰν
485 2387 556 2396 -
579 2355 828 2426 λήψεσθε.
857 2359 980 2428 Περὶ
1005 2363 1094 2407 τοῦ
1111 2355 1480 2427 Ἀντιχρίστου
1501 2357 1656 2406 τοῦτό
1683 2372 1860 2425 φησιν,

268 2446 323 2508 ὃς
353 2445 611 2499 ἐλεύσεται
642 2444 690 2496 ἐν
712 2452 783 2514 τῷ
815 2444 1028 2516 ὀνόματι
1058 2451 1129 2515 τῷ
1169 2441 1224 2496 ἰδ
1229 2449 1310 2515 ίῳ,
1340 2463 1604 2496 τουτεστιν
1640 2442 1728 2516 ἀφ’
1752 2443 1866 2494 ἐαυ-

269 2543 360 2588 τοῦ
387 2539 456 2596 ὡς
483 2531 640 2593 δῆθεν
681 2534 834 2594 αὐτὸς
861 2535 928 2585 ὡν
958 2535 982 2586 ό
1011 2531 1094 2586 ἰπὶ
1121 2536 1322 2585 πάντων
1353 2537 1498 2593 Θεός.
1534 2535 1866 2586 Καθάπτεται

268 2621 357 2677 οὖν
388 2632 478 2684 τῆς
510 2622 891 2694 ἀναισχυντίας
927 2631 1029 2674 τῶν
1069 2618 1361 2687 Ἰουδαίων,
1389 2624 1453 2682 ὡς
1478 2621 1632 2674 αὐτὸν
1663 2624 1752 2693 μεν
1781 2624 1866 2673 τόν

264 2713 482 2784 λέγοντα
511 2709 704 2765 εἰδέναι
733 2715 820 2763 τόν
861 2715 982 2765 Θεὸν
1025 2716 1116 2764 xui
1146 2711 1499 2783 ὁμολογοῦντα
1545 2710 1869 2764 ἀπεστάλθαι

272 2803 392 2877 παρ’
420 2802 602 2868 αὑτοῦ,
635 2805 719 2853 xui
745 2805 815 2873 μὴ
851 2799 1186 2872 ἐλεγχόμενόν
1213 2798 1441 2852 ἀντίθεον
1469 2798 1864 2872 ἀποσειομένωνο

269 2895 355 2943 τόν
384 2887 443 2943 δε
473 2893 741 2962 φάσκοντα
770 2894 838 2962 μὴ
871 2885 1061 2942 εἰδέναι
1087 2888 1270 2942 ἐκεῖνον
1301 2893 1390 2941 καὶ
1420 2890 1758 2961 κομπάζοντα
1783 2887 1868 2962 ἀφ’

272 2980 456 3032 ἑαυτοῦ
477 2982 506 3038 ἦ
514 2999 630 3050 χειν
652 2984 741 3031 καὶ
759 2976 1129 3051 προδηλότατα
1147 2975 1180 3030 δ
1187 2984 1620 3051 ιαγινωσκόμενον
1643 2978 1868 3031 ἀντίθεον

272 3073 647 3141 προσιεμένων.

350 3153 474 3208 Εἶτα
503 3158 686 3213 τίθησι
714 3160 805 3206 καὶ
847 3159 940 3213 τὴν
973 3159 1144 3206 αἰτίαν
1193 3163 1287 3216 τῆς
1313 3154 1556 3215 ἀπιστίας
1583 3156 1750 3207 αὑτῶν
1770 3157 1873 3220 ,ὅτι

278 3242 372 3296 διὰ
396 3242 694 3316 φιλοδοξίαν
725 3244 782 3296 ού
814 3246 1147 3296 πιστεύουσι·
1181 3245 1262 3301 Μὴ
1309 3243 1533 3306 θέλοντες
1557 3247 1658 3318 γάρ
1691 3264 1875 3316 προτι-

277 3335 708 3407 μηθῆναι-αὑτῶν
731 3335 830 3386 ὑπό
863 3333 975 3402 (28)
1000 3340 1090 3384 τοῦ
1115 3332 1347 3395 πλήθους
1372 3337 1456 3385 τόν
1490 3337 1734 3406 Χριστόν,
1755 3333 1874 3387 ἐκώ-

277 3444 446 3491 φευον,
503 3428 593 3476 καὶ
623 3425 776 3496 ἔμυον
835 3421 1135 3482 ἐθελουσίως
1192 3426 1320 3496 πρός
1358 3427 1449 3481 τὴν
1485 3423 1746 3491 ἀλήθειαν,
1787 3427 1875 3476 καὶ

278 3514 445 3565 πάντα
474 3511 678 3565 ἐποίουν
707 3514 834 3584 ὑπὲρ
867 3519 957 3564 τοῦ
988 3515 1058 3584 μὴ
1092 3511 1323 3564 ἐκπεσεῖν
1342 3520 1440 3574 τῆς
1461 3508 1621 3575 δόξης
1651 3513 1711 3571 ἦν
1729 3510 1874 3585 εἶχον

279 3604 419 3673 παρά
439 3609 530 3654 τοῦ
561 3601 806 3663 πλήθους.

352 3698 462 3751 Πῶς
490 3721 553 3731 —
582 3689 924 3762 λαμϐάνοντες
957 3707 970 3756 ;
1013 3687 1321 3762 Ἐμποδίζει
1347 3692 1448 3764 γὰρ
1476 3690 1634 3748 αῦτη.

353 3873 452 3922 Καὶ
482 3900 549 3908 -
585 3872 786 3932 ζητεῖτε
824 3886 838 3936 ;
871 3867 965 3920 Ἠν
1002 3872 1163 3940 μόνην
1221 3865 1327 3921 ἔδει
1386 3869 1576 3932 ζητεῖν,
1609 3878 1704 3930 τῆς
1734 3869 1878 3943 παρά

277 3956 560 4032 ἀνθρώπων
617 3965 1088 4032 καταφρονοῦντας,
1145 3958 1188 4010 εί
1239 3963 1330 4010 καὶ
1375 3960 1522 4029 ὑμεῖς
1583 3961 1876 4010 τούναντίον

278 4053 490 4099 ποιεῖτε.
523 4049 858 4118 Πανταχόθεν
918 4052 1089 4099 τοίνυν
1135 4046 1479 4120 ἐπιστομίσας
1524 4047 1727 4112 αύτούς,
1787 4052 1876 4100 καὶ

280 4133 564 4198 ἀποδείξας
593 4138 770 4197 πάσης
805 4143 1119 4208 συγγνώμης
1156 4135 1417 4202 ἀναξίους,
1458 4135 1635 4189 λοιπόν
1662 4137 1874 4208 ἐφίστη·

283 4244 364 4277 σιν
397 4225 568 4287 αὐτοῖς
598 4230 891 4299 κατήγορον
927 4225 1081 4278 αὐτόν
1121 4229 1208 4277 τὸν
1239 4229 1467 4279 Μωῦσέα
1494 4227 1580 4277 τὸν
1601 4227 1876 4297 νομοθέτην

280 4313 466 4369 αὐτῶν.

354 4407 439 4461 Μὴ
467 4434 537 4442 —
562 4407 778 4476 πατέρα.
816 4403 936 4456 Κατ’
967 4403 1220 4476 ἐρώτησιν
1243 4404 1432 4460 ἠθικὴν
1464 4403 1488 4453 ό
1513 4401 1677 4473 λόγος,
1721 4404 1800 4454 ὅτι
1825 4402 1880 4456 Εἰ

283 4496 372 4543 καὶ
400 4487 458 4544 εδ
463 4511 506 4544 ει
531 4511 593 4563 με
619 4500 770 4544 τοῦτο
800 4500 1044 4560 ποιῆσαι,
1078 4491 1184 4543 ἀλλ’
1226 4491 1283 4544 ού
1315 4496 1536 4560 ποιήσω,
1583 4490 1882 4555 ἀνεξίκακος

285 4602 373 4634 ων.

355 4754 538 4808 Ἔστιν
579 4785 644 4796 -
677 4761 930 4814 Μωῦσῆς.
960 4752 1044 4825 ’ῼς
1095 4751 1450 4805 ἀπιστούντων
1498 4754 1574 4816 οἷς
1613 4759 1730 4828 περὶ
1762 4753 1883 4828 ἐμοῦ

288 4843 502 4917 ἔγραψε,
531 4850 621 4896 καὶ
651 4844 816 4903 οὓτως
844 4841 1190 4894 ἀπειθούντων
1223 4841 1382 4912 αύτῷ.

360 4934 446 4994 Εἰς
511 4965 580 4974 -
623 4932 894 4992 ἠλπίκατε.
957 4931 1044 4993 Ὠς
1109 4931 1180 4992 εἰς
1230 4927 1546 5003 δημαγωγὸν
1597 4938 1686 4986 καὶ
1763 4954 1885 5007 πρου

293 5029 489 5083 στάτην
529 5027 620 5076 καὶ
675 5027 891 5096 μεσίτην
922 5023 985 5074 τὰ
1036 5025 1161 5096 πρὸς
1209 5027 1358 5076 Θεόν.
1418 5021 1616 5097 Ὠσπερ
1657 5020 1716 5076 δὲ
1769 5030 1885 5099 περὶ

291 5123 390 5166 τῶν
417 5120 630 5188 Γραφῶν
687 5112 823 5185 ἔλεγε
863 5131 876 5145 ο
903 5117 1105 5165 Δοκεῖτε
1156 5113 1206 5166 ἓν
1253 5111 1433 5174 αὐταῖς
1492 5116 1629 5175 ζωὴν
1680 5113 1885 5167 αἰώνιον

1972 1819 2110 1878 tate,
2168 1812 2530 1868 debuissetis
2560 1828 2890 1870 accurrere.
2953 1813 3064 1871 Sed
3118 1813 3336 1871 frustra
3369 1814 3624 1886 jactatis,

1972 1901 2138 1975 quod
2156 1901 2255 1956 Dei
2281 1901 2404 1959 zelo
2434 1917 2530 1958 me
2577 1903 2959 1958 aversamini.
2984 1903 3133 1960 Nam
3169 1904 3375 1960 cumid
3401 1903 3630 1960 invidia

1971 1989 2226 2058 faciatis,
2249 1990 2364 2045 hoc
2403 1989 2586 2046 modo
2624 1989 2801 2046 istam
2842 1990 3140 2049 occultare
3174 1991 3451 2048 nitimini.

2045 2080 2207 2134 Vers.
2235 2082 2323 2135 43.
2370 2079 2487 2150 Ego
2522 2109 2586 2120 —
2613 2094 2716 2136 me.
2752 2110 2816 2121 -
2849 2080 3074 2136 Nomine
3128 2081 3323 2138 Patris
3348 2080 3476 2147 mei,
3509 2082 3630 2138 sive

1972 2169 2258 2224 missusa
2297 2168 2468 2223 Patre
2507 2183 2662 2235 meo,
2718 2168 2868 2226 sicut
2932 2170 3063 2242 ipse
3106 2174 3349 2228 testatur
3402 2175 3462 2228 et
3517 2186 3631 2241 ego

1973 2256 2280 2323 conﬁteor,
2312 2260 2369 2312 et
2393 2271 2514 2312 non
2545 2257 2840 2330 suscipitis
2871 2273 2987 2314 me.

2045 2345 2314 2402 Vers.43.
2337 2376 2402 2387 —
2423 2346 2497 2402 Si
2507 2346 2813 2418 recipietis.
2833 2349 2909 2404 De
2934 2347 3296 2404 Antichristo
3324 2347 3438 2404 hoc
3466 2347 3629 2412 dicit,

1973 2435 2078 2508 qui
2106 2435 2305 2491 veniet
2331 2435 2576 2492 nomine
2591 2437 2853 2508 proprio,
2870 2437 2992 2493 sive
3027 2453 3062 2493 a
3084 2454 3145 2493 se
3168 2437 3322 2510 ipso,
3343 2442 3630 2510 tanquam

1973 2528 2101 2597 ipse
2133 2527 2285 2581 Deus
2306 2530 2476 2590 esset,
2509 2525 2610 2597 qui
2643 2541 2826 2598 super
2854 2541 3062 2582 omnes
3114 2532 3222 2583 est.
3271 2529 3452 2582 Taxat
3490 2541 3634 2595 ergo

1975 2613 2402 2686 impudentiam
2445 2613 2815 2679 Judeeorum,
2864 2615 3024 2686 quod
3073 2631 3212 2672 eum
3255 2615 3633 2686 repellerent,

1973 2720 2116 2769 cum
2143 2719 2206 2760 se
2236 2703 2452 2759 diceret
2481 2718 2663 2758 nosse
2690 2703 2875 2760 Deum
2908 2709 2966 2760 et
2991 2703 3070 2760 ab
3099 2720 3170 2760 eo
3203 2705 3457 2760 missum
3483 2718 3634 2769 esse,

1977 2810 2088 2852 nec
2117 2793 2568 2850 convinceretur
2583 2793 2702 2849 Deo
2725 2793 3200 2850 essecontrarius
3231 2811 3247 2849 :
3278 2793 3442 2850 illum
3475 2808 3637 2861 vero,

1977 2885 2076 2957 qui
2107 2899 2169 2940 se
2207 2883 2424 2940 diceret
2452 2897 2573 2939 non
2600 2897 2781 2938 nosse
2801 2884 3010 2949 Deum,
3060 2889 3116 2938 et
3141 2899 3177 2939 a
3202 2882 3400 2955 seipso
3440 2882 3640 2938 venire

1979 2990 2039 3030 se
2063 2974 2333 3045 jactaret,
2385 2987 2454 3028 ac
2499 2969 2984 3029 manifestissime
3028 2972 3478 3044 dignosceretur
3511 2986 3638 3027 esse

1905 3095 1945 3152 Ο
1984 3066 2098 3119 Deo
2120 3061 2476 3129 contrarius,
2507 3060 2856 3132 reciperent.

2052 3149 2271 3206 Deinde
2297 3150 2460 3222 ponit
2488 3154 2544 3205 et
2564 3164 2814 3204 causam
2842 3147 3202 3205 inﬁdelitatis
3230 3148 3641 3222 eorum,quod

1983 3247 2216 3313 propter
2255 3239 2456 3309 gloriae
2500 3253 2769 3294 amorem
2819 3253 2941 3292 non
2989 3237 3336 3297 crederent:
3372 3238 3641 3294 nolentes

1982 3331 2140 3386 enim
2197 3328 2494 3386 Christum
2526 3341 2713 3397 supra
2742 3341 2804 3382 se
2847 3325 3130 3382 honorari
3173 3343 3205 3381 a
3243 3325 3639 3392 multitudine,

1982 3416 2517 3484 obsurdescebant,
2544 3418 2603 3471 et
2631 3429 2806 3471 aures
2836 3414 2988 3471 ultro
3004 3413 3364 3472 claudebant
3384 3414 3462 3470 ad
3495 3415 3642 3470 veri-

1985 3514 2163 3566 tatem
2189 3530 2200 3561 :
2235 3506 2562 3578 omniaque
2593 3503 2908 3571 faciebant,
2935 3519 3010 3560 ne
3043 3519 3080 3561 a
3109 3503 3294 3575 gloria
3324 3519 3510 3577 quam
3541 3504 3642 3562 ba-

1983 3599 2201 3655 bebant
2225 3595 2388 3667 apud
2424 3594 2859 3650 multitudinem
2892 3593 3247 3651 exciderent.

2055 3688 2218 3744 Vers.
2242 3689 2329 3742 44.
2350 3685 2647 3752 Quomodo
2665 3715 2726 3726 --
2744 3684 3010 3756 accipitis
3029 3684 3216 3742 ?Nam
3237 3684 3374 3758 ipsa
3391 3683 3643 3757 impedi-

1985 3782 2186 3834 mento
2217 3780 2329 3832 est.

2055 3867 2215 3922 Vers.
2243 3868 2331 3922 44.
2359 3866 2435 3920 Et
2460 3895 2530 3904 —
2558 3864 2824 3936 quaeritis
2851 3865 2879 3921 ‘I
2923 3865 3116 3930 Quam
3156 3863 3346 3921 solam
3379 3877 3645 3936 quaerere

1985 3959 2237 4029 oportet,
2272 3971 2342 4010 ea
2377 3971 2508 4025 quae
2533 3959 2620 4010 est
2645 3955 2717 4009 ab
2756 3954 3103 4010 hominibus
3133 3953 3504 4026 posthabita,
3536 3951 3644 4006 etsi

1986 4061 2092 4102 vos
2123 4045 2488 4101 contrarium
2519 4043 2769 4100 faciatis.
2787 4046 3103 4114 Postquam
3131 4059 3273 4113 ergo
3298 4042 3558 4114 undique
3574 4040 3648 4096 si-

1982 4134 2230 4207 lentium
2248 4131 2357 4188 illis
2379 4132 2684 4203 imposuit,
2716 4130 2998 4203 omnique
3025 4132 3200 4186 venia
3219 4130 3494 4200 indignos
3515 4143 3646 4185 esse

1985 4222 2439 4283 demonstravit.
2474 4226 2886 4276 accusatorem
2916 4219 3199 4292 deinceps
3238 4219 3352 4274 illis
3400 4217 3649 4274 adhibet

1986 4317 2134 4385 puta
2162 4310 2358 4380 ipsum
2389 4311 2609 4366 Mosem
2634 4307 3034 4378 legislatorem
3061 4323 3290 4366 eorum.

2058 4400 2221 4456 Vers.
2271 4399 2360 4454 45.
2419 4399 2566 4454 Num
2631 4428 2691 4438 —
2738 4402 2984 4469 patrem.
3042 4397 3218 4453 Juxta
3273 4397 3548 4452 usitatam
3576 4411 3647 4452 ac

1990 4493 2342 4546 consuetam
2365 4487 2482 4560 (pp)
2514 4486 3040 4555 interrogationem
3070 4491 3159 4541 est
3185 4485 3282 4542 hic
3317 4501 3535 4551 sermo,
3577 4501 3648 4541 ac

1991 4579 2037 4635 si
2069 4578 2229 4634 dicat
2265 4595 2283 4633 :
2317 4578 2426 4632 Etsi
2460 4591 2554 4632 me
2605 4575 2664 4631 id
2691 4574 3001 4647 oportebat
3051 4573 3268 4640 facere,
3299 4589 3421 4631 non
3452 4577 3649 4630 tamen

1991 4669 2228 4732 faciam,
2264 4667 2407 4739 quia
2450 4665 2713 4721 clemens
2745 4681 2900 4720 sum.
3488 4708 3494 4715 .

2065 4757 2232 4814 Vers.
2263 4757 2354 4812 45.
2393 4755 2496 4811 Est
2526 4785 2594 4796 —
2646 4755 2844 4810 Moses.
2901 4755 3109 4826 Utpote
3156 4768 3279 4810 non
3345 4752 3650 4809 credentes

1992 4847 2084 4904 his
2110 4862 2245 4918 quae
2275 4845 2349 4900 de
2373 4861 2468 4901 me
2499 4844 2732 4916 scripsit
2759 4861 2772 4899 :
2807 4847 2864 4898 et
2892 4843 2970 4898 ita
2998 4858 3107 4898 nec
3142 4841 3220 4898 illi
3249 4842 3577 4898 credentes.

2066 4937 2226 4992 Vers.
2253 4935 2340 4990 45.
2383 4934 2456 4990 In
2495 4963 2564 4975 —
2592 4932 2850 5004 speratis.
2893 4934 3199 5005 Tanquam
3241 4931 3303 4987 in
3342 4931 3650 4987 ductorem

1995 5023 2226 5098 populi,
2285 5028 2539 5080 tutorem
2585 5038 2656 5079 ac
2709 5021 3097 5078 mediatorem
3142 5021 3203 5078 in
3255 5021 3347 5077 bis
3390 5037 3527 5094 qua:
3575 5022 3653 5076 ad

1961 5117 2185 5172 'Deum
2216 5117 2371 5170 sunt.
2417 5113 2578 5170 Sicut
2633 5115 2833 5170 autem
2886 5109 2962 5169 de
3005 5110 3320 5184 Scripturis
3366 5109 3650 5168 dicebat:

1519 5290 1740 5360 Varia:
1769 5291 2097 5361 lectiones
2135 5298 2204 5361 et
2232 5301 2410 5360 notae

363 5435 476 5508 (28)
501 5436 806 5508 Προτιθέναι
836 5433 991 5487 αὐτὸν
1021 5433 1120 5487 ύπό
1157 5441 1221 5489 Α.

364 5615 898 5701 (ρρλβείιαιᾳηιρο
953 5616 1304 5671 consuetam.
1347 5615 1652 5670 Moratam.
1717 5615 2102 5687 Interrogatio
2151 5613 2310 5674 ἠθική
2344 5618 2430 5672 est
2477 5629 2566 5682 ea,
2597 5630 2731 5690 quae
2781 5629 2978 5674 mores
3029 5617 3086 5671 et
3129 5611 3439 5701 ingenium
3489 5611 3661 5668 inter-

291 5685 552 5759 rogantis
582 5685 883 5760 exprimit.
