4098 6430
585 268 601 326 1
614 269 720 326 235

1947 269 2296 328 EUTHYMII
2339 269 2671 329 ZIGABENI

3769 273 3883 331 {236

579 395 820 453 Putatis
842 394 902 451 in
932 392 1062 467 ipsis
1093 395 1273 453 vitam
1317 402 1588 454 (sternant
1619 395 1852 461 habere,
1884 398 1966 455 ita
1997 414 2238 470 quoque

2358 400 2489 467 ῐχειν
2522 413 2535 425 ·
2560 398 2696 448 οὕτω
2725 397 2810 448 καὶ
2831 398 2949 471 περὶ
2970 398 3236 458 Μωύσέως
3260 415 3330 468 φη
3341 399 3424 448 σίν
3451 409 3465 424 ·
3494 394 3637 457 Εἰςὸν
3659 395 3896 459 ἠλπίκατε.

583 501 740 540 nunc
770 484 844 540 de
877 484 1036 540 Mose
1064 485 1147 541 ait
1181 503 1197 539 :
1225 485 1296 541 In
1323 503 1491 558 quem
1519 502 1612 543 vos
1661 490 1931 556 speratis.
1986 488 2131 544 Nam
2162 486 2239 542 ab

580 574 673 631 his
700 574 970 646 qumipsi
1015 590 1127 631 sua
1163 575 1483 638 ducebant,
1518 576 1649 630 illos
1689 577 2166 644 aggrediebatur.

652 664 811 718 Vers.
843 662 932 720 46.
965 663 1029 719 Si
1057 696 1123 704 —
1151 665 1407 734 scripsit.
1435 665 1491 721 Si
1539 665 1656 720 tide
1701 666 1942 731 dignum
1967 682 2103 722 eum
2135 668 2243 720 du-

582 751 812 815 ceretis,
865 751 1175 808 crederetis
1218 756 1417 826 utique
1449 753 1592 809 mihi
1639 772 1651 821 ;
1704 755 1868 810 vobis
1896 755 2054 811 enim
2097 771 2242 828 prae-

582 841 735 914 cepit
753 840 845 896 ille
877 847 1047 897 utme
1060 842 1354 896 audiretis.

658 933 814 986 Vers.
842 930 1013 987 47.Si
1040 961 1108 973 —
1137 932 1382 986 credetis
1425 932 1453 986 ?
1485 931 1537 986 Si
1573 931 1726 986 illius
1775 931 2007 1003 scriptis
2054 931 2245 987 incre-

584 1019 703 1078 duli
733 1020 896 1084 estis,
937 1035 1118 1092 quem
1144 1021 1522 1076 vehementer
1549 1037 1650 1075 vos
1699 1022 1995 1077 honorare
2025 1038 2094 1076 ac
2126 1021 2249 1076 lau-

585 1108 729 1163 dare
774 1108 1011 1179 jactatis
1061 1125 1073 1162 :
1125 1109 1432 1180 quomodo
1497 1110 1642 1164 meis
1712 1110 1902 1165 verbis
1979 1111 2246 1172 credetis,

583 1213 763 1270 quem
785 1197 1166 1254 vehementer
1192 1198 1563 1254 inhonoratis
1593 1209 1648 1254 et
1673 1200 2050 1255 contumeliis
2075 1215 2248 1270 appe-

588 1286 706 1342 titis
734 1288 761 1342 ?
792 1287 952 1344 Sicut
981 1302 1121 1357 ergo
1154 1288 1319 1360 prius
1349 1287 1423 1342 de
1469 1290 1720 1355 Joanne,
1753 1305 1929 1360 quem
1966 1287 2251 1344 admirari

588 1375 964 1445 videbantur,
1005 1377 1255 1433 convicti
1285 1382 1442 1441 sunt,
1472 1377 1630 1450 quod
1663 1393 1798 1432 eum
1842 1378 2255 1449 despicerent:

590 1464 670 1521 ita
699 1470 755 1522 et
783 1481 943 1521 nunc
987 1466 1062 1522 de
1093 1469 1266 1530 Mosa,
1296 1467 1386 1522 cui
1442 1466 1680 1522 credere
1735 1467 1846 1522 sibi
1882 1467 2252 1530 videbantur,

589 1554 870 1623 ostendit,
909 1555 1076 1627 quod
1118 1555 1170 1611 ei
1219 1560 1422 1610 essent
1483 1555 1815 1611 increduli:
1861 1561 1916 1611 et
1965 1557 2258 1628 sagaciter

592 1644 816 1714 simper
853 1645 910 1699 in
944 1651 1125 1717 caput
1163 1644 1398 1700 illorum
1441 1650 1697 1718 torquet,
1738 1661 2117 1718 quaecunque
2148 1661 2256 1717 pro

2351 483 2452 538 ἀπὸ
2483 492 2582 537 τῶν
2614 481 2812 538 οἵκείων
2845 487 3179 558 χειρούμενος
3213 484 3425 546 αύτούς.

2423 664 2481 716 Εἰ
2521 695 2586 704 —-
2617 663 2859 738 ἔγραψεν.
2913 663 2972 716 Εἰ
3014 666 3202 716 πιστὸν
3254 665 3446 717 ἐκεῖνον
3488 662 3746 736 ἐνομίζετε,
3782 665 3899 719 ἐπισ-

2353 755 2519 805 τεύετε
2576 752 2636 803 ἂν
2715 751 2847 820 ἐμοί.
2904 753 3215 806 Ἐνετείλατο
3266 755 3371 825 γὰρ
3434 754 3555 825 ὑμῖν
3619 752 3731 826 ἐμοῦ
3782 754 3899 807 ἀκού.

2355 861 2446 896 ειν.

2429 932 2486 984 Εἰ
2520 961 2584 974 -
2616 934 2916 984 πιστιύσετε
2946 947 2959 997 ;
2995 931 3051 984 Εἰ
3081 937 3195 993 ταῖς
3231 930 3431 984 ἐκείνου
3476 940 3779 1004 συγγραφαῖς
3805 932 3900 985 ἁπι-

2359 1028 2522 1072 στεῖτε
2544 1023 2597 1072 ὃν
2643 1017 2985 1091 διαφερόντως
3036 1026 3189 1090 τιμᾴν
3222 1025 3315 1072 καὶ
3359 1020 3598 1092 εύφημεῖν
3641 1023 3898 1092 κομπάζετε,

2359 1118 2467 1170 πῶς
2493 1117 2601 1170 τοῖς
2632 1109 2770 1181 ἐμοῖς
2793 1111 2998 1184 ῥήμασι
3029 1113 3363 1171 πιστεύσετε,
3397 1111 3450 1162 ὃν
3480 1107 3798 1183 διαφερόντως
3820 1109 3900 1160 iisi-

2360 1199 2551 1269 μάζετε
2604 1203 2692 1250 καὶ
2750 1197 3110 1270 βλασφημεῖτε
3143 1217 3156 1264 ;
3188 1198 3398 1271 Ὠσπερ
3459 1194 3546 1250 οὖν
3599 1204 3808 1272 πρότερον
3842 1199 3899 1250 ἐπὶ

2362 1295 2452 1338 τού
2485 1289 2722 1339 Ἰωάννου
2765 1283 3049 1349 δοκοῦντας
3070 1286 3226 1339 αύτὸν
3270 1289 3558 1358 θαυμάζειν
3587 1287 3752 1358 ἤλεγξε
3784 1307 3900 1338 itera.

2365 1385 2674 1450 φρονοῦντας
2716 1396 2728 1408 ·
2756 1377 2889 1428 οὕτω
2913 1381 3003 1428 καὶ
3031 1383 3118 1427 νῦν
3157 1375 3244 1428 ἐπὶ
3272 1383 3366 1428 τοῦ
3395 1379 3650 1438 Μωύσέως
3678 1374 3898 1435 δοκοῦντας

2365 1465 2505 1535 αύτῷ
2533 1468 2793 1518 πιστεύειν
2815 1462 3008 1528 ἐδιιξεν
3028 1464 3378 1525 ἀπιστοῦντας
3400 1485 3412 1497 ο
3438 1471 3526 1517 καὶ
3549 1463 3622 1517 ἀεὶ
3650 1465 3898 1536 εὐμηχάνως

2366 1555 2437 1615 εἰς
2524 1560 2618 1612 τὴν
2710 1554 2934 1626 κεφαλὴν
3028 1554 3198 1606 αύτών
3287 1559 3578 1628 περιτρέπει
3659 1556 3802 1605 πάντα
3853 1556 3894 1604 τά

2367 1639 2621 1696 δοκοῦντα
2674 1645 2800 1719 ὑπερ
2859 1643 3046 1695 αὐτῶν.
3106 1648 3200 1705 Τίς
3268 1639 3358 1695 οὖν
3431 1644 3730 1716 παράνομος,
3775 1644 3896 1693 ἀσυ-

592 1734 737 1805 ipsis
768 1733 961 1789 facere
1013 1735 1305 1790 videntur.
1367 1735 1508 1801 Quis
1546 1751 1688 1807 ergo
1722 1741 2124 1804 transgressor
2149 1740 2253 1800 est,

2365 1739 2584 1804 νήγορον
2637 1736 2774 1804 ἔχων
2831 1736 2918 1785 τόν
2965 1734 3250 1804 νομοθέτην
3301 1733 3332 1792 ἣ
3391 1735 3440 1784 οἱ
3497 1736 3759 1804 κατήγορον
3784 1730 3893 1782 αὐτόν

593 1823 720 1878 isne
745 1822 850 1895 qui
873 1823 1245 1879 defensorem
1270 1824 1454 1880 habet
1491 1825 1688 1896 ipsum
1733 1824 2156 1893 legislaturem,
2179 1840 2255 1880 an

594 1909 644 1966 is
680 1913 783 1984 qui
816 1911 978 1968 illum
1010 1913 1232 1968 habent
1265 1918 1471 1968 contra
1503 1929 1563 1967 se
1612 1919 2020 1969 accusatorem
2056 1915 2080 1969 ἲ

669 2003 810 2068 Cap.
859 2001 946 2056 Vl.
996 2003 1151 2056 Vers.
1204 2007 1250 2056 l.
1297 2002 1553 2057 Posthasc
1592 2033 1660 2043 —
1717 2003 2048 2058 Tiberiadis.
2106 2005 2257 2058 Mare

598 2088 874 2154 Galiltea‘,
916 2091 1038 2146 sive
1068 2091 1412 2146 Tiberiadis.
1440 2095 1582 2147 Nam
1632 2097 1909 2160 stagnum
1937 2092 2256 2148 Tiberiadis

599 2184 768 2234 vocat
801 2195 963 2234 mare
1003 2179 1276 2244 Galilmm,
1316 2181 1465 2235 sicut
1495 2181 1551 2234 in
1579 2181 1896 2248 Evangelio
1920 2182 2084 2251 juxta
2117 2183 2257 2237 Mat-

599 2266 821 2323 thmum
863 2269 1089 2324 dictum
1135 2275 1239 2325 est.
1284 2269 1435 2324 Abiit
1475 2276 1672 2324 autem
1719 2270 1875 2330 illnc.
1909 2271 2128 2325 cedens
2170 2271 2255 2325 fu-

600 2358 716 2412 rori
749 2356 1087 2431 principum
1116 2358 1342 2432 populi,
1368 2374 1622 2414 accenso
1643 2359 1722 2414 ob
1745 2359 2029 2432 praedicta
2051 2359 2251 2415 verba.

673 2536 841 2593 Vers.
889 2540 942 2591 2.
997 2540 1060 2592 Et
1098 2567 1166 2578 —
1201 2538 1305 2608 qui
1341 2537 1809 2604 inﬁrmabantur.
1848 2540 2035 2604 Quare
2089 2539 2261 2609 signa

603 2625 1020 2696 particularius
1050 2641 1169 2681 non
1211 2633 1513 2681 enumerat
1544 2625 1573 2679 Τ
1601 2628 1751 2691 Quia
1780 2628 1872 2682 hic
1899 2628 2263 2696 evangelista

599 2714 756 2769 circa
777 2714 1081 2768 doctrinas
1101 2721 1155 2769 et
1175 2715 1491 2769 conciones
1523 2731 1591 2768 ac
1617 2716 1903 2782 dogmata
1922 2717 2110 2786 magis
2145 2733 2265 2771 ver-

603 2807 790 2858 satur.
827 2803 1071 2873 PrOpter
1100 2806 1266 2874 signa
1294 2810 1517 2865 autem,
1549 2819 1666 2858 non
1721 2811 1956 2876 prcipter
1982 2806 2265 2874 dogmata

603 2889 778 2946 turba
809 2890 934 2946 haec
949 2891 1332 2962 sequebatur,
1354 2894 1613 2947 crassius
1635 2892 1842 2948 affecta
1875 2893 2000 2948 :illa
2019 2893 2265 2958 vero,de

600 2995 724 3053 qua
737 2980 897 3053 apud
917 2980 1268 3046 Matthaeum,
1280 2981 1719 3051 Obstupescebat
1743 2985 1803 3036 in
1817 2983 2082 3040 doctrina
2096 2984 2261 3056 ejus“.

678 3157 839 3212 Vers.
883 3161 932 3213 3.
967 3159 1247 3215 Ascendit
1275 3188 1344 3199 -
1375 3161 1511 3214 suis.
1556 3159 1836 3214 Ascendit
1881 3159 1936 3216 in
1977 3166 2263 3224 montem.

603 3244 826 3302 docens
856 3262 966 3302 nos
997 3249 1361 3320 requiescere
1409 3265 1444 3304 a
1489 3248 1742 3303 tumultu
1783 3265 1850 3304 ac
1905 3251 2264 3315 turbatione,

603 3349 740 3406 quae
770 3336 826 3391 in
855 3338 1054 3392 medio
1077 3337 1281 3410 populi
1303 3342 1408 3393 est.
1429 3339 1580 3393 Nam
1606 3337 1680 3392 ad
1706 3338 2150 3411 philosophiam
2181 3358 2268 3394 sa-

605 3439 769 3481 cram
786 3432 926 3499 apta
951 3431 1039 3482 est
1065 3427 1347 3483 solitudo.

676 3513 1035 3588 Frequenter
1064 3531 1298 3588 quoque
1339 3515 1498 3571 solus
1550 3516 1675 3589 ipse
1707 3522 1970 3573 montem
2025 3518 2189 3587 petit,
2218 3522 2274 3573 et

604 3609 1120 3674 pernoctansorat,
1137 3606 1354 3660 docens
1375 3620 1508 3669 nos,
1533 3605 1696 3678 quod
1715 3622 1852 3660 eum
1877 3606 1980 3678 qui
2015 3609 2274 3664 maxime

607 3689 685 3744 ad
738 3693 919 3746 Deum
957 3692 1204 3756 accedit,
1256 3697 1530 3763 oporteat
1562 3693 1640 3747 ab
1667 3693 1827 3748 omni
1861 3694 2114 3750 liberum
2144 3711 2274 3752 esse

609 3779 966 3844 turbatione,
1000 3785 1056 3835 et
1106 3780 1305 3836 locum
1338 3780 1631 3854 inquirere
1667 3782 1921 3837 liberum
1949 3800 1983 3838 a
2017 3784 2276 3840 tumultu

608 3871 667 3922 et
705 3867 1059 3924 turbatione.

681 3955 844 4010 Vers.
876 3959 931 4014 4.
959 3957 1226 4013 Instabat
1263 3965 1461 4015 autem
1514 3990 1577 3999 —
1615 3958 1976 4015 Judworum.
2029 3963 2092 4015 Et
2132 3978 2279 4034 quo-

612 4044 797 4100 modo
829 4061 942 4100 non
977 4046 1244 4102 ascendit
1274 4053 1328 4102 et
1371 4048 1496 4117 ipse
1547 4047 1624 4101 ad
1655 4046 1814 4102 diem
1882 4048 2117 4112 festum,
2173 4051 2278 4106 sed

611 4148 747 4188 cum
774 4149 985 4189 omnes
1017 4135 1422 4206 Hierosolyma
1453 4135 1993 4207 proﬁciscerentur,
2021 4137 2150 4210 ipse
2181 4155 2279 4196 va-

609 4221 695 4278 dit
720 4222 778 4278 in
807 4222 1128 4286 Galilaeam,
1162 4239 1270 4278 nec
1310 4223 1473 4278 solus
1514 4224 1659 4294 ipse,
1707 4225 1808 4279 sed
1859 4231 1913 4279 et
1950 4227 2279 4298 discipulos

613 4311 895 4368 adducit?
920 4313 1068 4377 Quia
1090 4312 1468 4380 ﬁgurativam
1500 4311 1691 4382 legem
1727 4314 1897 4369 tacite
1918 4315 2042 4383 jam
2071 4315 2279 4372 dissol-

612 4400 806 4465 vebat,
839 4401 1151 4456 occasione
1174 4407 1410 4472 sumpta
1449 4400 1527 4456 ab
1555 4402 1777 4456 invidia
1803 4404 2168 4462 Iudaeorum.

613 4493 740 4547 Non
762 4495 897 4562 post
916 4490 1160 4562 longum
1193 4491 1350 4545 enim
1379 4497 1615 4561 tempus
1642 4492 1820 4546 tinem
1855 4499 1981 4547 erat
2036 4493 2278 4564 impasi-

615 4583 786 4634 turus
857 4578 1173 4649 ﬁgurativo
1253 4579 1516 4645 Pascha,
1610 4595 1742 4635 vero
1803 4579 2086 4653 deinceps
2170 4591 2278 4640 tra-

616 4668 758 4724 dito.

795 4758 944 4813 CAP.
977 4758 1112 4814 VIII.
1147 4760 1226 4813 De
1251 4759 1502 4831 quinque
1519 4759 1761 4828 panibus
1790 4765 1845 4816 et
1884 4759 2102 4816 duobus

1330 4848 1570 4918 piscibus

689 4936 931 4990 Vers.5.
993 4936 1136 4992 Cum
1182 4937 1508 4992 sustulisset
1535 4953 1672 5008 ergo
1726 4969 1794 4978 —
1837 4939 1933 4994 isti
1975 4939 2002 4993 ’ἶ
2052 4940 2278 4994 Dictum

619 5029 707 5080 est
735 5023 810 5080 de
839 5023 932 5079 his
961 5024 1017 5080 in
1053 5024 1168 5080 ﬁne
1199 5025 1465 5081 vicesimi
1509 5026 1696 5098 quinti
1748 5028 1958 5098 capitis
1986 5013 2286 5098 Evangelii

614 5113 787 5185 juxta
818 5113 1178 5181 Matthmum,
1234 5113 1334 5169 ubi
1362 5089 1618 5171 habetur
1653 5130 1665 5168 :
1706 5089 1869 5172 leuis
1908 5125 2097 5172 autem
2140 5089 2291 5173 dixi‘

689 5321 712 5356 ⁵
752 5318 950 5379 Matth.
981 5334 1081 5382 vu,
1104 5318 1194 5387 28,
1225 5320 1315 5382 22,
1371 5321 1459 5374 33.

2367 1825 2569 1894 ἔχοντες
2603 1839 2616 1888 ;

2439 2001 2580 2053 Μετὰ
2609 2007 2772 2051 ταῦτα
2804 2030 2870 2038 -
2913 1996 3250 2072 Τιϐεριάδος.
3293 2006 3398 2059 Τῆς
3432 1998 3688 2059 θαλάσσης
3719 2005 3795 2056 τῆς
3827 2001 3890 2046 Γα-

2367 2086 2589 2152 λιλαίας,
2614 2093 2732 2145 ἤτοι
2777 2097 2871 2148 τῆς
2902 2084 3232 2160 Τιϐεριάδος.
3268 2088 3558 2141 Θάλασσαν
3578 2090 3668 2158 γὰρ
3697 2094 3768 2144 τῆς
3789 2083 3889 2136 Fali-

2365 2176 2510 2236 λαίας
2539 2181 2630 2234 τὴν
2659 2174 2946 2249 Τιϐεριάδα
2974 2177 3158 2247 λίμνην
3191 2198 3259 2249 φη
3272 2183 3379 2241 σῦν,
3413 2179 3480 2236 ὡς
3502 2175 3548 2227 ἐν
3573 2184 3636 2244 τῷ
3658 2179 3765 2225 κατά
3789 2181 3886 2226 Μαῖα

2371 2268 2514 2318 θαῐον
2566 2261 2882 2323 δεδήλωται.
2946 2265 3170 2324 Ἀπῆλθε
3227 2263 3289 2318 δε
3322 2265 3427 2318 ἐκεῖ
3471 2265 3884 2333 ύπεξιστάμενοςτῷ

2372 2357 2518 2427 θυμῷ
2549 2363 2647 2406 τῶν
2680 2355 2948 2429 ἀρχόντων
2980 2363 3070 2407 τοῦ
3099 2355 3253 2418 λαοῦ,
3291 2354 3394 2407 ἀπὸ
3439 2353 3802 2426 τῶνείρημένων,
3826 2349 3883 2399 λό-

2369 2465 2472 2515 γων
2502 2443 2791 2516 ἁναφθέντι.

2447 2539 2544 2586 Καὶ
2577 2564 2640 2574 -
2670 2532 3039 2586 ἀσθενούντων.
3070 2538 3219 2586 Διατί
3252 2534 3349 2586 ούκ
3379 2529 3670 2603 ἀπαγγέλλει
3686 2524 3876 2585 κατίἷδος

2373 2625 2437 2674 τὰ
2469 2630 2660 2693 σημεῖα
2703 2639 2717 2687 ;
2748 2629 2891 2675 Διότι
2942 2625 2968 2674 ό
2999 2622 3379 2694 εὐαγγελιστης
3428 2622 3571 2681 οὗτος
3598 2624 3695 2691 περὶ
3723 2621 3784 2675 τὰς
3815 2611 3873 2665 δι·

2375 2707 2664 2772 δασκαλίας
2684 2717 2773 2763 καὶ
2801 2708 3132 2783 δημηγορίας
3159 2717 3253 2764 καὶ
3285 2715 3351 2764 τὰ
3393 2708 3629 2782 δόγματα
3799 2720 3863 2751 κε-

2375 2805 2655 2871 ταγίνεται.
2691 2804 2785 2853 Δια
2809 2805 2874 2852 τὰ
2897 2807 3092 2872 σημεῖα
3113 2797 3171 2853 δε
3209 2807 3304 2854 καὶ
3331 2800 3390 2854 ού
3441 2795 3534 2852 διὰ
3569 2801 3650 2857 τὰς
3689 2789 3872 2846 διδασκα-

2374 2888 2484 2950 λίας
2510 2892 2535 2940 ό
2567 2889 2719 2960 ὄχλος
2745 2889 2890 2949 οὗτος
2917 2888 3242 2948 ἠκολούθησε
3276 2891 3414 2960 ('29),
3444 2890 3713 2959 παχύτερον
3737 2879 3873 2932 διακεί-

2376 2997 2523 3051 μενος
2552 2995 2563 3007 ·
2597 2981 2622 3030 ό
2655 2975 2713 3030 δε
2743 2983 2884 3052 παρὰ
2912 2987 2982 3048 τῷ
3040 2980 3318 3051 Ματθαίῳ,
3364 2976 3713 3041 Ἐξεπλήσσετο
3740 2970 3804 3020 ἐπὶ
3837 2971 3864 3030 τῇ

2295 3101 2336 3157 C
2378 3064 2586 3139 διδαχῇ
2621 3076 2712 3119 τού
2743 3075 2994 3140 Σωτῆρος.

2449 3156 2662 3213 Ἀνῆλθε
2711 3187 2774 3196 —
2809 3157 2990 3210 αὐτοῦ.
3026 3156 3270 3214 ’Δνῆλθεν
3328 3158 3394 3217 εἰς
3442 3158 3497 3208 τὸ
3549 3157 3666 3227 690;,
3695 3140 3876 3200 παιδεύων

2379 3248 2515 3317 ἡμᾶς
2543 3242 2959 3298 διαναπαύεσθαι
2991 3244 3091 3297 ἀπὸ
3121 3255 3221 3298 τῶν
3251 3245 3487 3319 θορύϐων
3516 3246 3596 3294 καὶ
3637 3246 3713 3296 τῆς
3736 3234 3879 3303 ἐνμέσῳ

2377 3343 2643 3407 ταραχῆς.
2700 3331 3026 3393 Ἐπιτηδειον
3082 3338 3183 3408 γὰρ
3241 3318 3374 3412 πρός
3429 3331 3704 3406 φιλοσοφίαν
3741 3325 3764 3379 ἦ
3805 3318 3882 3390 ἕρπ’

2381 3429 2498 3496 μία.

2456 3512 2704 3573 Πολλάκις
2747 3509 2780 3564 δ
2786 3517 2805 3565 ε
2836 3517 2923 3564 καὶ
2974 3518 3124 3585 μόνος
3155 3514 3316 3577 αύτὸς
3341 3517 3397 3566 τὸ
3427 3516 3534 3586 0'90;
3570 3496 3878 3586 καταλαμεάνξιῗ

2384 3606 2472 3654 καὶ
2504 3598 2905 3676 διανυκτερεύει,
2933 3608 3020 3654 καὶ
3052 3606 3285 3674 εύχιται,
3319 3599 3581 3656 διδάσκων
3609 3597 3722 3666 ἡμᾶς
3746 3590 3803 3639 ὃτι
3830 3577 3880 3632 δίε

2385 3695 2471 3744 τὸν
2501 3691 2732 3762 μάλιστα
2769 3700 2880 3761 Θεῷ
2911 3698 3194 3764 προσιόντα
3225 3696 3402 3752 πάσης
3458 3681 3753 3753 ἀπηλλάχθαι
3777 3686 3880 3742 ταρα-

2385 3789 2514 3852 χῆς,
2558 3785 2647 3832 καὶ
2674 3785 2826 3832 τόπον
2871 3778 3131 3842 ἐπιζητεῖν
3166 3783 3396 3857 καθαρόν
3430 3774 3633 3852 θορύϐου
3673 3770 3744 3820 καὶ
3771 3775 3880 3832 ταρα-

2386 3877 2510 3942 χῆς·
3711 3942 3720 3950 .
3796 3935 3805 3950 ,

2458 3958 2554 4010 Ἦν
2605 3954 2664 4010 δὲ
2716 3956 2873 4029 ἔγγὺς
2929 3989 2997 3998 ·-
3037 3955 3328 4013 Ἰουδαίων.
3386 3957 3486 4012 Καὶ
3539 3958 3637 4010 πῶς
3674 3942 3750 3996 οὐκ
3789 3942 3880 4029 ἐνα-

2390 4047 2551 4100 ὄαίνει
2616 4052 2705 4099 καὶ
2777 4047 2933 4108 αὐτὸς
3017 4047 3086 4110 εἰς
3139 4053 3232 4106 τὴν
3310 4049 3503 4122 ἑορτὴν,
3569 4033 3678 4090 ἀλλά
3740 4039 3882 4116 «amati

2389 4136 2726 4208 ἐπειγομένων
2785 4137 2858 4199 εἰς
2911 4140 2975 4189 τὰ
3021 4137 3377 4211 Ἰεροσόλυμα,
3433 4133 3574 4190 αὐτὸς
3628 4128 3797 4198 ἔρχεταί
3836 4126 3881 4211 δικ

2388 4231 2482 4283 τὴν
2511 4225 2783 4278 Γαλιλαίαν
2818 4243 2830 4291 ;
2869 4231 2966 4279 Καὶ
3011 4227 3104 4278 ούκ
3135 4226 3290 4289 αὐτὸς
3329 4230 3498 4298 μόνος,
3546 4215 3658 4268 ἀλλὰ
3700 4213 3882 4300 xui-71w;

2389 4317 2626 4386 μαθητὰς
2681 4313 2995 4386 ίπαγὸμενος
3043 4335 3056 4383 ;
3107 4321 3250 4368 Διότι
3302 4318 3466 4387 ἠρέμα
3515 4305 3670 4360 λοιπὸν
3709 4289 3881 4387 {mdia-'6

2389 4409 2474 4456 τόν
2514 4408 2730 4456 τυπικόν
2761 4412 2933 4475 νόμον,
2995 4404 3230 4478 ἀφορμὴν
3281 4401 3542 4477 λαμϐάνων
3587 4391 3672 4443 ἆπό
3705 4401 3776 4488 fit"
3800 4375 3880 4446 φθο⁶

2389 4513 2476 4544 νου
2501 4503 2598 4544 τῶν
2633 4490 2772 4546 ’1ουδ
2777 4498 2920 4546 αἰων.
2964 4499 3057 4546 Καὶ
3084 4496 3185 4566 γὰρ
3212 4494 3306 4545 οὐκ
3333 4493 3398 4552 εἰς
3425 4484 3611 4562 μακράν
3638 4471 3774 4570 iam?

2393 4583 2543 4638 θῆναι
2582 4585 2638 4633 τὸ
2666 4586 2882 4633 τυπικόν
2927 4584 3142 4652 Πάσχα,
3198 4575 3606 4655 παραδιδομένου
3647 4565 3789 4616 λοιπον
3819 4565 3878 4599 του

2392 4669 2656 4727 ἀληθινοῦ.
3717 4731 3756 4749 Μ

2534 4760 2682 4812 ΚΕΦ.
2734 4757 2807 4812 Μ’.
2846 4763 2969 4834 Περὶ
2997 4767 3096 4810 τῶν
3124 4762 3272 4812 πέντε
3309 4760 3470 4832 ἄρτων
3494 4749 3684 4803 καὶτῶν
3706 4731 3782 4787 δύο

3090 4848 3308 4920 ἰχθύων.
3713 4915 3722 4928 1
3847 4897 3857 4928 l.

3252 4941 3463 5012 Εἴρηται
3506 4927 3610 5000 περὶ
3653 4915 3803 4968 τούτων

2465 4939 2693 5010 Ἐπάρας
2746 4933 2832 4989 οὖν
2878 4968 2947 4979 -
3009 4938 3200 5003 ούτοι;
3252 4941 3463 5010 Εἴρηται
3506 4933 3610 5000 πίιθὶ
3653 4933 3863 5010 “vim;

3675 5005 3748 5054 τού
3786 5003 3872 5042 1W

2399 5037 2470 5097 τῷ
2510 5027 2634 5079 τέλει
2668 5035 2759 5079 τοῦ
2818 5028 3054 5080 εἰκοστοῦ
3103 5031 3340 5099 πέμπτου
3385 5017 3634 5094 κεφαλαίου

2399 5085 2686 5185 δίατθαῖον,
2738 5119 2858 5170 ἔνθα
2911 5124 3076 5170 κεῖται
3128 5085 3210 5182 ri)’
3255 5116 3314 5169 ὀ
3367 5111 3423 5168 δὴ
3465 5107 3644 5164 Ἰησοῦς
3693 5085 3796 5144 εἶπεν
3817 5093 3870 5126 τί·

1835 5499 2054 5569 Variae
2085 5499 2416 5569 lectiones
2447 5509 2512 5567 et
2555 5507 2760 5568 notae.

693 5698 805 5768 (29)
834 5692 1138 5750 Ἠκολούθει
1163 5693 1229 5749 Α.
