4098 6478
319 283 462 344 1237

1357 283 1728 341 (ᾞΟΜΜΙΞᾸΤ.
1772 285 1839 339 ΙΝ
1875 284 2226 340 JOANNEM.
2269 315 2342 328 —
2380 283 2538 340 CAP.
2578 281 2671 339 Vl.

3583 277 3722 340 I238

317 419 427 476 τοῖς
466 411 601 485 (30),
635 409 711 465 Οὐ
765 415 954 486 χρείαν
999 414 1221 484 ἔχουσιν
1273 409 1532 464 ἀπελθεῖν·
1573 407 1696 463 δότε
1750 409 1914 463 αὐτοῖι

2042 409 2120 466 eis
2152 430 2167 466 :
2208 408 2343 466 Non
2369 415 2448 466 est
2475 408 2600 466 illis
2629 421 2848 465 necesse
2870 405 3084 478 egredi,
3114 407 3256 464 date
3283 421 3382 464 vos
3410 406 3536 466 illis
3555 408 3718 480 quod

323 503 465 575 ὑμεῖς
505 509 706 574 φαγεῖν.

389 599 553 644 Τοῦτο
604 620 672 633 --
728 595 780 642 τί
841 591 1012 663 ἔμελλε
1060 598 1244 646 ποιεῖν.
1301 590 1435 644 Ἐκεῖ
1489 595 1578 643 καὶ
1637 595 1754 663 περὶ
1812 610 1928 644 του-

317 699 409 732 του
462 677 873 752 διασεσςὶφηται,
938 683 1007 736 Τὸ
1058 676 1140 742 δὲ,
1190 680 1449 751 πειράζων
1498 679 1677 741 αὑτὸν,
1730 678 1930 754 ἀνθρω-

319 777 589 844 ποπρεπῶς
641 772 730 842 μὲν
781 777 976 822 νοεῖται
1031 771 1168 820 κατὰ
1211 773 1306 826 τήν
1359 767 1461 820 ἐκεῖ
1511 769 1762 843 ῥηθεῖσαν
1815 768 1929 831 ἐξή-

319 878 499 930 γησιν,
553 860 845 928 θεοπρεπῶς
897 857 976 927 δὲ,
1033 856 1143 910 ἀντὶ
1199 865 1312 922 τοῦ,
1361 857 1427 918 εἰς
1471 856 1690 930 ἀπορίαν
1741 857 1927 930 ἐμϐάλ-

318 946 416 998 λων
443 947 618 1013 αὐτὸν,
654 948 756 1011 ἵνα,
808 951 902 1006 τὴν
956 947 1175 1020 ἀπορίαν
1209 947 1562 1019 ὁμολογήσας,
1613 946 1926 1022 ἀκριϐέστε-

321 1055 408 1110 ρον
458 1038 734 1110 καταμάθῃ
792 1043 884 1089 τοῦ
939 1037 1208 1109 μέλλοντος
1264 1038 1504 1107 γενέσθαι
1562 1038 1821 1108 θαύματος
1866 1040 1923 1088 τό

320 1127 554 1197 μέγεθος.
609 1125 666 1177 Εἰ
717 1128 817 1200 γὰρ
864 1125 1034 1186 ἁπλῶς
1081 1125 1296 1196 ἐγένετο,
1349 1125 1442 1177 οὐκ
1485 1126 1546 1177 οἶν
1579 1123 1733 1197 ἐφανη
1774 1125 1924 1182 τηλι-

322 1223 525 1267 κοῦτον·
563 1218 627 1276 ὡς
657 1219 782 1276 Θεὸς
832 1219 932 1288 γὰρ
964 1213 1231 1287 ἐγίνωσκε,
1265 1219 1317 1267 τί
1356 1213 1553 1286 ἔμελλεν
1593 1217 1618 1267 ό
1672 1214 1924 1278 Φίλιππος

324 1303 488 1379 ἁποκρ
498 1306 672 1363 ιθῆναι
685 1348 698 1361 ,

395 1488 529 1535 Φασὶ
581 1479 642 1536 δέ
705 1501 836 1544 τινες
889 1483 970 1535 ὃτι
1021 1482 1222 1555 λέγεται
1266 1485 1291 1535 ό
1340 1484 1457 1543 Θεὸς
1491 1484 1751 1555 πειράζειν
1805 1487 1920 1535 τινα

321 1574 452 1622 κατά
483 1568 579 1623 δύο
610 1576 851 1646 τρόπους,
886 1577 916 1631 ἢ
974 1571 1058 1624 ἳνα
1104 1572 1302 1645 [ἐλέγξῃ
1358 1572 1472 1642 (31)
1513 1577 1604 1629 τὴν
1652 1570 1916 1624 ἀσθένειαν

321 1660 481 1712 αὐτοῦ
534 1663 707 1736 ὥσπερ
755 1670 843 1713 νῦν
898 1661 980 1714 ἐπί
1026 1670 1117 1714 τοῦ
1177 1662 1455 1727 Φιλίππου,
1502 1665 1532 1719 ἤ
1586 1661 1722 1733 ἱνα]
1768 1658 1912 1734 δείξῃ

2038 501 2268 557 edant“.

2110 593 2271 645 Vers.
2328 593 2380 645 6.
2433 590 2562 645 Hoc
2589 620 2658 630 —
2686 588 2786 662 qui
2827 594 2969 646 esset
2989 589 3291 657 facturus.
3352 587 3439 644 Ibi
3469 603 3711 661 quoque

2039 680 2113 736 de
2139 681 2251 736 hoc
2277 679 2648 752 disputatum
2691 685 2796 734 est.
2847 677 3018 745 Quod
3080 682 3282 734 autem
3313 677 3412 741 ait,
3465 684 3708 734 tentans

2037 785 2188 833 eum,
2222 770 2494 825 humano
2542 767 2790 840 quidem
2822 767 3004 823 modo
3041 766 3571 838 intelligiturjuxta
3601 766 3708 824 da-

2038 864 2160 915 tam
2209 858 2292 914 ibi
2344 857 2779 914 enarrationem
2837 876 2850 916 :
2911 856 3118 912 divino
3157 862 3354 911 autem
3400 856 3602 921 modo,
3641 859 3705 912 ut

2037 948 2410 1004 tantumdem
2444 947 2538 1010 sit,
2559 961 2628 1001 ac
2657 947 2702 1001 si
2726 946 2962 1001 dicatur
2994 963 3005 1001 :
3043 945 3596 1016 lndesperationem
3627 945 3702 1000 de

2033 1036 2300 1092 remedio
2330 1052 2468 1091 eum
2501 1035 2845 1106 conjiciens,
2890 1041 2956 1092 ut
2985 1035 3466 1106 desperationem
3505 1033 3699 1090 fassus

2033 1125 2375 1195 diligentius
2393 1124 2983 1195 cognosceret.fuisse
3005 1123 3550 1197 miraculum,quod
3568 1124 3697 1191 ipse

2039 1212 2302 1269 facturus
2339 1221 2498 1279 erat;
2534 1230 2673 1270 nam
2703 1214 2750 1269 si
2774 1221 3075 1285 utcunque
3115 1212 3338 1270 factum
3369 1219 3542 1278 esset,
3586 1229 3687 1270 ne-

2031 1319 2336 1375 quaquam
2364 1304 2479 1359 tale
2497 1305 2890 1376 apparuisset.
2914 1303 3216 1374 Siquidem
3235 1308 3517 1375 tanquam
3538 1305 3692 1360 Deus

2029 1398 2299 1461 noverat,
2340 1393 2486 1465 quid
2516 1408 2914 1464 responsurus
2961 1397 3120 1449 esset
3148 1391 3473 1464 Philippus.

2101 1481 2279 1536 Aiunt
2335 1486 2535 1538 autem
2572 1481 2846 1554 quidam,
2887 1480 3052 1554 quod
3085 1481 3240 1536 Deus
3273 1480 3529 1553 aliquem
3562 1486 3688 1538 ten~

2028 1574 2150 1625 tare
2171 1570 2410 1626 'dicitur
2439 1570 2679 1626 duobus
2737 1570 2933 1626 modis
2962 1586 2973 1624 :
3021 1569 3111 1625 vel
3131 1574 3193 1626 ut
3222 1570 3687 1626 imbecillitatem

2026 1661 2152 1729 ejus
2192 1665 2427 1728 arguat,
2469 1659 2624 1716 sicut
2653 1675 2816 1715 nunc
2847 1659 2905 1714 in
2954 1658 3229 1731 Philippo
3265 1676 3278 1725 ;
3319 1659 3412 1714 vel
3445 1666 3503 1714 ut
3531 1659 3686 1715 illius

321 1753 414 1807 τὴν
463 1746 704 1824 ἀνδρείαν
764 1751 944 1813 αὐτοῦ,
996 1753 1169 1826 ὧσπερ
1210 1751 1372 1803 παλαι
1402 1750 1486 1803 ἐπὶ
1530 1759 1620 1803 τοῦ
1657 1750 1914 1823 Ἁϐραάμ.

2035 1749 2434 1804 fortitudinem
2451 1748 3001 1820 ostendat,quemad
3012 1748 3254 1804 modum
3272 1748 3416 1804 olim
3437 1747 3489 1802 in
3505 1749 3688 1804 Abra-

322 1843 616 1910 Γέγραπται
643 1842 745 1911 γὰρ
791 1840 870 1892 ὃτι
900 1845 990 1893 καὶ
1018 1839 1283 1912 ἐπείραζεν
1315 1841 1340 1891 ό
1373 1843 1503 1901 Θεὸς
1543 1843 1627 1892 τόν
1654 1839 1912 1913 Ἃϐραὰμ,

319 1930 401 1980 ὅτε
432 1924 640 1986 δηλαδὴ
673 1928 952 2000 ἀνενεγκεῖν
992 1929 1131 1999 αὐτῷ
1160 1933 1247 1981 τέν
1277 1932 1388 1981 υἱὸν
1415 1929 1574 1982 αὐτοῦ
1606 1930 1677 1992 εἰς
1708 1930 1918 2003 όλοκςίρ-

322 2037 488 2069 πωσιν
518 2016 790 2070 ἐνετέλλετο
821 2019 956 2089 (3'2).

391 2105 667 2177 Ἀπεκρίθη
736 2139 803 2146 -—
868 2106 1022 2178 λάϐῃ.
1090 2106 1225 2176 Ὀρα
1299 2111 1392 2165 τήν
1486 2106 1750 2160 ἀσθένειαν
1823 2116 1918 2169 τῆς

322 2191 558 2256 διανοίας
604 2203 695 2246 τοῦ
748 2195 1006 2248 Φιλίππου
1058 2200 1127 2268 μὴ
1178 2193 1481 2257 δυνηθέντος
1531 2195 1768 2255 ἐννοῆσαι
1823 2201 1916 2255 τὴν

322 2279 542 2356 δύναμιν
572 2293 662 2344 τῆς
694 2286 935 2346 θεότητος
971 2285 1151 2340 αὐτοῦ.

392 2377 545 2444 Λέγει
597 2403 663 2413 -
722 2377 1043 2441 τοσούτους;
1089 2376 1174 2428 Ἐν
1229 2382 1301 2444 τῷ
1357 2374 1576 2444 εἰκοστῷ
1637 2375 1766 2446 ἕκτῳ
1831 2394 1918 2426 κε-

319 2461 518 2534 φαλαίῳ
571 2469 662 2514 τοῦ
709 2464 982 2515 Ματθαίου
1031 2467 1144 2533 (33)
1194 2468 1284 2516 καὶ
1321 2468 1438 2536 περὶ
1485 2467 1671 2516 τούτου
1722 2460 1917 2521 διείλη-

316 2570 466 2607 πται,
523 2550 868 2624 ’Υψηλοτέραν
917 2555 1006 2624 μεν
1043 2548 1130 2604 οὖν
1172 2555 1302 2623 ἔσχε
1337 2550 1628 2604 διάνοιανό
1669 2550 1916 2627 Ἀνδρέας

315 2642 458 2714 παρὰ
489 2644 576 2691 τόν
634 2639 904 2692 Φίλιππον⁹
947 2640 1042 2692 οὐκ
1089 2643 1278 2712 ἔφθασε
1320 2637 1378 2694 δὲ
1426 2645 1557 2714 πρὸς
1602 2645 1660 2693 τό
1704 2641 1914 2696 τέλειον.

318 2727 555 2800 Ἐνόμισε
641 2731 742 2800 γὰρ
823 2730 904 2781 ὅτι
976 2728 1076 2781 ἀπὸ
1161 2731 1251 2801 μεν
1327 2729 1602 2783 ἐλαττόνων
1674 2730 1918 2782 ἐλάττονα

315 2822 546 2883 ποιήσει,
603 2815 702 2870 ἀπὸ
761 2814 820 2870 δε
871 2817 1113 2870 πλειόνων
1169 2819 1380 2871 πλείονα
1426 2821 1565 2890 (34).
1622 2822 1716 2872 Διὰ
1762 2828 1916 2872 τοῦτο

317 2908 652 2979 προσέθηκεν’
713 2906 868 2959 Ἀλλὰ
925 2915 1088 2959 ταῖτα
1143 2913 1193 2960 τί
1261 2907 1400 2960 ἔστιν
1474 2908 1540 2969 εἰς
1598 2912 1912 2976 τοσούτους;

2028 1837 2510 1908 ham;scriptum
2563 1843 2652 1893 est
2698 1838 2881 1903 enim,
2929 1837 3094 1909 quod
3150 1837 3329 1893 etiam
3383 1837 3688 1892 tentaverit

2032 1931 2183 1984 Deus
2215 1928 2535 1993 Abraham,
2569 1944 2705 1984 cum
2759 1927 2965 1984 offerre
2991 1927 3039 1982 ei
3064 1927 3254 1983 ﬁlium
3297 1943 3458 1983 suum
3484 1927 3546 1983 in
3576 1927 3684 1984 ho-

2025 2015 2362 2072 locaustum
2392 2015 2673 2088 praecepit
2714 2019 2758 2072 ⁷.

2100 2107 2256 2160 Vers.
2284 2111 2337 2160 7.
2373 2106 2679 2177 Respondit
2707 2136 2776 2148 —
2814 2105 3094 2174 accipiat.
3125 2104 3266 2161 Vide
3318 2105 3683 2162 imbecillita-

2029 2199 2146 2250 tem
2176 2195 2388 2250 mentis
2420 2195 2681 2268 Philippi,
2723 2195 2825 2267 qui
2858 2195 3138 2250 virtutem
3177 2193 3502 2250 divinitatis
3553 2195 3684 2267 ejus

2025 2281 2343 2356 intelligere
2386 2300 2507 2340 non
2544 2289 2793 2356 poterat.

2100 2372 2260 2428 Vers.
2311 2377 2364 2427 8.
2417 2374 2573 2429 Dicit
2618 2404 2684 2416 —
2736 2373 2899 2429 Vers.
2955 2376 3005 2428 9.
3069 2373 3285 2428 multos
3335 2373 3362 2429 ?
3396 2373 3684 2428 Vicesimo

2027 2467 2192 2516 sexto
2230 2462 2426 2534 capite
2479 2462 2776 2532 Evangelii
2813 2463 2982 2532 juxta
3035 2461 3369 2516 Matthaaum
3405 2462 3580 2518 etiam
3611 2463 3686 2518 de

2027 2551 2135 2605 hoc
2163 2551 2532 2622 disputatum
2585 2558 2692 2606 est.
2727 2550 3124 2606 Excelsiorem
3169 2551 3368 2623 itaque
3426 2557 3685 2608 mentem

2027 2640 2283 2696 habebat
2317 2641 2583 2696 Andreas
2613 2656 2802 2712 quam
2853 2639 3156 2710 Philippus
3211 2655 3222 2692 :
3253 2639 3332 2695 ad
3372 2639 3432 2695 id
3461 2646 3682 2708 tamen,

2026 2729 2192 2800 quod
2243 2729 2570 2801 perfectum
2621 2735 2767 2794 erat,
2829 2744 2947 2784 non
2994 2729 3338 2797 attingebat.
3387 2729 3697 2800 Cogitabat

2028 2818 2182 2873 enim
2228 2818 2393 2890 quod
2443 2835 2515 2874 ex
2579 2818 2962 2890 paucioribus
3013 2818 3301 2889 pauciora
3335 2817 3572 2886 faceret,
3623 2835 3693 2874 ex

2029 2906 2302 2978 pluribus
2350 2913 2551 2964 autem
2609 2907 2804 2979 plura.
2870 2906 3008 2962 Ideo
3037 2906 3216 2961 etiam
3255 2906 3552 2962 addebat:
3583 2907 3695 2964 Sed

2033 2996 2166 3061 haec,
2208 2997 2368 3067 quid
2393 3003 2524 3051 sunt
2555 2997 2712 3052 inter
2742 3004 2857 3051 tam
2894 2997 3106 3051 multos
3137 2997 3166 3052 ‘i

394 3081 514 3135 Εἶπε
542 3115 606 3122 -
646 3083 1088 3154 πεντακισχίλιοι.
1122 3086 1205 3136 Ἐν
1237 3093 1306 3154 τῷ
1339 3083 1619 3143 ὃηλωθέντι
1659 3087 1914 3158 κεφαλαίῳ

2101 3087 2263 3141 Vers.
2299 3089 2383 3142 10.
2415 3087 2577 3142 Dixit
2608 3116 2676 3126 —
2717 3083 3025 3156 quinquies
3073 3083 3250 3141 mitte.
3281 3084 3559 3140 Praedicta
3599 3102 3696 3142 ca-

319 3171 634 3243 πλατύτερον
673 3177 790 3244 περὶ
819 3175 1010 3225 τούτων
1041 3176 1264 3244 εἰρηται.
1297 3174 1408 3226 Οὐκ
1438 3173 1654 3248 εθορυϐη
1667 3176 1831 3231 θησαν
1858 3170 1917 3226 δε

319 3261 366 3310 οἱ
394 3261 646 3330 μαθηταὶ,
694 3259 798 3311 ἀλλ’
851 3260 1043 3312 αὐτίκα
1087 3266 1294 3330 γνόντες
1334 3263 1414 3313 ὅτι
1446 3265 1916 3334 θαυματουργῆσαι

316 3348 504 3420 μέλλει,
538 3345 875 3412 ἁδιστάκτως
906 3351 1236 3407 ὑπήκουσαν.

383 3524 571 3580 Ἓλαϐε
621 3557 689 3564 -
744 3525 943 3584 ἤθελον.
1011 3526 1090 3580 Ἐν
1157 3529 1329 3598 ἐκείνῳ
1375 3531 1464 3579 καὶ
1528 3533 1646 3600 περὶ
1720 3529 1912 3579 τούτων

314 3616 572 3689 εὑρήσεις.

379 3703 466 3764 Ὠς
519 3733 590 3745 -
643 3702 988 3778 βεϐρωκόσιν.
1045 3703 1264 3772 Ὁμοίως
1337 3709 1426 3757 καὶ
1497 3710 1613 3776 περὶ
1693 3708 1906 3760 τούτων.

310 3790 572 3845 Ἐκέλευσε
655 3789 714 3845 δε
787 3801 1097 3864 συναγαγεῖν
1175 3796 1239 3846 τὰ
1302 3797 1741 3868 περισσεύσαντα,
1813 3795 1909 3847 οὐκ

308 3877 606 3944 ἐπιδείξεως
655 3882 835 3948 ἕνεκεν,
870 3881 977 3932 ἀλλ’
1027 3884 1109 3934 ἶνα
1156 3887 1227 3954 μὴ
1281 3879 1408 3955 δόξῃ
1458 3889 1719 3954 φαντασία
1749 3904 1824 3944 τις
1851 3888 1907 3936 τό

305 3974 586 4042 γενόμενον.
644 3970 729 4033 Ἐξ
793 3972 1132 4040 ὑποκειμένης
1201 3969 1260 4024 δε
1326 3971 1454 4032 ὕλης
1516 3971 1764 4030 ἐπλήθυνε
1817 3979 1907 4026 καὶ

301 4064 416 4119 τοὺς
450 4061 641 4134 ἄρτους
670 4065 760 4112 καὶ
812 4064 932 4121 τοὺς
974 4061 1185 4132 ἰχθύας9
1241 4057 1316 4112 δι’
1355 4061 1482 4113 αὐτὸ
1529 4081 1580 4113 τε
1610 4070 1780 4131 τοῦτο,
1816 4067 1906 4114 καὶ

305 4149 388 4200 ἵνα
438 4152 674 4223 ἐμφραγῇ
738 4151 804 4201 τὰ
859 4153 1098 4221 στόματα
1159 4158 1258 4201 τῶν
1308 4157 1718 4223 Μαρκιωνιστών
1767 4153 1898 4221 (35),

303 4239 483 4300 οἵτινες
511 4235 859 4290 διαϐάλλουσι
889 4243 982 4302 τήν
1010 4244 1205 4302 κτίσιν,
1230 4239 1500 4312 ληροῦντες
1531 4240 1611 4290 ὅτι
1637 4239 1731 4290 οὐκ
1763 4242 1902 4291 ἔστιν

304 4329 433 4384 αὕτη
466 4332 670 4400 ποίημα
699 4335 789 4380 τοῦ
821 4335 974 4382 Θεοῦ.

373 4508 453 4568 Οί⁴
477 4537 544 4546 --
598 4511 814 4578 κόσμον.
852 4513 921 4559 Ὤ.
971 4504 1238 4580 προδήλου
1277 4511 1698 4580 γαστριμαργίας
1736 4505 1747 4560 Ι
1792 4527 1897 4579 μυ-

297 4600 390 4667 ρία
435 4598 524 4666 μεν
582 4601 826 4668 πρότερον
883 4599 1284 4669 θαυμαστότερα
1348 4599 1532 4648 τούτου
1591 4597 1896 4668 θεασάμενοι

299 4681 451 4737 οὐδὲν
475 4692 706 4737 τοιοῦτον
739 4685 1104 4757 ὡμολόγησανι
1159 4688 1241 4738 ὅτε
1283 4682 1342 4738 δὲ
1372 4684 1746 4750 ἐνεπλήθησαν,
1782 4691 1896 4738 τότε

298 4782 478 4827 τοῦτον
507 4771 637 4827 εἶναι
681 4778 766 4825 τόν
794 4779 1064 4846 προφήτην
1112 4774 1300 4846 ἔλεγον,
1343 4779 1428 4826 τόν
1461 4772 1894 4848 προσδοκώμενον

297 4864 472 4925 αὐτοῖς
505 4863 605 4916 ἀπό
635 4872 730 4925 τῆς
755 4864 1015 4926 Μωΰσέως
1055 4863 1375 4936 ἐπαγγελίας.

370 5052 391 5086 ⁵
419 5051 620 5108 Matth.
652 5066 765 5116 xxv,
803 5051 888 5107 t6.
963 5052 982 5086 ⁷
1019 5051 1162 5107 Gen.
1202 5067 1332 5118 χχιι,
1373 5056 1418 5106 t.

2027 3173 2146 3244 pite
2171 3173 2346 3229 latius
2376 3175 2447 3228 de
2477 3175 2569 3229 his
2597 3175 2823 3229 dictum
2846 3178 2951 3228 est.
2987 3175 3112 3228 Non
3153 3180 3290 3228 sunt
3343 3179 3543 3229 autem
3578 3179 3692 3230 tur-

2024 3261 2147 3316 bati
2185 3262 2484 3334 discipuli,
2530 3262 2638 3318 sed
2667 3263 2938 3331 protinus
2970 3260 3212 3329 cognito
3241 3261 3404 3332 quod
3439 3262 3692 3319 miracu-

2026 3348 2151 3405 lum
2181 3356 2536 3422 operaturus
2583 3355 2756 3415 esset,
2788 3349 3018 3421 absque
3049 3348 3170 3404 ulla
3197 3349 3532 3406 haesitantia
3553 3351 3694 3408 obe-

2024 3436 2314 3494 diverunt.

2097 3529 2256 3584 Vers.
2293 3530 2346 3583 H
2395 3527 2634 3598 Accepit
2674 3557 2742 3568 —
2765 3526 3038 3582 volebant.
3078 3529 3138 3582 In
3173 3541 3245 3582 eo
3276 3527 3470 3600 capite
3509 3528 3689 3584 etiam

2022 3616 2097 3673 de
2126 3618 2218 3673 his
2252 3618 2542 3673 invenies.

2063 3694 2252 3762 'Vers.
2287 3712 2368 3762 12.
2443 3709 2515 3764 Ut
2541 3737 2610 3748 —
2674 3705 2841 3762 Vers.
2907 3709 2995 3764 13.
3029 3705 3134 3776 qui
3185 3705 3570 3762 comederunt.
3607 3706 3692 3762 Si-

2019 3795 2235 3851 militer
2263 3802 2318 3852 et
2347 3797 2421 3851 de
2468 3796 2580 3852 his.
2614 3796 2798 3851 Jussit
2823 3801 3021 3852 autem
3073 3795 3266 3862 colligi
3308 3812 3443 3867 quae
3476 3810 3688 3866 super-

2019 3884 2268 3950 fuerant,
2305 3902 2422 3940 non
2455 3886 2870 3941 ostentationis
2901 3885 3111 3955 gratia,
3139 3885 3242 3939 sed
3269 3901 3340 3939 ne
3366 3884 3689 3956 phantasia

2017 3981 2350 4047 appareret,
2380 3975 2542 4048 quod
2600 3975 2821 4030 factum
2873 3981 3019 4030 erat.
3055 3974 3132 4028 Ex
3164 3974 3431 4045 subjecta
3483 3981 3685 4030 autem

2017 4065 2266 4120 materia
2295 4065 2406 4136 (qq)
2430 4071 2485 4120 et
2513 4081 2701 4135 panes
2731 4063 3147 4135 multiplicavit
3199 4068 3254 4118 et
3294 4063 3486 4132 pisces
3520 4079 3530 4115 :
3561 4078 3684 4118 non

2014 4155 2179 4225 quod
2211 4155 2462 4208 materia
2504 4154 2814 4222 indigeret,
2865 4154 3016 4208 sicut
3056 4168 3250 4224 neque
3307 4157 3438 4223 post
3489 4168 3684 4208 resur-

2013 4244 2331 4298 rectionem
2364 4257 2519 4314 opus
2562 4242 2642 4296 illi
2687 4241 2796 4296 fuit
2837 4241 3103 4306 materia,
3147 4240 3246 4295 sed
3289 4247 3351 4293 ut
3379 4256 3484 4294 ora
3535 4243 3674 4294 Mar-

2011 4329 2398 4386 cionistarum
2425 4330 2778 4391 Obstrueret,
2813 4329 2916 4401 qui
2947 4333 3278 4384 creaturam
3304 4328 3680 4384 calumnian-

2012 4423 2104 4473 tur
2142 4419 2482 4484 delirantes,
2503 4417 2830 4473 asserendo
2849 4433 2971 4473 non
2999 4431 3128 4471 esse
3152 4433 3188 4472 a
3218 4419 3333 4472 Deo
3365 4416 3602 4471 factam.

2083 4508 2246 4562 Vers.
2283 4507 2478 4563 ιωιιε
2503 4506 2891 4562 —mundum.
2927 4508 2970 4563 Ο
2993 4505 3370 4561 manifestam
3394 4503 3677 4574 gulosita-

2011 4597 2175 4664 teml
2231 4613 2366 4652 cum
2421 4597 2729 4651 innumera
2781 4595 2947 4666 prius
3003 4593 3312 4659 vidissent,
3383 4610 3514 4664 quas
3563 4593 3673 4650 hoc

2005 4693 2172 4742 erant
2203 4685 2589 4750 mirabiliora,
2641 4684 2786 4739 nihil
2826 4684 2938 4739 tale
2977 4683 3234 4739 confessi
3289 4688 3427 4738 sunt
3468 4699 3481 4737 :
3533 4699 3672 4738 cum

2004 4781 2205 4830 autem
2235 4774 2461 4846 impleti
2491 4779 2650 4838 sunt,
2685 4780 2825 4827 tunc
2857 4773 3015 4828 hunc
3046 4787 3175 4826 esse
3202 4771 3551 4844 prophetam
3580 4771 3671 4825 di-

2004 4869 2238 4929 xerunt,
2271 4864 2372 4935 qui
2412 4879 2480 4918 ex
2506 4864 2676 4919 Mosis
2702 4861 3101 4934 promissione
3141 4860 3220 4917 ab
3250 4860 3333 4916 eis
3364 4866 3672 4932 exspecta-

2005 4953 2197 5008 batur.

1503 5149 1726 5218 Variae
1765 5149 2094 5218 lectiones
2125 5158 2190 5217 et
2239 5157 2442 5216 notae.

371 5292 482 5362 (30)
515 5292 662 5365 Αυτῷ
692 5292 759 5347 Α.

363 5363 477 5436 (at)
511 5365 741 5436 Inclusa
764 5363 1111 5421 exciderunt
1139 5366 1202 5421 Α.
1236 5365 1361 5421 Mox
1391 5363 1604 5436 legitur
1641 5363 1888 5431 ibidem,

295 5429 468 5509 δείξειῖ
482 5442 538 5509 et
568 5432 808 5509 ἀνδρίαν.

366 5508 417 5579 (3
425 5507 479 5580 2)
509 5507 821 5561 Ἐντίλλεται
854 5514 891 5561 Α
902 5549 914 5562 .

2099 5293 2189 5364 33)
2224 5299 2326 5346 Τοῦ
2357 5293 2492 5344 κατὰ
2516 5291 2781 5345 Ματθαῐον
2811 5291 2878 5346 Α.

2074 5293 2185 5435 ἕ34)
2220 5367 2438 5421 Ποιήσει
2469 5362 2638 5418 addit
2667 5367 2732 5418 Α.

2096 5362 2185 5421 34δ
2220 5367 2438 5421 Ποιήσει
2469 5362 2638 5418 addit
2667 5367 2732 5418 Α.

2075 5365 2163 5435 (34
2220 5367 2438 5421 Ποιήσει
2469 5365 2638 5418 addit
2667 5367 2713 5418 Α

2075 5365 2189 5507 (35ζ
2221 5442 2622 5508 Μαρκιανιστῶν
2652 5437 2718 5489 Α.

362 5633 481 5705 (qq)
497 5633 632 5688 Non
656 5632 810 5705 quod
833 5663 896 5705 —_
917 5633 1189 5689 materia.
1217 5634 1538 5704 Etpropter
1552 5632 1664 5688 hoc
1691 5633 2016 5705 ipsummet
2056 5634 2118 5687 ut
2157 5645 2342 5687 ora...
2389 5628 2509 5686 Alia
2527 5629 2621 5685 hic
2652 5628 2709 5686 in
2743 5645 2852 5687 suo
2878 5629 3132 5698 codices,
3167 5628 3330 5686 haud
3361 5626 3626 5685 absurda

294 5703 532 5762 videtur
560 5703 854 5761 invenisse
885 5703 1193 5775 interpres.
