4098 6444
583 283 723 345 1239

654 413 817 471 Vere.
857 417 940 471 t5.
969 411 1134 472 Iesus
1155 445 1219 456 —
1241 412 1424 470 solus.
1453 410 1633 485 Papae
1669 411 1684 469 l
1717 414 1941 485 quanta
1963 415 2050 466 est
2099 407 2249 480 gulae
2286 403 2331 462 Α

585 504 1120 577 tyrannis,quanta
1144 510 1231 559 est
1253 505 1467 560 mentis
1484 503 1731 558 istorum
1750 502 1956 557 levitas
1973 517 2041 555 ac
2063 505 2250 556 muta-

584 593 781 650 hilitas
810 594 838 649 τ
868 594 1094 665 repleto
1143 593 1300 649 enim
1359 599 1557 647 ventre
1601 593 1806 648 omnia
1859 591 1972 646 illis
2016 595 2160 653 erat,
2194 593 2252 644 et

583 682 874 757 propheta
913 687 968 738 et
1018 699 1205 756 regno
1262 682 1506 756 dignus.
1562 681 1828 737 Christus
1887 696 2030 736 vero
2081 680 2245 749 fugit,

585 773 908 830 ostendens
954 771 1265 841 fugiendas
1295 788 1426 828 esse
1475 772 1792 844 dignitates
1823 771 2147 835 humanas,
2183 785 2251 824 ac

587 867 853 918 terrenos
902 861 1180 925 honores,
1239 867 1293 918 et
1343 861 1759 933 despiciendas
1799 876 1925 916 esse
1970 876 2101 933 quae
2154 859 2250 914 hic

587 952 743 1008 clara
783 954 941 1006 sunt.

659 1040 837 1113 Atqui
869 1040 1155 1112 pmpheta
1194 1040 1341 1096 dixit
1388 1058 1400 1096 :
1438 1042 1581 1096 Ecce
1637 1055 1746 1097 rex
1778 1048 1913 1094 tuus
1950 1039 2108 1095 venit
2140 1039 2254 1093 tibi

586 1136 918 1186 mansuetus
941 1130 981 1182 ⁸.
1005 1129 1120 1185 Sed
1143 1145 1391 1201 regnum
1425 1129 1572 1186 dixit
1597 1129 1850 1193 cmleste,
1879 1129 1952 1183 de
1979 1144 2100 1200 quo
2126 1128 2252 1200 ipse

587 1234 832 1347 ἓξῗιιᾶιέρ
867 1217 1136 1275 Christus
1162 1219 1241 1275 ait
1274 1239 1286 1278 :
1319 1219 1562 1292 Regnum
1587 1234 1775 1276 meum
1806 1234 1916 1273 non
1935 1224 2014 1274 est
2043 1232 2118 1273 ea:
2148 1217 2253 1272 hoc

876 1467 1031 1525 CAP.
1062 1469 1148 1523 IX.
1195 1467 1270 1522 De
1295 1466 1674 1523 ambulatione
1712 1467 1770 1522 in
1797 1467 1962 1521 mari.

664 1559 830 1612 Vers.
888 1559 972 1612 t6.
1030 1558 1094 1612 At
1150 1555 1248 1610 ubi
1291 1587 1354 1596 —
1388 1555 1550 1611 Vers.
1614 1561 1695 1610 Π.
1742 1558 2128 1626 Capernaum.
2175 1557 2249 1610 De

591 1646 951 1702 scenderunt
981 1660 1101 1700 non
1125 1650 1338 1716 sponte
1375 1661 1506 1710 sua,
1536 1644 1636 1699 sed
1667 1644 1743 1699 ah
1761 1660 1831 1699 eo
1852 1644 2061 1699 coacti.
2100 1643 2252 1698 Dixit

590 1736 748 1792 enim
790 1735 1096 1791 Matthaaus
1143 1733 1430 1806 praedicto
1481 1733 1766 1788 vicesimo
1805 1739 1970 1788 sexto
2002 1733 2188 1802 capite
2231 1751 2243 1788 :

590 1825 909 1896 Statimque
948 1824 1228 1893 compulit
1283 1825 1442 1879 Jesus
1470 1821 1792 1893 discipulos,
1831 1830 1891 1877 ut
1927 1823 2250 1877 conscende-

591 1922 717 1971 rent
731 1915 1029 1983 navigium
1043 1919 1093 1967 et
1112 1929 1165 1968 se
1179 1912 1560 1984 praecederent
1582 1913 1643 1967 in
1667 1913 2003 1968 ulteriorem
2032 1913 2246 1977 ripam.

592 2004 770 2059 donec
809 2004 1106 2057 dimisisset
1148 2003 1348 2057 turbas
1377 2020 1389 2056 :
1424 2018 1660 2073 cumque
1684 2002 1994 2058 dimisisset
2024 2001 2247 2064 turbas,

592 2093 854 2149 ascendit
883 2093 944 2147 in
994 2099 1236 2148 montem
1276 2094 1509 2148 seorsim
1566 2091 1644 2147 ad
1695 2091 2006 2147 orandum.
2072 2088 2248 2146 Facta

591 2189 785 2239 autem
823 2196 1065 2252 vespera
1105 2183 1260 2239 solus
1299 2188 1424 2238 erat
1465 2182 1591 2238 illic
1621 2182 1686 2233 ιθ.

664 2363 884 2418 Horum
916 2360 1186 2416 omnium
1221 2375 1438 2415 causas
1469 2359 1547 2416 ibi
1571 2358 2067 2428 significavimus,
2107 2363 2162 2416 et
2189 2360 2253 2414 il-

591 2451 680 2506 las
707 2451 853 2520 lege.
887 2449 1130 2506 Attende
1148 2464 1285 2505 vero
1306 2449 1470 2521 quod
1501 2459 1820 2521 postquam
1851 2449 2056 2504 turbas
2080 2449 2253 2504 dimi-

590 2540 784 2604 sisset,
817 2555 954 2595 cum
987 2544 1226 2611 stupore
1271 2539 1500 2608 signum
1535 2538 1811 2593 admirati
1846 2544 2002 2600 sunt,
2038 2538 2141 2594 ubi
2173 2539 2248 2594 ad

591 2645 654 2686 se
693 2636 888 2685 mente
919 2628 1255 2691 rediissem,
1306 2633 1361 2682 et
1391 2627 1602 2682 reverti
1637 2628 2028 2683 decreverunt
2059 2644 2128 2683 ac
2159 2644 2248 2684 ra-

590 2733 731 2791 pere
760 2734 920 2787 eum,
950 2722 1014 2773 ut
1044 2721 1312 2772 crearent
1341 2717 1541 2788 ipsum
1576 2731 1794 2786 regem.

666 2895 827 2951 Vers.
859 2897 944 2950 t7.
969 2896 1042 2950 Et
1059 2895 1186 2965 jam
1213 2893 1475 2950 tenebra.
1506 2894 1752 2949 —Vers.
1785 2898 1872 2948 2t.
1909 2894 2092 2949 ibant.
2123 2896 2252 2950 Non

592 2987 831 3042 venerat
854 2984 931 3039 ad
977 3000 1088 3048 eos,
1123 2982 1236 3038 hoc
1265 2991 1373 3048 est,
1407 2998 1526 3038 non
1567 2991 1927 3055 apparuerat
1953 2984 2058 3049 eis,
2101 2985 2252 3040 sicut

590 3071 980 3146 postmodum
1040 3072 1196 3139 fecit,
1251 3071 1354 3127 sed
1420 3073 1688 3138 permisit
1744 3089 1847 3127 eos
1901 3073 2131 3128 tentari.
2186 3075 2248 3128 In

592 3162 710 3218 fine
767 3169 966 3218 autem
1030 3162 1472 3235 pmmemorati
1534 3162 1799 3218 vicesimi
1850 3163 1994 3217 sexti
2039 3163 2248 3235 capitis

593 3251 891 3322 Evangelii
951 3251 1282 3307 secundum
1339 3250 1692 3314 Matthteum.
1749 3257 1807 3306 et
1837 3253 2121 3307 vicesimo
2166 3269 2252 3306 se-

590 3341 779 3414 ptimo
830 3341 904 3397 de
953 3341 1048 3398 his
1091 3340 1375 3397 omnibus
1417 3340 1699 3396 invenies.
1757 3342 1894 3406 Quae
1962 3357 2096 3397 vere
2161 3357 2251 3396 se-

589 3438 876 3503 quuntur,
910 3429 1584 3502 praetermisitJoannes,
1616 3435 1814 3501 utpote
1849 3429 1926 3484 ab
1955 3429 2084 3485 aliis
2114 3446 2253 3486 con-

590 3519 830 3591 scripta.
880 3519 1084 3591 Itaque
1113 3533 1185 3574 ea
1243 3516 1469 3581 scribit,
1510 3533 1644 3589 qua:
1702 3518 1774 3572 ab
1834 3517 1963 3572 aliis
2024 3518 2254 3574 omissa

593 3613 780 3664 erant.

663 3697 781 3752 Nos
823 3711 966 3764 ergo
1021 3695 1170 3750 alios
1218 3699 1592 3751 enarratores
1633 3695 1838 3763 secuti,
1887 3677 2255 3751 ostendimds

591 3786 750 3842 hanc
797 3784 978 3840 fuisse
1034 3784 1583 3840 deambulationem
1642 3800 1820 3856 super
1864 3801 2027 3841 mare
2075 3802 2253 3858 quam

596 3875 902 3932 Mattheus
940 3878 995 3929 et
1025 3876 1251 3930 Marcus
1293 3874 1658 3946 scripserunt
1691 3877 1754 3930 ¹¹.

668 4052 1119 4126 Chrysostomus
1183 4067 1318 4107 vero
1369 4053 1713 4123 conjectans
1769 4054 1848 4110 ait
1881 4054 2036 4110 hanc
2076 4054 2254 4111 aliam

597 4143 780 4200 fuisse
801 4142 880 4198 ab
902 4142 1001 4198 illa
1029 4159 1043 4198 :
1073 4141 1392 4197 verisimile
1416 4143 1573 4198 enim
1604 4159 1756 4206 esse,
1780 4144 1940 4215 quod
1974 4144 2070 4199 illa
2094 4146 2255 4217 prius

597 4230 788 4288 fuerit.
819 4231 1037 4287 Deinde
1071 4237 1199 4302 post
1228 4231 1454 4303 aliquot
1484 4232 1612 4286 dies
1644 4232 1830 4287 turbas
1869 4231 2260 4290 decreverunt

599 4326 660 4377 ut
680 4325 958 4394 raperent
983 4320 1347 4386 eum,veluti
1396 4319 1624 4375 dictum
1661 4326 1750 4376 est
1802 4337 1974 4394 ;quo
2023 4324 2258 4394 cognito

598 4426 803 4466 rursus
833 4409 1095 4466 Christus
1123 4410 1178 4464 in
1204 4414 1464 4465 montem
1494 4409 2254 4483 discessitcumdiscipulis,

598 4500 800 4574 ibique
826 4499 990 4556 solus
1022 4500 1278 4564 secessit,
1310 4500 1436 4553 sive
1466 4499 1523 4554 in
1565 4500 1760 4570 quiete
1789 4500 1895 4554 fuit
1938 4518 1950 4555 :
1989 4502 2261 4572 discipuli

603 4605 735 4646 vero
751 4589 890 4645 inde
913 4587 1437 4644 descenderuntad
1458 4603 1642 4650 mare,
1661 4587 1733 4641 de
1748 4587 1860 4643 hoc
1873 4588 1944 4643 ad
1957 4591 2183 4656 moniti,
2209 4597 2264 4646 ρι

600 4692 930 4732 conscensa
945 4677 1078 4732 navi
1097 4680 1383 4731 venerunt
1398 4678 1792 4746 Capernaum,
1813 4682 2102 4746 putantes,
2128 4695 2260 4733 eum

601 4765 860 4837 pedestri
899 4765 1098 4820 itinere
1131 4771 1448 4820 venturum
1483 4782 1495 4830 ;
1530 4763 1628 4818 sed
1658 4780 1897 4819 rursum
1931 4781 2049 4820 non
2082 4767 2264 4822 multo

602 4859 737 4926 post
765 4853 826 4908 in
858 4853 1008 4908 mari
1039 4853 1113 4908 ad
1138 4852 1265 4908 illos
1295 4853 1470 4908 venit.
1517 4852 1582 4906 Et
1613 4859 1854 4924 propter
1885 4854 2018 4919 hoc,
2052 4857 2262 4927 inquit.

603 4940 977 5012 Evangelista
1001 4942 1081 4996 ait
1107 4943 1152 4978 ¹⁸
1185 4958 1197 4998 :
1231 4944 1452 5012 Etjam
1484 4941 1729 4997 tenebrae
1747 4949 1934 5008 erant,
1969 4959 2072 5000 nec
2101 4960 2264 5000 vene-

604 5038 695 5088 rat
735 5031 914 5088 adeas
940 5030 1115 5096 Iesus,
1149 5046 1218 5086 ac
1240 5030 1524 5103 deinceps
1553 5030 1845 5086 accidisse
1859 5031 2264 5106 dicitreliqua,

670 5228 690 5261 ⁸
718 5224 960 5283 Zachar.
985 5240 1067 5297 ix,
1103 5226 1157 5280 9.
1237 5228 1258 5263 θ
1289 5227 1462 5284 Joan.
1487 5239 1654 5293 xvut,
1688 5231 1775 5285 36.

1935 279 2278 340 EUTHYM"
2316 274 2642 336 ZIGABENI

1858 5229 1902 5264 ³ο
1935 5228 2132 5286 Matth.
2186 5245 2304 5298 11v,
2332 5233 2421 5297 22,
2449 5234 2537 5286 23.

3777 276 3882 338 {2&0

2433 407 2637 466 Ἰησοῦς
2677 434 2745 444 -
2805 405 2980 475 μόνος.
3030 399 3193 456 Βαϐαῖ
3240 400 3254 458 !
3292 404 3430 459 πόση
3479 407 3564 463 τῆς
3613 421 3885 482 γαστριμαρ.

2359 501 2476 568 νίας
2523 497 2553 554 ἡ
2609 498 2842 565 τυραννίς
2886 491 3068 551 Ῐπόση
3119 500 3213 553 τῆς
3265 487 3476 564 γνώμης
3519 496 3693 544 τούτων
3741 498 3765 552 ἠ
3818 498 3884 548 εὐ.

2361 582 2556 636 κολίαι
2613 590 2714 642 Τῆς
2767 584 2995 654 γαστρὸς
3052 584 3151 655 γὰρ
3208 579 3605 654 ἕμπλησθείσης,
3654 584 3797 635 πάντα
3840 583 3884 643 ἦν

2361 673 2537 734 αὐτοῖς
2589 672 2722 741 (36),
2779 676 2869 723 stati
2919 676 3208 745 προφήτης,
3251 673 3343 722 καὶ
3387 667 3643 742 βασιλείας
3683 671 3884 734 ἅξιος.”0

2361 759 2420 815 δε
2461 765 2691 834 Χριστὸς
2738 763 2933 832 φεύγει,
2982 756 3244 812 παιδεύων
3295 761 3495 830 φεύγειν
3545 757 3606 811 τὰ
3648 758 3885 832 ἀνθρώπινα

2362 850 2634 922 ἀξιώματα
2683 854 2773 900 καὶ
2805 851 2894 908 τὰς
2940 850 3154 919 γηῖνους
3191 849 3350 919 τιμὰς
3379 851 3467 899 καὶ
3494 855 3792 921 καταφρονεῖν
3813 860 3884 902 τῶν

2361 939 2581 992 ἐνταυθα
2603 939 2873 1011 λαμπρῶν.

2435 1031 2535 1085 Καὶ
2591 1032 2693 1099 μὴν
2751 1029 2775 1078 6
2831 1030 3100 1098 προφήτης
3170 1021 3329 1078 εἶπεν·

2363 1137 2456 1170 σου
2515 1121 2727 1191 ἔρχεταί
2795 1135 2879 1167 σοι
2927 1116 3110 1186 πραΰς.
3165 1113 3325 1166 Ἀλλὰ
3388 1112 3646 1186 βασιλείαν
3691 1112 3780 1167 εἷπε
3818 1123 3884 1172 τὴν

2359 1208 2617 1280 οὐράνιον,
2676 1212 2791 1278 περὶ
2840 1206 2904 1266 ἧς
2955 1208 3043 1256 καὶ
3096 1204 3252 1265 αὐτὸς
3292 1203 3457 1274 ἔλεγεν
3507 1206 3531 1255 6
3589 1210 3803 1276 Χριστος·
3843 1205 3880 1258 Ἠ

2362 1295 2609 1369 βασιλεία
2679 1298 2706 1353 η
2787 1293 2882 1367 ἐμὴ
2956 1294 3051 1346 οὐκ
3117 1295 3259 1346 ἔστιν
3333 1292 3387 1344 ἐκ
3445 1299 3532 1344 τοῦ
3584 1298 3760 1365 κόσμου
3798 1299 3881 1346 τού-

3411 1021 3543 1078 Ἰδοὺ
3606 1025 3630 1076 ὁ
3689 1024 3885 1098 βασιλεὺς

2360 1405 2475 1442 του.

2543 1475 2692 1529 [ΕΦ.
2728 1471 2809 1525 ϐ’.
2846 1476 2969 1545 Περὶ
3003 1478 3095 1523 τοῦ
3124 1471 3173 1523 ἐν
3205 1471 3447 1544 θαλάσση
3470 1473 3750 1544 περιπάτου.

2428 1563 2517 1626 Ὠς
2569 1559 2628 1615 δι
2677 1593 2744 1603 -
2792 1563 3154 1635 Καπερναούμ.
3225 1559 3529 1618 Κατὲϐησαν
3571 1560 3666 1632 οὐχ
3714 1561 3874 1625 ἑκόντες,

2362 1653 2467 1706 ἀλλ’
2527 1651 2936 1721 ἀναγκασθέντες
2978 1650 3065 1702 ὐπ’
3112 1649 3296 1702 αὐτοῦ.
3343 1653 3528 1723 Εἰρηιε
3574 1652 3666 1723 γὰρ
3715 1651 3735 1702 6
3779 1657 3876 1703 Ματ-

2287 1762 2328 1814 B
2362 1744 2507 1801 θαῖος
2557 1740 2607 1793 ἓν
2652 1748 2722 1809 τῷ
2778 1740 2986 1813 ῥηθέντι
3059 1738 3279 1808 εἰκοστῷ
3357 1740 3483 1809 ἕκτῳ
3546 1738 3781 1810 κεφαλαίῳ,
3822 1741 3874 1790 ὅτι

2364 1835 2462 1882 Καὶ
2529 1829 2714 1891 εὐθέως
2789 1831 3080 1899 ἠνάγκασεν
3149 1829 3176 1878 6
3246 1828 3451 1888 Ἰησοῦς
3530 1832 3638 1889 τοὺς
3700 1830 3874 1898 μαθητὰς

2361 1917 2579 1989 εμϐῆναι
2634 1918 2699 1978 εἰς
2750 1922 2808 1969 τὸ
2867 1917 3066 1981 πλοῖον,
3121 1922 3210 1969 καὶ
3267 1919 3512 1991 προάγειν
3559 1916 3694 1968 αὐτὸν
3741 1916 3794 1977 εἰς
3836 1920 3872 1967 τὸ

2361 2012 2540 2080 πέραν,
2603 2009 2695 2077 ἓῳς
2757 2007 2817 2059 οὗ
2890 2005 3125 2078 ἀπολύσῃ
3199 2011 3321 2066 τοὺς
3400 2005 3597 2076 ὀχλους.
3651 2011 3733 2058 Καὶ
3790 2004 3872 2056 ἀπε·

2360 2096 2521 2157 λύσας
2601 2101 2723 2157 τοὺς
2792 2095 3007 2167 ὄχλους,
3074 2094 3224 2152 ἀνέϐη
3295 2096 3368 2155 εἰς
3437 2099 3492 2146 τὸ
3559 2099 3656 2168 ᾁοος
3697 2090 3870 2145 κατιδίαν

2363 2186 2776 2258 προσεύξασθαι.
2877 2184 3060 2255 Ὀψίας
3159 2181 3217 2237 δε
3317 2189 3581 2256 γενομένης
3663 2181 3710 2241 ἦν
3802 2185 3867 2235 ἐκεῖ

2361 2281 2531 2348 μόνος.

2432 2366 2638 2417 Τούτων
2694 2359 2752 2416 δι
2806 2366 3010 2416 πάντων
3067 2366 3154 2423 τὰς
3220 2363 3400 2424 αἰτίας
3454 2358 3746 2434 ἐδηλώσαμεν
3783 2361 3860 2423 ἐκεῖ,

2362 2458 2451 2505 καὶ
2505 2451 2762 2523 ἀνάγνωθι
2810 2455 3023 2514 ταυτας.
3059 2452 3382 2510 Ἐπίστησον
3445 2447 3503 2504 δι
3551 2453 3622 2503 ὃτι
3665 2452 3759 2521 μεθὸ
3795 2448 3859 2499 ἆτ-

2362 2542 2538 2595 ελυσεν
2593 2543 2800 2606 αὐτοὺς,
2869 2541 3364 2614 ὑπερεξεπλάγησαν
3423 2544 3480 2593 τὸ
3547 2547 3737 2611 σημεῖον,
3781 2538 3855 2588 καθ’

2364 2631 2580 2692 ἑαυτοὺς
2638 2636 2918 2702 γενόμενοι,
2977 2637 3066 2682 καὶ
3131 2629 3314 2682 λοιπόν
3391 2629 3717 2682 ἐδουλώσαντο
3753 2645 3850 2696 σεσε-

2364 2728 2521 2793 φῆναι
2550 2725 2638 2772 καὶ
2677 2719 2913 2792 ἁρπάσαι
2965 2719 3144 2786 αὐτὸν,
3197 2720 3283 2771 ἵνα
3325 2724 3612 2778 ποιήσωσιν
3655 2717 3754 2768 αἰτόν
3780 2712 3840 2784 βε-

2366 2809 2529 2862 σιλέα.

2438 2903 2534 2951 Καὶ
2592 2902 2774 2950 σκοτία
2830 2895 2936 2956 ἤδη
3011 2927 3077 2938 -
3135 2898 3364 2968 ὑπῆγον.
3437 2927 3493 2937 -
3560 2895 3656 2948 Οὐκ
3705 2889 3856 2948 iiith

2363 2991 2489 3061 πρὸς
2550 2986 2751 3052 αὐτοὺς,
2811 2986 2924 3038 ἀντὶ
3001 2993 3114 3053 τοῦ,
3186 2987 3302 3038 Οὐκ
3364 2985 3574 3057 ἐπεφάνη
3630 2985 3785 3044 αὐτοῖς,
3821 2981 3858 3032 ά·δὲ

2364 3075 2605 3133 ἐποίησεν
2662 3077 2895 3148 ὓστερον⁹
2947 3075 3052 3127 ἀλλ’
3111 3074 3307 3146 ἀφῆκεν
3360 3075 3544 3136 αὐτοὺς
3589 3069 3853 3146 πειράζεσθαι.

2365 3166 2445 3217 Ἐν
2499 3173 2569 3234 τῷ
2632 3165 2762 3217 τέλει
2831 3161 2888 3217 δι
2959 3172 3051 3216 τοῦ
3115 3166 3640 3239 προμνημονευθὲντος
3701 3159 3859 3211 εἰκοστοῦ

2363 3255 2512 3306 ἕκτου
2561 3253 2860 3326 κεφαλαίου,
2919 3259 3009 3306 καὶ
3052 3253 3101 3305 ἐν
3174 3263 3247 3324 τῷ
3317 3254 3529 3322 εἰκοστῷ
3580 3246 3750 3319 ἑϐδόμῳ
3789 3247 3859 3312 περὶ

3225 3346 3306 3395 Τὰ
3364 3343 3478 3406 ἑξῆς
3533 3337 3586 3393 δε
3635 3332 3859 3409 παρῆκενό

2365 3432 2625 3496 Ἰωάννης,
2680 3435 2746 3494 ὡς
2801 3439 2909 3492 τοῖς
2984 3431 3153 3492 ἄλλοις
3218 3433 3570 3504 ἱστορηθέντα.
3622 3433 3704 3481 Καὶ
3744 3423 3860 3474 λοιπὸν

2367 3523 2562 3596 ἱστορεῖ
2586 3525 2651 3573 τὰ
2676 3520 2888 3583 ἐκείνοις
2921 3524 3203 3592 παρεθέντα
3222 3521 3364 3593 (37).

2363 3346 2565 3395 πάντων
2621 3346 2815 3395 τούτων
2886 3343 3006 3417 εὗρή
3019 3362 3146 3405 σεις.

2435 3694 2608 3768 ἰΙμεῖς
2669 3700 2759 3768 μεν
2805 3692 2914 3762 οὖν,
2966 3703 3074 3757 τοῖς
3117 3696 3288 3758 ἄλλοις
3339 3696 3602 3766 ἐξηγηταῖς
3657 3686 3862 3742 ἀκολουθέ-

2368 3805 2560 3853 σαντες,
2608 3782 2949 3857 ἀπεδείξαμεν
2992 3789 3080 3838 τὸν
3128 3786 3282 3838 αὑτὸν
3334 3783 3459 3839 εἶναι
3505 3783 3580 3836 ἐπὶ
3620 3788 3699 3840 τῆς
3732 3774 3862 3828 add"

2368 3895 2466 3938 σης
2519 3880 2821 3950 περίπατον,
2882 3875 2934 3928 ὃν
2978 3877 3004 3927 ὁ
3050 3877 3322 3938 Ματθαῖος
3373 3881 3458 3928 καὶ
3506 3875 3530 3925 6
3582 3872 3751 3943 Μάριος
3790 3860 3862 3912 ἀνέ·

2363 3966 2599 4041 γραψαν.

2434 4056 2492 4107 '0
2520 4052 2578 4107 δι
2615 4056 2732 4125 (38)
2777 4063 3150 4129 Χρυσοστομος
3201 4056 3570 4126 στοχαζόμενός
3596 4065 3724 4122 φησιν
3746 4042 3862 4129 ίτίρσῨ

2368 4141 2495 4197 εἶναι
2561 4152 2739 4196 τοῦτον
2808 4144 2928 4216 παρ’
2991 4144 3197 4199 ἐκεῖνον.
3244 4145 3396 4206 Εἰκὸς
3432 4146 3525 4216 γὰρ
3577 4138 3729 4190 ἐκεῖνον
3770 4143 3862 4199 7⁰⁹¹“

2371 4236 2495 4286 σθαι
2541 4238 2806 4307 πρότερον·
2864 4241 2974 4286 εἶτα
3025 4233 3136 4304 μεθ’
3194 4235 3391 4306 ἡμέρας
3437 4234 3567 4290 τινὰς
3603 4229 3704 4284 τοὺς
3726 4217 3863 4307 ὄχλους

2372 4322 2763 4395 βουλεύσασθαι
2814 4323 3051 4395 ἁρπάσαι
3110 4323 3287 4388 αὐτὸν,
3345 4325 3407 4383 ὡς
3453 4324 3652 4393 εἴρηται,
3691 4314 3759 4362 καὶ
3792 4305 3863 4356 λοι·

2371 4417 2486 4478 πὸν,
2544 4419 2729 4483 γνόντα
2773 4421 2925 4464 τοῦτο
2977 4416 3063 4464 τὸν
3119 4416 3370 4484 Χριστὸν,
3435 4406 3571 4469 αὖθις
3619 4399 3860 4472 διαπερᾶσαι

2376 4507 2501 4573 πρὸς
2557 4505 2613 4552 τὸ
2659 4503 2776 4572 ὁρος
2824 4503 2954 4572 μετὰ
3012 4509 3111 4552 τῶν
3161 4503 3422 4573 μαθητῶν,
3475 4502 3558 4549 καὶ
3600 4492 3862 4562 ἀναχωρῆσαι

2376 4590 2477 4642 ἐκεῖ
2527 4596 2698 4660 μόνον,
2735 4595 2896 4642 εῖτουν
2926 4592 3209 4661 ἡσυχάσαι
3255 4596 3421 4662 μόνον·
3472 4589 3580 4645 τοὺς
3613 4578 3662 4634 δε
3690 4577 3862 4651 μαθητας

2376 4679 2561 4730 ἐκεῖθεν
2618 4677 2909 4736 καταϐῆναι
2956 4680 3041 4730 ἐπὶ
3084 4683 3177 4736 τὴν
3229 4678 3504 4742 θάλασσαν,
3564 4668 3863 4744 προτραπέντας

2374 4775 2542 4831 τοῦτοᾳ
2597 4773 2684 4818 καὶ
2737 4767 2990 4839 ἐμϐάντας
3029 4767 3093 4827 εἰς
3150 4771 3207 4819 τὸ
3266 4767 3453 4830 πλοῖον,
3516 4759 3732 4836 ἔρχεσθαι
3774 4765 3859 4819 πρσί

2378 4862 2470 4914 τὴν
2532 4861 2889 4927 Καπερναοὺμ,
2965 4857 3228 4928 οἰομένους
3294 4857 3439 4908 αὑτὸν
3498 4852 3714 4911 πεζεῦσαι
3756 4851 3859 4930 “Mf

2379 4949 2460 4997 ἐπὶ
2508 4954 2601 5006 τῆς
2651 4946 2916 5006 θαλάσσης
2967 4953 3055 4997 καὶ
3109 4945 3267 4998 ἐλθεῖν
3325 4949 3448 5018 πρὸς
3501 4941 3664 4997 αὐτοὺς
3708 4929 3779 4984 οὐκ
3819 4941 3859 4979 είς

2381 5037 2604 5107 μακράν·
2653 5031 2745 5086 διὰ
2783 5043 2936 5086 τοῦτο
2973 5038 3074 5108 γὰρ
3121 5041 3211 5088 καὶ
3271 5038 3355 5086 τὸν
3393 5028 3716 5104 nimam-niti
3753 5019 3857 5070 εἰπεῖν

2617 5233 2658 5268 ¹¹
2695 5238 2868 5288 Marc.
2898 5247 2976 5300 v1,
3008 5233 3075 5287 47
3104 5246 3270 5304 seqq.
3349 5231 3393 5267 "
3423 5223 3554 5284 Ibid.
3580 5221 3651 5276 t7-

1804 5407 2029 5476 Variaa
2073 5408 2404 5479 lectiones
2451 5420 2514 5478 et
2569 5416 2773 5478 notae.

669 5602 783 5674 (ss)
823 5601 991 5665 Αὐτός
1027 5605 1092 5656 Α.

669 5673 784 5748 (37)
814 5676 1142 5753 Παρεαθέντα
1171 5678 1209 5726 Α
1221 5715 1233 5728 .

2437 5624 2554 5695 (38)
2580 5625 2745 5681 Tom.
2777 5625 2916 5696 Vlll,
2949 5639 3009 5697 p.
3045 5624 3148 5679 255
3188 5623 3256 5678 D.
