4098 6426
236 265 365 324 1241

236 398 318 450 ὅτι
377 398 478 450 Καὶ
538 396 725 448 σκοτία
791 388 900 454 ἤδη
962 389 1201 466 ἐγεγόνει,
1282 396 1370 445 καὶ
1428 390 1522 444 οῦκ
1602 389 1836 449 ἐληλύθει
1868 391 1916 446 Α

238 490 360 560 πρὸς
435 484 624 545 αύτούς
697 485 724 536 6
799 484 1022 553 Ἰησοῦς,
1098 487 1188 536 καὶ
1254 485 1321 534 τὰ
1384 482 1540 535 λοιπὰ
1595 482 1836 553 γενέσθαι

239 578 406 636 καθώς
437 575 586 635 οῦτος
616 573 826 648 ἔγραψε.
882 579 982 627 Καὶ
1035 571 1117 624 ἐπὶ
1172 575 1262 644 μεν
1309 571 1504 624 ἐκείνου
1557 578 1646 624 τοῦ
1693 589 1837 641 περι-

241 667 404 717 πάτου
443 667 563 725 τοὺς
604 665 844 734 μαθητὰς
892 661 1208 733 φοϐηθέντας
1265 659 1574 735 ἀνακραγεῖν
1599 679 1611 692 ·
1647 661 1731 712 ἐπὶ
1780 656 1838 712 δε

241 758 426 807 τούτου
492 752 784 825 φοϐηθῆναι
853 756 1028 824 μόνον,
1089 750 1359 813 ἐλάττονος
1425 748 1580 822 φόϐου
1633 753 1837 821 γενομέ-

241 863 328 896 νου
379 840 472 895 διὰ
509 847 603 900 τήν
644 839 750 900 ἤδη
810 843 1119 899 συνήθειαν·
1154 845 1244 892 καὶ
1296 838 1400 892 ἐκεῖ
1454 843 1544 911 μεν
1589 840 1834 900 εἰπόντος·

244 934 372 1004 Ἐγώ
437 933 564 1004 εἰμι,
622 936 693 1004 μὴ
755 930 1014 1003 φοϐεῖσθε,
1083 933 1226 983 οῦπω
1285 929 1783 1004 ἐπληροφορήθησαν
1821 947 1835 962 ·

243 1019 328 1076 διὸ
377 1027 466 1074 καὶ
515 1023 539 1074 6
591 1025 784 1094 Πέτρος
834 1021 1020 1092 ἔλεγεν,
1074 1023 1250 1092 Κύριε,
1288 1019 1332 1071 εἰ
1383 1023 1448 1071 σύ
1499 1016 1561 1084 εἶ,
1599 1019 1838 1071 κελευσόν

241 1131 304 1184 με
369 1115 498 1186 πρὸς
573 1114 630 1163 σε
699 1109 858 1163 ἐλθεῖν
932 1109 1016 1162 ἐπὶ
1067 1112 1133 1161 τὰ
1213 1105 1422 1161 ῦδαταο
1482 1106 1701 1160 ἐνταῦθα
1779 1104 1839 1160 δε

242 1202 426 1261 εὐθέως
478 1198 1000 1272 ἐπληροφορήθησαν,
1062 1195 1246 1260 ἐθάδες
1301 1197 1480 1249 λοιπὸν
1526 1201 1788 1268 γενόμενοι
1822 1212 1835 1227 °

239 1294 329 1342 καὶ
354 1294 468 1342 τότε
501 1292 591 1361 μὲν
621 1287 714 1340 οῦκ
745 1287 994 1340 ἐκόπασεν
1027 1289 1052 1340 6
1083 1288 1268 1358 ἄνεμος
1294 1287 1454 1361 ἄχρις
1496 1285 1556 1337 ἂν
1605 1285 1837 1345 εἰσῆλθεν

241 1377 308 1438 εἰς
363 1381 418 1429 τὸ
478 1376 674 1430 πλοῖονο
747 1385 836 1429 νῦν
895 1373 954 1430 δι
1019 1381 1350 1448 φωνήσαντος
1406 1379 1580 1448 μόνον,
1639 1374 1835 1445 γαλήνη

238 1471 414 1538 γέγονε
445 1480 456 1495 ·
494 1471 580 1518 καὶ
609 1463 734 1519 οῦδὲ
754 1465 986 1526 εἰσῆλθεν
1017 1465 1085 1526 εἰς
1112 1469 1171 1518 16
1201 1463 1395 1532 πλοῖον,
1445 1463 1572 1516 ἀλλὰ
1599 1463 1838 1517 θελόντων

239 1555 410 1609 λαϐεῖν
435 1556 612 1622 αὐτὸν,
643 1556 768 1608 αῦτό
799 1575 852 1609 τε
893 1555 966 1618 εἰς
1009 1560 1103 1614 τήν
1145 1562 1243 1626 γῆν
1289 1553 1488 1623 ἐξῆλθε,
1540 1559 1630 1606 καὶ
1687 1554 1839 1615 αὐτὸς

241 1644 410 1698 ὀπίσω
437 1645 616 1700 αὐτοῦ.

308 1743 381 1808 Τῇ
435 1733 678 1810 ἐπαύριον
727 1765 792 1776 -—
843 1735 1070 1793 Ἰησοῦν.
1127 1732 1328 1805 ’Ὁχλον
1377 1732 1634 1790 έστηκότα
1680 1736 1838 1806 πέραν
1872 1747 1916 1802 Β

237 1832 329 1885 τῆς
405 1823 672 1885 θαλάσσης
722 1823 857 1896 λέγει
920 1827 1042 1884 τοὺς
1094 1822 1328 1883 ἐλθόντας
1380 1821 1616 1896 ἁρπάσαι
1658 1821 1832 1888 αὐτὸν,

239 1917 323 1966 ἱνα
402 1920 700 1971 ποιήσωσιν
769 1913 922 1966 αὐτὸν
982 1912 1222 1968 ϐασιλέα.
1297 1913 1379 1969 Μή
1446 1913 1667 1985 εὑρόντες
1734 1914 1834 1986 γὰρ

239 2003 414 2072 αὐτὸν,
482 2003 691 2054 ἵσταντο
750 2001 800 2054 ἐν
870 2009 942 2071 τῷ
1001 2000 1240 2072 αἰγιαλῷ,
1324 1997 1741 2071 διαλογιζόμενοι
1787 2003 1837 2050 τί

238 2095 435 2162 γέγονε.
501 2098 647 2143 Δοκεῖ
698 2087 784 2142 οὖν
855 2089 1097 2142 ἐλλείπειν
1171 2091 1196 2141 6
1251 2088 1422 2160 λόγος.
1506 2093 1677 2147 Μήπω
1737 2089 1836 2160 γὰρ

243 2177 551 2240 ἀναπαύσας
617 2187 797 2231 τοῦτον
854 2180 880 2230 6
939 2177 1333 2250 εὐαγγελιστης,
1394 2173 1546 2238 αὖθις
1601 2177 1837 2252 ἑτέρωθεν

242 2267 456 2341 ἤρξατο,
517 2267 690 2320 εἰπών·
753 2266 874 2320 Ὀτι
930 2264 1018 2320 οῦν
1077 2264 1212 2320 εἶδεν
1267 2269 1292 2319 6
1359 2266 1514 2338 ὄχλος
1586 2270 1665 2319 ὅτι
1739 2266 1840 2323 Ἰη-

245 2363 369 2418 σοῦς
400 2356 493 2408 οῦκ
523 2359 664 2408 ἔστιν
693 2355 816 2426 ἐκεῖ,
856 2362 946 2410 καὶ
973 2359 1037 2410 τα
1069 2356 1208 2420 ἑξῆς.
1240 2363 1434 2429 Σχῆμα
1458 2353 1517 2409 δέ
1546 2354 1659 2408 ἐστι
1688 2363 1840 2408 τοῦτο

245 2451 500 2518 συντομία
510 2466 547 2507 ς.

313 2538 382 2586 T6
442 2531 520 2600 dii,
584 2534 744 2586 ’Λλλα
799 2531 857 2588 δε
925 2531 1048 2592 ἦλθε
1103 2533 1352 2608 πλοιάρια
1411 2532 1467 2586 ἐκ
1534 2529 1842 2608 Τιϐεριάδος

243 2622 394 2694 ἐγγύς
472 2631 564 2676 τοῦ
623 2627 805 2689 τόπον,
873 2625 1002 2676 ὅπου
1077 2626 1265 2695 ἔφαγον
1340 2626 1427 2675 τόν
1505 2623 1683 2696 οἷρτον,
1765 2621 1842 2674 εύ·

241 2717 678 2786 χαριστήσαντος
730 2720 822 2764 τοῦ
874 2716 1065 2785 Κυρίου
1117 2712 1256 2782 (39),
1305 2710 1655 2783 μεταξυλογία
1707 2709 1844 2763 ἐστὶν

244 2802 315 2863 εἰς
364 2798 597 2859 δήλωσιν
639 2809 730 2854 τοῦ
775 2802 986 2875 ὕστερον
1030 2797 1191 2853 ἐλθεῖν
1249 2799 1399 2855 αὐτά.
1460 2805 1593 2860 Τέως
1649 2796 1700 2852 δ’
1757 2796 1845 2852 οὖν

244 2889 642 2966 ἐξαπορηθέντες
728 2891 1071 2942 ὑπώπτευσαν
1134 2891 1215 2941 ὅτι
1289 2888 1561 2950 ἐπέζευσεν
1621 2887 1704 2940 ἐπὶ
1754 2897 1849 2950 τῆς

248 2978 545 3040 θαλάσσης.
615 2981 711 3032 Διὰ
763 2987 917 3032 τοῦτο
972 2981 1075 3051 γὰρ
1133 2983 1223 3030 καὶ
1285 2975 1438 3036 ἦλθον
1511 2978 1584 3038 εἰς
1638 2984 1846 3049 Καπερ-

244 3072 409 3138 ναοὺμ
448 3072 721 3130 ζητοῦντες
751 3067 904 3120 αὐτὸν
938 3086 951 3100 ο
986 3070 1090 3119 ἐκεῖ
1136 3068 1235 3139 γὰρ
1277 3071 1341 3120 τὰ
1369 3065 1531 3118 πολλὰ
1561 3063 1846 3139 διατρίϐειν
1879 3094 1920 3150 G

245 3155 433 3208 εἰώθει.

317 3248 416 3296 Καὶ
484 3245 715 3318 εὑρόντες
775 3274 839 3284 -—
896 3242 1294 3314 γέγοναςςούκ
1360 3247 1641 3317 ηρώτησαν
1694 3240 1847 3294 αὐτόν

244 3342 346 3393 πῶς
378 3329 550 3395 διέϐη,
587 3334 670 3384 ἱνα
710 3337 768 3384 16
807 3328 1110 3390 τηλικοῦτον
1154 3338 1368 3403 σημεῖον
1409 3333 1668 3404 μάθωσιν,
1727 3327 1850 3382 οὐδε

241 3426 358 3495 περὶ
416 3429 506 3482 τῆς
577 3419 852 3492 βασιλείας
927 3417 1088 3487 εἶπον,
1160 3419 1289 3472 ἀλλὰ
1361 3428 1529 3472 ταῦτα
1608 3423 1850 3492 παρέντες

242 3510 466 3585 ἤρξαντο
538 3509 852 3576 κολακεύειν,
913 3509 1158 3581 λέγοντες·
1222 3513 1355 3562 Πότε
1419 3505 1508 3561 οῦν
1568 3511 1679 3578 (40)
1745 3503 1848 3558 ὧδε

243 3604 616 3672 παραγέγονας,
728 3598 896 3652 λαθών
1005 3599 1143 3671 ἡμᾶς
1238 3601 1362 3660 τούς
1441 3596 1848 3671 ἐκκρεμαμένους

246 3705 378 3756 σου;
432 3687 764 3740 Ἐκολάκευον
814 3685 896 3756 δέ,
978 3689 1062 3740 ἵνα
1131 3687 1285 3740 πάλιν
1336 3687 1597 3763 τράπεζαν
1676 3685 1849 3746 αὐτοῖς

242 3779 562 3853 παραθήσει.
634 3777 808 3841 Ἀπαξ
877 3779 980 3849 γὰρ
1055 3776 1452 3849 ἐμπλησθέντες,
1523 3781 1613 3828 καὶ
1669 3775 1848 3828 λοιπόν

241 3867 658 3940 λιχνευσάμενοι,
679 3867 840 3919 τᾶλλα
863 3869 1030 3919 πάντα
1045 3863 1262 3942 δεύτερα
1286 3865 1541 3938 ἐνόμιζον,
1568 3865 1643 3918 Ού
1663 3868 1848 3925 πάντες

243 3953 302 4010 δε
331 3953 466 4016 ἦσαν
497 3954 563 4008 τὰ
589 3963 808 4009 τοιαῦτα
833 3955 1288 4028 ἐξαμαρτάνοντες.
1337 3961 1504 4030 Πέραν
1539 3952 1599 4008 δε
1646 3955 1847 4026 λέγεται

243 4045 482 4121 ἑκάτερον
542 4055 641 4098 τών
690 4045 767 4098 ἐπ’
813 4045 1013 4108 εὐθείας
1067 4044 1422 4118 ἀντικειμένων
1470 4046 1704 4116 περάτων
1751 4053 1848 4105 τῆς

244 4136 534 4202 θαλάσσης,
569 4132 852 4196 δηλοῦντος
894 4143 984 4187 τοῦ
1031 4137 1265 4188 τοιούτου
1316 4134 1563 4206 ὀνόματος
1615 4141 1702 4184 νῦν
1755 4136 1845 4204 μεν

241 4233 414 4292 τοῦτο,
442 4233 530 4276 νῦν
563 4221 622 4278 δε
648 4223 832 4280 ἐκεῖνο.

313 4403 594 4476 Ἀπεκρίθη
669 4431 739 4444 -
811 4401 1192 4476 ἐχορτάσθητε.
1275 4400 1348 4455 T6
1427 4402 1686 4472 προσηνὴς
1756 4403 1845 4451 καὶ

245 4490 434 4562 ὁμαλὸν
465 4491 524 4543 ού
554 4499 830 4563 πανταχοῦ
868 4496 1164 4566 χρήσιμον,
1216 4487 1326 4541 ἀλλ’
1367 4491 1484 4541 ὅταν
1533 4490 1557 4540 6
1606 4489 1844 4560 μαθητής

243 4584 426 4653 παχύς
468 4584 545 4639 εἴη
577 4586 667 4634 καὶ
695 4583 878 4651 νωθής,
929 4587 1045 4632 τότε
1087 4584 1298 4652 κέντρου
1356 4583 1518 4654 χρεία
1569 4587 1639 4648 τῷ
1691 4574 1844 4630 διδα-

248 4671 442 4742 σκάλῳ,
510 4676 598 4723 καὶ
662 4670 818 4741 λόγου
880 4669 1302 4742 πληκτικωτέρου
1373 4672 1499 4740 πρὸς
1577 4672 1636 4720 τὸ
1699 4669 1845 4720 καθι-

242 4762 428 4813 κεσθαι
461 4764 551 4812 καὶ
605 4756 858 4830 διεγεῖραι
905 4758 1082 4822 αὑτὸν,
1129 4759 1250 4830 ὅπερ
1296 4759 1321 4808 6
1369 4757 1572 4817 Ἰησοῦς
1625 4755 1846 4808 ἐνταῦθα

1878 4447 1922 4501 D

242 4855 538 4913 πεποίηκεν,
607 4848 717 4920 οἶμα
763 4851 852 4920 μεν
906 4846 1222 4906 ἐπιπλήττων
1275 4847 1451 4909 αὐτοῖς
1507 4849 1576 4908 ὡς
1613 4846 1838 4917 κόλαξιν,

243 4940 354 5012 οἶμα
412 4936 470 4992 δι
522 4943 612 4990 καὶ
671 4942 764 4996 τήν
821 4943 1032 5009 γνώμην
1099 4935 1267 4988 αὐτῶν
1334 4935 1706 4988 ἀνακαλύπτων
1758 4941 1847 4988 καὶ

245 5027 598 5101 ἀμφοτέρωθεν
675 5025 860 5088 αύτούς
921 5022 1309 5101 διορθούμενος.
1373 5029 1526 5097 Λέγει
1585 5027 1710 5100 γὰρ,
1769 5026 1848 5078 ὅτι

319 5207 364 5241 ¹³
390 5204 588 5262 Matth.
622 5207 863 5272 x1v,27.
941 5205 988 5241 ¹⁴
1029 5203 1170 5262 Ibid.
1212 5207 1302 5262 28.

1309 263 1675 322 COMMENT.
1715 262 1790 320 IN
1827 262 2176 321 JOANNEM.
2218 294 2283 306 —
2324 262 2483 320 CAP.
2516 260 2607 317 VI.

3463 256 3600 315 1242

1948 389 2103 446 sicut
2121 389 2220 446 hic
2251 387 2489 461 scripsit
2519 404 2533 456 ;
2562 387 2704 445 etin
2731 387 2828 444 illa
2851 386 3088 462 quidem
3113 382 3601 444 deambulatione

1948 479 2257 535 exterritos
2299 477 2630 550 discipulos
2662 478 3058 544 exclamasse,
3088 477 3147 531 in
3172 475 3286 531 hac
3324 490 3466 530 vero
3511 490 3602 529 so-

1947 567 2073 624 lum
2110 567 2400 638 timuisse,
2432 567 2595 639 quod
2621 567 2796 623 timor
2819 567 2944 637 jam
2976 564 3358 622 assuetudine
3406 562 3604 618 minor

1947 655 2141 712 fuerit.
2172 659 2241 712 Et
2273 656 2352 712 ibi
2381 672 2519 712 cum
2549 656 2795 712 dixisset
2828 672 2841 711 :
2876 657 2994 726 Ego
3024 670 3170 718 sum,
3219 653 3394 708 nolite
3443 652 3604 708 time-

1948 762 2012 803 re
2053 747 2122 810 1³,
2155 745 2426 801 nondum
2463 745 2740 801 certiores
2772 746 2958 800 factos
2989 743 3190 814 fuisse,
3223 741 3480 814 ideoque
3503 742 3601 797 Pe-

1949 843 2072 894 trus
2098 838 2336 893 dicebat
2363 854 2375 892 :
2404 839 2660 900 Domine,
2689 835 2742 891 si
2767 842 2828 890 tu
2856 851 2932 900 es,
2974 834 3121 904 jube
3154 840 3216 889 ut
3247 847 3349 902 ego
3379 832 3600 888 veniam

1947 928 2024 983 ad
2067 934 2122 984 te
2170 942 2341 998 super
2381 941 2564 998 aquas
2621 926 2711 996 1‘;
2778 924 2872 980 hic
2916 929 3108 980 autem
3163 921 3437 995 protinus
3477 935 3607 975 cer-

1949 1016 2124 1072 tiores
2179 1015 2365 1073 factos
2421 1031 2574 1080 esse,
2623 1014 2784 1086 quod
2831 1013 2959 1085 jam
3003 1012 3223 1068 assueti
3266 1013 3479 1068 essent.
3540 1011 3606 1066 Et

1948 1113 2089 1162 tunc
2158 1121 2275 1160 non
2331 1104 2559 1177 quievit
2616 1108 2826 1159 ventus
2895 1102 3090 1158 donec
3165 1101 3468 1173 ingressus
3517 1114 3608 1154 es-

1948 1199 2036 1250 set
2077 1194 2139 1251 in
2196 1193 2450 1260 navim;
2506 1209 2668 1248 nunc
2718 1208 2859 1248 vero
2930 1191 3032 1248 ubi
3080 1195 3314 1247 tantum
3369 1189 3606 1246 locutus

1947 1288 2054 1352 est,
2086 1283 2242 1340 facta
2271 1289 2359 1340 est
2389 1281 2808 1355 tranquillitas,
2847 1286 2902 1338 et
2923 1297 2992 1336 ne
3009 1279 3212 1337 navim
3241 1278 3485 1352 quidem
3519 1278 3607 1334 in-

1947 1388 2188 1444 gressus
2217 1378 2320 1438 est,
2367 1371 2474 1428 sed
2503 1387 2641 1428 cum
2681 1371 2894 1426 vellent
2925 1387 3063 1426 eum
3103 1369 3163 1426 in
3216 1368 3416 1425 navim
3455 1365 3607 1424 acci-

1947 1466 2365 1546 pere,repente
2390 1461 2561 1518 navis
2583 1459 2937 1534 pervenitad
2970 1463 3207 1525 terram,
3236 1463 3294 1514 et
3313 1457 3442 1530 ipse
3474 1460 3606 1529 post

1947 1549 2133 1606 lllam.

2019 1731 2176 1784 Vers.
2219 1732 2306 1784 2'2.
2329 1726 2611 1799 Sequenti
2633 1728 2721 1783 die
2758 1759 2824 1768 —
2856 1728 3018 1782 Vers.
3060 1729 3148 1782 24.
3193 1725 3409 1781 Iesum.
3465 1724 3612 1781 Tur-

1947 1819 2106 1885 bam,
2135 1834 2271 1888 qum
2302 1817 2494 1872 stabat
2526 1817 2604 1872 ad
2637 1833 2818 1885 mare,
2851 1816 2994 1871 dicit
3015 1831 3118 1870 eos
3148 1815 3251 1888 qui
3299 1819 3608 1882 venerant,

1950 1913 2011 1963 ut
2040 1913 2275 1979 raptum
2310 1906 2502 1977 ipsum
2531 1911 2798 1962 crearent
2822 1921 3064 1974 regem:
3099 1921 3240 1960 nam
3277 1921 3415 1960 cum
3439 1903 3606 1960 illum

1948 2013 2068 2053 non
2100 1995 2487 2062 invenissent,
2513 1995 2755 2052 stabant
2775 1997 2832 2050 in
2862 1995 3053 2050 littore
3074 1994 3426 2063 cogitantes,
3458 1992 3608 2066 quid

1948 2093 2150 2142 actum
2177 2091 2349 2140 esset.
2380 2085 2622 2140 Videtur
2647 2101 2789 2154 ergo
2814 2101 3068 2141 mancus
3097 2100 3225 2139 esse
3255 2083 3347 2139 hic
3375 2097 3606 2147 sermo;

1950 2192 2090 2232 nam
2123 2191 2252 2230 cum
2280 2173 2447 2230 illum
2481 2175 2751 2229 nondum
2779 2175 3087 2247 quiescere
3117 2172 3323 2228 fecerit
3359 2185 3612 2240 evange-

1948 2263 2102 2327 lista,
2131 2279 2337 2317 rursus
2359 2261 2833 2334 aliundeincepit
2854 2262 3058 2318 dicens
3095 2279 3108 2317 :
3157 2261 3263 2318 Ubi
3285 2275 3427 2330 ergo
3463 2259 3607 2316 vidit

1951 2353 2150 2419 turba,
2165 2351 2324 2423 quod
2341 2351 2503 2407 Jesus
2517 2368 2635 2408 non
2652 2357 2795 2408 esset
2823 2351 2927 2418 ibi,
2962 2354 3017 2407 et
3028 2353 3256 2407 caetera.
3287 2350 3384 2405 Est
3413 2355 3608 2405 autem

1951 2442 2143 2498 forma
2182 2441 2306 2497 haec
2336 2441 2821 2497 abbreviationis.

2025 2531 2194 2597 Quod
2237 2535 2436 2588 autem
2464 2532 2730 2603 sequitur
2760 2531 2950 2586 :Aliaa
2989 2544 3126 2587 vero
3153 2532 3610 2599 supervenerant

1953 2621 2240 2677 naviculas
2263 2635 2298 2676 α
2332 2619 2642 2676 Tiberiade
2655 2623 2846 2690 juxta
2878 2621 3088 2682 locum.
3110 2618 3211 2674 ubi
3233 2618 3610 2675 comederunt

1952 2717 2506 2781 panem,postquam
2548 2713 2782 2778 gratias
2823 2715 3020 2779 egerat
3046 2711 3348 2772 Dominus,
3376 2705 3613 2763 interlo-

1957 2802 2114 2856 cutio
2145 2805 2233 2855 est
2271 2799 2348 2856 ad
2377 2798 2867 2868 signiﬁcandum,
2889 2797 3052 2870 quod
3085 2795 3472 2870 postmodum
3501 2796 3614 2852 illae

1958 2891 2226 2944 venerint
2250 2908 2260 2944 :
2296 2888 2541 2944 tandem
2556 2889 2712 2944 enim
2733 2887 3120 2959 desperantes
3144 2886 3433 2958 suspicati
3453 2889 3612 2950 sunt,

1956 2979 2119 3051 quod
2153 2977 2409 3050 pedestri
2444 2979 2650 3033 itinere
2676 2977 2836 3033 circa
2870 2993 3034 3032 mare
3073 2978 3317 3033 abiisset
3349 2992 3363 3041 ;
3392 2976 3526 3032 ideo
3559 2979 3617 3031 et

1958 3066 2065 3138 ipsi
2099 3070 2766 3136 veneruntCapernaum
2788 3070 3118 3136 quaerentes
3144 3081 3283 3120 eum
3319 3080 3498 3120 :nam
3532 3063 3616 3120 ibi

1962 3155 2273 3227 plurimum
2306 3154 2586 3208 diversari
2620 3154 2870 3209 solebat.

2032 3247 2190 3298 Vers.
2218 3243 2307 3298 25.
2335 3242 2592 3312 Cumque
2607 3243 2964 3299 invenissent
2999 3274 3060 3282 —
3087 3242 3346 3299 venisti?
3375 3245 3501 3298 Non
3530 3241 3620 3298 in-

1961 3337 2408 3402 terrogaverunt
2451 3347 2590 3386 eum
2636 3331 2939 3404 quomodo
2981 3332 3257 3396 venisset,
3283 3335 3346 3387 ut
3384 3336 3616 3386 tantum

1961 3422 2202 3492 signum
2234 3420 2549 3484 discerent,
2583 3436 2780 3492 neque
2819 3419 2893 3475 de
2946 3435 3132 3489 regno
3172 3420 3468 3484 dixerunt,
3510 3419 3617 3476 sed

1958 3512 2051 3568 his
2099 3512 2311 3567 relictis
2341 3515 2653 3583 cmperunt
2698 3510 2982 3566 assentari
3034 3510 3299 3565 dicentes
3331 3526 3347 3564 :
3381 3508 3619 3576 Quando

1960 3601 2072 3658 huc
2111 3602 2340 3667 venisti,
2361 3615 2667 3670 ignorans,
2695 3598 2862 3672 quod
2897 3615 3007 3654 nos
3037 3615 3074 3654 a
3103 3605 3157 3655 te
3186 3598 3618 3670 penderemus?

1958 3690 2424 3748 Assentabantur
2451 3695 2675 3753 autem,
2697 3693 2760 3744 ut
2785 3703 3058 3745 mensam
3086 3689 3297 3744 iterum
3321 3689 3404 3745 eis
3431 3704 3621 3761 appo-

1957 3786 2116 3837 neret
2154 3797 2166 3835 :
2205 3795 2348 3834 nam
2399 3778 2585 3834 semel
2637 3778 2853 3844 satiati,
2891 3785 2946 3833 et
2983 3777 3348 3847 ligurientes,
3393 3778 3622 3834 caeteris

1957 3869 2238 3925 omnibus
2259 3869 2514 3941 (rr)jam
2542 3868 2940 3938 consumptis,
2970 3867 3045 3923 de
3068 3867 3440 3924 secundariis
3464 3867 3623 3938 cogi-

1956 3959 2165 4014 tabant
2198 3975 2210 4012 :
2245 3974 2592 4030 quanquam
2637 3973 2753 4014 non
2783 3973 2994 4014 omnes
3045 3957 3103 4012 in
3151 3958 3440 4013 similibus
3480 3956 3623 4012 deli-

1955 4054 2232 4120 querant.
2268 4053 2430 4122 Πιέραν
2471 4063 2611 4102 vero
2647 4047 2823 4118 (sicut
2862 4053 2918 4101 et
2952 4053 3124 4102 trans
3159 4047 3379 4112 Latine)
3407 4046 3623 4102 dicitur

1955 4135 2028 4190 de
2058 4140 2309 4206 utroque
2338 4136 2726 4190 terminorum
2747 4134 2928 4189 maris
2955 4134 3617 4205 directeoppositorum,

1956 4223 2329 4292 signiﬁcante
2367 4223 2710 4294 hujusmodi
2754 4221 3040 4278 vocabulo
3079 4238 3238 4278 nunc
3286 4221 3400 4278 hoc
3433 4219 3616 4285 littus,

1956 4327 2112 4366 nunc
2157 4328 2298 4366 vero
2340 4312 2512 4366 illud.

2027 4401 2188 4454 Vers.
2224 4399 2312 4454 26.
2361 4399 2660 4471 Respondit
2695 4430 2760 4440 ——
2818 4401 3072 4455 saturati
3100 4399 3249 4455 estis.
3269 4401 3388 4455 Non
3443 4413 3624 4470 expe-

1959 4489 2063 4554 dit,
2099 4489 2314 4561 ubique
2351 4493 2729 4544 mansuetum
2788 4504 2920 4543 esse
2971 4503 3040 4542 ac
3072 4487 3288 4555 lenem,
3342 4487 3447 4544 sed
3483 4503 3622 4544 cum

1957 4577 2286 4649 discipulus
2303 4593 2545 4633 crassus
2561 4593 2631 4632 ac
2660 4577 2858 4645 segnis
2889 4575 3080 4642 fuerit,
3106 4581 3242 4632 tunc
3273 4577 3622 4648 prmeeptori

1957 4683 2110 4738 opus
2136 4673 2224 4722 est
2257 4665 2501 4720 stimulo
2532 4682 2602 4721 ac
2631 4681 2906 4720 sermone
2948 4664 3356 4736 objurgatorio
3387 4665 3465 4722 ad
3498 4671 3622 4722 tan-

1956 4756 2220 4826 gendum
2273 4761 2326 4811 el
2371 4754 2750 4810 excitandum
2793 4753 2970 4817 illum.
3006 4754 3172 4826 quod
3215 4755 3311 4810 hic
3356 4754 3490 4810 fecit
3534 4757 3624 4810 Je-

1956 4863 2056 4900 sus
2087 4865 2098 4904 :
2137 4844 2314 4900 simul
2343 4843 2581 4916 quidem
2615 4843 2934 4916 increpans
2959 4859 3064 4898 eos
3083 4848 3372 4915 tauquam
3420 4859 3624 4899 assen-

1958 4941 2195 4998 tatores,
2251 4933 2428 4989 simul
2484 4933 2664 4988 etiam
2716 4939 2976 4988 mentem
3045 4948 3253 4988 eorum
3316 4931 3620 5003 detegens,

1958 5030 2015 5082 et
2065 5024 2341 5096 utrinque
2399 5021 2524 5079 illos
2565 5021 2886 5092 corrigens.
2945 5021 3034 5077 Ait
3091 5021 3305 5078 enim:
3352 5020 3622 5088 Quaeritis

1444 5319 1670 5391 Variae
1705 5319 2040 5390 lectiones
2077 5329 2144 5388 et
2196 5328 2397 5388 notae.

317 5518 431 5593 (39)
475 5517 671 5586 Ἰησοῦ,
713 5531 824 5590 pro
855 5518 1075 5590 Κυρίου,
1109 5522 1172 5571 Δ.

2031 5518 2123 5588 40)
2165 5512 2270 5570 Οὖν
2318 5514 2492 5572 abest
2522 5515 2588 5571 Δ.

319 5661 433 5733 (rr)
461 5659 730 5717 Crastsris
757 5657 1046 5716 omnibus.
1083 5659 1147 5713 Et
1186 5657 1413 5733 reliqua
1444 5659 1642 5716 omnia
1685 5658 1966 5726 secunda,
1991 5658 2074 5732 (id
2103 5659 2214 5730 est)
2248 5656 2530 5716 inferiora
2555 5657 2905 5716 censebant.
2930 5659 3045 5714 Nec
3073 5660 3273 5712 tamen
3300 5667 3532 5712 omnes.
