4098 6456
576 283 716 345 i239

647 415 810 470 Vers.
850 416 932 470 its.
962 411 1212 472 Jesus—
1235 412 1417 470 solus.
1446 409 1626 486 Papae
1663 411 1676 470 1
1709 414 1934 485 quanta
1955 415 2043 466 est
2092 407 2241 481 gulaa
2279 403 2324 462 Α

577 503 1113 577 tyrannis,quanta
1137 511 1224 560 est
1245 505 1460 560 mentis
1476 502 1724 559 istorum
1743 502 1948 557 levitas
1967 517 2034 556 ac
2056 506 2243 556 muta-

578 593 774 650 bilitas
803 594 831 650 τ
861 594 1087 666 repleto
1135 594 1293 649 enim
1352 599 1550 648 ventre
1594 593 1799 648 omnia
1852 591 1965 647 illis
2010 596 2154 653 erat,
2187 594 2245 645 et

576 682 867 758 propheta
906 687 961 739 et
1012 699 1198 756 regno
1255 682 1498 756 dignus.
1555 682 1821 737 Christus
1881 696 2024 736 vero
2074 681 2238 749 fugit,

577 773 901 830 ostendens
947 771 1258 841 fugiendas
1287 789 1419 829 esse
1467 772 1785 844 dignitates
1817 772 2140 836 humanas,
2176 785 2244 825 ac

580 868 846 918 terrenos
894 862 1173 926 honores,
1231 867 1286 918 et
1336 862 1752 933 despiciendas
1793 876 1918 916 esse
1963 877 2094 934 qua:
2147 859 2243 915 hic

580 952 736 1008 clara
776 955 934 1006 sunt.

653 1040 830 1113 Atqui
863 1040 1148 1112 prOpheta
1187 1041 1334 1096 dixit
1382 1059 1393 1096 :
1429 1042 1574 1096 Ecce
1630 1056 1738 1098 rex
1771 1048 1906 1094 tuus
1943 1040 2101 1096 venit
2133 1039 2247 1094 tibi

579 1137 910 1186 mansuetus
933 1130 974 1182 ⁸.
998 1129 1111 1185 Sed
1135 1146 1384 1201 regnum
1417 1130 1565 1185 dixit
1590 1130 1843 1194 caeleste,
1871 1130 1945 1184 de
1972 1145 2093 1201 quo
2120 1128 2246 1200 ipse

580 1234 825 1347 $1.:qu
860 1217 1129 1275 Christus
1155 1220 1234 1275 ait
1267 1239 1278 1278 :
1311 1219 1555 1292 Regnum
1580 1235 1767 1276 meum
1799 1235 1908 1274 non
1928 1224 2007 1275 est
2036 1233 2111 1274 ex
2140 1217 2246 1273 hoc

869 1467 1024 1525 CAP.
1054 1469 1140 1523 IX.
1187 1468 1263 1523 De
1287 1466 1668 1524 ambulatione
1705 1468 1764 1522 in
1791 1468 1955 1522 mari.

657 1559 823 1612 Vers.
881 1559 964 1612 t6.
1022 1558 1087 1612 At
1143 1556 1241 1611 ubi
1283 1587 1347 1597 —
1381 1554 1544 1611 Vers.
1607 1561 1688 1611 t7.
1735 1558 2122 1626 Capernaum.
2167 1557 2242 1611 De

583 1646 943 1702 scanderunt
973 1660 1093 1701 non
1117 1650 1331 1716 sponte
1367 1660 1500 1710 sua,
1528 1644 1629 1700 sed
1659 1644 1736 1700 ab
1754 1660 1824 1699 eo
1845 1645 2054 1699 coacti.
2092 1644 2245 1699 Dixit

583 1736 741 1791 enim
783 1735 1089 1791 Mattheus
1137 1734 1423 1807 praedicto
1474 1733 1759 1789 vicesimo
1798 1739 1963 1789 sexto
1995 1734 2182 1802 capite
2223 1751 2235 1789 :

583 1826 901 1896 Statimque
941 1824 1220 1893 compulit
1275 1825 1435 1880 Iesus
1463 1821 1785 1893 discipulos,
1823 1830 1884 1877 ut
1920 1823 2244 1877 conscende-

584 1922 710 1971 rent
723 1915 1021 1984 navigium
1036 1919 1086 1967 et
1104 1929 1158 1969 se
1171 1913 1552 1984 prec-ederent
1575 1915 1636 1968 in
1660 1914 1996 1968 ulteriorem
2025 1914 2240 1978 ripam.

585 2004 764 2059 donec
801 2003 1098 2058 dimisisset
1140 2003 1340 2057 turbas
1370 2020 1382 2057 :
1416 2019 1653 2074 cumque
1677 2003 1987 2058 dimisisset
2017 2002 2240 2065 turbas,

585 2093 846 2148 ascendit
875 2093 937 2148 in
986 2099 1228 2148 montem
1269 2095 1500 2148 seorsim
1559 2092 1637 2147 ad
1688 2093 1998 2147 orandum.
2065 2089 2241 2147 Facta

584 2189 778 2238 autem
816 2195 1057 2252 vespera
1097 2183 1252 2239 solus
1291 2189 1416 2238 erat
1458 2182 1584 2238 illic
1614 2183 1679 2234 ιο.

657 2363 876 2417 ﬂorum
909 2360 1178 2417 omnium
1213 2375 1431 2416 causas
1461 2359 1540 2416 ibi
1564 2359 2060 2428 significavimus,
2100 2363 2154 2416 et
2182 2361 2245 2415 il-

584 2451 673 2506 las
699 2451 846 2520 lege.
880 2450 1122 2506 Attende
1140 2465 1277 2505 vero
1299 2449 1463 2522 quod
1493 2459 1812 2521 postquam
1843 2449 2049 2504 turbas
2073 2449 2245 2505 dimi-

583 2539 776 2605 sisset,
809 2555 946 2595 cum
979 2545 1218 2611 stupore
1264 2540 1493 2609 signum
1528 2539 1804 2594 admirati
1839 2545 1996 2601 sunt,
2031 2539 2133 2595 ubi
2165 2539 2240 2595 ad

584 2645 646 2685 se
686 2636 881 2684 mente
911 2628 1247 2691 rediissent,
1297 2634 1353 2683 et
1384 2627 1595 2682 reverti
1630 2628 2021 2683 decreverunt
2052 2644 2120 2684 ac
2151 2645 2240 2685 ra-

583 2733 724 2790 pere
753 2734 913 2787 eum,
943 2722 1007 2773 ut
1037 2722 1304 2772 crearent
1334 2717 1534 2789 ipsum
1568 2731 1787 2787 regem.

659 2895 820 2951 Vers.
851 2897 936 2950 t7.
961 2896 1035 2950 Et
1051 2895 1179 2965 jam
1205 2893 1467 2950 tenebrae.
1499 2895 1745 2949 —-Vers.
1778 2898 1865 2949 2t.
1901 2895 2084 2950 ibant.
2115 2897 2244 2951 Non

584 2987 823 3042 venerat
846 2985 924 3040 ad
969 3000 1080 3049 eos,
1115 2983 1228 3039 hoc
1257 2991 1365 3048 est,
1400 2999 1518 3039 non
1559 2992 1920 3056 apparuerat
1946 2985 2050 3049 eis,
2093 2985 2244 3040 sicut

583 3072 972 3145 postmodum
1032 3073 1188 3140 fecit,
1243 3071 1346 3127 sed
1413 3074 1680 3138 permisit
1737 3089 1840 3128 eos
1894 3074 2124 3129 tentari.
2179 3075 2241 3128 ln

585 3163 703 3218 ﬁne
760 3169 958 3218 autem
1022 3162 1464 3236 prrememorati
1527 3163 1791 3219 vicesimi
1842 3163 1986 3218 sexti
2032 3163 2241 3236 capitis

586 3252 884 3322 Evangelii
943 3251 1274 3308 secundum
1331 3251 1684 3315 Matthmum,
1741 3258 1800 3308 et
1830 3253 2114 3308 vicesimo
2158 3269 2245 3307 se-

583 3342 772 3414 ptimo
823 3342 897 3398 de
945 3342 1040 3398 his
1083 3341 1367 3398 omnibus
1410 3341 1691 3397 invenies.
1749 3343 1887 3408 Quae
1954 3359 2089 3398 vere
2154 3358 2244 3398 se-

581 3438 868 3503 quuntur,
902 3430 1576 3502 praetermisitJoannes,
1608 3436 1806 3503 utpote
1841 3431 1918 3486 ab
1948 3430 2076 3486 aliis
2106 3446 2246 3487 con-

583 3519 822 3591 scripta.
872 3519 1076 3591 Itaque
1105 3533 1177 3575 ea
1235 3517 1461 3582 scribit,
1502 3534 1636 3590 qua:
1694 3519 1766 3574 ab
1826 3519 1955 3573 aliis
2016 3519 2247 3575 omissa

586 3614 773 3664 erant.

656 3697 774 3752 Nos
815 3711 958 3765 ergo
1014 3695 1162 3750 alios
1210 3700 1584 3751 enarratores
1625 3696 1830 3763 secuti,
1879 3677 2247 3752 ostendimus

584 3786 742 3842 hanc
790 3784 970 3840 fuisse
1027 3784 1575 3840 deambulationem
1634 3800 1812 3856 super
1856 3801 2019 3841 mare
2067 3803 2244 3858 quam

589 3875 894 3932 Mattheus
933 3878 987 3928 et
1018 3877 1244 3930 Marcus
1286 3874 1650 3946 scripserunt
1683 3877 1746 3930 ¹¹.

661 4052 1111 4125 Chrysostomus
1175 4066 1310 4107 vero
1362 4053 1705 4123 conjectans
1761 4054 1840 4110 ait
1873 4054 2029 4110 hanc
2068 4055 2246 4111 aliam

590 4143 774 4200 fuisse
795 4142 872 4198 ab
894 4141 993 4198 illa
1022 4158 1036 4197 :
1067 4141 1385 4197 verisimile
1409 4143 1566 4197 enim
1597 4158 1748 4206 ese,
1773 4145 1932 4216 quod
1966 4145 2062 4200 illa
2085 4147 2247 4217 prius

590 4231 781 4287 fuerit.
812 4230 1030 4287 Deinde
1063 4237 1192 4302 post
1220 4231 1446 4302 aliquot
1476 4231 1604 4286 dies
1636 4232 1821 4288 turbas
1860 4232 2251 4290 decreverunt

592 4325 653 4376 ut
673 4326 951 4394 raperent
975 4336 1134 4386 eum,
1161 4320 1339 4375 veluti
1388 4319 1616 4375 dictum
1652 4326 1741 4376 est
1793 4338 1810 4386 ;
1844 4338 1966 4394 quo
2014 4325 2250 4394 cognito

589 4426 796 4466 rursus
827 4409 1087 4466 Christus
1114 4410 1171 4464 in
1196 4414 1456 4464 montem
1486 4409 2246 4483 discessitcumdiscipulis,

590 4499 793 4573 ibique
819 4499 982 4555 solus
1014 4499 1270 4563 secessit,
1302 4501 1428 4553 sive
1457 4498 1515 4554 in
1557 4500 1751 4570 quiete
1780 4499 1886 4554 fuit
1929 4517 1942 4555 :
1980 4502 2254 4572 discipuli

596 4605 728 4645 vero
745 4589 882 4645 inde
906 4587 1343 4644 descenderunt
1356 4587 1429 4642 ad
1449 4603 1633 4649 mare,
1653 4587 1725 4641 de
1739 4587 1851 4643 hoc
1864 4589 1936 4643 ad
1949 4591 2175 4657 moniti,
2202 4597 2256 4647 et

593 4692 922 4732 conscensa
937 4677 1070 4732 navi
1089 4680 1375 4731 venerunt
1390 4678 1784 4746 Capernaum,
1804 4682 2094 4747 putantes,
2120 4695 2252 4734 eum

593 4765 854 4837 pedestri
892 4765 1090 4819 itinere
1123 4770 1440 4820 venturum
1474 4782 1486 4830 ;
1522 4763 1619 4817 sed
1649 4780 1888 4820 rursum
1922 4782 2041 4821 non
2075 4767 2256 4823 multo

594 4859 729 4926 post
758 4853 819 4908 in
851 4853 1001 4908 mari
1031 4853 1105 4907 ad
1129 4852 1257 4908 illos
1287 4853 1462 4908 venit.
1509 4852 1574 4906 Et
1604 4859 1846 4924 propter
1877 4855 2009 4920 hoc,
2044 4858 2254 4928 inquit.

594 4940 970 5011 Evangelista
994 4941 1073 4994 ait
1099 4943 1144 4976 ¹¹
1177 4957 1189 4997 ;
1225 4943 1300 4996 Et
1308 4944 1443 5011 jam
1476 4942 1720 4997 tenebrae
1739 4949 1926 5008 erant,
1961 4960 2063 5000 nec
2093 4961 2256 5001 vene-

595 5038 687 5087 rat
727 5030 906 5088 adeas
933 5029 1107 5096 Iesus,
1140 5045 1210 5086 ac
1232 5029 1516 5102 deinceps
1544 5030 1836 5086 accidisse
1851 5031 1992 5088 dicit
2010 5034 2256 5106 reliqua,

662 5227 683 5260 ⁸
710 5224 952 5284 Zachar.
976 5240 1058 5297 ix,
1095 5226 1149 5280 9.
1229 5227 1249 5262 ο
1281 5227 1454 5283 Joan.
1479 5239 1645 5292 xvm,
1680 5231 1766 5284 36.

1929 279 2271 341 EUTHYMII
2310 275 2635 336 ZIGABENI

1850 5229 1893 5264 '°
1927 5228 2124 5286 Matth.
2178 5245 2296 5299 xxv,
2324 5234 2413 5297 22,
2441 5235 2528 5287 23.

3775 275 3880 338 1240

2427 407 2630 465 Ἰησοῦς
2670 434 2738 444 —
2799 405 2973 475 μόνος.
3023 399 3187 456 Βαϐαί
3232 401 3246 459 i
3285 405 3426 460 πόση
3476 408 3562 463 τῆς
3611 422 3883 480 γαστριμαρ.

2351 501 2468 568 νίας
2516 497 2545 554 ἠ
2602 498 2836 566 τυραννίς
2879 492 3061 552 Ξπόση
3113 500 3206 554 τῆς
3257 488 3474 564 γνώμης
3517 495 3691 545 τούτων
3740 498 3763 553 ἡ
3817 498 3881 550 r5.

2355 583 2549 637 κολίαε
2605 590 2708 643 Τῆς
2760 585 2988 655 γαστρὸς
3045 584 3146 656 γὰρ
3201 580 3604 654 ἐμπλησθείσης,
3652 585 3796 634 πάντα
3838 583 3881 642 ἦν

2354 675 2530 735 αὐτοῖς
2581 672 2715 742 (36),
2772 677 2862 723 καὶ
2913 676 3200 746 προφήτης,
3242 675 3337 722 καὶ
3382 668 3644 742 βασιλείας
3682 671 3882 735 ἅξιος.“0

2355 760 2413 816 δε
2454 765 2684 834 Χριστὸς
2731 764 2927 834 φεύγει,
2975 757 3236 812 παιδεύων
3288 762 3492 832 φεύγειν
3542 758 3604 811 τοὶ
3647 759 3884 833 ἀνθρώπινα

2355 851 2626 923 ἀξιώματα
2676 854 2766 900 καὶ
2799 852 2887 909 τὰς
2933 851 3147 920 γηῖνους
3185 850 3346 920 τιμὰς
3375 853 3464 900 καὶ
3492 857 3792 922 καταφρονεῖν
3812 859 3882 902 τῶν

2354 940 2574 993 ἱνταὺθα
2595 939 2867 1012 λαμπρῶν.

2429 1032 2528 1086 Καὶ
2583 1033 2685 1100 μὴν
2744 1030 2769 1079 ὁ
2824 1031 3094 1099 προφήτης
3165 1023 3323 1079 εἶπεν
3407 1022 3542 1080 Ἰδοὺ
3605 1027 3630 1077 ὁ
3689 1025 3884 1099 βασιλεύς

2356 1137 2449 1171 σου
2508 1122 2720 1192 ἔρχεταί
2788 1136 2872 1168 σοι
2919 1117 3104 1187 πραΰς.
3159 1115 3319 1168 Ἀλλὰ
3384 1113 3644 1187 βασιλείαν
3690 1113 3780 1168 εἷπε
3817 1125 3881 1172 τὴν

2352 1209 2610 1281 οὐράνιον,
2669 1212 2783 1280 περὶ
2833 1207 2897 1267 ἧς
2948 1210 3036 1257 καὶ
3089 1205 3244 1266 αὐτὸς
3285 1204 3454 1275 ἔλεγεν
3504 1207 3529 1256 ὁ
3587 1211 3803 1278 Χριστος
3842 1207 3878 1259 Ἠ

2355 1296 2601 1369 βασιλεία
2672 1299 2699 1354 η
2780 1294 2875 1367 ἰμη
2949 1295 3044 1346 οὐκ
3111 1296 3251 1348 ἔστιν
3327 1292 3382 1346 ἐκ
3441 1301 3529 1345 τοῦ
3582 1299 3759 1366 κόσμον
3797 1301 3878 1347 rmi-

2353 1406 2443 1439 του
2452 1428 2467 1443 .

2535 1476 2685 1530 ΚΕΦ.
2721 1473 2802 1527 8'.
2839 1477 2962 1545 Περὶ
2996 1479 3088 1524 τοῦ
3117 1472 3166 1524 έν
3198 1472 3443 1545 θαλάσση
3467 1474 3749 1546 περιπάτου.

2421 1564 2510 1627 Ὠς
2562 1560 2620 1616 δε
2671 1593 2737 1604 -
2785 1565 3147 1637 Καπερναούμ.
3217 1560 3527 1619 Κατέϐησαν
3569 1562 3665 1632 οὐχ
3713 1561 3872 1624 ἑκόντες,

2355 1653 2460 1706 ἀλλ’
2520 1652 2930 1722 ἁνγκασθέντες
2971 1650 3058 1702 ὐπ’
3105 1650 3288 1702 αὑτοῦ.
3335 1653 3525 1724 Εἰρηαε
3571 1653 3664 1724 γὰρ
3713 1653 3734 1702 ό
3778 1657 3873 1704 Ματ-

2281 1762 2321 1815 B
2355 1745 2500 1802 θαῖος
2549 1740 2600 1794 έν
2645 1749 2715 1810 τῷ
2771 1741 2979 1814 ῥηθέντι
3052 1739 3272 1809 εἰκοστῷ
3351 1741 3480 1810 ἕκτῳ
3544 1739 3781 1811 κεφαλαίῳ,
3821 1742 3872 1791 ὅτι

2356 1836 2454 1883 Καὶ
2521 1830 2708 1892 εὐθέως
2782 1832 3072 1900 ἠνάγκασεν
3141 1831 3168 1880 ὁ
3237 1829 3447 1888 Ἰησοῦς

2354 1918 2572 1990 ἐμϐῆναι
2627 1919 2692 1979 εἰς
2743 1922 2801 1970 τὸ
2860 1918 3059 1981 πλοῖον,
3113 1924 3202 1970 καῖ
3258 1921 3508 1992 προάγειν
3555 1917 3691 1968 αὐτὸν
3739 1918 3791 1977 εἰς
3834 1920 3869 1967 τὸ

3526 1832 3636 1889 τοὺς
3698 1831 3870 1899 μαθητὰς

2353 2013 2533 2079 πέραν,
2596 2009 2687 2077 ἕῳς
2749 2008 2810 2059 οὗ
2883 2006 3117 2079 ἀπολύσῃ
3192 2012 3314 2067 τοὺς
3394 2006 3593 2077 ὁχλους.
3650 2011 3730 2059 Καὶ
3787 2004 3867 2056 απε-

2593 2101 2716 2158 τοὺς
2785 2096 3000 2168 ὄχλους,
3066 2095 3218 2153 ἀνέϐη
3286 2097 3360 2156 εἰς
3431 2100 3488 2147 τὸ
3555 2100 3653 2167 ὅρος
3695 2090 3866 2145 xeniis:

2870 2185 2967 2256 Ὀψ
2977 2190 3053 2246 ίας
3151 2182 3210 2238 δε

2353 2096 2414 2148 λύ
2423 2116 2514 2157 σας

2355 2187 2768 2259 προσεύξασθαι.

2354 2282 2503 2348 μόνος
2512 2316 2523 2328 .

2424 2368 2631 2418 Τούτων
2686 2360 2744 2417 δε
2799 2366 3003 2417 πάντων
3059 2367 3146 2424 τὰς
3214 2364 3395 2426 αἰτίας
3451 2359 3745 2434 ἐδηλώσαμεν
3781 2359 3857 2422 ἐκεῖ,

3308 2189 3578 2257 γενομένης
3660 2181 3708 2242 ἦν
3799 2183 3863 2234 ini

2354 2459 2443 2506 xui
2497 2453 2754 2525 ἀνάγνωθι
2803 2456 3016 2515 ταύτας.
3051 2453 3378 2510 Ἐπίστησον
3441 2449 3501 2504 δι
3549 2454 3622 2504 ὅτι
3663 2449 3856 2522 {1:666:3-

2356 2543 2531 2595 έλυσεν
2585 2544 2792 2606 αὐτοὺς,
2862 2542 3358 2615 ὑπερεξεπλοίγησαν
3418 2545 3476 2594 τὸ
3544 2548 3736 2612 σημεῖον,
3780 2538 3853 2588 ιεθ¹

2357 2632 2572 2693 ἑαυτοὺς
2630 2637 2911 2703 γενόμενοι,
2970 2638 3059 2684 καί
3123 2630 3308 2683 λοιπὸν
3385 2630 3716 2683 ἐδουλώσαντο
3751 2644 3846 2696 σερε·

2356 2728 2513 2793 φῆναι
2542 2726 2629 2773 καὶ
2670 2720 2905 2793 ἁρπάσαι
2957 2721 3136 2787 αὐτὸν,
3189 2722 3270 2772 ἵνα
3319 2725 3610 2778 ποιήσωσιν
3654 2712 3836 2784 (5:61.53-

2359 2809 2521 2863 σιλέα.

2430 2905 2527 2952 Καὶ
2584 2904 2766 2951 σκοτία
2822 2895 2929 2957 ἤδη
3003 2929 3070 2939 —
3127 2899 3356 2968 ὑπῆγον,
3433 2929 3488 2938 —
3557 2896 3654 2949 Οὐχ
3703 2890 3852 2948 ﬁnivit!

2356 2992 2481 3062 πρὸς
2543 2987 2743 3055 αὐτοὺς,
2803 2988 2916 3040 ἀντὶ
2994 2995 3106 3053 τοῦ,
3178 2987 3291 3040 Οὐχ
3357 2986 3570 3058 ἐπεφάνη
3626 2985 3781 3042 αὐτοῖς,
3816 2981 3852 3033 ὡς

2357 3075 2597 3134 ἐποίησεν
2655 3077 2888 3149 ὓστερον·
2939 3076 3045 3128 ἀλλ’
3103 3076 3297 3148 ἀφῆκεν
3353 3076 3540 3137 αὐτοὺς
3585 3069 3850 3146 πειράζεσθαι·

2358 3166 2437 3218 Ἐν
2491 3174 2561 3235 τῷ
2626 3165 2754 3218 τέλει
2823 3162 2881 3218 δε
2952 3173 3044 3217 τοῦ
3108 3167 3636 3240 προμνημονευθέντος
3696 3160 3853 3211 εἰκοστοῦ

2355 3255 2505 3307 ἕκτου
2553 3254 2852 3326 κεφαλαίου,
2911 3260 3001 3307 καὶ
3045 3255 3094 3306 έν
3166 3263 3238 3325 τῷ
3307 3255 3523 3322 εἰκοστῷ
3576 3246 3747 3319 ἑϐδόμῳ
3785 3246 3856 3312 περὶ

2356 3346 2558 3396 πάντων
2613 3347 2807 3396 τούτων
2879 3345 3138 3418 εὑρήσεις.
3215 3346 3294 3396 Τὰ
3355 3344 3472 3406 ἑξῆς
3526 3338 3580 3393 δε
3629 3332 3854 3409 aanimi

2358 3433 2617 3496 Ἰωάννης,
2672 3436 2739 3494 ὡς
2793 3440 2902 3493 τοῖς
2977 3433 3145 3493 ἄλλοις
3209 3435 3563 3505 ἱστορηθέντα.
3616 3433 3699 3481 Καὶ
3738 3423 3855 3474 λοιπὸν

2360 3525 2554 3598 ἱστορεῖ
2578 3526 2644 3574 τὰ
2669 3521 2881 3584 ἐκείνοις
2913 3525 3195 3593 παρεθέντα
3215 3522 3354 3594 (37).

2427 3696 2600 3769 Ἡμεῖς
2661 3701 2751 3769 μεν
2797 3693 2906 3763 οὖν,
2957 3704 3066 3758 τοῖς
3109 3697 3280 3760 ἄλλοις
3330 3697 3597 3767 ἐξηγηταῖς
3651 3684 3856 3741 ἁκολονθὲσ

2360 3805 2552 3854 σαντες,
2600 3783 2942 3858 ἀπεδείξαμεν
2984 3791 3072 3839 τὸν
3120 3787 3274 3839 αὑτὸν
3325 3784 3451 3840 εἶναι
3499 3783 3574 3836 ἐπὶ
3613 3788 3694 3839 τῆς
3726 3773 3856 3828 add"

2360 3896 2458 3938 σης
2511 3881 2813 3950 περίπατον,
2874 3876 2926 3928 ὃν
2970 3877 2996 3928 ὀ
3043 3878 3312 3940 Ματθαῖος
3364 3881 3450 3928 καὶ
3499 3875 3523 3925 ὁ
3575 3871 3745 3942 Μάρκος
3785 3858 3856 3910 ἀνί·

2356 3966 2566 4041 γραψαν
2581 4008 2591 4020 .

2426 4056 2483 4107 Ὀ
2512 4052 2570 4107 δε
2608 4057 2724 4126 (38)
2770 4063 3142 4130 Χρυσοστομος
3193 4056 3564 4127 στοχαζόμενος
3591 4064 3719 4121 φησιν
3740 4042 3856 4135 ἕτερον

2359 4142 2487 4198 εἶναι
2553 4152 2731 4196 τοῦτον
2800 4145 2920 4217 παρ’
2984 4145 3190 4200 ἐκεῖνον.
3237 4146 3388 4207 Εἰκὸς
3424 4146 3519 4216 γὰρ
3571 4138 3722 4190 ἐκεῖνον
3763 4140 3856 4217 γενι·

2363 4237 2488 4286 σθαι
2534 4238 2798 4307 πρότερον·
2856 4215 2965 4286 εἶτα
3016 4234 3128 4306 μεθ’
3185 4236 3383 4306 ἡμέρας
3430 4215 3561 4290 Tuta};
3598 4215 3857 4307 τοὺςόχξσνὲ

2364 4323 2755 4396 βουλεύσασθαι
2805 4324 3044 4396 ἁρπάσαι
3102 4323 3278 4389 αὑτὸν,
3336 4326 3399 4384 ὡς
3445 4324 3645 4394 εἴρηται,
3684 4312 3751 4361 καὶ
3784 4302 3856 4354 λοι·

2363 4417 2478 4479 πὸν,
2536 4419 2721 4484 γνόντα
2765 4421 2916 4465 τοῦτο
2969 4417 3055 4464 τὸν
3110 4416 3362 4485 Χριστὸν,
3427 4407 3564 4470 αὖθις
3613 4401 3854 4470 διαπιρασαί

2368 4507 2493 4574 πρὸς
2549 4506 2605 4553 τὸ
2650 4504 2768 4572 ὁρος
2815 4504 2946 4572 μετὰ
3004 4510 3103 4553 τῶν
3153 4504 3415 4574 μαθητῶν,
3469 4502 3550 4550 καὶ
3592 4490 3854 4578 ἀναχωρῦσῗα

2369 4591 2470 4643 ἐκεῖ
2520 4597 2690 4660 μόνον,
2726 4595 2888 4643 εῖτουν
2918 4593 3202 4662 ἡσυχάσαι
3247 4597 3414 4662 μόνον’
3465 4589 3573 4644 τοὺς
3606 4577 3656 4633 δὲ
3683 4576 3855 4649 μαθηταί

2369 4680 2552 4731 ἐκεῖθεν
2610 4678 2900 4737 καταϐῆναι
2947 4682 3032 4731 ἐπὶ
3075 4684 3169 4737 την
3221 4679 3497 4742 θάλασσαν,
3556 4671 3854 4744 προτραπεντας

2366 4776 2534 4824 τοῦτο.
2589 4775 2676 4819 καὶ
2729 4768 2982 4839 ἐμϐάντας
3021 4768 3085 4828 εἰς
3142 4772 3199 4820 τό
3257 4768 3447 4832 πλοῖον,
3509 4759 3724 4836 ἱρχεσθαι
3767 4761 3852 4845 πρθς

2370 4863 2462 4914 τήν
2523 4862 2880 4928 Καπερναοὺμ,
2957 4858 3219 4929 οἰομένους
3286 4858 3432 4910 αὑτὸν
3491 4851 3706 4911 πεζεῦσαι
3747 4851 3850 4926 rein

2371 4949 2451 4997 ἐπὶ
2500 4954 2593 5006 τῆς
2642 4946 2907 5006 θαλάσσης
2959 4953 3047 4998 καὶ
3100 4946 3259 4998 ελθεῖν
3317 4950 3441 5020 πρὸς
3494 4941 3656 4996 αὐτοὺς
3700 4928 3770 4982 οὐκ
3811 4937 3850 4975 ﬂ;

2373 5038 2595 5108 μακράν·
2644 5031 2737 5087 διὰ
2775 5043 2928 5087 τοῦτο
2965 5039 3066 5108 γὰρ
3113 5043 3201 5088 καὶ
3262 5039 3348 5087 τὸν
3387 5027 3708 5104 εὐαγγέλια-τὴν
3743 5020 3849 5068 εἰπεῖν

2609 5233 2649 5268 ¹¹
2687 5238 2860 5288 Marc.
2890 5247 2968 5300 v1,
3000 5234 3066 5288 47
3095 5246 3261 5305 seqq.
3341 5233 3386 5268 υ
3416 5223 3546 5286 Ibid.
3572 5219 3641 5276 l7-

1795 5407 2021 5477 ναι-ἰαὶ
2063 5408 2396 5480 lectiones
2442 5421 2505 5478 et
2560 5416 2765 5478 notte.

661 5603 775 5674 (36)
815 5599 983 5664 Αὐτός
1018 5605 1084 5654 Δ.

662 5675 776 5748 (37)
806 5675 1134 5751 Παρεαθίντα
1164 5676 1226 5727 Α.

2429 5625 2545 5695 (38)
2571 5625 2737 5682 Tom.
2769 5625 2907 5697 Vlll,
2940 5640 3000 5698 p.
3036 5624 3139 5679 255
3180 5624 3246 5678 D.
