4098 6424
234 281 363 341 1241

233 414 315 466 ὅτι
374 415 474 466 Καὶ
535 412 722 464 σκοτία
789 405 898 471 ἤδη
959 405 1199 484 ἓγεγὸνει,
1279 413 1368 463 καὶ
1426 407 1520 462 ούκ
1600 407 1834 468 ἐληλύθει
1866 409 1914 464 Α

235 507 358 577 πρὸς
432 501 621 562 αὐτούς
695 503 721 553 6
797 502 1019 570 Ἰησοῦς,
1096 505 1186 554 καὶ
1251 502 1318 552 τὰ
1382 499 1538 552 λοιπὰ
1592 501 1834 571 γενέσθαι

236 594 404 652 καθώς
434 591 583 652 οὗτος
613 589 823 665 ἔγραψε.
879 596 980 644 Καὶ
1032 589 1114 642 ἐπὶ
1170 593 1259 662 μεν
1307 589 1501 642 ἐκείνου
1554 597 1644 642 τοῦ
1691 608 1834 659 περι-

238 684 400 733 πάτου
440 684 560 742 τούς
601 682 841 752 μαθητὰς
889 679 1206 750 φοϐηθέντας
1263 677 1571 753 ἀνακραγεῖν
1597 697 1608 710 ⁸
1644 679 1729 730 ἐπὶ
1777 674 1836 730 δὲ

238 774 423 823 τούτου
489 769 781 842 φοϐηθῆναι
849 773 1025 842 μόνον,
1086 768 1356 830 ἐλάττονος
1421 766 1578 840 φόϐου
1630 771 1834 839 γενομέ-

238 880 326 912 νου
376 857 468 912 διὰ
506 864 600 916 τήν
641 855 748 917 ἤδη
807 861 1116 916 συνήθειαν·
1151 863 1241 910 καὶ
1293 856 1397 910 ἐκεῖ
1451 861 1541 929 μεν
1586 857 1831 918 εἰπόντος·

241 950 368 1020 Ἐγώ
434 949 561 1020 εἰμι,
619 953 690 1020 μὴ
751 947 1012 1020 φοϐεῖσθε,
1080 951 1222 1000 οὔπω
1281 946 1780 1022 ἐπληροφορήθησαν
1817 965 1832 980 ⁸

239 1036 325 1092 διὸ
374 1043 463 1090 καὶ
511 1040 536 1090 6
587 1042 780 1111 Πέτρος
831 1038 1018 1109 ἔλεγεν,
1071 1040 1247 1110 Κύριε,
1285 1037 1329 1088 εἰ
1380 1041 1444 1088 σὺ
1496 1034 1558 1102 εἶ,
1596 1037 1834 1090 κέλευσόν

237 1148 300 1200 με
365 1131 494 1202 πρὸς
571 1131 626 1180 σε
696 1126 854 1180 ἐλθεῖν
929 1126 1013 1180 ἐπὶ
1063 1129 1130 1178 τὰ
1210 1122 1418 1179 ύδατα’
1479 1124 1697 1178 ἕνταῦθα
1775 1122 1835 1178 δε

239 1218 423 1278 εὐθέως
475 1215 996 1290 ἐπληροφορήεησαν,
1059 1212 1243 1277 ἐθάδες
1297 1214 1476 1266 λοιπόν
1522 1219 1784 1286 γενόμενοι
1819 1230 1832 1245 ο

235 1311 326 1358 καὶ
351 1311 465 1358 τότε
498 1308 588 1377 μὲν
617 1305 710 1357 ούκ
741 1303 990 1358 ἐκόπασεν
1023 1306 1048 1356 ό
1079 1305 1264 1376 ἄνεμος
1291 1305 1450 1379 ἄχρις
1492 1302 1553 1355 ἂν
1602 1303 1834 1363 εἰσῆλθεν

238 1393 304 1454 εἰς
359 1397 415 1446 τό
475 1393 669 1447 πλοῖον·
743 1401 832 1446 νῦν
891 1390 949 1447 δε
1015 1398 1346 1464 φωνήσαντος
1403 1397 1576 1465 μόνον,
1635 1392 1832 1463 γαλήνη

235 1487 410 1554 γέγονε
440 1497 453 1512 ’
490 1488 576 1535 καὶ
605 1479 730 1536 οῦδὲ
750 1482 982 1543 εἰσῆλθεν
1014 1483 1082 1543 εἰς
1109 1486 1168 1535 τὸ
1197 1481 1390 1550 πλοῖον,
1440 1480 1567 1535 ἀλλὰ
1596 1481 1834 1534 θελόντων

236 1572 406 1626 λαϐεῖν
431 1573 608 1639 αὐτόν,
639 1573 764 1625 αύτό
794 1591 847 1626 τε
889 1573 962 1634 εἰς
1005 1577 1099 1631 τήν
1142 1579 1239 1643 γῆν
1284 1570 1484 1640 ἐξῆλθε,
1536 1576 1627 1624 καὶ
1683 1571 1835 1632 αὐτὸς

237 1661 406 1714 ὀπίσω
433 1661 612 1716 αὐτοῦ.

304 1759 378 1824 Τῇ
431 1749 674 1826 ἔπαύριον
724 1782 788 1793 -
839 1751 1066 1810 Ἰησοῦν.
1123 1749 1324 1822 Ὀχλον
1372 1749 1630 1808 ἑστηκότα
1676 1754 1834 1823 πέραν
1868 1765 1912 1820 Β

233 1848 325 1900 τῆς
401 1839 668 1902 θαλάσσης
717 1840 853 1912 λέγει
915 1844 1037 1901 τοὺς
1089 1839 1324 1901 ἐλθόντας
1375 1838 1612 1913 ἁρπάσαι
1653 1839 1828 1906 αὐτόν,

235 1933 318 1982 ἶνα
398 1936 695 1988 ποιήσωσιν
765 1930 918 1982 αὐτόν
977 1929 1217 1985 ϐασιλέα.
1293 1931 1374 1986 Μή
1442 1930 1663 2002 εὑρόντες
1729 1933 1830 2004 γὰρ

235 2019 409 2088 αὐτόν,
477 2019 686 2071 ἵσταντο
745 2017 795 2070 ἓν
866 2026 938 2088 τῷ
997 2017 1236 2089 αἰγιαλῷ,
1319 2015 1736 2090 διαλογιζόμενοι
1783 2021 1833 2068 τί

233 2111 430 2178 γέγονε.
496 2114 642 2160 Δοκεῖ
693 2104 780 2159 οὖν
850 2106 1092 2160 ἆλλείπειν
1166 2108 1191 2158 ό
1247 2105 1418 2178 λόγος.
1501 2112 1673 2165 Μήπω
1733 2107 1830 2179 γὰρ

238 2193 546 2257 ἀναπαύσας
612 2203 792 2248 τοῦτον
849 2197 876 2247 ό
933 2194 1328 2267 εύαγγελιστής,
1389 2191 1541 2256 αὖθις
1596 2195 1832 2270 ἑτέρωθεν

237 2283 451 2357 ἤρξατο,
512 2284 685 2336 εἰπών’
747 2283 870 2337 Ὀτε
925 2281 1013 2337 οὖν
1072 2281 1208 2337 εἶδεν
1262 2286 1288 2336 ό
1354 2284 1509 2356 ὄχλος
1581 2288 1660 2336 ὅτι
1734 2284 1835 2342 Ἰη-

240 2379 364 2434 σοῦς
395 2373 488 2424 οῦκ
518 2376 659 2425 ἔστιν
688 2372 811 2443 ἐκεῖ,
851 2379 941 2427 καὶ
968 2376 1032 2426 τὰ
1064 2374 1202 2437 ἑξῆς.
1235 2381 1430 2446 Σχῆμα
1453 2370 1512 2427 δέ
1541 2371 1654 2426 ἔστι
1683 2381 1835 2426 τοῦτο

240 2467 542 2534 συντομίας.

308 2554 378 2603 Τό
437 2547 515 2616 δε,
579 2551 739 2603 ’Λλλα
793 2548 852 2604 δε
920 2549 1043 2610 ἦλθε
1098 2551 1346 2626 πλοιάρια
1405 2550 1462 2603 εκ
1529 2547 1836 2626 Τιϐεριάδος

237 2638 389 2710 ἐγγύς
467 2647 559 2692 τοῦ
617 2645 800 2706 τόπου,
868 2643 996 2693 ὅπου
1072 2643 1260 2712 ἔφαγον
1335 2643 1422 2692 τὸν
1500 2641 1678 2713 ἄρτον,
1759 2639 1836 2692 εύ-

236 2733 673 2802 χαριστήσαντος
724 2736 816 2781 τοῦ
869 2733 1059 2802 Κυρίου
1111 2729 1251 2799 (39),
1300 2727 1649 2801 μεταξυλογία
1701 2727 1839 2781 ἐστὶν

239 2818 310 2879 εὶς
359 2814 592 2875 δήλωσιν
633 2825 724 2870 τοῦ
770 2819 981 2892 ὕστερον
1025 2814 1185 2871 ἐλθεῖν
1244 2817 1394 2873 αύτά.
1454 2822 1588 2878 Τέως
1644 2813 1694 2870 δ’
1752 2814 1840 2870 οὖν

238 2905 637 2982 ἐξαπορηθξντες
722 2907 1066 2960 ὑπώπτευσαν
1128 2908 1209 2958 ὅτι
1284 2905 1555 2967 ὶπίζευσεν
1615 2905 1699 2958 ἐπὶ
1748 2915 1842 2967 τῆς

243 2994 539 3056 θαλάσσης.
610 2998 706 3048 Διὰ
758 3004 911 3048 τοῦτο
967 2999 1069 3068 γὰρ
1127 3000 1217 3047 καὶ
1279 2992 1433 3053 ἦλθον
1506 2996 1578 3056 εἰς
1633 3002 1839 3066 Καπερο

238 3089 403 3154 ναούμ
442 3088 716 3147 ζητοῦντες
745 3084 899 3136 αύτόν
932 3103 946 3116 ·
981 3087 1084 3136 ἐκεῖ
1131 3086 1229 3156 γὰρ
1271 3087 1335 3136 τὰ
1363 3083 1525 3136 πολλὰ
1555 3080 1841 3157 διατρίϐειν
1873 3112 1914 3168 C

239 3171 426 3225 εἰώθει.

310 3264 410 3312 Καὶ
478 3261 709 3334 εὑρόντες
769 3291 833 3300 -
890 3259 1288 3331 γέγονας;ούκ
1354 3264 1635 3334 ηρώτησαν
1688 3258 1841 3311 αὐτόν

238 3358 340 3409 πῶς
372 3345 544 3412 διέϐη,
581 3351 664 3401 ἱνα
704 3353 762 3400 τό
801 3345 1104 3407 τηλικοῦτον
1147 3355 1361 3420 σημεῖον
1403 3350 1662 3421 μάθωσιν,
1720 3345 1844 3400 ούδε

235 3442 353 3511 περὶ
409 3445 500 3498 τῆς
571 3436 846 3509 βασιλείας
921 3434 1082 3504 εἶπον,
1153 3437 1283 3489 ἀλλὰ
1355 3445 1523 3490 ταῦτα
1602 3441 1843 3510 παρέντες

236 3526 459 3601 ἤρξαντο
532 3525 846 3593 κολακεύειν,
907 3525 1152 3598 λέγοντες·
1216 3531 1348 3580 Πότε
1413 3522 1502 3579 οὖν
1561 3529 1672 3595 (40)
1739 3521 1841 3577 ὧδε

237 3620 610 3688 παραγέγονας,
721 3615 890 3668 λαθών
999 3617 1136 3688 ἡμᾶς
1232 3619 1356 3677 τοὺς
1435 3613 1842 3689 ἔκκρεμαμίνους

240 3722 372 3772 σου;
425 3704 757 3757 Ἐκολάκευον
808 3701 889 3774 δε,
971 3705 1056 3757 ἶνα
1124 3704 1278 3758 πάλιν
1330 3705 1590 3780 τράπεζαν
1669 3703 1844 3764 αὐτοῖς

236 3796 555 3869 παραθήσει.
627 3793 802 3857 ’Δπαξ
871 3795 974 3865 γὰρ
1049 3793 1445 3866 ἐμπλησθέντες,
1516 3799 1606 3846 καὶ
1662 3793 1841 3846 λοιπὸν

234 3883 652 3956 λιχνευσάμαοι,
672 3883 834 3936 τοίλλα
856 3885 1023 3936 πάντα
1037 3880 1255 3958 δεύτερα
1279 3883 1534 3956 ἐνόμιζον.
1561 3883 1636 3935 Ού
1657 3885 1841 3943 πάντες

237 3969 296 4026 δε
325 3970 459 4031 ἦσαν
490 3970 556 4025 τὰ
583 3980 800 4026 τοιαῦτα
826 3973 1280 4045 ἐξαμαρτάνοντες.
1331 3978 1497 4047 Πίραν
1532 3970 1592 4026 δε
1639 3972 1840 4044 λέγεται

236 4061 474 4137 ἑκάτερον
534 4070 634 4114 τών
683 4061 760 4115 ἐπ’
806 4061 1006 4124 εὐθείας
1060 4061 1414 4135 ἀντικειμένων
1463 4064 1697 4134 περάτων
1745 4070 1840 4123 τῆς

237 4152 527 4218 θαλάσσης,
561 4148 845 4212 δηλοῦντος
887 4159 976 4204 τοῦ
1024 4155 1258 4205 τοιούτου
1309 4151 1556 4224 ὀνόματος
1608 4158 1695 4202 νῦν
1748 4153 1838 4222 μεν

234 4249 407 4308 τοῦτο,
435 4249 522 4293 νῦν
556 4237 614 4294 δι
641 4239 824 4296 ἐκεῖνο.

721 3615 890 3668 λαθών

305 4419 586 4492 Ἀπεκρίθη
662 4447 732 4460 -
804 4417 1184 4493 ἄχορτάσθητε.
1267 4417 1340 4472 Τὸ
1420 4419 1680 4490 προσηνὴς
1749 4421 1838 4469 καὶ

237 4506 426 4578 ὁμαλόν
457 4507 516 4559 ού
546 4516 822 4579 πανταχοῦ
861 4512 1156 4581 χρήσιμον,
1209 4505 1318 4558 ἀλλ’
1359 4508 1476 4558 ὃταν
1525 4507 1550 4557 6
1599 4507 1836 4578 μαθητής

235 4600 418 4668 παχύς
460 4600 537 4655 ε’ίη
569 4602 659 4650 καὶ
687 4600 871 4667 νωθής,
922 4603 1038 4649 τότε
1079 4601 1290 4670 κέντρου
1349 4601 1510 4670 χρεία
1562 4604 1632 4666 τῷ
1684 4592 1837 4647 διδα-

240 4686 434 4758 σκάλῳ,
502 4692 590 4739 καὶ
655 4687 810 4758 λόγου
872 4686 1294 4759 πληκτικωτίρου
1366 4689 1492 4757 πρὸς
1569 4689 1628 4738 τὸ
1691 4686 1838 4738 καθι-

234 4778 420 4829 κεσθαι
453 4780 543 4828 καὶ
597 4773 851 4846 διεγεῖραι
897 4775 1074 4840 αὐτὸν,
1121 4777 1242 4847 ὅπερ
1288 4776 1314 4826 ό
1361 4774 1564 4834 Ἰησοῦς
1617 4773 1838 4826 ἐνταῦθα

1871 4465 1914 4518 D

234 4871 530 4930 πεποίηκεν,
599 4865 709 4937 οἶμα
755 4868 844 4936 μεν
898 4863 1214 4923 ἐπιπλήττων
1267 4864 1443 4926 αύτοῖς
1499 4867 1568 4926 ὡς
1605 4863 1830 4935 κόλαξιν,

235 4956 346 5028 οἶμα
403 4952 462 5008 δε
514 4959 604 5007 καὶ
663 4958 756 5012 τὴν
813 4959 1024 5026 γνώμην
1091 4953 1260 5005 αὐτῶν
1327 4953 1698 5006 ἀνακαλύπτων
1750 4959 1840 5006 καὶ

237 5043 590 5118 ἀμφοτέρωθεν
667 5043 852 5104 αὐτοὺς
913 5039 1301 5118 διορθούμενος.
1365 5047 1519 5114 Λέγει
1578 5045 1702 5117 γὰρ,
1761 5043 1841 5095 ὅτι

311 5222 356 5257 ²⁸
382 5220 579 5278 Matth.
613 5237 732 5288 11v,
761 5224 854 5277 27.
933 5222 980 5258 ¹⁴
1020 5220 1162 5278 lbid.
1204 5224 1294 5280 28.

1307 281 1672 340 COMMENT.
1714 280 1789 338 IN
1825 280 2174 340 JOANNEM.
2215 313 2280 324 -
2321 281 2480 340 CAP.
2513 280 2604 336 VI.

3459 277 3598 336 1242

1946 407 2101 465 sicut
2119 407 2218 464 hic
2249 406 2487 480 scripsit
2517 423 2530 476 ;
2559 411 2618 464 et
2641 406 2702 464 in
2728 405 2825 464 illa
2847 405 3085 482 quidem
3110 403 3597 464 deambulatione

1945 498 2255 554 exterritos
2296 495 2627 570 discipulos
2659 497 3055 565 exclamasse,
3085 496 3144 551 in
3169 495 3283 551 hac
3321 510 3463 550 vero
3507 511 3599 549 so-

1943 586 2070 642 lum
2108 585 2397 656 timuisse,
2429 587 2592 658 quod
2619 585 2792 642 timor
2815 586 2942 656 jam
2973 583 3355 642 assuetudine
3403 583 3601 638 minor

1945 674 2138 730 fuerit.
2170 678 2238 730 Et
2269 675 2348 730 ibi
2379 691 2516 730 cum
2547 675 2792 730 dixisset
2825 691 2838 730 :
2872 677 2991 745 Ego
3020 690 3167 738 sum,
3216 673 3391 728 nolite
3441 672 3601 728 time-

1945 780 2009 820 re
2049 765 2118 829 ¹³,
2151 764 2423 820 nondum
2461 763 2736 820 certiores
2770 765 2954 820 factos
2985 763 3187 833 fuisse,
3221 762 3477 834 ideoque
3500 762 3597 817 Pe-

1946 861 2070 912 trus
2095 856 2333 912 dicebat
2359 873 2372 910 :
2401 857 2657 920 Domine,
2687 855 2738 910 si
2765 862 2824 910 tu
2853 870 2929 920 es,
2970 853 3118 924 jube
3150 860 3212 909 ut
3243 868 3346 922 ego
3376 853 3596 908 veniam

1943 947 2021 1001 ad
2063 952 2119 1002 te
2167 961 2338 1016 super
2379 959 2560 1017 aquas
2617 945 2708 1015 ¹⁴;
2775 943 2868 999 hic
2913 950 3104 999 autem
3160 941 3434 1014 protinus
3475 956 3604 996 cer-

1945 1035 2120 1091 tiores
2176 1034 2362 1091 factos
2419 1049 2571 1099 esse,
2621 1033 2781 1104 quod
2828 1032 2955 1104 jam
2999 1031 3219 1088 assueti
3262 1034 3476 1087 essent.
3537 1032 3602 1086 Et

1945 1131 2085 1180 tunc
2154 1140 2270 1178 non
2327 1123 2556 1195 quievit
2613 1127 2822 1178 ventus
2892 1122 3086 1177 donec
3162 1120 3465 1192 ingressus
3513 1134 3604 1175 es-

1945 1218 2033 1268 set
2073 1213 2135 1269 in
2192 1212 2447 1280 navim;
2503 1227 2665 1267 nunc
2713 1227 2856 1268 vero
2926 1211 3029 1267 ubi
3076 1215 3312 1266 tantum
3365 1209 3602 1266 locutus

1943 1307 2050 1370 est,
2083 1302 2239 1359 facta
2267 1307 2355 1359 est
2385 1300 2805 1374 tranquillitas,
2844 1305 2898 1357 et
2920 1317 2988 1356 ne
3005 1299 3208 1356 navim
3238 1298 3482 1372 quidem
3516 1298 3603 1354 in-

1943 1406 2184 1462 gressus
2213 1397 2316 1457 est,
2363 1390 2470 1447 sed
2499 1406 2637 1446 cuin
2678 1389 2891 1446 vellent
2921 1406 3058 1445 eum
3099 1389 3160 1445 in
3213 1388 3412 1446 navim
3451 1385 3604 1444 acci-

1943 1486 2360 1564 pere,repente
2385 1481 2557 1537 navis
2580 1479 2933 1552 pervenitad
2966 1483 3203 1545 terram,
3232 1477 3439 1550 etipse
3471 1481 3602 1550 post

1943 1568 2130 1624 lllam.

2015 1749 2172 1803 Vers.
2214 1751 2302 1802 2'2.
2325 1745 2606 1818 Sequenti
2629 1747 2717 1802 die
2754 1778 2819 1787 —
2852 1747 3014 1802 Vers.
3056 1749 3143 1802 24.
3189 1745 3404 1801 Iesum.
3461 1744 3608 1802 Tur-

1943 1837 2102 1903 bam,
2130 1852 2267 1907 quas
2298 1836 2490 1892 stabat
2521 1836 2599 1891 ad
2633 1852 2814 1905 mare,
2847 1835 2990 1891 dicit
3011 1851 3114 1890 eos
3144 1835 3247 1907 qui
3295 1839 3604 1902 venerant,

1946 1931 2006 1981 ut
2035 1931 2271 1997 raptum
2305 1925 2497 1996 ipsum
2526 1930 2792 1981 crearent
2818 1940 3019 1993 regem
3047 1941 3059 1980 :
3094 1940 3235 1980 nam
3273 1940 3410 1980 cum
3435 1923 3602 1980 illum

1944 2031 2063 2071 non
2095 2013 2483 2081 invenissent,
2508 2014 2750 2070 stabant
2771 2016 2827 2070 in
2857 2015 3048 2070 littore
3069 2014 3422 2083 cogitantes,
3453 2012 3604 2086 quid

1943 2111 2144 2161 actum
2173 2109 2344 2158 esset.
2375 2103 2617 2160 Videtur
2643 2120 2784 2173 ergo
2810 2120 3062 2160 mancus
3092 2120 3221 2158 esse
3251 2102 3342 2159 hic
3370 2117 3601 2168 sermo;

1945 2211 2086 2250 nam
2118 2209 2247 2248 cum
2275 2192 2442 2248 illum
2477 2194 2746 2248 nondum
2774 2194 3082 2266 quiescere
3112 2191 3318 2248 fecerit
3355 2205 3607 2260 evange-

1943 2282 2098 2345 lista,
2127 2297 2332 2336 rursus
2355 2280 2828 2353 aliundeincepit
2848 2281 3054 2337 dicens
3090 2298 3103 2337 :
3152 2280 3258 2338 Ubi
3281 2295 3422 2350 ergo
3457 2279 3602 2336 vidit

1946 2372 2144 2438 turba,
2159 2370 2320 2442 quod
2335 2371 2498 2426 Iesus
2512 2387 2630 2426 non
2647 2377 2790 2427 esset
2817 2371 2922 2437 ibi,
2957 2374 3012 2426 et
3023 2373 3252 2426 caetera.
3282 2369 3379 2425 Est
3408 2375 3603 2425 autem

1946 2460 2138 2517 forma
2177 2460 2301 2515 haec
2331 2459 2816 2516 abbreviationis.

2019 2549 2188 2616 Quod
2233 2553 2432 2606 autem
2459 2550 2726 2622 sequitur
2755 2567 2770 2603 :
2795 2551 2944 2606 Alia:
2983 2564 3120 2606 vero
3147 2553 3605 2618 supervenerant

1947 2640 2234 2695 navicula
2258 2653 2293 2695 α
2327 2639 2637 2695 Tiberiade
2650 2641 2842 2710 juxta
2873 2640 3083 2701 locum.
3104 2637 3206 2694 ubi
3228 2638 3605 2695 comederunt

1947 2735 2501 2800 panem,postquam
2543 2732 2776 2797 gratias
2817 2735 3014 2798 egerat
3041 2729 3343 2792 Dominus,
3371 2725 3607 2783 interlo-

1951 2820 2109 2874 cutio
2139 2823 2227 2873 est
2265 2817 2343 2873 ad
2371 2817 2862 2887 signiﬁcandum,
2883 2817 3046 2890 quod
3080 2815 3467 2890 postmodum
3495 2816 3608 2871 illae

1953 2910 2220 2963 venerint
2244 2926 2255 2962 :
2291 2907 2535 2963 tandem
2551 2907 2706 2962 enim
2727 2906 3114 2978 desperantes
3139 2905 3428 2978 suspicati
3447 2908 3606 2970 sunt,

1951 2997 2114 3069 quod
2148 2996 2404 3068 pedestri
2438 2998 2644 3052 itinere
2671 2997 2830 3052 circa
2865 3013 3028 3051 mare
3067 2997 3311 3052 abiisset
3344 3012 3357 3060 ;
3386 2996 3520 3052 ideo
3553 2998 3611 3051 et

1952 3084 2059 3157 ipsi
2093 3088 3112 3156 veneruntCapernaumquaarentes
3138 3101 3277 3140 eum
3313 3099 3492 3140 :nam
3525 3083 3610 3140 ibi

1956 3173 2267 3245 plurimum
2301 3173 2581 3228 diversari
2614 3172 2865 3228 solebat.

2025 3265 2184 3316 Vers.
2212 3261 2301 3317 25.
2329 3261 2586 3332 Cumque
2602 3261 2958 3318 invenissent
2993 3293 3054 3302 —
3081 3261 3339 3318 venisti?
3368 3265 3494 3318 Non
3524 3261 3613 3318 in-

1955 3355 2403 3421 terrogaverunt
2445 3366 2583 3406 eum
2630 3351 2932 3422 quomodo
2974 3350 3250 3414 venisset,
3277 3354 3340 3406 ut
3378 3355 3610 3406 tantum

1955 3440 2196 3510 signum
2228 3439 2542 3504 discerent,
2577 3455 2774 3510 neque
2813 3439 2886 3494 de
2939 3454 3125 3508 regno
3165 3439 3462 3504 dixerunt,
3504 3439 3612 3496 sed

1952 3531 2044 3586 his
2092 3530 2305 3586 relictis
2335 3534 2647 3602 cmperunt
2691 3529 2976 3584 assentari
3028 3529 3292 3584 dicentes
3325 3545 3340 3584 :
3375 3528 3612 3596 Quando

1953 3620 2065 3677 huc
2105 3621 2334 3686 venisti,
2354 3633 2660 3688 ignorans,
2689 3617 2854 3690 quod
2891 3634 3001 3673 nos
3031 3634 3067 3674 a
3097 3624 3151 3674 te
3180 3618 3612 3690 penderemus?

1951 3709 2417 3766 Assentabantur
2445 3713 2668 3772 autem,
2690 3713 2754 3762 ut
2778 3722 3050 3764 mensam
3079 3709 3291 3764 iterum
3314 3708 3397 3764 eis
3425 3723 3614 3780 appo-

1951 3804 2110 3855 neret
2148 3816 2160 3854 :
2199 3814 2341 3853 nam
2393 3797 2578 3853 semel
2630 3797 2846 3863 satiati,
2884 3805 2940 3852 et
2977 3797 3342 3866 ligurientes,
3386 3798 3615 3854 caeteris

1950 3887 2231 3943 omnibus
2252 3887 2507 3960 (rr)jam
2535 3887 2933 3958 consumptis,
2963 3886 3038 3942 de
3061 3887 3433 3944 secundariis
3457 3887 3616 3958 cogi-

1949 3977 2158 4032 tabant
2191 3993 2203 4031 :
2238 3993 2585 4048 quanquam
2629 3993 2745 4032 non
2775 3992 2987 4032 omnes
3038 3977 3097 4031 in
3144 3977 3433 4032 similibus
3473 3975 3616 4032 deli-

1948 4073 2224 4138 querant.
2261 4071 2423 4141 Πέραν
2464 4083 2604 4121 vero
2641 4066 2815 4136 (sicut
2854 4073 2910 4120 et
2945 4072 3116 4121 trans
3152 4067 3372 4131 Latine)
3399 4066 3615 4121 dicitur

1948 4153 2022 4208 de
2051 4159 2302 4225 utroque
2331 4155 2719 4209 terminorum
2740 4154 2921 4208 maris
2947 4153 3609 4225 directeoppositorum,

1949 4241 2322 4310 signiﬁcante
2360 4242 2703 4312 hujusmodi
2746 4240 3033 4297 vocabulo
3071 4257 3231 4298 nunc
3279 4241 3393 4297 hoc
3426 4239 3609 4305 littus,

1949 4345 2105 4384 nunc
2150 4346 2290 4385 vero
2333 4330 2505 4385 illud.

2020 4418 2181 4473 Vers.
2216 4418 2304 4472 26.
2354 4418 2652 4490 Respondit
2687 4449 2753 4459 —
2811 4420 3065 4474 saturati
3093 4419 3242 4474 estis.
3262 4420 3380 4475 Non
3435 4433 3616 4490 expe-

1951 4506 2055 4571 dit,
2091 4508 2306 4578 ubique
2344 4513 2722 4562 mansuetum
2780 4523 2913 4562 esse
2963 4523 3033 4562 ac
3065 4507 3280 4575 lenem,
3335 4506 3440 4564 sed
3475 4523 3615 4564 cum

1949 4595 2278 4666 discipulus
2296 4612 2537 4652 crassus
2553 4611 2623 4650 ac
2652 4596 2850 4664 segnis
2882 4595 3072 4661 fuerit,
3099 4601 3234 4651 tunc
3265 4597 3614 4668 prmeeptori

1949 4701 2102 4755 Opus
2128 4691 2216 4740 est
2250 4685 2493 4739 stimulo
2525 4701 2594 4740 ac
2623 4701 2898 4740 sermone
2940 4683 3349 4756 objurgatorio
3379 4684 3457 4741 ad
3490 4690 3614 4742 tan-

1948 4774 2213 4844 gendum
2265 4780 2319 4829 et
2363 4773 2742 4828 excitandum
2786 4773 2962 4834 illum,
2998 4773 3164 4845 quod
3208 4774 3303 4830 hic
3349 4773 3482 4830 fecit
3527 4776 3616 4830 Je-

1947 4881 2048 4918 sus
2079 4883 2090 4922 :
2129 4862 2306 4918 simul
2335 4862 2573 4935 quidem
2607 4861 2926 4934 increpans
2951 4878 3056 4917 eos
3075 4867 3364 4934 tanquam
3412 4879 3616 4919 assen-

1950 4958 2187 5017 tatores,
2243 4951 2420 5007 simul
2476 4951 2655 5007 etiam
2708 4957 2968 5007 mentem
3036 4968 3245 5008 eorum
3308 4952 3611 5022 detegens,

1951 5048 2007 5099 et
2057 5042 2333 5114 utrinque
2390 5040 2516 5098 illos
2557 5041 2878 5112 corrigens.
2937 5041 3026 5096 Ait
3083 5041 3297 5098 enim:
3344 5040 3614 5108 Quaeritis

1436 5337 1662 5408 Variae
1697 5336 2031 5407 lectiones
2069 5347 2136 5406 et
2188 5346 2388 5407 notae.

309 5534 422 5608 (39)
466 5533 663 5603 Ἰησοῦ,
705 5548 816 5607 pro
847 5535 1066 5606 Κυρίου,
1099 5539 1164 5588 Δ.

2023 5535 2115 5606 40)
2157 5531 2261 5588 Οὖν
2310 5533 2483 5591 abest
2513 5535 2579 5590 Α.

310 5677 424 5749 (rr)
453 5675 722 5734 Craetsris
749 5673 1038 5732 omnibus.
1074 5676 1138 5730 Et
1177 5675 1404 5750 reliqua
1435 5676 1635 5734 omnia
1677 5676 1958 5744 secunda,
1983 5676 2066 5750 (id
2095 5677 2206 5749 est)
2238 5674 2520 5734 inferiora
2547 5675 2896 5734 censebant.
2921 5677 3036 5733 Nec
3064 5680 3264 5732 tamen
3291 5687 3522 5732 omnes.
