4098 6424
272 296 407 354 1245

270 425 532 498 θαύματος
612 421 801 477 αὐτίκα
879 420 1237 499 έπιλαθόμενοι
1308 431 1522 500 σημεῖον
1594 423 1868 486 ἄπιξητοῦ-
1901 425 1947 479 Α

270 532 387 568 σινο
444 510 552 568 εἶτα
602 517 687 567 καὶ
753 516 812 567 τὸ
868 511 1009 578 εἶδος
1059 514 1271 589 λέγουσι
1325 522 1416 569 τοῦ
1457 514 1866 588 έπιζητουμένου

272 607 491 675 σημείου
501 644 513 656 .

344 694 409 745 Οἱ
451 696 663 768 πατέρες
714 724 784 734 -
849 701 1048 767 φαγεῖν.
1114 698 1411 767 Γέγραπται
1480 691 1528 746 ἐν
1580 700 1640 765 τῇ
1702 690 1870 767 βίϐλῳ

270 788 370 833 τῶν
417 781 660 855 Ψαλμῶν·
741 782 944 836 Πολλῶν
1011 779 1070 837 δέ
1139 788 1366 857 σημείων
1433 787 1719 855 γεγονότων
1787 779 1870 833 έπὶ

270 878 369 922 τῶν
418 875 650 946 πατέρων
699 871 884 939 αὐτῶν,
952 874 1139 926 τούτου
1197 872 1432 946 μάλιστα
1486 872 1871 945 μνημονεύουσι

273 955 366 1012 διὰ
394 964 488 1019 τὴν
532 968 628 1022 τῆς
662 964 896 1036 γαστρὸς
938 958 1245 1036 τυραννίδα,
1288 962 1585 1035 νομίζοντες
1626 959 1870 1037 έρεθίζειν

272 1049 426 1101 αύτὸν
485 1049 552 1111 εἰς
607 1055 663 1103 τό
727 1060 952 1111 ποιῆσαι
994 1057 1085 1104 καὶ
1136 1052 1292 1105 αὐτόν
1350 1059 1581 1105 τοιοῦτον
1634 1058 1867 1123 σημεῖον,

272 1140 392 1215 ὅπερ
452 1139 647 1211 ἔμελλεν
710 1139 991 1214 ἐμπλήσειν
1070 1141 1261 1205 αύτούς
1324 1150 1537 1218 τροφῆς.
1610 1138 1763 1211 Ἀλλ’,
1831 1134 1871 1189 ὦ

272 1226 563 1301 ἀμνήμονες
604 1235 694 1282 καὶ
724 1228 1053 1306 ἀχάριστοιὶ
1100 1232 1159 1283 ού
1206 1236 1297 1285 καὶ
1343 1231 1493 1284 αὐτοὶ
1534 1233 1631 1305 πρὸ
1679 1234 1872 1304 μικροῦ

271 1318 455 1390 ἄρτους
519 1323 609 1371 καὶ
674 1317 864 1391 ἰχθύας
939 1320 1004 1381 εἰς
1066 1324 1217 1396 κόρον
1302 1318 1511 1394 ἐφάγετε
1581 1317 1629 1371 ἓν
1696 1317 1871 1394 ἐρήμῳ

272 1425 414 1478 τοπῳ
439 1423 451 1473 ;

348 1501 447 1550 Καὶ
506 1503 795 1573 παρατὴρει
846 1517 936 1572 μοι
991 1498 1259 1553 κάνταῦθα
1309 1503 1397 1559 τὴν
1461 1498 1731 1552 κολακείαν
1785 1497 1875 1550 αύ-

271 1594 393 1654 τῶν,
454 1584 581 1639 ἀλλὰ
628 1593 717 1641 καὶ
769 1593 1043 1662 πονηρίαν.
1103 1590 1214 1643 Ούκ
1268 1586 1407 1643 εἶπον
1462 1592 1564 1663 γὰρ
1629 1591 1745 1641 οὔτε
1795 1589 1875 1639 ὃτι

273 1674 299 1726 6
327 1673 438 1746 (44)
465 1682 702 1739 Μωῦσῆς
739 1676 951 1736 ἐποίησε
991 1681 1049 1731 τό
1099 1686 1331 1752 σημεῖον,
1390 1679 1613 1752 οἰόμενοι
1666 1676 1875 1740 πλὴξιιν

1293 296 1662 354 ΟΟΜΜΕΝΤ.
1710 296 1774 351 ΙΝ
1817 296 2163 352 JUANNEM.
2210 328 2271 337 ——
2312 293 2471 352 CAP.
2513 294 2608 352 VI.

3501 291 3638 348 1246

1977 429 2033 482 et
2057 424 2326 497 protinus
2365 422 2530 480 obliti
2562 421 2709 480 tanti
2730 418 3003 481 miraculi
3026 420 3270 494 signum
3311 423 3635 497 requirunt,

1977 513 2190 572 deinde
2211 528 2403 586 genus
2434 513 2615 569 etiam
2650 512 2920 586 requisiti
2951 512 3104 585 signi
3134 512 3385 569 addunt.

2048 693 2217 749 Vers.
2262 694 2349 750 31.
2382 692 2577 749 Patres
2603 721 2671 734 —
2718 692 2800 748 ad
2842 691 3149 748 edendum.
3200 689 3492 763 Scriptum
3551 692 3639 746 est

1977 782 2038 839 in
2081 782 2234 838 libro
2280 781 2654 838 Psalmorum
2688 781 2755 835 ⁸⁸.
2792 780 2942 837 Cum
2987 785 3187 836 autem
3246 778 3434 835 multa
3465 778 3639 849 signa

1978 888 2178 928 coram
2196 871 2461 945 patribus
2479 870 2747 944 ipsorum
2769 869 2924 925 facta
2937 872 3152 935 essent,
3170 868 3351 940 hujus
3378 868 3638 924 maxime

1978 960 2383 1018 meminerunt
2438 963 2684 1033 propter
2739 960 2961 1016 ventris
3004 959 3404 1032 tyrannidem,
3445 957 3640 1015 existi-

1980 1057 2212 1107 mantes
2242 1050 2367 1107 fore
2399 1055 2461 1106 ut
2498 1049 2697 1123 ipsum
2747 1064 2993 1122 quoque
3034 1048 3112 1105 ad
3149 1046 3344 1103 simile
3397 1046 3638 1118 signum

1977 1141 2302 1199 faciendum
2355 1140 2667 1205 irritarent,
2709 1145 2855 1213 puta
2887 1143 2949 1195 ut
2997 1142 3057 1195 et
3086 1140 3159 1193 'se
3211 1136 3346 1194 cibo
3377 1137 3635 1194 satiaret.

1981 1231 2116 1297 Sed,
2149 1229 2477 1288 oobliviosi
2495 1229 2791 1300 acingrati
2823 1228 3059 1285 tnonne
3087 1226 3267 1301 paulo
3290 1232 3427 1283 ante
3453 1241 3640 1299 panes

1980 1327 2035 1379 et
2063 1321 2259 1395 pisces
2288 1320 2367 1377 ad
2399 1319 2728 1377 satietatem
2767 1318 2825 1375 in
2853 1318 2986 1376 loco
3015 1317 3251 1374 deserto
3282 1315 3485 1374 edistis
3511 1317 3534 1372 t

2055 1498 2240 1557 Simul
2278 1514 2522 1573 quoque
2553 1496 2697 1554 mihi
2728 1496 2823 1553 hic
2853 1496 3115 1554 observa
3144 1498 3203 1553 et
3226 1493 3640 1551 adulationem

1982 1591 2250 1664 ipsorum
2280 1593 2337 1646 et
2365 1588 2625 1644 invidam
2674 1586 2984 1644 malitiam.
3034 1587 3236 1658 Neque
3279 1583 3440 1640 enim
3480 1584 3643 1640 dixe-

1983 1684 2141 1745 runt,
2173 1678 2336 1744 quod
2390 1680 2575 1735 Moses
2600 1675 2748 1732 illud
2781 1675 3013 1731 fecisset
3043 1674 3310 1745 signum,
3356 1687 3427 1728 ne
3478 1672 3641 1729 hunc

273 1763 451 1828 αὐτόν,
483 1764 527 1817 εἰ
565 1769 652 1817 τὸν
699 1771 928 1820 Μωῦσέα
967 1770 1132 1840 τούτῳ
1187 1775 1582 1841 συγκρινοῦσιν,
1631 1770 1748 1820 οὔτε
1794 1766 1875 1818 ὅτι

1993 1769 2314 1841 deprimere
2348 1767 2706 1832 viderentur,
2734 1766 2781 1821 si
2820 1765 3046 1821 Mosem
3087 1764 3137 1819 ei
3164 1765 3584 1836 compararent
3622 1778 3636 1817 :

272 1853 299 1904 6
331 1856 459 1917 Θεὸς
492 1854 617 1907 αὐτὸ
668 1860 963 1923 πεποίηκεν,
1007 1858 1089 1909 ἶνα
1138 1860 1211 1930 μὴ
1268 1854 1493 1921 δόξωσιν
1523 1856 1727 1920 ἓξισοῦν
1784 1854 1874 1906 αύ-

272 1948 359 1995 τὸν
387 1952 459 2015 τῷ
491 1951 625 2017 Θεῷ.
662 1948 757 1998 Διά
802 1953 954 1999 τοῦτο
1006 1944 1276 2007 ἀπολύτως
1329 1943 1469 1999 εἶπον
1495 1963 1507 1975 ·
1542 1948 1609 1999 Οἱ
1659 1948 1876 2020 πατέρες

274 2032 420 2103 ἡμῶν
469 2037 528 2086 τό
578 2037 746 2108 μάννα
801 2037 988 2108 ῖφαγον
1050 2037 1162 2108 (45)
1212 2036 1262 2088 έν
1313 2044 1375 2109 τῇ
1431 2039 1619 2111 ἒρήμῳ.
1672 2039 1736 2089 Τί
1787 2030 1875 2086 οὖν

275 2121 301 2172 6
364 2121 643 2195 οἰκονομῶν
703 2128 825 2187 τοὺς
874 2124 1056 2197 λόγους
1129 2124 1287 2178 αύτοῦ
1366 2124 1415 2178 έν
1481 2130 1691 2201 κρίσεις
1766 2124 1876 2176 Ούκ

275 2208 478 2283 ἐλέγχει
509 2214 735 2284 τούτους,
765 2211 873 2265 όιλλ⁹
901 2214 1106 2287 ὁμαλῶς
1127 2213 1479 2288 ἀποκρίνεται.
1512 2219 1627 2289 Χρή
1658 2216 1784 2289 γὰρ,
1807 2215 1876 2276 ὡς

276 2305 603 2376 προείρηται,
653 2306 776 2356 ποτε
816 2306 906 2377 μεν
949 2303 1203 2377 ἐλέγχειν,
1262 2307 1385 2359 ποτε
1449 2300 1508 2359 δε
1560 2304 1874 2368 ἀνεξικακείν

276 2400 628 2462 οικονομικῶς.

348 2477 499 2532 Εἶπεν
556 2512 625 2521 -
678 2481 917 2553 οὐρανοῦ.
974 2481 1117 2536 Ἐπεὶ
1161 2481 1517 2556 ὑπελάμϐανον
1584 2486 1642 2537 τὸ
1711 2485 1877 2558 μάννα

276 2568 431 2642 ἄρτον
470 2567 599 2622 εἶναι
628 2569 685 2622 ἐκ
713 2577 804 2623 τοῦ
833 2575 1026 2645 κυρίως
1073 2572 1293 2645 ούρανοῦ
1323 2569 1415 2625 διά
1450 2575 1507 2626 τό
1545 2575 1836 2648 γεγράφθαι
1860 2590 1873 2602 ·

276 2662 469 2730 Ἄρτον
525 2656 580 2710 ἔκ
622 2667 712 2712 τοῦ
765 2659 1021 2735 ούρανοῦ·
1079 2656 1365 2737 διορθοῦτα
1413 2665 1506 2721 τὴν
1558 2661 1876 2736 έσφαλμένην

275 2746 537 2818 ὑπόληψιν
596 2747 785 2805 αὐτῶν.
840 2749 1071 2823 Οὐρανόν
1116 2753 1217 2826 γὰρ
1251 2749 1353 2804 ἐκεῖ
1416 2754 1503 2803 τὸν
1573 2749 1699 2826 ἀέρα
1770 2748 1878 2805 εἷπε

268 2846 719 2921 ⁴καταχρηστικῶς
762 2840 790 2898 ἠ
843 2844 1016 2913 Γραφή
1046 2856 1058 2870 ·
1090 2842 1158 2903 ὡς
1209 2845 1299 2893 καὶ
1344 2840 1465 2893 ὅταν
1495 2840 1616 2914 λέγῃ
1668 2842 1733 2893 τά
1789 2860 1877 2893 πε-

274 2930 416 2977 τεινὰ
462 2934 556 2979 τοῦ
607 2927 855 3001 ούρανοῦ·
911 2933 1001 2981 καὶ
1055 2928 1229 2998 πάλιν,
1285 2934 1386 2983 Καὶ
1460 2928 1768 3005 ἐϐρόντησεν
1826 2928 1878 2993 ἕξ

275 3014 494 3088 ούρανοῦ
526 3016 551 3067 6
583 3018 792 3090 Κύριος.

346 3108 510 3161 Φησὶν
542 3100 650 3170 οὖν,
700 3106 778 3157 ὅτι
810 3105 885 3158 Ού
916 3112 1138 3168 Μοῦσῆς
1190 3102 1389 3160 δέδωκε
1443 3111 1557 3161 τότε
1607 3116 1678 3179 τῷ
1743 3111 1875 3179 γένει
1909 3130 1953 3189 C

276 3190 419 3263 ὑμῶν
460 3195 546 3244 τόν
588 3194 743 3267 ἄρτον
792 3191 846 3245 ix
877 3202 969 3246 τοῦ
1011 3198 1200 3268 κυρίως
1250 3194 1470 3270 ούρανοῦ
1498 3195 1614 3268 (46)
1642 3212 1655 3227 ’
1716 3194 1876 3248 ἀλλ’ὁ

282 3285 462 3355 Πατήρ
493 3300 594 3353 μου
625 3289 710 3333 νῦν
737 3282 850 3354 (47)
915 3278 1142 3335 δίδωσιν
1195 3284 1316 3355 ύμῖν
1358 3287 1445 3337 τὸν
1493 3286 1649 3357 ἄρτον
1688 3284 1743 3337 6x
1786 3292 1878 3337 τοῦ

279 3374 475 3442 κυρίως
503 3369 745 3445 ούρανοῦ.
788 3369 989 3446 Ὠσπερ
1019 3374 1121 3446 γὰρ
1164 3373 1189 3424 6
1224 3377 1403 3448 Πατὴρ
1435 3372 1695 3447 οὐράνιός,
1745 3374 1879 3427 οὕτω

280 3463 369 3511 καὶ
404 3460 430 3511 6
459 3461 578 3520 Υἱὸς
608 3459 868 3534 οὐράνιος,
896 3465 987 3513 καὶ
1012 3465 1207 3536 κυρίως
1235 3463 1385 3536 ἄρτος
1428 3460 1523 3535 [ὡς
1549 3463 1664 3534 (48)
1698 3467 1880 3537 στηρί-

282 3547 384 3608 ζων
408 3544 636 3624 καρδίαν
668 3548 963 3624 ἀνθρώπου.

351 3640 449 3690 Τόν
498 3636 759 3696 ἀληθινόν.
823 3640 1037 3700 Ἐκεῖνος
1084 3641 1183 3715 γὰρ
1229 3642 1254 3693 6
1296 3641 1476 3715 ἄρτος]
1528 3645 1747 3706 τυπικός
1795 3638 1876 3709 ἦν,

282 3734 580 3799 προτυπῶν,
641 3731 818 3799 φησὶν,
876 3725 962 3799 ἔμε
1005 3730 1091 3780 τὸν
1147 3727 1517 3788 αύτοαλὴθειαν
1568 3732 1677 3802 (49)
1736 3735 1875 3785 ὄντα.

283 3816 527 3888 Καθάπερ
582 3816 684 3889 γάρ
756 3813 946 3876 ἐκεῖνος
1014 3817 1205 3869 ἄνωθεν
1265 3815 1496 3880 καταϐὰς
1560 3821 1731 3893 ἔτρεφε
1790 3824 1880 3872 καὶ

278 3902 525 3980 ἑρρώννυε
590 3907 707 3965 τοὺς
759 3903 1266 3977 μεταλαμϐάνοντας,
1320 3907 1454 3959 οὕτω
1509 3906 1671 3980 κάγώ.
1745 3909 1878 3963 Ἀλλ’

279 3990 465 4055 ἐκεῖνος
496 3995 585 4066 μὶν
610 3992 690 4067 [ἑκ
724 3993 837 4065 (50)
868 4001 961 4046 τοῦ
1008 3992 1171 4070 ἀέρος,
1200 3993 1300 4067 ἐγὼ
1355 3993 1414 4049 δὲ
1469 3995 1525 4049 ἐκ
1579 4006 1670 4050 τοῦ
1723 4003 1878 4061 ὅντως

279 4082 519 4155 ούρανοῦ.
597 4081 842 4146 Κάκεῖνος
905 4082 1019 4157 μὶν]
1088 4086 1260 4158 ἔτρεφε
1328 4090 1417 4138 καὶ
1483 4082 1728 4161 έρῥώννυε
1782 4093 1878 4140 σοι·

277 4192 437 4244 ματα,
481 4170 580 4245 έγὼ
611 4167 670 4224 δε
720 4170 925 4244 ψυχάς.
963 4177 1162 4244 Προϊὼν
1208 4169 1267 4226 δε
1316 4172 1452 4245 λέγει
1499 4180 1589 4227 καὶ
1643 4179 1738 4234 τὴν
1791 4195 1879 4228 κα-

282 4260 622 4335 θολικωτέραν
668 4256 924 4336 διαφορὰν
965 4270 1058 4315 τοῦ
1089 4281 1143 4314 τε
1185 4269 1404 4315 τυπικοῦ
1450 4264 1611 4337 ἄρτον
1642 4270 1729 4317 καὶ
1787 4272 1879 4317 τοῦ

282 4347 548 4407 ἀληθινοῦ.

353 4446 396 4490 Ο
445 4442 547 4512 γὰρ
585 4440 739 4512 ἄρτος
805 4470 875 4481 -
930 4443 1133 4513 κόσμῳ.
1199 4439 1259 4492 Ὀ
1324 4445 1517 4514 κυρίως
1582 4442 1740 4513 ἄρτος
1788 4450 1880 4495 τοῦ

283 4534 441 4594 Θεοῦ,
495 4531 659 4581 εἶτουν
708 4529 733 4580 6
793 4530 921 4589 θεῖος
980 4530 1137 4603 ἄρτος
1201 4528 1341 4582 ἐστὶν
1381 4530 1406 4582 6
1462 4528 1517 4582 ίκ
1574 4537 1665 4583 τοῦ
1723 4534 1882 4595 ὅντως

282 4616 503 4690 οὐρανοῦ
555 4615 782 4680 καταϐὰς
811 4622 902 4669 καὶ
934 4619 1072 4680 ζωὴν
1120 4618 1325 4671 αἰώνιον
1374 4615 1409 4672 δ
1414 4615 1561 4682 ιδούς
1586 4628 1659 4690 τῷ
1697 4622 1879 4694 κόσμῳ

280 4714 353 4778 τῷ
409 4708 729 4760 πιστεύοντι.
776 4705 998 4768 Ἐκεῖνος
1044 4709 1146 4781 γὰρ
1202 4710 1338 4770 ζωὴν
1392 4712 1713 4782 πρόσκαιρον
1762 4705 1877 4762 66i-

281 4791 399 4862 δον,
458 4800 549 4848 καὶ
600 4794 659 4847 οὗ
690 4802 762 4865 τῷ
804 4798 1005 4867 κόσμῳ,
1061 4794 1188 4847 ἀλλά
1242 4800 1415 4869 μόνοις
1451 4803 1553 4858 τοῖς
1597 4795 1875 4871 Ἑϐραίοις.

279 4890 426 4944 Ζωήν
454 4882 512 4938 δι
541 4884 746 4936 αἰώνιον
772 4886 876 4935 νόει
906 4887 975 4955 μὴ
1006 4887 1098 4942 τὴν
1140 4882 1313 4947 ἁπλῶς
1345 4889 1407 4945 ἣν
1437 4885 1669 4947 ξήσουσι
1695 4895 1880 4950 κοινῶς

279 4977 465 5038 πάντες
489 4975 773 5050 ἄνθρωποι,
807 4969 933 5024 ἀλλά
958 4977 1052 5032 τὴν
1077 4979 1362 5047 μακαρίαν,
1384 4979 1478 5035 τὴν
1509 4975 1558 5028 έν
1591 4973 1877 5030 ἀπολαύσει

281 5060 528 5123 διηνεκεῖ.

353 5189 398 5223 ¹³
438 5187 594 5247 Psal.
626 5204 833 5256 Lxxvu,
872 5191 961 5245 24.

1911 4483 1959 4541 D

1040 5190 1087 5225 ¹⁹
1105 5187 1254 5246 Psal.
1285 5202 1399 5254 ενι,
1433 5189 1487 5245 5.
1515 5190 1565 5227 ιο
1592 5188 1747 5246 Psal.
1772 5205 1981 5259 eum,
2011 5191 2102 5261 24,

1985 1874 2201 1932 neque,
2233 1859 2397 1930 quod
2423 1857 2577 1912 Deus
2618 1855 2819 1928 ipsum
2851 1854 3151 1919 edidisset,
3195 1867 3270 1909 ne
3314 1851 3476 1908 hunc
3517 1852 3642 1908 Deo

1985 1951 2322 2020 aequarent;
2384 1946 2489 2001 sed
2539 1944 2815 2001 absolute
2866 1943 3180 1999 dixerunt:
3218 1942 3417 1998 Patres
3458 1940 3644 1998 uestri

1983 2036 2340 2093 comederunt
2370 2051 2588 2091 manna
2624 2034 2687 2090 in
2731 2034 2971 2089 deserto.
3021 2032 3171 2099 Quid
3218 2046 3361 2101 ergo
3413 2030 3480 2095 is,
3537 2030 3640 2105 qui

1980 2124 2228 2198 disponit
2246 2139 2527 2181 sermones
2543 2139 2678 2180 suos
2691 2122 2752 2178 in
2761 2122 3002 2193 judicio
3019 2123 3066 2158 ¹⁹
3098 2124 3269 2179 ?Non
3299 2120 3491 2192 arguit
3515 2136 3637 2185 eos,

1983 2216 2085 2272 sed
2120 2214 2339 2271 blande
2391 2213 2731 2285 respondet.
2789 2214 3025 2284 Oportet
3066 2211 3249 2277 enim,
3304 2210 3642 2283 utpraedic-

1983 2310 2111 2363 tum
2144 2309 2251 2373 est,
2284 2303 2583 2360 interdum
2605 2300 2849 2376 quidem
2872 2315 3144 2371 arguere,
3176 2299 3474 2357 interdum
3501 2313 3642 2354 vero

1983 2394 2384 2466 dispensative
2410 2391 2760 2448 clementem
2793 2406 2943 2446 esse.

2054 2485 2219 2542 Vers.
2247 2484 2338 2541 32.
2383 2482 2545 2538 Dixit
2591 2512 2644 2522 —
2691 2480 2849 2538 caelo.
2901 2479 3043 2545 Quia
3073 2477 3382 2551 putabant,
3416 2491 3644 2534 manna

1985 2589 2113 2629 esse
2146 2588 2364 2646 panem
2387 2571 2466 2627 ab
2494 2586 2566 2626 eo
2590 2569 2755 2644 quod
2778 2570 3012 2641 proprie
3042 2566 3253 2625 caelum
3281 2565 3639 2640 appellatur,

1984 2678 2056 2719 eo
2085 2662 2249 2736 quod
2268 2662 2553 2734 scriptum
2569 2665 2722 2715 esset
2743 2676 2755 2715 :
2778 2660 2997 2715 Panem
3017 2658 3085 2713 de
3108 2658 3246 2715 coelo
3266 2656 3425 2713 dedit
3449 2656 3530 2713 eis
3553 2657 3638 2711 '°:

1984 2751 2223 2822 corrigit
2242 2766 2554 2807 erroueam
2581 2764 2789 2805 eorum
2816 2747 3173 2819 opinionem.
3207 2748 3345 2803 Nam
3381 2745 3463 2801 ibi
3493 2743 3646 2801 Scri-

1987 2845 2163 2914 ptura
2207 2856 2404 2897 aerem
2438 2838 2759 2912 improprie
2798 2836 3033 2892 vocavit
3062 2835 3278 2893 emtum
3316 2832 3644 2908 :quemad-

1986 2931 2236 2987 modum
2265 2930 2443 2985 etiam
2474 2927 2758 2983 dicuntur
2788 2926 3061 2983 volucres
3092 2924 3247 2981 coeli.
3271 2926 3334 2981 Et
3363 2937 3600 2981 rursum
3625 2937 3639 2977 :

1986 3020 2245 3075 Intonuit
2273 3020 2346 3076 de
2361 3019 2507 3075 calo
2532 3017 2817 3073 Dominus
2842 3018 2911 3071 ²¹.
2990 3070 2994 3072 γ

2058 3109 2151 3164 Ait
2179 3124 2321 3176 ergo
2354 3124 2367 3162 ε
2403 3110 2527 3162 Non
2559 3107 2754 3161 Moses
2807 3104 2973 3160 dedit
3001 3110 3144 3160 tunc
3186 3101 3409 3160 nationi
3442 3104 3644 3158 vestrae

1988 3213 2200 3270 panem
2245 3196 2346 3269 qui
2380 3195 2617 3267 proprie
2668 3195 2742 3249 de
2770 3192 2921 3249 cmlo
2975 3192 3069 3261 sit,
3109 3192 3216 3248 sed
3267 3194 3434 3247 Pater
3471 3206 3642 3247 meus

1983 3301 2148 3343 nunc
2178 3286 2281 3341 dat
2316 3282 2490 3339 vobis
2519 3298 2737 3355 panem
2757 3282 2836 3337 ab
2860 3297 2930 3337 eo
2959 3281 3123 3353 quod
3155 3280 3394 3353 proprie
3423 3278 3643 3335 coelum

1987 3374 2339 3449 appellatur.
2360 3375 2505 3429 Nam
2524 3373 2675 3427 sicut
2692 3372 2857 3426 Pater
2879 3369 3111 3442 proprie
3129 3370 3344 3425 dicitur
3362 3366 3640 3434 caelestis,

1987 3465 2069 3521 ita
2097 3469 2153 3520 et
2180 3462 2353 3519 Filius
2385 3460 2666 3528 cmlestis,
2700 3465 2755 3516 et
2780 3458 3020 3534 proprie
3068 3457 3264 3532 panis,
3311 3460 3512 3530 utpote
3542 3471 3646 3513 cor

1987 3552 2249 3610 hominis
2276 3550 2669 3607 conﬁrmans.

2056 3643 2224 3698 Vers.
2265 3643 2353 3697 32.
2384 3640 2535 3695 Eum
2558 3638 2659 3711 qui
2673 3653 2841 3694 verus
2870 3643 2973 3695 est.
3007 3635 3315 3709 Siquidem
3346 3633 3441 3692 ille
3472 3634 3642 3709 panis

1988 3730 2338 3803 ﬁgurativus
2369 3735 2516 3794 erat,
2550 3744 2659 3789 me.
2697 3727 2909 3802 inquit,
2942 3727 3340 3800 praeﬁgurans
3379 3724 3479 3800 qui
3507 3740 3643 3781 sum

1987 3821 2119 3894 ipsa
2136 3820 2385 3877 Veritas.
2403 3817 2928 3886 Quemadmodum
2956 3816 3115 3873 enim
3143 3815 3237 3873 ille
3262 3816 3521 3887 desuper
3545 3814 3644 3870 de-

1988 3910 2297 3976 scendens,
2330 3924 2434 3965 eos
2464 3908 2569 3981 qui
2606 3906 3061 3979 participabant,
3096 3905 3383 3979 pascebat
3435 3918 3507 3960 ac
3546 3917 3644 3959 ro-

1988 3998 2254 4065 borabat,
2288 4000 2368 4054 ita
2398 4002 2452 4053 et
2474 4013 2606 4068 ego.
2639 3996 2753 4054 Sed
2786 3996 2880 4052 ille
2910 3995 2988 4051 ab
3019 4011 3173 4066 aere,
3213 4010 3325 4064 ego
3375 3998 3575 4051 autem
3607 4007 3645 4049 ιι

1990 4104 2129 4144 vero
2160 4087 2312 4145 coelo
2342 4104 2355 4143 :
2383 4087 2478 4143 ille
2508 4087 2753 4160 quidem
2784 4101 3037 4159 corpora
3062 4084 3348 4158 pascebat
3376 4098 3446 4139 ac
3471 4082 3646 4138 robo-

1987 4177 2177 4243 rabat,
2222 4192 2333 4245 ego
2391 4192 2527 4232 vero
2576 4175 2833 4231 animas.
2893 4177 2954 4230 In
3005 4171 3397 4245 sequentibus
3443 4175 3643 4226 autem

1986 4265 2158 4339 ponit
2196 4263 2623 4335 generaliorem
2654 4262 3052 4319 diﬁ‘erentiam
3083 4262 3234 4317 inter
3263 4258 3643 4331 ﬁgurativum

1989 4368 2228 4425 panem,
2270 4355 2328 4407 et
2347 4368 2479 4407 eum
2510 4351 2610 4424 qui
2654 4366 2826 4406 verus
2857 4355 2963 4405 est.

2056 4441 2219 4496 Vers.
2236 4444 2322 4497 33.
2353 4440 2532 4495 Panis
2552 4437 3032 4497 enim—mundo.
3050 4437 3285 4510 Proprie
3312 4436 3485 4511 panis
3517 4434 3641 4503 Dei,

1989 4531 2111 4586 sive
2150 4529 2390 4585 divinus
2429 4532 2538 4597 est,
2587 4528 2689 4601 qui
2739 4543 2872 4584 vere
2912 4527 2986 4583 de
3030 4526 3177 4583 coelo
3220 4524 3544 4593 descendit,
3590 4529 3644 4580 et

1989 4619 2168 4675 vitam
2194 4624 2480 4675 aeternam
2507 4617 2604 4673 dat
2626 4616 2846 4673 mundo
2870 4616 3126 4673 credenti
3152 4632 3165 4672 :
3187 4614 3433 4672 cumille
3460 4614 3643 4671 vitam

1986 4707 2067 4766 ad
2097 4715 2331 4780 tempus
2362 4707 2550 4771 daret,
2583 4721 2701 4762 non
2735 4705 2984 4773 mundo,
3038 4704 3144 4761 sed
3189 4704 3329 4761 solis
3366 4704 3640 4761 Hebraeis.

1986 4798 2177 4854 Vitam
2232 4801 2429 4853 autem
2475 4801 2753 4851 mternam
2795 4794 3071 4864 intelligo,
3105 4810 3228 4850 non
3276 4792 3641 4866 simpliciter,

1986 4903 2109 4960 qua
2135 4886 2334 4941 vivent
2359 4884 2759 4941 communiter
2782 4899 2994 4939 omnes
3029 4883 3328 4955 homines,
3362 4881 3472 4939 sed
3500 4881 3644 4939 bea-

1983 4977 2130 5040 tam,
2162 4991 2297 5049 quae
2327 4975 2431 5030 erit
2463 4975 2522 5030 in
2553 4972 2834 5031 continua
2871 4973 3074 5047 requie
3098 4974 3250 5046 (uu).

2179 5193 2222 5227 ²¹
2250 5189 2405 5247 Psal.
2432 5204 2565 5254 xvu,
2598 5188 2681 5243 14.

1511 5310 1738 5383 Varia
1753 5312 2080 5383 lectiones
2100 5324 2166 5383 et
2188 5325 2395 5383 notas.

345 5431 458 5500 (44)
496 5428 555 5487 Ὀ
588 5428 759 5487 abest
785 5430 853 5485 Α.

349 5500 462 5575 (45)
501 5500 731 5575 Ἐφαγον
761 5504 821 5555 τὸ
850 5502 1018 5574 μάννα
1046 5505 1108 5557 Α.

503 5572 741 5649 ρρρανοῦ
778 5572 969 5649 κυρίως
999 5578 1061 5627 Δ.

347 5640 463 5717 (47)
498 5640 605 5702 Οὖν
634 5659 745 5718 pro
768 5640 878 5711 νῦιὶ,
911 5650 967 5699 Β.

2061 5431 2176 5503 (48)
2210 5430 2440 5503 Inclusa
2470 5428 2687 5503 omittit
2708 5430 2775 5485 Α.

2058 5500 2271 5570 (49)Τὸν
2302 5501 2458 5555 αὐτὸν
2482 5500 2724 5561 ἀλήθειαν
2776 5506 2839 5555 Δ.

2058 5502 2149 5570 (⁷49
2173 5505 2271 5557 Τὸν
2302 5502 2458 5555 αὐτὸν
2482 5502 2724 5561 ἀλήθειαν
2776 5550 2777 5553 η

2057 5502 2173 5648 (50)
2207 5573 2441 5631 Inclusa
2466 5572 2683 5630 absunt
2708 5573 2777 5628 Α.

350 5743 479 5816 (uu)
508 5743 743 5816 Requie.
775 5740 874 5799 Sic
915 5741 1033 5799 hic.
1074 5740 1230 5800 Infra
1260 5740 1339 5800 ad
1368 5756 1526 5799 vers.
1550 5744 1635 5798 '39
1663 5739 1878 5799 reddid

1993 5741 2238 5797 πόλαυσιν
2264 5741 2614 5815 ﬁnitionem
2640 5741 2760 5801 nisi
2785 5740 3079 5799 ἀνάπαυσιν
3107 5739 3332 5813 legerit.
