  <div class='ocr_page' id='page_1' title='image "/cluster/home/n/w/nwhite01/storage/ocr_20150623/129/hvd.32044019208511/691.png"; bbox 0 0 4098 6426; ppageno 0'>
   <div class='ocr_carea' id='block_1_1' title="bbox 608 254 743 311">
    <p class='ocr_par' dir='ltr' id='par_1_1' title="bbox 608 254 743 311">
     <span class='ocr_line' id='line_1_1' title="bbox 608 254 743 311; baseline -0.007 0"><span class='ocrx_word' id='word_1_1' title='bbox 608 254 743 311; x_wconf 69' lang='grc'><strong>1247</strong></span> 
     </span>
    </p>
   </div>
   <div class='ocr_carea' id='block_1_2' title="bbox 597 469 2253 548">
    <p class='ocr_par' dir='ltr' id='par_1_2' title="bbox 597 469 2253 548">
     <span class='ocr_line' id='line_1_2' title="bbox 597 469 2253 548; baseline 0.005 -25"><span class='ocrx_word' id='word_1_2' title='bbox 597 469 988 541; x_wconf 89' lang='lat' dir='ltr'><strong>intelligentes</strong></span> <span class='ocrx_word' id='word_1_3' title='bbox 1007 472 1354 543; x_wconf 84' lang='lat' dir='ltr'><strong>hujusmodi</strong></span> <span class='ocrx_word' id='word_1_4' title='bbox 1375 491 1588 546; x_wconf 88' lang='lat' dir='ltr'><strong>panem</strong></span> <span class='ocrx_word' id='word_1_5' title='bbox 1611 492 1730 548; x_wconf 75' lang='lat' dir='ltr'><strong>praa</strong></span> <span class='ocrx_word' id='word_1_6' title='bbox 1749 477 1968 532; x_wconf 75' lang='lat' dir='ltr'><strong>ventris</strong></span> <span class='ocrx_word' id='word_1_7' title='bbox 1991 476 2253 548; x_wconf 79' lang='lat' dir='ltr'><strong>ingluvie</strong></span> 
     </span>
    </p>
   </div>
   <div class='ocr_carea' id='block_1_3' title="bbox 599 558 2251 637">
    <p class='ocr_par' dir='ltr' id='par_1_3' title="bbox 599 558 2251 637">
     <span class='ocr_line' id='line_1_3' title="bbox 599 558 2251 637; baseline 0.004 -23"><span class='ocrx_word' id='word_1_8' title='bbox 599 558 761 614; x_wconf 89' lang='lat' dir='ltr'><strong>hunc</strong></span> <span class='ocrx_word' id='word_1_9' title='bbox 799 560 1094 631; x_wconf 85' lang='lat' dir='ltr'><strong>petebant,</strong></span> <span class='ocrx_word' id='word_1_10' title='bbox 1131 579 1248 618; x_wconf 92' lang='lat' dir='ltr'><strong>non</strong></span> <span class='ocrx_word' id='word_1_11' title='bbox 1285 564 1486 629; x_wconf 90' lang='lat' dir='ltr'><strong>semel,</strong></span> <span class='ocrx_word' id='word_1_12' title='bbox 1531 565 1633 619; x_wconf 83' lang='lat' dir='ltr'><strong>sed</strong></span> <span class='ocrx_word' id='word_1_13' title='bbox 1676 581 1914 637; x_wconf 86' lang='lat' dir='ltr'><strong>semper</strong></span> <span class='ocrx_word' id='word_1_14' title='bbox 1963 566 2251 637; x_wconf 91' lang='lat' dir='ltr'><strong>accipere.</strong></span> 
     </span>
    </p>
   </div>
   <div class='ocr_carea' id='block_1_4' title="bbox 673 649 2256 728">
    <p class='ocr_par' dir='ltr' id='par_1_4' title="bbox 673 649 2256 728">
     <span class='ocr_line' id='line_1_4' title="bbox 673 649 2256 728; baseline 0.005 -26"><span class='ocrx_word' id='word_1_15' title='bbox 673 649 937 704; x_wconf 51' lang='grc' dir='ltr'><strong>νει-835.</strong></span> <span class='ocrx_word' id='word_1_16' title='bbox 973 652 1163 706; x_wconf 81' lang='lat' dir='ltr'><strong>Ait—</strong></span> <span class='ocrx_word' id='word_1_17' title='bbox 1194 654 1343 709; x_wconf 72' lang='lat' dir='ltr'><strong>vitae.</strong></span> <span class='ocrx_word' id='word_1_18' title='bbox 1377 653 1548 709; x_wconf 74' lang='lat' dir='ltr'><strong>Panis</strong></span> <span class='ocrx_word' id='word_1_19' title='bbox 1582 653 1906 720; x_wconf 80' lang='lat' dir='ltr'><strong>viviﬁcans,</strong></span> <span class='ocrx_word' id='word_1_20' title='bbox 1949 660 2005 710; x_wconf 90' lang='lat' dir='ltr'><strong>et</strong></span> <span class='ocrx_word' id='word_1_21' title='bbox 2033 656 2158 728; x_wconf 90' lang='lat' dir='ltr'><strong>qui,</strong></span> <span class='ocrx_word' id='word_1_22' title='bbox 2192 660 2256 710; x_wconf 91' lang='lat' dir='ltr'><strong>ut</strong></span> 
     </span>
    </p>
   </div>
   <div class='ocr_carea' id='block_1_5' title="bbox 596 736 2254 816">
    <p class='ocr_par' dir='ltr' id='par_1_5' title="bbox 596 736 2254 816">
     <span class='ocr_line' id='line_1_5' title="bbox 596 736 2254 816; baseline 0.004 -24"><span class='ocrx_word' id='word_1_23' title='bbox 596 736 812 794; x_wconf 88' lang='lat' dir='ltr'><strong>dictum</strong></span> <span class='ocrx_word' id='word_1_24' title='bbox 839 744 947 806; x_wconf 88' lang='lat' dir='ltr'><strong>est,</strong></span> <span class='ocrx_word' id='word_1_25' title='bbox 987 740 1091 796; x_wconf 89' lang='lat' dir='ltr'><strong>dat</strong></span> <span class='ocrx_word' id='word_1_26' title='bbox 1141 742 1326 798; x_wconf 89' lang='lat' dir='ltr'><strong>vitam</strong></span> <span class='ocrx_word' id='word_1_27' title='bbox 1365 750 1651 799; x_wconf 68' lang='lat' dir='ltr'><strong>aeternam</strong></span> <span class='ocrx_word' id='word_1_28' title='bbox 1687 764 1699 814; x_wconf 83' lang='lat'><strong>;</strong></span> <span class='ocrx_word' id='word_1_29' title='bbox 1731 761 1871 800; x_wconf 84' lang='lat' dir='ltr'><strong>nam</strong></span> <span class='ocrx_word' id='word_1_30' title='bbox 1907 759 1979 799; x_wconf 90' lang='lat' dir='ltr'><strong>ea</strong></span> <span class='ocrx_word' id='word_1_31' title='bbox 2016 743 2254 816; x_wconf 86' lang='lat' dir='ltr'><strong>proprie</strong></span> 
     </span>
    </p>
   </div>
   <div class='ocr_carea' id='block_1_6' title="bbox 597 826 2254 906">
    <p class='ocr_par' dir='ltr' id='par_1_6' title="bbox 597 826 2254 906">
     <span class='ocr_line' id='line_1_6' title="bbox 597 826 2254 906; baseline 0.004 -24"><span class='ocrx_word' id='word_1_32' title='bbox 597 826 819 884; x_wconf 89' lang='lat' dir='ltr'><strong>dicitur</strong></span> <span class='ocrx_word' id='word_1_33' title='bbox 853 829 991 894; x_wconf 85' lang='lat' dir='ltr'><strong>vita,</strong></span> <span class='ocrx_word' id='word_1_34' title='bbox 1023 846 1157 901; x_wconf 67' lang='lat' dir='ltr'><strong>qua:</strong></span> <span class='ocrx_word' id='word_1_35' title='bbox 1173 838 1394 889; x_wconf 62' lang='lat' dir='ltr'><strong>aeterna</strong></span> <span class='ocrx_word' id='word_1_36' title='bbox 1423 843 1511 889; x_wconf 88' lang='lat' dir='ltr'><strong>est</strong></span> <span class='ocrx_word' id='word_1_37' title='bbox 1532 850 1695 906; x_wconf 72' lang='lat' dir='ltr'><strong>;quaa</strong></span> <span class='ocrx_word' id='word_1_38' title='bbox 1727 834 1887 888; x_wconf 89' lang='lat' dir='ltr'><strong>enim</strong></span> <span class='ocrx_word' id='word_1_39' title='bbox 1913 833 1988 889; x_wconf 89' lang='lat' dir='ltr'><strong>ad</strong></span> <span class='ocrx_word' id='word_1_40' title='bbox 2021 840 2254 906; x_wconf 81' lang='lat' dir='ltr'><strong>tempus</strong></span> 
     </span>
    </p>
   </div>
   <div class='ocr_carea' id='block_1_7' title="bbox 596 915 2251 993">
    <p class='ocr_par' dir='ltr' id='par_1_7' title="bbox 596 915 2251 993">
     <span class='ocr_line' id='line_1_7' title="bbox 596 915 2251 993; baseline 0.004 -23"><span class='ocrx_word' id='word_1_41' title='bbox 596 915 788 986; x_wconf 88' lang='lat' dir='ltr'><strong>durat,</strong></span> <span class='ocrx_word' id='word_1_42' title='bbox 820 933 939 974; x_wconf 92' lang='lat' dir='ltr'><strong>non</strong></span> <span class='ocrx_word' id='word_1_43' title='bbox 973 919 1094 975; x_wconf 90' lang='lat' dir='ltr'><strong>vita</strong></span> <span class='ocrx_word' id='word_1_44' title='bbox 1123 927 1231 985; x_wconf 89' lang='lat' dir='ltr'><strong>est,</strong></span> <span class='ocrx_word' id='word_1_45' title='bbox 1265 922 1366 977; x_wconf 90' lang='lat' dir='ltr'><strong>sed</strong></span> <span class='ocrx_word' id='word_1_46' title='bbox 1397 923 1524 978; x_wconf 67' lang='lat' dir='ltr'><strong>vitae</strong></span> <span class='ocrx_word' id='word_1_47' title='bbox 1557 923 1768 993; x_wconf 91' lang='lat' dir='ltr'><strong>imago.</strong></span> <span class='ocrx_word' id='word_1_48' title='bbox 1800 923 2024 979; x_wconf 89' lang='lat' dir='ltr'><strong>Panem</strong></span> <span class='ocrx_word' id='word_1_49' title='bbox 2048 927 2251 979; x_wconf 89' lang='lat' dir='ltr'><strong>autem</strong></span> 
     </span>
    </p>
   </div>
   <div class='ocr_carea' id='block_1_8' title="bbox 596 1005 2254 1085">
    <p class='ocr_par' dir='ltr' id='par_1_8' title="bbox 596 1005 2254 1085">
     <span class='ocr_line' id='line_1_8' title="bbox 596 1005 2254 1085; baseline 0.004 -24"><span class='ocrx_word' id='word_1_50' title='bbox 596 1005 732 1062; x_wconf 68' lang='lat' dir='ltr'><strong>vita</strong></span> <span class='ocrx_word' id='word_1_51' title='bbox 761 1023 931 1063; x_wconf 89' lang='lat' dir='ltr'><strong>suam</strong></span> <span class='ocrx_word' id='word_1_52' title='bbox 957 1015 1128 1065; x_wconf 87' lang='lat' dir='ltr'><strong>vocat</strong></span> <span class='ocrx_word' id='word_1_53' title='bbox 1158 1010 1529 1068; x_wconf 72' lang='lat' dir='ltr'><strong>divinitatem</strong></span> <span class='ocrx_word' id='word_1_54' title='bbox 1560 1013 1890 1085; x_wconf 87' lang='lat' dir='ltr'><strong>:siquidem</strong></span> <span class='ocrx_word' id='word_1_55' title='bbox 1924 1013 2054 1084; x_wconf 88' lang='lat' dir='ltr'><strong>ipsa</strong></span> <span class='ocrx_word' id='word_1_56' title='bbox 2083 1013 2254 1085; x_wconf 90' lang='lat' dir='ltr'><strong>panis</strong></span> 
     </span>
    </p>
   </div>
   <div class='ocr_carea' id='block_1_9' title="bbox 598 1105 2251 1178">
    <p class='ocr_par' dir='ltr' id='par_1_9' title="bbox 598 1105 2251 1178">
     <span class='ocr_line' id='line_1_9' title="bbox 598 1105 2251 1178; baseline 0.004 -17"><span class='ocrx_word' id='word_1_57' title='bbox 598 1109 709 1171; x_wconf 86' lang='lat' dir='ltr'><strong>est,</strong></span> <span class='ocrx_word' id='word_1_58' title='bbox 740 1105 847 1178; x_wconf 88' lang='lat' dir='ltr'><strong>qui</strong></span> <span class='ocrx_word' id='word_1_59' title='bbox 892 1105 966 1161; x_wconf 85' lang='lat' dir='ltr'><strong>de</strong></span> <span class='ocrx_word' id='word_1_60' title='bbox 1008 1107 1160 1164; x_wconf 72' lang='lat' dir='ltr'><strong>caelo</strong></span> <span class='ocrx_word' id='word_1_61' title='bbox 1184 1109 1507 1167; x_wconf 75' lang='lat' dir='ltr'><strong>descendit.</strong></span> <span class='ocrx_word' id='word_1_62' title='bbox 1570 1113 1834 1170; x_wconf 77' lang='lat' dir='ltr'><strong>Tandem</strong></span> <span class='ocrx_word' id='word_1_63' title='bbox 1883 1128 2023 1167; x_wconf 91' lang='lat' dir='ltr'><strong>vero</strong></span> <span class='ocrx_word' id='word_1_64' title='bbox 2075 1114 2251 1168; x_wconf 89' lang='lat' dir='ltr'><strong>etiam</strong></span> 
     </span>
    </p>
   </div>
   <div class='ocr_carea' id='block_1_10' title="bbox 597 1202 1480 1267">
    <p class='ocr_par' dir='ltr' id='par_1_10' title="bbox 597 1202 1480 1267">
     <span class='ocr_line' id='line_1_10' title="bbox 597 1202 1480 1267; baseline 0.009 -22"><span class='ocrx_word' id='word_1_65' title='bbox 597 1204 817 1261; x_wconf 87' lang='lat' dir='ltr'><strong>corpus</strong></span> <span class='ocrx_word' id='word_1_66' title='bbox 841 1207 1010 1246; x_wconf 88' lang='lat' dir='ltr'><strong>suum</strong></span> <span class='ocrx_word' id='word_1_67' title='bbox 1041 1202 1214 1250; x_wconf 89' lang='lat' dir='ltr'><strong>vocat</strong></span> <span class='ocrx_word' id='word_1_68' title='bbox 1239 1212 1480 1267; x_wconf 86' lang='lat' dir='ltr'><strong>panem.</strong></span> 
     </span>
    </p>
   </div>
   <div class='ocr_carea' id='block_1_11' title="bbox 669 1279 2250 1363">
    <p class='ocr_par' dir='ltr' id='par_1_11' title="bbox 669 1279 2250 1363">
     <span class='ocr_line' id='line_1_11' title="bbox 669 1279 2250 1363; baseline 0.007 -31"><span class='ocrx_word' id='word_1_69' title='bbox 669 1279 829 1335; x_wconf 86' lang='lat' dir='ltr'><strong>Vers.</strong></span> <span class='ocrx_word' id='word_1_70' title='bbox 859 1282 947 1337; x_wconf 77' lang='lat'><strong>35.</strong></span> <span class='ocrx_word' id='word_1_71' title='bbox 969 1282 1164 1349; x_wconf 81' lang='lat' dir='ltr'><strong>Qui—</strong></span> <span class='ocrx_word' id='word_1_72' title='bbox 1189 1300 1461 1358; x_wconf 73' lang='lat' dir='ltr'><strong>unquam.</strong></span> <span class='ocrx_word' id='word_1_73' title='bbox 1490 1289 1654 1346; x_wconf 86' lang='lat' dir='ltr'><strong>Venit</strong></span> <span class='ocrx_word' id='word_1_74' title='bbox 1673 1291 1968 1363; x_wconf 74' lang='lat' dir='ltr'><strong>quispiam</strong></span> <span class='ocrx_word' id='word_1_75' title='bbox 2002 1289 2078 1346; x_wconf 88' lang='lat' dir='ltr'><strong>ad</strong></span> <span class='ocrx_word' id='word_1_76' title='bbox 2111 1304 2250 1345; x_wconf 91' lang='lat' dir='ltr'><strong>eum</strong></span> 
     </span>
    </p>
   </div>
   <div class='ocr_carea' id='block_1_12' title="bbox 599 1368 2250 1444">
    <p class='ocr_par' dir='ltr' id='par_1_12' title="bbox 599 1368 2250 1444">
     <span class='ocr_line' id='line_1_12' title="bbox 599 1368 2250 1444; baseline 0.014 -22"><span class='ocrx_word' id='word_1_77' title='bbox 599 1382 704 1440; x_wconf 87' lang='lat' dir='ltr'><strong>per</strong></span> <span class='ocrx_word' id='word_1_78' title='bbox 728 1368 910 1426; x_wconf 82' lang='lat' dir='ltr'><strong>ﬁdem</strong></span> <span class='ocrx_word' id='word_1_79' title='bbox 943 1389 956 1436; x_wconf 92' lang='lat'><strong>;</strong></span> <span class='ocrx_word' id='word_1_80' title='bbox 981 1372 1113 1442; x_wconf 87' lang='lat' dir='ltr'><strong>ipsa</strong></span> <span class='ocrx_word' id='word_1_81' title='bbox 1134 1374 1292 1431; x_wconf 89' lang='lat' dir='ltr'><strong>enim</strong></span> <span class='ocrx_word' id='word_1_82' title='bbox 1310 1383 1400 1431; x_wconf 92' lang='lat' dir='ltr'><strong>est</strong></span> <span class='ocrx_word' id='word_1_83' title='bbox 1417 1376 1513 1433; x_wconf 89' lang='lat' dir='ltr'><strong>via</strong></span> <span class='ocrx_word' id='word_1_84' title='bbox 1534 1379 1609 1434; x_wconf 91' lang='lat' dir='ltr'><strong>ad</strong></span> <span class='ocrx_word' id='word_1_85' title='bbox 1639 1380 1826 1436; x_wconf 90' lang='lat' dir='ltr'><strong>illum.</strong></span> <span class='ocrx_word' id='word_1_86' title='bbox 1849 1383 1976 1436; x_wconf 87' lang='lat' dir='ltr'><strong>Non</strong></span> <span class='ocrx_word' id='word_1_87' title='bbox 2006 1378 2250 1444; x_wconf 73' lang='lat' dir='ltr'><strong>esuriat.</strong></span> 
     </span>
    </p>
   </div>
   <div class='ocr_carea' id='block_1_13' title="bbox 598 1457 2251 1539">
    <p class='ocr_par' dir='ltr' id='par_1_13' title="bbox 598 1457 2251 1539">
     <span class='ocr_line' id='line_1_13' title="bbox 598 1457 2251 1539; baseline 0.005 -27"><span class='ocrx_word' id='word_1_88' title='bbox 598 1457 810 1529; x_wconf 88' lang='lat' dir='ltr'><strong>inquit,</strong></span> <span class='ocrx_word' id='word_1_89' title='bbox 842 1458 1000 1516; x_wconf 80' lang='lat' dir='ltr'><strong>fame</strong></span> <span class='ocrx_word' id='word_1_90' title='bbox 1025 1477 1158 1533; x_wconf 68' lang='lat' dir='ltr'><strong>qua:</strong></span> <span class='ocrx_word' id='word_1_91' title='bbox 1190 1463 1270 1518; x_wconf 89' lang='lat' dir='ltr'><strong>ab</strong></span> <span class='ocrx_word' id='word_1_92' title='bbox 1307 1465 1649 1524; x_wconf 76' lang='lat' dir='ltr'><strong>infidelitate</strong></span> <span class='ocrx_word' id='word_1_93' title='bbox 1691 1470 1976 1539; x_wconf 83' lang='lat' dir='ltr'><strong>procedit,</strong></span> <span class='ocrx_word' id='word_1_94' title='bbox 2035 1474 2092 1523; x_wconf 87' lang='lat' dir='ltr'><strong>et</strong></span> <span class='ocrx_word' id='word_1_95' title='bbox 2130 1481 2251 1522; x_wconf 92' lang='lat' dir='ltr'><strong>non</strong></span> 
     </span>
    </p>
   </div>
   <div class='ocr_carea' id='block_1_14' title="bbox 602 1547 2250 1626">
    <p class='ocr_par' dir='ltr' id='par_1_14' title="bbox 602 1547 2250 1626">
     <span class='ocr_line' id='line_1_14' title="bbox 602 1547 2250 1626; baseline 0.005 -25"><span class='ocrx_word' id='word_1_96' title='bbox 602 1547 755 1603; x_wconf 89' lang='lat' dir='ltr'><strong>sitiet</strong></span> <span class='ocrx_word' id='word_1_97' title='bbox 785 1563 1055 1621; x_wconf 79' lang='lat' dir='ltr'><strong>unquam</strong></span> <span class='ocrx_word' id='word_1_98' title='bbox 1086 1552 1202 1621; x_wconf 87' lang='lat' dir='ltr'><strong>siti,</strong></span> <span class='ocrx_word' id='word_1_99' title='bbox 1231 1570 1368 1626; x_wconf 70' lang='lat' dir='ltr'><strong>qum</strong></span> <span class='ocrx_word' id='word_1_100' title='bbox 1416 1558 1495 1612; x_wconf 88' lang='lat' dir='ltr'><strong>ab</strong></span> <span class='ocrx_word' id='word_1_101' title='bbox 1526 1559 1931 1615; x_wconf 88' lang='lat' dir='ltr'><strong>incredulitate</strong></span> <span class='ocrx_word' id='word_1_102' title='bbox 1964 1558 2250 1618; x_wconf 84' lang='lat' dir='ltr'><strong>nascitur,</strong></span> 
     </span>
    </p>
   </div>
   <div class='ocr_carea' id='block_1_15' title="bbox 600 1637 2254 1719">
    <p class='ocr_par' dir='ltr' id='par_1_15' title="bbox 600 1637 2254 1719">
     <span class='ocr_line' id='line_1_15' title="bbox 600 1637 2254 1719; baseline 0.005 -29"><span class='ocrx_word' id='word_1_103' title='bbox 600 1637 705 1691; x_wconf 88' lang='lat' dir='ltr'><strong>sed</strong></span> <span class='ocrx_word' id='word_1_104' title='bbox 737 1643 926 1706; x_wconf 82' lang='lat' dir='ltr'><strong>gratia</strong></span> <span class='ocrx_word' id='word_1_105' title='bbox 953 1639 1155 1697; x_wconf 87' lang='lat' dir='ltr'><strong>divina</strong></span> <span class='ocrx_word' id='word_1_106' title='bbox 1185 1644 1462 1714; x_wconf 87' lang='lat' dir='ltr'><strong>repletus,</strong></span> <span class='ocrx_word' id='word_1_107' title='bbox 1487 1652 1543 1702; x_wconf 85' lang='lat' dir='ltr'><strong>et</strong></span> <span class='ocrx_word' id='word_1_108' title='bbox 1564 1648 1689 1719; x_wconf 86' lang='lat' dir='ltr'><strong>ipse</strong></span> <span class='ocrx_word' id='word_1_109' title='bbox 1719 1648 2001 1718; x_wconf 85' lang='lat' dir='ltr'><strong>deinceps</strong></span> <span class='ocrx_word' id='word_1_110' title='bbox 2033 1646 2254 1702; x_wconf 76' lang='lat' dir='ltr'><strong>nullius</strong></span> 
     </span>
    </p>
   </div>
   <div class='ocr_carea' id='block_1_16' title="bbox 1919 258 2637 317">
    <p class='ocr_par' dir='ltr' id='par_1_16' title="bbox 1919 258 2637 317">
     <span class='ocr_line' id='line_1_16' title="bbox 1919 258 2637 317; baseline 0 -1"><span class='ocrx_word' id='word_1_111' title='bbox 1919 258 2266 317; x_wconf 79' lang='lat' dir='ltr'><strong>EUTHYMII</strong></span> <span class='ocrx_word' id='word_1_112' title='bbox 2305 259 2637 317; x_wconf 77' lang='lat' dir='ltr'><strong>ZIGABENI</strong></span> 
     </span>
    </p>
   </div>
   <div class='ocr_carea' id='block_1_17' title="bbox 671 381 2327 456">
    <p class='ocr_par' dir='ltr' id='par_1_17' title="bbox 671 381 2327 456">
     <span class='ocr_line' id='line_1_17' title="bbox 671 381 2327 456; baseline 0.003 -19"><span class='ocrx_word' id='word_1_113' title='bbox 671 381 831 438; x_wconf 83' lang='lat' dir='ltr'><strong>Vers.</strong></span> <span class='ocrx_word' id='word_1_114' title='bbox 871 382 960 437; x_wconf 71' lang='grc'><strong>34.</strong></span> <span class='ocrx_word' id='word_1_115' title='bbox 989 382 1280 442; x_wconf 70' lang='lat' dir='ltr'><strong>Dixerunt</strong></span> <span class='ocrx_word' id='word_1_116' title='bbox 1311 417 1378 427; x_wconf 95' lang='lat'><strong>—</strong></span> <span class='ocrx_word' id='word_1_117' title='bbox 1416 384 1623 456; x_wconf 67' lang='lat' dir='ltr'><strong>ipsum.</strong></span> <span class='ocrx_word' id='word_1_118' title='bbox 1657 384 1867 443; x_wconf 81' lang='lat' dir='ltr'><strong>Adhuc</strong></span> <span class='ocrx_word' id='word_1_119' title='bbox 1908 386 2252 443; x_wconf 91' lang='lat' dir='ltr'><strong>sensibilem</strong></span> <span class='ocrx_word' id='word_1_120' title='bbox 2282 389 2327 442; x_wconf 76' lang='grc' dir='ltr'><strong>Α</strong></span> 
     </span>
    </p>
   </div>
   <div class='ocr_carea' id='block_1_18' title="bbox 3786 267 3892 326">
    <p class='ocr_par' dir='ltr' id='par_1_18' title="bbox 3786 267 3892 326">
     <span class='ocr_line' id='line_1_18' title="bbox 3786 267 3892 326; baseline 0.019 -2"><span class='ocrx_word' id='word_1_121' title='bbox 3786 267 3892 326; x_wconf 63' lang='grc'><strong>1348</strong></span> 
     </span>
    </p>
   </div>
   <div class='ocr_carea' id='block_1_19' title="bbox 2439 385 3894 462">
    <p class='ocr_par' dir='ltr' id='par_1_19' title="bbox 2439 385 3894 462">
     <span class='ocr_line' id='line_1_19' title="bbox 2439 385 3894 462; baseline 0.003 -21"><span class='ocrx_word' id='word_1_122' title='bbox 2439 385 2591 441; x_wconf 80' lang='grc' dir='ltr'>Εἶπον</span> <span class='ocrx_word' id='word_1_123' title='bbox 2648 418 2718 429; x_wconf 93' lang='lat'><strong><em>—</em></strong></span> <span class='ocrx_word' id='word_1_124' title='bbox 2774 394 2974 442; x_wconf 85' lang='grc' dir='ltr'>τοῦτον.</span> <span class='ocrx_word' id='word_1_125' title='bbox 3038 386 3154 442; x_wconf 83' lang='grc' dir='ltr'>Ἐτι</span> <span class='ocrx_word' id='word_1_126' title='bbox 3206 386 3454 448; x_wconf 72' lang='grc' dir='ltr'>αἰσθητὸν</span> <span class='ocrx_word' id='word_1_127' title='bbox 3523 390 3780 462; x_wconf 72' lang='grc' dir='ltr'>νομίζοντες</span> <span class='ocrx_word' id='word_1_128' title='bbox 3824 399 3894 450; x_wconf 80' lang='grc' dir='ltr'>τὸν</span> 
     </span>
    </p>
   </div>
   <div class='ocr_carea' id='block_1_20' title="bbox 2365 477 3892 555">
    <p class='ocr_par' dir='ltr' id='par_1_20' title="bbox 2365 477 3892 555">
     <span class='ocr_line' id='line_1_20' title="bbox 2365 477 3892 555; baseline 0.007 -27"><span class='ocrx_word' id='word_1_129' title='bbox 2365 487 2597 529; x_wconf 72' lang='grc' dir='ltr'>τοιοῦτον</span> <span class='ocrx_word' id='word_1_130' title='bbox 2633 479 2784 548; x_wconf 76' lang='grc' dir='ltr'>ἄρτον</span> <span class='ocrx_word' id='word_1_131' title='bbox 2832 478 2966 547; x_wconf 80' lang='lat'><strong>(5|),</strong></span> <span class='ocrx_word' id='word_1_132' title='bbox 3000 479 3099 530; x_wconf 77' lang='grc' dir='ltr'><strong>ὑπό</strong></span> <span class='ocrx_word' id='word_1_133' title='bbox 3129 478 3438 552; x_wconf 71' lang='grc' dir='ltr'><strong>λαιμαργίας</strong></span> <span class='ocrx_word' id='word_1_134' title='bbox 3485 477 3721 541; x_wconf 74' lang='grc' dir='ltr'>ἱζήτησαν</span> <span class='ocrx_word' id='word_1_135' title='bbox 3754 485 3892 555; x_wconf 71' lang='grc' dir='ltr'>αὑτὸν,</span> 
     </span>
    </p>
   </div>
   <div class='ocr_carea' id='block_1_21' title="bbox 2364 565 3278 637">
    <p class='ocr_par' dir='ltr' id='par_1_21' title="bbox 2364 565 3278 637">
     <span class='ocr_line' id='line_1_21' title="bbox 2364 565 3278 637; baseline 0.002 -19"><span class='ocrx_word' id='word_1_136' title='bbox 2364 567 2469 637; x_wconf 69' lang='grc' dir='ltr'>οὐχ</span> <span class='ocrx_word' id='word_1_137' title='bbox 2509 565 2847 632; x_wconf 72' lang='grc' dir='ltr'>ἅπασλαϐεἰν,</span> <span class='ocrx_word' id='word_1_138' title='bbox 2883 565 3010 618; x_wconf 76' lang='grc' dir='ltr'><strong>ἀλλὰ</strong></span> <span class='ocrx_word' id='word_1_139' title='bbox 3045 569 3278 620; x_wconf 80' lang='grc' dir='ltr'>πάντοτε.</span> 
     </span>
    </p>
   </div>
   <div class='ocr_carea' id='block_1_22' title="bbox 2438 652 3890 730">
    <p class='ocr_par' dir='ltr' id='par_1_22' title="bbox 2438 652 3890 730">
     <span class='ocr_line' id='line_1_22' title="bbox 2438 652 3890 730; baseline -0.001 -22"><span class='ocrx_word' id='word_1_140' title='bbox 2438 652 2559 708; x_wconf 81' lang='grc' dir='ltr'>Εἶπε</span> <span class='ocrx_word' id='word_1_141' title='bbox 2594 686 2660 696; x_wconf 91' lang='lat'><strong>—-</strong></span> <span class='ocrx_word' id='word_1_142' title='bbox 2711 656 2868 716; x_wconf 78' lang='grc' dir='ltr'>ζωῆς.</span> <span class='ocrx_word' id='word_1_143' title='bbox 2922 655 2980 710; x_wconf 85' lang='grc' dir='ltr'><strong>Ὀ</strong></span> <span class='ocrx_word' id='word_1_144' title='bbox 3030 658 3184 729; x_wconf 78' lang='grc' dir='ltr'>ἄρτος</span> <span class='ocrx_word' id='word_1_145' title='bbox 3239 659 3262 708; x_wconf 90' lang='lat'><strong>6</strong></span> <span class='ocrx_word' id='word_1_146' title='bbox 3318 658 3536 730; x_wconf 74' lang='grc' dir='ltr'><strong>ζωηρός,</strong></span> <span class='ocrx_word' id='word_1_147' title='bbox 3580 659 3756 723; x_wconf 76' lang='grc' dir='ltr'>ὀζωήν</span> <span class='ocrx_word' id='word_1_148' title='bbox 3797 663 3890 716; x_wconf 67' lang='lat' dir='ltr'><strong>aia}.</strong></span> 
     </span>
    </p>
   </div>
   <div class='ocr_carea' id='block_1_23' title="bbox 2363 741 3888 821">
    <p class='ocr_par' dir='ltr' id='par_1_23' title="bbox 2363 741 3888 821">
     <span class='ocr_line' id='line_1_23' title="bbox 2363 741 3888 821; baseline 0.005 -26"><span class='ocrx_word' id='word_1_149' title='bbox 2363 764 2467 796; x_wconf 87' lang='grc' dir='ltr'>νιον</span> <span class='ocrx_word' id='word_1_150' title='bbox 2500 741 2707 808; x_wconf 74' lang='grc' dir='ltr'>διδους,</span> <span class='ocrx_word' id='word_1_151' title='bbox 2741 749 2806 806; x_wconf 77' lang='grc' dir='ltr'>ὡς</span> <span class='ocrx_word' id='word_1_152' title='bbox 2847 749 3068 819; x_wconf 82' lang='grc' dir='ltr'>εἴρηται.</span> <span class='ocrx_word' id='word_1_153' title='bbox 3102 751 3219 804; x_wconf 78' lang='grc' dir='ltr'><strong>Ζωὴ</strong></span> <span class='ocrx_word' id='word_1_154' title='bbox 3259 749 3358 821; x_wconf 74' lang='grc' dir='ltr'><strong>γὰρ</strong></span> <span class='ocrx_word' id='word_1_155' title='bbox 3393 753 3578 820; x_wconf 85' lang='grc' dir='ltr'>κυρίως</span> <span class='ocrx_word' id='word_1_156' title='bbox 3621 751 3646 807; x_wconf 82' lang='grc' dir='ltr'><strong>ἠ</strong></span> <span class='ocrx_word' id='word_1_157' title='bbox 3695 752 3888 815; x_wconf 74' lang='grc' dir='ltr'>αἰώνιος·</span> 
     </span>
    </p>
   </div>
   <div class='ocr_carea' id='block_1_24' title="bbox 2365 835 3888 908">
    <p class='ocr_par' dir='ltr' id='par_1_24' title="bbox 2365 835 3888 908">
     <span class='ocr_line' id='line_1_24' title="bbox 2365 835 3888 908; baseline 0.004 -23"><span class='ocrx_word' id='word_1_158' title='bbox 2365 835 2393 891; x_wconf 79' lang='grc' dir='ltr'><strong>ἡ</strong></span> <span class='ocrx_word' id='word_1_159' title='bbox 2422 839 2522 907; x_wconf 75' lang='grc' dir='ltr'>γαρ</span> <span class='ocrx_word' id='word_1_160' title='bbox 2568 841 2884 906; x_wconf 80' lang='grc' dir='ltr'>πρόσκαιρος</span> <span class='ocrx_word' id='word_1_161' title='bbox 2938 835 2996 886; x_wconf 73' lang='grc' dir='ltr'><strong>ου</strong></span> <span class='ocrx_word' id='word_1_162' title='bbox 3027 840 3217 908; x_wconf 85' lang='grc' dir='ltr'>κυρίως</span> <span class='ocrx_word' id='word_1_163' title='bbox 3251 840 3382 902; x_wconf 69' lang='grc' dir='ltr'><strong>ζωή,</strong></span> <span class='ocrx_word' id='word_1_164' title='bbox 3436 835 3538 887; x_wconf 76' lang='grc' dir='ltr'>ἀλλ’</span> <span class='ocrx_word' id='word_1_165' title='bbox 3591 838 3720 890; x_wconf 83' lang='grc' dir='ltr'>εἰκὼν</span> <span class='ocrx_word' id='word_1_166' title='bbox 3766 842 3888 902; x_wconf 74' lang='grc' dir='ltr'>ζωῆς.</span> 
     </span>
    </p>
   </div>
   <div class='ocr_carea' id='block_1_25' title="bbox 2364 921 3888 999">
    <p class='ocr_par' dir='ltr' id='par_1_25' title="bbox 2364 921 3888 999">
     <span class='ocr_line' id='line_1_25' title="bbox 2364 921 3888 999; baseline 0.005 -24"><span class='ocrx_word' id='word_1_167' title='bbox 2364 923 2551 997; x_wconf 82' lang='grc' dir='ltr'>Ἀρτον</span> <span class='ocrx_word' id='word_1_168' title='bbox 2586 921 2644 976; x_wconf 67' lang='grc' dir='ltr'>δι</span> <span class='ocrx_word' id='word_1_169' title='bbox 2703 925 2819 994; x_wconf 78' lang='lat'><strong>(52)</strong></span> <span class='ocrx_word' id='word_1_170' title='bbox 2851 925 2984 984; x_wconf 74' lang='grc' dir='ltr'><strong>ζωῆς</strong></span> <span class='ocrx_word' id='word_1_171' title='bbox 3013 930 3105 982; x_wconf 73' lang='grc' dir='ltr'>τὴν</span> <span class='ocrx_word' id='word_1_172' title='bbox 3162 927 3382 982; x_wconf 73' lang='grc' dir='ltr'>θεότητα</span> <span class='ocrx_word' id='word_1_173' title='bbox 3438 924 3612 978; x_wconf 80' lang='grc' dir='ltr'><strong>ἑαυτοὺ</strong></span> <span class='ocrx_word' id='word_1_174' title='bbox 3655 927 3888 999; x_wconf 55' lang='lat' dir='ltr'><strong>Mysia}:-</strong></span> 
     </span>
    </p>
   </div>
   <div class='ocr_carea' id='block_1_26' title="bbox 2364 1012 3890 1089">
    <p class='ocr_par' dir='ltr' id='par_1_26' title="bbox 2364 1012 3890 1089">
     <span class='ocr_line' id='line_1_26' title="bbox 2364 1012 3890 1089; baseline 0.005 -25"><span class='ocrx_word' id='word_1_175' title='bbox 2364 1014 2490 1070; x_wconf 68' lang='grc' dir='ltr'>αὕτη</span> <span class='ocrx_word' id='word_1_176' title='bbox 2523 1016 2623 1087; x_wconf 70' lang='grc' dir='ltr'>γὰρ</span> <span class='ocrx_word' id='word_1_177' title='bbox 2658 1015 2814 1086; x_wconf 80' lang='grc' dir='ltr'>α’ρτος</span> <span class='ocrx_word' id='word_1_178' title='bbox 2844 1012 2898 1065; x_wconf 78' lang='grc' dir='ltr'>ὶκ</span> <span class='ocrx_word' id='word_1_179' title='bbox 2928 1022 3016 1066; x_wconf 79' lang='grc' dir='ltr'><strong>του</strong></span> <span class='ocrx_word' id='word_1_180' title='bbox 3045 1013 3268 1086; x_wconf 67' lang='grc' dir='ltr'>οὐρανοῦ</span> <span class='ocrx_word' id='word_1_181' title='bbox 3291 1013 3540 1077; x_wconf 74' lang='grc' dir='ltr'>καταϐάς.</span> <span class='ocrx_word' id='word_1_182' title='bbox 3569 1020 3690 1089; x_wconf 83' lang='grc' dir='ltr'>Πρὸς</span> <span class='ocrx_word' id='word_1_183' title='bbox 3714 1027 3773 1088; x_wconf 77' lang='grc' dir='ltr'>τῷ</span> <span class='ocrx_word' id='word_1_184' title='bbox 3797 1019 3890 1072; x_wconf 72' lang='grc' dir='ltr'>τέλει</span> 
     </span>
    </p>
   </div>
   <div class='ocr_carea' id='block_1_27' title="bbox 2364 1100 3401 1180">
    <p class='ocr_par' dir='ltr' id='par_1_27' title="bbox 2364 1100 3401 1180">
     <span class='ocr_line' id='line_1_27' title="bbox 2364 1100 3401 1180; baseline 0.004 -24"><span class='ocrx_word' id='word_1_185' title='bbox 2364 1100 2421 1156; x_wconf 77' lang='grc' dir='ltr'>δι</span> <span class='ocrx_word' id='word_1_186' title='bbox 2448 1109 2535 1155; x_wconf 82' lang='grc' dir='ltr'><strong>καὶ</strong></span> <span class='ocrx_word' id='word_1_187' title='bbox 2567 1107 2623 1155; x_wconf 85' lang='grc' dir='ltr'>τὸ</span> <span class='ocrx_word' id='word_1_188' title='bbox 2657 1104 2841 1156; x_wconf 71' lang='grc' dir='ltr'>ἑαυτοῦ</span> <span class='ocrx_word' id='word_1_189' title='bbox 2871 1113 3023 1176; x_wconf 69' lang='grc' dir='ltr'>σῶμα</span> <span class='ocrx_word' id='word_1_190' title='bbox 3050 1106 3205 1180; x_wconf 75' lang='grc' dir='ltr'>ἄρτον</span> <span class='ocrx_word' id='word_1_191' title='bbox 3237 1105 3401 1160; x_wconf 79' lang='grc' dir='ltr'>καλεῖ.</span> 
     </span>
    </p>
   </div>
   <div class='ocr_carea' id='block_1_28' title="bbox 2430 1281 3886 1357">
    <p class='ocr_par' dir='ltr' id='par_1_28' title="bbox 2430 1281 3886 1357">
     <span class='ocr_line' id='line_1_28' title="bbox 2430 1281 3886 1357; baseline 0.005 -26"><span class='ocrx_word' id='word_1_192' title='bbox 2430 1281 2488 1332; x_wconf 87' lang='lat'><strong>&#39;0</strong></span> <span class='ocrx_word' id='word_1_193' title='bbox 2519 1313 2584 1321; x_wconf 94' lang='lat'><strong>—</strong></span> <span class='ocrx_word' id='word_1_194' title='bbox 2625 1288 2848 1334; x_wconf 74' lang='grc' dir='ltr'>πώποτε.</span> <span class='ocrx_word' id='word_1_195' title='bbox 2905 1283 3158 1356; x_wconf 86' lang='grc' dir='ltr'>Ἐρχεταί</span> <span class='ocrx_word' id='word_1_196' title='bbox 3206 1303 3283 1346; x_wconf 83' lang='grc' dir='ltr'><strong>τις</strong></span> <span class='ocrx_word' id='word_1_197' title='bbox 3338 1287 3461 1357; x_wconf 77' lang='grc' dir='ltr'>πρὸς</span> <span class='ocrx_word' id='word_1_198' title='bbox 3516 1285 3660 1337; x_wconf 68' lang='grc' dir='ltr'>αὐτὸν</span> <span class='ocrx_word' id='word_1_199' title='bbox 3712 1281 3789 1338; x_wconf 73' lang='grc' dir='ltr'><strong>διὰ</strong></span> <span class='ocrx_word' id='word_1_200' title='bbox 3821 1297 3886 1349; x_wconf 71' lang='grc' dir='ltr'>τῆς</span> 
     </span>
    </p>
   </div>
   <div class='ocr_carea' id='block_1_29' title="bbox 2362 1369 3882 1446">
    <p class='ocr_par' dir='ltr' id='par_1_29' title="bbox 2362 1369 3882 1446">
     <span class='ocr_line' id='line_1_29' title="bbox 2362 1369 3882 1446; baseline 0.003 -24"><span class='ocrx_word' id='word_1_201' title='bbox 2362 1375 2585 1433; x_wconf 85' lang='grc' dir='ltr'>πίστεως</span> <span class='ocrx_word' id='word_1_202' title='bbox 2612 1391 2624 1403; x_wconf 93' lang='grc'><strong>·</strong></span> <span class='ocrx_word' id='word_1_203' title='bbox 2682 1372 2811 1430; x_wconf 76' lang='grc' dir='ltr'><strong>αὕτη</strong></span> <span class='ocrx_word' id='word_1_204' title='bbox 2838 1376 2939 1444; x_wconf 72' lang='grc' dir='ltr'>γὰρ</span> <span class='ocrx_word' id='word_1_205' title='bbox 2993 1375 3022 1431; x_wconf 76' lang='grc' dir='ltr'>ἡ</span> <span class='ocrx_word' id='word_1_206' title='bbox 3058 1374 3172 1443; x_wconf 78' lang='grc'><strong>(53)</strong></span> <span class='ocrx_word' id='word_1_207' title='bbox 3231 1369 3357 1435; x_wconf 81' lang='grc' dir='ltr'><strong>ὁδὸς</strong></span> <span class='ocrx_word' id='word_1_208' title='bbox 3388 1378 3510 1444; x_wconf 75' lang='grc' dir='ltr'>πρὸς</span> <span class='ocrx_word' id='word_1_209' title='bbox 3548 1374 3705 1428; x_wconf 69' lang='grc' dir='ltr'>αὐτόν.</span> <span class='ocrx_word' id='word_1_210' title='bbox 3731 1375 3791 1427; x_wconf 69' lang='grc' dir='ltr'><strong>Οὐ</strong></span> <span class='ocrx_word' id='word_1_211' title='bbox 3833 1382 3882 1446; x_wconf 73' lang='grc' dir='ltr'><strong>μή</strong></span> 
     </span>
    </p>
   </div>
   <div class='ocr_carea' id='block_1_30' title="bbox 2365 1460 3885 1533">
    <p class='ocr_par' dir='ltr' id='par_1_30' title="bbox 2365 1460 3885 1533">
     <span class='ocr_line' id='line_1_30' title="bbox 2365 1460 3885 1533; baseline 0.002 -21"><span class='ocrx_word' id='word_1_212' title='bbox 2365 1464 2605 1532; x_wconf 68' lang='grc' dir='ltr'>πεινάσῃ,</span> <span class='ocrx_word' id='word_1_213' title='bbox 2655 1468 2806 1533; x_wconf 66' lang='grc' dir='ltr'><strong>φησί,</strong></span> <span class='ocrx_word' id='word_1_214' title='bbox 2840 1467 2932 1520; x_wconf 71' lang='grc' dir='ltr'>τὴν</span> <span class='ocrx_word' id='word_1_215' title='bbox 2965 1460 3065 1514; x_wconf 79' lang='grc' dir='ltr'>ἀπὸ</span> <span class='ocrx_word' id='word_1_216' title='bbox 3112 1472 3204 1524; x_wconf 83' lang='grc' dir='ltr'>τῆς</span> <span class='ocrx_word' id='word_1_217' title='bbox 3247 1461 3496 1525; x_wconf 76' lang='grc' dir='ltr'>ἀτιστίας</span> <span class='ocrx_word' id='word_1_218' title='bbox 3516 1471 3678 1516; x_wconf 86' lang='grc' dir='ltr'>πεῖναν</span> <span class='ocrx_word' id='word_1_219' title='bbox 3704 1481 3713 1492; x_wconf 92' lang='grc'><strong>·</strong></span> <span class='ocrx_word' id='word_1_220' title='bbox 3739 1469 3810 1516; x_wconf 80' lang='grc' dir='ltr'><strong>καὶ</strong></span> <span class='ocrx_word' id='word_1_221' title='bbox 3848 1466 3885 1516; x_wconf 69' lang='grc' dir='ltr'>οὐ</span> 
     </span>
    </p>
   </div>
   <div class='ocr_carea' id='block_1_31' title="bbox 2365 1545 3885 1622">
    <p class='ocr_par' dir='ltr' id='par_1_31' title="bbox 2365 1545 3885 1622">
     <span class='ocr_line' id='line_1_31' title="bbox 2365 1545 3885 1622; baseline 0.002 -21"><span class='ocrx_word' id='word_1_222' title='bbox 2365 1553 2436 1620; x_wconf 79' lang='grc' dir='ltr'><strong>μὴ</strong></span> <span class='ocrx_word' id='word_1_223' title='bbox 2485 1545 2692 1621; x_wconf 64' lang='grc' dir='ltr'>διψήσῃ</span> <span class='ocrx_word' id='word_1_224' title='bbox 2741 1556 2943 1602; x_wconf 75' lang='grc' dir='ltr'>πώποτε</span> <span class='ocrx_word' id='word_1_225' title='bbox 2990 1557 3080 1608; x_wconf 73' lang='grc' dir='ltr'>τὴν</span> <span class='ocrx_word' id='word_1_226' title='bbox 3137 1551 3238 1603; x_wconf 80' lang='grc' dir='ltr'><strong>ἀπὸ</strong></span> <span class='ocrx_word' id='word_1_227' title='bbox 3290 1559 3385 1613; x_wconf 84' lang='grc' dir='ltr'>τῆς</span> <span class='ocrx_word' id='word_1_228' title='bbox 3454 1551 3687 1612; x_wconf 75' lang='grc' dir='ltr'><strong>ἀπιστίας</strong></span> <span class='ocrx_word' id='word_1_229' title='bbox 3737 1549 3885 1622; x_wconf 61' lang='grc' dir='ltr'>δίψαν</span> 
     </span>
    </p>
   </div>
   <div class='ocr_carea' id='block_1_32' title="bbox 2368 1636 3883 1714">
    <p class='ocr_par' dir='ltr' id='par_1_32' title="bbox 2368 1636 3883 1714">
     <span class='ocr_line' id='line_1_32' title="bbox 2368 1636 3883 1714; baseline 0.006 -25"><span class='ocrx_word' id='word_1_230' title='bbox 2368 1636 2492 1689; x_wconf 69' lang='grc' dir='ltr'><strong>ἀλλὰ</strong></span> <span class='ocrx_word' id='word_1_231' title='bbox 2530 1640 2781 1701; x_wconf 70' lang='grc' dir='ltr'>πλησθεὶς</span> <span class='ocrx_word' id='word_1_232' title='bbox 2810 1648 2904 1702; x_wconf 77' lang='grc' dir='ltr'>τῆς</span> <span class='ocrx_word' id='word_1_233' title='bbox 2934 1643 3073 1702; x_wconf 85' lang='grc' dir='ltr'>Θείας</span> <span class='ocrx_word' id='word_1_234' title='bbox 3115 1643 3342 1713; x_wconf 73' lang='grc' dir='ltr'>χάριτος</span> <span class='ocrx_word' id='word_1_235' title='bbox 3389 1641 3537 1702; x_wconf 74' lang='grc' dir='ltr'>αὐτὸς</span> <span class='ocrx_word' id='word_1_236' title='bbox 3570 1661 3618 1695; x_wconf 83' lang='grc' dir='ltr'><strong>τε</strong></span> <span class='ocrx_word' id='word_1_237' title='bbox 3657 1639 3883 1714; x_wconf 76' lang='grc' dir='ltr'>ἀπροσδεὲς</span> 
     </span>
    </p>
   </div>
   <div class='ocr_carea' id='block_1_33' title="bbox 599 1725 2217 1806">
    <p class='ocr_par' dir='ltr' id='par_1_33' title="bbox 599 1725 2217 1803">
     <span class='ocr_line' id='line_1_33' title="bbox 599 1725 2217 1803; baseline 0.007 -24"><span class='ocrx_word' id='word_1_238' title='bbox 599 1725 908 1796; x_wconf 79' lang='lat' dir='ltr'><strong>indigebit,</strong></span> <span class='ocrx_word' id='word_1_239' title='bbox 939 1730 1042 1784; x_wconf 88' lang='lat' dir='ltr'><strong>sed</strong></span> <span class='ocrx_word' id='word_1_240' title='bbox 1064 1730 1192 1786; x_wconf 88' lang='lat' dir='ltr'><strong>aliis</strong></span> <span class='ocrx_word' id='word_1_241' title='bbox 1235 1734 1432 1803; x_wconf 84' lang='lat' dir='ltr'><strong>potius</strong></span> <span class='ocrx_word' id='word_1_242' title='bbox 1460 1739 1795 1793; x_wconf 87' lang='lat' dir='ltr'><strong>necessaria</strong></span> <span class='ocrx_word' id='word_1_243' title='bbox 1836 1737 2217 1792; x_wconf 81' lang='lat' dir='ltr'><strong>subministra</strong></span> 
     </span>
    </p>
   </div>
   <div class='ocr_carea' id='block_1_34' title="bbox 2264 1725 3882 1806">
    <p class='ocr_par' dir='ltr' id='par_1_34' title="bbox 2292 1727 3882 1806">
     <span class='ocr_line' id='line_1_34' title="bbox 2292 1727 3882 1806; baseline 0.002 -29"><span class='ocrx_word' id='word_1_244' title='bbox 2292 1743 2332 1798; x_wconf 76' lang='grc' dir='ltr'><strong><em>Β</em></strong></span> <span class='ocrx_word' id='word_1_245' title='bbox 2366 1729 2512 1778; x_wconf 76' lang='grc' dir='ltr'>ἔσται</span> <span class='ocrx_word' id='word_1_246' title='bbox 2541 1727 2738 1789; x_wconf 78' lang='grc' dir='ltr'>λοιπόν,</span> <span class='ocrx_word' id='word_1_247' title='bbox 2770 1734 2860 1780; x_wconf 75' lang='grc' dir='ltr'>καὶ</span> <span class='ocrx_word' id='word_1_248' title='bbox 2909 1729 3096 1801; x_wconf 72' lang='grc' dir='ltr'>ἑτέροις</span> <span class='ocrx_word' id='word_1_249' title='bbox 3125 1730 3317 1803; x_wconf 67' lang='grc' dir='ltr'>μᾶλλον</span> <span class='ocrx_word' id='word_1_250' title='bbox 3347 1729 3633 1806; x_wconf 72' lang='grc' dir='ltr'><strong>ἐπαρκέσει,</strong></span> <span class='ocrx_word' id='word_1_251' title='bbox 3675 1727 3882 1783; x_wconf 71' lang='grc' dir='ltr'>διδάσκων</span> 
     </span>
    </p>
   </div>
   <div class='ocr_carea' id='block_1_35' title="bbox 599 1814 1530 1880">
    <p class='ocr_par' dir='ltr' id='par_1_35' title="bbox 599 1814 1530 1880">
     <span class='ocr_line' id='line_1_35' title="bbox 599 1814 1530 1880; baseline 0.01 -9"><span class='ocrx_word' id='word_1_252' title='bbox 599 1814 706 1879; x_wconf 92' lang='lat' dir='ltr'><strong>bit,</strong></span> <span class='ocrx_word' id='word_1_253' title='bbox 728 1815 950 1872; x_wconf 88' lang='lat' dir='ltr'><strong>docens</strong></span> <span class='ocrx_word' id='word_1_254' title='bbox 975 1835 1044 1874; x_wconf 89' lang='lat' dir='ltr'><strong>ac</strong></span> <span class='ocrx_word' id='word_1_255' title='bbox 1075 1821 1352 1878; x_wconf 86' lang='lat' dir='ltr'><strong>erudiens</strong></span> <span class='ocrx_word' id='word_1_256' title='bbox 1380 1824 1530 1880; x_wconf 92' lang='lat' dir='ltr'><strong>illos.</strong></span> 
     </span>
    </p>
   </div>
   <div class='ocr_carea' id='block_1_36' title="bbox 673 1903 2249 1980">
    <p class='ocr_par' dir='ltr' id='par_1_36' title="bbox 673 1903 2249 1980">
     <span class='ocr_line' id='line_1_36' title="bbox 673 1903 2249 1980; baseline 0.005 -20"><span class='ocrx_word' id='word_1_257' title='bbox 673 1903 839 1961; x_wconf 90' lang='lat' dir='ltr'><strong>Vers.</strong></span> <span class='ocrx_word' id='word_1_258' title='bbox 887 1912 974 1962; x_wconf 84' lang='lat'><strong>36.</strong></span> <span class='ocrx_word' id='word_1_259' title='bbox 1020 1910 1139 1966; x_wconf 86' lang='lat' dir='ltr'><strong>Sed</strong></span> <span class='ocrx_word' id='word_1_260' title='bbox 1187 1943 1254 1952; x_wconf 96' lang='lat'>—</span> <span class='ocrx_word' id='word_1_261' title='bbox 1291 1914 1639 1970; x_wconf 82' lang='lat' dir='ltr'><strong>credidistis.</strong></span> <span class='ocrx_word' id='word_1_262' title='bbox 1688 1915 1922 1971; x_wconf 83' lang='lat' dir='ltr'><strong>Vidistis</strong></span> <span class='ocrx_word' id='word_1_263' title='bbox 1963 1931 2078 1980; x_wconf 89' lang='lat' dir='ltr'><strong>me,</strong></span> <span class='ocrx_word' id='word_1_264' title='bbox 2125 1913 2249 1969; x_wconf 87' lang='lat' dir='ltr'><strong>sive</strong></span> 
     </span>
    </p>
   </div>
   <div class='ocr_carea' id='block_1_37' title="bbox 601 1996 2248 2070">
    <p class='ocr_par' dir='ltr' id='par_1_37' title="bbox 601 1996 2248 2070">
     <span class='ocr_line' id='line_1_37' title="bbox 601 1996 2248 2070; baseline 0.01 -23"><span class='ocrx_word' id='word_1_265' title='bbox 601 1996 970 2063; x_wconf 88' lang='lat' dir='ltr'><strong>cognovistis</strong></span> <span class='ocrx_word' id='word_1_266' title='bbox 1001 2000 1135 2069; x_wconf 90' lang='lat' dir='ltr'><strong>quis</strong></span> <span class='ocrx_word' id='word_1_267' title='bbox 1155 2017 1262 2068; x_wconf 76' lang='lat' dir='ltr'><strong>ego</strong></span> <span class='ocrx_word' id='word_1_268' title='bbox 1293 2004 1427 2070; x_wconf 86' lang='lat' dir='ltr'><strong>sim,</strong></span> <span class='ocrx_word' id='word_1_269' title='bbox 1464 2010 1518 2060; x_wconf 90' lang='lat' dir='ltr'><strong>et</strong></span> <span class='ocrx_word' id='word_1_270' title='bbox 1542 2021 1576 2060; x_wconf 89' lang='lat' dir='ltr'><strong>a</strong></span> <span class='ocrx_word' id='word_1_271' title='bbox 1608 2006 1942 2061; x_wconf 83' lang='lat' dir='ltr'><strong>testimonio</strong></span> <span class='ocrx_word' id='word_1_272' title='bbox 1985 2005 2248 2064; x_wconf 77' lang='lat' dir='ltr'><strong>Joannis.</strong></span> 
     </span>
    </p>
   </div>
   <div class='ocr_carea' id='block_1_38' title="bbox 601 2084 2251 2165">
    <p class='ocr_par' dir='ltr' id='par_1_38' title="bbox 601 2084 2251 2165">
     <span class='ocr_line' id='line_1_38' title="bbox 601 2084 2251 2165; baseline 0.007 -28"><span class='ocrx_word' id='word_1_273' title='bbox 601 2087 660 2137; x_wconf 90' lang='lat' dir='ltr'><strong>et</strong></span> <span class='ocrx_word' id='word_1_274' title='bbox 698 2100 733 2139; x_wconf 91' lang='lat' dir='ltr'><strong>a</strong></span> <span class='ocrx_word' id='word_1_275' title='bbox 765 2084 952 2154; x_wconf 85' lang='lat' dir='ltr'><strong>signis</strong></span> <span class='ocrx_word' id='word_1_276' title='bbox 991 2103 1127 2158; x_wconf 75' lang='lat' dir='ltr'><strong>qum</strong></span> <span class='ocrx_word' id='word_1_277' title='bbox 1152 2091 1325 2156; x_wconf 83' lang='lat' dir='ltr'><strong>edidi,</strong></span> <span class='ocrx_word' id='word_1_278' title='bbox 1366 2098 1483 2148; x_wconf 90' lang='lat' dir='ltr'><strong>eta</strong></span> <span class='ocrx_word' id='word_1_279' title='bbox 1535 2095 1869 2151; x_wconf 77' lang='lat' dir='ltr'><strong>testimonio</strong></span> <span class='ocrx_word' id='word_1_280' title='bbox 1926 2096 2251 2165; x_wconf 89' lang='lat' dir='ltr'><strong>Scriptura-</strong></span> 
     </span>
    </p>
   </div>
   <div class='ocr_carea' id='block_1_39' title="bbox 601 2177 2252 2252">
    <p class='ocr_par' dir='ltr' id='par_1_39' title="bbox 601 2177 2252 2252">
     <span class='ocr_line' id='line_1_39' title="bbox 601 2177 2252 2252; baseline 0.008 -26"><span class='ocrx_word' id='word_1_281' title='bbox 601 2188 756 2238; x_wconf 90' lang='lat' dir='ltr'><strong>rum,</strong></span> <span class='ocrx_word' id='word_1_282' title='bbox 789 2190 941 2246; x_wconf 87' lang='lat' dir='ltr'><strong>quas</strong></span> <span class='ocrx_word' id='word_1_283' title='bbox 983 2177 1154 2233; x_wconf 87' lang='lat' dir='ltr'><strong>vobis</strong></span> <span class='ocrx_word' id='word_1_284' title='bbox 1205 2182 1432 2252; x_wconf 92' lang='lat' dir='ltr'><strong>aperui,</strong></span> <span class='ocrx_word' id='word_1_285' title='bbox 1482 2184 1584 2238; x_wconf 90' lang='lat' dir='ltr'><strong>sed</strong></span> <span class='ocrx_word' id='word_1_286' title='bbox 1635 2184 1966 2240; x_wconf 82' lang='lat' dir='ltr'><strong>voluntarie</strong></span> <span class='ocrx_word' id='word_1_287' title='bbox 2027 2183 2252 2239; x_wconf 89' lang='lat' dir='ltr'><strong>malum</strong></span> 
     </span>
    </p>
   </div>
   <div class='ocr_carea' id='block_1_40' title="bbox 599 2268 2252 2337">
    <p class='ocr_par' dir='ltr' id='par_1_40' title="bbox 599 2268 2252 2337">
     <span class='ocr_line' id='line_1_40' title="bbox 599 2268 2252 2337; baseline 0.007 -22"><span class='ocrx_word' id='word_1_288' title='bbox 599 2268 918 2332; x_wconf 83' lang='lat' dir='ltr'><strong>operantes</strong></span> <span class='ocrx_word' id='word_1_289' title='bbox 951 2281 1071 2320; x_wconf 92' lang='lat' dir='ltr'><strong>non</strong></span> <span class='ocrx_word' id='word_1_290' title='bbox 1119 2269 1377 2324; x_wconf 82' lang='lat' dir='ltr'><strong>creditis.</strong></span> <span class='ocrx_word' id='word_1_291' title='bbox 1430 2272 1684 2337; x_wconf 81' lang='lat' dir='ltr'><strong>Quando</strong></span> <span class='ocrx_word' id='word_1_292' title='bbox 1731 2280 1931 2328; x_wconf 89' lang='lat' dir='ltr'><strong>autem</strong></span> <span class='ocrx_word' id='word_1_293' title='bbox 1981 2274 2091 2329; x_wconf 81' lang='lat' dir='ltr'><strong>hac</strong></span> <span class='ocrx_word' id='word_1_294' title='bbox 2137 2272 2252 2328; x_wconf 87' lang='lat' dir='ltr'><strong>illis</strong></span> 
     </span>
    </p>
   </div>
   <div class='ocr_carea' id='block_1_41' title="bbox 600 2349 2254 2431">
    <p class='ocr_par' dir='ltr' id='par_1_41' title="bbox 600 2349 2254 2431">
     <span class='ocr_line' id='line_1_41' title="bbox 600 2349 2254 2431; baseline 0.007 -26"><span class='ocrx_word' id='word_1_295' title='bbox 600 2349 744 2406; x_wconf 80' lang='lat' dir='ltr'><strong>dixit</strong></span> <span class='ocrx_word' id='word_1_296' title='bbox 782 2353 810 2408; x_wconf 81' lang='lat'><strong><em>?</em></strong></span> <span class='ocrx_word' id='word_1_297' title='bbox 840 2352 1163 2411; x_wconf 87' lang='lat' dir='ltr'><strong>Verisimile</strong></span> <span class='ocrx_word' id='word_1_298' title='bbox 1193 2360 1432 2431; x_wconf 89' lang='lat' dir='ltr'><strong>quidem</strong></span> <span class='ocrx_word' id='word_1_299' title='bbox 1463 2369 1551 2416; x_wconf 89' lang='lat' dir='ltr'><strong>est</strong></span> <span class='ocrx_word' id='word_1_300' title='bbox 1580 2363 1693 2418; x_wconf 87' lang='lat' dir='ltr'><strong>hoc</strong></span> <span class='ocrx_word' id='word_1_301' title='bbox 1721 2364 1944 2418; x_wconf 89' lang='lat' dir='ltr'><strong>dictum</strong></span> <span class='ocrx_word' id='word_1_302' title='bbox 1965 2379 2115 2428; x_wconf 88' lang='lat' dir='ltr'><strong>esse,</strong></span> <span class='ocrx_word' id='word_1_303' title='bbox 2148 2362 2254 2418; x_wconf 68' lang='lat' dir='ltr'><strong>etsi</strong></span> 
     </span>
    </p>
   </div>
   <div class='ocr_carea' id='block_1_42' title="bbox 600 2440 1174 2512">
    <p class='ocr_par' dir='ltr' id='par_1_42' title="bbox 600 2440 1174 2512">
     <span class='ocr_line' id='line_1_42' title="bbox 600 2440 1174 2512; baseline 0.014 -18"><span class='ocrx_word' id='word_1_304' title='bbox 600 2440 886 2512; x_wconf 89' lang='lat' dir='ltr'><strong>scriptum</strong></span> <span class='ocrx_word' id='word_1_305' title='bbox 928 2459 1046 2501; x_wconf 89' lang='lat' dir='ltr'><strong>non</strong></span> <span class='ocrx_word' id='word_1_306' title='bbox 1081 2446 1174 2502; x_wconf 88' lang='lat' dir='ltr'><strong>sit.</strong></span> 
     </span>
    </p>
   </div>
   <div class='ocr_carea' id='block_1_43' title="bbox 673 2530 2258 2597">
    <p class='ocr_par' dir='ltr' id='par_1_43' title="bbox 673 2530 2258 2597">
     <span class='ocr_line' id='line_1_43' title="bbox 673 2530 2258 2597; baseline 0.009 -17"><span class='ocrx_word' id='word_1_307' title='bbox 673 2530 843 2588; x_wconf 83' lang='lat' dir='ltr'><strong>Vers.</strong></span> <span class='ocrx_word' id='word_1_308' title='bbox 907 2537 993 2589; x_wconf 87' lang='lat'><strong>37.</strong></span> <span class='ocrx_word' id='word_1_309' title='bbox 1043 2535 1226 2592; x_wconf 82' lang='lat' dir='ltr'><strong>Omne</strong></span> <span class='ocrx_word' id='word_1_310' title='bbox 1281 2568 1347 2578; x_wconf 93' lang='lat'><strong>—</strong></span> <span class='ocrx_word' id='word_1_311' title='bbox 1397 2540 1604 2596; x_wconf 86' lang='lat' dir='ltr'><strong>veniet.</strong></span> <span class='ocrx_word' id='word_1_312' title='bbox 1661 2548 1777 2596; x_wconf 79' lang='lat' dir='ltr'><strong>[loc</strong></span> <span class='ocrx_word' id='word_1_313' title='bbox 1824 2557 2099 2597; x_wconf 88' lang='lat' dir='ltr'><strong>sermone</strong></span> <span class='ocrx_word' id='word_1_314' title='bbox 2158 2540 2258 2595; x_wconf 87' lang='lat' dir='ltr'><strong>de-</strong></span> 
     </span>
    </p>
   </div>
   <div class='ocr_carea' id='block_1_44' title="bbox 605 2624 2253 2701">
    <p class='ocr_par' dir='ltr' id='par_1_44' title="bbox 605 2624 2253 2701">
     <span class='ocr_line' id='line_1_44' title="bbox 605 2624 2253 2701; baseline 0.008 -30"><span class='ocrx_word' id='word_1_315' title='bbox 605 2624 1099 2694; x_wconf 86' lang='lat' dir='ltr'><strong>monstrat,quod</strong></span> <span class='ocrx_word' id='word_1_316' title='bbox 1137 2626 1304 2681; x_wconf 88' lang='lat' dir='ltr'><strong>Pater</strong></span> <span class='ocrx_word' id='word_1_317' title='bbox 1335 2628 1577 2684; x_wconf 84' lang='lat' dir='ltr'><strong>adducit</strong></span> <span class='ocrx_word' id='word_1_318' title='bbox 1602 2631 1653 2685; x_wconf 91' lang='lat' dir='ltr'><strong>ei</strong></span> <span class='ocrx_word' id='word_1_319' title='bbox 1685 2631 1995 2685; x_wconf 88' lang='lat' dir='ltr'><strong>credentes</strong></span> <span class='ocrx_word' id='word_1_320' title='bbox 2023 2648 2034 2686; x_wconf 93' lang='lat'>:</span> <span class='ocrx_word' id='word_1_321' title='bbox 2074 2630 2253 2701; x_wconf 88' lang='lat' dir='ltr'><strong>siqui-</strong></span> 
     </span>
    </p>
   </div>
   <div class='ocr_carea' id='block_1_45' title="bbox 603 2705 2256 2788">
    <p class='ocr_par' dir='ltr' id='par_1_45' title="bbox 603 2705 2256 2788">
     <span class='ocr_line' id='line_1_45' title="bbox 603 2705 2256 2788; baseline 0.008 -28"><span class='ocrx_word' id='word_1_322' title='bbox 603 2705 742 2762; x_wconf 91' lang='lat' dir='ltr'><strong>dem</strong></span> <span class='ocrx_word' id='word_1_323' title='bbox 780 2709 923 2764; x_wconf 89' lang='lat' dir='ltr'><strong>dicit</strong></span> <span class='ocrx_word' id='word_1_324' title='bbox 953 2717 1008 2766; x_wconf 91' lang='lat' dir='ltr'><strong>et</strong></span> <span class='ocrx_word' id='word_1_325' title='bbox 1028 2713 1243 2768; x_wconf 86' lang='lat' dir='ltr'><strong>Paulus</strong></span> <span class='ocrx_word' id='word_1_326' title='bbox 1280 2738 1291 2768; x_wconf 93' lang='lat'><strong>:</strong></span> <span class='ocrx_word' id='word_1_327' title='bbox 1327 2718 1613 2788; x_wconf 86' lang='lat' dir='ltr'><strong>Perquem</strong></span> <span class='ocrx_word' id='word_1_328' title='bbox 1642 2720 1822 2775; x_wconf 80' lang='lat' dir='ltr'><strong>vocati</strong></span> <span class='ocrx_word' id='word_1_329' title='bbox 1850 2722 1984 2774; x_wconf 83' lang='lat' dir='ltr'><strong>estis</strong></span> <span class='ocrx_word' id='word_1_330' title='bbox 2007 2721 2068 2773; x_wconf 88' lang='lat' dir='ltr'><strong>in</strong></span> <span class='ocrx_word' id='word_1_331' title='bbox 2089 2720 2256 2774; x_wconf 82' lang='lat' dir='ltr'><strong>sOcie-</strong></span> 
     </span>
    </p>
   </div>
   <div class='ocr_carea' id='block_1_46' title="bbox 603 2798 2255 2874">
    <p class='ocr_par' dir='ltr' id='par_1_46' title="bbox 603 2798 2255 2874">
     <span class='ocr_line' id='line_1_46' title="bbox 603 2798 2255 2874; baseline 0.008 -25"><span class='ocrx_word' id='word_1_332' title='bbox 603 2801 782 2852; x_wconf 89' lang='lat' dir='ltr'><strong>tatem</strong></span> <span class='ocrx_word' id='word_1_333' title='bbox 817 2798 945 2852; x_wconf 81' lang='lat' dir='ltr'><strong>Filii</strong></span> <span class='ocrx_word' id='word_1_334' title='bbox 985 2803 1109 2869; x_wconf 84' lang='lat' dir='ltr'><strong>ejus</strong></span> <span class='ocrx_word' id='word_1_335' title='bbox 1157 2805 1224 2857; x_wconf 82' lang='grc'><strong>²².</strong></span> <span class='ocrx_word' id='word_1_336' title='bbox 1275 2805 1368 2859; x_wconf 81' lang='lat' dir='ltr'><strong>Ait</strong></span> <span class='ocrx_word' id='word_1_337' title='bbox 1403 2821 1577 2874; x_wconf 87' lang='lat' dir='ltr'><strong>ergo:</strong></span> <span class='ocrx_word' id='word_1_338' title='bbox 1625 2808 1799 2864; x_wconf 72' lang='lat' dir='ltr'><strong>Omne</strong></span> <span class='ocrx_word' id='word_1_339' title='bbox 1847 2808 2001 2863; x_wconf 79' lang='lat' dir='ltr'><strong>illud</strong></span> <span class='ocrx_word' id='word_1_340' title='bbox 2035 2808 2114 2862; x_wconf 83' lang='lat' dir='ltr'><strong>ad</strong></span> <span class='ocrx_word' id='word_1_341' title='bbox 2166 2822 2255 2863; x_wconf 84' lang='lat' dir='ltr'><strong>me</strong></span> 
     </span>
    </p>
   </div>
   <div class='ocr_carea' id='block_1_47' title="bbox 605 2885 2254 2968">
    <p class='ocr_par' dir='ltr' id='par_1_47' title="bbox 605 2885 2254 2968">
     <span class='ocr_line' id='line_1_47' title="bbox 605 2885 2254 2968; baseline 0.007 -29"><span class='ocrx_word' id='word_1_342' title='bbox 605 2885 792 2941; x_wconf 81' lang='lat' dir='ltr'><strong>veniet</strong></span> <span class='ocrx_word' id='word_1_343' title='bbox 814 2889 974 2958; x_wconf 84' lang='lat' dir='ltr'><strong>quod</strong></span> <span class='ocrx_word' id='word_1_344' title='bbox 1001 2889 1110 2945; x_wconf 85' lang='lat' dir='ltr'><strong>dat</strong></span> <span class='ocrx_word' id='word_1_345' title='bbox 1129 2892 1265 2946; x_wconf 83' lang='lat' dir='ltr'><strong>mihi</strong></span> <span class='ocrx_word' id='word_1_346' title='bbox 1297 2894 1483 2958; x_wconf 89' lang='lat' dir='ltr'><strong>Pater,</strong></span> <span class='ocrx_word' id='word_1_347' title='bbox 1513 2895 1626 2951; x_wconf 91' lang='lat' dir='ltr'><strong>hoc</strong></span> <span class='ocrx_word' id='word_1_348' title='bbox 1647 2904 1753 2960; x_wconf 88' lang='lat' dir='ltr'><strong>est,</strong></span> <span class='ocrx_word' id='word_1_349' title='bbox 1787 2898 1993 2951; x_wconf 88' lang='lat' dir='ltr'><strong>Omnis</strong></span> <span class='ocrx_word' id='word_1_350' title='bbox 2020 2897 2121 2968; x_wconf 92' lang='lat' dir='ltr'><strong>qui</strong></span> <span class='ocrx_word' id='word_1_351' title='bbox 2154 2896 2254 2950; x_wconf 86' lang='lat' dir='ltr'><strong>da-</strong></span> 
     </span>
    </p>
   </div>
   <div class='ocr_carea' id='block_1_48' title="bbox 604 2973 2253 3056">
    <p class='ocr_par' dir='ltr' id='par_1_48' title="bbox 604 2973 2253 3056">
     <span class='ocr_line' id='line_1_48' title="bbox 604 2973 2253 3056; baseline 0.008 -29"><span class='ocrx_word' id='word_1_352' title='bbox 604 2976 698 3027; x_wconf 90' lang='lat' dir='ltr'><strong>tus</strong></span> <span class='ocrx_word' id='word_1_353' title='bbox 741 2973 910 3030; x_wconf 80' lang='lat' dir='ltr'><strong>fuerit</strong></span> <span class='ocrx_word' id='word_1_354' title='bbox 932 2977 1073 3033; x_wconf 88' lang='lat' dir='ltr'><strong>mihi</strong></span> <span class='ocrx_word' id='word_1_355' title='bbox 1117 2997 1153 3035; x_wconf 88' lang='lat' dir='ltr'><strong>a</strong></span> <span class='ocrx_word' id='word_1_356' title='bbox 1184 2981 1369 3050; x_wconf 91' lang='lat' dir='ltr'><strong>Patre,</strong></span> <span class='ocrx_word' id='word_1_357' title='bbox 1404 2984 1600 3039; x_wconf 86' lang='lat' dir='ltr'><strong>omnis</strong></span> <span class='ocrx_word' id='word_1_358' title='bbox 1617 2986 1719 3056; x_wconf 88' lang='lat' dir='ltr'><strong>qui</strong></span> <span class='ocrx_word' id='word_1_359' title='bbox 1750 2985 2043 3041; x_wconf 89' lang='lat' dir='ltr'><strong>deductus</strong></span> <span class='ocrx_word' id='word_1_360' title='bbox 2074 2986 2153 3040; x_wconf 88' lang='lat' dir='ltr'><strong>ab</strong></span> <span class='ocrx_word' id='word_1_361' title='bbox 2182 3000 2253 3040; x_wconf 91' lang='lat' dir='ltr'><strong>eo</strong></span> 
     </span>
    </p>
   </div>
   <div class='ocr_carea' id='block_1_49' title="bbox 603 3061 2323 3161">
    <p class='ocr_par' dir='ltr' id='par_1_49' title="bbox 603 3061 2323 3161">
     <span class='ocr_line' id='line_1_49' title="bbox 603 3061 2323 3161; baseline 0.006 -45"><span class='ocrx_word' id='word_1_362' title='bbox 603 3061 796 3161; x_wconf 74' lang='lat' dir='ltr'><strong>fuerit,</strong></span> <span class='ocrx_word' id='word_1_363' title='bbox 831 3063 926 3121; x_wconf 87' lang='lat' dir='ltr'><strong>hic</strong></span> <span class='ocrx_word' id='word_1_364' title='bbox 957 3068 1150 3124; x_wconf 88' lang='lat' dir='ltr'><strong>veniet</strong></span> <span class='ocrx_word' id='word_1_365' title='bbox 1184 3069 1259 3126; x_wconf 92' lang='lat' dir='ltr'><strong>ad</strong></span> <span class='ocrx_word' id='word_1_366' title='bbox 1295 3087 1410 3137; x_wconf 91' lang='lat' dir='ltr'><strong>me,</strong></span> <span class='ocrx_word' id='word_1_367' title='bbox 1443 3072 1538 3127; x_wconf 89' lang='lat' dir='ltr'><strong>hic</strong></span> <span class='ocrx_word' id='word_1_368' title='bbox 1576 3073 1776 3129; x_wconf 87' lang='lat' dir='ltr'><strong>credet</strong></span> <span class='ocrx_word' id='word_1_369' title='bbox 1814 3075 1870 3128; x_wconf 92' lang='lat' dir='ltr'><strong>in</strong></span> <span class='ocrx_word' id='word_1_370' title='bbox 1902 3091 2015 3138; x_wconf 90' lang='lat' dir='ltr'><strong>me,</strong></span> <span class='ocrx_word' id='word_1_371' title='bbox 2049 3082 2104 3129; x_wconf 91' lang='lat' dir='ltr'><strong>et</strong></span> <span class='ocrx_word' id='word_1_372' title='bbox 2133 3089 2249 3128; x_wconf 88' lang='lat' dir='ltr'><strong>non</strong></span> <span class='ocrx_word' id='word_1_373' title='bbox 2281 3109 2323 3161; x_wconf 71' lang='grc' dir='ltr'>ο</span> 
     </span>
    </p>
   </div>
   <div class='ocr_carea' id='block_1_50' title="bbox 603 3150 2251 3236">
    <p class='ocr_par' dir='ltr' id='par_1_50' title="bbox 603 3150 2251 3236">
     <span class='ocr_line' id='line_1_50' title="bbox 603 3150 2251 3236; baseline 0.007 -31"><span class='ocrx_word' id='word_1_374' title='bbox 603 3150 849 3221; x_wconf 89' lang='lat' dir='ltr'><strong>quilibet</strong></span> <span class='ocrx_word' id='word_1_375' title='bbox 888 3155 1249 3226; x_wconf 89' lang='lat' dir='ltr'><strong>simpliciter.</strong></span> <span class='ocrx_word' id='word_1_376' title='bbox 1301 3160 1440 3215; x_wconf 89' lang='lat' dir='ltr'><strong>Inde</strong></span> <span class='ocrx_word' id='word_1_377' title='bbox 1471 3169 1670 3217; x_wconf 91' lang='lat' dir='ltr'><strong>autem</strong></span> <span class='ocrx_word' id='word_1_378' title='bbox 1701 3163 2038 3227; x_wconf 81' lang='lat' dir='ltr'><strong>confirmat,</strong></span> <span class='ocrx_word' id='word_1_379' title='bbox 2088 3162 2251 3236; x_wconf 87' lang='lat' dir='ltr'><strong>quod</strong></span> 
     </span>
    </p>
   </div>
   <div class='ocr_carea' id='block_1_51' title="bbox 607 3240 2250 3323">
    <p class='ocr_par' dir='ltr' id='par_1_51' title="bbox 607 3240 2250 3323">
     <span class='ocr_line' id='line_1_51' title="bbox 607 3240 2250 3323; baseline 0.007 -30"><span class='ocrx_word' id='word_1_380' title='bbox 607 3240 727 3297; x_wconf 83' lang='lat' dir='ltr'><strong>vult</strong></span> <span class='ocrx_word' id='word_1_381' title='bbox 758 3241 927 3298; x_wconf 87' lang='lat' dir='ltr'><strong>Pater</strong></span> <span class='ocrx_word' id='word_1_382' title='bbox 958 3249 1020 3300; x_wconf 83' lang='lat' dir='ltr'><strong>ut</strong></span> <span class='ocrx_word' id='word_1_383' title='bbox 1043 3247 1366 3305; x_wconf 86' lang='lat' dir='ltr'><strong>credantin</strong></span> <span class='ocrx_word' id='word_1_384' title='bbox 1401 3266 1562 3306; x_wconf 92' lang='lat' dir='ltr'><strong>eum.</strong></span> <span class='ocrx_word' id='word_1_385' title='bbox 1620 3254 1843 3322; x_wconf 86' lang='lat' dir='ltr'><strong>Itaque,</strong></span> <span class='ocrx_word' id='word_1_386' title='bbox 1887 3253 1990 3323; x_wconf 88' lang='lat' dir='ltr'><strong>qui</strong></span> <span class='ocrx_word' id='word_1_387' title='bbox 2022 3254 2082 3308; x_wconf 94' lang='lat' dir='ltr'><strong>in</strong></span> <span class='ocrx_word' id='word_1_388' title='bbox 2115 3268 2250 3306; x_wconf 88' lang='lat' dir='ltr'><strong>eum</strong></span> 
     </span>
    </p>
   </div>
   <div class='ocr_carea' id='block_1_52' title="bbox 605 3332 2254 3400">
    <p class='ocr_par' dir='ltr' id='par_1_52' title="bbox 605 3332 2254 3400">
     <span class='ocr_line' id='line_1_52' title="bbox 605 3332 2254 3400; baseline 0.006 -15"><span class='ocrx_word' id='word_1_389' title='bbox 605 3345 726 3386; x_wconf 93' lang='lat' dir='ltr'><strong>non</strong></span> <span class='ocrx_word' id='word_1_390' title='bbox 757 3332 960 3400; x_wconf 83' lang='lat' dir='ltr'><strong>credit,</strong></span> <span class='ocrx_word' id='word_1_391' title='bbox 994 3334 1342 3394; x_wconf 85' lang='lat' dir='ltr'><strong>adversatur</strong></span> <span class='ocrx_word' id='word_1_392' title='bbox 1374 3339 1470 3395; x_wconf 90' lang='lat' dir='ltr'><strong>Dei</strong></span> <span class='ocrx_word' id='word_1_393' title='bbox 1504 3341 1811 3398; x_wconf 85' lang='lat' dir='ltr'><strong>voluntati.</strong></span> <span class='ocrx_word' id='word_1_394' title='bbox 1847 3345 1948 3398; x_wconf 85' lang='lat' dir='ltr'><strong>Dat</strong></span> <span class='ocrx_word' id='word_1_395' title='bbox 1976 3349 2171 3396; x_wconf 88' lang='lat' dir='ltr'><strong>autem</strong></span> <span class='ocrx_word' id='word_1_396' title='bbox 2198 3346 2254 3395; x_wconf 89' lang='lat' dir='ltr'><strong>et</strong></span> 
     </span>
    </p>
   </div>
   <div class='ocr_carea' id='block_1_53' title="bbox 607 3418 2253 3500">
    <p class='ocr_par' dir='ltr' id='par_1_53' title="bbox 607 3418 2253 3500">
     <span class='ocr_line' id='line_1_53' title="bbox 607 3418 2253 3500; baseline 0.005 -26"><span class='ocrx_word' id='word_1_397' title='bbox 607 3418 780 3476; x_wconf 85' lang='lat' dir='ltr'><strong>Pater</strong></span> <span class='ocrx_word' id='word_1_398' title='bbox 821 3421 984 3492; x_wconf 84' lang='lat' dir='ltr'><strong>Filio,</strong></span> <span class='ocrx_word' id='word_1_399' title='bbox 1033 3424 1259 3481; x_wconf 90' lang='lat' dir='ltr'><strong>ducens</strong></span> <span class='ocrx_word' id='word_1_400' title='bbox 1298 3443 1401 3483; x_wconf 86' lang='lat' dir='ltr'><strong>eos</strong></span> <span class='ocrx_word' id='word_1_401' title='bbox 1433 3429 1506 3483; x_wconf 78' lang='lat' dir='ltr'><strong>ad</strong></span> <span class='ocrx_word' id='word_1_402' title='bbox 1542 3429 1722 3486; x_wconf 83' lang='lat' dir='ltr'><strong>ﬁdem</strong></span> <span class='ocrx_word' id='word_1_403' title='bbox 1772 3433 1901 3500; x_wconf 89' lang='lat' dir='ltr'><strong>ejus</strong></span> <span class='ocrx_word' id='word_1_404' title='bbox 1930 3449 1943 3496; x_wconf 88' lang='lat'><strong>;</strong></span> <span class='ocrx_word' id='word_1_405' title='bbox 1972 3437 2029 3487; x_wconf 89' lang='lat' dir='ltr'><strong>et</strong></span> <span class='ocrx_word' id='word_1_406' title='bbox 2081 3430 2253 3487; x_wconf 77' lang='lat' dir='ltr'><strong>Filius</strong></span> 
     </span>
    </p>
   </div>
   <div class='ocr_carea' id='block_1_54' title="bbox 605 3507 1930 3590">
    <p class='ocr_par' dir='ltr' id='par_1_54' title="bbox 605 3507 1930 3590">
     <span class='ocr_line' id='line_1_54' title="bbox 605 3507 1930 3590; baseline 0.008 -28"><span class='ocrx_word' id='word_1_407' title='bbox 605 3507 780 3574; x_wconf 87' lang='lat' dir='ltr'><strong>Patri,</strong></span> <span class='ocrx_word' id='word_1_408' title='bbox 821 3511 1122 3568; x_wconf 85' lang='lat' dir='ltr'><strong>adducens</strong></span> <span class='ocrx_word' id='word_1_409' title='bbox 1152 3530 1254 3569; x_wconf 92' lang='lat' dir='ltr'><strong>eos</strong></span> <span class='ocrx_word' id='word_1_410' title='bbox 1280 3516 1355 3571; x_wconf 90' lang='lat' dir='ltr'><strong>ad</strong></span> <span class='ocrx_word' id='word_1_411' title='bbox 1382 3517 1549 3573; x_wconf 91' lang='lat' dir='ltr'><strong>illum</strong></span> <span class='ocrx_word' id='word_1_412' title='bbox 1591 3534 1695 3590; x_wconf 93' lang='lat' dir='ltr'><strong>per</strong></span> <span class='ocrx_word' id='word_1_413' title='bbox 1728 3519 1930 3576; x_wconf 80' lang='lat' dir='ltr'><strong>ﬁdem.</strong></span> 
     </span>
    </p>
   </div>
   <div class='ocr_carea' id='block_1_55' title="bbox 677 3687 2250 3766">
    <p class='ocr_par' dir='ltr' id='par_1_55' title="bbox 677 3687 2250 3766">
     <span class='ocr_line' id='line_1_55' title="bbox 677 3687 2250 3766; baseline 0.008 -28"><span class='ocrx_word' id='word_1_414' title='bbox 677 3687 919 3752; x_wconf 88' lang='lat' dir='ltr'><strong>Verum,</strong></span> <span class='ocrx_word' id='word_1_415' title='bbox 952 3689 1000 3744; x_wconf 87' lang='lat' dir='ltr'><strong>si</strong></span> <span class='ocrx_word' id='word_1_416' title='bbox 1032 3691 1191 3746; x_wconf 89' lang='lat' dir='ltr'><strong>venit</strong></span> <span class='ocrx_word' id='word_1_417' title='bbox 1221 3691 1268 3746; x_wconf 90' lang='lat' dir='ltr'><strong>is</strong></span> <span class='ocrx_word' id='word_1_418' title='bbox 1299 3693 1373 3747; x_wconf 89' lang='lat' dir='ltr'><strong>ad</strong></span> <span class='ocrx_word' id='word_1_419' title='bbox 1403 3694 1631 3758; x_wconf 87' lang='lat' dir='ltr'><strong>Filium,</strong></span> <span class='ocrx_word' id='word_1_420' title='bbox 1666 3696 1762 3766; x_wconf 90' lang='lat' dir='ltr'><strong>qui</strong></span> <span class='ocrx_word' id='word_1_421' title='bbox 1803 3697 1980 3754; x_wconf 85' lang='lat' dir='ltr'><strong>datur</strong></span> <span class='ocrx_word' id='word_1_422' title='bbox 2006 3713 2040 3753; x_wconf 91' lang='lat' dir='ltr'><strong>a</strong></span> <span class='ocrx_word' id='word_1_423' title='bbox 2068 3699 2250 3762; x_wconf 91' lang='lat' dir='ltr'><strong>Patre,</strong></span> 
     </span>
    </p>
   </div>
   <div class='ocr_carea' id='block_1_56' title="bbox 605 3774 2254 3855">
    <p class='ocr_par' dir='ltr' id='par_1_56' title="bbox 605 3774 2254 3855">
     <span class='ocr_line' id='line_1_56' title="bbox 605 3774 2254 3855; baseline 0.005 -26"><span class='ocrx_word' id='word_1_424' title='bbox 605 3774 780 3843; x_wconf 86' lang='lat' dir='ltr'><strong>culpa</strong></span> <span class='ocrx_word' id='word_1_425' title='bbox 806 3791 948 3844; x_wconf 84' lang='lat' dir='ltr'><strong>ergo</strong></span> <span class='ocrx_word' id='word_1_426' title='bbox 973 3778 1215 3844; x_wconf 86' lang='lat' dir='ltr'><strong>carebit,</strong></span> <span class='ocrx_word' id='word_1_427' title='bbox 1242 3781 1342 3851; x_wconf 89' lang='lat' dir='ltr'><strong>qui</strong></span> <span class='ocrx_word' id='word_1_428' title='bbox 1367 3797 1485 3836; x_wconf 93' lang='lat' dir='ltr'><strong>non</strong></span> <span class='ocrx_word' id='word_1_429' title='bbox 1511 3784 1690 3846; x_wconf 87' lang='lat' dir='ltr'><strong>venit,</strong></span> <span class='ocrx_word' id='word_1_430' title='bbox 1708 3790 1910 3855; x_wconf 87' lang='lat' dir='ltr'><strong>utpote</strong></span> <span class='ocrx_word' id='word_1_431' title='bbox 1938 3801 2056 3840; x_wconf 94' lang='lat' dir='ltr'><strong>non</strong></span> <span class='ocrx_word' id='word_1_432' title='bbox 2077 3785 2254 3840; x_wconf 90' lang='lat' dir='ltr'><strong>datus</strong></span> 
     </span>
    </p>
   </div>
   <div class='ocr_carea' id='block_1_57' title="bbox 604 3864 2255 3945">
    <p class='ocr_par' dir='ltr' id='par_1_57' title="bbox 604 3864 2255 3945">
     <span class='ocr_line' id='line_1_57' title="bbox 604 3864 2255 3945; baseline 0.005 -27"><span class='ocrx_word' id='word_1_433' title='bbox 604 3877 642 3918; x_wconf 78' lang='grc' dir='ltr'><strong>ει</strong></span> <span class='ocrx_word' id='word_1_434' title='bbox 671 3864 855 3918; x_wconf 85' lang='lat' dir='ltr'><strong>Patre.</strong></span> <span class='ocrx_word' id='word_1_435' title='bbox 900 3864 1010 3919; x_wconf 92' lang='lat' dir='ltr'><strong>Sed</strong></span> <span class='ocrx_word' id='word_1_436' title='bbox 1061 3866 1228 3922; x_wconf 88' lang='lat' dir='ltr'><strong>Pater</strong></span> <span class='ocrx_word' id='word_1_437' title='bbox 1258 3868 1387 3924; x_wconf 90' lang='lat' dir='ltr'><strong>illos</strong></span> <span class='ocrx_word' id='word_1_438' title='bbox 1424 3869 1546 3936; x_wconf 87' lang='lat' dir='ltr'><strong>dat,</strong></span> <span class='ocrx_word' id='word_1_439' title='bbox 1593 3872 1650 3926; x_wconf 91' lang='lat' dir='ltr'><strong>in</strong></span> <span class='ocrx_word' id='word_1_440' title='bbox 1700 3873 1918 3944; x_wconf 89' lang='lat' dir='ltr'><strong>quibus</strong></span> <span class='ocrx_word' id='word_1_441' title='bbox 1975 3874 2255 3945; x_wconf 71' lang='lat' dir='ltr'><strong>praecedit</strong></span> 
     </span>
    </p>
   </div>
   <div class='ocr_carea' id='block_1_58' title="bbox 604 3949 2256 4033">
    <p class='ocr_par' dir='ltr' id='par_1_58' title="bbox 604 3949 2256 4033">
     <span class='ocr_line' id='line_1_58' title="bbox 604 3949 2256 4033; baseline 0.007 -28"><span class='ocrx_word' id='word_1_442' title='bbox 604 3949 765 4006; x_wconf 89' lang='lat' dir='ltr'><strong>bona</strong></span> <span class='ocrx_word' id='word_1_443' title='bbox 792 3951 1067 4008; x_wconf 80' lang='lat' dir='ltr'><strong>voluntas</strong></span> <span class='ocrx_word' id='word_1_444' title='bbox 1101 3970 1113 4009; x_wconf 87' lang='lat'><strong><em>:</em></strong></span> <span class='ocrx_word' id='word_1_445' title='bbox 1148 3971 1341 4027; x_wconf 89' lang='lat' dir='ltr'><strong>neque</strong></span> <span class='ocrx_word' id='word_1_446' title='bbox 1368 3957 1527 4013; x_wconf 92' lang='lat' dir='ltr'><strong>enim</strong></span> <span class='ocrx_word' id='word_1_447' title='bbox 1557 3961 1681 4014; x_wconf 66' lang='lat' dir='ltr'><strong>haec</strong></span> <span class='ocrx_word' id='word_1_448' title='bbox 1713 3977 1814 4031; x_wconf 92' lang='lat' dir='ltr'><strong>per</strong></span> <span class='ocrx_word' id='word_1_449' title='bbox 1841 3979 1901 4015; x_wconf 88' lang='lat' dir='ltr'><strong>se</strong></span> <span class='ocrx_word' id='word_1_450' title='bbox 1929 3961 2118 4016; x_wconf 82' lang='lat' dir='ltr'><strong>facere</strong></span> <span class='ocrx_word' id='word_1_451' title='bbox 2158 3977 2256 4033; x_wconf 82' lang='lat' dir='ltr'><strong>po-</strong></span> 
     </span>
    </p>
   </div>
   <div class='ocr_carea' id='block_1_59' title="bbox 606 4042 2254 4122">
    <p class='ocr_par' dir='ltr' id='par_1_59' title="bbox 606 4042 2254 4122">
     <span class='ocr_line' id='line_1_59' title="bbox 606 4042 2254 4122; baseline 0.006 -28"><span class='ocrx_word' id='word_1_452' title='bbox 606 4043 736 4104; x_wconf 89' lang='lat' dir='ltr'><strong>test,</strong></span> <span class='ocrx_word' id='word_1_453' title='bbox 782 4045 847 4095; x_wconf 91' lang='lat' dir='ltr'><strong>ut</strong></span> <span class='ocrx_word' id='word_1_454' title='bbox 876 4042 1141 4108; x_wconf 90' lang='lat' dir='ltr'><strong>credant,</strong></span> <span class='ocrx_word' id='word_1_455' title='bbox 1170 4043 1419 4101; x_wconf 89' lang='lat' dir='ltr'><strong>absente</strong></span> <span class='ocrx_word' id='word_1_456' title='bbox 1471 4048 1565 4103; x_wconf 88' lang='lat' dir='ltr'><strong>Dei</strong></span> <span class='ocrx_word' id='word_1_457' title='bbox 1620 4050 2006 4115; x_wconf 86' lang='lat' dir='ltr'><strong>adminiculo,</strong></span> <span class='ocrx_word' id='word_1_458' title='bbox 2061 4066 2254 4122; x_wconf 91' lang='lat' dir='ltr'><strong>neque</strong></span> 
     </span>
    </p>
   </div>
   <div class='ocr_carea' id='block_1_60' title="bbox 605 4128 2252 4207">
    <p class='ocr_par' dir='ltr' id='par_1_60' title="bbox 605 4128 2252 4207">
     <span class='ocr_line' id='line_1_60' title="bbox 605 4128 2252 4207; baseline 0.006 -22"><span class='ocrx_word' id='word_1_459' title='bbox 605 4128 754 4185; x_wconf 89' lang='lat' dir='ltr'><strong>illud</strong></span> <span class='ocrx_word' id='word_1_460' title='bbox 795 4130 1099 4195; x_wconf 82' lang='lat' dir='ltr'><strong>auxilium,</strong></span> <span class='ocrx_word' id='word_1_461' title='bbox 1136 4133 1243 4188; x_wconf 87' lang='lat' dir='ltr'><strong>nisi</strong></span> <span class='ocrx_word' id='word_1_462' title='bbox 1293 4151 1555 4207; x_wconf 69' lang='lat' dir='ltr'><strong>praesens</strong></span> <span class='ocrx_word' id='word_1_463' title='bbox 1596 4140 1666 4193; x_wconf 88' lang='lat' dir='ltr'><strong>sit</strong></span> <span class='ocrx_word' id='word_1_464' title='bbox 1701 4147 1755 4194; x_wconf 90' lang='lat' dir='ltr'><strong>et</strong></span> <span class='ocrx_word' id='word_1_465' title='bbox 1786 4139 1941 4195; x_wconf 88' lang='lat' dir='ltr'><strong>bona</strong></span> <span class='ocrx_word' id='word_1_466' title='bbox 1959 4140 2252 4195; x_wconf 88' lang='lat' dir='ltr'><strong>voluntas.</strong></span> 
     </span>
    </p>
   </div>
   <div class='ocr_carea' id='block_1_61' title="bbox 680 4308 2257 4387">
    <p class='ocr_par' dir='ltr' id='par_1_61' title="bbox 680 4308 2257 4387">
     <span class='ocr_line' id='line_1_61' title="bbox 680 4308 2257 4387; baseline 0.008 -25"><span class='ocrx_word' id='word_1_467' title='bbox 680 4308 844 4364; x_wconf 89' lang='lat' dir='ltr'><strong>Vers.</strong></span> <span class='ocrx_word' id='word_1_468' title='bbox 867 4309 956 4365; x_wconf 83' lang='lat'><strong>37.</strong></span> <span class='ocrx_word' id='word_1_469' title='bbox 986 4311 1061 4366; x_wconf 84' lang='lat' dir='ltr'><strong>Et</strong></span> <span class='ocrx_word' id='word_1_470' title='bbox 1082 4342 1149 4351; x_wconf 97' lang='lat'><strong>—</strong></span> <span class='ocrx_word' id='word_1_471' title='bbox 1169 4313 1360 4380; x_wconf 77' lang='lat' dir='ltr'><strong>foras.</strong></span> <span class='ocrx_word' id='word_1_472' title='bbox 1396 4317 1594 4387; x_wconf 83' lang='lat' dir='ltr'><strong>Neque</strong></span> <span class='ocrx_word' id='word_1_473' title='bbox 1626 4316 1739 4380; x_wconf 79' lang='lat' dir='ltr'><strong>hic,</strong></span> <span class='ocrx_word' id='word_1_474' title='bbox 1769 4335 1804 4373; x_wconf 89' lang='lat' dir='ltr'><strong>a</strong></span> <span class='ocrx_word' id='word_1_475' title='bbox 1837 4335 1972 4374; x_wconf 90' lang='lat' dir='ltr'><strong>mea</strong></span> <span class='ocrx_word' id='word_1_476' title='bbox 2004 4317 2257 4375; x_wconf 81' lang='lat' dir='ltr'><strong>familia-</strong></span> 
     </span>
    </p>
   </div>
   <div class='ocr_carea' id='block_1_62' title="bbox 605 4395 2256 4477">
    <p class='ocr_par' dir='ltr' id='par_1_62' title="bbox 605 4395 2256 4477">
     <span class='ocr_line' id='line_1_62' title="bbox 605 4395 2256 4477; baseline 0.005 -26"><span class='ocrx_word' id='word_1_477' title='bbox 605 4395 795 4463; x_wconf 83' lang='lat' dir='ltr'><strong>ritate,</strong></span> <span class='ocrx_word' id='word_1_478' title='bbox 827 4413 1022 4471; x_wconf 90' lang='lat' dir='ltr'><strong>neque</strong></span> <span class='ocrx_word' id='word_1_479' title='bbox 1053 4398 1154 4462; x_wconf 89' lang='lat' dir='ltr'><strong>ibi,</strong></span> <span class='ocrx_word' id='word_1_480' title='bbox 1178 4417 1213 4455; x_wconf 91' lang='lat' dir='ltr'><strong>a</strong></span> <span class='ocrx_word' id='word_1_481' title='bbox 1244 4416 1428 4472; x_wconf 87' lang='lat' dir='ltr'><strong>regno</strong></span> <span class='ocrx_word' id='word_1_482' title='bbox 1458 4403 1742 4461; x_wconf 69' lang='lat' dir='ltr'><strong>caelorum</strong></span> <span class='ocrx_word' id='word_1_483' title='bbox 1780 4423 1790 4460; x_wconf 95' lang='lat'>:</span> <span class='ocrx_word' id='word_1_484' title='bbox 1820 4421 1981 4470; x_wconf 87' lang='lat' dir='ltr'><strong>eum,</strong></span> <span class='ocrx_word' id='word_1_485' title='bbox 2009 4407 2104 4477; x_wconf 87' lang='lat' dir='ltr'><strong>qui</strong></span> <span class='ocrx_word' id='word_1_486' title='bbox 2139 4421 2256 4461; x_wconf 89' lang='lat' dir='ltr'><strong>non</strong></span> 
     </span>
    </p>
   </div>
   <div class='ocr_carea' id='block_1_63' title="bbox 608 4488 1973 4560">
    <p class='ocr_par' dir='ltr' id='par_1_63' title="bbox 608 4488 1973 4560">
     <span class='ocr_line' id='line_1_63' title="bbox 608 4488 1973 4560; baseline 0.006 -20"><span class='ocrx_word' id='word_1_487' title='bbox 608 4490 935 4560; x_wconf 88' lang='lat' dir='ltr'><strong>utcunque,</strong></span> <span class='ocrx_word' id='word_1_488' title='bbox 982 4488 1084 4543; x_wconf 88' lang='lat' dir='ltr'><strong>sed</strong></span> <span class='ocrx_word' id='word_1_489' title='bbox 1117 4495 1276 4545; x_wconf 92' lang='lat' dir='ltr'><strong>recto</strong></span> <span class='ocrx_word' id='word_1_490' title='bbox 1305 4492 1510 4546; x_wconf 89' lang='lat' dir='ltr'><strong>animo</strong></span> <span class='ocrx_word' id='word_1_491' title='bbox 1549 4494 1626 4548; x_wconf 86' lang='lat' dir='ltr'><strong>ad</strong></span> <span class='ocrx_word' id='word_1_492' title='bbox 1663 4511 1754 4550; x_wconf 90' lang='lat' dir='ltr'><strong>me</strong></span> <span class='ocrx_word' id='word_1_493' title='bbox 1797 4494 1973 4550; x_wconf 88' lang='lat' dir='ltr'><strong>venit.</strong></span> 
     </span>
    </p>
   </div>
   <div class='ocr_carea' id='block_1_64' title="bbox 678 4575 2258 4654">
    <p class='ocr_par' dir='ltr' id='par_1_64' title="bbox 678 4575 2258 4654">
     <span class='ocr_line' id='line_1_64' title="bbox 678 4575 2258 4654; baseline 0.006 -25"><span class='ocrx_word' id='word_1_494' title='bbox 678 4575 840 4631; x_wconf 87' lang='lat' dir='ltr'><strong>Vers.</strong></span> <span class='ocrx_word' id='word_1_495' title='bbox 873 4580 960 4632; x_wconf 88' lang='lat'><strong>38.</strong></span> <span class='ocrx_word' id='word_1_496' title='bbox 997 4577 1140 4644; x_wconf 83' lang='lat' dir='ltr'><strong>Quia</strong></span> <span class='ocrx_word' id='word_1_497' title='bbox 1167 4610 1228 4619; x_wconf 92' lang='lat'><strong><em>—</em></strong></span> <span class='ocrx_word' id='word_1_498' title='bbox 1260 4595 1368 4636; x_wconf 85' lang='lat' dir='ltr'><strong>me.</strong></span> <span class='ocrx_word' id='word_1_499' title='bbox 1404 4612 1472 4621; x_wconf 92' lang='lat'><strong><em>—</em></strong></span> <span class='ocrx_word' id='word_1_500' title='bbox 1501 4581 1633 4638; x_wconf 81' lang='lat' dir='ltr'><strong>Non</strong></span> <span class='ocrx_word' id='word_1_501' title='bbox 1658 4591 1720 4638; x_wconf 87' lang='lat' dir='ltr'><strong>ut</strong></span> <span class='ocrx_word' id='word_1_502' title='bbox 1746 4584 1972 4654; x_wconf 76' lang='lat' dir='ltr'><strong>faciam</strong></span> <span class='ocrx_word' id='word_1_503' title='bbox 1990 4585 2258 4639; x_wconf 81' lang='lat' dir='ltr'><strong>volunta-</strong></span> 
     </span>
    </p>
   </div>
   <div class='ocr_carea' id='block_1_65' title="bbox 608 4668 2261 4743">
    <p class='ocr_par' dir='ltr' id='par_1_65' title="bbox 608 4668 2261 4743">
     <span class='ocr_line' id='line_1_65' title="bbox 608 4668 2261 4743; baseline 0.005 -25"><span class='ocrx_word' id='word_1_504' title='bbox 608 4668 720 4719; x_wconf 87' lang='lat' dir='ltr'><strong>tem</strong></span> <span class='ocrx_word' id='word_1_505' title='bbox 743 4680 876 4735; x_wconf 68' lang='lat' dir='ltr'><strong>quaa</strong></span> <span class='ocrx_word' id='word_1_506' title='bbox 898 4682 1034 4721; x_wconf 91' lang='lat' dir='ltr'><strong>mea</strong></span> <span class='ocrx_word' id='word_1_507' title='bbox 1055 4672 1158 4731; x_wconf 87' lang='lat' dir='ltr'><strong>est,</strong></span> <span class='ocrx_word' id='word_1_508' title='bbox 1177 4669 1300 4723; x_wconf 89' lang='lat' dir='ltr'><strong>sive</strong></span> <span class='ocrx_word' id='word_1_509' title='bbox 1323 4670 1648 4741; x_wconf 85' lang='lat' dir='ltr'><strong>propriam,</strong></span> <span class='ocrx_word' id='word_1_510' title='bbox 1674 4688 1864 4743; x_wconf 83' lang='lat' dir='ltr'><strong>neque</strong></span> <span class='ocrx_word' id='word_1_511' title='bbox 1885 4672 2045 4727; x_wconf 90' lang='lat' dir='ltr'><strong>enim</strong></span> <span class='ocrx_word' id='word_1_512' title='bbox 2070 4672 2261 4727; x_wconf 88' lang='lat' dir='ltr'><strong>habeo</strong></span> 
     </span>
    </p>
   </div>
   <div class='ocr_carea' id='block_1_66' title="bbox 609 4753 2256 4830">
    <p class='ocr_par' dir='ltr' id='par_1_66' title="bbox 609 4753 2256 4830">
     <span class='ocr_line' id='line_1_66' title="bbox 609 4753 2256 4830; baseline 0.005 -23"><span class='ocrx_word' id='word_1_513' title='bbox 609 4753 939 4825; x_wconf 89' lang='lat' dir='ltr'><strong>propriam,</strong></span> <span class='ocrx_word' id='word_1_514' title='bbox 958 4755 1060 4810; x_wconf 89' lang='lat' dir='ltr'><strong>sed</strong></span> <span class='ocrx_word' id='word_1_515' title='bbox 1073 4757 1426 4813; x_wconf 83' lang='lat' dir='ltr'><strong>voluntatem</strong></span> <span class='ocrx_word' id='word_1_516' title='bbox 1448 4762 1575 4828; x_wconf 86' lang='lat' dir='ltr'><strong>ejus</strong></span> <span class='ocrx_word' id='word_1_517' title='bbox 1597 4763 1700 4830; x_wconf 81' lang='lat' dir='ltr'><strong>qui</strong></span> <span class='ocrx_word' id='word_1_518' title='bbox 1714 4761 1986 4828; x_wconf 86' lang='lat' dir='ltr'><strong>misitme,</strong></span> <span class='ocrx_word' id='word_1_519' title='bbox 2013 4761 2124 4815; x_wconf 90' lang='lat' dir='ltr'><strong>hoc</strong></span> <span class='ocrx_word' id='word_1_520' title='bbox 2150 4766 2256 4825; x_wconf 89' lang='lat' dir='ltr'><strong>est,</strong></span> 
     </span>
    </p>
   </div>
   <div class='ocr_carea' id='block_1_67' title="bbox 610 4850 2260 4922">
    <p class='ocr_par' dir='ltr' id='par_1_67' title="bbox 610 4850 2260 4922">
     <span class='ocr_line' id='line_1_67' title="bbox 610 4850 2260 4922; baseline 0.006 -26"><span class='ocrx_word' id='word_1_521' title='bbox 610 4857 1018 4908; x_wconf 87' lang='lat' dir='ltr'><strong>communem,</strong></span> <span class='ocrx_word' id='word_1_522' title='bbox 1040 4860 1175 4916; x_wconf 65' lang='lat' dir='ltr'><strong>quae</strong></span> <span class='ocrx_word' id='word_1_523' title='bbox 1202 4854 1252 4900; x_wconf 90' lang='lat' dir='ltr'><strong>et</strong></span> <span class='ocrx_word' id='word_1_524' title='bbox 1284 4864 1415 4901; x_wconf 88' lang='lat' dir='ltr'><strong>mea</strong></span> <span class='ocrx_word' id='word_1_525' title='bbox 1433 4855 1515 4902; x_wconf 80' lang='lat' dir='ltr'><strong>est</strong></span> <span class='ocrx_word' id='word_1_526' title='bbox 1539 4855 1594 4902; x_wconf 91' lang='lat' dir='ltr'><strong>et</strong></span> <span class='ocrx_word' id='word_1_527' title='bbox 1622 4850 1798 4914; x_wconf 85' lang='lat' dir='ltr'><strong>illius,</strong></span> <span class='ocrx_word' id='word_1_528' title='bbox 1827 4867 2083 4922; x_wconf 84' lang='lat' dir='ltr'><strong>quorum</strong></span> <span class='ocrx_word' id='word_1_529' title='bbox 2111 4853 2260 4906; x_wconf 86' lang='lat' dir='ltr'><strong>sicut</strong></span> 
     </span>
    </p>
   </div>
   <div class='ocr_carea' id='block_1_68' title="bbox 610 4931 2259 5014">
    <p class='ocr_par' dir='ltr' id='par_1_68' title="bbox 610 4931 2259 5014">
     <span class='ocr_line' id='line_1_68' title="bbox 610 4931 2259 5014; baseline 0.006 -28"><span class='ocrx_word' id='word_1_530' title='bbox 610 4935 700 4986; x_wconf 87' lang='lat' dir='ltr'><strong>est</strong></span> <span class='ocrx_word' id='word_1_531' title='bbox 727 4946 847 4986; x_wconf 92' lang='lat' dir='ltr'><strong>una</strong></span> <span class='ocrx_word' id='word_1_532' title='bbox 868 4931 1168 5002; x_wconf 86' lang='lat' dir='ltr'><strong>divinitas,</strong></span> <span class='ocrx_word' id='word_1_533' title='bbox 1196 4935 1275 4992; x_wconf 89' lang='lat' dir='ltr'><strong>ita</strong></span> <span class='ocrx_word' id='word_1_534' title='bbox 1305 4941 1396 4992; x_wconf 89' lang='lat' dir='ltr'><strong>est</strong></span> <span class='ocrx_word' id='word_1_535' title='bbox 1423 4943 1479 4991; x_wconf 92' lang='lat' dir='ltr'><strong>et</strong></span> <span class='ocrx_word' id='word_1_536' title='bbox 1512 4954 1629 4993; x_wconf 89' lang='lat' dir='ltr'><strong>una</strong></span> <span class='ocrx_word' id='word_1_537' title='bbox 1671 4939 1975 4997; x_wconf 83' lang='lat' dir='ltr'><strong>voluntas.</strong></span> <span class='ocrx_word' id='word_1_538' title='bbox 2012 4940 2259 5014; x_wconf 81' lang='lat' dir='ltr'><strong>Descen-</strong></span> 
     </span>
    </p>
   </div>
   <div class='ocr_carea' id='block_1_69' title="bbox 609 5016 2041 5082">
    <p class='ocr_par' dir='ltr' id='par_1_69' title="bbox 609 5016 2041 5082">
     <span class='ocr_line' id='line_1_69' title="bbox 609 5016 2041 5082; baseline 0.008 -12"><span class='ocrx_word' id='word_1_539' title='bbox 609 5016 694 5072; x_wconf 90' lang='lat' dir='ltr'><strong>dit</strong></span> <span class='ocrx_word' id='word_1_540' title='bbox 727 5020 929 5072; x_wconf 88' lang='lat' dir='ltr'><strong>autem</strong></span> <span class='ocrx_word' id='word_1_541' title='bbox 963 5017 1037 5073; x_wconf 90' lang='lat' dir='ltr'><strong>de</strong></span> <span class='ocrx_word' id='word_1_542' title='bbox 1077 5018 1224 5076; x_wconf 70' lang='lat' dir='ltr'><strong>cielo</strong></span> <span class='ocrx_word' id='word_1_543' title='bbox 1270 5022 1600 5078; x_wconf 85' lang='lat' dir='ltr'><strong>secundum</strong></span> <span class='ocrx_word' id='word_1_544' title='bbox 1653 5022 2041 5082; x_wconf 87' lang='lat' dir='ltr'><strong>divinitatem.</strong></span> 
     </span>
    </p>
   </div>
   <div class='ocr_carea' id='block_1_70' title="bbox 683 5192 1091 5261">
    <p class='ocr_par' dir='ltr' id='par_1_70' title="bbox 683 5192 1091 5261">
     <span class='ocr_line' id='line_1_70' title="bbox 683 5192 1091 5261; baseline 0.01 -12"><span class='ocrx_word' id='word_1_545' title='bbox 683 5195 731 5230; x_wconf 83' lang='grc'><strong>³²</strong></span> <span class='ocrx_word' id='word_1_546' title='bbox 760 5194 779 5250; x_wconf 89' lang='lat' dir='ltr'><strong>l</strong></span> <span class='ocrx_word' id='word_1_547' title='bbox 807 5192 937 5250; x_wconf 86' lang='lat' dir='ltr'><strong>Cor.</strong></span> <span class='ocrx_word' id='word_1_548' title='bbox 970 5211 1005 5261; x_wconf 84' lang='grc' dir='ltr'>ι,</span> <span class='ocrx_word' id='word_1_549' title='bbox 1041 5200 1091 5253; x_wconf 88' lang='lat'><strong>9.</strong></span> 
     </span>
    </p>
   </div>
   <div class='ocr_carea' id='block_1_71' title="bbox 2365 1818 2962 1889">
    <p class='ocr_par' dir='ltr' id='par_1_71' title="bbox 2365 1818 2962 1889">
     <span class='ocr_line' id='line_1_71' title="bbox 2365 1818 2962 1889; baseline 0.007 -22"><span class='ocrx_word' id='word_1_550' title='bbox 2365 1821 2447 1868; x_wconf 78' lang='grc' dir='ltr'>καὶ</span> <span class='ocrx_word' id='word_1_551' title='bbox 2477 1826 2725 1889; x_wconf 78' lang='grc' dir='ltr'>κατηχὼν</span> <span class='ocrx_word' id='word_1_552' title='bbox 2753 1818 2962 1880; x_wconf 64' lang='grc' dir='ltr'>αὐτούς.</span> 
     </span>
    </p>
   </div>
   <div class='ocr_carea' id='block_1_72' title="bbox 2438 1905 3881 1980">
    <p class='ocr_par' dir='ltr' id='par_1_72' title="bbox 2438 1905 3881 1980">
     <span class='ocr_line' id='line_1_72' title="bbox 2438 1905 3881 1980; baseline 0.001 -24"><span class='ocrx_word' id='word_1_553' title='bbox 2438 1905 2568 1957; x_wconf 74' lang='grc' dir='ltr'><strong>Ἀλλ’</strong></span> <span class='ocrx_word' id='word_1_554' title='bbox 2601 1938 2667 1946; x_wconf 89' lang='grc'><strong>-</strong></span> <span class='ocrx_word' id='word_1_555' title='bbox 2712 1911 2995 1961; x_wconf 70' lang='grc' dir='ltr'>πιστεύετε.</span> <span class='ocrx_word' id='word_1_556' title='bbox 3047 1907 3342 1980; x_wconf 74' lang='grc' dir='ltr'>Ἐωροίκατί</span> <span class='ocrx_word' id='word_1_557' title='bbox 3374 1929 3457 1980; x_wconf 81' lang='grc' dir='ltr'><strong>με,</strong></span> <span class='ocrx_word' id='word_1_558' title='bbox 3508 1912 3658 1980; x_wconf 70' lang='grc' dir='ltr'>ἤγουν</span> <span class='ocrx_word' id='word_1_559' title='bbox 3695 1909 3881 1978; x_wconf 73' lang='grc' dir='ltr'><strong>ἐγνώκατε</strong></span> 
     </span>
    </p>
   </div>
   <div class='ocr_carea' id='block_1_73' title="bbox 2361 1995 3878 2070">
    <p class='ocr_par' dir='ltr' id='par_1_73' title="bbox 2361 1995 3878 2070">
     <span class='ocr_line' id='line_1_73' title="bbox 2361 1995 3878 2070; baseline 0.001 -24"><span class='ocrx_word' id='word_1_560' title='bbox 2361 2001 2441 2054; x_wconf 90' lang='grc' dir='ltr'><strong>τίς</strong></span> <span class='ocrx_word' id='word_1_561' title='bbox 2473 1996 2577 2065; x_wconf 74' lang='grc' dir='ltr'>εἰμι</span> <span class='ocrx_word' id='word_1_562' title='bbox 2606 1995 2704 2047; x_wconf 80' lang='grc' dir='ltr'>ἀπό</span> <span class='ocrx_word' id='word_1_563' title='bbox 2747 2015 2799 2048; x_wconf 72' lang='grc' dir='ltr'><strong>τε</strong></span> <span class='ocrx_word' id='word_1_564' title='bbox 2849 2005 2942 2058; x_wconf 76' lang='grc' dir='ltr'>τῆς</span> <span class='ocrx_word' id='word_1_565' title='bbox 2975 2004 3267 2070; x_wconf 69' lang='grc' dir='ltr'><strong>⁸οιαρτυρίοις</strong></span> <span class='ocrx_word' id='word_1_566' title='bbox 3315 2000 3572 2060; x_wconf 86' lang='grc' dir='ltr'>Ἰωαννου,</span> <span class='ocrx_word' id='word_1_567' title='bbox 3606 1995 3694 2050; x_wconf 74' lang='grc' dir='ltr'><strong>ἀπὸ</strong></span> <span class='ocrx_word' id='word_1_568' title='bbox 3740 2016 3781 2049; x_wconf 87' lang='grc' dir='ltr'><strong>τε</strong></span> <span class='ocrx_word' id='word_1_569' title='bbox 3813 2006 3878 2048; x_wconf 73' lang='grc' dir='ltr'>τῶν</span> 
     </span>
    </p>
   </div>
   <div class='ocr_carea' id='block_1_74' title="bbox 2364 2083 3878 2160">
    <p class='ocr_par' dir='ltr' id='par_1_74' title="bbox 2364 2083 3878 2160">
     <span class='ocr_line' id='line_1_74' title="bbox 2364 2083 3878 2160; baseline -0.001 -24"><span class='ocrx_word' id='word_1_570' title='bbox 2364 2089 2590 2155; x_wconf 75' lang='grc' dir='ltr'>σημείων</span> <span class='ocrx_word' id='word_1_571' title='bbox 2625 2086 2691 2136; x_wconf 82' lang='grc' dir='ltr'>ὧν</span> <span class='ocrx_word' id='word_1_572' title='bbox 2723 2083 2964 2152; x_wconf 72' lang='grc' dir='ltr'>ἐποίησα,</span> <span class='ocrx_word' id='word_1_573' title='bbox 3008 2098 3097 2138; x_wconf 85' lang='grc' dir='ltr'><strong>και</strong></span> <span class='ocrx_word' id='word_1_574' title='bbox 3131 2087 3230 2137; x_wconf 82' lang='grc' dir='ltr'><strong>απὸ</strong></span> <span class='ocrx_word' id='word_1_575' title='bbox 3261 2097 3361 2148; x_wconf 77' lang='grc' dir='ltr'>τῆς</span> <span class='ocrx_word' id='word_1_576' title='bbox 3395 2093 3671 2160; x_wconf 77' lang='grc' dir='ltr'><strong>μαρτυρίας</strong></span> <span class='ocrx_word' id='word_1_577' title='bbox 3692 2093 3768 2138; x_wconf 81' lang='grc' dir='ltr'>τῶν</span> <span class='ocrx_word' id='word_1_578' title='bbox 3794 2091 3878 2154; x_wconf 67' lang='grc' dir='ltr'>Γρα-</span> 
     </span>
    </p>
   </div>
   <div class='ocr_carea' id='block_1_75' title="bbox 2363 2174 3876 2246">
    <p class='ocr_par' dir='ltr' id='par_1_75' title="bbox 2363 2174 3876 2246">
     <span class='ocr_line' id='line_1_75' title="bbox 2363 2174 3876 2246; baseline 0 -22"><span class='ocrx_word' id='word_1_579' title='bbox 2363 2183 2486 2246; x_wconf 70' lang='grc' dir='ltr'><strong>φὼν,</strong></span> <span class='ocrx_word' id='word_1_580' title='bbox 2529 2174 2584 2234; x_wconf 75' lang='grc' dir='ltr'>ἃς</span> <span class='ocrx_word' id='word_1_581' title='bbox 2616 2176 2735 2245; x_wconf 72' lang='grc' dir='ltr'><strong>ὑμῖν</strong></span> <span class='ocrx_word' id='word_1_582' title='bbox 2769 2174 3024 2237; x_wconf 74' lang='grc' dir='ltr'>ἀνίπτυξα</span> <span class='ocrx_word' id='word_1_583' title='bbox 3048 2193 3059 2204; x_wconf 92' lang='grc'>·</span> <span class='ocrx_word' id='word_1_584' title='bbox 3112 2177 3216 2226; x_wconf 57' lang='grc' dir='ltr'><strong>ἀλλ’</strong></span> <span class='ocrx_word' id='word_1_585' title='bbox 3267 2175 3672 2235; x_wconf 75' lang='grc' dir='ltr'>ἕθελοκακοῡντες</span> <span class='ocrx_word' id='word_1_586' title='bbox 3711 2174 3756 2226; x_wconf 67' lang='grc' dir='ltr'>οὐ</span> <span class='ocrx_word' id='word_1_587' title='bbox 3791 2192 3876 2225; x_wconf 73' lang='grc' dir='ltr'>πισ-</span> 
     </span>
    </p>
   </div>
   <div class='ocr_carea' id='block_1_76' title="bbox 2364 2261 3874 2338">
    <p class='ocr_par' dir='ltr' id='par_1_76' title="bbox 2364 2261 3874 2338">
     <span class='ocr_line' id='line_1_76' title="bbox 2364 2261 3874 2338; baseline 0.006 -25"><span class='ocrx_word' id='word_1_588' title='bbox 2364 2265 2548 2316; x_wconf 79' lang='grc' dir='ltr'>τεύετε.</span> <span class='ocrx_word' id='word_1_589' title='bbox 2586 2270 2714 2315; x_wconf 84' lang='grc' dir='ltr'>Ιιοτε</span> <span class='ocrx_word' id='word_1_590' title='bbox 2743 2261 2799 2315; x_wconf 67' lang='grc' dir='ltr'>δι</span> <span class='ocrx_word' id='word_1_591' title='bbox 2819 2283 2966 2316; x_wconf 76' lang='grc' dir='ltr'>τουτο</span> <span class='ocrx_word' id='word_1_592' title='bbox 2994 2262 3128 2317; x_wconf 80' lang='grc' dir='ltr'>εἶπεν</span> <span class='ocrx_word' id='word_1_593' title='bbox 3148 2265 3327 2327; x_wconf 63' lang='grc' dir='ltr'>αὐτοῖς</span> <span class='ocrx_word' id='word_1_594' title='bbox 3356 2283 3369 2331; x_wconf 87' lang='grc'>;</span> <span class='ocrx_word' id='word_1_595' title='bbox 3402 2266 3548 2328; x_wconf 79' lang='grc' dir='ltr'>Εἰκὸς</span> <span class='ocrx_word' id='word_1_596' title='bbox 3571 2275 3703 2317; x_wconf 68' lang='grc' dir='ltr'>τουτο</span> <span class='ocrx_word' id='word_1_597' title='bbox 3717 2266 3874 2338; x_wconf 53' lang='lat' dir='ltr'><strong>prii&quot;!</strong></span> 
     </span>
    </p>
   </div>
   <div class='ocr_carea' id='block_1_77' title="bbox 2363 2349 2980 2424">
    <p class='ocr_par' dir='ltr' id='par_1_77' title="bbox 2363 2349 2980 2424">
     <span class='ocr_line' id='line_1_77' title="bbox 2363 2349 2980 2424; baseline 0.005 -22"><span class='ocrx_word' id='word_1_598' title='bbox 2363 2355 2473 2423; x_wconf 62' lang='grc' dir='ltr'><strong>μὲν,</strong></span> <span class='ocrx_word' id='word_1_599' title='bbox 2506 2357 2575 2423; x_wconf 70' lang='grc' dir='ltr'>μή</span> <span class='ocrx_word' id='word_1_600' title='bbox 2606 2362 2868 2424; x_wconf 67' lang='grc' dir='ltr'>γραφῆναι</span> <span class='ocrx_word' id='word_1_601' title='bbox 2902 2349 2980 2405; x_wconf 71' lang='grc' dir='ltr'><strong>δέ.</strong></span> 
     </span>
    </p>
   </div>
   <div class='ocr_carea' id='block_1_78' title="bbox 2440 2529 3871 2606">
    <p class='ocr_par' dir='ltr' id='par_1_78' title="bbox 2440 2529 3871 2606">
     <span class='ocr_line' id='line_1_78' title="bbox 2440 2529 3871 2606; baseline -0.001 -26"><span class='ocrx_word' id='word_1_602' title='bbox 2440 2535 2544 2581; x_wconf 74' lang='grc' dir='ltr'><strong>Πᾶν</strong></span> <span class='ocrx_word' id='word_1_603' title='bbox 2597 2561 2662 2568; x_wconf 90' lang='grc'><strong>-</strong></span> <span class='ocrx_word' id='word_1_604' title='bbox 2725 2531 2854 2592; x_wconf 71' lang='grc' dir='ltr'>ἡξει.</span> <span class='ocrx_word' id='word_1_605' title='bbox 2915 2538 3076 2583; x_wconf 82' lang='grc' dir='ltr'>Τοῦτο</span> <span class='ocrx_word' id='word_1_606' title='bbox 3131 2537 3462 2606; x_wconf 74' lang='grc' dir='ltr'><strong>παρίστησιν</strong></span> <span class='ocrx_word' id='word_1_607' title='bbox 3515 2533 3540 2582; x_wconf 90' lang='lat'><strong>6</strong></span> <span class='ocrx_word' id='word_1_608' title='bbox 3594 2531 3736 2601; x_wconf 70' lang='grc' dir='ltr'>λόγος,</span> <span class='ocrx_word' id='word_1_609' title='bbox 3775 2529 3871 2581; x_wconf 77' lang='grc' dir='ltr'><strong>ὅτιὸ</strong></span> 
     </span>
    </p>
   </div>
   <div class='ocr_carea' id='block_1_79' title="bbox 2368 2619 3863 2692">
    <p class='ocr_par' dir='ltr' id='par_1_79' title="bbox 2368 2619 3863 2692">
     <span class='ocr_line' id='line_1_79' title="bbox 2368 2619 3863 2692; baseline 0.001 -24"><span class='ocrx_word' id='word_1_610' title='bbox 2368 2624 2546 2689; x_wconf 70' lang='grc' dir='ltr'>Πατὴρ</span> <span class='ocrx_word' id='word_1_611' title='bbox 2607 2621 2860 2692; x_wconf 71' lang='grc' dir='ltr'>προσάγει</span> <span class='ocrx_word' id='word_1_612' title='bbox 2919 2619 3059 2688; x_wconf 67' lang='grc' dir='ltr'>αὐτῷ</span> <span class='ocrx_word' id='word_1_613' title='bbox 3093 2625 3208 2680; x_wconf 77' lang='grc' dir='ltr'>τοὺς</span> <span class='ocrx_word' id='word_1_614' title='bbox 3267 2625 3626 2682; x_wconf 71' lang='grc' dir='ltr'><strong>πιστεύοντας.</strong></span> <span class='ocrx_word' id='word_1_615' title='bbox 3671 2625 3770 2677; x_wconf 67' lang='grc' dir='ltr'><strong>οπεσὶ</strong></span> <span class='ocrx_word' id='word_1_616' title='bbox 3801 2620 3863 2685; x_wconf 70' lang='grc' dir='ltr'><strong>γὰρ</strong></span> 
     </span>
    </p>
   </div>
   <div class='ocr_carea' id='block_1_80' title="bbox 2364 2707 3855 2771">
    <p class='ocr_par' dir='ltr' id='par_1_80' title="bbox 2364 2707 3855 2771">
     <span class='ocr_line' id='line_1_80' title="bbox 2364 2707 3855 2771; baseline 0 -14"><span class='ocrx_word' id='word_1_617' title='bbox 2364 2714 2450 2758; x_wconf 71' lang='grc' dir='ltr'>καὶ</span> <span class='ocrx_word' id='word_1_618' title='bbox 2485 2707 2713 2766; x_wconf 68' lang='grc' dir='ltr'>Ιιαυὶος·</span> <span class='ocrx_word' id='word_1_619' title='bbox 2766 2710 2837 2760; x_wconf 84' lang='grc' dir='ltr'><strong>Δι’</strong></span> <span class='ocrx_word' id='word_1_620' title='bbox 2871 2708 2928 2760; x_wconf 78' lang='grc' dir='ltr'>οὗ</span> <span class='ocrx_word' id='word_1_621' title='bbox 2976 2708 3225 2766; x_wconf 60' lang='grc' dir='ltr'>ἐκλήθητε</span> <span class='ocrx_word' id='word_1_622' title='bbox 3270 2713 3346 2771; x_wconf 78' lang='grc' dir='ltr'>εἰς</span> <span class='ocrx_word' id='word_1_623' title='bbox 3394 2715 3652 2762; x_wconf 77' lang='grc' dir='ltr'>κοινωνίαν</span> <span class='ocrx_word' id='word_1_624' title='bbox 3693 2716 3753 2759; x_wconf 68' lang='grc' dir='ltr'>τοῦ</span> <span class='ocrx_word' id='word_1_625' title='bbox 3783 2713 3855 2757; x_wconf 68' lang='grc' dir='ltr'>Υιοῠ</span> 
     </span>
    </p>
   </div>
   <div class='ocr_carea' id='block_1_81' title="bbox 2362 2794 3856 2868">
    <p class='ocr_par' dir='ltr' id='par_1_81' title="bbox 2362 2794 3856 2868">
     <span class='ocr_line' id='line_1_81' title="bbox 2362 2794 3856 2868; baseline 0.006 -22"><span class='ocrx_word' id='word_1_626' title='bbox 2362 2796 2542 2848; x_wconf 69' lang='grc' dir='ltr'>αὑτοῦ.</span> <span class='ocrx_word' id='word_1_627' title='bbox 2581 2802 2731 2866; x_wconf 78' lang='grc' dir='ltr'>Λέγει</span> <span class='ocrx_word' id='word_1_628' title='bbox 2763 2803 2954 2865; x_wconf 77' lang='grc' dir='ltr'>τοίνυν,</span> <span class='ocrx_word' id='word_1_629' title='bbox 3016 2800 3095 2849; x_wconf 84' lang='grc' dir='ltr'>ὃτι</span> <span class='ocrx_word' id='word_1_630' title='bbox 3135 2805 3242 2850; x_wconf 76' lang='grc' dir='ltr'><strong>Πᾶν</strong></span> <span class='ocrx_word' id='word_1_631' title='bbox 3299 2797 3462 2852; x_wconf 75' lang='grc' dir='ltr'>ἐκεῖνο</span> <span class='ocrx_word' id='word_1_632' title='bbox 3505 2804 3624 2867; x_wconf 88' lang='grc' dir='ltr'>πρὸς</span> <span class='ocrx_word' id='word_1_633' title='bbox 3678 2802 3736 2868; x_wconf 63' lang='grc' dir='ltr'>ἄξει</span> <span class='ocrx_word' id='word_1_634' title='bbox 3771 2794 3856 2855; x_wconf 63' lang='grc' dir='ltr'>ἣξεις</span> 
     </span>
    </p>
   </div>
   <div class='ocr_carea' id='block_1_82' title="bbox 2361 2881 3868 2958">
    <p class='ocr_par' dir='ltr' id='par_1_82' title="bbox 2361 2881 3868 2958">
     <span class='ocr_line' id='line_1_82' title="bbox 2361 2881 3868 2958; baseline 0.001 -22"><span class='ocrx_word' id='word_1_635' title='bbox 2361 2885 2387 2936; x_wconf 82' lang='grc' dir='ltr'><strong><em>ὃ</em></strong></span> <span class='ocrx_word' id='word_1_636' title='bbox 2419 2881 2617 2937; x_wconf 61' lang='grc' dir='ltr'>δίδωσί</span> <span class='ocrx_word' id='word_1_637' title='bbox 2648 2906 2742 2957; x_wconf 75' lang='grc' dir='ltr'>μοι</span> <span class='ocrx_word' id='word_1_638' title='bbox 2799 2888 2823 2936; x_wconf 86' lang='lat'><strong>6</strong></span> <span class='ocrx_word' id='word_1_639' title='bbox 2871 2892 3072 2958; x_wconf 70' lang='grc' dir='ltr'>Πατὴρ,</span> <span class='ocrx_word' id='word_1_640' title='bbox 3128 2892 3393 2955; x_wconf 75' lang='grc' dir='ltr'>τουτέστι,</span> <span class='ocrx_word' id='word_1_641' title='bbox 3427 2895 3528 2952; x_wconf 82' lang='grc' dir='ltr'>πᾶς</span> <span class='ocrx_word' id='word_1_642' title='bbox 3587 2892 3635 2950; x_wconf 83' lang='grc' dir='ltr'>ὃς</span> <span class='ocrx_word' id='word_1_643' title='bbox 3687 2883 3781 2955; x_wconf 70' lang='grc' dir='ltr'><strong>δοθῇ</strong></span> <span class='ocrx_word' id='word_1_644' title='bbox 3813 2898 3868 2953; x_wconf 72' lang='grc' dir='ltr'><strong>μῦι</strong></span> 
     </span>
    </p>
   </div>
   <div class='ocr_carea' id='block_1_83' title="bbox 2362 2974 3861 3052">
    <p class='ocr_par' dir='ltr' id='par_1_83' title="bbox 2362 2974 3861 3052">
     <span class='ocr_line' id='line_1_83' title="bbox 2362 2974 3861 3052; baseline -0.001 -27"><span class='ocrx_word' id='word_1_645' title='bbox 2362 2979 2500 3045; x_wconf 67' lang='grc' dir='ltr'>παρὰ</span> <span class='ocrx_word' id='word_1_646' title='bbox 2538 2983 2626 3026; x_wconf 75' lang='grc' dir='ltr'>τοῦ</span> <span class='ocrx_word' id='word_1_647' title='bbox 2659 2983 2790 3027; x_wconf 70' lang='grc' dir='ltr'>Θεοῦ</span> <span class='ocrx_word' id='word_1_648' title='bbox 2842 2979 2977 3046; x_wconf 68' lang='grc'><strong>(34).</strong></span> <span class='ocrx_word' id='word_1_649' title='bbox 3029 2979 3083 3037; x_wconf 86' lang='grc' dir='ltr'>ὃς</span> <span class='ocrx_word' id='word_1_650' title='bbox 3141 2974 3388 3050; x_wconf 58' lang='grc' dir='ltr'><strong>όδηγηϐῇ</strong></span> <span class='ocrx_word' id='word_1_651' title='bbox 3447 2978 3564 3052; x_wconf 82' lang='grc' dir='ltr'>παρ’</span> <span class='ocrx_word' id='word_1_652' title='bbox 3602 2978 3736 3029; x_wconf 69' lang='grc' dir='ltr'>αὐτοῦ</span> <span class='ocrx_word' id='word_1_653' title='bbox 3779 2976 3861 3043; x_wconf 51' lang='grc'><strong>(531.</strong></span> 
     </span>
    </p>
   </div>
   <div class='ocr_carea' id='block_1_84' title="bbox 2363 3058 3864 3139">
    <p class='ocr_par' dir='ltr' id='par_1_84' title="bbox 2363 3064 3864 3139">
     <span class='ocr_line' id='line_1_84' title="bbox 2363 3064 3864 3139; baseline -0.009 -16"><span class='ocrx_word' id='word_1_654' title='bbox 2363 3064 2506 3123; x_wconf 68' lang='grc' dir='ltr'>οὗτος</span> <span class='ocrx_word' id='word_1_655' title='bbox 2548 3065 2657 3125; x_wconf 66' lang='grc' dir='ltr'>ἥξει</span> <span class='ocrx_word' id='word_1_656' title='bbox 2707 3071 2832 3136; x_wconf 75' lang='grc' dir='ltr'>πρὸς</span> <span class='ocrx_word' id='word_1_657' title='bbox 2881 3085 2964 3137; x_wconf 81' lang='grc' dir='ltr'><strong>με,</strong></span> <span class='ocrx_word' id='word_1_658' title='bbox 3023 3066 3173 3127; x_wconf 75' lang='grc' dir='ltr'>οὗτος</span> <span class='ocrx_word' id='word_1_659' title='bbox 3224 3070 3499 3120; x_wconf 74' lang='grc' dir='ltr'>πιστεύσει</span> <span class='ocrx_word' id='word_1_660' title='bbox 3551 3087 3648 3139; x_wconf 84' lang='grc' dir='ltr'>μοι,</span> <span class='ocrx_word' id='word_1_661' title='bbox 3700 3069 3864 3124; x_wconf 56' lang='lat' dir='ltr'><strong>arato-.1</strong></span> 
     </span>
    </p>
   </div>
   <div class='ocr_carea' id='block_1_85' title="bbox 2363 3148 3868 3225">
    <p class='ocr_par' dir='ltr' id='par_1_85' title="bbox 2363 3148 3868 3225">
     <span class='ocr_line' id='line_1_85' title="bbox 2363 3148 3868 3225; baseline 0.001 -23"><span class='ocrx_word' id='word_1_662' title='bbox 2363 3152 2534 3214; x_wconf 69' lang='grc' dir='ltr'>ἁπλῶς</span> <span class='ocrx_word' id='word_1_663' title='bbox 2567 3155 2592 3204; x_wconf 97' lang='lat'><strong>6</strong></span> <span class='ocrx_word' id='word_1_664' title='bbox 2623 3161 2820 3225; x_wconf 71' lang='grc' dir='ltr'>τυχὼν.</span> <span class='ocrx_word' id='word_1_665' title='bbox 2879 3155 3135 3208; x_wconf 65' lang='grc' dir='ltr'>Ἐντεῦθεν</span> <span class='ocrx_word' id='word_1_666' title='bbox 3192 3151 3250 3207; x_wconf 70' lang='grc' dir='ltr'>δι</span> <span class='ocrx_word' id='word_1_667' title='bbox 3299 3157 3669 3217; x_wconf 74' lang='grc' dir='ltr'><strong>κατασκευάζει</strong></span> <span class='ocrx_word' id='word_1_668' title='bbox 3694 3155 3756 3205; x_wconf 85' lang='grc' dir='ltr'>ὃτι</span> <span class='ocrx_word' id='word_1_669' title='bbox 3791 3148 3868 3200; x_wconf 60' lang='grc' dir='ltr'>θέλει</span> 
     </span>
    </p>
   </div>
   <div class='ocr_carea' id='block_1_86' title="bbox 2364 3240 3867 3314">
    <p class='ocr_par' dir='ltr' id='par_1_86' title="bbox 2364 3240 3867 3314">
     <span class='ocr_line' id='line_1_86' title="bbox 2364 3240 3867 3314; baseline 0 -22"><span class='ocrx_word' id='word_1_670' title='bbox 2364 3242 2388 3292; x_wconf 92' lang='lat'><strong>6</strong></span> <span class='ocrx_word' id='word_1_671' title='bbox 2425 3247 2600 3314; x_wconf 71' lang='grc' dir='ltr'>Πατὴρ</span> <span class='ocrx_word' id='word_1_672' title='bbox 2635 3245 2715 3294; x_wconf 81' lang='grc' dir='ltr'><strong>ἶνα</strong></span> <span class='ocrx_word' id='word_1_673' title='bbox 2759 3247 3113 3296; x_wconf 76' lang='grc' dir='ltr'>πιστεύσωσιν</span> <span class='ocrx_word' id='word_1_674' title='bbox 3158 3245 3232 3306; x_wconf 88' lang='grc' dir='ltr'>εἰς</span> <span class='ocrx_word' id='word_1_675' title='bbox 3268 3246 3451 3309; x_wconf 66' lang='grc' dir='ltr'>αὐτόν,</span> <span class='ocrx_word' id='word_1_676' title='bbox 3495 3252 3579 3297; x_wconf 78' lang='grc' dir='ltr'>καὶ</span> <span class='ocrx_word' id='word_1_677' title='bbox 3611 3245 3759 3295; x_wconf 71' lang='grc' dir='ltr'>λοιπὸν</span> <span class='ocrx_word' id='word_1_678' title='bbox 3782 3258 3800 3288; x_wconf 90' lang='lat' dir='ltr'><strong>o</strong></span> <span class='ocrx_word' id='word_1_679' title='bbox 3825 3240 3867 3305; x_wconf 55' lang='grc' dir='ltr'><strong>,αἱ</strong></span> 
     </span>
    </p>
   </div>
   <div class='ocr_carea' id='block_1_87' title="bbox 2364 3329 3870 3405">
    <p class='ocr_par' dir='ltr' id='par_1_87' title="bbox 2364 3329 3870 3405">
     <span class='ocr_line' id='line_1_87' title="bbox 2364 3329 3870 3405; baseline -0.016 -6"><span class='ocrx_word' id='word_1_680' title='bbox 2364 3335 2619 3382; x_wconf 47' lang='grc' dir='ltr'><strong>πιστεύων</strong></span> <span class='ocrx_word' id='word_1_681' title='bbox 2686 3333 2754 3393; x_wconf 77' lang='grc' dir='ltr'><strong>εἰς</strong></span> <span class='ocrx_word' id='word_1_682' title='bbox 2813 3334 2966 3384; x_wconf 57' lang='grc' dir='ltr'><strong>αὗνὸν</strong></span> <span class='ocrx_word' id='word_1_683' title='bbox 3032 3333 3354 3386; x_wconf 68' lang='grc' dir='ltr'>ἐναντιωται</span> <span class='ocrx_word' id='word_1_684' title='bbox 3430 3345 3500 3405; x_wconf 79' lang='grc' dir='ltr'>τῷ</span> <span class='ocrx_word' id='word_1_685' title='bbox 3575 3329 3870 3404; x_wconf 67' lang='grc' dir='ltr'>θεὶιέματιτοῦ</span> 
     </span>
    </p>
   </div>
   <div class='ocr_carea' id='block_1_88' title="bbox 2365 3416 3872 3494">
    <p class='ocr_par' dir='ltr' id='par_1_88' title="bbox 2365 3416 3872 3494">
     <span class='ocr_line' id='line_1_88' title="bbox 2365 3416 3872 3494; baseline -0.019 2"><span class='ocrx_word' id='word_1_686' title='bbox 2365 3429 2516 3473; x_wconf 38' lang='lat' dir='ltr'><strong>ﬁmi</strong></span> <span class='ocrx_word' id='word_1_687' title='bbox 2549 3417 2746 3473; x_wconf 62' lang='grc' dir='ltr'><strong>Δίδωσί</strong></span> <span class='ocrx_word' id='word_1_688' title='bbox 2779 3419 2835 3474; x_wconf 53' lang='grc' dir='ltr'><strong>δῖ</strong></span> <span class='ocrx_word' id='word_1_689' title='bbox 2868 3428 2954 3473; x_wconf 72' lang='grc' dir='ltr'><strong>καὶ</strong></span> <span class='ocrx_word' id='word_1_690' title='bbox 2982 3425 3006 3474; x_wconf 77' lang='grc' dir='ltr'><strong>ό</strong></span> <span class='ocrx_word' id='word_1_691' title='bbox 3045 3429 3213 3494; x_wconf 67' lang='grc' dir='ltr'>Πατὴρ</span> <span class='ocrx_word' id='word_1_692' title='bbox 3246 3432 3320 3493; x_wconf 77' lang='grc' dir='ltr'>τῷ</span> <span class='ocrx_word' id='word_1_693' title='bbox 3371 3432 3494 3494; x_wconf 74' lang='grc' dir='ltr'><strong>Υιῴ,</strong></span> <span class='ocrx_word' id='word_1_694' title='bbox 3527 3419 3710 3491; x_wconf 68' lang='grc' dir='ltr'><strong>ὁδηγῶν</strong></span> <span class='ocrx_word' id='word_1_695' title='bbox 3745 3416 3872 3467; x_wconf 66' lang='grc' dir='ltr'>αὐτοὺς</span> 
     </span>
    </p>
   </div>
   <div class='ocr_carea' id='block_1_89' title="bbox 2363 3507 3872 3584">
    <p class='ocr_par' dir='ltr' id='par_1_89' title="bbox 2363 3507 3872 3584">
     <span class='ocr_line' id='line_1_89' title="bbox 2363 3507 3872 3584; baseline 0.003 -24"><span class='ocrx_word' id='word_1_696' title='bbox 2363 3509 2430 3569; x_wconf 79' lang='grc' dir='ltr'>εἰς</span> <span class='ocrx_word' id='word_1_697' title='bbox 2462 3515 2553 3566; x_wconf 71' lang='grc' dir='ltr'>τὴν</span> <span class='ocrx_word' id='word_1_698' title='bbox 2587 3516 2764 3562; x_wconf 86' lang='grc' dir='ltr'>πίστιν</span> <span class='ocrx_word' id='word_1_699' title='bbox 2797 3511 2956 3562; x_wconf 69' lang='grc' dir='ltr'>αὐτου</span> <span class='ocrx_word' id='word_1_700' title='bbox 2983 3530 2993 3539; x_wconf 92' lang='grc'><strong>·</strong></span> <span class='ocrx_word' id='word_1_701' title='bbox 3039 3519 3128 3564; x_wconf 79' lang='grc' dir='ltr'>καὶ</span> <span class='ocrx_word' id='word_1_702' title='bbox 3161 3514 3185 3563; x_wconf 91' lang='lat'><strong>6</strong></span> <span class='ocrx_word' id='word_1_703' title='bbox 3218 3516 3338 3573; x_wconf 80' lang='grc' dir='ltr'><strong>Υίὸς</strong></span> <span class='ocrx_word' id='word_1_704' title='bbox 3370 3522 3440 3584; x_wconf 80' lang='grc' dir='ltr'>τῷ</span> <span class='ocrx_word' id='word_1_705' title='bbox 3475 3516 3643 3584; x_wconf 83' lang='grc' dir='ltr'>Πατρὶ,</span> <span class='ocrx_word' id='word_1_706' title='bbox 3672 3507 3872 3580; x_wconf 69' lang='grc' dir='ltr'><strong>προσάγων</strong></span> 
     </span>
    </p>
   </div>
   <div class='ocr_carea' id='block_1_90' title="bbox 2365 3597 3234 3668">
    <p class='ocr_par' dir='ltr' id='par_1_90' title="bbox 2365 3597 3234 3668">
     <span class='ocr_line' id='line_1_90' title="bbox 2365 3597 3234 3668; baseline 0.006 -20"><span class='ocrx_word' id='word_1_707' title='bbox 2365 3598 2548 3659; x_wconf 68' lang='grc' dir='ltr'>αὐτοὺς</span> <span class='ocrx_word' id='word_1_708' title='bbox 2580 3599 2719 3668; x_wconf 59' lang='grc' dir='ltr'><strong>αὐτῴ</strong></span> <span class='ocrx_word' id='word_1_709' title='bbox 2745 3597 2837 3652; x_wconf 75' lang='grc' dir='ltr'><strong>διὰ</strong></span> <span class='ocrx_word' id='word_1_710' title='bbox 2866 3610 2957 3660; x_wconf 76' lang='grc' dir='ltr'>τῆς</span> <span class='ocrx_word' id='word_1_711' title='bbox 2989 3606 3234 3663; x_wconf 83' lang='grc' dir='ltr'>πίστεως.</span> 
     </span>
    </p>
   </div>
   <div class='ocr_carea' id='block_1_91' title="bbox 2437 3679 3876 3764">
    <p class='ocr_par' dir='ltr' id='par_1_91' title="bbox 2437 3679 3876 3764">
     <span class='ocr_line' id='line_1_91' title="bbox 2437 3679 3876 3764; baseline -0.003 -24"><span class='ocrx_word' id='word_1_712' title='bbox 2437 3688 2568 3740; x_wconf 73' lang='grc' dir='ltr'><strong>Ἀλλ’</strong></span> <span class='ocrx_word' id='word_1_713' title='bbox 2618 3690 2660 3741; x_wconf 77' lang='grc' dir='ltr'>εἰ</span> <span class='ocrx_word' id='word_1_714' title='bbox 2709 3689 2898 3751; x_wconf 74' lang='grc' dir='ltr'>ἐκεῖνος</span> <span class='ocrx_word' id='word_1_715' title='bbox 2943 3693 3156 3764; x_wconf 76' lang='grc' dir='ltr'>ἔρχεται</span> <span class='ocrx_word' id='word_1_716' title='bbox 3201 3694 3326 3764; x_wconf 86' lang='grc' dir='ltr'>πρὸς</span> <span class='ocrx_word' id='word_1_717' title='bbox 3375 3694 3460 3742; x_wconf 89' lang='grc' dir='ltr'>τὸν</span> <span class='ocrx_word' id='word_1_718' title='bbox 3514 3691 3640 3753; x_wconf 78' lang='grc' dir='ltr'>Υίὸν,</span> <span class='ocrx_word' id='word_1_719' title='bbox 3688 3686 3709 3737; x_wconf 91' lang='lat'><strong>6</strong></span> <span class='ocrx_word' id='word_1_720' title='bbox 3756 3679 3876 3735; x_wconf 76' lang='grc' dir='ltr'>δοθιις</span> 
     </span>
    </p>
   </div>
   <div class='ocr_carea' id='block_1_92' title="bbox 2363 3770 3872 3851">
    <p class='ocr_par' dir='ltr' id='par_1_92' title="bbox 2363 3770 3872 3851">
     <span class='ocr_line' id='line_1_92' title="bbox 2363 3770 3872 3851; baseline 0.002 -24"><span class='ocrx_word' id='word_1_721' title='bbox 2363 3781 2505 3849; x_wconf 77' lang='grc' dir='ltr'>παρα</span> <span class='ocrx_word' id='word_1_722' title='bbox 2552 3787 2642 3829; x_wconf 83' lang='grc' dir='ltr'><strong>του</strong></span> <span class='ocrx_word' id='word_1_723' title='bbox 2679 3783 2894 3850; x_wconf 82' lang='grc' dir='ltr'>Πατρός,</span> <span class='ocrx_word' id='word_1_724' title='bbox 2933 3777 3160 3841; x_wconf 78' lang='grc' dir='ltr'>ἀναίτιος</span> <span class='ocrx_word' id='word_1_725' title='bbox 3210 3782 3315 3851; x_wconf 79' lang='grc' dir='ltr'>ἄρα</span> <span class='ocrx_word' id='word_1_726' title='bbox 3360 3782 3386 3831; x_wconf 87' lang='lat'><strong>6</strong></span> <span class='ocrx_word' id='word_1_727' title='bbox 3427 3785 3496 3850; x_wconf 69' lang='grc' dir='ltr'><strong>μὴ</strong></span> <span class='ocrx_word' id='word_1_728' title='bbox 3547 3777 3702 3838; x_wconf 72' lang='grc' dir='ltr'><strong>ἐλθὼν,</strong></span> <span class='ocrx_word' id='word_1_729' title='bbox 3742 3775 3793 3830; x_wconf 78' lang='grc' dir='ltr'><strong>ὡς</strong></span> <span class='ocrx_word' id='word_1_730' title='bbox 3827 3770 3872 3836; x_wconf 70' lang='grc' dir='ltr'><strong>μὲ</strong></span> 
     </span>
    </p>
   </div>
   <div class='ocr_carea' id='block_1_93' title="bbox 2365 3851 3875 3940">
    <p class='ocr_par' dir='ltr' id='par_1_93' title="bbox 2365 3851 3875 3940">
     <span class='ocr_line' id='line_1_93' title="bbox 2365 3851 3875 3940; baseline -0.007 -21"><span class='ocrx_word' id='word_1_731' title='bbox 2365 3864 2532 3928; x_wconf 67' lang='grc' dir='ltr'>δοθεὶς</span> <span class='ocrx_word' id='word_1_732' title='bbox 2565 3872 2703 3938; x_wconf 73' lang='grc' dir='ltr'>παρὰ</span> <span class='ocrx_word' id='word_1_733' title='bbox 2749 3888 2838 3920; x_wconf 72' lang='grc' dir='ltr'><strong>του</strong></span> <span class='ocrx_word' id='word_1_734' title='bbox 2882 3874 3108 3939; x_wconf 73' lang='grc' dir='ltr'>Πατρός*</span> <span class='ocrx_word' id='word_1_735' title='bbox 3169 3867 3275 3918; x_wconf 72' lang='grc' dir='ltr'>αλλ’</span> <span class='ocrx_word' id='word_1_736' title='bbox 3316 3870 3342 3919; x_wconf 93' lang='lat'><strong>6</strong></span> <span class='ocrx_word' id='word_1_737' title='bbox 3394 3872 3563 3940; x_wconf 72' lang='grc' dir='ltr'>Πατὴρ</span> <span class='ocrx_word' id='word_1_738' title='bbox 3611 3863 3786 3917; x_wconf 73' lang='grc' dir='ltr'>ἐκείνους</span> <span class='ocrx_word' id='word_1_739' title='bbox 3819 3851 3875 3905; x_wconf 75' lang='grc' dir='ltr'><strong>δι’</strong></span> 
     </span>
    </p>
   </div>
   <div class='ocr_carea' id='block_1_94' title="bbox 2365 3945 3875 4030">
    <p class='ocr_par' dir='ltr' id='par_1_94' title="bbox 2365 3945 3875 4030">
     <span class='ocr_line' id='line_1_94' title="bbox 2365 3945 3875 4030; baseline 0 -22"><span class='ocrx_word' id='word_1_740' title='bbox 2365 3953 2527 4009; x_wconf 79' lang='grc' dir='ltr'>δωσιν</span> <span class='ocrx_word' id='word_1_741' title='bbox 2560 3957 2626 4006; x_wconf 83' lang='grc' dir='ltr'>ὧν</span> <span class='ocrx_word' id='word_1_742' title='bbox 2658 3959 2685 4014; x_wconf 76' lang='grc' dir='ltr'><em>ὴ</em></span> <span class='ocrx_word' id='word_1_743' title='bbox 2721 3963 3024 4030; x_wconf 87' lang='grc' dir='ltr'>προαίρεσις</span> <span class='ocrx_word' id='word_1_744' title='bbox 3057 3955 3249 4027; x_wconf 63' lang='grc' dir='ltr'><strong>ἀγαθή.</strong></span> <span class='ocrx_word' id='word_1_745' title='bbox 3286 3960 3420 4008; x_wconf 68' lang='grc' dir='ltr'>Οἷτε</span> <span class='ocrx_word' id='word_1_746' title='bbox 3448 3959 3544 4026; x_wconf 74' lang='grc' dir='ltr'><strong>γὰρ</strong></span> <span class='ocrx_word' id='word_1_747' title='bbox 3571 3954 3685 4007; x_wconf 71' lang='grc' dir='ltr'><strong>αὕτη</strong></span> <span class='ocrx_word' id='word_1_748' title='bbox 3714 3945 3875 4000; x_wconf 58' lang='grc' dir='ltr'><strong>δύναταί</strong></span> 
     </span>
    </p>
   </div>
   <div class='ocr_carea' id='block_1_95' title="bbox 2364 4045 3876 4120">
    <p class='ocr_par' dir='ltr' id='par_1_95' title="bbox 2364 4045 3876 4120">
     <span class='ocr_line' id='line_1_95' title="bbox 2364 4045 3876 4120; baseline -0.006 -24"><span class='ocrx_word' id='word_1_749' title='bbox 2364 4055 2584 4103; x_wconf 77' lang='grc' dir='ltr'>ποιῆσαι</span> <span class='ocrx_word' id='word_1_750' title='bbox 2615 4051 2819 4104; x_wconf 83' lang='grc' dir='ltr'>πιστὸν,</span> <span class='ocrx_word' id='word_1_751' title='bbox 2857 4045 3089 4107; x_wconf 68' lang='grc' dir='ltr'>ἀπούσης</span> <span class='ocrx_word' id='word_1_752' title='bbox 3120 4054 3214 4106; x_wconf 76' lang='grc' dir='ltr'>τῆς</span> <span class='ocrx_word' id='word_1_753' title='bbox 3253 4049 3396 4120; x_wconf 81' lang='grc' dir='ltr'>παρὰ</span> <span class='ocrx_word' id='word_1_754' title='bbox 3424 4052 3512 4096; x_wconf 77' lang='grc' dir='ltr'>τοῦ</span> <span class='ocrx_word' id='word_1_755' title='bbox 3543 4049 3662 4096; x_wconf 71' lang='grc' dir='ltr'>Θεοῦ</span> <span class='ocrx_word' id='word_1_756' title='bbox 3681 4052 3876 4109; x_wconf 50' lang='lat' dir='ltr'><strong>xigor/~-</strong></span> 
     </span>
    </p>
   </div>
   <div class='ocr_carea' id='block_1_96' title="bbox 2363 4123 3878 4208">
    <p class='ocr_par' dir='ltr' id='par_1_96' title="bbox 2363 4123 3878 4208">
     <span class='ocr_line' id='line_1_96' title="bbox 2363 4123 3878 4208; baseline 0.002 -22"><span class='ocrx_word' id='word_1_757' title='bbox 2363 4143 2477 4206; x_wconf 62' lang='grc' dir='ltr'>νίας</span> <span class='ocrx_word' id='word_1_758' title='bbox 2502 4152 2513 4162; x_wconf 87' lang='grc'><em>’</em></span> <span class='ocrx_word' id='word_1_759' title='bbox 2557 4140 2673 4188; x_wconf 63' lang='grc' dir='ltr'>οὔτε</span> <span class='ocrx_word' id='word_1_760' title='bbox 2704 4141 2805 4208; x_wconf 74' lang='grc' dir='ltr'><strong>μὴν</strong></span> <span class='ocrx_word' id='word_1_761' title='bbox 2838 4135 2999 4193; x_wconf 74' lang='grc' dir='ltr'>ἐκείνη</span> <span class='ocrx_word' id='word_1_762' title='bbox 3052 4143 3302 4208; x_wconf 74' lang='grc' dir='ltr'><strong>συνεργεῖ²</strong></span> <span class='ocrx_word' id='word_1_763' title='bbox 3337 4139 3409 4207; x_wconf 77' lang='grc' dir='ltr'><strong><em>μὴ</em></strong></span> <span class='ocrx_word' id='word_1_764' title='bbox 3458 4135 3704 4206; x_wconf 67' lang='grc' dir='ltr'>παρούσης</span> <span class='ocrx_word' id='word_1_765' title='bbox 3729 4123 3878 4194; x_wconf 63' lang='grc' dir='ltr'><strong>αγαθές</strong></span> 
     </span>
    </p>
   </div>
   <div class='ocr_carea' id='block_1_97' title="bbox 2365 4230 2734 4299">
    <p class='ocr_par' dir='ltr' id='par_1_97' title="bbox 2365 4230 2734 4299">
     <span class='ocr_line' id='line_1_97' title="bbox 2365 4230 2734 4299; baseline 0.008 -24"><span class='ocrx_word' id='word_1_766' title='bbox 2365 4230 2734 4299; x_wconf 76' lang='grc' dir='ltr'>προαιρέσεως.</span> 
     </span>
    </p>
   </div>
   <div class='ocr_carea' id='block_1_98' title="bbox 2444 4307 3876 4384">
    <p class='ocr_par' dir='ltr' id='par_1_98' title="bbox 2444 4307 3876 4384">
     <span class='ocr_line' id='line_1_98' title="bbox 2444 4307 3876 4384; baseline 0.005 -19"><span class='ocrx_word' id='word_1_767' title='bbox 2444 4320 2541 4367; x_wconf 73' lang='grc' dir='ltr'><strong>Καὶ</strong></span> <span class='ocrx_word' id='word_1_768' title='bbox 2571 4345 2631 4355; x_wconf 89' lang='grc'><strong><em>-</em></strong></span> <span class='ocrx_word' id='word_1_769' title='bbox 2662 4315 2776 4376; x_wconf 76' lang='grc' dir='ltr'><strong>ἔξω,</strong></span> <span class='ocrx_word' id='word_1_770' title='bbox 2807 4316 2934 4365; x_wconf 74' lang='grc' dir='ltr'><strong>Οὖτ⁹</strong></span> <span class='ocrx_word' id='word_1_771' title='bbox 2966 4315 3206 4381; x_wconf 73' lang='grc' dir='ltr'><strong>ἐνταῦθα,</strong></span> <span class='ocrx_word' id='word_1_772' title='bbox 3238 4314 3333 4376; x_wconf 76' lang='grc' dir='ltr'><strong>ἔξω</strong></span> <span class='ocrx_word' id='word_1_773' title='bbox 3367 4320 3459 4374; x_wconf 72' lang='grc' dir='ltr'>τῆς</span> <span class='ocrx_word' id='word_1_774' title='bbox 3487 4310 3606 4384; x_wconf 74' lang='grc' dir='ltr'><strong>ἕμῆς</strong></span> <span class='ocrx_word' id='word_1_775' title='bbox 3629 4307 3876 4360; x_wconf 56' lang='grc' dir='ltr'>οἶκευιλπωίι</span> 
     </span>
    </p>
   </div>
   <div class='ocr_carea' id='block_1_99' title="bbox 2369 4395 3879 4476">
    <p class='ocr_par' dir='ltr' id='par_1_99' title="bbox 2369 4395 3879 4476">
     <span class='ocr_line' id='line_1_99' title="bbox 2369 4395 3879 4476; baseline -0.007 -19"><span class='ocrx_word' id='word_1_776' title='bbox 2369 4409 2483 4457; x_wconf 69' lang='grc' dir='ltr'>οὗτε</span> <span class='ocrx_word' id='word_1_777' title='bbox 2509 4407 2630 4468; x_wconf 73' lang='grc' dir='ltr'>ἐκεῖ,</span> <span class='ocrx_word' id='word_1_778' title='bbox 2665 4404 2746 4466; x_wconf 65' lang='grc' dir='ltr'><strong>ἕξις</strong></span> <span class='ocrx_word' id='word_1_779' title='bbox 2783 4412 2874 4465; x_wconf 79' lang='grc' dir='ltr'>τῆς</span> <span class='ocrx_word' id='word_1_780' title='bbox 2908 4401 3179 4474; x_wconf 54' lang='grc' dir='ltr'>βασιλείας</span> <span class='ocrx_word' id='word_1_781' title='bbox 3209 4412 3308 4454; x_wconf 78' lang='grc' dir='ltr'>τῶν</span> <span class='ocrx_word' id='word_1_782' title='bbox 3335 4401 3575 4476; x_wconf 69' lang='grc' dir='ltr'>οὐρανῶν.</span> <span class='ocrx_word' id='word_1_783' title='bbox 3605 4400 3689 4450; x_wconf 84' lang='grc' dir='ltr'><strong>Τὸν</strong></span> <span class='ocrx_word' id='word_1_784' title='bbox 3711 4395 3879 4466; x_wconf 74' lang='grc' dir='ltr'><strong>ἐρχομε-</strong></span> 
     </span>
    </p>
   </div>
   <div class='ocr_carea' id='block_1_100' title="bbox 2370 4488 3239 4564">
    <p class='ocr_par' dir='ltr' id='par_1_100' title="bbox 2370 4488 3239 4564">
     <span class='ocr_line' id='line_1_100' title="bbox 2370 4488 3239 4564; baseline 0 -20"><span class='ocrx_word' id='word_1_785' title='bbox 2370 4512 2450 4544; x_wconf 89' lang='grc' dir='ltr'><strong>νον</strong></span> <span class='ocrx_word' id='word_1_786' title='bbox 2474 4488 2532 4544; x_wconf 70' lang='grc' dir='ltr'>δι</span> <span class='ocrx_word' id='word_1_787' title='bbox 2558 4492 2661 4562; x_wconf 66' lang='grc' dir='ltr'><strong>οὐχ</strong></span> <span class='ocrx_word' id='word_1_788' title='bbox 2689 4491 2884 4552; x_wconf 70' lang='grc' dir='ltr'>ἅπλῶς.</span> <span class='ocrx_word' id='word_1_789' title='bbox 2919 4491 3024 4542; x_wconf 69' lang='grc' dir='ltr'><strong>ἀλλ’</strong></span> <span class='ocrx_word' id='word_1_790' title='bbox 3055 4490 3239 4564; x_wconf 76' lang='grc' dir='ltr'>ὀρθῶς.</span> 
     </span>
    </p>
   </div>
   <div class='ocr_carea' id='block_1_101' title="bbox 2440 4565 3876 4662">
    <p class='ocr_par' dir='ltr' id='par_1_101' title="bbox 2440 4565 3876 4662">
     <span class='ocr_line' id='line_1_101' title="bbox 2440 4565 3876 4662; baseline 0.03 -41"><span class='ocrx_word' id='word_1_791' title='bbox 2440 4580 2559 4632; x_wconf 78' lang='grc' dir='ltr'>ὀτι</span> <span class='ocrx_word' id='word_1_792' title='bbox 2589 4613 2643 4620; x_wconf 86' lang='grc'><strong>-</strong></span> <span class='ocrx_word' id='word_1_793' title='bbox 2677 4601 2757 4651; x_wconf 80' lang='grc' dir='ltr'><strong>με.</strong></span> <span class='ocrx_word' id='word_1_794' title='bbox 2804 4612 2868 4620; x_wconf 94' lang='lat'><strong>——</strong></span> <span class='ocrx_word' id='word_1_795' title='bbox 2901 4581 3022 4652; x_wconf 69' lang='grc' dir='ltr'><strong>Οὐχ</strong></span> <span class='ocrx_word' id='word_1_796' title='bbox 3072 4583 3154 4632; x_wconf 83' lang='grc' dir='ltr'>ἶνα</span> <span class='ocrx_word' id='word_1_797' title='bbox 3209 4589 3340 4632; x_wconf 83' lang='grc' dir='ltr'>ποιῶ</span> <span class='ocrx_word' id='word_1_798' title='bbox 3389 4581 3446 4630; x_wconf 83' lang='grc' dir='ltr'>τὸ</span> <span class='ocrx_word' id='word_1_799' title='bbox 3492 4575 3671 4648; x_wconf 67' lang='grc' dir='ltr'><strong>θᾶημα</strong></span> <span class='ocrx_word' id='word_1_800' title='bbox 3692 4575 3738 4623; x_wconf 64' lang='grc' dir='ltr'><strong>τό</strong></span> <span class='ocrx_word' id='word_1_801' title='bbox 3779 4565 3876 4662; x_wconf 37' lang='lat' dir='ltr'><strong>in?!</strong></span> 
     </span>
    </p>
   </div>
   <div class='ocr_carea' id='block_1_102' title="bbox 2372 4655 3878 4743">
    <p class='ocr_par' dir='ltr' id='par_1_102' title="bbox 2372 4655 3878 4743">
     <span class='ocr_line' id='line_1_102' title="bbox 2372 4655 3878 4743; baseline -0.013 -21"><span class='ocrx_word' id='word_1_802' title='bbox 2372 4675 2488 4728; x_wconf 80' lang='grc' dir='ltr'>ἤτοι</span> <span class='ocrx_word' id='word_1_803' title='bbox 2519 4675 2572 4722; x_wconf 87' lang='grc' dir='ltr'>τὸ</span> <span class='ocrx_word' id='word_1_804' title='bbox 2613 4666 2748 4721; x_wconf 81' lang='grc' dir='ltr'>ἴδιον</span> <span class='ocrx_word' id='word_1_805' title='bbox 2775 4688 2785 4698; x_wconf 90' lang='grc'>·</span> <span class='ocrx_word' id='word_1_806' title='bbox 2835 4666 2957 4721; x_wconf 66' lang='grc' dir='ltr'>οὐδε</span> <span class='ocrx_word' id='word_1_807' title='bbox 2987 4677 3086 4743; x_wconf 75' lang='grc' dir='ltr'>γαρ</span> <span class='ocrx_word' id='word_1_808' title='bbox 3116 4673 3228 4740; x_wconf 81' lang='grc'><strong>(56)</strong></span> <span class='ocrx_word' id='word_1_809' title='bbox 3261 4672 3366 4740; x_wconf 68' lang='grc' dir='ltr'><strong>ἔχω</strong></span> <span class='ocrx_word' id='word_1_810' title='bbox 3397 4663 3562 4720; x_wconf 83' lang='grc' dir='ltr'>ἶδιον·</span> <span class='ocrx_word' id='word_1_811' title='bbox 3610 4662 3718 4714; x_wconf 65' lang='grc' dir='ltr'><strong>ἀλλὰ</strong></span> <span class='ocrx_word' id='word_1_812' title='bbox 3754 4658 3797 4708; x_wconf 83' lang='grc' dir='ltr'>τὸ</span> <span class='ocrx_word' id='word_1_813' title='bbox 3828 4655 3878 4702; x_wconf 70' lang='lat' dir='ltr'><strong>9i-</strong></span> 
     </span>
    </p>
   </div>
   <div class='ocr_carea' id='block_1_103' title="bbox 2371 4748 3877 4829">
    <p class='ocr_par' dir='ltr' id='par_1_103' title="bbox 2371 4751 3877 4829">
     <span class='ocr_line' id='line_1_103' title="bbox 2371 4751 3877 4829; baseline -0.011 -19"><span class='ocrx_word' id='word_1_814' title='bbox 2371 4759 2512 4828; x_wconf 74' lang='grc' dir='ltr'><strong>λημα</strong></span> <span class='ocrx_word' id='word_1_815' title='bbox 2543 4768 2632 4810; x_wconf 77' lang='grc' dir='ltr'><strong>του</strong></span> <span class='ocrx_word' id='word_1_816' title='bbox 2675 4758 2971 4828; x_wconf 62' lang='grc' dir='ltr'>πέμψαντός</span> <span class='ocrx_word' id='word_1_817' title='bbox 3016 4777 3097 4829; x_wconf 81' lang='grc' dir='ltr'><strong>με,</strong></span> <span class='ocrx_word' id='word_1_818' title='bbox 3132 4762 3371 4810; x_wconf 81' lang='grc' dir='ltr'>τουτέστι</span> <span class='ocrx_word' id='word_1_819' title='bbox 3401 4760 3457 4809; x_wconf 89' lang='grc' dir='ltr'>τὸ</span> <span class='ocrx_word' id='word_1_820' title='bbox 3482 4756 3637 4806; x_wconf 82' lang='grc' dir='ltr'>κοινὸν</span> <span class='ocrx_word' id='word_1_821' title='bbox 3672 4751 3822 4801; x_wconf 76' lang='grc' dir='ltr'>εκείνου</span> <span class='ocrx_word' id='word_1_822' title='bbox 3844 4754 3877 4787; x_wconf 75' lang='grc' dir='ltr'><strong>τι</strong></span> 
     </span>
    </p>
   </div>
   <div class='ocr_carea' id='block_1_104' title="bbox 2371 4839 3876 4920">
    <p class='ocr_par' dir='ltr' id='par_1_104' title="bbox 2371 4839 3876 4920">
     <span class='ocr_line' id='line_1_104' title="bbox 2371 4839 3876 4920; baseline -0.009 -21"><span class='ocrx_word' id='word_1_823' title='bbox 2371 4854 2459 4900; x_wconf 78' lang='grc' dir='ltr'>καὶ</span> <span class='ocrx_word' id='word_1_824' title='bbox 2491 4847 2635 4918; x_wconf 69' lang='grc' dir='ltr'><strong>ἐμοῦ,</strong></span> <span class='ocrx_word' id='word_1_825' title='bbox 2669 4848 2735 4898; x_wconf 81' lang='grc' dir='ltr'>ὧν</span> <span class='ocrx_word' id='word_1_826' title='bbox 2758 4851 2826 4909; x_wconf 77' lang='grc' dir='ltr'>ὡς</span> <span class='ocrx_word' id='word_1_827' title='bbox 2850 4853 2947 4920; x_wconf 80' lang='grc' dir='ltr'>μία</span> <span class='ocrx_word' id='word_1_828' title='bbox 2966 4849 3158 4910; x_wconf 83' lang='grc' dir='ltr'>θεότης,</span> <span class='ocrx_word' id='word_1_829' title='bbox 3191 4848 3323 4900; x_wconf 75' lang='grc' dir='ltr'>οὕτω</span> <span class='ocrx_word' id='word_1_830' title='bbox 3348 4852 3434 4897; x_wconf 81' lang='grc' dir='ltr'><strong>και</strong></span> <span class='ocrx_word' id='word_1_831' title='bbox 3460 4844 3507 4897; x_wconf 75' lang='grc' dir='ltr'>ἓν</span> <span class='ocrx_word' id='word_1_832' title='bbox 3539 4841 3726 4912; x_wconf 64' lang='grc' dir='ltr'><strong>θεἏημα.</strong></span> <span class='ocrx_word' id='word_1_833' title='bbox 3757 4839 3876 4885; x_wconf 74' lang='grc' dir='ltr'><strong>Κατι-</strong></span> 
     </span>
    </p>
   </div>
   <div class='ocr_carea' id='block_1_105' title="bbox 2374 4933 3438 5010">
    <p class='ocr_par' dir='ltr' id='par_1_105' title="bbox 2374 4933 3438 5010">
     <span class='ocr_line' id='line_1_105' title="bbox 2374 4933 3438 5010; baseline -0.003 -22"><span class='ocrx_word' id='word_1_834' title='bbox 2374 4936 2557 4993; x_wconf 69' lang='grc' dir='ltr'>εέϐηκε</span> <span class='ocrx_word' id='word_1_835' title='bbox 2589 4933 2646 4988; x_wconf 69' lang='grc' dir='ltr'>δι</span> <span class='ocrx_word' id='word_1_836' title='bbox 2678 4936 2730 4988; x_wconf 71' lang='grc' dir='ltr'>ἐκ</span> <span class='ocrx_word' id='word_1_837' title='bbox 2763 4946 2852 4988; x_wconf 72' lang='grc' dir='ltr'><strong>του</strong></span> <span class='ocrx_word' id='word_1_838' title='bbox 2883 4937 3102 5010; x_wconf 64' lang='grc' dir='ltr'>οὐρανόν</span> <span class='ocrx_word' id='word_1_839' title='bbox 3222 4938 3438 4992; x_wconf 78' lang='grc' dir='ltr'>θεότητι.</span> 
     </span>
    </p>
   </div>
   <div class='ocr_carea' id='block_1_106' title="bbox 1791 5355 2745 5426">
    <p class='ocr_par' dir='ltr' id='par_1_106' title="bbox 1791 5355 2745 5426">
     <span class='ocr_line' id='line_1_106' title="bbox 1791 5355 2745 5426; baseline -0.001 -1"><span class='ocrx_word' id='word_1_840' title='bbox 1791 5356 2011 5426; x_wconf 61' lang='lat' dir='ltr'><strong>Variae</strong></span> <span class='ocrx_word' id='word_1_841' title='bbox 2059 5355 2388 5426; x_wconf 89' lang='lat' dir='ltr'><strong>lectiones</strong></span> <span class='ocrx_word' id='word_1_842' title='bbox 2444 5364 2508 5425; x_wconf 89' lang='lat' dir='ltr'><strong>et</strong></span> <span class='ocrx_word' id='word_1_843' title='bbox 2547 5366 2745 5425; x_wconf 62' lang='lat' dir='ltr'><strong>notas.</strong></span> 
     </span>
    </p>
   </div>
   <div class='ocr_carea' id='block_1_107' title="bbox 681 5552 777 5763">
    <p class='ocr_par' dir='ltr' id='par_1_107' title="bbox 681 5552 777 5763">
     <span class='ocr_line' id='line_1_107' title="bbox 681 5552 777 5763; baseline -0.167 -3"><span class='ocrx_word' id='word_1_844' title='bbox 681 5552 777 5763; x_wconf 66' lang='grc' dir='ltr'><strong>ἓὲἑ,</strong></span> 
     </span>
    </p>
   </div>
   <div class='ocr_carea' id='block_1_108' title="bbox 837 5548 1437 5622">
    <p class='ocr_par' dir='ltr' id='par_1_108' title="bbox 837 5548 1437 5622">
     <span class='ocr_line' id='line_1_108' title="bbox 837 5548 1437 5622; baseline 0.005 -21"><span class='ocrx_word' id='word_1_845' title='bbox 837 5553 1035 5622; x_wconf 66' lang='grc' dir='ltr'><strong>ΤοῦτονΔ</strong></span> <span class='ocrx_word' id='word_1_846' title='bbox 1057 5549 1144 5622; x_wconf 73' lang='grc' dir='ltr'><strong>τόν</strong></span> <span class='ocrx_word' id='word_1_847' title='bbox 1177 5548 1339 5622; x_wconf 82' lang='grc' dir='ltr'>οἶρτον</span> <span class='ocrx_word' id='word_1_848' title='bbox 1371 5553 1437 5606; x_wconf 75' lang='grc' dir='ltr'><strong>Α.</strong></span> 
     </span>
    </p>
   </div>
   <div class='ocr_carea' id='block_1_109' title="bbox 829 5617 1224 5676">
    <p class='ocr_par' dir='ltr' id='par_1_109' title="bbox 829 5617 1224 5676">
     <span class='ocr_line' id='line_1_109' title="bbox 829 5617 1224 5676; baseline 0.008 -5"><span class='ocrx_word' id='word_1_849' title='bbox 829 5622 892 5672; x_wconf 81' lang='grc' dir='ltr'>Δί</span> <span class='ocrx_word' id='word_1_850' title='bbox 915 5617 1131 5676; x_wconf 82' lang='grc' dir='ltr'>οωίιιίι</span> <span class='ocrx_word' id='word_1_851' title='bbox 1157 5617 1224 5676; x_wconf 63' lang='grc' dir='ltr'><strong>Α.</strong></span> 
     </span>
    </p>
   </div>
   <div class='ocr_carea' id='block_1_110' title="bbox 827 5689 1192 5750">
    <p class='ocr_par' dir='ltr' id='par_1_110' title="bbox 827 5689 1192 5750">
     <span class='ocr_line' id='line_1_110' title="bbox 827 5689 1192 5750; baseline -0.008 -1"><span class='ocrx_word' id='word_1_852' title='bbox 827 5692 889 5749; x_wconf 83' lang='grc' dir='ltr'>Ἢ</span> <span class='ocrx_word' id='word_1_853' title='bbox 919 5689 1091 5750; x_wconf 84' lang='lat' dir='ltr'><strong>abest</strong></span> <span class='ocrx_word' id='word_1_854' title='bbox 1123 5694 1192 5749; x_wconf 86' lang='lat' dir='ltr'><strong>A.</strong></span> 
     </span>
    </p>
   </div>
   <div class='ocr_carea' id='block_1_111' title="bbox 778 5547 799 5766">
    <p class='ocr_par' dir='ltr' id='par_1_111' title="bbox 778 5547 799 5766">
     <span class='ocr_line' id='line_1_111' title="bbox 778 5547 799 5766; baseline 0 0"><span class='ocrx_word' id='word_1_855' title='bbox 778 5547 799 5766; x_wconf 67' lang='grc' dir='ltr'><em>ἔ</em></span> 
     </span>
    </p>
   </div>
   <div class='ocr_carea' id='block_1_112' title="bbox 2452 5554 3211 5627">
    <p class='ocr_par' dir='ltr' id='par_1_112' title="bbox 2452 5554 3211 5627">
     <span class='ocr_line' id='line_1_112' title="bbox 2452 5554 3211 5627; baseline -0.003 -17"><span class='ocrx_word' id='word_1_856' title='bbox 2452 5554 2564 5624; x_wconf 79' lang='grc'><strong>(54)</strong></span> <span class='ocrx_word' id='word_1_857' title='bbox 2595 5556 2818 5625; x_wconf 80' lang='grc' dir='ltr'>Πατρός,</span> <span class='ocrx_word' id='word_1_858' title='bbox 2847 5568 2958 5627; x_wconf 91' lang='lat' dir='ltr'><strong>pro</strong></span> <span class='ocrx_word' id='word_1_859' title='bbox 2989 5559 3122 5607; x_wconf 82' lang='grc' dir='ltr'>Θεοῦ</span> <span class='ocrx_word' id='word_1_860' title='bbox 3150 5559 3211 5608; x_wconf 77' lang='grc' dir='ltr'><strong>Α.</strong></span> 
     </span>
    </p>
   </div>
   <div class='ocr_carea' id='block_1_113' title="bbox 2471 5629 3186 5700">
    <p class='ocr_par' dir='ltr' id='par_1_113' title="bbox 2471 5629 3186 5700">
     <span class='ocr_line' id='line_1_113' title="bbox 2471 5629 3186 5700; baseline -0.004 -18"><span class='ocrx_word' id='word_1_861' title='bbox 2471 5629 2559 5700; x_wconf 80' lang='grc'><strong>55)</strong></span> <span class='ocrx_word' id='word_1_862' title='bbox 2590 5629 2738 5700; x_wconf 63' lang='grc' dir='ltr'>μαρὰ</span> <span class='ocrx_word' id='word_1_863' title='bbox 2766 5629 3091 5700; x_wconf 37' lang='grc' dir='ltr'>τοᾷ-Πατρός</span> <span class='ocrx_word' id='word_1_864' title='bbox 3125 5631 3186 5679; x_wconf 85' lang='grc' dir='ltr'><strong>Δ.</strong></span> 
     </span>
    </p>
   </div>
   <div class='ocr_carea' id='block_1_114' title="bbox 2475 5626 2999 5770">
    <p class='ocr_par' dir='ltr' id='par_1_114' title="bbox 2475 5626 2999 5770">
     <span class='ocr_line' id='line_1_114' title="bbox 2475 5626 2999 5682; baseline -0.01 0"><span class='ocrx_word' id='word_1_865' title='bbox 2475 5629 2537 5682; x_wconf 81' lang='grc'><strong>55</strong></span> <span class='ocrx_word' id='word_1_866' title='bbox 2590 5629 2738 5678; x_wconf 62' lang='lat' dir='ltr'><strong>“and</strong></span> <span class='ocrx_word' id='word_1_867' title='bbox 2766 5626 2862 5678; x_wconf 79' lang='grc' dir='ltr'>τοῦ</span> <span class='ocrx_word' id='word_1_868' title='bbox 2890 5631 2999 5678; x_wconf 85' lang='grc' dir='ltr'><strong>Πατ</strong></span> 
     </span>
     <span class='ocr_line' id='line_1_115' title="bbox 2475 5626 2999 5770; baseline -0.01 -16"><span class='ocrx_word' id='word_1_869' title='bbox 2475 5626 2563 5769; x_wconf 55' lang='lat'><strong>56;</strong></span> <span class='ocrx_word' id='word_1_870' title='bbox 2589 5677 2720 5770; x_wconf 52' lang='lat'><strong>17‘.)</strong></span> <span class='ocrx_word' id='word_1_871' title='bbox 2746 5696 2911 5755; x_wconf 81' lang='lat' dir='ltr'><strong>addit</strong></span> <span class='ocrx_word' id='word_1_872' title='bbox 2932 5702 2999 5753; x_wconf 78' lang='grc' dir='ltr'><strong>Α.</strong></span> 
     </span>
    </p>
   </div>
  </div>
