4098 6432
272 276 294 336 1
307 271 413 335 249

341 409 508 458 Τοῦτο
563 429 632 440 -
687 397 878 470 ἡμέρα.
945 398 1047 450 Καὶ
1109 398 1213 467 μὴν
1293 395 1490 453 πάντας

271 497 407 562 τότε,
456 495 546 543 καὶ
596 491 718 548 τοὺς
764 487 1021 545 σωθέντας
1068 489 1158 536 καὶ
1201 485 1323 543 τοὺς
1383 479 1730 543 ἀπολωλότας,
1783 483 1874 530 καὶ

1331 570 1437 622 ἀλλ’
1477 569 1765 622 ἀνάστασιν
1796 566 1873 618 έν-

1585 389 1872 446 ἀναστήσει
1907 387 1952 442 Α

273 586 389 643 τοὺς
427 581 647 639 πιστοὺς
683 580 774 628 καὶ
818 578 940 637 τοὺς
993 572 1250 634 ἀπίστους
1283 591 1296 604 ·

273 672 444 725 ταῦθα
469 668 606 740 λέγει
632 670 724 725 τὴν
771 663 855 717 ἐπὶ
895 661 1202 728 ἀπολαύσει,
1257 661 1315 713 ού
1369 664 1462 718 τὴν
1529 658 1611 710 ἐπὶ
1641 657 1872 712 κολάσει.

277 759 390 832 Ἀφ’
421 759 489 809 ὧν
542 753 602 808 δέ
652 773 831 828 φησιν,
876 749 1140 805 δείκνυσιν
1189 752 1269 803 ὅτι
1324 753 1492 802 κοινὸν
1549 747 1745 819 θελημα
1787 750 1874 797 καὶ

276 845 368 902 τοῦ
415 849 619 920 Πατρός
664 848 755 896 καὶ
805 850 897 895 τοῦ
953 843 1076 894 Υἱού
1134 844 1190 892 τὸ
1242 841 1476 897 σωθῆναι
1523 839 1740 897 πάντας.
1784 838 1877 888 Διὰ

277 945 430 991 τοῦτο
483 937 584 1008 γὰρ
617 935 642 986 6
672 936 761 1006 μὲν
811 929 1124 994 ἀπέστειλεν,
1164 930 1189 981 6
1240 925 1300 980 δὲ
1350 931 1654 1000 παρεγένετο
1687 940 1701 956 ’
1735 925 1876 977 καὶὸ

278 1030 368 1101 μεν
423 1021 622 1078 δίδωσι
697 1026 814 1084 τοὺς
851 1022 1224 1082 πιστεύοντας,
1275 1019 1301 1069 ό
1357 1013 1415 1070 δὲ
1462 1014 1877 1090 παραλαμϐάνων

281 1116 458 1177 σώζει.

353 1204 487 1278 [Ἵνα
685 1205 757 1276 μὴ
816 1199 1070 1264 ἀπολέσω,
1117 1201 1404 1266 τουτέστιν,
1431 1197 1513 1246 ἱνα
1541 1198 1611 1267 μὴ
1656 1191 1707 1256 ἐξ
1748 1192 1877 1265 ἐμῆς

278 1299 447 1354 αιτίας
487 1291 742 1350 ἀπόληταί
787 1310 883 1352 τις.
948 1293 1048 1342 Καὶ
1081 1285 1314 1358 ἀνωτέρω
1348 1287 1448 1361 γὰρ
1483 1280 1637 1348 εἶπεν,
1670 1285 1749 1335 ὅτι
1777 1282 1876 1336 Τὸν

278 1384 560 1459 ἐρχόμενον
613 1384 741 1456 πρός
769 1399 832 1452 με
880 1378 937 1430 ού
969 1381 1040 1450 μὴ
1075 1375 1272 1428 ἐκϐάλω
1312 1375 1426 1437 ἔξω.
1467 1376 1664 1426 Λοιπὸν
1692 1368 1801 1436 οὖν,
1836 1373 1878 1422 εἴ

279 1494 357 1536 τις
389 1471 450 1523 ἂν
480 1471 727 1530 ἑκουσίως
778 1467 951 1540 ἐξέλθῃ
987 1470 1076 1518 καὶ
1109 1465 1361 1525 ἑκουσίως
1405 1461 1684 1523 ἀπόληται,
1733 1461 1878 1532 παρὰ

277 1565 372 1620 τὴν
394 1560 579 1632 ἑαυτοῦ
622 1559 792 1611 αἰτίαν
841 1564 994 1609 τοῦτο
1041 1557 1262 1628 πάσχει.
1323 1549 1528 1606 Οὐδένα
1550 1553 1656 1624 γὰρ
1690 1551 1714 1602 6
1753 1551 1877 1610 Θεὸς

278 1651 409 1721 πρὸς
430 1646 659 1720 ἀνάγκην
685 1647 838 1700 ἕλκει.

348 1743 512 1789 Τοῦτο
561 1767 627 1777 -
675 1737 865 1809 ἡμέρᾳ,
910 1737 1009 1787 Τὸν
1042 1733 1196 1785 αύτὸν
1235 1731 1387 1803 λόγον
1419 1729 1713 1803 σαφηνίζει,
1759 1747 1877 1780 συν-
1909 1749 1951 1804 B

280 1828 554 1900 εχέστερον
587 1824 741 1877 αὐτὸν
791 1823 994 1896 ἐνηχῶν
1026 1823 1108 1875 ἶνα
1155 1825 1227 1894 μὴ
1261 1818 1605 1879 εὖαπόϐλητος
1641 1822 1873 1890 γένηται,

277 1919 367 1966 καὶ
399 1916 481 1966 ἶνα
511 1913 842 1990 βεϐαιότερον
873 1915 1112 1986 μάθωσιν
1153 1913 1230 1963 ὅτι
1284 1909 1568 1968 ἀνάστασίς
1614 1907 1746 1976 ἐστι,
1788 1911 1877 1959 καὶ

278 2011 371 2065 τῆς
399 2003 470 2064 εἰς
497 2003 651 2056 αὐτὸν
680 2009 908 2064 πίστεως
939 1999 1155 2074 ἀμοιϐὴ,
1188 2005 1278 2052 καὶ
1329 2008 1427 2052 τῶν
1483 1997 1702 2050 ἐνταῦθα
1731 2016 1878 2049 πνευ-

280 2101 510 2158 ματικῶν
542 2090 749 2164 ἀγώνων
782 2087 1147 2161 ἀνταπόδοσις,
1197 2094 1288 2141 καὶ
1323 2089 1366 2140 εἰ
1395 2091 1466 2160 μὴ
1498 2089 1635 2139 κατὰ
1661 2089 1747 2138 τὸν
1776 2106 1880 2138 πα-

280 2185 436 2254 ρόντα
463 2180 580 2254 βίον
615 2181 1022 2246 ἀπολαύσωσιν,
1057 2177 1184 2230 ἀλλὰ
1211 2197 1270 2250 γε
1303 2179 1439 2230 κατὰ
1466 2179 1554 2228 τὸν
1609 2175 1874 2248 μέλλοντα.

283 2277 389 2331 Πᾶς
415 2268 475 2323 δὲ
500 2273 525 2322 ὁ
559 2273 758 2344 θεωρῶν
787 2275 872 2322 τὸν
905 2271 1024 2321 Υἱὸν
1054 2276 1162 2331 τοῖς
1209 2266 1487 2340 ὀφθαλμοῖς
1539 2273 1626 2326 τῆς
1670 2265 1874 2338 ψυχῆς.

282 2360 310 2413 ὅ
332 2362 492 2424 ἐστιν,
526 2361 551 2412 6
578 2362 835 2413 πιστεύων
863 2359 935 2420 εἰς
966 2359 1143 2413 αὐτόν.

356 2449 672 2520 Ἐγόγγυζον
724 2479 791 2489 -—
820 2446 1156 2506 καταϐέϐηκα
1201 2463 1214 2513 ;
1257 2445 1381 2498 Ὀτε
1432 2447 1521 2517 μὲν
1569 2445 1724 2516 ἄρτον
1755 2437 1881 2494 ἔδω·

280 2555 365 2588 κεν
419 2537 597 2599 αύτόίς
640 2541 730 2590 καὶ
771 2541 866 2596 τὴν
893 2541 1120 2611 γαστέρα
1160 2534 1419 2600 ἐνέπλησε,
1469 2538 1558 2586 καὶ
1612 2537 1880 2605 προφήτην

282 2625 453 2697 ἔλεγον
486 2623 634 2692 εἶναι,
667 2631 757 2678 καὶ
784 2625 1009 2699 βασιλέα
1037 2632 1259 2682 ποιῆσαι
1289 2622 1468 2682 ἤθελον
1510 2638 1524 2653 ο
1569 2623 1651 2674 ὅτε
1677 2619 1736 2673 δε
1763 2623 1883 2694 περὶ

282 2721 376 2766 τοῦ
435 2715 678 2789 οὐρανίου
733 2716 894 2789 ἄρτου
951 2720 1041 2767 καὶ
1114 2714 1227 2785 (58)
1269 2719 1623 2784 πνευματικῆς
1687 2718 1882 2783 τροφῆς

279 2809 370 2856 καὶ
419 2807 562 2867 ζωῆς
609 2805 818 2857 αἰωνίου
875 2801 1150 2876 διελέγετο,
1207 2802 1558 2875 ἐταράσσοντο
1611 2804 1700 2852 καὶ
1736 2799 1882 2863 ἐξηυ-

281 2893 477 2955 τέλιζον
515 2898 571 2947 τὸ
610 2898 756 2967 γένος
813 2894 994 2958 αὐτοῦ,
1049 2895 1143 2946 Ὠν
1189 2896 1322 2952 Θεὸς
1374 2893 1404 2950 ἡ
1448 2890 1621 2942 κοιλία
1647 2891 1759 2962 (59)
1791 2909 1881 2941 καο

279 2981 382 3043 λῶς
433 2981 540 3036 εἶπε
603 2984 819 3045 Παῦλος.
856 2989 954 3037 Καὶ
983 2989 1390 3057 προσεποιοῦντο
1421 2984 1510 3052 μὲν
1552 2979 1876 3050 ἀγανακτεῖν,

1823 3071 1960 3162 76C

285 3155 344 3211 δι
373 3158 560 3221 ἀληθὲς
589 3163 936 3231 ἤγανάκτουν,
982 3158 1122 3212 διότι
1153 3160 1246 3211 ούκ
1281 3158 1462 3232 ἔθρεψε
1492 3158 1644 3208 πάλιν
1670 3157 1878 3224 αὐτούς,

284 3067 423 3123 διότι
467 3071 624 3140 εἶπεν,
689 3075 769 3124 ὃτι
821 3073 909 3126 Ἐκ
964 3080 1055 3124 τού
1100 3071 1318 3145 ούρανοῦ
1365 3067 1700 3126 καταϐέϐηκα
1754 3087 1766 3101 ·

279 3249 346 3309 ὡς
381 3245 739 3322 προσεδόκων.
804 3256 864 3301 Εἰ
913 3251 1014 3324 γὰρ
1073 3245 1146 3300 δι’
1193 3247 1354 3300 ἐκεῖνο
1403 3245 1710 3317 ἐγόγγυζον,
1749 3246 1881 3318 ἠρώ·

279 3356 445 3395 τησαν
474 3337 554 3404 ἂν,
578 3347 688 3400 πῶς
717 3339 869 3411 ἄρτος
898 3336 1029 3404 ἐστὶ,
1063 3345 1168 3398 πῶς
1198 3339 1253 3389 ἐκ
1285 3343 1376 3388 τοῦ
1417 3334 1635 3408 ούρανοῦ
1666 3332 1881 3386 καταϐέ-

279 3445 434 3501 ρηκεν
463 3445 477 3494 ;

349 3515 408 3568 Ὀ
431 3513 489 3569 δὲ
529 3519 760 3590 Χριστὸς
796 3517 890 3570 ούκ
939 3513 1092 3582 εἶπεν,
1157 3517 1236 3568 ὅτι
1291 3514 1400 3567 Ούκ
1462 3513 1569 3587 εἰμί
1621 3515 1733 3575 υἱὸς
1772 3514 1887 3567 Ἰω-

285 3603 560 3679 σὴφ,οὐδε
598 3603 811 3670 ἐδίδαξέ
863 3627 916 3659 τι
954 3611 1071 3681 περὶ
1127 3612 1218 3658 τοῦ
1265 3608 1448 3678 γένους
1492 3603 1673 3667 αὐτοῦ,
1733 3608 1888 3675 γινω-

284 3713 420 3746 σκων
477 3696 668 3758 αύτούς
723 3699 867 3748 οὔπω
922 3692 1241 3766 δυναμένους
1292 3692 1519 3745 ἀκούσαι
1556 3696 1644 3744 τόν
1687 3694 1886 3764 θαυμά-

283 3787 406 3836 στὸν
443 3789 593 3838 τόκον
631 3785 813 3852 αὐτοῦ,
866 3789 955 3837 καὶ
985 3784 1156 3856 πολλῷ
1203 3783 1395 3856 μᾶλλον
1431 3787 1525 3841 τὴν
1577 3788 1886 3856 προαιώνιον

283 3873 445 3926 αὐτοῦ
474 3879 740 3947 γέννησιν.
800 3878 1158 3947 Οἶκονομικῶς
1188 3871 1275 3926 οὖν
1305 3869 1610 3948 παρέδραμε
1653 3875 1740 3925 τὸν
1770 3878 1887 3948 περὶ

281 3967 467 4016 τούτου
499 3964 674 4037 λόγον,
707 3966 791 4018 ἱνα
818 3969 890 4038 μὴ
942 3965 1110 4040 ἕτερον
1143 3959 1434 4017 σκάνδαλον
1475 3961 1692 4036 ἀνοιρῶν
1721 3963 1886 4038 ἕτερον

283 4053 504 4127 ἐμϐάλῃ.

357 4145 642 4216 Ἀπεκρίθη
679 4176 748 4184 -
778 4143 949 4198 αὐτόν.
1009 4141 1246 4196 Ἐλευσιν
1311 4145 1442 4215 πρὸς
1491 4141 1669 4194 ἔαυτόν
1727 4160 1886 4214 φησιν

284 4233 343 4286 ού
418 4239 511 4292 τὴν
567 4233 742 4296 ἁπλῶς
795 4253 809 4268 ο
876 4231 983 4286 ἐπεὶ
1057 4237 1148 4284 καὶ
1201 4231 1350 4284 αὐτοὶ
1411 4235 1502 4282 καὶ
1563 4230 1708 4282 ἄλλοι
1764 4230 1887 4283 πολι

282 4322 363 4374 λοὶ
392 4326 623 4394 ἤρχοντο
663 4326 790 4397 πρὸς
838 4323 993 4374 αὐτόν
1029 4339 1041 4351 ο
1074 4320 1202 4373 ἀλλὰ
1229 4325 1320 4378 τὴν
1369 4318 1423 4371 ἐκ
1454 4324 1698 4380 πίστεως.
1730 4317 1796 4372 ΑΟ
1827 4316 1885 4372 δὲ

283 4409 419 4481 λέγει
447 4415 679 4464 τοιοῦτόν
714 4410 827 4464 ἐστι
860 4431 872 4444 ο
909 4412 1137 4473 Εἰκότως
1184 4409 1242 4462 ού
1269 4411 1667 4480 πιστεύετέροι,
1703 4409 1758 4460 ού
1786 4411 1884 4482 γὰρ
1921 4445 1966 4500 D

289 4499 597 4559 εὒ.κύσθητε
646 4503 790 4576 παρὰ
813 4507 904 4554 τοῦ
935 4504 1161 4573 Πατρός,
1213 4501 1281 4561 ὡς
1311 4497 1533 4559 ἀνάξιοι.
1569 4494 1755 4559 Οὐδεὶς
1783 4501 1883 4574 γὰρ

290 4584 513 4641 δύναται
561 4587 719 4642 ἐλθεῖν
750 4594 879 4662 πρὸς
909 4589 1014 4662 ἐμὲ,
1048 4592 1168 4648 ἤτοι
1209 4594 1494 4640 πιστεύσαι
1543 4586 1615 4647 εἰς
1667 4589 1771 4659 ἐμὲ,
1802 4586 1885 4639 ἐὰν

287 4681 358 4750 μὴ
385 4679 410 4730 6
435 4683 614 4753 Πατὴρ
647 4680 672 4730 ό
727 4678 938 4751 πέμψας
983 4696 1045 4750 με
1083 4677 1272 4749 ἐλκύσῃ
1325 4675 1500 4730 αὐτόν.
1563 4679 1748 4748 Εἷρηκε
1783 4679 1884 4750 γὰρ

285 4772 376 4820 καὶ
431 4765 687 4840 ἀνωτέρω,
765 4769 844 4820 ὅτι
919 4773 1049 4831 Πᾶν,
1109 4765 1135 4817 ὃ
1186 4761 1386 4818 δίδωσί
1440 4784 1530 4838 μοι
1595 4767 1620 4817 ό
1661 4770 1882 4845 ,Πατὴρ,

284 4859 417 4933 πρὸς
472 4855 559 4930 ἐμὶ
607 4857 720 4919 ἥξει
775 4873 787 4887 ⁸

285 4953 377 4999 τοῦ
423 4950 518 5005 τὴν
573 4945 824 5018 ἐξήγησιν
881 4943 1310 5020 συμϐαλλομένην
1371 4944 1438 5006 είς
1493 4948 1551 4998 τὸ
1617 4949 1890 5020 προκείμε-

285 5055 390 5092 νον.

844 4861 933 4908 καὶ
1019 4854 1279 4928 ἀνάγνωθι
1346 4861 1440 4907 τοῦ
1494 4857 1732 4907 τοιούτου
1795 4856 1886 4930 ῥη-

392 5215 440 5252 ³³
479 5213 768 5289 Philippe.
800 5229 882 5284 in,
927 5218 1012 5274 l9.
1125 5212 1173 5250 ²⁴
1197 5211 1369 5272 Joan.
1397 5227 1475 5281 v1,
1497 5215 1586 5273 37.

1450 257 1822 325 COMMENT.
1865 262 1934 319 IN
1971 263 2322 318 JOANNEM.
2366 294 2430 303 —
2472 255 2626 317 CAP.
2674 253 2765 318 VI.

3497 263 3514 318 l
3527 258 3631 318 250

2055 388 2215 443 Vers.
2244 389 2332 442 39.
2370 385 2506 440 Hec
2534 413 2600 426 --
2621 383 2736 441 die.
2775 384 2952 456 Atqui
2969 399 3183 441 omnes
3212 389 3354 442 tunc
3373 385 3633 442 resusci-

1982 475 2150 541 tabit,
2177 480 2234 530 et
2261 473 2366 546 qui
2397 473 2543 529 salvi
2571 477 2763 539 erunt,
2791 479 2849 528 et
2872 473 2978 546 qui
3013 473 3308 545 peribunt,
3340 478 3461 530 tam
3492 475 3632 532 tide-

1981 565 2066 620 les
2089 580 2272 637 quam
2296 562 2583 619 inﬁdeles.
2611 561 2723 619 Sed
2749 564 3241 619 resurrectionem
3273 563 3386 619 hoc
3415 562 3476 618 in
3499 564 3632 620 loco

1983 653 2288 726 appellant
2313 669 2468 718 eam,
2501 667 2636 724 quas
2665 652 2774 708 erit
2801 651 2879 707 ad
2907 652 3195 725 requiem,
3237 667 3359 708 non
3397 667 3528 725 quas
3552 653 3632 708 ad

1985 743 2366 814 supplicium.
2405 744 2472 797 Et
2512 759 2581 796 ex
2628 741 2721 796 his
2749 741 3024 807 ostendit,
3063 757 3450 798 communem
3505 756 3635 798 esse

1987 833 2170 888 Patris
2211 840 2268 888 et
2303 832 2422 888 Filii
2467 831 2826 887 voluntatem
2881 837 2944 886 ut
2990 847 3201 887 omnes
3254 831 3400 887 salvi
3454 830 3632 896 ﬁant;

1987 924 2066 979 ob
2097 922 2155 978 id
2180 938 2444 995 namque
2470 928 2527 977 et
2551 922 2646 977 ille
2677 921 2856 992 misit,
2891 926 2948 976 et
2974 921 3070 977 hic
3102 920 3342 978 advenit
3369 938 3382 989 ;
3407 920 3502 976 ille
3531 921 3635 978 dat

1988 1013 2318 1079 credentes,
2348 1018 2404 1069 et
2427 1012 2522 1068 hic
2554 1015 2753 1068 servat
2780 1015 3080 1084 acceptos.

2058 1192 2144 1261 -Η-
2173 1193 2252 1247 Ne
2274 1187 2535 1261 perdam,
2560 1187 2675 1244 hoc
2695 1191 2800 1254 est,
2826 1203 2900 1244 ne
2927 1202 3062 1245 mea
3086 1187 3264 1261 culpa
3295 1187 3512 1261 aliquis
3537 1203 3639 1262 pe-

1986 1285 2130 1336 reat.
2155 1282 2298 1336 Nam
2328 1283 2386 1334 et
2415 1277 2688 1349 superius
2705 1277 2850 1334 dixit
2880 1294 2893 1334 :
2927 1279 3240 1336 Veniente»:
3273 1279 3351 1334 ad
3377 1293 3469 1335 me
3516 1295 3636 1336 non

1987 1369 2274 1439 expellam
2287 1368 2466 1440 foras.
2479 1367 2850 1440 Relinquitur
2861 1382 3004 1437 ergo
3020 1373 3083 1424 ut
3096 1368 3145 1423 si
3158 1369 3294 1440 quis
3311 1367 3639 1425 voluntarie

1987 1465 2160 1516 exeat
2187 1465 2244 1516 et
2268 1459 2596 1516 voluntarie
2624 1463 2845 1530 pereat,
2879 1473 2992 1514 sua
3012 1458 3191 1531 culpa
3214 1458 3328 1515 hoc
3358 1459 3636 1531 patiatur.

1988 1550 2295 1606 Neminem
2330 1549 2490 1605 enim
2520 1549 2675 1604 Deus
2705 1548 2763 1604 vi
2798 1548 2996 1605 trahit.
3446 1551 3456 1565 '

2060 1731 2218 1783 Vers.
2237 1731 2317 1785 4-0.
2339 1728 2470 1784 Haec
2486 1759 2548 1768 —
2561 1727 2670 1782 die.
2693 1728 2771 1780 Eu
2782 1724 2977 1781 mdem
2994 1724 3259 1782 declarat
3272 1741 3635 1794 sermonem,

1987 1818 2348 1890 frequentius
2369 1834 2507 1874 eum
2529 1817 2834 1883 inducens,
2859 1832 2934 1872 ne
2959 1815 3130 1872 facile
3151 1816 3472 1887 rejiciatur,
3494 1821 3551 1873 et
3577 1823 3641 1874 ut

1986 1907 2213 1962 ﬁrmius
2232 1908 2468 1963 discant
2498 1907 2757 1962 futuram
2788 1922 2919 1961 esse
2950 1907 3446 1962 resurrectionem
3476 1923 3548 1963 ac
3576 1907 3642 1962 ﬁ-

1987 1996 2102 2062 dei,
2118 2012 2254 2068 quaa
2271 1997 2327 2051 in
2343 1997 2533 2068 ipsum
2549 2001 2653 2061 est,
2671 1996 3104 2068 repensionem,
3120 1995 3640 2069 spiritualiumque

1985 2086 2399 2151 certaminum,
2423 2101 2561 2158 quae
2584 2085 2678 2141 hic
2704 2084 3026 2141 tolerantur
3045 2085 3643 2158 retributionem,qua

1987 2177 2035 2231 si
2060 2191 2177 2231 non
2209 2181 2347 2232 sunt
2382 2175 2614 2232 fruituri
2655 2175 2713 2231 in
2743 2176 3021 2248 praesenti
3060 2175 3204 2241 vita,
3237 2179 3300 2231 at
3337 2175 3549 2232 saltem
3578 2175 3642 2231 in

1988 2265 2206 2322 futura.
2241 2265 2445 2322 Omnis
2467 2271 2669 2322 autem
2717 2265 2820 2337 qui
2857 2264 3016 2320 videt
3053 2264 3284 2332 Filium,
3323 2264 3511 2321 oculis
3559 2264 3645 2321 vi-

1989 2355 2197 2412 delicet
2226 2354 2387 2424 ﬁdei,
2417 2355 2532 2411 hoc
2563 2357 2676 2424 est,
2704 2355 2803 2427 qui
2834 2353 3019 2410 credit
3044 2353 3108 2409 in
3138 2369 3300 2411 eum.

2062 2445 2331 2500 Vers.“.
2361 2444 2817 2500 Murmurabant
2861 2475 2930 2483 —
2978 2442 3143 2500 Vers.
3192 2444 3280 2499 42.
3315 2443 3642 2500 descendi?

1991 2531 2244 2598 Quando
2285 2547 2498 2604 panem
2549 2531 2710 2586 dedit
2736 2531 2818 2586 eis
2859 2530 3237 2603 implevitque
3267 2537 3554 2596 ventrem,
3587 2535 3644 2587 et

1991 2621 2347 2694 prophetam
2364 2637 2493 2676 esse
2509 2620 2872 2685 dicebant,et
2885 2635 3083 2690 regem
3103 2635 3302 2676 creare
3319 2620 3598 2677 volebant
3625 2637 3638 2676 :

1994 2713 2094 2768 ubi
2126 2728 2267 2768 vero
2298 2712 2370 2766 de
2401 2710 2623 2767 caelesti
2652 2725 2806 2783 pane
2838 2716 2892 2765 et
2918 2710 3207 2782 spirituali
3237 2711 3643 2782 cibo,vitaque

1991 2808 2212 2862 aeterna
2241 2802 2540 2868 disseruit,
2560 2800 2957 2857 turbabantur
2983 2816 3050 2855 ac
3077 2815 3266 2870 genus
3295 2801 3485 2873 ipsius
3503 2806 3646 2856 atte-

1991 2890 2357 2958 nuabant,de
2373 2891 2592 2963 quibus
2616 2891 2766 2946 bene
2791 2890 2936 2945 dixit
2957 2889 3210 2955 Paulus;
3233 2890 3485 2956 Quorum
3499 2889 3643 2945 Deus

1991 2988 2190 3037 venter
2209 2987 2292 3036 est
2305 2982 2374 3032 ’³.
2392 2982 2538 3034 Nam
2555 2979 2934 3048 ﬁngebantse
2948 2977 3265 3051 indignari,
3282 2978 3447 3051 quod
3459 2978 3645 3034 dixis-

1991 3076 2110 3125 set:
2161 3070 2238 3126 De
2261 3070 2404 3126 caelo
2445 3069 2743 3133 descendi,
2772 3085 2912 3123 cum
2943 3068 3136 3123 verius
3165 3067 3641 3136 indignarentur,

1991 3159 2153 3231 quod
2166 3173 2402 3212 rursum
2420 3173 2524 3212 eos
2547 3173 2666 3211 non
2689 3155 2970 3227 pavisset,
2995 3155 3144 3211 sicut
3168 3163 3564 3228 speraverant.
3586 3155 3645 3211 Si

1993 3247 2155 3301 enim
2197 3245 2277 3301 ob
2314 3245 2462 3300 illud
2509 3245 2806 3313 indignati
2857 3243 3125 3306 fuissent,
3181 3245 3646 3314 interrogassent

1994 3336 2216 3407 utique,
2262 3336 2568 3405 quomodo
2607 3332 2778 3405 panis
2804 3337 2980 3397 esset,
3020 3332 3331 3403 quomodo
3378 3333 3452 3388 de
3495 3332 3644 3389 caelo

1993 3423 2440 3479 descendisset?

2067 3511 2334 3568 Christus
2359 3515 2697 3567 autemnon
2709 3509 2856 3566 dixit
2883 3525 2895 3565 :
2918 3511 3044 3566 Non
3066 3525 3199 3564 sum
3223 3507 3381 3565 ﬁlius
3403 3509 3643 3581 Joseph,

1995 3617 2188 3675 neque
2203 3600 2532 3675 quidquam
2553 3600 2626 3655 de
2648 3615 2862 3670 genere
2882 3615 2991 3655 suo
3003 3598 3227 3665 docuit,
3246 3598 3462 3668 sciens,
3480 3598 3648 3672 quod

1997 3691 2079 3748 illi
2111 3692 2382 3747 nondum
2414 3689 2621 3744 audire
2644 3694 2915 3762 poterant
2935 3688 3362 3744 admirandum
3391 3689 3480 3744 sui
3507 3703 3650 3762 par—

1998 3786 2148 3846 tum,
2169 3785 2226 3836 et
2248 3781 2436 3836 multo
2465 3780 2664 3834 minus
2683 3785 2966 3834 aeternam
2987 3779 3080 3834 sui
3111 3780 3551 3849 generationem
3576 3794 3648 3836 ac

1996 3871 2359 3926 nativitatem
2393 3885 2407 3935 ;
2439 3869 2575 3924 ideo
2616 3868 3043 3941 dispensatoris
3086 3868 3160 3923 de
3188 3867 3284 3924 his
3319 3868 3498 3924 rebus
3532 3883 3650 3924 ser-

1997 3976 2228 4016 monem
2244 3958 2636 4032 praetermisit,
2651 3974 2725 4015 ne
2739 3975 2858 4014 uno
2869 3956 3230 4014 oﬁ‘endiculo
3245 3957 3476 4014 sublato
3488 3957 3650 4014 aliud

1996 4050 2295 4106 excitaret.

2067 4140 2231 4195 Vers.
2261 4138 2354 4195 43.
2394 4137 2717 4208 Respondit
2745 4137 2990 4194 —Vers.
3014 4136 3108 4194 44.
3139 4151 3297 4193 eum.
3329 4142 3648 4192 Accessum

1996 4228 2071 4284 ad
2110 4246 2172 4284 se
2217 4227 2379 4291 dicit,
2419 4243 2540 4282 non
2567 4226 3072 4300 qualemcunque,
3109 4224 3411 4297 siquidem
3449 4229 3507 4280 et
3542 4224 3646 4291 illi,

1996 4323 2052 4374 et
2073 4318 2240 4373 multi
2275 4317 2375 4372 alii
2405 4317 2483 4372 ad
2512 4316 2712 4388 ipsum
2737 4313 3054 4370 veniebant
3082 4330 3096 4369 :
3127 4313 3231 4368 sed
3253 4329 3409 4380 eum,
3443 4315 3549 4386 qui
3575 4328 3648 4370 ex

1996 4406 2112 4462 ﬁde
2151 4412 2261 4463 est.
2291 4405 2464 4472 Quod
2497 4410 2692 4460 autem
2740 4403 2900 4472 dicit,
2951 4402 3062 4458 hoc
3118 4408 3253 4459 est:
3304 4403 3502 4459 Merito
3527 4418 3650 4460 non

1997 4495 2231 4551 creditis
2253 4493 2421 4561 mihi,
2450 4509 2645 4566 neque
2668 4493 2829 4548 enim
2859 4491 3089 4547 attracti
3119 4491 3255 4546 estis
3279 4507 3314 4548 a
3343 4494 3527 4563 Patre,
3561 4495 3651 4548 ut-

1994 4591 2132 4659 pote
2161 4584 2396 4654 indigni
2431 4602 2444 4640 :
2467 4584 2648 4640 Nemo
2677 4583 2831 4638 enim
2855 4589 3038 4653 potest
3064 4584 3263 4638 venire
3282 4581 3364 4638 ad
3387 4596 3498 4648 me,
3525 4581 3650 4638 sive

1995 4675 2234 4732 credere
2264 4675 2324 4729 in
2366 4691 2478 4740 me,
2528 4671 2646 4728 nisi
2681 4673 2878 4736 Pater,
2918 4671 3016 4742 qui
3044 4671 3201 4726 misit
3237 4687 3350 4736 me,
3393 4670 3651 4728 traxerit

1995 4780 2146 4822 eum.
2162 4767 2306 4820 Nam
2319 4768 2376 4819 et
2391 4762 2664 4834 superius
2685 4761 2836 4817 dixit
2856 4777 2869 4816 :
2890 4759 3066 4817 Omne
3090 4761 3244 4832 quod
3259 4761 3364 4817 dat
3374 4758 3526 4818 mihi
3535 4762 3652 4817 Pa-

1999 4861 2105 4919 ter,
2129 4854 2209 4910 ad
2219 4868 2303 4910 me
2324 4852 2506 4909 veniet
2528 4853 2604 4907 ²⁴ε
2624 4857 2680 4907 et
2699 4850 2860 4907 illius
2879 4849 3162 4921 dictilege
3187 4850 3648 4920 enarrationem,

1997 4959 2136 5002 cum
2162 4943 2336 5001 etiam
2365 4941 2443 5001 ad
2466 4941 2839 5015 propositum
2864 4940 3103 4998 verbum
3136 4938 3420 4998 conferat.

1523 5363 1751 5436 Variae
1774 5363 2109 5437 lectiones
2149 5373 2215 5436 et
2239 5373 2442 5436 notis.

360 5562 472 5638 (5‘7)
517 5563 752 5638 Inclusa
776 5562 955 5638 codex
981 5565 1228 5635 uterque
1252 5561 1314 5618 in
1336 5557 1609 5633 margine
1629 5559 1882 5620 exhibet.

290 5633 612 5693 He'ntenius
643 5651 764 5691 non
801 5633 997 5690 habet.

362 5707 480 5789 (58)
501 5715 606 5772 Τῆς
636 5706 1008 5773 addendum,
1041 5707 1146 5763 aut
1173 5711 1261 5760 τοῦ
1277 5703 1458 5780 paulo
1470 5709 1606 5764 ante
1617 5705 1887 5764 omitten-

2216 5631 2406 5703 Forte,
2463 5635 2532 5699 ὡς
2578 5628 2764 5701 καλῶς,
2820 5634 2942 5700 aut,
3006 5627 3072 5685 ὧν
3120 5634 3241 5687 Θεὸν
3292 5632 3386 5693 τὴν
3423 5629 3643 5688 κοιλίαν.
