4098 6436
283 243 424 315 1253

1296 237 1671 310 COMMENT.
1725 250 1792 304 lN
1833 231 2185 307 JOAN‘NEM.
2227 279 2296 289 —
2335 247 2492 303 CAP.
2536 233 2633 306 vi.

3529 259 3544 309 Ι
3557 254 3662 308 254

284 389 452 434 ταῦτα
497 382 617 454 περὶ
677 378 864 433 ἑαυτοῦ
899 376 1158 455 διαφόρως
1210 375 1336 444 εἶπε,
1396 385 1458 450 τῇ
1503 380 1750 449 συνεχείᾳ
1799 374 1887 428 δι-

2018 374 2276 466 luperius
2295 387 2540 466 quoque
2567 373 2726 430 idem
2747 371 2824 431 de
2845 375 3046 466 seipso
3063 376 3312 434 variisin
3327 377 3474 435 locis
3489 377 3657 466 dixit,

286 470 529 538 ερεθίζων
580 468 770 531 αὐτοὺς
827 469 899 530 εἰς
954 472 1013 522 τὸ
1071 468 1331 541 ἐρωτῆσαι
1395 476 1508 529 πῶς
1563 469 1716 540 ἄρτος
1773 463 1886 516 ἐστὶ

288 560 504 634 ζωηρός,
556 563 647 610 καὶ
692 566 803 621 πῶς
858 557 910 610 ἐκ
959 565 1049 610 τοῦ
1092 557 1312 633 οὐρανοῦ
1341 553 1709 612 καταϐέϐηκεν·
1777 549 1884 603 ἀλλ’

288 648 471 702 ἐκεῖνοι
525 651 658 721 πρὸς
707 652 867 720 μόνην
921 649 1132 720 ὁρῶντες
1184 652 1276 705 τὴν
1319 649 1588 720 θεραπείαν
1644 651 1734 704 τῆς
1793 661 1883 713 γα·

292 741 465 812 στρός,
518 739 686 790 πάντα
732 736 894 790 τᾶλλα
948 739 1164 811 περιττὰ
1220 735 1475 810 ἐνόμιζον,
1527 737 1597 797 ὡς
1645 737 1887 807 προειρή⁹

290 846 471 898 καμεν.

361 917 478 969 Ἐὰν
515 946 585 955 -
631 920 812 968 αὶῦνα.
844 915 962 968 Ἐὰν
1005 933 1080 976 τις
1129 933 1374 987 μετασχη
1407 911 1501 976 τῆς
1543 909 1889 972 διδασκαλίας

291 1009 468 1058 αὑτοῦ.
506 1005 697 1058 Ἐσθίει
747 1006 848 1076 γὰρ
882 1003 933 1066 ἐξ
955 1004 1124 1056 αὐτοῦ
1172 1005 1197 1055 6
1226 1001 1630 1076 μεταλαμϐάνων
1674 1005 1885 1062 ταύτης

293 1093 496 1169 βρῶσις
540 1096 639 1166 γὰρ
687 1093 777 1145 καί
815 1093 969 1159 αὕτη,
1002 1097 1262 1168 τρέφουσα
1291 1096 1384 1150 τὴν
1412 1091 1619 1163 ψυχήν.
1665 1093 1887 1149 Ζησεται

292 1180 352 1237 δε
389 1183 462 1246 εἰς
489 1186 576 1236 τὸν
602 1182 782 1249 αἰῶνα,
812 1185 977 1236 εἷτουν
1007 1180 1109 1249 ἀεὶ,
1161 1184 1226 1243 ὡς
1256 1178 1520 1254 μηδέποτε
1548 1180 1890 1239 ἀποθνήσκων

291 1275 377 1325 τὸν
423 1272 659 1345 ψυχικόν
702 1273 939 1326 θάνατον.
993 1275 1232 1344 Ψυχικὸς
1266 1268 1324 1324 δὲ
1357 1272 1570 1331 θάνατος
1596 1272 1621 1322 6
1663 1269 1763 1322 ἀπὸ
1799 1277 1890 1322 τοῦ

292 1367 420 1415 Θεοῦ
463 1366 759 1436 χωρισμόςο
795 1360 968 1436 ὣσπερ
1000 1365 1088 1414 καὶ
1138 1364 1432 1434 σωματικὸς
1484 1362 1700 1420 θάνατος
1731 1361 1756 1411 6
1787 1362 1888 1411 ἀπὸ

291 1459 388 1513 τῆς
409 1449 599 1522 ψυχῆς
621 1455 918 1524 χωρισμός.
960 1458 1094 1503 Ζωοί
1117 1452 1216 1523 γὰρ
1247 1453 1305 1502 16
1347 1457 1500 1522 σῶμα
1528 1453 1618 1522 μὲν
1647 1451 1674 1507 ἦ
1707 1448 1886 1520 ψυχή’

291 1545 386 1600 τὴν
414 1539 596 1613 ψυχὴν
629 1537 687 1593 δι
718 1541 744 1592 ὁ
784 1545 927 1601 Θεὸς.

366 1635 467 1682 Καὶ
514 1633 618 1702 μὴν
669 1628 849 1682 πολλοὶ
895 1627 1170 1699 μετέλαϐον
1236 1637 1331 1690 τῆς
1393 1625 1746 1690 διδασκαλίας
1795 1635 1888 1680 τοῦ

1994 463 2298 518 iteratione
2324 464 2589 519 excitans
2620 479 2743 529 eos,
2771 468 2836 520 ut
2861 463 3318 534 interrogarent,
3348 463 3659 540 quomodo

1993 553 2334 625 essetpanis
2357 553 2528 608 vivus
2547 568 2650 608 seu
2665 553 2994 622 viviﬁcans,
3025 559 3081 610 et
3095 571 3362 627 quonam
3381 558 3556 614 modo
3585 559 3659 615 de

1996 643 2143 700 coelo
2170 643 2586 700 descendisset.
2616 642 2822 698 Verum
2850 643 2927 699 illi
2969 645 3159 700 solam
3194 646 3409 702 ventris
3452 663 3657 705 curam

1997 738 2350 805 spectantes,
2366 738 2576 788 caetera
2592 735 2797 788 omnia
2809 731 3441 805 superﬂuaducebant,
3455 752 3660 810 quem-

1997 821 2327 876 admodum
2369 820 2766 894 pradiximus.

2068 913 2229 965 Vers.
2264 915 2351 965 5t.
2385 910 2532 966 Si—
2579 916 2876 967 aeternum.
2907 911 2969 968 Si
3009 913 3144 985 quis
3170 912 3454 970 doctrinas
3506 914 3660 972 illius

2001 1001 2296 1072 particeps
2323 999 2512 1056 fuerit.
2539 1003 2683 1056 Nam
2712 1001 2815 1073 qui
2845 1018 2977 1057 eam
3009 1002 3339 1075 participat,
3367 1019 3438 1058 ex
3478 1019 3545 1060 eo
3566 1021 3660 1060 co-

2000 1088 2184 1144 medit
2211 1104 2224 1143 :
2256 1089 2554 1161 siquidem
2575 1097 2630 1145 et
2648 1091 2779 1162 ipsa
2801 1090 2968 1146 cibus
2985 1092 3349 1149 estanimam
3372 1093 3656 1149 nutriens.

2011 1179 2168 1233 Vivet
2185 1180 2244 1234 in
2263 1179 2698 1242 cateruam,sive
2715 1195 2972 1252 semper,
2989 1184 3193 1252 utpote
3211 1197 3524 1254 nunquam
3539 1198 3661 1240 mo-

2000 1267 2219 1322 riturus
2246 1273 2433 1324 morte
2465 1267 2674 1323 anima:
2705 1285 2902 1337 ;mors
2929 1277 3124 1326 autem
3158 1271 3371 1327 animae
3395 1278 3662 1346 estsepa-

1999 1357 2148 1412 ratio
2166 1372 2202 1411 a
2221 1359 2353 1420 Deo,
2371 1357 2893 1429 quemadmodum
2915 1359 3093 1416 etiam
3113 1375 3274 1416 mors
3291 1361 3556 1434 corporis
3577 1366 3664 1420 est

2000 1445 2182 1518 ipsius
2214 1445 2293 1502 ab
2323 1447 2512 1502 anima
2542 1448 2861 1519 separatio.
2895 1450 3040 1504 Nam
3065 1449 3194 1522 ipsa
3215 1451 3418 1508 anima
3443 1466 3662 1525 corpus

1997 1535 2276 1603 viviﬁcat,
2307 1535 2576 1592 animam
2627 1551 2766 1592 vero
2806 1537 2988 1596 Deus.

2067 1626 2243 1697 Atqui
2292 1625 2496 1697 plures
2572 1625 2892 1697 perierunt,
2960 1627 3060 1700 qui
3102 1627 3388 1686 doctrinas
3454 1629 3662 1688 Christi

292 1724 527 1792 Χριστοῦ
574 1722 664 1770 καὶ
711 1717 830 1788 (64)
882 1715 1164 1772 ἀπώλοντο.
1223 1715 1350 1768 ἀλλὰ
1379 1726 1551 1778 κακῶς
1591 1715 1890 1790 ἐχρήσαντο

2018 1717 2235 1769 'uerunt
2261 1713 2596 1786 participes,
2631 1715 2737 1770 sed
2777 1714 2854 1770 illi
2886 1715 2984 1771 tali
3016 1717 3461 1790 participatione
3509 1720 3662 1778 male

290 1814 353 1878 τῇ
413 1805 720 1878 μεταλήψειο
780 1813 869 1858 νῦν
928 1803 988 1859 δε
1037 1811 1154 1878 περὶ
1202 1815 1302 1858 τῶν
1363 1805 1532 1868 καλῶς
1592 1806 1722 1878 αὐτῇ

290 1899 572 1968 χρωμένων
611 1896 637 1946 ὁ
689 1894 860 1966 λόγος,
896 1895 954 1947 οὐ
1003 1900 1246 1968 περὶτῶν
1287 1891 1696 1966 διαφθειράντων
1728 1895 1891 1954 αὐτὴν

290 1983 530 2055 ἰπιμιξίᾳ
582 1980 860 2056 δογμάτων
916 1993 1152 2058 πονηρῶν
1191 1988 1220 2042 ἤ
1283 1984 1568 2056 φαυλότητι
1606 1984 1886 2047 πολιτείας.

290 2069 521 2136 Ἔδειξεν
573 2069 660 2125 οὖν
726 2075 809 2126 ὃτι
867 2077 1135 2147 κρείττονα
1201 2075 1356 2145 ἄρτον
1422 2076 1625 2136 τούτοις
1692 2069 1892 2126 δίδωσι

295 2163 438 2236 παρὰ
465 2165 524 2214 1'6
554 2164 720 2234 μάννα
740 2165 766 2215 ὅ
792 2165 976 2235 ἔφαγον
1006 2164 1054 2214 οἱ
1084 2167 1297 2238 πατέρες
1327 2163 1492 2215 αὐτῶν
1522 2161 1570 2214 ἐν
1601 2183 1662 2236 τῃ
1693 2161 1886 2238 ἐρήμῳ.

295 2252 488 2304 Ἐκεῖνο
525 2254 615 2324 μεν
639 2253 740 2326 γὰρ
777 2253 826 2304 οἱ
860 2256 1096 2324 φαγόντες
1143 2249 1411 2322 ἀπέθανον,
1457 2251 1513 2304 ἐκ
1545 2258 1728 2305 τούτου
1755 2249 1815 2305 δὲ
1845 2251 1893 2304 οἱ

294 2345 576 2415 τρώγοντες
598 2341 852 2401 ζήσονται
881 2340 948 2402 εἰς
978 2344 1064 2393 τὸν
1091 2341 1270 2396 αἰῶνα.

370 2522 471 2571 Καὶ
525 2549 592 2559 -
647 2517 783 2572 ἔστί·
836 2521 984 2572 Κατὰ
1041 2515 1140 2572 δύο
1195 2523 1416 2594 τρόπους
1468 2522 1626 2595 ἄρτος
1673 2523 1811 2573 ἐστὶν
1868 2521 1894 2572 6

293 2611 544 2679 Χριστός,
601 2610 736 2659 κατά
783 2626 838 2660 τε
888 2612 982 2666 τὴν
1043 2610 1263 2666 θεότητα
1326 2615 1416 2662 καὶ
1481 2613 1618 2662 κατὰ
1663 2614 1756 2668 τὴν
1811 2608 1895 2661 au-

297 2697 623 2771 θρωπότητα.
684 2693 911 2760 Διδάξας
964 2697 1051 2750 οὖν
1113 2701 1231 2772 περὶ
1284 2707 1375 2750 τοῦ
1439 2702 1573 2751 κατὰ
1618 2704 1714 2757 τὴν
1779 2702 1894 2752 θεό-

293 2804 448 2854 τητα,
501 2792 589 2837 νῦν
631 2781 879 2838 διδάσκει
908 2791 998 2838 καὶ
1033 2791 1153 2860 περὶ
1192 2795 1282 2839 τοῦ
1329 2790 1464 2840 κατὰ
1491 2793 1582 2847 τὴν
1628 2787 1897 2863 ἀνθρωπό-

293 2893 448 2932 τητα.

367 2962 476 3014 Οὐκ
507 2959 614 3015 εἶπε
663 2959 742 3028 δέ,
797 2965 878 3016 ὅτι
906 2961 1000 3015 ’⁷ον
1033 2961 1256 3036 δίδωμι,
1288 2963 1411 3036 ἀλλ’,
1463 2967 1544 3018 ὅτι
1571 2965 1665 3019 ’ον
1713 2963 1893 3022 δώσω.

2002 1805 2090 1858 usi
2121 1810 2258 1859 sunt
2304 1820 2318 1871 ;
2374 1820 2534 1860 nunc
2588 1811 2786 1861 autem
2841 1805 2916 1860 de
2962 1804 3055 1860 his
3089 1813 3178 1862 est
3214 1823 3432 1875 sermo,
3460 1810 3564 1882 qui
3595 1826 3666 1866 ea

1999 1895 2151 1949 bene
2182 1894 2272 1948 usi
2296 1899 2452 1958 sunt,
2486 1909 2607 1948 non
2639 1895 2712 1950 de
2744 1893 2857 1948 illis
2881 1894 2986 1967 qui
3013 1911 3138 1951 eam
3155 1911 3478 1968 pravorum
3506 1915 3667 1954 com-

2002 1984 2276 2040 mistione
2324 1983 2697 2055 dogmatum,
2730 1989 2833 2039 aut
2860 1987 3330 2042 conversationis
3377 1989 3664 2059 pravitate

1999 2079 2408 2144 corruperunt.
2442 2073 2706 2128 Ostendit
2755 2088 2916 2143 ergo,
2985 2075 3148 2147 quod
3205 2078 3662 2147 prastantiorem

2001 2161 2116 2218 illis
2133 2161 2335 2218 cibum
2359 2161 2600 2230 tribuat,
2618 2177 2805 2234 quam
2830 2161 3004 2218 fuerit
3025 2164 3452 2237 mannatquod
3472 2181 3664 2223 come-

2001 2252 2211 2308 derunt
2247 2256 2440 2324 patres
2496 2267 2705 2343 eorum
2769 2251 2829 2306 in
2861 2251 3098 2343 deserto
3148 2270 3165 2307 :
3212 2252 3290 2308 illi
3345 2252 3665 2343 siquidem.

2002 2346 2320 2415 postquam
2370 2341 2772 2408 comederunt,
2831 2341 3044 2398 mortui
3086 2347 3243 2408 sunt,
3284 2342 3391 2416 qui
3422 2360 3562 2402 vero
3593 2341 3665 2402 et

2003 2431 2116 2488 hoc
2147 2431 2352 2501 edunt,
2381 2431 2577 2487 vivent
2598 2430 2659 2486 in
2685 2436 2992 2487 aeternum.

2079 2523 2236 2577 Vers.
2269 2525 2356 2576 5t.
2383 2521 2458 2577 Et
2487 2552 2544 2562 —
2571 2528 2673 2577 est.
2701 2519 2944 2576 Duobus
2966 2520 3156 2576 modis
3177 2520 3436 2578 Christus
3458 2522 3668 2580 dicitur

2003 2627 2129 2666 esse
2162 2611 2352 2683 panis,
2387 2609 2717 2665 secundum
2744 2608 3116 2666 divinitatem
3147 2610 3418 2666 videlicet
3475 2617 3533 2668 et
3560 2611 3669 2667 hu-

2005 2701 2377 2756 manitatem.
2439 2702 2762 2769 Postquam
2804 2713 2948 2768 ergo
2987 2700 3189 2756 docuit
3239 2700 3314 2756 de
3351 2701 3534 2757 modo
3563 2700 3668 2773 qui

2005 2787 2336 2844 secundum
2376 2787 2747 2844 divinitatem
2799 2793 2902 2852 est,
2962 2803 3122 2844 nunc
3188 2789 3366 2846 etiam
3397 2790 3570 2846 docet
3590 2789 3667 2846 de

2004 2879 2185 2934 modo
2206 2877 2309 2951 qui
2340 2882 2430 2933 est
2459 2876 2788 2933 secundum
2816 2877 3272 2934 humanitatem.

2075 2967 2204 3022 Non
2230 2972 2429 3022 autem
2449 2965 2593 3022 dixit
2626 2965 2844 3034 :Quem
2877 2965 2976 3032 do,
3011 2966 3110 3022 sed
3127 2982 3292 3038 quem
3315 2966 3466 3024 dabo
3498 2967 3664 3024 datu-

292 3049 509 3122 Ἔμελλε
559 3055 660 3125 γὰρ
708 3051 864 3104 αὐτὸν
919 3049 1108 3105 δώσειν
1157 3051 1205 3105 ἕν
1252 3062 1324 3124 τῷ
1373 3054 1646 3125 τελευταίῳ
1680 3052 1892 3128 δείπνῳ,

2018 3073 2106 3110 rus
2135 3071 2399 3127 namque
2421 3060 2546 3110 erat
2574 3055 2631 3110 in
2658 3055 2863 3110 ultima
2892 3070 3077 3120 caena,
3107 3055 3346 3127 quando
3360 3063 3669 3128 sumptum

296 3140 380 3191 ὅτε
406 3138 575 3191 λαϐὼν
601 3143 690 3192 τὸν
729 3142 880 3216 ἄρτον
910 3146 1000 3193 καὶ
1031 3141 1426 3215 εὐχαριστήσας
1455 3143 1570 3215 (66)
1597 3144 1780 3197 ἔκλασε
1807 3150 1897 3198 καὶ

296 3224 478 3280 ἐδίδου
524 3236 634 3291 τοῖς
663 3230 920 3300 μαθηταῖς
957 3236 1046 3282 καὶ
1076 3228 1203 3283 εἶπε·
1257 3230 1470 3298 Λάϐετε,
1504 3234 1708 3305 φάγετε·
1742 3239 1894 3287 τοῦτό

297 3315 410 3369 ἔστι
437 3319 494 3370 τὸ
521 3319 673 3389 σῶμά
711 3336 837 3390 μου.

367 3410 598 3465 Ζήτησον
638 3413 726 3458 οῦν
764 3410 822 3460 τὸ
877 3407 1158 3470 ἑξηκοστὸν
1210 3413 1450 3484 τέταρτον
1498 3411 1768 3484 κεφάλαιον
1806 3420 1898 3465 τοῦ

296 3498 433 3548 κατὰ
466 3497 756 3564 Ματθαῖον,
805 3501 895 3549 καὶ
951 3497 1064 3569 (67)
1111 3500 1230 3551 ἔνθα
1267 3507 1435 3552 κεῖται
1476 3504 1535 3554 τό
1589 3501 1677 3564 Εἰς
1715 3504 1898 3575 ἄφεσιν

298 3585 584 3658 ἁμαρτιῶν,
647 3583 908 3657 ἀνάγνωθι
957 3591 1046 3644 τὴν
1103 3585 1354 3660 ἐξήγησιν
1405 3588 1546 3659 ὃλην,
1605 3595 1695 3644 καὶ
1752 3593 1902 3666 εὑρή-

302 3693 410 3735 σεις
436 3682 542 3736 πῶς
574 3674 685 3728 ἐστι
713 3678 771 3727 τὸ
814 3683 968 3748 σῶμα
993 3676 1155 3729 αὐτοῦ
1184 3678 1362 3750 ἄρτος.

368 3763 463 3816 Ἦν
516 3793 583 3802 -
639 3763 795 3824 ζωῆς.
858 3769 1038 3830 Δώσω,
1091 3764 1161 3826 εἰς
1215 3767 1451 3820 θάνατον.
1510 3768 1763 3822 Ἐνταῦθα
1798 3771 1898 3844 γὰρ

298 3856 393 3910 τὴν
424 3854 721 3926 σταύρωσιν
770 3852 931 3904 αὐτοῦ
977 3860 1344 3926 προσημαίνει.
1403 3860 1474 3910 T6
1524 3855 1603 3926 δὲ,
1643 3857 1738 3910 Ἤν
1802 3857 1898 3932 ἐγὼ

298 3938 478 4007 δώσω,
502 3945 561 3994 1'6
583 3941 821 3994 ἑκούσιον
851 3940 1082 4015 ἐμφαίνει
1112 3951 1204 3996 τοῦ
1229 3948 1466 4000 τοιούτου
1497 3948 1716 4011 πάθους.

367 4119 663 4192 Ἐμάχοντο
720 4150 790 4162 -
868 4129 1084 4194 φαγεῖν;
1160 4122 1534 4198 Ἐταράττοντο
1587 4129 1660 4198 μὴ
1744 4121 1900 4178 δυνάο

296 4226 439 4281 μενοι
487 4211 750 4262 πιστεύειν
792 4218 864 4282 τῷ
912 4211 1048 4284 λόγῳ
1103 4209 1196 4265 διὰ
1259 4217 1318 4266 τό
1374 4211 1547 4267 δοκεῖν
1619 4212 1897 4269 ἀδύνατον.

300 4299 478 4350 Πάντα
527 4301 626 4371 γὰρ
679 4302 814 4352 κατὰ
862 4304 1015 4374 φύσιν
1061 4300 1396 4370 ἐξετάζοντες,
1451 4301 1604 4356 οὐδὲν
1651 4306 1902 4380 ὑπερφυὲς

300 4383 654 4460 παρεδέχοντο

415 4561 438 4576 η
706 4566 718 4579 .
851 4576 872 4587 ,
987 4566 1000 4586 ,
1107 4575 1125 4587 ,
1302 4571 1311 4586 ,
1431 4568 1445 4585 ,
1509 4571 1520 4586 ,
1813 4579 1831 4590 ,

373 4571 524 4616 Ειπεν
575 4595 646 4608 -
697 4587 917 4631 εαυτοις.
1005 4575 1202 4622 Εκεινοι
1261 4589 1352 4643 μεν
1423 4567 1679 4624 αδυνατον
1739 4591 1894 4626 τουτο

302 4653 682 4726 ὑπελάμϐανον·
742 4658 896 4718 αὐτὸς
967 4654 1028 4710 δε
1093 4654 1358 4712 δείκνυσιν
1420 4660 1543 4713 αὐτὸ
1615 4665 1700 4713 xui
1769 4667 1900 4735 σφό-

303 4740 407 4819 δρα
436 4740 471 4797 δ
475 4749 658 4798 υνατὸν
690 4746 822 4817 (69)·
867 4750 958 4798 καὶ
997 4745 1056 4798 οὐ
1094 4755 1242 4801 τοῦτο
1278 4753 1431 4822 μόνον
1462 4747 1590 4802 ἀλλὰ
1619 4755 1709 4803 καὶ
1739 4749 1896 4825 ἀναγ-

299 4841 467 4900 καῖον,
500 4836 622 4908 ὅπερ
661 4838 751 4887 καὶ
788 4833 872 4888 ἰπὶ
900 4842 994 4888 τοῦ
1045 4833 1356 4911 Νικοδήμου
1399 4843 1674 4900 πεποίηκε.
1726 4847 1896 4916 Προσ-

374 5031 422 5068 ﬂ
454 5030 659 5090 Matth.
699 5049 850 5103 xxv1,
878 5035 991 5092 26..
1105 5039 1152 5073 ³ο
1175 5035 1321 5094 ibid.
1353 5039 1443 5096 28.

2007 3160 2224 3214 panem
2250 3144 2394 3199 actis
2418 3144 2622 3214 gratiis
2644 3142 2830 3214 fregit,
2855 3143 3130 3216 deditque
3143 3144 3478 3216 discipulis,
3499 3146 3665 3202 etait:

2006 3232 2273 3302 Accipite
2301 3233 2580 3288 comedite
2608 3249 2627 3299 ,'
2653 3233 2761 3289 hoc
2782 3239 2862 3288 est
2883 3248 3094 3302 corpus
3120 3235 3378 3291 meum".

2080 3411 2288 3475 Quaere
2302 3424 2440 3480 ergo
2454 3409 2877 3479 sexagesimum
2891 3417 3153 3484 quartum
3171 3415 3354 3483 caput
3365 3411 3670 3483 Evangelii

2011 3499 2345 3557 secundum
2377 3499 2743 3571 Matthaaum;
2775 3504 2830 3555 et
2857 3499 2958 3556 ubi
2985 3500 3360 3573 positumest,
3398 3502 3672 3558 inremis-

2005 3591 2218 3647 sionem
2244 3596 2614 3659 peccatorum
2641 3591 2711 3654 ³⁸,
2743 3589 2873 3660 lege
2905 3593 3084 3646 totam
3113 3589 3576 3657 enarrationem,
3600 3606 3672 3648 ac

2007 3680 2270 3738 invenies
2295 3679 2597 3753 quomodo
2627 3695 2843 3753 corpus
2869 3679 2920 3751 ej
2933 3696 3000 3735 us
3031 3680 3107 3736 sit
3132 3678 3324 3752 panis.

2079 3772 2244 3826 Vers.
2285 3770 2374 3824 5t.
2432 3769 2615 3836 Quam
2666 3800 2728 3810 —
2762 3770 2912 3826 vita.
2973 3770 3138 3826 Dabo
3171 3768 3231 3825 in
3267 3774 3534 3827 mortem.
3570 3771 3672 3828 Hic

2007 3859 2169 3916 enim
2189 3858 2627 3914 cruciﬁxionem
2649 3875 2818 3915 suam
2835 3859 3181 3932 prmsignat.
3207 3859 3414 3915 Dicens
3446 3865 3670 3916 autem:

2011 3950 2198 4019 Quam
2237 3965 2343 4020 ego
2373 3947 2541 4014 dabo,
2575 3948 2912 4005 ultroneam
2944 3948 3125 4005 fuisse
3155 3947 3446 4021 signiﬁcat
3472 3949 3673 4022 hujus-

2010 4039 2164 4094 modi
2205 4038 2568 4111 passionem.

2079 4127 2243 4183 Vers.
2274 4127 2366 4182 5'2.
2397 4126 2796 4183 Decertabant
2825 4156 2894 4167 --
2931 4127 3014 4183 ad
3040 4126 3460 4184 comedendum
3484 4130 3508 4178 7
3535 4128 3672 4183 Tur-

2009 4215 2328 4281 babantur,
2356 4231 2477 4272 non
2509 4221 2779 4287 potentes
2804 4215 3066 4271 sermoni
3097 4215 3352 4282 credere,
3378 4214 3540 4287 quod
3561 4214 3675 4272 hoc

2009 4303 2371 4376 impossibile
2402 4305 2716 4360 videretur.
2750 4306 2896 4360 Nam
2927 4320 3064 4360 cum
3096 4304 3302 4362 omnia
3341 4304 3673 4362 secundum

1933 4421 1980 4476 Ι)
2012 4399 2289 4450 naturam
2304 4392 2467 4466 inqui
2475 4392 2840 4463 rerent,nihil
2853 4392 3020 4466 quod
3037 4409 3219 4465 supra
3233 4399 3512 4450 naturam
3525 4398 3671 4466 erat,

2012 4482 2434 4541 admittebant.

2083 4574 2244 4629 Vers.
2283 4574 2375 4630 53.
2407 4572 2576 4630 Dixit
2605 4603 2664 4614 -
2709 4572 2888 4629 vobis.
2921 4571 3007 4627 Illi
3029 4571 3277 4645 quidem
3312 4571 3429 4630 hoc
3452 4572 3675 4645 impos-

2013 4661 2568 4735 sibilejudicabant,
2600 4661 2727 4733 ipse
2756 4661 3453 4734 veroomninopossibile
3473 4667 3676 4720 osten-

2012 4753 2126 4819 dit;
2148 4751 2414 4825 nequeid
2439 4757 2688 4815 tantum,
2706 4750 2810 4806 sed
2833 4749 3011 4806 etiam
3041 4755 3442 4808 necessarium
3468 4770 3481 4809 :
3514 4751 3674 4824 quod

2011 4842 2189 4900 etiam
2221 4841 2356 4900 fecit
2411 4840 2482 4898 ad
2515 4838 2931 4898 Nicodemum.
2979 4839 3157 4897 Addit
3208 4845 3407 4899 autem
3451 4842 3574 4899 :Et
3602 4841 3675 4902 de

1548 5246 1773 5318 Variae
1810 5245 2140 5319 lectiones
2171 5259 2237 5319 et
2265 5259 2472 5320 notae.

373 5463 488 5540 (64)
520 5465 707 5540 ρολλοὶ
743 5467 833 5540 μὶν
865 5464 1042 5521 ἔλαϐον
1075 5473 1139 5523 Δ.

303 5536 696 5682 190(‘6105g‘rli'c‘g'rte
743 5536 1130 5612 χρησαμένων,
1177 5544 1243 5597 ut
1291 5544 1488 5612 antea,
1537 5545 1594 5600 et
1634 5557 1772 5600 mox
1807 5536 1902 5597 δια

376 5679 489 5758 (66)
528 5679 758 5739 Etenim
783 5679 1183 5758 εὐχαριστήσας
1209 5682 1310 5742 illo
1339 5683 1399 5742 in
1423 5683 1578 5754 loco,
1609 5700 1734 5744 non
1762 5685 1901 5741 εὐλοο

2009 5475 2186 5548 γήσοες
2212 5471 2439 5548 habent
2467 5470 2646 5529 codd.
2679 5469 2960 5546 Euthym.
2993 5475 3049 5531 et
3071 5468 3173 5532 alii
3191 5468 3492 5548 permulti.

2083 5544 2198 5610 (67)
2222 5549 2322 5598 Καὶ
2339 5545 2508 5601 abest
2536 5550 2602 5601 A.

2223 5611 2934 5692 'Ynteyué_g‘nupu66xw1ut
2963 5622 3028 5675 A.

2083 5683 2196 5761 (69)
2236 5683 2447 5766 Σφόδρα
2473 5683 2822 5748 itﬁuium-3.
