4098 6438
628 241 766 299 4255

1951 233 2308 296 EUTHYMII
2345 233 2673 296 ZlGABENl

3821 253 3923 313 1256

605 371 940 442 sanguine,
985 366 1334 438 signiﬁcans
1370 365 1445 424 de
1477 381 1631 440 pane
1682 381 1754 422 ac
1781 364 2015 436 poculo,
2039 368 2263 438 quas,ut

2385 367 2568 423 τίθησι
2626 363 2685 421 δε
2739 373 2839 421 Καὶ
2919 373 3037 442 περὶ
3094 378 3183 426 τοῦ
3238 375 3486 446 αἵματος,
3546 379 3785 447 σημαίνων
3836 382 3923 454 (ῑο)

623 460 850 517 dictum
881 459 1252 520 est.datnrus
1281 463 1408 513 erat
1428 455 1738 527 discipulis
1764 456 1822 511 in
1845 455 2055 510 ultima
2076 471 2268 512 caena.

625 552 850 607 Rursus
889 553 1094 605 autem
1140 549 1323 605 vitam
1365 547 1507 603 dicit
1543 551 1831 602 mternam
1863 545 1985 601 sive
2011 544 2268 601 beatam.

696 820 859 874 Vers.
914 819 998 874 54.
1037 818 1146 884 Qui
1172 823 1558 874 --ιειενηιιπι⁸
1590 816 1874 871 Continue
1913 815 1972 870 in
1999 828 2274 870 sermone

619 909 695 965 de
715 909 1102 964 sacramentis
1134 907 1509 969 immoratur,
1533 906 1612 960 rei
1645 905 2049 959 necessitatem
2082 907 2275 959 osten-

617 999 784 1063 dens,
819 1005 958 1070 puta
990 997 1157 1069 quod
1197 997 1307 1051 hoc
1345 996 1593 1050 omnino
1634 994 1755 1049 ﬁeri
1792 999 2079 1066 oporteat.

692 1089 850 1145 Vers.
887 1089 977 1143 5’s.
1007 1088 1080 1141 Et
1111 1087 1310 1141 —die.
1331 1086 1548 1141 Crebro
1602 1100 1939 1140 sermonem
1976 1084 2045 1137 de
2077 1082 2196 1138 vita
2220 1086 2277 1138 et

615 1177 1040 1235 resurrectione
1055 1176 1283 1248 repetit,
1306 1175 1552 1246 cupiens
1573 1189 1712 1229 eum
1733 1173 1915 1227 menti
1933 1172 2273 1227 auditorum

617 1267 901 1340 imprimi.
935 1267 1077 1332 Quae
1103 1281 1244 1335 ergo
1271 1264 1447 1318 variis
1486 1264 1544 1318 in
1570 1262 1710 1318 locis
1749 1261 2171 1333 praemisimus,
2205 1276 2275 1316 ea

617 1373 776 1412 nunc
807 1357 864 1411 in
897 1370 1199 1410 summam
1232 1352 1566 1422 colligenda
1611 1358 1768 1406 sunt.
1802 1353 1876 1405 Ex
1915 1366 2033 1422 quo
2061 1364 2273 1405 omnes

617 1445 888 1502 homines
936 1443 1327 1499 resuscitandi
1393 1447 1550 1508 sunt,
1599 1456 1929 1512 omnesque
1985 1444 2273 1511 perpetuo

613 1536 844 1600 victuri,
876 1534 1197 1602 intelligere
1228 1532 1508 1588 convenit
1562 1533 2050 1586 resurrectionem
2088 1529 2270 1600 justo-

613 1641 746 1681 rum
760 1623 1029 1697 quidem,
1050 1639 1182 1678 eam
1199 1637 1336 1694 qua:
1350 1623 1452 1677 erit
1485 1621 1543 1676 in
1566 1619 1868 1684 fruitione;
1892 1625 2268 1691 peccatorum

2383 460 2501 527 περὶ
2558 464 2655 508 τοῦ
2723 459 2885 530 ἄρτου
2946 464 3036 513 καὶ
3089 469 3182 514 τοῦ
3246 469 3503 535 ποτηρίου
3557 465 3589 515 οἶ
3644 466 3833 538 ἔμελλεν,
3875 476 3924 532 ὡς

2384 547 2608 630 εἴρηται,
2679 541 2865 599 δοῦναι
2945 556 3057 610 τοῖς
3139 553 3404 623 μαθηταῖς
3470 557 3518 605 εν
3574 562 3641 624 τῷ
3701 556 3923 630 τελευταίῳ

2386 629 2598 704 δείπνῳ.
2651 641 2796 694 Ζωήν
2837 633 2896 690 δε
2953 638 3105 690 πάλιν
3144 639 3278 712 λέγει
3330 645 3426 700 τὴν
3472 642 3684 709 αἰώνιον,
3727 645 3919 706 imm

2384 729 2670 796 μακαρίαν.

2452 810 2510 863 Ὀ
2569 844 2632 853 -
2685 815 2908 868 αἰώνιον.
2976 824 3210 889 Συνεχῶς
3277 823 3485 892 στρέφει
3543 824 3625 872 τὸν
3689 828 3791 897 περὶ
3849 835 3918 878 τῶν

2383 907 2689 975 μυστηρίων
2719 902 2886 976 λόγον,
2921 901 2956 958 δ
2960 925 3123 967 εικνυς
3152 912 3210 960 τὸ
3231 910 3511 980 ἀναγκαῖον
3535 917 3621 962 τοῦ
3643 915 3912 983 πράγματος,

2384 992 2464 1042 ὅτι
2489 994 2693 1053 πάντως
2721 996 2961 1064 γενέσθαι
2985 1004 3139 1048 τοῦτο
3167 1002 3303 1070 χρὴ.

2458 1086 2557 1133 Καὶ
2595 1112 2664 1122 -
2715 1085 2901 1158 ἡμέρα.
2945 1091 3157 1148 Πυκνῶς
3195 1087 3381 1140 ε’λιττει
3429 1089 3544 1158 (71)
3592 1093 3675 1141 καὶ
3716 1092 3790 1141 τὸν
3828 1096 3912 1162 περὶ

2385 1177 2479 1232 τῆς
2537 1171 2676 1232 ζωῆς
2733 1179 2821 1226 καὶ
2872 1182 2962 1234 τῆς
3034 1173 3371 1239 ἀναστάσεως
3442 1177 3608 1248 λόγον,
3673 1176 3913 1249 βουλομτνθς

2385 1259 2540 1311 αὐτὸν
2600 1259 2889 1316 ἐντνπῶσαι
2939 1271 3000 1322 τῆ
3065 1260 3274 1337 διανοίᾳ
3327 1274 3426 1318 τῶν
3482 1264 3838 1321 ἀκουόντων.’Δ
3872 1266 3910 1320 δέ

2385 1344 2645 1424 διαφόρως
2695 1352 3152 1425 προεστειλάμεθα,
3196 1363 3366 1408 ταῦτα
3395 1363 3484 1408 νῦν
3523 1353 3791 1413 συλλήϐδην
3823 1355 3910 1407 dm-

2383 1439 2772 1510 κεφαλαιωτέον·
2833 1442 2937 1507 ὃτι,
3008 1441 3117 1496 ἐπεὶ
3193 1447 3380 1506 πάντες
3445 1447 3696 1519 ἄνθρωποι
3733 1444 3906 1502 ἀναστή-

2385 1547 2581 1596 σονται,
2631 1535 2719 1582 καὶ
2759 1533 2946 1592 πάντες
2981 1532 3228 1592 ζήσονται
3282 1534 3525 1600 αἰωνίως,
3578 1539 3798 1607 προσήκει
3816 1542 3904 1586 νοεῖν

2383 1615 2688 1686 ἀνάστασιν,
2729 1619 2813 1672 ἐπὶ
2864 1629 2964 1672 τῶν
3013 1619 3231 1675 δικαίων
3406 1629 3500 1682 τὴν
3551 1622 3630 1676 ἐπὶ
3665 1622 3900 1686 ἀπολαύσει,

613 1730 775 1777 vero,
816 1729 945 1785 qua;
975 1715 1032 1768 in
1072 1711 1386 1784 supplicio.
1445 1713 1694 1766 Rursum
1756 1710 1936 1765 vitam
1992 1715 2263 1765 inteream

2383 1706 2466 1759 ἐπὶ
2506 1717 2605 1758 τῶν
2649 1709 2964 1781 ἁμαρτωλῶν
3005 1708 3065 1764 δε
3095 1717 3188 1770 τὴν
3232 1712 3319 1765 ἐπὶ
3359 1713 3586 1766 κολάσει·
3619 1718 3698 1764 καὶ
3729 1714 3781 1765 αὖ
3806 1715 3900 1772 {eum

607 1803 924 1875 jnstorum,
985 1819 1110 1856 eam
1143 1818 1277 1874 quis
1331 1800 1436 1855 erit
1485 1801 1544 1855 in
1591 1800 1837 1872 requie:
1885 1806 2267 1872 peccatorum

612 1897 836 1960 autem,
869 1909 1000 1963 qua;
1033 1892 1091 1947 in
1111 1892 1438 1946 tormentis.

683 1984 842 2037 Vers.
878 1987 964 2036 55.
999 1981 1151 2036 Caro
1181 1981 1333 2035 enim
1360 2009 1430 2022 —
1454 1986 1638 2048 potus.
1669 2009 1736 2018 -—
1767 1979 1946 2034 Verus
1975 1984 2058 2034 εει
2088 1977 2264 2041 cibus,

609 2073 736 2129 sive
766 2073 1131 2139 aptissimus,
1164 2076 1362 2141 utpote
1383 2069 1669 2130 animam,
1693 2084 1827 2140 qua:
1857 2068 2269 2140 propriissima

610 2161 862 2217 hominis
876 2176 1014 2233 pars
1039 2167 1143 2225 est,
1172 2162 1436 2215 nutriens
1464 2158 1830 2214 :etsimiliter
1860 2157 1934 2212 de
1952 2159 2263 2226 sanguine.

585 2255 718 2320 ,Aut
768 2250 882 2306 hoc
929 2250 1076 2304 dixit
1115 2247 1478 2303 conﬁrmans
1509 2247 1674 2318 quod
1729 2263 1842 2302 non
1876 2245 2263 2317 aenigmatice,

606 2356 797 2413 neque
838 2337 1164 2413 parabolice
1201 2337 1551 2409 lequeretur.

679 2430 846 2486 Vers.
881 2433 966 2485 56.
1011 2429 1123 2494 Qui
1177 2458 1242 2466 -—
1295 2426 1412 2481 illo.
1461 2456 1530 2466 —
1573 2425 1640 2481 In
1672 2441 1760 2480 me
1807 2431 2025 2490 manet,
2067 2424 2266 2479 unitur
2303 2481 2314 2490 ,

607 2522 750 2578 mihi
769 2538 873 2594 per
891 2519 1651 2589 transsumptionem(x.r)et
1665 2517 2262 2571 communicationem

606 2628 750 2668 meae
780 2611 974 2666 carnis
1029 2609 1263 2679 meique
1326 2607 1652 2676 sanguinis,
1698 2612 1753 2660 et
1814 2621 2000 2660 unum
2048 2621 2264 2676 corpus

605 2716 842 2756 mecum
880 2697 1149 2760 eﬁlcitur,
1169 2713 1239 2752 ac
1267 2696 1565 2767 particeps
1600 2695 1728 2748 vitae
1753 2710 1883 2765 qua:
1921 2695 1978 2747 in
2009 2710 2103 2750 me
2133 2701 2261 2761 est;

601 2789 766 2862 quod
796 2789 844 2843 si
875 2787 967 2842 ille
994 2787 1051 2841 in
1075 2800 1166 2839 me
1193 2790 1302 2851 est,
1338 2786 1539 2855 utique
1565 2789 1620 2837 et
1648 2798 1760 2847 ego
1804 2784 1860 2836 in
1904 2782 2024 2837 illo.

675 2879 844 2933 Vers.
903 2875 987 2930 5’7.
1031 2875 1198 2930 Sicut
1234 2904 1297 2912 —
1330 2874 1591 2928 Patrem.
1647 2874 1826 2934 Sicut,
1892 2875 1992 2944 qui
2027 2888 2264 2946 semper

603 2966 746 3023 vivit
772 2969 956 3029 Pater,
984 2965 1142 3018 misit
1173 2978 1282 3026 me.
1322 2961 1601 3030 itaetego
1630 2960 2076 3017 immutabiliter
2110 2964 2257 3029 vivo,

603 3072 674 3113 eo
705 3055 865 3123 quod
915 3072 950 3110 a
992 3055 1218 3108 vivente
1250 3051 1418 3106 Patre
1471 3058 1648 3105 natus
1676 3067 1829 3106 sum.

671 3146 714 3215 ιι-
747 3144 810 3199 Ιιι
840 3143 1242 3214 cognitionem
1269 3156 1380 3196 nos
1412 3139 1655 3208 inducit,
1703 3140 1867 3212 quod
1900 3141 2257 3213 principium

601 3233 841 3298 habeat,
900 3238 956 3288 et
1007 3246 1128 3288 non
1161 3232 1236 3286 sit
1266 3231 1493 3302 absque
1545 3229 1836 3301 principio
1890 3231 2040 3286 sicut
2072 3234 2254 3286 Pater.

596 3325 709 3380 Aut
732 3323 909 3378 etiam
933 3321 1048 3377 alio
1082 3319 1263 3376 modo
1289 3326 1528 3390 promer
1557 3320 1813 3384 Patrem,
1847 3318 1907 3373 id
1947 3327 2032 3374 est
2061 3338 2073 3375 :
2110 3322 2259 3384 Quia

595 3413 768 3469 Pater
793 3412 928 3467 vivit
954 3429 973 3482 ;
1002 3411 1117 3466 nisi
1156 3409 1430 3465 enimille
1461 3409 1700 3472 viveret,
1736 3424 1928 3480 neque
1968 3425 2079 3477 ego
2109 3410 2258 3464 vive-

592 3517 739 3558 rem.
773 3501 923 3567 Quia
971 3515 1111 3556 vero
1143 3499 1236 3554 ille
1269 3499 1407 3554 vivit
1456 3502 1516 3554 et
1569 3512 1679 3567 ego
1731 3497 1889 3552 vivo.
1935 3500 1999 3552 Et
2025 3497 2136 3553 nisi
2164 3497 2256 3554 ille

590 3591 856 3655 haberet,
894 3603 1268 3661 quaecunque
1299 3588 1496 3652 habet,
1556 3602 1752 3658 neque
1791 3602 1904 3656 ego
1948 3587 2252 3651 haberem,

591 3694 964 3753 quaecunque
1019 3677 1230 3733 habeo.
1284 3677 1589 3748 Siquidem
1658 3676 1832 3730 nobis
1879 3680 2082 3733 omnia
2120 3682 2256 3733 sunt

588 3769 823 3834 eadem,
855 3766 1116 3838 exceptis
1146 3765 1564 3838 personalibus
1589 3765 2073 3838 proprietatibus.

661 3857 824 3913 Vers.
855 3861 945 3912 57.
1005 3856 1080 3910 Et
1126 3885 1191 3896 —
1250 3870 1358 3910 me.
1399 3856 1921 3920 Quemadmodum
1952 3872 2064 3924 ego
2099 3857 2250 3922 vivo,

590 3947 735 4020 quia
754 3950 930 4001 natus
957 3961 1093 4000 sum
1117 3960 1151 4000 a
1177 3944 1408 3999 vivente
1437 3944 1628 4012 Patre,
1661 3946 1738 4000 ita
1768 3952 1824 4000 et
1862 3947 1959 4018 qui
1990 3947 2106 4001 edit
2137 3963 2250 4010 me,

585 4052 718 4111 ipse
738 4050 981 4108 quoque
1009 4033 1178 4096 vivet.
1195 4049 1266 4088 eo
1292 4033 1456 4106 quod
1475 4050 1566 4090 me
1588 4037 1690 4106 qui
1716 4036 1831 4090 vita
1853 4052 2012 4101 sum,
2045 4035 2251 4100 ederit,

587 4126 900 4198 vitamque
931 4124 1380 4196 participaverit.

657 4215 821 4271 Vers.
853 4214 940 4268 58.
983 4213 1088 4268 llic
1124 4244 1180 4254 —
1215 4213 1316 4284 qui
1343 4213 1655 4269 descendit.
1692 4213 1810 4279 Hic,
1849 4217 2012 4286 puta,
2041 4214 2146 4287 qui
2175 4213 2254 4271 vi-

585 4309 707 4363 tam
739 4308 986 4377 praestat
1016 4303 1465 4374 sempiternam.

659 4395 828 4450 Vers.
868 4394 958 4448 58.
992 4392 1120 4448 Νοη
1148 4423 1212 4432 —
1245 4391 1457 4447 mortui
1483 4399 1637 4446 sunt.
1665 4391 1790 4446 Non
1824 4393 2040 4448 mortui
2091 4398 2247 4459 sunt,
2286 4431 2332 4487 Β

582 4485 686 4558 qui
731 4484 903 4540 illum
951 4482 1225 4546 ederunt,
1281 4482 1565 4536 videlicet.
1619 4482 1778 4536 Sicut
1827 4489 2029 4550 patre:
2073 4490 2252 4555 vestr,-

584 4576 962 4633 comederunt
1003 4587 1218 4627 manna
1249 4578 1304 4628 et
1330 4573 1550 4626 mortui
1569 4579 1738 4636 sunt;
1765 4587 1969 4627 verum
1984 4573 2132 4628 sicut
2161 4573 2241 4639 hi,

581 4665 683 4738 qui
712 4678 937 4719 manna
984 4661 1127 4717 illud
1161 4660 1570 4724 comederunt,
1605 4676 1785 4715 carne
1830 4666 2044 4715 mortui
2086 4672 2241 4728 sunt,

581 4754 661 4810 ita
687 4753 855 4824 etqui
885 4766 1102 4823 panem
1135 4750 1295 4806 hunc
1315 4749 1516 4812 edunt,
1552 4765 1731 4805 carne
1755 4749 2106 4806 moriuntur.
2130 4752 2238 4808 Sed

580 4840 643 4897 hi
675 4840 802 4906 soli,
857 4855 995 4895 cum
1047 4840 1107 4894 in
1148 4856 1249 4911 spe
1281 4838 1414 4894 vitae
1479 4843 1714 4895 aeternas
1748 4840 2090 4907 moriuntur,
2118 4855 2240 4897 non

582 4929 863 4988 videntur
894 4928 1063 4995 mori,
1105 4928 1212 4985 sed
1239 4928 1603 4986 obdormire.

2378 1801 2467 1868 μὶν
2498 1798 2702 1850 αὶὼνιον
2732 1799 2816 1852 ἐπὶ
2845 1809 2944 1851 τῶν
2985 1797 3205 1854 δικαίων
3236 1807 3332 1860 τὴν
3363 1801 3411 1854 ἐν
3444 1801 3729 1870 ἀπολαῦσει,
3757 1801 3820 1854 ἐπὶ
3861 1799 3897 1854 δὲ

2379 1896 2477 1938 τῶν
2497 1886 2814 1960 ἁμαρτωλῶν
2839 1895 2932 1947 τὸν
2960 1889 3008 1942 ἐν
3037 1891 3271 1945 κολάσει.

2446 1975 2501 2028 Ἠ
2563 1981 2664 2051 ’γὰρ
2724 1979 2856 2053 σὰρξ
2920 2010 2988 2019 -
3038 1986 3210 2042 πόσις.
3273 2013 3342 2022 -
3397 1981 3616 2042 Ἀληθές
3674 1981 3772 2051 (72)
3819 1977 3894 2029 ἔστι

2379 2064 2601 2137 βρῶσις,
2670 2071 2787 2125 ἤτοι
2851 2072 3170 2143 κυριωτάτη,
3232 2073 3303 2132 ὼς
3359 2073 3418 2123 τὸ
3475 2078 3760 2144 κυριώτατον
3789 2072 3893 2139 μέρος

2377 2163 2468 2206 τοῦ
2528 2154 2799 2230 ἀνθρώπου
2851 2163 3113 2231 τρέφουσα
3149 2163 3238 2217 τὴν
3283 2159 3489 2231 ψυχήν·
3532 2165 3616 2212 καὶ
3653 2163 3701 2211 τὸ
3728 2159 3828 2230 αἷμα
3855 2153 3890 2208 ii

2377 2245 2585 2315 ὁμοίως.
2627 2245 2694 2299 Ἠ
2737 2255 2902 2300 ταῦτα
2931 2244 3038 2301 εἶπε
3080 2246 3307 2320 βεϐαιῶν
3338 2253 3420 2302 ὅτι
3453 2249 3546 2304 οὐκ
3573 2253 3764 2320 αἴνιγμα
3800 2247 3888 2315 λέγει

2375 2331 2499 2387 οὐδε
2537 2335 2860 2409 παραϐολήν,

2444 2424 2502 2476 Ὀ
2534 2455 2602 2465 -
2641 2426 2800 2495 αὐτῷ.
2835 2457 2899 2466 -
2931 2426 3010 2479 Ἐν
3037 2426 3149 2499 ἐμοὶ
3186 2432 3351 2499 μένει,
3405 2428 3599 2481 ἑνοῦταί
3626 2447 3701 2500 μοι
3741 2423 3810 2478 διὰ
3826 2433 3884 2482 τῆς

2373 2514 2703 2586 μεταλήψεὼς
2751 2521 2834 2566 καὶ
2885 2521 3151 2576 κοινωνίας
3202 2524 3295 2578 τῆς
3347 2515 3482 2590 ἇμῆς
3530 2521 3706 2591 σαρκὸς
3736 2519 3884 2566 καὶτοῦ

2374 2602 2497 2674 ἐμοῦ
2548 2607 2786 2675 αἰματος,
2828 2611 2915 2657 καὶ
2947 2608 3231 2677 σύσσωμός
3260 2626 3358 2678 μοι
3387 2612 3589 2678 γίνεται
3629 2612 3705 2658 καὶ
3734 2610 3882 2676 μέτοχος

2373 2702 2463 2753 τῆς
2518 2693 2565 2744 εν
2606 2692 2718 2766 ἐμοὶ
2751 2696 2910 2756 ζωῆς·
2975 2695 3018 2746 εἰ
3049 2691 3099 2747 δ’
3131 2693 3324 2757 ἐκεῖνος
3355 2695 3406 2748 ἐν
3439 2695 3572 2769 ἐμοὶ,
3599 2698 3764 2752 πάντως
3782 2692 3873 2759 κάγώ

2374 2799 2420 2833 εν
2451 2801 2612 2851 αυτῳ.

2447 2874 2629 2932 Καθὼς
2674 2903 2738 2912 -
2782 2877 3004 2946 Πατέρα·
3061 2875 3244 2935 Καθὼς
3277 2877 3384 2936 ζῶν
3418 2871 3742 2942 ἀπέστειλέμι
3767 2865 3877 2934 M73)

2372 2960 2474 3020 ζὼν
2507 2966 2707 3033 Πατὴρ,
2737 2962 2870 3013 οὖ·ω
2909 2965 3052 3033 κάγὼ
3091 2963 3164 3022 ζῶ
3193 2961 3608 3038 ἀπαραλλάκτως
3650 2958 3728 3014 διὰ
3753 2962 3882 3026 2671'!-

2301 3076 2340 3130 C
2370 3052 2589 3108 νηθῆναι
2611 3052 2668 3103 ἐκ
2699 3052 2884 3111 ζῶντος
2919 3058 3142 3125 Πατρός.

2439 3138 2659 3211 [Γνώσιν
2703 3141 2820 3211 (Ἃ)
2871 3143 2994 3212 ἡμῖν
3206 3141 3416 3214 εἰσάγει
3462 3149 3551 3195 τοῦ
3589 3144 3714 3212 ἔχειν
3745 3138 3880 3208 ἀρχὴν

2367 3233 2452 3280 καὶ
2516 3234 2586 3300 μὴ
2622 3225 2750 3281 εἶναι
2797 3231 3031 3303 ἄναρχος
3069 3232 3242 3302 ὥσπερ
3306 3233 3333 3283 ὁ
3381 3237 3577 3305 Πατήρ.
3609 3235 3668 3282 Ἤ
3708 3231 3780 3278 καὶ
3818 3223 3884 3275 ἐτέ-

2366 3337 2486 3391 ρως.
2540 3321 2634 3370 Διὰ
2688 3321 2746 3370 τὸ
2787 3319 2881 3390 ζῇν
2926 3323 3011 3371 τὸν
3056 3324 3259 3392 Πατέρα
3291 3322 3438 3391 (76).
3465 3320 3523 3374 Εἰ
3549 3324 3616 3392 μὴ
3644 3319 3732 3390 γὰρ
3756 3314 3883 3369 ἐκεῖνος

2368 3407 2475 3471 ἔξη,
2533 3404 2655 3460 οὐδὲ
2698 3407 2797 3479 ἑγὼ
2854 3409 3000 3469 ἕξων·
3059 3408 3167 3462 ἐπεὶ
3219 3405 3277 3462 δε
3321 3410 3511 3472 ἐκεῖνος
3554 3411 3635 3472 ζῆ,
3664 3409 3727 3467 ζῶ
3768 3402 3881 3470 κάγω-

2370 3503 2468 3550 Και
2499 3498 2541 3549 εἰ
2589 3502 2658 3568 μὴ
2702 3497 2887 3559 ἆκείνος
2921 3496 3060 3570 εἶχεν
3099 3500 3199 3550 ὅσα
3232 3501 3371 3569 ἔχει,
3403 3496 3527 3552 οὐδὲ
3555 3497 3647 3569 ἐγὼ
3674 3492 3792 3566 εἶχον
3818 3492 3884 3542 ὃσα

2365 3588 2495 3657 ἔχω.
2531 3586 2651 3640 Ἰσα
2697 3591 2798 3660 γὰρ
2835 3589 2956 3661 ὸμῑν
3007 3591 3196 3653 πάντα,
3246 3595 3422 3662 χωρὶς
3470 3597 3566 3641 τῶν
3612 3585 3882 3662 «poscimur

2369 3673 2664 3735 ἰδιοτήτων.
2699 3676 2719 3749 ]

2440 3861 2538 3908 Καὶ
2609 3887 2658 3897 -
2722 3857 2824 3928 ἐμέ.
2870 3855 3069 3931 Ὠσπερ
3125 3855 3224 3927 ἐγὼ
3272 3859 3373 3920 ζῶν
3417 3853 3510 3910 διὰ
3558 3859 3611 3908 τὸ
3646 3849 3884 3925 γεννηθῆναι

2365 3944 2420 3997 ἐκ
2455 3946 2644 4006 ζῶντος
2695 3949 2917 4018 Πατρός,
2966 3945 3101 3998 οὓτω
3143 3949 3231 3997 καὶ
3269 3948 3296 3998 ὁ
3345 3953 3556 4019 τρώγων
3597 3963 3670 4016 με,
3709 3940 3885 3993 xiixii“;

2367 4039 2605 4098 ζήσεται,
2651 4031 2685 4086 δ
2693 4038 2743 4086 ια
2772 4040 2829 4087 τὸ
2855 4041 3068 4109 τρώγειν
3099 4034 3183 4108 ἔμε
3208 4041 3304 4094 τὴν
3337 4037 3470 4097 ζωὴν
3508 4039 3589 4087 καὶ
3614 4024 3883 4107 μεταλαμϐά-

2361 4144 2462 4178 νειν
2491 4134 2552 4183 τῆ
2567 4145 2587 4186 ς
2610 4128 2713 4187 ζωῆ
2727 4145 2766 4187 ς.

2434 4215 2596 4275 Οὗτος
2645 4245 2708 4255 -
2757 4213 3005 4276 καταϐάς.
3060 4215 3242 4282 Οὗτος,
3295 4217 3321 4268 ὁ
3372 4217 3510 4278 ζωὴν
3552 4215 3731 4267 αἰώνιον
3759 4224 3884 4280 xopt-

2360 4313 2484 4376 γῶν.

2433 4394 2509 4446 Ou’
2551 4425 2616 4435 -
2675 4391 2942 4448 ἀπέθανον.
2995 4393 3106 4446 Οὐκ
3155 4392 3535 4449 ἀποθανοῦνται
3580 4395 3625 4445 οἱ
3661 4394 3880 4463 τρώγοντες

2361 4484 2515 4536 αὐτὸν
2573 4479 2834 4541 δηλονότι.
2897 4485 3078 4544 Καθὼς
3139 4487 3325 4556 ἔφαγον
3403 4487 3453 4536 οἱ
3525 4485 3718 4554 πατέρες
3775 4475 3879 4544 ὑμῶν

2358 4577 2417 4626 τὸ
2471 4575 2636 4645 μάννα
2694 4578 2783 4625 καὶ
2856 4571 3129 4630 ἀπέθανον.
3188 4579 3286 4626 Καὶ
3344 4579 3468 4646 μὴν,
3542 4574 3700 4642 ὥσπερ
3756 4562 3796 4615 οἰ
3838 4560 3878 4609 τὸ

2353 4665 2518 4726 μάννα
2577 4661 2735 4714 ἕκεῖνο
2805 4667 3049 4733 φαγόντες
3104 4661 3356 4715 ἀπέθανον
3416 4671 3476 4734 τῇ
3561 4661 3724 4732 σαρκὶ,
3780 4648 3877 4703 οὕτω

2352 4757 2441 4804 καὶ
2485 4754 2536 4804 οἱ
2585 4755 2671 4803 τὸν
2729 4752 2886 4825 ἄρτον
2941 4759 3122 4804 τοῦτον
3191 4757 3477 4826 τρώγοντες
3546 4749 3875 4802 ἀποθνήσκουσι

2351 4850 2413 4913 τῇ
2477 4846 2656 4914 σαρκί·
2715 4839 2820 4892 ἀλλ’
2879 4840 3024 4894 οὗτοι
3075 4845 3222 4914 μόνοι
3275 4841 3352 4895 ἃττ’
3395 4836 3565 4894 ἑλπίδι
3617 4837 3741 4898 ζωῆς
3790 4827 3874 4914 tlle

2351 4939 2457 4984 νίου
2521 4928 2954 5002 ἀποθνήσκοντες,
3023 4929 3083 4983 οὐ
3157 4927 3404 4985 δοκοῦσιν
3477 4928 3742 4990 ἀποθανεῖν,
3797 4911 3872 4969 ἀλλ’

2351 5039 2562 5073 υπνουν.

1777 5171 2003 5242 Variae
2057 5172 2387 5243 lectiones
2441 5181 2508 5241 et
2547 5181 2746 5241 notae.

650 5304 766 5452 £70)
803 5304 994 5365 Malim
1020 5324 1198 5380 προσμ.
1243 5308 1413 5360 αίνων.

671 5380 761 5450 71)
786 5380 1141 5452 Plerumque
1169 5379 1378 5451 spiritu

650 5376 761 5452 (71)
786 5376 1141 5452 Plerumque
1161 5376 1378 5451 spiritu
1428 5376 1543 5433 leni
1586 5376 1850 5434 scribunt
1883 5378 2145 5446 Codices,
2180 5387 2237 5436 ut

575 5448 672 5507 hic
705 5457 969 5508 uteraue.

645 5491 1020 5594 (73).?!335;
1047 5521 1216 5585 enim,
1246 5536 1365 5594 non
1396 5520 1596 5594 ἀληθῷς
1629 5520 1784 5584 legit,

648 5591 764 5666 (73)
793 5601 903 5647 Ζῶν
935 5595 1150 5649 omittit
1171 5600 1234 5647 Α.
1254 5591 1449 5648 Malim
1478 5592 1676 5648 tollere
1704 5595 1864 5665 prius
1897 5595 2019 5655 ζῶν,

2441 5308 2529 5378 74)
2561 5307 2695 5362 Haec
2727 5307 2786 5362 in
2821 5307 3090 5376 margine
3119 5307 3346 5364 habent
3381 5305 3629 5378 codices.
3671 5369 3721 5378 __
3830 5369 3842 5376 _

2442 5369 2531 5449 75)
2567 5379 2883 5434 Hentenius
2924 5369 3200 5446 réddidit,
3234 5396 3303 5436 ac
3335 5379 3384 5435 si
3413 5377 3640 5450 legerit:
3671 5369 3746 5432 Εἰς
3773 5369 3863 5438 γνῶ-

2348 5450 2434 5503 σεν
2456 5453 2594 5522 ἡμᾶς
2625 5450 2842 5522 εἰσάγει.

2416 5519 2533 5594 (76)
2565 5519 2853 5594 lntellige,
2887 5523 2960 5584 ζῶ
2985 5519 3153 5595 κάγώ.

649 5692 781 5776 lxx)
814 5691 1417 5766 Transsumplionem.
1441 5690 1526 5746 Ad
1565 5691 1838 5761 verbum,
1872 5691 2263 5768 participatim

2389 5735 2403 5752 .
2444 5690 2867 5769 Μεταλαμϐάνειν
2896 5695 2988 5749 est
3007 5691 3355 5768 participem
3383 5704 3508 5750 esse
3546 5683 3758 5757 alicujus
3781 5670 3850 5732 rei.
