4098 6438
171 349 309 419 195³1

1227 365 1594 429 (ΣΟΜΜΕΝΤ.
1640 370 1706 428 ΙΝ
1745 367 2095 430 JOANNEM.
2140 407 2206 415 —
2244 374 2401 431 CAP.
2427 374 2518 431 Vl.

3382 376 3528 432 1258

241 483 297 538 Ὀ
348 519 409 528 -
467 489 648 544 αἰῶνα.
695 489 897 556 Ἰκανῶς
970 491 1260 571 ἐνδιέτριψε
1345 508 1418 570 τῷ
1500 507 1620 575 περὶ
1673 507 1766 553 τοῦ

1955 503 2108 556 Vers.
2145 501 2230 555 58.
2260 500 2373 568 Qui
2423 531 2492 542 —
2538 506 2847 558 aeternum.
2909 497 3113 556 Merito
3168 502 3434 558 sermoni
3462 502 3536 559 de

172 575 333 663 ᾄρτου
372 585 457 632 καὶ
501 585 620 656 περὶ
674 591 769 646 τῆς
813 587 946 647 ζωῆς
997 587 1154 658 λόγῳ,
1209 594 1477 659 γινώσκων
1533 595 1617 644 τόν
1679 594 1766 663 μὲν

173 661 471 736 ἀναγκαῖον,
508 675 600 729 τὴν
659 668 718 724 δὲ
752 673 994 744 γλυκεῖαν
1024 684 1134 739 τοῖς
1184 676 1471 753 ἀνθρώποις
1522 700 1534 713 ο
1564 686 1650 733 τὸν
1679 683 1768 752 μὲν

176 761 471 826 σωματικὸν
523 761 675 833 ἀρτον
721 769 830 824 τοῖς
880 774 1212 838 σωματικοῖς,
1287 772 1370 820 τὸν
1435 765 1492 822 δὲ
1542 789 1770 842 πνευμα-

174 848 317 895 τικὸν
355 855 463 909 τοῖς
524 861 890 922 πνευματικοῖς
924 872 935 883 ·
969 860 1058 907 καὶ
1135 861 1229 914 τὴν
1303 861 1392 929 μεν
1465 863 1769 931 σωματικὴν

177 933 313 993 ζωὴν
339 943 446 998 τοῖς
476 948 810 1011 σωματικοῖς,
837 947 929 1001 τὴν
953 940 1011 996 δὲ
1036 951 1388 1018 πνευματικὴν
1416 954 1520 1008 τοῖς
1547 967 1770 1020 πνευμα-

173 1029 354 1084 τικοῐς.

245 1113 422 1166 Tum:
451 1146 520 1156 —
553 1121 754 1171 ἀκούειν
779 1136 792 1186 ;
825 1151 893 1162 -
921 1121 1140 1195 Σκληρός
1171 1123 1328 1192 ἐστιν,
1354 1130 1470 1184 ἤτοι
1494 1122 1768 1199 δυσπαράο

174 1194 358 1263 δεκτος
387 1203 538 1268 οὗτος
567 1208 592 1258 ὸ
619 1206 765 1279 λόγος
791 1211 816 1261 ὁ
846 1219 938 1263 τοῦ
963 1222 1176 1286 τρωγειν
1203 1213 1358 1266 αὐτόν
1384 1232 1397 1245 '
1430 1220 1522 1275 Τίς
1552 1211 1772 1268 δύναται

171 1288 328 1341 αὐτόν
368 1291 772 1366 παραδέχεσθαι
822 1316 834 1365 ;
883 1300 949 1352 Oi
1005 1309 1158 1354 τοῦτο
1189 1299 1247 1355 δε
1278 1303 1499 1364 εἰπόντες
1538 1306 1772 1376 μαθηταὶ

171 1379 264 1448 μεν
297 1379 458 1432 αὐτοῦ
506 1380 661 1448 ἦσαν,
721 1387 815 1439 οὐκ
864 1387 918 1441 ἐκ
953 1398 1053 1442 τῶν
1103 1388 1312 1444 δώδεκα
1343 1389 1424 1461 δε,
1459 1391 1565 1444 ἀλλ’
1589 1392 1642 1444 ἐκ
1673 1402 1772 1445 τῶν

172 1464 552 1540 ἐϐδομήκοντα.

243 1562 387 1621 Τινες
441 1559 500 1613 ὸε
549 1583 704 1634 φασιν
759 1567 840 1617 ὅτι
871 1565 923 1618 ἐκ
972 1577 1071 1621 τῶν
1103 1569 1262 1631 ἄλλως
1319 1572 1430 1642 (77)
1486 1574 1773 1644 μαθητευθ-

170 1650 332 1716 μένων
373 1649 532 1720 αὐτῷ.
570 1652 752 1705 [Ιολλοὶ
803 1659 904 1728 γὰρ
949 1664 1038 1710 καὶ
1078 1660 1240 1732 ἕτεροι
1287 1660 1602 1718 ἠκολούθουν
1633 1662 1772 1732 αύτῷ

169 1734 435 1800 πολλάκις.
485 1741 756 1804 Μελλοντες
794 1741 882 1796 οὖν
934 1744 1216 1818 ἁποπηδᾲν
1263 1750 1774 1822 ύπεραπολογοῡνται

1882 605 2038 662 pane
2064 606 2132 646 ac
2146 589 2220 644 de
2235 590 2352 646 vita
2367 589 2719 645 immoratus
2752 595 2858 655 est,
2893 588 3271 646 sciensillum
3291 589 3538 661 quidem

1883 678 2476 746 necessariuni,hanc
2494 693 2630 732 vero
2643 677 2880 732 dulcem
2893 677 3240 733 hominibus
3272 694 3286 734 :
3316 693 3539 750 panem

1882 784 2084 823 sanem
2097 767 2469 839 corporalem
2494 765 2923 838 corporalibus,
2941 766 3311 839 spiritualem
3337 772 3540 824 autem

1881 856 2319 927 spiritualibus:
2346 855 2610 911 similiter
2638 860 2695 912 et
2722 857 2900 914 vitam
2933 855 3305 928 corporalem
3336 871 3540 928 corpo-

1880 945 2128 1014 ralibus,
2156 945 2517 1018 spiritualem
2540 945 3145 1018 veroapiritualibus.

1955 1127 2115 1180 Vers.
2146 1125 2235 1180 59.
2270 1126 2416 1182 Hcec
2478 1157 2546 1165 —
2595 1127 2750 1181 Vers.
2810 1125 2900 1180 60.
2947 1126 3155 1181 audire
3193 1125 3221 1180 Ἰ
3251 1155 3320 1164 -
3347 1125 3540 1181 Durus

1883 1220 1986 1279 est,
2020 1214 2134 1270 hoc
2160 1219 2265 1279 est,
2298 1230 2455 1284 agre
2492 1213 2724 1270 admitti
2755 1219 2964 1286 potest,
2992 1215 3089 1271 hic
3119 1230 3327 1280 sermo,
3369 1219 3536 1286 puta,

1883 1301 1956 1356 de
1981 1302 2116 1373 ipso
2143 1305 2516 1359 comedendo
2551 1303 2718 1374 ;quis
2749 1304 2922 1359 illum
2964 1309 3149 1373 potest
3176 1303 3489 1360 admittere
3511 1303 3540 1359 7

1884 1390 1993 1454 Qui
2047 1405 2186 1446 vero
2224 1391 2338 1445 hoc
2365 1390 2664 1456 dicebant,
2717 1407 2748 1446 e
2779 1390 3086 1462 discipulis
3134 1391 3380 1463 quidem
3410 1391 3540 1463 ejus

1883 1484 2068 1545 erant,
2097 1494 2219 1534 non
2251 1485 2450 1535 tamen
2482 1495 2512 1534 e
2539 1479 2878 1546 duodecim,
2911 1479 3015 1534 sed
3047 1496 3078 1534 e
3104 1480 3502 1552 septuaginta.

1954 1568 2206 1630 Quidam
2240 1584 2380 1624 vero
2404 1583 2476 1623 ex
2498 1568 2588 1622 his
2618 1568 2798 1624 fuisse
2829 1569 3016 1635 aiunt,
3051 1570 3147 1640 qui
3183 1569 3331 1625 alias
3362 1569 3440 1626 ab
3471 1584 3541 1626 eo

1884 1656 2077 1712 edocti
2107 1662 2274 1712 erant
2314 1673 2498 1712 :nam
2533 1663 2588 1712 et
2635 1657 2734 1712 alii
2778 1658 2944 1713 multi
2975 1658 3308 1729 frequenter
3334 1673 3540 1730 seque-

1885 1747 2102 1802 bantur
2132 1746 2320 1802 illum.
2346 1747 2453 1811 Qui
2475 1761 2615 1815 ergo
2641 1747 2957 1802 discessuri
2993 1747 3309 1812 erant,sibi
3322 1747 3544 1804 scilicet

171 1819 329 1881 δῆθεν
361 1826 572 1883 ἑαυτῶν.
637 1829 786 1884 Ἔδει
831 1831 890 1886 δε
929 1835 1114 1896 αὐτούς
1171 1835 1436 1909 ἀναμεῖναι
1491 1842 1578 1890 τὸν
1613 1859 1768 1912 προσ-

1890 1835 2432 1906 patrocinabantur,
2454 1852 2588 1891 cum
2621 1835 2818 1908 potius
2861 1836 3232 1892 convenienti
3276 1840 3543 1908 tempore

169 1916 359 1970 ἡκοντα
386 1921 585 1990 καιρόν,
609 1925 698 1972 καὶ
727 1925 984 1976 πυθέσθαι
1011 1930 1129 1997 περὶ
1160 1934 1251 1978 τού
1278 1923 1556 1988 δοκοῦντος
1577 1925 1612 1980 δ
1615 1949 1776 2000 υσχε-

168 2012 288 2076 ρούς
316 2011 404 2057 καὶ
438 2011 510 2074 μὴ
544 2008 882 2082 ἀπαγορεύειν
929 2029 942 2042 ·
977 2013 1112 2064 οὕτω
1141 2018 1238 2087 γὰρ
1280 2018 1329 2066 οἱ
1366 2012 1577 2068 δώδεκα
1607 2020 1775 2088 μαθη-

169 2097 256 2143 ταὶ
287 2099 627 2152 πεποιήκασι.
662 2101 914 2156 Μοιθητοῡ
951 2105 1053 2173 γὰρ
1102 2103 1418 2174 εὐγνώμονος
1459 2104 1772 2181 ἀπεριέργως

167 2182 338 2232 πάντα
371 2179 629 2254 δέχεσθαι
649 2189 712 2238 τὰ
734 2197 824 2238 του
847 2185 1197 2255 διδασκάλου,
1230 2199 1314 2243 καὶ
1341 2202 1523 2267 καιροῦ
1553 2179 1774 2246 καλούν-

170 2287 278 2333 τος,
313 2271 532 2334 εὐλαϐῶς
563 2275 754 2349 ἐρωτᾷν
785 2283 902 2351 περὶ
925 2287 1023 2330 τῶν
1051 2279 1459 2354 ὑπερϐαινόντων
1487 2287 1579 2341 τὴν
1610 2284 1770 2336 αὐτοῦ

169 2354 405 2412 διάνοιαν
416 2403 427 2416 .

241 2445 407 2510 Εἰδὼς
441 2482 494 2491 -
547 2451 887 2516 σκανδαλίζει
918 2473 932 2522 ;
973 2462 1071 2510 Καὶ
1103 2461 1204 2532 γὰρ
1262 2465 1352 2512 καὶ
1374 2469 1528 2514 τοῦτο
1561 2472 1652 2524 τῆς
1677 2464 1770 2515 αύ-

165 2543 256 2625 τοῦ
285 2539 526 2602 θεότητος
568 2539 850 2611 ἀποδειξις,
893 2549 950 2597 τὸ
982 2547 1049 2599 τὰ
1101 2545 1371 2622 ἀπόρρητα
1400 2550 1574 2611 αὐτοῖς
1605 2557 1769 2625 φέρειν

166 2623 240 2684 εἰς
297 2631 476 2698 μέσον.
541 2632 668 2682 Καθ’
745 2631 960 2696 ἑαυτούς
1013 2637 1114 2710 γὰρ
1192 2635 1497 2712 ἁπορῥήτως
1553 2623 1771 2712 ἐγόγγυ-

169 2713 281 2772 ζον.

240 2803 356 2856 Ἐὰν
388 2837 457 2844 -
504 2812 749 2881 πρότερον
776 2827 789 2876 ;
820 2816 1000 2864 Λείπει
1036 2815 1114 2878 τὸ,
1164 2817 1228 2865 Τί
1275 2813 1432 2887 ἐρεῖτε
1461 2833 1474 2883 ;
1505 2817 1680 2889 Ἔλεγε
1712 2815 1770 2872 δε

164 2897 284 2965 περὶ
336 2903 432 2956 τῆς
490 2895 536 2957 ἐς
586 2899 801 2967 ὕστερον
851 2901 923 2961 εἰς
978 2903 1192 2976 ούρανόν
1229 2901 1531 2974 ἀναλήψεως
1586 2906 1767 2962 αὐτοῦ.

169 2979 562 3052 Ἀναϐαίνοντα,
593 2994 654 3058 τῇ
696 2987 1078 3060 ἁνθρωπότητι.
1111 2991 1280 3043 Ὀπου
1309 2989 1369 3050 ἦν
1401 2998 1459 3045 τό
1507 2999 1772 3068 πρότερον,

165 3077 228 3140 τῇ
259 3071 484 3129 θεότητι.
503 3073 561 3124 Ὀ
581 3077 682 3148 γὰρ
708 3072 993 3148 δυνάμενος
1014 3084 1107 3136 τὴν
1132 3082 1304 3154 σάρκα
1325 3085 1518 3138 ταύτην
1540 3083 1775 3156 οὐράνιον

165 3174 438 3232 ποιῆσαιν,
469 3165 692 3222 δύναται
722 3174 924 3234 πάντως
948 3175 1107 3233 αὐτὴν
1152 3181 1241 3227 καὶ
1272 3183 1462 3248 τροφὴν
1495 3177 1773 3251 ἀνθρωπων

165 3255 594 3327 ἀπεργάσασθαι.

1886 1926 2246 1980 remansisse
2280 1925 2396 1996 (yy)
2421 1925 2742 1997 oportuerit
2763 1941 2832 1981 ac
2861 1924 3139 1982 obedisse
3168 1926 3228 1980 in
3257 1941 3348 1991 eo,
3379 1925 3544 1997 quod

1885 2012 2122 2068 difﬁcile
2155 2013 2467 2069 videbatur
2493 2021 2548 2070 et
2577 2030 2698 2069 non
2729 2014 3272 2086 desperasseznam
3296 2014 3378 2070 ita
3397 2015 3545 2070 duo-

1883 2103 2079 2158 decim
2106 2103 2185 2157 illi
2209 2103 2491 2158 fecerunt.
2518 2103 2766 2160 Candidi
2793 2103 3091 2176 siquidem
3121 2103 3401 2175 discipuli
3432 2109 3541 2171 est,

1881 2191 2740 2264 omniaquaajubetpraiceptor
2769 2192 2999 2264 absque
3027 2193 3362 2249 curiositate
3391 2192 3546 2248 exci-

1881 2296 2040 2352 pere,
2069 2288 2124 2336 et
2157 2280 2251 2336 ubi
2282 2297 2407 2336 sese
2438 2281 2609 2337 offert
2638 2281 3076 2354 opportunitas,
3107 2282 3436 2338 verecunde
3467 2282 3542 2338 de

1878 2369 1974 2423 his
2001 2369 2382 2438 interrogare,
2411 2385 2542 2440 qua;
2561 2369 2688 2440 ejus
2716 2369 3008 2426 excedunt
3031 2369 3503 2440 intelligentiam.

1952 2459 2113 2514 Vers.
2148 2460 2236 2516 61.
2284 2459 2471 2515 Sciens
2521 2490 2585 2499 —
2634 2459 2992 2528 o/fendiculo
3039 2457 3068 2514 ?
3120 2461 3262 2515 Sane
3321 2463 3378 2514 et
3425 2458 3542 2515 hoc

1879 2546 2247 2603 divinitatem
2260 2547 2391 2618 ejus
2413 2547 2884 2613 demonstrabat,
2902 2553 3049 2620 puta
3067 2563 3204 2620 quae
3228 2548 3393 2620 apud
3408 2547 3542 2604 illos

1878 2635 2451 2692 occultaerantt’erre
2477 2637 2535 2692 in
2565 2636 2831 2692 medium
2873 2658 2886 2692 :
2920 2652 3063 2692 nam
3112 2636 3347 2694 occulta
3375 2634 3541 2708 apud

1879 2739 1941 2779 se
1965 2730 2506 2782 murmuraverant.

1953 2813 2121 2869 Vers.
2178 2819 2265 2870 62.
2311 2813 2370 2869 Si
2401 2846 2467 2855 —
2524 2821 2653 2872 erat
2710 2818 2737 2870 .9
2786 2813 3013 2880 Deﬁcit,
3071 2813 3228 2880 Quid
3270 2812 3540 2869 dicetis?

1884 2903 2374 2974 Loquiturautem
2399 2904 2473 2960 de
2487 2903 2684 2960 futura
2698 2904 2787 2959 sui
2803 2905 2861 2960 in
2874 2903 3087 2960 cmlum
3132 2903 3538 2974 assumptione

1880 2993 2324 3057 Ascendentem,
2345 2993 2550 3065 quoad
2575 2994 3047 3050 humanitatem:
3072 2992 3173 3058 ubi
3189 2994 3358 3061 prius
3384 2999 3535 3057 erat,

1883 3083 2084 3150 quoad
2115 3081 2511 3137 divinitatem.
2553 3082 2662 3146 Qui
2701 3083 2850 3136 enim
2893 3087 3082 3153 potest
3108 3081 3264 3136 hanc
3293 3096 3537 3136 carnem

1884 3170 2132 3225 reddere
2163 3170 2486 3234 caelestem,
2535 3176 2726 3241 potest
2765 3169 2970 3241 utique
3010 3175 3066 3225 et
3103 3170 3300 3240 ipsam
3332 3170 3536 3225 cibum

1882 3259 2198 3315 hominum
2225 3257 2474 3313 efﬁcere.

235 3348 304 3396 Τὸ
351 3354 552 3418 πνεῦμα
591 3378 658 3386 —
691 3345 861 3402 οὐδέν.
924 3357 1132 3424 Πνεῦμα
1178 3351 1312 3424 λέγει
1361 3361 1448 3405 νῦν
1506 3359 1564 3407 τό
1621 3375 1768 3408 πνευ-

1953 3349 2114 3403 Vers.
2173 3348 2258 3402 63.
2288 3347 2542 3416 Spiritus
2589 3377 2658 3387 —
2680 3347 3021 3418 quidquam.
3063 3345 3349 3417 Spiritum
3375 3361 3536 3402 nunc

166 3442 400 3494 ματικῶς
485 3443 615 3487 νοεῖν
671 3440 736 3488 τὰ
799 3439 1040 3512 ῥηθέντα.
1109 3441 1332 3514 Ὁμοίως
1391 3439 1449 3496 δε
1475 3451 1563 3496 και
1597 3446 1768 3518 σάρκα

163 3523 221 3572 τὸ
255 3532 514 3595 σαρκικῶς
564 3533 692 3577 νοεῖν
747 3526 914 3578 αὐτά·
944 3529 1004 3580 ού
1070 3533 1171 3603 γὰρ
1205 3536 1321 3606 περὶ
1369 3541 1460 3604 τῇς
1507 3533 1765 3593 ζωοποιού

167 3614 361 3682 σαρκός
414 3613 575 3664 αὐτοῦ
626 3622 714 3666 νῦν
772 3617 797 3666 ὁ
845 3615 1008 3688 λόγος.
1071 3625 1207 3677 Φησὶ
1253 3626 1426 3672 τοίνυν
1471 3623 1550 3673 ὅτι
1581 3626 1638 3673 τό
1673 3626 1763 3694 μεν

162 3710 524 3770 πνευματικῶς
551 3709 680 3754 νοεῖν
727 3712 894 3757 ταῦτα
931 3707 1069 3766 ζωὴν
1117 3713 1340 3783 παρέχει
1391 3715 1479 3767 τὴν
1528 3709 1762 3782 ἀνωτέρω

161 3786 442 3858 λεχθεῖσαν
492 3807 503 3819 ·

163 3875 259 3928 λεῐ.

563 3794 622 3842 τὸ
670 3788 730 3845 δε
785 3804 1048 3866 σαρκικῶς
1102 3804 1230 3848 νοεῖν
1283 3798 1417 3849 αὐτὰ
1459 3795 1760 3871 ούδὲνὼφε-

231 3969 309 4018 Τὰ
349 3967 562 4041 ῥήματα
607 4001 674 4009 -
731 3969 866 4028 ἐστι.
925 3979 1257 4046 Ιίνευματικά
1287 3974 1399 4028 ἔστι
1447 3983 1536 4029 καὶ
1578 3979 1758 4052 ζωηρά

161 4055 273 4108 ἐστι
301 4074 314 4086 ·
350 4053 434 4110 διο
463 4063 576 4133 χρὴ
621 4064 692 4130 μὴ
723 4059 896 4123 ἁπλῶς
935 4062 1002 4122 εἰς
1032 4063 1168 4116 αὐτὰ
1197 4063 1403 4134 βλέπειν
1437 4084 1448 4096 ⁸
1483 4075 1635 4120 τοῦτο
1655 4071 1757 4142 γάρ

161 4143 274 4196 ἐστι
303 4149 361 4197 τό
411 4157 670 4220 σαρκικῶς
715 4157 844 4203 νοεῖν
878 4165 892 4180 ⁶
937 4151 1043 4204 ἀλλ’
1082 4153 1398 4228 ὑψηλότερόν
1454 4176 1506 4208 τι
1571 4159 1759 4228 φαντά-

162 4234 368 4300 ζεσθαι,
421 4241 509 4288 καὶ
561 4245 672 4298 τοῖς
720 4235 866 4291 ἔνδον
914 4239 1196 4314 ὀφθαλμοῖς
1244 4243 1380 4296 αὐτὰ
1427 4249 1758 4298 κατοπτεύειν

160 4325 231 4384 ὡς
295 4331 566 4399 μυστήρια
627 4341 642 4356 ⁹

159 4430 310 4464 νοειν.

696 4335 849 4381 τούτο
928 4332 1027 4402 γάρ
1082 4329 1195 4384 ἔστι
1263 4335 1322 4386 τὸ
1401 4343 1759 4406 πνευματικῶς

233 4500 367 4553 Ἀλλ’
403 4533 463 4542 -
494 4504 666 4560 αὐτόν.
697 4510 774 4560 Οὔ
808 4513 960 4580 μόνον
988 4514 1076 4568 τὴν
1101 4513 1414 4582 πρόγνωσιν,
1445 4509 1573 4563 ἀλλὰ
1597 4515 1760 4564 καὶτὸ

1879 3443 2052 3492 vocat
2064 3436 2421 3492 intellectum
2439 3435 2810 3506 spiritualem
2825 3451 3027 3491 eorum
3043 3451 3178 3508 quae
3193 3434 3348 3491 dicta
3362 3440 3532 3502 sunt;

1876 3526 2146 3581 similiter
2174 3531 2230 3580 et
2259 3541 2522 3589 carnem,
2554 3525 2879 3594 intelligere
2911 3541 2980 3580 ea
3018 3524 3332 3580 carnaliter
3365 3541 3378 3578 ε
3413 3539 3535 3580 non

1872 3615 2033 3670 enim
2066 3615 2140 3670 de
2163 3631 2338 3671 carne
2357 3614 2716 3686 ipsius,quae
2736 3614 3010 3679 viviﬁcat,
3029 3629 3186 3668 nunc
3217 3618 3532 3670 sermoest.

1870 3706 1964 3760 Ait
2019 3720 2161 3774 ergo
2212 3721 2224 3758 :
2287 3705 2420 3758 Haec
2497 3703 2877 3774 spiritualiter
2929 3703 3273 3774 intelligere,
3351 3702 3534 3758 vitam

1870 3793 2112 3866 praabet,
2145 3809 2324 3864 quam
2359 3809 2542 3864 supra
2561 3793 2681 3848 dixi
2716 3815 2726 3845 :
2755 3791 3065 3849 carnaliter
3096 3807 3236 3848 vero
3267 3807 3341 3848 ea
3365 3791 3536 3848 intel-

1867 3885 2047 3954 ligere
2071 3899 2190 3938 non
2219 3882 2463 3954 prodest
2503 3881 2861 3953 quidquam.

1942 3974 2098 4028 Vers.
2132 3973 2220 4028 63.
2268 3972 2452 4027 Verba
2495 4003 2562 4010 —
2608 3979 2764 4026 sunt.
2810 3970 3148 4042 Spiritualia
3195 3975 3252 4026 et
3297 3971 3536 4027 viviﬁca

1869 4068 2004 4117 sunt
2037 4078 2050 4115 :
2083 4067 2315 4132 oportet
2345 4076 2604 4131 namque
2663 4075 2783 4115 non
2817 4059 3162 4131 simpliciter
3191 4075 3262 4114 ea
3295 4059 3530 4124 intueri,

1868 4151 1925 4220 id
1953 4150 2108 4204 enim
2157 4155 2246 4205 est
2273 4149 2586 4204 carnaliter
2625 4148 2969 4217 intelligere,
3017 4148 3120 4202 sed
3154 4147 3314 4202 aliud
3363 4147 3529 4218 quidv

1869 4238 2450 4310 piamimaginari,et
2477 4237 2862 4292 interioribus
2892 4236 3080 4292 oculis
3132 4252 3203 4291 ea
3239 4236 3530 4306 aspicere,

1869 4335 2154 4399 tanquam
2198 4327 2502 4398 mysteria,
2554 4342 2694 4380 nam
2745 4325 2858 4381 hoc
2892 4331 2983 4380 est
3035 4324 3420 4396 spiritualiter
3450 4325 3536 4380 in-

1871 4415 2146 4485 telligere.
3205 4459 3208 4462 .

1942 4505 2108 4561 Vers.
2138 4504 2360 4562 64.8w
2379 4536 2447 4544 —
2473 4503 2676 4576 ipsum.
2703 4507 2827 4559 Non
2851 4502 3048 4558 solum
3073 4502 3532 4575 praescientiam,

162 4587 465 4653 ἀνεξίκακον
496 4593 654 4646 αὐτοῦ
687 4591 970 4664 δείκνυσιν,
1005 4601 1085 4650 ὅτι
1114 4599 1208 4651 οὐκ
1235 4597 1334 4652 ἀπό
1361 4607 1452 4651 τοῦ
1477 4603 1760 4672 γογγύσαι,

1890 4594 1976 4650 sed
2026 4599 2083 4650 et
2130 4594 2510 4650 clementiam
2572 4609 2745 4648 suam
2799 4592 3057 4648 ostendit
3115 4591 3307 4663 :quia
3349 4608 3535 4649 nona

159 4677 268 4731 ἀλλ’
300 4678 353 4742 ἐξ
382 4677 558 4754 ἀρχῆς
583 4702 672 4736 και
701 4686 892 4738 ἄνωθεν
922 4685 1184 4758 ἐγίνωσκε,
1229 4692 1317 4739 καὶ
1349 4691 1466 4750 τοὺς
1498 4691 1760 4741 πιστεύον-

157 4787 254 4829 τας
294 4773 384 4822 καὶ
433 4774 552 4833 τούς
590 4777 660 4845 μή
695 4777 1050 4842 πιστεύοντας,
1078 4781 1168 4828 καὶ
1198 4777 1335 4850 ὅμως
1366 4785 1543 4839 κοινῶς
1570 4780 1764 4840 πάντας

158 4853 434 4915 ἐδίδασκε.

233 4951 333 5000 Καὶ
366 4979 432 4989 -
458 4969 581 5022 μου.
615 4951 710 5003 Διὰ
754 4960 928 5019 τοῦτο,
988 4961 1134 5007 ποῖον
1197 4973 1210 5023 ;
1245 4957 1340 5008 Διὰ
1367 4958 1425 5008 τὸ
1461 4953 1590 5008 εἷναί
1620 4977 1764 5019 τινας

159 5035 208 5088 οἱ
247 5036 305 5088 ού
336 5041 667 5095 πιστεύουσι.
703 5049 936 5114 Συνεχῶς
985 5041 1044 5096 δὲ
1068 5048 1276 5118 Πατέρα
1301 5044 1485 5097 ἑαυτοῦ
1515 5049 1600 5098 τὸν
1634 5054 1762 5098 Θεον

127 5167 130 5169 λ
159 5124 424 5196 ὀνομάζει,
467 5123 740 5183 διδάσκων
771 5132 852 5184 ὅτι
897 5132 992 5185 οὐκ
1016 5135 1157 5186 ἔστιν
1184 5137 1292 5195 υἱὸς
1331 5141 1424 5187 τοῦ
1451 5136 1665 5207 Ἰωσὴφ,
1699 5138 1764 5196 ὡς

159 5208 340 5265 ἐκεῖνοι
369 5217 546 5286 ᾤοντο.

1872 4689 2141 4756 tempore
2168 4700 2284 4756 quo
2318 4699 2693 4738 murmurare
2739 4685 3066 4753 ceperunt,
3119 4697 3325 4736 verum
3356 4683 3535 4738 etiam

1873 4774 1952 4830 ab
1979 4774 2142 4828 initio
2198 4772 2604 4844 cognoscebat
2658 4771 2965 4827 credentes
3009 4777 3066 4826 et
3097 4775 3294 4826 tamen
3327 4786 3536 4826 omnes

1872 4864 2092 4937 pariter
2117 4862 2393 4919 docebat.

1943 4954 2107 5009 Vers.
2137 4954 2224 5008 65.
2257 4953 2330 5007 Et
2378 4983 2448 4992 —
2494 4966 2641 5008 meo.
2672 4950 3009 5021 Propterea,
3073 4950 3217 5022 quia
3277 4949 3540 5006 videlicet

1873 5049 2011 5099 sunt
2047 5043 2320 5114 quidam,
2360 5042 2459 5114 qui
2501 5056 2621 5096 non
2674 5039 2937 5097 credunt.
2995 5039 3284 5094 Continue
3337 5044 3538 5094 autem

1877 5136 2060 5189 Deum
2096 5135 2328 5187 Patrem
2363 5146 2541 5185 suum
2584 5130 2873 5197 nominat,
2915 5130 3162 5195 docens,
3210 5127 3378 5201 quod
3418 5143 3538 5184 non

1878 5222 1952 5278 sit
1972 5221 2127 5278 ﬁlius
2151 5221 2392 5293 Joseph,
2428 5219 2583 5276 sicut
2611 5218 2695 5274 illi
2726 5219 3041 5292 putabant.

1378 5401 1600 5472 Varia:
1640 5403 1966 5473 lectiones
1999 5411 2066 5471 et
2094 5411 2299 5470 notae.

218 5554 329 5626 (77)
355 5553 527 5615 Extra
555 5573 876 5617 numerum
922 5561 1242 5619 duodecim
1265 5568 1319 5619 et
1350 5561 1758 5636 septuaginta,

1890 5586 1910 5616 ν
1941 5564 2342 5637 τάξειμαθητῶν
2379 5559 2750 5621 ἠκολούθησαν
2784 5563 2950 5634 αὐτῷ.

233 5734 358 5806 (yy)
395 5735 775 5794 Convenienti
805 5745 1058 5811 tempore
1085 5744 1442 5801 remansisse.
1475 5744 1851 5803 Conveniens
1899 5749 2128 5818 tempus
2161 5746 2530 5816 exspectare.

447 5835 663 5890 Parnoc
699 5839 797 5892 Gn.
843 5836 1061 5896 CXXIX
1077 5885 1088 5897 .

2954 5841 3023 5898 46
