4098 6424
117 395 253 459 1261

1127 391 1496 455 COMMENT.
1541 386 2003 467 INEJOANNEM.
2046 428 2114 436 _
2155 393 2306 451 me.
2356 392 2468 452 vu.

3355 396 3497 455 1262

115 531 222 603 γὰρ
274 530 549 601 ἄνθρωπος
595 526 930 581 ύπεστελλετο
975 533 1085 595 νῦν,
1135 524 1193 577 ού
1233 527 1426 596 φεύγων
1464 526 1549 576 τὸν
1582 523 1731 575 θάνα-

1873 521 2248 592 ινεηεοιίειοε
2292 537 2435 578 nam
2466 520 2620 577 sicut
2645 519 2823 576 homo
2859 535 3019 577 nunc
3051 519 3346 593 formidat,
3377 537 3500 579 non

120 638 227 682 τον,
270 616 399 669 ἀλλά
430 614 732 690 φειδόμενος
760 625 858 669 τῶν
897 620 1104 688 φονέων,
1136 619 1220 666 καὶ
1254 616 1334 666 ὅτι
1367 616 1509 665 οὔπω
1553 617 1734 687 καιρὸς

126 704 189 765 ἧν
222 715 315 759 τοῦ
346 709 546 767 πάθους
567 707 745 759 αὐτοῦ.
774 701 922 758 Ἔδει
948 707 1050 777 γὰρ
1081 704 1236 756 αὑτὸν
1261 707 1384 755 ποτε
1414 707 1502 776 μὲν
1524 705 1592 765 ὡς
1614 707 1734 755 Θεὸν

128 800 298 868 μένειν
326 795 634 871 ἀχείρωτον,
659 797 780 848 ποτε
802 791 862 847 δε
892 797 960 856 ὡς
992 795 1258 868 ἄνθρωπον
1288 794 1582 865 ὑποχωρεῖν
1602 792 1738 844 οἰκος

127 893 371 958 νομικῶς.

201 1061 298 1114 Ἦν
350 1093 410 1102 -—
473 1066 825 1134 Σκηνοπηγία.
879 1062 1020 1120 Δύτη
1079 1060 1357 1134 ἐωρτάζετο
1413 1058 1482 1122 εἰς
1531 1064 1738 1130 μνήμην

767 1152 826 1209 ἣν
909 1153 935 1202 6
1002 1158 1237 1210 Μωυσῆς
1304 1148 1456 1209 ἔπηξε
1540 1156 1740 1220 πρῶτον

1107 1246 1197 1291 τοῦ
1282 1237 1521 1295 Βεσελεήλ
1605 1238 1742 1288 θείαν

131 1160 225 1211 τῆς
279 1153 496 1224 ἡμέρας,
571 1151 687 1204 καθ’

128 1246 223 1298 τὴν
308 1243 828 1294 κατασκευασθεῖσαν
911 1242 1012 1292 ύπό

132 1334 350 1387 σκηνήν.

205 1415 361 1472 Εἶπον
393 1451 451 1460 —
481 1419 663 1474 αὑτοῦ.
689 1421 756 1472 Οἱ
777 1426 870 1471 τοῦ
898 1419 1093 1489 Ἰωσὴφ
1118 1419 1245 1481 υἱοὶ,
1268 1423 1359 1468 τοῦ
1385 1417 1522 1468 θέσει
1551 1418 1746 1487 πατρὸς

136 1507 320 1562 αὐτοῦ.

208 1595 481 1655 Μετάϐηθι
525 1627 592 1638 -
636 1604 821 1657 ποιεῖς.
875 1601 1289 1670 ιίροσποιοῡνται
1323 1597 1411 1666 μεν
1457 1593 1532 1646 ἐπ’
1566 1592 1745 1666 ἀγαθῴ

141 1684 532 1756 συμϐουλεύειν,
587 1687 654 1747 ὡς
709 1692 970 1756 συγγενεῖς
1038 1681 1196 1742 δῆθεν
1257 1688 1346 1735 καὶ
1414 1683 1741 1735 οἰκειότατοι·

138 1778 334 1836 σκοπὸς
367 1771 425 1826 δῖε
467 1775 640 1834 αὐτοῖς
687 1778 932 1847 πονηρὸς,
967 1773 1023 1825 ἐκ
1055 1775 1243 1845 φθόνου
1275 1775 1500 1843 τεχθείς.
1552 1778 1748 1844 Πειρὼ-

1845 616 2097 666 mortem
2132 611 2382 682 fugiens,
2429 610 2533 665 sed
2577 609 2897 665 homicidis
2951 625 3218 681 parcens,
3271 615 3328 666 et
3356 612 3504 682 quia

1847 709 2082 771 tempus
2100 717 2220 755 suaa
2240 700 2533 772 passionis
2547 699 2814 755 nondum
2837 699 3180 756 advenerat.
3205 701 3502 773 Siquidem

1845 789 2160 861 oportebat
2172 805 2299 844 eum
2313 788 2609 844 interdum
2625 788 2864 860 quidem
2882 804 3119 845 manere
3135 790 3506 862 inexpugna-

1847 879 2038 945 bilem,
2073 881 2277 949 utpote
2302 879 2508 943 Deum,
2535 878 2904 950 quandoque
2925 893 3067 934 vero
3091 883 3377 952 tanquam
3400 880 3505 937 ho-

1851 967 2074 1022 minem
2106 967 2547 1038 dispensatorie
2579 967 2806 1022 cedere.

1920 1058 2086 1111 Vers.
2119 1060 2178 1112 2.
2204 1057 2355 1112 Erat
2375 1055 2821 1128 —Scenopegia.
2858 1058 2992 1113 Haec
3013 1057 3423 1115 celebrabatur
3443 1057 3504 1114 in

1852 1147 2203 1201 memoriam
2249 1146 2387 1214 diei,
2420 1163 2536 1217 quo
2568 1147 2828 1216 primum
2870 1147 3061 1202 Moses
3085 1147 3357 1204 divinum
3382 1148 3508 1204 ﬁxit

1853 1236 2200 1304 tentorium,
2233 1235 2397 1307 quod
2428 1252 2464 1291 a
2497 1235 2750 1291 Beseleel
2787 1235 3148 1293 fabricatum
3184 1242 3288 1293 est.

1926 1415 2089 1470 Vers.
2148 1415 2200 1469 3.
2252 1414 2549 1471 Dixerunt
2587 1445 2656 1453 —
2707 1417 2856 1483 ejus.
2924 1414 3046 1470 Filii
3101 1414 3343 1488 Joseph,
3400 1414 3504 1488 qui

1854 1503 2175 1575 adoptione
2214 1509 2384 1574 pater
2412 1503 2541 1574 ejus
2567 1507 2714 1559 erat.

1926 1591 2090 1646 Vers.
2123 1595 2174 1647 3.
2218 1592 2422 1647 Transi
2451 1622 2518 1630 —
2535 1591 2706 1660 facis.
2736 1591 2989 1662 Fingunt
3023 1591 3262 1663 quidem
3290 1592 3508 1648 utiliter

1857 1681 2110 1736 suadere
2134 1685 2419 1752 tanquam
2443 1681 2678 1750 cognati
2712 1686 2767 1735 et
2796 1680 2973 1736 amici
3004 1680 3346 1745 familiares,
3373 1681 3506 1737 ﬁnis

1857 1786 1997 1825 vero
2041 1785 2245 1824 eorum
2296 1785 2512 1840 pravus
2544 1775 2684 1833 erat,
2735 1769 2812 1825 ab
2865 1769 3090 1826 invidia
3127 1770 3449 1842 procedens
3489 1787 3502 1829 :

135 1883 281 1936 μενοι
306 1866 405 1937 γὰρ
429 1871 740 1935 μεταγαγεῖν
766 1871 943 1915 τοῦτον
973 1863 1037 1922 εἱς
1066 1867 1160 1920 την
1191 1859 1456 1914 Ἰουδαίαν
1489 1863 1571 1912 ἳνα
1601 1861 1746 1912 ἀναι-

1873 1860 2226 1916 :onabantur
2275 1857 2570 1930 siquidem
2624 1858 2790 1913 illum
2819 1858 2877 1913 in
2908 1859 3178 1914 Iudaeam
3209 1858 3504 1930 pellicere,

135 1955 258 2024 ρεθῇ
293 1955 435 2026 παρά
459 1961 557 2004 τῶν
581 1953 873 2012 ζητούντων
901 1951 1200 2002 ἀποκτεῖναι
1232 1950 1407 2016 αὑτὸν,
1437 1950 1748 2022 προϐάλλονι

135 2060 224 2093 ται
255 2045 311 2092 τὸ
345 2038 452 2092 δεῖν
483 2045 572 2092 καὶ
612 2044 733 2102 τούς
764 2039 928 2092 ἐκεῖσε
968 2044 1117 2099 ὄντας
1145 2041 1384 2112 μαθητὰς
1430 2039 1603 2099 αὐτοῦ,
1634 2043 1750 2098 ἤτοι

137 2133 259 2190 τοὺς
311 2129 520 2200 ὄχλους,
568 2133 684 2188 τοὺς
732 2127 781 2180 ἐν
837 2125 1074 2200 Ἰουδαίᾳ
1129 2131 1515 2202 παρεπομένους
1587 2129 1748 2200 αύτῷ,

140 2220 346 2293 θεωρεῖν
385 2221 448 2270 τὰ
481 2225 675 2290 σημεῖα
706 2217 740 2269 ἂ
770 2225 929 2270 ποιεῖ.

214 2392 402 2456 Οὐδεὶς
446 2424 511 2435 --
564 2392 712 2451 εἶναι.
765 2399 908 2448 Κατά
954 2398 1044 2467 μεν
1091 2399 1148 2447 τὸ
1195 2400 1490 2468 προχείρως
1532 2399 1747 2468 νοούμε-

139 2503 224 2536 νον
258 2481 479 2536 δοκοῠσι
508 2485 846 2556 παρακνίξειν
877 2484 1031 2535 αὐτὸν
1060 2485 1139 2535 ἵνα
1168 2483 1364 2556 μεταϐῇ
1397 2501 1409 2513 ³
1439 2487 1573 2536 κατά
1604 2482 1662 2538 δε
1691 2488 1747 2537 τὸ

143 2572 433 2647 βαθύτερον
488 2573 946 2636 ἀποσκώπτουσιν,
997 2576 1061 2633 ὡς
1106 2569 1270 2624 δειλὸν
1309 2573 1418 2645 ἅμα
1465 2579 1554 2625 καὶ
1606 2574 1750 2646 φιλό-

141 2658 316 2723 δοξον.
348 2665 418 2714 Τό
447 2665 536 2734 μεν
567 2663 668 2735 γὰρ
718 2660 766 2713 ἓν
797 2669 1010 2734 κρυπτῷ
1053 2681 1104 2713 τι
1152 2669 1314 2714 ποιεῖν
1361 2660 1554 2728 δειλοῦ,
1600 2667 1658 2715 τὸ
1691 2659 1750 2716 δε

142 2751 318 2811 ζητεῖν
350 2749 399 2801 ἐν
444 2749 718 2825 παρρησίᾳ
763 2747 910 2820 εἶναι,
959 2754 1076 2808 ἤτοι
1119 2754 1352 2826 φανερὸν,
1408 2750 1746 2818 ἀποϐλεπτον,

140 2835 438 2912 φιλοδόξου.

223 3017 279 3069 Εἰ
310 3049 375 3056 -
404 3021 606 3088 κόσμῷ.
638 3016 696 3068 Εἰ
726 3024 890 3068 ταῦτα
920 3018 986 3068 τὰ
1009 3024 1198 3088 σημεῖα
1223 3025 1403 3079 ποιεῖς,
1434 3023 1523 3070 καὶ
1548 3019 1606 3070 ού
1628 3040 1754 3091 φαν-

140 3106 338 3167 τάςεις,
376 3109 667 3177 φανέρωσον
696 3109 912 3157 σεαυτὸν
930 3111 1090 3156 πᾶσιν
1115 3103 1408 3166 Ἰουδαίοις.
1432 3106 1751 3159 ’Υπώπτευον

142 3195 246 3268 γὰρ
278 3198 368 3244 καὶ
399 3194 511 3263 (81)
543 3196 609 3244 τὰ
640 3201 832 3265 σημεῖα
862 3195 932 3255 ὡς
958 3198 1264 3265 φαντασίαν.

211 3369 370 3429 Δῆλον
418 3366 506 3422 οὖν
559 3371 788 3422 ἐντεῦθεν
846 3370 923 3421 ὅτι
973 3378 1168 3442 σημεῖα
1224 3371 1440 3430 ἐποίησε
1495 3373 1662 3433 κάκεῖ,
1721 3374 1755 3426 ἃ

138 3461 309 3511 πάντα
338 3455 667 3530 παρέδραμεν
711 3461 736 3510 6
783 3459 1042 3524 Ἰωάννης,
1077 3462 1250 3533 ὥσπερ
1283 3467 1372 3514 καὶ
1402 3462 1530 3514 ἄλλα
1569 3463 1750 3519 πολλὰ,

144 3543 382 3598 σπεύδων
413 3546 603 3617 μᾶλλον
653 3545 735 3598 ἐπὶ
774 3550 840 3598 τά
870 3551 1086 3620 φέροντα
1123 3550 1267 3612 ξένην
1313 3555 1427 3603 τινά
1477 3548 1752 3622 διήγησιν,

144 3641 234 3687 καὶ
265 3636 333 3686 ὧν
369 3637 416 3687 οἱ
445 3635 590 3687 ἄλλοι
638 3635 731 3687 ούκ
772 3635 1193 3706 ἐπεμνήσθησαν.
1248 3637 1372 3692 Εἶτα
1416 3641 1548 3712 λέγει
1579 3647 1664 3694 καὶ
1697 3647 1755 3694 τὸ

151 3728 314 3776 αἱτιον
345 3734 438 3786 τῆς
467 3727 708 3786 τοιαύτης
739 3727 986 3796 ὑποψίας.

215 3899 356 3956 Οῡδξ
403 3934 466 3944 -
506 3903 677 3955 αὐτόν.
734 3900 868 3956 Οὐδ’
927 3904 1073 3957 αὐτοὶ
1132 3908 1402 3960 ἐπίστευον
1456 3909 1524 3972 εἰς
1581 3911 1749 3978 αὑτὸν,

149 3995 216 4053 ως
255 3993 324 4054 εἰς
372 3997 520 4046 Θεόν.
553 3993 688 4047 Ἀλλ’
731 3995 869 4066 ὅμως
913 3995 961 4046 οἰ
1007 4001 1094 4046 νῦν
1139 4005 1364 4050 τοιοῦτοι
1406 4000 1622 4070 μεγάλοι
1662 4021 1754 4071 γε-

143 4086 356 4152 γόνασιν
385 4082 623 4154 ὕστερον,
664 4087 754 4134 καὶ
797 4081 957 4134 πολλά
985 4087 1127 4156 παρά
1176 4085 1368 4138 πολλῶν
1419 4089 1545 4161 ὑπὲρ
1593 4090 1754 4142 αὐτοῦ

145 4172 485 4237 πεπόνθασιν,
521 4169 761 4232 Ἰάκωϐος
806 4177 896 4223 καὶ
927 4169 1149 4234 Ἰούδας.
1191 4180 1251 4227 Τί
1290 4172 1377 4226 οὖν
1419 4178 1444 4227 6
1487 4180 1580 4237 τὰς
1627 4198 1750 4251 καρο

141 4256 264 4320 δίας
322 4259 488 4310 αὐτῶν
537 4256 722 4324 εἰδώς;
755 4260 865 4312 Οὐκ
906 4261 1107 4334 ἤλεγξεν
1149 4263 1338 4325 αὐτούς
1379 4271 1636 4341 πονηρούς
1664 4273 1752 4319 καὶ

143 4345 468 4413 ἐπιϐούλους,
525 4345 650 4399 ἀλλά
702 4351 1052 4424 μακροθύμως
1105 4349 1436 4426 ἀποκρίνεται
1483 4358 1613 4429 πρὸς
1665 4360 1751 4407 τὸν

147 4438 344 4487 σκοπὸν
372 4436 563 4492 αὐτῶν,

215 4527 370 4593 Λέγει
398 4555 466 4564 -
494 4526 762 4599 πάρεστιν.
791 4527 851 4580 Ὀ
875 4532 1054 4604 καιρὸς
1092 4531 1117 4581 6
1157 4529 1290 4602 ἐμὸς,
1325 4533 1350 4583 6
1390 4541 1480 4584 τοῦ
1517 4532 1750 4587 ἀπελθεῖν

140 4631 206 4686 με
245 4612 317 4674 εἰς
354 4617 448 4670 την
483 4610 744 4667 Ἰουδαίαν
784 4615 1266 4691 ἀναιρεθησὸμενον,
1304 4624 1368 4680 ὡς
1399 4620 1746 4693 σπουδάζετε,

141 4705 286 4755 οὔπω
330 4703 554 4776 πάρεστι
587 4720 599 4732 ⁸
634 4709 684 4756 τί
733 4725 796 4776 με
843 4713 1166 4780 κατεπείγετε
1213 4713 1312 4782 πρὸ
1362 4719 1452 4763 τοῦ
1508 4715 1748 4766 τοιούτου

139 4798 328 4866 καιροῦ
351 4807 364 4857 ;

211 4878 268 4931 Ὀ
336 4875 394 4932 δε
441 4885 622 4956 καιρὸς
673 4913 740 4924 --
792 4883 1013 4956 ἕτοιμος.
1073 4893 1132 4938 Ὁ
1191 4892 1371 4963 καιρὸς
1424 4892 1449 4942 6
1506 4893 1747 4968 ὑμέτερος

139 4967 168 5018 6
197 4974 288 5020 τοῦ
324 4967 558 5022 ἀπελθεῖν
601 4973 735 5044 ὑμᾶς
783 4972 856 5036 εἰς
895 4979 988 5033 τὴν
1027 4973 1294 5030 Ἰουδαίαν
1344 4982 1562 5033 πάντοτέ
1609 4981 1748 5034 ἐστιν

140 5055 390 5129 εὐχερής.
452 5057 599 5131 Ἐμοὶ
655 5064 745 5133 μὲν
798 5065 900 5138 γὰρ
955 5063 1228 5138 ἐμποδίζει
1294 5072 1352 5121 τὸ
1401 5075 1560 5140 μήπω
1618 5090 1747 5144 παρ-

141 5149 267 5194 εῖναι
300 5144 454 5197 αὐτόν
487 5162 502 5178 ο
535 5149 656 5222 ύμῖν
707 5147 766 5204 δε
811 5149 983 5220 οὐδὲν,
1043 5165 1429 5230 συμφρονοῦσιν
1478 5156 1585 5218 ἤδη
1640 5167 1744 5222 τοῖς

142 5227 446 5296 Ἰουδαίοις.

1860 1955 1920 2005 ut
1948 1949 2025 2003 ab
2065 1947 2176 2003 illis
2207 1947 2592 2013 occideretur,
2627 1948 2730 2019 qui
2753 1963 2888 2002 eum
2922 1948 3266 2020 quaerebant
3294 1946 3510 2004 interﬁ-

1859 2054 2008 2094 cere.
2049 2039 2302 2093 Causam
2323 2043 2522 2092 autem
2556 2036 2979 2109 praetexebant,
3016 2037 3182 2108 quod
3211 2041 3511 2109 oporteret

1857 2127 2182 2199 discipulos
2211 2141 2455 2198 quoque
2487 2127 2634 2196 ejus,
2665 2127 2766 2197 qui
2797 2126 2878 2180 ibi
2906 2132 3092 2192 erant,
3129 2126 3252 2182 sive
3286 2127 3506 2193 turbas,

1855 2233 1992 2289 quae
2028 2215 2188 2270 illum
2239 2217 2297 2269 in
2343 2215 2552 2270 Judtea
2591 2215 3016 2288 sequebantur,
3067 2216 3283 2272 intueri
3314 2217 3505 2287 signa,

1854 2321 1988 2376 quae
2018 2304 2144 2375 ipse
2169 2303 2388 2359 ederet.

1928 2393 2090 2448 Vers.
2139 2395 2193 2448 4.
2226 2393 2402 2448 Nemo
2441 2424 2510 2437 --
2552 2408 2686 2449 esse.
2730 2394 2909 2448 Juxta
2955 2392 3281 2450 faciliorem
3345 2392 3509 2449 intel-

1855 2483 2076 2538 lectum
2110 2487 2164 2537 et
2192 2482 2295 2553 qui
2325 2481 2381 2536 in
2411 2488 2695 2553 promptu
2721 2487 2827 2548 est,
2850 2481 3128 2538 videntur
3156 2481 3325 2538 illum
3371 2481 3513 2538 inci-

1858 2577 1981 2627 tare
2007 2577 2066 2625 ut
2106 2575 2362 2626 transeat
2392 2587 2404 2636 ;
2430 2570 2600 2641 juxta
2643 2571 3087 2642 profundiorem
3116 2587 3274 2636 vero,
3311 2587 3514 2627 scom-

1860 2662 2020 2712 mata
2050 2658 2110 2712 in
2141 2658 2614 2728 eumjaciebant,
2640 2665 2930 2730 tanquam
2962 2658 3016 2713 in
3036 2659 3310 2715 timidum
3336 2658 3516 2714 simul

1857 2753 1912 2802 et
1941 2747 2140 2816 gloriae
2170 2747 2478 2818 cupidum.
2533 2747 2841 2820 Siquidem
2892 2748 2952 2803 in
2991 2749 3224 2804 occulto
3270 2749 3516 2820 quidem

1859 2837 2164 2908 quidpiam
2186 2837 2397 2903 facere,
2417 2837 2608 2892 timidi
2638 2843 2725 2894 est
2754 2854 2764 2890 :
2803 2854 3066 2908 quierere
3096 2844 3294 2895 autem
3323 2839 3517 2910 palam

1858 2942 2010 2996 esse,
2027 2927 2145 2980 sive
2160 2926 2539 2982 manifestum
2555 2926 2975 2996 etgloriosum,
2991 2926 3190 2996 gloriae
3202 2928 3518 3000 cupidiest.

1931 3015 2094 3069 Vers.
2150 3017 2202 3067 4.
2258 3015 2322 3070 Si
2368 3046 2435 3054 —
2477 3017 2716 3072 mundo.
2762 3016 2816 3070 Si
2871 3017 2998 3070 haec
3053 3018 3225 3086 signa
3272 3033 3407 3072 vere
3463 3021 3521 3073 et

1861 3119 1981 3158 non
2020 3109 2373 3175 apparenter
2401 3103 2562 3170 facis,
2596 3104 2911 3160 manifesta
2943 3105 3200 3176 teipsum
3236 3105 3520 3161 omnibus

1792 3200 1831 3255 C
1861 3193 2105 3248 Judaeis.
2139 3193 2608 3264 Suspicabantur
2629 3209 2890 3265 namque
2913 3194 3086 3264 signa
3115 3195 3244 3249 haec
3270 3194 3521 3266 phanta-

1864 3281 2003 3336 stice
2031 3281 2176 3335 ﬁeri.

1935 3371 2078 3425 Hinc
2099 3386 2241 3439 ergo
2275 3369 2648 3425 manifestum
2689 3375 2794 3437 est,
2823 3371 2987 3442 quod
3017 3371 3194 3427 etiam
3231 3371 3312 3426 ibi
3343 3372 3521 3427 mira-

1866 3463 2001 3514 cula
2058 3459 2326 3522 ediderit,
2382 3476 2516 3530 qum
2570 3461 2773 3514 omnia
2813 3460 3206 3532 praetercurrit
3233 3461 3518 3528 Joannes,

1864 3548 2378 3621 quemadmodum
2413 3550 2528 3605 alia
2555 3548 2751 3619 multa,
2785 3549 3072 3604 festinans
3123 3549 3311 3622 magis
3341 3550 3416 3605 ad
3449 3565 3522 3608 ea

1865 3655 1996 3711 quae
2052 3655 2273 3693 nowim
2308 3637 2569 3709 aliquam
2625 3638 2948 3695 afferebant
3005 3638 3432 3708 narrationem,
3465 3647 3521 3694 et

1865 3743 2123 3799 quorum
2162 3727 2257 3782 alii
2302 3727 2526 3782 nullam
2569 3727 2830 3784 fecerant
2883 3729 3263 3784 mentionem.
3300 3729 3521 3786 Deinde

1867 3833 2109 3873 causam
2137 3817 2313 3872 etiam
2353 3815 2495 3871 dicit
2524 3818 2655 3873 talis
2685 3818 3054 3890 suspicionis.

1940 3907 2098 3960 Vers.
2149 3907 2200 3961 5.
2235 3907 2425 3978 Neque
2447 3940 2515 3948 —
2557 3924 2703 3963 eum.
2737 3911 2934 3979 Neque
2966 3908 3074 3980 ipsi
3104 3908 3429 3964 credebant
3458 3909 3520 3965 in

1865 4011 2024 4064 eum,
2059 4001 2348 4067 tanquam
2382 3999 2437 4052 in
2473 4001 2676 4052 Deum.
2714 4001 2988 4054 Attamen
3017 3999 3196 4070 biqui
3218 4005 3352 4054 tunc
3378 3999 3520 4055 tales

1865 4093 2052 4151 erant,
2080 4086 2282 4154 magni
2317 4087 2706 4156 postmodum
2739 4087 2927 4142 eﬁecti
2962 4094 3118 4154 sunt,
3149 4089 3456 4158 multaque
3487 4107 3520 4143 a

1864 4175 2066 4230 multis
2092 4191 2199 4246 pro
2219 4174 2314 4229 illo
2338 4176 2495 4245 passi
2517 4183 2672 4238 sunt,
2690 4177 2948 4231 Jacobus
2964 4176 3292 4231 videlicetet
3309 4177 3514 4232 Judas.

1863 4263 2010 4330 Quid
2045 4281 2187 4333 ergo
2212 4264 2279 4331 is,
2320 4265 2422 4335 qui
2451 4280 2659 4319 eorum
2705 4265 2889 4320 corda
2929 4267 3228 4320 noverat?
3256 4265 3383 4319 Non
3431 4281 3517 4320 re-

1863 4353 2171 4424 prehendit
2203 4353 2351 4421 illos,
2379 4359 2666 4424 tanquam
2695 4353 2884 4407 malos
2905 4361 2958 4408 et
2989 4353 3385 4416 insidiatores,
3412 4356 3516 4410 sed

1863 4442 2152 4512 patienter
2179 4442 2503 4512 respondet
2547 4443 2623 4496 ad
2653 4442 3044 4497 intentionem
3079 4443 3369 4514 ipsorum.

1933 4532 2090 4585 Vers.
2121 4537 2173 4586 6.
2204 4531 2308 4586 Ait
2336 4561 2402 4572 -
2432 4531 2607 4587 adest.
2641 4534 2916 4602 Tempus,
2970 4547 3090 4603 quo
3121 4532 3414 4594 convenit,
3455 4539 3518 4588 ut

1859 4636 1970 4690 ego
1989 4620 2046 4674 in
2061 4620 2328 4675 Judzeam
2347 4623 2562 4676 vadam
2583 4621 3046 4686 occidendus,ad
3061 4622 3219 4693 quod
3237 4637 3339 4676 vos
3354 4622 3516 4677 labo-

1858 4709 2024 4773 ratis,
2057 4711 2327 4764 nondum
2349 4710 2517 4765 adest
2552 4727 2564 4764 :
2600 4710 2742 4781 quid
2783 4726 2874 4764 me
2908 4711 3126 4780 urgetis
3150 4716 3286 4767 ante
3314 4711 3517 4782 hujus-

1860 4798 2026 4855 modi
2054 4804 2294 4870 tempus
2327 4798 2356 4852 ‘i’

1927 4890 2088 4945 Vers.
2114 4890 2167 4942 6.
2210 4889 2453 4957 Tempus
2475 4895 2667 4944 autem
2686 4919 2754 4929 --
2772 4894 3078 4957 paratum.
3114 4891 3369 4961 Tempus
3391 4906 3516 4962 quo

1859 4993 1960 5033 vos
1998 4979 2058 5032 in
2101 4977 2373 5032 Iudaeam
2416 4978 2662 5042 abeatis,
2715 4993 2956 5050 semper
2983 4979 3038 5032 in
3085 4984 3370 5050 promptu
3407 4985 3515 5043 est,

1860 5067 2003 5124 mibi
2019 5067 2450 5139 impedimento
2469 5072 2558 5122 est
2574 5073 2830 5139 tempus,
2845 5068 3009 5140 quod
3029 5069 3300 5123 nondum
3314 5069 3512 5126 adest:

1856 5157 2028 5214 vobis
2051 5162 2252 5214 autem
2285 5157 2428 5212 nihil
2472 5163 2558 5213 est
2583 5157 3034 5230 impedimento,
3066 5173 3206 5214 cum
3231 5157 3361 5230 jam
3397 5175 3518 5218 una

1857 5264 1988 5305 cum
2016 5249 2235 5305 Iudaeis
2265 5247 2551 5306 sentiatis.

1379 5425 1604 5496 Variae
1630 5428 1963 5498 lectiones
1996 5438 2284 5497 etnotae.

146 5623 913 5708 pudiayitTheophylactus.
931 5635 1174 5693 Flumen
1189 5639 1477 5697 orationis
1492 5642 1584 5698 hic
1598 5644 1754 5700 abrio

189 5698 273 5780 pit
289 5698 804 5780 Chryspstomum,
821 5704 1139 5780 deceptum
1156 5710 1406 5770 fortasse
1422 5713 1552 5771 loco
1571 5698 1750 5774 sim—ili

205 5784 320 5827 are.
358 5771 435 5842 vi,
467 5772 521 5828 5.
555 5771 796 5849 Largior
842 5771 997 5836 certe
1029 5786 1154 5839 erat
1194 5782 1432 5842 dicendi
1482 5771 1747 5862 materia,

1863 5645 2234 5720 explicandis
2290 5645 2423 5712 illis,
2456 5645 2549 5699 οὐκ
2580 5642 2720 5720 εἶχεν
2753 5645 3016 5713 ἐξουσίαν.

1957 5719 2044 5793 81)
2078 5723 2178 5772 Καὶ
2208 5719 2307 5794 γάρ
2339 5724 2395 5775 Β.
