4098 6424
633 382 770 436 1233

1959 378 2308 436 EUTHYMII
2349 373 2671 437 ZIGABENI

3897 371 4047 436 426%

705 509 862 564 Vers.
890 511 941 563 '7.
970 505 1105 563 Non
1131 535 1201 547 —
1240 520 1357 561 vos.
1391 505 1599 575 Utpote
1636 503 1868 559 amicos
1902 521 2040 561 suos
2079 512 2137 562 et
2166 523 2279 563 una

2470 506 2548 563 Οὐ
2599 537 2662 548 -
2717 509 2869 580 ὑμᾶς.
2903 507 2986 570 Ὠς
3026 509 3199 580 φίλους
3229 509 3389 562 αὑτοῦ
3419 514 3510 560 καὶ
3561 509 3899 581 ὁμόφρονας.
3959 515 4046 560 Διὸ

632 611 838 652 secum
863 596 1185 652 sentientes
1212 593 1385 664 :quia
1407 608 1512 647 vos
1537 592 1611 646 ad
1635 608 1772 647 eum
1798 595 2105 650 acceditis.
2130 598 2289 651 Mun-

629 685 776 741 dum
807 690 1008 742 autem
1040 685 1200 749 dicit,
1227 683 1465 738 Judaaos
1488 682 1798 737 mundana
1822 683 2143 754 sapientes.

702 776 869 831 Vers.
913 780 972 831 7.
1026 774 1116 830 Me
1159 804 1227 812 —
1258 773 1395 827 sint.
1431 771 1560 826 Mihi
1591 778 1792 826 autem
1847 773 2127 828 inimicus
2178 780 2284 838 est,

629 864 773 937 quia
798 879 910 934 ego
943 862 1196 919 ostendo
1231 859 1394 933 quod
1418 875 1601 931 opera
1625 859 1755 929 ejus
1779 860 1936 916 mala
1961 862 2079 917 sint
2111 879 2123 917 :
2155 863 2287 918 ideo

630 967 742 1022 ego
772 968 934 1008 nunc
970 967 1092 1008 non
1142 949 1364 1006 accedo
1395 950 1471 1004 ad
1527 949 1725 1020 ipsum
1766 949 2150 1018 occidendus,
2184 951 2286 1006 sed

629 1056 768 1097 cum
797 1046 1033 1113 tempus
1066 1039 1389 1096 advenerit.
1425 1037 1694 1093 Ostendit
1722 1054 1884 1107 ergo,
1919 1038 2085 1109 quod
2116 1039 2196 1093 ob
2229 1039 2286 1093 id

630 1131 828 1203 potius
857 1129 1110 1186 oderant
1148 1130 1343 1200 ipsum
1377 1126 1590 1192 Judaai,
1622 1127 1787 1198 quod
1829 1126 1957 1182 illos
1992 1133 2284 1196 argueret,

629 1235 979 1292 quanquam
1002 1218 1116 1291 ipsi
1144 1217 1407 1273 dicerent
1430 1232 1494 1270 se
1524 1231 1659 1271 eum
1693 1216 1916 1280 odisse,
1949 1218 2112 1288 quod
2140 1217 2288 1285 legis

629 1313 1033 1380 transgressor
1074 1312 1247 1370 esset,
1299 1306 1538 1376 Deoque
1587 1305 1922 1360 contrarius
1960 1325 1973 1371 ;
2022 1313 2076 1361 et
2122 1306 2286 1378 quod

629 1413 750 1454 non
772 1397 966 1454 solum
985 1396 1318 1452 Sabbatum
1345 1394 1617 1456 solveret,
1642 1394 1743 1447 sed
1765 1399 1822 1449 et
1849 1395 2078 1450 Patrem
2107 1411 2283 1449 suum

629 1486 849 1542 diceret
877 1490 1082 1552 Deum,
1115 1484 1406 1556 aqualem
1447 1498 1576 1538 sese
1626 1483 1852 1538 faciens
1881 1485 1997 1538 Deo
2029 1485 2098 1537 ³¹.

698 1578 782 1631 Tu
820 1591 952 1631 vero
985 1574 1126 1630 mihi
1169 1573 1495 1641 considera,
1529 1588 1715 1643 quam
1752 1580 2058 1627 mansuete
2093 1573 2287 1628 tulerit

626 1663 876 1721 fratrum
904 1663 1240 1727 consilium,
1277 1677 1399 1734 quo
1429 1661 1658 1716 insidiis
1709 1663 2121 1732 appetebatur.
2171 1664 2286 1717 Nos

626 1770 770 1812 vero
803 1770 919 1810 non
951 1754 1052 1816 ita,
1095 1752 1198 1807 sed
1238 1752 1438 1806 statim
1483 1750 1872 1821 indignamur
1920 1767 1988 1806 ac
2037 1750 2290 1826 moleste

2399 597 2542 655 ὑμεῖς
2573 598 2794 667 ὑπάγετε
2822 597 2888 657 εἰς
2914 598 3087 652 αὐτόν.
3118 603 3325 670 Κόσμον
3346 600 3448 671 γὰρ
3479 597 3616 668 λέγει
3633 616 3767 658 τους
3787 603 4049 668 κοσμικά

2398 693 2707 756 φρονοῦντας
2737 683 3046 747 Ἰουδαίους.

2470 774 2588 843 Ἰ-ἰμε
2645 806 2711 813 —
2783 773 2942 830 ἐστιν.
3001 776 3146 848 Ἐμοὶ
3204 773 3262 829 δε
3334 775 3626 849 ἐχθραίνει,
3692 773 3854 827 διότι
3945 776 4042 845 ἐγω

2399 858 2722 914 ἀποδεικνὺω
2780 866 2857 914 ὅτι
2917 867 2980 916 τά
3061 869 3187 937 ἔργα
3249 865 3408 917 αὐτοῦ
3467 866 3676 937 πονηροί
3731 862 3890 915 ἐστι.
3960 873 4040 915 Δις

2397 950 2495 1020 ἐγὼ
2536 952 2639 1022 οὐχ
2690 953 2874 1024 ὑπάγω
2919 954 2984 1013 εὶς
3030 955 3141 1023 (82)
3197 955 3350 1006 αὐτὸν
3404 957 3545 1028 ᾱίρτι,
3601 952 4040 1025 ἀναιρεθησομεο

2396 1059 2494 1107 νος,
2547 1040 2636 1090 ἀλλ
2702 1043 2780 1092 ὅτε
2835 1043 2860 1093 ὀ
2893 1047 3074 1114 καιρὸς
3119 1044 3330 1115 ἐπιστῇ.
3379 1039 3612 1104 Ἐδειξεν
3659 1039 3761 1093 οὖν
3820 1044 3912 1093 ὅτι
3953 1039 4034 1091 0‘2;-

2396 1133 2453 1180 τὸ
2503 1129 2733 1200 ἐλέγχειν
2781 1136 2897 1191 τους
2942 1129 3236 1192 Ἰουδαίους
3281 1132 3472 1204 μᾶλλον
3514 1131 3791 1203 ἐμισεῖτο,
3854 1131 3904 1182 εἰ
3953 1152 4033 1181 και

2397 1217 2576 1270 ἐκεῖνοι
2625 1219 2790 1290 ὒεγον
2834 1229 3006 1291 μισεῖν
3053 1222 3208 1273 αὐτὸν
3260 1225 3328 1281 ὡς
3371 1223 3675 1292 παράνομον
3737 1225 3839 1272 καὶ
3903 1219 4026 1271 ἀντι-

2399 1309 2528 1368 θεον,
2587 1310 2665 1359 ὅτι
2721 1309 2779 1360 οὐ
2835 1315 2985 1380 μονον
3042 1311 3152 1362 aut
3226 1315 3283 1361 τὸ
3359 1309 3648 1369 Σαϐϐατον,
3723 1309 3874 1361 ἀλλὰ
3949 1330 4026 1358 και

2399 1402 2601 1470 Πατέρα
2639 1394 2774 1449 ῖδιον
2825 1398 2960 1469 ἧεγε
3014 1404 3098 1450 τὸν
3153 1403 3301 1464 Θεὸν,
3351 1397 3460 1450 ἶσον
3513 1399 3704 1450 ἑαυτὸν
3739 1407 3919 1449 ποιῶν
3963 1406 4024 1465 τῷ

2397 1493 2531 1554 Θεῷ.

2469 1579 2534 1626 Συ
2568 1572 2625 1627 δέ
2663 1595 2752 1647 μοι
2786 1582 2967 1628 σκόπει
2999 1586 3102 1637 πῶς
3147 1579 3325 1650 πράως
3372 1581 3550 1647 ἤνεγκε
3599 1581 3702 1634 τὴν
3751 1576 4021 1628 ἐπίεονὶον

2398 1663 2696 1733 συμϐουλὴν
2740 1673 2838 1715 τῶν
2869 1661 3120 1736 ἀδεῖφὼν.
3173 1665 3309 1717 Ἀλλ’
3349 1666 3453 1736 οὐχ
3484 1667 3641 1736 ἡμεῖς
3673 1667 3877 1729 οὕτως,

2396 1752 2575 1813 εὐθέως
2608 1752 2995 1823 ἀγανακτοῦμεν
3038 1759 3126 1804 καὶ
3160 1754 3538 1825 σχετλιάζομεν
3570 1759 3665 1804 καὶ
3725 1761 3870 1805 πᾶσι
3908 1760 4016 1825 τρο-

627 1844 899 1911 ferimus,
921 1842 1323 1912 omnibusque
1344 1840 1540 1896 modis
1577 1840 1719 1894 tales
1751 1841 2130 1894 ulciscimur:
2165 1857 2279 1911 quo

2401 1860 2510 1902 ποις
2544 1839 2844 1912 ἀμυνομεθα
2861 1847 2976 1902 τοὺς
3007 1846 3267 1902 τοιούτους
3293 1861 3303 1871 ·
3335 1852 3440 1904 πὼς
3469 1839 3555 1894 οὖν
3592 1841 3840 1913 ἐσομεθα
3861 1845 4014 1914 μαθε-

627 1947 770 2001 ergo
801 1936 973 2003 pacto
999 1928 1275 1999 discipuli
1312 1928 1440 1999 ejus
1482 1928 1704 1982 erimus
1735 1926 1762 1980 Ῡ

701 2021 861 2075 Vers.
888 2019 942 2073 8.
986 2020 1093 2074 Vos
1132 2046 1200 2059 —-
1225 2017 1424 2074 istum.
1452 2017 1571 2071 lloc
1593 2024 1682 2071 est
1713 2015 2084 2089 praedictum,
2115 2021 2282 2087 puta,

629 2109 1158 2180 Scenopegiorum.
1212 2106 1329 2162 Vos
1382 2106 1484 2178 qui
1530 2108 1704 2161 amici
1755 2106 1895 2161 estis
1937 2106 2283 2160 Judaeorum

627 2199 729 2271 qui
778 2197 1105 2270 periculum
1153 2196 1386 2250 nullum
1421 2196 1648 2249 timetis.

698 2286 860 2343 Vers.
889 2289 941 2341 8.
969 2287 1098 2356 Ego
1125 2315 1185 2327 —
1208 2286 1407 2339 istum.
1436 2286 1557 2338 Non
1576 2284 1722 2338 dixit
1753 2301 1763 2338 :
1795 2285 1920 2338 Non
1941 2282 2280 2345 ascendam,

625 2377 750 2443 sed,
786 2376 1065 2432 Nondum
1091 2374 1419 2437 ascendam,
1444 2373 1556 2427 hoc
1587 2382 1698 2435 est,
1735 2376 1858 2428 Non
1891 2389 2050 2427 nunc
2083 2386 2285 2425 ascen-

624 2466 790 2530 dam,
824 2480 894 2521 eo
924 2464 1082 2536 quod
1106 2478 1265 2517 nunc
1287 2463 1449 2517 vivat
1473 2478 1537 2517 ac
1572 2463 1762 2530 vigeat
1791 2459 2286 2516 excandescentia

623 2554 991 2611 Judaiorum.
1010 2551 1372 2608 lrrationalis
1390 2567 1655 2621 namque
1673 2551 2016 2605 temeritatis
2036 2556 2142 2610 est,
2157 2564 2284 2603 sese

623 2643 683 2700 in
715 2641 1098 2698 manifestum
1133 2639 1424 2710 conjicere
1451 2639 1802 2708 periculum.

697 2734 857 2787 Vers.
891 2735 942 2786 8.
973 2730 1124 2796 Quia
1153 2760 1206 2768 —
1230 2730 1536 2795 impletum
1560 2735 1662 2783 est.
1689 2728 1943 2797 Tempus
1966 2727 2095 2782 vitae
2115 2742 2280 2790 mem,

624 2836 753 2892 qua
783 2821 842 2874 in
876 2825 1030 2874 terra
1062 2819 1219 2873 vivo.
1262 2819 1610 2888 Quanquam
1639 2817 1796 2870 enim
1833 2817 1986 2870 circa
2018 2815 2282 2870 futurum

624 2909 855 2964 Pascha
876 2906 1318 2976 crucifigendus
1349 2911 1491 2970 erat,
1518 2904 1718 2959 adhuc
1753 2910 1949 2959 tamen
1968 2905 2287 2974 oportebat

625 2996 915 3053 miracula
945 2995 1179 3068 operari
1211 3011 1281 3050 ac
1320 2994 1557 3061 docere,
1603 2993 1945 3064 multosque
1976 2992 2052 3046 ad
2103 2993 2280 3047 fidem

623 3087 938 3143 attrahere.
974 3087 1100 3140 Non
1123 3090 1212 3140 est
1244 3099 1385 3154 ergo
1416 3099 1614 3138 sermo
1641 3084 1887 3145 timoris,
1915 3082 2014 3136 sed
2045 3083 2287 3153 dispen-

624 3175 908 3246 sationis;
941 3191 1082 3231 nam
1111 3174 1160 3229 si
1192 3179 1329 3228 tunc
1351 3172 1409 3227 in
1435 3172 1702 3228 Judaaam
1731 3171 1995 3236 nbiisset,
2035 3170 2283 3226 omnino
2324 3205 2364 3259 (Ι

622 3266 825 3338 ipsum
844 3265 1110 3322 occidere
1132 3269 1448 3319 tentassent
1477 3280 1489 3316 :
1514 3261 1677 3333 quod
1702 3262 1746 3315 si
1769 3267 2278 3331 captustanquam

621 3354 1052 3412 homooccisus
1076 3355 1296 3418 fuisset,
1317 3352 1522 3407 datum
1547 3351 1755 3405 fuisset
1792 3350 2279 3419 impedimentum

619 3448 712 3505 his
725 3465 855 3522 quin
872 3450 1136 3504 dicturus
1153 3452 1256 3502 aut
1270 3446 1532 3500 facturus
1551 3451 1675 3498 erat
1696 3461 1708 3509 ;
1729 3446 1774 3496 si
1793 3460 1924 3498 vero
1940 3443 2281 3497 non'fuisset

621 3545 848 3612 captus,
869 3537 973 3592 sed
1011 3544 1299 3608 tanquam
1347 3538 1500 3589 Deus
1541 3534 1839 3597 evasisset,
1883 3532 2278 3587 incarnationi

623 3627 754 3698 ejus
779 3642 899 3682 non
921 3625 1130 3680 fuisset
1150 3623 1356 3679 habita
1373 3624 1543 3677 fides.
1563 3624 1817 3692 Tempus
1855 3624 2052 3691 itaque
2081 3620 2279 3675 debito

625 3715 808 3772 modo
841 3715 1127 3787 disponit.

695 3805 852 3860 Vers.
893 3805 947 3860 9.
979 3802 1112 3857 Hac
1141 3833 1208 3842 —
1257 3799 1416 3856 Vers.
1453 3801 1537 3854 10.
1561 3801 1802 3869 festum.
1840 3802 1984 3854 Cum
2020 3801 2100 3853 eis
2157 3814 2276 3853 non

622 3892 908 3957 ascendit,
941 3897 1182 3964 propter
1211 3890 1709 3960 dictamjcausam,
1743 3895 1798 3944 et
1831 3906 1901 3944 ne
1931 3888 2275 3943 manifesta-

621 3981 1132 4040 renteumludaais
1154 3996 1164 4034 :
1190 3979 1567 4050 postmodum
1591 3986 1789 4033 autem
1813 3977 2101 4042 ascendit,
2137 3994 2273 4032 cum

615 4074 746 4145 jam
793 4070 957 4126 furor
997 4070 1223 4128 illorum
1273 4068 1512 4140 reprimi
1562 4069 1860 4139 inciperet,
1929 4074 1988 4122 ut
2036 4068 2270 4132 scirent,

620 4159 1155 4236 quitimoremejus
1179 4158 1530 4226 arguebant,
1555 4158 1720 4228 quod
1748 4157 1988 4211 timidus
2030 4172 2150 4210 non
2182 4172 2271 4211 es-

622 4257 730 4316 set,
762 4250 868 4306 sed
893 4263 1161 4317 congrua
1191 4246 1636 4317 dispensatione
1670 4252 1947 4300 uteretur.

694 4340 961 4394 Vers.“).
996 4339 1128 4393 Non
1155 4368 1221 4377 —
1252 4338 1499 4391 occulto.
1553 4336 1994 4399 Quasilatenter
2030 4350 2041 4387 :
2075 4334 2272 4388 adhuc

621 4430 779 4485 enim
808 4428 1140 4491 verebatur,
1183 4431 1530 4494 exspectans
1561 4426 1752 4477 donec
1800 4424 2055 4494 perfecte
2087 4422 2274 4478 defer-

2395 1937 2478 1981 ται
2503 1931 2662 1981 αὐτοῦ
2688 1947 2700 1995 ;

2466 2019 2634 2090 Ὑμεῖς
2663 2050 2726 2060 -
2757 2023 2970 2077 ταύτην.
3003 2026 3102 2078 Τὴν
3128 2024 3523 2095 προειρημένην9
3559 2025 3659 2077 τὴν
3695 2030 3806 2072 τῶν
3842 2029 4010 2077 Σκεπ-

2395 2113 2616 2178 πηγίων.
2646 2108 2812 2179 Ὑμεῖς
2842 2111 2890 2160 οἱ
2921 2109 3057 2181 φίλοι
3085 2118 3182 2160 τῶν
3213 2105 3484 2162 Ἰουδαίων
3516 2111 3566 2160 οἱ
3593 2107 3820 2180 μηδένα
3848 2109 4008 2162 aisais--

2393 2217 2475 2248 νον
2506 2200 2891 2256 ὑποπτεύοντες.

2468 2287 2597 2356 Ἐγὼ
2627 2318 2689 2326 -
2721 2290 2932 2344 ταύτην.
2970 2287 3080 2338 Οὐκ
3107 2284 3258 2354 εἶπεν,
3292 2287 3400 2338 Οὐκ
3427 2287 3540 2357 (83)
3583 2286 3881 2355 ἀναϐαίνω9
3915 2290 4001 2338 αὶ]

2395 2379 2555 2426 Οὔπω
2587 2375 2862 2440 ἀναϐαίνω,
2913 2381 3177 2428 τουτέστιν
3224 2377 3298 2427 Οὐ
3346 2386 3434 2428 νυν
3485 2375 3764 2428 ἀναϐαίνω
3819 2375 3907 2429 διὰ
3953 2387 3996 2428 τέ

2397 2466 2525 2524 ζέιιν
2549 2471 2637 2516 καὶ
2664 2464 2914 2536 ἀκμάζειν
2941 2486 3025 2515 νυν
3053 2470 3135 2516 τὸν
3155 2468 3316 2537 θυμὸν
3343 2474 3441 2516 τὼν
3467 2462 3781 2522 Ἰουδαίων,
3815 2473 3996 2538 Θρασ-δο

2393 2573 2546 2614 τττος
2571 2557 2671 2624 γὰρ
2703 2553 2984 2625 ἀλογίστου
3017 2558 3073 2605 τὸ
3101 2554 3418 2627 ἐπιρριπτειν
3441 2555 3626 2606 ἑαυτὸν
3649 2557 3729 2616 εἰς
3754 2555 3979 2631 xpetitis.

2395 2640 2650 2696 κίνδυνον.

2465 2732 2581 2783 Ὀτι
2655 2762 2722 2771 -
2805 2732 3161 2805 πεπλήρωται,
3233 2732 3289 2783 ’0
3361 2736 3547 2806 καιρὸς
3619 2742 3713 2793 ’ἧς
3938 2733 3986 2784 ἐν

2394 2828 2452 2890 τῇ
2501 2829 2566 2890 γῇ
2630 2821 2784 2880 ζωῆς.
2842 2822 2897 2872 Εἰ
2953 2825 3052 2892 γὰρ
3114 2827 3202 2872 καὶ
3255 2823 3389 2872 κατά
3451 2825 3510 2872 τὸ
3570 2823 3740 2893 μῖμον
3793 2826 3999 2892 Πάσχα

2398 2912 2752 2977 σταυρουσθαι
2786 2909 3001 2980 ἔμελλεν,
3035 2908 3139 2959 III
3184 2906 3288 2961 ἔδει
3330 2910 3483 2961 αὑτὸν
3536 2913 3614 2962 ἔτι
3667 2917 3759 2962 καὶ
3803 2914 3997 2981 θαυμα-

2395 3008 2686 3070 τουργήσαι
2717 3004 2805 3049 καὶ
2829 2994 3068 3061 διδάξαι,
3103 3004 3189 3049 καὶ
3222 2997 3430 3058 πολλοὺς
3464 2999 3537 3059 εἰς
3569 3004 3759 3051 πίστιν
3791 3000 3982 3051 ἐπιστέ-

2397 3089 2612 3138 σασθαι.
2661 3088 2735 3137 Οὐ
2774 3084 2970 3148 δεὺίας
3021 3093 3187 3138 τοίνυν
3238 3089 3264 3138 ό
3302 3087 3470 3158 λόγος,
3521 3087 3630 3138 ἀ)λ’
3690 3090 3978 3160 οἰκονομίας

2396 3177 2436 3227 σε
2494 3179 2591 3247 γὰρ
2650 3175 2844 3233 arma
2885 3183 2999 3228 τοτε
3055 3177 3124 3236 εἰς
3178 3180 3271 3234 τὴν
3335 3174 3622 3238 Ἰουδαίαν,
3686 3182 3899 3238 πάντως
3953 3182 3994 3227 ἓν

2396 3264 2745 3336 ἐπεχείρησαν
2822 3264 3010 3317 ἀνε)εῖν
3089 3265 3280 3317 αὐτον·
3341 3271 3429 3317 καὶ
3484 3267 3527 3317 εἰ
3585 3271 3683 3337 μὲν
3739 3272 3992 3341 χειρωθεις

2394 3358 2459 3413 ως
2487 3357 2749 3425 ἄνθρωπος
2778 3358 2888 3422 (hi)
2938 3352 3178 3426 ἀνῃρέθη,
3213 3351 3626 3411 ἐνεποδίσθησαν
3676 3355 3739 3406 ἂν
3787 3357 3822 3406 ἀ
3852 3357 3996 3425 λέγειν

2391 3448 2479 3493 καὶ
2510 3450 2671 3494 ποιεῖν
2703 3442 2896 3513 εμε)).εν
2917 3460 2928 3472 ·
2962 3444 3003 3495 εἰ
3031 3440 3088 3494 δὲ
3114 3447 3184 3514 μὴ
3214 3445 3502 3515 χειρωθεὶς,
3529 3446 3593 3503 ὡς
3623 3451 3763 3504 Θεὸς
3796 3442 3997 3518 διέδρα

2393 3532 2661 3589 ἠπιστήθη
2693 3535 2753 3583 οἷν
2785 3535 2812 3589 ἡ
2848 3531 3234 3606 ἕνανθρωπησις
3273 3532 3460 3588 αὐτου.
3514 3538 3719 3584 Λοιπὸν
3750 3531 3846 3585 οὖν
3878 3535 4004 3586 οἰκο-

2389 3630 2533 3693 νομεῖ
2710 3626 2795 3674 τὸν
2826 3627 3027 3695 καιρόν.

2458 3806 2633 3850 Ταῦτα
2685 3832 2738 3837 -
2772 3800 2965 3872 ἑορτήν.
3004 3804 3096 3851 Σὺν
3137 3798 3309 3860 αὐτοῖς
3361 3801 3450 3869 μὲν
3477 3799 3570 3850 οὐκ
3612 3797 3770 3856 ἀνέϐη
3810 3797 3907 3852 δια
3959 3820 4010 3852 τε

2387 3894 2478 3946 τὴν
2509 3890 2757 3961 ῥηθεῖσαν
2788 3889 2959 3939 αἰτίαν
2985 3894 3073 3940 καὶ
3101 3890 3182 3939 ἶνα
3204 3894 3274 3960 μὴ
3310 3895 3678 3961 φανερωσωσιν
3701 3889 3868 3941 αὑτὸν
3899 3899 4010 3949 τοῖς

2387 3974 2667 4038 Ἰουδαίοις
2698 3994 2708 4006 ·
2741 3979 2956 4050 ὕστερον
2989 3974 3047 4029 δε
3080 3977 3308 4042 ἀνῆλθεν,
3359 3976 3644 4051 ἀρξαμένου
3685 3977 3880 4030 λοιπὸν
3915 3988 4010 4031 τοῦ

2389 4068 2552 4137 θυμοῦ
2582 4068 2747 4117 αὐτῶν
2778 4066 3235 4130 καταστίλλεσθαι,
3269 4071 3359 4117 καὶ
3391 4068 3471 4116 ἵνα
3495 4075 3688 4135 γνῶσιν
3719 4069 3772 4118 οὶ
3801 4064 4008 4119 δειλίαν

2386 4156 2544 4206 αὑτοῦ
2572 4162 3043 4227 καταγινώσκοντες
3075 4158 3154 4208 ὅτι
3185 4155 3278 4207 οὐκ
3298 4158 3410 4207 ἔστι
3438 4152 3624 4217 δειλὸς,
3661 4155 3772 4206 ἀλλ’
3806 4157 4006 4210 οἰκονο-

2384 4251 2554 4316 μικός.

2457 4335 2531 4385 Οὐ
2566 4366 2631 4373 -
2679 4343 2914 4407 κρυπτῷ.
2954 4333 3043 4394 Ὠς
3075 4338 3302 4405 κρυφίως
3335 4352 3346 4364 ·
3381 4336 3452 4384 ἔτι
3502 4335 3599 4406 γὰρ
3647 4334 4002 4388 ὑπεστέὶὶετο

2385 4428 2664 4497 περιμένων
2695 4425 3036 4494 χαυνωθῆνάι
3066 4422 3228 4474 τέλεον
3261 4425 3346 4473 τὸν
3389 4423 3571 4493 θυμὸν,
3599 4427 3690 4473 καὶ
3721 4425 3815 4474 ἱνα
3839 4432 3998 4494 μήπω

620 4515 1134 4573 buissetferocitas
1157 4513 1414 4576 illorum,
1432 4519 1486 4567 et
1512 4528 1583 4566 ne
1610 4518 2070 4580 cognosceretur
2093 4511 2269 4568 etiam

2401 4515 2590 4584 γνωσθῇ
2636 4509 2775 4584 μηδε
2810 4519 2918 4574 τοῖς
2950 4508 3189 4583 ἀδελφοῖς
3218 4511 3399 4566 αὐτου.

619 4625 656 4664 a
687 4606 965 4662 fratribus
997 4604 1140 4659 suis.

691 4695 854 4750 Vers.
886 4696 972 4750 11.
1011 4691 1205 4748 Judaei
1234 4707 1372 4760 ergo
1399 4721 1466 4730 —-
1493 4691 1662 4760 festo.
1698 4691 1947 4748 Pulchra
1976 4707 2118 4746 sane
2151 4691 2271 4747 illo-

618 4800 749 4840 rum
772 4800 956 4855 opera
979 4785 1033 4837 in
1059 4781 1270 4836 diebus
1294 4783 1471 4845 festis,
1498 4797 1631 4834 cum
1650 4780 1778 4834 illos
1810 4781 1989 4835 caedis
2016 4782 2275 4836 facerent

618 4873 1018 4929 occasionem.
1049 4874 1191 4926 Cum
1226 4871 1384 4924 enim
1414 4870 1470 4924 in
1501 4870 1645 4924 festo
1671 4870 1940 4925 occidere
1971 4886 2106 4924 eum
2142 4885 2274 4940 pro-

618 4963 983 5036 posuissent,
1013 4964 1215 5031 utpote
1241 4965 1379 5015 tunc
1403 4961 1580 5014 etiam
1606 4960 2005 5015 adventurum
2033 4965 2273 5030 propter

689 5087 732 5122 ³¹
759 5087 924 5142 Joan.
963 5100 1022 5151 v,
1047 5084 1131 5140 18.

2455 4693 2521 4743 Οἱ
2561 4687 2648 4742 οὖν
2699 4686 2952 4744 Ἰουδαῖοι
2996 4720 3064 4729 -
3109 4688 3282 4764 ἑορτῇ.
3335 4688 3478 4741 Καλά
3529 4707 3589 4759 γε
3650 4690 3772 4760 (86)
3829 4692 3984 4742 αὐτῶν

2384 4784 2449 4832 τά
2511 4780 2557 4832 ἐν
2610 4789 2720 4840 ταῖς
2794 4780 2988 4852 ἑορταῖς
3049 4781 3451 4852 κατορθώματα,
3526 4777 3771 4851 ἀφορμήν
3843 4788 3984 4851 φόνοι..-

2384 4875 2705 4943 ποιουμίνοις
2744 4869 2857 4941 (8⁸7)
2902 4869 3086 4930 αὑτάς.
3140 4867 3616 4940 Προμελετήσαντες
3663 4871 3773 4943 γὰρ
3829 4869 3878 4920 ἐν
3929 4876 3978 4938 τῇ

2383 4960 2531 5034 ἑορτῇ
2578 4966 2757 5012 τοῦτον
2790 4956 2998 5026 ἀνελεῖν,
3031 4960 3094 5018 ως
3142 4964 3427 5014 τηνικαῦτα
3470 4952 3564 5008 διὰ
3610 4962 3705 5014 τὴν
3763 4965 3972 5028 πανῂ-ρο

1834 5207 2051 5276 Variae
2072 5207 2400 5277 lectiones
2431 5219 2494 5276 et
2529 5216 2732 5276 notae.

687 5383 798 5455 (82)
835 5381 914 5442 Εἰς
953 5381 1113 5455 αὐτήν

685 5450 797 5527 (83)
831 5453 1195 5527 Repudiavit
1216 5467 1357 5527 ergo
1375 5452 1782 5527 Chrysostomi
1805 5450 2139 5527 lectionem,
2161 5451 2263 5523 qni

612 5526 727 5592 οὐκ,
778 5524 1103 5582 Ιοοσοῧπω
1183 5524 1383 5579 habet.
1446 5524 1947 5595 VideChrysOs-t.
2013 5525 2146 5577 Vlll.
2208 5542 2262 5588 ι).

609 5600 714 5655 285
746 5601 804 5653 Ε.
848 5597 1100 5668 Cyrillus
1154 5595 1332 5650 habet
1363 5595 1538 5650 etiam
1572 5594 1684 5661 οὐκ,
1743 5594 1889 5650 tom.
1949 5596 2034 5658 ιν,
2073 5612 2128 5667 p.
2162 5599 2255 5650 401

610 5671 655 5726 Β
690 5687 758 5725 ac
789 5669 1088 5736 deinceps.

704 5741 796 5813 84)
829 5737 1060 5813 ἀφῃρέθη

704 5742 773 5796 84
829 5759 862 5792 α
903 5741 1060 5813 ῃρίθη
1084 5741 1150 5792 Β.

683 5741 796 5896 ξθῦζ
827 5760 896 5869 ἱιῖ
918 5814 1028 5878 est,
1055 5807 1398 5886 οἰκονομικῶς
1423 5814 1590 5888 τηρεῖ.

2449 5379 2559 5451 (86)
2645 5377 2927 5451 natali-7i:
2992 5374 3338 5451 adrav.__A.
3412 5372 3980 5451 L_ecti_onem____i:ece-

2578 5445 3135 5521 comprobatetiam
3187 5445 3497 5518 Chrysost.
3552 5449 3701 5501 tom.
3751 5445 3896 5511 VIII,
3928 5461 3977 5518 p.

2380 5563 2579 5664 -787").
2603 5592 2803 5647 Malim
2825 5593 3163 5662 ποιουμένων.
3200 5589 3396 5664 Potest
3424 5590 3630 5643 tamen
3663 5592 3722 5643 et
3751 5587 3870 5664 hoc
3895 5589 3978 5645 de-

2378 5657 2560 5722 fendi.
2593 5667 2672 5718 Ex
2704 5657 3147 5732 Chrysostomo,
3185 5659 3290 5732 qui
3330 5657 3428 5717 hic
3477 5662 3977 5719 constructionem

2378 5736 2650 5804 mutavit,
2683 5733 2834 5792 nihil
2847 5733 3131 5791 efﬁcitur.
