4098 6420
149 378 294 436 1265

1157 375 1534 433 (ἶΟλῐλιΕΝΤ.
1584 375 1650 430 ΙΝ
1691 375 2044 431 JOANNEM.
2091 408 2152 416 -—-
2198 377 2357 432 CAP.
2407 376 2529 435 VII.

3375 365 3535 429 4266'

145 526 228 579 ριν
262 510 352 558 καὶ
401 503 556 558 αὐτόν
594 507 1072 580 συμπαρεσόμενον,
1101 503 1439 576 ἠστόχησαν,
1474 507 1545 576 μὴ
1581 503 1748 576 εὑρισ-

1877 501 2162 560 mblicum
2209 507 2593 566 conventum,
2648 517 2718 558 eo
2770 516 2889 558 non
2918 499 3184 568 invento,
3209 499 3348 557 hinc
3378 500 3516 557 inde

147 615 207 648 κο
213 599 362 667 μένου
378 637 390 650 .

222 689 321 737 Καὶ
369 715 437 723 -
483 682 668 744 ἐκεῖνος
702 701 714 750 ;
749 679 880 735 Οὐδ’
939 681 1190 756 ὀνομαστὶ
1240 691 1418 735 τοῦτον
1479 681 1752 754 βούλονται

148 772 318 824 καλεῖν
355 769 448 824 διά
477 776 535 824 1'0
578 780 727 845 μῖσος
756 789 767 802 ·
796 775 932 844 ὀμως
963 774 988 824 ὁ
1019 773 1169 843 λόγος
1199 771 1428 844 ἐμφαίνει
1479 773 1750 843 χαύνωσίν

149 881 264 913 τινα
284 870 374 914 τοῦ
406 863 590 934 θυμοῦ.

225 957 324 1004 Καὶ
355 983 418 990 -
444 951 642 1022 ὄχλοις.
671 953 940 1024 Τάραχος,
971 949 1256 1022 ἀντιλογία.

223 1043 288 1092 Οἱ
321 1072 384 1080 -
416 1039 575 1094 ἐστιν.
608 1042 673 1093 Οἱ
695 1037 1006 1115 ἁδιάφθοροι
1027 1042 1112 1091 τὸν
1137 1047 1274 1093 νουν.

223 1218 404 1272 Ἀλλοι
434 1250 499 1260 -
539 1223 753 1291 κόσμον.
789 1221 855 1270 Οἱ
885 1215 1268 1290 ὃιεγίαρμένοι.
1308 1221 1510 1290 Κόσμον
1553 1220 1668 1288 (88)
1693 1215 1752 1271 δὲ

149 1308 363 1380 λέγουσι
391 1312 448 1360 τὸ
484 1307 583 1366 πλῆ
595 1311 699 1368 θος.

224 1394 417 1458 Οὐδεὶς
441 1429 508 1436 —
541 1394 828 1451 Ἰουδαίων.
864 1393 1049 1456 Οὐδεὶς
1082 1405 1180 1448 τῶν
1205 1396 1448 1468 λεγόντων
1480 1398 1560 1449 ὅτι
1590 1398 1752 1467 Ἀγα-

155 1487 236 1546 θός
268 1484 401 1554 ἐστι,
442 1485 712 1560 παρρησίᾳ
741 1484 903 1537 ἐλάλει
950 1491 1065 1557 περὶ
1119 1485 1298 1549 αὑτοῦ,
1333 1489 1492 1556 ἤγουν
1533 1486 1603 1548 εἰς
1629 1484 1749 1543 ἐπή-

151 1595 268 1627 κοον
300 1584 398 1626 τῶν
424 1575 714 1649 ἀρχοντων,
748 1571 839 1627 διὰ
870 1579 953 1626 τὸν
985 1573 1135 1646 φόϐον
1168 1579 1354 1627 αὐτῶν.

224 1750 365 1810 Ἤδη
400 1749 458 1804 δὲ
479 1783 545 1792 -
570 1755 720 1824 ἱερόν.
752 1753 864 1823 (89)
888 1752 1066 1810 Ἀνέϐη
1090 1755 1180 1826 μὲν
1205 1754 1287 1806 ὅτε
1312 1756 1437 1824 ἔγνω
1470 1753 1751 1807 σϐεσθέντα

151 1845 237 1893 τὸν
269 1843 429 1913 θυμόν
461 1845 628 1893 αὐτῶν
662 1861 673 1873 ·

152 1931 358 1983 ἑαυτοῦ.
391 1934 670 1992 Μεσούσης
721 1928 778 1983 δὲ
841 1939 930 1991 τῆς
988 1931 1168 2006 ἑορτῆς
1204 1941 1301 1982 τὼν
1359 1937 1747 2002 Σκηνοπηγίων,

153 2024 311 2090 ἤγουν
340 2028 400 2092 τῇ
435 2022 653 2092 τετάρτῃ
684 2021 853 2092 ἡμέρᾳ
885 2041 896 2052 ·
942 2020 1068 2072 ἐπτά
1121 2023 1218 2094 γὰρ
1274 2022 1464 2093 ἡμέρας
1495 2021 1749 2094 ἑώρταζον

153 2128 336 2166 αυτην.

229 2291 327 2338 Καὶ
357 2290 428 2358 μὴ
460 2317 522 2324 -
541 2288 855 2357 μεμαθηκώς
883 2303 895 2351 ;
919 2287 1241 2360 Ἐθαὺμαζον
1260 2289 1364 2359 οὔχ
1386 2287 1420 2339 ἃ
1448 2285 1748 2352 ἐδίδασκεν,

155 2373 282 2426 ἀλλά
311 2384 418 2436 πῶς
450 2377 739 2448 γράμματα
796 2373 907 2428 οἶδε
954 2382 1024 2448 μὴ
1083 2379 1410 2448 μεμαθηκὼς.
1473 2383 1752 2430 Κατενόουν

152 2460 604 2534 γὰράέδίδασκε,
638 2466 817 2524 πάσης
868 2467 982 2534 (90)
1034 2469 1203 2537 μεστα
1254 2471 1456 2537 σοφίας,
1523 2472 1611 2518 καὶ
1660 2471 1753 2518 οὐκ

153 2554 270 2604 ἄνευ
299 2549 550 2612 εἰδησεως
577 2555 898 2624 γραμμάτων
929 2563 1135 2606 τοιαῡτο
1167 2551 1427 2606 δύνασθαι
1476 2551 1752 2608 διδάσκειν

153 2641 525 2712 ὑπελάμϐανον.
562 2638 708 2694 Ἔδει
762 2638 820 2694 δὲ
853 2643 1040 2703 αὐτοὺς
1069 2641 1337 2696 κάντευθεν
1389 2640 1617 2696 συνιδεῖν
1671 2646 1752 2696 ὅτι

153 2737 281 2790 Θεος
312 2729 450 2781 ἐστιν
484 2731 594 2802 (91)
627 2735 933 2803 αὖτοσοφία,
984 2732 1141 2792 αὐτὸς
1184 2731 1397 2805 ἐξευρὼν
1423 2739 1596 2784 πᾶσαν
1627 2731 1750 2785 ὁδόν

152 2837 466 2891 επιστημης.

223 2997 502 3071 Ἀπεκρίθη
569 3029 636 3036 -
692 3017 772 3070 με.
832 3003 901 3050 Τό
963 3007 1050 3070 μίν
1107 2999 1233 3070 Ἐμὴ
1302 2998 1507 3067 ἀληθὲς,
1569 3004 1626 3051 τό
1692 2996 1750 3051 δὲ

152 3085 262 3135 Οὐκ
292 3086 387 3156 ἐμὴ
422 3086 744 3158 οἰκονομικόν
787 3106 798 3118 '
857 3087 922 3146 εἰς
971 3091 1126 3158 τιμὴν
1186 3085 1244 3138 δὲ
1299 3095 1389 3138 τοῦ
1425 3092 1626 3161 Πατρός
1664 3093 1750 3140 καὶ

1861 592 2144 649 errabant
2179 593 2285 663 (zz)
2331 634 2345 648 .

1935 683 2100 738 Vers.
2164 684 2248 736 11.
2284 683 2360 738 Et
2410 712 2475 722 —
2531 682 2632 737 ille
2686 683 2712 738 ἱ)
2743 684 2941 754 Neque
2967 696 3105 737 eum
3137 694 3246 734 suo
3271 677 3518 735 nomine

1861 771 2139 828 volebant
2165 771 2461 844 appellare
2488 778 2728 842 propter
2753 770 2960 826 odium
2995 767 3286 825 :ostendit
3318 771 3518 824 tamen

1861 875 2058 916 sermo
2097 861 2427 932 quemdam
2452 861 2554 916 irae
2586 865 2881 916 tumorem
2913 860 3018 930 (a).

1933 951 2097 1007 Vers.
2137 953 2216 1006 t2.
2257 951 2333 1005 Et
2377 981 2444 990 —
2475 949 2684 1006 turbis.
2715 949 2994 1006 Turbatio
3023 952 3080 1005 et
3107 945 3517 1003 contradictio.

1933 1041 2094 1096 Vers.
2125 1041 2472 1108 12.0uidam
2500 1070 2568 1080 —
2606 1048 2703 1094 est.
2740 1039 2851 1104 Qui
2881 1037 3145 1094 videlicet
3173 1039 3366 1092 mente
3392 1050 3516 1092 cor-

1859 1130 2018 1201 rupti
2051 1145 2171 1186 non
2203 1134 2392 1185 erant.

1934 1221 2093 1276 Vers.
2127 1222 2208 1275 1'2.
2233 1220 2363 1274 Atii
2391 1251 2458 1259 —
2490 1218 2797 1275 mundum.
2845 1218 2954 1284 Qui
3016 1218 3216 1273 mente
3259 1214 3519 1288 corrupti

1859 1315 2045 1366 erant.
2075 1309 2358 1365 Mundum
2393 1313 2596 1365 autem
2621 1308 2764 1364 dicit
2793 1306 3256 1364 multitudinem.

1931 1401 2094 1454 Vers.
2150 1404 2232 1455 13.
2275 1399 2492 1455 Nullus
2531 1428 2599 1437 —
2626 1398 2986 1454 Iudaeorum.
3027 1395 3231 1452 Nullus
3283 1408 3516 1458 eorum,

1857 1489 1962 1562 qui
1995 1488 2267 1544 dicebant
2302 1506 2314 1541 :
2349 1489 2548 1543 Bonus
2574 1491 2682 1556 est,
2711 1487 3072 1558 loquebatur
3095 1483 3170 1540 de
3195 1500 3264 1541 eo
3292 1483 3514 1556 palam,

1859 1579 1983 1634 sive
2015 1577 2394 1634 audientibus
2451 1576 2899 1647 magistratibus
2955 1578 3198 1648 propter
3241 1574 3518 1630 timorem

1857 1668 2115 1725 illorum.

1931 1759 2090 1813 Vers.
2125 1758 2210 1812 14.
2247 1758 2396 1812 Cum
2417 1763 2612 1813 autem
2633 1757 2835 1828 jam—
2865 1755 3147 1825 templum
3181 1756 3234 1810 et
3255 1752 3515 1809 docebat.

722 1837 976 1894 ἐδίδασκε
1007 1839 1065 1894 0":
1125 1839 1369 1895 δεικνύων
1400 1847 1458 1894 τό
1490 1841 1748 1899 ἀπτόητον

1877 1847 2139 1904 tscendit
2169 1846 2426 1918 quidem,
2447 1861 2585 1901 cum
2603 1844 2979 1914 cognovisset
3006 1843 3360 1899 exstinctam
3385 1857 3518 1898 esse

1857 1936 2089 1992 illorum
2123 1935 2508 1991 ferocitatem.
2543 1935 2800 1992 Docebat
2825 1937 3046 1997 autem,
3075 1930 3398 1988 ostendens
3425 1929 3519 1986 sui

1861 2026 2297 2082 admirationem
2315 2024 2735 2096 (b).Postquam
2750 2022 3063 2078 dimidium
3077 2020 3203 2076 festi
3217 2023 3519 2093 peractum

1861 2118 2002 2180 erat,
2035 2120 2249 2186 quarto
2280 2113 2666 2168 videlicetdie
2697 2110 3201 2183 Scenopegiorum
3232 2123 3411 2177 ;nam
3433 2125 3520 2166 se-

1860 2209 2021 2276 ptem
2042 2204 2252 2259 diebus
2277 2203 2378 2258 illa
2403 2201 2802 2258 celebrabant.

1932 2294 2099 2349 Vers.
2127 2295 2297 2350 15.Et
2314 2325 2382 2332 —
2399 2307 2529 2347 cum
2553 2307 2673 2347 non
2695 2288 3010 2347 didicerit?
3029 2288 3514 2355 Admirabantur,

1862 2399 1982 2440 non
2013 2399 2074 2437 ea
2105 2399 2240 2455 quae
2272 2381 2548 2446 docebat,
2578 2381 2682 2436 sed
2708 2381 3019 2452 quomodo
3049 2379 3270 2435 litteras
3293 2382 3516 2444 nosset,

1862 2489 1998 2527 cum
2049 2488 2170 2526 non
2201 2471 2523 2526 didicisset.
2563 2468 3035 2526 Considerabant
3064 2469 3226 2524 enim
3273 2483 3346 2524 ea
3382 2481 3519 2539 quae

1861 2562 2115 2618 docebat
2143 2561 2308 2616 omni
2341 2560 2634 2633 sapientia
2663 2575 2794 2615 esse
2823 2558 3032 2630 plena:
3068 2573 3177 2614 nec
3207 2557 3350 2615 talia
3379 2571 3519 2612 eum

1862 2667 2039 2724 posse
2066 2651 2279 2706 docere
2308 2649 2728 2705 existimabant
2753 2648 2984 2720 absque
3008 2647 3344 2717 cognitione
3365 2645 3519 2702 litte-

1861 2755 2061 2796 rarum
2072 2741 2136 2796 .0
2146 2739 2356 2810 portuit
2373 2743 2572 2795 autem
2591 2751 2974 2808 cognoscere,
2989 2736 3154 2808 quod
3169 2735 3324 2791 Deus
3339 2737 3518 2800 esset,

1859 2830 1989 2902 ipsa
2027 2828 2334 2900 sapientia,
2376 2835 2433 2883 et
2487 2826 2592 2899 qui
2622 2841 2867 2882 omnem
2918 2825 3307 2882 adinvenerat
3358 2824 3522 2880 viam

1862 2918 2187 2990 prudentiae
2205 2918 2274 2971 δί.

1934 3008 2098 3062 Vers.
2135 3009 2217 3060 16.
2251 3005 2572 3074 Respondit
2603 3035 2664 3046 -—
2691 3019 2799 3060 me.
2842 3003 3014 3069 Quod
3042 3002 3183 3059 dicit
3206 3002 3355 3067 Mea,
3381 3000 3526 3057 veri-

1864 3100 2040 3150 tatem
2055 3094 2316 3149 ostendit
2336 3110 2349 3159 ;
2368 3092 2533 3164 quod
2548 3096 2749 3147 autem
2769 3092 2878 3150 ait:
2903 3093 3026 3147 Non
3039 3107 3188 3154 mea,
3205 3091 3522 3162 dispensa-

153 3181 305 3238 Θεοὺ,
349 3179 436 3224 καὶ
492 3174 561 3233 εἰς
624 3171 892 3236 ἀπόδειξιν
940 3179 1404 3248 μετριοφροσύνης,
1458 3182 1546 3228 καὶ
1578 3177 1642 3236 εἰς
1693 3180 1748 3227 1'0

1877 3183 2087 3238 ,ionem
2101 3181 2174 3237 ad
2191 3180 2614 3235 honorandum
2631 3183 2856 3234 Patrem
2872 3195 2940 3234 ac
2957 3182 3222 3242 Deum,et
3236 3178 3312 3234 ad
3327 3182 3522 3234 osten-

1269 3269 1379 3315 Οὔκ
1437 3261 1615 3322 ἐπειδὴ
1694 3263 1752 3316 ὃε

150 3350 495 3422 οἰκονομικόν,
541 3348 635 3402 διὰ
691 3359 844 3403 τοῦτο
917 3357 1006 3402 καὶ
1069 3349 1261 3421 ψευδές
1315 3372 1327 3385 ο

149 3263 388 3331 γενέσθαι
441 3262 602 3319 αὐτὴν
662 3266 710 3313 εὖ
723 3260 1190 3337 παραδεκτοτέραν.

1393 3356 1455 3405 τα
1506 3357 1607 3427 γὰρ
1662 3362 1754 3406 τοῦ

149 3441 270 3491 Tim}
325 3442 526 3502 πάντως
589 3444 678 3491 καὶ
732 3447 822 3490 τοῦ
893 3445 1114 3514 Πατρός,
1171 3443 1342 3515 ὥσπερ
1410 3447 1499 3493 καὶ
1547 3445 1611 3494 τὰ
1662 3450 1752 3494 τοῦ

153 3531 355 3600 Πατρός
382 3530 585 3590 πάντως
617 3533 706 3580 καὶ
734 3537 822 3581 τοῦ
879 3531 1002 3580 Υίοῡ
1057 3547 1068 3559 ·

149 3619 306 3677 ἴσοις.

1123 3533 1270 3582 κοινὰ
1320 3534 1418 3604 γὰρ
1453 3529 1660 3603 ἀμφοῖν,
1690 3535 1754 3592 ὡς

221 3709 316 3758 Καὶ
349 3707 464 3758 καθ’
495 3707 661 3779 ἕτερον
695 3703 754 3760 δὲ
791 3712 977 3782 τρόπον
1005 3707 1311 3780 βαθύτερον.
1364 3709 1419 3762 Ἠ
1475 3715 1749 3782 φαινομένη

149 3792 242 3865 ἐμὴ
275 3791 484 3866 διδαχὴ
515 3796 606 3846 οὐκ
639 3799 776 3848 ἔστιν
810 3795 902 3868 ἐμὴ
941 3794 1081 3858 ἰδίως
1115 3817 1126 3829 '
1153 3795 1275 3850 οὐδὲ
1301 3802 1398 3873 γὰρ
1426 3802 1535 3871 ἔχω
1567 3797 1706 3852 ἰδίαν
1734 3818 1747 3831 ⁸

149 3881 274 3934 ἀλλὰ
313 3891 404 3934 τοῦ
442 3891 638 3958 Πατρός
670 3887 830 3950 ἐστιν,
858 3888 924 3947 ως
949 3885 1071 3956 ἐμοῦ
1101 3889 1166 3938 τὰ
1195 3887 1328 3939 αὐτὰ
1358 3887 1528 3959 ἐκείνῳ
1560 3885 1752 3941 διδάσ-

146 3991 323 4032 κοντος
355 3969 467 4037 διὰ,
499 3977 555 4024 1'0
593 3973 778 4026 ταύτόν
809 3983 903 4035 τῆς
935 3978 1134 4046 φύσεως
1184 3982 1270 4028 καὶ
1325 3978 1436 4047 (92)
1475 3977 1746 4043 θελήσεως,

146 4066 232 4112 καὶ
267 4060 360 4112 ὸια
390 4066 445 4112 1'0
479 4061 606 4114 εἷναί
633 4083 695 4133 με
723 4063 873 4134 λόγον
904 4063 1061 4115 αὐτοῦ
1098 4083 1108 4093 ·
1144 4065 1185 4117 εἰ
1223 4069 1320 4139 γὰρ
1353 4071 1441 4118 καὶ
1472 4067 1597 4124 ἄλλη
1627 4069 1751 4119 υπο-

149 4168 333 4210 στασις
373 4150 492 4221 ἐγὼ,
527 4149 633 4203 ἀλλ’
653 4152 786 4204 οὕτω
817 4151 946 4223 λέγω
977 4159 1065 4206 καὶ
1092 4155 1304 4226 πράττω
1337 4158 1403 4214 ως
1440 4156 1749 4226 νομίζεσθαι

146 4240 284 4309 ἡμᾶς
314 4240 382 4290 ἓν.

1861 3271 2122 3325 dendam
2140 3269 2426 3324 modestia
2439 3285 2519 3332 m,
2546 3271 2726 3338 utque
2751 3267 2978 3322 facilius
3000 3266 3132 3337 ipsa
3147 3266 3521 3336 reciperetur.

1861 3364 2055 3430 Neque
2084 3365 2281 3414 tamen
2302 3357 2378 3412 ob
2396 3357 2453 3411 id
2477 3355 2697 3410 falsum
2719 3359 2824 3420 est,
2841 3355 2985 3427 quia
2997 3354 3522 3426 dispensatorium;

1862 3465 2003 3504 nam
2033 3463 2170 3520 quae
2201 3446 2325 3501 Filii
2374 3449 2530 3510 sunt,
2572 3444 2820 3500 omnino
2878 3449 3016 3500 sunt
3043 3448 3100 3500 et
3131 3443 3338 3506 Patris,
3373 3442 3527 3501 sicut

1861 3538 2038 3594 etiam
2065 3553 2200 3609 quae
2252 3535 2460 3600 Patris,
2483 3533 2732 3590 omnino
2782 3537 2917 3588 sunt
2954 3537 3009 3588 et
3043 3532 3165 3588 Filii
3209 3547 3222 3588 :
3271 3536 3525 3604 utraque

1859 3627 2020 3682 enim
2057 3630 2196 3681 sunt
2222 3611 2523 3680 ambébus
2552 3621 2918 3685 communia,
2944 3625 3145 3692 utpote
3165 3619 3522 3693 aequalibus.

1931 3716 2057 3771 Alio
2096 3729 2332 3786 quoque
2389 3710 2776 3783 profundiore
2827 3710 3172 3766 intellectu:
3207 3709 3346 3778 Quae
3390 3726 3525 3766 mea

1861 3811 2107 3877 apparet
2136 3819 2262 3858 esse
2289 3801 2579 3869 doctrina,
2614 3815 2728 3856 non
2753 3803 2843 3855 est
2872 3815 3006 3856 mea
3042 3799 3297 3872 propria,
3331 3814 3524 3870 neque

1859 3895 2017 3949 enim
2042 3893 2224 3948 ullam
2250 3891 2445 3948 habeo
2467 3890 2769 3962 prOpriam
2794 3907 2807 3958 ;
2833 3889 2940 3946 sed
2973 3889 3159 3945 Patris
3182 3892 3294 3953 est,
3318 3893 3523 3961 utpote

1859 3984 1956 4039 illo
2015 3983 2228 4038 eadem
2283 3999 2388 4052 per
2419 3997 2512 4036 me
2568 3979 2839 4045 docente,
2887 3983 3130 4051 propter
3168 3983 3396 4035 naturae
3448 3994 3521 4036 ac

1858 4071 2178 4128 voluntatis
2206 4070 2598 4138 identitatem,
2627 4073 2684 4122 et
2711 4067 2854 4139 quia
2883 4068 3146 4122 Verbum
3171 4067 3328 4122 illius
3359 4082 3517 4134 sum;

1858 4175 2210 4233 quanquam
2243 4159 2402 4213 enim
2429 4172 2537 4225 ego
2559 4155 2677 4210 alia
2694 4156 2803 4209 sim
2827 4155 3197 4227 hypostasis,
3217 4155 3298 4209 ita
3317 4159 3519 4210 tamen

1858 4249 1992 4303 dico
2023 4263 2093 4303 ac
2125 4245 2276 4302 facio
2306 4246 2511 4301 omnia
2543 4249 2606 4298 ut
2635 4259 2745 4299 nos
2777 4258 2965 4298 unum
2993 4258 3122 4298 esse
3151 4242 3516 4314 intelligatis.

218 4326 333 4378 Ἐὰν
384 4358 436 4366 -
465 4326 621 4380 λαλῶ.
657 4328 872 4401 Θέλημα
923 4339 1012 4382 τοῦ
1053 4339 1187 4384 Θεοῦ
1217 4331 1353 4401 λέγει
1385 4339 1472 4383 νυν
1502 4336 1558 4384 τό
1599 4333 1748 4406 ἐργά-

1929 4337 2092 4391 Vers.
2133 4335 2213 4389 17.
2247 4334 2311 4412 Si
2363 4363 2428 4373 —
2469 4333 2704 4403 loquar.
2758 4330 3139 4386 Voluntatem
3195 4330 3295 4386 Dei
3345 4335 3521 4388 vocat

148 4415 331 4474 ζεσθαι
362 4420 453 4473 τὴν
486 4416 670 4489 ἀρετὴν
709 4423 795 4470 καὶ
833 4424 1112 4492 προσέχειν
1152 4428 1264 4482 ταῖς
1291 4425 1408 4492 περὶ
1437 4421 1592 4473 αὐτου
1623 4442 1746 4496 προ-

147 4508 400 4574 φητείαις.
430 4503 488 4556 Ἢ
518 4505 671 4578 ἀρετὴ
701 4511 789 4577 μὲν
810 4510 912 4582 γὰρ
945 4511 1183 4582 καθαίρει
1215 4513 1300 4561 τόν
1341 4517 1458 4561 νοῦν
1494 4528 1505 4539 ·
1536 4513 1588 4561 αἱ
1621 4531 1745 4585 προ-

147 4599 352 4664 φητεῖαι
393 4589 450 4646 δὲ
481 4590 837 4648 διδάσκουσιν
877 4597 1032 4648 αὐτὸν
1071 4597 1362 4668 τηλαυγῶς.
1410 4598 1520 4670 'Aqa'
1561 4599 1744 4652 ἑαυτοῦ

147 4678 180 4734 δ
185 4686 206 4734 ξ
234 4681 373 4735 λαλεί
402 4684 427 4734 ὁ
461 4685 526 4735 τὰ
553 4692 644 4737 τοῦ
673 4681 812 4736 ἰδίου
876 4684 1155 4757 θελήματος
1184 4687 1369 4744 λαλῶν.
1403 4684 1529 4741 Εἶτα
1565 4687 1746 4761 ἐπάγει

143 4777 232 4824 καὶ
259 4771 606 4846 συλλογισμόν
647 4772 1032 4847 ἀναντίρρητον.

1856 4441 2039 4492 nunc,
2071 4422 2306 4494 operari
2333 4424 2631 4483 virtutem,
2658 4424 2712 4475 et
2741 4418 3084 4491 prophetiis,
3117 4435 3252 4492 quae
3281 4419 3356 4475 de
3384 4419 3520 4492 ipso

1857 4520 2014 4578 sunt,
2059 4511 2363 4569 attendere
2397 4526 2410 4576 ;
2445 4509 2626 4565 virtus
2656 4507 2944 4580 siquidem
2983 4513 3201 4580 purgat
3230 4512 3515 4578 mentem,

1855 4602 2182 4675 prophetia:
2205 4616 2338 4656 vero
2353 4599 2551 4672 ipsam
2568 4597 2760 4653 lucide
2777 4597 3066 4654 docent.A
3085 4597 3285 4669 seipso
3305 4601 3510 4656 autem

1853 4691 2136 4764 loquitur,
2161 4690 2267 4762 qui
2296 4705 2368 4745 ea
2396 4702 2530 4760 quae
2555 4703 2673 4742 suae
2695 4690 2836 4742 sunt
2857 4686 3200 4751 voluntatis,
3228 4685 3514 4758 loquitur.

1853 4780 2074 4837 Deinde
2102 4780 2280 4836 etiam
2319 4776 2731 4850 syllogismum
2757 4775 3004 4842 inducit,
3046 4776 3145 4833 cui
3174 4775 3516 4834 nullatenus

1856 4869 2038 4943 possit
2066 4867 2406 4926 contradici.

1352 4990 1577 5058 Variae
1612 4992 1935 5062 lectiones
1979 5002 2044 5061 et
2076 5002 2277 5060 notae.

217 5128 259 5162 ³¹
313 5171 324 5183 .
370 5131 492 5184 Bar.
513 5145 593 5198 Ill,
619 5135 703 5185 37.

216 5223 331 5302 (βξ)
365 5225 608 5302 Scilicet,
653 5229 784 5285 loco
816 5229 993 5302 ὄχλον,
1027 5228 1162 5299 legit
1191 5232 1410 5302 κόσμον.
1437 5229 1745 5301 Negligen-

147 5295 224 5351 tia
253 5293 311 5349 id
336 5297 570 5374 accidit.
603 5303 748 5356 Nam
790 5293 1174 5374 et'Chryso'st.
1206 5293 1742 5373 vulgatum'havbet,

144 5374 295 5440 tom.
336 5367 476 5438 VIII,
515 5388 572 5440 p.
609 5376 708 5427 288
737 5376 791 5427 et
821 5376 942 5427 289.

217 5439 331 5513 (89)
380 5439 592 5498 Neuter
645 5460 912 5499 meorum
979 5444 1250 5514 agnoscit
1301 5443 1598 5501 vocabula
1655 5452 1744 5499 καὶ

217 5618 321 5690 (zz)
353 5620 441 5675 E0
467 5635 585 5676 non
627 5651 694 5659 —-
732 5620 1033 5676 errabant.
1087 5619 1446 5676 Exciderunt
1498 5627 1739 5691 conatu,

143 5689 243 5744 illo
277 5689 394 5744 non
426 5692 478 5744 in
493 5697 687 5745 vento.

217 5763 295 5831 (α)
332 5763 604 5834 Quaedam
645 5764 749 5818 irae
793 5769 1094 5820 tumorem.
1129 5763 1283 5821 Iram
1315 5763 1629 5836 paululum
1655 5782 1740 5824 re-

1857 5231 2130 5288 ἐδίδασκε.

1925 5308 2040 5373 (90)
2073 5307 2213 5377 Μετᾷ
2243 5305 2420 5377 πάσης
2461 5306 2645 5377 σοφίας
2674 5307 2735 5358 Α.

1925 5379 2040 5441 191)
2070 5376 2261 5430 Malim
2299 5375 2458 5443 ἐστιν,
2492 5375 2866 5447 ἠαύτοσόφία.

1926 5450 2040 5519 (9'2)
2070 5453 2169 5500 Καὶ
2204 5447 2477 5509 θελήσιως.
2518 5446 2742 5502 Abeunt
2765 5446 2833 5503 Δ.

1852 5625 2102 5681 missam
2134 5639 2264 5696 esse
2295 5623 2474 5679 Paulo
2507 5628 2643 5679 ante
2675 5627 2761 5680 est
2791 5625 3150 5696 χαυνωθῆναι.

1922 5697 2001 5768 (ὁ)
2049 5696 2156 5753 Sui
2193 5695 2650 5752 admirationem.
2710 5691 3173 5768 lm'perterritum
3235 5691 3508 5750 animum

1851 5784 2048 5828 suum.
