4098 6466
116 342 282 401 1269

1145 345 1515 404 COMMENT.
1560 346 1630 404 IN
1656 346 1997 407 JOANNEM.
2040 378 2106 391 —
2148 346 2303 405 CAP.
2345 345 2465 403 VII.

3386 332 3523 394 1270

209 470 499 543 Ἀπεκρίθη
550 501 619 511 -
675 467 976 524 ἀποκτεῖναι
1014 486 1028 536 ;
1085 470 1144 524 '0
1197 472 1355 544 ὄχλος
1405 479 1558 528 τοῦτό
1619 494 1741 547 φησι

1928 473 2096 530 Vers.
2126 473 2216 529 20.
2259 470 2575 543 Respondit
2603 500 2673 510 -—
2696 465 3045 537 interﬁcere.
3074 461 3196 520 Hoc
3224 457 3369 519 dicit
3394 462 3521 519 tur-

117 563 492 634 χαριζόμενος
539 566 648 622 τοῖς
695 560 953 634 ἄρχουσι.
1018 567 1119 614 Καὶ
1193 561 1474 636 ὑϐρίζουσι
1530 567 1619 636 μὲν
1664 568 1750 617 τὸν

121 657 299 721 τιμῆς
352 648 601 716 ἐπέκεινα,
659 649 725 710 εἰς
775 655 931 722 τιμὴν
982 646 1139 709 δῆθεν
1199 660 1299 703 τῶν
1353 651 1548 725 ῦϐρεως
1596 652 1751 716 ἀξίων

124 739 417 812 ἀρχόντων
450 755 461 767 ”
494 737 765 813 ἀρνοῦνται
799 735 857 792 δὲ
887 742 970 791 τόν
1006 743 1153 811 φόνον
1196 736 1289 792 διὰ
1334 744 1392 792 τό
1437 744 1620 813 μύσος,
1662 747 1751 794 καὶ

130 825 226 876 ἵνα
266 824 559 898 ἀφύλακτος
583 827 764 879 λοιπόν
792 835 1030 900 καταστῇ
1064 835 1174 890 τοῖς
1219 828 1607 883 ἐπιϐουλεύουσι

130 918 299 976 Γνοὺς
344 912 402 968 δὲ
432 916 618 978 αὐτοὺς
660 915 1145 988 ἀναισχυντοῦντας
1200 923 1289 970 καὶ
1341 919 1408 979 εἰς
1457 917 1618 994 ὀργὴν
1647 923 1718 972 πά

126 1001 222 1055 λιν
293 1006 744 1077 ὑποκινουμένους,
785 1005 974 1078 ἀφίησι
1044 1009 1134 1079 μὲν
1191 1007 1277 1060 ἐπὶ
1345 1007 1493 1061 πλέον
1553 1008 1745 1080 ἐλέγξαι

128 1096 379 1159 τούτους,
421 1096 505 1145 ἶνα
543 1099 614 1167 μὴ
674 1094 1141 1170 ἀναισχυντότεροι
1174 1100 1458 1167 γένωνται·
1511 1102 1600 1149 καὶ
1646 1100 1746 1173 γὰρ

128 1181 236 1233 οῦκ
266 1180 501 1235 ἐϐούλετο
526 1193 757 1256 συνεχῶς
783 1188 869 1236 τόν
890 1187 1049 1256 θυμὸν
1074 1185 1241 1237 αὐτῶν
1255 1184 1507 1248 ἐξάπτειν·
1530 1186 1749 1239 ἅπτεται

128 1266 198 1324 δέ
229 1279 325 1334 τῆς
358 1270 639 1344 ἀπολογίας
670 1281 764 1336 τῆς
802 1278 919 1346 περὶ
947 1281 1040 1326 τοῦ
1066 1273 1353 1327 Σαϐϐάτου.

209 1449 492 1524 Ἀπεκρίθη
547 1483 616 1492 —
667 1453 982 1524 θαυμάζετε.
1034 1451 1121 1506 Ἐν
1166 1456 1313 1527 ἔργον
1360 1453 1516 1526 λέγει,
1560 1458 1655 1513 τὴν
1698 1452 1746 1506 έν

126 1538 388 1611 Σαϐϐάτῳ
435 1542 609 1612 ὑγείαν
653 1548 745 1594 τοῦ
799 1544 1077 1614 τριάκοντα
1129 1548 1219 1595 καὶ
1266 1542 1400 1594 ὀκτὼ
1458 1546 1543 1601 ἔτη
1599 1546 1747 1615 ἔχον-

127 1647 224 1688 τος
256 1628 307 1681 ἐν
343 1637 404 1687 τῆ
462 1629 719 1702 ἀσθενείᾳ,
753 1635 871 1703 περὶ
921 1631 981 1683 οῦ
1026 1635 1084 1684 τὸ
1134 1628 1354 1704 ἕϐδομον
1416 1634 1614 1708 ἱστορεῖ
1655 1652 1744 1686 κε-

128 1718 375 1788 φάλαιον.
438 1722 536 1771 Καὶ
600 1721 783 1781 πάντες
841 1720 1152 1792 θαυμάζετε,
1203 1724 1364 1793 ἤγουν
1420 1720 1741 1796 θορυϐεῖσθε,

1861 562 1958 629 ba,
1984 562 2195 619 volens
2225 578 2350 618 rem
2380 565 2612 632 gratam
2644 561 2931 630 praestare
2960 550 3439 622 magistratibus.
3465 552 3524 606 et

1861 668 2000 707 eum
2021 653 2381 726 quiomnem
2409 649 2638 706 excedit
2669 648 2961 702 honorem
2982 640 3204 713 injuria
3229 638 3518 704 afﬁciunt,

1860 739 1919 794 in
1944 741 2195 811 gratiam
2228 738 2575 812 primatum,
2615 737 2717 809 qui
2748 734 2968 806 injuria
2996 730 3163 801 digni
3194 731 3381 785 erant.
3411 729 3523 784 Ne-

1861 833 2224 899 gantautem
2257 844 2319 884 se
2351 827 2433 883 illi
2451 839 2773 900 procurare
2799 822 3028 879 caedem
3070 822 3316 891 propter
3340 816 3520 874 scele-

1862 918 1936 973 ris
1962 918 2330 985 gravitatem,
2360 926 2418 973 et
2474 921 2537 971 ut
2582 915 2816 970 incaute
2854 910 3134 982 deinceps
3183 905 3518 971 ambulans,

1860 1008 2189 1063 traderetur
2242 1003 2712 1063 insidiatoribus.
2744 1002 2856 1073 (Η
2888 999 3090 1057 Sciens
3137 1000 3361 1061 autem,
3413 1010 3519 1053 eos

1856 1096 2234 1168 impudentes
2262 1111 2394 1152 esse
2416 1112 2482 1151 ac
2504 1109 2709 1151 rursus
2730 1093 2809 1148 ad
2834 1091 2986 1147 iram
3017 1086 3271 1153 incitari,
3299 1084 3521 1142 omittit

1856 1185 2095 1258 quidem
2125 1186 2317 1256 magis
2334 1201 2437 1242 eos
2463 1197 2733 1255 arguere,
2758 1196 2832 1238 ne
2857 1177 3328 1251 impudentiores
3348 1174 3516 1232 ﬁant.

1857 1274 2103 1331 Nolebat
2132 1275 2291 1331 enim
2322 1274 2609 1330 continuo
2647 1287 2751 1328 eos
2801 1269 2879 1326 ad
2917 1268 3070 1325 iram
3114 1264 3515 1322 inﬂammare.

1856 1363 2060 1434 Incipit
2087 1368 2288 1419 autem
2320 1362 2735 1419 defensionem
2766 1361 3003 1432 propter
3032 1354 3407 1426 Sabbatum.)

1929 1455 2087 1508 Vers.
2116 1454 2205 1508 21.
2247 1452 2562 1522 Respondit
2591 1482 2661 1491 -—
2692 1445 3020 1506 miramini.
3046 1476 3116 1485 —
3150 1445 3339 1502 Unum
3366 1457 3516 1513 opus

1854 1540 2015 1607 dicit,
2048 1541 2205 1597 illius
2238 1541 2297 1596 in
2348 1540 2606 1598 Sabbato
2637 1539 3031 1602 curationem,
3063 1533 3163 1606 qui
3194 1532 3433 1603 triginta
3459 1536 3519 1587 et

1855 1636 1989 1687 octo
2017 1631 2280 1687 annosin
2311 1631 2653 1687 inﬁrmitate
2674 1630 2923 1695 vixerat,
2953 1625 3030 1682 de
3055 1639 3173 1697 quo
3189 1621 3513 1694 septimum

1853 1724 2061 1776 narrat
2088 1724 2291 1791 caput.
2330 1721 2402 1775 Et
2429 1734 2627 1776 omnes
2653 1715 2979 1780 miramini,
3013 1712 3139 1768 sive
3163 1708 3510 1776 turbamini,

127 1807 498 1879 ταράττεσθε·
535 1806 677 1859 οὗτοι
730 1811 830 1883 γὰρ
889 1804 1024 1866 ἦσαν
1082 1810 1133 1860 οἱ
1194 1815 1308 1861 τότε
1359 1814 1599 1881 μανέντες
1654 1814 1741 1861 καὶ

1854 1814 1960 1864 aut
1986 1809 2434 1866 tumultuamini
2469 1826 2483 1876 ;
2513 1824 2655 1865 nam
2712 1806 2774 1863 hi
2798 1809 2990 1871 erant,
3036 1802 3142 1875 qui
3166 1817 3240 1858 ex
3268 1816 3339 1857 eo
3370 1803 3515 1857 tem-

128 1896 314 1947 ἔκτοτε
380 1895 654 1958 ζητοῦντες
719 1897 878 1948 αὐτόν
931 1895 1252 1951 ἀποκτεῖναι.
1307 1895 1429 1950 Εἶτα
1470 1898 1607 1971 λέγει
1663 1900 1742 1951 ὅτι

130 1988 375 2044 Μωυσῆς
431 1981 727 2059 παρέδωκεν
786 1986 963 2047 αὐτοῖς
1030 1991 1125 2044 τὴν
1178 1991 1480 2059 περιτομὴν,
1540 1994 1629 2040 καὶ
1693 1986 1741 2039 έν

131 2069 390 2143 Σαϐϐάτῳ
419 2077 833 2146 περιτέμνουσιν,
870 2076 990 2126 ὅταν
1041 2071 1249 2133 δηλαδὴ
1285 2077 1313 2134 ἡ
1367 2072 1531 2146 ὀγδόη
1574 2078 1743 2150 ἡμέρα

124 2167 222 2212 τοῦ
262 2157 483 2213 παιδίου
532 2161 603 2222 εἰς
641 2161 903 2215 Σαϐϐατον
958 2170 1257 2236 καταντήσῃ
1289 2184 1301 2196 ·
1347 2167 1522 2217 ἔπειτα
1562 2166 1741 2218 συλλο-

123 2249 362 2319 γίζεται,
397 2251 477 2301 ὅτι
510 2250 568 2304 Εἰ
596 2254 955 2324 περιτέμνεται
980 2253 1253 2327 ἄνθρωπος
1297 2252 1345 2304 ἐν
1380 2253 1623 2326 Σαϐϐάτῳ
1655 2257 1738 2325 (τὸ

127 2334 193 2390 δε
222 2343 542 2412 περιτέμνειν
586 2341 778 2411 ἔργον),
822 2349 927 2400 πῶς
967 2342 1062 2393 ούκ
1104 2341 1359 2413 ἐγκαλεῖτε
1409 2351 1620 2397 Μωυσεῖ
1665 2352 1737 2415 τῷ

126 2425 464 2500 ἐντειλαμένῳ
495 2431 642 2500 ἔργον
673 2428 721 2481 έν
754 2429 997 2502 Σαϐϐάτῳ
1030 2450 1046 2500 ;

206 2518 304 2568 Διά
340 2548 398 2557 -
450 2518 740 2591 ἄνθρωπον.
770 2522 839 2570 T0
886 2521 980 2570 Διά
1018 2527 1175 2571 τοῦτο
1205 2519 1300 2573 οῦκ
1357 2523 1469 2574 ἔστι
1517 2530 1606 2573 νῦν
1648 2523 1735 2574 αἰ-

123 2603 445 2675 τιολογικόν,
538 2604 644 2657 ἀλλ’
720 2606 894 2667 ἁπλῶς
970 2615 1138 2660 κεῖται
1236 2612 1372 2661 κατά
1460 2613 1735 2669 συνήθειαν

126 2691 433 2767 Ἐϐραῑκήν.
493 2698 646 2766 Λέγει
695 2692 755 2748 δε
800 2697 881 2748 ὅτι
946 2703 1178 2757 Μωυσῆς
1242 2695 1542 2772 παρέδωκεν
1615 2702 1736 2772 ύμῖν

124 2785 227 2840 τὴν
307 2787 613 2857 περιτομὴν,
703 2789 794 2837 καὶ
914 2784 962 2837 ἐν
1081 2785 1327 2859 Σαϐϐάτῳ
1413 2793 1734 2862 περιτέμνετε

123 2872 422 2945 ἄνθρωπον·
492 2875 557 2924 τὰ
609 2869 659 2925 δ’
718 2873 768 2925 ἐν
838 2882 911 2944 τῷ
966 2879 1108 2946 μέσῳ
1171 2876 1306 2948 ῥητά
1357 2879 1566 2942 τέθεικε,
1627 2874 1736 2931 δει-

122 2964 294 3012 κνύων
357 2963 457 3025 ὄτι,
511 2962 569 3014 Εἰ
618 2967 707 3014 καὶ
762 2970 991 3024 Μωυσῆς
1036 2961 1334 3036 παρέδωκεν
1382 2968 1501 3037 ὑμῖν
1552 2968 1730 3032 αὐτὴν,

125 3047 237 3100 ἀλλ’
270 3050 357 3100 οῦν
406 3050 724 3123 παλαιοτέρα
770 3052 930 3103 αὐτοῦ
992 3049 1072 3109 ἧν.
1129 3058 1266 3109 Φησὶ
1319 3056 1438 3126 γάρ’
1484 3056 1595 3127 Οὐχ
1654 3058 1731 3108 ὃτι

126 3136 186 3188 ἐκ
230 3145 319 3188 τοῦ
394 3143 658 3199 Μωυσέως
717 3140 852 3207 ἐστι,
918 3145 1161 3192 τουτέστι
1234 3140 1536 3214 Παρέὸωκεν
1612 3146 1733 3216 ὑμῖν
1773 3178 1811 3231 C

128 3225 314 3291 αυτὴν,
347 3226 451 3297 οὐχ
483 3229 563 3278 ὅτι
604 3226 658 3278 ἐκ
688 3236 782 3288 τῆς
831 3228 991 3279 αὐτοῦ
1046 3231 1345 3300 νομοθεσίας
1396 3230 1565 3305 ἀρχὴν
1604 3233 1731 3305 λαμ-

128 3313 291 3379 ϐάνει,
347 3315 453 3385 οὐχ
502 3317 582 3367 ὅτι
635 3318 805 3368 ἔκτοτε
858 3335 1101 3389 αρχεται,
1162 3316 1268 3368 ἀλλ’
1327 3317 1381 3370 ἐκ
1439 3329 1537 3370 τῶν
1581 3326 1734 3374 πατέ-

124 3422 228 3475 ρων
291 3402 430 3471 έστὶ,
488 3412 588 3455 τῶν
640 3408 759 3476 περί
795 3403 1033 3477 Ἀϐραάμ
1087 3423 1100 3434 ·
1156 3408 1329 3477 ἐκείνῳ
1380 3409 1481 3481 γὰρ
1541 3413 1732 3479 πρώτῳ

129 3491 336 3549 ἐνετάλη
356 3511 368 3524 ·
403 3496 493 3544 καὶ
517 3492 653 3565 ὅμως
670 3491 976 3546 ἐπείσακτον
999 3491 1188 3547 δοκοῦν
1208 3501 1514 3569 κυριώτερον
1536 3500 1733 3565 γίνεται

128 3588 222 3633 τοῦ
256 3579 544 3633 Σαϐϐάτου.

197 3670 257 3724 Εἰ
305 3701 365 3710 --
411 3670 693 3742 Σαϐϐάτῳ;
733 3671 843 3726 Ἵνα
896 3676 969 3744 μὴ
1028 3671 1255 3746 ἀθετηθῇ
1312 3676 1337 3726 ό
1376 3680 1532 3748 νόμος
1579 3682 1731 3730 Μωυ-

135 3763 281 3824 σέως,
327 3760 353 3811 ό
406 3764 522 3834 περὶ
570 3768 662 3821 τῆς
702 3769 1008 3836 περιτομῆς.
1062 3769 1165 3815 Τοῦ
1214 3768 1474 3827 Μωυσέως
1526 3761 1587 3817 δὲ
1643 3765 1733 3817 αύ-

131 3851 215 3900 τόν
274 3845 431 3917 εἶπεν,
488 3851 552 3909 ὡς
609 3849 696 3902 ὑπ’
745 3852 906 3902 αυτοῦ
950 3848 1334 3923 παραδοθέντα,
1375 3855 1548 3915 καθὼς
1595 3854 1730 3928 εἰρή-

128 3957 303 4009 καμεν.
381 3943 519 3996 Φησὶ
590 3943 761 3990 τοίνυν
832 3941 913 3992 ὅτι
993 3940 1053 3994 Εἰ
1116 3947 1401 4015 περιτομὴν
1480 3942 1730 4016 λαμϐάνει

128 4028 393 4101 ἄνθρωπος
466 4030 514 4079 ἓν
590 4026 857 4100 Σαϐϐάτῳ,
921 4028 1035 4101 ἐμοὶ
1099 4029 1391 4105 ὀργίζεσθε,
1453 4033 1534 4084 ὅτι
1609 4032 1727 4086 ῶου

128 4115 395 4191 ἀνθρώπου
439 4117 615 4188 ὑγείαν
664 4117 1009 4191 εἰργασάμην,
1062 4117 1263 4191 ἀφέντες
1304 4120 1469 4191 χολᾷν
1514 4129 1732 4176 Μωυσεῖ

128 4209 225 4279 πρὸ
273 4204 399 4277 ἐμοῦ
437 4213 507 4276 τῷ
572 4204 902 4278 ἐπιτρέψανιι
957 4206 1273 4282 ἐργάζεσθαι
1337 4215 1622 4283 περιτομὴν
1676 4212 1725 4264 ἐν

131 4292 372 4365 Σαϐϐάτῳ
404 4312 416 4361 ;

195 4381 342 4435 Ὀλον
397 4379 456 4435 δὲ
503 4386 772 4456 ἄνθρωπον
840 4389 1030 4461 εἴρηκε,
1092 4382 1232 4438 διότι
1284 4386 1395 4439 ὅλον
1461 4391 1518 4439 τό
1573 4397 1726 4461 σῶμα

131 4469 283 4523 αὐτοῦ
310 4471 740 4545 παραλελυμένον,
781 4473 895 4525 ὅλον
925 4476 1067 4545 ύγιες
1097 4473 1339 4533 ἐποίησεν
1375 4497 1387 4510 ·
1433 4476 1461 4534 ἦ
1496 4475 1722 4545 ἐνέφηνεν

131 4560 203 4611 ὅτι
249 4559 307 4611 ού
350 4565 409 4611 1'0
456 4569 608 4633 σῶμα
651 4566 825 4633 μόνον,
882 4562 1008 4616 ἀλλά
1056 4568 1144 4616 καὶ
1194 4569 1286 4622 τὴν
1349 4565 1535 4637 ψυχήν
1563 4566 1723 4618 αὐτοῦ

133 4648 450 4722 ἐθεράπευσε.

201 4742 283 4796 Μὴ
317 4769 385 4777 -
429 4738 566 4809 ἄψιν.
614 4744 699 4797 Μὴ
736 4744 931 4813 κρίνετε
974 4742 1508 4815 προσωποληπτικῶς,
1537 4741 1722 4795 έκεῖνον

133 4830 217 4900 μὲν
241 4830 308 4889 ὡς
332 4829 453 4901 παρ’
484 4829 606 4900 ύμῖν
655 4833 814 4900 μέγαν
861 4834 950 4881 καὶ
1002 4828 1204 4893 ἔνδοξον
1256 4830 1479 4904 ἀφιέντες
1528 4833 1720 4900 αἰτίας,

133 4917 215 4990 ἔμε
245 4913 302 4969 δε
332 4920 397 4978 ὡς
426 4917 597 4976 εὐτελῆ
631 4923 720 4971 καὶ
754 4915 943 4982 ἄδοξον
973 4923 1291 4993 αἰτιώμενοι.

201 5005 348 5057 Ἀλλὰ
406 5038 475 5046 -
504 5010 728 5081 κρίνατε.
783 5011 870 5066 Μὴ
920 5012 1046 5083 πρὸς
1090 5012 1153 5062 τὰ
1204 5015 1461 5087 πρόσωπα
1505 5010 1724 5085 βλέπον-

135 5110 230 5160 τες,
278 5091 403 5146 ἀλλὰ
450 5099 580 5169 πρὸς
625 5098 692 5149 τὰ
741 5098 1049 5171 πράγματα.
1117 5103 1216 5152 Καὶ
1269 5099 1451 5174 ἑτέρως
1486 5103 1610 5176 γάρ’
1661 5100 1720 5155 Ἡ

1852 1913 1996 1971 pore
2010 1898 2371 1954 insanientes
2385 1897 2739 1970 quaerebant
2760 1911 2896 1951 eum
2918 1892 3262 1949 interﬁcere.
3292 1887 3515 1946 Deinde

1853 1986 1934 2043 ait
1966 2003 1979 2043 :
2013 1987 2197 2043 Moses
2227 1987 2478 2044 tradidit
2524 1986 2683 2044 vobis
2733 1983 3256 2046 circumcisionem,
3288 1978 3342 2035 ei
3370 1978 3515 2034 Sab-

1848 2077 1993 2133 bato
2007 2077 2462 2143 circumcidunt,
2481 2076 2728 2150 quando
2759 2073 3032 2131 videlicet
3060 2074 3307 2128 octavus
3325 2067 3513 2125 infan-

1850 2168 1920 2222 tis
1952 2166 2078 2221 dies
2108 2166 2374 2223 Sabbato
2404 2165 2743 2223 occurrerit.
2772 2166 2902 2220 tam
2948 2175 3092 2232 ergo
3130 2161 3511 2229 argumenta-

1850 2256 1987 2311 tur:
2034 2255 2090 2312 Si
2145 2255 2410 2312 Sabbato
2467 2253 2908 2311 circumciditur
2942 2251 3148 2315 homo,
3199 2245 3511 2321 quomodo

1847 2358 1991 2414 ergo
2025 2344 2097 2399 de
2123 2344 2591 2400 circumcisionis
2622 2359 2796 2415 opere
2817 2343 3017 2397 Mosen
3043 2352 3166 2395 non
3196 2333 3504 2400 accusatis,

1845 2433 2013 2505 quod
2043 2448 2197 2505 opus
2243 2433 2372 2488 ﬁeri
2411 2432 2760 2506 praeceperit
2800 2431 2862 2487 in
2895 2428 3157 2486 Sabbato
3195 2426 3224 2483 ?

1918 2522 2082 2577 Vers.
2116 2526 2205 2577 22.
2233 2522 2549 2591 Propterea
2593 2552 2663 2562 —
2692 2520 3005 2577 hominem.
3034 2515 3215 2572 Dictio
3240 2515 3511 2584 Propter-

1845 2626 1933 2677 ea,
1963 2627 2083 2667 non
2115 2617 2206 2667 est
2234 2611 2327 2667 hic
2352 2627 2546 2667 cauete
2576 2610 2891 2674 redditiva,
2919 2606 3022 2664 sed
3060 2603 3295 2676 vulgari
3326 2600 3508 2659 modo

1844 2716 1914 2755 ac
1942 2699 2237 2771 superﬂue
2256 2699 2547 2755 Hebraico
2570 2713 2734 2755 more
2754 2696 3015 2769 ponitur.
3034 2693 3179 2751 Dicit
3196 2707 3360 2763 ergo,
3385 2690 3509 2747 Μο·

1844 2805 1929 2846 ses
1950 2790 2203 2845 tradidit
2221 2789 2376 2845 vobis
2390 2788 2922 2851 circumcisionem,
2946 2790 3000 2842 et
3022 2783 3086 2839 in
3109 2782 3363 2839 Sabbato
3393 2781 3510 2837 cir-

1845 2877 2178 2934 cumciditis
2192 2878 2497 2933 hominem.
2515 2878 2653 2943 Quae
2665 2880 2866 2932 autem
2881 2876 2940 2930 in
2960 2871 3157 2929 medio
3171 2876 3312 2926 sunt
3322 2869 3509 2926 verba

1846 2966 2093 3032 addidit,
2112 2968 2435 3023 ostendens
2447 2966 2614 3039 quod
2631 2966 2965 3022 licetMoses
2986 2961 3152 3019 illam
3172 2958 3503 3029 tradiderit,

1844 3062 2107 3111 attamen
2138 3060 2276 3110 ante
2301 3056 2468 3110 illum
2496 3054 2706 3111 fuerat.
2736 3055 2826 3109 Ait
2854 3053 3014 3109 enim
3048 3067 3061 3107 :
3102 3066 3216 3107 non
3248 3048 3407 3121 quod
3434 3063 3506 3106 ea:

1844 3144 2004 3200 Mose
2014 3144 2377 3199 sit.Tradidit
2391 3144 2560 3200 vobis
2578 3143 2743 3199 illam
2754 3157 2894 3209 ,non
2910 3140 3074 3213 quod
3088 3156 3123 3195 a
3135 3137 3506 3208 legislatione

1846 3233 2204 3305 principium
2227 3238 2452 3287 sumat:
2475 3247 2597 3288 non
2615 3234 2778 3303 quod
2807 3236 2945 3286 tunc
2966 3228 3283 3300 inceperit:
3310 3227 3418 3284 sed
3430 3243 3504 3285 ex

1845 3322 2109 3394 patribus
2129 3321 2341 3393 est,qui
2360 3320 2724 3392 tempore(d)
2742 3319 3040 3376 Abraham
3057 3317 3298 3374 fuerunt
3322 3332 3337 3384 ;
3358 3332 3503 3374 nam

1842 3410 1927 3468 illi
1958 3411 2221 3483 primum
2242 3410 2385 3467 data
2407 3415 2494 3465 est
2521 3410 2583 3465 in
2623 3410 2992 3480 praeceptum
3018 3410 3075 3463 et
3102 3410 3329 3470 tamen,
3356 3420 3501 3462 cum

1845 3498 2088 3555 aliunde
2118 3498 2372 3556 ascititia
2389 3497 2680 3563 videatur,
2693 3494 2922 3553 ﬁrmior
2940 3494 3203 3552 Sabbato
3225 3492 3499 3551 eﬂlcitur.

1917 3676 2078 3734 Vers.
2108 3677 2197 3735 23.
2240 3677 2310 3734 Si
2349 3706 2416 3718 —
2456 3675 2703 3733 Sabbato
2732 3673 2761 3730 ‘t
2806 3676 2879 3731 Ut
2925 3687 3049 3730 non
3083 3674 3505 3730 contemnatur

1840 3766 1933 3823 lex
1966 3766 2324 3839 Mosis,qute
2341 3766 2414 3821 de
2437 3763 2890 3822 circumsicione
2924 3767 3034 3819 est.
3068 3761 3270 3835 Ipsam
3300 3764 3505 3818 autem

1840 3855 2199 3920 dixitMosis,
2216 3861 2509 3928 tanquam
2536 3853 2615 3911 ab
2645 3870 2717 3910 eo
2738 3852 3041 3922 traditam,
3069 3851 3234 3908 sicuti
3246 3849 3504 3907 diximus

1839 3946 1931 4001 Ait
1967 3961 2098 4017 ergo
2135 3963 2148 4001 :
2180 3944 2242 4002 Si
2289 3944 2789 4002 circumcisionem
2822 3943 3035 4012 accipit
3070 3942 3243 3999 homo
3272 3942 3337 3998 in
3363 3939 3501 3998 Sab-

1840 4035 1991 4100 bato,
2022 4035 2164 4092 mihi
2175 4035 2529 4099 irascimini,
2563 4035 2724 4107 quod
2750 4038 2936 4090 totum
2968 4032 3262 4089 hominem
3290 4044 3503 4087 sanum

1836 4124 2198 4181 reddiderim
2224 4125 2286 4178 in
2314 4124 2595 4188 Sabbato,
2625 4140 2761 4179 cum
2800 4121 2944 4179 Mosi
3002 4136 3125 4178 non
3169 4120 3300 4177 sitis
3352 4119 3505 4175 indi-

1836 4214 2019 4282 gnati,
2044 4212 2309 4285 quiante
2371 4229 2467 4268 me
2515 4211 2786 4284 permisit
2829 4209 3343 4267 circumcisionem
3371 4207 3500 4264 ﬁeri

1836 4302 1896 4355 in
1931 4300 2194 4357 Sabbato
2225 4299 2253 4355 ?
2304 4302 2507 4357 Totum
2556 4306 2760 4356 autem
2808 4298 3103 4356 hominem
3128 4295 3275 4353 dixit
3306 4312 3320 4362 ;
3353 4310 3498 4353 nam

1834 4405 1969 4444 cum
1989 4393 2176 4445 totum
2207 4389 2331 4459 ejus
2348 4404 2566 4461 corpus
2594 4385 2859 4460 paralysi
2875 4385 3233 4442 dissolutum
3262 4383 3495 4450 fuisset,

1835 4484 2023 4534 totum
2042 4478 2295 4534 reddidit
2321 4493 2536 4535 sanum
2565 4496 2578 4545 ;
2604 4482 2707 4533 aut
2729 4474 3007 4542 ostendit,
3039 4473 3202 4548 quod
3223 4488 3346 4531 non
3369 4487 3499 4531 cor-

1835 4583 1942 4639 pus
1971 4572 2223 4634 tantum,
2256 4566 2362 4623 sed
2418 4571 2475 4623 et
2506 4565 2773 4623 animam
2813 4565 2944 4638 ejus
2973 4563 3303 4620 curaverit..

1905 4745 2075 4802 Vers.
2098 4745 2187 4801 24.
2220 4745 2420 4803 Nolite
2441 4777 2510 4786 —
2534 4751 2855 4815 aspectum.
2879 4745 2959 4800 Ne
2985 4741 3396 4815 judicaveritis
3420 4758 3494 4800 ex

1833 4834 2170 4906 acceptione
2186 4850 2600 4907 personarum,
2644 4832 2725 4889 illi
2745 4831 3015 4906 quidem,
3030 4836 3319 4905 tanquam
3331 4833 3495 4905 apud

1833 4939 1941 4980 vos
1966 4938 2186 4995 magno
2231 4930 2289 4980 et
2321 4922 2612 4996 praeclaro
2648 4921 3010 4980 remittentes
3052 4921 3487 4989 accusationes,

1835 5028 1929 5069 me
1952 5028 2114 5077 vero,
2139 5014 2312 5086 quasi
2333 5011 2501 5069 vilem
2543 5016 2600 5070 et
2629 5012 2973 5085 inglorium,
3007 5014 3383 5069 accusantes.

1901 5102 2064 5159 Vers.
2083 5101 2171 5158 24.
2218 5102 2337 5161 Sed
2366 5102 2731 5175 -judicate.
2760 5104 2890 5160 Non
2911 5101 2992 5161 ad
3010 5116 3293 5175 personas
3321 5115 3491 5175 spec-

1357 5303 1583 5373 Variae
1620 5304 1954 5375 lectiones
1994 5316 2060 5374 et
2114 5316 2297 5376 nota:

194 5518 264 5591 (2)
288 5520 335 5574 Α
367 5536 508 5577 voce
533 5526 685 5594 γνοὺς
707 5523 784 5579 ad
816 5522 1001 5581 ﬁnem
1028 5524 1233 5582 scholii
1286 5525 1501 5584 omittit
1546 5527 1889 5585 ﬂentenius.

197 5723 271 5797 (ιι)
295 5724 402 5794 Qui
422 5732 701 5797 tempore,
728 5731 837 5784 etc.
870 5727 1194 5787 Abrahami
1214 5728 1523 5788 nimirum.
