  <div class='ocr_page' id='page_1' title='image "/cluster/home/n/w/nwhite01/storage/ocr_20150623/129/hvd.32044019208511/703.png"; bbox 0 0 4098 6442; ppageno 0'>
   <div class='ocr_carea' id='block_1_1' title="bbox 606 311 4018 392">
    <p class='ocr_par' dir='ltr' id='par_1_1' title="bbox 606 311 4018 392">
     <span class='ocr_line' id='line_1_1' title="bbox 606 311 4018 392; baseline 0.002 -20"><span class='ocrx_word' id='word_1_1' title='bbox 606 311 734 372; x_wconf 71' lang='lat'><strong>1271</strong></span> <span class='ocrx_word' id='word_1_2' title='bbox 1948 318 2289 376; x_wconf 69' lang='lat' dir='ltr'><strong>IzLITm&#39;mI</strong></span> <span class='ocrx_word' id='word_1_3' title='bbox 2331 321 2650 380; x_wconf 69' lang='lat' dir='ltr'><strong>210mm</strong></span> <span class='ocrx_word' id='word_1_4' title='bbox 3865 338 4018 392; x_wconf 66' lang='grc' dir='ltr'><strong>ητε</strong></span> 
     </span>
    </p>
   </div>
   <div class='ocr_carea' id='block_1_2' title="bbox 600 439 2218 534">
    <p class='ocr_par' dir='ltr' id='par_1_2' title="bbox 600 439 2214 514">
     <span class='ocr_line' id='line_1_2' title="bbox 600 439 2214 514; baseline 0.002 -16"><span class='ocrx_word' id='word_1_5' title='bbox 600 445 812 507; x_wconf 87' lang='lat' dir='ltr'><strong>tantes,</strong></span> <span class='ocrx_word' id='word_1_6' title='bbox 841 439 944 496; x_wconf 87' lang='lat' dir='ltr'><strong>sed</strong></span> <span class='ocrx_word' id='word_1_7' title='bbox 957 439 1036 496; x_wconf 92' lang='lat' dir='ltr'><strong>ad</strong></span> <span class='ocrx_word' id='word_1_8' title='bbox 1065 455 1160 496; x_wconf 89' lang='lat' dir='ltr'><strong>res</strong></span> <span class='ocrx_word' id='word_1_9' title='bbox 1186 440 1368 514; x_wconf 87' lang='lat' dir='ltr'><strong>ipsas.</strong></span> <span class='ocrx_word' id='word_1_10' title='bbox 1397 443 1540 499; x_wconf 94' lang='lat' dir='ltr'><strong>Item</strong></span> <span class='ocrx_word' id='word_1_11' title='bbox 1569 446 1625 500; x_wconf 89' lang='lat' dir='ltr'><strong>et</strong></span> <span class='ocrx_word' id='word_1_12' title='bbox 1649 444 1818 501; x_wconf 84' lang='lat' dir='ltr'><strong>aliter</strong></span> <span class='ocrx_word' id='word_1_13' title='bbox 1846 443 2214 502; x_wconf 88' lang='lat' dir='ltr'><strong>:Circumcisi</strong></span> 
     </span>
    </p>
   </div>
   <div class='ocr_carea' id='block_1_3' title="bbox 2401 439 4019 534">
    <p class='ocr_par' dir='ltr' id='par_1_3' title="bbox 2401 449 4019 534">
     <span class='ocr_line' id='line_1_3' title="bbox 2401 449 4019 534; baseline 0.01 -34"><span class='ocrx_word' id='word_1_14' title='bbox 2401 449 2463 500; x_wconf 71' lang='lat' dir='ltr'><strong>L&#39;sv</strong></span> <span class='ocrx_word' id='word_1_15' title='bbox 2524 454 2776 522; x_wconf 72' lang='grc' dir='ltr'>περιτομὴ</span> <span class='ocrx_word' id='word_1_16' title='bbox 2833 461 3048 524; x_wconf 76' lang='grc' dir='ltr'>σημεῖον</span> <span class='ocrx_word' id='word_1_17' title='bbox 3109 451 3169 513; x_wconf 78' lang='grc' dir='ltr'>ἦν</span> <span class='ocrx_word' id='word_1_18' title='bbox 3221 459 3373 528; x_wconf 80' lang='grc' dir='ltr'>μόνον</span> <span class='ocrx_word' id='word_1_19' title='bbox 3438 458 3687 534; x_wconf 80' lang='grc' dir='ltr'>Ἐϐραίου</span> <span class='ocrx_word' id='word_1_20' title='bbox 3747 477 3763 489; x_wconf 88' lang='grc'><strong><em>⁸</em></strong></span> <span class='ocrx_word' id='word_1_21' title='bbox 3823 464 3893 513; x_wconf 80' lang='grc' dir='ltr'>τὸ</span> <span class='ocrx_word' id='word_1_22' title='bbox 3959 461 4019 516; x_wconf 64' lang='grc' dir='ltr'><strong>δε</strong></span> 
     </span>
    </p>
   </div>
   <div class='ocr_carea' id='block_1_4' title="bbox 597 530 2215 625">
    <p class='ocr_par' dir='ltr' id='par_1_4' title="bbox 597 530 2215 606">
     <span class='ocr_line' id='line_1_4' title="bbox 597 530 2215 606; baseline 0.003 -21"><span class='ocrx_word' id='word_1_23' title='bbox 597 530 843 602; x_wconf 86' lang='lat' dir='ltr'><strong>quidem</strong></span> <span class='ocrx_word' id='word_1_24' title='bbox 868 530 1062 586; x_wconf 91' lang='lat' dir='ltr'><strong>solum</strong></span> <span class='ocrx_word' id='word_1_25' title='bbox 1092 530 1362 588; x_wconf 70' lang='lat' dir='ltr'><strong>Hebraais</strong></span> <span class='ocrx_word' id='word_1_26' title='bbox 1402 533 1641 602; x_wconf 80' lang='lat' dir='ltr'><strong>signum</strong></span> <span class='ocrx_word' id='word_1_27' title='bbox 1664 541 1788 591; x_wconf 87' lang='lat' dir='ltr'><strong>erat</strong></span> <span class='ocrx_word' id='word_1_28' title='bbox 1821 550 1833 587; x_wconf 92' lang='lat'><strong>:</strong></span> <span class='ocrx_word' id='word_1_29' title='bbox 1863 535 2028 606; x_wconf 90' lang='lat' dir='ltr'><strong>quod</strong></span> <span class='ocrx_word' id='word_1_30' title='bbox 2054 540 2215 591; x_wconf 77' lang='lat' dir='ltr'><strong>auter</strong></span> 
     </span>
    </p>
   </div>
   <div class='ocr_carea' id='block_1_5' title="bbox 2394 530 4012 625">
    <p class='ocr_par' dir='ltr' id='par_1_5' title="bbox 2394 537 4012 625">
     <span class='ocr_line' id='line_1_5' title="bbox 2394 537 4012 625; baseline 0.012 -38"><span class='ocrx_word' id='word_1_31' title='bbox 2394 538 2494 608; x_wconf 78' lang='grc' dir='ltr'>ταρ⁹</span> <span class='ocrx_word' id='word_1_32' title='bbox 2550 537 2674 610; x_wconf 66' lang='grc' dir='ltr'><strong>ἐμοῦ</strong></span> <span class='ocrx_word' id='word_1_33' title='bbox 2722 539 2972 613; x_wconf 71' lang='grc' dir='ltr'>ἔργασθεν</span> <span class='ocrx_word' id='word_1_34' title='bbox 3041 544 3317 619; x_wconf 69' lang='grc' dir='ltr'>ὁλόκληρος</span> <span class='ocrx_word' id='word_1_35' title='bbox 3374 549 3527 620; x_wconf 75' lang='grc' dir='ltr'>ὑγειο.</span> <span class='ocrx_word' id='word_1_36' title='bbox 3580 558 3677 603; x_wconf 78' lang='grc' dir='ltr'>τοῦ</span> <span class='ocrx_word' id='word_1_37' title='bbox 3735 570 4012 625; x_wconf 74' lang='grc' dir='ltr'>σεσημα-</span> 
     </span>
    </p>
   </div>
   <div class='ocr_carea' id='block_1_6' title="bbox 598 619 2582 697">
    <p class='ocr_par' dir='ltr' id='par_1_6' title="bbox 598 619 2582 697">
     <span class='ocr_line' id='line_1_6' title="bbox 598 619 2582 697; baseline 0.003 -22"><span class='ocrx_word' id='word_1_38' title='bbox 598 635 636 675; x_wconf 89' lang='lat' dir='ltr'><strong>a</strong></span> <span class='ocrx_word' id='word_1_39' title='bbox 661 636 756 676; x_wconf 89' lang='lat' dir='ltr'><strong>me</strong></span> <span class='ocrx_word' id='word_1_40' title='bbox 771 619 991 675; x_wconf 85' lang='lat' dir='ltr'><strong>factum</strong></span> <span class='ocrx_word' id='word_1_41' title='bbox 1007 625 1111 683; x_wconf 89' lang='lat' dir='ltr'><strong>est,</strong></span> <span class='ocrx_word' id='word_1_42' title='bbox 1143 621 1373 690; x_wconf 89' lang='lat' dir='ltr'><strong>integra</strong></span> <span class='ocrx_word' id='word_1_43' title='bbox 1400 621 1506 678; x_wconf 84' lang='lat' dir='ltr'><strong>fuit</strong></span> <span class='ocrx_word' id='word_1_44' title='bbox 1536 623 1757 678; x_wconf 79' lang='lat' dir='ltr'><strong>sanitas</strong></span> <span class='ocrx_word' id='word_1_45' title='bbox 1788 639 1855 679; x_wconf 89' lang='lat' dir='ltr'><strong>ac</strong></span> <span class='ocrx_word' id='word_1_46' title='bbox 1880 623 2092 680; x_wconf 88' lang='lat' dir='ltr'><strong>veritas</strong></span> <span class='ocrx_word' id='word_1_47' title='bbox 2107 626 2253 695; x_wconf 86' lang='lat' dir='ltr'><strong>ejus,</strong></span> <span class='ocrx_word' id='word_1_48' title='bbox 2375 631 2582 697; x_wconf 80' lang='grc' dir='ltr'>σμένον.</span> 
     </span>
    </p>
   </div>
   <div class='ocr_carea' id='block_1_7' title="bbox 597 708 1312 782">
    <p class='ocr_par' dir='ltr' id='par_1_7' title="bbox 597 708 1312 782">
     <span class='ocr_line' id='line_1_7' title="bbox 597 708 1312 782; baseline 0.003 -18"><span class='ocrx_word' id='word_1_49' title='bbox 597 708 764 782; x_wconf 89' lang='lat' dir='ltr'><strong>quod</strong></span> <span class='ocrx_word' id='word_1_50' title='bbox 793 708 1312 778; x_wconf 84' lang='lat' dir='ltr'><strong>signiﬁcabantur.</strong></span> 
     </span>
    </p>
   </div>
   <div class='ocr_carea' id='block_1_8' title="bbox 670 798 2288 892">
    <p class='ocr_par' dir='ltr' id='par_1_8' title="bbox 670 798 2256 875">
     <span class='ocr_line' id='line_1_8' title="bbox 670 798 2256 875; baseline 0.004 -21"><span class='ocrx_word' id='word_1_51' title='bbox 670 799 830 854; x_wconf 89' lang='lat' dir='ltr'><strong>Vers.</strong></span> <span class='ocrx_word' id='word_1_52' title='bbox 855 802 943 854; x_wconf 78' lang='lat'><strong>25.</strong></span> <span class='ocrx_word' id='word_1_53' title='bbox 975 798 1258 854; x_wconf 77' lang='lat' dir='ltr'><strong>Dicebant</strong></span> <span class='ocrx_word' id='word_1_54' title='bbox 1291 830 1357 839; x_wconf 90' lang='lat'><strong><em>—</em></strong></span> <span class='ocrx_word' id='word_1_55' title='bbox 1387 799 1551 858; x_wconf 86' lang='lat' dir='ltr'><strong>Vers.</strong></span> <span class='ocrx_word' id='word_1_56' title='bbox 1576 802 1663 856; x_wconf 80' lang='lat'><strong>26.</strong></span> <span class='ocrx_word' id='word_1_57' title='bbox 1694 801 1921 858; x_wconf 85' lang='lat' dir='ltr'><strong>dicunt.</strong></span> <span class='ocrx_word' id='word_1_58' title='bbox 1955 802 2256 875; x_wconf 79' lang='lat' dir='ltr'><strong>siquidem</strong></span> 
     </span>
    </p>
   </div>
   <div class='ocr_carea' id='block_1_9' title="bbox 2394 798 4012 892">
    <p class='ocr_par' dir='ltr' id='par_1_9' title="bbox 2443 804 4012 892">
     <span class='ocr_line' id='line_1_9' title="bbox 2443 804 4012 892; baseline 0.011 -35"><span class='ocrx_word' id='word_1_59' title='bbox 2443 804 2648 877; x_wconf 76' lang='grc' dir='ltr'>Ἔλεγον</span> <span class='ocrx_word' id='word_1_60' title='bbox 2702 839 2770 849; x_wconf 91' lang='lat'><strong>-—</strong></span> <span class='ocrx_word' id='word_1_61' title='bbox 2813 809 3045 882; x_wconf 63' lang='grc' dir='ltr'>ὶέγουσι.</span> <span class='ocrx_word' id='word_1_62' title='bbox 3109 818 3207 867; x_wconf 78' lang='grc' dir='ltr'><strong>Καὶ</strong></span> <span class='ocrx_word' id='word_1_63' title='bbox 3281 816 3379 889; x_wconf 78' lang='grc' dir='ltr'>γὰρ</span> <span class='ocrx_word' id='word_1_64' title='bbox 3463 817 3828 892; x_wconf 73' lang='grc' dir='ltr'><strong>ἐπεστόμισεν</strong></span> <span class='ocrx_word' id='word_1_65' title='bbox 3922 823 4012 873; x_wconf 64' lang='grc' dir='ltr'><strong>αὖ-</strong></span> 
     </span>
    </p>
   </div>
   <div class='ocr_carea' id='block_1_10' title="bbox 597 886 2511 959">
    <p class='ocr_par' dir='ltr' id='par_1_10' title="bbox 597 886 2511 959">
     <span class='ocr_line' id='line_1_10' title="bbox 597 886 2511 959; baseline 0.003 -18"><span class='ocrx_word' id='word_1_66' title='bbox 597 886 897 943; x_wconf 88' lang='lat' dir='ltr'><strong>silentium</strong></span> <span class='ocrx_word' id='word_1_67' title='bbox 932 887 1044 942; x_wconf 89' lang='lat' dir='ltr'><strong>illis</strong></span> <span class='ocrx_word' id='word_1_68' title='bbox 1087 887 1474 959; x_wconf 77' lang='lat' dir='ltr'><strong>imposuerat.</strong></span> <span class='ocrx_word' id='word_1_69' title='bbox 2369 898 2511 956; x_wconf 79' lang='grc' dir='ltr'>τοὺς.</span> 
     </span>
    </p>
   </div>
   <div class='ocr_carea' id='block_1_11' title="bbox 671 977 2289 1072">
    <p class='ocr_par' dir='ltr' id='par_1_11' title="bbox 671 977 2259 1054">
     <span class='ocr_line' id='line_1_11' title="bbox 671 977 2259 1054; baseline 0.006 -24"><span class='ocrx_word' id='word_1_70' title='bbox 671 977 828 1032; x_wconf 86' lang='lat' dir='ltr'><strong>Vers.</strong></span> <span class='ocrx_word' id='word_1_71' title='bbox 860 980 949 1031; x_wconf 85' lang='lat'><strong>26.</strong></span> <span class='ocrx_word' id='word_1_72' title='bbox 987 977 1136 1032; x_wconf 83' lang='lat' dir='ltr'><strong>Num</strong></span> <span class='ocrx_word' id='word_1_73' title='bbox 1181 1008 1248 1016; x_wconf 93' lang='lat'>—</span> <span class='ocrx_word' id='word_1_74' title='bbox 1282 978 1551 1034; x_wconf 73' lang='lat' dir='ltr'><strong>Christus</strong></span> <span class='ocrx_word' id='word_1_75' title='bbox 1590 980 1618 1037; x_wconf 68' lang='lat'><strong>7</strong></span> <span class='ocrx_word' id='word_1_76' title='bbox 1649 981 1806 1036; x_wconf 86' lang='lat' dir='ltr'><strong>Tunc</strong></span> <span class='ocrx_word' id='word_1_77' title='bbox 1832 981 1992 1038; x_wconf 89' lang='lat' dir='ltr'><strong>enim</strong></span> <span class='ocrx_word' id='word_1_78' title='bbox 2015 986 2071 1037; x_wconf 93' lang='lat' dir='ltr'><strong>et</strong></span> <span class='ocrx_word' id='word_1_79' title='bbox 2101 983 2259 1054; x_wconf 90' lang='lat' dir='ltr'><strong>prin-</strong></span> 
     </span>
    </p>
   </div>
   <div class='ocr_carea' id='block_1_12' title="bbox 2389 977 4007 1072">
    <p class='ocr_par' dir='ltr' id='par_1_12' title="bbox 2439 985 4007 1072">
     <span class='ocr_line' id='line_1_12' title="bbox 2439 985 4007 1072; baseline 0.009 -37"><span class='ocrx_word' id='word_1_80' title='bbox 2439 985 2651 1042; x_wconf 77' lang='grc' dir='ltr'>Μήποτε</span> <span class='ocrx_word' id='word_1_81' title='bbox 2690 1017 2756 1027; x_wconf 88' lang='grc'><strong>-</strong></span> <span class='ocrx_word' id='word_1_82' title='bbox 2789 994 3049 1061; x_wconf 71' lang='grc' dir='ltr'>Χριστόςς</span> <span class='ocrx_word' id='word_1_83' title='bbox 3098 991 3176 1046; x_wconf 81' lang='grc' dir='ltr'><strong>Ἐν</strong></span> <span class='ocrx_word' id='word_1_84' title='bbox 3220 1002 3292 1064; x_wconf 82' lang='grc' dir='ltr'>τῷ</span> <span class='ocrx_word' id='word_1_85' title='bbox 3344 995 3488 1068; x_wconf 78' lang='grc' dir='ltr'>ὄχλῳ</span> <span class='ocrx_word' id='word_1_86' title='bbox 3533 1000 3638 1072; x_wconf 79' lang='grc' dir='ltr'>γὰρ</span> <span class='ocrx_word' id='word_1_87' title='bbox 3681 999 3739 1051; x_wconf 86' lang='grc' dir='ltr'>οἰ</span> <span class='ocrx_word' id='word_1_88' title='bbox 3791 1001 4007 1072; x_wconf 75' lang='grc' dir='ltr'>ἄρχον-</span> 
     </span>
    </p>
   </div>
   <div class='ocr_carea' id='block_1_13' title="bbox 596 1065 2214 1137">
    <p class='ocr_par' dir='ltr' id='par_1_13' title="bbox 596 1065 1293 1137">
     <span class='ocr_line' id='line_1_13' title="bbox 596 1065 1293 1137; baseline -0.003 -17"><span class='ocrx_word' id='word_1_89' title='bbox 596 1065 758 1137; x_wconf 89' lang='lat' dir='ltr'><strong>cipes</strong></span> <span class='ocrx_word' id='word_1_90' title='bbox 789 1066 844 1120; x_wconf 90' lang='lat' dir='ltr'><strong>in</strong></span> <span class='ocrx_word' id='word_1_91' title='bbox 878 1065 1050 1121; x_wconf 86' lang='lat' dir='ltr'><strong>turba</strong></span> <span class='ocrx_word' id='word_1_92' title='bbox 1106 1071 1293 1121; x_wconf 87' lang='lat' dir='ltr'><strong>erant.</strong></span> 
     </span>
    </p>
   </div>
   <div class='ocr_carea' id='block_1_14' title="bbox 1161 1065 2779 1137">
    <p class='ocr_par' dir='ltr' id='par_1_14' title="bbox 1161 1070 2779 1134">
     <span class='ocr_line' id='line_1_14' title="bbox 1161 1070 2779 1134; baseline 0.005 -13"><span class='ocrx_word' id='word_1_93' title='bbox 1161 1071 1293 1121; x_wconf 81' lang='lat' dir='ltr'><strong>&#39;ant.</strong></span> <span class='ocrx_word' id='word_1_94' title='bbox 2369 1091 2450 1134; x_wconf 85' lang='grc' dir='ltr'><strong>τες</strong></span> <span class='ocrx_word' id='word_1_95' title='bbox 2483 1070 2616 1130; x_wconf 75' lang='grc' dir='ltr'>ἦσαν</span> <span class='ocrx_word' id='word_1_96' title='bbox 2649 1080 2779 1130; x_wconf 83' lang='grc' dir='ltr'>τότε.</span> 
     </span>
    </p>
   </div>
   <div class='ocr_carea' id='block_1_15' title="bbox 667 1155 2285 1250">
    <p class='ocr_par' dir='ltr' id='par_1_15' title="bbox 667 1155 2255 1230">
     <span class='ocr_line' id='line_1_15' title="bbox 667 1155 2255 1230; baseline 0.005 -21"><span class='ocrx_word' id='word_1_97' title='bbox 667 1155 828 1211; x_wconf 91' lang='lat' dir='ltr'><strong>Vers.</strong></span> <span class='ocrx_word' id='word_1_98' title='bbox 859 1156 948 1211; x_wconf 82' lang='lat'><strong>27.</strong></span> <span class='ocrx_word' id='word_1_99' title='bbox 976 1155 1085 1211; x_wconf 85' lang='lat' dir='ltr'><strong>Sed</strong></span> <span class='ocrx_word' id='word_1_100' title='bbox 1117 1188 1180 1195; x_wconf 92' lang='lat'><strong>—</strong></span> <span class='ocrx_word' id='word_1_101' title='bbox 1219 1158 1350 1212; x_wconf 85' lang='lat' dir='ltr'><strong>erit.</strong></span> <span class='ocrx_word' id='word_1_102' title='bbox 1404 1158 1579 1230; x_wconf 80' lang='lat' dir='ltr'><strong>Atqui</strong></span> <span class='ocrx_word' id='word_1_103' title='bbox 1631 1159 1930 1230; x_wconf 85' lang='lat' dir='ltr'><strong>principes</strong></span> <span class='ocrx_word' id='word_1_104' title='bbox 1960 1161 2140 1217; x_wconf 78' lang='lat' dir='ltr'><strong>vestri</strong></span> <span class='ocrx_word' id='word_1_105' title='bbox 2170 1161 2255 1217; x_wconf 91' lang='lat' dir='ltr'><strong>in-</strong></span> 
     </span>
    </p>
   </div>
   <div class='ocr_carea' id='block_1_16' title="bbox 2386 1155 4004 1250">
    <p class='ocr_par' dir='ltr' id='par_1_16' title="bbox 2442 1162 4004 1250">
     <span class='ocr_line' id='line_1_16' title="bbox 2442 1162 4004 1250; baseline 0.01 -35"><span class='ocrx_word' id='word_1_106' title='bbox 2442 1162 2594 1215; x_wconf 80' lang='grc' dir='ltr'><strong>Ἀλλὰ</strong></span> <span class='ocrx_word' id='word_1_107' title='bbox 2651 1194 2719 1206; x_wconf 90' lang='grc'><strong>-</strong></span> <span class='ocrx_word' id='word_1_108' title='bbox 2767 1165 2895 1220; x_wconf 72' lang='grc' dir='ltr'>ἐστί.</span> <span class='ocrx_word' id='word_1_109' title='bbox 2952 1174 3052 1221; x_wconf 80' lang='grc' dir='ltr'><strong>Καὶ</strong></span> <span class='ocrx_word' id='word_1_110' title='bbox 3115 1175 3218 1242; x_wconf 78' lang='grc' dir='ltr'><strong>μὴν</strong></span> <span class='ocrx_word' id='word_1_111' title='bbox 3279 1173 3327 1224; x_wconf 82' lang='grc' dir='ltr'>οἱ</span> <span class='ocrx_word' id='word_1_112' title='bbox 3383 1175 3639 1247; x_wconf 74' lang='grc' dir='ltr'>ἄρχοντες</span> <span class='ocrx_word' id='word_1_113' title='bbox 3680 1178 3842 1249; x_wconf 74' lang='grc' dir='ltr'>ὑμὼν</span> <span class='ocrx_word' id='word_1_114' title='bbox 3879 1177 4004 1250; x_wconf 68' lang='grc' dir='ltr'><strong>ἐρω-</strong></span> 
     </span>
    </p>
   </div>
   <div class='ocr_carea' id='block_1_17' title="bbox 592 1244 2210 1338">
    <p class='ocr_par' dir='ltr' id='par_1_17' title="bbox 592 1244 2210 1313">
     <span class='ocr_line' id='line_1_17' title="bbox 592 1244 2210 1313; baseline 0.002 -13"><span class='ocrx_word' id='word_1_115' title='bbox 592 1245 870 1313; x_wconf 86' lang='lat' dir='ltr'><strong>terrogati</strong></span> <span class='ocrx_word' id='word_1_116' title='bbox 901 1244 980 1300; x_wconf 91' lang='lat' dir='ltr'><strong>ab</strong></span> <span class='ocrx_word' id='word_1_117' title='bbox 1009 1245 1253 1311; x_wconf 84' lang='lat' dir='ltr'><strong>Herode,</strong></span> <span class='ocrx_word' id='word_1_118' title='bbox 1285 1245 1384 1300; x_wconf 91' lang='lat' dir='ltr'><strong>ubi</strong></span> <span class='ocrx_word' id='word_1_119' title='bbox 1417 1247 1755 1302; x_wconf 84' lang='lat' dir='ltr'><strong>nasciturus</strong></span> <span class='ocrx_word' id='word_1_120' title='bbox 1786 1256 1940 1306; x_wconf 81' lang='lat' dir='ltr'><strong>esset</strong></span> <span class='ocrx_word' id='word_1_121' title='bbox 1970 1250 2210 1306; x_wconf 76' lang='lat' dir='ltr'><strong>Christu:</strong></span> 
     </span>
    </p>
   </div>
   <div class='ocr_carea' id='block_1_18' title="bbox 2380 1244 3998 1338">
    <p class='ocr_par' dir='ltr' id='par_1_18' title="bbox 2380 1253 3998 1338">
     <span class='ocr_line' id='line_1_18' title="bbox 2380 1253 3998 1338; baseline 0.011 -37"><span class='ocrx_word' id='word_1_122' title='bbox 2380 1253 2599 1312; x_wconf 70' lang='grc' dir='ltr'>τηθέντες</span> <span class='ocrx_word' id='word_1_123' title='bbox 2667 1258 2809 1329; x_wconf 74' lang='grc' dir='ltr'>παρὰ</span> <span class='ocrx_word' id='word_1_124' title='bbox 2870 1255 3130 1328; x_wconf 72' lang='grc' dir='ltr'>Ἡρώδου,</span> <span class='ocrx_word' id='word_1_125' title='bbox 3180 1269 3279 1312; x_wconf 80' lang='grc' dir='ltr'>ποῦ</span> <span class='ocrx_word' id='word_1_126' title='bbox 3332 1263 3357 1313; x_wconf 87' lang='grc' dir='ltr'><strong><em>ὁ</em></strong></span> <span class='ocrx_word' id='word_1_127' title='bbox 3427 1269 3661 1338; x_wconf 82' lang='grc' dir='ltr'>Χριστὸς</span> <span class='ocrx_word' id='word_1_128' title='bbox 3717 1274 3998 1337; x_wconf 74' lang='grc' dir='ltr'>γεννᾶται,</span> 
     </span>
    </p>
   </div>
   <div class='ocr_carea' id='block_1_19' title="bbox 592 1334 2210 1419">
    <p class='ocr_par' dir='ltr' id='par_1_19' title="bbox 592 1334 2210 1413">
     <span class='ocr_line' id='line_1_19' title="bbox 592 1334 2210 1413; baseline 0.004 -24"><span class='ocrx_word' id='word_1_129' title='bbox 592 1334 862 1390; x_wconf 88' lang='lat' dir='ltr'><strong>dixerunt</strong></span> <span class='ocrx_word' id='word_1_130' title='bbox 894 1334 944 1389; x_wconf 90' lang='lat' dir='ltr'><strong>ei</strong></span> <span class='ocrx_word' id='word_1_131' title='bbox 1000 1353 1011 1392; x_wconf 93' lang='lat'><strong>:</strong></span> <span class='ocrx_word' id='word_1_132' title='bbox 1046 1334 1118 1389; x_wconf 86' lang='lat' dir='ltr'><strong>In</strong></span> <span class='ocrx_word' id='word_1_133' title='bbox 1153 1335 1447 1392; x_wconf 75' lang='lat' dir='ltr'><strong>Bethlem</strong></span> <span class='ocrx_word' id='word_1_134' title='bbox 1494 1337 1708 1391; x_wconf 72' lang='lat' dir='ltr'><strong>ludam</strong></span> <span class='ocrx_word' id='word_1_135' title='bbox 1738 1340 1784 1372; x_wconf 81' lang='grc'><strong>³⁵</strong></span> <span class='ocrx_word' id='word_1_136' title='bbox 1816 1355 1825 1391; x_wconf 94' lang='lat'>:</span> <span class='ocrx_word' id='word_1_137' title='bbox 1856 1339 2003 1411; x_wconf 90' lang='lat' dir='ltr'><strong>quin</strong></span> <span class='ocrx_word' id='word_1_138' title='bbox 2037 1345 2093 1395; x_wconf 89' lang='lat' dir='ltr'><strong>et</strong></span> <span class='ocrx_word' id='word_1_139' title='bbox 2118 1356 2210 1413; x_wconf 81' lang='lat' dir='ltr'><strong>prc</strong></span> 
     </span>
    </p>
   </div>
   <div class='ocr_carea' id='block_1_20' title="bbox 2380 1334 3998 1419">
    <p class='ocr_par' dir='ltr' id='par_1_20' title="bbox 2380 1344 3998 1419">
     <span class='ocr_line' id='line_1_20' title="bbox 2380 1344 3998 1419; baseline 0.013 -30"><span class='ocrx_word' id='word_1_140' title='bbox 2380 1347 2506 1391; x_wconf 70' lang='grc' dir='ltr'>εἷπον</span> <span class='ocrx_word' id='word_1_141' title='bbox 2558 1344 2715 1412; x_wconf 77' lang='grc' dir='ltr'>αὐτῷ·</span> <span class='ocrx_word' id='word_1_142' title='bbox 2767 1345 2850 1397; x_wconf 86' lang='grc' dir='ltr'><strong>Ἐν</strong></span> <span class='ocrx_word' id='word_1_143' title='bbox 2897 1347 3120 1419; x_wconf 66' lang='grc' dir='ltr'><strong>Βηθλεὲμ</strong></span> <span class='ocrx_word' id='word_1_144' title='bbox 3177 1358 3267 1410; x_wconf 77' lang='grc' dir='ltr'>τῆς</span> <span class='ocrx_word' id='word_1_145' title='bbox 3315 1349 3578 1414; x_wconf 80' lang='grc' dir='ltr'><strong>Ἰουδαίας</strong></span> <span class='ocrx_word' id='word_1_146' title='bbox 3615 1371 3628 1385; x_wconf 90' lang='grc'><strong>·</strong></span> <span class='ocrx_word' id='word_1_147' title='bbox 3683 1361 3784 1408; x_wconf 81' lang='grc' dir='ltr'>καὶ</span> <span class='ocrx_word' id='word_1_148' title='bbox 3833 1377 3998 1419; x_wconf 70' lang='grc' dir='ltr'>ποοσ-</span> 
     </span>
    </p>
   </div>
   <div class='ocr_carea' id='block_1_21' title="bbox 592 1417 2210 1516">
    <p class='ocr_par' dir='ltr' id='par_1_21' title="bbox 592 1423 2210 1502">
     <span class='ocr_line' id='line_1_21' title="bbox 592 1423 2210 1502; baseline 0.004 -24"><span class='ocrx_word' id='word_1_149' title='bbox 592 1423 878 1494; x_wconf 88' lang='lat' dir='ltr'><strong>pbetiam,</strong></span> <span class='ocrx_word' id='word_1_150' title='bbox 908 1439 1044 1496; x_wconf 67' lang='lat' dir='ltr'><strong>quas</strong></span> <span class='ocrx_word' id='word_1_151' title='bbox 1092 1423 1206 1479; x_wconf 87' lang='lat' dir='ltr'><strong>hoc</strong></span> <span class='ocrx_word' id='word_1_152' title='bbox 1255 1425 1629 1494; x_wconf 86' lang='lat' dir='ltr'><strong>signiﬁcaret,</strong></span> <span class='ocrx_word' id='word_1_153' title='bbox 1667 1428 2020 1484; x_wconf 88' lang='lat' dir='ltr'><strong>addiderunt</strong></span> <span class='ocrx_word' id='word_1_154' title='bbox 2061 1445 2073 1484; x_wconf 92' lang='lat'><strong><em>:</em></strong></span> <span class='ocrx_word' id='word_1_155' title='bbox 2109 1447 2210 1502; x_wconf 66' lang='lat' dir='ltr'><strong>qui</strong></span> 
     </span>
    </p>
   </div>
   <div class='ocr_carea' id='block_1_22' title="bbox 2377 1417 3995 1516">
    <p class='ocr_par' dir='ltr' id='par_1_22' title="bbox 2377 1431 3995 1516">
     <span class='ocr_line' id='line_1_22' title="bbox 2377 1431 3995 1516; baseline 0.012 -37"><span class='ocrx_word' id='word_1_156' title='bbox 2377 1431 2556 1487; x_wconf 73' lang='grc' dir='ltr'>ἔθηκαν</span> <span class='ocrx_word' id='word_1_157' title='bbox 2614 1437 2701 1483; x_wconf 78' lang='grc' dir='ltr'>καὶ</span> <span class='ocrx_word' id='word_1_158' title='bbox 2768 1439 2860 1491; x_wconf 76' lang='grc' dir='ltr'>τὴν</span> <span class='ocrx_word' id='word_1_159' title='bbox 2918 1444 3070 1488; x_wconf 78' lang='grc' dir='ltr'>τοῦτο</span> <span class='ocrx_word' id='word_1_160' title='bbox 3131 1434 3396 1496; x_wconf 74' lang='grc' dir='ltr'><strong>δηλοῦσαν</strong></span> <span class='ocrx_word' id='word_1_161' title='bbox 3442 1450 3778 1516; x_wconf 74' lang='grc' dir='ltr'>προφητείαν</span> <span class='ocrx_word' id='word_1_162' title='bbox 3814 1469 3829 1478; x_wconf 88' lang='grc'><strong>·</strong></span> <span class='ocrx_word' id='word_1_163' title='bbox 3893 1456 3995 1506; x_wconf 41' lang='grc' dir='ltr'>τινὰ</span> 
     </span>
    </p>
   </div>
   <div class='ocr_carea' id='block_1_23' title="bbox 591 1512 2209 1607">
    <p class='ocr_par' dir='ltr' id='par_1_23' title="bbox 591 1512 2209 1587">
     <span class='ocr_line' id='line_1_23' title="bbox 591 1512 2209 1587; baseline 0.004 -19"><span class='ocrx_word' id='word_1_164' title='bbox 591 1512 776 1568; x_wconf 91' lang='lat' dir='ltr'><strong>modo</strong></span> <span class='ocrx_word' id='word_1_165' title='bbox 805 1526 947 1582; x_wconf 86' lang='lat' dir='ltr'><strong>ergo</strong></span> <span class='ocrx_word' id='word_1_166' title='bbox 977 1514 1306 1583; x_wconf 88' lang='lat' dir='ltr'><strong>nugamini,</strong></span> <span class='ocrx_word' id='word_1_167' title='bbox 1336 1513 1602 1571; x_wconf 89' lang='lat' dir='ltr'><strong>dicentes</strong></span> <span class='ocrx_word' id='word_1_168' title='bbox 1633 1517 1797 1587; x_wconf 91' lang='lat' dir='ltr'><strong>quod</strong></span> <span class='ocrx_word' id='word_1_169' title='bbox 1828 1519 2103 1574; x_wconf 77' lang='lat' dir='ltr'><strong>Christus</strong></span> <span class='ocrx_word' id='word_1_170' title='bbox 2121 1535 2209 1574; x_wconf 68' lang='lat' dir='ltr'><strong>cui</strong></span> 
     </span>
    </p>
   </div>
   <div class='ocr_carea' id='block_1_24' title="bbox 2373 1512 3991 1607">
    <p class='ocr_par' dir='ltr' id='par_1_24' title="bbox 2373 1515 3991 1607">
     <span class='ocr_line' id='line_1_24' title="bbox 2373 1515 3991 1607; baseline 0.012 -39"><span class='ocrx_word' id='word_1_171' title='bbox 2373 1515 2453 1569; x_wconf 76' lang='grc' dir='ltr'>οὖν</span> <span class='ocrx_word' id='word_1_172' title='bbox 2504 1519 2768 1594; x_wconf 78' lang='grc' dir='ltr'>φλυαρεῖτε</span> <span class='ocrx_word' id='word_1_173' title='bbox 2821 1525 2898 1576; x_wconf 85' lang='grc' dir='ltr'>ὃτι</span> <span class='ocrx_word' id='word_1_174' title='bbox 2955 1524 3012 1578; x_wconf 82' lang='grc' dir='ltr'>Ὀ</span> <span class='ocrx_word' id='word_1_175' title='bbox 3089 1532 3335 1599; x_wconf 83' lang='grc' dir='ltr'>Χριστὸς,</span> <span class='ocrx_word' id='word_1_176' title='bbox 3396 1533 3517 1582; x_wconf 83' lang='grc' dir='ltr'>ὅταν</span> <span class='ocrx_word' id='word_1_177' title='bbox 3575 1535 3844 1607; x_wconf 47' lang='lat' dir='ltr'><strong>(exuras,</strong></span> <span class='ocrx_word' id='word_1_178' title='bbox 3909 1538 3991 1588; x_wconf 64' lang='grc' dir='ltr'><strong>οὐ·</strong></span> 
     </span>
    </p>
   </div>
   <div class='ocr_carea' id='block_1_25' title="bbox 590 1601 2208 1688">
    <p class='ocr_par' dir='ltr' id='par_1_25' title="bbox 590 1601 2208 1673">
     <span class='ocr_line' id='line_1_25' title="bbox 590 1601 2208 1673; baseline 0.005 -18"><span class='ocrx_word' id='word_1_179' title='bbox 590 1601 829 1670; x_wconf 86' lang='lat' dir='ltr'><strong>venerit,</strong></span> <span class='ocrx_word' id='word_1_180' title='bbox 852 1618 1017 1658; x_wconf 85' lang='lat' dir='ltr'><strong>nemo</strong></span> <span class='ocrx_word' id='word_1_181' title='bbox 1039 1604 1326 1673; x_wconf 73' lang='lat' dir='ltr'><strong>cognoscit</strong></span> <span class='ocrx_word' id='word_1_182' title='bbox 1358 1604 1512 1659; x_wconf 81' lang='lat' dir='ltr'><strong>unde</strong></span> <span class='ocrx_word' id='word_1_183' title='bbox 1526 1605 1678 1660; x_wconf 78' lang='lat' dir='ltr'><strong>erit?</strong></span> <span class='ocrx_word' id='word_1_184' title='bbox 1693 1605 1997 1671; x_wconf 68' lang='lat' dir='ltr'><strong>l’rmterea,</strong></span> <span class='ocrx_word' id='word_1_185' title='bbox 2024 1609 2070 1662; x_wconf 92' lang='lat' dir='ltr'><strong>si</strong></span> <span class='ocrx_word' id='word_1_186' title='bbox 2095 1608 2208 1663; x_wconf 87' lang='lat' dir='ltr'><strong>hun</strong></span> 
     </span>
    </p>
   </div>
   <div class='ocr_carea' id='block_1_26' title="bbox 2370 1601 3988 1688">
    <p class='ocr_par' dir='ltr' id='par_1_26' title="bbox 2370 1604 3988 1688">
     <span class='ocr_line' id='line_1_26' title="bbox 2370 1604 3988 1688; baseline 0.013 -30"><span class='ocrx_word' id='word_1_187' title='bbox 2370 1604 2476 1667; x_wconf 77' lang='grc' dir='ltr'>ὁέὶς</span> <span class='ocrx_word' id='word_1_188' title='bbox 2532 1616 2776 1678; x_wconf 76' lang='grc' dir='ltr'>γινώσκει</span> <span class='ocrx_word' id='word_1_189' title='bbox 2826 1614 2978 1665; x_wconf 77' lang='grc' dir='ltr'>πόθεν</span> <span class='ocrx_word' id='word_1_190' title='bbox 3032 1613 3210 1687; x_wconf 62' lang='lat' dir='ltr'><strong>ictu;</strong></span> <span class='ocrx_word' id='word_1_191' title='bbox 3274 1617 3429 1671; x_wconf 79' lang='grc' dir='ltr'><strong>Ἀλλὰ</strong></span> <span class='ocrx_word' id='word_1_192' title='bbox 3468 1625 3557 1673; x_wconf 76' lang='grc' dir='ltr'>καὶ</span> <span class='ocrx_word' id='word_1_193' title='bbox 3598 1622 3643 1674; x_wconf 79' lang='grc' dir='ltr'>εἰ</span> <span class='ocrx_word' id='word_1_194' title='bbox 3687 1633 3883 1676; x_wconf 72' lang='grc' dir='ltr'>τοῦτον</span> <span class='ocrx_word' id='word_1_195' title='bbox 3916 1626 3988 1688; x_wconf 76' lang='grc'>(3)</span> 
     </span>
    </p>
   </div>
   <div class='ocr_carea' id='block_1_27' title="bbox 589 1691 2207 1782">
    <p class='ocr_par' dir='ltr' id='par_1_27' title="bbox 589 1691 2207 1764">
     <span class='ocr_line' id='line_1_27' title="bbox 589 1691 2207 1764; baseline 0.004 -18"><span class='ocrx_word' id='word_1_196' title='bbox 589 1691 775 1746; x_wconf 86' lang='lat' dir='ltr'><strong>nostis</strong></span> <span class='ocrx_word' id='word_1_197' title='bbox 801 1691 960 1746; x_wconf 91' lang='lat' dir='ltr'><strong>unde</strong></span> <span class='ocrx_word' id='word_1_198' title='bbox 992 1691 1082 1756; x_wconf 89' lang='lat' dir='ltr'><strong>sit,</strong></span> <span class='ocrx_word' id='word_1_199' title='bbox 1110 1691 1419 1764; x_wconf 88' lang='lat' dir='ltr'><strong>quomodo</strong></span> <span class='ocrx_word' id='word_1_200' title='bbox 1445 1692 1692 1764; x_wconf 89' lang='lat' dir='ltr'><strong>quidam</strong></span> <span class='ocrx_word' id='word_1_201' title='bbox 1717 1710 1783 1748; x_wconf 89' lang='lat' dir='ltr'><strong>ex</strong></span> <span class='ocrx_word' id='word_1_202' title='bbox 1817 1695 1985 1750; x_wconf 89' lang='lat' dir='ltr'><strong>vobis</strong></span> <span class='ocrx_word' id='word_1_203' title='bbox 2009 1697 2207 1752; x_wconf 90' lang='lat' dir='ltr'><strong>dicunt</strong></span> 
     </span>
    </p>
   </div>
   <div class='ocr_carea' id='block_1_28' title="bbox 2369 1691 3987 1782">
    <p class='ocr_par' dir='ltr' id='par_1_28' title="bbox 2369 1692 3987 1782">
     <span class='ocr_line' id='line_1_28' title="bbox 2369 1692 3987 1782; baseline 0.013 -36"><span class='ocrx_word' id='word_1_204' title='bbox 2369 1692 2544 1748; x_wconf 87' lang='grc' dir='ltr'>οἴδατε</span> <span class='ocrx_word' id='word_1_205' title='bbox 2592 1701 2744 1751; x_wconf 84' lang='grc' dir='ltr'>ποθεν</span> <span class='ocrx_word' id='word_1_206' title='bbox 2788 1698 2922 1765; x_wconf 74' lang='grc' dir='ltr'>ἐστὶ,</span> <span class='ocrx_word' id='word_1_207' title='bbox 2965 1712 3068 1764; x_wconf 81' lang='grc' dir='ltr'>πῶς</span> <span class='ocrx_word' id='word_1_208' title='bbox 3126 1705 3178 1767; x_wconf 77' lang='grc' dir='ltr'><em>ἐξ</em></span> <span class='ocrx_word' id='word_1_209' title='bbox 3223 1708 3361 1777; x_wconf 75' lang='grc' dir='ltr'><strong>ὑμῶν</strong></span> <span class='ocrx_word' id='word_1_210' title='bbox 3412 1708 3558 1761; x_wconf 75' lang='grc' dir='ltr'>οὒ.)οι</span> <span class='ocrx_word' id='word_1_211' title='bbox 3605 1710 3866 1782; x_wconf 63' lang='grc' dir='ltr'>ὶέγουσιν</span> <span class='ocrx_word' id='word_1_212' title='bbox 3913 1718 3987 1767; x_wconf 79' lang='grc' dir='ltr'>ὁτι</span> 
     </span>
    </p>
   </div>
   <div class='ocr_carea' id='block_1_29' title="bbox 589 1782 2207 1871">
    <p class='ocr_par' dir='ltr' id='par_1_29' title="bbox 589 1782 2207 1842">
     <span class='ocr_line' id='line_1_29' title="bbox 589 1782 2207 1842; baseline 0.004 -7"><span class='ocrx_word' id='word_1_213' title='bbox 589 1782 769 1836; x_wconf 84' lang='lat' dir='ltr'><strong>Hunc</strong></span> <span class='ocrx_word' id='word_1_214' title='bbox 789 1797 907 1836; x_wconf 90' lang='lat' dir='ltr'><strong>non</strong></span> <span class='ocrx_word' id='word_1_215' title='bbox 932 1783 1197 1837; x_wconf 77' lang='lat' dir='ltr'><strong>novimus</strong></span> <span class='ocrx_word' id='word_1_216' title='bbox 1232 1782 1390 1837; x_wconf 81' lang='lat' dir='ltr'><strong>unde</strong></span> <span class='ocrx_word' id='word_1_217' title='bbox 1412 1783 1487 1836; x_wconf 88' lang='lat' dir='ltr'><strong>sit</strong></span> <span class='ocrx_word' id='word_1_218' title='bbox 1518 1784 1565 1817; x_wconf 76' lang='grc'><strong>³⁸</strong></span> <span class='ocrx_word' id='word_1_219' title='bbox 1597 1784 1625 1839; x_wconf 72' lang='grc' dir='ltr'><strong>γ</strong></span> <span class='ocrx_word' id='word_1_220' title='bbox 1668 1783 1786 1839; x_wconf 88' lang='lat' dir='ltr'><strong>Hoc</strong></span> <span class='ocrx_word' id='word_1_221' title='bbox 1817 1785 1997 1841; x_wconf 91' lang='lat' dir='ltr'><strong>modo</strong></span> <span class='ocrx_word' id='word_1_222' title='bbox 2026 1787 2207 1842; x_wconf 89' lang='lat' dir='ltr'><strong>maliti</strong></span> 
     </span>
    </p>
   </div>
   <div class='ocr_carea' id='block_1_30' title="bbox 2363 1782 3981 1871">
    <p class='ocr_par' dir='ltr' id='par_1_30' title="bbox 2363 1785 3981 1871">
     <span class='ocr_line' id='line_1_30' title="bbox 2363 1785 3981 1871; baseline 0.01 -33"><span class='ocrx_word' id='word_1_223' title='bbox 2363 1792 2556 1838; x_wconf 81' lang='grc' dir='ltr'>Τουτον</span> <span class='ocrx_word' id='word_1_224' title='bbox 2587 1788 2680 1838; x_wconf 65' lang='grc' dir='ltr'>οὐκ</span> <span class='ocrx_word' id='word_1_225' title='bbox 2719 1785 2935 1861; x_wconf 80' lang='grc' dir='ltr'>οἴδαμεν</span> <span class='ocrx_word' id='word_1_226' title='bbox 2966 1795 3118 1844; x_wconf 74' lang='grc' dir='ltr'>πόθεν</span> <span class='ocrx_word' id='word_1_227' title='bbox 3157 1797 3306 1862; x_wconf 59' lang='lat' dir='ltr'><strong>iam;</strong></span> <span class='ocrx_word' id='word_1_228' title='bbox 3352 1804 3600 1851; x_wconf 72' lang='grc' dir='ltr'>Τοιοῦτον</span> <span class='ocrx_word' id='word_1_229' title='bbox 3641 1804 3675 1858; x_wconf 79' lang='grc' dir='ltr'><strong>ἠ</strong></span> <span class='ocrx_word' id='word_1_230' title='bbox 3731 1811 3981 1871; x_wconf 36' lang='grc' dir='ltr'>πονηρία)</span> 
     </span>
    </p>
   </div>
   <div class='ocr_carea' id='block_1_31' title="bbox 589 1859 2207 1959">
    <p class='ocr_par' dir='ltr' id='par_1_31' title="bbox 589 1869 2207 1946">
     <span class='ocr_line' id='line_1_31' title="bbox 589 1869 2207 1946; baseline 0.004 -22"><span class='ocrx_word' id='word_1_231' title='bbox 589 1885 710 1925; x_wconf 88' lang='lat' dir='ltr'><strong>non</strong></span> <span class='ocrx_word' id='word_1_232' title='bbox 743 1869 1030 1941; x_wconf 83' lang='lat' dir='ltr'><strong>intelligit,</strong></span> <span class='ocrx_word' id='word_1_233' title='bbox 1058 1870 1218 1942; x_wconf 88' lang='lat' dir='ltr'><strong>quod</strong></span> <span class='ocrx_word' id='word_1_234' title='bbox 1250 1871 1360 1924; x_wconf 90' lang='lat' dir='ltr'><strong>sibi</strong></span> <span class='ocrx_word' id='word_1_235' title='bbox 1398 1871 1508 1942; x_wconf 89' lang='lat' dir='ltr'><strong>ipsi</strong></span> <span class='ocrx_word' id='word_1_236' title='bbox 1555 1872 1918 1928; x_wconf 80' lang='lat' dir='ltr'><strong>contradicat</strong></span> <span class='ocrx_word' id='word_1_237' title='bbox 1960 1890 2029 1930; x_wconf 89' lang='lat' dir='ltr'><strong>ac</strong></span> <span class='ocrx_word' id='word_1_238' title='bbox 2070 1876 2207 1946; x_wconf 88' lang='lat' dir='ltr'><strong>plan</strong></span> 
     </span>
    </p>
   </div>
   <div class='ocr_carea' id='block_1_32' title="bbox 2365 1859 3983 1959">
    <p class='ocr_par' dir='ltr' id='par_1_32' title="bbox 2367 1859 3983 1959">
     <span class='ocr_line' id='line_1_32' title="bbox 2845 1859 3982 1877; baseline 0.009 -16"><span class='ocrx_word' id='word_1_239' title='bbox 2845 1859 2852 1861; x_wconf 87' lang='lat'>_</span> <span class='ocrx_word' id='word_1_240' title='bbox 3294 1859 3302 1862; x_wconf 91' lang='lat'><strong>-</strong></span> <span class='ocrx_word' id='word_1_241' title='bbox 3861 1859 3884 1877; x_wconf 37' lang='grc' dir='ltr'><strong>γι</strong></span> <span class='ocrx_word' id='word_1_242' title='bbox 3971 1859 3982 1871; x_wconf 80' lang='grc'><strong>.</strong></span> 
     </span>
     <span class='ocr_line' id='line_1_33' title="bbox 2367 1873 3983 1959; baseline 0.014 -36"><span class='ocrx_word' id='word_1_243' title='bbox 2367 1873 2790 1947; x_wconf 74' lang='grc' dir='ltr'>ἐναντιολογοῡσα</span> <span class='ocrx_word' id='word_1_244' title='bbox 2832 1884 2920 1932; x_wconf 78' lang='grc' dir='ltr'>καὶ</span> <span class='ocrx_word' id='word_1_245' title='bbox 2968 1878 3261 1954; x_wconf 74' lang='grc' dir='ltr'>ψευδομίνη</span> <span class='ocrx_word' id='word_1_246' title='bbox 3295 1897 3582 1959; x_wconf 79' lang='grc' dir='ltr'>προφανῶς,</span> <span class='ocrx_word' id='word_1_247' title='bbox 3617 1891 3682 1941; x_wconf 69' lang='grc' dir='ltr'>οὐ</span> <span class='ocrx_word' id='word_1_248' title='bbox 3746 1899 3983 1949; x_wconf 69' lang='grc' dir='ltr'>συνίησι.</span> 
     </span>
    </p>
   </div>
   <div class='ocr_carea' id='block_1_33' title="bbox 589 1960 2207 2042">
    <p class='ocr_par' dir='ltr' id='par_1_33' title="bbox 589 1960 2102 2029">
     <span class='ocr_line' id='line_1_34' title="bbox 589 1960 2102 2029; baseline 0.002 -15"><span class='ocrx_word' id='word_1_249' title='bbox 589 1961 911 2014; x_wconf 88' lang='lat' dir='ltr'><strong>mentiatur</strong></span> <span class='ocrx_word' id='word_1_250' title='bbox 939 1976 951 2014; x_wconf 91' lang='lat'><strong>:</strong></span> <span class='ocrx_word' id='word_1_251' title='bbox 975 1976 1118 2014; x_wconf 90' lang='lat' dir='ltr'><strong>nam</strong></span> <span class='ocrx_word' id='word_1_252' title='bbox 1150 1964 1241 2014; x_wconf 86' lang='lat' dir='ltr'><strong>est</strong></span> <span class='ocrx_word' id='word_1_253' title='bbox 1269 1960 1553 2029; x_wconf 59' lang='lat' dir='ltr'><strong>quaedam</strong></span> <span class='ocrx_word' id='word_1_254' title='bbox 1576 1961 1794 2016; x_wconf 69' lang='lat' dir='ltr'><strong>animae</strong></span> <span class='ocrx_word' id='word_1_255' title='bbox 1826 1963 2102 2019; x_wconf 87' lang='lat' dir='ltr'><strong>ebrietas.</strong></span> 
     </span>
    </p>
   </div>
   <div class='ocr_carea' id='block_1_34' title="bbox 1545 1960 3163 2042">
    <p class='ocr_par' dir='ltr' id='par_1_34' title="bbox 1545 1961 3163 2042">
     <span class='ocr_line' id='line_1_35' title="bbox 1545 1961 3163 2042; baseline 0.008 -27"><span class='ocrx_word' id='word_1_256' title='bbox 1545 1961 1794 2016; x_wconf 63' lang='lat' dir='ltr'><strong>[animae</strong></span> <span class='ocrx_word' id='word_1_257' title='bbox 1826 1963 2102 2019; x_wconf 89' lang='lat' dir='ltr'><strong>ebrietas.</strong></span> <span class='ocrx_word' id='word_1_258' title='bbox 2367 1966 2510 2021; x_wconf 78' lang='grc' dir='ltr'><strong>Μέθη</strong></span> <span class='ocrx_word' id='word_1_259' title='bbox 2551 1968 2651 2039; x_wconf 76' lang='grc' dir='ltr'><strong>γὰρ</strong></span> <span class='ocrx_word' id='word_1_260' title='bbox 2684 1973 2772 2019; x_wconf 78' lang='grc' dir='ltr'>καὶ</span> <span class='ocrx_word' id='word_1_261' title='bbox 2799 1969 2929 2027; x_wconf 72' lang='grc' dir='ltr'>αὕτη</span> <span class='ocrx_word' id='word_1_262' title='bbox 2961 1970 3163 2042; x_wconf 72' lang='grc' dir='ltr'>ψυχῆς.</span> 
     </span>
    </p>
   </div>
   <div class='ocr_carea' id='block_1_35' title="bbox 663 2048 2281 2141">
    <p class='ocr_par' dir='ltr' id='par_1_35' title="bbox 663 2048 2250 2120">
     <span class='ocr_line' id='line_1_36' title="bbox 663 2048 2250 2120; baseline 0.005 -19"><span class='ocrx_word' id='word_1_263' title='bbox 663 2048 833 2112; x_wconf 85' lang='lat' dir='ltr'><strong>Quod</strong></span> <span class='ocrx_word' id='word_1_264' title='bbox 854 2048 898 2101; x_wconf 89' lang='lat' dir='ltr'><strong>si</strong></span> <span class='ocrx_word' id='word_1_265' title='bbox 927 2048 1061 2120; x_wconf 87' lang='lat' dir='ltr'><strong>quis</strong></span> <span class='ocrx_word' id='word_1_266' title='bbox 1089 2049 1310 2103; x_wconf 85' lang='lat' dir='ltr'><strong>dictum</strong></span> <span class='ocrx_word' id='word_1_267' title='bbox 1345 2049 1488 2104; x_wconf 89' lang='lat' dir='ltr'><strong>illud</strong></span> <span class='ocrx_word' id='word_1_268' title='bbox 1520 2070 1531 2108; x_wconf 91' lang='lat'>:</span> <span class='ocrx_word' id='word_1_269' title='bbox 1575 2051 1731 2106; x_wconf 82' lang='lat' dir='ltr'><strong>Unde</strong></span> <span class='ocrx_word' id='word_1_270' title='bbox 1754 2053 1852 2115; x_wconf 85' lang='lat' dir='ltr'><strong>sit,</strong></span> <span class='ocrx_word' id='word_1_271' title='bbox 1883 2068 2000 2107; x_wconf 93' lang='lat' dir='ltr'><strong>non</strong></span> <span class='ocrx_word' id='word_1_272' title='bbox 2035 2054 2250 2109; x_wconf 84' lang='lat' dir='ltr'><strong>deloco</strong></span> 
     </span>
    </p>
   </div>
   <div class='ocr_carea' id='block_1_36' title="bbox 2359 2048 3977 2141">
    <p class='ocr_par' dir='ltr' id='par_1_36' title="bbox 2440 2052 3977 2141">
     <span class='ocr_line' id='line_1_37' title="bbox 2440 2052 3977 2141; baseline 0.012 -37"><span class='ocrx_word' id='word_1_273' title='bbox 2440 2053 2497 2105; x_wconf 81' lang='grc' dir='ltr'><strong>Εἰ</strong></span> <span class='ocrx_word' id='word_1_274' title='bbox 2554 2052 2612 2106; x_wconf 81' lang='grc' dir='ltr'>δέ</span> <span class='ocrx_word' id='word_1_275' title='bbox 2669 2075 2749 2116; x_wconf 91' lang='grc' dir='ltr'><strong>τις</strong></span> <span class='ocrx_word' id='word_1_276' title='bbox 2797 2061 2852 2108; x_wconf 84' lang='grc' dir='ltr'>τὸ</span> <span class='ocrx_word' id='word_1_277' title='bbox 2905 2061 3062 2112; x_wconf 81' lang='grc' dir='ltr'><strong>Πόθεν</strong></span> <span class='ocrx_word' id='word_1_278' title='bbox 3116 2061 3173 2112; x_wconf 74' lang='grc' dir='ltr'>οὐ</span> <span class='ocrx_word' id='word_1_279' title='bbox 3221 2067 3338 2136; x_wconf 82' lang='grc' dir='ltr'>περὶ</span> <span class='ocrx_word' id='word_1_280' title='bbox 3374 2069 3532 2117; x_wconf 82' lang='grc' dir='ltr'>τόπου</span> <span class='ocrx_word' id='word_1_281' title='bbox 3567 2074 3662 2119; x_wconf 82' lang='grc' dir='ltr'><strong>και</strong></span> <span class='ocrx_word' id='word_1_282' title='bbox 3700 2068 3977 2141; x_wconf 73' lang='grc' dir='ltr'><strong>πατρίδος,</strong></span> 
     </span>
    </p>
   </div>
   <div class='ocr_carea' id='block_1_37' title="bbox 590 2136 2208 2227">
    <p class='ocr_par' dir='ltr' id='par_1_37' title="bbox 590 2136 2208 2210">
     <span class='ocr_line' id='line_1_38' title="bbox 590 2136 2208 2210; baseline 0.004 -19"><span class='ocrx_word' id='word_1_283' title='bbox 590 2141 646 2192; x_wconf 90' lang='lat' dir='ltr'><strong>et</strong></span> <span class='ocrx_word' id='word_1_284' title='bbox 670 2138 878 2206; x_wconf 89' lang='lat' dir='ltr'><strong>patria,</strong></span> <span class='ocrx_word' id='word_1_285' title='bbox 904 2137 1006 2191; x_wconf 88' lang='lat' dir='ltr'><strong>sed</strong></span> <span class='ocrx_word' id='word_1_286' title='bbox 1039 2136 1111 2191; x_wconf 90' lang='lat' dir='ltr'><strong>de</strong></span> <span class='ocrx_word' id='word_1_287' title='bbox 1134 2154 1348 2208; x_wconf 81' lang='lat' dir='ltr'><strong>genere</strong></span> <span class='ocrx_word' id='word_1_288' title='bbox 1379 2145 1434 2193; x_wconf 93' lang='lat' dir='ltr'><strong>et</strong></span> <span class='ocrx_word' id='word_1_289' title='bbox 1459 2144 1624 2210; x_wconf 88' lang='lat' dir='ltr'><strong>patre</strong></span> <span class='ocrx_word' id='word_1_290' title='bbox 1657 2140 2024 2204; x_wconf 78' lang='lat' dir='ltr'><strong>intellexerit,</strong></span> <span class='ocrx_word' id='word_1_291' title='bbox 2058 2143 2208 2198; x_wconf 85' lang='lat' dir='ltr'><strong>dicer</strong></span> 
     </span>
    </p>
   </div>
   <div class='ocr_carea' id='block_1_38' title="bbox 2360 2136 3978 2227">
    <p class='ocr_par' dir='ltr' id='par_1_38' title="bbox 2369 2140 3978 2227">
     <span class='ocr_line' id='line_1_39' title="bbox 2369 2140 3978 2227; baseline 0.014 -37"><span class='ocrx_word' id='word_1_292' title='bbox 2369 2140 2495 2192; x_wconf 78' lang='grc' dir='ltr'><strong>ἁ).λά</strong></span> <span class='ocrx_word' id='word_1_293' title='bbox 2539 2149 2654 2216; x_wconf 79' lang='grc' dir='ltr'>περὶ</span> <span class='ocrx_word' id='word_1_294' title='bbox 2701 2150 2879 2214; x_wconf 74' lang='grc' dir='ltr'>γένους</span> <span class='ocrx_word' id='word_1_295' title='bbox 2921 2154 3009 2200; x_wconf 86' lang='grc' dir='ltr'>καὶ</span> <span class='ocrx_word' id='word_1_296' title='bbox 3060 2155 3254 2222; x_wconf 83' lang='grc' dir='ltr'>πατρὸς</span> <span class='ocrx_word' id='word_1_297' title='bbox 3301 2158 3487 2227; x_wconf 69' lang='grc' dir='ltr'>νοήσῃ,</span> <span class='ocrx_word' id='word_1_298' title='bbox 3522 2160 3666 2207; x_wconf 88' lang='grc' dir='ltr'>εἴποι</span> <span class='ocrx_word' id='word_1_299' title='bbox 3701 2157 3766 2209; x_wconf 71' lang='grc' dir='ltr'><strong>ἂν</strong></span> <span class='ocrx_word' id='word_1_300' title='bbox 3797 2161 3978 2220; x_wconf 58' lang='grc' dir='ltr'>αὐτοὺς</span> 
     </span>
    </p>
   </div>
   <div class='ocr_carea' id='block_1_39' title="bbox 590 2226 2208 2320">
    <p class='ocr_par' dir='ltr' id='par_1_39' title="bbox 590 2226 2208 2302">
     <span class='ocr_line' id='line_1_40' title="bbox 590 2226 2208 2302; baseline 0.004 -21"><span class='ocrx_word' id='word_1_301' title='bbox 590 2226 814 2298; x_wconf 82' lang='lat' dir='ltr'><strong>poterit,</strong></span> <span class='ocrx_word' id='word_1_302' title='bbox 831 2241 932 2282; x_wconf 89' lang='lat' dir='ltr'><strong>eos</strong></span> <span class='ocrx_word' id='word_1_303' title='bbox 957 2226 1176 2281; x_wconf 80' lang='lat' dir='ltr'><strong>dixisse</strong></span> <span class='ocrx_word' id='word_1_304' title='bbox 1202 2245 1213 2281; x_wconf 92' lang='lat'><strong>:</strong></span> <span class='ocrx_word' id='word_1_305' title='bbox 1235 2227 1417 2297; x_wconf 88' lang='lat' dir='ltr'><strong>Hujus</strong></span> <span class='ocrx_word' id='word_1_306' title='bbox 1448 2228 1694 2300; x_wconf 89' lang='lat' dir='ltr'><strong>quidem</strong></span> <span class='ocrx_word' id='word_1_307' title='bbox 1724 2244 1911 2296; x_wconf 85' lang='lat' dir='ltr'><strong>genus</strong></span> <span class='ocrx_word' id='word_1_308' title='bbox 1943 2237 1994 2284; x_wconf 92' lang='lat' dir='ltr'><strong>et</strong></span> <span class='ocrx_word' id='word_1_309' title='bbox 2021 2238 2208 2302; x_wconf 71' lang='lat' dir='ltr'><strong>patre:</strong></span> 
     </span>
    </p>
   </div>
   <div class='ocr_carea' id='block_1_40' title="bbox 2353 2226 3971 2320">
    <p class='ocr_par' dir='ltr' id='par_1_40' title="bbox 2366 2229 3971 2320">
     <span class='ocr_line' id='line_1_41' title="bbox 2366 2229 3971 2320; baseline 0.013 -40"><span class='ocrx_word' id='word_1_310' title='bbox 2366 2229 2526 2300; x_wconf 65' lang='grc' dir='ltr'>λέγειν</span> <span class='ocrx_word' id='word_1_311' title='bbox 2554 2234 2633 2284; x_wconf 83' lang='grc' dir='ltr'>ὅτι</span> <span class='ocrx_word' id='word_1_312' title='bbox 2661 2238 2856 2287; x_wconf 75' lang='grc' dir='ltr'>Τούτου</span> <span class='ocrx_word' id='word_1_313' title='bbox 2886 2240 2976 2308; x_wconf 69' lang='grc' dir='ltr'>μεν</span> <span class='ocrx_word' id='word_1_314' title='bbox 3007 2236 3221 2311; x_wconf 80' lang='grc' dir='ltr'>οἴδαμεν</span> <span class='ocrx_word' id='word_1_315' title='bbox 3248 2245 3302 2293; x_wconf 80' lang='grc' dir='ltr'>τὸ</span> <span class='ocrx_word' id='word_1_316' title='bbox 3329 2247 3472 2313; x_wconf 76' lang='grc' dir='ltr'>γένος</span> <span class='ocrx_word' id='word_1_317' title='bbox 3503 2250 3594 2296; x_wconf 83' lang='grc' dir='ltr'>καὶ</span> <span class='ocrx_word' id='word_1_318' title='bbox 3634 2251 3731 2297; x_wconf 84' lang='grc' dir='ltr'>τὸν</span> <span class='ocrx_word' id='word_1_319' title='bbox 3765 2255 3971 2320; x_wconf 68' lang='grc' dir='ltr'>πατέρα,</span> 
     </span>
    </p>
   </div>
   <div class='ocr_carea' id='block_1_41' title="bbox 589 2314 2207 2399">
    <p class='ocr_par' dir='ltr' id='par_1_41' title="bbox 589 2314 2207 2388">
     <span class='ocr_line' id='line_1_42' title="bbox 589 2314 2207 2388; baseline 0.004 -18"><span class='ocrx_word' id='word_1_320' title='bbox 589 2314 880 2380; x_wconf 83' lang='lat' dir='ltr'><strong>novimus,</strong></span> <span class='ocrx_word' id='word_1_321' title='bbox 923 2321 1063 2386; x_wconf 89' lang='lat' dir='ltr'><strong>puta</strong></span> <span class='ocrx_word' id='word_1_322' title='bbox 1091 2316 1310 2388; x_wconf 83' lang='lat' dir='ltr'><strong>Joseph</strong></span> <span class='ocrx_word' id='word_1_323' title='bbox 1344 2324 1400 2371; x_wconf 91' lang='lat' dir='ltr'><strong>ut</strong></span> <span class='ocrx_word' id='word_1_324' title='bbox 1422 2317 1771 2373; x_wconf 88' lang='lat' dir='ltr'><strong>credebatur</strong></span> <span class='ocrx_word' id='word_1_325' title='bbox 1799 2336 1810 2372; x_wconf 89' lang='lat'><strong>:</strong></span> <span class='ocrx_word' id='word_1_326' title='bbox 1849 2319 2057 2374; x_wconf 89' lang='lat' dir='ltr'><strong>Christi</strong></span> <span class='ocrx_word' id='word_1_327' title='bbox 2093 2337 2207 2376; x_wconf 76' lang='lat' dir='ltr'><strong>ven</strong></span> 
     </span>
    </p>
   </div>
   <div class='ocr_carea' id='block_1_42' title="bbox 2354 2314 3972 2399">
    <p class='ocr_par' dir='ltr' id='par_1_42' title="bbox 2365 2314 3972 2399">
     <span class='ocr_line' id='line_1_43' title="bbox 2365 2314 3972 2399; baseline 0.014 -32"><span class='ocrx_word' id='word_1_328' title='bbox 2365 2316 2599 2390; x_wconf 75' lang='grc' dir='ltr'>[δηλαδὴ</span> <span class='ocrx_word' id='word_1_329' title='bbox 2631 2328 2714 2374; x_wconf 81' lang='grc' dir='ltr'>τὸν</span> <span class='ocrx_word' id='word_1_330' title='bbox 2745 2325 2823 2394; x_wconf 71' lang='grc'><strong>(4)</strong></span> <span class='ocrx_word' id='word_1_331' title='bbox 2863 2325 3077 2399; x_wconf 76' lang='grc' dir='ltr'>Ἰωσὴφ,</span> <span class='ocrx_word' id='word_1_332' title='bbox 3111 2331 3174 2388; x_wconf 82' lang='grc' dir='ltr'>ὡς</span> <span class='ocrx_word' id='word_1_333' title='bbox 3205 2326 3392 2383; x_wconf 75' lang='grc' dir='ltr'>ίδὸκει·</span> <span class='ocrx_word' id='word_1_334' title='bbox 3419 2341 3509 2384; x_wconf 79' lang='grc' dir='ltr'>τοῦ</span> <span class='ocrx_word' id='word_1_335' title='bbox 3553 2331 3611 2386; x_wconf 75' lang='grc' dir='ltr'><strong>δε</strong></span> <span class='ocrx_word' id='word_1_336' title='bbox 3647 2314 3906 2399; x_wconf 39' lang='grc' dir='ltr'>Χριστοῦ.</span> <span class='ocrx_word' id='word_1_337' title='bbox 3927 2349 3972 2391; x_wconf 61' lang='grc' dir='ltr'><strong>τε</strong></span> 
     </span>
    </p>
   </div>
   <div class='ocr_carea' id='block_1_43' title="bbox 589 2395 2207 2498">
    <p class='ocr_par' dir='ltr' id='par_1_43' title="bbox 589 2406 2207 2479">
     <span class='ocr_line' id='line_1_44' title="bbox 589 2406 2207 2479; baseline 0.004 -20"><span class='ocrx_word' id='word_1_338' title='bbox 589 2419 778 2476; x_wconf 90' lang='lat' dir='ltr'><strong>genus</strong></span> <span class='ocrx_word' id='word_1_339' title='bbox 796 2410 851 2460; x_wconf 91' lang='lat' dir='ltr'><strong>et</strong></span> <span class='ocrx_word' id='word_1_340' title='bbox 882 2406 1113 2461; x_wconf 86' lang='lat' dir='ltr'><strong>Patrem</strong></span> <span class='ocrx_word' id='word_1_341' title='bbox 1144 2421 1323 2461; x_wconf 89' lang='lat' dir='ltr'><strong>nemo</strong></span> <span class='ocrx_word' id='word_1_342' title='bbox 1355 2408 1676 2476; x_wconf 82' lang='lat' dir='ltr'><strong>cognoscit,</strong></span> <span class='ocrx_word' id='word_1_343' title='bbox 1700 2423 1771 2462; x_wconf 89' lang='lat' dir='ltr'><strong>eo</strong></span> <span class='ocrx_word' id='word_1_344' title='bbox 1793 2409 1957 2479; x_wconf 83' lang='lat' dir='ltr'><strong>quod</strong></span> <span class='ocrx_word' id='word_1_345' title='bbox 1991 2425 2108 2466; x_wconf 92' lang='lat' dir='ltr'><strong>non</strong></span> <span class='ocrx_word' id='word_1_346' title='bbox 2138 2413 2207 2466; x_wconf 73' lang='lat' dir='ltr'><strong>sit</strong></span> 
     </span>
    </p>
   </div>
   <div class='ocr_carea' id='block_1_44' title="bbox 2347 2395 3965 2498">
    <p class='ocr_par' dir='ltr' id='par_1_44' title="bbox 2363 2413 3965 2498">
     <span class='ocr_line' id='line_1_45' title="bbox 2363 2413 3965 2498; baseline 0.014 -40"><span class='ocrx_word' id='word_1_347' title='bbox 2363 2413 2508 2478; x_wconf 79' lang='grc' dir='ltr'>γένος</span> <span class='ocrx_word' id='word_1_348' title='bbox 2555 2415 2644 2462; x_wconf 79' lang='grc' dir='ltr'>καὶ</span> <span class='ocrx_word' id='word_1_349' title='bbox 2701 2416 2787 2464; x_wconf 88' lang='grc' dir='ltr'>τὸν</span> <span class='ocrx_word' id='word_1_350' title='bbox 2849 2416 3075 2490; x_wconf 75' lang='grc' dir='ltr'>Πατέρα]</span> <span class='ocrx_word' id='word_1_351' title='bbox 3136 2414 3312 2480; x_wconf 72' lang='grc' dir='ltr'>οὐδεὶς</span> <span class='ocrx_word' id='word_1_352' title='bbox 3353 2427 3619 2491; x_wconf 84' lang='grc' dir='ltr'>γινώσκει,</span> <span class='ocrx_word' id='word_1_353' title='bbox 3656 2422 3759 2477; x_wconf 77' lang='grc' dir='ltr'><strong>διὰ</strong></span> <span class='ocrx_word' id='word_1_354' title='bbox 3811 2430 3869 2478; x_wconf 79' lang='grc' dir='ltr'>τὸ</span> <span class='ocrx_word' id='word_1_355' title='bbox 3905 2435 3965 2498; x_wconf 57' lang='grc' dir='ltr'><strong>μή</strong></span> 
     </span>
    </p>
   </div>
   <div class='ocr_carea' id='block_1_45' title="bbox 589 2492 2207 2575">
    <p class='ocr_par' dir='ltr' id='par_1_45' title="bbox 589 2492 1758 2566">
     <span class='ocr_line' id='line_1_46' title="bbox 589 2492 1758 2566; baseline -0.001 -17"><span class='ocrx_word' id='word_1_356' title='bbox 589 2493 715 2549; x_wconf 69' lang='lat' dir='ltr'><strong>haec</strong></span> <span class='ocrx_word' id='word_1_357' title='bbox 744 2492 948 2550; x_wconf 88' lang='lat' dir='ltr'><strong>litteris</strong></span> <span class='ocrx_word' id='word_1_358' title='bbox 977 2493 1233 2566; x_wconf 89' lang='lat' dir='ltr'><strong>prodita,</strong></span> <span class='ocrx_word' id='word_1_359' title='bbox 1285 2499 1345 2550; x_wconf 91' lang='lat' dir='ltr'><strong>ut</strong></span> <span class='ocrx_word' id='word_1_360' title='bbox 1369 2495 1484 2550; x_wconf 87' lang='lat' dir='ltr'><strong>dici</strong></span> <span class='ocrx_word' id='word_1_361' title='bbox 1515 2495 1758 2566; x_wconf 88' lang='lat' dir='ltr'><strong>possint.</strong></span> 
     </span>
    </p>
   </div>
   <div class='ocr_carea' id='block_1_46' title="bbox 1356 2492 2974 2575">
    <p class='ocr_par' dir='ltr' id='par_1_46' title="bbox 1369 2495 2974 2575">
     <span class='ocr_line' id='line_1_47' title="bbox 1369 2495 2974 2575; baseline 0.005 -27"><span class='ocrx_word' id='word_1_362' title='bbox 1369 2495 1484 2550; x_wconf 87' lang='lat' dir='ltr'><strong>dici</strong></span> <span class='ocrx_word' id='word_1_363' title='bbox 1515 2495 1758 2566; x_wconf 76' lang='lat' dir='ltr'><strong>possint.</strong></span> <span class='ocrx_word' id='word_1_364' title='bbox 2361 2499 2533 2570; x_wconf 80' lang='grc' dir='ltr'><strong>ῥητῶς</strong></span> <span class='ocrx_word' id='word_1_365' title='bbox 2566 2498 2974 2575; x_wconf 70' lang='grc' dir='ltr'>ἀναγεγράφθαι.</span> 
     </span>
    </p>
   </div>
   <div class='ocr_carea' id='block_1_47' title="bbox 2435 2586 3957 2673">
    <p class='ocr_par' dir='ltr' id='par_1_47' title="bbox 2435 2586 3957 2673">
     <span class='ocr_line' id='line_1_48' title="bbox 2435 2586 3957 2673; baseline 0.01 -34"><span class='ocrx_word' id='word_1_366' title='bbox 2435 2586 2682 2659; x_wconf 77' lang='grc' dir='ltr'>Ἔκραξεν</span> <span class='ocrx_word' id='word_1_367' title='bbox 2748 2621 2815 2632; x_wconf 94' lang='grc'><strong><em>-</em></strong></span> <span class='ocrx_word' id='word_1_368' title='bbox 2893 2593 3018 2664; x_wconf 77' lang='grc' dir='ltr'>εἰμί.</span> <span class='ocrx_word' id='word_1_369' title='bbox 3097 2594 3365 2670; x_wconf 78' lang='grc' dir='ltr'>Ἔκραξεν,</span> <span class='ocrx_word' id='word_1_370' title='bbox 3444 2598 3702 2673; x_wconf 70' lang='grc' dir='ltr'>ἐντρέπων</span> <span class='ocrx_word' id='word_1_371' title='bbox 3792 2606 3957 2663; x_wconf 51' lang='grc' dir='ltr'>αὖτε-ἒς</span> 
     </span>
    </p>
   </div>
   <div class='ocr_carea' id='block_1_48' title="bbox 627 2671 2245 2762">
    <p class='ocr_par' dir='ltr' id='par_1_48' title="bbox 627 2671 2245 2744">
     <span class='ocr_line' id='line_1_49' title="bbox 627 2671 2245 2744; baseline 0.004 -18"><span class='ocrx_word' id='word_1_372' title='bbox 627 2672 640 2682; x_wconf 85' lang='grc'><strong>’</strong></span> <span class='ocrx_word' id='word_1_373' title='bbox 664 2671 1336 2728; x_wconf 81' lang='lat' dir='ltr'><strong>Vers.28.Ctamabat—</strong></span> <span class='ocrx_word' id='word_1_374' title='bbox 1368 2674 1498 2728; x_wconf 86' lang='lat' dir='ltr'><strong>sim.</strong></span> <span class='ocrx_word' id='word_1_375' title='bbox 1534 2673 1855 2744; x_wconf 87' lang='lat' dir='ltr'><strong>Clamabat,</strong></span> <span class='ocrx_word' id='word_1_376' title='bbox 1887 2676 2245 2733; x_wconf 50' lang='lat' dir='ltr'><strong>confundens</strong></span> 
     </span>
    </p>
   </div>
   <div class='ocr_carea' id='block_1_49' title="bbox 2339 2671 3957 2762">
    <p class='ocr_par' dir='ltr' id='par_1_49' title="bbox 2364 2676 3957 2762">
     <span class='ocr_line' id='line_1_50' title="bbox 2364 2676 3957 2762; baseline 0.012 -37"><span class='ocrx_word' id='word_1_377' title='bbox 2364 2678 2430 2734; x_wconf 79' lang='grc' dir='ltr'>ὡς</span> <span class='ocrx_word' id='word_1_378' title='bbox 2497 2676 2942 2744; x_wconf 72' lang='grc' dir='ltr'>ἓθελοκακοῡντας,</span> <span class='ocrx_word' id='word_1_379' title='bbox 2995 2683 3104 2755; x_wconf 77' lang='grc' dir='ltr'><strong>ἅμα</strong></span> <span class='ocrx_word' id='word_1_380' title='bbox 3165 2681 3225 2738; x_wconf 69' lang='grc' dir='ltr'>δὲ</span> <span class='ocrx_word' id='word_1_381' title='bbox 3288 2692 3376 2739; x_wconf 83' lang='grc' dir='ltr'>καὶ</span> <span class='ocrx_word' id='word_1_382' title='bbox 3434 2695 3573 2741; x_wconf 78' lang='grc' dir='ltr'>πᾶσι</span> <span class='ocrx_word' id='word_1_383' title='bbox 3628 2703 3851 2762; x_wconf 64' lang='grc' dir='ltr'>φανερῶν</span> <span class='ocrx_word' id='word_1_384' title='bbox 3900 2698 3957 2744; x_wconf 73' lang='grc' dir='ltr'><em>τέ</em></span> 
     </span>
    </p>
   </div>
   <div class='ocr_carea' id='block_1_50' title="bbox 590 2760 2208 2853">
    <p class='ocr_par' dir='ltr' id='par_1_50' title="bbox 590 2760 2208 2830">
     <span class='ocr_line' id='line_1_51' title="bbox 590 2760 2208 2830; baseline 0.002 -13"><span class='ocrx_word' id='word_1_385' title='bbox 590 2776 713 2826; x_wconf 90' lang='lat' dir='ltr'><strong>eos,</strong></span> <span class='ocrx_word' id='word_1_386' title='bbox 742 2760 887 2816; x_wconf 92' lang='lat' dir='ltr'><strong>dum</strong></span> <span class='ocrx_word' id='word_1_387' title='bbox 923 2761 1003 2815; x_wconf 91' lang='lat' dir='ltr'><strong>illi</strong></span> <span class='ocrx_word' id='word_1_388' title='bbox 1060 2762 1128 2816; x_wconf 90' lang='lat' dir='ltr'><strong>de</strong></span> <span class='ocrx_word' id='word_1_389' title='bbox 1189 2760 1484 2816; x_wconf 89' lang='lat' dir='ltr'><strong>industria</strong></span> <span class='ocrx_word' id='word_1_390' title='bbox 1537 2762 1691 2817; x_wconf 89' lang='lat' dir='ltr'><strong>male</strong></span> <span class='ocrx_word' id='word_1_391' title='bbox 1734 2770 1975 2830; x_wconf 87' lang='lat' dir='ltr'><strong>agerent</strong></span> <span class='ocrx_word' id='word_1_392' title='bbox 2022 2783 2034 2820; x_wconf 91' lang='lat'><strong>:</strong></span> <span class='ocrx_word' id='word_1_393' title='bbox 2071 2766 2208 2822; x_wconf 75' lang='lat' dir='ltr'><strong>simi</strong></span> 
     </span>
    </p>
   </div>
   <div class='ocr_carea' id='block_1_51' title="bbox 2335 2760 3953 2853">
    <p class='ocr_par' dir='ltr' id='par_1_51' title="bbox 2363 2769 3953 2853">
     <span class='ocr_line' id='line_1_52' title="bbox 2363 2769 3953 2853; baseline 0.012 -39"><span class='ocrx_word' id='word_1_394' title='bbox 2363 2771 2590 2837; x_wconf 87' lang='grc' dir='ltr'>κρυφίως</span> <span class='ocrx_word' id='word_1_395' title='bbox 2646 2769 2767 2840; x_wconf 88' lang='grc' dir='ltr'>παρ’</span> <span class='ocrx_word' id='word_1_396' title='bbox 2825 2770 2993 2822; x_wconf 68' lang='grc' dir='ltr'>αὐτῶν</span> <span class='ocrx_word' id='word_1_397' title='bbox 3045 2771 3309 2845; x_wconf 76' lang='grc' dir='ltr'>λεγόμενα.</span> <span class='ocrx_word' id='word_1_398' title='bbox 3365 2782 3520 2848; x_wconf 79' lang='grc' dir='ltr'>Λέγει</span> <span class='ocrx_word' id='word_1_399' title='bbox 3572 2777 3635 2832; x_wconf 72' lang='grc' dir='ltr'>δὶ</span> <span class='ocrx_word' id='word_1_400' title='bbox 3679 2783 3747 2832; x_wconf 75' lang='grc' dir='ltr'>ὅτι</span> <span class='ocrx_word' id='word_1_401' title='bbox 3809 2782 3953 2853; x_wconf 62' lang='grc' dir='ltr'><strong>Κάμὲ</strong></span> 
     </span>
    </p>
   </div>
   <div class='ocr_carea' id='block_1_52' title="bbox 589 2849 2207 2942">
    <p class='ocr_par' dir='ltr' id='par_1_52' title="bbox 589 2849 2207 2923">
     <span class='ocr_line' id='line_1_53' title="bbox 589 2849 2207 2923; baseline 0.003 -18"><span class='ocrx_word' id='word_1_402' title='bbox 589 2850 767 2906; x_wconf 89' lang='lat' dir='ltr'><strong>etiam</strong></span> <span class='ocrx_word' id='word_1_403' title='bbox 795 2849 1079 2904; x_wconf 89' lang='lat' dir='ltr'><strong>omnibus</strong></span> <span class='ocrx_word' id='word_1_404' title='bbox 1114 2849 1520 2914; x_wconf 80' lang='lat' dir='ltr'><strong>manifestans,</strong></span> <span class='ocrx_word' id='word_1_405' title='bbox 1554 2867 1691 2922; x_wconf 66' lang='lat' dir='ltr'><strong>quas</strong></span> <span class='ocrx_word' id='word_1_406' title='bbox 1722 2851 1799 2906; x_wconf 93' lang='lat' dir='ltr'><strong>ab</strong></span> <span class='ocrx_word' id='word_1_407' title='bbox 1831 2852 1978 2923; x_wconf 88' lang='lat' dir='ltr'><strong>ipsis</strong></span> <span class='ocrx_word' id='word_1_408' title='bbox 2021 2855 2207 2909; x_wconf 92' lang='lat' dir='ltr'><strong>occull</strong></span> 
     </span>
    </p>
   </div>
   <div class='ocr_carea' id='block_1_53' title="bbox 2347 2849 3965 2942">
    <p class='ocr_par' dir='ltr' id='par_1_53' title="bbox 2363 2851 3965 2942">
     <span class='ocr_line' id='line_1_54' title="bbox 2363 2851 3965 2942; baseline 0.012 -38"><span class='ocrx_word' id='word_1_409' title='bbox 2363 2851 2540 2906; x_wconf 78' lang='grc' dir='ltr'>οἴδατε</span> <span class='ocrx_word' id='word_1_410' title='bbox 2591 2861 2670 2918; x_wconf 85' lang='grc' dir='ltr'><strong>τίς</strong></span> <span class='ocrx_word' id='word_1_411' title='bbox 2726 2858 2852 2928; x_wconf 68' lang='grc' dir='ltr'>εἰμι,</span> <span class='ocrx_word' id='word_1_412' title='bbox 2911 2862 2991 2912; x_wconf 85' lang='grc' dir='ltr'>ὅτι</span> <span class='ocrx_word' id='word_1_413' title='bbox 3039 2869 3164 2924; x_wconf 77' lang='grc' dir='ltr'>Θεὸς</span> <span class='ocrx_word' id='word_1_414' title='bbox 3199 2881 3211 2894; x_wconf 84' lang='grc'><em>’</em></span> <span class='ocrx_word' id='word_1_415' title='bbox 3271 2871 3369 2918; x_wconf 82' lang='grc' dir='ltr'><strong>Καὶ</strong></span> <span class='ocrx_word' id='word_1_416' title='bbox 3416 2865 3599 2921; x_wconf 81' lang='grc' dir='ltr'>οἴδατε</span> <span class='ocrx_word' id='word_1_417' title='bbox 3647 2873 3794 2922; x_wconf 77' lang='grc' dir='ltr'>ποθεν</span> <span class='ocrx_word' id='word_1_418' title='bbox 3836 2873 3965 2942; x_wconf 72' lang='grc' dir='ltr'><strong>εἰμὶ,</strong></span> 
     </span>
    </p>
   </div>
   <div class='ocr_carea' id='block_1_54' title="bbox 590 2938 2208 3034">
    <p class='ocr_par' dir='ltr' id='par_1_54' title="bbox 590 2938 2208 3014">
     <span class='ocr_line' id='line_1_55' title="bbox 590 2938 2208 3014; baseline 0.004 -21"><span class='ocrx_word' id='word_1_419' title='bbox 590 2938 956 2994; x_wconf 89' lang='lat' dir='ltr'><strong>dicebantur.</strong></span> <span class='ocrx_word' id='word_1_420' title='bbox 1003 2938 1145 2994; x_wconf 90' lang='lat' dir='ltr'><strong>Dicit</strong></span> <span class='ocrx_word' id='word_1_421' title='bbox 1176 2943 1376 2994; x_wconf 88' lang='lat' dir='ltr'><strong>autem</strong></span> <span class='ocrx_word' id='word_1_422' title='bbox 1427 2957 1440 2994; x_wconf 93' lang='lat'><strong>:</strong></span> <span class='ocrx_word' id='word_1_423' title='bbox 1493 2941 1569 2994; x_wconf 80' lang='lat' dir='ltr'><strong>Et</strong></span> <span class='ocrx_word' id='word_1_424' title='bbox 1598 2956 1689 2996; x_wconf 87' lang='lat' dir='ltr'><strong>me</strong></span> <span class='ocrx_word' id='word_1_425' title='bbox 1739 2943 1936 3007; x_wconf 83' lang='lat' dir='ltr'><strong>nostis,</strong></span> <span class='ocrx_word' id='word_1_426' title='bbox 1965 2944 2086 3014; x_wconf 87' lang='lat' dir='ltr'><strong>quis</strong></span> <span class='ocrx_word' id='word_1_427' title='bbox 2116 2946 2208 3000; x_wconf 83' lang='lat' dir='ltr'><strong>sin</strong></span> 
     </span>
    </p>
   </div>
   <div class='ocr_carea' id='block_1_55' title="bbox 2352 2938 3970 3034">
    <p class='ocr_par' dir='ltr' id='par_1_55' title="bbox 2363 2938 3970 3034">
     <span class='ocr_line' id='line_1_56' title="bbox 2363 2938 3970 3034; baseline 0.013 -41"><span class='ocrx_word' id='word_1_428' title='bbox 2363 2945 2442 2994; x_wconf 84' lang='grc' dir='ltr'>ὅτι</span> <span class='ocrx_word' id='word_1_429' title='bbox 2501 2944 2554 2995; x_wconf 80' lang='grc' dir='ltr'>ὶκ</span> <span class='ocrx_word' id='word_1_430' title='bbox 2607 2951 2802 3020; x_wconf 80' lang='grc' dir='ltr'>[ἰατρὸς</span> <span class='ocrx_word' id='word_1_431' title='bbox 2859 2957 3012 3015; x_wconf 73' lang='grc' dir='ltr'>Θεοῦ,</span> <span class='ocrx_word' id='word_1_432' title='bbox 3062 2952 3104 3004; x_wconf 79' lang='grc' dir='ltr'><strong>εἴ</strong></span> <span class='ocrx_word' id='word_1_433' title='bbox 3152 2954 3230 3024; x_wconf 81' lang='grc'><strong>(5)</strong></span> <span class='ocrx_word' id='word_1_434' title='bbox 3269 2960 3358 3007; x_wconf 82' lang='grc' dir='ltr'>καὶ</span> <span class='ocrx_word' id='word_1_435' title='bbox 3408 2955 3462 3007; x_wconf 78' lang='grc' dir='ltr'>ἐκ</span> <span class='ocrx_word' id='word_1_436' title='bbox 3517 2960 3593 3029; x_wconf 80' lang='grc'><strong>(6)</strong></span> <span class='ocrx_word' id='word_1_437' title='bbox 3649 2968 3742 3011; x_wconf 73' lang='grc' dir='ltr'>τοῦ</span> <span class='ocrx_word' id='word_1_438' title='bbox 3777 2938 3970 3034; x_wconf 64' lang='grc' dir='ltr'>Ἰωσήφ</span> 
     </span>
    </p>
   </div>
   <div class='ocr_carea' id='block_1_56' title="bbox 588 3027 2206 3112">
    <p class='ocr_par' dir='ltr' id='par_1_56' title="bbox 588 3027 2200 3102">
     <span class='ocr_line' id='line_1_57' title="bbox 588 3027 2200 3102; baseline 0.005 -21"><span class='ocrx_word' id='word_1_439' title='bbox 588 3028 727 3100; x_wconf 84' lang='lat' dir='ltr'><strong>quia</strong></span> <span class='ocrx_word' id='word_1_440' title='bbox 764 3027 916 3082; x_wconf 90' lang='lat' dir='ltr'><strong>Deus</strong></span> <span class='ocrx_word' id='word_1_441' title='bbox 948 3043 971 3096; x_wconf 79' lang='grc'>,⁸</span> <span class='ocrx_word' id='word_1_442' title='bbox 989 3036 1041 3084; x_wconf 88' lang='lat' dir='ltr'><strong>et</strong></span> <span class='ocrx_word' id='word_1_443' title='bbox 1070 3030 1249 3083; x_wconf 74' lang='lat' dir='ltr'><strong>nostis</strong></span> <span class='ocrx_word' id='word_1_444' title='bbox 1290 3028 1442 3084; x_wconf 85' lang='lat' dir='ltr'><strong>unde</strong></span> <span class='ocrx_word' id='word_1_445' title='bbox 1471 3029 1598 3093; x_wconf 90' lang='lat' dir='ltr'><strong>sim,</strong></span> <span class='ocrx_word' id='word_1_446' title='bbox 1633 3031 1775 3102; x_wconf 85' lang='lat' dir='ltr'><strong>quia</strong></span> <span class='ocrx_word' id='word_1_447' title='bbox 1821 3050 1847 3083; x_wconf 71' lang='grc' dir='ltr'><strong>ο</strong></span> <span class='ocrx_word' id='word_1_448' title='bbox 1891 3037 2049 3088; x_wconf 79' lang='lat' dir='ltr'><strong>Patre</strong></span> <span class='ocrx_word' id='word_1_449' title='bbox 2085 3034 2200 3089; x_wconf 70' lang='lat' dir='ltr'><strong>Deo</strong></span> 
     </span>
    </p>
   </div>
   <div class='ocr_carea' id='block_1_57' title="bbox 2358 3027 3976 3112">
    <p class='ocr_par' dir='ltr' id='par_1_57' title="bbox 2365 3029 3976 3112">
     <span class='ocr_line' id='line_1_58' title="bbox 2365 3029 3976 3112; baseline 0.012 -29"><span class='ocrx_word' id='word_1_450' title='bbox 2365 3029 2555 3085; x_wconf 76' lang='grc' dir='ltr'>εἰδέναι</span> <span class='ocrx_word' id='word_1_451' title='bbox 2614 3055 2676 3106; x_wconf 78' lang='grc' dir='ltr'>με</span> <span class='ocrx_word' id='word_1_452' title='bbox 2733 3043 3124 3108; x_wconf 84' lang='grc' dir='ltr'>προσποιεῖσθε.</span> <span class='ocrx_word' id='word_1_453' title='bbox 3195 3040 3399 3096; x_wconf 79' lang='grc' dir='ltr'>Εἰδίναι</span> <span class='ocrx_word' id='word_1_454' title='bbox 3455 3043 3514 3098; x_wconf 73' lang='grc' dir='ltr'><strong>δε</strong></span> <span class='ocrx_word' id='word_1_455' title='bbox 3561 3048 3724 3100; x_wconf 63' lang='grc' dir='ltr'>αὐτὸν</span> <span class='ocrx_word' id='word_1_456' title='bbox 3785 3052 3976 3112; x_wconf 66' lang='grc' dir='ltr'>αὐτοὺς</span> 
     </span>
    </p>
   </div>
   <div class='ocr_carea' id='block_1_58' title="bbox 589 3117 2207 3212">
    <p class='ocr_par' dir='ltr' id='par_1_58' title="bbox 589 3117 2207 3192">
     <span class='ocr_line' id='line_1_59' title="bbox 589 3117 2207 3192; baseline 0.004 -22"><span class='ocrx_word' id='word_1_457' title='bbox 589 3131 943 3188; x_wconf 87' lang='lat' dir='ltr'><strong>quanquam</strong></span> <span class='ocrx_word' id='word_1_458' title='bbox 975 3133 1079 3171; x_wconf 90' lang='lat' dir='ltr'><strong>vos</strong></span> <span class='ocrx_word' id='word_1_459' title='bbox 1111 3117 1259 3172; x_wconf 89' lang='lat' dir='ltr'><strong>scire</strong></span> <span class='ocrx_word' id='word_1_460' title='bbox 1286 3117 1548 3186; x_wconf 84' lang='lat' dir='ltr'><strong>ﬁngatis,</strong></span> <span class='ocrx_word' id='word_1_461' title='bbox 1599 3119 1762 3191; x_wconf 90' lang='lat' dir='ltr'><strong>quod</strong></span> <span class='ocrx_word' id='word_1_462' title='bbox 1807 3136 1842 3174; x_wconf 91' lang='lat' dir='ltr'><strong>a</strong></span> <span class='ocrx_word' id='word_1_463' title='bbox 1880 3121 2104 3192; x_wconf 87' lang='lat' dir='ltr'><strong>.loseph</strong></span> <span class='ocrx_word' id='word_1_464' title='bbox 2137 3124 2207 3177; x_wconf 74' lang='lat' dir='ltr'><strong>sit</strong></span> 
     </span>
    </p>
   </div>
   <div class='ocr_carea' id='block_1_59' title="bbox 2357 3117 3975 3212">
    <p class='ocr_par' dir='ltr' id='par_1_59' title="bbox 2365 3122 3975 3212">
     <span class='ocr_line' id='line_1_60' title="bbox 2365 3122 3975 3212; baseline 0.012 -39"><span class='ocrx_word' id='word_1_465' title='bbox 2365 3122 2526 3192; x_wconf 71' lang='grc' dir='ltr'>ἔλεγεν</span> <span class='ocrx_word' id='word_1_466' title='bbox 2609 3124 2707 3177; x_wconf 78' lang='grc' dir='ltr'><strong>ἀπὸ</strong></span> <span class='ocrx_word' id='word_1_467' title='bbox 2783 3135 2877 3187; x_wconf 80' lang='grc' dir='ltr'>τῆς</span> <span class='ocrx_word' id='word_1_468' title='bbox 2991 3137 3283 3205; x_wconf 76' lang='grc' dir='ltr'>μαρτυρίας</span> <span class='ocrx_word' id='word_1_469' title='bbox 3370 3135 3632 3201; x_wconf 70' lang='grc' dir='ltr'>Ἰωάννου,</span> <span class='ocrx_word' id='word_1_470' title='bbox 3717 3146 3848 3212; x_wconf 72' lang='grc' dir='ltr'>περὶ</span> <span class='ocrx_word' id='word_1_471' title='bbox 3925 3143 3975 3193; x_wconf 70' lang='grc' dir='ltr'>οὗ</span> 
     </span>
    </p>
   </div>
   <div class='ocr_carea' id='block_1_60' title="bbox 588 3199 2206 3299">
    <p class='ocr_par' dir='ltr' id='par_1_60' title="bbox 588 3205 2206 3281">
     <span class='ocr_line' id='line_1_61' title="bbox 588 3205 2206 3281; baseline 0.004 -21"><span class='ocrx_word' id='word_1_472' title='bbox 588 3207 954 3278; x_wconf 85' lang='lat' dir='ltr'><strong>progenitus.</strong></span> <span class='ocrx_word' id='word_1_473' title='bbox 988 3205 1229 3261; x_wconf 88' lang='lat' dir='ltr'><strong>Dicebat</strong></span> <span class='ocrx_word' id='word_1_474' title='bbox 1258 3212 1468 3272; x_wconf 90' lang='lat' dir='ltr'><strong>autem,</strong></span> <span class='ocrx_word' id='word_1_475' title='bbox 1525 3209 1689 3279; x_wconf 92' lang='lat' dir='ltr'><strong>quod</strong></span> <span class='ocrx_word' id='word_1_476' title='bbox 1722 3208 1798 3262; x_wconf 90' lang='lat' dir='ltr'><strong>illi</strong></span> <span class='ocrx_word' id='word_1_477' title='bbox 1836 3210 2034 3281; x_wconf 85' lang='lat' dir='ltr'><strong>ipsum</strong></span> <span class='ocrx_word' id='word_1_478' title='bbox 2071 3228 2206 3266; x_wconf 70' lang='lat' dir='ltr'><strong>nove</strong></span> 
     </span>
    </p>
   </div>
   <div class='ocr_carea' id='block_1_61' title="bbox 2352 3199 3970 3299">
    <p class='ocr_par' dir='ltr' id='par_1_61' title="bbox 2365 3215 3970 3299">
     <span class='ocr_line' id='line_1_62' title="bbox 2365 3215 3970 3299; baseline 0.012 -37"><span class='ocrx_word' id='word_1_479' title='bbox 2365 3215 2566 3281; x_wconf 73' lang='grc' dir='ltr'>εἴφηκεν</span> <span class='ocrx_word' id='word_1_480' title='bbox 2625 3215 2704 3265; x_wconf 82' lang='grc' dir='ltr'><strong>ὁτι</strong></span> <span class='ocrx_word' id='word_1_481' title='bbox 2762 3215 2944 3268; x_wconf 78' lang='grc' dir='ltr'>Ἀλλος</span> <span class='ocrx_word' id='word_1_482' title='bbox 3002 3216 3141 3270; x_wconf 75' lang='grc' dir='ltr'>ἐστιν</span> <span class='ocrx_word' id='word_1_483' title='bbox 3206 3222 3230 3272; x_wconf 88' lang='grc' dir='ltr'><strong><em>ὁ</em></strong></span> <span class='ocrx_word' id='word_1_484' title='bbox 3295 3233 3571 3296; x_wconf 77' lang='grc' dir='ltr'>μαρτυρῶν</span> <span class='ocrx_word' id='word_1_485' title='bbox 3631 3235 3758 3299; x_wconf 78' lang='grc' dir='ltr'>περὶ</span> <span class='ocrx_word' id='word_1_486' title='bbox 3834 3229 3970 3299; x_wconf 47' lang='lat' dir='ltr'><strong>ius?</strong></span> 
     </span>
    </p>
   </div>
   <div class='ocr_carea' id='block_1_62' title="bbox 585 3289 2203 3381">
    <p class='ocr_par' dir='ltr' id='par_1_62' title="bbox 585 3296 2203 3369">
     <span class='ocr_line' id='line_1_63' title="bbox 585 3296 2203 3369; baseline 0.001 -19"><span class='ocrx_word' id='word_1_487' title='bbox 585 3299 720 3350; x_wconf 87' lang='lat' dir='ltr'><strong>rant</strong></span> <span class='ocrx_word' id='word_1_488' title='bbox 771 3309 806 3350; x_wconf 88' lang='lat' dir='ltr'><strong>a</strong></span> <span class='ocrx_word' id='word_1_489' title='bbox 855 3296 1185 3351; x_wconf 90' lang='lat' dir='ltr'><strong>testimonio</strong></span> <span class='ocrx_word' id='word_1_490' title='bbox 1228 3297 1491 3360; x_wconf 83' lang='lat' dir='ltr'><strong>Joannis,</strong></span> <span class='ocrx_word' id='word_1_491' title='bbox 1544 3297 1616 3352; x_wconf 91' lang='lat' dir='ltr'><strong>de</strong></span> <span class='ocrx_word' id='word_1_492' title='bbox 1673 3314 1796 3369; x_wconf 89' lang='lat' dir='ltr'><strong>quo</strong></span> <span class='ocrx_word' id='word_1_493' title='bbox 1829 3299 1975 3354; x_wconf 81' lang='lat' dir='ltr'><strong>dixit</strong></span> <span class='ocrx_word' id='word_1_494' title='bbox 2029 3302 2203 3358; x_wconf 55' lang='lat' dir='ltr'><strong>:Atiz.</strong></span> 
     </span>
    </p>
   </div>
   <div class='ocr_carea' id='block_1_63' title="bbox 2355 3289 3973 3381">
    <p class='ocr_par' dir='ltr' id='par_1_63' title="bbox 2364 3301 3973 3381">
     <span class='ocr_line' id='line_1_64' title="bbox 2364 3301 3973 3381; baseline 0.014 -33"><span class='ocrx_word' id='word_1_495' title='bbox 2364 3301 2463 3349; x_wconf 79' lang='grc' dir='ltr'>ἀπο</span> <span class='ocrx_word' id='word_1_496' title='bbox 2497 3319 2548 3352; x_wconf 90' lang='grc' dir='ltr'><strong>τε</strong></span> <span class='ocrx_word' id='word_1_497' title='bbox 2587 3311 2685 3353; x_wconf 83' lang='grc' dir='ltr'>τῶν</span> <span class='ocrx_word' id='word_1_498' title='bbox 2717 3306 2876 3376; x_wconf 79' lang='grc' dir='ltr'>ἔργων</span> <span class='ocrx_word' id='word_1_499' title='bbox 2907 3306 3088 3373; x_wconf 72' lang='grc' dir='ltr'>αὑτοῦ,</span> <span class='ocrx_word' id='word_1_500' title='bbox 3121 3314 3237 3381; x_wconf 85' lang='grc' dir='ltr'>πιρὶ</span> <span class='ocrx_word' id='word_1_501' title='bbox 3287 3312 3353 3361; x_wconf 82' lang='grc' dir='ltr'>ὧν</span> <span class='ocrx_word' id='word_1_502' title='bbox 3385 3309 3518 3364; x_wconf 80' lang='grc' dir='ltr'>εἶπεν</span> <span class='ocrx_word' id='word_1_503' title='bbox 3573 3315 3658 3365; x_wconf 89' lang='grc' dir='ltr'>ὃτι</span> <span class='ocrx_word' id='word_1_504' title='bbox 3713 3317 3871 3369; x_wconf 67' lang='grc' dir='ltr'><strong>Αὐτά</strong></span> <span class='ocrx_word' id='word_1_505' title='bbox 3920 3324 3973 3369; x_wconf 59' lang='lat' dir='ltr'><strong>ss</strong></span> 
     </span>
    </p>
   </div>
   <div class='ocr_carea' id='block_1_64' title="bbox 588 3383 2206 3472">
    <p class='ocr_par' dir='ltr' id='par_1_64' title="bbox 588 3383 2201 3459">
     <span class='ocr_line' id='line_1_65' title="bbox 588 3383 2201 3459; baseline 0.002 -18"><span class='ocrx_word' id='word_1_506' title='bbox 588 3389 690 3450; x_wconf 82' lang='lat' dir='ltr'><strong>est,</strong></span> <span class='ocrx_word' id='word_1_507' title='bbox 732 3383 836 3455; x_wconf 86' lang='lat' dir='ltr'><strong>qui</strong></span> <span class='ocrx_word' id='word_1_508' title='bbox 862 3385 1248 3440; x_wconf 81' lang='lat' dir='ltr'><strong>testimonium</strong></span> <span class='ocrx_word' id='word_1_509' title='bbox 1289 3385 1553 3453; x_wconf 81' lang='lat' dir='ltr'><strong>perhibet</strong></span> <span class='ocrx_word' id='word_1_510' title='bbox 1599 3386 1672 3441; x_wconf 85' lang='lat' dir='ltr'><strong>de</strong></span> <span class='ocrx_word' id='word_1_511' title='bbox 1719 3403 1811 3442; x_wconf 90' lang='lat' dir='ltr'><strong>me</strong></span> <span class='ocrx_word' id='word_1_512' title='bbox 1837 3388 1879 3421; x_wconf 81' lang='grc'>³⁷</span> <span class='ocrx_word' id='word_1_513' title='bbox 1913 3404 1925 3450; x_wconf 87' lang='grc'>;</span> <span class='ocrx_word' id='word_1_514' title='bbox 1956 3388 2034 3443; x_wconf 92' lang='lat' dir='ltr'><strong>ab</strong></span> <span class='ocrx_word' id='word_1_515' title='bbox 2061 3405 2201 3459; x_wconf 84' lang='lat' dir='ltr'><strong>Oper</strong></span> 
     </span>
    </p>
   </div>
   <div class='ocr_carea' id='block_1_65' title="bbox 2352 3383 3970 3472">
    <p class='ocr_par' dir='ltr' id='par_1_65' title="bbox 2362 3389 3970 3472">
     <span class='ocr_line' id='line_1_66' title="bbox 2362 3389 3970 3472; baseline 0.014 -34"><span class='ocrx_word' id='word_1_516' title='bbox 2362 3391 2488 3459; x_wconf 83' lang='grc' dir='ltr'>ἔργα</span> <span class='ocrx_word' id='word_1_517' title='bbox 2527 3389 2559 3440; x_wconf 85' lang='grc' dir='ltr'><strong>ἆ</strong></span> <span class='ocrx_word' id='word_1_518' title='bbox 2606 3390 2706 3462; x_wconf 71' lang='grc' dir='ltr'><strong>ἐγὼ</strong></span> <span class='ocrx_word' id='word_1_519' title='bbox 2747 3403 2898 3457; x_wconf 83' lang='grc' dir='ltr'>ποιῶ,</span> <span class='ocrx_word' id='word_1_520' title='bbox 2945 3406 3199 3470; x_wconf 79' lang='grc' dir='ltr'>μαρτυρεῖ</span> <span class='ocrx_word' id='word_1_521' title='bbox 3251 3405 3364 3472; x_wconf 74' lang='grc' dir='ltr'>περὶ</span> <span class='ocrx_word' id='word_1_522' title='bbox 3420 3401 3565 3472; x_wconf 70' lang='grc' dir='ltr'><strong>ἐμοῦ·</strong></span> <span class='ocrx_word' id='word_1_523' title='bbox 3608 3411 3702 3456; x_wconf 80' lang='grc' dir='ltr'>καὶ</span> <span class='ocrx_word' id='word_1_524' title='bbox 3735 3405 3845 3459; x_wconf 72' lang='grc' dir='ltr'><strong>ἀπὸ</strong></span> <span class='ocrx_word' id='word_1_525' title='bbox 3879 3419 3970 3459; x_wconf 67' lang='grc' dir='ltr'><strong>τῶν</strong></span> 
     </span>
    </p>
   </div>
   <div class='ocr_carea' id='block_1_66' title="bbox 584 3473 2202 3569">
    <p class='ocr_par' dir='ltr' id='par_1_66' title="bbox 584 3473 2202 3548">
     <span class='ocr_line' id='line_1_67' title="bbox 584 3473 2202 3548; baseline 0.002 -19"><span class='ocrx_word' id='word_1_526' title='bbox 584 3473 699 3529; x_wconf 88' lang='lat' dir='ltr'><strong>bus</strong></span> <span class='ocrx_word' id='word_1_527' title='bbox 726 3474 868 3538; x_wconf 86' lang='lat' dir='ltr'><strong>suis,</strong></span> <span class='ocrx_word' id='word_1_528' title='bbox 902 3473 976 3529; x_wconf 87' lang='lat' dir='ltr'><strong>de</strong></span> <span class='ocrx_word' id='word_1_529' title='bbox 1007 3473 1230 3546; x_wconf 87' lang='lat' dir='ltr'><strong>quibus</strong></span> <span class='ocrx_word' id='word_1_530' title='bbox 1258 3475 1373 3529; x_wconf 88' lang='lat' dir='ltr'><strong>ait:</strong></span> <span class='ocrx_word' id='word_1_531' title='bbox 1407 3475 1545 3543; x_wconf 87' lang='lat' dir='ltr'><strong>Ipsa</strong></span> <span class='ocrx_word' id='word_1_532' title='bbox 1572 3491 1770 3546; x_wconf 88' lang='lat' dir='ltr'><strong>opera,</strong></span> <span class='ocrx_word' id='word_1_533' title='bbox 1795 3493 1924 3547; x_wconf 77' lang='lat' dir='ltr'><strong>quae</strong></span> <span class='ocrx_word' id='word_1_534' title='bbox 1956 3494 2059 3548; x_wconf 87' lang='lat' dir='ltr'><strong>ego</strong></span> <span class='ocrx_word' id='word_1_535' title='bbox 2081 3480 2202 3547; x_wconf 73' lang='lat' dir='ltr'><strong>fac:</strong></span> 
     </span>
    </p>
   </div>
   <div class='ocr_carea' id='block_1_67' title="bbox 2355 3473 3973 3569">
    <p class='ocr_par' dir='ltr' id='par_1_67' title="bbox 2363 3482 3973 3569">
     <span class='ocr_line' id='line_1_68' title="bbox 2363 3482 3973 3569; baseline 0.014 -42"><span class='ocrx_word' id='word_1_536' title='bbox 2363 3482 2717 3555; x_wconf 81' lang='grc' dir='ltr'>Γραφων,περὶ</span> <span class='ocrx_word' id='word_1_537' title='bbox 2748 3483 2814 3533; x_wconf 83' lang='grc' dir='ltr'>ὧν</span> <span class='ocrx_word' id='word_1_538' title='bbox 2842 3485 3031 3555; x_wconf 70' lang='grc' dir='ltr'>ὁμοίως</span> <span class='ocrx_word' id='word_1_539' title='bbox 3058 3489 3146 3558; x_wconf 73' lang='grc' dir='ltr'><strong>ἔφη</strong></span> <span class='ocrx_word' id='word_1_540' title='bbox 3189 3490 3265 3540; x_wconf 83' lang='grc' dir='ltr'>ὃτι</span> <span class='ocrx_word' id='word_1_541' title='bbox 3315 3490 3534 3543; x_wconf 82' lang='grc' dir='ltr'>Ἐκείναί</span> <span class='ocrx_word' id='word_1_542' title='bbox 3565 3492 3701 3545; x_wconf 80' lang='grc' dir='ltr'>εἰσιν</span> <span class='ocrx_word' id='word_1_543' title='bbox 3753 3500 3812 3547; x_wconf 80' lang='grc' dir='ltr'>αἱ</span> <span class='ocrx_word' id='word_1_544' title='bbox 3851 3519 3973 3569; x_wconf 68' lang='grc' dir='ltr'>μαρ-</span> 
     </span>
    </p>
   </div>
   <div class='ocr_carea' id='block_1_68' title="bbox 587 3562 2205 3644">
    <p class='ocr_par' dir='ltr' id='par_1_68' title="bbox 587 3562 2205 3638">
     <span class='ocr_line' id='line_1_69' title="bbox 587 3562 2205 3638; baseline 0.002 -21"><span class='ocrx_word' id='word_1_545' title='bbox 587 3562 977 3619; x_wconf 84' lang='lat' dir='ltr'><strong>testimonium</strong></span> <span class='ocrx_word' id='word_1_546' title='bbox 1006 3563 1312 3632; x_wconf 80' lang='lat' dir='ltr'><strong>perhibent</strong></span> <span class='ocrx_word' id='word_1_547' title='bbox 1343 3564 1414 3618; x_wconf 85' lang='lat' dir='ltr'><strong>de</strong></span> <span class='ocrx_word' id='word_1_548' title='bbox 1465 3578 1555 3620; x_wconf 85' lang='lat' dir='ltr'><strong>me</strong></span> <span class='ocrx_word' id='word_1_549' title='bbox 1586 3566 1632 3599; x_wconf 84' lang='grc'><strong>³⁸</strong></span> <span class='ocrx_word' id='word_1_550' title='bbox 1695 3581 1706 3628; x_wconf 91' lang='grc'>;</span> <span class='ocrx_word' id='word_1_551' title='bbox 1741 3570 1796 3620; x_wconf 90' lang='lat' dir='ltr'><strong>et</strong></span> <span class='ocrx_word' id='word_1_552' title='bbox 1840 3581 1876 3620; x_wconf 92' lang='lat' dir='ltr'><strong>a</strong></span> <span class='ocrx_word' id='word_1_553' title='bbox 1911 3568 2205 3638; x_wconf 73' lang='lat' dir='ltr'><strong>Scripturis</strong></span> 
     </span>
    </p>
   </div>
   <div class='ocr_carea' id='block_1_69' title="bbox 1303 3562 2921 3644">
    <p class='ocr_par' dir='ltr' id='par_1_69' title="bbox 1303 3564 2921 3644">
     <span class='ocr_line' id='line_1_70' title="bbox 1303 3564 2921 3644; baseline 0.005 -27"><span class='ocrx_word' id='word_1_554' title='bbox 1303 3569 1312 3616; x_wconf 68' lang='grc' dir='ltr'><em>ἶ</em></span> <span class='ocrx_word' id='word_1_555' title='bbox 1343 3564 1414 3618; x_wconf 85' lang='lat' dir='ltr'><strong>de</strong></span> <span class='ocrx_word' id='word_1_556' title='bbox 1465 3578 1555 3620; x_wconf 84' lang='lat' dir='ltr'><strong>me</strong></span> <span class='ocrx_word' id='word_1_557' title='bbox 1586 3566 1632 3599; x_wconf 84' lang='grc'>³⁸</span> <span class='ocrx_word' id='word_1_558' title='bbox 1695 3581 1706 3628; x_wconf 90' lang='grc'>;</span> <span class='ocrx_word' id='word_1_559' title='bbox 1741 3570 1796 3620; x_wconf 90' lang='lat' dir='ltr'><strong>et</strong></span> <span class='ocrx_word' id='word_1_560' title='bbox 1840 3581 1876 3620; x_wconf 91' lang='lat' dir='ltr'><strong>a</strong></span> <span class='ocrx_word' id='word_1_561' title='bbox 1911 3568 2246 3638; x_wconf 81' lang='lat' dir='ltr'><strong>Scripturis,</strong></span> <span class='ocrx_word' id='word_1_562' title='bbox 2360 3576 2613 3638; x_wconf 79' lang='grc' dir='ltr'>τυροῦσαι</span> <span class='ocrx_word' id='word_1_563' title='bbox 2635 3576 2750 3643; x_wconf 80' lang='grc' dir='ltr'>περὶ</span> <span class='ocrx_word' id='word_1_564' title='bbox 2782 3575 2921 3644; x_wconf 73' lang='grc' dir='ltr'><strong>ἐμοῦ.</strong></span> 
     </span>
    </p>
   </div>
   <div class='ocr_carea' id='block_1_70' title="bbox 583 3651 2245 3724">
    <p class='ocr_par' dir='ltr' id='par_1_70' title="bbox 583 3651 2245 3724">
     <span class='ocr_line' id='line_1_71' title="bbox 583 3651 2245 3724; baseline 0.004 -18"><span class='ocrx_word' id='word_1_565' title='bbox 583 3651 656 3707; x_wconf 89' lang='lat' dir='ltr'><strong>de</strong></span> <span class='ocrx_word' id='word_1_566' title='bbox 688 3652 904 3724; x_wconf 89' lang='lat' dir='ltr'><strong>quibus</strong></span> <span class='ocrx_word' id='word_1_567' title='bbox 934 3651 1205 3706; x_wconf 86' lang='lat' dir='ltr'><strong>similiter</strong></span> <span class='ocrx_word' id='word_1_568' title='bbox 1250 3652 1330 3707; x_wconf 89' lang='lat' dir='ltr'><strong>ait</strong></span> <span class='ocrx_word' id='word_1_569' title='bbox 1362 3672 1373 3710; x_wconf 91' lang='lat'><strong>:</strong></span> <span class='ocrx_word' id='word_1_570' title='bbox 1404 3652 1528 3708; x_wconf 73' lang='grc' dir='ltr'>[ιιω</span> <span class='ocrx_word' id='word_1_571' title='bbox 1548 3659 1683 3708; x_wconf 87' lang='lat' dir='ltr'><strong>sunt</strong></span> <span class='ocrx_word' id='word_1_572' title='bbox 1708 3669 1835 3724; x_wconf 77' lang='lat' dir='ltr'><strong>quae</strong></span> <span class='ocrx_word' id='word_1_573' title='bbox 1857 3659 2245 3712; x_wconf 86' lang='lat' dir='ltr'><strong>testimonium</strong></span> 
     </span>
    </p>
   </div>
   <div class='ocr_carea' id='block_1_71' title="bbox 581 3740 2199 3826">
    <p class='ocr_par' dir='ltr' id='par_1_71' title="bbox 581 3740 1206 3810">
     <span class='ocr_line' id='line_1_72' title="bbox 581 3740 1206 3810; baseline -0.006 -13"><span class='ocrx_word' id='word_1_574' title='bbox 581 3740 888 3810; x_wconf 82' lang='lat' dir='ltr'><strong>perhibent</strong></span> <span class='ocrx_word' id='word_1_575' title='bbox 913 3741 986 3796; x_wconf 91' lang='lat' dir='ltr'><strong>de</strong></span> <span class='ocrx_word' id='word_1_576' title='bbox 1012 3749 1116 3796; x_wconf 84' lang='lat' dir='ltr'><strong>me&#39;</strong></span> <span class='ocrx_word' id='word_1_577' title='bbox 1139 3743 1206 3793; x_wconf 73' lang='lat'><strong>&#39;9.</strong></span> 
     </span>
    </p>
   </div>
   <div class='ocr_carea' id='block_1_72' title="bbox 2354 3740 3972 3826">
    <p class='ocr_par' dir='ltr' id='par_1_72' title="bbox 2434 3746 3972 3826">
     <span class='ocr_line' id='line_1_73' title="bbox 2434 3746 3972 3826; baseline 0.013 -32"><span class='ocrx_word' id='word_1_578' title='bbox 2434 3750 2533 3796; x_wconf 80' lang='grc' dir='ltr'><strong>Καὶ</strong></span> <span class='ocrx_word' id='word_1_579' title='bbox 2572 3753 2681 3808; x_wconf 83' lang='grc' dir='ltr'>πῶς</span> <span class='ocrx_word' id='word_1_580' title='bbox 2733 3746 2782 3798; x_wconf 71' lang='grc' dir='ltr'>ἄν</span> <span class='ocrx_word' id='word_1_581' title='bbox 2826 3757 2897 3818; x_wconf 79' lang='grc' dir='ltr'>τῷ</span> <span class='ocrx_word' id='word_1_582' title='bbox 2947 3750 3164 3821; x_wconf 80' lang='grc' dir='ltr'>εἰκοστῷ</span> <span class='ocrx_word' id='word_1_583' title='bbox 3209 3753 3466 3826; x_wconf 75' lang='grc' dir='ltr'>κεφαλαίῳ</span> <span class='ocrx_word' id='word_1_584' title='bbox 3505 3764 3598 3808; x_wconf 75' lang='grc' dir='ltr'><strong>του</strong></span> <span class='ocrx_word' id='word_1_585' title='bbox 3649 3764 3791 3811; x_wconf 78' lang='grc' dir='ltr'>κατὰ</span> <span class='ocrx_word' id='word_1_586' title='bbox 3833 3769 3972 3814; x_wconf 68' lang='grc' dir='ltr'>Ματ-</span> 
     </span>
    </p>
   </div>
   <div class='ocr_carea' id='block_1_73' title="bbox 656 3828 2274 3922">
    <p class='ocr_par' dir='ltr' id='par_1_73' title="bbox 656 3828 2246 3901">
     <span class='ocr_line' id='line_1_74' title="bbox 656 3828 2246 3901; baseline 0.004 -17"><span class='ocrx_word' id='word_1_587' title='bbox 656 3831 721 3884; x_wconf 88' lang='lat' dir='ltr'><strong>Et</strong></span> <span class='ocrx_word' id='word_1_588' title='bbox 750 3828 1060 3901; x_wconf 88' lang='lat' dir='ltr'><strong>quomodo</strong></span> <span class='ocrx_word' id='word_1_589' title='bbox 1090 3828 1240 3884; x_wconf 82' lang='lat' dir='ltr'><strong>dixit</strong></span> <span class='ocrx_word' id='word_1_590' title='bbox 1280 3829 1565 3886; x_wconf 91' lang='lat' dir='ltr'><strong>vicesimo</strong></span> <span class='ocrx_word' id='word_1_591' title='bbox 1591 3832 1764 3901; x_wconf 86' lang='lat' dir='ltr'><strong>juxta</strong></span> <span class='ocrx_word' id='word_1_592' title='bbox 1794 3833 2129 3888; x_wconf 73' lang='lat' dir='ltr'><strong>Matthteum</strong></span> <span class='ocrx_word' id='word_1_593' title='bbox 2149 3851 2246 3891; x_wconf 88' lang='lat' dir='ltr'><strong>ca-</strong></span> 
     </span>
    </p>
   </div>
   <div class='ocr_carea' id='block_1_74' title="bbox 2350 3828 3968 3922">
    <p class='ocr_par' dir='ltr' id='par_1_74' title="bbox 2362 3835 3968 3922">
     <span class='ocr_line' id='line_1_75' title="bbox 2362 3835 3968 3922; baseline 0.012 -39"><span class='ocrx_word' id='word_1_594' title='bbox 2362 3835 2504 3884; x_wconf 70' lang='grc' dir='ltr'>θαῐον</span> <span class='ocrx_word' id='word_1_595' title='bbox 2541 3839 2738 3907; x_wconf 79' lang='grc' dir='ltr'>εἴρηκεν</span> <span class='ocrx_word' id='word_1_596' title='bbox 2766 3839 2843 3889; x_wconf 87' lang='grc' dir='ltr'>ὃτι</span> <span class='ocrx_word' id='word_1_597' title='bbox 2877 3835 3068 3901; x_wconf 75' lang='grc' dir='ltr'>Οὐδεὶς</span> <span class='ocrx_word' id='word_1_598' title='bbox 3099 3840 3426 3913; x_wconf 70' lang='grc' dir='ltr'>ἐπιγινώσκει</span> <span class='ocrx_word' id='word_1_599' title='bbox 3459 3849 3545 3896; x_wconf 87' lang='grc' dir='ltr'>τόν</span> <span class='ocrx_word' id='word_1_600' title='bbox 3577 3849 3721 3913; x_wconf 79' lang='grc' dir='ltr'>Υἱὸν,</span> <span class='ocrx_word' id='word_1_601' title='bbox 3760 3851 3808 3901; x_wconf 83' lang='grc' dir='ltr'>εἰ</span> <span class='ocrx_word' id='word_1_602' title='bbox 3835 3857 3910 3922; x_wconf 69' lang='grc' dir='ltr'><em>μὴ</em></span> <span class='ocrx_word' id='word_1_603' title='bbox 3947 3855 3968 3903; x_wconf 79' lang='grc' dir='ltr'><strong>ο</strong></span> 
     </span>
    </p>
   </div>
   <div class='ocr_carea' id='block_1_75' title="bbox 585 3917 2203 4005">
    <p class='ocr_par' dir='ltr' id='par_1_75' title="bbox 585 3917 2200 3990">
     <span class='ocr_line' id='line_1_76' title="bbox 585 3917 2200 3990; baseline 0.004 -19"><span class='ocrx_word' id='word_1_604' title='bbox 585 3917 703 3990; x_wconf 91' lang='lat' dir='ltr'><strong>pite</strong></span> <span class='ocrx_word' id='word_1_605' title='bbox 732 3939 742 3970; x_wconf 92' lang='lat'>:</span> <span class='ocrx_word' id='word_1_606' title='bbox 775 3919 957 3974; x_wconf 86' lang='lat' dir='ltr'><strong>Nemo</strong></span> <span class='ocrx_word' id='word_1_607' title='bbox 986 3918 1146 3973; x_wconf 90' lang='lat' dir='ltr'><strong>novit</strong></span> <span class='ocrx_word' id='word_1_608' title='bbox 1190 3919 1378 3988; x_wconf 80' lang='lat' dir='ltr'><strong>ﬁlium</strong></span> <span class='ocrx_word' id='word_1_609' title='bbox 1407 3920 1522 3975; x_wconf 83' lang='lat' dir='ltr'><strong>nisi</strong></span> <span class='ocrx_word' id='word_1_610' title='bbox 1542 3922 1722 3977; x_wconf 84' lang='lat' dir='ltr'><strong>Pater</strong></span> <span class='ocrx_word' id='word_1_611' title='bbox 1765 3922 1813 3956; x_wconf 85' lang='grc'>⁴⁰</span> <span class='ocrx_word' id='word_1_612' title='bbox 1868 3922 1889 3974; x_wconf 85' lang='lat'><strong><em>?</em></strong></span> <span class='ocrx_word' id='word_1_613' title='bbox 1920 3923 2067 3987; x_wconf 89' lang='lat' dir='ltr'><strong>Quia</strong></span> <span class='ocrx_word' id='word_1_614' title='bbox 2101 3923 2200 3978; x_wconf 89' lang='lat' dir='ltr'><strong>illu</strong></span> 
     </span>
    </p>
   </div>
   <div class='ocr_carea' id='block_1_76' title="bbox 2350 3917 3968 4005">
    <p class='ocr_par' dir='ltr' id='par_1_76' title="bbox 2362 3917 3968 4005">
     <span class='ocr_line' id='line_1_77' title="bbox 2362 3917 3968 4005; baseline 0.014 -33"><span class='ocrx_word' id='word_1_615' title='bbox 2362 3929 2567 3995; x_wconf 75' lang='grc' dir='ltr'>Πατήρ;</span> <span class='ocrx_word' id='word_1_616' title='bbox 2596 3924 2714 3978; x_wconf 82' lang='grc' dir='ltr'>Ὀτι</span> <span class='ocrx_word' id='word_1_617' title='bbox 2738 3926 2894 3979; x_wconf 74' lang='grc' dir='ltr'>ἐκεῖνο</span> <span class='ocrx_word' id='word_1_618' title='bbox 2924 3932 3014 3999; x_wconf 72' lang='grc' dir='ltr'>μεν</span> <span class='ocrx_word' id='word_1_619' title='bbox 3046 3927 3152 3982; x_wconf 83' lang='grc' dir='ltr'>εἶπε</span> <span class='ocrx_word' id='word_1_620' title='bbox 3179 3936 3292 4003; x_wconf 83' lang='grc' dir='ltr'>περὶ</span> <span class='ocrx_word' id='word_1_621' title='bbox 3316 3939 3405 3993; x_wconf 71' lang='grc' dir='ltr'>τῆς</span> <span class='ocrx_word' id='word_1_622' title='bbox 3437 3937 3636 4005; x_wconf 78' lang='grc' dir='ltr'>φύσεως</span> <span class='ocrx_word' id='word_1_623' title='bbox 3665 3946 3766 3999; x_wconf 69' lang='grc' dir='ltr'>τῆς</span> <span class='ocrx_word' id='word_1_624' title='bbox 3792 3917 3968 3998; x_wconf 59' lang='lat' dir='ltr'><strong>Bion:-</strong></span> 
     </span>
    </p>
   </div>
   <div class='ocr_carea' id='block_1_77' title="bbox 584 4005 2202 4090">
    <p class='ocr_par' dir='ltr' id='par_1_77' title="bbox 584 4005 2198 4085">
     <span class='ocr_line' id='line_1_78' title="bbox 584 4005 2198 4085; baseline 0.004 -23"><span class='ocrx_word' id='word_1_625' title='bbox 584 4005 659 4062; x_wconf 90' lang='lat' dir='ltr'><strong>de</strong></span> <span class='ocrx_word' id='word_1_626' title='bbox 690 4011 905 4063; x_wconf 89' lang='lat' dir='ltr'><strong>natura</strong></span> <span class='ocrx_word' id='word_1_627' title='bbox 935 4007 1262 4064; x_wconf 89' lang='lat' dir='ltr'><strong>divinitatis</strong></span> <span class='ocrx_word' id='word_1_628' title='bbox 1293 4026 1410 4064; x_wconf 81' lang='lat' dir='ltr'><strong>suae</strong></span> <span class='ocrx_word' id='word_1_629' title='bbox 1434 4009 1600 4075; x_wconf 81' lang='lat' dir='ltr'><strong>dixit,</strong></span> <span class='ocrx_word' id='word_1_630' title='bbox 1635 4010 1747 4064; x_wconf 91' lang='lat' dir='ltr'><strong>hoc</strong></span> <span class='ocrx_word' id='word_1_631' title='bbox 1788 4016 1983 4065; x_wconf 88' lang='lat' dir='ltr'><strong>autem</strong></span> <span class='ocrx_word' id='word_1_632' title='bbox 2020 4013 2198 4085; x_wconf 82' lang='lat' dir='ltr'><strong>simpl</strong></span> 
     </span>
    </p>
   </div>
   <div class='ocr_carea' id='block_1_78' title="bbox 2350 4005 3968 4090">
    <p class='ocr_par' dir='ltr' id='par_1_78' title="bbox 2356 4013 3968 4090">
     <span class='ocr_line' id='line_1_79' title="bbox 2356 4013 3968 4090; baseline 0.013 -29"><span class='ocrx_word' id='word_1_633' title='bbox 2356 4031 2438 4073; x_wconf 88' lang='grc' dir='ltr'><strong>τος</strong></span> <span class='ocrx_word' id='word_1_634' title='bbox 2473 4013 2650 4064; x_wconf 68' lang='grc' dir='ltr'>αὑτοῦ·</span> <span class='ocrx_word' id='word_1_635' title='bbox 2681 4023 2828 4067; x_wconf 78' lang='grc' dir='ltr'>τοῦτο</span> <span class='ocrx_word' id='word_1_636' title='bbox 2862 4013 2920 4068; x_wconf 79' lang='grc' dir='ltr'><strong>δε</strong></span> <span class='ocrx_word' id='word_1_637' title='bbox 2951 4023 3062 4090; x_wconf 72' lang='grc' dir='ltr'>περὶ</span> <span class='ocrx_word' id='word_1_638' title='bbox 3123 4028 3214 4071; x_wconf 78' lang='grc' dir='ltr'>τοῦ</span> <span class='ocrx_word' id='word_1_639' title='bbox 3258 4017 3450 4074; x_wconf 80' lang='grc' dir='ltr'>εἰδέναι</span> <span class='ocrx_word' id='word_1_640' title='bbox 3495 4023 3671 4086; x_wconf 74' lang='grc' dir='ltr'>ἁπλῶς</span> <span class='ocrx_word' id='word_1_641' title='bbox 3707 4029 3792 4079; x_wconf 82' lang='grc' dir='ltr'>ὅτι</span> <span class='ocrx_word' id='word_1_642' title='bbox 3853 4029 3968 4083; x_wconf 76' lang='grc' dir='ltr'>ἐστὶ</span> 
     </span>
    </p>
   </div>
   <div class='ocr_carea' id='block_1_79' title="bbox 583 4095 2201 4171">
    <p class='ocr_par' dir='ltr' id='par_1_79' title="bbox 583 4095 2061 4171">
     <span class='ocr_line' id='line_1_80' title="bbox 583 4095 2061 4171; baseline 0.001 -19"><span class='ocrx_word' id='word_1_643' title='bbox 583 4096 721 4152; x_wconf 85' lang='lat' dir='ltr'><strong>citer</strong></span> <span class='ocrx_word' id='word_1_644' title='bbox 749 4095 823 4152; x_wconf 88' lang='lat' dir='ltr'><strong>de</strong></span> <span class='ocrx_word' id='word_1_645' title='bbox 851 4096 1078 4162; x_wconf 84' lang='lat' dir='ltr'><strong>notitia,</strong></span> <span class='ocrx_word' id='word_1_646' title='bbox 1103 4097 1266 4169; x_wconf 86' lang='lat' dir='ltr'><strong>quod</strong></span> <span class='ocrx_word' id='word_1_647' title='bbox 1300 4097 1454 4152; x_wconf 90' lang='lat' dir='ltr'><strong>Deus</strong></span> <span class='ocrx_word' id='word_1_648' title='bbox 1498 4099 1569 4154; x_wconf 89' lang='lat' dir='ltr'><strong>sit</strong></span> <span class='ocrx_word' id='word_1_649' title='bbox 1616 4099 1831 4171; x_wconf 87' lang='lat' dir='ltr'><strong>Deique</strong></span> <span class='ocrx_word' id='word_1_650' title='bbox 1866 4101 2061 4155; x_wconf 84' lang='lat' dir='ltr'><strong>Filius.</strong></span> 
     </span>
    </p>
   </div>
   <div class='ocr_carea' id='block_1_80' title="bbox 1301 4095 2919 4171">
    <p class='ocr_par' dir='ltr' id='par_1_80' title="bbox 1301 4097 2919 4171">
     <span class='ocr_line' id='line_1_81' title="bbox 1301 4097 2919 4171; baseline 0.004 -20"><span class='ocrx_word' id='word_1_651' title='bbox 1301 4097 1454 4152; x_wconf 91' lang='lat' dir='ltr'><strong>Deus</strong></span> <span class='ocrx_word' id='word_1_652' title='bbox 1498 4099 1569 4154; x_wconf 89' lang='lat' dir='ltr'><strong>sit</strong></span> <span class='ocrx_word' id='word_1_653' title='bbox 1616 4099 1831 4171; x_wconf 87' lang='lat' dir='ltr'><strong>Deique</strong></span> <span class='ocrx_word' id='word_1_654' title='bbox 1866 4101 2061 4155; x_wconf 84' lang='lat' dir='ltr'><strong>Filius.</strong></span> <span class='ocrx_word' id='word_1_655' title='bbox 2359 4104 2486 4160; x_wconf 81' lang='grc' dir='ltr'>Θεὸς</span> <span class='ocrx_word' id='word_1_656' title='bbox 2516 4107 2602 4154; x_wconf 79' lang='grc' dir='ltr'>καὶ</span> <span class='ocrx_word' id='word_1_657' title='bbox 2631 4106 2743 4164; x_wconf 81' lang='grc' dir='ltr'><strong>Υἱὸς</strong></span> <span class='ocrx_word' id='word_1_658' title='bbox 2774 4111 2919 4157; x_wconf 72' lang='grc' dir='ltr'>Θεοῦ.</span> 
     </span>
    </p>
   </div>
   <div class='ocr_carea' id='block_1_81' title="bbox 653 4185 2271 4274">
    <p class='ocr_par' dir='ltr' id='par_1_81' title="bbox 653 4185 2241 4260">
     <span class='ocr_line' id='line_1_82' title="bbox 653 4185 2241 4260; baseline 0.004 -21"><span class='ocrx_word' id='word_1_659' title='bbox 653 4187 811 4240; x_wconf 88' lang='lat' dir='ltr'><strong>Vers.</strong></span> <span class='ocrx_word' id='word_1_660' title='bbox 840 4185 926 4241; x_wconf 76' lang='lat'><strong>28.</strong></span> <span class='ocrx_word' id='word_1_661' title='bbox 959 4186 1037 4241; x_wconf 82' lang='lat' dir='ltr'><strong>Et</strong></span> <span class='ocrx_word' id='word_1_662' title='bbox 1072 4217 1132 4226; x_wconf 96' lang='lat'>—</span> <span class='ocrx_word' id='word_1_663' title='bbox 1165 4189 1307 4242; x_wconf 81' lang='lat' dir='ltr'><strong>veni.</strong></span> <span class='ocrx_word' id='word_1_664' title='bbox 1375 4188 1559 4243; x_wconf 87' lang='lat' dir='ltr'><strong>Etiam</strong></span> <span class='ocrx_word' id='word_1_665' title='bbox 1609 4187 1744 4251; x_wconf 87' lang='lat' dir='ltr'><strong>hoc,</strong></span> <span class='ocrx_word' id='word_1_666' title='bbox 1775 4188 1988 4260; x_wconf 86' lang='lat' dir='ltr'><strong>inquit,</strong></span> <span class='ocrx_word' id='word_1_667' title='bbox 2016 4190 2241 4256; x_wconf 85' lang='lat' dir='ltr'><strong>nostis;</strong></span> 
     </span>
    </p>
   </div>
   <div class='ocr_carea' id='block_1_82' title="bbox 2350 4185 3968 4274">
    <p class='ocr_par' dir='ltr' id='par_1_82' title="bbox 2431 4191 3968 4274">
     <span class='ocr_line' id='line_1_83' title="bbox 2431 4191 3968 4274; baseline 0.012 -32"><span class='ocrx_word' id='word_1_668' title='bbox 2431 4192 2529 4243; x_wconf 79' lang='grc' dir='ltr'><strong>Καὶ</strong></span> <span class='ocrx_word' id='word_1_669' title='bbox 2558 4223 2624 4231; x_wconf 88' lang='lat'>—</span> <span class='ocrx_word' id='word_1_670' title='bbox 2657 4191 2895 4250; x_wconf 73' lang='grc' dir='ltr'><strong>ἐλήλυθα.</strong></span> <span class='ocrx_word' id='word_1_671' title='bbox 2930 4193 3126 4249; x_wconf 86' lang='grc' dir='ltr'>Οἴδατε</span> <span class='ocrx_word' id='word_1_672' title='bbox 3178 4205 3459 4269; x_wconf 77' lang='grc' dir='ltr'>καὶτοῦτο,</span> <span class='ocrx_word' id='word_1_673' title='bbox 3489 4208 3622 4274; x_wconf 84' lang='grc' dir='ltr'>φησῖ</span> <span class='ocrx_word' id='word_1_674' title='bbox 3653 4223 3665 4234; x_wconf 89' lang='grc'>·</span> <span class='ocrx_word' id='word_1_675' title='bbox 3694 4212 3968 4260; x_wconf 73' lang='grc' dir='ltr'>καὶτοῦτο</span> 
     </span>
    </p>
   </div>
   <div class='ocr_carea' id='block_1_83' title="bbox 580 4274 2198 4359">
    <p class='ocr_par' dir='ltr' id='par_1_83' title="bbox 580 4274 2198 4346">
     <span class='ocr_line' id='line_1_84' title="bbox 580 4274 2198 4346; baseline 0.002 -16"><span class='ocrx_word' id='word_1_676' title='bbox 580 4290 725 4331; x_wconf 91' lang='lat' dir='ltr'><strong>nam</strong></span> <span class='ocrx_word' id='word_1_677' title='bbox 765 4279 820 4330; x_wconf 88' lang='lat' dir='ltr'><strong>et</strong></span> <span class='ocrx_word' id='word_1_678' title='bbox 841 4274 902 4330; x_wconf 89' lang='lat' dir='ltr'><strong>id</strong></span> <span class='ocrx_word' id='word_1_679' title='bbox 935 4275 1212 4346; x_wconf 72' lang='lat' dir='ltr'><strong>prtedicta</strong></span> <span class='ocrx_word' id='word_1_680' title='bbox 1243 4276 1455 4332; x_wconf 90' lang='lat' dir='ltr'><strong>docent</strong></span> <span class='ocrx_word' id='word_1_681' title='bbox 1491 4277 1848 4345; x_wconf 88' lang='lat' dir='ltr'><strong>testimonia,</strong></span> <span class='ocrx_word' id='word_1_682' title='bbox 1881 4286 1934 4332; x_wconf 90' lang='lat' dir='ltr'><strong>et</strong></span> <span class='ocrx_word' id='word_1_683' title='bbox 1961 4281 2198 4336; x_wconf 66' lang='lat' dir='ltr'><strong>maxime</strong></span> 
     </span>
    </p>
   </div>
   <div class='ocr_carea' id='block_1_84' title="bbox 2347 4274 3965 4359">
    <p class='ocr_par' dir='ltr' id='par_1_84' title="bbox 2353 4277 3965 4359">
     <span class='ocr_line' id='line_1_85' title="bbox 2353 4277 3965 4359; baseline 0.012 -29"><span class='ocrx_word' id='word_1_684' title='bbox 2353 4282 2453 4351; x_wconf 78' lang='grc' dir='ltr'><strong>γὰρ</strong></span> <span class='ocrx_word' id='word_1_685' title='bbox 2486 4283 2538 4332; x_wconf 80' lang='grc' dir='ltr'>αἱ</span> <span class='ocrx_word' id='word_1_686' title='bbox 2566 4277 2883 4338; x_wconf 75' lang='grc' dir='ltr'>δηλωθιῖσαι</span> <span class='ocrx_word' id='word_1_687' title='bbox 2926 4291 3210 4359; x_wconf 75' lang='grc' dir='ltr'>μαρτυρίαι</span> <span class='ocrx_word' id='word_1_688' title='bbox 3255 4285 3630 4357; x_wconf 77' lang='grc' dir='ltr'>διδάσκουσιν,</span> <span class='ocrx_word' id='word_1_689' title='bbox 3670 4294 3850 4357; x_wconf 73' lang='grc' dir='ltr'>ἄλλως</span> <span class='ocrx_word' id='word_1_690' title='bbox 3896 4317 3965 4355; x_wconf 83' lang='grc' dir='ltr'><strong>τε.</strong></span> 
     </span>
    </p>
   </div>
   <div class='ocr_carea' id='block_1_85' title="bbox 580 4365 2198 4446">
    <p class='ocr_par' dir='ltr' id='par_1_85' title="bbox 580 4365 2198 4437">
     <span class='ocr_line' id='line_1_86' title="bbox 580 4365 2198 4437; baseline 0.003 -18"><span class='ocrx_word' id='word_1_691' title='bbox 580 4365 724 4437; x_wconf 89' lang='lat' dir='ltr'><strong>quia</strong></span> <span class='ocrx_word' id='word_1_692' title='bbox 751 4365 1016 4420; x_wconf 83' lang='lat' dir='ltr'><strong>Gloriam</strong></span> <span class='ocrx_word' id='word_1_693' title='bbox 1045 4365 1352 4434; x_wconf 81' lang='lat' dir='ltr'><strong>propriam</strong></span> <span class='ocrx_word' id='word_1_694' title='bbox 1395 4380 1515 4420; x_wconf 88' lang='lat' dir='ltr'><strong>non</strong></span> <span class='ocrx_word' id='word_1_695' title='bbox 1567 4381 1790 4437; x_wconf 65' lang='lat' dir='ltr'><strong>quaero,</strong></span> <span class='ocrx_word' id='word_1_696' title='bbox 1837 4368 1940 4422; x_wconf 87' lang='lat' dir='ltr'><strong>sed</strong></span> <span class='ocrx_word' id='word_1_697' title='bbox 1985 4370 2198 4437; x_wconf 64' lang='lat' dir='ltr'><strong>gloria:</strong></span> 
     </span>
    </p>
   </div>
   <div class='ocr_carea' id='block_1_86' title="bbox 2348 4365 3966 4446">
    <p class='ocr_par' dir='ltr' id='par_1_86' title="bbox 2353 4369 3966 4446">
     <span class='ocr_line' id='line_1_87' title="bbox 2353 4369 3966 4446; baseline 0.012 -28"><span class='ocrx_word' id='word_1_698' title='bbox 2353 4374 2439 4419; x_wconf 78' lang='grc' dir='ltr'>καὶ</span> <span class='ocrx_word' id='word_1_699' title='bbox 2467 4370 2628 4439; x_wconf 86' lang='grc' dir='ltr'>(Ἱ)ὃτι</span> <span class='ocrx_word' id='word_1_700' title='bbox 2675 4371 2750 4422; x_wconf 72' lang='grc' dir='ltr'><strong>Οὐ</strong></span> <span class='ocrx_word' id='word_1_701' title='bbox 2797 4377 2888 4429; x_wconf 71' lang='grc' dir='ltr'>τὴν</span> <span class='ocrx_word' id='word_1_702' title='bbox 2939 4369 3098 4436; x_wconf 79' lang='grc' dir='ltr'>δοξαν</span> <span class='ocrx_word' id='word_1_703' title='bbox 3147 4381 3238 4435; x_wconf 79' lang='grc' dir='ltr'>τὴν</span> <span class='ocrx_word' id='word_1_704' title='bbox 3279 4374 3421 4430; x_wconf 78' lang='grc' dir='ltr'>ἰδίαν</span> <span class='ocrx_word' id='word_1_705' title='bbox 3462 4380 3626 4446; x_wconf 77' lang='grc' dir='ltr'>ζητῶ,</span> <span class='ocrx_word' id='word_1_706' title='bbox 3683 4382 3823 4436; x_wconf 69' lang='grc' dir='ltr'><strong>ἀλλὰ</strong></span> <span class='ocrx_word' id='word_1_707' title='bbox 3881 4395 3966 4445; x_wconf 63' lang='grc' dir='ltr'>τὶν</span> 
     </span>
    </p>
   </div>
   <div class='ocr_carea' id='block_1_87' title="bbox 581 4452 2199 4535">
    <p class='ocr_par' dir='ltr' id='par_1_87' title="bbox 581 4452 1276 4524">
     <span class='ocr_line' id='line_1_88' title="bbox 581 4452 1276 4524; baseline -0.004 -15"><span class='ocrx_word' id='word_1_708' title='bbox 581 4456 725 4524; x_wconf 84' lang='lat' dir='ltr'><strong>ejus,</strong></span> <span class='ocrx_word' id='word_1_709' title='bbox 754 4452 857 4524; x_wconf 85' lang='lat' dir='ltr'><strong>qui</strong></span> <span class='ocrx_word' id='word_1_710' title='bbox 885 4453 1041 4509; x_wconf 87' lang='lat' dir='ltr'><strong>misit</strong></span> <span class='ocrx_word' id='word_1_711' title='bbox 1088 4468 1180 4510; x_wconf 88' lang='lat' dir='ltr'><strong>me</strong></span> <span class='ocrx_word' id='word_1_712' title='bbox 1209 4455 1276 4506; x_wconf 85' lang='grc'><strong>⁴¹.</strong></span> 
     </span>
    </p>
   </div>
   <div class='ocr_carea' id='block_1_88' title="bbox 1461 4452 3079 4535">
    <p class='ocr_par' dir='ltr' id='par_1_88' title="bbox 2271 4454 3079 4535">
     <span class='ocr_line' id='line_1_89' title="bbox 2271 4454 3079 4535; baseline 0.01 -26"><span class='ocrx_word' id='word_1_713' title='bbox 2271 4523 2309 4535; x_wconf 44' lang='grc' dir='ltr'>ἢ</span> <span class='ocrx_word' id='word_1_714' title='bbox 2354 4454 2510 4519; x_wconf 83' lang='grc' dir='ltr'>δόξαν</span> <span class='ocrx_word' id='word_1_715' title='bbox 2540 4467 2630 4510; x_wconf 74' lang='grc' dir='ltr'>τοῦ</span> <span class='ocrx_word' id='word_1_716' title='bbox 2671 4460 2968 4532; x_wconf 67' lang='grc' dir='ltr'>πέμψαντος</span> <span class='ocrx_word' id='word_1_717' title='bbox 3000 4483 3079 4535; x_wconf 71' lang='grc' dir='ltr'><strong>με.</strong></span> 
     </span>
    </p>
   </div>
   <div class='ocr_carea' id='block_1_89' title="bbox 649 4523 2267 4637">
    <p class='ocr_par' dir='ltr' id='par_1_89' title="bbox 649 4523 2242 4616">
     <span class='ocr_line' id='line_1_90' title="bbox 649 4523 2242 4616; baseline 0.003 -19"><span class='ocrx_word' id='word_1_718' title='bbox 649 4523 813 4597; x_wconf 84' lang='lat' dir='ltr'><strong>Vers.</strong></span> <span class='ocrx_word' id='word_1_719' title='bbox 835 4544 933 4597; x_wconf 71' lang='lat'><strong>28.</strong></span> <span class='ocrx_word' id='word_1_720' title='bbox 956 4541 1076 4598; x_wconf 87' lang='lat' dir='ltr'><strong>Sed</strong></span> <span class='ocrx_word' id='word_1_721' title='bbox 1105 4573 1171 4582; x_wconf 97' lang='lat'>—</span> <span class='ocrx_word' id='word_1_722' title='bbox 1203 4556 1308 4598; x_wconf 89' lang='lat' dir='ltr'><strong>me.</strong></span> <span class='ocrx_word' id='word_1_723' title='bbox 1335 4540 1508 4597; x_wconf 83' lang='lat' dir='ltr'><strong>Pater</strong></span> <span class='ocrx_word' id='word_1_724' title='bbox 1542 4557 1610 4599; x_wconf 88' lang='lat' dir='ltr'><strong>ac</strong></span> <span class='ocrx_word' id='word_1_725' title='bbox 1644 4544 1814 4608; x_wconf 88' lang='lat' dir='ltr'><strong>Deus,</strong></span> <span class='ocrx_word' id='word_1_726' title='bbox 1847 4543 1946 4616; x_wconf 87' lang='lat' dir='ltr'><strong>qui</strong></span> <span class='ocrx_word' id='word_1_727' title='bbox 1974 4544 2242 4602; x_wconf 87' lang='lat' dir='ltr'><strong>videlicet</strong></span> 
     </span>
    </p>
   </div>
   <div class='ocr_carea' id='block_1_90' title="bbox 2343 4523 3961 4637">
    <p class='ocr_par' dir='ltr' id='par_1_90' title="bbox 2424 4523 3961 4637">
     <span class='ocr_line' id='line_1_91' title="bbox 2424 4523 3961 4637; baseline 0.013 -40"><span class='ocrx_word' id='word_1_728' title='bbox 2424 4546 2538 4598; x_wconf 71' lang='grc' dir='ltr'>Αλλ⁸</span> <span class='ocrx_word' id='word_1_729' title='bbox 2595 4578 2659 4589; x_wconf 90' lang='grc'><strong><em>-</em></strong></span> <span class='ocrx_word' id='word_1_730' title='bbox 2844 4549 2903 4601; x_wconf 90' lang='grc' dir='ltr'>Ὀ</span> <span class='ocrx_word' id='word_1_731' title='bbox 2937 4523 3114 4626; x_wconf 74' lang='grc' dir='ltr'>Πατὴρ</span> <span class='ocrx_word' id='word_1_732' title='bbox 3170 4560 3258 4607; x_wconf 78' lang='grc' dir='ltr'>καὶ</span> <span class='ocrx_word' id='word_1_733' title='bbox 3304 4559 3453 4622; x_wconf 79' lang='grc' dir='ltr'>Θεὸς,</span> <span class='ocrx_word' id='word_1_734' title='bbox 3487 4561 3554 4620; x_wconf 82' lang='grc' dir='ltr'>ὡς</span> <span class='ocrx_word' id='word_1_735' title='bbox 3607 4563 3827 4633; x_wconf 62' lang='grc' dir='ltr'>πέμψας</span> <span class='ocrx_word' id='word_1_736' title='bbox 3883 4587 3961 4637; x_wconf 68' lang='grc' dir='ltr'>με,</span> 
     </span>
    </p>
   </div>
   <div class='ocr_carea' id='block_1_91' title="bbox 579 4630 2197 4716">
    <p class='ocr_par' dir='ltr' id='par_1_91' title="bbox 579 4630 2196 4706">
     <span class='ocr_line' id='line_1_92' title="bbox 579 4630 2196 4706; baseline 0.002 -20"><span class='ocrx_word' id='word_1_737' title='bbox 579 4630 743 4688; x_wconf 90' lang='lat' dir='ltr'><strong>misit</strong></span> <span class='ocrx_word' id='word_1_738' title='bbox 770 4647 883 4696; x_wconf 91' lang='lat' dir='ltr'><strong>me,</strong></span> <span class='ocrx_word' id='word_1_739' title='bbox 917 4631 1070 4687; x_wconf 86' lang='lat' dir='ltr'><strong>sicut</strong></span> <span class='ocrx_word' id='word_1_740' title='bbox 1113 4631 1467 4702; x_wconf 89' lang='lat' dir='ltr'><strong>promiserat</strong></span> <span class='ocrx_word' id='word_1_741' title='bbox 1517 4647 1623 4704; x_wconf 91' lang='lat' dir='ltr'><strong>per</strong></span> <span class='ocrx_word' id='word_1_742' title='bbox 1662 4632 1984 4704; x_wconf 89' lang='lat' dir='ltr'><strong>prophetas</strong></span> <span class='ocrx_word' id='word_1_743' title='bbox 2031 4649 2196 4706; x_wconf 92' lang='lat' dir='ltr'><strong>:quo</strong></span> 
     </span>
    </p>
   </div>
   <div class='ocr_carea' id='block_1_92' title="bbox 2342 4630 3960 4716">
    <p class='ocr_par' dir='ltr' id='par_1_92' title="bbox 2350 4633 3960 4716">
     <span class='ocr_line' id='line_1_93' title="bbox 2350 4633 3960 4716; baseline 0.014 -31"><span class='ocrx_word' id='word_1_744' title='bbox 2350 4638 2520 4698; x_wconf 82' lang='grc' dir='ltr'>καθὼς</span> <span class='ocrx_word' id='word_1_745' title='bbox 2551 4633 2642 4688; x_wconf 74' lang='grc' dir='ltr'>διὰ</span> <span class='ocrx_word' id='word_1_746' title='bbox 2665 4647 2762 4689; x_wconf 79' lang='grc' dir='ltr'>τῶν</span> <span class='ocrx_word' id='word_1_747' title='bbox 2803 4650 3076 4712; x_wconf 79' lang='grc' dir='ltr'>προφητῶν</span> <span class='ocrx_word' id='word_1_748' title='bbox 3117 4642 3456 4716; x_wconf 59' lang='grc' dir='ltr'>ἐπηγγείλατο</span> <span class='ocrx_word' id='word_1_749' title='bbox 3490 4665 3500 4675; x_wconf 93' lang='grc'>·</span> <span class='ocrx_word' id='word_1_750' title='bbox 3537 4649 3581 4700; x_wconf 87' lang='grc' dir='ltr'>εἰ</span> <span class='ocrx_word' id='word_1_751' title='bbox 3614 4647 3674 4701; x_wconf 66' lang='grc' dir='ltr'>δὲ</span> <span class='ocrx_word' id='word_1_752' title='bbox 3707 4651 3960 4716; x_wconf 60' lang='lat' dir='ltr'><strong>alluens;</strong></span> 
     </span>
    </p>
   </div>
   <div class='ocr_carea' id='block_1_93' title="bbox 581 4719 2199 4809">
    <p class='ocr_par' dir='ltr' id='par_1_93' title="bbox 581 4719 2199 4796">
     <span class='ocr_line' id='line_1_94' title="bbox 581 4719 2199 4796; baseline 0.002 -23"><span class='ocrx_word' id='word_1_753' title='bbox 581 4719 626 4774; x_wconf 89' lang='lat' dir='ltr'><strong>si</strong></span> <span class='ocrx_word' id='word_1_754' title='bbox 651 4736 828 4776; x_wconf 87' lang='lat' dir='ltr'><strong>verax</strong></span> <span class='ocrx_word' id='word_1_755' title='bbox 859 4724 964 4786; x_wconf 91' lang='lat' dir='ltr'><strong>est,</strong></span> <span class='ocrx_word' id='word_1_756' title='bbox 1041 4721 1142 4793; x_wconf 88' lang='lat' dir='ltr'><strong>qui</strong></span> <span class='ocrx_word' id='word_1_757' title='bbox 1194 4721 1368 4786; x_wconf 90' lang='lat' dir='ltr'><strong>misit,</strong></span> <span class='ocrx_word' id='word_1_758' title='bbox 1414 4721 1616 4792; x_wconf 89' lang='lat' dir='ltr'><strong>utique</strong></span> <span class='ocrx_word' id='word_1_759' title='bbox 1673 4726 1729 4776; x_wconf 91' lang='lat' dir='ltr'><strong>et</strong></span> <span class='ocrx_word' id='word_1_760' title='bbox 1790 4738 1967 4779; x_wconf 87' lang='lat' dir='ltr'><strong>verax</strong></span> <span class='ocrx_word' id='word_1_761' title='bbox 2022 4733 2106 4779; x_wconf 86' lang='lat' dir='ltr'><strong>est</strong></span> <span class='ocrx_word' id='word_1_762' title='bbox 2135 4740 2199 4796; x_wconf 73' lang='lat' dir='ltr'><strong>qi</strong></span> 
     </span>
    </p>
   </div>
   <div class='ocr_carea' id='block_1_94' title="bbox 2338 4719 3956 4809">
    <p class='ocr_par' dir='ltr' id='par_1_94' title="bbox 2350 4725 3956 4809">
     <span class='ocr_line' id='line_1_95' title="bbox 2350 4725 3956 4809; baseline 0.014 -35"><span class='ocrx_word' id='word_1_763' title='bbox 2350 4726 2374 4776; x_wconf 82' lang='lat'><strong><em>6</em></strong></span> <span class='ocrx_word' id='word_1_764' title='bbox 2417 4725 2644 4796; x_wconf 53' lang='grc' dir='ltr'>πέμψας,</span> <span class='ocrx_word' id='word_1_765' title='bbox 2679 4726 2915 4788; x_wconf 74' lang='grc' dir='ltr'>ἀληθινὸς</span> <span class='ocrx_word' id='word_1_766' title='bbox 2948 4731 3046 4803; x_wconf 71' lang='grc' dir='ltr'>ἰρκ</span> <span class='ocrx_word' id='word_1_767' title='bbox 3090 4735 3230 4784; x_wconf 86' lang='grc' dir='ltr'>καὶὸ</span> <span class='ocrx_word' id='word_1_768' title='bbox 3257 4737 3503 4806; x_wconf 74' lang='grc' dir='ltr'>πεμφθεὶς</span> <span class='ocrx_word' id='word_1_769' title='bbox 3527 4745 3638 4799; x_wconf 80' lang='grc' dir='ltr'>τῆς,</span> <span class='ocrx_word' id='word_1_770' title='bbox 3681 4740 3770 4809; x_wconf 81' lang='grc'><strong>(8)</strong></span> <span class='ocrx_word' id='word_1_771' title='bbox 3800 4747 3956 4796; x_wconf 61' lang='grc' dir='ltr'>αὐτοῦ</span> 
     </span>
    </p>
   </div>
   <div class='ocr_carea' id='block_1_95' title="bbox 579 4809 2197 4885">
    <p class='ocr_par' dir='ltr' id='par_1_95' title="bbox 579 4809 1843 4881">
     <span class='ocr_line' id='line_1_96' title="bbox 579 4809 1843 4881; baseline 0 -18"><span class='ocrx_word' id='word_1_772' title='bbox 579 4809 795 4864; x_wconf 89' lang='lat' dir='ltr'><strong>missus</strong></span> <span class='ocrx_word' id='word_1_773' title='bbox 820 4815 926 4874; x_wconf 89' lang='lat' dir='ltr'><strong>est,</strong></span> <span class='ocrx_word' id='word_1_774' title='bbox 961 4824 1097 4865; x_wconf 93' lang='lat' dir='ltr'><strong>cum</strong></span> <span class='ocrx_word' id='word_1_775' title='bbox 1124 4809 1393 4881; x_wconf 89' lang='lat' dir='ltr'><strong>ejusdem</strong></span> <span class='ocrx_word' id='word_1_776' title='bbox 1446 4809 1565 4865; x_wconf 90' lang='lat' dir='ltr'><strong>sint</strong></span> <span class='ocrx_word' id='word_1_777' title='bbox 1595 4815 1843 4866; x_wconf 63' lang='lat' dir='ltr'><strong>naturae.</strong></span> 
     </span>
    </p>
   </div>
   <div class='ocr_carea' id='block_1_96' title="bbox 1044 4809 2662 4885">
    <p class='ocr_par' dir='ltr' id='par_1_96' title="bbox 1044 4809 2662 4885">
     <span class='ocr_line' id='line_1_97' title="bbox 1044 4809 2662 4885; baseline 0.001 -20"><span class='ocrx_word' id='word_1_778' title='bbox 1044 4826 1097 4865; x_wconf 94' lang='lat' dir='ltr'><strong>m</strong></span> <span class='ocrx_word' id='word_1_779' title='bbox 1124 4809 1393 4881; x_wconf 89' lang='lat' dir='ltr'><strong>ejusdem</strong></span> <span class='ocrx_word' id='word_1_780' title='bbox 1446 4809 1565 4865; x_wconf 90' lang='lat' dir='ltr'><strong>sint</strong></span> <span class='ocrx_word' id='word_1_781' title='bbox 1595 4815 1843 4866; x_wconf 63' lang='lat' dir='ltr'><strong>naturae.</strong></span> <span class='ocrx_word' id='word_1_782' title='bbox 2350 4818 2544 4885; x_wconf 68' lang='grc' dir='ltr'>φύσεως</span> <span class='ocrx_word' id='word_1_783' title='bbox 2575 4819 2662 4866; x_wconf 80' lang='grc' dir='ltr'><strong>ὧν.</strong></span> 
     </span>
    </p>
   </div>
   <div class='ocr_carea' id='block_1_97' title="bbox 651 4897 2269 4986">
    <p class='ocr_par' dir='ltr' id='par_1_97' title="bbox 651 4897 2238 4972">
     <span class='ocr_line' id='line_1_98' title="bbox 651 4897 2238 4972; baseline 0.006 -22"><span class='ocrx_word' id='word_1_784' title='bbox 651 4898 816 4951; x_wconf 84' lang='lat' dir='ltr'><strong>Vers.</strong></span> <span class='ocrx_word' id='word_1_785' title='bbox 875 4897 962 4952; x_wconf 74' lang='lat'><strong>28.</strong></span> <span class='ocrx_word' id='word_1_786' title='bbox 1009 4899 1184 4962; x_wconf 80' lang='lat' dir='ltr'><strong>Quem</strong></span> <span class='ocrx_word' id='word_1_787' title='bbox 1239 4932 1306 4938; x_wconf 98' lang='lat'><strong>—</strong></span> <span class='ocrx_word' id='word_1_788' title='bbox 1358 4899 1624 4955; x_wconf 83' lang='lat' dir='ltr'><strong>novistis.</strong></span> <span class='ocrx_word' id='word_1_789' title='bbox 1688 4902 1894 4972; x_wconf 86' lang='lat' dir='ltr'><strong>Utpote</strong></span> <span class='ocrx_word' id='word_1_790' title='bbox 1955 4907 2238 4972; x_wconf 70' lang='lat' dir='ltr'><strong>negantes</strong></span> 
     </span>
    </p>
   </div>
   <div class='ocr_carea' id='block_1_98' title="bbox 2328 4897 3946 4986">
    <p class='ocr_par' dir='ltr' id='par_1_98' title="bbox 2415 4901 3946 4986">
     <span class='ocr_line' id='line_1_99' title="bbox 2415 4901 3946 4986; baseline 0.013 -34"><span class='ocrx_word' id='word_1_791' title='bbox 2415 4902 2509 4953; x_wconf 75' lang='grc' dir='ltr'>Ὀν</span> <span class='ocrx_word' id='word_1_792' title='bbox 2569 4935 2632 4942; x_wconf 91' lang='grc'><strong>-</strong></span> <span class='ocrx_word' id='word_1_793' title='bbox 2686 4901 2882 4960; x_wconf 84' lang='grc' dir='ltr'>οἴδατε.</span> <span class='ocrx_word' id='word_1_794' title='bbox 2915 4905 2998 4968; x_wconf 81' lang='grc' dir='ltr'>Ὠς</span> <span class='ocrx_word' id='word_1_795' title='bbox 3044 4915 3155 4970; x_wconf 81' lang='grc' dir='ltr'>τοῖς</span> <span class='ocrx_word' id='word_1_796' title='bbox 3200 4913 3366 4985; x_wconf 81' lang='grc' dir='ltr'>ἔργοις</span> <span class='ocrx_word' id='word_1_797' title='bbox 3425 4911 3738 4986; x_wconf 74' lang='grc' dir='ltr'>ἀρνούμενοι</span> <span class='ocrx_word' id='word_1_798' title='bbox 3781 4922 3946 4974; x_wconf 56' lang='grc' dir='ltr'>αὐτον.</span> 
     </span>
    </p>
   </div>
   <div class='ocr_carea' id='block_1_99' title="bbox 579 4985 2197 5074">
    <p class='ocr_par' dir='ltr' id='par_1_99' title="bbox 579 4985 2197 5061">
     <span class='ocr_line' id='line_1_100' title="bbox 579 4985 2197 5061; baseline 0.006 -22"><span class='ocrx_word' id='word_1_799' title='bbox 579 4985 746 5040; x_wconf 87' lang='lat' dir='ltr'><strong>illum</strong></span> <span class='ocrx_word' id='word_1_800' title='bbox 777 4987 1074 5058; x_wconf 89' lang='lat' dir='ltr'><strong>operibus.</strong></span> <span class='ocrx_word' id='word_1_801' title='bbox 1106 4989 1200 5044; x_wconf 89' lang='lat' dir='ltr'><strong>Ait</strong></span> <span class='ocrx_word' id='word_1_802' title='bbox 1224 4989 1382 5044; x_wconf 88' lang='lat' dir='ltr'><strong>enim</strong></span> <span class='ocrx_word' id='word_1_803' title='bbox 1416 4994 1471 5044; x_wconf 90' lang='lat' dir='ltr'><strong>et</strong></span> <span class='ocrx_word' id='word_1_804' title='bbox 1495 4989 1799 5061; x_wconf 84' lang='lat' dir='ltr'><strong>apostolus</strong></span> <span class='ocrx_word' id='word_1_805' title='bbox 1830 5007 1839 5043; x_wconf 93' lang='lat'>:</span> <span class='ocrx_word' id='word_1_806' title='bbox 1874 4992 2197 5060; x_wconf 80' lang='lat' dir='ltr'><strong>Conﬁtentu</strong></span> 
     </span>
    </p>
   </div>
   <div class='ocr_carea' id='block_1_100' title="bbox 2316 4985 3934 5074">
    <p class='ocr_par' dir='ltr' id='par_1_100' title="bbox 2348 4995 3934 5074">
     <span class='ocr_line' id='line_1_101' title="bbox 2348 4995 3934 5074; baseline 0.015 -32"><span class='ocrx_word' id='word_1_807' title='bbox 2348 4998 2481 5047; x_wconf 77' lang='grc' dir='ltr'><strong>Φησὶ</strong></span> <span class='ocrx_word' id='word_1_808' title='bbox 2497 4995 2598 5064; x_wconf 84' lang='grc' dir='ltr'><strong>γὰρ</strong></span> <span class='ocrx_word' id='word_1_809' title='bbox 2625 4996 2755 5046; x_wconf 87' lang='grc' dir='ltr'>καίὸ</span> <span class='ocrx_word' id='word_1_810' title='bbox 2782 4996 3100 5060; x_wconf 82' lang='grc' dir='ltr'>Ἀποστολος</span> <span class='ocrx_word' id='word_1_811' title='bbox 3121 5000 3202 5051; x_wconf 85' lang='grc' dir='ltr'>ὃτι</span> <span class='ocrx_word' id='word_1_812' title='bbox 3222 5004 3347 5054; x_wconf 77' lang='grc' dir='ltr'>Θεὸν</span> <span class='ocrx_word' id='word_1_813' title='bbox 3365 5001 3716 5074; x_wconf 74' lang='grc' dir='ltr'>ὁμολογοῦσιν</span> <span class='ocrx_word' id='word_1_814' title='bbox 3743 5007 3934 5066; x_wconf 65' lang='grc' dir='ltr'><strong>εἰδὲ-εει.</strong></span> 
     </span>
    </p>
   </div>
   <div class='ocr_carea' id='block_1_101' title="bbox 578 5076 2196 5158">
    <p class='ocr_par' dir='ltr' id='par_1_101' title="bbox 578 5076 1838 5147">
     <span class='ocr_line' id='line_1_102' title="bbox 578 5076 1838 5147; baseline 0.002 -19"><span class='ocrx_word' id='word_1_815' title='bbox 578 5088 634 5128; x_wconf 81' lang='lat' dir='ltr'><strong>se</strong></span> <span class='ocrx_word' id='word_1_816' title='bbox 660 5089 821 5130; x_wconf 84' lang='lat' dir='ltr'><strong>nosse</strong></span> <span class='ocrx_word' id='word_1_817' title='bbox 850 5076 1054 5142; x_wconf 90' lang='lat' dir='ltr'><strong>Deum,</strong></span> <span class='ocrx_word' id='word_1_818' title='bbox 1093 5077 1271 5146; x_wconf 82' lang='lat' dir='ltr'><strong>factis</strong></span> <span class='ocrx_word' id='word_1_819' title='bbox 1303 5081 1491 5132; x_wconf 87' lang='lat' dir='ltr'><strong>autem</strong></span> <span class='ocrx_word' id='word_1_820' title='bbox 1520 5085 1739 5147; x_wconf 84' lang='lat' dir='ltr'><strong>negant</strong></span> <span class='ocrx_word' id='word_1_821' title='bbox 1773 5080 1838 5130; x_wconf 69' lang='grc'><strong>⁸³.</strong></span> 
     </span>
    </p>
   </div>
   <div class='ocr_carea' id='block_1_102' title="bbox 1435 5076 3053 5158">
    <p class='ocr_par' dir='ltr' id='par_1_102' title="bbox 1435 5079 3053 5158">
     <span class='ocr_line' id='line_1_103' title="bbox 1435 5079 3053 5158; baseline 0.004 -26"><span class='ocrx_word' id='word_1_822' title='bbox 1435 5093 1491 5132; x_wconf 89' lang='lat' dir='ltr'><strong>m</strong></span> <span class='ocrx_word' id='word_1_823' title='bbox 1520 5085 1739 5147; x_wconf 84' lang='lat' dir='ltr'><strong>negant</strong></span> <span class='ocrx_word' id='word_1_824' title='bbox 1773 5080 1838 5130; x_wconf 75' lang='lat'><strong>&quot;.</strong></span> <span class='ocrx_word' id='word_1_825' title='bbox 2346 5090 2449 5143; x_wconf 85' lang='grc' dir='ltr'><strong>τοίς</strong></span> <span class='ocrx_word' id='word_1_826' title='bbox 2478 5079 2535 5134; x_wconf 69' lang='grc' dir='ltr'>δὲ</span> <span class='ocrx_word' id='word_1_827' title='bbox 2561 5086 2731 5156; x_wconf 81' lang='grc' dir='ltr'>ἔργοις</span> <span class='ocrx_word' id='word_1_828' title='bbox 2760 5082 3053 5158; x_wconf 80' lang='grc' dir='ltr'>ἀρνοῦνται.</span> 
     </span>
    </p>
   </div>
   <div class='ocr_carea' id='block_1_103' title="bbox 651 5255 2269 5345">
    <p class='ocr_par' dir='ltr' id='par_1_103' title="bbox 651 5255 2248 5345">
     <span class='ocr_line' id='line_1_104' title="bbox 651 5255 2248 5345; baseline 0.003 -34"><span class='ocrx_word' id='word_1_829' title='bbox 732 5255 944 5345; x_wconf 49' lang='lat' dir='ltr'><strong>&#39;Mattb.</strong></span> <span class='ocrx_word' id='word_1_830' title='bbox 1013 5257 1183 5345; x_wconf 58' lang='lat' dir='ltr'><strong>1|,n5.</strong></span> <span class='ocrx_word' id='word_1_831' title='bbox 1216 5258 1549 5345; x_wconf 41' lang='lat' dir='ltr'><strong>“&#39;fwttoan.‘</strong></span> <span class='ocrx_word' id='word_1_832' title='bbox 1582 5273 1656 5329; x_wconf 73' lang='grc' dir='ltr'>ιχ,</span> <span class='ocrx_word' id='word_1_833' title='bbox 1708 5259 1796 5314; x_wconf 83' lang='lat'><strong>29.</strong></span> <span class='ocrx_word' id='word_1_834' title='bbox 1876 5261 1917 5294; x_wconf 82' lang='grc'><strong>³⁷</strong></span> <span class='ocrx_word' id='word_1_835' title='bbox 1965 5262 2135 5318; x_wconf 86' lang='lat' dir='ltr'><strong>Joan.</strong></span> <span class='ocrx_word' id='word_1_836' title='bbox 2195 5279 2248 5326; x_wconf 71' lang='grc' dir='ltr'><strong>ν,</strong></span> 
     </span>
    </p>
   </div>
   <div class='ocr_carea' id='block_1_104' title="bbox 2325 5255 3943 5345">
    <p class='ocr_par' dir='ltr' id='par_1_104' title="bbox 2325 5261 3943 5345">
     <span class='ocr_line' id='line_1_105' title="bbox 2325 5261 3943 5345; baseline 0.011 -29"><span class='ocrx_word' id='word_1_837' title='bbox 2325 5265 2370 5316; x_wconf 82' lang='lat'><strong>2.</strong></span> <span class='ocrx_word' id='word_1_838' title='bbox 2451 5263 2497 5297; x_wconf 72' lang='grc' dir='ltr'>ει</span> <span class='ocrx_word' id='word_1_839' title='bbox 2529 5261 2674 5318; x_wconf 92' lang='lat' dir='ltr'><strong>ibid.</strong></span> <span class='ocrx_word' id='word_1_840' title='bbox 2737 5262 2826 5318; x_wconf 87' lang='lat'><strong>36.</strong></span> <span class='ocrx_word' id='word_1_841' title='bbox 2906 5265 2952 5300; x_wconf 70' lang='grc' dir='ltr'>ιο</span> <span class='ocrx_word' id='word_1_842' title='bbox 2983 5263 3130 5320; x_wconf 91' lang='lat' dir='ltr'><strong>ibid.</strong></span> <span class='ocrx_word' id='word_1_843' title='bbox 3176 5270 3264 5323; x_wconf 82' lang='lat'><strong>39.</strong></span> <span class='ocrx_word' id='word_1_844' title='bbox 3343 5269 3390 5304; x_wconf 77' lang='grc' dir='ltr'>ιο</span> <span class='ocrx_word' id='word_1_845' title='bbox 3455 5270 3653 5328; x_wconf 81' lang='lat' dir='ltr'><strong>Matth.</strong></span> <span class='ocrx_word' id='word_1_846' title='bbox 3729 5291 3836 5345; x_wconf 86' lang='lat' dir='ltr'><strong>xu,</strong></span> <span class='ocrx_word' id='word_1_847' title='bbox 3870 5279 3943 5334; x_wconf 64' lang='grc' dir='ltr'>τεο.</span> 
     </span>
    </p>
   </div>
   <div class='ocr_carea' id='block_1_105' title="bbox 651 5325 1574 5397">
    <p class='ocr_par' dir='ltr' id='par_1_105' title="bbox 651 5325 1574 5397">
     <span class='ocr_line' id='line_1_106' title="bbox 651 5325 1574 5397; baseline 0.004 -18"><span class='ocrx_word' id='word_1_848' title='bbox 651 5327 695 5362; x_wconf 80' lang='grc'><strong>⁴¹</strong></span> <span class='ocrx_word' id='word_1_849' title='bbox 723 5325 890 5383; x_wconf 89' lang='lat' dir='ltr'><strong>Joan.</strong></span> <span class='ocrx_word' id='word_1_850' title='bbox 914 5343 1014 5397; x_wconf 86' lang='lat' dir='ltr'><strong>vn,</strong></span> <span class='ocrx_word' id='word_1_851' title='bbox 1047 5330 1134 5383; x_wconf 78' lang='lat'><strong>18.</strong></span> <span class='ocrx_word' id='word_1_852' title='bbox 1212 5330 1260 5364; x_wconf 79' lang='grc'><strong>⁴²</strong></span> <span class='ocrx_word' id='word_1_853' title='bbox 1291 5329 1395 5385; x_wconf 87' lang='lat' dir='ltr'><strong>Tit.</strong></span> <span class='ocrx_word' id='word_1_854' title='bbox 1417 5348 1454 5395; x_wconf 85' lang='grc' dir='ltr'><strong>ι,</strong></span> <span class='ocrx_word' id='word_1_855' title='bbox 1488 5333 1574 5386; x_wconf 84' lang='lat' dir='ltr'><strong>t6.</strong></span> 
     </span>
    </p>
   </div>
   <div class='ocr_carea' id='block_1_106' title="bbox 1839 5455 2722 5527">
    <p class='ocr_par' dir='ltr' id='par_1_106' title="bbox 1839 5455 2722 5527">
     <span class='ocr_line' id='line_1_107' title="bbox 1839 5455 2722 5527; baseline 0.003 -3"><span class='ocrx_word' id='word_1_856' title='bbox 1839 5455 2062 5524; x_wconf 59' lang='lat' dir='ltr'><strong>Varias</strong></span> <span class='ocrx_word' id='word_1_857' title='bbox 2092 5457 2423 5527; x_wconf 88' lang='lat' dir='ltr'><strong>lectiones</strong></span> <span class='ocrx_word' id='word_1_858' title='bbox 2456 5470 2522 5527; x_wconf 88' lang='lat' dir='ltr'><strong>et</strong></span> <span class='ocrx_word' id='word_1_859' title='bbox 2544 5469 2722 5527; x_wconf 80' lang='lat' dir='ltr'><strong>notae</strong></span> 
     </span>
    </p>
   </div>
   <div class='ocr_carea' id='block_1_107' title="bbox 651 5596 3770 5734">
    <p class='ocr_par' dir='ltr' id='par_1_107' title="bbox 651 5596 3770 5734">
     <span class='ocr_line' id='line_1_108' title="bbox 651 5596 3770 5734; baseline 0.007 -87"><span class='ocrx_word' id='word_1_860' title='bbox 651 5596 726 5734; x_wconf 63' lang='grc'>(3)</span> <span class='ocrx_word' id='word_1_861' title='bbox 758 5601 921 5648; x_wconf 85' lang='grc' dir='ltr'>Τοῦτο</span> <span class='ocrx_word' id='word_1_862' title='bbox 951 5596 1014 5653; x_wconf 87' lang='grc' dir='ltr'><strong>Β.</strong></span> <span class='ocrx_word' id='word_1_863' title='bbox 1162 5666 1172 5676; x_wconf 34' lang='grc' dir='ltr'><em>υ</em></span> <span class='ocrx_word' id='word_1_864' title='bbox 2417 5607 2493 5678; x_wconf 90' lang='grc'>(6)</span> <span class='ocrx_word' id='word_1_865' title='bbox 2531 5601 2739 5658; x_wconf 82' lang='grc' dir='ltr'>Εἰδέναι</span> <span class='ocrx_word' id='word_1_866' title='bbox 2777 5625 2839 5678; x_wconf 82' lang='grc' dir='ltr'>με</span> <span class='ocrx_word' id='word_1_867' title='bbox 2870 5605 2924 5658; x_wconf 81' lang='grc' dir='ltr'>ἐκ</span> <span class='ocrx_word' id='word_1_868' title='bbox 2945 5613 3036 5659; x_wconf 83' lang='grc' dir='ltr'>τοῦ</span> <span class='ocrx_word' id='word_1_869' title='bbox 3071 5607 3263 5682; x_wconf 81' lang='grc' dir='ltr'>Ἰωσὴφ</span> <span class='ocrx_word' id='word_1_870' title='bbox 3293 5612 3670 5684; x_wconf 82' lang='grc' dir='ltr'>προσποιεῖσθε</span> <span class='ocrx_word' id='word_1_871' title='bbox 3706 5620 3770 5668; x_wconf 82' lang='grc' dir='ltr'><strong>Δ.</strong></span> 
     </span>
     <span class='ocr_line' id='line_1_109' title="bbox 651 5665 2939 5734; baseline 0.003 -12"><span class='ocrx_word' id='word_1_872' title='bbox 651 5669 701 5734; x_wconf 72' lang='grc'><strong>(4</strong></span> <span class='ocrx_word' id='word_1_873' title='bbox 766 5665 1000 5723; x_wconf 88' lang='lat' dir='ltr'><strong>lnclusa</strong></span> <span class='ocrx_word' id='word_1_874' title='bbox 1047 5667 1395 5725; x_wconf 76' lang='lat' dir='ltr'><strong>exciderunt</strong></span> <span class='ocrx_word' id='word_1_875' title='bbox 1447 5673 1514 5724; x_wconf 82' lang='lat' dir='ltr'><strong>A.</strong></span> <span class='ocrx_word' id='word_1_876' title='bbox 2415 5683 2488 5734; x_wconf 84' lang='lat'><strong>(7)</strong></span> <span class='ocrx_word' id='word_1_877' title='bbox 2516 5676 2636 5728; x_wconf 77' lang='grc' dir='ltr'>Ὀτι</span> <span class='ocrx_word' id='word_1_878' title='bbox 2677 5677 2844 5734; x_wconf 86' lang='lat' dir='ltr'><strong>abest</strong></span> <span class='ocrx_word' id='word_1_879' title='bbox 2873 5680 2939 5734; x_wconf 82' lang='lat' dir='ltr'><strong>A.</strong></span> 
     </span>
    </p>
   </div>
   <div class='ocr_carea' id='block_1_108' title="bbox 647 5665 2939 5745">
    <p class='ocr_par' dir='ltr' id='par_1_108' title="bbox 647 5665 2939 5745">
     <span class='ocr_line' id='line_1_110' title="bbox 647 5665 2939 5745; baseline 0.004 -24"><span class='ocrx_word' id='word_1_880' title='bbox 766 5665 1000 5745; x_wconf 77' lang='lat' dir='ltr'><strong>Inclusa</strong></span> <span class='ocrx_word' id='word_1_881' title='bbox 1047 5666 1395 5745; x_wconf 56' lang='lat' dir='ltr'><strong>exciderunt</strong></span> <span class='ocrx_word' id='word_1_882' title='bbox 1447 5673 1514 5724; x_wconf 82' lang='lat' dir='ltr'><strong>A.</strong></span> <span class='ocrx_word' id='word_1_883' title='bbox 2415 5665 2488 5745; x_wconf 70' lang='grc'>(7)</span> <span class='ocrx_word' id='word_1_884' title='bbox 2516 5676 2636 5728; x_wconf 78' lang='grc' dir='ltr'>Ὀτι</span> <span class='ocrx_word' id='word_1_885' title='bbox 2677 5665 2844 5734; x_wconf 76' lang='lat' dir='ltr'><strong>abest</strong></span> <span class='ocrx_word' id='word_1_886' title='bbox 2873 5680 2939 5734; x_wconf 82' lang='lat' dir='ltr'><strong>A.</strong></span> 
     </span>
    </p>
   </div>
   <div class='ocr_carea' id='block_1_109' title="bbox 652 5737 2270 5824">
    <p class='ocr_par' dir='ltr' id='par_1_109' title="bbox 652 5737 1228 5812">
     <span class='ocr_line' id='line_1_111' title="bbox 652 5737 1228 5812; baseline 0.007 -18"><span class='ocrx_word' id='word_1_887' title='bbox 652 5739 729 5812; x_wconf 80' lang='lat'><strong>(5)</strong></span> <span class='ocrx_word' id='word_1_888' title='bbox 762 5740 826 5792; x_wconf 84' lang='grc' dir='ltr'>Δί</span> <span class='ocrx_word' id='word_1_889' title='bbox 853 5737 985 5800; x_wconf 88' lang='lat' dir='ltr'><strong>loco</strong></span> <span class='ocrx_word' id='word_1_890' title='bbox 1017 5744 1126 5812; x_wconf 79' lang='grc' dir='ltr'>καί,</span> <span class='ocrx_word' id='word_1_891' title='bbox 1164 5738 1228 5798; x_wconf 90' lang='lat' dir='ltr'><strong>B.</strong></span> 
     </span>
    </p>
   </div>
   <div class='ocr_carea' id='block_1_110' title="bbox 2312 5737 3930 5824">
    <p class='ocr_par' dir='ltr' id='par_1_110' title="bbox 2410 5737 3930 5824">
     <span class='ocr_line' id='line_1_112' title="bbox 2410 5737 3930 5824; baseline 0.007 -19"><span class='ocrx_word' id='word_1_892' title='bbox 2410 5737 2486 5821; x_wconf 76' lang='grc'>(8)</span> <span class='ocrx_word' id='word_1_893' title='bbox 2516 5755 2623 5812; x_wconf 79' lang='grc' dir='ltr'>Τῆς</span> <span class='ocrx_word' id='word_1_894' title='bbox 2655 5750 2816 5812; x_wconf 72' lang='grc' dir='ltr'>αὐτῆς</span> <span class='ocrx_word' id='word_1_895' title='bbox 2857 5757 2915 5822; x_wconf 83' lang='grc' dir='ltr'>Δ,</span> <span class='ocrx_word' id='word_1_896' title='bbox 2951 5751 3118 5824; x_wconf 86' lang='lat' dir='ltr'><strong>quod</strong></span> <span class='ocrx_word' id='word_1_897' title='bbox 3163 5753 3481 5811; x_wconf 84' lang='lat' dir='ltr'><strong>Hentenius</strong></span> <span class='ocrx_word' id='word_1_898' title='bbox 3531 5755 3714 5814; x_wconf 85' lang='lat' dir='ltr'><strong>etiam</strong></span> <span class='ocrx_word' id='word_1_899' title='bbox 3743 5757 3930 5816; x_wconf 85' lang='lat' dir='ltr'><strong>habet.</strong></span> 
     </span>
    </p>
   </div>
  </div>
