4098 6428
171 349 310 408 1273

1149 341 1519 400 COMMENT.
1560 342 1634 398 IN
1671 338 2027 397 JOANNEM.
2071 371 2140 382 —
2179 341 2332 398 CAP.
2380 343 2495 397 VII.

3389 333 3530 396 1274

241 475 371 547 Ἐγὼ
403 505 472 515 -
501 473 632 546 εἶμί.
673 475 814 526 Διὸτι
841 470 893 535 ἐξ
922 469 1082 524 αὐτοῦ
1114 470 1238 544 εἰμι,
1273 469 1324 533 ἐξ
1352 468 1512 522 αὐτοῦ
1535 470 1770 541 γεγέννη-

1957 468 2117 522 Vers.
2165 472 2251 524 29.
2307 470 2433 539 Ego
2470 501 2538 509 —
2578 468 2709 524 sim.
2759 465 2906 532 Quia
2961 480 3032 520 ex
3076 464 3205 537 ipso
3249 480 3408 531 sum,
3457 480 3530 520 ex

173 585 286 638 μαι.
325 568 424 616 Καὶ
455 561 627 615 ὀπίσω
667 559 726 615 δὲ
757 565 976 635 εἴρηκεν,
1023 560 1145 632 Οὐχ
1175 561 1251 612 ὃτι
1301 562 1388 611 τόν
1444 561 1649 632 Πατέρα
1692 577 1772 619 τις

174 653 411 729 ἑώρακεν,
440 662 483 705 ει
512 656 583 723 μὴ
626 653 652 704 ὁ
681 655 748 704 ὤν
777 653 922 726 παρὰ
951 656 1042 702 τοῦ
1069 656 1222 703 Θεοῦ.

249 827 490 890 Κάκεῖνός
524 846 588 899 με
617 825 898 880 ἀπέστειλε.
928 832 1164 896 Συνεχῶς
1179 823 1314 894 λέγει
1342 827 1460 897 περὶ
1485 831 1580 884 τῆς
1610 821 1771 875 ἀποσ-

173 917 345 984 τολῆς,
379 916 692 990 βουλόμενος
721 923 902 968 πεῖσαι
942 914 1126 974 αὐτοὺς
1156 915 1234 966 ὅτι
1267 915 1322 965 ἑκ
1351 920 1442 965 τοῦ
1470 919 1603 966 Θεοῦ
1650 911 1767 964 ἀπέο

177 1007 411 1070 σταλται,
444 1011 533 1059 καὶ
563 1005 656 1058 οὐκ
681 1007 822 1058 ἔστιν
850 1003 1074 1064 ἀντίθεος
1108 1005 1173 1064 ὡς
1198 1001 1534 1076 προλαϐόντες
1560 1003 1773 1076 εἰρήκα-

175 1117 282 1168 μεν.
320 1095 464 1150 "Auct
511 1091 570 1147 δε
616 1099 704 1147 καὶ
762 1093 834 1156 εἰς
879 1095 1150 1166 θεραπείαν
1204 1101 1304 1144 τῶν
1341 1095 1771 1165 προσισταμένων

175 1187 348 1248 αὐτοῖς
379 1187 667 1259 θεοπρεπῶν
691 1185 936 1259 ῥημάτων
963 1181 999 1235 ἃ
1034 1187 1351 1257 παρεμίγνυε
1379 1180 1624 1243 πολλάκις
1663 1188 1772 1243 τοῖς

176 1275 663 1350 ἀνθρωποπρεπέσιν
690 1273 870 1326 αὐτοῦ.

245 1364 496 1425 Ἐζήτουν
526 1394 594 1404 --
626 1365 838 1417 πιάσαι.
866 1360 1196 1434 Ἐπλήγησαν
1215 1363 1315 1438 γὰρ
1350 1359 1662 1422 ἀκούσαντες
1692 1362 1772 1412 ὅτι

173 1453 266 1506 “Ov
293 1454 433 1527 ὑμεῖς
459 1452 553 1506 οὐκ
583 1449 672 1505 οἶδ
676 1471 783 1505 ατε.

1883 556 2015 623 ipso
2062 563 2240 614 natus
2290 576 2448 615 sum.
2489 561 2636 614 Nam
2676 561 2732 613 et
2777 556 2839 612 in
2888 554 3294 626 superioribus
3337 554 3525 610 dixit:

1881 646 2014 702 Non
2067 649 2226 719 quod
2255 650 2493 705 Patrem
2527 647 2823 720 quispiam
2864 644 3098 712 viderit,
3132 643 3252 699 nisi
3288 645 3336 700 is
3367 643 3466 716 qui
3492 659 3529 700 a

1880 737 1998 792 Deo
2019 743 2103 792 est
2131 737 2201 791 ⁸⁸.

1952 827 2115 882 Vers.
2150 828 2238 883 29.
2269 829 2333 883 Et
2365 829 2469 884 ille
2504 842 2597 884 me
2620 826 2798 882 misit.
2831 825 3115 881 Continue
3145 824 3218 880 de
3247 823 3530 879 missione

1880 915 2158 988 loquitur,
2224 917 2428 972 volens
2483 917 2592 972 illis
2656 915 3038 988 persuadere,
3101 913 3266 986 quod
3320 929 3355 969 a
3412 915 3530 968 Deo

1881 1006 2094 1060 missus
2125 1011 2300 1071 esset,
2327 1022 2434 1062 nec
2469 1010 2584 1062 Deo
2613 1004 2944 1062 contrarius
2969 1007 3143 1069 esset,
3176 1002 3328 1058 sicut
3357 1007 3531 1058 antea

1881 1095 2175 1161 diximus;
2199 1095 2376 1151 simul
2407 1096 2584 1152 etiam
2609 1096 2686 1152 ad
2718 1093 3079 1150 medendum
3099 1092 3316 1147 divinis
3332 1090 3531 1146 verbis

1880 1184 2105 1258 quibus
2133 1185 2257 1240 illos
2288 1184 2638 1253 offenderat,
2670 1201 2804 1256 quae
2838 1182 3176 1254 frequenter
3204 1180 3400 1237 verbis
3426 1181 3538 1236 hu-v

1885 1289 2064 1330 mano
2102 1290 2266 1330 more
2296 1274 2470 1330 dictis
2503 1273 2921 1346 permiscebat.
3328 1333 3331 1337 l

1957 1365 2112 1419 Vers.
2169 1367 2256 1420 30.
2315 1365 2674 1433 οιιιενεὸαηι
2737 1394 2805 1405 -
2867 1361 3321 1434 apprehendere.
3382 1362 3530 1417 Nam

1881 1468 2038 1523 aegre
2086 1452 2400 1510 audierant
2452 1453 2746 1509 dicentem
2801 1468 2813 1507 :
2867 1451 3048 1518 Quem
3118 1466 3215 1507 vos
3259 1466 3380 1506 non
3431 1467 3534 1507 no-

1882 1542 2066 1598 vistis.

251 1635 348 1684 Καὶ
388 1662 457 1670 -
498 1629 706 1704 χεῖρα.]
746 1630 1048 1702 Ἐπείχοντο
1095 1632 1196 1702 γὰρ
1247 1627 1476 1701 ἀοράτως
1528 1629 1623 1680 {me
1676 1635 1770 1689 τῆς

1952 1633 2115 1688 Vers.
2149 1633 2236 1688 30.
2268 1633 2340 1687 Et
2369 1662 2434 1671 —
2459 1646 2717 1688 manum.
2737 1630 3110 1687 Tenebantur
3135 1629 3430 1702 siquidem
3453 1629 3532 1687 ab

175 1719 390 1782 ἐνούσης
428 1720 506 1792 (9)
538 1719 677 1790 αὐτῷ
701 1721 835 1780 θείας
861 1716 1148 1791 δυνάμεως.

1904 1722 2046 1776 inita
2074 1720 2188 1793 ipsi
2227 1721 2428 1778 divina
2463 1720 2692 1776 virtute.

243 1809 364 1862 ”Οτι
411 1841 480 1850 -
540 1809 717 1862 αὐτοῦ.
773 1808 830 1861 Ἠ
881 1815 973 1860 τοῦ
1033 1807 1389 1880 συλληφθῆναι
1446 1813 1535 1859 καὶ
1589 1809 1769 1860 παθεῖν

1955 1811 2120 1866 Vers.
2175 1815 2266 1868 30.
2329 1812 2476 1880 Quia
2529 1841 2596 1851 —
2655 1811 2804 1881 ejus.
2875 1811 3004 1875 Qua
3058 1808 3241 1864 teneri
3295 1824 3365 1864 ac
3409 1809 3531 1881 pati

173 1899 348 1954 αὐτόν.

1904 1899 2243 1956 lecreverat.

247 1988 431 2041 Πολλοὶ
461 2019 527 2029 -—
557 1988 732 2042 αὐτόν.
764 1987 888 2040 ’Υπό
918 2007 971 2040 τε
997 1997 1096 2040 τῶν
1124 1986 1482 2061 προλαϐόντων
1521 1990 1770 2060 σημείων,

176 2079 276 2129 ὑπό
305 2097 359 2129 τε
384 2086 482 2130 τῶν
505 2079 626 2149 ἄρτι
648 2078 904 2152 ῥηθέντων
934 2076 1094 2147 λόγων
1127 2076 1419 2138 ἑαλωκότες.

252 2171 350 2218 Καὶ
381 2197 447 2206 -
478 2165 718 2222 ἐποίησεν
745 2184 758 2233 ;
788 2166 847 2219 Εἰ
863 2171 952 2218 καὶ
974 2165 1305 2230 ἐπίστευσαν,
1328 2164 1557 2237 ἀλλὀὐχ
1587 2165 1768 2235 ὑγιῶς.

177 2255 408 2315 Εἰπόντες
432 2258 532 2330 γὰρ
566 2257 644 2307 ὅτι
667 2254 727 2307 Ὀ
758 2259 984 2329 Χριστὸς
1028 2258 1148 2307 ὅταν
1175 2254 1318 2328 ἔλθη,
1351 2252 1548 2318 ἔδειξαν
1579 2257 1658 2307 ὅτι
1679 2254 1773 2306 οὐκ

175 2345 489 2398 ἐπίστευσαν
538 2343 764 2417 βεϐαίως
822 2344 976 2396 αὐτὸν
1025 2342 1153 2396 εἶναι
1205 2349 1290 2397 τόν
1341 2348 1590 2419 Χριστόν,
1665 2343 1771 2396 ἀλλ’

177 2431 493 2506 ἀμφιϐόλως,
517 2438 580 2495 ὡς
607 2432 836 2505 ἀγελαῖοι
861 2439 949 2486 καὶ
979 2442 1179 2506 κοῦφοι.

246 2611 312 2665 Ἥ
350 2617 440 2664 καὶ
467 2612 584 2665 καθ’
624 2613 870 2666 ὑπόθεσιν
891 2620 1043 2665 τοῦτο
1073 2609 1234 2677 εἷπον,
1271 2614 1350 2664 ὃτι
1385 2617 1582 2685 Θῶμεν,
1606 2614 1772 2688 ἕτερον

175 2698 302 2754 εἶναι
328 2705 414 2754 τὸν
439 2705 691 2776 Χριστόν,
722 2705 790 2762 ὡς
816 2703 865 2754 οὶ
895 2703 1148 2774 οῖρχοντες
1181 2701 1420 2772 λέγουσιν
1446 2722 1458 2734 ο
1489 2703 1514 2754 ὁ
1540 2706 1773 2776 Χριστὸς

173 2791 227 2844 ὃν
273 2791 420 2844 αὐτοί
449 2811 626 2863 φασιν,
669 2793 788 2844 ὅταν
825 2790 968 2854 ἔλθη,
1005 2797 1076 2863 μή
1124 2810 1174 2842 τι
1223 2788 1576 2864 δυνατώτερος
1624 2794 1772 2844 ἔσται

172 2885 357 2934 τούτου
387 2898 400 2948 ;
430 2881 578 2953 οὐχί.

241 3066 509 3111 Ἤκουσαν
534 3091 603 3098 --
632 3067 816 3112 ταῦτα.
859 3058 1126 3112 Ἤκουσαν
1159 3059 1206 3111 ἐν
1237 3063 1383 3132 ἑτέρᾳ
1412 3063 1582 3135 ἡμέρᾳ
1617 3060 1770 3119 δηλο-

1955 1990 2114 2046 Vers.
2149 1990 2237 2045 31.
2266 1991 2447 2046 Multi
2482 2022 2552 2030 —
2586 1991 2780 2046 illum.
2814 1993 2858 2044 A
2903 1987 3199 2060 praedictis
3233 1987 3444 2058 signis,
3476 1993 3532 2043 et

1882 2095 1917 2135 a
1957 2080 2339 2135 sermonibus
2371 2079 2552 2135 modo
2583 2079 2754 2134 dictis
2779 2077 2962 2150 capti.

1953 2168 2116 2223 Vers.
2149 2168 2234 2226 31.
2266 2171 2344 2224 Et
2374 2201 2441 2210 —
2473 2169 2614 2239 fecit
2635 2169 2663 2223 ?
2693 2167 3081 2224 Crediderunt
3109 2166 3376 2238 quidem,
3411 2181 3530 2220 non

1883 2263 2082 2313 tamen
2141 2258 2395 2330 perfecte
2438 2274 2628 2314 :nam
2682 2257 2946 2314 dicentes
2993 2273 3006 2312 :
3068 2255 3332 2310 Christus
3397 2270 3531 2310 cum

1882 2347 2127 2413 venerit,
2169 2347 2571 2404 ostendebant
2609 2364 2670 2402 se
2721 2363 2842 2402 non
2889 2345 3137 2400 ﬁrmiter
3183 2343 3529 2409 credidisse,

1881 2451 2021 2492 eum
2060 2452 2195 2493 esse
2226 2438 2540 2503 Christum,
2577 2437 2684 2493 sed
2715 2436 2901 2492 dubio
2932 2435 3137 2503 modo,
3171 2438 3373 2507 utpote
3425 2433 3531 2490 ab-

1877 2525 2014 2596 jecti
2043 2531 2098 2582 et
2125 2527 2304 2583 leves.

1952 2620 2068 2671 Aut
2125 2616 2184 2671 id
2243 2633 2317 2672 ex
2384 2615 2792 2688 suppositione
2840 2615 3117 2670 dixerunt
3164 2631 3177 2669 :
3229 2614 3532 2670 Ponamus

1880 2705 2266 2778 postmodum
2295 2709 2608 2761 venturum
2631 2721 2760 2760 esse
2777 2702 3297 2768 Christum,veluti
3327 2703 3535 2758 dicunt

1882 2795 2178 2867 principes
2219 2795 2598 2851 sacerdotum
2645 2793 2946 2850 :Christus
3002 2791 3116 2859 ille,
3185 2807 3362 2865 quem
3419 2790 3532 2863 ipsi

1880 2883 2106 2948 dicunt,
2147 2900 2283 2939 cum
2325 2884 2564 2952 venerit,
2597 2899 2744 2938 num
2775 2883 2890 2950 hoc
2921 2882 3113 2954 magis
3139 2881 3531 2938 admirandus

1882 2973 2040 3028 erit?
2073 2988 2477 3045 nequaquam.

1952 3063 2113 3117 Vers.
2137 3067 2222 3117 3'2.
2247 3064 2590 3119 Audierant
2619 3093 2688 3104 --
2719 3063 2868 3118 hac.
2907 3061 3233 3116 Audierunt
3263 3059 3532 3132 sequenti

171 3153 301 3199 νότι.
337 3149 688 3219 Γογγύζοντος
719 3145 795 3213 δὲ,
843 3152 1004 3219 ἤγουν
1049 3153 1140 3200 σὺν
1183 3168 1473 3221 γογγυσμῳ
1521 3159 1592 3201 τῶ
1637 3153 1770 3202 κατὰ

1904 3150 2155 3206 ridelicet
2197 3151 2314 3208 die.
2349 3154 2808 3206 Murmurantem
2841 3166 3003 3216 vero,
3047 3150 3172 3204 sive
3202 3166 3338 3205 cum
3371 3165 3533 3204 mur-

170 3245 269 3288 τών
293 3234 549 3310 ἀρχόντων
579 3235 807 3306 λέγοντος
820 3279 832 3292 .

250 3329 350 3377 Καὶ
380 3355 447 3363 --
496 3324 672 3379 αὐτόν.
722 3324 810 3386 Ὠς
856 3322 1222 3395 ἀποσχίζοντα
1263 3329 1347 3376 τόν
1385 3325 1527 3378 λαόν.
1578 3326 1648 3379 ’Ὦ
1677 3336 1770 3388 τῆς

174 3418 381 3486 μανίας,
415 3412 604 3485 μᾶλλον
633 3409 691 3465 δὲ
734 3421 829 3473 τῆς
871 3411 1077 3473 ἀνοίαςῐ
1114 3414 1269 3466 Αὐτοὶ
1298 3414 1544 3477 πολλάκις
1574 3415 1772 3487 ἐπιχει-

173 3507 429 3577 ρήσαντες
458 3506 547 3554 καὶ
573 3501 666 3554 οὐκ
699 3502 1014 3574 ἰσχύσαντες
1030 3509 1139 3563 τοῖς
1169 3505 1447 3577 ὑπηρέταις
1473 3508 1529 3556 τὸ
1555 3511 1774 3579 πρᾶγμα

175 3590 476 3666 ἐπέτρεψαν,
526 3597 612 3643 τόν
663 3611 717 3644 τε
782 3594 942 3664 θυμόν
991 3595 1469 3666 παραμυθούμενοι,
1522 3598 1613 3646 καὶ
1679 3599 1772 3653 την

176 3679 441 3733 ἀσθένειαν
467 3680 657 3734 ἑαυτῶν
699 3681 1166 3752 συγκαλύπτοντες.

245 3857 397 3912 Εἶπεν
445 3891 512 3900 -
561 3859 684 3933 εἰμι.
734 3859 908 3932 Ἔλεγε
954 3863 1043 3933 μὲν
1096 3865 1225 3936 πρὸς
1267 3866 1324 3914 τό
1379 3860 1590 3927 πλῆθος,
1647 3861 1773 3915 ἁπε-

170 3954 360 4002 τείνετο
432 3945 491 4002 δε
543 3953 668 4024 πρός
743 3953 860 4011 τοὺς
927 3949 1329 4012 ἀποστείλαντας
1398 3956 1513 4012 τοὺς
1579 3954 1769 4027 ὑπηρέ-

169 4058 284 4101 τας.
319 4043 694 4096 Δυσωπητικόν
726 4035 785 4091 δὲ
823 4042 880 4091 τὸ
927 4039 1074 4113 ῥῆμα
1115 4044 1243 4114 πρὸς
1297 4041 1622 4100 καταστολην
1676 4050 1772 4104 τῆς

167 4132 362 4201 μανίας
439 4128 653 4180 αὐτ’ἱ›ν’
700 4127 811 4180 Ἐτι
899 4133 1084 4202 μικρόν
1163 4135 1353 4205 χρόνον
1431 4131 1544 4202 μεθ’
1630 4134 1771 4203 ὑμῶν

167 4216 297 4288 εἰμὶ,
341 4221 426 4269 τὸν
458 4217 591 4290 ἄχρι
615 4224 704 4270 τοῦ
742 4223 942 4290 Πάσχα
973 4215 1143 4277 δηλῶν
1177 4237 1188 4248 ο
1219 4227 1400 4272 τοῦτον
1447 4225 1599 4292 μόνον
1649 4219 1770 4272 ἁνα-

166 4325 394 4378 μεινατε.

247 4399 346 4447 Καὶ
377 4426 444 4436 -
469 4415 551 4469 με.
582 4395 706 4450 Ὀτε
731 4395 1007 4470 ἀναληφθῶ
1046 4397 1116 4461 εἰς
1145 4401 1232 4450 τόν
1264 4398 1496 4471 οὐρανόν.

243 4578 505 4631 Ζητήσετέ
532 4605 599 4616 —
634 4577 894 4649 εὑρήσετε.
929 4576 1075 4637 Εἰκὸς
1117 4579 1217 4651 γὰρ
1250 4576 1464 4640 πολλοὺς
1509 4577 1562 4641 ἐξ
1603 4578 1768 4631 αὐτῶν

163 4666 505 4738 μνημονεύειν
536 4663 714 4730 αὐτοῦ,
738 4671 827 4718 καὶ
849 4666 1022 4725 ζητεῖν
1045 4666 1200 4718 αὐτόν
1218 4665 1434 4739 βοηθόν,
1463 4673 1550 4720 καὶ
1580 4668 1768 4740 μᾶλλον

163 4753 520 4827 ἁλισκομένων
550 4763 646 4807 τῶν
675 4754 1062 4827 Ἰεροσολύμων.

242 4937 342 4986 Καὶ
381 4963 438 4972 —-
470 4931 650 4985 ἐλθεῖν.
673 4932 840 4986 Ὀπου
868 4932 971 4998 εἰμὶ
998 4938 1129 4988 τότε.
1164 4934 1320 4994 Δηλοί
1355 4932 1410 4989 3':
1434 4941 1527 4995 τὴν
1560 4936 1641 4990 ἐπὶ
1675 4946 1766 4991 τοῦ

160 5022 389 5094 ούρανοῦ
421 5021 469 5074 ἒν
502 5018 652 5093 δεξιᾷ
674 5030 763 5075 τοῦ
797 5026 1001 5097 Πατρός
1029 5021 1308 5100 καθέδραν.

241 5107 397 5162 Εἶπον
456 5143 525 5151 -
597 5112 756 5165 ἐλθεῖν
773 5131 790 5184 ;
823 5111 1053 5166 ’Ἐπαθόν
1109 5134 1160 5166 τι
1219 5118 1345 5188 πρὸς
1400 5119 1516 5178 τοὺς
1581 5116 1765 5188 λόγους

161 5197 352 5265 αὐτοῦ,
427 5196 821 5266 δυσωπηθέντες
897 5201 1106 5271 αὐτοὺς,
1185 5209 1274 5257 καὶ
1347 5205 1570 5266 ζητοῦσι
1634 5210 1765 5281 πρὸς

239 5377 288 5413 ⁸⁸
323 5380 492 5437 Joan.
533 5395 614 5447 vr,
654 5380 750 5439 46.

1883 3256 2050 3294 mure
2085 3240 2372 3296 adversus
2405 3239 2698 3311 principes
2737 3240 3104 3310 loquentem.

1954 3328 2118 3384 Vers.
2146 3330 2234 3384 32.
2265 3331 2339 3384 Et
2393 3361 2458 3369 —
2498 3344 2647 3384 eum.
2695 3330 3003 3398 Tanquam
3049 3330 3530 3382 commoventem

1885 3417 2169 3490 populum
2198 3418 2274 3474 ad
2316 3418 2687 3474 seditionem.
2717 3418 2760 3473 Ο
2786 3416 3174 3480 dementiam,
3206 3416 3402 3486 magis
3427 3432 3534 3472 au-

1883 3513 1998 3564 tem
2033 3507 2323 3563 insaniam
2356 3508 2367 3563 l
2395 3506 2669 3578 Cumipsi
2697 3505 3033 3578 frequenter
3055 3509 3395 3573 iantassent,
3423 3520 3532 3561 nec

1882 3596 2238 3668 potuissent,
2295 3596 2580 3653 ministris
2631 3611 2756 3652 rem
2814 3593 3292 3650 commiserunt:
3329 3598 3390 3665 ut
3455 3593 3530 3650 de

1883 3687 2080 3743 furore
2109 3686 2574 3743 consolationem
2609 3686 2962 3759 acciperent,
2986 3700 3157 3740 suam
3197 3689 3392 3741 autem
3423 3684 3534 3740 irn-

1881 3776 2255 3833 becillitatem
2281 3776 2660 3832 occultarent.
2741 3833 2747 3841 ι

1953 3869 2114 3922 Vers.
2140 3867 2228 3923 33.
2281 3867 2448 3923 Dixit
2479 3897 2542 3906 —
2576 3853 2750 3922 sumf
2785 3864 3137 3921 Multitudini
3165 3863 3410 3937 quidem
3449 3864 3532 3921 lo-

1881 3956 2178 4028 quebatur
2233 3972 2245 4012 :
2288 3955 2637 4012 intendebat
2701 3957 2896 4010 autem
2958 3953 3036 4010 ad
3068 3954 3392 4019 ministros,
3427 3954 3531 4027 qui

1883 4046 2044 4101 missi
2075 4050 2240 4102 erant
2274 4062 2287 4100 :
2313 4050 2399 4100 est
2420 4046 2577 4100 enim
2632 4043 2980 4116 placationis
3032 4043 3278 4098 verbum
3308 4043 3386 4098 ad
3409 4059 3534 4098 cor-

1880 4133 2217 4206 ruptionem
2247 4134 2493 4189 insaniae
2511 4134 2736 4188 illorum
2759 4149 2771 4187 :
2796 4133 3008 4188 Adhuc
3028 4131 3252 4188 modico
3275 4139 3531 4199 tempore

1882 4223 2173 4279 vobiscum
2213 4239 2362 4286 sum,
2423 4221 2764 4290 signiﬁcans
2822 4226 3056 4292 tempus
3109 4235 3294 4291 usque
3327 4219 3397 4275 ad
3421 4219 3529 4275 Pa-

1882 4313 2030 4367 scha
2059 4328 2071 4365 :
2113 4310 2229 4366 hoc
2268 4325 2408 4379 ergo
2435 4310 2632 4366 solum
2662 4313 3016 4380 exspectate.

1951 4401 2112 4456 Vers.
2174 4400 2262 4456 33.
2313 4399 2389 4454 Et
2440 4429 2504 4442 —-
2559 4413 2668 4454 me.
2730 4399 2874 4461 Cum
2952 4412 3232 4452 assumar
3287 4395 3348 4453 in
3415 4413 3530 4455 coe-

1880 4490 2028 4546 lum.

1807 4575 1848 4629 D
1949 4580 2110 4635 Vers.
2146 4578 2238 4634 34.
2277 4576 2562 4646 Quceretis
2590 4606 2654 4615 —-
2682 4574 3010 4632 invenietis.
3043 4574 3348 4648 Siquidem
3383 4575 3531 4632 veri-

1881 4667 2062 4725 simile
2106 4673 2212 4734 est,
2271 4666 2435 4738 quod
2500 4663 2670 4721 multi
2723 4679 2930 4720 eorum
2985 4665 3276 4721 recordati
3338 4665 3532 4737 ipsius

1880 4758 2243 4831 quaesierunt
2303 4771 2440 4812 eum
2495 4753 2923 4821 auxiliatorem,
2961 4759 3016 4812 et
3073 4753 3324 4811 maxime
3383 4756 3528 4812 dum

1882 4847 2290 4918 Hierosolyma
2315 4849 2688 4917 caperentur.

1985 4937 2149 4992 Vers.
2184 4936 2276 4993 34,
2317 4937 2390 4990 Et
2436 4965 2487 4976 —-
2518 4933 2732 4989 venire.
2768 4933 2874 4988 Ubi
2910 4939 3049 4989 tunc
3076 4949 3194 4989 ero.
3225 4933 3532 5003 Signiﬁcat

1879 5033 2074 5082 autem
2113 5026 2439 5080 sessionem
2472 5023 2549 5078 ad
2579 5022 2882 5078 dexteram
2916 5023 3126 5078 Patris.
3253 5085 3256 5089 _

1947 5119 2108 5173 Vers.
2153 5117 2247 5172 35.
2308 5115 2600 5170 Dixerunt
2658 5143 2725 5152 ——
2783 5113 2944 5167 Vers.
2974 5114 3042 5168 36
3079 5156 3091 5168 .
3156 5113 3356 5170 venire
3391 5112 3531 5167 ΤΑ(-

1873 5207 2009 5264 fecti
2038 5203 2493 5280 quodammodo
2527 5206 2664 5257 sunt
2690 5201 2766 5256 ad
2795 5217 3102 5259 sermones
3133 5202 3282 5273 ejus,
3311 5201 3530 5274 quibus

1441 5508 1663 5578 Variae
1687 5507 2014 5578 lectiones
2049 5518 2108 5577 et
2136 5517 2338 5577 notae.

223 5703 302 5776 (9)
334 5702 592 5766 Ἐνούσης
613 5705 676 5758 Α.
716 5701 851 5760 Tale
881 5702 1028 5776 quid
1056 5703 1344 5776 reperisse
1377 5703 1738 5764 Hentenius.

1918 5703 2000 5762 ita
2030 5703 2452 5776 corrigendum
2483 5706 2640 5760 esset
2677 5704 2970 5763 ένωθείσης.
