4098 6424
172 393 307 450 1⁵277

1203 394 1562 452 COMMENT.
1607 393 1679 450 IN
1717 392 2063 450 JOANNEM.
2106 425 2174 435 —
2217 391 2522 450 CAP.V’II.

3394 396 3414 447 l
3429 389 3534 447 278

172 528 400 593 σταυροῦ
430 538 441 550 ’
483 518 640 586 δόξαν
677 525 778 597 γὰρ
831 523 976 578 καλεῖ
1003 526 1087 576 τὸν
1124 528 1369 598 σταυρὸν.
1401 529 1517 584 Τοῖς
1547 525 1636 595 μὶν
1665 524 1747 596 γὰέ

1882 519 2246 590 gloriﬁcatus
2286 524 2410 575 erat
2439 535 2545 591 per
2583 533 2814 574 crucem
2845 534 2858 584 ;
2894 533 3036 574 nam
3077 533 3312 574 crucem
3363 521 3535 575 vocat

169 610 338 672 ἄλλοις
369 611 562 664 ἅπασιν
595 609 788 674 ὄνειδος
819 611 900 674 ἧν,
933 617 1000 674 ὼς
1025 613 1258 685 μεγάλων
1286 612 1619 685 ἐγκλημάτων
1661 611 1761 664 ἐπι-

169 704 332 771 τίμιον
367 717 378 729 ·
411 704 548 772 μόνῳ
581 697 639 754 δε
659 710 731 772 τῷ
763 711 976 776 Χριστῷ
1007 700 1138 766 δοξα
1165 707 1387 774 γέγονεν,
1424 704 1493 764 ὡς
1536 701 1766 774 μεγάλης

170 787 372 860 ἀγάπης
399 798 491 852 τῆς
520 794 650 864 πρὸς
705 793 846 864 ἡμᾶς
900 791 1178 864 ἐπιτίμιον.
1228 795 1314 852 Τίς
1339 795 1440 864 γὰρ
1474 791 1765 862 εὐγνώμονα

166 875 345 947 ψυχὴν
377 881 533 948 ἔχων,
557 879 756 932 ἁκούων
782 885 866 934 τὸν
889 880 1118 934 ἐπέκεινα
1138 883 1315 941 πάσης
1339 888 1498 952 τιμῆς
1522 880 1766 938 τηλικαύ-

164 984 254 1022 την
282 964 491 1038 ἀτιμίαν
510 970 808 1022 ὑποστάντα
829 967 922 1022 διὰ
943 975 1035 1029 τὴν
1064 974 1322 1045 σωτηρίαν
1343 978 1440 1022 τῶν
1460 968 1760 1042 ἀνθρωπων,

167 1053 224 1106 οὐ
252 1051 464 1118 δοξάσει
488 1065 668 1110 τοῦτον
684 1075 698 1126 ;

239 1147 345 1220 Πρὸ
375 1148 465 1218 μεν
521 1144 608 1200 οὖν
673 1156 764 1201 τοῦ
821 1157 1051 1224 σταυροῦ
1089 1150 1148 1202 οὗ
1201 1157 1407 1223 Πνεῦμα
1454 1150 1598 1222 άγιον
1650 1151 1762 1219 (ίῦ)

167 1229 330 1286 ἔδωκε
361 1243 470 1298 τοῖς
521 1239 803 1308 μαθηταῖς,
859 1237 964 1290 ἀλλ’
1021 1238 1259 1302 ἐξουσίαν
1307 1242 1607 1311 πνευμάτων
1639 1237 1764 1290 ἀκα-

167 1324 384 1396 θάρτων,
443 1327 577 1379 ὥστε
633 1325 890 1381 ἐκϐάλλειν
950 1332 1084 1381 αὐτὰ
1153 1334 1243 1381 καὶ
1299 1331 1591 1402 θεραπεύειν
1665 1335 1763 1380 πᾶ-

169 1430 263 1463 σαν
302 1417 451 1466 νόσον
477 1421 566 1467 καὶ
606 1422 781 1469 πᾶσαν
837 1417 1095 1489 μαλακίαν
1129 1439 1140 1451 ·
1179 1421 1306 1492 μετὰ
1366 1415 1424 1472 δε
1466 1422 1552 1470 τὸν
1605 1438 1761 1470 σταυ-

163 1505 252 1572 ρὸν
331 1509 536 1574 Πνεῦμα
616 1505 780 1576 ἅγιον.
851 1510 988 1560 Ἐπεὶ
1059 1511 1161 1580 γάρ
1245 1511 1596 1582 ἡμαρτηκότες
1669 1512 1759 1559 καὶ

1427 1601 1456 1657 ἡ
1493 1595 1551 1650 δε
1597 1601 1761 1671 χάρις

159 1688 251 1732 τοῦ
300 1680 451 1752 ἁγίου
508 1686 803 1756 ῐΙνεύματος
844 1683 1014 1760 δωρεά
1046 1689 1186 1739 ἐστιν
1221 1707 1232 1719 ·
1271 1690 1296 1745 ἡ
1342 1685 1400 1740 δὲ
1433 1684 1604 1762 δωρεὰ
1656 1694 1761 1748 τοῖς

160 1768 326 1840 φίλοις
373 1765 584 1824 δίδοται
642 1791 655 1804 ο

162 1597 636 1665 προσκεκρουκότες
667 1593 850 1671 ἐχθροὶ
899 1593 1024 1669 ἦμεν
1071 1606 1160 1649 τοῖο
1194 1606 1326 1651 om
1362 1618 1373 1630 ·

713 1769 818 1826 ἔδει
893 1781 1136 1850 πρότερον
1203 1779 1620 1850 προσενεχθῆναι
1665 1781 1758 1836 τὴν

1881 611 2156 681 gloriam,
2186 609 2476 682 siquidem
2513 625 2649 664 cum
2677 608 2900 664 caeteris
2933 607 3216 664 omnibus
3246 610 3401 664 esset
3429 624 3534 680 op-

1879 700 2422 771 probrium,utpote
2442 714 2796 769 magnorum
2813 698 3130 753 criminum
3147 697 3529 768 supplicium,

1879 789 1986 844 soli
2020 789 2248 844 Christo
2281 788 2468 859 gloria
2507 788 2664 844 facta
2690 792 2816 854 est;
2849 787 2992 843 ultio
3023 786 3294 842 videlicet
3326 787 3531 857 magni

1877 879 2117 945 amoris,
2139 894 2260 950 quo
2291 893 2400 933 1:03
2427 877 2647 932 dilexit.
2675 878 2814 944 Quis
2837 892 3120 949 namque.
3150 877 3332 932 modo
3360 881 3530 946 grato

1877 967 1950 1024 sit
1990 969 2214 1033 animo,
2249 967 2474 1033 audito,
2523 967 2687 1038 quod
2719 967 2768 1021 is
2797 966 2899 1038 qui
2934 982 3173 1021 omnem
3208 965 3531 1022 excedebat

1875 1054 2188 1120 honorem,
2213 1061 2436 1112 tantam
2470 1065 2711 1128 propter
2732 1055 3045 1110 hominum
3064 1054 3318 1110 salutem
3350 1053 3530 1108 susti-

1876 1145 2004 1201 nuit
2030 1145 2447 1216 ignominiam,
2483 1161 2604 1201 non
2640 1144 3145 1215 gloriﬁcabiteum
3167 1145 3195 1200 ?

1944 1238 2091 1291 Ante
2124 1251 2361 1291 crucem
2387 1236 2589 1308 itaque
2605 1233 2914 1306 discipulis
2936 1249 3050 1289 non
3066 1233 3221 1288 dedit
3245 1233 3527 1304 Spiritum

1875 1329 2170 1390 sanctum,
2205 1325 2301 1380 sed
2330 1329 2679 1396 potestatem
2715 1325 3024 1394 spirituum
3051 1324 3525 1390 immundorum,

1876 1421 1938 1468 ut
1966 1414 2094 1469 illos
2121 1414 2396 1485 ejicerent
2420 1420 2476 1470 et
2498 1419 2775 1470 curarent
2812 1429 3052 1469 omnem
3083 1412 3363 1469 morbum
3395 1428 3529 1468 om-

1872 1519 2133 1576 nemque
2154 1503 2598 1575 languorem“;
2631 1508 2765 1575 post
2786 1519 3023 1559 crucem
3047 1518 3186 1558 vero
3214 1502 3376 1558 dedit
3401 1503 3530 1574 Spi-

1871 1591 2047 1648 ritum
2094 1598 2389 1648 sanctum.
2443 1591 2590 1648 Cum
2637 1593 2792 1649 enim
2837 1607 3259 1663 peccassemus
3299 1607 3370 1647 ac
3407 1594 3525 1647 Deo

1872 1681 2163 1737 adversati
2223 1681 2562 1750 fuissemus,
2599 1681 2823 1737 inimici
2852 1682 2978 1753 ejus
3006 1697 3245 1736 eramus
3292 1697 3304 1734 :
3335 1681 3525 1750 gratia

1873 1787 2012 1827 vero
2059 1771 2309 1843 Spiritus
2350 1773 2561 1841 sancti,
2613 1772 2840 1826 donum
2901 1776 3006 1835 est,
3065 1771 3295 1826 donum
3326 1776 3522 1826 autem

159 1859 284 1933 ὑπερ
320 1860 463 1932 ἡμῶν
517 1862 726 1926 θυσίαν,
775 1869 864 1915 καὶ
923 1867 1033 1935 (16)
1065 1865 1388 1936 καταλλαγὴν
1420 1871 1508 1918 καὶ
1539 1865 1747 1918 κατάλυ-

1880 1861 2078 1915 amicis
2104 1861 2280 1916 datur
2312 1880 2324 1928 ;
2354 1861 2668 1932 oportebat
2699 1877 2838 1933 ergo
2882 1861 3139 1932 primum
3174 1859 3371 1915 offerri
3418 1877 3524 1932 pro

163 1967 244 2000 σιν
273 1956 369 2010 τῆς
419 1951 631 2021 ἔχθρας,
692 1953 807 2013 ἣτις
846 1953 907 2010 ἦν
957 1955 1069 2022 (17)
1129 1956 1158 2012 ἡ
1202 1959 1376 2026 σφαγὴ
1410 1963 1500 2007 τοῦ
1549 1954 1760 2027 λογικοῦ

161 2037 370 2109 Ἀμνου,
411 2040 436 2090 ὁ
461 2041 676 2100 θάνατος
706 2048 794 2092 τοῦ
839 2049 1073 2116 Χριστου
1107 2059 1119 2072 ·
1151 2050 1240 2095 καὶ
1266 2051 1379 2096 τοτε
1402 2041 1623 2104 δοθῆναι
1667 2050 1758 2103 τῆν

161 2120 380 2198 δωρεάν,

234 2213 415 2266 Πολλοὶ
448 2247 513 2256 -
551 2224 837 2291 προφήτης.
876 2227 997 2294 Περὶ
1047 2218 1106 2274 οὗ
1134 2230 1368 2284 Μωυσῆς
1399 2222 1639 2295 ἔγραψεν,
1690 2227 1757 2286 ὡς

157 2301 406 2366 πολλάκις
437 2305 710 2379 εἰρήκαμεν
744 2328 756 2339 ο
791 2315 879 2360 καὶ
910 2310 1113 2374 ἀληθῶς
1139 2313 1284 2374 οὗτος
1324 2309 1384 2371 ἦν
1409 2334 1421 2345 ο
1460 2313 1566 2364 ἀλλ’
1613 2314 1757 2366 αὐτοὶ

156 2397 426 2464 προφήτην
447 2395 602 2447 αὐτὸν
619 2395 786 2458 ἁπλῶς
808 2395 935 2450 εἶναι
954 2400 1307 2474 ὑπελάμϐανον
1325 2405 1387 2463 ὡς
1403 2406 1487 2454 τὸν
1506 2408 1752 2467 Μωϋσέα,

154 2486 244 2533 καὶ
271 2482 398 2554 οὐχὶ
427 2489 515 2536 καὶ
547 2489 686 2538 Θεὸν.

224 2569 400 2624 Ἀλλοι
443 2605 491 2612 -
535 2580 770 2648 Χριστὸς.
825 2583 923 2630 Καὶ
952 2577 1152 2642 ἀληθῶς
1194 2582 1343 2642 οὗτος
1375 2579 1434 2640 ἦν
1471 2581 1634 2634 ’ἀλλα
1662 2587 1748 2634 καὶ

151 2659 302 2712 αὐτοὶ
331 2661 482 2732 ψιλὸν
513 2665 779 2738 ἄνθρωπον
807 2666 960 2718 αὐτὸν
993 2668 1247 2741 ἐνόμιζον.

222 2749 400 2804 ’Ἄλλοι
426 2783 491 2792 -
523 2756 735 2826 ἔρχεται
783 2771 796 2822 ;
830 2763 928 2810 Καὶ
958 2763 1061 2830 μὴν
1099 2757 1223 2813 οὐδὲ
1249 2762 1399 2824 οὗτος
1422 2760 1469 2812 ἐν
1503 2770 1564 2834 τῆ
1600 2761 1753 2814 Γαλι-

149 2839 273 2912 λαίᾳ
298 2845 618 2912 γεγέννηται.

224 2930 365 3000 Οὖχὶ
398 2962 464 2970 -
513 2935 764 3003 ἔρχεται;
803 2940 900 2988 Καὶ
933 2941 1036 3008 μὴν
1093 2944 1181 2991 καὶ
1240 2940 1390 3002 οὗτος
1446 2943 1633 2993 ἐκεῖθεν
1665 2938 1746 3010 ἦν,

150 3016 258 3067 ἀλλ’
300 3019 608 3080 ἑθελοκάκως
659 3021 893 3094 πατρίδα
917 3029 1080 3098 τούτῳ
1112 3030 1488 3100 ἑπιφημίζονσι
1520 3035 1610 3087 τὴν
1647 3037 1748 3082 Να-

150 3106 324 3178 ζαρὲτ,
357 3109 468 3158 ὅθεν
494 3106 554 3166 ἦν
603 3112 630 3167 ὴ
665 3117 839 3183 μήτηρ
880 3121 964 3164 καὶ
991 3117 1014 3166 ὁ
1044 3117 1158 3186 (18)
1191 3119 1526 3189 νομιζόμενος
1573 3125 1744 3193 πατὴρ

1869 1951 2041 2004 nobis
2064 1949 2395 2016 victimam,
2418 1949 2663 2022 ﬁerique
2680 1949 3221 2005 reconciliationem
3246 1965 3314 2005 ac
3333 1949 3526 2004 inimi-

1869 2039 2016 2094 citiae
2058 2039 2437 2110 solutionem,
2484 2055 2618 2112 quas
2647 2044 2773 2094 erat
2799 2038 2994 2093 caedes
3029 2041 3168 2108 agni
3216 2037 3520 2094 rationalis

1867 2145 1937 2184 ac
1959 2145 2121 2184 mors
2153 2128 2364 2184 Christi
2399 2147 2412 2182 :
2439 2134 2495 2184 et
2517 2134 2656 2183 tunc
2681 2127 2909 2183 donum
2937 2127 3088 2183 dari.

1938 2219 2101 2274 Vers.
2136 2222 2223 2274 40.
2258 2219 2438 2273 Multi
2491 2250 2558 2258 —
2604 2218 2918 2287 propheta.
2979 2220 3055 2272 De
3107 2233 3230 2289 quo
3281 2217 3518 2288 scripsit

1865 2307 2076 2373 Moses,
2108 2313 2168 2364 ut
2200 2324 2360 2380 saepe
2392 2307 2672 2363 diximus.
2705 2311 2770 2363 Et
2799 2323 2931 2362 vere
2963 2307 3057 2362 hic
3087 2313 3230 2374 erat,
3265 2307 3368 2361 sed
3401 2307 3516 2378 ipsi

1866 2397 2213 2469 simpliciter
2242 2414 2376 2453 eum
2406 2397 2756 2470 prophetam
2779 2412 2907 2453 esse
2921 2396 3337 2469 opinabantur,
3365 2397 3515 2452 sicut

1864 2487 2110 2554 Mosem,
2145 2493 2199 2544 et
2233 2505 2346 2544 non
2382 2494 2669 2560 tanquam
2693 2488 2906 2544 Deum.

1934 2577 2102 2632 Vers.
2128 2579 2216 2632 41.
2249 2577 2374 2633 Alii
2399 2608 2457 2616 —
2498 2576 2780 2632 Christus.
2819 2579 2886 2630 Et
2909 2591 3046 2631 vere
3078 2575 3171 2632 hic
3201 2579 3328 2632 erat
3360 2592 3372 2632 :
3407 2575 3512 2633 sed

1863 2667 1918 2719 et
1943 2664 2000 2719 hi
2026 2665 2259 2720 nudum
2288 2664 2592 2720 hominem
2627 2679 2756 2718 esse
2781 2663 3224 2720 existimabant.

1936 2755 2095 2809 Vers.
2130 2755 2216 2810 41.
2251 2754 2364 2810 Alii
2391 2783 2458 2796 —
2491 2755 2697 2810 venit?
2723 2753 2902 2825 Atqui
2932 2769 3122 2826 neque
3153 2753 3246 2808 hic
3274 2752 3334 2809 in
3366 2753 3514 2810 Gali-

1860 2843 1965 2899 laea
1991 2847 2160 2898 natus
2199 2848 2306 2898 est.

1930 2933 2094 2986 Vers.
2125 2932 2211 2986 42.
2241 2933 2534 2989 Nonne—
2557 2930 2763 2988 venit?
2794 2933 2970 3004 Atqui
2998 2937 3054 2988 et
3081 2931 3171 2988 hic
3193 2931 3329 2987 inde
3356 2936 3509 2998 erat;

1857 3021 1960 3076 sed
1985 3021 2096 3092 ipsi
2147 3021 2483 3077 voluntaria
2511 3021 2735 3076 malitia
2775 3021 3033 3091 patriam
3075 3021 3212 3076 huic
3242 3021 3514 3089 divulga-

1856 3108 2145 3164 bantesse
2173 3111 2478 3175 Nazareth,
2506 3111 2661 3164 unde
2689 3114 3038 3172 eratmater,
3061 3115 3116 3165 et
3135 3109 3238 3182 qui
3258 3109 3508 3180 putaba-

149 3191 328 3254 αὐτοῦ,
364 3196 444 3246 ἵνα
499 3202 570 3267 μὴ
625 3201 678 3250 ἐκ
736 3201 957 3273 Βηθλεὲμ
1009 3203 1279 3276 λεγόμενος
1307 3209 1331 3257 ο
1364 3211 1591 3280 Χριστὸς
1619 3205 1746 3260 εἶναι

1885 3213 1952 3252 ur
1970 3203 2137 3268 pater
2153 3197 2201 3268 ej
2214 3214 2381 3264 us,ne
2400 3198 2449 3252 si
2465 3213 2535 3252 ex
2551 3197 2839 3254 Bethleem
2857 3213 2984 3252 esse
3000 3197 3312 3262 diceretur,
3334 3213 3511 3270 prop-

149 3285 398 3354 πιστευθῇ
431 3280 523 3335 διὰ
553 3291 639 3343 τῆν
672 3295 1004 3361 προφητείαν.

219 3375 435 3443 Σχίσμα
491 3405 558 3414 --
609 3380 782 3429 αὐτόν.
839 3377 1090 3432 Ἐκάστου
1161 3387 1350 3457 μέρους
1408 3384 1744 3456 φιλονεικοῦν-

146 3477 252 3521 τος.

215 3553 358 3612 Τινὲς
389 3583 456 3591 -
483 3553 656 3608 αὐτόν.
693 3554 774 3618 Ὠς
805 3556 990 3611 πλάνον
1019 3557 1194 3620 δῆθεν.

217 3726 350 3780 Ἀλλ’
382 3761 449 3770 -
473 3739 682 3806 χεῖρας.
718 3733 1069 3810 Ἐπεχομένας
1111 3741 1365 3814 ἀοράτως,
1406 3746 1470 3804 ὡς
1499 3748 1588 3796 καὶ
1613 3741 1745 3796 ἀνω-

145 3821 272 3889 τίρῳ
314 3814 628 3878 δεδήλωται.

213 3905 401 3960 Ἦλθον
450 3912 739 3986 ἄνθρωπος.
775 3914 1029 3974 Ἀπῆλθον
1086 3921 1176 3990 μὲν
1235 3916 1486 3984 δῆσοντες
1552 3922 1738 3974 αὐτόν’

139 3996 422 4054 ἐπανῆλθον
454 3996 514 4051 δε
558 3997 788 4064 δεθέντες
845 4005 990 4058 αὐτοὶ
1052 4015 1122 4077 τῷ
1166 4010 1393 4082 θαύματι
1445 4013 1461 4082 [
1503 4021 1598 4064 τῶν
1628 4014 1739 4083 (19)

135 4085 302 4156 λόγων
333 4087 510 4143 αὐτοῦ.
551 4096 648 4143 Καὶ
680 4093 728 4144 οἱ
757 4096 846 4164 μὲν
877 4095 1190 4166 πέμψαντες,
1232 4099 1427 4150 πολλῶν
1459 4100 1620 4172 λογων
1653 4101 1741 4153 αὖ-

131 4183 225 4226 τοῡ
276 4174 586 4239 ἀκούσαντες
635 4185 722 4233 καὶ
777 4182 939 4235 πολλὰ
990 4187 1272 4261 θαύματα]
1307 4191 1612 4261 θεασάμενοι
1652 4197 1740 4243 καὶ

128 4266 226 4324 τὰς
257 4271 372 4338 περὶ
422 4267 580 4320 αὐτοῦ
620 4277 934 4344 προφητείας
979 4273 1428 4346 ἀναγινώσκοντες,
1469 4288 1556 4331 καὶ
1591 4288 1740 4353 σοφοὶ

127 4349 407 4416 δοκοῦντες
465 4354 614 4409 οὐδὲν
675 4357 941 4414 ἀπὼναντο

123 4448 330 4494 ναντίον
411 4445 547 4496 ἅπαν
627 4446 726 4500 ἀπὸ
808 4459 933 4522 μιοὶς

1019 4449 1353 4525 δημηγορίας
1488 4459 1736 4513 ἑάλωσαν·

1858 3291 1942 3342 ter
1990 3287 2361 3358 prophetiam
2395 3286 2660 3343 Christus
2693 3302 2824 3342 esse
2857 3287 3212 3342 crederetur.

1926 3377 2093 3433 Vers.
2134 3376 2226 3432 43.
2265 3376 2460 3432 Sedito
2504 3406 2572 3417 —
2617 3391 2758 3432 eum.
2795 3378 3165 3448 Unaquaque
3191 3380 3359 3448 parte
3398 3391 3506 3449 pro

1856 3481 1965 3520 sua
1995 3465 2269 3537 Opinione
2303 3465 2550 3521 rixante.

1926 3555 2096 3609 Vers.
2124 3556 2211 3610 44.
2242 3554 2493 3623 Quidam
2519 3585 2582 3594 —
2613 3569 2756 3611 eum.
2801 3558 3111 3629 Tanquam
3138 3556 3507 3612 seductorem

1856 3643 2144 3700 videlicet.

1924 3735 2086 3789 Vers.
2112 3734 2198 3788 41.
2227 3734 2346 3791 Sed
2374 3765 2441 3774 ——
2466 3749 2690 3791 manus.
2724 3737 2930 3807 Utpote
2957 3733 3322 3790 invisibiliter
3351 3733 3508 3791 cohi-

1851 3823 2027 3888 bitas,
2054 3823 2233 3880 veluti
2262 3823 2532 3894 superius
2563 3829 2865 3879 ostensum
2899 3827 3006 3881 est.

1923 3913 2088 3968 Vers.
2121 3913 2208 3968 45.
2255 3914 2540 3969 Venerunt
2571 3944 2639 3954 ——
2688 3913 2852 3969 Vers.
2892 3913 2980 3969 46.
3013 3914 3192 3970 Ιιοηιο.
3223 3912 3508 3969 Abierunt

1850 4001 2096 4075 quidem
2129 4018 2266 4057 eum
2294 4001 2524 4073 ligaturi
2556 4003 2811 4058 :reversi
2852 4007 2989 4058 sunt
3021 4009 3218 4058 autem
3245 4003 3507 4058 admira-

1851 4091 2007 4146 tione
2026 4107 2368 4146 sermonum
2394 4093 2521 4161 ejus
2543 4092 2784 4162 alligati.
2807 4091 2888 4146 Illi
2912 4107 3054 4160 ergo
3071 4091 3172 4162 qui
3197 4091 3499 4155 miserant,

1852 4196 1988 4234 cum
2048 4179 2266 4235 multos
2307 4181 2438 4251 ejus
2490 4181 2796 4237 audissent
2837 4195 3162 4248 sermones,
3206 4179 3503 4250 multaque

1850 4268 2143 4323 vidissent
2175 4269 2478 4334 miracula,
2512 4285 2582 4324 ac
2614 4269 2959 4341 prOphetias
2989 4268 3063 4324 de
3095 4284 3164 4324 eo
3195 4267 3500 4336 legissent,

993 4382 1005 4394 ο
1047 4366 1096 4415 οἱ
1153 4361 1210 4417 δε
1269 4370 1573 4439 πεμφθέντες
1625 4369 1738 4421 τού.

1880 4357 2185 4412 udicantes
2230 4373 2356 4412 sese
2389 4357 2704 4430 sapientes,
2748 4357 2892 4413 nihil
2933 4357 3305 4428 profecerunt
3340 4376 3350 4415 :
3401 4357 3502 4428 qui

1852 4462 1991 4502 vero
2011 4446 2170 4502 missi
2193 4446 2940 4512 erant,omninoediverso
2965 4446 3042 4502 ab
3070 4462 3189 4502 una
3215 4445 3500 4502 concione

1850 4536 2009 4608 capti
2037 4542 2170 4590 sunt
2199 4553 2212 4602 ;
2241 4553 2382 4592 nam
2415 4542 2676 4593 mentem
2721 4535 3027 4592 habebant
3065 4536 3496 4608 incorruptam.

1853 4626 1980 4680 Non
2014 4640 2154 4693 ergo
2190 4631 2449 4681 mentem
2495 4625 2687 4680 solum
2740 4641 2809 4680 ac
2856 4625 3237 4696 prudentiam
3287 4639 3497 4680 eorum

1852 4714 2134 4769 admirari
2162 4714 2412 4785 dignum
2448 4720 2554 4778 est,
2587 4715 2690 4770 sed
2722 4722 2776 4770 et
2806 4713 3089 4786 loquendi
3143 4713 3492 4769 libertatem.

1851 4805 2051 4875 Neque
2089 4805 2248 4860 enim
2281 4804 2518 4859 dicunt:
2578 4804 2922 4859 Dimisimus
2977 4803 3165 4869 illum,
3216 4818 3290 4857 ne
3332 4801 3500 4857 ﬁeret

1848 4892 2136 4948 dissensio
2159 4893 2215 4948 in
2231 4894 2477 4966 populo,
2498 4910 2691 4966 neque
2713 4894 2892 4950 aliam
2909 4893 3145 4961 ﬁngunt
3166 4893 3496 4948 excusatio-

1844 4997 2005 5051 nem,
2027 4983 2126 5038 sed
2143 4983 2338 5056 ipsam
2356 4983 2560 5040 dicunt
2580 4983 2908 5049 veritatem,
2924 4999 2993 5038 ac
3007 4981 3158 5038 illius
3173 4981 3496 5054 pradicant

1843 5071 2219 5144 sapientiam.

126 4525 422 4584 ἀδέκαστον
473 4537 574 4608 γὰρ
633 4533 867 4590 διάνοιαν
936 4538 1080 4612 εἶχον
1113 4545 1225 4595 ,Οὐ
1281 4552 1449 4597 τοίνυν
1473 4554 1563 4606 τὴν
1620 4555 1742 4603 σύν-

123 4637 238 4672 εσιν
311 4621 477 4673 αὐτῶν
539 4628 690 4695 μόνον
746 4630 857 4678 ἔστι
937 4631 1226 4701 θαυμάσαι,
1313 4633 1439 4686 ἀλλὰ
1506 4644 1593 4690 καὶ
1648 4647 1740 4698 τὴν

122 4709 450 4784 παρρησίαν.
503 4713 576 4764 Οὐ
607 4717 708 4786 γὰρ
741 4717 980 4785 λέγουσιν
1008 4721 1086 4770 ὅτι
1137 4724 1230 4772 Δια
1283 4727 1338 4774 το
1373 4730 1443 4796 μὴ
1497 4722 1742 4797 γενέσθαι

123 4809 216 4854 τοῦ
247 4799 375 4852 λαοῦ
409 4805 595 4854 στάσιν
629 4801 894 4876 ἀφήκαμεν
925 4806 1099 4873 αὐτὸν,
1130 4808 1254 4863 οὐδὲ
1289 4812 1601 4868 πλάττονταί
1624 4839 1737 4872 τινα

120 4894 406 4964 πρόφασιν,
443 4889 550 4943 ἀλλ’
582 4892 744 4951 αὐτὴν
779 4893 987 4966 λέγουσι
1015 4902 1108 4957 τῆν
1135 4897 1398 4969 ἀλήθειαν,
1436 4911 1524 4958 καὶ
1564 4911 1734 4983 κηρυ-

125 4997 324 5031 σσουσι
356 4983 450 5039 τὴν
482 4980 643 5035 αὐτοῦ
670 4987 878 5056 σοφίαν.

199 5173 248 5210 “
275 5175 474 5233 Matth.
506 5193 559 5245 Χ,
589 5179 650 5238 1.

1351 5316 1577 5386 Variae
1605 5318 1937 5388 lectiones
1968 5328 2034 5390 et
2065 5331 2246 5390 notas

191 5464 306 5530 (15)
337 5463 518 5536 Ἀγιον
551 5467 723 5524 abest
757 5476 818 5526 A.

191 5537 305 5614 (_l6)
348 5537 480 5592 Haac
508 5539 672 5614 nullo
705 5542 886 5614 modo
915 5543 1166 5614 pendere
1196 5555 1443 5614 possunt
1465 5563 1529 5602 ex
1554 5563 1726 5602 voca-

111 5607 259 5663 bulo
290 5613 726 5685 προσενεχθῆναι.
759 5607 1076 5668 chtenius
1134 5607 1334 5680 habet,
1383 5618 1532 5685 ﬁeri.
1577 5619 1722 5674 Puto

111 5693 260 5767 ergo
307 5678 666 5767 legendum"
698 5678 1654 5767 esseuzc‘ai-‘yfaiaoat‘xxI-alloqui:
1706 5735 1718 5746 .

111 5748 421 5826 Chrysost.
451 5758 490 5806 t.
543 5753 688 5822 VIII,
721 5770 783 5826 p.
839 5756 935 5826 30l
991 5748 1152 5814 B'ita
1200 5757 1429 5816 habet:
1485 5748 1585 5815 Καῖ
1626 5767 1720 5821 τὴν

111 5821 313 5898 ἔχθραν
338 5821 386 5874 ἐν
434 5831 492 5897 νῆ
538 5821 1122 5898 σαρκὶ’καταλυθῆναι,
1183 5834 1272 5882 καὶ
1327 5835 1568 5903 γενέσθαι
1627 5843 1718 5888 τοῦ

1839 5487 1972 5557 Θεοῦ
2002 5480 2200 5557 φίλους,
2233 5487 2322 5557 καὶ
2343 5486 2458 5557 τότε
2485 5481 2657 5536 λαϐεῖν
2679 5488 2776 5557 τὴν
2802 5479 3019 5557 δωρεάν.

1907 5550 2020 5624 (l7)
2058 5551 2210 5615 Ἠτις
2239 5550 2299 5612 ἧν
2338 5555 2550 5610 durum
2599 5555 2847 5611 videtur.
2878 5550 2988 5612 Sed
3018 5556 3097 5611 ita
3123 5555 3302 5611 etiam
3332 5555 3492 5612 Hen-

1838 5625 2058 5698 ιίεῐῄυε.Δ
2082 5628 2256 5698 Nunc
2275 5626 2478 5682 malim
2512 5633 2644 5698 post
2671 5629 2878 5694 θυσίαν,
2911 5627 3044 5684 loco
3075 5631 3184 5694 καὶ,
3219 5627 3309 5689 εἰς.

1905 5696 2016 5770 (18)
2046 5694 2463 5770 ίΟνομαξὸμενοςγ
2479 5694 2543 5753 Ᾱ.

1903 5767 2017 5840 (l9)
2046 5767 2277 5826 Inclusa
2301 5767 2648 5827 exciderunt
2679 5773 2743 5826 Α.
