4098 6426
579 353 718 415 1279

648 483 809 538 Vers.
860 485 948 538 47.
1005 487 1443 557 Responderunt

572 571 812 630 invidia:
830 574 1214 633 dementiam.
1238 582 1381 636 Nam
1403 598 1538 638 cum
1554 583 1915 652 interrogare
1934 590 2226 659 oportuis-

575 670 682 728 set,
715 679 785 717 ac
815 663 1040 720 discere
1062 668 1200 738 quid
1226 669 1458 726 locutus
1490 680 1660 738 esset,
1697 676 1809 746 ipsi
1833 677 1977 732 nihil
2009 678 2223 734 horum

573 752 1011 822 praestolamur,
1045 756 1148 810 sed
1199 765 1396 814 statim
1421 762 1505 815 eis
1535 763 1874 830 adulantur,
1917 773 2227 838 parcentes

573 840 748 894 etiam
782 846 838 896 et
886 858 1005 898 non
1050 848 1295 901 austeris
1351 850 1544 905 verbis
1610 858 1881 919 utentes;
1937 856 2229 912 timebant

573 930 732 984 enim
762 946 834 985 ne
863 933 1115 1003 perfecte
1134 935 1209 990 illi
1240 938 1629 997 adhmrerent.

649 1017 806 1074 Vers.
849 1025 942 1077 48.
983 1024 1136 1079 Num
1192 1028 1318 1097 quis
1350 1060 1417 1067 —
1475 1031 1637 1085 Vers.
1671 1035 1764 1087 49.
1823 1035 2020 1103 legem.
2080 1036 2225 1100 Quin

572 1106 701 1162 haec
724 1110 917 1179 major
941 1115 1214 1169 estvestri
1232 1121 1552 1184 accusatio,
1577 1123 1732 1192 quod
1765 1123 1938 1179 turba
1957 1125 2226 1192 credidit,

575 1213 679 1252 vos
710 1206 908 1254 autem
946 1217 1064 1256 non
1093 1206 1441 1262 credidistis.
1480 1211 1692 1277 Legem
1711 1227 1852 1268 vero
1885 1213 2230 1284 simpliciter

574 1286 898 1356 appellant,
934 1295 1119 1345 totam
1151 1308 1376 1349 sacram
1410 1298 1798 1368 Scripturam.

645 1376 802 1429 Vers.
836 1380 924 1433 49.
959 1379 1328 1438 Exsecrandi
1352 1393 1508 1440 sunt.
1543 1390 1717 1459 Atqui
1761 1389 1850 1445 lex
1885 1390 2018 1446 illos
2067 1408 2228 1447 exse-

574 1467 907 1538 cratur,qui
925 1467 1112 1534 legem
1129 1478 1523 1529 contemnunt
1545 1493 1681 1540 ;vos
1697 1495 1838 1548 ergo
1856 1481 2223 1545 exsecrandi,

571 1552 672 1623 qui
718 1553 912 1624 legem
968 1561 1391 1628 contemnitis;
1435 1564 1512 1620 illi
1553 1582 1692 1621 vero
1733 1568 1923 1637 legem
1965 1577 2223 1636 servant,

573 1642 879 1699 credentes
925 1645 981 1700 in
1025 1663 1152 1702 eum
1213 1666 1227 1715 ;
1263 1651 1429 1721 jubet
1460 1670 1720 1728 namque
1752 1657 1841 1712 lex
1897 1659 2135 1715 credere
2165 1660 2226 1716 in

576 1731 758 1787 Deum
775 1777 787 1789 .

649 1822 811 1916 γει-ε.
842 1828 930 1879 50.
972 1827 1070 1881 Ait
1098 1858 1165 1870 —
1197 1831 1358 1888 Vers.
1401 1838 1485 1888 5t.
1516 1837 1761 1903 faciat?
1784 1837 2227 1894 Addiditevan-
2263 1861 2305 1916 Β

578 1910 807 1978 gelista,
834 1916 977 1969 Cum
1004 1924 1158 1971 esset
1190 1936 1340 1974 unus
1389 1923 1462 1978 de
1495 1940 1746 1982 numero
1777 1943 2004 1991 eorum,
2033 1936 2224 1984 osten-

576 1999 749 2067 dens,
768 2002 927 2073 quod
947 2007 1122 2061 etiam
1141 2011 1384 2079 quidam
1400 2029 1429 2067 e
1452 2016 1818 2086 principibus
1833 2018 2224 2082 crediderant,

575 2089 708 2145 licet
737 2092 842 2161 ipsi
871 2093 1152 2162 dicerent,
1180 2099 1406 2156 nullum
1433 2120 1502 2158 ex
1519 2105 1888 2176 principibus
1906 2109 2229 2163 credidisse

578 2179 637 2235 in
668 2181 878 2246 ipsum.
934 2190 1137 2256 Arguit
1169 2206 1308 2256 ergo
1339 2208 1440 2247 eos
1481 2196 1858 2252 Nicodemus.
1891 2198 2056 2268 quod
2082 2199 2228 2267 legis

580 2283 776 2330 essent
811 2285 1290 2350 transgressores.
1321 2283 1548 2338 occulte
1577 2291 1771 2340 tamen
1800 2293 1855 2340 et
1879 2289 2084 2358 paucis
2109 2304 2232 2342 ver-

580 2363 674 2420 bis
700 2383 711 2419 :
737 2370 1005 2426 nondum
1041 2372 1196 2427 enim
1229 2375 1682 2429 convenientem
1708 2376 1958 2447 adeptus
1998 2382 2121 2432 erat
2144 2377 2229 2432 lo-

580 2458 800 2525 quendi
817 2459 1171 2515 libertatem.
1191 2465 1333 2517 Nam
1351 2464 1400 2518 si
1421 2479 1539 2517 uon
1559 2467 1922 2520 condemnat
1939 2466 2024 2521 lex
2043 2469 2228 2538 prius-

578 2558 762 2614 quam
793 2548 1060 2603 audiatet
1085 2560 1424 2618 cognoscat,
1455 2552 1565 2622 ipsi
1585 2569 1715 2606 vero
1743 2554 2230 2611 condemnabaut

578 2647 716 2687 eum
757 2644 1079 2708 antequam
1129 2640 1432 2696 audissent
1476 2647 1531 2696 et
1561 2643 1999 2710 cognovissent,
2039 2645 2228 2712 legem

578 2722 771 2790 utique
803 2727 1405 2794 transgrediebantur.

653 2809 816 2865 Vers.
846 2817 928 2867 5'2.
963 2816 1403 2881 Responderunt
1446 2848 1509 2858 ——
1538 2834 1594 2874 es
1625 2820 1653 2874 ?
1711 2822 1850 2874 Num
1895 2820 2028 2875 ideo
2060 2821 2140 2875 illi
2166 2837 2228 2876 es

579 2900 820 2966 auxilio,
849 2904 1010 2973 quod
1040 2906 1312 2976 ejusdem
1338 2907 1416 2960 sis
1437 2907 1693 2972 regionis
1715 2915 1766 2963 et
1792 2911 1994 2980 patria:
2019 2910 2045 2964 ‘I
2066 2910 2222 2972 Vide,

579 3003 759 3060 quam
785 3006 992 3062 aspere
1024 3010 1093 3048 ac
1124 2995 1389 3050 ferociter
1422 3002 1824 3067 respondeant
1855 2999 1882 3053 7

653 3078 813 3136 Vers.
848 3086 932 3137 52.
960 3085 1242 3141 Scrutare
1265 3117 1324 3125 —
1345 3089 1702 3144 surrexerit.
1733 3091 1882 3143 Sane
1907 3088 2068 3143 illum
2101 3089 2228 3145 sine

577 3166 948 3227 discussione
978 3175 1378 3230 condemnare
1435 3192 1553 3231 non
1606 3180 1938 3249 oportebat,
1986 3179 2063 3234 illi
2093 3196 2228 3235 vero

579 3257 863 3328 injuriose
895 3261 1099 3318 dicunt
1141 3280 1152 3316 :
1191 3264 1491 3333 Interroga
1521 3271 1576 3321 et
1614 3268 1794 3330 disce,
1851 3284 2038 3340 neque
2070 3270 2228 3324 enim

580 3350 734 3404 nasti
767 3352 1118 3423 Scripturas.
1171 3354 1388 3410 Verum
1437 3357 1484 3410 si
1534 3372 1635 3410 eas
1688 3374 1806 3412 non
1854 3358 2037 3421 novit,
2089 3374 2232 3430 quo-

583 3439 764 3496 modo
797 3457 903 3495 vos
929 3441 1001 3496 de
1032 3441 1176 3512 legis
1201 3446 1634 3514 trangressione
1666 3449 1910 3516 arguit?

656 3618 810 3674 Scire
845 3624 1033 3674 autem
1065 3626 1310 3692 oportet,
1339 3623 1501 3693 quod
1530 3640 1600 3679 ea
1647 3641 1783 3696 qum
1826 3625 1904 3679 ab
1957 3626 2068 3680 hoc
2102 3626 2233 3682 loco

581 3707 879 3762 habentur
911 3724 1096 3780 usque
1120 3710 1194 3764 ad
1217 3726 1377 3774 eum,
1409 3728 1530 3783 quo
1557 3713 1768 3768 dicitur
1801 3715 2059 3770 :Iterum
2094 3733 2234 3785 ergo

583 3797 808 3850 locutus
825 3803 906 3851 est
922 3799 1043 3852 illis
1066 3798 1231 3852 Iesus
1245 3800 1468 3856 dicens:
1495 3802 1618 3871 Ego
1637 3820 1764 3858 sum
1790 3805 1901 3859 tur
1923 3806 2132 3860 mundi
2147 3807 2189 3840 ⁸⁷
2219 3824 2231 3862 :

1896 370 2239 428 EUTHYMII
2279 372 2611 433 ZlGABENI

1505 524 1517 531 -
1541 524 1564 532 -
1601 496 1825 552 seducti
1869 499 2047 554 estis?
2078 499 2223 556 Vide
2260 502 2306 555 Λ

3823 374 3978 433 1280

2410 506 2796 578 Ἀπεκρίθησαν
2823 537 2889 546 —
2920 505 3248 564 πεπλάνησθε
3281 505 3451 577 ;”Ορα
3483 507 3679 578 φθόνου
3742 507 3976 575 μανίαν.

2338 599 2453 645 Δέον
2478 597 2578 667 γὰρ
2627 600 2886 667 ἐρωτῆσαι
2915 601 3002 648 καὶ
3052 599 3230 666 μαθεῖν
3260 601 3311 647 τί
3350 595 3620 663 ἐλοξλησεν9
3677 595 3734 645 οἱ
3769 589 3836 645 δι
3872 593 3976 643 οὐκ

2337 688 2605 754 νέσχοντο,
2664 685 2768 735 ἀλλ’
2811 686 2960 746 εὐθὺς
2990 685 3359 737 κολακεύουσιν
3391 685 3580 744 αὐτοὺς
3633 686 3716 735 ἔτι
3783 678 3977 754 φειδοο

2337 791 2495 841 μενοι,
2531 778 2614 824 καὶ
2640 774 2730 825 οὐκ
2764 775 3024 848 αὐστηρία
3053 784 3311 846 χρῶνται,
3344 769 3644 834 δεδοικότες
3673 777 3754 844 μὴ
3793 771 3977 823 τεῦξαν

2339 862 2477 930 αὗτῴ
2515 865 2863 933 προπεθώσι.

2409 1047 2491 1097 Mr;-
2530 1059 2606 1101 τις
2648 1072 2712 1081 -
2744 1045 2915 1112 νόμον.
2949 1045 3087 1098 Αὕτη
3129 1039 3317 1111 μᾶλλον
3349 1041 3379 1097 ἠ
3419 1040 3614 1111 μείζων
3647 1043 3975 1109 κατηγορία

2339 1130 2496 1200 ὑμῶν,
2533 1132 2611 1181 ὃτι
2637 1131 2661 1181 ὁ
2689 1135 2778 1200 μεν
2832 1130 2986 1201 ὀχλος
3022 1129 3343 1194 ἐπίστευσεν,
3386 1131 3531 1201 ὑμεῖς
3603 1125 3664 1180 δὲ
3724 1129 3972 1185 ἠπιστέ-

2337 1237 2477 1271 κατε.
2531 1225 2700 1290 Νομον
2753 1216 2810 1272 δε
2864 1221 3085 1272 ἐνταῦθα
3149 1219 3360 1290 λέγουσι
3399 1223 3489 1276 τὴν
3568 1217 3697 1274 ὅλην
3743 1223 3969 1290 Γραῇιιξν

2339 1307 2528 1369 ἁπλῶς.

2410 1397 2811 1471 Ἐπιιιατάρατοί
2845 1398 2972 1454 εἰσι,
3019 1404 3116 1451 Καὶ
3141 1403 3242 1470 μὴν
3270 1399 3467 1470 ὀνομος
3506 1397 3966 1469 ἐπικατηράσατο

2337 1494 2442 1547 τοῖς
2488 1487 2730 1539 αθετουσι
2760 1491 2846 1538 τὸν
2877 1492 3028 1558 νόμον
3063 1505 3073 1516 ·
3123 1490 3268 1558 ὑμεῖς
3327 1483 3414 1539 οὖν
3464 1486 3863 1559 ἓπικατάρατοι
3919 1488 3963 1536 οὲ

2337 1573 2627 1636 ἀθετουντες
2659 1580 2742 1627 τὸν
2800 1583 2953 1647 νόμον
3007 1597 3017 1609 ·
3049 1575 3229 1628 ἐκεῖνοι
3283 1572 3341 1628 δε
3389 1585 3616 1651 τηρουσι
3660 1581 3756 1626 τὸν
3804 1581 3960 1646 νόμον

2337 1667 2661 1726 πιστεύοντες
2702 1665 2772 1726 εὶς
2817 1665 2969 1717 αὐτόν
3005 1683 3016 1694 ·
3051 1665 3240 1717 κελεύει
3281 1666 3381 1737 γὰρ
3411 1666 3436 1716 ὁ
3494 1672 3654 1736 νομος
3688 1668 3958 1716 πιστεύειν

2337 1754 2407 1814 εἰς
2430 1758 2514 1804 τὸν
2543 1760 2690 1810 Θεὸν.

2411 1849 2560 1914 Λέγει
2610 1875 2674 1884 --
2742 1851 2874 1896 ποιεῖ
2932 1862 2944 1910 ;
2998 1848 3067 1896 Τὸ
3101 1845 3181 1903 Εἷς
3229 1844 3295 1894 ὡν
3351 1842 3402 1905 ἐξ
3455 1843 3624 1894 αὐτῶν
3689 1844 3958 1913 προσέθη-

2338 1935 2471 1985 κενὸ
2518 1933 2904 2003 εὐαγγελιστὴς,
2964 1929 3169 1993 δεικνὺς
3229 1934 3308 1984 ὅτι
3355 1937 3445 1983 καί
3502 1951 3633 1991 τινες
3698 1941 3803 1982 τῶν
3867 1930 3952 2004 ir:-

2339 2029 2539 2092 χοντων
2591 2021 2920 2084 ἐπίστευσαν,
2983 2022 3023 2074 εἰ
3079 2027 3168 2073 καὶ
3226 2021 3374 2073 αὖτοὶ
3448 2019 3588 2073 εἶπον
3647 2023 3732 2072 ὅτι
3779 2017 3950 2079 οὐδεὶς

2341 2123 2437 2162 τῶν
2492 2112 2758 2182 ἀρχόντων
2821 2117 3119 2163 ἐπίστευσεν
3171 2111 3239 2170 εἰς
3306 2111 3478 2162 αὐτόν.
3549 2110 3801 2180 Ἐλέγχει
3870 2107 3948 2160 οὖν

2342 2203 2577 2261 αὑτοὺςό
2611 2198 2911 2272 Νικοδημος
2963 2199 3267 2274 παραϐάτας
3327 2208 3416 2251 τοῦ
3468 2205 3656 2269 νόμου,
3712 2199 3947 2256 1:11:21:-

2341 2291 2572 2352 ληθότως
2607 2298 2695 2344 καὶ
2734 2294 2863 2361 μετὰ
2919 2287 3172 2361 φειδοῦς·
3207 2293 3349 2340 οὔπω
3399 2292 3500 2359 γὰρ
3566 2294 3669 2345 τήν
3737 2308 3945 2362 προπ-

2341 2401 2534 2432 κουσαν
2575 2378 2686 2450 εἶχε
2747 2380 3059 2452 παρρησίαν.
3097 2378 3154 2431 Εἰ
3187 2382 3287 2449 γὰρ
3331 2379 3356 2429 ὁ
3395 2383 3548 2448 νόμος
3589 2378 3652 2427 οῖ)
3689 2397 3940 2450 κατακριο

2341 2489 2411 2522 νει
2435 2474 2533 2540 προ
2583 2479 2669 2521 τοῦ
2704 2469 2924 2520 ἀκούσαι
2956 2473 3043 2520 καὶ
3078 2477 3288 2538 γνῶναι,
3325 2467 3471 2518 αὐτοὶ
3535 2463 3593 2518 δε
3636 2474 3928 2538 κατέκρινε)

2342 2560 2495 2610 αὑτὸν
2524 2564 2620 2631 πρὸ
2669 2559 2822 2629 λόγου
2854 2563 2939 2609 καὶ
2997 2554 3341 2628 διαγνώσεως,
3376 2555 3688 2626 παρέϐησαν
3729 2558 3835 2630 ἄρα
3861 2575 3914 2604 rs:

2339 2654 2508 2720 νόμον.

2412 2823 2794 2894 Ἀπεκρίθησαν
2822 2853 2886 2861 --
2914 2818 2957 2873 εἰ
2990 2838 3003 2887 ;
3037 2827 3252 2885 Μὴ,τῆς
3277 2820 3435 2879 αὐτῆς
3467 2820 3615 2890 αὐτῴ
3649 2827 3814 2891 χώρας
3839 2825 3926 2868 xui

2339 2910 2587 2984 πατρίδος
2632 2913 2718 2976 ὡν,
2763 2908 2854 2963 διὰ
2902 2919 3052 2964 τοῦτο
3111 2909 3318 2983 βοηθεῖς
3376 2910 3565 2979 adre-3;
3631 2910 3785 2961 Βλέπε
3834 2918 3938 2969 πῶς

2339 3005 2699 3074 ἀγροικοτερον
2721 3005 2808 3051 καὶ
2841 3002 3187 3073 θυμικώτερον
3211 2998 3599 3072 ἀποκρίνονται.

2411 3094 2615 3165 Ἐρεύνη
2628 3110 2712 3142 σον
2739 3121 2802 3129 -
2830 3088 3123 3163 ἐγήγερται,
3154 3096 3246 3141 Καὶ
3278 3093 3374 3160 μὴν
3405 3088 3500 3140 οὐκ
3542 3084 3683 3140 εἶπεν
3710 3090 3796 3138 ὃτι
3825 3107 3944 3159 προ-

2341 3188 2504 3252 φήτης
2538 3184 2694 3244 ἐστὶν,
2731 3178 2836 3229 ἀλλ’
2869 3181 2948 3230 ὅτι
2977 3179 3356 3249 κατακριθῆναι
3396 3177 3549 3228 αὐτὸν
3594 3175 3948 3238 ἀνεξετάστως

2341 3270 2398 3320 οὐ
2431 3275 2535 3340 χρη
2577 3287 2587 3297 ·
2620 3271 2665 3320 οὶ
2698 3265 2755 3320 δε
2809 3267 3126 3340 ὑϐριστικῶς
3175 3266 3411 3337 λέγουσιν
3458 3287 3470 3298 ·
3505 3267 3816 3337 Ἕρὼτησον
3845 3269 3949 3336 (ΞΟ)

2342 3365 2429 3410 καὶ
2474 3361 2602 3430 μάθε
2665 3376 2675 3387 ·
2724 3357 2781 3408 οὗ
2835 3360 2934 3430 γὰρ
2978 3353 3128 3418 οἶδας
3175 3359 3267 3417 τὰς
3323 3358 3538 3430 Γραφάς.
3605 3361 3710 3408 Καὶ
3774 3357 3822 3408 εἰ
3869 3361 3956 3408 οὐκ

2343 3448 2481 3501 οἶδεν
2541 3450 2715 3512 αὑτὰς,
2771 3467 2878 3509 πως
2940 3449 3070 3519 ὑμᾶς
3137 3446 3315 3517 ἤλεγξε
3383 3445 3821 3517 παραϐαίνοντας
3877 3467 3958 3498 τον

2342 3545 2514 3610 νόμον.

2419 3633 2529 3701 Χρὴ
2589 3624 2645 3679 δε
2678 3627 2790 3696 (21)
2821 3632 3096 3696 γινώσκειν
3141 3627 3220 3676 ὅτι
3273 3627 3338 3676 τὰ
3379 3623 3603 3677 ἕντεῦθεν
3659 3627 3806 3697 ἄχρι
3855 3636 3963 3696 τοῦ,

2349 3718 2505 3772 Πάλιν
2539 3713 2624 3768 οὖν
2653 3716 2799 3772 aliis
2813 3734 2895 3767 σεν
2928 3716 3104 3774 αὐτοῖς
3134 3716 3158 3766 ὁ
3185 3716 3393 3775 Ἰησοῦς
3419 3713 3577 3784 λέγων
3639 3731 3652 3743 ·
3682 3715 3828 3786 Ἐγώ
3862 3718 3965 3788 εἰμι

2345 3811 2401 3859 τὸ
2427 3817 2527 3878 φὼς
2553 3815 2642 3856 του
2665 3811 2864 3876 κοσμου
2899 3823 2909 3834 ·
2949 3807 3088 3876 παρὰ
3125 3805 3234 3872 ('32)
3267 3811 3376 3864 τοῖς
3407 3801 3676 3875 ἀκριϐέσιν
3709 3804 3964 3878 ἀντιγρα-

581 3885 639 3939 in
663 3884 1052 3940 exactioribus
1074 3889 1535 3959 exemplaribus,
1564 3898 1664 3947 aut
1693 3909 1809 3947 non
1831 3894 2229 3959 inveniuntur,

2350 3917 2458 3968 φοις
2491 3898 2516 3953 ἡ
2584 3896 2688 3965 οὐχ
2720 3896 2931 3967 εὕρηται
2959 3894 2986 3950 ἦ
3030 3891 3326 3944 ωϐελισται.
3385 3895 3470 3944 Aio
3510 3898 3790 3964 φαίνονται
3857 3915 3962 3945 πα-

581 3979 684 4029 aut
709 3974 883 4028 obelo
908 3976 1178 4031 confossa
1206 3985 1443 4044 sunt,eo
1472 3983 1633 4052 quod
1662 3982 1977 4051 illegitima
2000 3984 2233 4040 videan-

582 4066 677 4117 tur
698 4069 751 4118 et
774 4063 997 4119 addita.
1025 4067 1082 4119 Et
1106 4065 1281 4137 hujus
1308 4079 1723 4137 argumentum
1740 4078 1821 4125 est
1844 4073 2005 4142 quod
2026 4089 2230 4127 eorum

582 4151 1042 4224 Chrysostomus
1063 4155 1289 4211 nullam
1317 4162 1558 4214 omnino
1577 4160 1708 4215 fecit
1727 4162 2088 4217 mentionem
2109 4165 2186 4233 (Γ)
2214 4179 2226 4215 :

582 4244 750 4298 nobis
781 4248 980 4300 tamen
1010 4246 1090 4316 (g)
1128 4247 1366 4302 animus
1415 4258 1500 4304 est
1533 4251 1710 4306 etiam
1744 4252 1871 4306 haec
1903 4252 2229 4318 declarare,

583 4334 744 4404 quod
765 4333 1008 4389 utilitate
1041 4352 1160 4391 non
1192 4345 1455 4402 careant,
1486 4346 1634 4394 sicut
1672 4346 1727 4396 et
1771 4347 1950 4413 caput
1981 4345 2055 4397 de
2105 4360 2233 4398 mu-

583 4421 719 4478 liere
776 4423 834 4477 in
887 4424 1174 4482 adulterio
1231 4427 1624 4500 deprehensa,
1685 4431 1846 4502 quod
1907 4433 2058 4489 inter
2109 4432 2233 4489 hinc

583 4513 845 4586 ponitur.

655 4641 697 4674 ‘7
727 4641 899 4697 Joan.
934 4657 1050 4709 νιιι,
1081 4644 1167 4698 12.

2346 4004 2645 4059 ρεγγραπτα
2683 3988 2770 4035 καὶ
2821 3984 3093 4055 προσθήκη
3133 4001 3144 4012 ο
3177 3987 3265 4032 καὶ
3321 3984 3508 4032 τούτου
3562 3988 3848 4053 τεκμήριον
3905 3991 3960 4034 το

2347 4072 2483 4147 μηδὲ
2532 4078 2616 4124 τὸν
2677 4078 3049 4144 Χρυσοστομον
3100 4072 3213 4140 ('23)
3268 4069 3390 4129 ὃ)ως
3447 4078 3816 4141 μνημονενσαί
3870 4074 3959 4123 αὖ·

2345 4174 2440 4215 τῶν
2468 4165 2600 4232 (2i).
2636 4166 2902 4235 [ιειρατεον
2937 4158 2992 4212 δι
3024 4162 3161 4231 ὅμως
3191 4162 3314 4231 ἡμῖν
3367 4165 3456 4212 καὶ
3487 4168 3653 4210 ταῦτα
3680 4157 3956 4233 διασαφξο

2349 4272 2438 4303 οαι
2472 4270 2483 4280 ·
2514 4252 2607 4302 οὐκ
2637 4252 2850 4322 ἄμοιρον
2880 4254 2980 4321 γὰρ
3009 4248 3250 4320 ὡφελείας
3281 4243 3403 4300 οὐδε
3436 4252 3492 4298 τὸ
3548 4246 3596 4299 ἐν
3617 4252 3828 4310 τούτοις
3873 4270 3956 4301 κε-

2348 4340 2560 4411 φάλαιον
2588 4344 2644 4391 τὸ
2672 4345 2788 4412 περὶ
2829 4347 2917 4399 τῆς
2949 4338 3031 4390 ἐπὶ
3065 4342 3282 4410 μοιχείᾳ
3321 4336 3733 4408 κατειλημμένης
3778 4361 3959 4410 γυναιο

2347 4436 2457 4494 κός.

1808 4772 2030 4840 Variae
2071 4772 2398 4840 lectiones
2422 4782 2484 4838 et
2516 4778 2718 4836 notas.

653 4948 767 5020 (20)
796 4949 907 5006 Hic
931 4949 1436 5020 interpretationis
1461 4951 1650 5007 locum
1681 4951 1901 5008 obtinet
1920 4953 2034 5009 hoc
2061 4968 2232 5009 voca-

584 5019 816 5092 bulum.
836 5019 1420 5092 SAedrChrysostomus
1438 5023 1739 5078 multoties
1757 5024 1811 5078 id
1833 5025 2032 5080 tribuit
2047 5028 2231 5081 Evan-

583 5090 1175 5176 gelistaaLVide‘tom.
1217 5107 1437 5176 Ylll,‘p.
1620 5097 1676 5159 E,
1705 5097 1814 5176 ¹306
1843 5101 1908 5176 ᾼ.
2032 5168 2040 5176 ⁸
2175 5167 2184 5176 .

653 5164 766 5234 (2t)
805 5163 969 5217 Hunc
1001 5164 1198 5218 locum
1231 5163 1436 5222 laudat
1466 5166 1791 5221 Rivhaz-ulus
1821 5168 2118 5222 Simonius
2174 5167 2228 5220 in

587 5235 830 5309 Historia
850 5237 1049 5309 Ct'iti0_a
1092 5244 1282 5309 textus
1325 5238 1390 5290 Ν.
1423 5241 1480 5292 Τ.
1516 5253 1572 5309 p.
1617 5239 1730 5292 145.

656 5309 769 5375 ('22)
808 5307 919 5359 Ἐπί
962 5306 1272 5360 Simonius.

650 5381 762 5450 (23)
792 5378 960 5450 ὀλως
988 5378 1196 5450 omittit
1228 5379 1409 5435 idem.

657 5448 772 5522 (24)
823 5448 1038 5522 Ἀκριϐῆ
1105 5449 1393 5523 ἀντίγραφα
1454 5467 1613 5508 nunc
1667 5451 1950 5524 appellat,
2000 5453 2234 5509 codices

660 5645 726 5720 (γι)
769 5645 849 5699 Ac
869 5644 1134 5720 profecto
1157 5646 1215 5720 in
1240 5646 1522 5703 omnibus
1549 5648 1676 5717 ejus
1699 5649 1976 5720 operibus
2003 5648 2235 5705 nullum

586 5715 765 5781 hujus
788 5718 1143 5772 narrationis
1177 5719 1372 5772 inveni
1401 5715 1734 5781 vestigium.

661 5792 733 5859 (g)
763 5790 1169 5846 Nobistamen.
1192 5799 1301 5845 etc.
1325 5791 1656 5846 Periculum
1683 5792 2235 5849 taiuenfaciendum

2341 4949 2768 5022 Chrysostomi,
2829 4963 3053 5022 eosque
3085 4946 3227 5022 Novi
3258 4947 3637 5022 Testamenti,
3667 4951 3781 5021 qui
3817 4968 3939 5007 cum

2342 5019 2582 5078 scholiis
2613 5025 2768 5076 sunt.
2800 5020 2976 5076 Crisis
3004 5019 3300 5090 Euthymii
3339 5019 3603 5090 arguitur
3633 5019 3932 5078 vocabulis

2341 5100 2430 5147 καὶ
2456 5097 2638 5146 τούτου
2671 5097 2964 5164 τεκμήριον.
3002 5091 3219 5164 Eadem
3247 5090 3322 5164 de
3347 5106 3536 5164 causa
3575 5107 3774 5164 supra
3802 5097 3942 5151 solli-

2343 5167 2534 5219 citavit
2566 5167 2729 5219 Lucae
2759 5161 2844 5229 ix,
2893 5163 2981 5218 55.
3036 5161 3387 5234 Euthymius
3445 5161 3708 5233 debebat
3757 5181 3943 5220 nosse.

2344 5241 2827 5300 Chrysostumum
2860 5232 3196 5290 exclusisse
3214 5232 3393 5288 etiam
3429 5232 3628 5288 Matth.
3683 5251 3858 5300 xxm,
3893 5239 3946 5290 16

2346 5297 2476 5364 -25
2501 5314 2558 5386 et
2580 5307 2716 5386 .alia
2748 5305 3062 5386 permulta.
3091 5303 3349 5386 ‘Copiose
3394 5304 3466 5359 de
3500 5305 3614 5386 hoc
3647 5305 3788 5386 loco
3839 5297 3948 5363 dis-

2344 5379 2550 5452 putavi
2580 5379 2636 5434 in
2693 5376 2828 5433 mea
2868 5380 2928 5432 Ν.
2977 5379 3137 5456 Testa
3177 5376 3669 5458 editione._Nunc
3723 5384 3949 5435 tantum

2345 5451 2526 5528 addo,
2545 5450 2674 5528 legi
2705 5450 2867 5528 illum
2894 5447 3091 5528 locum
3125 5463 3182 5502 in
3217 5446 3621 5528 Evangeliario
3651 5449 3944 5514 Gothano,

2345 5525 2462 5579 bris
2493 5524 2592 5578 die
2627 5524 2680 5589 8,
2716 5522 2797 5578 uti
2825 5522 2952 5593 jam
2987 5523 3294 5575 notaverat
3321 5521 3699 5575 Wetstenius.

2347 5648 2522 5702 etiam
2561 5647 2684 5701 haec
2707 5643 3017 5716 explicare.
3057 5646 3169 5698 Nec
3191 5642 3414 5716 _enim__
3437 5642 3708 5716 utilitatis
3742 5660 3942 5715 expers

2347 5725 2433 5776 est
2457 5717 2623 5791 quod
2649 5718 2741 5774 hic
2767 5713 2918 5773 inest
2939 5721 3136 5788 caput,
3171 5714 3245 5771 de
3275 5713 3518 5771 muliere
3548 5715 3606 5770 in
3637 5713 3941 5772 adulterio-

2347 5789 2799 5863 com—prehensa.
