4098 6438
163 348 292 414 4281

1221 339 1593 406 COMMENT.
1643 342 1713 403 IN
1753 327 2105 403 JOANNEM.
2135 381 2203 389 —
2231 350 2382 406 CAP.
2417 343 2561 406 Vm.

3385 341 3525 412 4282

239 486 339 538 Καὶ
359 513 428 525 -
453 479 634 536 αὐτοῦ.
664 476 1018 553 Ὀργισθίντες
1044 475 1127 530 ἐπὶ
1153 483 1224 547 τῷ
1248 476 1386 547 λόγῳ
1406 471 1494 528 τοῦ
1535 470 1772 532 Νικοδή-

1958 473 2118 529 Vers.
2151 480 2239 530 53.
2293 478 2357 530 Et
2404 507 2472 515 —
2519 492 2702 534 suam.
2745 477 3041 550 Indignati
3077 479 3158 535 ob
3188 495 3527 536 sermonem

170 593 291 646 μου,
327 576 416 624 καὶ
461 570 766 643 φοϐηθέντες
810 573 1011 642 μήποτε
1058 571 1148 618 καὶ
1178 565 1322 626 ἄλλος
1358 575 1456 617 τῶν
1503 564 1769 639 ἀρχόντων

172 665 304 714 εἴποι
332 668 567 713 τοιαῦτα.

247 755 346 804 Καὶ
402 751 602 810 Ἰησοῦς
656 749 767 820 (25)
809 780 877 791 -
933 747 1165 802 Ἐλαιῶν.
1209 745 1482 798 Ἐκκλίνων
1530 748 1623 802 τὴν
1679 739 1770 795 διὰ

173 843 356 901 νυκτὸς
386 839 682 896 ἐπιϐουλήν.

244 928 472 1001 Ὀρθρου
533 959 602 968 -
655 927 862 989 αύτούς.
899 930 1036 979 Λαὸν
1087 924 1304 977 ἐνταῦθά
1357 942 1486 996 φησι
1535 925 1650 981 τοὺς
1696 920 1770 974 λέ-

174 1038 359 1090 γοντας
441 1019 520 1070 ὅτι
604 1017 772 1078 Οὗτός
869 1014 1008 1068 ἐστιν
1089 1013 1289 1074 ἀληθῶς
1364 1015 1388 1064 ὁ
1459 1024 1768 1087 προφήτης⁹

174 1112 262 1158 καὶ
318 1109 440 1166 τοὺς
506 1109 740 1176 λέγοντας
797 1101 951 1166 αὖθις
998 1106 1075 1156 ὅτι
1129 1103 1293 1163 Οὗτός
1354 1100 1493 1154 ἔστιν
1557 1101 1582 1151 ὁ
1641 1108 1772 1172 Χρι-

177 1200 298 1257 στός
331 1213 344 1226 ·
395 1197 515 1267 ὅπερ
562 1195 655 1246 οὐκ
715 1193 990 1265 ἐνεγκόντες
1055 1195 1104 1245 οἱ
1157 1188 1427 1257 Ἰουδαῖοι,
1486 1195 1668 1242 σκόπει
1720 1192 1771 1240 τί

174 1287 566 1357 πονηρεύονται.

247 1373 503 1446 Ἄγουσιν
554 1406 621 1414 ——
671 1377 1071 1445 μοιχευομένην.
1109 1372 1215 1424 Ἐπ’
1257 1370 1536 1442 αὐτοφώρῳ
1569 1368 1772 1438 λέγεται

177 1468 234 1516 τὸ
261 1463 625 1536 αύτελέγκτως,
659 1462 977 1534 αύτοφανῶς,
1018 1458 1314 1536 προδήλως.

249 1641 330 1694 Ἐν
364 1673 428 1682 —-
459 1641 638 1695 αὐτοῦ.
674 1646 1016 1701 Γινώσκοντες
1040 1641 1155 1715 ξγὰρ
1187 1639 1342 1692 αὐτὸν
1396 1637 1643 1710 ἐλεήμονα
1684 1641 1774 1689 καὶ

182 1733 454 1803 συμπαθῆ,
486 1727 820 1804 προσεδόκων
847 1733 924 1783 ὅτι
973 1735 1204 1802 φείσεται
1248 1729 1428 1794 αὐτῆς,
1461 1734 1550 1781 καὶ
1597 1728 1775 1780 λοιπὸν

1883 561 2205 629 Nicodemi,
2239 580 2306 619 ac
2357 564 2629 621 timentes
2679 582 2752 622 ne
2802 567 2949 623 forte
2997 568 3173 623 etiam
3226 569 3528 640 quispiam

1883 651 2036 706 alius
2068 651 2281 708 similia
2306 652 2543 710 diceret.

1956 739 2108 795 CAP.
2141 741 2261 796 VIII
2314 742 2728 801 Vers.l.Jesus
2745 751 2937 802 autem
2983 777 3036 786 —
3078 747 3400 804 Oliuarum.
3432 750 3532 804 De-

1883 829 2113 885 clinans
2138 837 2458 888 nocturnas
2489 833 2749 888 insidias.

1954 918 2116 974 Vers.
2160 924 2209 975 2.
2240 920 2480 978 Summo
2522 923 2763 980 —illos.
2805 925 3096 996 Populum
3136 926 3232 982 hic
3277 927 3535 999 appellat

1884 1022 1987 1062 eos
2017 1010 2120 1080 qui
2148 1009 2429 1066 dicebant
2462 1027 2473 1067 :
2505 1013 2618 1068 Hie
2639 1020 2719 1068 est
2748 1029 2882 1070 vere
2931 1016 3248 1086 propheta:
3273 1017 3535 1088 itemque

1883 1112 2010 1162 eos,
2043 1097 2146 1168 qui
2179 1099 2460 1155 dicebant
2494 1117 2506 1155 :
2557 1101 2668 1157 Hic
2715 1108 2790 1157 est
2847 1104 3118 1159 Christus
3144 1117 3168 1175 ;
3207 1106 3372 1177 quod
3413 1120 3535 1161 non

1885 1184 2137 1242 ferentes
2159 1188 2365 1255 Judaei,
2408 1189 2543 1246 vide
2576 1190 2724 1262 quid
2753 1191 3154 1262 malignentur
3187 1194 3215 1250 ‘l

1957 1365 2865 1427 Vers.3.Adducunt—-Vers.4.
2913 1373 3295 1428 Adulterium
3335 1388 3541 1443 perpe-

1887 1458 2158 1511 trantem.
2201 1457 2313 1508 Ἐπ’
2354 1458 2656 1534 αὐτοφώρῳ,
2686 1459 2804 1515 hoc
2856 1467 2959 1527 est,
3003 1462 3317 1528 manifeste
3354 1470 3409 1518 et
3444 1463 3540 1520 de-

1881 1544 2190 1615 prehense,
2220 1545 2302 1602 ita
2327 1551 2390 1602 ut
2420 1549 2620 1618 negari
2642 1564 2760 1604 nou
2794 1550 3001 1623 possit.

1958 1634 2120 1689 Vers.
2150 1636 2204 1688 5.
2229 1636 2294 1691 In
2319 1637 2564 1694 —Vers.
2594 1640 2644 1693 6.
2674 1639 2871 1695 illum.
2898 1638 3338 1710 Cognoscentes
3355 1642 3539 1708 enim,

1891 1740 2025 1779 eum
2058 1724 2499 1780 misericordem
2532 1742 2660 1783 esse
2691 1743 2762 1783 ac
2809 1730 3291 1801 compatientem,
3323 1730 3547 1800 cogita-

178 1820 352 1883 ἕξουσι
383 1825 702 1895 κατηγορίαν
732 1821 843 1872 κατ’
873 1822 1054 1882 αὑτοῦ,
1088 1821 1152 1879 ὡς
1189 1823 1498 1893 παρανόμως
1538 1815 1776 1891 φειδομέ-

1911 1818 2036 1869 )ant
2084 1813 2241 1886 quod
2314 1820 2470 1871 esset
2527 1816 2606 1872 illi
2659 1818 3011 1889 parciturus,
3045 1826 3097 1873 et
3155 1819 3236 1875 ita
3283 1819 3547 1875 habituri

175 1929 263 1962 νου
285 1917 381 1972 τῆς
408 1909 508 1962 ἀπὸ
537 1916 630 1962 τοῦ
649 1914 807 1982 νόμου
833 1909 1192 1981 λιθαζομένης.

247 2177 305 2230 Ὀ
356 2175 416 2230 δὲ
481 2177 690 2238 Ἰησοῦς
741 2208 806 2216 -
863 2185 979 2247 γῆν.
1032 2174 1192 2249 Ὀπερ
1254 2176 1468 2228 εἰώθασι
1535 2176 1780 2237 πολλάκις

179 2275 343 2320 ποιεῖν
384 2269 432 2319 οἱ
483 2271 554 2339 μὴ
604 2267 826 2328 θέλοντες
873 2263 1245 2337 ἀποκρίνεσθαι
1303 2265 1415 2336 ('26)
1466 2268 1595 2337 πρὸς
1659 2269 1780 2326 τοὺς

182 2354 475 2428 ἐρωτῶντας
523 2356 718 2430 ἄκαιρα
769 2359 857 2406 καὶ
934 2353 1117 2416 ἀνάξια
1150 2371 1161 2382 ’
1218 2358 1368 2424 γνοὺς
1451 2356 1552 2428 γὰρ
1611 2354 1779 2406 αὐτῶν

182 2449 275 2503 τὴν
329 2449 578 2517 μηχανὴν
628 2451 989 2519 προσεποιεῖτο
1048 2446 1261 2515 γράφειν
1313 2443 1378 2503 εἰς
1405 2447 1496 2501 τὴν
1535 2448 1654 2514 γὴν,
1688 2448 1779 2495 καὶ

185 2538 257 2606 μὴ
291 2537 572 2606 προσέχειν
598 2530 674 2594 οἷς
705 2533 892 2604 ἔλεγον.

256 2623 344 2684 Ὡς
382 2654 448 2663 -
497 2622 680 2681 αὐτήν.
735 2621 872 2694 Ὀρα
916 2625 1098 2694 σοφίαν
1125 2630 1215 2681 τῆς
1267 2621 1578 2693 αύτοσοφίας
1625 2641 1784 2673 κατα-

186 2715 532 2785 σοφιζομένην
586 2711 898 2783 εὐμηχάνως
953 2714 1046 2772 τὰς
1102 2714 1350 2783 μηχανὰς
1407 2710 1593 2764 αὐτῶν.
1647 2709 1785 2783 Ὀρα

181 2810 294 2863 πῶς
344 2804 455 2874 ἅμα
508 2806 598 2853 καὶ
655 2805 741 2853 τὸν
789 2821 942 2873 νόμον
991 2800 1232 2873 ἐτήρησε,
1266 2805 1353 2852 καὶ
1401 2809 1497 2861 τῆς
1540 2805 1784 2870 γυναικὸς

181 2890 440 2963 ἐφείσατο.
494 2890 770 2965 Ἐπέτρεψε
816 2893 916 2965 γὰρ
967 2897 1052 2942 τὸν
1110 2889 1472 2962 ἀναμάρτητον
1521 2890 1575 2953 ἐξ
1615 2891 1783 2942 αὐτῶν

179 2980 445 3052 ἄρξασθαι
496 2987 585 3032 τοῦ
641 2978 922 3031 λιθοϐολεῖν
987 2979 1172 3044 αὐτὴν,
1243 2976 1398 3041 εἰδὼς
1466 2982 1659 3040 πάντας
1734 2980 1782 3032 ἐν

177 3068 318 3141 ἁμαρ
329 3074 481 3129 τίαις.

256 3161 354 3208 Καὶ
407 3157 560 3208 πάλιν
618 3189 652 3195 -
667 3188 681 3196 -

181 3245 542 3316 αἰσχύνωνται
592 3245 716 3319 ῥᾷον
777 3246 942 3305 οὕτως
971 3244 1317 3315 ἐλεγχθέντες,
1381 3250 1470 3296 καὶ
1542 3247 1642 3306 ἵνα,
1716 3247 1784 3306 ὡς

181 3335 341 3386 αὑτοῦ
401 3331 557 3392 δῆθεν
608 3333 1000 3404 ἀσχολουμένου
1057 3337 1123 3392 εἱς
1178 3337 1234 3384 τὸ
1287 3333 1522 3407 γράφειν,
1555 3332 1639 3405 ἐξῇ
1692 3334 1781 3385 αύο

181 3431 289 3485 τοῖς
335 3425 761 3494 ὑπαναχωρῆσαι
816 3425 914 3495 πρό
965 3426 1316 3496 φανερωτέρας
1385 3428 1780 3493 καταγνώσεως

183 3518 274 3565 καὶ
332 3513 498 3565 αὐτῶν
552 3515 652 3586 γὰρ
730 3508 958 3584 ἐφείδετο
1031 3508 1104 3564 δι’
1185 3509 1467 3586 ὑπερϐολὴν
1555 3533 1785 3587 χρηστο-

183 3622 360 3663 τητος.

262 3694 327 3744 Οἱ
374 3688 432 3744 δὲ
480 3723 549 3731 -
583 3689 844 3762 ἐσχάτων.
886 3687 1076 3754 Οὐδεὶς
1103 3693 1204 3764 γὰρ
1238 3689 1597 3766 ἀναμάρτητον
1630 3693 1786 3745 εἰπεῖν

184 3781 365 3834 ἑαυτὸν
397 3777 646 3840 ἠδύνατο.

261 3876 360 3924 Καὶ
412 3902 480 3911 -
522 3875 862 3943 κατέκρινεν;
915 3873 1380 3946 ’Λναχωρὴσαντες
1421 3874 1522 3945 γὰρ
1583 3871 1784 3944 ἀφῆκαν

181 3961 348 4019 αὐτὴν
375 3963 568 4012 ἄνετον
613 3959 720 4012 ἐπεὶ
767 3956 826 4011 δὲ
855 3962 1049 4028 ἄνετον,
1092 3963 1291 4021 πάντως
1317 3966 1406 4012 καὶ
1439 3960 1784 4034 ἀκατάκριτον

177 4055 238 4104 τὸ
272 4050 347 4102 ἐπ’
381 4050 584 4111 αὐτοῖς·
625 4047 654 4108 ἦ
683 4053 782 4125 γὰρ
815 4049 875 4100 ἀν
908 4055 1170 4123 συνέσχον
1209 4050 1387 4110 αὐτὴν.

249 4228 308 4281 Ἠ
335 4261 404 4268 -
441 4234 754 4302 κατακρίνω.
793 4229 851 4282 Εἰ
884 4233 983 4303 γὰρ
1034 4228 1211 4281 ἐκεῖνοι
1256 4231 1520 4302 ἄνθρωποι
1552 4233 1684 4290 ὄντες
1724 4229 1782 4282 ού

173 4321 483 4390 κατέκριναν
526 4338 600 4382 σε,
631 4318 799 4390 πολλῳ
828 4319 1017 4392 μᾶλλον
1062 4316 1186 4371 οὐδὲ
1237 4318 1336 4390 ἐγώ
1366 4338 1422 4370 σε
1467 4324 1782 4391 κατακρίνω,

177 4411 316 4470 Θεὸς
341 4410 407 4459 ῶν
439 4412 528 4460 καὶ
557 4415 646 4460 τοῦ
673 4413 828 4481 νόμου
865 4413 1068 4482 Κύριος.

262 4587 488 4657 Πορεύου
544 4615 609 4625 -
682 4585 962 4658 ἁμάρτανε.
1040 4586 1343 4660 Ἀρκοῦντος
1407 4594 1498 4638 τοῦ
1545 4587 1786 4645 τηλικούο

182 4695 279 4728 του
335 4673 729 4746 θριάμϐου,καὶ
782 4683 876 4735 τῆς
929 4674 1140 4726 ἐνώπιον
1195 4679 1456 4727 τοσούτων
1521 4677 1786 4749 αἰσχύνης

182 4767 256 4826 εἰς
311 4770 584 4838 τιμωρίαν·
655 4767 784 4835 ἔγνω
843 4766 944 4837 γὰρ
1017 4765 1179 4822 αὐτὴν
1237 4770 1326 4817 καὶ
1386 4773 1787 4838 μετανοήσασαν

180 4851 528 4928 ὀλοκαρδίως.

260 4943 422 4997 Πάλιν
497 4975 567 4984 -
630 4948 854 5015 κόσμου.
928 4941 1014 5005 Ὠς
1083 4945 1318 5017 φωτίζων
1369 4949 1454 4998 τὸν
1511 4954 1628 5000 νοῦν
1685 4957 1786 5000 τῶν

177 5033 486 5107 ἀνθρώπων,
534 5039 623 5085 καὶ
654 5029 862 5104 ὁδηγῶν
891 5031 990 5085 ἀπὸ
1048 5042 1143 5096 τῆς
1189 5033 1388 5097 πλάνης
1431 5036 1502 5098 εἰς
1535 5041 1628 5095 τὴν
1660 5035 1786 5096 ἀλή-

178 5125 326 5175 θειαν
379 5127 465 5174 καὶ
513 5120 613 5174 ἀπὸ
653 5129 744 5184 τῆς
799 5124 1059 5196 ἄμαρτίας
1112 5123 1181 5184 εἰς
1219 5128 1312 5182 τὴν
1362 5123 1570 5199 ἀρετὴν,
1603 5132 1690 5179 καὶ
1719 5130 1786 5190 ὡς

174 5210 533 5282 καταλάμπων
588 5217 678 5264 καὶ
736 5209 1032 5285 φαιδρύνων
1083 5217 1140 5266 τὸ
1216 5215 1524 5287 ἡγεμονικὸν
1593 5216 1782 5281 αὐτῶν,

173 5300 349 5360 καθὼς
405 5305 494 5353 καὶ
547 5299 594 5353 ἐν
646 5307 939 5376 προοιμίοις
1006 5311 1096 5356 τοῦ
1153 5308 1407 5379 παρόντος
1468 5304 1783 5377 Εύαγγελίου

1888 1909 2083 1960 essent
2113 1904 2398 1959 adversus
2441 1921 2579 1960 eum
2629 1907 3090 1976 accusationem,
3141 1915 3345 1981 utpote
3391 1909 3543 1979 legis

1888 1994 2363 2062 transgressione
2384 1993 2461 2048 illi
2481 2002 2842 2066 parcentem,
2861 2011 2992 2069 quin
3007 1998 3334 2054 secundum
3349 1998 3543 2068 legem

1887 2081 2214 2153 lapidanda
2244 2089 2388 2139 erat.

1959 2173 2122 2228 Vers.
2155 2176 2204 2227 6.
2233 2172 2396 2228 Iesus
2437 2202 2508 2214 —
2551 2177 2730 2230 terra.
2779 2176 2943 2240 Quod
2985 2174 3320 2249 frequenter
3349 2176 3544 2233 facere

1890 2262 2099 2328 solent,
2130 2263 2234 2334 qui
2271 2263 2633 2334 respondere
2666 2263 2873 2319 nolunt
2902 2265 3250 2336 importuna
3280 2267 3548 2338 indigna-

1888 2368 2005 2423 que
2052 2353 2401 2421 rogantibus
2442 2370 2455 2407 :
2499 2353 2737 2426 cognita
2767 2356 2926 2410 enim
2967 2355 3200 2410 illorum
3243 2356 3547 2413 machina-

1891 2440 2070 2507 tione,
2105 2441 2365 2511 ﬁngebat
2405 2458 2465 2496 se
2496 2443 2555 2497 in
2601 2449 2756 2500 terra
2798 2444 3069 2510 scribere,
3103 2461 3212 2501 nec
3241 2444 3334 2501 his
3361 2451 3549 2502 atten-

1891 2529 2053 2600 dere,
2092 2547 2229 2602 quaa
2251 2531 2546 2587 dicebant.

1962 2620 2123 2674 Vers.
2160 2638 2210 2690 7.
2261 2620 2408 2675 Cum
2448 2650 2517 2660 —
2556 2621 2750 2676 illam.
2798 2621 2939 2677 Vide
2984 2623 3340 2693 sapientiam
3395 2623 3543 2694 ejus,

1891 2708 1996 2780 qui
2060 2709 2192 2780 ipsa
2241 2714 2328 2763 est
2397 2710 2715 2781 Sapientia.
2768 2713 2916 2766 Nam
2967 2711 3258 2782 sagaciter
3310 2712 3545 2768 illorum

1893 2797 2118 2869 decepit
2159 2797 2634 2854 machinationes
2666 2816 2679 2854 :
2714 2800 2890 2854 simul
2919 2805 2976 2856 et
3017 2802 3314 2857 servando
3354 2801 3545 2871 legem

1893 2893 1949 2943 et
1973 2888 2274 2959 parcendo
2299 2887 2545 2944 mulieri.
2571 2889 2876 2961 Siquidem
2891 2890 2939 2943 ei
2963 2889 3064 2962 qui
3086 2907 3156 2945 ex
3183 2891 3327 2963 ipsis
3357 2908 3390 2945 a
3417 2906 3552 2963 pec-

1893 2983 2024 3032 cato
2083 2977 2370 3032 immunis
2427 2983 2600 3044 esset,
2663 2979 2930 3049 permisit
2994 2985 3055 3034 ut
3104 2996 3238 3035 eam
3287 2980 3549 3052 lapidare

1891 3065 2208 3136 inciperet:
2253 3066 2448 3121 sciens
2470 3083 2678 3122 omnes
2707 3069 2966 3140 peccatis
2998 3084 3128 3124 esse
3159 3070 3475 3124 obnoxios.

739 3164 858 3227 γῆν.
912 3155 1023 3208 Ἵνα
1051 3160 1122 3228 μή
1167 3154 1447 3226 βλέποντος
1491 3157 1561 3218 εἰς
1595 3156 1780 3217 αύτούς

1965 3154 2128 3209 Vers.
2163 3159 2212 3209 8.
2246 3155 2611 3227 Rursumque
2635 3187 2703 3195 -——
2726 3164 2906 3213 terra.
2937 3158 3008 3213 Ut
3034 3157 3173 3212 dum
3202 3157 3328 3229 ipse
3359 3159 3416 3212 in
3449 3175 3549 3214 eos

1893 3259 2014 3297 non
2043 3245 2382 3314 respiceret,
2415 3247 2826 3300 erubescerent
2853 3246 3044 3300 lenius
3071 3246 3373 3315 redarguti
3405 3264 3418 3301 :
3445 3248 3555 3302 uti-

1894 3347 2012 3403 que
2069 3332 2151 3386 ita
2199 3331 2298 3386 illo
2342 3333 2399 3386 in
2455 3333 2769 3388 scribendo
2822 3341 3136 3405 occupato,
3190 3335 3406 3400 liceret,
3463 3335 3550 3390 eis

1896 3420 2114 3474 sensim
2147 3420 2482 3486 abscedere,
2520 3427 2845 3493 antequam
2875 3422 3248 3477 manifestius
3270 3423 3554 3479 condem-

1895 3515 2182 3565 narentur
2214 3525 2392 3564 :nam
2424 3527 2534 3566 sua
2556 3527 2798 3567 summa
2846 3510 3212 3583 benignitate
3243 3511 3426 3568 etiam
3451 3513 3547 3586 ip-

1899 3601 1978 3655 sis
2010 3600 2313 3673 parcebat.

1969 3691 2126 3746 Vers.
2180 3694 2233 3748 9.
2281 3693 2361 3746 Αι
2387 3691 2484 3746 illi
2511 3722 2578 3731 —
2604 3698 2943 3761 postremos.
2989 3690 3192 3748 Nullus
3243 3692 3401 3748 enim
3444 3693 3550 3750 sei-

1896 3796 2074 3854 psum
2114 3797 2150 3836 a
2187 3785 2434 3852 peccato
2463 3781 2792 3837 immunem
2813 3781 3011 3838 dicere
3053 3786 3303 3854 poterat.

1969 3869 2128 3925 Vers.
2171 3874 2222 3926 9.
2257 3870 2421 3925 Et—
2447 3871 2611 3926 Vers.
2648 3875 2734 3927 lO.
2766 3871 3176 3928 condemnavit
3205 3872 3232 3926 ‘P
3260 3873 3556 3930 Receden-

1896 3964 1982 4018 tes
2014 3975 2278 4034 namque
2305 3961 2652 4016 dimiserant
2685 3976 2811 4016 eam
2839 3961 3144 4028 intactam,
3180 3963 3383 4035 utique
3431 3981 3554 4020 non

1895 4051 2383 4116 condemnatam,
2420 4050 2583 4121 quod
2613 4050 2691 4106 ad
2720 4067 2783 4105 se
2815 4051 3164 4122 pertinebat,
3198 4052 3422 4125 alioqui
3449 4070 3552 4124 0p-

1895 4142 2248 4214 pressissent
2262 4157 2414 4195 eam.

1968 4233 2126 4284 Vers.
2162 4230 2249 4284 tl.
2299 4229 2417 4293 Que
2462 4259 2533 4270 —
2585 4229 2916 4285 condemno.
2977 4233 3122 4285 Nam
3165 4229 3209 4284 si
3263 4230 3363 4296 illi,
3414 4247 3552 4287 cum

1892 4318 2162 4373 homines
2209 4317 2339 4383 sint,
2379 4323 2428 4372 te
2451 4331 2570 4372 non
2596 4317 3176 4384 condemnaverunt,
3211 4319 3396 4374 multo
3429 4336 3555 4374 ma-

1894 4407 1985 4476 gis
2022 4423 2151 4477 ego,
2176 4407 2279 4478 qui
2313 4405 2464 4461 Deus
2493 4423 2651 4474 sum,
2687 4406 2954 4480 legisque
2986 4407 3306 4478 Dominus,
3334 4413 3390 4464 te
3428 4423 3554 4466 non

1895 4491 2244 4547 condemno.

1967 4581 2132 4636 Vers.
2169 4582 2254 4635 ll.
2281 4580 2399 4636 Abi
2427 4611 2494 4621 —-
2513 4582 2872 4650 peccaveris.
2904 4581 3054 4638 Satis
3080 4579 3242 4637 enim
3272 4586 3396 4638 erat
3417 4581 3554 4638 talis

1819 4668 1864 4722 D
1899 4669 2245 4742 divulgatio,
2280 4677 2336 4727 et
2377 4687 2581 4727 coram
2620 4676 2703 4727 tot
2743 4670 3099 4726 adversariis
3140 4671 3556 4729 erubescentia

1900 4773 2008 4831 pro
2040 4760 2336 4833 supplicio
2372 4778 2384 4816 :
2419 4760 2684 4817 maxime
2702 4776 2840 4817 cum
2857 4761 3030 4817 sciret
3051 4761 3212 4833 quod
3234 4761 3396 4818 illam
3429 4765 3555 4819 toto

1898 4851 2072 4907 corde
2101 4852 2430 4922 paeniteret.

1969 4943 2124 4998 Vers.
2156 4942 2246 4998 12.
2285 4942 2502 4998 Iterum
2527 4971 2598 4983 —
2620 4939 2850 4998 mundi.
2884 4944 3094 5014 Utpote
3140 4944 3391 4998 mentem
3446 4942 3558 4998 ho-

1898 5031 2130 5087 minum
2148 5030 2493 5086 illuminans
2514 5031 2657 5087 etab
2671 5047 2866 5088 errore
2880 5031 3108 5087 ducens
3128 5032 3205 5088 ad
3225 5032 3551 5103 veritatem,

1896 5137 1932 5176 a
1965 5126 2212 5193 peccato
2244 5121 2320 5178 ad
2363 5122 2638 5178 virtutem
2681 5137 2694 5178 :
2742 5127 2800 5177 et
2829 5126 3122 5193 tanquam
3147 5121 3455 5177 illustrans
3486 5137 3555 5178 ac

1895 5211 2236 5266 exhilarans
2307 5211 2541 5266 animas
2599 5226 2830 5279 eorum,
2911 5209 3432 5282 quemadmodum
3489 5210 3555 5266 in

1899 5300 2194 5357 Prommio
2220 5300 2525 5372 praesentis
2556 5299 2858 5371 Evangelii
2889 5299 3304 5369 disseruimus,
3336 5299 3440 5357 ubi
3469 5299 3558 5358 di~

1348 5483 1572 5554 Variae
1625 5486 1958 5556 lectiones
2006 5496 2072 5555 et
2134 5494 2339 5553 notae.

262 5667 389 5742 (25)Δ
407 5667 520 5724 Pro
547 5667 796 5742 vulgari,
823 5667 989 5742 {esus
1020 5675 1238 5742 autem,
1266 5668 1433 5742 quod
1463 5669 1790 5731 Hentenius

183 5738 440 5807 addidit,
471 5738 715 5814 uterque
743 5740 944 5812 habet,
975 5745 1075 5794 Καὶ
1101 5738 1326 5804 Ἰησοῦξ.

1974 5673 2088 5746 (26)
2120 5672 2516 5749 Αποκρίνασθαι
2547 5671 2613 5728 Α.
