4098 6446
629 327 765 390 1283

1997 325 2336 387 ΕΠΤΗΥΜΊΙ
2374 317 2699 389 ZIGABENI

3881 333 4020 393 138i

628 462 778 516 citur
807 480 820 515 :
851 459 920 515 Et
947 459 1067 514 vita
1091 466 1220 515 erat
1255 459 1364 515 tua:
1389 457 1692 514 hominum
1718 459 1786 513 “.
1820 459 1939 514 Hoc
1965 463 2164 515 autem
2191 460 2250 516 di

2395 457 2430 514 δ
2435 461 2716 534 ιελάϐομεν,
2748 463 2868 514 ἔνθα
2891 470 3058 516 κεῖται
3088 465 3174 527 τὸ,
3209 468 3316 518 Καὶ
3346 465 3376 524 ἦ
3410 464 3520 527 ζωή
3565 462 3626 525 ἦν
3657 467 3721 518 τὸ
3762 474 3887 538 φῶς
3929 476 4024 519 τῶν

629 551 710 604 xit
741 557 983 620 propter
1014 549 1278 603 diversas
1310 552 1384 603 de
1425 565 1484 602 se
1506 549 1817 619 opiniones
1846 547 2097 604 illorum.

699 640 860 694 Vers.
911 643 990 693 t2.
1053 637 1165 704 Qui
1219 669 1280 678 —
1332 637 1598 693 tenebris.
1661 637 1724 692 In
1777 652 1973 693 errore
2031 644 2086 694 et
2143 655 2275 711 pec-

625 733 779 785 cato.

694 908 854 961 Vers.
888 910 968 961 12.
1002 905 1104 961 Sed
1136 936 1202 945 —
1233 905 1384 961 vitae.
1419 907 1689 962 Eternm.

693 995 854 1050 Vers.
894 997 978 1050 13.
1015 995 1323 1051 Dixerunt.
1375 1027 1444 1035 —
1477 995 1636 1049 Vers.
1676 995 1756 1049 H.
1793 1011 2008 1052 meum.
2067 997 2273 1061 Quaere

619 1085 779 1140 circa
820 1086 1015 1140 media
1055 1085 1284 1155 septimi
1335 1085 1570 1153 capitis,
1607 1086 1705 1139 ubi
1758 1085 1973 1139 dicitur
2007 1102 2018 1138 :
2068 1087 2126 1139 Si
2167 1102 2273 1154 ego

620 1175 1017 1229 testimonium
1028 1172 1203 1242 periti
1209 1174 1307 1228 beo
1324 1174 1396 1228 de
1407 1173 1518 1228 mei
1525 1189 1652 1241 pso,
1675 1174 2068 1229 testimonium
2083 1190 2271 1228 meum

619 1279 729 1318 non
759 1269 836 1316 est
872 1278 1074 1318 verum
1106 1264 1152 1296 ⁴⁹
1188 1279 1200 1316 :
1251 1263 1308 1316 in
1354 1261 1507 1316 illius
1552 1261 1845 1334 siquidem
1897 1263 2272 1318 enarratione

617 1352 797 1408 etiam
819 1351 996 1422 hujus
1027 1351 1182 1407 facta
1212 1357 1300 1407 est
1343 1353 1584 1406 mentio.
1638 1351 1895 1416 Quidam
1939 1367 2075 1407 vero
2106 1353 2273 1407 aiunt

614 1440 773 1514 quod
799 1441 942 1496 illud
972 1445 1264 1512 tanquam
1287 1441 1470 1496 homo
1497 1440 1727 1504 dixerit,
1761 1441 1875 1496 hoc
1913 1447 2110 1496 autem
2145 1447 2274 1496 tan-

613 1547 796 1604 quam
816 1531 991 1596 Deus,
1015 1530 1336 1585 ostendens
1348 1547 1409 1586 se
1431 1545 1551 1586 non
1565 1529 1935 1602 nudumjesse
1952 1529 2270 1596 hominem,

617 1626 792 1693 prout
816 1619 929 1692 ipsi
969 1618 1450 1690 suspicabantur.

687 1711 842 1765 Vers.
879 1711 959 1764 14.
998 1708 1146 1774 Οιιία
1171 1739 1237 1748 -
1269 1709 1536 1765 venerim.
1573 1717 1614 1763 Α
1643 1708 1811 1764 Patre
1840 1709 1981 1764 Deo.

684 1800 850 1855 Vers.
905 1803 986 1854 14.
1025 1799 1099 1852 Et
1127 1815 1237 1870 quo
1269 1799 1435 1854 vado.
1469 1798 1555 1852 Ad
1586 1797 1869 1853 eumdem
1903 1799 2100 1869 ipsum
2134 1805 2269 1870 post
2309 1824 2346 1877 Β

611 1889 793 1944 tinem
843 1888 1019 1959 hujus
1050 1887 1538 1959 dispensationis.
1567 1888 1713 1949 Quia
1756 1902 1893 1942 vero
1921 1888 2061 1952 scio,
2104 1888 2263 1959 quod

610 1995 645 2033 a
680 1978 849 2032 Patre
877 1978 994 2032 Deo
1028 1977 1309 2043 venerim,
1355 1983 1411 2031 ct
1441 1976 1516 2031 ad
1547 1992 1680 2030 eum
1714 1977 1905 2048 ipsum
1944 1976 2118 2043 vado,
2160 1977 2262 2030 titi-

610 2085 723 2139 que
750 2067 926 2122 Filius
953 2068 1048 2122 Dei
1083 2083 1216 2121 sum
1235 2072 1290 2120 et
1312 2066 1483 2121 Deus.
1507 2067 1703 2138 Itaque
1730 2065 1846 2121 ﬁde
1884 2065 2103 2135 dignus
2131 2082 2261 2120 sum

611 2163 669 2214 et
694 2157 827 2230 ipsa
867 2156 1038 2220 ﬁdes,
1084 2155 1235 2210 sicut
1259 2162 1315 2210 et
1339 2156 1470 2227 ipsa
1497 2156 1727 2211 veritas.

681 2248 845 2302 Vers.
891 2247 980 2302 14.
1029 2246 1130 2299 νυ.
1179 2276 1236 2284 -
1280 2246 1449 2301 vado.
1482 2276 1547 2284 —
1588 2245 1854 2310 Nescitis,
1884 2245 2032 2300 sicut
2076 2249 2264 2300 osten-

609 2336 770 2398 ditis,
803 2336 955 2391 sicut
984 2336 1298 2400 simulatis,
1329 2334 1441 2390 hoc
1468 2339 1574 2399 est,
1612 2334 1840 2389 Nescire
1872 2334 2173 2398 videmini,
2202 2335 2257 2388 in

607 2427 850 2481 veritate
877 2431 1076 2479 tamen
1102 2424 1264 2478 scitis
1300 2440 1312 2478 :
1339 2424 1474 2480 ideo
1505 2425 1681 2480 etiam
1711 2424 1983 2494 superius
2010 2422 2176 2488 dixit,
2199 2427 2259 2477 Et

605 2530 697 2570 me
716 2514 872 2569 scitis
897 2521 948 2568 et
979 2514 1136 2567 unde
1163 2515 1269 2568 sim
1294 2514 1453 2567 scim
1477 2515 1544 2566 ⁸ο.

682 2603 838 2658 Vers.
881 2608 959 2656 15.
1015 2604 1120 2656 Vos
1175 2604 1545 2670 —juaiicatis.
1580 2600 1922 2666 Carnaliter,
1973 2600 2260 2656 sensuali-

602 2699 707 2757 ter,
742 2707 942 2747 crasso
977 2691 1157 2745 modo
1190 2691 1264 2744 ad
1299 2690 1353 2744 id
1404 2691 1618 2758 solum,
1656 2691 1811 2759 quod
1866 2696 2137 2762 apparet,
2171 2691 2254 2744 in-

603 2787 849 2848 tuentes,
877 2779 1140 2850 nihilque
1162 2779 1477 2832 sublimius
1494 2778 1884 2848 aclspirituale
1903 2778 2255 2847 cogitantes.

604 2870 806 2927 Sciens
829 2873 1042 2930 autem,
1068 2883 1169 2922 eos
1196 2866 1460 2921 dicturos
1494 2868 1819 2938 :thuare,
1842 2867 1888 2920 si
1923 2873 2110 2939 potes,
2137 2884 2253 2923 non

605 2959 784 3030 punis
823 2973 949 3021 nos,
983 2957 1078 3027 qui
1113 2956 1192 3012 ita
1233 2957 1590 3026 judicemus,
1625 2957 1708 3011 ait
1743 2972 1754 3010 :

672 3047 831 3101 Vers.
869 3047 955 3099 15.
989 3047 1115 3115 Ego
1148 3077 1212 3086 —
1240 3061 1608 3117 quemquam.
1645 3048 1770 3100 Non
1825 3046 2023 3115 judico
2074 3062 2250 3101 nunc.

599 3139 744 3193 Nam
796 3143 852 3191 et
887 3135 942 3190 in
987 3135 1394 3207 superioribus
1447 3137 1612 3190 tertio
1663 3136 1849 3205 capite
1899 3135 2083 3190 dixit:
2119 3137 2247 3189 Non

595 3227 749 3282 enim
772 3228 925 3282 misit
946 3227 1086 3280 Deus
1108 3225 1325 3280 Filium
1343 3242 1512 3280 suum
1531 3226 1593 3279 in
1612 3225 1918 3288 mundum,
1943 3231 2004 3278 ιιι
2021 3227 2248 3294 judicet
2288 3225 2326 3246 “

593 3316 900 3379 mundum,
933 3317 1034 3371 sed
1063 3322 1125 3370 ut
1162 3317 1424 3370 salvetur
1461 3315 1714 3369 mundus
1741 3330 1842 3384 per
1873 3315 2050 3385 ipsum
2085 3316 2126 3349 ⁵¹
2157 3331 2172 3378 ;
2198 3321 2253 3370 et

590 3420 829 3460 rursum
851 3405 974 3474 lege
990 3405 1214 3460 dictam
1231 3405 1310 3458 ibi
1333 3404 1788 3459 enarrationem.
1831 3406 1904 3458 Ne
1929 3403 2250 3470 autemjite-

592 3510 725 3549 rum
770 3496 1014 3550 dicant:
1069 3495 1382 3564 Propterea
1431 3493 1576 3548 dicis
1610 3510 1622 3547 :
1653 3496 1776 3548 Non
1825 3492 2054 3563 judico,
2104 3493 2250 3564 quia

590 3599 700 3639 nos
729 3584 1124 3639 condemnare
1158 3598 1271 3636 non
1315 3584 1519 3644 audes,
1562 3581 1734 3636 infert
1770 3602 1781 3640 ε

663 3675 822 3728 Vers.
887 3674 971 3727 16.
1036 3671 1196 3738 Quod
1245 3675 1295 3726 si
1350 3701 1417 3711 —
1477 3677 1574 3725 est.
1631 3702 1699 3710 —
1751 3671 1962 3726 Verum
2018 3678 2124 3735 est,
2178 3671 2246 3725 si-

589 3777 661 3815 ve
712 3766 954 3824 rectum,
1007 3768 1063 3816 et
1110 3760 1237 3830 jam
1273 3776 1402 3814 vere
1461 3759 1799 3816 condemno
1841 3776 1968 3814 vos.
2027 3759 2246 3815 Deinde

588 3850 762 3905 etiam
793 3850 1285 3920 dicit,quomodo
1318 3865 1525 3904 verum
1579 3850 1652 3903 sit
1699 3849 1993 3919 judicium
2044 3865 2241 3903 suum.

663 3939 826 3994 Vers.
865 3941 945 3994 16.
972 3939 1195 4006 Quia—
1219 3939 1415 3995 Pater.
1438 3939 1586 4003 Quia
1617 3937 1777 3993 solus
1803 3954 1921 3993 non
1951 3955 2105 4004 sum,
2139 3939 2243 4010 qui

583 4027 810 4100 judico,
836 4028 938 4084 sed
952 4044 1064 4100 ego
1094 4035 1150 4084 et
1187 4027 2088 4100 Pater,siquidemomnianobis
2107 4034 2242 4083 sunt

585 4119 968 4185 communia;
1001 4125 1215 4191 etquia
1236 4118 1398 4190 quod
1422 4117 1767 4187 egojudico.
1811 4117 1921 4171 hoc
1952 4123 2008 4171 et
2031 4120 2194 4172 Pater
2225 4133 2237 4171 :

585 4224 702 4264 una
725 4208 883 4264 enim
906 4208 1206 4264 ambobus
1230 4215 1320 4263 est
1339 4207 1638 4269 voluntas,
1667 4211 1728 4260 ut
1756 4206 2097 4276 praedictum
2132 4214 2235 4269 est,

583 4304 639 4354 et
670 4298 838 4353 Pater
878 4314 980 4353 vos
1011 4297 1391 4363 condemnat,
1415 4296 1518 4368 qui
1547 4311 1665 4350 non
1698 4294 1934 4350 creditis
1961 4295 2102 4351 Filio
2130 4310 2238 4350 suo

581 4403 764 4459 quem
798 4388 924 4458 ipse
964 4387 1131 4442 misit.

655 4478 817 4533 Vers.
857 4479 946 4531 t7.
1008 4477 1196 4531 Porro
1246 4480 1431 4529 —-est.
1470 4476 1672 4528 Vestra
1718 4472 2232 4545 quemadmodum

577 4583 683 4623 vos
707 4568 944 4638 jactatis
973 4581 1145 4636 ;‘nam
1171 4581 1263 4620 me
1286 4568 1784 4632 transgressorem
1815 4561 2032 4616 dicitis.
2063 4562 2230 4627 Quod

581 4657 630 4711 si
660 4657 919 4712 duorum
947 4655 1260 4711 hominum
1285 4652 1689 4709 testimonium
1721 4667 1926 4706 verum
1957 4658 2064 4719 est,
2097 4650 2233 4705 inde

577 4745 849 4817 colligere
875 4746 987 4817 ipsi
1028 4747 1298 4817 potestis,
1323 4741 1491 4814 quod
1525 4740 1710 4796 multo
1749 4740 1941 4809 magis
1972 4739 2231 4795 duorum

572 4833 842 4905 judicum
915 4834 1209 4904 judicium
1290 4848 1496 4888 verum
1558 4837 1649 4886 est
1703 4835 1758 4885 et
1824 4831 2087 4885 maxime
2147 4836 2230 4885 ta-

574 4923 732 4979 lium.
787 4923 1144 4994 Hujusmodi
1184 4929 1385 4979 autem
1439 4921 1700 4977 obscura
1752 4918 2093 4991 frequenter
2141 4918 2228 4973 lo-

642 5132 693 5166 “
723 5131 892 5186 Joan.
919 5149 956 5196 ι,
989 5131 1040 5184 4.
1120 5131 1166 5165 ⁴⁹
1194 5128 1363 5184 Joan.
1409 5146 1461 5194 ν,
1491 5127 1578 5182 31.
1659 5128 1705 5162 ⁵ο
1737 5126 1909 5181 Joan.
1943 5141 2042 5190 vn,
2067 5127 2156 5179 '29.

2396 546 2691 621 ἀνθρώπων.
2727 557 2890 605 Τοῦτο
2923 549 2957 604 δ
2961 557 2980 605 ι
3011 550 3119 606 εἶπε
3145 550 3179 606 δ
3185 557 3235 606 ιά
3257 559 3343 616 τὰς
3368 561 3485 630 περὶ
3514 555 3706 608 ἑαυτοῦ
3727 553 3764 608 δ
3769 562 4026 630 assem;

2391 639 2669 710 ὑπολήψεις
2699 642 2812 710 (27)
2842 642 3029 694 αὐτῶν.

2458 728 2514 779 Ὀ
2547 761 2610 768 -
2644 736 2846 802 σκοτίᾳ.
2880 731 2961 783 Ἐν
2992 740 3052 803 τῇ
3089 732 3252 806 πλάνῃ
3287 739 3376 786 καὶ
3406 743 3468 807 τῇ
3505 735 3763 808 ἁμαρτίᾳ.

2459 905 2589 958 Ἀλλ’
2613 939 2680 946 -
2717 909 2873 970 ζωῆς.
2907 916 3011 971 Τῆς
3037 909 3268 963 αἰωνίου.

2458 992 2609 1048 Εἶπον
2663 1028 2724 1036 —
2777 1017 2897 1068 μου.
2951 1003 3190 1056 Ζήτησον
3229 1004 3458 1075 περὶτὰ
3513 1006 3654 1073 μέσα
3716 1010 3822 1054 τοῦ
3875 1001 4016 1055 ἐεᾶε-

2383 1102 2481 1153 μου
2532 1084 2807 1155 κεφαλαίου
2855 1088 2932 1157 [τὸ
2967 1089 3084 1139 Ὲάν
3115 1088 3215 1158 ἐγὼ
3249 1099 3502 1164 μαρτυρῶ
3525 1094 3642 1161 ('28)
3673 1098 3803 1165 περὶ
3862 1092 4013 1162 ἐμαν-

2381 1182 2491 1236 τοὺ,
2549 1176 2575 1230 ἠ
2642 1182 2905 1249 μαρτυρία
2971 1197 3071 1247 μον
3138 1179 3231 1230 οὐκ
3291 1182 3429 1231 ἔστιν
3487 1179 3691 1240 ἀληθής
3746 1199 3762 1210 ⁸
3843 1180 3895 1231 ἐν
3955 1192 4006 1237 τέ

2383 1260 2627 1331 ἐξηγήσει
2681 1269 2782 1338 γὰρ
2821 1265 3039 1339 ἐκεῖνον]
3087 1274 3177 1319 καὶ
3233 1276 3385 1320 τοῦτο
3444 1267 3845 1340 ἐμνημονεύθη.
3882 1277 4008 1323 ψαςε

2385 1346 2442 1402 δε
2477 1370 2608 1412 τινες
2638 1354 2716 1404 ὃτι
2749 1352 2905 1406 ἐκεῖνο
2931 1359 3020 1426 μὲν
3061 1354 3194 1409 εἶπεν
3225 1359 3289 1418 ὡς
3321 1359 3619 1430 ἄνθρωπος,
3660 1366 3832 1410 τοῦτο
3857 1357 3916 1411 δὲ
3948 1383 4008 1421 ως

2383 1444 2522 1501 Θεὸς.
2559 1439 2811 1512 ἐμφαίνων
2839 1446 2917 1495 ὅτι
2963 1444 3057 1496 οὐκ
3090 1448 3202 1497 εστι
3235 1445 3382 1516 ψιλός
3413 1449 3719 1522 ἄνθρωπος,
3756 1451 3829 1508 ὡς
3866 1451 4003 1500 αὐτοὶ

2383 1528 2855 1600 ὑπολαμϐάνουσιν.

2449 1704 2567 1756 Ὀτι
2601 1737 2666 1744 —-
2695 1703 2866 1764 ἦλθον.
2898 1709 2985 1762 Ἐκ
3019 1714 3217 1783 Πατρός
3252 1720 3405 1765 Θεοῦ.

2454 1800 2551 1847 Καὶ
2609 1804 2707 1846 πού
2770 1799 2970 1868 ὑπάγω.
3007 1799 3089 1858 Εἰς
3119 1802 3230 1866 (29)
3272 1801 3430 1852 αὐτὸν
3464 1806 3602 1873 μετά
3635 1807 3695 1856 τὸ
3723 1804 3876 1868 tae;
3909 1817 3993 1867 τὶς

2378 1884 2673 1955 οἰκονομίας
2705 1888 2919 1947 ταύτης.
2951 1887 3092 1940 Ἐπεὶ
3123 1890 3231 1959 λ30)
3284 1886 3344 1942 δι
3396 1888 3522 1943 οἶδα
3547 1895 3634 1944 ὅτι
3696 1893 3757 1945 ἐκ
3803 1903 3989 1959 Πατρός

2377 1981 2510 2024 Θεοῦ
2560 1970 2713 2030 ἧῖθον
2759 1979 2848 2026 καὶ
2893 1975 2963 2038 εἰς
3007 1977 3160 2028 αὑτὸν
3209 1981 3411 2051 ὑπάγω,
3471 1985 3689 2045 παντως
3743 1987 3869 2045 Υἱὸς
3909 1997 3986 2036 τοῦ

2376 2070 2507 2112 Θεοῦ
2548 2064 2654 2134 εἰμι
2711 2069 2799 2115 καὶ
2830 2069 2970 2125 Θεὸς.
3005 2071 3108 2118 Καὶ
3140 2067 3318 2119 λοιπόν
3369 2068 3693 2134 ἀξιόπιστός
3739 2074 3871 2146 εἰμι,
3913 2085 3983 2126 και

2374 2152 2706 2216 αὐτοπιστος,
2735 2156 2805 2214 ὡς
2834 2153 3058 2213 αὐτοαλή
3068 2157 3198 2211 θεια,

2441 2241 2604 2312 ’Υμεῐς
2641 2274 2695 2281 —
2725 2243 2929 2313 ὑπάγω.
2963 2275 3031 2283 —
3088 2245 3199 2296 Οὐκ
3256 2245 3454 2314 οἴδατε,
3503 2254 3574 2313 ὡς
3640 2248 3872 2314 δοκεῖτε,
3927 2257 3978 2313 in;

2371 2332 2631 2400 φαίνεσθε,
2694 2335 2762 2393 ως
2809 2337 3182 2406 προσποιεῖσθε
3213 2353 3223 2364 ⁸
3265 2345 3326 2408 τῇ
3379 2340 3479 2412 γὰρ
3516 2337 3751 2412 ἀληθεία
3798 2339 3972 2394 οἴδατε-

2371 2422 2457 2471 Διὸ
2489 2425 2576 2470 καὶ
2612 2418 2845 2495 ἀνωτέρω
2887 2420 3021 2475 εἶπεν
3075 2426 3155 2475 ὄτι
3213 2424 3355 2496 Κάμὶ
3399 2424 3606 2495 οἶδατε,
3674 2439 3773 2483 καὶ
3821 2430 3968 2483 εἰδετε

2370 2510 2520 2559 πόθεν
2552 2509 2676 2580 εἰμί.

2438 2597 2601 2669 ’Υμεῐς
2638 2630 2682 2639 -—
2729 2604 2941 2672 κρίνετε.
2978 2608 3261 2674 Σαρκικῶς,
3302 2603 3599 2670 αἰσθητῶς,
3636 2619 3944 2682 axz-sagis,

2369 2690 2497 2759 πρὸς
2527 2693 2678 2757 μόνον
2710 2692 2765 2738 τό
2809 2697 3106 2760 φαινόμενον
3137 2689 3428 2761 βλίττοντες,
3457 2700 3549 2746 καὶ
3585 2694 3760 2767 μηδὲν
3791 2699 3960 2766 2.51:1;-

2368 2794 2508 2846 τερον
2565 2781 2651 2826 καί
2710 2782 3054 2847 πνευματικόν
3117 2777 3420 2842 ἐννοοῦντες.
3454 2781 3640 2846 Εἰδὼς
3681 2784 3733 2837 δε
3777 2788 3954 2846 αὐτούς

2365 2864 2637 2934 μέλλοντας
2660 2866 2816 2917 εἰπεῖν
2838 2868 2917 2917 ότι
2948 2873 3044 2919 Καὶ
3068 2865 3214 2920 διατί
3244 2869 3301 2920 οὐ
3329 2871 3574 2934 κολάζεις
3601 2877 3760 2945 ἡμᾶς,
3783 2882 3966 2927 ubqu-

2368 2971 2459 3013 τας
2491 2954 2668 3016 οὑτως,
2701 2955 2741 3006 εἰ
2775 2951 2928 3027 δύνῃ,
2964 2962 3140 3028 φησίνο

2441 3044 2573 3111 Ἰ-ἷγὼ
2627 3075 2692 3083 ——
2750 3041 2953 3097 οὐδένα.
3025 3046 3100 3097 Οὐ
3159 3053 3315 3121 κρίνω
3364 3057 3471 3101 νῦν.
3528 3057 3635 3103 Καὶ
3677 3054 3973 3123 ὀπίσωσμο

2369 3130 2416 3182 ἐν
2471 3141 2540 3201 τῷ
2589 3138 2746 3204 τρίτῳ
2793 3134 3049 3206 κεφαλαίῳ
3102 3137 3253 3188 εἶπεν·
3299 3138 3374 3189 Οὐ
3435 3142 3535 3211 γὰρ
3603 3140 3911 3196 ἀπέστειλεν
3959 3148 3975 3194 ἐ

2369 3225 2499 3282 Θεὸς
2559 3226 2641 3273 τὸν
2709 3226 2824 3275 Υὶόν
2883 3224 3043 3275 αὑτοῦ
3094 3223 3158 3285 εἰς
3228 3231 3314 3278 τὸν
3399 3235 3622 3300 κόσμον,
3687 3233 3782 3283 ἱνα
3840 3241 3976 3304 areis:

2366 3315 2450 3362 τόν
2505 3316 2721 3383 κόσμον,
2787 3311 2893 3363 ἀλλ’
2959 3316 3040 3365 ἱνα
3101 3318 3241 3388 σωθῇ
3301 3316 3326 3369 ὁ
3382 3325 3583 3389 κόσμος
3660 3321 3745 3372 δι’
3806 3324 3974 3373 aiter

2364 3406 2452 3451 καὶ
2518 3399 2773 3472 ἀνάγνωθι
2826 3401 2978 3453 πάλιν
3037 3408 3129 3462 τὴν
3192 3403 3296 3458 ἐκεῖ
3363 3408 3619 3480 ῥηθεῖσαν
3703 3411 3976 3482 ἐξήγησιν.

2360 3488 2470 3541 Ἰνα
2528 3487 2585 3541 δε
2615 3497 2684 3561 μὴ
2721 3496 2806 3542 καὶ
2845 3487 2997 3553 αὖθις
3038 3497 3248 3546 είπωσιν
3302 3496 3382 3547 ὄτι
3436 3501 3526 3547 Διά
3573 3507 3742 3551 τοῦτο
3799 3501 3976 3572 λέγεις.

2361 3579 2436 3628 0-)
2494 3585 2672 3650 κρίνω,
2727 3582 2795 3640 ὡς
2869 3586 2941 3652 μὴ
3025 3581 3222 3656 Θαῤῥῶν
3274 3593 3587 3658 κατακρίναι
3648 3590 3824 3659 ἡμᾶς,
3883 3591 3978 3642 ἐπι-

2359 3672 2513 3738 φέρεν

2433 3762 2530 3808 Καὶ
2554 3756 2636 3808 ἐὰν
2674 3790 2724 3798 -
2755 3757 2916 3812 ἔστιν.
2939 3791 3001 3799 -
3022 3760 3243 3822 ’Δληθής
3265 3760 3423 3825 ἐστιν,
3447 3767 3565 3821 ἤτοι
3588 3765 3745 3837 ὀρθὰ,
3767 3765 3974 3823 δικαία.

2357 3845 2459 3900 Καὶ
2485 3846 2662 3898 λοιπὸν
2689 3846 2887 3908 ἀληθῶς
2916 3854 3206 3922 κατακρίνω
3232 3852 3386 3923 ὑμᾶς.
3425 3848 3549 3905 Εἶτα
3577 3853 3719 3924 λέγει
3749 3863 3841 3908 καὶ
3877 3869 3978 3919 .-.-;.;

2355 3932 2552 3996 ἀληθής
2593 3935 2730 3987 ἐστιν
2763 3938 2791 3994 ἡ
2827 3942 2998 4009 κρίσις
3029 3939 3209 3994 αὐτοῦ.

2421 4023 2538 4076 Ὀτι
2591 4058 2642 4065 -
2698 4031 2892 4098 Πατήρ.
2933 4026 3053 4079 ’Ὁτι
3104 4033 3259 4100 μόνος
3315 4029 3407 4080 οὐκ
3458 4031 3564 4103 εἱμὶ
3606 4038 3834 4105 κρίνων,
3871 4037 3976 4088 5111’

2352 4112 2450 4184 ἐγώ
2491 4119 2576 4166 καὶ
2630 4116 2655 4166 ό
2708 4121 2906 4189 Πατήρ·
2953 4120 3102 4169 κοινὰ
3148 4121 3248 4193 γὰρ
3280 4120 3404 4190 ἡμῖν
3433 4122 3602 4173 πάντα
3631 4139 3642 4150 ⁸
3704 4133 3800 4176 καὶ
3845 4125 3972 4190 ἐπεὶ,

2352 4207 2472 4276 ὅπερ
2523 4203 2622 4274 ἐγὼ
2667 4210 2846 4279 κρίνω,
2896 4213 3049 4258 τοῦτο
3101 4213 3190 4258 καὶ
3235 4209 3259 4258 ὁ
3292 4211 3491 4283 Πατάρ·
3535 4210 3586 4262 ἓν
3634 4216 3747 4284 γὰρ
3802 4214 3971 4288 ἀμφι).

2350 4298 2532 4365 τίροις,
2568 4298 2635 4356 ως
2664 4299 2988 4367 προείρηται,
3026 4296 3240 4368 θέλημαο
3275 4303 3365 4349 καὶ
3413 4300 3437 4349 ό
3481 4305 3663 4374 Πατήρ
3717 4305 3830 4376 ἄρα
3866 4309 3967 4376 (3η

2349 4391 2645 4455 κατακρινεί
2693 4385 2842 4454 ὑμᾶς,
2892 4382 3242 4447 ἀπιστοῦντας
3290 4395 3360 4456 τῷ
3415 4385 3799 4463 ἀπεσταλμένῳ
3849 4397 3967 4468 παρ’

2351 4472 2508 4523 αὑτοῦ
2543 4476 2644 4541 Υὶῷ
2670 4472 2850 4526 αὑτοῦ.

2423 4567 2520 4614 Καὶ
2546 4592 2606 4600 -—
2645 4559 2776 4614 ἐστι.
2823 4593 2880 4602 -ο
2910 4568 2994 4632 Τῷ
3034 4563 3283 4636 ὑμετέρῳ,
3324 4565 3395 4625 ὡς
3431 4565 3582 4618 αὐτοὶ
3616 4565 3958 4641 βρηθύεσῦε·

2349 4652 2640 4723 παράνομον
2702 4654 2803 4721 γὰρ
2854 4649 2939 4721 ἔμε
2991 4650 3176 4722 λέγετε.
3231 4652 3290 4705 Εἰ
3347 4649 3407 4704 δὲ
3453 4650 3551 4706 δύο
3605 4654 3955 4732 ἀνθρωποδνὲ

2342 4745 2611 4812 μαρτυρία
2658 4739 2875 4801 ἀληθης,
2933 4743 2990 4792 τὸ
3046 4741 3271 4793 ἐντεῦθεν
3330 4741 3478 4794 αὐτοὶ
3536 4744 3952 4819 συὶλογίσασεε.

2343 4832 2420 4882 ὅτι
2449 4829 2614 4898 πολλῷ
2645 4827 2833 4900 μᾶλλον
2876 4824 2972 4880 δύο
3002 4835 3187 4902 κρίτὼν
3216 4832 3242 4888 ἡ
3276 4835 3449 4902 κρίσις
3470 4829 3694 4901 ἀληθὲς,
3731 4845 3829 4891 καὶ
3856 4848 3952 4892 τῦτε

2340 4919 2456 4990 (32)
2508 4920 2775 4972 τοιούτων.
2820 4923 3237 4991 Συνεσκιασμένα
3287 4915 3346 4971 δι
3399 4923 3466 4972 τὰ
3495 4930 3728 4978 τοιαῦτα
3779 4929 3930 4982 πολλα

2232 5124 2276 5160 ⁸¹
2310 5123 2482 5194 Joan,
2518 5140 2592 5190 ιιι,
2628 5125 2711 5178 17.

1777 5328 1999 5399 Variae
2036 5329 2361 5397 lectiones
2401 5338 2467 5396 et
2501 5337 2706 5395 notas.

639 5559 754 5636 (ῃ)
786 5557 868 5636 De
904 5556 1132 5636 quibus
1150 5571 1335 5636 supra
1355 5570 1458 5636 _vu,
1499 5557 1589 5626 40,
1640 5556 1728 5610 41.

639 5628 750 5703 (28)
801 5628 1033 5703 inclusa
1079 5628 1297 5685 absunt
1337 5630 1402 5682 A.

642 5700 753 5784 (29)
786 5706 918 5782 Πρὸς
957 5700 1132 5754 αὐτόν.

2400 5550 2512 5622 (30)
2539 5545 2778 5621 ﬁmum,
2810 5548 3038 5606 omisso
3069 5546 3148 5616 δὴ,
3190 5555 3253 5607 Α.

2398 5626 2513 5695 (31)
2545 5626 2856 5695 Κατακρίνει
2882 5626 2945 5676 Λ.

2399 5627 2479 5694 (31
2548 5626 2856 5695 Κατακρίνει
2882 5626 2945 5676 Λ.

2399 5625 2514 5768 (32;
2541 5694 2709 5752 Forte
2738 5698 3035 5749 καὶταῦτα.
