4098 6424
183 358 325 428 1285

1108 342 1472 419 domum.
1520 358 1584 416 [Ν
1622 338 1976 415 JOANNEM.
2013 388 2083 398 —
2121 352 2279 412 CAP.
2322 334 2473 412 v‘m.

3414 354 3552 415 1286

185 502 292 568 χοῦ
320 493 454 566 λέγει
484 490 580 547 διὰ
604 495 696 552 τὴν
729 489 993 543 ἀσθένειαν
1025 488 1213 552 αὐτῶν,
1247 490 1329 540 ἱνα
1358 486 1565 547 ἐκείνοις
1589 487 1678 559 μὲν
1705 487 1782 543 εἴη

1916 484 2098 551 [uitur
2126 483 2370 554 propter
2408 495 2612 536 eorum
2661 479 3146 546 imbecillitatem,
3183 486 3248 538 ut
3286 481 3401 539 illis
3424 484 3554 556 qui-

188 584 494 655 ἀσυμφανῆ,
525 588 635 644 τοῖς
666 576 1046 654 δυνατωτέροις
1091 575 1147 630 δε
1196 583 1527 650 Χριστιανοῖς
1567 578 1786 648 ἐμφανῇ.

188 677 284 727 Eni
338 674 542 724 πάντων
586 666 673 722 οὖν
723 676 822 722 τῶν
878 669 1123 721 τοιούτων
1180 669 1374 723 ταύτην
1422 669 1647 737 γίνωσκε
1694 668 1789 722 τὴν

188 762 380 815 αἰτίαν.

263 851 392 922 Ἐγὼ
441 879 507 889 -
560 846 806 921 ἔμαυτοῦ.
856 845 1015 899 Πάλιν
1058 849 1189 919 πρὸς
1229 849 1286 897 τὸ
1321 862 1332 873 ·
1364 848 1429 896 Σύ
1473 846 1593 916 περὶ
1640 860 1789 894 σεαυ-

186 946 278 992 τοῦ
309 945 606 1012 μαρτυρεῖς,
649 942 876 989 ποιεῖται
920 938 1007 987 τὸν
1048 933 1219 1006 λόγον,
1276 934 1407 1005 Ἐγὼ
1438 931 1564 1004 εἰμι,
1605 930 1784 1002 λέγων,

189 1030 214 1081 6
258 1035 533 1101 μαρτυρῶν
585 1030 704 1101 περὶ
750 1024 995 1097 ἐμαυτοῦ,
1048 1023 1091 1076 εἰ
1143 1028 1233 1076 καὶ
1285 1019 1462 1083 οὐδεὶς
1536 1027 1791 1094 μαρτυρεῖ

188 1121 309 1192 περὶ
358 1115 580 1168 ἑαυτοῦ*
615 1115 712 1187 ἐγὼ
758 1116 848 1185 μὲν
898 1115 1000 1185 γὰρ
1054 1114 1124 1174 ὡς
1185 1115 1333 1181 Θεὸς,
1384 1106 1555 1170 οὐδεὶς
1619 1104 1677 1161 δὲ
1726 1110 1789 1168 ὡς

191 1208 483 1279 ἄνθρωπος.

264 1387 365 1436 Καὶ
401 1414 465 1423 -
507 1386 710 1454 Πατήρ.
756 1380 817 1432 Εἰ
846 1384 918 1453 μὴ
964 1377 1062 1452 ἐγὼ
1112 1375 1252 1432 δοκῶ
1295 1380 1415 1451 ὑμῖν
1467 1377 1788 1440 ἀξιόπιστος.

188 1477 458 1547 Μαρτυρεῖ
505 1474 606 1544 γὰρ
663 1466 757 1522 διὰ
807 1489 899 1523 του
960 1469 1227 1543 προφὴτου
1286 1470 1461 1539 λέγων·
1523 1463 1665 1519 Ἰδού
1713 1469 1788 1517 τέ-

190 1562 337 1613 θεικά
385 1579 441 1613 σε
489 1560 560 1621 εἰς
594 1567 699 1632 φὼς
724 1558 896 1622 ἐθνῶν,
938 1559 1123 1630 [ἤγουν
1165 1558 1275 1630 (33)
1316 1556 1388 1618 εἰς
1416 1559 1472 1609 τὸ
1521 1553 1647 1608 εἶναι
1688 1562 1790 1627 φῶς

188 1647 390 1722 ἐθνῶν.]
442 1654 756 1723 Προείρηται
799 1645 858 1701 δὲ
905 1652 995 1699 καὶ
1047 1645 1095 1698 ἕν
1145 1654 1215 1718 τῷ
1268 1643 1476 1718 ἑϐδόμῳ
1532 1643 1790 1717 κεφαλαίῳ

186 1746 295 1800 πῶς
335 1740 361 1790 6
409 1742 585 1810 Πατὴρ
618 1743 873 1811 μαρτυρεῖ
918 1742 1035 1810 περὶ
1087 1736 1265 1806 αὐτοῦ,
1324 1736 1444 1788 ἔνθα
1492 1742 1660 1787 κεῖται
1709 1736 1787 1798 τὸ,

1898 570 2036 627 dem
2062 568 2298 626 occulta
2315 568 2898 633 sint,robustioribus
2920 586 3054 626 vero
3075 569 3416 627 Christianis
3431 588 3556 628 ma-

1895 658 2131 715 nifesta.
2164 661 2225 712 In
2258 656 2541 713 omnibus
2569 672 2712 728 ergo
2760 658 3056 715 similibus
3106 675 3351 719 causam
3400 661 3557 719 hanc

1897 747 2230 818 agnoscito.

1970 836 2135 893 Vers.
2173 840 2255 892 18.
2282 836 2410 906 Ego
2436 866 2501 877 —
2522 835 2762 906 meipso,
2791 839 3047 895 Rursum
3073 839 3151 897 ad
3175 840 3248 907 id,
3280 842 3445 915 quod
3471 843 3563 900 di-

1896 933 2142 983 xerant:
2182 926 2268 983 Tu
2307 924 2695 981 testimonium
2744 927 3018 995 perhibes
3070 930 3143 985 de
3171 932 3355 1001 teipso
3397 933 3560 990 hunc

1896 1015 2037 1071 facit
2064 1030 2402 1071 sermonem
2445 1014 2652 1070 dicens
2710 1016 2881 1087 :Ego
2920 1018 3308 1076 testimonium
3361 1024 3562 1092 perhi-

1900 1106 1999 1163 beo
2024 1105 2092 1161 de
2120 1106 2352 1175 meipso.
2383 1104 2618 1161 etiamsi
2660 1121 2837 1163 nemo
2881 1107 3189 1177 perhibeat
3217 1109 3292 1166 de
3320 1111 3519 1185 seipso
3540 1133 3558 1186 ;

1897 1208 2010 1263 ego
2037 1194 2335 1266 siquidem
2351 1196 2643 1265 tanquam
2660 1193 2837 1261 Deus,
2854 1211 3033 1252 nemo
3052 1203 3252 1255 autem
3273 1204 3561 1274 tanquam

1898 1284 2104 1340 homo.

1968 1373 2131 1428 Vers.
2164 1375 2248 1428 18.
2284 1373 2359 1428 Et
2386 1404 2455 1412 —
2484 1373 2688 1430 Pater.
2720 1373 2775 1431 Si
2828 1390 2938 1447 ego
3000 1376 3170 1434 vobis
3196 1377 3316 1435 ﬁde
3347 1380 3563 1451 dignus

1899 1476 2022 1517 non
2067 1461 2297 1520 videor.
2348 1460 2478 1518 Fert
2509 1467 2710 1518 autem
2753 1465 3157 1522 testimonium
3204 1467 3412 1525 dicens
3458 1486 3565 1543 per

1901 1549 2254 1621 prophetam
2285 1550 2505 1605 :Posui
2540 1557 2594 1607 te
2622 1549 2686 1607 in
2733 1552 2920 1608 lucem
2951 1554 3220 1623 gentium
3243 1558 3312 1622 ⁵³,
3360 1557 3484 1614 sive
3505 1563 3566 1616 ut

1898 1638 2001 1695 lux
2032 1640 2112 1695 sis
2159 1639 2444 1712 gentium.
2502 1639 2856 1696 Praedictum
2910 1648 2996 1698 est
3051 1652 3253 1701 autem
3312 1646 3565 1720 septimo

1900 1727 2078 1784 etiam
2107 1726 2318 1800 capite,
2341 1729 2650 1801 quomodo
2668 1728 2839 1786 Pater
2863 1729 2936 1786 de
2954 1730 3088 1804 ipso
3120 1732 3266 1790 ferat
3296 1736 3562 1794 testimo-

191 1830 286 1879 Καὶ
330 1828 354 1879 6
381 1825 592 1899 πέμψας
615 1845 678 1899 με
710 1830 886 1899 Πατὴρ
921 1825 1057 1898 (34),
1091 1825 1247 1887 αὐτὸς
1280 1826 1647 1900 μεμαρτύρηκε
1675 1842 1790 1898 περι

1916 1817 2094 1887 nium,
2122 1817 2223 1872 ubi
2257 1817 2510 1873 dicitur:
2564 1819 2641 1874 Et
2697 1818 2796 1890 qui
2849 1821 3009 1877 misit
3060 1838 3147 1878 me
3203 1825 3411 1892 Pater,
3441 1827 3569 1897 ipse

190 1913 337 1988 ἐμοῦ.

259 2002 464 2076 Ἔλεγον
488 2035 553 2044 -
577 2011 671 2057 σοῦ
698 2023 711 2069 ;
738 2002 942 2077 Ἔλεγον
962 2011 1112 2055 τοῦτο
1133 2006 1569 2078 προσποιούμενοι
1590 2000 1789 2075 ἀγνοεῖν

190 2096 308 2145 τίνα
333 2092 469 2164 λέγει
495 2096 721 2169 Πατέρα,
749 2097 839 2146 καὶ
868 2093 1217 2168 πειράζοντες.

265 2270 543 2344 Ἀπεκρίθη
642 2302 712 2310 -
792 2290 914 2342 μου.
1005 2269 1111 2343 [Ὦς
1189 2271 1302 2343 (35)
1378 2272 1787 2346 προσποιεισθιο

188 2366 251 2431 τῇ
301 2357 513 2432 ἀληθείᾳ
538 2361 639 2435 γὰρ
693 2355 892 2425 οἴδατε,
926 2361 1096 2421 καθὼς
1137 2365 1227 2412 καὶ
1275 2359 1509 2434 ἀνωτέρω
1554 2357 1791 2419 δεδήλω-

191 2467 296 2503 ται.
347 2447 415 2500 Ἠ
464 2456 618 2501 τοῦτο
673 2444 802 2515 εἶπε,
859 2444 996 2501 διότι
1062 2456 1464 2522 προσεποιοῦντο
1517 2469 1791 2521 γινωσκειν

186 2536 345 2589 αὐτὸν
397 2540 507 2588 υἱὸν
558 2545 650 2590 τοῦ
690 2537 906 2611 Ἰωσὴφ,
940 2538 1096 2610 λέγων
1131 2556 1142 2568 ’
1179 2538 1238 2592 Εἰ
1280 2539 1444 2600 ούτως
1483 2535 1680 2604 οῖδατε,
1722 2544 1791 2601 ὡς

188 2628 582 2701 προσποιεῖσθε,
626 2626 760 2679 Ούτε
797 2626 885 2699 ἐμὲ
938 2624 1117 2680 οἴδατε
1140 2645 1152 2657 ·
1186 2627 1245 2680 ού
1275 2630 1373 2702 γαρ
1416 2629 1511 2699 ἐγώ
1542 2630 1652 2691 υἱὸς
1699 2637 1790 2681 τοῦ

188 2715 384 2787 Ἰωσήφ
416 2732 427 2744 ·
462 2716 578 2768 οὔτε
613 2718 698 2767 τὸν
730 2720 936 2792 Πατέρα
963 2735 1064 2789 μου
1091 2736 1103 2748 ”
1135 2717 1247 2789 (36)
1293 2716 1352 2769 ού
1390 2721 1491 2793 γὰρ
1537 2718 1563 2769 6
1596 2719 1789 2790 Ἰωσὴφ

184 2807 360 2878 πατήρ
393 2823 513 2876 μου.

257 2893 319 2946 Εἰ
347 2924 416 2932 -
442 2890 620 2966 ᾔδειτε
647 2894 736 2951 οἶν.
783 2901 924 2957 Μιᾶς
964 2896 1063 2968 γὰρ
1113 2893 1393 2969 ἀμφότεροι
1435 2898 1655 2967 φύσεως.
1696 2900 1791 2949 Καὶ

189 2981 239 3033 ἐν
278 2989 348 3050 τῷ
396 2979 748 3054 ἑκκαιδεκάτῳ
804 2980 862 3035 δε
909 2983 1167 3055 κεφαλαίῳ
1221 2988 1348 3059 πρὸς
1410 2988 1497 3036 τὸν
1541 2984 1790 3038 Φίλιππον

189 3072 389 3142 εἴρηκεν
423 3089 434 3101 ο
511 3069 570 3122 Ὀ
628 3070 867 3143 ἑωρακὼς
934 3070 1040 3143 ἐμὲ,
1130 3072 1321 3146 ἑώρακε
1399 3076 1485 3126 τὸν
1569 3080 1789 3146 Πατέρα,

1901 1907 2297 1963 testimonium
2345 1907 2641 1977 perhibuit
2674 1908 2740 1965 de
2772 1924 2862 1966 me
2891 1910 2960 1965 ⁵³.

1972 1997 2131 2052 Vers.
2183 1995 2268 2053 19.
2300 1996 2599 2053 Dixerunt
2646 2029 2715 2037 —
2742 2004 2878 2054 tuus
2920 1998 2949 2054 ‘I
2978 2000 3264 2060 Dicebant
3312 2005 3428 2063 hoc
3452 2006 3565 2064 ﬁn-

1901 2089 2127 2156 gentes,
2161 2102 2226 2142 se
2273 2085 2551 2156 ignorare
2592 2103 2920 2160 quemnam
2961 2089 3179 2149 diceret
3212 2097 3463 2164 Patrem,
3493 2113 3564 2154 ac

1901 2179 2215 2232 tentantes.

1972 2265 2117 2320 Vers
2175 2267 2255 2320 l9.
2291 2265 2616 2335 Respondit
2663 2297 2733 2308 —
2775 2283 2984 2326 meum.
3042 2270 3563 2337 Quemadmodum

1902 2352 2225 2408 simulatis:
2257 2368 2401 2409 nam
2449 2353 2507 2409 in
2541 2354 2784 2411 veritate
2814 2358 3020 2424 nostis,
3045 2363 3563 2432 quemadmodum

1902 2441 2181 2513 superius
2212 2446 2520 2497 ostensum
2570 2449 2676 2498 est.
2734 2445 2848 2501 Aut
2875 2444 2988 2502 hoc
3013 2447 3181 2516 dixit,
3210 2451 3352 2523 quia
3384 2453 3566 2508 simu-

1898 2528 2107 2585 labant
2134 2545 2195 2584 se
2214 2531 2361 2585 scire
2387 2530 2553 2601 quod
2576 2531 2731 2587 ﬁlius
2758 2540 2912 2590 esset
2939 2536 3179 2609 Joseph.
3214 2539 3356 2597 Dicit
3381 2557 3562 2612 ergo:

1903 2618 1960 2675 Si
1992 2634 2086 2674 me
2117 2617 2200 2674 ita
2225 2619 2606 2689 cognoscitis,
2638 2625 2702 2677 ut
2729 2622 2973 2693 ﬁngitis,
3014 2640 3198 2697 neque
3226 2644 3315 2685 mc
3330 2635 3514 2686 nostis
3547 2648 3561 2698 ;

1899 2722 2021 2762 non
2043 2723 2176 2762 sum
2203 2708 2360 2763 enim
2382 2708 2534 2764 ﬁlius
2551 2709 2773 2783 Joseph
2804 2731 2817 2770 :
2841 2728 3037 2785 neque
3071 2718 3294 2773 Patrem
3330 2735 3522 2776 meum
3549 2739 3562 2790 ;

1900 2812 2046 2853 nam
2079 2797 2301 2869 Joseph
2334 2814 2455 2853 non
2482 2804 2571 2854 est
2597 2798 2770 2856 Pater
2803 2818 2992 2858 meus.

1975 2888 2131 2942 Vers.
2171 2890 2250 2943 l9.
2284 2885 2354 2943 Si
2381 2918 2451 2929 —
2481 2887 2681 2960 utique
2726 2893 3160 2961 cognovisselis.
3197 2899 3342 2954 Nam
3392 2900 3564 2956 unius

1902 2991 2113 3031 sumus
2144 2975 2327 3031 ambo
2352 2982 2596 3033 naturae.
2625 2980 2688 3033 ln
2715 2978 2951 3037 decimo
2980 2990 3142 3038 sexto
3169 2986 3348 3042 etiam
3372 2996 3566 3061 capite

1902 3063 2047 3118 dixit
2072 3065 2147 3119 ad
2162 3063 2496 3136 Philippum
2514 3083 2526 3120 :
2546 3066 2659 3133 Qui
2683 3068 2831 3123 vidit
2848 3085 2960 3136 me,
2993 3074 3133 3128 vidit
3152 3082 3203 3129 et
3226 3077 3464 3134 Patrem
3494 3081 3563 3146 ⁸⁸,

190 3161 350 3228 ἤγουν
382 3159 407 3209 6
453 3164 723 3223 νενοηκὼς,
772 3161 797 3211 ὁ
839 3162 1010 3231 γνούς.
1063 3158 1287 3218 Εῖδησιν
1327 3165 1427 3234 γάρ
1481 3167 1570 3214 καὶ
1609 3164 1790 3237 ὅρασιν

1916 3152 2031 3206 sive
2083 3154 2380 3224 cognovit,
2412 3154 2714 3210 intellexit.
2761 3160 2909 3213 Nam
2949 3160 3241 3218 visionem
3272 3170 3327 3219 et
3364 3169 3564 3239 cogni-

190 3245 284 3297 ούκ
327 3246 585 3304 αἰσῐητήν
621 3266 797 3319 φησιν,
833 3245 960 3299 ἀλλὰ
988 3253 1196 3306 νοητήν.
1227 3247 1366 3302 Ἐπεὶ
1398 3246 1457 3302 δε
1503 3248 1589 3322 ἐμὲ
1632 3270 1792 3322 προσ-

189 3336 424 3387 ποιεῖσθε
469 3338 541 3406 μὴ
589 3331 802 3404 εἰδέναι,
849 3334 1141 3398 ἀκολούθως
1183 3343 1273 3390 καὶ
1321 3341 1406 3390 τὸν
1453 3343 1656 3413 Πατέρα
1691 3359 1792 3412 μου

190 3424 562 3498 προσποιεῖσθε
581 3428 654 3494 μὴ
689 3421 901 3477 εἰδέναι.

259 3519 438 3564 Ταῦτα
480 3542 549 3553 -
592 3512 983 3585 γαζοφυλακίῳ.
1025 3521 1203 3567 Ταῦτα
1248 3518 1313 3568 τὰ
1342 3515 1790 3591 παῤῥησιαστικά.

192 3606 571 3673 Επεσημηνατο
608 3605 709 3675 γάρ
740 3605 827 3654 τὸν
858 3607 1034 3670 τόπον,
1069 3601 1317 3657 δεικνύων
1356 3610 1449 3664 τὴν
1492 3605 1792 3681 παῤῥησίαν

190 3696 281 3743 τοῦ
310 3687 344 3742 δ
350 3687 406 3742 ιδ
409 3688 659 3745 ασκάλου.
686 3691 1076 3764 Γαζοφυλάκιον
1098 3689 1133 3746 δ
1136 3698 1178 3758 ξ,
1200 3697 1259 3747 τὸ
1283 3694 1790 3768 θησαυροφυλάκιον,

190 3783 307 3852 περὶ
337 3779 397 3831 οὗ
427 3779 745 3853 πλατύτερον
789 3778 838 3832 ἐν
881 3789 954 3852 τῷ
983 3792 1392 3856 τεσσαρακοστῷ
1422 3791 1610 3859 πρώτῳ
1640 3805 1793 3860 κεφαο

189 3866 319 3940 λαίῳ
351 3875 440 3921 τοῦ
471 3870 602 3921 κατά
622 3870 836 3942 Μάρκον
863 3869 1161 3946 εἰρήκαμεν.

262 4041 537 4098 Διδάσκων
567 4044 616 4098 ἒν
641 4054 710 4116 τῷ
743 4048 882 4121 ἱερῷ.
907 4054 1146 4123 Δημοσὶᾳ
1171 4068 1183 4081 ·
1213 4048 1261 4103 ἐν
1291 4054 1457 4125 τούτῳ
1487 4054 1587 4128 γὰρ
1621 4049 1681 4112 ἧν
1702 4059 1791 4107 καὶ

189 4138 248 4187 τὸ
277 4134 684 4208 γαζοφυλάκιον.

265 4228 363 4277 Καὶ
390 4254 458 4269 --
486 4225 660 4283 αὐτόν.
696 4229 845 4279 Οὕτω
875 4226 1382 4303 παρρησιαζόμενον.

261 4398 381 4452 Ὀτι
413 4433 479 4442 -—
525 4402 705 4458 αὐτοῦ.
738 4403 794 4457 Ἡ
847 4413 938 4458 τού
984 4405 1338 4479 συλληφθῆναι
1393 4414 1482 4461 καὶ
1519 4409 1792 4486 ἀναιρεθῆ-

191 4508 275 4540 ναι
314 4489 484 4544 αὐτόν.
531 4489 678 4545 Ἐδει
705 4496 807 4569 γὰρ
850 4503 1030 4548 τοῦτον
1073 4498 1147 4548 ἔτι
1195 4499 1662 4573 θαυματουργῆσαι
1702 4508 1791 4556 καὶ

194 4572 412 4640 διδάξαι
443 4583 525 4630 καὶ
550 4581 767 4644 πολλοὺς
798 4583 869 4645 εἰς
911 4588 1087 4635 πίστιν
1137 4583 1557 4656 ἐπισπάσασθαι,
1587 4592 1652 4651 ὡς
1702 4597 1791 4645 καὶ

192 4666 446 4741 προλαϐον
460 4687 529 4731 τες
552 4669 846 4744 εἰρήκαμεν.
882 4678 1117 4743 Συνεχώς
1141 4669 1175 4725 δ
1179 4677 1199 4725 ε
1225 4682 1376 4728 τούτο
1398 4674 1552 4747 λέγει,
1587 4675 1621 4730 δ
1626 4684 1793 4743 εικνύς

191 4756 272 4808 ὅτι
321 4756 568 4820 πολλάκις
635 4757 1064 4831 ἐπιχειρήσαντες
1131 4761 1224 4814 ούκ
1272 4760 1638 4837 ἠδυνήθησαν,
1705 4773 1795 4822 καὶ

191 4846 271 4897 ὅτι
298 4842 417 4898 οὐδ’
440 4846 657 4923 ὕστερον
685 4849 975 4921 ἐκράτησαν
1000 4850 1062 4902 ἄν
1088 4850 1264 4922 αὐτὸν,
1297 4852 1340 4905 εἰ
1371 4858 1444 4927 μὴ
1478 4854 1589 4927 (37)
1636 4856 1793 4920 αύτός

192 4933 347 4994 ὴθέλη
356 4954 460 4988 σεν.

266 5184 313 5219 ⁸²
347 5184 461 5241 lsa.
496 5201 650 5258 χιιι,
676 5186 728 5243 6.
806 5187 853 5225 ⁵³
880 5189 1051 5257 Joan,
1089 5206 1147 5257 v,
1184 5191 1272 5247 37.

1352 5194 1400 5230 “
1424 5195 1593 5252 Joan.
1624 5211 1743 5270 xw,
1777 5200 1828 5253 9.

1904 3240 2282 3297 tionemdicit
2302 3258 2422 3297 non
2444 3243 2803 3311 sensibilem,
2834 3246 2939 3301 sed
2966 3249 3419 3321 intelligibilem.
3449 3258 3565 3314 Sed

1902 3328 2046 3400 quia
2061 3345 2154 3384 me
2167 3345 2289 3385 non
2303 3346 2472 3386 nosse
2502 3346 2608 3387 vos
2639 3331 2952 3401 simulatis,
2977 3352 3357 3411 consequens
3386 3345 3564 3403 etiam

1904 3422 1992 3473 est
2022 3424 2084 3473 ut
2108 3423 2163 3475 et
2193 3419 2426 3475 Patrem
2464 3436 2665 3476 meum
2696 3437 2804 3478 vos
2836 3439 2958 3480 non
2990 3441 3165 3482 nosse
3195 3429 3455 3500 ﬁngatis.

1974 3507 2135 3563 Vers.
2167 3506 2255 3562 20.
2304 3508 2451 3565 Han:
2479 3540 2548 3549 —
2591 3512 3026 3583 gazophylacio.
3054 3515 3187 3574 Haec
3213 3519 3397 3577 verba
3415 3522 3563 3581 libe-

1901 3610 1966 3651 re
1994 3595 2176 3652 dicta.
2237 3597 2605 3668 Signiﬁcavit
2665 3606 2866 3658 autem
2925 3601 3148 3671 locum,
3240 3611 3564 3669 ostendens

1902 3684 2139 3774 dicendi
2222 3685 2557 3745 libertatem
2641 3689 2829 3763 ipsius
2893 3692 3178 3751 doctoris.
3259 3698 3566 3774 Gazophy-

1900 3773 2123 3831 lacium
2148 3791 2285 3832 vero
2333 3775 2595 3834 thesauri
2644 3781 3065 3852 repositorium
3112 3792 3257 3859 erat,
3308 3791 3385 3847 de
3423 3773 3563 3864 quo

1900 3864 2078 3921 latius
2095 3864 2357 3923 diximus
2384 3867 2853 3940 quadragesimo
2880 3874 3078 3946 primo
3100 3877 3272 3949 juxta
3302 3882 3566 3941 Marcum

1903 3955 2111 4027 capite.

1974 4043 2247 4100 Vers.?O.
2300 4045 2519 4104 Docens
2580 4049 2645 4106 in
2704 4054 2940 4122 templo.
2988 4054 3228 4114 Publice
3285 4076 3481 4125 ;uam
3503 4063 3565 4120 in

1901 4134 2124 4206 templo
2154 4133 2334 4191 etiam
2374 4143 2499 4193 erat
2531 4140 3051 4213 gazophylacium.

1972 4224 2134 4278 Vers.
2186 4227 2275 4278 20.
2322 4226 2398 4280 Et
2428 4256 2494 4267 -
2544 4242 2699 4286 eum.
2755 4229 2903 4285 Cum
2959 4232 3042 4290 ita
3065 4232 3247 4292 libere
3293 4236 3565 4311 loquere-

1900 4314 2015 4367 tur.

1974 4397 2136 4455 Vers.
2286 4399 2431 4467 Quia
2460 4432 2529 4442 —
2556 4405 2702 4472 ejus.
2735 4406 2865 4473 Qua
2885 4412 3315 4483 comprehendi
3346 4420 3403 4473 et
3428 4419 3561 4491 capi

1903 4492 2122 4580 posset.
2156 4489 2367 4580 adhuc
2395 4491 2556 4548 enim
2586 4494 2901 4565 oportebat
2925 4513 3064 4555 eum
3100 4502 3386 4562 miracula
3430 4489 3564 4580 ope-

1903 4576 2017 4632 rari
2047 4593 2116 4634 ac
2146 4577 2382 4644 docere,
2417 4580 2757 4657 multosque
2801 4586 2880 4642 ad
2918 4586 3103 4644 ﬁdem
3134 4594 3447 4662 attrahere,
3471 4576 3562 4653 si-

1903 4671 2003 4722 cut
2059 4666 2121 4744 ig
2164 4669 2640 4739 praecedentibus
2696 4673 2977 4732 diximus.
3024 4677 3310 4740 Continuo
3367 4692 3558 4744 autem

1903 4755 2020 4811 hoc
2050 4734 2211 4823 dicit,
2259 4760 2580 4816 ostendens
2603 4762 2771 4834 quod
2800 4734 3563 4840 frequentervid—teniafn'te—s

1902 4857 2025 4934 non
2097 4849 2440 4917 potuerunt,
2491 4854 2549 4906 et
2599 4852 2765 4924 quod
2815 4869 3130 4929 nunquam
3201 4864 3563 4934 potentiores

1897 4931 1976 5076 18d
2015 4947 2154 4991 eum
2184 4936 2765 5009 apprehendendum
2812 4941 3092 5015 fuissent,
3141 4931 3257 5008 nisi
3294 4950 3425 5025 ipse
3459 4968 3558 5012 vo-

1924 5019 2123 5079 uisset.

1924 5037 2123 5079 ωεεθι.

1407 5372 1622 5443 Varias
1640 5374 1978 5448 lectiones
2020 5390 2086 5448 et
2114 5392 2315 5453 notae.

259 5559 376 5629 (33)
417 5559 648 5618 Inclusa
675 5562 1021 5623 exciderunt
1040 5567 1107 5622 A.

260 5632 372 5703 (34)
412 5632 578 5697 Αὐτός
606 5634 822 5693 omittit
846 5634 907 5694 B.

256 5703 374 5779 (35)
415 5704 645 5764 Inclusa
667 5705 889 5765 absunt
908 5709 976 5766 Α.

1965 5578 2081 5724 ξῖἰϐζ
2111 5578 2427 5663 Μουνῇδειτε
2464 5582 2545 5668 ἂν,
2579 5588 2799 5646 caeteris
2820 5590 3067 5651 omissis
3093 5594 3162 5653 A.

1989 5651 2053 5707 37
2108 5657 2209 5707 Καί
2238 5658 2562 5724 interponit
2589 5661 2661 5719 A.

1989 5651 2081 5724 37)
2108 5657 2209 5707 Καί
2238 5651 2562 5731 interponit
2589 5661 2661 5719 A.
