4098 6426
600 368 735 432 128⁸2

1933 370 2274 440 EUTHYMII
2317 366 2635 441 210mm

3850 374 4002 440 £288

679 501 837 556 Vers.
866 505 955 556 2t.
997 501 1166 559 Dixit
1201 532 1261 544 —
1295 505 1462 561 vado.
1489 508 1748 564 Transeo
1783 524 1819 564 a
1848 514 2081 566 terrena
2113 510 2245 566 vita.

2441 508 2589 566 Εἶπεν
2654 544 2707 556 -
2763 514 2964 585 ὑπάγω.
3029 510 3331 571 Πεταϐαἱνω
3388 509 3489 565 ἀπὸ
3569 519 3672 575 τῆς
3747 509 4001 581 ἐπιγείου

671 591 828 646 Vers.
860 592 950 645 21.
995 592 1072 646 Et
1118 595 1373 664 quaeritis
1411 612 1517 652 me.
1570 598 1756 654 Etiam
1811 600 2087 672 superius
2139 600 2254 657 hoc

597 677 761 746 dixit,
794 684 851 736 et
873 678 955 735 ibi
984 680 1352 739 declaratum
1397 692 1509 743 est.

667 857 829 913 Vers.
858 862 946 916 2t.
972 859 1037 915 Et
1065 889 1135 901 —
1186 862 1538 920 moriemini.
1576 866 1695 936 Ego
1729 867 1882 935 veni,
1937 869 1998 923 ut
2049 883 2156 924 vos
2188 867 2253 922 li-

594 946 871 1004 berarem
903 947 981 1004 ab
1028 950 1195 1005 omni
1239 956 1485 1023 peccato
1523 961 1723 1011 vestro
1765 972 1776 1010 :
1805 957 1945 1029 quia
1981 972 2123 1014 vero
2148 973 2252 1014 no-

596 1035 806 1106 luistis,
845 1036 974 1107 jam
1031 1036 1204 1106 abeo,
1263 1044 1321 1095 et
1347 1039 1632 1115 deinceps
1680 1045 1741 1100 in
1793 1045 1958 1100 omni
2006 1051 2252 1118 peccato

595 1130 789 1182 vestro
811 1125 1168 1195 moriemini,
1194 1130 1360 1200 quod
1390 1128 1465 1186 ab
1486 1147 1558 1188 eo
1584 1130 1822 1189 liberari
1853 1133 2173 1191 nolueritis.

665 1303 979 1362 Peccatum
1010 1313 1211 1363 autem
1256 1308 1514 1381 intellige
1548 1311 1732 1369 etiam
1762 1310 1825 1368 id
1849 1312 2013 1386 quod
2044 1314 2251 1370 adver-

595 1410 697 1450 sus
734 1394 933 1467 ipsum
973 1401 1120 1462 erat,
1143 1400 1287 1469 quia
1329 1399 1687 1457 interfecturi
1714 1403 1913 1475 ipsum
1960 1408 2147 1470 erant,
2188 1404 2245 1461 in

593 1499 716 1556 quo
749 1484 962 1540 mortui
997 1491 1159 1549 sunt.
1202 1502 1418 1560 nempe
1466 1495 1713 1563 propter
1756 1490 1903 1547 illud
1938 1492 2249 1564 jugulatia

593 1572 899 1643 Romanis,
926 1574 1294 1646 Vespasiano
1328 1583 1383 1634 et
1426 1579 1570 1635 Tito.

662 1663 824 1719 Vers.
857 1667 944 1721 21.
978 1664 1099 1730 Quo
1149 1698 1217 1706 —
1267 1668 1481 1725 venire.
1544 1671 1676 1726 Hec
1727 1670 2065 1746 frequenter
2086 1673 2245 1741 dicit,

591 1753 828 1811 animas
858 1753 1095 1811 illorum
1121 1756 1467 1813 concutiens
1495 1763 1551 1814 et
1571 1765 1891 1817 exterrens.

662 1842 825 1899 Vers.
857 1844 946 1896 22.
985 1844 1270 1901 Dicebant
1301 1875 1369 1887 —
1406 1848 1628 1904 venerit
1665 1848 1693 1903 ?
1721 1851 1891 1916 Quod
1934 1851 2246 1924 optabant,
2284 1865 2327 1920 Β

589 1931 706 1989 hoc
750 1932 927 1988 etiam
982 1934 1467 2006 suspicabantur.
1527 1937 1679 2006 Quid
1731 1956 1874 2010 ergo
1921 1942 2191 1999 Christus
2220 1944 2251 1997 ‘i

588 2020 758 2078 Tollit
786 2021 1132 2093 bujusmodi
1187 2024 1605 2095 suspicionem,
1674 2029 2053 2104 ostenditque
2082 2032 2247 2104 quod

590 2116 902 2183 peccatum
939 2112 1011 2166 sit
1042 2127 1103 2166 se
1130 2110 1328 2184 ipsum
1357 2115 1714 2176 interimere.

661 2201 825 2256 Vers.
853 2199 940 2255 23.
968 2201 1033 2255 Et
1071 2230 1141 2242 —
1183 2206 1315 2258 estis
1341 2234 1407 2244 -
1434 2205 1533 2262 Ex
1562 2213 1748 2277 terra,
1781 2223 1902 2265 non
1929 2209 2093 2281 quod
2126 2227 2253 2268 cor-

588 2303 703 2361 pus
732 2304 940 2345 eorum
991 2295 1289 2347 terrenum
1342 2300 1515 2358 esset,
1558 2294 1664 2352 sed
1719 2297 1863 2371 quia
1934 2300 2253 2371 prudentia

587 2377 825 2434 illorum
862 2385 1018 2434 esset
1046 2385 1282 2437 terrena
1306 2387 1364 2438 et
1402 2397 1609 2454 prava.
1659 2388 1808 2443 Nam
1841 2394 1897 2444 et
1923 2387 2138 2445 Paulus
2168 2390 2252 2445 di-

588 2482 730 2523 cens
766 2467 932 2524 :Non
957 2467 1118 2525 estis.
1148 2484 1221 2525 ex
1265 2485 1440 2527 carne
1470 2472 1518 2509 ⁵⁸
1548 2489 1792 2531 carnem
1816 2476 2074 2550 appellat
2112 2495 2248 2552 pru-

587 2555 855 2613 dentiam
889 2556 1213 2613 carnalem.

660 2644 824 2701 Vers.
852 2647 939 2702 23.
964 2646 1075 2718 Ego
1101 2677 1169 2687 —
1200 2663 1351 2705 sum.
1396 2650 1483 2705 De
1529 2652 1663 2708 calo
1697 2671 1710 2721 ;
1767 2668 1888 2710 non
1919 2656 2083 2728 quod
2121 2657 2248 2730 ipse

585 2733 661 2790 de
686 2733 838 2790 caelo
870 2736 1149 2800 venisset,
1182 2737 1284 2792 sed
1312 2739 1457 2810 quia
1487 2740 1802 2812 prudentia
1830 2743 1960 2815 ejus
1994 2745 2247 2803 caelestis

585 2828 822 2879 essetac
849 2823 1068 2878 divina.
1100 2824 1321 2881 Deinde
1351 2842 1676 2885 sermonem
1724 2848 1901 2888 suum
1942 2835 2243 2908 explanat.

661 2910 824 2966 Vers.
865 2914 955 2967 23.
997 2912 1101 2968 Vos
1131 2943 1197 2952 —
1226 2914 1353 2970 hoc.
1390 2916 1676 2974 Mundum
1705 2918 1800 2976 hic
1829 2922 1967 2977 dicit
1995 2925 2247 2981 munda-

585 3014 749 3063 nam,
780 3015 1029 3072 pravam
1056 3017 1124 3057 ac
1177 3006 1469 3060 terrenam
1511 3007 1913 3078 prudentiam.
1958 3013 2247 3079 Quemad-

2363 601 2523 665 ζωῆς.

2438 696 2536 745 Καὶ
2566 694 2818 755 ζητήσετέ
2846 712 2927 765 με.
2967 697 3065 746 Καὶ
3095 694 3326 764 ἀνωτέρω
3351 698 3503 745 τοῦτο
3526 688 3661 757 εἶπε,
3687 696 3787 743 καὶ
3811 692 4000 764 ipp:-

2361 783 2514 839 νεύθη
2544 780 2667 835 ἐκεῖ.

2436 876 2536 923 Καὶ
2593 902 2660 911 -
2722 868 3084 924 ἀποθανεῖσθε.
3156 868 3348 923 Ἦλθον
3413 868 3780 943 ὶλευθερώσων
3875 870 3996 937 (38)

2362 960 2497 1032 ὑμᾶς
2537 958 2637 1012 ἀπὸ
2686 962 2858 1022 πάσης
2909 960 3168 1033 ἁμαρτίας
3214 961 3356 1032 ὑμῶν
3388 980 3402 991 θ
3436 957 3545 1012 ἐπεὶ
3585 955 3647 1011 δέ
3700 957 3806 1011 οὖα
3866 958 3997 1016 ἠθε-

2359 1047 2577 1117 λήσατε,
2638 1047 2962 1122 ἀπέρχομαι,
3024 1054 3112 1101 καὶ
3169 1048 3347 1102 λοιπὸν
3413 1046 3461 1101 ἓν
3522 1048 3673 1120 πάσῃ
3741 1047 3997 1122 ἁμαρτία

2360 1140 2501 1211 ὑμῶν
2591 1136 2934 1192 ἀποθανεῖσθε
3036 1143 3108 1211 μὴ
3211 1137 3519 1201 θελόσαντες
3602 1135 3995 1208 ἀπαλλαγῆναι

2359 1227 2538 1287 αὐτῆς.

2427 1315 2713 1391 Ἀμαρτίαν
2767 1312 2827 1370 δε
2876 1321 3065 1374 νόησον
3118 1320 3210 1369 καὶ
3277 1321 3372 1376 τὴν
3435 1316 3504 1377 εἰς
3578 1315 3767 1379 αὐτόν,
3844 1311 3990 1367 διότι

2360 1405 2560 1479 ἱμιλλον
2604 1404 2790 1458 ἀνελεῖν
2842 1405 3016 1473 αὐτὸν,
3067 1403 3116 1458 ἰν
3172 1407 3204 1478 ᾖ
3267 1405 3538 1471 ἀπέθανον,
3586 1409 3713 1462 ἤτοι
3779 1400 3869 1457 δι’
3929 1404 3987 1461 ἦν

2359 1497 2765 1568 κατεσφάγησαν
2800 1494 2901 1547 ὑπό
2948 1503 3047 1547 τῶν
3083 1493 3368 1568 Ῥωμαίων,
3419 1494 3850 1547 Οὐεσπασιανοῦ
3896 1501 3983 1546 καὶ

2356 1587 2534 1638 Τίτου.

2428 1671 2596 1725 Ὀπου
2638 1703 2704 1713 -
2750 1670 2929 1729 ἕλθεῖν.
2976 1681 3215 1746 Συνεχώς
3249 1680 3414 1726 ταῦτα
3464 1671 3620 1745 λέγει,
3674 1677 3977 1725 κατασείων

2360 1762 2526 1814 αὐτῶν
2558 1765 2649 1825 τάς
2672 1762 2860 1835 ψυχὰς
2896 1769 2986 1817 καὶ
3015 1762 3259 1836 ἔχφοὸῶν.

2431 1852 2638 1924 Ἔλεγον
2696 1884 2761 1893 —
2814 1851 2993 1911 ἕλθεῖν,
3048 1861 3112 1906 ⁸0
3167 1852 3433 1906 ἐϐούλοντο
3479 1860 3643 1905 τοῦτο
3706 1858 3805 1905 καὶ

2358 1942 2535 2000 λαϐον.
2584 1948 2647 1996 Ti
2676 1939 2764 1995 οὖν
2790 1945 2816 1996 ὁ
2868 1949 3094 2019 Χριστός
3120 1960 3135 2011 ;
3162 1945 3391 2018 Ἀναιρεῖ
3416 1948 3509 2002 τὴν
3553 1946 3822 2000 τοιαύτην
3853 1945 3978 1994 ὐπο-

2356 2031 2537 2103 ληψιν,
2569 2037 2659 2085 καὶ
2691 2029 2956 2086 δείκνυσιν
2995 2034 3074 2086 ὅτι
3099 2032 3329 2106 ἁμαρτία
3368 2031 3483 2085 ἔστὶ
3528 2034 3587 2084 τὸ
3619 2029 3826 2084 ἀνελεῖν
3872 2032 3975 2084 Exu-

3862 1854 3977 1905 ὑπέ-

2359 2141 2445 2175 τον
2452 2161 2469 2177 ο

2440 2217 2541 2266 Καὶ
2570 2243 2637 2253 -
2668 2210 2800 2266 ἐστέ.
2822 2243 2886 2253 -
2914 2212 3004 2265 Ἐκ
3032 2220 3128 2275 τῆς
3153 2220 3273 2283 γῆς,
3297 2210 3403 2284 οὑχ
3432 2211 3589 2263 ὅτιτὸ
3612 2218 3782 2282 σῶμα
3814 2211 3973 2262 αὐτῶν

2361 2299 2416 2353 ἔα
2438 2308 2527 2362 τῆς
2545 2310 2658 2373 γῆς,
2685 2300 2791 2353 ἀλλ’
2814 2303 2895 2354 ὅτι
2914 2304 2973 2353 τὸ
2996 2305 3232 2374 φρόνημα
3253 2299 3422 2352 αὐτῶν
3441 2304 3509 2371 γή
3519 2307 3625 2351 ῑνον
3649 2304 3745 2350 καὶ
3764 2299 3969 2370 φαῦλον.

2363 2397 2463 2445 Καὶ
2493 2393 2518 2443 ὁ
2551 2390 2750 2453 Παῦλος
2778 2393 2903 2465 γὰρ,
2941 2389 3099 2462 λέγων
3132 2407 3144 2420 ⁸
3171 2388 3281 2442 Οὐκ
3315 2386 3432 2441 ἕστε
3461 2387 3511 2441 ἓν
3543 2393 3715 2463 σαρκί
3744 2407 3759 2418 °

2358 2485 2415 2533 τό
2445 2483 2693 2554 σαρκιαόν
2718 2486 2957 2553 φρόνημα
2977 2478 3130 2551 λέγει.

2430 2658 2563 2730 Ἐγὼ
2596 2690 2655 2699 -
2687 2657 2817 2730 εἰμί.
2847 2688 2915 2698 -
2945 2662 3031 2711 Ἐι
3072 2663 3164 2709 τοῦ
3212 2654 3452 2731 οὐρανοῦ,
3499 2654 3613 2727 οὐχ
3664 2656 3745 2707 ὅτι
3796 2655 3850 2707 ἐκ
3872 2661 3953 2705 τοῦ

2357 2747 2577 2821 οὐρανοῦ
2606 2748 2749 2813 ἧκεν,
2781 2745 2890 2798 ἀλλ’
2918 2748 2999 2799 ὅτι
3027 2749 3085 2798 τὸ
3124 2751 3363 2820 φρόνημα
3403 2743 3568 2797 αὐτοῦ
3595 2743 3826 2816 adfines
3861 2748 3952 2794 καὶ

2360 2840 2511 2891 θεῖον.
2549 2833 2677 2892 Εἶτα
2704 2836 2978 2909 σαφηνίζει
3006 2840 3093 2888 τόν
3117 2835 3288 2906 λόγον.

2426 2927 2589 2999 ’Υμεῖς
2663 2957 2729 2968 -—
2799 2928 3005 2980 τούτου.
3079 2930 3285 2998 Κόσμον
3358 2923 3582 2977 ἐνταῦθα
3677 2922 3820 2993 λήνει
3908 2922 3965 2971 τὸ

2356 3020 2607 3089 κοσμικόν
2656 3020 2746 3068 καὶ
2807 3014 2996 3087 φαῦλον
3049 3019 3137 3067 καὶ
3193 3018 3373 3084 γήινον
3436 3016 3703 3087 φρόνημα.
3764 3008 3969 3079 Ὠσπερ

587 3088 839 3145 modum
869 3090 1029 3146 enim
1061 3090 1303 3165 spiritus
1333 3093 1569 3164 dicitur,
1601 3098 1923 3169 spiritualis
1952 3103 2245 3175 sapientia

2379 3088 2463 3180 μὰρ
2487 3114 2688 3178 πνεῦμα
2709 3103 2910 3177 λέγεται
2939 3107 2997 3156 τὸ
3031 3105 3374 3175 πνευματικὸν
3413 3107 3680 3176 φρόνημα,
3709 3103 3810 3151 καὶ
3844 3098 3973 3171 σὰρξ

586 3184 643 3232 et
671 3194 831 3244 caro,
866 3181 1122 3236 carnalis
1154 3182 1271 3238 :ita
1297 3187 1356 3238 et
1397 3187 1550 3241 terra
1593 3203 1664 3242 ac
1704 3189 1988 3257 mundus,
2014 3198 2240 3250 terrena

2379 3200 2409 3247 ’ὸ
2443 3201 2691 3268 σαρκιαον
2725 3216 2737 3227 ·
2767 3194 2901 3247 οὕτω
2929 3197 3019 3245 καὶ
3046 3200 3114 3265 γῆ
3148 3198 3238 3244 καὶ
3268 3196 3466 3264 κόσμος
3509 3194 3565 3243 τὸ
3622 3196 3845 3260 γήῖνον,
3887 3194 3973 3238 καὶ

584 3282 653 3322 ac
686 3267 1013 3324 mundana.
1048 3269 1140 3326 Ait
1195 3286 1336 3343 ergo
1370 3296 1381 3328 :
1416 3275 1536 3348 Ego
1566 3292 1688 3333 non
1720 3279 1871 3335 sicut
1900 3296 2010 3337 vos
2050 3281 2241 3355 sapio,

586 3362 649 3412 ut
676 3373 769 3412 me
800 3357 1000 3430 ipsum
1048 3361 1423 3420 interﬂciam.

656 3446 817 3502 Vers.
849 3451 937 3503 2t.
970 3449 1105 3506 Dixi
1128 3481 1195 3489 —
1228 3458 1371 3509 vesti
1389 3453 1455 3508 is.
1489 3455 1698 3513 Adhuc
1730 3472 1831 3514 eos
1869 3464 2121 3517 exterret
2151 3477 2244 3518 vo-

583 3535 714 3591 lens
738 3538 1120 3608 persuadere.

654 3626 814 3681 Vers.
844 3626 932 3682 24.
967 3627 1029 3682 Si
1082 3628 1237 3686 enim
1279 3661 1348 3671 —
1406 3633 1631 3700 vestris,
1684 3636 1754 3693 Si
1783 3654 1899 3694 non
1924 3639 2239 3697 credideri-

583 3714 674 3782 tis,
699 3714 854 3784 quod
899 3730 1004 3786 ego
1052 3717 1177 3782 sim,
1256 3718 1524 3778 videlicet
1551 3722 1814 3782 Christus
1885 3727 2065 3785 Filius
2115 3729 2237 3795 Dei,

575 3802 913 3858 moriemini
936 3805 996 3859 in
1016 3807 1264 3875 peccatis
1291 3813 1516 3882 vestris,
1552 3812 1775 3870 detenti
1821 3819 1899 3872 ab
1941 3818 2045 3873 eis.
2088 3818 2236 3875 Nam

577 3890 679 3962 qui
718 3906 839 3946 non
857 3893 1191 3957 crediderit,
1212 3902 1266 3953 et
1296 3914 1402 3970 per
1429 3899 1801 3972 baptismum
1835 3919 1872 3961 a
1902 3906 2079 3962 sorde
2109 3924 2238 3980 pec-

578 3977 695 4036 cati
734 3994 857 4037 non
896 3981 1137 4039 ablutus
1167 3984 1363 4052 fuerit,
1397 3990 1645 4047 omnino
1676 3991 1735 4049 in
1782 3992 1884 4051 illa
1932 3977 2236 4064 morietur,

577 4072 635 4124 et
662 4084 801 4125 cum
827 4085 899 4126 ea
936 4086 1257 4145 resurgens
1309 4076 1479 4133 dabit
1510 4094 1737 4151 poenas.

648 4157 817 4214 Vers.
848 4161 941 4217 24.
998 4162 1292 4220 Dixerunt
1354 4195 1421 4207 —
1459 4183 1517 4224 es
1558 4166 1588 4224 τ
1620 4169 2069 4231 Subsannantes
2124 4176 2239 4234 hoc

575 4246 852 4305 dicebant
892 4265 963 4307 ac
994 4255 1314 4310 tentantes.
1833 4253 1848 4268 ⁹

650 4336 814 4393 Vers.
842 4340 929 4394 25.
955 4340 1033 4396 Et
1071 4371 1141 4382 —
1168 4343 1341 4400 vobis.
1374 4343 1706 4404 Deiectivus
1730 4356 1818 4405 est
1844 4367 2042 4411 sermo
2066 4355 2240 4427 juxta

578 4432 934 4483 consuetum
965 4428 1248 4502 loquendi
1279 4434 1528 4491 modum
1561 4435 1671 4507 (It).
1703 4438 1838 4496 Tale
1889 4448 1976 4497 est
2012 4448 2235 4511 autem,

2353 3290 2623 3357 κοσμικόν.
2655 3287 2820 3342 Φησὶν
2849 3279 2937 3336 οὖν
2963 3283 3043 3335 ὅτι
3067 3283 3199 3354 Ἐγὼ
3228 3280 3335 3352 οὐχ
3359 3281 3428 3343 ὡς
3458 3280 3602 3351 ὑμεῖς
3653 3286 3856 3352 γρονῶ,
3898 3278 3976 3328 ἱνα

2354 3372 2638 3426 ἀποκτείνω
2664 3371 2881 3446 ἐμαυτόν
2899 3419 2907 3427 .

2426 3459 2583 3517 Εἶπον
2642 3492 2709 3503 -
2763 3464 2926 3535 ὑμῶν.
2974 3459 3095 3516 Ἔτι
3139 3458 3340 3532 ὶαγοϐεῖ
3397 3457 3592 3517 αὐτοὺς
3648 3453 3975 3529 βουλόμενος

2349 3560 2549 3607 πεῖσαι.

2424 3643 2529 3695 Κοῖν
2557 3642 2671 3713 (39)
2699 3670 2764 3682 —
2796 3641 2957 3713 ὑμῶν.
2988 3637 3107 3692 Ἐἀν
3135 3642 3207 3711 μὴ
3239 3638 3559 3694 πιστεύσητε
3582 3636 3668 3686 ὅτι
3694 3633 3810 3705 ἐγὼ
3844 3635 3972 3707 εἰμι,

2352 3726 2562 3790 δηλαδὴ
2594 3732 2620 3781 ὁ
2669 3732 2900 3802 Χριστὸς
2938 3729 2965 3781 ὁ
3013 3726 3133 3790 Υἱὸς
3171 3734 3263 3779 τοῦ
3311 3729 3460 3791 Θεοῦ,
3511 3722 3883 3776 ἀποθανεῖσθε
3930 3723 3977 3774 ἐν

2348 3828 2465 3882 ταῖς
2493 3818 2775 3893 ἁμαρτίαις
2804 3820 2967 3890 ὑμῶν,
3012 3821 3351 3889 συνεχόμενοι
3395 3813 3602 3874 αὐταῖς.
3634 3811 3697 3864 Ὀ
3745 3816 3859 3885 γὰρ
3903 3818 3973 3884 μὴ

2348 3912 2651 3979 πιστεύσας,
2700 3912 2791 3961 καὶ
2848 3904 2941 3960 διὰ
2989 3904 3356 3980 βαπτίσματος
3394 3902 3837 3973 ἀπολουσάμενος
3892 3908 3979 3954 τὸν

2345 3999 2509 4074 ῥύπον
2547 4007 2646 4051 τῶν
2673 3998 2960 4072 ἁμαρτιῶν,
2990 3994 3039 4048 ἄν
3069 3994 3208 4065 αὐτῷ
3233 3996 3438 4054 πάντως
3467 3993 3854 4057 ἀποθανεῖται,
3886 3997 3979 4043 καὶ

2347 4088 2458 4163 μετ’
2488 4087 2649 4141 αὐτοῦ
2681 4085 2908 4148 ἀναστὰς
2934 4082 2969 4138 δ
2975 4090 3092 4145 iam
3124 4080 3303 4137 δώσει.

2419 4177 2631 4250 Ἔλεγον
2662 4208 2729 4218 -
2754 4172 2799 4230 εἷ
2829 4194 2843 4245 ;
2877 4174 3208 4236 φαυλίζοντες
3249 4180 3404 4226 τοῦτο
3434 4171 3625 4243 ἔλεγον,
3653 4174 3754 4221 καὶ
3788 4172 3981 4246 nupsi-

2350 4271 2538 4332 ζοντες.

2422 4362 2522 4412 Καὶ
2579 4388 2647 4398 -
2706 4358 2847 4429 ὑμῖν.
2904 4353 3252 4409 Ἐλλειπτικόν
3309 4354 3368 4404 τὸ
3423 4351 3570 4426 ῥῆμα
3628 4350 3759 4400 κατ’
3826 4346 3975 4411 ἦθος.

2345 4448 2411 4502 ⁸0
2443 4444 2502 4500 δε
2539 4447 2673 4519 λέγει
2702 4449 2933 4500 τοιοῦτόν
2982 4442 3114 4497 ἔστι.
3164 4438 3334 4502 Ὀλως
3379 4441 3460 4492 ὅτι
3508 4442 3600 4491 καὶ
3640 4436 3796 4490 λαλῶ
3853 4441 3975 4512 ὑμῖν

578 4531 649 4573 ac
675 4516 725 4572 si
752 4515 972 4574 diceret
1006 4534 1017 4574 :
1042 4521 1296 4577 Omnino
1327 4523 1697 4596 superﬂuum
1727 4534 1816 4585 est
1835 4531 2034 4600 etiam,
2071 4536 2237 4607 quod

2379 4541 2583 4611 ἐριττόν
2629 4538 2769 4589 εστιν
2798 4552 2810 4566 ⁸
2859 4532 3058 4597 ἀνάξιοι
3099 4532 3201 4607 γὰρ
3252 4530 3369 4584 ἕστε
3414 4531 3607 4589 παντὸς
3651 4526 3862 4601 λόγου,
3914 4530 3976 4589 ὡς

578 4605 753 4663 vobis
782 4605 996 4680 loquar
1027 4624 1041 4675 ;
1075 4625 1218 4667 nam
1261 4614 1426 4670 omni
1483 4630 1761 4674 sermone
1815 4619 2048 4692 indigni
2074 4605 2234 4694 estis,

582 4698 782 4767 utpote
823 4700 1162 4755 tentatores.

653 4784 817 4840 Vers.
858 4790 947 4842 26.
1003 4787 1190 4847 Multa
1227 4821 1297 4831 —
1324 4793 1613 4865 judicare.
1643 4797 1819 4856 Multa
1868 4800 1942 4856 de
1995 4803 2240 4861 vobisin

2347 4630 2629 4703 πειρασταί
2642 4670 2655 4683 .

2424 4805 2594 4860 Πολλὰ
2649 4835 2715 4845 -
2785 4808 2995 4879 κρίνειν.
3079 4798 3250 4854 Πολλά
3312 4793 3544 4870 δύναμαι
3615 4801 3752 4871 περὶ
3832 4808 3965 4870 υμῶν

580 4874 1025 4933 accusationem
1064 4877 1259 4936 dicere
1311 4897 1572 4954 possem.
1605 4891 1660 4943 et
1705 4887 1975 4958 judicare
2024 4892 2099 4949 ad
2130 4909 2243 4966 pu-

2383 4897 2517 4950 αλεῖν
2556 4895 2627 4956 εἰς
2667 4897 3005 4965 κατηγορίαν,
3055 4895 3145 4943 καὶ
3196 4892 3385 4961 κρίνειν
3434 4886 3503 4948 εἰς
3555 4889 3615 4937 τὸ
3683 4886 3962 4941 κολάσαι·

582 4960 868 5019 niendum
888 4978 902 5031 ;
926 4965 1031 5021 sed
1051 4982 1213 5024 nunc
1234 4969 1388 5042 nolo,
1415 4974 1559 5045 quia
1579 4991 1686 5032 nec
1714 4978 1880 5035 Pater
1904 4996 2076 5038 meus
2098 4960 2240 5040 vult.

584 5046 855 5107 Prtedixit
880 5053 1063 5123 enim,
1086 5058 1248 5129 quod
1274 5075 1393 5117 non
1424 5063 1645 5121 miserit
1670 5067 1821 5122 Deus
1839 5058 2047 5126 Filium
2062 5088 2240 5128 suum

651 5227 698 5261 ⁸⁸
731 5228 900 5283 Rom.
933 5243 1049 5297 vm,
1078 5235 1131 5286 9.

2353 4986 2459 5039 ἀλλ’
2487 4985 2545 5038 οὐ
2579 4982 2837 5058 βούλομαι
2864 4989 2973 5046 νῦν,
3024 4975 3165 5033 διότι
3195 4973 3318 5031 οὐδὲ
3339 4976 3365 5028 ὁ
3410 4978 3592 5049 Πατήρ
3637 4995 3758 5048 μου
3794 4976 3957 5051 ﬁeri):

2353 5094 2461 5131 ται.
2540 5076 2824 5147 Προείρηκε
2887 5071 2990 5144 γὰρ
3061 5069 3144 5121 ὃτι
3191 5066 3287 5120 οὐχ
3339 5062 3637 5118 ἀπέστειλεν
3720 5066 3753 5118 ὀ
3832 5075 3959 5125 ϐας.

1788 5394 2004 5466 Variae
2049 5397 2384 5472 lectiones
2438 5413 2505 5472 et
2541 5412 2744 5473 notas.

648 5547 763 5625 (£38)
790 5549 1166 5625 [ξλευθερῶσαι
1188 5553 1257 5607 Α.

642 5620 764 5695 (39)
795 5620 1262 5683 Vide'variantes
1306 5624 1588 5687 lectiones
1616 5631 1795 5691 codd.
1827 5634 2131 5711 Euthymii
2160 5640 2221 5699 in
2256 5644 2453 5718 operis
2478 5642 2775 5718 principio
2805 5646 3057 5701 notatas.

649 5771 940 5846 (h)Ju1-ta
972 5802 1035 5813 -
1067 5770 1325 5829 modum.
1352 5774 1417 5828 Et
1445 5780 1731 5844 moratus,
1759 5796 1883 5846 seu,
1938 5783 2040 5854 qui
2075 5800 2273 5843 mores
2301 5786 2597 5861 exprimit.
2626 5787 2917 5861 lnterpres
2944 5788 3029 5845 ita
3061 5802 3133 5845 ac
3159 5785 3206 5843 si
3236 5784 3445 5858 legerit
3462 5787 3602 5842 κατὰ
3624 5788 3688 5840 τό
3710 5786 3853 5853 ἔθος.
