4098 6424
123 373 266 440 1289

1168 373 1536 440 COMMENT.
1582 385 1648 440 1N
1687 386 2037 443 JOANNEM.
2083 419 2146 428 —
2187 385 2342 443 CAP.
2391 385 2529 443 VIII.

3362 393 3498 448 19.90

122 510 210 560 τὸν
239 509 360 560 Υἱόν
389 505 550 559 αὐτοῦ
589 506 661 570 είς
688 510 775 560 τόν
804 510 999 581 κόσμον
1031 510 1114 562 ἱνα
1167 513 1312 583 κρίνῃ
1364 513 1450 562 τὸν
1501 513 1718 581 κόσμον,

1846 513 1892 567 3n
1925 512 2240 576 mundum,
2300 515 2362 567 ut
2386 511 2614 583 judicet
2655 515 2972 583 mundum,
3004 515 3107 572 sed
3136 519 3198 572 ut
3237 517 3496 574 salvetur

124 595 237 648 ἀλλ’
270 597 353 648 ἵνα
385 598 526 668 σωθῇ
560 597 585 648 6
608 600 802 669 κόσμος
831 593 904 649 δι’
930 597 1111 652 αὐτοῦ.

199 685 335 738 Ἀλλ’
366 717 434 725 -
465 683 594 740 ἐστι.
630 715 694 726 -
742 685 955 758 Πέμψας
997 706 1080 759 με,
1114 691 1186 760 μὴ
1227 695 1400 761 κρῖναι
1439 696 1547 753 νῦν,
1593 687 1724 741 ἀλλὰ

128 782 318 828 σῶσαι.
348 773 415 826 Ἦ
444 772 643 835 ἀληθής
673 775 835 841 ἐστιν,
869 775 1126 848 ὀνομάσας
1151 795 1214 850 με
1239 785 1344 848 φῶς
1373 785 1462 828 τοῦ
1493 782 1718 848 κόσμου.

125 861 267 916 Ἰδοὺ
302 865 428 937 γὰρ,
459 869 609 936 φησι,
636 865 838 917 τέθεικά
863 883 918 918 σε
957 865 1024 925 εἰς
1055 873 1157 937 φῶς
1189 863 1363 932 ἐθνῶν,
1395 868 1465 926 ὡς
1488 865 1722 938 ἀνωτέρω

127 949 161 1006 δ
165 950 225 1006 εδ
231 953 441 1011 ἠλωται.

201 1041 356 1114 Κάγω
420 1073 488 1084 -
552 1047 768 1116 κόσμον.
834 1042 1078 1096 ’Ἡκουσα
1136 1043 1258 1118 παρ’
1315 1043 1475 1096 αὐτοῦ
1531 1045 1598 1097 τά
1670 1063 1722 1096 τε

124 1131 273 1197 ἄλλα,
305 1135 394 1182 καὶ
421 1132 500 1182 ὃτι
522 1131 622 1204 εἰμί
653 1140 758 1204 φῶς
787 1133 966 1184 ὲθνῶν³
1014 1137 1103 1184 καὶ
1135 1131 1272 1184 εἶπον
1299 1134 1364 1184 τά
1388 1151 1442 1184 τε
1482 1131 1610 1184 ἄλλα
1635 1138 1722 1184 καὶ

124 1223 204 1272 ὅτι
233 1219 332 1292 ἐγώ
374 1220 481 1293 εἰμι
511 1224 567 1272 τὸ
598 1230 702 1293 φῶς
732 1229 824 1274 τοῦ
853 1226 1076 1294 κόσμου.
1110 1220 1175 1276 Ὃ
1200 1218 1288 1274 οὖν
1313 1224 1538 1286 ἤκουσα,
1570 1229 1721 1274 τοῦτο

127 1308 288 1364 εἷπον.

197 1399 308 1451 Οὐκ
338 1431 407 1440 -—
437 1399 624 1471 ἔλεγεν.
671 1399 782 1452 Οὔκ
823 1401 1053 1471 ἔγνωσαν
1097 1401 1178 1452 ὃτι
1218 1404 1332 1474 περὶ
1383 1407 1474 1452 τοῦ
1520 1402 1723 1474 Πατρός

579 1497 670 1540 τοῦ
725 1491 874 1561 φύσει
929 1492 1134 1562 Πατρός
1183 1488 1362 1543 αὑτοῦ.
1418 1489 1570 1549 Εἰκὸς
1619 1491 1721 1562 γὰρ

127 1578 314 1640 αὐτοὺς
354 1576 624 1648 διαπορεῖν
653 1581 783 1649 πρὸς
830 1576 1103 1644 ἀλλήλους,
1143 1578 1404 1651 λέγοντας,
1446 1582 1537 1639 Τίς
1583 1577 1721 1630 ἔστιν

125 1489 298 1549 αὐτοῖς
347 1489 504 1560 ἔλεγε,

124 1669 150 1720 6
206 1667 417 1739 πέμψας
462 1667 617 1719 αὐτόν
646 1684 659 1733 ;
692 1671 866 1722 καίτοι
912 1667 1154 1728 πολλάκις
1217 1667 1395 1728 αὐτοῖς
1446 1664 1718 1740 διειλέχθη

123 1761 242 1828 περὶ
293 1756 504 1810 ἐκείνου.
557 1763 818 1808 Τοσοῦτον
888 1764 1176 1830 προσεῖχον
1233 1763 1342 1818 τοῖς
1399 1755 1576 1827 λόγοις
1633 1757 1722 1808 αῦ-

1832 603 2094 657 mundus
2123 616 2230 672 per
2259 616 2396 656 eum
2429 601 2496 655 ⁵⁸,

1906 693 2061 746 Vers.
2095 692 2183 744 26.
2215 689 2330 745 Sed
2357 720 2422 730 —
2444 696 2544 745 est.
2569 722 2634 731 —
2661 691 2774 759 Qui
2793 693 2948 749 misit
2974 708 3085 758 me,
3110 709 3231 750 non
3256 702 3496 752 utnunc

1826 779 2112 850 judicem,
2160 777 2265 832 sed
2318 783 2380 832 ut
2419 777 2665 834 salvem.
2704 781 2818 836 Aut
2847 796 3035 838 verax
3063 789 3170 849 est,
3229 799 3367 839 cum
3399 799 3496 840 me

1833 869 2016 923 lucem
2065 867 2275 922 mundi
2313 866 2664 924 nominavit.
2705 869 2875 938 Ecce,
2917 870 3130 942 inquit.
3157 871 3323 941 posui
3355 872 3493 930 tein

1832 959 2020 1013 lucem
2050 956 2321 1026 gentium
2355 957 2424 1022 ⁵⁷,
2457 956 2630 1012 veluti
2649 959 2922 1030 superius
2953 959 3351 1028 significatum
3380 967 3490 1017 est-

1902 1046 2068 1100 Vers.
2101 1047 2187 1099 '26.
2241 1044 2314 1099 Et
2344 1059 2442 1116 ego
2490 1077 2545 1086 —
2586 1047 2820 1102 mundo.
2864 1047 3076 1102 Audivi
3109 1048 3186 1104 ab
3225 1064 3292 1104 eo
3325 1049 3494 1106 etiam

1832 1135 1945 1190 hoc
1985 1134 2135 1189 inter
2185 1133 2320 1199 alia,
2363 1133 2527 1205 quod
2569 1150 2679 1205 ego
2709 1135 2823 1191 sim
2882 1135 2984 1192 lux
3042 1138 3310 1207 gentium
3367 1155 3380 1205 ;
3437 1144 3495 1196 et

1832 1226 1980 1279 inter
2005 1223 2123 1278 alia
2143 1221 2320 1278 etiam
2348 1222 2461 1278 hoc
2490 1223 2632 1290 dixi,
2658 1225 2823 1296 quod
2849 1240 2961 1295 ego
2987 1225 3102 1282 sim
3122 1226 3224 1282 lux
3258 1228 3488 1284 mundi.

1834 1313 2000 1380 Quod
2025 1326 2167 1382 ergo
2204 1311 2428 1377 audivi,
2463 1311 2576 1368 hoc
2615 1312 2761 1368 dixi.

1905 1402 2064 1458 Vers.
2107 1402 2201 1456 27.
2265 1399 2389 1456 Non
2441 1431 2509 1441 —
2557 1402 2810 1458 dicebat.
2872 1406 2998 1459 Non
3056 1411 3488 1477 cognoverunt,

1831 1491 1994 1564 quod
2035 1490 2108 1544 de
2157 1489 2326 1542 Patre
2379 1489 2460 1544 eis
2489 1489 2742 1557 dicebat,
2780 1491 2884 1563 qui
2917 1491 3030 1547 sibi
3089 1499 3295 1549 natura
3329 1497 3494 1550 Pater

1833 1585 2004 1636 esset.
2060 1575 2394 1633 Verisimile
2422 1579 2580 1635 enim
2621 1585 2726 1644 est,
2768 1580 2935 1653 quod
2972 1580 3315 1637 dubitantes
3345 1582 3495 1638 inter

1831 1686 1894 1725 se
1932 1666 2227 1740 rogabant
2255 1683 2266 1720 :
2296 1665 2439 1734 Quis
2478 1675 2586 1734 est,
2617 1669 2720 1740 qui
2753 1668 2911 1724 misit
2932 1669 3097 1725 illum
3124 1669 3152 1724 ?
3179 1671 3354 1743 Atqui
3384 1671 3496 1727 fre-

1829 1766 2082 1831 quenter
2128 1762 2212 1816 eis
2263 1761 2338 1816 de
2381 1759 2482 1814 illo
2529 1757 2910 1813 disseruerat.
2965 1758 3134 1827 Vide,
3183 1760 3495 1831 quomodo

120 1854 232 1911 τοῦ,
291 1844 480 1915 μᾶλλον
531 1841 612 1911 δε,
669 1853 915 1897 τοσοῦτον
979 1841 1115 1903 ἦσαν
1168 1843 1538 1920 φρενοϐλαϐεῖς.
1577 1846 1721 1898 Εἰκό-

1846 1849 2211 1904 sermonibus
2229 1851 2357 1920 ejus
2375 1846 2781 1911 attendebant,
2798 1847 2920 1902 i'no
2943 1847 3161 1918 potius,
3185 1849 3494 1919 quomodo

123 1954 224 1995 τως
300 1931 386 1986 οὖν
442 1931 576 1987 εἶπεν
633 1934 828 1997 αὐτοῖς’
889 1936 994 1993 Τὴν
1051 1933 1248 2008 ἀρχὴν,
1308 1936 1388 1987 ὅτι
1440 1940 1530 1988 καὶ
1588 1934 1722 1988 λαλῶ

123 2025 265 2094 ὑμῖν,

197 2110 348 2164 Εἶπεν
397 2142 466 2152 -
504 2111 630 2184 εἰμι.
683 2110 845 2165 Ὅταν
883 2113 1182 2184 κρεμάσητέ
1229 2131 1291 2184 με
1341 2114 1412 2174 ὡς
1457 2113 1723 2185 ἄνθρωπον

126 2198 210 2252 ἐπὶ
242 2208 494 2274 σταυροῦ,
533 2205 645 2253 τότε
696 2202 960 2271 γνώσεσθε
990 2203 1070 2253 ὅτι
1118 2199 1218 2272 ἐγώ
1263 2201 1389 2274 εἰμι,
1431 2198 1670 2259 δηλονότι
1699 2203 1724 2253 ό

127 2291 250 2350 Υίὸς
287 2296 378 2341 τοῦ
428 2297 561 2343 Θεοῦ
609 2293 698 2341 καὶ
747 2293 892 2350 Θεός.
943 2288 1033 2352 Ὠς
1088 2293 1212 2350 Θεὸς
1263 2293 1361 2364 γὰρ
1417 2293 1588 2364 εἰρηκε
1642 2294 1723 2360 τό,

125 2377 259 2449 Ἐγὼ
345 2378 470 2451 εἰμι.
530 2381 799 2431 Γνώσεσθε
851 2374 910 2431 δε
970 2386 1124 2431 τοῦτο
1175 2377 1277 2431 ἀπό
1339 2398 1393 2432 τε
1461 2389 1558 2432 τῶν
1636 2399 1726 2439 τη-

123 2475 346 2520 νικαῦτα
371 2468 484 2539 (40)
523 2472 876 2540 γενησομένων
927 2465 1306 2542 ἀναντιῤῥήτων
1357 2473 1605 2540 σημείων,
1635 2474 1725 2522 καὶ

125 2554 230 2607 ἀπὸ
284 2564 378 2618 τῆς
433 2555 485 2608 ἐκ
542 2565 732 2630 νεκρῶν
794 2555 1124 2616 ἁναστοίσεώς
1179 2575 1303 2628 μου,
1353 2562 1436 2609 ναὶ
1487 2561 1589 2629 μὴν
1636 2563 1726 2610 καὶ

123 2643 229 2696 ἀπὸ
272 2653 368 2706 τῆς
418 2647 592 2697 ἔκτοτε
635 2643 1064 2717 καταληψομένης
1128 2649 1188 2698 τὸ
1239 2649 1383 2716 γένος
1433 2655 1532 2698 τῶν
1589 2647 1726 2700 Ἰου-

123 2731 290 2786 δαίων
343 2736 636 2806 θεομηνίας.
679 2736 825 2787 Μετὰ
865 2737 964 2806 γὰρ
1017 2737 1076 2786 τὸ
1125 2737 1492 2808 σταυρωθῆναι
1547 2735 1722 2800 αὐτόν,

119 2829 216 2875 καὶ
253 2825 494 2894 γενέσθαι
541 2825 608 2874 τὰ
646 2821 836 2894 φοϐερά
874 2821 1040 2875 ἐκεῖνα
1095 2830 1305 2895 σημεῖα,
1355 2828 1542 2897 γράφει
1594 2831 1726 2877 Λου-

119 2920 220 2974 κᾶς
270 2915 348 2964 ὅτι
392 2917 482 2964 καὶ
530 2914 711 2972 πάντες
767 2915 816 2963 οἱ
861 2917 1374 2986 συμπαραγενόμενοι
1439 2912 1591 2984 ὄχλοι
1644 2911 1727 2965 ἐπὶ

123 3007 223 3058 τὴν

325 3003 539 3076 θεωρίαν
629 3003 844 3066 ταύτην,
939 3004 1244 3074 θεωροῦντες
1324 3005 1392 3054 τὰ
1461 3008 1725 3076 γενόμενα,

122 3095 402 3151 τύπτοντες
459 3090 650 3142 ἑαυτῶν
707 3093 773 3141 τὰ
831 3092 1000 3148 στήθη
1059 3092 1392 3164 ὑπέστρεφον.
1461 3089 1730 3162 Ἔγνωσαν

1831 1943 2030 1993 mente
2060 1940 2216 2010 capti
2248 1942 2440 1994 erant.
2482 1936 2678 1992 Merito
2707 1952 2850 2008 ergo
2896 1935 3044 1992 dixit
3073 1935 3184 1991 illis
3228 1953 3241 1991 :
3277 1939 3348 1993 In
3373 1939 3496 2008 pri-

1832 2027 1941 2082 mis
1962 2028 2116 2098 quod
2143 2029 2320 2084 etiam
2356 2027 2572 2097 loquar
2597 2024 2756 2080 vobis
2784 2026 2852 2079 ⁵⁸.

1904 2117 2066 2171 Vers.
2126 2116 2214 2172 28.
2262 2116 2420 2171 Dixit
2476 2145 2546 2154 —-
2583 2115 2713 2170 sim.
2745 2115 2887 2168 Cum
2941 2114 3369 2186 suspenderitis
3397 2133 3493 2172 me

1833 2206 2007 2278 quasi
2042 2205 2348 2261 hotninem
2379 2203 2438 2259 in
2472 2219 2666 2268 cruce,
2701 2208 2842 2258 tunc
2872 2203 3272 2275 cognoscetis,
3324 2205 3491 2276 quod

1833 2310 1966 2364 ego,
1997 2295 2130 2359 sim,
2173 2293 2442 2349 videlicet
2475 2291 2650 2348 Filius
2700 2291 2795 2346 Dei
2851 2297 2908 2347 et
2957 2291 3131 2348 Deus.
3187 2296 3335 2349 Nam
3365 2298 3494 2349 tan-

1834 2400 2018 2456 quam
2044 2387 2193 2440 Deus
2222 2384 2366 2439 dixit
2399 2406 2411 2438 :
2436 2383 2554 2454 Ego
2583 2382 2714 2437 sim.
2747 2382 3127 2450 Cognoscetis
3154 2389 3356 2438 autem
3379 2382 3495 2438 hoc

1835 2489 1872 2530 8.
1923 2473 2128 2542 signis,
2161 2489 2297 2545 quas
2347 2477 2486 2528 tunc
2531 2471 2692 2537 ﬁent,
2725 2470 2938 2541 quibus
2991 2471 3312 2526 contradici
3372 2487 3495 2527 non

1836 2564 2064 2634 poterit,
2117 2569 2172 2617 et
2217 2579 2254 2616 a
2306 2559 2729 2616 resurrectione
2763 2575 2898 2614 mea
2926 2575 2962 2614 a
3006 2560 3295 2616 mortuis:
3331 2561 3498 2615 insu-

1833 2667 1940 2724 per
1969 2651 2147 2707 etiam
2188 2650 2264 2706 ab
2295 2649 2384 2705 ira
2413 2648 2638 2712 divina,
2678 2664 2812 2719 quae
2840 2653 2979 2704 tunc
3011 2664 3198 2718 genus
3230 2664 3499 2721 compre-

1833 2739 2056 2796 hendet
2079 2739 2445 2794 Judaeorum.
2475 2736 2785 2809 Siquidem
2808 2741 3132 2808 postquam
3153 2736 3320 2792 illum
3354 2754 3494 2792 cru-

1836 2829 2149 2884 ciﬁxerunt
2178 2834 2233 2884 et
2264 2827 2560 2899 stupenda
2586 2826 2685 2882 illa
2716 2826 2892 2895 signa
2924 2825 3082 2882 facta
3112 2831 3264 2892 sunt,
3299 2826 3501 2882 scribit

1839 2919 2027 2974 Lucas
2040 2919 2112 2983 ‘9,
2132 2916 2298 2989 quod
2327 2932 2537 2971 omnes
2557 2915 2758 2978 turbae.
2775 2930 2911 2986 quae
2926 2914 3103 2970 simul
3123 2920 3500 2972 accesserant

1837 3006 1916 3062 ad
1969 3004 2367 3078 spectaculum
2400 3003 2577 3063 istud.
2612 3009 2667 3059 et
2715 3002 3018 3069 videbant,
3061 3019 3196 3075 quas
3250 3003 3496 3070 ﬁebant,

1839 3093 2234 3163 percutientes
2267 3097 2506 3164 pectora
2534 3108 2644 3147 sua
2671 3091 3137 3148 revertebantur.
3171 3091 3501 3160 Cognosce-

129 3182 220 3251 μὲν
275 3181 376 3251 γὰρ
429 3179 507 3229 ότι
571 3180 698 3238 θεῖος
750 3179 1018 3252 ἄνθρωπος
1077 3182 1228 3240 ὅντως
1282 3176 1364 3246 ἦν,
1440 3185 1530 3232 καὶ
1601 3199 1728 3252 συμ-

1846 3181 2190 3245 bantenim,
2241 3180 2407 3252 quod
2455 3195 2588 3234 vere
2635 3179 2874 3233 divinus
2905 3179 3089 3234 homo
3120 3184 3295 3247 esset,
3320 3185 3376 3234 et
3417 3179 3499 3235 illi

129 3269 334 3338 πάσχει
375 3266 514 3336 αὐτῷ
562 3267 592 3324 ἠ
625 3271 814 3332 κτίσις,
869 3271 940 3339 μὴ
975 3271 1205 3340 φέρουσα
1241 3271 1298 3320 τό
1345 3269 1503 3328 πάθος
1551 3267 1726 3320 αὐτοῦ·

131 3362 200 3429 μὴ
251 3355 529 3427 τολμῶντες
574 3351 632 3407 δὲ
680 3354 846 3407 λαλεῖν
905 3352 999 3407 διὰ
1049 3359 1138 3408 τόν
1186 3355 1338 3428 φόϐον
1395 3365 1494 3408 τῶν
1542 3355 1734 3431 ἀρχόν-

131 3463 253 3509 των,
287 3446 502 3496 ἔτυπτον
541 3447 606 3495 τά
636 3446 800 3503 στήθη
849 3444 1036 3515 αὐτῶν,
1081 3449 1413 3517 σημαίνοντες
1459 3450 1552 3504 τὴν
1592 3445 1734 3508 ἐντὸς

133 3529 345 3590 ὀδύνην.
414 3531 738 3585 ’Υπῶπτευον
794 3535 892 3604 γὰρ
959 3534 1039 3585 ὅτι
1091 3537 1250 3586 κακόν
1318 3533 1599 3592 ἀνήκεστον
1672 3538 1731 3586 1'6

129 3626 274 3694 γένος
322 3621 458 3674 ἅπαν
495 3627 728 3675 πείσεται
772 3619 844 3674 δι’
884 3621 1059 3676 αὐτόν.
1113 3627 1214 3676 Καὶ
1259 3625 1362 3696 γὰρ
1405 3629 1493 3676 καὶ
1545 3625 1570 3676 6
1619 3623 1732 3677 ἐκα-

129 3715 421 3784 τόνταρχος
475 3715 565 3763 καὶ
603 3713 651 3763 οἱ
694 3712 805 3784 μετ’
845 3710 1006 3764 αὑτοῦ
1041 3719 1311 3785 τηροῦντες
1363 3716 1448 3766 τόν
1505 3713 1728 3780 Ἰησοῦν,

133 3801 200 3860 ὦς
255 3818 386 3872 φησι
441 3801 731 3866 Ματθαὶος,
793 3795 991 3862 ἰδόντες
1042 3801 1158 3871 (41)
1215 3803 1282 3854 τὰ
1325 3805 1572 3874 γενόμενα
1621 3800 1732 3874 ἔφο-

132 3886 372 3946 ϐἠθησαν
427 3884 655 3962 σφόδρα,
710 3888 955 3960 λέγοντες·
1021 3889 1246 3951 ’Δληθῶς
1299 3899 1432 3945 Θεοῦ
1491 3893 1612 3953 Υἱὸς
1670 3887 1731 3950 ἦν

130 3977 302 4038 οὗτος.

205 4066 361 4120 Ἀλλὰ
411 4070 499 4119 καὶ
530 4067 680 4119 αὐτοὶ
723 4068 773 4119 οἱ
819 4068 1076 4142 ἄρχοντες
1122 4077 1220 4121 τῶν
1254 4066 1522 4123 Ἰουδαίων
1572 4073 1734 4142 ἔγνω-

132 4177 231 4210 σαν
259 4162 372 4209 τότε
417 4158 493 4208 ὅτι
541 4164 675 4210 Θεοῦ
725 4159 845 4218 Υἱός
890 4153 970 4226 ἦν,
1005 4163 1097 4210 καὶ
1144 4162 1295 4229 Θεὸς⁹
1338 4160 1381 4211 εἰ
1437 4164 1526 4212 καὶ
1572 4179 1732 4212 πεπα-

129 4252 331 4304 τήκασι
361 4249 454 4303 τήν
502 4242 808 4304 συνείδησιν
850 4245 1043 4298 ἑαυτῶν
1095 4243 1168 4300 δι’
1209 4247 1497 4321 ὑπερϐολὴν
1546 4250 1731 4320 φθόνου

128 4340 224 4388 καὶ
285 4339 492 4406 μανίας.
570 4339 726 4406 Λέγει
794 4338 895 4408 γὰρ
969 4335 1124 4388 πάλιν
1181 4338 1206 4388 6
1275 4339 1543 4399 M6:1'06:i6;
1578 4352 1590 4364 °
1653 4339 1734 4389 ὅτι

131 4420 279 4477 Ἰδού
374 4442 501 4483 τινες
574 4432 670 4486 τῆς
748 4421 1078 4488 κουστωδίας
1161 4424 1386 4488 ἐλθόντες
1484 4427 1554 4489 εἰς
1641 4431 1734 4485 τὴν

129 4511 304 4582 πόλιν,
435 4511 755 4584 ἀπήγγειλαν
878 4521 989 4575 τοῖς
1082 4513 1416 4590 ἀρχιερεῦσιν

129 4604 201 4654 τὰ
228 4604 494 4673 γενόμενα.
542 4607 642 4654 Καὶ
673 4603 1021 4674 συναχθέντες
1048 4606 1180 4675 μετὰ
1219 4612 1316 4656 τῶν
1359 4602 1732 4679 πρεσϐυτέρων,

134 4688 454 4763 συμϐούλιόν
529 4708 583 4741 τε
641 4689 902 4758 λαϐόντες,

1531 4515 1736 4568 ἅπαντα

985 4689 1214 4765 ἀργύρια
1305 4695 1457 4744 ἱκανὰ
1534 4689 1734 4745 ἔδωκαν

131 4787 242 4840 τοῖς
277 4784 641 4854 στρατιώταις,
690 4778 936 4850 λέγοντες
993 4783 1203 4847 Εἴπατε,
1255 4782 1335 4833 ὅτι
1384 4783 1450 4838 Οἱ
1501 4784 1735 4854 μαθηταὶ

132 4869 297 4922 αὐτοῦ
316 4870 502 4930 νυκτὸς
527 4866 775 4931 ἐλθόντες,
797 4866 1013 4941 ἔκλεψαν
1034 4869 1190 4922 αὐτὸν
1217 4871 1246 4928 ἠ
1253 4879 1362 4943 μῶν
1383 4875 1734 4944 κοιμωμένων,

132 4963 224 5012 καὶ
256 4959 323 5010 τὰ
352 4956 490 5020 ἑξῆς.

209 5109 258 5144 ⁵ο
283 5107 452 5164 Joan.
479 5124 559 5179 ιιι,
586 5108 668 5166 t7.

746 5111 793 5148 ³⁷
819 5110 937 5170 Isa.
964 5128 1118 5182 mx,
1143 5113 1198 5170 6.

137 5194 339 5245 xxvm,
384 5180 564 5238 11-13.

1276 5114 1324 5151 ⁸³
1361 5113 1534 5172 Joan.
1559 5115 1779 5181 vm,25.

1841 3274 2277 3340 compateretur
2303 3275 2571 3323 creatura
2601 3283 2611 3322 :
2653 3284 2788 3322 cum
2822 3275 3019 3320 autem
3049 3267 3208 3339 loqui
3243 3283 3365 3322 non
3396 3283 3500 3322 au-

1841 3359 2046 3413 derent
2099 3364 2336 3429 propter
2377 3355 2637 3410 timorem
2698 3354 3044 3426 principum,
3089 3355 3502 3426 percutiebant

1842 3450 2080 3519 pectora
2103 3461 2230 3514 sua,
2258 3443 2661 3515 signiﬁcantes
2691 3441 2962 3498 dolorem
2994 3443 3354 3498 interiorem.
3388 3443 3499 3497 Su-

1843 3534 2227 3607 spicabantur
2259 3547 2517 3604 namque
2557 3532 2823 3586 futurum
2864 3547 3011 3599 esse,
3047 3535 3110 3585 ut
3143 3529 3366 3585 malum
3394 3530 3503 3587 a11-

1840 3625 2003 3697 quod
2018 3622 2446 3679 irremediabile
2461 3620 2865 3694 propterillum
2880 3635 3050 3676 omne
3066 3636 3256 3690 genus
3271 3619 3298 3674 J
3309 3621 3506 3676 udzeo-

1839 3730 1974 3770 rum
2030 3717 2389 3768 concuteret.
2434 3711 2582 3766 Nam
2616 3715 2672 3766 et
2713 3710 3001 3777 centurio,
3035 3716 3092 3765 et
3119 3709 3215 3782 qui
3248 3726 3386 3765 cum
3432 3727 3504 3766 eo

1839 3808 2028 3869 erant,
2051 3803 2591 3870 servanteslesum,
2611 3804 2673 3856 ut
2693 3799 2772 3856 ait
2797 3799 3122 3866 Mattliaeus,
3154 3814 3293 3855 cum
3322 3799 3503 3854 vidis-

1842 3898 1970 3948 sent
1990 3908 2125 3962 quae
2147 3891 2390 3958 ﬁebant,
2413 3890 2790 3945 vehementer
2809 3889 2986 3945 territi
3013 3895 3170 3955 sunt,
3194 3888 3458 3946 dicentes
3487 3909 3501 3947 :

1848 3981 1990 4040 Vere
2016 3982 2209 4038 Filius
2251 3981 2349 4036 Dei
2375 3985 2497 4035 erat
2535 3979 2644 4035 iste
2682 3980 2750 4032 ⁸ο.

1915 4072 2023 4127 Sed
2083 4079 2139 4125 et
2184 4069 2297 4140 ipsi
2339 4067 2637 4140 principes
2693 4067 3036 4122 Iudaeorum
3087 4071 3508 4136 cognoverunt

1845 4164 1982 4215 tunc
2011 4157 2175 4230 quod
2207 4157 2302 4212 Dei
2345 4156 2519 4210 Filius
2552 4159 2677 4210 erat
2698 4160 2754 4209 et
2784 4155 2957 4219 Deus,
2983 4170 3332 4226 quanquam
3365 4169 3499 4225 pro-

1843 4249 2037 4321 priam
2067 4245 2570 4302 conculcaverunt
2598 4244 3046 4306 conscientiam,
3080 4242 3511 4298 nimiainvidia

1844 4353 1914 4393 ac
1938 4337 2183 4391 insania.
2218 4337 2311 4388 Ait
2335 4334 2496 4388 enim
2528 4349 2756 4387 rursum
2791 4333 3097 4386 Matthteus
3153 4347 3164 4386 :
3201 4331 3356 4385 Ecce
3383 4331 3510 4401 qui-

1843 4426 1980 4481 dam
1998 4424 2064 4479 de
2080 4422 2419 4481 custodibus
2438 4427 2723 4478 venerunt
2739 4419 2800 4474 in
2817 4420 3114 4475 civitatem
3130 4424 3182 4474 et
3202 4421 3510 4474 renuntia-

1846 4518 2049 4570 verunt
2068 4511 2442 4581 principibus
2467 4509 2839 4565 sacerdotum
2866 4507 3135 4563 universa
3150 4522 3279 4578 ουκ
3300 4507 3513 4563 accide-

1843 4607 1980 4658 rant
2003 4617 2014 4654 :
2035 4607 2089 4658 et
2107 4598 2445 4670 congregati
2466 4614 2597 4654 cum
2628 4595 2952 4652 senioribus
2971 4595 3218 4664 accepto
3250 4595 3506 4664 consilio,

1840 4690 2119 4762 pecunias
2152 4691 2368 4744 multas
2388 4688 2678 4744 dederunt
2705 4685 2983 4740 militibus
3009 4685 3268 4740 dicentes
3299 4685 3513 4741 :Dicite

1844 4780 2126 4852 Discipuli
2143 4781 2268 4848 ejus
2289 4784 2452 4833 nocte
2475 4778 2780 4840 venerunt,
2806 4777 2860 4830 et
2879 4774 3080 4845 furati
3095 4781 3232 4829 sunt
3255 4785 3386 4830 eum
3410 4789 3512 4830 no-

1847 4870 1927 4926 bis
1963 4867 2384 4925 dormientibus
2426 4867 2493 4933 ⁸³,
2527 4869 2585 4921 et
2615 4869 2849 4920 caetera.

1855 5113 1902 5150 δ’
1931 5113 2071 5171 Luc.
2111 5127 2274 5178 mu,
2315 5108 2405 5168 48.
2506 5110 2554 5147 ⁸ο
2576 5107 2783 5166 Matth.
2818 5107 3142 5174 xxxvn,54.
3220 5107 3266 5144 ⁶ί
3294 5106 3504 5167 Matth.

1365 5310 1587 5381 Variae
1618 5310 1944 5380 lectiones
1994 5319 2058 5378 et
2097 5319 2298 5378 notae.
2332 5333 2335 5340 ί

211 5420 326 5563 ἕ40)
365 5425 404 5474 Γ
407 5420 666 5494 ενὸμένων,
699 5428 754 5480 Β.

235 5494 320 5561 41)
356 5496 454 5546 Τὸν
515 5497 732 5563 σεισμόν

356 5496 732 5575 Τόνησεισμόν
782 5499 874 5575 καί
923 5495 1105 5575 iidem
1155 5498 1395 5575 codices
1441 5499 1742 5575 Euthymii

137 5570 418 5642 omittunt
436 5570 612 5642 etiam
630 5570 688 5642 in
707 5573 993 5642 contextu
1006 5571 1167 5642 apud
1187 5571 1542 5627 Mattbaaum.
1564 5570 1744 5642 Chry-

141 5641 445 5718 sostomus
465 5635 624 5693 hunc
641 5637 840 5718 locum
864 5635 1370 5718 negligentissime
1389 5635 1742 5718 tractat,_bu-

139 5722 276 5764 cam
302 5709 523 5780 potius,
555 5723 742 5779 quam
771 5709 1089 5768 Matheum
1120 5713 1542 5787 interpretans.
1572 5713 1742 5771 Vide~

468 5804 708 5864 PARTOL.
752 5805 862 5867 Ga.
911 5807 1159 5870 CXXIX.

1854 5431 1999 5483 tom.
2030 5427 2143 5492 Vll,
2174 5442 2233 5492 p.
2267 5426 2374 5482 826
2425 5427 2484 5480 E.
2530 5422 2733 5479 Caeteri
2765 5420 3004 5478 codices
3036 5422 3100 5477 N.
3145 5417 3516 5492 ,Testamenti

1851 5515 1990 5554 cum
2022 5491 2281 5564 schOliis,
2324 5497 2417 5569 cuj
2431 5496 2673 5572 usmodi
2702 5493 2780 5572 ad
2811 5509 3030 5572 manus
3057 5491 3516 5572 habuit‘ljluthy-

1852 5572 2031 5639 mius,
2060 5572 2173 5626 ista
2199 5563 2460 5625 servant.
2505 5565 2938 5639 Idintelligitur
2967 5581 3039 5639 ex
3069 5579 3203 5639 mea
3227 5563 3509 5639 editione.

1853 5587 2031 5639 mlus,
2060 5580 2173 5626 ista
2199 5580 2460 5625 servant.
2505 5580 2567 5622 ια
2596 5580 2938 5694 inteuﬁuur
2967 5581 3039 5620 ex
3069 5580 3203 5620 mea
3227 5580 3509 5618 eoiuone.

1853 5645 2002 5712 Ergo
2035 5640 2336 5714 Euthymii
2366 5638 2690 5696 auctoritas
2719 5652 2756 5692 ν
2821 5651 2918 5714 ere
2973 5635 3087 5694 hoc
3121 5635 3254 5692 loco
3284 5633 3510 5705 nequit.

3189 5803 3257 5864 41
