4098 6458
146 417 266 481 1293
1121 414 1490 484 COMMENT.
1533 422 1602 482 IN
1640 406 1992 486 JOANNEM.
2040 460 2109 471 -
2146 429 2302 489 CAP.
2341 403 2489 487 Vm.
3351 410 3493 490 1294‘

142 554 329 623 ταχέως
352 547 704 611 ἀπεπήδησαν
733 556 825 606 καὶ
852 554 985 628 πρὸς
1009 551 1182 626 ὕϐρεις
1212 551 1404 626 μᾶλλον
1433 552 1721 628 ἐξετράπη·
1752 594 1760 609 .

1871 558 1963 612 cet
2000 554 2113 628 ipsi
2142 554 2312 612 citius
2355 556 2434 612 ab
2462 571 2534 613 eo
2580 555 2965 625 recedebant,
3014 560 3072 615 et
3110 557 3191 615 ad
3237 556 3489 631 injurias

144 658 250 696 σαν.
1828 643 2028 713 magis
2054 642 2473 701 deﬂectebant.

208 727 402 801 Ἔλεγεν
432 760 501 770 -
525 726 835 792 Ἰουδαίους.
866 734 1000 805 Πρὸς
1015 734 1130 793 τοὺς
1150 734 1563 795 πεπιστευκότας
1592 737 1722 799 τότε,

1906 731 2065 788 Vers.
2094 736 2183 789 3t.
2216 732 2381 789 Dixit
2405 764 2472 773 —
2505 732 2759 791 Judzos.
2792 734 2882 791 Ad
2912 750 3039 806 eos,
3065 733 3171 809 qui
3214 739 3379 805 tunc,
3427 739 3490 793 ut

146 818 209 879 ὡς
239 820 459 892 εῖρηται.

1833 821 2060 877 dictum
2086 826 2188 888 est,
2221 821 2614 879 crediderant.

212 906 319 961 Ἐὰν
347 939 413 950 -
441 906 580 967 ἔστί.
626 907 746 963 Ἐὰν
794 910 943 983 ὑμεῖς
979 908 1273 983 ἄμμείνητε,
1304 912 1370 971 ὡς
1420 917 1523 964 τῶν
1562 909 1728 964 ἄλλων

1907 909 2072 966 Vers.
2097 910 2185 965 3|.
2219 910 2301 965 Sit
2322 942 2389 952 -—
2408 910 2589 967 eritis.
2623 911 2682 967 Si
2706 928 2810 969 vos
2833 913 3307 985 permanseritis,
3342 913 3495 970 sicut

147 1001 211 1069 μὴ
241 996 604 1069 ἐμμεινιίντων,
657 1004 785 1071 περὶ
822 999 891 1052 ὧν
947 996 1084 1053 εἶπεν
1141 1001 1167 1053 ὁ
1214 998 1608 1072 εὖαγγελιστὴς,
1648 1001 1730 1052 ὅτι

1877 999 1936 1054 1ἰί
1966 1015 2089 1055 non
2143 1006 2621 1070 permanserunt,
2662 999 2738 1056 de
2767 1000 2993 1073 quibus
3039 1000 3195 1057 dixit
3241 1016 3495 1071 evange-

151 1085 321 1139 Πολλοὶ
350 1085 581 1147 ἀπῆλθον
610 1096 711 1141 τῶν
735 1090 986 1159 μαθητῶν
1011 1089 1189 1155 αὐτοῦ,
1221 1088 1294 1151 εἰς
1316 1090 1382 1141 τὰ
1424 1087 1612 1154 ὀπίσω,
1641 1093 1730 1141 καὶ

1883 1094 1971 1144 sta
1991 1105 2004 1143 :
2024 1089 2205 1144 Multi
2223 1088 2609 1158 exdisciputis
2622 1091 2751 1160 ejus
2775 1091 3053 1147 abierunt
3080 1096 3424 1155 retrorsum,
3437 1095 3494 1148 et

147 1175 233 1227 οὐκ
255 1177 328 1228 ἔτι
356 1174 466 1248 μετ’
494 1176 652 1229 αὐτοῦ
701 1179 1067 1252 περιεπάτουν.
1119 1177 1237 1231 Ἐὰν
1263 1178 1405 1250 ὑμεῖς
1435 1175 1728 1249 ἓμμείνητε,

1872 1193 1962 1233 am
2003 1193 2121 1233 non
2161 1192 2290 1234 cum
2328 1194 2389 1233 eo
2414 1178 2807 1236 ambulabant
2835 1180 2905 1233 ⁸⁵.
2941 1210 3008 1220 -
3033 1180 3096 1237 Si
3126 1195 3246 1246 vos,
3279 1181 3490 1252 inquit,

147 1269 286 1336 φησὶ,
318 1273 390 1336 τῷ
418 1264 554 1338 λόγῳ
578 1273 650 1338 τῷ
689 1264 818 1339 ἰμῷ,
848 1271 1010 1338 ἤγουν
1062 1274 1124 1340 τῇ
1174 1263 1505 1339 διδασκαλίᾳ
1541 1285 1641 1339 μου
1671 1265 1731 1323 ἢν

1878 1266 2345 1324 erseveraveritis
2374 1267 2436 1322 in
2477 1283 2732 1324 sermone
2771 1282 2915 1334 meo,
2952 1267 3077 1325 sive
3132 1268 3194 1328 in
3223 1267 3496 1325 doctrina

146 1350 340 1417 διδάξω
368 1360 524 1427 υμᾶς,
557 1360 672 1408 τότε
724 1353 932 1419 ἀληθῶς
966 1358 1200 1429 μαθηταί
1252 1358 1352 1429 μού
1405 1354 1544 1412 ἕστε.
1571 1358 1730 1407 Οὔπω

1879 1370 2199 1428 1ea,quam
2220 1371 2333 1427 ego
2356 1355 2583 1413 docebo
2602 1373 2726 1423 vos,
2749 1362 2889 1414 tunc
2915 1373 3043 1416 vere
3074 1357 3362 1428 discipuli
3384 1357 3497 1416 mei

144 1444 238 1515 γάρ
259 1440 392 1496 ἕστε.

1842 1445 2007 1503 erilis
2035 1447 2084 1480 “
2109 1460 2125 1511 ;
2152 1444 2421 1502 nondum
2448 1445 2608 1502 enim
2640 1446 2804 1505 estis.

214 1536 308 1584 Καὶ
344 1534 609 1602 γνώσεσθε
637 1537 730 1592 τὴν
769 1531 1034 1592 ἀλήθειαν.
1058 1534 1199 1606 Ἐμέ.
1232 1535 1369 1605 Ἐσνώ
1397 1535 1520 1607 γὰρ,
1550 1535 1725 1606 φησὶν,

1919 1533 2077 1590 Vers.
2107 1535 2197 1591 32.
2235 1535 2313 1590 Et
2337 1536 2691 1607 cognoscetis
2720 1536 3047 1594 veritatem.
3080 1536 3204 1593 Hoc
3233 1539 3325 1592 est
3355 1551 3451 1592 me
3479 1550 3496 1593 :

145 1617 246 1690 εἰμὶ
267 1621 295 1678 ἠ
325 1618 419 1679 ea»:
431 1622 566 1678 θεια,
601 1625 714 1692 (45)
742 1624 1010 1676 Γνὼσεσθε
1034 1626 1129 1681 τὴν
1159 1621 1400 1681 ἀλήθειαν
1428 1622 1552 1695 παρ’
1582 1620 1728 1694 ίμοῦ.

1880 1624 1974 1694 iga
2004 1624 2186 1690 enim,
2219 1623 2321 1694 ait,
2347 1640 2473 1681 sum
2503 1626 2733 1681 veritas.
2766 1623 3155 1695 Cognoscetis
3180 1638 3322 1681 ame
3354 1623 3498 1681 veri-

143 1710 216 1760 Τα
241 1710 341 1782 γὰρ
368 1713 558 1782 νομικά
599 1714 771 1764 πάντα
801 1714 961 1773 τύπος
1005 1716 1098 1766 καὶ
1129 1714 1256 1765 σκιὰ
1304 1716 1395 1764 καὶ
1442 1711 1591 1765 εἰκὼν
1638 1719 1735 1772 τῆς

1880 1718 2043 1768 item.
2076 1715 2220 1768 Nam
2253 1712 2460 1770 omnia
2488 1713 2705 1784 legalia
2723 1714 2938 1785 ﬁgura,
2972 1715 3184 1771 umbra
3212 1722 3268 1771 et
3293 1715 3498 1784 imago

144 1793 383 1860 ἀληθείας
411 1798 536 1852 εἰσί.

1843 1806 1980 1857 sunt
2006 1802 2281 1857 veritatis.

216 1892 310 1939 Καὶ
343 1919 404 1929 --
432 1889 586 1961 ὑμᾶς.
617 1888 746 1944 Ἀπὸ
778 1898 877 1943 τῶν
898 1889 1191 1965 ἁμαρτιῶν,
1767 1910 1808 1965 Β

1767 1910 1808 1965 Β
1917 1891 2081 1948 Vers.
2108 1890 2195 1948 32.
2220 1892 2295 1947 Et
2325 1923 2391 1934 —
2423 1908 2538 1949 vos.
2580 1893 2627 1947 Α
2661 1892 2936 1964 peccatis.

212 1974 594 2052 Ἀπεκρίθησαν
674 2010 744 2019 —
824 1981 1105 2051 γενήσεσθε
1170 1995 1185 2045 ;
1249 1978 1479 2051 ’Δφέντες
1554 1977 1733 2044 εἰπεῖν,

1916 1980 2082 2036 Vers.
2123 1984 2211 2036 33.
2244 1982 2676 2053 Responderunt
2696 2014 2765 2023 —-
2789 1982 3126 2052 efﬁciemini
3157 1983 3186 2038 φ
3220 1981 3502 2039 Omitten-

141 2069 201 2116 Ti
245 2061 331 2116 οὖν
366 2063 603 2136 ;ψευδος
652 2068 678 2118 ὁ
725 2072 881 2140 νόμος
910 2084 924 2133 ;
956 2063 1163 2139 ψευδὴς
1207 2067 1321 2139 (46)
1375 2068 1405 2126 ἠ
1454 2074 1554 2119 τῶν
1602 2068 1733 2120 ἰου-

1886 2088 1936 2125 es
1957 2070 2171 2136 dicere,
2201 2070 2354 2136 Quid
2382 2085 2525 2141 ergo
2556 2073 2584 2129 7
2616 2072 2785 2129 Falsa
2823 2078 2913 2128 est
2940 2071 3030 2128 lex
3080 2072 3107 2127 ?
3146 2070 3373 2128 falsane
3412 2074 3504 2129 est

144 2149 303 2206 δαίων
329 2163 524 2225 γνῶσις
557 2171 573 2222 ;
603 2164 760 2209 τοῦτο
803 2158 897 2229 μεν
953 2155 1012 2210 οὐ
1044 2155 1257 2227 λέγουσι
1295 2172 1308 2185 ⁸
1341 2164 1441 2208 τῶν
1489 2158 1736 2209 τοιούτων

1887 2160 2187 2215 udmorum
2213 2160 2458 2217 scientia
2485 2161 2513 2218 ?
2544 2161 2664 2218 Hoc
2685 2161 2933 2234 quidem
2963 2176 3087 2217 non
3116 2160 3326 2217 dicunt
3357 2177 3372 2226 ;
3406 2175 3505 2216 ne-

138 2243 238 2315 7ép
274 2242 367 2295 οῦκ
394 2242 564 2316 ἔμελεν
594 2244 769 2306 αὐτοῖς
808 2261 826 2279 ο
865 2244 949 2298 ἐπὶ
991 2252 1054 2318 τῇ
1114 2243 1259 2319 ὕϐρει
1312 2241 1372 2298 δε
1426 2253 1521 2307 τῆς
1561 2263 1738 2317 σωμα-

1893 2264 1964 2305 ue
1994 2248 2153 2305 enim
2199 2250 2327 2304 haec
2374 2248 2486 2305 illis
2530 2266 2684 2306 curre
2714 2249 2972 2315 fuerunt,
3007 2249 3114 2307 sed
3160 2249 3236 2306 de
3281 2248 3503 2321 injuria

138 2338 280 2391 τικῆς
354 2331 600 2404 εὐγενείας
684 2332 1089 2405 ἀγανακτοῦσιν,
1172 2335 1591 2395 ὑποπτεύσαντες
1669 2336 1739 2395 ὡς

1884 2336 2171 2410 orporalis
2219 2339 2632 2408 generositatis
2664 2338 3069 2408 indignantur,
3104 2337 3502 2410 suspicantes,

140 2414 343 2481 δούλοις
394 2419 667 2496 ἀνθρώπου
719 2426 861 2485 τινὸς
914 2422 1071 2477 εἰπεῖν
1127 2422 1306 2485 αὐτοῖς
1373 2424 1455 2476 ὅτι
1513 2422 1737 2477 Ἐλευθε-

1885 2427 2013 2499 [ιιοά
2036 2432 2321 2500 tanquam
2346 2428 2527 2484 servis
2543 2427 2796 2500 alicujus
2825 2427 3083 2484 hominis
3101 2426 3309 2484 dixerit
3337 2425 3503 2498 ipsis,

136 2513 295 2581 ρώσει
367 2510 522 2582 ὑμᾶς.
576 2510 801 2574 Εἰκότως
846 2507 935 2564 οὖν
991 2512 1017 2564 ὁ
1072 2511 1314 2573 ’ῐωάννὴς
1382 2510 1497 2583 (47)
1549 2510 1689 2584 aq.
1718 2541 1738 2561 ο

1889 2515 2145 2571 .iberabit
2175 2531 2291 2571 vos.
2325 2515 2526 2572 Merito
2555 2531 2694 2586 ergo
2725 2515 2961 2573 dicebat
2988 2518 3243 2572 Joannes
3272 2531 3286 2570 :
3320 2515 3411 2573 Ne
3427 2513 3507 2571 vi-

138 2601 222 2655 Μή
280 2595 468 2662 δόξητε
529 2599 694 2672 λέγειν
789 2599 838 2653 ἓν
920 2599 1119 2662 ἑαυτοῖς
1174 2616 1189 2630 ·
1262 2605 1470 2676 Πατέρα
1548 2603 1739 2673 ἔχομεν

1890 2603 2106 2660 camini
2113 2603 2308 2661 dicere
2318 2605 2479 2662 intra
2492 2607 2847 2671 vos,Patrem
2861 2604 3125 2662 habemus
3136 2604 3508 2660 Abraham".

145 2691 232 2740 τόν
286 2687 546 2764 ’Δὸραάμ.
608 2696 839 2744 Τοιαῦτα
888 2692 991 2764 γὰρ
1038 2692 1106 2744 τὰ
1168 2698 1269 2742 τῶν
1327 2686 1599 2744 Ἰουδαίων
1651 2689 1740 2743 αῦ-

1889 2693 2277 2765 lujuscemodi
2322 2710 2467 2750 sane
2512 2699 2685 2751 erant
2720 2694 3061 2750 Judaaorum
3106 2691 3507 2763 gloriationes.

141 2781 368 2850 χήματα
433 2779 568 2850 (48).
596 2784 682 2839 Μὴ
741 2782 950 2851 ἔχοντες
1007 2781 1108 2853 γὰρ
1151 2779 1369 2842 οἰκείαις
1428 2777 1636 2855 ἀρεταῖς
1665 2777 1739 2831 ἓν·

1893 2785 2006 2839 Iam
2035 2799 2173 2839 cum
2200 2783 2276 2839 de
2316 2783 2571 2856 propriis
2607 2783 2923 2840 virtutibus
2949 2782 3190 2854 gloriari
3227 2797 3348 2838 non
3379 2796 3511 2853 pos-

145 2870 509 2939 σεμνύνεσθαι,
578 2873 673 2929 τὴν
739 2878 840 2922 τῶν
917 2873 1185 2943 προγόνων
1267 2868 1522 2940 εὐγένειαν
1588 2887 1739 2943 προε-

1894 2878 2001 2940 ent,
2026 2873 2472 2945 progenitorum
2502 2873 2870 2930 nobilitatem
2917 2872 3323 2945 opponebam.
3357 2869 3512 2938 Quid

144 2955 405 3011 ϐάλλοντο.
434 2963 497 3011 Τί
527 2954 614 3011 οὖν
645 2959 671 3010 ὁ
704 2962 934 3030 Χριστός
964 2976 978 3027 ;
1011 2957 1123 3011 Ούκ
1153 2957 1358 3029 ἤλεγξεν
1398 2957 1589 3020 αὐτοὺς
1615 2957 1745 3011 πολ-

1897 2977 1996 3033 rgo
2021 2963 2334 3020 Christus?
2362 2965 2491 3019 Non
2518 2963 2773 3019 convicit
2797 2978 2921 3028 eos,
2947 2961 3113 3034 quod
3147 2961 3366 3033 saepius
3396 2974 3515 3016 ser-

140 3047 294 3108 λάκις
351 3044 730 3109 δουλεύσαντας
789 3048 1090 3119 Αἰγυπτίοις
1154 3052 1241 3101 καὶ
1294 3046 1633 3109 Βαϐυλωνίοις
1654 3052 1745 3100 καὶ

1895 3050 2077 3106 issent
2121 3051 2408 3122 [Egyptiis
2456 3056 2515 3107 et
2553 3050 2926 3123 Babyloniis,
2972 3048 3220 3120 aliisque
3262 3045 3513 3103 diversis

146 3132 415 3210 διαφόροις
442 3136 616 3198 ἄλλοις
658 3139 852 3189 ἔθνεσιν
888 3153 900 3166 ·
937 3135 1065 3188 ἀλλὰ
1102 3137 1296 3193 ταύτην
1344 3138 1433 3206 μὲν
1471 3141 1566 3194 τὴν
1618 3133 1747 3190 δον-

1897 3138 2152 3205 entibus,
2171 3139 2276 3192 sed
2301 3139 2458 3194 hanc
2479 3138 2725 3211 quidem
2754 3137 3130 3210 praetermisit
3148 3136 3512 3201 servitutem,

142 3222 284 3275 λείαν
323 3221 655 3300 παρέδραμεν
688 3228 755 3287 ὡς
804 3220 956 3278 οὐδὲν
987 3222 1328 3298 βλάπτουσαν
1370 3228 1465 3283 την
1501 3222 1745 3296 ψυχικήν

1901 3231 1923 3281 t
1959 3242 2094 3298 quae
2126 3226 2272 3282 nihil
2304 3226 2519 3283 anima:
2564 3226 2942 3297 generositati
2968 3224 3187 3281 officiat
3214 3241 3228 3290 ;
3260 3223 3335 3279 de
3378 3238 3516 3295 pec-

145 3312 422 3383 εὐγένειαν.
458 3318 574 3388 περὶ
624 3310 686 3367 δε
734 3322 832 3376 τῆς
882 3312 1142 3388 ἁμαρτίας
1201 3317 1381 3385 φησιν,
1413 3314 1526 3374 ἣτις
1581 3311 1744 3372 αὐτην

1900 3319 1993 3371 ato
2023 3330 2164 3372 vero
2194 3316 2294 3382 ait,
2322 3315 2489 3387 quod
2520 3314 2604 3370 illi
2632 3319 2823 3384 nocet,
2857 3313 3121 3370 servituti
3161 3328 3298 3368 eam
3334 3310 3518 3382 subji-

148 3400 375 3475 βλάπτει
404 3399 831 3469 καταδουλοῦσα,
863 3398 923 3463 ἧς
947 3404 981 3463 ἡ
1012 3398 1230 3456 δουλεία
1255 3401 1628 3474 χαλεπωτάτη,
1661 3399 1747 3474 ἀφ’

1899 3403 2042 3469 iens.
2089 3404 2261 3475 cujus
2309 3409 2395 3459 est
2440 3403 2775 3459 miserrima
2814 3401 3091 3470 servitus,
3151 3417 3188 3458 a
3230 3415 3355 3473 qua
3395 3415 3517 3455 non

144 3492 205 3550 ἧς
237 3489 494 3567 ἐλευθεροῖ
514 3491 620 3564 ούχ
641 3492 822 3566 ἕτερος,
853 3490 961 3544 ἀλλ’
1003 3491 1033 3551 ἣ
1075 3495 1230 3565 μόνος
1273 3492 1300 3544 ὁ
1344 3494 1574 3564 Χριστὸς
1598 3495 1689 3544 καὶ
1717 3493 1747 3550 ἡ

1896 3492 2319 3563 liusliberabit,
2340 3500 2552 3566 praeter
2569 3493 2853 3551 Christum
2884 3508 2953 3548 ac
2971 3491 3311 3548 doctrinam
3336 3489 3514 3545 illius.

150 3577 483 3634 διδασκαλία
507 3581 694 3639 αὐτοῦ.

223 3672 506 3745 ’Δπεκρίθη
565 3701 634 3714 —
690 3669 969 3746 ἁμαρτίας.
1032 3674 1303 3724 Δείκνυσεν
1364 3670 1446 3724 ὅτι
1512 3667 1752 3724 δουλείαν

1939 3671 2099 3728 Vers.
2130 3672 2216 3729 34.
2246 3672 2562 3742 Respondit
2617 3676 2958 3742 -—peccatz.
3010 3668 3302 3735 Ostendit,
3354 3666 3521 3742 quod

151 3758 382 3832 ἐνέφηνεν
429 3758 664 3832 ἀνωτέρω
694 3764 787 3819 τὴν
837 3758 890 3823 ἐξ
918 3759 1200 3834 ἁμαρτίας,
1235 3758 1296 3812 ού
1347 3764 1445 3819 την
1489 3761 1547 3813 ἑκ
1600 3757 1757 3813 δανα-

1905 3761 2143 3834 uperius
2205 3761 2623 3831 signiﬁcaverit
2662 3760 2882 3818 animm
2913 3763 3255 3816 servitutem
3293 3774 3364 3816 ac
3389 3773 3523 3830 pec-

154 3853 333 3912 στείας
360 3847 653 3924 ἀνθρώπου.
700 3846 813 3903 Ἵνα
843 3845 901 3902 δὲ
930 3853 1003 3920 μὴ
1055 3851 1291 3914 εἴπωσιν,
1325 3849 1401 3901 ὅτι
1429 3847 1489 3901 Ὀ
1524 3856 1755 3912 Μωῦσῆς

1907 3852 2003 3919 ati,
2039 3866 2161 3908 non
2188 3866 2321 3907 eam
2347 3868 2479 3924 quas
2511 3852 2566 3907 vi
2588 3850 2856 3908 humana
2881 3850 3279 3920 contingebat.
3312 3851 3391 3905 Ne
3421 3863 3525 3902 au-

149 3940 293 4010 ἠμᾶς
317 3937 645 4014 ἐλευθερώσει
676 3939 893 4006 ταύτης,
934 3934 1175 3991 δείκνυσι
1204 3934 1300 3991 διὰ
1348 3936 1652 4009 παραϐολῆς
1677 3940 1759 3992 ὅτι

1900 3957 1986 3997 em
2012 3940 2275 3997 dicerent
2296 3957 2307 3996 :
2326 3944 2512 3998 Moses
2526 3956 2635 3997 nos
2662 3941 2739 3998 ab
2760 3939 3161 3997 hacliberabit
3194 3955 3209 4004 ;
3235 3953 3341 4011 per
3367 3936 3518 3993 simi-

149 4028 251 4081 οῦκ
290 4030 404 4100 ἔχει
452 4025 640 4090 ἐκεῖνος
686 4026 943 4095 ἕξουσίαν,
987 4023 1172 4089 δοῦλος
1217 4026 1307 4097 ὧν,
1354 4026 1463 4081 ἀλλ’
1511 4027 1759 4090 αύτόςὼς

1914 4030 2178 4086 tudinem
2200 4030 2476 4101 ostendit,
2504 4030 2672 4104 quod
2701 4046 2841 4087 cum
2864 4029 2938 4085 sit
2967 4028 3064 4084 ille
3096 4043 3326 4094 servus,
3346 4025 3524 4083 talem

147 4122 298 4181 Υἱός.
1867 4135 1988 4176 non
2020 4119 2242 4175 habeat
2295 4125 2673 4191 potestatem,
2705 4118 2809 4174 sed
2840 4118 2967 4190 ipse
3021 4122 3222 4189 utpote
3253 4115 3452 4170 Filius.

224 4206 285 4260 '0
325 4203 385 4260 δε
416 4202 604 4270 δοῦλος
647 4238 717 4248 ——
757 4205 938 4260 αἰῶνα.
990 4203 1049 4257 Ὀ
1102 4201 1284 4267 δοῦλος
1349 4204 1407 4258 ού
1451 4204 1761 4279 κληρονομεῖ

1938 4207 2101 4264 Vers.
2134 4212 2221 4265 35.
2254 4207 2469 4264 Seruus
2493 4213 2687 4265 autem
2709 4238 2779 4249 —
2807 4213 3119 4263 aeternum.
3163 4206 3377 4262 Servus
3406 4217 3526 4258 non

142 4300 243 4354 τὴν
275 4296 443 4349 οἰκίαν
482 4304 575 4349 τοῦ
603 4315 789 4369 κυριου
838 4294 995 4349 αύτοῦ
1027 4312 1040 4324 ⁸
1079 4294 1106 4346 ὀ
1157 4296 1270 4355 υἱός
1324 4293 1624 4366 κληρονομεῖ
1670 4294 1760 4346 αύ-

1910 4297 2086 4368 ccipit
2100 4296 2160 4352 in
2174 4297 2584 4353 haereditatem
2603 4295 2856 4351 domum
2874 4294 3106 4350 domini
3130 4292 3243 4357 sui,
3258 4290 3418 4347 ﬁlius
3435 4307 3528 4347 ac-

143 4391 272 4443 τήν.
326 4390 521 4440 Λοιπὸν
571 4386 756 4448 ἐκεῖνος
800 4384 913 4457 (49)
946 4384 1039 4436 ούκ
1087 4386 1202 4455 ἔχει
1270 4382 1511 4445 ἇξουσίαν
1566 4381 1760 4435 ἐλευθε-

1911 4385 2013 4458 ipit
2063 4384 2124 4440 in
2176 4384 2607 4440 hiereditatem.
2642 4383 2843 4455 Itaque
2890 4399 3012 4438 non
3069 4381 3247 4438 habet
3278 4380 3373 4437 ille
3421 4396 3529 4452 po-

140 4482 302 4550 ροῦν,
346 4471 529 4539 δοῦλος
594 4478 662 4528 ὧν
725 4494 739 4508 ο
777 4473 877 4545 ἑγὼ
941 4476 1050 4545 ἔχω
1116 4472 1355 4536 ἐξουσίαν
1436 4469 1756 4545 ἐλευθεροῦν,

1914 4478 2140 4530 :statem
2157 4472 2470 4540 liberandi,
2505 4489 2642 4528 cum
2676 4472 2750 4528 sit
2774 4488 2982 4528 servus
3019 4488 3033 4528 :
3068 4487 3183 4542 ego
3204 4470 3402 4527 habeo
3430 4485 3532 4542 po-

144 4565 279 4626 Υἱός
331 4564 400 4615 ὧν
446 4568 536 4616 καὶ
580 4567 740 4635 μένων
796 4562 844 4615 ἐν
916 4570 977 4634 τῇ
1052 4561 1195 4634 οἰκίᾳ
1246 4568 1337 4614 τοῦ
1396 4566 1595 4635 Πατρός
1650 4580 1751 4634 μου

1914 4567 2140 4619 :statem
2162 4561 2478 4626 liberandi,
2518 4577 2656 4617 cum
2678 4560 2793 4615 sim
2826 4559 3033 4626 Filius,
3066 4564 3123 4616 et
3159 4574 3440 4615 maneam
3473 4558 3532 4614 in

146 4650 238 4706 ἀεὶ
268 4657 360 4705 καὶ
388 4651 715 4727 κληρονομῶν
766 4656 858 4711 τὴν
886 4649 1127 4713 ἐξουσίαν
1166 4649 1346 4703 αὐτοῦ.
1395 4648 1520 4704 Εἶπε
1541 4651 1642 4723 γὰρ
1669 4654 1760 4702 καὶ

1917 4667 2053 4708 omo
2113 4651 2304 4707 Patris
2380 4649 2495 4707 mci
2567 4649 2630 4706 in
2688 4656 3002 4720 aeternum,
3078 4654 3134 4705 et
3194 4648 3535 4705 haereditate

151 4742 337 4797 ὀπίσω
363 4742 445 4797 ὅτι
489 4745 594 4802 Τὴν
644 4745 823 4815 κρίσιν
883 4744 1057 4792 πᾶσαν
1104 4734 1303 4792 δέδωκε
1334 4747 1404 4811 τῷ
1460 4740 1565 4810 Υἱῷ
1625 4755 1638 4769 ·
1673 4742 1763 4792 καὶ

1914 4741 2099 4814 ccipio
2136 4746 2495 4814 potestatem
2546 4739 2765 4810 ipsius.
2829 4738 2980 4795 Nam
3038 4742 3096 4794 et
3146 4737 3419 4810 superius
3448 4736 3532 4793 di-

150 4831 319 4888 ποίλιν
374 4847 389 4863 ⁸
439 4836 539 4886 Καὶ
612 4829 853 4893 ἐξουσίαν
937 4823 1125 4881 ἔδωκεν
1199 4827 1340 4899 αύτῷ
1418 4832 1510 4881 καὶ
1592 4832 1764 4903 κρίσιν

1917 4830 1980 4895 it,
2013 4830 2178 4902 quod
2202 4829 2504 4885 Iudicium
2521 4843 2681 4884 omne
2696 4826 2855 4883 dedit
2880 4828 3044 4883 Filio
3065 4827 3133 4881 ⁸⁸.
3155 4826 3236 4882 Ac
3260 4841 3495 4881 rursum
3519 4845 3533 4882 :

156 4942 230 4979 πο
237 4929 355 4981 ιείν,

1916 4920 1952 4975 .‘t
1977 4924 2324 4990 potestatem
2350 4917 2511 4975 dedit
2530 4916 2582 4972 ei
2605 4918 2780 4973 etiam
2818 4916 3119 4985 judicium
3169 4914 3439 4987 faciendi
3467 4914 3534 4969 ⁸³.

234 5011 357 5075 Ἐὰν
408 5041 479 5054 ——
529 5010 728 5065 ἔσεσθε.
788 5013 897 5062 Νῦν
1069 5008 1169 5080 γὰρ
1219 5006 1315 5060 οὐκ
1381 5005 1586 5071 ἀληθῶς
1634 5007 1766 5061 ίλεύο

1953 5008 2111 5067 Vers.
2151 5010 2239 5064 36.
2268 5006 2330 5064 Si
2362 5035 2425 5047 -—
2456 5006 2642 5064 eritis.
2676 5008 2835 5063 Nunc
2856 5005 3017 5062 enim
3044 5020 3168 5062 nun
3198 5019 3335 5060 vere
3367 5002 3539 5060 liberi

157 5104 310 5177 θεροί
346 5103 482 5169 ἑστι,
538 5095 920 5173 δεδουλωμένοι
947 5104 1011 5172 τῇ
1060 5096 1295 5175 ἁμαρτίᾳ
1338 5111 1353 5129 ⁶
1387 5099 1470 5151 ὅτε
1496 5093 1556 5151 δε
1600 5098 1625 5150 ὀ
1653 5099 1767 5160 Υἱὸς

1923 5098 2037 5165 stis,
2080 5113 2221 5155 cum
2260 5095 2417 5155 servi
2442 5094 2584 5163 facti
2610 5094 2738 5152 sitis
2778 5098 3070 5168 peccato:
3112 5092 3357 5169 quando
3407 5107 3541 5150 vero

232 5302 284 5339 ⁵⁸
314 5299 488 5361 Joan.
516 5319 595 5372 vr,
628 5307 717 5363 66.
795 5303 842 5341 “
867 5301 1040 5362 toan.
1071 5317 1181 5370 xiv,
1209 5304 1264 5360 6.
1340 5303 1384 5340 ⁸⁷
1417 5302 1620 5361 Matth.
1661 5319 1742 5371 iu,
1775 5306 1829 5361 9.
1907 5302 1955 5341 ⁸⁸
1980 5301 2151 5361 Joan.
2184 5319 2240 5370 v,
2267 5305 2358 5360 22.
2437 5303 2483 5340 θ’
2517 5299 2670 5373 ibid.
2703 5301 2797 5362 27.

1395 5497 1627 5570 ,ναι-ἰῶ
1657 5498 1991 5569 lectiones
2020 5507 2319 5570 etnotae.

234 5694 362 5779 μᾷ)
389 5688 461 5752 Ἥ
516 5694 1013 5825 interponfndum
1034 5693 1290 5780 videtur.
1326 5697 1426 5756 Est
1458 5698 1616 5773 enim
1646 5696 1776 5757 hac
1953 5696 2072 5842 μη
2102 5663 2371 5770 Baptista
2401 5693 2715 5753 nimirum.

234 5783 300 5842 ia
314 5772 739 5842 interpretatio,
805 5766 1000 5826 lversa
1027 5781 1065 5826 a
1091 5780 1291 5842 priori.
1979 5769 2048 5825 48
2096 5773 2358 5842 Σχήματα
2387 5772 2457 5842 ᾼ.

234 5696 362 5779 μᾷ)
389 5696 461 5752 Ἤ
516 5696 1013 5825 interponfndum
1034 5696 1290 5780 videtur.
1326 5697 1426 5756 Est
1458 5698 1616 5773 enim
1646 5696 1774 5757 hac

156 5766 310 5912 81ιᾶ
314 5772 739 5912 ἓῗιῷῑὲἕξέοὲιο,
805 5766 1000 5826 lversa
1027 5781 1065 5826 a
1091 5780 1291 5842 priori.

1416 5700 1426 5756 t
1458 5698 1616 5773 enim
1646 5696 1776 5757 hac
1980 5697 2072 5842 47;
2102 5696 2371 5770 Baptista
2401 5696 2715 5753 nimirum.

1979 5769 2048 5825 48
2096 5775 2131 5822 Σ
2181 5773 2358 5842 ήματα
2387 5772 2457 5823 Δ.
2908 5786 2915 5793 ‘

1953 5696 2071 5919 ἔω)
2102 5787 2289 5899 εἴδεος
2322 5840 2570 5912 scilicet,
2590 5843 2664 5899 -ιιι
2690 5834 2878 5903 modo
2918 5834 3034 5897 dixi

246 5838 366 5912 (46)
392 5834 594 5906 Ψεῦδος
619 5845 682 5898 Α.
726 5834 731 5835 ν
1092 5834 1113 5842 ’

1957 5834 2071 5919 (49)
2102 5834 2289 5899 Hbs'es
2322 5840 2570 5912 scilicet,
2590 5843 2664 5899 .ut
2690 5834 2878 5929 modo
2918 5834 3084 5897 dixit.
