4098 6428
166 306 305 365 1297

157 435 240 486 τόν
296 435 444 498 Θεὸν,
497 440 570 503 τῷ
630 426 689 485 δε
741 438 954 508 Χριστῷ
987 435 1193 507 Πατέρα
1240 427 1376 484 ἴδιον
1425 429 1620 502 λέγοντι
1672 431 1757 481 τὸν
1790 430 1836 484 Α

159 526 286 576 Θεὸν
359 521 739 594 ἕχαλέπαινοη
831 525 972 574 Διότι
1060 520 1245 582 ἐκεῖνος
1328 523 1478 592 φύσει
1553 521 1760 591 Πατέρα

161 612 342 664 ἑαυτοῦ
387 610 549 682 ἔλεγεν
600 610 774 666 αὖτόν.
827 614 896 662 T6
952 607 1032 679 δε,
1088 609 1261 682 Ἡμεῖς
1311 607 1367 660 ἐκ
1413 613 1651 683 πορνείας
1699 606 1757 659 ού

160 702 500 773 γεγεννήμεθα
557 701 670 772 (54)
731 707 923 753 νοεῖται
978 703 1068 772 μεν
1124 697 1217 752 διὰ
1287 701 1352 751 τὰ
1425 699 1480 761 ἐξ
1537 695 1760 770 Ἰσμαήλ

159 794 489 861 καταγόμενα
537 792 676 857 ἔθνη,
741 791 790 850 ὃς
845 792 900 842 ἐκ
954 786 1204 852 δουλικῆς
1264 787 1568 853 συμπλοκῆς
1623 785 1758 858 ἐγεν-

159 881 290 936 νήθη
341 887 413 949 τῷ
455 878 712 952 Ἀϐραὰμ,
753 878 830 948 [ἐξ
861 879 971 950 (55)
1030 877 1199 950 Ἀγαρ
1245 885 1334 938 τῆς
1390 873 1610 936 δούλης·
1671 875 1761 927 ἅτε

162 968 328 1020 αὐτῶν
384 967 438 1031 ἐξ
497 967 676 1021 Ἰσαὰκ
729 971 1112 1041 καταγομένων,
1165 967 1216 1027 ὃς
1273 966 1325 1029 ἐξ
1381 966 1613 1038 εὐγενοῦς
1662 965 1758 1036 γά-

159 1076 259 1130 μου
291 1056 532 1129 ἐγεννήθη
585 1066 658 1130 τῷ
683 1055 969 1131 Ἀϐραὰμ,]
1004 1056 1058 1109 ἐκ
1081 1055 1277 1131 Σάρρας
1314 1065 1409 1117 τῆς
1450 1059 1632 1129 κυρίας
1669 1061 1760 1113 τῆς

159 1146 352 1222 Ἀγαρ.

235 1241 462 1308 Λέγουσι
501 1236 616 1309 (56)
657 1233 716 1290 δί
758 1255 890 1299 τινες
934 1238 1013 1288 ὅτι
1058 1239 1182 1308 πρός
1224 1235 1372 1308 ὕϐριν
1401 1234 1561 1287 αὐτοῦ
1608 1240 1760 1285 τοῦτο

161 1323 300 1380 εἶπον
344 1329 392 1379 οἰ
450 1325 660 1397 ἐναγεῖς,
696 1322 729 1379 δ
737 1329 788 1378 ιά
816 1330 874 1378 τό
905 1325 1143 1397 λέγεσθαι
1201 1325 1356 1377 αὐτόν
1393 1329 1462 1397 μή
1511 1320 1639 1376 εἶναι
1670 1325 1760 1394 φύ-

163 1435 242 1468 σει
276 1418 383 1468 υἱὸν
431 1423 523 1468 τοῦ
572 1416 787 1488 Ἰωσήφ.
836 1414 958 1468 Ὅτε
992 1411 1050 1467 δε
1086 1413 1398 1477 ἑξευτελίσαι
1455 1421 1631 1466 τοῦτον
1681 1413 1759 1464 θέ-

156 1505 330 1573 λουσι,
371 1509 486 1558 τότε
515 1505 668 1558 αύτὸν
723 1507 832 1556 υἱόν
870 1512 962 1556 τοῦ
1012 1505 1207 1575 Ἰωσήφ
1253 1503 1590 1576 ὀνομάζουσι,
1637 1503 1761 1553 ποτε

156 1600 246 1667 μὲν
298 1604 468 1659 τοῦτο,
525 1597 649 1648 ποτε
695 1590 753 1646 δε
806 1592 962 1646 ἐκεῖνο
996 1593 1336 1668 φλυαροῦντες
1377 1597 1466 1644 καὶ
1515 1587 1762 1643 ούδέποτε

156 1694 216 1758 τῇ
288 1683 503 1756 ἀληθείᾳ
554 1685 926 1754 συντιθέμενοι.
1005 1687 1103 1736 Καὶ
1170 1687 1273 1754 μὴν
1349 1681 1524 1734 πολλοὶ
1593 1680 1759 1732 αὐτῶν

157 1773 211 1825 ἐκ
255 1778 490 1847 πορνείας
561 1771 944 1845 ἐγεννήθησαν·
1002 1771 1222 1834 πολλοὺς
1268 1774 1369 1844 γὰρ
1429 1774 1762 1844 παρανόμους
1794 1787 1832 1840 Β

155 1865 361 1934 γάμους
395 1858 646 1916 Ἰουδαῖοι
677 1860 902 1916 ἐποίουν.
963 1861 1123 1914 Ἀλλὰ
1161 1866 1250 1913 καὶ
1280 1869 1434 1912 τούτο
1467 1866 1594 1932 σιγᾷ
1633 1863 1761 1935 πρὸς

157 1956 215 2004 τό
244 1953 422 2025 μεῖζον
454 1951 798 2024 ἐπειγόμενος.

233 2132 382 2185 Εἶπεν
418 2163 483 2172 -
521 2131 748 2194 ἐξῆλθον.
778 2130 1106 2201 Ἐγεννήθην,
1134 2133 1164 2188 ἤ
1201 2128 1514 2188 ἀπεστάλήν.

236 2227 334 2274 Καὶ
368 2223 498 2279 ήκω.
534 2224 666 2293 Πρὸς
695 2221 850 2292 ὑμᾶς.

232 2307 372 2362 Ούὸε
400 2341 463 2350 -
497 2307 732 2367 ἐλήλυθα.
761 2308 888 2360 Ἀπὸ
917 2304 1056 2360 ἰδίου
1089 2307 1369 2380 θελήματος
1394 2323 1404 2334 ·
1439 2307 1498 2360 ού
1527 2309 1628 2379 γὰρ
1652 2309 1760 2378 ἔχω

157 2397 218 2452 ῖδ
228 2419 298 2452 ιον
327 2398 544 2471 θέλημα,
578 2400 642 2459 ὡς
670 2396 916 2458 πολλάκις
947 2400 1170 2471 εἴρηται.

231 2578 366 2632 Ἀλλ’
427 2610 492 2618 -
557 2575 872 2631 ἀπέστειλεν.
940 2576 1022 2638 Ὡς
1085 2580 1258 2652 πατήρ
1321 2577 1452 2642 υἱόν,
1512 2577 1581 2635 ὡς
1642 2581 1760 2637 νοῦς

155 2665 307 2734 λόγον
317 2707 328 2718 .

229 2757 374 2806 Διάτί
404 2784 467 2791 -
489 2756 802 2823 γινώσκετε;
835 2755 979 2803 Διατί
1002 2752 1068 2803 τὰ
1085 2749 1334 2822 λεγόμενα
1354 2749 1476 2822 παρ’
1499 2747 1622 2821 ἐμοῦ
1648 2748 1755 2819 (57)

155 2844 214 2896 ού
242 2851 429 2906 νοεῖτε;
465 2839 591 2894 Εἶτα
617 2842 940 2916 προστίθησι
969 2845 1057 2893 καὶ
1085 2844 1178 2898 τήν
1209 2839 1380 2891 αἰτιαν
1403 2845 1494 2891 τοῦ
1525 2842 1594 2911 μὴ
1628 2845 1758 2890 νοεῖν

155 2933 343 2993 αύτούς
370 2932 522 2984 αὐτά.

227 3021 347 3072 Ὀτι
393 3019 640 3091 -ἐμόν,
685 3023 778 3083 T6,
835 3018 911 3070 Οὐ
966 3015 1214 3081 δύνασθε,
1263 3019 1320 3069 τό
1372 3015 1447 3068 Ou’
1509 3013 1760 3087 βούλεσθε

158 3114 406 3181 σημαίνει
432 3116 537 3174 νύν,
571 3111 652 3160 ὅτι
701 3107 757 3159 ού
792 3105 1043 3179 βούλεσθε
1074 3109 1303 3157 συνιέναι
1355 3109 1440 3156 τὸν
1486 3103 1636 3173 λόγον
1674 3107 1758 3154 τόν
1796 3145 1836 3199 C

153 3197 294 3268 ἐμόν,
330 3201 415 3248 τόν
448 3201 564 3267 περὶ
597 3193 893 3266 δογμάτων,
929 3192 1021 3246 διὰ
1049 3193 1349 3266 φαυλότητα
1377 3192 1561 3263 ψυχῆς
1581 3196 1758 3262 χαμαὶ

153 3290 444 3356 συρομένης
496 3290 585 3336 καὶ
653 3280 819 3355 μηδὲν
869 3282 1067 3354 ὑψηλὸν
1143 3285 1552 3354 φανταζομένης.
1617 3281 1758 3332 Ἐπεὶ

152 3372 213 3427 δὲ
267 3374 558 3446 ἐτόλμησαν
628 3373 784 3425 εἰπεῖν
839 3377 1040 3446 πατέρα
1108 3371 1301 3423 ἑαυτῶν
1365 3373 1452 3421 τόν
1525 3372 1648 3422 Θεὸν
1709 3371 1758 3420 οἱ

151 3464 350 3526 ἀνάξιοι
413 3469 501 3514 καὶ
567 3470 663 3523 τῆς
715 3469 804 3514 τού
867 3460 1107 3534 Ἀϐραὰμ
1177 3464 1491 3531 συγγενείας,
1559 3457 1757 3532 παῤῥηο

152 3554 393 3613 σιάζεται
442 3557 531 3604 καὶ
588 3551 771 3623 ἐπάγει
819 3553 1042 3614 τούτοις,
1105 3553 1172 3611 ὡς
1238 3548 1480 3611 ἀνιάτοις,
1533 3567 1755 3620 φανερω-

149 3646 301 3716 τέραν
333 3641 553 3712 πληγήν,
594 3639 904 3715 ἀντίρροπον
935 3640 1048 3711 (ξε)
1097 3647 1190 3700 τῆς
1249 3636 1632 3710 ἀναισχυντίας
1667 3637 1757 3688 αὖ·

149 3739 273 3794 τῶν,
341 3729 698 3783 καταστελλων
755 3731 813 3781 τὸ
870 3732 1091 3800 φύσημα
1142 3731 1357 3780 καὶτὸν
1408 3730 1606 3798 κόμπον
1659 3733 1754 3777 τῶν

150 3819 435 3883 ἀλαζόνων.

221 3910 388 3981 ’Υμεῖς
463 3939 528 3948 —
595 3906 728 3960 ἐστέ.
798 3906 963 3979 Ὑμεῖς
1025 3905 1081 3958 ἐκ
1143 3913 1234 3958 τοῦ
1299 3906 1496 3980 πατρὸς
1563 3901 1752 3956 ἐκείνου

142 3997 267 4051 ἕστε
332 4005 423 4050 τοῦ
499 3993 780 4050 διαϐόλουο
833 3997 974 4068 ὑμῶν
1043 3998 1212 4067 πατήρ
1286 3993 1470 4054 ἐκεῖνός
1541 3991 1680 4045 ἐστιν
1729 3993 1754 4044 ό

141 4083 416 4149 διάϐολος.

225 4181 325 4229 Καὶ
356 4206 424 4216 -
457 4181 638 4227 ποιεῖν.
694 4181 796 4226 Τού
847 4175 1048 4245 πατρὸς
1096 4174 1238 4245 ὑμῶν
1270 4171 1484 4223 ἐκεινου.
1548 4171 1752 4224 Ἐπιθυ-

139 4270 268 4338 μίαι
299 4269 410 4330 (59)
444 4260 502 4316 δὲ
545 4262 706 4315 αύτού
745 4266 802 4314 τὸ
835 4261 1274 4335 ἁνθρωποκτονεῖν
1316 4264 1406 4311 καὶ
1436 4262 1494 4310 τό
1539 4255 1751 4330 ψεῦδος,

143 4358 316 4407 εἶτονν
371 4355 396 4404 ό
456 4352 661 4414 σκολιὸς
715 4356 804 4403 καὶ
848 4347 1224 4424 διεφθαρμένος
1272 4347 1409 4421 βίος,
1457 4350 1526 4410 ὡς
1578 4347 1756 4420 ἐφεξῆς

145 4443 274 4516 ἐρεῖ.

219 4533 438 4589 Ἐκεῖνος
498 4561 561 4569 -
607 4528 802 4600 ἀρχῆς.
875 4531 973 4581 Τόν
1028 4535 1232 4600 πρῶτον
1301 4527 1570 4598 ἄνθρωπον
1623 4525 1754 4576 κτεί-
1788 4496 1832 4550 D

142 4641 257 4688 νας,
324 4623 408 4672 τὸν
481 4615 688 4691 Ἀδάμ·
760 4619 916 4678 αὐτὸς
982 4619 1084 4690 γὰρ
1169 4615 1306 4685 αύτῷ
1387 4617 1473 4666 τόν
1539 4615 1754 4666 θάνατον

142 4708 483 4785 προεξένησεν
509 4727 520 4739 ·
557 4704 667 4761 εἶτα
696 4712 785 4759 καὶ
815 4710 900 4758 τόν
931 4709 1040 4758 υἱόν
1067 4705 1229 4757 αὐτοῦ
1252 4708 1338 4757 τὸν
1363 4703 1517 4758 Ἀϐελ
1549 4701 1752 4758 ἀνελών.

141 4800 320 4861 Αὐτός
357 4801 458 4872 γὰρ
505 4802 596 4849 καὶ
648 4796 790 4868 αὐτῷ
849 4798 936 4847 τόν
995 4790 1213 4866 ἀδελφόν
1267 4796 1392 4847 Κάῖν
1443 4791 1756 4852 ἐπανίστησι

139 4895 262 4947 κενή
275 4908 370 4950 σας
404 4895 475 4958 τῷ
503 4887 697 4959 φθονῳ.

222 4983 324 5030 Καὶ
375 5007 440 5016 --
498 4976 734 5033 ἕστηκεν.
787 4972 897 5025 Ούκ
955 4971 1178 5046 ἐμμένει,
1235 4975 1524 5035 τουτέστιν,
1580 4969 1628 5022 ἐν
1683 4981 1754 5043 τῷ

143 5068 290 5138 ὀρθῷ
336 5064 438 5137 βίῳ
467 5064 560 5117 ούκ
610 5063 949 5134 ἀναπαύεται,
1005 5061 1133 5115 ἀλλά
1178 5068 1327 5134 μισεῖ
1375 5065 1468 5119 τήν
1507 5064 1756 5119 τοιαύτην

147 5153 435 5208 πολιτείαν.

1147 302 1516 360 COMMENT.
1560 302 1632 360 IN
1669 300 2021 358 JOANNEM.
2063 333 2133 344 -—-
2169 301 2321 359 CAP.
2363 303 2504 358 VIII.

3386 302 3526 361 1298

1871 427 2190 501 appellant,
2217 444 2355 485 cum
2387 428 2612 486 Christo
2640 427 2858 485 dicenti
2904 427 3136 486 Patrem
3177 444 3356 486 suum
3394 443 3524 485 esse

1870 518 2057 573 Deum
2091 517 2543 586 indignarentur
2571 518 2598 573 ?
2631 519 2778 584 Quia
2810 517 2906 574 ille
2932 526 3144 574 natura
3189 533 3367 573 suum
3393 532 3525 574 esse

1867 607 2100 662 Patrem
2132 608 2378 662 dicebat.
2409 607 2580 673 Quod
2613 613 2809 664 autem
2840 607 3046 664 dicunt
3079 624 3092 662 :
3120 607 3244 662 Nos
3273 613 3525 676 θεῖαι)νο

1866 697 1998 752 nati
2023 713 2134 751 non
2166 713 2379 767 sumus,
2424 696 2768 766 intelligitur
2789 703 3030 769 propter
3061 703 3268 767 gentes
3295 713 3423 768 quae
3447 696 3524 752 ab

1869 785 2079 842 lsmael
2131 785 2603 852 descendebant,
2659 787 2763 858 qui
2822 801 2893 842 ex
2949 785 3144 841 servili
3198 801 3526 856 congressu

1867 875 2141 944 Abrahae,
2176 893 2246 932 ex
2277 883 2432 946 Agar
2464 876 2736 932 videlicet
2765 875 2984 932 ancilla
3014 881 3189 932 natus
3215 882 3359 940 erat,
3387 891 3526 930 cum

1867 964 1978 1037 ipsi
2011 965 2087 1020 ab
2108 965 2270 1021 Isaac
2294 965 2746 1031 descenderent,
2771 965 2876 1038 qui
2898 981 2968 1021 ex
2986 965 3250 1036 legitimo
3277 964 3526 1020 Abrahae

1867 1053 2277 1119 matrimonio,
2299 1071 2370 1110 ex
2394 1054 2572 1112 Sarra
2592 1055 2841 1111 domina
2867 1055 3056 1130 ipsius
3080 1060 3236 1125 Agar
3253 1061 3378 1110 erat
3396 1068 3527 1128 pro-

1869 1143 2123 1212 genitus.

1939 1232 2149 1287 Dicunt
2188 1237 2389 1288 autem
2429 1232 2634 1306 aliqui,
2678 1233 2845 1306 quod
2888 1233 2965 1290 ad
3006 1231 3372 1290 inferendam
3414 1231 3528 1305 ipsi

1866 1319 2151 1390 injuriam
2184 1322 2296 1377 hoc
2332 1323 2591 1379 dixerint
2644 1322 3038 1378 exsecrabiles
3079 1322 3181 1386 illi,
3238 1338 3310 1378 eo
3361 1321 3524 1395 quod

1867 1409 2126 1466 dicerent
2189 1427 2307 1467 non
2365 1427 2497 1468 esse
2554 1429 2694 1468 eum
2751 1417 2966 1468 natura
3034 1411 3225 1467 tilium
3282 1412 3524 1484 Joseph.

1869 1499 2120 1564 Quando
2183 1507 2384 1556 autem
2465 1505 2772 1558 attenuare
2849 1518 2990 1557 eum
3069 1488 3296 1566 volunt,
3392 1505 3528 1556 tunc

1868 1586 2056 1643 ﬁlium
2081 1589 2303 1662 Joseph
2335 1591 2537 1663 ipsum
2569 1591 2906 1663 appellant,
2951 1589 3251 1646 interdum
3282 1589 3528 1663 quidem

1870 1675 2004 1740 hoc.
2038 1678 2336 1734 interdum
2367 1696 2505 1736 vero
2540 1680 2685 1736 illud
2732 1683 3050 1751 nugantes,
3111 1686 3166 1736 et.
3211 1695 3527 1751 nunquam

1873 1767 2094 1822 veritati
2137 1767 2530 1824 adhaerentes.
2590 1769 2767 1842 Atqui
2828 1769 2994 1824 inulti
3035 1785 3294 1825 eorume
3323 1774 3528 1838 stupro

1873 1855 2179 1912 natierant
2211 1857 2444 1924 ;multis
2471 1873 2733 1930 namque
2756 1857 3074 1930 illegitimis
3088 1857 3310 1930 nuptiis
3339 1856 3526 1913 Judaei

1871 1945 2316 2016 copulabantur
2345 1965 2359 2014 ;
2411 1963 2620 2003 verum
2649 1947 2778 2004 silet
2810 1947 2992 2003 etiam
3031 1946 3165 2012 hoc,
3191 1961 3526 2020 properans

1871 2035 1943 2091 ad
1969 2035 2030 2091 id
2062 2035 2228 2108 quod
2263 2039 2459 2107 majus
2490 2041 2598 2092 est.

1941 2142 2095 2181 vers.
2119 2126 2210 2180 42.
2252 2128 2350 2181 Ait
2375 2158 2444 2167 -—
2470 2126 2651 2183 exivi.
2714 2127 2919 2191 Natus,
2951 2125 3043 2182 vel
3085 2126 3307 2181 missus
3365 2140 3526 2182 sum.

1943 2213 2112 2269 Vers.
2152 2214 2239 2270 42.
2280 2215 2359 2271 Et
2392 2214 2540 2272 veni.
2569 2215 2653 2270 Ad
2686 2231 2812 2272 vos.

1941 2306 2102 2360 Vers.
2138 2305 2226 2358 42.
2266 2305 2462 2377 Neque
2513 2336 2580 2344 —
2627 2305 2778 2361 veni.
2801 2305 2845 2358 Α
2894 2302 3134 2376 propria
3190 2303 3522 2369 voluntate,

1869 2409 2006 2449 cum
2035 2393 2338 2466 propriam
2371 2409 2487 2449 non
2513 2393 2774 2450 habeam
2798 2392 3184 2457 voluntatem,
3212 2398 3273 2448 ut
3304 2393 3526 2466 saepius

1869 2481 2094 2538 dictum
2126 2486 2232 2538 est.

1942 2574 2099 2628 Vers.
2133 2571 2220 2626 42.
2249 2570 2358 2628 Sed
2398 2601 2466 2612 —
2493 2571 2668 2628 misit.
2702 2573 2769 2628 Ut
2820 2575 2988 2644 pater
3016 2570 3232 2638 ﬁlium,
3267 2575 3325 2626 ut
3353 2585 3525 2628 mens

1871 2661 2142 2718 verbum.

1945 2751 2101 2806 Vers.
2141 2755 2228 2808 43.
2275 2751 2465 2819 Quare
2494 2782 2560 2791 —
2599 2751 2919 2822 agnoscitis
2940 2754 2965 2805 .9
2994 2752 3184 2816 Quare
3214 2765 3284 2806 ea
3311 2765 3450 2822 qum
3490 2765 3527 2805 a

1871 2855 1966 2896 me
1983 2840 2285 2910 dicuntur,
2309 2856 2424 2896 non
2460 2839 2780 2911 intelligitis
2809 2841 2838 2896 ?
2869 2838 3086 2896 Deinde
3115 2838 3281 2896 addit
3311 2844 3368 2895 et
3393 2854 3527 2895 cau-

1870 2945 2020 2997 sam,
2053 2945 2158 2984 cur
2188 2929 2300 3000 ipsi
2329 2945 2449 2984 non
2478 2928 2871 2999 intelligerent
2893 2928 3013 2984 illa.

1941 3019 2110 3072 Vers.
2139 3019 2228 3072 43.
2265 3019 2407 3086 Quia
2437 3049 2503 3057 —
2535 3033 2746 3074 meum.
2783 3049 2847 3056 —
2869 3018 3004 3073 Non
3027 3017 3291 3087 potestis,
3348 3015 3525 3086 signi-

1871 3106 2009 3161 ﬁcat
2034 3123 2212 3170 nunc,
2247 3106 2368 3161 Non
2397 3106 2594 3161 vultis.
2632 3106 2782 3171 Quia
2810 3121 2927 3160 non
2957 3106 3150 3169 vultis,
3188 3105 3401 3177 inquit,
3434 3105 3526 3160 in-

1870 3194 2125 3263 telligere
2153 3211 2488 3249 sermonem
2508 3210 2731 3258 meum,
2763 3195 2952 3266 quide
2984 3193 3223 3248 sublimi
3253 3193 3525 3250 doctrina

1867 3287 1972 3346 est,
2009 3282 2477 3354 prOpteranimm
2503 3287 2708 3337 vestrae
2726 3282 3071 3354 pravitatem
3089 3299 3220 3355 quae
3235 3281 3401 3337 humi
3424 3283 3524 3337 de-

1867 3375 2056 3426 tracta
2083 3376 2193 3438 est,
2227 3377 2280 3425 et
2314 3370 2459 3425 nihil
2499 3370 2754 3426 sublime
2785 3370 3170 3439 imaginatur.
3205 3369 3354 3438 Quia
3385 3385 3522 3425 vero

1866 3459 2061 3514 dicere
2093 3460 2217 3515 ausi
2251 3459 2504 3524 fuerant,
2528 3464 2760 3530 patrem
2783 3475 2960 3514 suum
2993 3474 3118 3514 esse
3145 3460 3352 3525 Deum,
3383 3475 3524 3516 cum

1865 3548 2118 3604 Abrahae
2148 3548 2503 3619 cognatione
2535 3548 2765 3619 indigni
2789 3553 3009 3615 essent,
3033 3547 3214 3603 libere
3243 3548 3520 3620 loquitur,

1865 3646 1922 3694 et
1951 3639 2008 3694 in
2039 3655 2140 3694 eos
2168 3637 2950 3710 tanquamimmedicabiles
2969 3637 3346 3694 manifestius
3374 3637 3525 3693 inﬂi-

1865 3729 1946 3798 git
1977 3728 2210 3793 vulnus,
2247 3727 2410 3797 quod
2442 3729 2708 3799 ipsorum
2731 3726 3116 3800 impudentiae
3143 3727 3522 3800 respondeat,

1865 3817 2224 3873 inﬂationem
2257 3833 2322 3871 ac
2351 3816 2671 3872 elationem
2717 3816 3126 3886 arrogantium
3158 3815 3514 3888 reprimens.

1939 3906 2100 3962 Vers.
2133 3907 2220 3963 4t.
2262 3908 2369 3962 Vos
2397 3938 2466 3946 —
2513 3907 2665 3962 estis.
2700 3906 2820 3961 Vos
2861 3922 2932 3962 ex
2986 3911 3153 3978 patre
3199 3905 3298 3961 illo
3355 3905 3522 3974 estis,

1867 4011 2081 4067 nempe
2117 3995 2352 4051 diabolo
2383 4014 2396 4063 ;
2431 4002 2621 4051 vester
2651 3994 2745 4050 ille
2777 4000 2945 4066 pater
2983 3999 3091 4061 est,
3133 3993 3410 4050 diabolus
3442 3994 3526 4049 vi-

1864 4083 2093 4138 delicot.

1937 4175 2094 4228 Vers.
2140 4175 2228 4227 44.
2271 4173 2346 4226 Et
2375 4203 2442 4211 —
2474 4173 2731 4240 explere.
2776 4170 2965 4225 Patris
2996 4170 3150 4226 illius
3181 4170 3351 4226 vestri
3381 4191 3391 4234 ;
3425 4169 3525 4226 de-

1865 4259 2079 4314 sideria
2095 4268 2289 4316 autem
2308 4260 2463 4314 illius
2487 4267 2626 4315 sunt
2643 4259 3024 4314 homicidium
3043 4265 3098 4313 et
3117 4258 3521 4324 mendacium,

1867 4350 1987 4404 sive
2015 4347 2259 4420 obliqua
2299 4355 2354 4404 et
2400 4353 2682 4420 corrupta
2711 4348 2850 4410 vita,
2881 4347 3060 4402 veluti
3090 4351 3526 4423 consequenter

1866 4437 2041 4493 dicet.

1936 4527 2100 4582 Vers.
2133 4526 2223 4581 44.
2262 4526 2368 4582 Ille
2399 4557 2463 4566 —
2493 4525 2677 4582 initio.
2715 4525 3025 4582 Interfecto
3054 4525 3250 4598 primo
3283 4525 3523 4581 homine

1865 4615 2052 4671 Adam
2091 4635 2102 4674 :
2134 4631 2276 4671 nam
2304 4615 2432 4687 ipse
2475 4619 2728 4671 mortem
2772 4614 2852 4670 illi
2904 4613 3277 4687 propinavit:
3307 4613 3525 4670 deinde

1865 4705 2042 4760 etiam
2075 4705 2274 4760 occiso
2299 4703 2419 4759 filio
2469 4703 2624 4758 illius
2672 4702 2836 4772 Abel,
2884 4703 3182 4776 siquidem
3227 4701 3354 4775 ipse
3390 4701 3527 4759 fecit

1865 4793 2102 4849 fratrem
2127 4793 2254 4864 eius
2287 4793 2426 4850 Cain
2462 4793 2519 4848 in
2551 4809 2689 4849 eum
2721 4793 3049 4863 insurgere,
3075 4808 3214 4848 cum
3249 4792 3416 4865 prius
3447 4791 3524 4847 ad

1865 4882 2152 4938 invidiam
2191 4880 2358 4936 illum
2392 4882 2698 4937 movisset.

1938 4970 2106 5026 Vers.
2141 4973 2225 5025 44.
2262 4969 2622 5026 Et—stetit.
2669 4972 2794 5026 Non
2849 4968 3196 5042 permansit,
3254 4969 3365 5025 hoc
3411 4972 3519 5038 est,

1867 5059 1928 5117 in
1959 5066 2116 5116 recta
2139 5059 2240 5114 via
2279 5075 2398 5116 non
2431 5057 2702 5131 quiescit,
2737 5059 2841 5116 sed
2869 5057 2992 5115 odit
3017 5058 3356 5138 hujusmodi
3385 5073 3525 5114 con-

1873 5150 2292 5205 versationem.

1363 5327 1586 5394 Variae
1634 5328 1962 5396 lectiones
2010 5339 2075 5394 et
2116 5336 2318 5394 notae.

221 5528 334 5600 (54)
377 5529 700 5600 ﬁrmem
733 5533 792 5600 Ατ

248 5597 336 5654 55)
374 5597 609 5654 Ιοοιιιεά
633 5597 982 5654 exciderunt
1015 5604 1075 5651 Δ.

249 5667 336 5737 56)
379 5673 460 5726 Ita
487 5670 769 5741 0rigenes
802 5674 946 5741 tom.
991 5669 1080 5733 ιν,
1113 5683 1172 5741 p.
1205 5670 1305 5723 327
1339 5667 1400 5724 Β.

249 5741 338 5814 57)
373 5741 501 5817 Παρ⁹
529 5739 674 5816 ἐμοῦ,
707 5746 846 5814 post
871 5739 930 5793 ού
955 5739 1134 5796 νοεῖτε.
1166 5745 1201 5791 Β

1936 5524 2051 5596 (58)
2091 5525 2304 5596 Πληγήν
2360 5522 2747 5598 ἀναντίῤῥητονᾼ
2776 5523 3083 5598 VALmale.
3127 5521 3276 5578 Illud
3342 5520 3526 5576 habet

1867 5596 2045 5669 etiam
2070 5597 2374 5669 Chrysost.
2408 5603 2461 5669 t.
2483 5596 2604 5660 vui,
2636 5612 2698 5669 p.
2725 5596 2830 5651 318
2867 5597 2930 5653 Ε.

1940 5667 2053 5739 (59)
2099 5667 2410 5742 Ἐπιθυμίας
2439 5668 2508 5724 Α.
