4098 6448
157 306 304 365 1297

146 436 238 486 τὸν
295 435 443 500 Θεὸν,
497 441 569 504 τῷ
629 428 688 487 δί
741 441 954 510 Χριστῷ
986 438 1192 510 Πατέρα
1239 429 1374 486 ἴδιον
1424 432 1620 505 λέγοντι
1671 434 1756 484 τὸν
1790 435 1836 488 Α

149 526 284 577 Θεὸν
358 522 738 595 ἐχαλέπαινον;
830 527 972 576 Διότι
1059 521 1244 585 ἐκεῖνος
1327 526 1477 595 φύσει
1550 525 1759 594 Πατέρα

151 612 340 664 ἑαυτοῦ
385 611 548 683 ἔλεγεν
599 612 773 667 αὐτόν.
826 617 895 664 Τὸ
951 609 1032 681 δε,
1087 611 1260 684 Ἡμεῖς
1310 610 1365 663 ἐκ
1412 616 1650 686 πορνείας
1698 610 1756 663 οῦ

152 703 498 774 γεγεννήμεθα
555 702 668 774 (54)
729 710 922 755 νοεῖται
977 705 1067 774 μεν
1122 699 1216 755 διὰ
1286 704 1351 754 τὰ
1424 701 1478 764 ἐξ
1536 699 1760 773 Ἰσμαὴλ

149 796 487 863 καταγόμενα
535 793 674 860 ἔθνη,
739 794 789 852 ὃς
844 794 899 843 ἐκ
953 788 1202 854 δουλικῆς
1263 789 1567 857 συμπλοκῆς
1621 789 1756 861 ἐγεν-

149 882 288 937 νήθη
338 887 411 950 τῷ
453 879 710 954 ’Λϐραὰμ,
751 880 828 950 [ἐξ
859 881 969 952 (55)
1029 879 1197 952 ’Ἅγαρ
1243 888 1332 940 τῆς
1388 877 1608 940 δούλης⁸
1669 878 1759 930 ἅτε

152 968 326 1021 αὐτῶν
383 968 436 1032 ἐξ
495 969 675 1022 Ἰσαὰκ
727 973 1110 1043 καταγομένων,
1163 970 1214 1030 ὃς
1271 969 1323 1032 ἐξ
1379 969 1611 1040 εὐγενοῦς
1660 969 1756 1039 γά-

148 1077 256 1130 μου
289 1057 530 1130 ἐγεννήθη
583 1068 656 1131 τῷ
681 1057 966 1133 Ἀϐραὰμ,]
1002 1058 1056 1110 ἐκ
1079 1058 1275 1133 Σάρῥας
1311 1067 1407 1120 τῆς
1449 1061 1630 1132 κυρίας
1667 1063 1758 1117 τῆς

148 1147 350 1224 ”Αγαρ.

231 1242 459 1310 Λέγουσι
499 1237 613 1310 (56)
654 1234 714 1291 δέ
756 1257 888 1301 τινες
932 1240 1011 1291 ὅτι
1055 1241 1179 1311 πρὸς
1222 1237 1369 1312 ὕϐριν
1398 1237 1559 1290 αύτοῦ
1605 1243 1758 1288 τοῦτο

151 1325 297 1380 εἶπον
341 1331 390 1380 οὶ
447 1326 657 1398 ἐναγεῖς,
693 1324 786 1380 διὰ
813 1331 871 1380 τὸ
901 1327 1141 1398 λέγεσθαι
1199 1328 1353 1380 αὐτὸν
1390 1332 1460 1400 μὴ
1509 1323 1637 1378 εἶναι
1668 1329 1758 1398 φύ-

154 1437 240 1470 σει
273 1419 380 1469 υἱὸν
429 1425 521 1469 τοῦ
570 1417 785 1489 Ἰωσήφ.
833 1415 956 1469 ’Ὅτε
989 1413 1048 1468 δὲ
1083 1415 1395 1479 ἐξευτελίσαι
1453 1424 1628 1468 τοῦτον
1678 1417 1756 1468 θέ-

146 1505 326 1574 λουσι,
368 1510 483 1559 τότε
512 1506 664 1559 αὐτὸν
719 1508 829 1558 υἱὸν
867 1514 959 1558 τοῦ
1009 1506 1204 1578 Ἰωσὴφ
1250 1505 1588 1578 ὀνομάζουσι,
1634 1506 1758 1556 ποτε

146 1600 242 1668 μὲν
295 1605 465 1660 τοῦτο,
522 1599 646 1648 ποτε
691 1592 749 1648 δὲ
803 1594 959 1648 ἐκεῖνο
993 1595 1333 1670 φλυαροῦντες
1375 1600 1463 1646 καὶ
1512 1591 1758 1646 οὐδέποτε

146 1695 212 1759 τῇ
285 1684 500 1758 ἀληθείᾳ
551 1686 923 1756 συντιθέμενοι.
1000 1689 1100 1738 Καὶ
1167 1689 1270 1757 μὴν
1345 1683 1522 1737 πολλοὶ
1590 1683 1756 1735 αὐτῶν

148 1773 208 1826 ἐκ
253 1779 487 1848 πορνείας
558 1773 941 1846 ἐγεννήθησαν
998 1773 1219 1836 πολλοὺς
1265 1776 1366 1848 γὰρ
1427 1777 1758 1846 παρανόμους
1790 1791 1829 1843 Β

145 1865 358 1935 γάμους
392 1859 642 1916 Ἰουδαῖοι
673 1862 898 1918 ἐποίουν.
960 1863 1120 1916 Ἀλλὰ
1158 1868 1247 1916 καὶ
1277 1871 1431 1915 τοῦτο
1464 1869 1591 1935 σιγᾷ
1628 1866 1758 1938 πρὸς

149 1956 212 2005 τό
241 1954 362 2026 μεῖζ
366 1973 418 2006 ον
450 1952 745 2026 ἐπειγόμενο
756 1974 794 2015 ς.

230 2132 378 2186 Εἶπεν
414 2164 480 2174 -
516 2132 744 2196 ἐξῆλθον.
775 2131 1102 2204 Ἐγεννήθην,
1130 2135 1161 2190 ἧ
1197 2130 1509 2190 ἀπεστάλην.

233 2227 330 2275 Καὶ
364 2225 494 2280 ἥκω.
531 2226 661 2294 Πρὸς
691 2223 846 2294 ὑμᾶς.

229 2308 368 2363 Ούὸε
396 2342 459 2352 ——
493 2309 727 2369 ἐλήλυθα.
757 2309 883 2362 Ἀπὸ
912 2306 1051 2362 ἰδίου
1085 2309 1365 2383 θελήματος
1389 2326 1400 2336 ·
1435 2310 1493 2362 οῦ
1522 2311 1622 2382 γὰρ
1647 2312 1756 2381 ἔχω

149 2398 295 2453 ἴδιον
323 2399 539 2473 θέλημα,
574 2401 636 2460 ὡς
666 2398 911 2460 πολλάκις
942 2402 1166 2473 εἴρηται.

227 2579 362 2633 Ἀλλ’
422 2611 487 2620 -—-
552 2577 866 2633 ἀπέστειλεν.
935 2578 1018 2640 Ὠς
1080 2582 1253 2654 πατὴρ
1317 2580 1448 2645 υἱόν,
1507 2580 1576 2638 ὡς
1637 2584 1755 2640 νοῦς

143 2665 323 2735 λόγον.

224 2758 369 2806 Διάτί
399 2785 462 2793 -
484 2758 797 2824 γινώσκετε;
831 2757 974 2805 Διατί
997 2754 1064 2805 τὰ
1081 2752 1329 2825 λεγόμενα
1349 2752 1472 2825 παρ’
1494 2750 1617 2824 ἐμοῦ
1644 2751 1750 2822 {57)

143 2844 208 2896 ού
237 2851 424 2908 νοεῖτε;
459 2840 586 2895 Εἶτα
612 2845 936 2917 προστίθησι
963 2847 1052 2895 καὶ
1079 2847 1174 2901 τὴν
1204 2842 1375 2894 αἰτιαν
1398 2848 1489 2894 τοῦ
1519 2845 1590 2914 μὴ
1623 2848 1752 2894 νοεῖν

143 2934 338 2993 αύτούς
364 2933 517 2985 αὐτά.

222 3021 342 3073 Ὀτι
387 3053 454 3061 -
494 3019 635 3092 ἐμόν.
680 3024 772 3085 Τὸ,
830 3020 905 3072 Ού
961 3017 1208 3083 δύνασθε,
1257 3021 1314 3071 τὸ
1367 3018 1442 3071 Ού
1503 3017 1754 3090 βούλεσθε

147 3115 400 3182 σημαίνει
425 3117 531 3176 νῦν,
565 3111 646 3161 ὅτι
695 3109 752 3160 οῦ
786 3107 1038 3180 βούλεσθε
1069 3111 1298 3160 συνιέναι
1350 3111 1435 3158 τόν
1481 3106 1630 3177 λόγον
1668 3110 1752 3158 τόν
1789 3148 1830 3203 C

143 3197 288 3268 ἐμὸν,
324 3202 408 3249 τὸν
442 3202 558 3269 περὶ
591 3195 888 3268 δογμάτων,
923 3194 1015 3249 διὰ
1044 3196 1343 3268 φαυλότητα
1371 3195 1555 3266 ψυχῆς
1575 3199 1752 3266 χαμαὶ

142 3291 438 3357 συρομένης
490 3292 579 3338 καὶ
647 3282 814 3357 μηδὲν
863 3284 1060 3356 ὑψηλόν
1137 3288 1546 3356 φανταζομένης.
1610 3284 1752 3336 Ἐπεὶ

142 3373 207 3428 δὲ
261 3375 551 3447 ἐτόλμησαν
622 3374 777 3427 εἶπεῖν
834 3379 1034 3448 πατέρα
1102 3374 1294 3426 ἑαυτῶν
1358 3377 1445 3424 τὸν
1520 3375 1641 3426 Θεὸν
1703 3374 1752 3423 οἱ

141 3464 343 3527 ἀνάξιοι
406 3470 495 3515 καὶ
561 3471 656 3524 τῆς
709 3471 798 3515 τοῦ
861 3461 1100 3536 Ἀϐραὰμ
1171 3467 1484 3534 συγγενείας,
1553 3460 1750 3536 παρῥη·

142 3555 387 3614 σιάζεται
435 3558 524 3606 καὶ
582 3552 764 3624 ἐπάγει
813 3555 1036 3617 τούτοις,
1098 3555 1165 3614 ὡς
1232 3551 1474 3614 ἀνιάτοις,
1527 3570 1749 3624 φανερω-

140 3647 294 3717 τέραν
325 3642 546 3714 πληγὴν,
587 3641 897 3716 ἀντίρροπον
1091 3650 1184 3702 τῆς
1243 3639 1626 3712 ἀναισχυντίας
1661 3639 1750 3691 αύ-

139 3739 266 3796 τών,
333 3731 692 3784 καταστέλλων
749 3734 807 3782 τὸ
863 3733 1085 3802 φύσημα
1135 3733 1350 3782 καὶτὸν
1402 3734 1599 3801 κόμπον
1652 3737 1748 3780 τῶν

141 3820 428 3884 ἀλαζόνων.

215 3910 380 3982 Ὑμεῖς
455 3941 520 3949 -
587 3907 720 3962 ἐστέ.
791 3907 956 3981 Ὑμεῖς
1018 3907 1074 3960 ἐκ
1136 3915 1228 3960 τοῦ
1292 3908 1488 3982 πὰτρός
1556 3905 1746 3959 ἐκείνου

137 3997 260 4052 ἕστε
325 4006 416 4050 τοῦ
492 3995 773 4051 διαϐόλου·
826 3998 967 4070 ὑμῶν
1036 4000 1204 4069 πατὴρ
1279 3995 1462 4057 ἐκεῖνός
1534 3995 1673 4048 ἐστιν
1722 3997 1748 4047 ό

138 4084 409 4149 διάϐολος.

216 4182 318 4230 Καὶ
348 4207 416 4217 —
449 4183 630 4228 ποιεῖν.
686 4182 789 4228 Τοῦ
840 4177 1041 4247 πατρὸς
1089 4176 1230 4247 ὑμῶν
1262 4173 1477 4226 ἐκεινου.
1541 4173 1745 4226 Ἐπιθυο

134 4271 260 4338 μίαι
292 4270 402 4333 (59)
436 4261 495 4317 δὲ
538 4264 698 4316 αὐτοῦ
737 4267 794 4316 τὸ
827 4262 1266 4337 ἀνθρωποκτονεῖν
1309 4266 1400 4314 καὶ
1429 4265 1486 4313 τὸ
1531 4258 1744 4332 ψεῦδος,

136 4358 308 4407 εἴτουν
363 4356 388 4405 ό
448 4352 654 4415 σκολιὸς
707 4357 796 4404 καὶ
840 4349 1216 4425 διεφθαρμένος
1265 4349 1402 4423 βίος,
1449 4353 1518 4412 ὡς
1570 4349 1748 4422 ἐφεξῆς

136 4443 267 4516 ἐρεῖ.

207 4533 430 4590 Ἐκεῖνος
489 4562 553 4570 -
599 4529 794 4602 ἀρχῆς.
867 4533 965 4582 Τόν
1019 4537 1224 4602 πρῶτον
1293 4529 1562 4600 ἄνθρωπον
1615 4528 1747 4580 κτεί-
1780 4499 1824 4553 D

134 4641 250 4688 νας,
315 4623 400 4672 τόν
472 4616 680 4692 Ἀδάμο
752 4621 908 4680 αὐτὸς
974 4621 1075 4692 γὰρ
1161 4617 1298 4687 αὐτῷ
1378 4620 1464 4669 τόν
1531 4619 1747 4669 θάνατον

134 4709 475 4786 προεξένησεν
501 4728 512 4740 ο
549 4705 658 4762 εἶτα
687 4713 776 4760 καὶ
806 4712 892 4760 τὸν
922 4710 1032 4760 υἱὸν
1059 4707 1221 4760 αὐτοῦ
1244 4710 1329 4759 τόν
1354 4705 1508 4760 ’Ἅϐελ
1541 4705 1744 4762 ἀνελών.

135 4801 312 4861 Αύτός
349 4801 450 4872 γὰρ
497 4803 588 4850 καὶ
640 4797 781 4869 αὐτῷ
840 4799 926 4848 τὸν
986 4792 1205 4868 ἀδελφὸν
1259 4798 1384 4849 Κάϊν
1434 4794 1748 4854 ἐπανίστησι

133 4896 253 4948 κινή
266 4909 362 4950 σας
396 4896 467 4958 τῷ
495 4889 688 4960 φθόνῳ,

213 4983 316 5031 Καὶ
367 5007 432 5016 -
489 4977 725 5034 ἔστηκεν.
777 4974 888 5027 Οὐκ
945 4972 1169 5047 ἐμμένει,
1226 4977 1515 5038 τουτέστιν,
1571 4972 1619 5025 ἐν
1675 4983 1746 5046 τῷ

139 5068 281 5138 ὀρθῷ
329 5065 430 5137 βίῳ
459 5065 552 5117 οὐκ
601 5064 940 5136 ἀναπαύεται,
996 5062 1124 5116 ἀλλὰ
1169 5070 1318 5136 μισεῖ
1367 5067 1460 5122 την
1498 5066 1747 5122 τοιαύτην

143 5153 426 5206 πολιτείαν.

1146 305 1516 363 COMMENT.
1559 305 1632 363 IN
1669 304 2020 362 JOANNEM.
2063 337 2132 348 -—
2169 306 2320 364 CAP.
2363 307 2504 363 VIII.

3386 309 3410 364 1
3421 309 3526 367 298

1869 430 2190 505 appellant,
2217 449 2355 489 cum
2386 433 2612 490 Christo
2639 432 2858 490 dicenti
2903 432 3136 490 Patrem
3176 450 3355 492 suum
3393 450 3524 492 esse

1869 521 2056 577 Deum
2091 521 2542 591 indignarentur
2570 523 2597 578 ‘I
2631 524 2777 589 Quia
2809 523 2904 578 ille
2931 531 3144 580 natura
3188 540 3366 579 suum
3393 539 3524 580 esse

1867 610 2098 666 Patrem
2131 612 2378 666 dicebat.
2408 611 2578 678 Quod
2612 618 2808 669 autem
2839 613 3045 669 dicunt
3078 630 3092 668 :
3119 614 3243 669 Nos
3271 620 3524 682 estupro

1865 701 1998 756 nati
2021 716 2132 756 non
2164 717 2378 772 sumus,
2422 701 2767 772 intelligitur
2787 708 3029 774 propter
3060 709 3266 772 gentes
3293 719 3422 773 quas
3445 703 3523 759 ab

1867 789 2077 845 lsmael
2129 790 2601 857 descendebant,
2657 793 2762 863 qui
2820 806 2892 847 ex
2948 791 3143 846 servili
3197 807 3524 862 congressu

1865 879 2139 949 Abrahtn,
2174 897 2245 936 ex
2275 887 2430 950 Agar
2462 881 2734 937 videlicet
2764 881 2982 937 ancilla
3012 886 3188 937 natus
3214 887 3357 946 erat,
3386 897 3524 936 cum

1865 968 1977 1041 ipsi
2009 969 2086 1024 ab
2108 969 2268 1025 Isaac
2293 970 2744 1036 descenderent,
2769 970 2874 1043 qui
2896 987 2966 1025 ex
2983 970 3248 1041 legitimo
3275 970 3524 1026 Abrahw

1865 1057 2275 1124 matrimonio,
2296 1075 2369 1115 ex
2393 1059 2570 1117 Sarra
2589 1059 2838 1116 domina
2863 1060 3053 1135 ipsius
3078 1065 3234 1131 Agar
3251 1067 3376 1116 erat
3393 1075 3525 1133 pro-

1867 1147 2120 1215 genitus.

1937 1236 2147 1291 Dicunt
2185 1242 2386 1292 autem
2427 1237 2631 1311 aliqui,
2676 1237 2842 1311 quod
2886 1239 2964 1296 ad
3003 1237 3369 1296 inferendam
3412 1237 3526 1311 ipsi

1863 1323 2148 1394 injuriam
2180 1327 2294 1382 hoc
2329 1328 2588 1383 dixerint
2641 1327 3036 1384 exsecrabiles
3076 1327 3178 1392 illi,
3236 1344 3307 1384 eo
3359 1327 3521 1401 quod

1865 1413 2123 1470 dicerent
2186 1431 2304 1472 non
2363 1432 2494 1473 esse
2552 1433 2691 1474 eum
2747 1422 2964 1474 natura
3031 1417 3221 1473 tilium
3279 1418 3521 1490 Joseph.

1865 1503 2116 1567 Quando
2180 1512 2380 1560 autem
2462 1510 2769 1562 attenuare
2847 1523 2986 1562 eum
3065 1494 3293 1573 volunt,
3388 1511 3525 1562 tunc

1865 1590 2053 1646 ﬁlium
2078 1592 2299 1666 Joseph
2331 1595 2534 1667 ipsum
2566 1596 2902 1668 appellant,
2947 1595 3247 1651 interdum
3279 1596 3524 1669 quidem

1866 1679 2000 1743 hoc.
2034 1682 2333 1738 interdum
2363 1700 2502 1741 vero
2536 1685 2681 1740 illud
2729 1689 3046 1756 nugantes,
3108 1693 3163 1741 et.
3207 1701 3523 1758 nunquam

1869 1770 2090 1826 veritati
2135 1772 2526 1829 adhaerentes.
2586 1774 2764 1847 Atqui
2825 1774 2990 1830 multi
3031 1790 3290 1830 eorume
3320 1781 3524 1845 stupro

1869 1859 2176 1916 natierant
2208 1861 2441 1928 ;multis
2467 1879 2729 1935 namque
2753 1862 3306 1936 illegitimisnuptiis
3335 1863 3522 1920 Judaei

1868 1949 2312 2020 copulabantur
2342 1969 2355 2019 ;
2406 1968 2616 2008 verum
2645 1952 2774 2009 silet
2807 1952 2987 2009 etiam
3027 1952 3161 2018 hoc,
3188 1968 3522 2026 properans

1867 2039 1940 2094 ad
1966 2039 2027 2094 id
2058 2039 2224 2112 quod
2258 2043 2455 2111 majus
2486 2046 2594 2097 est.

1937 2145 2091 2184 vers.
2115 2129 2206 2184 42.
2247 2131 2346 2185 Ait
2371 2162 2440 2171 —
2467 2131 2646 2188 exivi.
2709 2131 2915 2197 Natus,
2947 2131 3039 2188 vel
3080 2132 3303 2187 missus
3361 2147 3522 2200 sum.

1939 2217 2108 2273 Vers.
2148 2218 2234 2274 42.
2277 2219 2354 2275 Ει
2387 2219 2536 2276 veni.
2565 2221 2649 2276 Ad
2683 2236 2808 2277 vos.

1937 2310 2098 2363 Vers.
2133 2309 2221 2363 42.
2261 2309 2457 2381 Neque
2508 2341 2576 2349 —
2623 2311 2842 2366 veni.A
2889 2308 3130 2382 propria
3185 2309 3517 2375 voluntate,

1865 2413 2001 2452 cum
2029 2397 2334 2470 propriam
2366 2413 2483 2454 non
2507 2398 2769 2455 habeam
2793 2397 3179 2463 voluntatem,
3207 2403 3269 2454 ut
3299 2399 3521 2472 saepius

1864 2485 2089 2542 dictum
2122 2491 2228 2542 est.

1938 2578 2095 2631 Vers.
2129 2575 2216 2630 42.
2244 2575 2353 2632 Sed
2393 2606 2461 2617 —
2489 2577 2663 2632 misit.
2697 2578 2764 2633 Ut
2815 2580 2984 2650 pater
3012 2576 3228 2644 ﬁlium,
3262 2581 3320 2632 ut
3348 2592 3520 2634 mens

1865 2665 2138 2721 verbum.

1941 2755 2096 2810 Vers.
2135 2758 2223 2812 43.
2270 2755 2460 2824 Quare
2489 2787 2556 2796 —-
2595 2756 2913 2827 agnoscitis
2935 2759 2960 2810 .9
2989 2758 3179 2822 Quare
3209 2770 3279 2813 ea
3307 2771 3444 2829 quae
3485 2771 3522 2812 a

1865 2860 1962 2899 me
1979 2843 2280 2914 dicuntur,
2304 2861 2420 2900 non
2455 2844 2775 2916 intelligitis
2805 2847 2832 2902 ?
2863 2844 3080 2901 Deinde
3110 2845 3276 2902 addit
3306 2851 3363 2902 et
3388 2861 3522 2901 cau-

1865 2949 2016 3001 sam,
2048 2949 2153 2988 cur
2183 2933 2294 3004 ipsi
2323 2949 2444 2988 non
2473 2933 2867 3004 intelligerent
2888 2933 3007 2990 illa.

1935 3022 2104 3076 Vers.
2133 3023 2222 3076 43.
2259 3023 2402 3090 Quia
2431 3053 2498 3062 —
2530 3038 2740 3079 meum.
2777 3054 2842 3062 —
2863 3023 2998 3079 Non
3021 3023 3285 3094 potestis,
3342 3022 3520 3093 signi.

1865 3109 2003 3165 ﬁcat
2029 3126 2206 3175 nunc,
2241 3111 2363 3165 Non
2392 3111 2589 3166 vultis.
2627 3112 2776 3177 Quia
2803 3127 2922 3166 non
2951 3111 3144 3175 vultis,
3183 3112 3395 3184 inquit,
3427 3113 3520 3166 in-

1864 3197 2120 3267 telligere
2147 3215 2482 3254 sermonem
2502 3216 2724 3262 meum,
2757 3200 2946 3272 quide
2979 3199 3216 3254 sublimi
3247 3199 3519 3256 doctrina

1862 3291 1966 3350 est,
2004 3291 2243 3358 propter
2255 3287 2471 3342 animas
2496 3292 2702 3342 vestrae
2719 3287 3066 3360 pravitatem
3083 3304 3215 3361 quas
3229 3287 3396 3343 humi
3419 3289 3518 3344 de-

1861 3379 2050 3430 tracta
2077 3380 2186 3443 est,
2221 3381 2275 3429 et
2308 3375 2454 3430 nihil
2492 3375 2748 3432 sublime
2779 3375 3164 3445 imaginatur.
3199 3376 3348 3444 Quia
3378 3392 3516 3432 vero

1860 3463 2055 3518 dicere
2087 3464 2211 3519 ausi
2245 3464 2498 3529 fuerant,
2522 3470 2753 3536 patrem
2777 3481 2954 3520 suum
2986 3480 3112 3520 esse
3140 3466 3346 3532 Deum,
3377 3481 3518 3523 cum

1859 3552 2111 3609 Abrahae
2141 3553 2496 3623 cognatione
2529 3553 2758 3624 indigni
2783 3559 3002 3620 essent,
3026 3553 3208 3609 libere
3236 3554 3514 3626 loquitur,

1859 3649 1916 3698 et
1944 3643 2002 3697 in
2032 3659 2134 3698 eos
2161 3642 2943 3715 tanquamimmedicabiles
2963 3642 3339 3700 manifestius
3367 3643 3518 3700 inﬂi-

1859 3733 1940 3802 git
1971 3732 2203 3798 vulnus,
2241 3732 2403 3802 quod
2434 3733 2701 3804 ipsorum
2725 3731 3110 3805 impudentiae
3137 3733 3515 3806 respondeat,

1859 3821 2218 3876 inﬂationem
2250 3837 2315 3876 ac
2345 3821 2665 3876 elationem
2710 3822 3120 3891 arrogantium
3151 3821 3508 3894 reprimens.

1932 3910 2092 3966 Vers.
2127 3910 2214 3966 44.
2256 3912 2362 3966 Vos
2390 3942 2458 3950 —
2505 3911 2658 3966 estis.
2693 3911 2813 3966 Vos
2854 3927 2925 3967 ex
2979 3915 3147 3984 patre
3192 3910 3292 3967 illo
3349 3911 3514 3980 estis,

1859 4015 2074 4071 nempe
2110 3999 2344 4055 diabolo
2377 4019 2389 4068 ;
2423 4006 2614 4055 vester
2644 3999 2737 4054 ille
2770 4005 2938 4071 pater
2975 4004 3084 4066 est,
3126 3999 3403 4056 diabolus
3435 4001 3518 4056 vi-

1857 4086 2086 4141 delicet.

1930 4179 2086 4231 Vers.
2133 4179 2220 4231 44.
2263 4177 2338 4230 Et
2367 4208 2435 4215 —
2467 4177 2724 4246 explere.
2768 4175 2958 4230 Patris
2989 4175 3142 4230 illius
3174 4176 3344 4232 vestri
3373 4198 3384 4240 ;
3418 4177 3517 4232 de-

1858 4263 2072 4318 sideria
2087 4271 2282 4319 autem
2300 4265 2456 4318 illius
2479 4272 2619 4319 sunt
2635 4264 3016 4318 homicidium
3036 4270 3091 4318 et
3110 4264 3514 4331 mendacium,

1859 4354 1980 4408 sive
2007 4351 2251 4424 obliqua
2291 4358 2346 4408 et
2392 4358 2675 4425 corrupta
2704 4353 2842 4416 vita,
2873 4352 3052 4408 veluti
3083 4358 3518 4429 consequenter

1858 4441 2034 4497 dicet.

1928 4530 2092 4586 Vers.
2125 4529 2215 4584 44.
2254 4529 2360 4586 Ille
2391 4561 2454 4570 —
2485 4530 2669 4586 initio.
2706 4531 3017 4587 Interfecto
3046 4530 3242 4603 primo
3275 4530 3515 4586 homine

1857 4619 2044 4675 Adam
2083 4639 2094 4678 :
2125 4635 2268 4674 nam
2297 4618 2424 4690 ipse
2468 4623 2720 4675 mortem
2763 4619 2843 4676 illi
2896 4619 3227 4692 propinavit
3257 4636 3269 4674 :
3299 4618 3516 4676 deinde

1857 4709 2034 4764 etiam
2067 4708 2264 4763 occiso
2290 4707 2410 4762 ﬁlio
2460 4707 2615 4762 illius
2663 4707 2828 4776 Abel,
2875 4709 3173 4781 siquidem
3219 4707 3346 4781 ipse
3382 4707 3518 4765 fecit

1856 4797 2094 4852 fratrem
2118 4797 2246 4867 ejus
2277 4797 2417 4853 Cain
2452 4797 2511 4852 in
2542 4813 2680 4853 eum
2711 4798 3040 4868 insurgere,
3067 4814 3206 4854 cum
3240 4798 3407 4871 prius
3437 4797 3515 4854 ad

1857 4885 2143 4940 invidiam
2183 4883 2349 4940 illum
2383 4885 2689 4942 movisset.

1929 4973 2096 5030 Vers.
2131 4976 2216 5028 44.
2253 4973 2614 5030 Et—stetit.
2659 4976 2786 5030 Non
2839 4974 3188 5047 permansit,
3245 4975 3356 5030 hoc
3403 4979 3510 5044 est,

1858 5063 1919 5120 in
1949 5069 2107 5119 recta
2130 5061 2232 5118 via
2270 5078 2389 5119 non
2422 5062 2692 5135 quiescit,
2727 5063 2832 5120 sed
2860 5063 2984 5120 odit
3008 5064 3347 5143 hujusmodi
3376 5079 3515 5120 con-

1864 5154 2282 5209 versationem.

1354 5330 1576 5398 Variae
1625 5331 1952 5400 lectiones
2000 5342 2065 5398 et
2106 5339 2308 5398 notas.

212 5528 325 5600 (54)
366 5529 690 5600 Γεγενημεθα
724 5534 782 5582 Α.

239 5601 327 5671 55)
365 5599 600 5654 Inclusa
624 5599 972 5655 exciderunt
1004 5606 1065 5653 Δ.

240 5669 326 5743 36)
369 5674 450 5726 Ita
478 5671 760 5743 Origenes
791 5675 936 5743 tom.
981 5671 1070 5735 ιν,
1103 5685 1162 5743 p.
1194 5673 1295 5726 327
1329 5669 1389 5726 Β.

240 5741 328 5815 57)
363 5741 492 5817 Παρ’
519 5740 664 5817 ἐμοῦ,
698 5747 836 5816 post
862 5741 920 5795 ού
945 5740 1124 5799 νοεῖτε.
1157 5748 1192 5794 Β

1926 5527 2041 5600 (58)
2081 5529 2294 5603 Πληγην
2351 5527 2737 5603 ἀναντίρρητονᾷ
2769 5528 3073 5603 Α,ηω818.
3117 5527 3266 5584 Illud
3332 5526 3516 5582 habet

1857 5600 2034 5673 etiam
2060 5602 2364 5672 Chrysost.
2398 5607 2438 5656 t.
2472 5600 2594 5666 viii,
2626 5617 2688 5673 p.
2714 5601 2820 5656 3-t8
2857 5602 2920 5658 Ε.

1930 5671 2042 5742 (59)
2089 5671 2400 5746 Ἐπιθυμίας
2429 5673 2498 5728 Α.
