  <div class='ocr_page' id='page_1' title='image "/cluster/home/n/w/nwhite01/storage/ocr_20150623/129/hvd.32044019208511/720.png"; bbox 0 0 4098 6430; ppageno 0'>
   <div class='ocr_carea' id='block_1_1' title="bbox 147 309 290 368">
    <p class='ocr_par' dir='ltr' id='par_1_1' title="bbox 147 309 290 368">
     <span class='ocr_line' id='line_1_1' title="bbox 147 309 290 368; baseline 0 -1"><span class='ocrx_word' id='word_1_1' title='bbox 147 309 290 368; x_wconf 71' lang='grc'>1297</span> 
     </span>
    </p>
   </div>
   <div class='ocr_carea' id='block_1_2' title="bbox 138 429 1821 512">
    <p class='ocr_par' dir='ltr' id='par_1_2' title="bbox 138 429 1821 512">
     <span class='ocr_line' id='line_1_2' title="bbox 138 429 1821 512; baseline -0.002 -22"><span class='ocrx_word' id='word_1_2' title='bbox 138 440 225 490; x_wconf 87' lang='grc' dir='ltr'>τὸν</span> <span class='ocrx_word' id='word_1_3' title='bbox 281 438 429 502; x_wconf 87' lang='grc' dir='ltr'>Θεὸν,</span> <span class='ocrx_word' id='word_1_4' title='bbox 482 443 555 507; x_wconf 81' lang='grc' dir='ltr'>τῷ</span> <span class='ocrx_word' id='word_1_5' title='bbox 615 429 674 489; x_wconf 75' lang='grc' dir='ltr'>δε</span> <span class='ocrx_word' id='word_1_6' title='bbox 727 441 939 512; x_wconf 82' lang='grc' dir='ltr'>Χριστῷ</span> <span class='ocrx_word' id='word_1_7' title='bbox 972 438 1178 510; x_wconf 73' lang='grc' dir='ltr'>Πατέρα</span> <span class='ocrx_word' id='word_1_8' title='bbox 1225 429 1360 486; x_wconf 85' lang='grc' dir='ltr'>’ίδιον</span> <span class='ocrx_word' id='word_1_9' title='bbox 1409 431 1606 504; x_wconf 82' lang='grc' dir='ltr'>λέγοντι</span> <span class='ocrx_word' id='word_1_10' title='bbox 1657 433 1741 484; x_wconf 87' lang='grc' dir='ltr'>τὸν</span> <span class='ocrx_word' id='word_1_11' title='bbox 1775 433 1821 486; x_wconf 85' lang='grc' dir='ltr'><strong>Α</strong></span> 
     </span>
    </p>
   </div>
   <div class='ocr_carea' id='block_1_3' title="bbox 141 522 1745 598">
    <p class='ocr_par' dir='ltr' id='par_1_3' title="bbox 141 522 1745 598">
     <span class='ocr_line' id='line_1_3' title="bbox 141 522 1745 598; baseline -0.006 -17"><span class='ocrx_word' id='word_1_12' title='bbox 141 529 271 581; x_wconf 79' lang='grc' dir='ltr'>Θεὸν</span> <span class='ocrx_word' id='word_1_13' title='bbox 344 525 725 598; x_wconf 75' lang='grc' dir='ltr'>ἐχαλέπαινον;</span> <span class='ocrx_word' id='word_1_14' title='bbox 817 529 958 577; x_wconf 87' lang='grc' dir='ltr'>Διότι</span> <span class='ocrx_word' id='word_1_15' title='bbox 1046 522 1230 585; x_wconf 81' lang='grc' dir='ltr'>ἐκεῖνος</span> <span class='ocrx_word' id='word_1_16' title='bbox 1313 525 1464 594; x_wconf 75' lang='grc' dir='ltr'>φύσει</span> <span class='ocrx_word' id='word_1_17' title='bbox 1537 523 1745 593; x_wconf 79' lang='grc' dir='ltr'>Πατέρα</span> 
     </span>
    </p>
   </div>
   <div class='ocr_carea' id='block_1_4' title="bbox 143 609 1742 686">
    <p class='ocr_par' dir='ltr' id='par_1_4' title="bbox 143 609 1742 686">
     <span class='ocr_line' id='line_1_4' title="bbox 143 609 1742 686; baseline -0.004 -19"><span class='ocrx_word' id='word_1_18' title='bbox 143 616 327 668; x_wconf 79' lang='grc' dir='ltr'>ἑαυτοῦ</span> <span class='ocrx_word' id='word_1_19' title='bbox 372 614 534 686; x_wconf 80' lang='grc' dir='ltr'>ἔλεγεν</span> <span class='ocrx_word' id='word_1_20' title='bbox 586 614 760 668; x_wconf 73' lang='grc' dir='ltr'>αὐτόν.</span> <span class='ocrx_word' id='word_1_21' title='bbox 812 618 882 666; x_wconf 91' lang='lat' dir='ltr'><strong>T6</strong></span> <span class='ocrx_word' id='word_1_22' title='bbox 938 611 1018 682; x_wconf 75' lang='grc' dir='ltr'>δὲ,</span> <span class='ocrx_word' id='word_1_23' title='bbox 1073 612 1246 685; x_wconf 80' lang='grc' dir='ltr'>Ἡμεῖς</span> <span class='ocrx_word' id='word_1_24' title='bbox 1297 610 1352 662; x_wconf 80' lang='grc' dir='ltr'>ἔκ</span> <span class='ocrx_word' id='word_1_25' title='bbox 1398 615 1636 686; x_wconf 75' lang='grc' dir='ltr'>πορνείας</span> <span class='ocrx_word' id='word_1_26' title='bbox 1685 609 1742 662; x_wconf 84' lang='grc' dir='ltr'>ού</span> 
     </span>
    </p>
   </div>
   <div class='ocr_carea' id='block_1_5' title="bbox 144 698 1746 777">
    <p class='ocr_par' dir='ltr' id='par_1_5' title="bbox 144 698 1746 777">
     <span class='ocr_line' id='line_1_5' title="bbox 144 698 1746 777; baseline -0.006 -19"><span class='ocrx_word' id='word_1_27' title='bbox 144 706 486 777; x_wconf 73' lang='grc' dir='ltr'>γεγεννήμεθα</span> <span class='ocrx_word' id='word_1_28' title='bbox 543 704 655 776; x_wconf 68' lang='grc'>(54)</span> <span class='ocrx_word' id='word_1_29' title='bbox 716 711 908 756; x_wconf 81' lang='grc' dir='ltr'>νοεῖται</span> <span class='ocrx_word' id='word_1_30' title='bbox 963 706 1054 775; x_wconf 74' lang='grc' dir='ltr'>μεν</span> <span class='ocrx_word' id='word_1_31' title='bbox 1109 699 1203 755; x_wconf 76' lang='grc' dir='ltr'>διὰ</span> <span class='ocrx_word' id='word_1_32' title='bbox 1272 704 1338 753; x_wconf 80' lang='grc' dir='ltr'>τὰ</span> <span class='ocrx_word' id='word_1_33' title='bbox 1411 701 1465 763; x_wconf 82' lang='grc' dir='ltr'><strong>ἐξ</strong></span> <span class='ocrx_word' id='word_1_34' title='bbox 1523 698 1746 772; x_wconf 80' lang='grc' dir='ltr'>Ἰσμαήλ</span> 
     </span>
    </p>
   </div>
   <div class='ocr_carea' id='block_1_6' title="bbox 143 788 1743 865">
    <p class='ocr_par' dir='ltr' id='par_1_6' title="bbox 143 788 1743 865">
     <span class='ocr_line' id='line_1_6' title="bbox 143 788 1743 865; baseline -0.003 -21"><span class='ocrx_word' id='word_1_35' title='bbox 143 799 474 865; x_wconf 69' lang='grc' dir='ltr'>καταγόμενα</span> <span class='ocrx_word' id='word_1_36' title='bbox 522 795 662 860; x_wconf 84' lang='grc' dir='ltr'>ἔθνη,</span> <span class='ocrx_word' id='word_1_37' title='bbox 727 795 776 853; x_wconf 83' lang='grc' dir='ltr'>ὃς</span> <span class='ocrx_word' id='word_1_38' title='bbox 831 795 886 844; x_wconf 79' lang='grc' dir='ltr'>ἐκ</span> <span class='ocrx_word' id='word_1_39' title='bbox 939 789 1189 854; x_wconf 77' lang='grc' dir='ltr'>δουλικῆς</span> <span class='ocrx_word' id='word_1_40' title='bbox 1249 789 1554 856; x_wconf 79' lang='grc' dir='ltr'>συμπλοκῆς</span> <span class='ocrx_word' id='word_1_41' title='bbox 1609 788 1743 860; x_wconf 77' lang='grc' dir='ltr'>ἐγεν-</span> 
     </span>
    </p>
   </div>
   <div class='ocr_carea' id='block_1_7' title="bbox 143 876 1746 956">
    <p class='ocr_par' dir='ltr' id='par_1_7' title="bbox 143 876 1746 956">
     <span class='ocr_line' id='line_1_7' title="bbox 143 876 1746 956; baseline -0.004 -21"><span class='ocrx_word' id='word_1_42' title='bbox 143 885 276 940; x_wconf 79' lang='grc' dir='ltr'>νήθη</span> <span class='ocrx_word' id='word_1_43' title='bbox 325 890 399 953; x_wconf 82' lang='grc' dir='ltr'>τῷ</span> <span class='ocrx_word' id='word_1_44' title='bbox 441 882 698 956; x_wconf 76' lang='grc' dir='ltr'>Ἀϐραὰμ,</span> <span class='ocrx_word' id='word_1_45' title='bbox 738 881 815 951; x_wconf 75' lang='grc' dir='ltr'>[ἐξ</span> <span class='ocrx_word' id='word_1_46' title='bbox 846 883 956 953; x_wconf 85' lang='grc'>(55)</span> <span class='ocrx_word' id='word_1_47' title='bbox 1016 880 1185 952; x_wconf 81' lang='grc' dir='ltr'>Ἀγαρ</span> <span class='ocrx_word' id='word_1_48' title='bbox 1230 887 1320 940; x_wconf 78' lang='grc' dir='ltr'>τῆς</span> <span class='ocrx_word' id='word_1_49' title='bbox 1375 876 1595 939; x_wconf 81' lang='grc' dir='ltr'>δούλης’</span> <span class='ocrx_word' id='word_1_50' title='bbox 1657 877 1746 929; x_wconf 80' lang='grc' dir='ltr'>ἅτε</span> 
     </span>
    </p>
   </div>
   <div class='ocr_carea' id='block_1_8' title="bbox 146 968 1744 1044">
    <p class='ocr_par' dir='ltr' id='par_1_8' title="bbox 146 968 1744 1044">
     <span class='ocr_line' id='line_1_8' title="bbox 146 968 1744 1044; baseline -0.004 -20"><span class='ocrx_word' id='word_1_51' title='bbox 146 971 314 1024; x_wconf 79' lang='grc' dir='ltr'>αὐτῶν</span> <span class='ocrx_word' id='word_1_52' title='bbox 370 971 424 1035; x_wconf 77' lang='grc' dir='ltr'><strong>ἐξ</strong></span> <span class='ocrx_word' id='word_1_53' title='bbox 483 971 662 1025; x_wconf 83' lang='grc' dir='ltr'>Ἰσαὰκ</span> <span class='ocrx_word' id='word_1_54' title='bbox 715 975 1098 1044; x_wconf 74' lang='grc' dir='ltr'>καταγομένων,</span> <span class='ocrx_word' id='word_1_55' title='bbox 1151 969 1202 1030; x_wconf 87' lang='grc' dir='ltr'>ὃς</span> <span class='ocrx_word' id='word_1_56' title='bbox 1259 969 1310 1032; x_wconf 75' lang='grc' dir='ltr'>ἐξ</span> <span class='ocrx_word' id='word_1_57' title='bbox 1367 969 1598 1040; x_wconf 78' lang='grc' dir='ltr'>εύγενοῦς</span> <span class='ocrx_word' id='word_1_58' title='bbox 1647 968 1744 1038; x_wconf 75' lang='grc' dir='ltr'>γά-</span> 
     </span>
    </p>
   </div>
   <div class='ocr_carea' id='block_1_9' title="bbox 144 1058 1746 1134">
    <p class='ocr_par' dir='ltr' id='par_1_9' title="bbox 144 1058 1746 1134">
     <span class='ocr_line' id='line_1_9' title="bbox 144 1058 1746 1134; baseline -0.002 -22"><span class='ocrx_word' id='word_1_59' title='bbox 144 1080 244 1134; x_wconf 85' lang='grc' dir='ltr'>μου</span> <span class='ocrx_word' id='word_1_60' title='bbox 277 1060 518 1132; x_wconf 72' lang='grc' dir='ltr'>ἐγεννήθη</span> <span class='ocrx_word' id='word_1_61' title='bbox 571 1069 643 1133; x_wconf 85' lang='grc' dir='ltr'>τῷ</span> <span class='ocrx_word' id='word_1_62' title='bbox 669 1058 954 1134; x_wconf 70' lang='grc' dir='ltr'>’Δϐραάμ,]</span> <span class='ocrx_word' id='word_1_63' title='bbox 989 1059 1043 1112; x_wconf 85' lang='grc' dir='ltr'>ἐκ</span> <span class='ocrx_word' id='word_1_64' title='bbox 1067 1058 1263 1133; x_wconf 74' lang='grc' dir='ltr'>Σάρρας</span> <span class='ocrx_word' id='word_1_65' title='bbox 1299 1067 1395 1118; x_wconf 84' lang='grc' dir='ltr'>τῆς</span> <span class='ocrx_word' id='word_1_66' title='bbox 1436 1060 1618 1131; x_wconf 79' lang='grc' dir='ltr'>κυρίας</span> <span class='ocrx_word' id='word_1_67' title='bbox 1655 1062 1746 1115; x_wconf 86' lang='grc' dir='ltr'>τῆς</span> 
     </span>
    </p>
   </div>
   <div class='ocr_carea' id='block_1_10' title="bbox 144 1150 338 1226">
    <p class='ocr_par' dir='ltr' id='par_1_10' title="bbox 144 1150 338 1226">
     <span class='ocr_line' id='line_1_10' title="bbox 144 1150 338 1226; baseline -0.01 -22"><span class='ocrx_word' id='word_1_68' title='bbox 144 1150 338 1226; x_wconf 79' lang='grc' dir='ltr'>Ἀγαρ.</span> 
     </span>
    </p>
   </div>
   <div class='ocr_carea' id='block_1_11' title="bbox 219 1236 1746 1312">
    <p class='ocr_par' dir='ltr' id='par_1_11' title="bbox 219 1236 1746 1312">
     <span class='ocr_line' id='line_1_11' title="bbox 219 1236 1746 1312; baseline -0.005 -18"><span class='ocrx_word' id='word_1_69' title='bbox 219 1245 448 1312; x_wconf 86' lang='grc' dir='ltr'>Λέγουσι</span> <span class='ocrx_word' id='word_1_70' title='bbox 488 1239 601 1312; x_wconf 87' lang='grc'>(56)</span> <span class='ocrx_word' id='word_1_71' title='bbox 643 1236 702 1292; x_wconf 85' lang='grc' dir='ltr'>δί</span> <span class='ocrx_word' id='word_1_72' title='bbox 744 1259 877 1302; x_wconf 86' lang='grc' dir='ltr'>τινες</span> <span class='ocrx_word' id='word_1_73' title='bbox 920 1241 1000 1292; x_wconf 82' lang='grc' dir='ltr'>ὅτι</span> <span class='ocrx_word' id='word_1_74' title='bbox 1044 1241 1167 1311; x_wconf 83' lang='grc' dir='ltr'>πρὸς</span> <span class='ocrx_word' id='word_1_75' title='bbox 1211 1237 1358 1311; x_wconf 79' lang='grc' dir='ltr'>ὕϐριν</span> <span class='ocrx_word' id='word_1_76' title='bbox 1387 1236 1547 1289; x_wconf 82' lang='grc' dir='ltr'>αύτοῦ</span> <span class='ocrx_word' id='word_1_77' title='bbox 1594 1241 1746 1287; x_wconf 88' lang='grc' dir='ltr'>τοῦτο</span> 
     </span>
    </p>
   </div>
   <div class='ocr_carea' id='block_1_12' title="bbox 147 1322 1746 1400">
    <p class='ocr_par' dir='ltr' id='par_1_12' title="bbox 147 1322 1746 1400">
     <span class='ocr_line' id='line_1_12' title="bbox 147 1322 1746 1400; baseline -0.006 -17"><span class='ocrx_word' id='word_1_78' title='bbox 147 1327 286 1383; x_wconf 85' lang='grc' dir='ltr'>εἶπον</span> <span class='ocrx_word' id='word_1_79' title='bbox 329 1332 379 1382; x_wconf 78' lang='grc' dir='ltr'>οἰ</span> <span class='ocrx_word' id='word_1_80' title='bbox 436 1328 646 1400; x_wconf 74' lang='grc' dir='ltr'>ἐναγεῖς,</span> <span class='ocrx_word' id='word_1_81' title='bbox 682 1325 775 1382; x_wconf 80' lang='grc' dir='ltr'>διὰ</span> <span class='ocrx_word' id='word_1_82' title='bbox 803 1332 860 1381; x_wconf 87' lang='grc' dir='ltr'>τὸ</span> <span class='ocrx_word' id='word_1_83' title='bbox 890 1328 1130 1399; x_wconf 81' lang='grc' dir='ltr'>λέγεσθαι</span> <span class='ocrx_word' id='word_1_84' title='bbox 1187 1327 1342 1379; x_wconf 85' lang='grc' dir='ltr'>αύτὸν</span> <span class='ocrx_word' id='word_1_85' title='bbox 1379 1331 1449 1399; x_wconf 79' lang='grc' dir='ltr'>μή</span> <span class='ocrx_word' id='word_1_86' title='bbox 1498 1322 1625 1378; x_wconf 73' lang='grc' dir='ltr'>εἶναι</span> <span class='ocrx_word' id='word_1_87' title='bbox 1657 1327 1746 1396; x_wconf 76' lang='grc' dir='ltr'>φύ-</span> 
     </span>
    </p>
   </div>
   <div class='ocr_carea' id='block_1_13' title="bbox 149 1414 1744 1491">
    <p class='ocr_par' dir='ltr' id='par_1_13' title="bbox 149 1414 1744 1491">
     <span class='ocr_line' id='line_1_13' title="bbox 149 1414 1744 1491; baseline -0.004 -19"><span class='ocrx_word' id='word_1_88' title='bbox 149 1439 229 1472; x_wconf 89' lang='grc' dir='ltr'>σει</span> <span class='ocrx_word' id='word_1_89' title='bbox 263 1422 369 1471; x_wconf 79' lang='grc' dir='ltr'>υἱὸν</span> <span class='ocrx_word' id='word_1_90' title='bbox 417 1427 510 1472; x_wconf 84' lang='grc' dir='ltr'>τοῦ</span> <span class='ocrx_word' id='word_1_91' title='bbox 559 1419 774 1491; x_wconf 74' lang='grc' dir='ltr'>Ἰωσήφ.</span> <span class='ocrx_word' id='word_1_92' title='bbox 823 1417 944 1471; x_wconf 86' lang='grc' dir='ltr'>Ὅτε</span> <span class='ocrx_word' id='word_1_93' title='bbox 978 1414 1036 1470; x_wconf 79' lang='grc' dir='ltr'>δὲ</span> <span class='ocrx_word' id='word_1_94' title='bbox 1072 1416 1384 1480; x_wconf 82' lang='grc' dir='ltr'>ἑξευτελίσαι</span> <span class='ocrx_word' id='word_1_95' title='bbox 1442 1423 1618 1467; x_wconf 90' lang='grc' dir='ltr'>τοῦτον</span> <span class='ocrx_word' id='word_1_96' title='bbox 1667 1415 1744 1466; x_wconf 84' lang='grc' dir='ltr'>θέ-</span> 
     </span>
    </p>
   </div>
   <div class='ocr_carea' id='block_1_14' title="bbox 142 1504 1747 1578">
    <p class='ocr_par' dir='ltr' id='par_1_14' title="bbox 142 1504 1747 1578">
     <span class='ocr_line' id='line_1_14' title="bbox 142 1504 1747 1578; baseline -0.004 -17"><span class='ocrx_word' id='word_1_97' title='bbox 142 1509 316 1576; x_wconf 85' lang='grc' dir='ltr'>λουσι,</span> <span class='ocrx_word' id='word_1_98' title='bbox 357 1513 472 1562; x_wconf 89' lang='grc' dir='ltr'>τότε</span> <span class='ocrx_word' id='word_1_99' title='bbox 501 1508 654 1561; x_wconf 75' lang='grc' dir='ltr'>αὐτὸν</span> <span class='ocrx_word' id='word_1_100' title='bbox 709 1509 818 1559; x_wconf 84' lang='grc' dir='ltr'>υἱόν</span> <span class='ocrx_word' id='word_1_101' title='bbox 856 1515 948 1559; x_wconf 86' lang='grc' dir='ltr'>τοῦ</span> <span class='ocrx_word' id='word_1_102' title='bbox 998 1507 1194 1578; x_wconf 73' lang='grc' dir='ltr'>Ἰωσήφ</span> <span class='ocrx_word' id='word_1_103' title='bbox 1239 1505 1577 1578; x_wconf 75' lang='grc' dir='ltr'>ὀνομάζουσι,</span> <span class='ocrx_word' id='word_1_104' title='bbox 1623 1504 1747 1555; x_wconf 76' lang='grc' dir='ltr'>ποτε</span> 
     </span>
    </p>
   </div>
   <div class='ocr_carea' id='block_1_15' title="bbox 142 1589 1748 1671">
    <p class='ocr_par' dir='ltr' id='par_1_15' title="bbox 142 1589 1748 1671">
     <span class='ocr_line' id='line_1_15' title="bbox 142 1589 1748 1671; baseline -0.004 -21"><span class='ocrx_word' id='word_1_105' title='bbox 142 1603 232 1671; x_wconf 72' lang='grc' dir='ltr'>μὲν</span> <span class='ocrx_word' id='word_1_106' title='bbox 285 1607 455 1663; x_wconf 89' lang='grc' dir='ltr'>τοῦτο,</span> <span class='ocrx_word' id='word_1_107' title='bbox 512 1601 636 1651; x_wconf 78' lang='grc' dir='ltr'>ποτε</span> <span class='ocrx_word' id='word_1_108' title='bbox 681 1593 739 1650; x_wconf 78' lang='grc' dir='ltr'>δε</span> <span class='ocrx_word' id='word_1_109' title='bbox 792 1595 949 1649; x_wconf 74' lang='grc' dir='ltr'>ἐκεῖνο</span> <span class='ocrx_word' id='word_1_110' title='bbox 982 1595 1323 1670; x_wconf 72' lang='grc' dir='ltr'>φλυαροῦντες</span> <span class='ocrx_word' id='word_1_111' title='bbox 1364 1599 1453 1646; x_wconf 85' lang='grc' dir='ltr'>καὶ</span> <span class='ocrx_word' id='word_1_112' title='bbox 1501 1589 1748 1645; x_wconf 71' lang='grc' dir='ltr'>οὐδέποτε</span> 
     </span>
    </p>
   </div>
   <div class='ocr_carea' id='block_1_16' title="bbox 141 1682 1746 1762">
    <p class='ocr_par' dir='ltr' id='par_1_16' title="bbox 141 1682 1746 1762">
     <span class='ocr_line' id='line_1_16' title="bbox 141 1682 1746 1762; baseline -0.005 -21"><span class='ocrx_word' id='word_1_113' title='bbox 141 1698 202 1762; x_wconf 73' lang='grc' dir='ltr'>τῇ</span> <span class='ocrx_word' id='word_1_114' title='bbox 275 1687 490 1760; x_wconf 81' lang='grc' dir='ltr'>ἀληθείᾳ</span> <span class='ocrx_word' id='word_1_115' title='bbox 541 1688 913 1758; x_wconf 77' lang='grc' dir='ltr'>συντιθέμενοι.</span> <span class='ocrx_word' id='word_1_116' title='bbox 990 1690 1090 1738; x_wconf 81' lang='grc' dir='ltr'>Καὶ</span> <span class='ocrx_word' id='word_1_117' title='bbox 1157 1689 1260 1757; x_wconf 86' lang='grc' dir='ltr'>μήν</span> <span class='ocrx_word' id='word_1_118' title='bbox 1335 1683 1511 1736; x_wconf 83' lang='grc' dir='ltr'>πολλοὶ</span> <span class='ocrx_word' id='word_1_119' title='bbox 1580 1682 1746 1734; x_wconf 65' lang='grc' dir='ltr'>αὐτῶν</span> 
     </span>
    </p>
   </div>
   <div class='ocr_carea' id='block_1_17' title="bbox 143 1773 1819 1851">
    <p class='ocr_par' dir='ltr' id='par_1_17' title="bbox 143 1773 1819 1851">
     <span class='ocr_line' id='line_1_17' title="bbox 143 1773 1819 1851; baseline -0.004 -22"><span class='ocrx_word' id='word_1_120' title='bbox 143 1777 198 1829; x_wconf 82' lang='grc' dir='ltr'>ἐκ</span> <span class='ocrx_word' id='word_1_121' title='bbox 242 1782 478 1851; x_wconf 76' lang='grc' dir='ltr'>πορνείας</span> <span class='ocrx_word' id='word_1_122' title='bbox 549 1775 931 1848; x_wconf 72' lang='grc' dir='ltr'>ἐγεννήθησαν·</span> <span class='ocrx_word' id='word_1_123' title='bbox 988 1773 1209 1836; x_wconf 88' lang='grc' dir='ltr'>πολλούς</span> <span class='ocrx_word' id='word_1_124' title='bbox 1254 1776 1356 1847; x_wconf 81' lang='grc' dir='ltr'>γὰρ</span> <span class='ocrx_word' id='word_1_125' title='bbox 1417 1776 1749 1845; x_wconf 81' lang='grc' dir='ltr'>παρανόμους</span> <span class='ocrx_word' id='word_1_126' title='bbox 1781 1789 1819 1842; x_wconf 79' lang='grc' dir='ltr'><strong>Β</strong></span> 
     </span>
    </p>
   </div>
   <div class='ocr_carea' id='block_1_18' title="bbox 141 1862 1748 1938">
    <p class='ocr_par' dir='ltr' id='par_1_18' title="bbox 141 1862 1748 1938">
     <span class='ocr_line' id='line_1_18' title="bbox 141 1862 1748 1938; baseline -0.002 -21"><span class='ocrx_word' id='word_1_127' title='bbox 141 1868 348 1938; x_wconf 75' lang='grc' dir='ltr'>γάμους</span> <span class='ocrx_word' id='word_1_128' title='bbox 382 1862 633 1919; x_wconf 79' lang='grc' dir='ltr'>Ἰουδαῖοι</span> <span class='ocrx_word' id='word_1_129' title='bbox 664 1863 888 1919; x_wconf 76' lang='grc' dir='ltr'>ἐποίουν.</span> <span class='ocrx_word' id='word_1_130' title='bbox 950 1863 1110 1918; x_wconf 82' lang='grc' dir='ltr'>Ἀλλά</span> <span class='ocrx_word' id='word_1_131' title='bbox 1149 1869 1238 1916; x_wconf 83' lang='grc' dir='ltr'>καὶ</span> <span class='ocrx_word' id='word_1_132' title='bbox 1267 1871 1421 1915; x_wconf 88' lang='grc' dir='ltr'>τοῦτο</span> <span class='ocrx_word' id='word_1_133' title='bbox 1454 1868 1582 1934; x_wconf 83' lang='grc' dir='ltr'>σιγᾴ</span> <span class='ocrx_word' id='word_1_134' title='bbox 1619 1864 1748 1936; x_wconf 87' lang='grc' dir='ltr'>πρός</span> 
     </span>
    </p>
   </div>
   <div class='ocr_carea' id='block_1_19' title="bbox 144 1955 784 2029">
    <p class='ocr_par' dir='ltr' id='par_1_19' title="bbox 144 1955 784 2029">
     <span class='ocr_line' id='line_1_19' title="bbox 144 1955 784 2029; baseline -0.003 -21"><span class='ocrx_word' id='word_1_135' title='bbox 144 1959 202 2008; x_wconf 86' lang='grc' dir='ltr'>τὸ</span> <span class='ocrx_word' id='word_1_136' title='bbox 231 1957 409 2029; x_wconf 77' lang='grc' dir='ltr'>μεῖξον</span> <span class='ocrx_word' id='word_1_137' title='bbox 441 1955 784 2028; x_wconf 69' lang='grc' dir='ltr'>ἐπειγόμενος.</span> 
     </span>
    </p>
   </div>
   <div class='ocr_carea' id='block_1_20' title="bbox 221 2131 1501 2204">
    <p class='ocr_par' dir='ltr' id='par_1_20' title="bbox 221 2131 1501 2204">
     <span class='ocr_line' id='line_1_20' title="bbox 221 2131 1501 2204; baseline -0.005 -15"><span class='ocrx_word' id='word_1_138' title='bbox 221 2135 370 2189; x_wconf 82' lang='grc' dir='ltr'>Εἶπεν</span> <span class='ocrx_word' id='word_1_139' title='bbox 405 2166 471 2176; x_wconf 92' lang='grc'><strong><em>-</em></strong></span> <span class='ocrx_word' id='word_1_140' title='bbox 508 2134 735 2198; x_wconf 75' lang='grc' dir='ltr'>ἐξῆλθον.</span> <span class='ocrx_word' id='word_1_141' title='bbox 766 2133 1094 2204; x_wconf 87' lang='grc' dir='ltr'>Ἐγεννήθην,</span> <span class='ocrx_word' id='word_1_142' title='bbox 1121 2135 1152 2191; x_wconf 80' lang='grc' dir='ltr'>ἤ</span> <span class='ocrx_word' id='word_1_143' title='bbox 1188 2131 1501 2190; x_wconf 78' lang='grc' dir='ltr'>ἀπεστάλην.</span> 
     </span>
    </p>
   </div>
   <div class='ocr_carea' id='block_1_21' title="bbox 224 2224 837 2296">
    <p class='ocr_par' dir='ltr' id='par_1_21' title="bbox 224 2224 837 2296">
     <span class='ocr_line' id='line_1_21' title="bbox 224 2224 837 2296; baseline -0.002 -19"><span class='ocrx_word' id='word_1_144' title='bbox 224 2230 322 2278; x_wconf 83' lang='grc' dir='ltr'>Καὶ</span> <span class='ocrx_word' id='word_1_145' title='bbox 356 2227 486 2283; x_wconf 77' lang='grc' dir='ltr'>ήκω.</span> <span class='ocrx_word' id='word_1_146' title='bbox 522 2227 652 2296; x_wconf 84' lang='grc' dir='ltr'>Πρὸς</span> <span class='ocrx_word' id='word_1_147' title='bbox 683 2224 837 2295; x_wconf 74' lang='grc' dir='ltr'>ὑμᾶς.</span> 
     </span>
    </p>
   </div>
   <div class='ocr_carea' id='block_1_22' title="bbox 220 2307 1748 2383">
    <p class='ocr_par' dir='ltr' id='par_1_22' title="bbox 220 2307 1748 2383">
     <span class='ocr_line' id='line_1_22' title="bbox 220 2307 1748 2383; baseline -0.005 -17"><span class='ocrx_word' id='word_1_148' title='bbox 220 2311 360 2366; x_wconf 76' lang='grc' dir='ltr'>Ούὸε</span> <span class='ocrx_word' id='word_1_149' title='bbox 388 2345 450 2354; x_wconf 91' lang='grc'><strong>-</strong></span> <span class='ocrx_word' id='word_1_150' title='bbox 485 2311 719 2370; x_wconf 76' lang='grc' dir='ltr'>ἐλήλυθα.</span> <span class='ocrx_word' id='word_1_151' title='bbox 749 2311 874 2364; x_wconf 86' lang='grc' dir='ltr'>Ἀπὸ</span> <span class='ocrx_word' id='word_1_152' title='bbox 904 2307 1043 2363; x_wconf 81' lang='grc' dir='ltr'>ἰδίου</span> <span class='ocrx_word' id='word_1_153' title='bbox 1077 2310 1357 2383; x_wconf 77' lang='grc' dir='ltr'>θελήματος</span> <span class='ocrx_word' id='word_1_154' title='bbox 1381 2325 1392 2336; x_wconf 81' lang='lat'>&#39;</span> <span class='ocrx_word' id='word_1_155' title='bbox 1427 2309 1485 2362; x_wconf 84' lang='grc' dir='ltr'>ού</span> <span class='ocrx_word' id='word_1_156' title='bbox 1514 2311 1614 2381; x_wconf 81' lang='grc' dir='ltr'>γὰρ</span> <span class='ocrx_word' id='word_1_157' title='bbox 1639 2311 1748 2380; x_wconf 76' lang='grc' dir='ltr'>ἔχω</span> 
     </span>
    </p>
   </div>
   <div class='ocr_carea' id='block_1_23' title="bbox 146 2399 1158 2475">
    <p class='ocr_par' dir='ltr' id='par_1_23' title="bbox 146 2399 1158 2475">
     <span class='ocr_line' id='line_1_23' title="bbox 146 2399 1158 2475; baseline -0.002 -19"><span class='ocrx_word' id='word_1_158' title='bbox 146 2401 206 2456; x_wconf 59' lang='lat' dir='ltr'>id&quot;</span> <span class='ocrx_word' id='word_1_159' title='bbox 216 2423 286 2456; x_wconf 88' lang='grc' dir='ltr'>ιον</span> <span class='ocrx_word' id='word_1_160' title='bbox 315 2402 532 2475; x_wconf 77' lang='grc' dir='ltr'>θέλημα,</span> <span class='ocrx_word' id='word_1_161' title='bbox 565 2404 629 2462; x_wconf 87' lang='grc' dir='ltr'>ὡς</span> <span class='ocrx_word' id='word_1_162' title='bbox 658 2399 903 2461; x_wconf 79' lang='grc' dir='ltr'>πολλάκις</span> <span class='ocrx_word' id='word_1_163' title='bbox 934 2403 1158 2474; x_wconf 72' lang='grc' dir='ltr'>εἴρηται.</span> 
     </span>
    </p>
   </div>
   <div class='ocr_carea' id='block_1_24' title="bbox 219 2579 1748 2654">
    <p class='ocr_par' dir='ltr' id='par_1_24' title="bbox 219 2579 1748 2654">
     <span class='ocr_line' id='line_1_24' title="bbox 219 2579 1748 2654; baseline -0.006 -18"><span class='ocrx_word' id='word_1_164' title='bbox 219 2581 354 2636; x_wconf 85' lang='grc' dir='ltr'>Ἀλλ’</span> <span class='ocrx_word' id='word_1_165' title='bbox 415 2613 479 2622; x_wconf 93' lang='grc'><strong>-</strong></span> <span class='ocrx_word' id='word_1_166' title='bbox 544 2579 859 2634; x_wconf 78' lang='grc' dir='ltr'>ἀπέστειλεν.</span> <span class='ocrx_word' id='word_1_167' title='bbox 928 2579 1010 2640; x_wconf 79' lang='grc' dir='ltr'>Ὠς</span> <span class='ocrx_word' id='word_1_168' title='bbox 1073 2583 1246 2654; x_wconf 77' lang='grc' dir='ltr'>πατὴρ</span> <span class='ocrx_word' id='word_1_169' title='bbox 1309 2580 1440 2644; x_wconf 85' lang='grc' dir='ltr'>υἱόν,</span> <span class='ocrx_word' id='word_1_170' title='bbox 1500 2579 1569 2638; x_wconf 85' lang='grc' dir='ltr'>ὡς</span> <span class='ocrx_word' id='word_1_171' title='bbox 1629 2583 1748 2638; x_wconf 86' lang='grc' dir='ltr'>νοῦς</span> 
     </span>
    </p>
   </div>
   <div class='ocr_carea' id='block_1_25' title="bbox 143 2668 316 2738">
    <p class='ocr_par' dir='ltr' id='par_1_25' title="bbox 143 2668 316 2738">
     <span class='ocr_line' id='line_1_25' title="bbox 143 2668 316 2738; baseline 0.006 -19"><span class='ocrx_word' id='word_1_172' title='bbox 143 2668 316 2738; x_wconf 79' lang='grc' dir='ltr'>λόγον.</span> 
     </span>
    </p>
   </div>
   <div class='ocr_carea' id='block_1_26' title="bbox 217 2749 1744 2826">
    <p class='ocr_par' dir='ltr' id='par_1_26' title="bbox 217 2749 1744 2826">
     <span class='ocr_line' id='line_1_26' title="bbox 217 2749 1744 2826; baseline -0.004 -17"><span class='ocrx_word' id='word_1_173' title='bbox 217 2761 362 2809; x_wconf 79' lang='grc' dir='ltr'>Διάτί</span> <span class='ocrx_word' id='word_1_174' title='bbox 393 2787 455 2795; x_wconf 90' lang='lat'>—-</span> <span class='ocrx_word' id='word_1_175' title='bbox 477 2760 790 2826; x_wconf 84' lang='grc' dir='ltr'>γινώσκετε;</span> <span class='ocrx_word' id='word_1_176' title='bbox 824 2758 967 2806; x_wconf 83' lang='grc' dir='ltr'>Διατί</span> <span class='ocrx_word' id='word_1_177' title='bbox 991 2755 1056 2805; x_wconf 80' lang='grc' dir='ltr'>τὰ</span> <span class='ocrx_word' id='word_1_178' title='bbox 1073 2753 1322 2825; x_wconf 81' lang='grc' dir='ltr'>λεγόμενα</span> <span class='ocrx_word' id='word_1_179' title='bbox 1343 2751 1465 2824; x_wconf 85' lang='grc' dir='ltr'>παρ’</span> <span class='ocrx_word' id='word_1_180' title='bbox 1487 2749 1611 2823; x_wconf 78' lang='grc' dir='ltr'>ἐμοῦ</span> <span class='ocrx_word' id='word_1_181' title='bbox 1637 2749 1744 2821; x_wconf 74' lang='grc'>(57)</span> 
     </span>
    </p>
   </div>
   <div class='ocr_carea' id='block_1_27' title="bbox 145 2841 1746 2919">
    <p class='ocr_par' dir='ltr' id='par_1_27' title="bbox 145 2841 1746 2919">
     <span class='ocr_line' id='line_1_27' title="bbox 145 2841 1746 2919; baseline -0.005 -20"><span class='ocrx_word' id='word_1_182' title='bbox 145 2847 202 2899; x_wconf 81' lang='grc' dir='ltr'>ού</span> <span class='ocrx_word' id='word_1_183' title='bbox 230 2854 417 2910; x_wconf 84' lang='grc' dir='ltr'>νοεῖτε;</span> <span class='ocrx_word' id='word_1_184' title='bbox 452 2842 579 2898; x_wconf 81' lang='grc' dir='ltr'>Εἶτα</span> <span class='ocrx_word' id='word_1_185' title='bbox 605 2845 928 2919; x_wconf 90' lang='grc' dir='ltr'>προστίθησι</span> <span class='ocrx_word' id='word_1_186' title='bbox 957 2847 1046 2895; x_wconf 80' lang='grc' dir='ltr'>καὶ</span> <span class='ocrx_word' id='word_1_187' title='bbox 1073 2847 1167 2901; x_wconf 84' lang='grc' dir='ltr'>τήν</span> <span class='ocrx_word' id='word_1_188' title='bbox 1197 2841 1369 2894; x_wconf 83' lang='grc' dir='ltr'>αἰτιαν</span> <span class='ocrx_word' id='word_1_189' title='bbox 1391 2848 1482 2893; x_wconf 88' lang='grc' dir='ltr'>τοῦ</span> <span class='ocrx_word' id='word_1_190' title='bbox 1513 2845 1583 2913; x_wconf 81' lang='grc' dir='ltr'>μή</span> <span class='ocrx_word' id='word_1_191' title='bbox 1616 2847 1746 2892; x_wconf 90' lang='grc' dir='ltr'>νοεῖν</span> 
     </span>
    </p>
   </div>
   <div class='ocr_carea' id='block_1_28' title="bbox 144 2936 510 2996">
    <p class='ocr_par' dir='ltr' id='par_1_28' title="bbox 144 2936 510 2996">
     <span class='ocr_line' id='line_1_28' title="bbox 144 2936 510 2996; baseline -0.005 -8"><span class='ocrx_word' id='word_1_192' title='bbox 144 2937 331 2996; x_wconf 78' lang='grc' dir='ltr'>αύτούς</span> <span class='ocrx_word' id='word_1_193' title='bbox 357 2936 510 2987; x_wconf 73' lang='grc' dir='ltr'>αὐτοὶ.</span> 
     </span>
    </p>
   </div>
   <div class='ocr_carea' id='block_1_29' title="bbox 216 3016 1748 3094">
    <p class='ocr_par' dir='ltr' id='par_1_29' title="bbox 216 3016 1748 3094">
     <span class='ocr_line' id='line_1_29' title="bbox 216 3016 1748 3094; baseline -0.003 -19"><span class='ocrx_word' id='word_1_194' title='bbox 216 3025 336 3076; x_wconf 82' lang='grc' dir='ltr'>Ὀτι</span> <span class='ocrx_word' id='word_1_195' title='bbox 381 3055 448 3064; x_wconf 89' lang='grc'><strong>-</strong></span> <span class='ocrx_word' id='word_1_196' title='bbox 487 3022 629 3094; x_wconf 75' lang='grc' dir='ltr'>ἐμόν,</span> <span class='ocrx_word' id='word_1_197' title='bbox 673 3025 766 3086; x_wconf 87' lang='lat' dir='ltr'>T6,</span> <span class='ocrx_word' id='word_1_198' title='bbox 824 3021 899 3074; x_wconf 87' lang='grc' dir='ltr'>Ού</span> <span class='ocrx_word' id='word_1_199' title='bbox 955 3018 1202 3083; x_wconf 75' lang='grc' dir='ltr'>δύνασθε,</span> <span class='ocrx_word' id='word_1_200' title='bbox 1251 3021 1308 3071; x_wconf 89' lang='grc' dir='ltr'>τὸ</span> <span class='ocrx_word' id='word_1_201' title='bbox 1361 3018 1436 3070; x_wconf 86' lang='grc' dir='ltr'>Ού</span> <span class='ocrx_word' id='word_1_202' title='bbox 1497 3016 1748 3090; x_wconf 86' lang='grc' dir='ltr'>βούλεσθε</span> 
     </span>
    </p>
   </div>
   <div class='ocr_carea' id='block_1_30' title="bbox 147 3105 1824 3202">
    <p class='ocr_par' dir='ltr' id='par_1_30' title="bbox 147 3105 1824 3202">
     <span class='ocr_line' id='line_1_30' title="bbox 147 3105 1824 3202; baseline -0.007 -36"><span class='ocrx_word' id='word_1_203' title='bbox 147 3118 394 3185; x_wconf 82' lang='grc' dir='ltr'>σημαίνει</span> <span class='ocrx_word' id='word_1_204' title='bbox 419 3120 525 3178; x_wconf 82' lang='grc' dir='ltr'>νῦν,</span> <span class='ocrx_word' id='word_1_205' title='bbox 559 3113 640 3164; x_wconf 85' lang='grc' dir='ltr'>ὅτι</span> <span class='ocrx_word' id='word_1_206' title='bbox 689 3111 746 3162; x_wconf 82' lang='grc' dir='ltr'>ού</span> <span class='ocrx_word' id='word_1_207' title='bbox 780 3109 1032 3182; x_wconf 83' lang='grc' dir='ltr'>βούλεσθε</span> <span class='ocrx_word' id='word_1_208' title='bbox 1063 3111 1292 3160; x_wconf 78' lang='grc' dir='ltr'>συνιέναι</span> <span class='ocrx_word' id='word_1_209' title='bbox 1345 3111 1429 3158; x_wconf 89' lang='grc' dir='ltr'>τόν</span> <span class='ocrx_word' id='word_1_210' title='bbox 1475 3105 1625 3175; x_wconf 80' lang='grc' dir='ltr'>λόγον</span> <span class='ocrx_word' id='word_1_211' title='bbox 1662 3109 1747 3156; x_wconf 86' lang='grc' dir='ltr'>τὸν</span> <span class='ocrx_word' id='word_1_212' title='bbox 1784 3146 1824 3202; x_wconf 78' lang='lat' dir='ltr'>C</span> 
     </span>
    </p>
   </div>
   <div class='ocr_carea' id='block_1_31' title="bbox 143 3194 1747 3272">
    <p class='ocr_par' dir='ltr' id='par_1_31' title="bbox 143 3194 1747 3272">
     <span class='ocr_line' id='line_1_31' title="bbox 143 3194 1747 3272; baseline -0.005 -20"><span class='ocrx_word' id='word_1_213' title='bbox 143 3201 283 3272; x_wconf 77' lang='grc' dir='ltr'>ἐμὸν,</span> <span class='ocrx_word' id='word_1_214' title='bbox 318 3205 403 3252; x_wconf 77' lang='grc' dir='ltr'>τὸν</span> <span class='ocrx_word' id='word_1_215' title='bbox 437 3205 552 3272; x_wconf 89' lang='grc' dir='ltr'>περὶ</span> <span class='ocrx_word' id='word_1_216' title='bbox 585 3197 882 3270; x_wconf 73' lang='grc' dir='ltr'>δογμάτων,</span> <span class='ocrx_word' id='word_1_217' title='bbox 917 3195 1010 3250; x_wconf 81' lang='grc' dir='ltr'>διὰ</span> <span class='ocrx_word' id='word_1_218' title='bbox 1038 3197 1338 3269; x_wconf 76' lang='grc' dir='ltr'>φαυλότητα</span> <span class='ocrx_word' id='word_1_219' title='bbox 1365 3194 1747 3266; x_wconf 75' lang='grc' dir='ltr'>ψυχῆςχαμαὶ</span> 
     </span>
    </p>
   </div>
   <div class='ocr_carea' id='block_1_32' title="bbox 142 3283 1747 3360">
    <p class='ocr_par' dir='ltr' id='par_1_32' title="bbox 142 3283 1747 3360">
     <span class='ocr_line' id='line_1_32' title="bbox 142 3283 1747 3360; baseline -0.006 -18"><span class='ocrx_word' id='word_1_220' title='bbox 142 3294 432 3360; x_wconf 81' lang='grc' dir='ltr'>συρομένης</span> <span class='ocrx_word' id='word_1_221' title='bbox 485 3294 574 3340; x_wconf 87' lang='grc' dir='ltr'>καὶ</span> <span class='ocrx_word' id='word_1_222' title='bbox 642 3284 808 3360; x_wconf 76' lang='grc' dir='ltr'>μηδὲν</span> <span class='ocrx_word' id='word_1_223' title='bbox 857 3286 1055 3358; x_wconf 69' lang='grc' dir='ltr'>ὑψηλόν</span> <span class='ocrx_word' id='word_1_224' title='bbox 1132 3288 1541 3357; x_wconf 71' lang='grc' dir='ltr'>φανταζομένης.</span> <span class='ocrx_word' id='word_1_225' title='bbox 1605 3283 1747 3334; x_wconf 71' lang='grc' dir='ltr'>Ἐπεὶ</span> 
     </span>
    </p>
   </div>
   <div class='ocr_carea' id='block_1_33' title="bbox 143 3373 1747 3450">
    <p class='ocr_par' dir='ltr' id='par_1_33' title="bbox 143 3373 1747 3450">
     <span class='ocr_line' id='line_1_33' title="bbox 143 3373 1747 3450; baseline -0.006 -19"><span class='ocrx_word' id='word_1_226' title='bbox 143 3377 202 3431; x_wconf 72' lang='grc' dir='ltr'>δὲ</span> <span class='ocrx_word' id='word_1_227' title='bbox 256 3378 546 3450; x_wconf 81' lang='grc' dir='ltr'>ἐτόλμησαν</span> <span class='ocrx_word' id='word_1_228' title='bbox 617 3377 772 3429; x_wconf 72' lang='grc' dir='ltr'>εἶπεῐν</span> <span class='ocrx_word' id='word_1_229' title='bbox 829 3381 1029 3449; x_wconf 80' lang='grc' dir='ltr'>πατέρα</span> <span class='ocrx_word' id='word_1_230' title='bbox 1097 3375 1290 3427; x_wconf 85' lang='grc' dir='ltr'>ἑαυτῶν</span> <span class='ocrx_word' id='word_1_231' title='bbox 1353 3376 1440 3424; x_wconf 75' lang='grc' dir='ltr'>τόν</span> <span class='ocrx_word' id='word_1_232' title='bbox 1515 3374 1636 3425; x_wconf 77' lang='grc' dir='ltr'>Θεὸν</span> <span class='ocrx_word' id='word_1_233' title='bbox 1698 3373 1747 3422; x_wconf 87' lang='grc' dir='ltr'>οἱ</span> 
     </span>
    </p>
   </div>
   <div class='ocr_carea' id='block_1_34' title="bbox 142 3459 1746 3537">
    <p class='ocr_par' dir='ltr' id='par_1_34' title="bbox 142 3459 1746 3537">
     <span class='ocr_line' id='line_1_34' title="bbox 142 3459 1746 3537; baseline -0.005 -18"><span class='ocrx_word' id='word_1_234' title='bbox 142 3467 338 3530; x_wconf 65' lang='grc' dir='ltr'>ἀνάξιοι</span> <span class='ocrx_word' id='word_1_235' title='bbox 402 3472 490 3518; x_wconf 83' lang='grc' dir='ltr'>καὶ</span> <span class='ocrx_word' id='word_1_236' title='bbox 556 3474 652 3526; x_wconf 78' lang='grc' dir='ltr'>τῆς</span> <span class='ocrx_word' id='word_1_237' title='bbox 705 3473 792 3517; x_wconf 92' lang='grc' dir='ltr'>τοῦ</span> <span class='ocrx_word' id='word_1_238' title='bbox 856 3463 1096 3537; x_wconf 76' lang='grc' dir='ltr'>Ἀϐραὰμ</span> <span class='ocrx_word' id='word_1_239' title='bbox 1166 3467 1480 3534; x_wconf 86' lang='grc' dir='ltr'>συγγενείας,</span> <span class='ocrx_word' id='word_1_240' title='bbox 1549 3459 1746 3534; x_wconf 76' lang='grc' dir='ltr'>παρῥη-</span> 
     </span>
    </p>
   </div>
   <div class='ocr_carea' id='block_1_35' title="bbox 143 3551 1745 3626">
    <p class='ocr_par' dir='ltr' id='par_1_35' title="bbox 143 3551 1745 3626">
     <span class='ocr_line' id='line_1_35' title="bbox 143 3551 1745 3626; baseline -0.006 -16"><span class='ocrx_word' id='word_1_241' title='bbox 143 3558 382 3617; x_wconf 71' lang='grc' dir='ltr'>σιάζεται</span> <span class='ocrx_word' id='word_1_242' title='bbox 431 3561 520 3608; x_wconf 81' lang='grc' dir='ltr'>καὶ</span> <span class='ocrx_word' id='word_1_243' title='bbox 577 3554 760 3626; x_wconf 73' lang='grc' dir='ltr'>ἐπάγει</span> <span class='ocrx_word' id='word_1_244' title='bbox 808 3557 1031 3618; x_wconf 84' lang='grc' dir='ltr'>τούτοις,</span> <span class='ocrx_word' id='word_1_245' title='bbox 1093 3556 1160 3614; x_wconf 83' lang='grc' dir='ltr'>ὡς</span> <span class='ocrx_word' id='word_1_246' title='bbox 1227 3551 1470 3614; x_wconf 79' lang='grc' dir='ltr'>ἀνιάτοις,</span> <span class='ocrx_word' id='word_1_247' title='bbox 1523 3569 1745 3623; x_wconf 81' lang='grc' dir='ltr'>φανερω-</span> 
     </span>
    </p>
   </div>
   <div class='ocr_carea' id='block_1_36' title="bbox 141 3639 1746 3721">
    <p class='ocr_par' dir='ltr' id='par_1_36' title="bbox 141 3639 1746 3721">
     <span class='ocr_line' id='line_1_36' title="bbox 141 3639 1746 3721; baseline -0.006 -23"><span class='ocrx_word' id='word_1_248' title='bbox 141 3650 290 3721; x_wconf 82' lang='grc' dir='ltr'>τέραν</span> <span class='ocrx_word' id='word_1_249' title='bbox 321 3645 542 3716; x_wconf 83' lang='grc' dir='ltr'>πληγήν,</span> <span class='ocrx_word' id='word_1_250' title='bbox 583 3643 893 3718; x_wconf 69' lang='grc' dir='ltr'>ἀντίρροπον</span> <span class='ocrx_word' id='word_1_251' title='bbox 925 3643 1037 3713; x_wconf 80' lang='grc'>(58)</span> <span class='ocrx_word' id='word_1_252' title='bbox 1086 3651 1180 3702; x_wconf 83' lang='grc' dir='ltr'>τῆς</span> <span class='ocrx_word' id='word_1_253' title='bbox 1239 3639 1622 3712; x_wconf 79' lang='grc' dir='ltr'>ἀναισχυντίας</span> <span class='ocrx_word' id='word_1_254' title='bbox 1657 3639 1746 3690; x_wconf 80' lang='grc' dir='ltr'>αύ-</span> 
     </span>
    </p>
   </div>
   <div class='ocr_carea' id='block_1_37' title="bbox 140 3732 1745 3803">
    <p class='ocr_par' dir='ltr' id='par_1_37' title="bbox 140 3732 1745 3803">
     <span class='ocr_line' id='line_1_37' title="bbox 140 3732 1745 3803; baseline -0.006 -17"><span class='ocrx_word' id='word_1_255' title='bbox 140 3743 262 3798; x_wconf 87' lang='grc' dir='ltr'>τών,</span> <span class='ocrx_word' id='word_1_256' title='bbox 329 3732 688 3786; x_wconf 84' lang='grc' dir='ltr'>καταστέλλων</span> <span class='ocrx_word' id='word_1_257' title='bbox 745 3735 803 3784; x_wconf 86' lang='grc' dir='ltr'>τὸ</span> <span class='ocrx_word' id='word_1_258' title='bbox 859 3734 1081 3803; x_wconf 78' lang='grc' dir='ltr'>φύσημα</span> <span class='ocrx_word' id='word_1_259' title='bbox 1131 3734 1346 3783; x_wconf 81' lang='grc' dir='ltr'>καὶτὸν</span> <span class='ocrx_word' id='word_1_260' title='bbox 1398 3734 1596 3800; x_wconf 83' lang='grc' dir='ltr'>κόμπον</span> <span class='ocrx_word' id='word_1_261' title='bbox 1649 3736 1745 3779; x_wconf 83' lang='grc' dir='ltr'>τῶν</span> 
     </span>
    </p>
   </div>
   <div class='ocr_carea' id='block_1_38' title="bbox 142 3823 424 3886">
    <p class='ocr_par' dir='ltr' id='par_1_38' title="bbox 142 3823 424 3886">
     <span class='ocr_line' id='line_1_38' title="bbox 142 3823 424 3886; baseline 0 -10"><span class='ocrx_word' id='word_1_262' title='bbox 142 3823 424 3886; x_wconf 80' lang='grc' dir='ltr'>ἀλαζόνων.</span> 
     </span>
    </p>
   </div>
   <div class='ocr_carea' id='block_1_39' title="bbox 211 3904 1743 3985">
    <p class='ocr_par' dir='ltr' id='par_1_39' title="bbox 211 3904 1743 3985">
     <span class='ocr_line' id='line_1_39' title="bbox 211 3904 1743 3985; baseline -0.005 -20"><span class='ocrx_word' id='word_1_263' title='bbox 211 3913 377 3985; x_wconf 80' lang='grc' dir='ltr'>’Υμείς</span> <span class='ocrx_word' id='word_1_264' title='bbox 452 3943 517 3951; x_wconf 91' lang='lat'>—</span> <span class='ocrx_word' id='word_1_265' title='bbox 585 3910 717 3964; x_wconf 73' lang='grc' dir='ltr'>ἐστέ.</span> <span class='ocrx_word' id='word_1_266' title='bbox 788 3909 953 3982; x_wconf 77' lang='grc' dir='ltr'>Ὑμεῖς</span> <span class='ocrx_word' id='word_1_267' title='bbox 1015 3908 1071 3961; x_wconf 73' lang='lat' dir='ltr'>ix</span> <span class='ocrx_word' id='word_1_268' title='bbox 1133 3915 1224 3960; x_wconf 91' lang='grc' dir='ltr'>τοῦ</span> <span class='ocrx_word' id='word_1_269' title='bbox 1289 3909 1485 3982; x_wconf 76' lang='grc' dir='ltr'>πάτρος</span> <span class='ocrx_word' id='word_1_270' title='bbox 1553 3904 1743 3958; x_wconf 80' lang='grc' dir='ltr'>ἐκείνου</span> 
     </span>
    </p>
   </div>
   <div class='ocr_carea' id='block_1_40' title="bbox 137 3994 1744 4071">
    <p class='ocr_par' dir='ltr' id='par_1_40' title="bbox 137 3994 1744 4071">
     <span class='ocr_line' id='line_1_40' title="bbox 137 3994 1744 4071; baseline -0.006 -17"><span class='ocrx_word' id='word_1_271' title='bbox 137 4001 256 4054; x_wconf 74' lang='grc' dir='ltr'>ἕστε</span> <span class='ocrx_word' id='word_1_272' title='bbox 321 4008 412 4054; x_wconf 89' lang='grc' dir='ltr'>τοῦ</span> <span class='ocrx_word' id='word_1_273' title='bbox 489 3997 770 4053; x_wconf 75' lang='grc' dir='ltr'>διαϐόλου·</span> <span class='ocrx_word' id='word_1_274' title='bbox 823 3999 964 4071; x_wconf 79' lang='grc' dir='ltr'>ὑμῶν</span> <span class='ocrx_word' id='word_1_275' title='bbox 1033 4001 1201 4070; x_wconf 84' lang='grc' dir='ltr'>πατήρ</span> <span class='ocrx_word' id='word_1_276' title='bbox 1276 3995 1460 4057; x_wconf 76' lang='grc' dir='ltr'>ἐκεῖνος</span> <span class='ocrx_word' id='word_1_277' title='bbox 1531 3994 1670 4048; x_wconf 80' lang='grc' dir='ltr'>ἐστιν</span> <span class='ocrx_word' id='word_1_278' title='bbox 1719 3996 1744 4046; x_wconf 91' lang='grc' dir='ltr'>ό</span> 
     </span>
    </p>
   </div>
   <div class='ocr_carea' id='block_1_41' title="bbox 139 4087 406 4152">
    <p class='ocr_par' dir='ltr' id='par_1_41' title="bbox 139 4087 406 4152">
     <span class='ocr_line' id='line_1_41' title="bbox 139 4087 406 4152; baseline -0.007 -8"><span class='ocrx_word' id='word_1_279' title='bbox 139 4087 406 4152; x_wconf 73' lang='grc' dir='ltr'>διάϐολος.</span> 
     </span>
    </p>
   </div>
   <div class='ocr_carea' id='block_1_42' title="bbox 216 4173 1742 4248">
    <p class='ocr_par' dir='ltr' id='par_1_42' title="bbox 216 4173 1742 4248">
     <span class='ocr_line' id='line_1_42' title="bbox 216 4173 1742 4248; baseline -0.007 -16"><span class='ocrx_word' id='word_1_280' title='bbox 216 4185 414 4232; x_wconf 81' lang='grc' dir='ltr'>Καὶ-</span> <span class='ocrx_word' id='word_1_281' title='bbox 447 4185 628 4230; x_wconf 85' lang='grc' dir='ltr'>ποιεῖν.</span> <span class='ocrx_word' id='word_1_282' title='bbox 683 4183 787 4230; x_wconf 88' lang='grc' dir='ltr'>Τοῦ</span> <span class='ocrx_word' id='word_1_283' title='bbox 838 4178 1039 4248; x_wconf 82' lang='grc' dir='ltr'>πατρὸς</span> <span class='ocrx_word' id='word_1_284' title='bbox 1086 4177 1228 4248; x_wconf 81' lang='grc' dir='ltr'>ὑμῶν</span> <span class='ocrx_word' id='word_1_285' title='bbox 1260 4173 1474 4226; x_wconf 87' lang='grc' dir='ltr'>ἐκεινου.</span> <span class='ocrx_word' id='word_1_286' title='bbox 1538 4173 1742 4226; x_wconf 79' lang='grc' dir='ltr'>Ἐπιθυ·</span> 
     </span>
    </p>
   </div>
   <div class='ocr_carea' id='block_1_43' title="bbox 135 4257 1742 4341">
    <p class='ocr_par' dir='ltr' id='par_1_43' title="bbox 135 4257 1742 4341">
     <span class='ocr_line' id='line_1_43' title="bbox 135 4257 1742 4341; baseline -0.005 -21"><span class='ocrx_word' id='word_1_287' title='bbox 135 4273 258 4341; x_wconf 83' lang='grc' dir='ltr'>μίαι</span> <span class='ocrx_word' id='word_1_288' title='bbox 289 4273 400 4335; x_wconf 84' lang='grc'>(59)</span> <span class='ocrx_word' id='word_1_289' title='bbox 434 4264 492 4320; x_wconf 67' lang='grc' dir='ltr'>δὲ</span> <span class='ocrx_word' id='word_1_290' title='bbox 535 4266 696 4318; x_wconf 71' lang='grc' dir='ltr'>αὐτοῦ</span> <span class='ocrx_word' id='word_1_291' title='bbox 735 4269 792 4317; x_wconf 89' lang='grc' dir='ltr'>τό</span> <span class='ocrx_word' id='word_1_292' title='bbox 825 4263 1264 4338; x_wconf 81' lang='grc' dir='ltr'>ἀνθρωποκτονεῖν</span> <span class='ocrx_word' id='word_1_293' title='bbox 1307 4267 1397 4314; x_wconf 85' lang='grc' dir='ltr'>καὶ</span> <span class='ocrx_word' id='word_1_294' title='bbox 1427 4265 1484 4314; x_wconf 87' lang='grc' dir='ltr'>τὸ</span> <span class='ocrx_word' id='word_1_295' title='bbox 1529 4257 1742 4332; x_wconf 72' lang='grc' dir='ltr'>ψεῦδος,</span> 
     </span>
    </p>
   </div>
   <div class='ocr_carea' id='block_1_44' title="bbox 138 4348 1746 4426">
    <p class='ocr_par' dir='ltr' id='par_1_44' title="bbox 138 4348 1746 4426">
     <span class='ocr_line' id='line_1_44' title="bbox 138 4348 1746 4426; baseline -0.006 -17"><span class='ocrx_word' id='word_1_296' title='bbox 138 4360 306 4409; x_wconf 81' lang='grc' dir='ltr'>εἴτονν</span> <span class='ocrx_word' id='word_1_297' title='bbox 361 4359 385 4408; x_wconf 86' lang='grc' dir='ltr'>ὁ</span> <span class='ocrx_word' id='word_1_298' title='bbox 446 4355 652 4417; x_wconf 83' lang='grc' dir='ltr'>σκολιὸς</span> <span class='ocrx_word' id='word_1_299' title='bbox 705 4359 794 4406; x_wconf 87' lang='grc' dir='ltr'>καὶ</span> <span class='ocrx_word' id='word_1_300' title='bbox 838 4351 1214 4426; x_wconf 79' lang='grc' dir='ltr'>διεφθαρμένος</span> <span class='ocrx_word' id='word_1_301' title='bbox 1263 4349 1400 4423; x_wconf 83' lang='grc' dir='ltr'>βίος,</span> <span class='ocrx_word' id='word_1_302' title='bbox 1447 4353 1516 4412; x_wconf 83' lang='grc' dir='ltr'>ὡς</span> <span class='ocrx_word' id='word_1_303' title='bbox 1569 4348 1746 4422; x_wconf 75' lang='grc' dir='ltr'>ἐφεξῆς</span> 
     </span>
    </p>
   </div>
   <div class='ocr_carea' id='block_1_45' title="bbox 140 4445 265 4519">
    <p class='ocr_par' dir='ltr' id='par_1_45' title="bbox 140 4445 265 4519">
     <span class='ocr_line' id='line_1_45' title="bbox 140 4445 265 4519; baseline -0.016 -21"><span class='ocrx_word' id='word_1_304' title='bbox 140 4445 265 4519; x_wconf 79' lang='grc' dir='ltr'>ἕρεῐ.</span> 
     </span>
    </p>
   </div>
   <div class='ocr_carea' id='block_1_46' title="bbox 210 4498 1822 4604">
    <p class='ocr_par' dir='ltr' id='par_1_46' title="bbox 210 4498 1822 4604">
     <span class='ocr_line' id='line_1_46' title="bbox 210 4498 1822 4604; baseline -0.006 -17"><span class='ocrx_word' id='word_1_305' title='bbox 210 4536 428 4593; x_wconf 79' lang='grc' dir='ltr'>Ἐκεῖνος</span> <span class='ocrx_word' id='word_1_306' title='bbox 488 4565 552 4572; x_wconf 94' lang='grc'><strong>-</strong></span> <span class='ocrx_word' id='word_1_307' title='bbox 597 4531 792 4604; x_wconf 81' lang='grc' dir='ltr'>ἀρχῆς.</span> <span class='ocrx_word' id='word_1_308' title='bbox 866 4535 964 4584; x_wconf 81' lang='grc' dir='ltr'>Τόν</span> <span class='ocrx_word' id='word_1_309' title='bbox 1018 4538 1222 4603; x_wconf 82' lang='grc' dir='ltr'>πρῶτον</span> <span class='ocrx_word' id='word_1_310' title='bbox 1291 4529 1560 4600; x_wconf 77' lang='grc' dir='ltr'>ἄνθρωπον</span> <span class='ocrx_word' id='word_1_311' title='bbox 1613 4527 1745 4579; x_wconf 88' lang='grc' dir='ltr'>κτεί-</span> <span class='ocrx_word' id='word_1_312' title='bbox 1779 4498 1822 4552; x_wconf 82' lang='lat' dir='ltr'>D</span> 
     </span>
    </p>
   </div>
   <div class='ocr_carea' id='block_1_47' title="bbox 138 4617 1745 4694">
    <p class='ocr_par' dir='ltr' id='par_1_47' title="bbox 138 4617 1745 4694">
     <span class='ocr_line' id='line_1_47' title="bbox 138 4617 1745 4694; baseline -0.006 -17"><span class='ocrx_word' id='word_1_313' title='bbox 138 4644 248 4692; x_wconf 89' lang='grc' dir='ltr'>νας,</span> <span class='ocrx_word' id='word_1_314' title='bbox 314 4627 398 4675; x_wconf 88' lang='grc' dir='ltr'>τόν</span> <span class='ocrx_word' id='word_1_315' title='bbox 471 4618 679 4694; x_wconf 67' lang='grc' dir='ltr'>Ἀδεὶμ’</span> <span class='ocrx_word' id='word_1_316' title='bbox 751 4623 907 4682; x_wconf 74' lang='grc' dir='ltr'>αὐτὸς</span> <span class='ocrx_word' id='word_1_317' title='bbox 973 4623 1074 4693; x_wconf 86' lang='grc' dir='ltr'>γὰρ</span> <span class='ocrx_word' id='word_1_318' title='bbox 1160 4617 1297 4687; x_wconf 78' lang='grc' dir='ltr'>αὐτῷ</span> <span class='ocrx_word' id='word_1_319' title='bbox 1377 4620 1464 4668; x_wconf 89' lang='grc' dir='ltr'>τόν</span> <span class='ocrx_word' id='word_1_320' title='bbox 1529 4618 1745 4669; x_wconf 78' lang='grc' dir='ltr'>θάνατον</span> 
     </span>
    </p>
   </div>
   <div class='ocr_carea' id='block_1_48' title="bbox 138 4704 1743 4788">
    <p class='ocr_par' dir='ltr' id='par_1_48' title="bbox 138 4704 1743 4788">
     <span class='ocr_line' id='line_1_48' title="bbox 138 4704 1743 4788; baseline -0.004 -22"><span class='ocrx_word' id='word_1_321' title='bbox 138 4713 474 4788; x_wconf 83' lang='grc' dir='ltr'>προεξένησεν</span> <span class='ocrx_word' id='word_1_322' title='bbox 499 4731 511 4743; x_wconf 90' lang='grc'><strong>·</strong></span> <span class='ocrx_word' id='word_1_323' title='bbox 547 4708 658 4764; x_wconf 82' lang='grc' dir='ltr'>εἶτα</span> <span class='ocrx_word' id='word_1_324' title='bbox 686 4716 776 4762; x_wconf 86' lang='grc' dir='ltr'>καὶ</span> <span class='ocrx_word' id='word_1_325' title='bbox 806 4714 892 4762; x_wconf 88' lang='grc' dir='ltr'>τὸν</span> <span class='ocrx_word' id='word_1_326' title='bbox 921 4711 1032 4761; x_wconf 86' lang='grc' dir='ltr'>υἱὸν</span> <span class='ocrx_word' id='word_1_327' title='bbox 1058 4708 1220 4760; x_wconf 71' lang='grc' dir='ltr'>αὐτοῦ</span> <span class='ocrx_word' id='word_1_328' title='bbox 1243 4711 1328 4760; x_wconf 87' lang='grc' dir='ltr'>τόν</span> <span class='ocrx_word' id='word_1_329' title='bbox 1353 4705 1508 4760; x_wconf 76' lang='grc' dir='ltr'>’Ἀϐελ</span> <span class='ocrx_word' id='word_1_330' title='bbox 1540 4704 1743 4760; x_wconf 81' lang='grc' dir='ltr'>ἀνελών.</span> 
     </span>
    </p>
   </div>
   <div class='ocr_carea' id='block_1_49' title="bbox 139 4793 1747 4876">
    <p class='ocr_par' dir='ltr' id='par_1_49' title="bbox 139 4793 1747 4876">
     <span class='ocr_line' id='line_1_49' title="bbox 139 4793 1747 4876; baseline -0.006 -19"><span class='ocrx_word' id='word_1_331' title='bbox 139 4803 310 4864; x_wconf 71' lang='grc' dir='ltr'>Αὐτὸς</span> <span class='ocrx_word' id='word_1_332' title='bbox 348 4806 449 4876; x_wconf 74' lang='grc' dir='ltr'>γὰρ</span> <span class='ocrx_word' id='word_1_333' title='bbox 496 4806 587 4853; x_wconf 83' lang='grc' dir='ltr'>καὶ</span> <span class='ocrx_word' id='word_1_334' title='bbox 639 4799 780 4871; x_wconf 79' lang='grc' dir='ltr'>αύτῷ</span> <span class='ocrx_word' id='word_1_335' title='bbox 839 4801 926 4850; x_wconf 83' lang='grc' dir='ltr'>τὸν</span> <span class='ocrx_word' id='word_1_336' title='bbox 986 4793 1204 4869; x_wconf 79' lang='grc' dir='ltr'>ἀδελφὸν</span> <span class='ocrx_word' id='word_1_337' title='bbox 1258 4798 1383 4850; x_wconf 80' lang='grc' dir='ltr'>Κάῑν</span> <span class='ocrx_word' id='word_1_338' title='bbox 1433 4793 1747 4854; x_wconf 77' lang='grc' dir='ltr'>ἐπανίστησι</span> 
     </span>
    </p>
   </div>
   <div class='ocr_carea' id='block_1_50' title="bbox 137 4891 688 4962">
    <p class='ocr_par' dir='ltr' id='par_1_50' title="bbox 137 4891 688 4962">
     <span class='ocr_line' id='line_1_50' title="bbox 137 4891 688 4962; baseline -0.005 -18"><span class='ocrx_word' id='word_1_339' title='bbox 137 4899 253 4951; x_wconf 87' lang='grc' dir='ltr'>κινή</span> <span class='ocrx_word' id='word_1_340' title='bbox 266 4912 361 4954; x_wconf 87' lang='grc' dir='ltr'>σας</span> <span class='ocrx_word' id='word_1_341' title='bbox 395 4899 466 4961; x_wconf 83' lang='grc' dir='ltr'>τῷ</span> <span class='ocrx_word' id='word_1_342' title='bbox 494 4891 688 4962; x_wconf 75' lang='grc' dir='ltr'>φθονῳ.</span> 
     </span>
    </p>
   </div>
   <div class='ocr_carea' id='block_1_51' title="bbox 214 4972 1746 5049">
    <p class='ocr_par' dir='ltr' id='par_1_51' title="bbox 214 4972 1746 5049">
     <span class='ocr_line' id='line_1_51' title="bbox 214 4972 1746 5049; baseline -0.008 -15"><span class='ocrx_word' id='word_1_343' title='bbox 214 4987 316 5034; x_wconf 76' lang='grc' dir='ltr'>Καὶ</span> <span class='ocrx_word' id='word_1_344' title='bbox 366 5010 432 5019; x_wconf 91' lang='grc'><strong><em>-</em></strong></span> <span class='ocrx_word' id='word_1_345' title='bbox 489 4980 725 5036; x_wconf 81' lang='grc' dir='ltr'>ἔστηκεν.</span> <span class='ocrx_word' id='word_1_346' title='bbox 778 4975 888 5029; x_wconf 81' lang='grc' dir='ltr'>Ούκ</span> <span class='ocrx_word' id='word_1_347' title='bbox 945 4974 1169 5049; x_wconf 73' lang='grc' dir='ltr'>ἐμμένει,</span> <span class='ocrx_word' id='word_1_348' title='bbox 1226 4977 1514 5038; x_wconf 83' lang='grc' dir='ltr'>τουτέστιν,</span> <span class='ocrx_word' id='word_1_349' title='bbox 1571 4972 1618 5024; x_wconf 82' lang='grc' dir='ltr'>ἐν</span> <span class='ocrx_word' id='word_1_350' title='bbox 1674 4982 1746 5044; x_wconf 80' lang='grc' dir='ltr'>τῷ</span> 
     </span>
    </p>
   </div>
   <div class='ocr_carea' id='block_1_52' title="bbox 144 5063 1747 5141">
    <p class='ocr_par' dir='ltr' id='par_1_52' title="bbox 144 5063 1747 5141">
     <span class='ocr_line' id='line_1_52' title="bbox 144 5063 1747 5141; baseline -0.004 -21"><span class='ocrx_word' id='word_1_351' title='bbox 144 5071 281 5141; x_wconf 76' lang='grc' dir='ltr'>ὀρθῷ</span> <span class='ocrx_word' id='word_1_352' title='bbox 328 5067 429 5140; x_wconf 82' lang='grc' dir='ltr'>βίῳ</span> <span class='ocrx_word' id='word_1_353' title='bbox 458 5067 552 5120; x_wconf 86' lang='grc' dir='ltr'>ούκ</span> <span class='ocrx_word' id='word_1_354' title='bbox 601 5066 940 5137; x_wconf 80' lang='grc' dir='ltr'>ἀναπαύεται,</span> <span class='ocrx_word' id='word_1_355' title='bbox 996 5063 1124 5117; x_wconf 76' lang='grc' dir='ltr'>ἀλλὰ</span> <span class='ocrx_word' id='word_1_356' title='bbox 1169 5071 1318 5136; x_wconf 86' lang='grc' dir='ltr'>μισεί</span> <span class='ocrx_word' id='word_1_357' title='bbox 1366 5067 1460 5121; x_wconf 78' lang='grc' dir='ltr'>τήν</span> <span class='ocrx_word' id='word_1_358' title='bbox 1498 5065 1747 5121; x_wconf 86' lang='grc' dir='ltr'>τοιαύτην</span> 
     </span>
    </p>
   </div>
   <div class='ocr_carea' id='block_1_53' title="bbox 147 5156 426 5209">
    <p class='ocr_par' dir='ltr' id='par_1_53' title="bbox 147 5156 426 5209">
     <span class='ocr_line' id='line_1_53' title="bbox 147 5156 426 5209; baseline -0.004 0"><span class='ocrx_word' id='word_1_359' title='bbox 147 5156 426 5209; x_wconf 87' lang='grc' dir='ltr'>πολιτείαν.</span> 
     </span>
    </p>
   </div>
   <div class='ocr_carea' id='block_1_54' title="bbox 1131 303 2490 364">
    <p class='ocr_par' dir='ltr' id='par_1_54' title="bbox 1131 303 2490 364">
     <span class='ocr_line' id='line_1_54' title="bbox 1131 303 2490 364; baseline -0.005 0"><span class='ocrx_word' id='word_1_360' title='bbox 1131 304 1501 364; x_wconf 85' lang='lat' dir='ltr'>COMMENT.</span> <span class='ocrx_word' id='word_1_361' title='bbox 1545 305 1616 362; x_wconf 90' lang='lat' dir='ltr'><strong>IN</strong></span> <span class='ocrx_word' id='word_1_362' title='bbox 1655 303 2006 361; x_wconf 78' lang='lat' dir='ltr'>JOANNEM.</span> <span class='ocrx_word' id='word_1_363' title='bbox 2048 334 2118 345; x_wconf 91' lang='lat'>--</span> <span class='ocrx_word' id='word_1_364' title='bbox 2154 303 2306 360; x_wconf 84' lang='lat' dir='ltr'>CAP.</span> <span class='ocrx_word' id='word_1_365' title='bbox 2349 303 2490 359; x_wconf 85' lang='lat' dir='ltr'>VIII.</span> 
     </span>
    </p>
   </div>
   <div class='ocr_carea' id='block_1_55' title="bbox 3371 302 3511 360">
    <p class='ocr_par' dir='ltr' id='par_1_55' title="bbox 3371 302 3511 360">
     <span class='ocr_line' id='line_1_55' title="bbox 3371 302 3511 360; baseline 0.014 -2"><span class='ocrx_word' id='word_1_366' title='bbox 3371 302 3511 360; x_wconf 78' lang='lat' dir='ltr'>I298</span> 
     </span>
    </p>
   </div>
   <div class='ocr_carea' id='block_1_56' title="bbox 1855 427 3510 503">
    <p class='ocr_par' dir='ltr' id='par_1_56' title="bbox 1855 427 3510 503">
     <span class='ocr_line' id='line_1_56' title="bbox 1855 427 3510 503; baseline 0.001 -19"><span class='ocrx_word' id='word_1_367' title='bbox 1855 428 2176 503; x_wconf 87' lang='lat' dir='ltr'>appellant,</span> <span class='ocrx_word' id='word_1_368' title='bbox 2203 446 2341 486; x_wconf 91' lang='lat' dir='ltr'>cum</span> <span class='ocrx_word' id='word_1_369' title='bbox 2372 429 2598 487; x_wconf 82' lang='lat' dir='ltr'>Christo</span> <span class='ocrx_word' id='word_1_370' title='bbox 2626 428 2844 486; x_wconf 80' lang='lat' dir='ltr'>dicenti</span> <span class='ocrx_word' id='word_1_371' title='bbox 2889 427 3121 485; x_wconf 80' lang='lat' dir='ltr'>Patrem</span> <span class='ocrx_word' id='word_1_372' title='bbox 3161 445 3340 486; x_wconf 87' lang='lat' dir='ltr'>suum</span> <span class='ocrx_word' id='word_1_373' title='bbox 3379 444 3510 486; x_wconf 84' lang='lat' dir='ltr'>esse</span> 
     </span>
    </p>
   </div>
   <div class='ocr_carea' id='block_1_57' title="bbox 1854 517 3510 587">
    <p class='ocr_par' dir='ltr' id='par_1_57' title="bbox 1854 517 3510 587">
     <span class='ocr_line' id='line_1_57' title="bbox 1854 517 3510 587; baseline 0 -13"><span class='ocrx_word' id='word_1_374' title='bbox 1854 520 2042 574; x_wconf 87' lang='lat' dir='ltr'>Deum</span> <span class='ocrx_word' id='word_1_375' title='bbox 2076 519 2529 587; x_wconf 81' lang='lat' dir='ltr'>indignarentur</span> <span class='ocrx_word' id='word_1_376' title='bbox 2557 519 2584 574; x_wconf 85' lang='lat'><strong>?</strong></span> <span class='ocrx_word' id='word_1_377' title='bbox 2617 519 2763 585; x_wconf 86' lang='lat' dir='ltr'>Quia</span> <span class='ocrx_word' id='word_1_378' title='bbox 2795 517 2892 574; x_wconf 90' lang='lat' dir='ltr'>ille</span> <span class='ocrx_word' id='word_1_379' title='bbox 2917 526 3130 575; x_wconf 84' lang='lat' dir='ltr'>natura</span> <span class='ocrx_word' id='word_1_380' title='bbox 3174 534 3352 573; x_wconf 89' lang='lat' dir='ltr'>suum</span> <span class='ocrx_word' id='word_1_381' title='bbox 3378 532 3510 574; x_wconf 90' lang='lat' dir='ltr'>esse</span> 
     </span>
    </p>
   </div>
   <div class='ocr_carea' id='block_1_58' title="bbox 1853 607 3510 676">
    <p class='ocr_par' dir='ltr' id='par_1_58' title="bbox 1853 607 3510 676">
     <span class='ocr_line' id='line_1_58' title="bbox 1853 607 3510 676; baseline 0 -13"><span class='ocrx_word' id='word_1_382' title='bbox 1853 609 2085 664; x_wconf 84' lang='lat' dir='ltr'>Patrem</span> <span class='ocrx_word' id='word_1_383' title='bbox 2117 609 2365 664; x_wconf 89' lang='lat' dir='ltr'>dicebat.</span> <span class='ocrx_word' id='word_1_384' title='bbox 2395 608 2565 674; x_wconf 88' lang='lat' dir='ltr'>Quod</span> <span class='ocrx_word' id='word_1_385' title='bbox 2599 613 2795 665; x_wconf 87' lang='lat' dir='ltr'>autem</span> <span class='ocrx_word' id='word_1_386' title='bbox 2825 607 3032 664; x_wconf 90' lang='lat' dir='ltr'>dicunt</span> <span class='ocrx_word' id='word_1_387' title='bbox 3065 625 3078 662; x_wconf 92' lang='lat'><strong>:</strong></span> <span class='ocrx_word' id='word_1_388' title='bbox 3105 608 3229 662; x_wconf 89' lang='lat' dir='ltr'>Nos</span> <span class='ocrx_word' id='word_1_389' title='bbox 3258 614 3510 676; x_wconf 82' lang='lat' dir='ltr'>estupro</span> 
     </span>
    </p>
   </div>
   <div class='ocr_carea' id='block_1_59' title="bbox 1851 696 3510 769">
    <p class='ocr_par' dir='ltr' id='par_1_59' title="bbox 1851 696 3510 769">
     <span class='ocr_line' id='line_1_59' title="bbox 1851 696 3510 769; baseline -0.001 -15"><span class='ocrx_word' id='word_1_390' title='bbox 1851 699 1983 754; x_wconf 79' lang='lat' dir='ltr'>nati</span> <span class='ocrx_word' id='word_1_391' title='bbox 2008 715 2119 753; x_wconf 88' lang='lat' dir='ltr'>non</span> <span class='ocrx_word' id='word_1_392' title='bbox 2151 715 2364 769; x_wconf 82' lang='lat' dir='ltr'>sumus,</span> <span class='ocrx_word' id='word_1_393' title='bbox 2410 697 2753 768; x_wconf 73' lang='lat' dir='ltr'>intelligitur</span> <span class='ocrx_word' id='word_1_394' title='bbox 2775 703 3015 769; x_wconf 85' lang='lat' dir='ltr'>propter</span> <span class='ocrx_word' id='word_1_395' title='bbox 3047 703 3254 767; x_wconf 86' lang='lat' dir='ltr'>gentes</span> <span class='ocrx_word' id='word_1_396' title='bbox 3281 713 3409 768; x_wconf 75' lang='lat' dir='ltr'>quae</span> <span class='ocrx_word' id='word_1_397' title='bbox 3432 696 3510 752; x_wconf 89' lang='lat' dir='ltr'>ab</span> 
     </span>
    </p>
   </div>
   <div class='ocr_carea' id='block_1_60' title="bbox 1855 786 3511 859">
    <p class='ocr_par' dir='ltr' id='par_1_60' title="bbox 1855 786 3511 859">
     <span class='ocr_line' id='line_1_60' title="bbox 1855 786 3511 859; baseline -0.001 -17"><span class='ocrx_word' id='word_1_398' title='bbox 1855 787 2064 843; x_wconf 90' lang='lat' dir='ltr'>Ismael</span> <span class='ocrx_word' id='word_1_399' title='bbox 2116 787 2588 852; x_wconf 76' lang='lat' dir='ltr'>descendebant,</span> <span class='ocrx_word' id='word_1_400' title='bbox 2644 789 2749 859; x_wconf 86' lang='lat' dir='ltr'>qui</span> <span class='ocrx_word' id='word_1_401' title='bbox 2807 802 2879 842; x_wconf 84' lang='lat' dir='ltr'>ex</span> <span class='ocrx_word' id='word_1_402' title='bbox 2935 786 3130 842; x_wconf 87' lang='lat' dir='ltr'>servili</span> <span class='ocrx_word' id='word_1_403' title='bbox 3183 801 3511 856; x_wconf 86' lang='lat' dir='ltr'>congressu</span> 
     </span>
    </p>
   </div>
   <div class='ocr_carea' id='block_1_61' title="bbox 1852 876 3511 947">
    <p class='ocr_par' dir='ltr' id='par_1_61' title="bbox 1852 876 3511 947">
     <span class='ocr_line' id='line_1_61' title="bbox 1852 876 3511 947; baseline -0.002 -14"><span class='ocrx_word' id='word_1_404' title='bbox 1852 877 2126 945; x_wconf 73' lang='lat' dir='ltr'>Abrahae,</span> <span class='ocrx_word' id='word_1_405' title='bbox 2161 894 2232 933; x_wconf 81' lang='lat' dir='ltr'>ex</span> <span class='ocrx_word' id='word_1_406' title='bbox 2263 885 2418 947; x_wconf 69' lang='lat' dir='ltr'>Agar</span> <span class='ocrx_word' id='word_1_407' title='bbox 2449 877 2722 933; x_wconf 86' lang='lat' dir='ltr'>videlicet</span> <span class='ocrx_word' id='word_1_408' title='bbox 2751 876 2969 933; x_wconf 83' lang='lat' dir='ltr'>ancilla</span> <span class='ocrx_word' id='word_1_409' title='bbox 2999 881 3175 932; x_wconf 88' lang='lat' dir='ltr'>natus</span> <span class='ocrx_word' id='word_1_410' title='bbox 3201 882 3344 940; x_wconf 89' lang='lat' dir='ltr'>erat,</span> <span class='ocrx_word' id='word_1_411' title='bbox 3373 891 3511 930; x_wconf 88' lang='lat' dir='ltr'>cum</span> 
     </span>
    </p>
   </div>
   <div class='ocr_carea' id='block_1_62' title="bbox 1853 964 3512 1039">
    <p class='ocr_par' dir='ltr' id='par_1_62' title="bbox 1853 964 3512 1039">
     <span class='ocr_line' id='line_1_62' title="bbox 1853 964 3512 1039; baseline -0.002 -17"><span class='ocrx_word' id='word_1_412' title='bbox 1853 966 1964 1039; x_wconf 84' lang='lat' dir='ltr'>ipsi</span> <span class='ocrx_word' id='word_1_413' title='bbox 1996 967 2073 1021; x_wconf 86' lang='lat' dir='ltr'>ab</span> <span class='ocrx_word' id='word_1_414' title='bbox 2096 967 2256 1022; x_wconf 90' lang='lat' dir='ltr'>Isaac</span> <span class='ocrx_word' id='word_1_415' title='bbox 2279 966 2732 1032; x_wconf 88' lang='lat' dir='ltr'>descenderent,</span> <span class='ocrx_word' id='word_1_416' title='bbox 2757 966 2862 1038; x_wconf 89' lang='lat' dir='ltr'>qui</span> <span class='ocrx_word' id='word_1_417' title='bbox 2884 982 2954 1020; x_wconf 81' lang='lat' dir='ltr'>ex</span> <span class='ocrx_word' id='word_1_418' title='bbox 2971 965 3236 1036; x_wconf 91' lang='lat' dir='ltr'>legitimo</span> <span class='ocrx_word' id='word_1_419' title='bbox 3263 964 3512 1021; x_wconf 76' lang='lat' dir='ltr'>Abrahae</span> 
     </span>
    </p>
   </div>
   <div class='ocr_carea' id='block_1_63' title="bbox 1852 1055 3513 1130">
    <p class='ocr_par' dir='ltr' id='par_1_63' title="bbox 1852 1055 3513 1130">
     <span class='ocr_line' id='line_1_63' title="bbox 1852 1055 3513 1130; baseline 0 -20"><span class='ocrx_word' id='word_1_420' title='bbox 1852 1055 2263 1120; x_wconf 90' lang='lat' dir='ltr'>matrimonio,</span> <span class='ocrx_word' id='word_1_421' title='bbox 2284 1072 2356 1111; x_wconf 85' lang='lat' dir='ltr'>ex</span> <span class='ocrx_word' id='word_1_422' title='bbox 2381 1055 2558 1112; x_wconf 89' lang='lat' dir='ltr'>Sarra</span> <span class='ocrx_word' id='word_1_423' title='bbox 2578 1055 2827 1112; x_wconf 92' lang='lat' dir='ltr'>domina</span> <span class='ocrx_word' id='word_1_424' title='bbox 2851 1055 3041 1130; x_wconf 87' lang='lat' dir='ltr'>ipsius</span> <span class='ocrx_word' id='word_1_425' title='bbox 3065 1061 3222 1126; x_wconf 85' lang='lat' dir='ltr'>Agar</span> <span class='ocrx_word' id='word_1_426' title='bbox 3239 1061 3364 1110; x_wconf 90' lang='lat' dir='ltr'>erat</span> <span class='ocrx_word' id='word_1_427' title='bbox 3382 1068 3513 1128; x_wconf 87' lang='lat' dir='ltr'>pro-</span> 
     </span>
    </p>
   </div>
   <div class='ocr_carea' id='block_1_64' title="bbox 1855 1145 2109 1213">
    <p class='ocr_par' dir='ltr' id='par_1_64' title="bbox 1855 1145 2109 1213">
     <span class='ocr_line' id='line_1_64' title="bbox 1855 1145 2109 1213; baseline -0.008 -15"><span class='ocrx_word' id='word_1_428' title='bbox 1855 1145 2109 1213; x_wconf 90' lang='lat' dir='ltr'>genitus.</span> 
     </span>
    </p>
   </div>
   <div class='ocr_carea' id='block_1_65' title="bbox 1925 1231 3514 1308">
    <p class='ocr_par' dir='ltr' id='par_1_65' title="bbox 1925 1231 3514 1308">
     <span class='ocr_line' id='line_1_65' title="bbox 1925 1231 3514 1308; baseline 0 -21"><span class='ocrx_word' id='word_1_429' title='bbox 1925 1233 2135 1288; x_wconf 88' lang='lat' dir='ltr'>Dicunt</span> <span class='ocrx_word' id='word_1_430' title='bbox 2174 1239 2375 1290; x_wconf 89' lang='lat' dir='ltr'>autem</span> <span class='ocrx_word' id='word_1_431' title='bbox 2416 1233 2620 1308; x_wconf 86' lang='lat' dir='ltr'>aliqui,</span> <span class='ocrx_word' id='word_1_432' title='bbox 2665 1233 2831 1307; x_wconf 89' lang='lat' dir='ltr'>quod</span> <span class='ocrx_word' id='word_1_433' title='bbox 2875 1234 2951 1291; x_wconf 88' lang='lat' dir='ltr'>ad</span> <span class='ocrx_word' id='word_1_434' title='bbox 2992 1232 3358 1290; x_wconf 83' lang='lat' dir='ltr'>inferendam</span> <span class='ocrx_word' id='word_1_435' title='bbox 3400 1231 3514 1306; x_wconf 88' lang='lat' dir='ltr'>ipsi</span> 
     </span>
    </p>
   </div>
   <div class='ocr_carea' id='block_1_66' title="bbox 1852 1321 3510 1395">
    <p class='ocr_par' dir='ltr' id='par_1_66' title="bbox 1852 1321 3510 1395">
     <span class='ocr_line' id='line_1_66' title="bbox 1852 1321 3510 1395; baseline 0 -18"><span class='ocrx_word' id='word_1_436' title='bbox 1852 1321 2138 1392; x_wconf 88' lang='lat' dir='ltr'>injuriam</span> <span class='ocrx_word' id='word_1_437' title='bbox 2169 1323 2283 1378; x_wconf 82' lang='lat' dir='ltr'>hoc</span> <span class='ocrx_word' id='word_1_438' title='bbox 2319 1324 2578 1380; x_wconf 80' lang='lat' dir='ltr'>dixerint</span> <span class='ocrx_word' id='word_1_439' title='bbox 2630 1322 3024 1379; x_wconf 83' lang='lat' dir='ltr'>exsecrabiles</span> <span class='ocrx_word' id='word_1_440' title='bbox 3065 1322 3167 1386; x_wconf 88' lang='lat' dir='ltr'>illi,</span> <span class='ocrx_word' id='word_1_441' title='bbox 3225 1338 3296 1378; x_wconf 89' lang='lat' dir='ltr'>eo</span> <span class='ocrx_word' id='word_1_442' title='bbox 3347 1321 3510 1395; x_wconf 90' lang='lat' dir='ltr'>quod</span> 
     </span>
    </p>
   </div>
   <div class='ocr_carea' id='block_1_67' title="bbox 1853 1411 3510 1484">
    <p class='ocr_par' dir='ltr' id='par_1_67' title="bbox 1853 1411 3510 1484">
     <span class='ocr_line' id='line_1_67' title="bbox 1853 1411 3510 1484; baseline 0 -18"><span class='ocrx_word' id='word_1_443' title='bbox 1853 1411 2112 1467; x_wconf 86' lang='lat' dir='ltr'>dicerent</span> <span class='ocrx_word' id='word_1_444' title='bbox 2175 1428 2294 1468; x_wconf 92' lang='lat' dir='ltr'>non</span> <span class='ocrx_word' id='word_1_445' title='bbox 2352 1429 2484 1470; x_wconf 90' lang='lat' dir='ltr'>esse</span> <span class='ocrx_word' id='word_1_446' title='bbox 2541 1429 2680 1470; x_wconf 89' lang='lat' dir='ltr'>eum</span> <span class='ocrx_word' id='word_1_447' title='bbox 2737 1417 2952 1469; x_wconf 86' lang='lat' dir='ltr'>natura</span> <span class='ocrx_word' id='word_1_448' title='bbox 3019 1412 3211 1468; x_wconf 84' lang='lat' dir='ltr'>ﬁlium</span> <span class='ocrx_word' id='word_1_449' title='bbox 3268 1412 3510 1484; x_wconf 86' lang='lat' dir='ltr'>Joseph.</span> 
     </span>
    </p>
   </div>
   <div class='ocr_carea' id='block_1_68' title="bbox 1855 1489 3515 1568">
    <p class='ocr_par' dir='ltr' id='par_1_68' title="bbox 1855 1489 3515 1568">
     <span class='ocr_line' id='line_1_68' title="bbox 1855 1489 3515 1568; baseline 0.001 -14"><span class='ocrx_word' id='word_1_450' title='bbox 1855 1501 2106 1565; x_wconf 88' lang='lat' dir='ltr'>Quando</span> <span class='ocrx_word' id='word_1_451' title='bbox 2170 1509 2370 1557; x_wconf 88' lang='lat' dir='ltr'>autem</span> <span class='ocrx_word' id='word_1_452' title='bbox 2452 1507 2758 1558; x_wconf 88' lang='lat' dir='ltr'>attenuare</span> <span class='ocrx_word' id='word_1_453' title='bbox 2837 1518 2976 1558; x_wconf 92' lang='lat' dir='ltr'>eum</span> <span class='ocrx_word' id='word_1_454' title='bbox 3055 1489 3282 1568; x_wconf 87' lang='lat' dir='ltr'>volunt,</span> <span class='ocrx_word' id='word_1_455' title='bbox 3378 1505 3515 1557; x_wconf 91' lang='lat' dir='ltr'>tunc</span> 
     </span>
    </p>
   </div>
   <div class='ocr_carea' id='block_1_69' title="bbox 1855 1588 3514 1664">
    <p class='ocr_par' dir='ltr' id='par_1_69' title="bbox 1855 1588 3514 1664">
     <span class='ocr_line' id='line_1_69' title="bbox 1855 1588 3514 1664; baseline 0.001 -21"><span class='ocrx_word' id='word_1_456' title='bbox 1855 1588 2042 1644; x_wconf 86' lang='lat' dir='ltr'>ﬁlium</span> <span class='ocrx_word' id='word_1_457' title='bbox 2067 1590 2290 1663; x_wconf 88' lang='lat' dir='ltr'>.Ioseph</span> <span class='ocrx_word' id='word_1_458' title='bbox 2322 1591 2524 1664; x_wconf 83' lang='lat' dir='ltr'>ipsum</span> <span class='ocrx_word' id='word_1_459' title='bbox 2556 1592 2892 1664; x_wconf 91' lang='lat' dir='ltr'>appellant,</span> <span class='ocrx_word' id='word_1_460' title='bbox 2937 1590 3237 1646; x_wconf 87' lang='lat' dir='ltr'>interdum</span> <span class='ocrx_word' id='word_1_461' title='bbox 3269 1590 3514 1663; x_wconf 87' lang='lat' dir='ltr'>quidem</span> 
     </span>
    </p>
   </div>
   <div class='ocr_carea' id='block_1_70' title="bbox 1856 1677 3513 1752">
    <p class='ocr_par' dir='ltr' id='par_1_70' title="bbox 1856 1677 3513 1752">
     <span class='ocr_line' id='line_1_70' title="bbox 1856 1677 3513 1752; baseline 0.001 -19"><span class='ocrx_word' id='word_1_462' title='bbox 1856 1677 1990 1741; x_wconf 89' lang='lat' dir='ltr'>hoc,</span> <span class='ocrx_word' id='word_1_463' title='bbox 2024 1679 2323 1736; x_wconf 88' lang='lat' dir='ltr'>interdum</span> <span class='ocrx_word' id='word_1_464' title='bbox 2353 1697 2492 1737; x_wconf 91' lang='lat' dir='ltr'>vero</span> <span class='ocrx_word' id='word_1_465' title='bbox 2526 1681 2670 1736; x_wconf 90' lang='lat' dir='ltr'>illud</span> <span class='ocrx_word' id='word_1_466' title='bbox 2719 1685 3037 1752; x_wconf 81' lang='lat' dir='ltr'>nuganles,</span> <span class='ocrx_word' id='word_1_467' title='bbox 3097 1688 3154 1736; x_wconf 75' lang='lat' dir='ltr'>et.</span> <span class='ocrx_word' id='word_1_468' title='bbox 3198 1695 3513 1752; x_wconf 87' lang='lat' dir='ltr'>nunquam</span> 
     </span>
    </p>
   </div>
   <div class='ocr_carea' id='block_1_71' title="bbox 1859 1768 3514 1844">
    <p class='ocr_par' dir='ltr' id='par_1_71' title="bbox 1859 1768 3514 1844">
     <span class='ocr_line' id='line_1_71' title="bbox 1859 1768 3514 1844; baseline 0.001 -23"><span class='ocrx_word' id='word_1_469' title='bbox 1859 1768 2081 1824; x_wconf 88' lang='lat' dir='ltr'>veritati</span> <span class='ocrx_word' id='word_1_470' title='bbox 2125 1769 2517 1826; x_wconf 71' lang='lat' dir='ltr'>adhterentes.</span> <span class='ocrx_word' id='word_1_471' title='bbox 2577 1770 2754 1844; x_wconf 89' lang='lat' dir='ltr'>Atqui</span> <span class='ocrx_word' id='word_1_472' title='bbox 2815 1769 2981 1825; x_wconf 87' lang='lat' dir='ltr'>multi</span> <span class='ocrx_word' id='word_1_473' title='bbox 3021 1785 3280 1826; x_wconf 90' lang='lat' dir='ltr'>eorume</span> <span class='ocrx_word' id='word_1_474' title='bbox 3310 1775 3514 1840; x_wconf 90' lang='lat' dir='ltr'>stupro</span> 
     </span>
    </p>
   </div>
   <div class='ocr_carea' id='block_1_72' title="bbox 1860 1856 3512 1931">
    <p class='ocr_par' dir='ltr' id='par_1_72' title="bbox 1860 1856 3512 1931">
     <span class='ocr_line' id='line_1_72' title="bbox 1860 1856 3512 1931; baseline 0.001 -21"><span class='ocrx_word' id='word_1_475' title='bbox 1860 1856 2167 1914; x_wconf 88' lang='lat' dir='ltr'>natierant</span> <span class='ocrx_word' id='word_1_476' title='bbox 2199 1858 2432 1925; x_wconf 90' lang='lat' dir='ltr'>;multis</span> <span class='ocrx_word' id='word_1_477' title='bbox 2458 1875 2720 1931; x_wconf 87' lang='lat' dir='ltr'>namque</span> <span class='ocrx_word' id='word_1_478' title='bbox 2743 1858 3060 1931; x_wconf 86' lang='lat' dir='ltr'>illegitimis</span> <span class='ocrx_word' id='word_1_479' title='bbox 3074 1857 3297 1930; x_wconf 89' lang='lat' dir='ltr'>nuptiis</span> <span class='ocrx_word' id='word_1_480' title='bbox 3326 1857 3512 1913; x_wconf 64' lang='lat' dir='ltr'>Judaei</span> 
     </span>
    </p>
   </div>
   <div class='ocr_carea' id='block_1_73' title="bbox 1859 1946 3512 2020">
    <p class='ocr_par' dir='ltr' id='par_1_73' title="bbox 1859 1946 3512 2020">
     <span class='ocr_line' id='line_1_73' title="bbox 1859 1946 3512 2020; baseline -0.001 -18"><span class='ocrx_word' id='word_1_481' title='bbox 1859 1946 2303 2018; x_wconf 88' lang='lat' dir='ltr'>copulabantur</span> <span class='ocrx_word' id='word_1_482' title='bbox 2333 1966 2347 2016; x_wconf 87' lang='lat'><strong>;</strong></span> <span class='ocrx_word' id='word_1_483' title='bbox 2399 1964 2607 2004; x_wconf 89' lang='lat' dir='ltr'>verum</span> <span class='ocrx_word' id='word_1_484' title='bbox 2635 1948 2766 2005; x_wconf 86' lang='lat' dir='ltr'>silet</span> <span class='ocrx_word' id='word_1_485' title='bbox 2797 1947 2978 2004; x_wconf 90' lang='lat' dir='ltr'>etiam</span> <span class='ocrx_word' id='word_1_486' title='bbox 3018 1947 3152 2013; x_wconf 90' lang='lat' dir='ltr'>hoc,</span> <span class='ocrx_word' id='word_1_487' title='bbox 3179 1962 3512 2020; x_wconf 88' lang='lat' dir='ltr'>properans</span> 
     </span>
    </p>
   </div>
   <div class='ocr_carea' id='block_1_74' title="bbox 1859 2037 2585 2110">
    <p class='ocr_par' dir='ltr' id='par_1_74' title="bbox 1859 2037 2585 2110">
     <span class='ocr_line' id='line_1_74' title="bbox 1859 2037 2585 2110; baseline -0.004 -17"><span class='ocrx_word' id='word_1_488' title='bbox 1859 2037 1930 2093; x_wconf 85' lang='lat' dir='ltr'>ad</span> <span class='ocrx_word' id='word_1_489' title='bbox 1957 2037 2018 2092; x_wconf 90' lang='lat' dir='ltr'>id</span> <span class='ocrx_word' id='word_1_490' title='bbox 2049 2037 2216 2110; x_wconf 91' lang='lat' dir='ltr'>quod</span> <span class='ocrx_word' id='word_1_491' title='bbox 2250 2040 2446 2108; x_wconf 87' lang='lat' dir='ltr'>majus</span> <span class='ocrx_word' id='word_1_492' title='bbox 2477 2042 2585 2094; x_wconf 86' lang='lat' dir='ltr'>est.</span> 
     </span>
    </p>
   </div>
   <div class='ocr_carea' id='block_1_75' title="bbox 1929 2126 3513 2196">
    <p class='ocr_par' dir='ltr' id='par_1_75' title="bbox 1929 2126 3513 2196">
     <span class='ocr_line' id='line_1_75' title="bbox 1929 2126 3513 2196; baseline 0.001 -14"><span class='ocrx_word' id='word_1_493' title='bbox 1929 2143 2082 2182; x_wconf 88' lang='lat' dir='ltr'>vers.</span> <span class='ocrx_word' id='word_1_494' title='bbox 2107 2127 2198 2182; x_wconf 75' lang='grc'>42.</span> <span class='ocrx_word' id='word_1_495' title='bbox 2239 2129 2337 2182; x_wconf 82' lang='lat' dir='ltr'>Ait</span> <span class='ocrx_word' id='word_1_496' title='bbox 2362 2159 2432 2168; x_wconf 92' lang='grc'><strong>--</strong></span> <span class='ocrx_word' id='word_1_497' title='bbox 2457 2127 2638 2184; x_wconf 74' lang='lat' dir='ltr'>exivi.</span> <span class='ocrx_word' id='word_1_498' title='bbox 2701 2127 2906 2192; x_wconf 87' lang='lat' dir='ltr'>Natus,</span> <span class='ocrx_word' id='word_1_499' title='bbox 2939 2126 3030 2183; x_wconf 89' lang='lat' dir='ltr'>vel</span> <span class='ocrx_word' id='word_1_500' title='bbox 3071 2126 3294 2182; x_wconf 85' lang='lat' dir='ltr'>missus</span> <span class='ocrx_word' id='word_1_501' title='bbox 3353 2141 3513 2196; x_wconf 75' lang='lat' dir='ltr'>sum.</span> 
     </span>
    </p>
   </div>
   <div class='ocr_carea' id='block_1_76' title="bbox 1930 2215 2800 2273">
    <p class='ocr_par' dir='ltr' id='par_1_76' title="bbox 1930 2215 2800 2273">
     <span class='ocr_line' id='line_1_76' title="bbox 1930 2215 2800 2273; baseline 0.005 -5"><span class='ocrx_word' id='word_1_502' title='bbox 1930 2215 2100 2271; x_wconf 87' lang='lat' dir='ltr'>Vers.</span> <span class='ocrx_word' id='word_1_503' title='bbox 2140 2215 2227 2272; x_wconf 71' lang='grc'>42.</span> <span class='ocrx_word' id='word_1_504' title='bbox 2269 2217 2347 2272; x_wconf 83' lang='grc' dir='ltr'>Ει</span> <span class='ocrx_word' id='word_1_505' title='bbox 2380 2215 2527 2272; x_wconf 82' lang='lat' dir='ltr'>veni.</span> <span class='ocrx_word' id='word_1_506' title='bbox 2557 2217 2641 2272; x_wconf 81' lang='lat' dir='ltr'>Ad</span> <span class='ocrx_word' id='word_1_507' title='bbox 2673 2231 2800 2273; x_wconf 93' lang='lat' dir='ltr'>vos.</span> 
     </span>
    </p>
   </div>
   <div class='ocr_carea' id='block_1_77' title="bbox 1929 2302 3508 2378">
    <p class='ocr_par' dir='ltr' id='par_1_77' title="bbox 1929 2302 3508 2378">
     <span class='ocr_line' id='line_1_77' title="bbox 1929 2302 3508 2378; baseline 0 -18"><span class='ocrx_word' id='word_1_508' title='bbox 1929 2307 2091 2360; x_wconf 91' lang='lat' dir='ltr'>Vers.</span> <span class='ocrx_word' id='word_1_509' title='bbox 2125 2306 2214 2360; x_wconf 84' lang='grc'>42.</span> <span class='ocrx_word' id='word_1_510' title='bbox 2253 2306 2449 2378; x_wconf 84' lang='lat' dir='ltr'>Neque</span> <span class='ocrx_word' id='word_1_511' title='bbox 2500 2337 2568 2345; x_wconf 96' lang='lat'><strong>—</strong></span> <span class='ocrx_word' id='word_1_512' title='bbox 2615 2306 2833 2362; x_wconf 84' lang='lat' dir='ltr'>veni.A</span> <span class='ocrx_word' id='word_1_513' title='bbox 2882 2302 3121 2376; x_wconf 89' lang='lat' dir='ltr'>propria</span> <span class='ocrx_word' id='word_1_514' title='bbox 3177 2303 3508 2369; x_wconf 88' lang='lat' dir='ltr'>voluntate,</span> 
     </span>
    </p>
   </div>
   <div class='ocr_carea' id='block_1_78' title="bbox 1857 2393 3513 2468">
    <p class='ocr_par' dir='ltr' id='par_1_78' title="bbox 1857 2393 3513 2468">
     <span class='ocr_line' id='line_1_78' title="bbox 1857 2393 3513 2468; baseline -0.001 -18"><span class='ocrx_word' id='word_1_515' title='bbox 1857 2411 1993 2451; x_wconf 93' lang='lat' dir='ltr'>cum</span> <span class='ocrx_word' id='word_1_516' title='bbox 2022 2394 2326 2468; x_wconf 89' lang='lat' dir='ltr'>propriam</span> <span class='ocrx_word' id='word_1_517' title='bbox 2358 2410 2475 2450; x_wconf 90' lang='lat' dir='ltr'>non</span> <span class='ocrx_word' id='word_1_518' title='bbox 2500 2394 2761 2451; x_wconf 88' lang='lat' dir='ltr'>habeam</span> <span class='ocrx_word' id='word_1_519' title='bbox 2786 2393 3171 2458; x_wconf 87' lang='lat' dir='ltr'>voluntatem,</span> <span class='ocrx_word' id='word_1_520' title='bbox 3199 2398 3261 2448; x_wconf 92' lang='lat' dir='ltr'>ut</span> <span class='ocrx_word' id='word_1_521' title='bbox 3291 2393 3513 2466; x_wconf 62' lang='lat' dir='ltr'>saepius</span> 
     </span>
    </p>
   </div>
   <div class='ocr_carea' id='block_1_79' title="bbox 1857 2483 2220 2540">
    <p class='ocr_par' dir='ltr' id='par_1_79' title="bbox 1857 2483 2220 2540">
     <span class='ocr_line' id='line_1_79' title="bbox 1857 2483 2220 2540; baseline -0.003 0"><span class='ocrx_word' id='word_1_522' title='bbox 1857 2483 2082 2540; x_wconf 90' lang='lat' dir='ltr'>dictum</span> <span class='ocrx_word' id='word_1_523' title='bbox 2114 2488 2220 2540; x_wconf 92' lang='lat' dir='ltr'>est.</span> 
     </span>
    </p>
   </div>
   <div class='ocr_carea' id='block_1_80' title="bbox 1931 2571 3513 2645">
    <p class='ocr_par' dir='ltr' id='par_1_80' title="bbox 1931 2571 3513 2645">
     <span class='ocr_line' id='line_1_80' title="bbox 1931 2571 3513 2645; baseline -0.002 -16"><span class='ocrx_word' id='word_1_524' title='bbox 1931 2576 2088 2629; x_wconf 81' lang='lat' dir='ltr'>Vers.</span> <span class='ocrx_word' id='word_1_525' title='bbox 2122 2572 2208 2627; x_wconf 78' lang='grc'>42.</span> <span class='ocrx_word' id='word_1_526' title='bbox 2237 2572 2346 2629; x_wconf 85' lang='lat' dir='ltr'>Sed</span> <span class='ocrx_word' id='word_1_527' title='bbox 2387 2602 2454 2613; x_wconf 96' lang='lat'>—</span> <span class='ocrx_word' id='word_1_528' title='bbox 2481 2573 2656 2628; x_wconf 81' lang='lat' dir='ltr'>misit.</span> <span class='ocrx_word' id='word_1_529' title='bbox 2690 2574 2757 2628; x_wconf 91' lang='lat' dir='ltr'>Ut</span> <span class='ocrx_word' id='word_1_530' title='bbox 2808 2575 2976 2645; x_wconf 88' lang='lat' dir='ltr'>pater</span> <span class='ocrx_word' id='word_1_531' title='bbox 3005 2571 3220 2638; x_wconf 85' lang='lat' dir='ltr'>ﬁlium,</span> <span class='ocrx_word' id='word_1_532' title='bbox 3255 2575 3313 2626; x_wconf 87' lang='lat' dir='ltr'>ut</span> <span class='ocrx_word' id='word_1_533' title='bbox 3341 2585 3513 2627; x_wconf 89' lang='lat' dir='ltr'>mens</span> 
     </span>
    </p>
   </div>
   <div class='ocr_carea' id='block_1_81' title="bbox 1859 2662 2131 2719">
    <p class='ocr_par' dir='ltr' id='par_1_81' title="bbox 1859 2662 2131 2719">
     <span class='ocr_line' id='line_1_81' title="bbox 1859 2662 2131 2719; baseline -0.007 -2"><span class='ocrx_word' id='word_1_534' title='bbox 1859 2662 2131 2719; x_wconf 90' lang='lat' dir='ltr'>verbum.</span> 
     </span>
    </p>
   </div>
   <div class='ocr_carea' id='block_1_82' title="bbox 1934 2751 3515 2823">
    <p class='ocr_par' dir='ltr' id='par_1_82' title="bbox 1934 2751 3515 2823">
     <span class='ocr_line' id='line_1_82' title="bbox 1934 2751 3515 2823; baseline -0.001 -16"><span class='ocrx_word' id='word_1_535' title='bbox 1934 2753 2090 2808; x_wconf 90' lang='lat' dir='ltr'>Vers.</span> <span class='ocrx_word' id='word_1_536' title='bbox 2129 2756 2217 2809; x_wconf 86' lang='grc'>43.</span> <span class='ocrx_word' id='word_1_537' title='bbox 2263 2752 2453 2820; x_wconf 83' lang='lat' dir='ltr'>Quare</span> <span class='ocrx_word' id='word_1_538' title='bbox 2482 2783 2549 2792; x_wconf 87' lang='lat'>—-</span> <span class='ocrx_word' id='word_1_539' title='bbox 2588 2751 2907 2823; x_wconf 77' lang='lat' dir='ltr'>agnoscitis</span> <span class='ocrx_word' id='word_1_540' title='bbox 2928 2755 2953 2806; x_wconf 69' lang='lat'>.9</span> <span class='ocrx_word' id='word_1_541' title='bbox 2982 2753 3172 2816; x_wconf 88' lang='lat' dir='ltr'>Quare</span> <span class='ocrx_word' id='word_1_542' title='bbox 3202 2765 3272 2807; x_wconf 90' lang='lat' dir='ltr'>ea</span> <span class='ocrx_word' id='word_1_543' title='bbox 3299 2765 3438 2823; x_wconf 67' lang='lat' dir='ltr'>quas</span> <span class='ocrx_word' id='word_1_544' title='bbox 3478 2765 3515 2806; x_wconf 80' lang='grc' dir='ltr'>θ.</span> 
     </span>
    </p>
   </div>
   <div class='ocr_carea' id='block_1_83' title="bbox 1859 2839 3515 2912">
    <p class='ocr_par' dir='ltr' id='par_1_83' title="bbox 1859 2839 3515 2912">
     <span class='ocr_line' id='line_1_83' title="bbox 1859 2839 3515 2912; baseline -0.002 -15"><span class='ocrx_word' id='word_1_545' title='bbox 1859 2858 1955 2897; x_wconf 92' lang='lat' dir='ltr'>me</span> <span class='ocrx_word' id='word_1_546' title='bbox 1972 2842 2274 2911; x_wconf 89' lang='lat' dir='ltr'>dicuntur,</span> <span class='ocrx_word' id='word_1_547' title='bbox 2298 2857 2413 2898; x_wconf 91' lang='lat' dir='ltr'>non</span> <span class='ocrx_word' id='word_1_548' title='bbox 2449 2840 2768 2912; x_wconf 88' lang='lat' dir='ltr'>intelligilis</span> <span class='ocrx_word' id='word_1_549' title='bbox 2798 2843 2826 2897; x_wconf 79' lang='lat' dir='ltr'>‘t</span> <span class='ocrx_word' id='word_1_550' title='bbox 2857 2839 3074 2896; x_wconf 91' lang='lat' dir='ltr'>Deinde</span> <span class='ocrx_word' id='word_1_551' title='bbox 3103 2839 3269 2896; x_wconf 87' lang='lat' dir='ltr'>addit</span> <span class='ocrx_word' id='word_1_552' title='bbox 3299 2845 3356 2896; x_wconf 93' lang='lat' dir='ltr'>et</span> <span class='ocrx_word' id='word_1_553' title='bbox 3381 2854 3515 2895; x_wconf 89' lang='lat' dir='ltr'>cau-</span> 
     </span>
    </p>
   </div>
   <div class='ocr_carea' id='block_1_84' title="bbox 1858 2928 3001 3002">
    <p class='ocr_par' dir='ltr' id='par_1_84' title="bbox 1858 2928 3001 3002">
     <span class='ocr_line' id='line_1_84' title="bbox 1858 2928 3001 3002; baseline -0.003 -16"><span class='ocrx_word' id='word_1_554' title='bbox 1858 2947 2010 2999; x_wconf 89' lang='lat' dir='ltr'>sam,</span> <span class='ocrx_word' id='word_1_555' title='bbox 2041 2947 2147 2986; x_wconf 91' lang='lat' dir='ltr'>cur</span> <span class='ocrx_word' id='word_1_556' title='bbox 2177 2931 2288 3002; x_wconf 89' lang='lat' dir='ltr'>ipsi</span> <span class='ocrx_word' id='word_1_557' title='bbox 2317 2946 2437 2985; x_wconf 90' lang='lat' dir='ltr'>non</span> <span class='ocrx_word' id='word_1_558' title='bbox 2467 2929 2860 3000; x_wconf 80' lang='lat' dir='ltr'>intelligerent</span> <span class='ocrx_word' id='word_1_559' title='bbox 2882 2928 3001 2984; x_wconf 90' lang='lat' dir='ltr'>illa.</span> 
     </span>
    </p>
   </div>
   <div class='ocr_carea' id='block_1_85' title="bbox 1929 3015 3513 3088">
    <p class='ocr_par' dir='ltr' id='par_1_85' title="bbox 1929 3015 3513 3088">
     <span class='ocr_line' id='line_1_85' title="bbox 1929 3015 3513 3088; baseline 0 -18"><span class='ocrx_word' id='word_1_560' title='bbox 1929 3021 2098 3074; x_wconf 91' lang='lat' dir='ltr'>Vers.</span> <span class='ocrx_word' id='word_1_561' title='bbox 2128 3020 2217 3074; x_wconf 78' lang='grc'>43.</span> <span class='ocrx_word' id='word_1_562' title='bbox 2253 3020 2395 3087; x_wconf 83' lang='lat' dir='ltr'>Quia</span> <span class='ocrx_word' id='word_1_563' title='bbox 2426 3050 2492 3058; x_wconf 91' lang='lat'>—</span> <span class='ocrx_word' id='word_1_564' title='bbox 2525 3034 2734 3075; x_wconf 86' lang='lat' dir='ltr'>meum.</span> <span class='ocrx_word' id='word_1_565' title='bbox 2771 3049 2836 3058; x_wconf 89' lang='lat'>-—</span> <span class='ocrx_word' id='word_1_566' title='bbox 2858 3019 2992 3074; x_wconf 88' lang='lat' dir='ltr'>Non</span> <span class='ocrx_word' id='word_1_567' title='bbox 3015 3017 3279 3088; x_wconf 79' lang='lat' dir='ltr'>potestis,</span> <span class='ocrx_word' id='word_1_568' title='bbox 3336 3015 3513 3087; x_wconf 87' lang='lat' dir='ltr'>signi-</span> 
     </span>
    </p>
   </div>
   <div class='ocr_carea' id='block_1_86' title="bbox 1860 3105 3514 3178">
    <p class='ocr_par' dir='ltr' id='par_1_86' title="bbox 1860 3105 3514 3178">
     <span class='ocr_line' id='line_1_86' title="bbox 1860 3105 3514 3178; baseline -0.001 -16"><span class='ocrx_word' id='word_1_569' title='bbox 1860 3107 1998 3163; x_wconf 84' lang='lat' dir='ltr'>ficat</span> <span class='ocrx_word' id='word_1_570' title='bbox 2023 3124 2201 3172; x_wconf 90' lang='lat' dir='ltr'>nunc,</span> <span class='ocrx_word' id='word_1_571' title='bbox 2235 3107 2356 3162; x_wconf 90' lang='lat' dir='ltr'>Non</span> <span class='ocrx_word' id='word_1_572' title='bbox 2387 3107 2583 3162; x_wconf 90' lang='lat' dir='ltr'>vultis.</span> <span class='ocrx_word' id='word_1_573' title='bbox 2621 3107 2770 3172; x_wconf 89' lang='lat' dir='ltr'>Quia</span> <span class='ocrx_word' id='word_1_574' title='bbox 2798 3123 2916 3161; x_wconf 91' lang='lat' dir='ltr'>non</span> <span class='ocrx_word' id='word_1_575' title='bbox 2945 3106 3138 3169; x_wconf 86' lang='lat' dir='ltr'>vultis,</span> <span class='ocrx_word' id='word_1_576' title='bbox 3177 3105 3389 3178; x_wconf 87' lang='lat' dir='ltr'>inquit,</span> <span class='ocrx_word' id='word_1_577' title='bbox 3422 3106 3514 3160; x_wconf 92' lang='lat' dir='ltr'>in-</span> 
     </span>
    </p>
   </div>
   <div class='ocr_carea' id='block_1_87' title="bbox 1859 3193 3513 3267">
    <p class='ocr_par' dir='ltr' id='par_1_87' title="bbox 1859 3193 3513 3267">
     <span class='ocr_line' id='line_1_87' title="bbox 1859 3193 3513 3267; baseline -0.002 -14"><span class='ocrx_word' id='word_1_578' title='bbox 1859 3195 2115 3265; x_wconf 87' lang='lat' dir='ltr'>telligere</span> <span class='ocrx_word' id='word_1_579' title='bbox 2143 3212 2476 3250; x_wconf 86' lang='lat' dir='ltr'>sermonem</span> <span class='ocrx_word' id='word_1_580' title='bbox 2497 3212 2719 3258; x_wconf 87' lang='lat' dir='ltr'>meum,</span> <span class='ocrx_word' id='word_1_581' title='bbox 2752 3195 2941 3267; x_wconf 89' lang='lat' dir='ltr'>qnide</span> <span class='ocrx_word' id='word_1_582' title='bbox 2973 3194 3210 3249; x_wconf 89' lang='lat' dir='ltr'>sublimi</span> <span class='ocrx_word' id='word_1_583' title='bbox 3241 3193 3513 3250; x_wconf 88' lang='lat' dir='ltr'>doctrina</span> 
     </span>
    </p>
   </div>
   <div class='ocr_carea' id='block_1_88' title="bbox 1857 3281 3513 3356">
    <p class='ocr_par' dir='ltr' id='par_1_88' title="bbox 1857 3281 3513 3356">
     <span class='ocr_line' id='line_1_88' title="bbox 1857 3281 3513 3356; baseline -0.001 -17"><span class='ocrx_word' id='word_1_584' title='bbox 1857 3289 1961 3348; x_wconf 89' lang='lat' dir='ltr'>est,</span> <span class='ocrx_word' id='word_1_585' title='bbox 1999 3284 2466 3356; x_wconf 71' lang='lat' dir='ltr'>prapteranimze</span> <span class='ocrx_word' id='word_1_586' title='bbox 2491 3288 2697 3338; x_wconf 71' lang='lat' dir='ltr'>vestrae</span> <span class='ocrx_word' id='word_1_587' title='bbox 2715 3283 3060 3355; x_wconf 85' lang='lat' dir='ltr'>pravitatem</span> <span class='ocrx_word' id='word_1_588' title='bbox 3077 3299 3209 3355; x_wconf 72' lang='lat' dir='ltr'>quae</span> <span class='ocrx_word' id='word_1_589' title='bbox 3224 3281 3390 3337; x_wconf 89' lang='lat' dir='ltr'>humi</span> <span class='ocrx_word' id='word_1_590' title='bbox 3414 3283 3513 3337; x_wconf 92' lang='lat' dir='ltr'>de-</span> 
     </span>
    </p>
   </div>
   <div class='ocr_carea' id='block_1_89' title="bbox 1857 3370 3511 3440">
    <p class='ocr_par' dir='ltr' id='par_1_89' title="bbox 1857 3370 3511 3440">
     <span class='ocr_line' id='line_1_89' title="bbox 1857 3370 3511 3440; baseline -0.001 -12"><span class='ocrx_word' id='word_1_591' title='bbox 1857 3377 2044 3428; x_wconf 88' lang='lat' dir='ltr'>tracta</span> <span class='ocrx_word' id='word_1_592' title='bbox 2072 3378 2182 3440; x_wconf 92' lang='lat' dir='ltr'>est,</span> <span class='ocrx_word' id='word_1_593' title='bbox 2216 3379 2269 3426; x_wconf 88' lang='lat' dir='ltr'>et</span> <span class='ocrx_word' id='word_1_594' title='bbox 2303 3371 2448 3426; x_wconf 83' lang='lat' dir='ltr'>nihil</span> <span class='ocrx_word' id='word_1_595' title='bbox 2487 3371 2742 3427; x_wconf 88' lang='lat' dir='ltr'>sublime</span> <span class='ocrx_word' id='word_1_596' title='bbox 2775 3371 3159 3440; x_wconf 79' lang='lat' dir='ltr'>imaginatur.</span> <span class='ocrx_word' id='word_1_597' title='bbox 3193 3370 3343 3438; x_wconf 89' lang='lat' dir='ltr'>Quia</span> <span class='ocrx_word' id='word_1_598' title='bbox 3373 3386 3511 3426; x_wconf 90' lang='lat' dir='ltr'>vero</span> 
     </span>
    </p>
   </div>
   <div class='ocr_carea' id='block_1_90' title="bbox 1855 3460 3512 3532">
    <p class='ocr_par' dir='ltr' id='par_1_90' title="bbox 1855 3460 3512 3532">
     <span class='ocr_line' id='line_1_90' title="bbox 1855 3460 3512 3532; baseline -0.001 -16"><span class='ocrx_word' id='word_1_599' title='bbox 1855 3461 2050 3516; x_wconf 85' lang='lat' dir='ltr'>dicere</span> <span class='ocrx_word' id='word_1_600' title='bbox 2082 3461 2206 3516; x_wconf 89' lang='lat' dir='ltr'>ausi</span> <span class='ocrx_word' id='word_1_601' title='bbox 2240 3461 2494 3525; x_wconf 86' lang='lat' dir='ltr'>fuerant,</span> <span class='ocrx_word' id='word_1_602' title='bbox 2517 3466 2748 3532; x_wconf 87' lang='lat' dir='ltr'>patrem</span> <span class='ocrx_word' id='word_1_603' title='bbox 2772 3476 2949 3515; x_wconf 91' lang='lat' dir='ltr'>suum</span> <span class='ocrx_word' id='word_1_604' title='bbox 2981 3475 3107 3514; x_wconf 89' lang='lat' dir='ltr'>esse</span> <span class='ocrx_word' id='word_1_605' title='bbox 3135 3460 3341 3525; x_wconf 89' lang='lat' dir='ltr'>Deum,</span> <span class='ocrx_word' id='word_1_606' title='bbox 3373 3475 3512 3516; x_wconf 91' lang='lat' dir='ltr'>cum</span> 
     </span>
    </p>
   </div>
   <div class='ocr_carea' id='block_1_91' title="bbox 1855 3548 3509 3620">
    <p class='ocr_par' dir='ltr' id='par_1_91' title="bbox 1855 3548 3509 3620">
     <span class='ocr_line' id='line_1_91' title="bbox 1855 3548 3509 3620; baseline -0.001 -16"><span class='ocrx_word' id='word_1_607' title='bbox 1855 3550 2106 3606; x_wconf 79' lang='lat' dir='ltr'>Abrahae</span> <span class='ocrx_word' id='word_1_608' title='bbox 2137 3551 2492 3620; x_wconf 83' lang='lat' dir='ltr'>cognatione</span> <span class='ocrx_word' id='word_1_609' title='bbox 2525 3549 2754 3620; x_wconf 80' lang='lat' dir='ltr'>indigni</span> <span class='ocrx_word' id='word_1_610' title='bbox 2779 3554 2998 3614; x_wconf 89' lang='lat' dir='ltr'>essent,</span> <span class='ocrx_word' id='word_1_611' title='bbox 3021 3548 3203 3604; x_wconf 88' lang='lat' dir='ltr'>libere</span> <span class='ocrx_word' id='word_1_612' title='bbox 3232 3548 3509 3620; x_wconf 84' lang='lat' dir='ltr'>loquitur,</span> 
     </span>
    </p>
   </div>
   <div class='ocr_carea' id='block_1_92' title="bbox 1855 3637 3514 3712">
    <p class='ocr_par' dir='ltr' id='par_1_92' title="bbox 1855 3637 3514 3712">
     <span class='ocr_line' id='line_1_92' title="bbox 1855 3637 3514 3712; baseline -0.001 -17"><span class='ocrx_word' id='word_1_613' title='bbox 1855 3648 1912 3696; x_wconf 90' lang='lat' dir='ltr'>et</span> <span class='ocrx_word' id='word_1_614' title='bbox 1940 3641 1998 3695; x_wconf 90' lang='lat' dir='ltr'>in</span> <span class='ocrx_word' id='word_1_615' title='bbox 2028 3657 2130 3695; x_wconf 91' lang='lat' dir='ltr'>eos</span> <span class='ocrx_word' id='word_1_616' title='bbox 2157 3637 2939 3712; x_wconf 90' lang='lat' dir='ltr'>tanquamimmedicabiles</span> <span class='ocrx_word' id='word_1_617' title='bbox 2958 3637 3334 3694; x_wconf 83' lang='lat' dir='ltr'>manifestius</span> <span class='ocrx_word' id='word_1_618' title='bbox 3363 3637 3514 3693; x_wconf 88' lang='lat' dir='ltr'>inﬂi-</span> 
     </span>
    </p>
   </div>
   <div class='ocr_carea' id='block_1_93' title="bbox 1855 3726 3510 3801">
    <p class='ocr_par' dir='ltr' id='par_1_93' title="bbox 1855 3726 3510 3801">
     <span class='ocr_line' id='line_1_93' title="bbox 1855 3726 3510 3801; baseline -0.002 -17"><span class='ocrx_word' id='word_1_619' title='bbox 1855 3731 1936 3800; x_wconf 86' lang='lat' dir='ltr'>git</span> <span class='ocrx_word' id='word_1_620' title='bbox 1967 3730 2199 3794; x_wconf 86' lang='lat' dir='ltr'>vulnus,</span> <span class='ocrx_word' id='word_1_621' title='bbox 2237 3729 2399 3798; x_wconf 89' lang='lat' dir='ltr'>quod</span> <span class='ocrx_word' id='word_1_622' title='bbox 2431 3730 2697 3800; x_wconf 92' lang='lat' dir='ltr'>ipsorum</span> <span class='ocrx_word' id='word_1_623' title='bbox 2722 3726 3106 3801; x_wconf 76' lang='lat' dir='ltr'>impudentiae</span> <span class='ocrx_word' id='word_1_624' title='bbox 3133 3727 3510 3800; x_wconf 90' lang='lat' dir='ltr'>respondeat,</span> 
     </span>
    </p>
   </div>
   <div class='ocr_carea' id='block_1_94' title="bbox 1855 3815 3503 3889">
    <p class='ocr_par' dir='ltr' id='par_1_94' title="bbox 1855 3815 3503 3889">
     <span class='ocr_line' id='line_1_94' title="bbox 1855 3815 3503 3889; baseline -0.001 -15"><span class='ocrx_word' id='word_1_625' title='bbox 1855 3819 2214 3874; x_wconf 77' lang='lat' dir='ltr'>inflationem</span> <span class='ocrx_word' id='word_1_626' title='bbox 2247 3834 2312 3872; x_wconf 92' lang='lat' dir='ltr'>ac</span> <span class='ocrx_word' id='word_1_627' title='bbox 2341 3817 2661 3873; x_wconf 85' lang='lat' dir='ltr'>elationem</span> <span class='ocrx_word' id='word_1_628' title='bbox 2707 3817 3116 3887; x_wconf 87' lang='lat' dir='ltr'>arrogantium</span> <span class='ocrx_word' id='word_1_629' title='bbox 3147 3815 3503 3889; x_wconf 89' lang='lat' dir='ltr'>reprimens.</span> 
     </span>
    </p>
   </div>
   <div class='ocr_carea' id='block_1_95' title="bbox 1929 3905 3511 3978">
    <p class='ocr_par' dir='ltr' id='par_1_95' title="bbox 1929 3905 3511 3978">
     <span class='ocr_line' id='line_1_95' title="bbox 1929 3905 3511 3978; baseline -0.002 -16"><span class='ocrx_word' id='word_1_630' title='bbox 1929 3908 2089 3964; x_wconf 87' lang='lat' dir='ltr'>Vers.</span> <span class='ocrx_word' id='word_1_631' title='bbox 2124 3908 2210 3965; x_wconf 77' lang='grc'>44.</span> <span class='ocrx_word' id='word_1_632' title='bbox 2252 3909 2359 3964; x_wconf 91' lang='lat' dir='ltr'>Vos</span> <span class='ocrx_word' id='word_1_633' title='bbox 2387 3939 2456 3948; x_wconf 91' lang='lat'>—-</span> <span class='ocrx_word' id='word_1_634' title='bbox 2503 3908 2654 3962; x_wconf 83' lang='lat' dir='ltr'>estis.</span> <span class='ocrx_word' id='word_1_635' title='bbox 2690 3907 2810 3961; x_wconf 89' lang='lat' dir='ltr'>Vos</span> <span class='ocrx_word' id='word_1_636' title='bbox 2851 3923 2922 3962; x_wconf 85' lang='lat' dir='ltr'>ex</span> <span class='ocrx_word' id='word_1_637' title='bbox 2975 3910 3142 3978; x_wconf 83' lang='lat' dir='ltr'>patre</span> <span class='ocrx_word' id='word_1_638' title='bbox 3188 3905 3288 3962; x_wconf 91' lang='lat' dir='ltr'>illo</span> <span class='ocrx_word' id='word_1_639' title='bbox 3345 3905 3511 3973; x_wconf 86' lang='lat' dir='ltr'>estis,</span> 
     </span>
    </p>
   </div>
   <div class='ocr_carea' id='block_1_96' title="bbox 1856 3993 3515 4069">
    <p class='ocr_par' dir='ltr' id='par_1_96' title="bbox 1856 3993 3515 4069">
     <span class='ocr_line' id='line_1_96' title="bbox 1856 3993 3515 4069; baseline -0.002 -18"><span class='ocrx_word' id='word_1_640' title='bbox 1856 4013 2071 4069; x_wconf 91' lang='lat' dir='ltr'>nempe</span> <span class='ocrx_word' id='word_1_641' title='bbox 2107 3996 2341 4052; x_wconf 89' lang='lat' dir='ltr'>diabolo</span> <span class='ocrx_word' id='word_1_642' title='bbox 2374 4015 2386 4065; x_wconf 91' lang='lat'><strong>;</strong></span> <span class='ocrx_word' id='word_1_643' title='bbox 2420 4003 2611 4052; x_wconf 91' lang='lat' dir='ltr'>vester</span> <span class='ocrx_word' id='word_1_644' title='bbox 2641 3995 2734 4050; x_wconf 91' lang='lat' dir='ltr'>ille</span> <span class='ocrx_word' id='word_1_645' title='bbox 2767 4001 2935 4067; x_wconf 89' lang='lat' dir='ltr'>pater</span> <span class='ocrx_word' id='word_1_646' title='bbox 2972 3999 3081 4061; x_wconf 87' lang='lat' dir='ltr'>est,</span> <span class='ocrx_word' id='word_1_647' title='bbox 3122 3993 3399 4050; x_wconf 91' lang='lat' dir='ltr'>diabolus</span> <span class='ocrx_word' id='word_1_648' title='bbox 3432 3994 3515 4049; x_wconf 88' lang='lat' dir='ltr'>vi-</span> 
     </span>
    </p>
   </div>
   <div class='ocr_carea' id='block_1_97' title="bbox 1855 4085 2084 4140">
    <p class='ocr_par' dir='ltr' id='par_1_97' title="bbox 1855 4085 2084 4140">
     <span class='ocr_line' id='line_1_97' title="bbox 1855 4085 2084 4140; baseline 0 0"><span class='ocrx_word' id='word_1_649' title='bbox 1855 4085 2084 4140; x_wconf 74' lang='lat' dir='ltr'>delicet.</span> 
     </span>
    </p>
   </div>
   <div class='ocr_carea' id='block_1_98' title="bbox 1927 4170 3514 4242">
    <p class='ocr_par' dir='ltr' id='par_1_98' title="bbox 1927 4170 3514 4242">
     <span class='ocr_line' id='line_1_98' title="bbox 1927 4170 3514 4242; baseline -0.003 -14"><span class='ocrx_word' id='word_1_650' title='bbox 1927 4177 2084 4229; x_wconf 91' lang='lat' dir='ltr'>Vers.</span> <span class='ocrx_word' id='word_1_651' title='bbox 2131 4177 2218 4228; x_wconf 88' lang='grc'>44.</span> <span class='ocrx_word' id='word_1_652' title='bbox 2261 4175 2335 4228; x_wconf 86' lang='lat' dir='ltr'>Et</span> <span class='ocrx_word' id='word_1_653' title='bbox 2365 4205 2433 4212; x_wconf 95' lang='lat'><strong>—</strong></span> <span class='ocrx_word' id='word_1_654' title='bbox 2464 4173 2721 4242; x_wconf 73' lang='lat' dir='ltr'>explere.</span> <span class='ocrx_word' id='word_1_655' title='bbox 2766 4170 2955 4225; x_wconf 89' lang='lat' dir='ltr'>Patris</span> <span class='ocrx_word' id='word_1_656' title='bbox 2986 4171 3140 4226; x_wconf 91' lang='lat' dir='ltr'>illius</span> <span class='ocrx_word' id='word_1_657' title='bbox 3171 4170 3342 4226; x_wconf 88' lang='lat' dir='ltr'>vestri</span> <span class='ocrx_word' id='word_1_658' title='bbox 3371 4191 3381 4234; x_wconf 84' lang='lat'><strong>;</strong></span> <span class='ocrx_word' id='word_1_659' title='bbox 3416 4170 3514 4225; x_wconf 87' lang='lat' dir='ltr'>de-</span> 
     </span>
    </p>
   </div>
   <div class='ocr_carea' id='block_1_99' title="bbox 1855 4258 3511 4324">
    <p class='ocr_par' dir='ltr' id='par_1_99' title="bbox 1855 4258 3511 4324">
     <span class='ocr_line' id='line_1_99' title="bbox 1855 4258 3511 4324; baseline -0.001 -8"><span class='ocrx_word' id='word_1_660' title='bbox 1855 4262 2069 4316; x_wconf 87' lang='lat' dir='ltr'>sideria</span> <span class='ocrx_word' id='word_1_661' title='bbox 2085 4269 2279 4317; x_wconf 87' lang='lat' dir='ltr'>autem</span> <span class='ocrx_word' id='word_1_662' title='bbox 2297 4262 2453 4315; x_wconf 90' lang='lat' dir='ltr'>illius</span> <span class='ocrx_word' id='word_1_663' title='bbox 2477 4268 2617 4316; x_wconf 87' lang='lat' dir='ltr'>sunt</span> <span class='ocrx_word' id='word_1_664' title='bbox 2633 4259 3014 4314; x_wconf 87' lang='lat' dir='ltr'>homicidium</span> <span class='ocrx_word' id='word_1_665' title='bbox 3033 4265 3089 4313; x_wconf 91' lang='lat' dir='ltr'>et</span> <span class='ocrx_word' id='word_1_666' title='bbox 3107 4258 3511 4324; x_wconf 86' lang='lat' dir='ltr'>mendacium,</span> 
     </span>
    </p>
   </div>
   <div class='ocr_carea' id='block_1_100' title="bbox 1857 4347 3515 4423">
    <p class='ocr_par' dir='ltr' id='par_1_100' title="bbox 1857 4347 3515 4423">
     <span class='ocr_line' id='line_1_100' title="bbox 1857 4347 3515 4423; baseline -0.001 -19"><span class='ocrx_word' id='word_1_667' title='bbox 1857 4352 1978 4406; x_wconf 88' lang='lat' dir='ltr'>sive</span> <span class='ocrx_word' id='word_1_668' title='bbox 2005 4349 2249 4421; x_wconf 82' lang='lat' dir='ltr'>obliqua</span> <span class='ocrx_word' id='word_1_669' title='bbox 2289 4355 2344 4404; x_wconf 90' lang='lat' dir='ltr'>et</span> <span class='ocrx_word' id='word_1_670' title='bbox 2390 4354 2673 4421; x_wconf 85' lang='lat' dir='ltr'>corrupta</span> <span class='ocrx_word' id='word_1_671' title='bbox 2702 4349 2840 4410; x_wconf 86' lang='lat' dir='ltr'>vita,</span> <span class='ocrx_word' id='word_1_672' title='bbox 2872 4347 3051 4402; x_wconf 87' lang='lat' dir='ltr'>veluti</span> <span class='ocrx_word' id='word_1_673' title='bbox 3081 4351 3515 4423; x_wconf 87' lang='lat' dir='ltr'>consequenter</span> 
     </span>
    </p>
   </div>
   <div class='ocr_carea' id='block_1_101' title="bbox 1856 4440 2032 4495">
    <p class='ocr_par' dir='ltr' id='par_1_101' title="bbox 1856 4440 2032 4495">
     <span class='ocr_line' id='line_1_101' title="bbox 1856 4440 2032 4495; baseline 0.006 -1"><span class='ocrx_word' id='word_1_674' title='bbox 1856 4440 2032 4495; x_wconf 86' lang='lat' dir='ltr'>dicet.</span> 
     </span>
    </p>
   </div>
   <div class='ocr_carea' id='block_1_102' title="bbox 1927 4524 3513 4597">
    <p class='ocr_par' dir='ltr' id='par_1_102' title="bbox 1927 4524 3513 4597">
     <span class='ocr_line' id='line_1_102' title="bbox 1927 4524 3513 4597; baseline -0.001 -15"><span class='ocrx_word' id='word_1_675' title='bbox 1927 4528 2091 4584; x_wconf 87' lang='lat' dir='ltr'>Vers.</span> <span class='ocrx_word' id='word_1_676' title='bbox 2123 4527 2214 4582; x_wconf 74' lang='grc'>44.</span> <span class='ocrx_word' id='word_1_677' title='bbox 2253 4527 2358 4584; x_wconf 79' lang='lat' dir='ltr'>Ille</span> <span class='ocrx_word' id='word_1_678' title='bbox 2389 4558 2453 4567; x_wconf 96' lang='lat'>—</span> <span class='ocrx_word' id='word_1_679' title='bbox 2484 4526 2668 4582; x_wconf 85' lang='lat' dir='ltr'>initio.</span> <span class='ocrx_word' id='word_1_680' title='bbox 2705 4525 3015 4582; x_wconf 87' lang='lat' dir='ltr'>Interfecto</span> <span class='ocrx_word' id='word_1_681' title='bbox 3045 4525 3240 4597; x_wconf 92' lang='lat' dir='ltr'>primo</span> <span class='ocrx_word' id='word_1_682' title='bbox 3273 4524 3513 4580; x_wconf 88' lang='lat' dir='ltr'>homine</span> 
     </span>
    </p>
   </div>
   <div class='ocr_carea' id='block_1_103' title="bbox 1855 4613 3515 4688">
    <p class='ocr_par' dir='ltr' id='par_1_103' title="bbox 1855 4613 3515 4688">
     <span class='ocr_line' id='line_1_103' title="bbox 1855 4613 3515 4688; baseline -0.002 -15"><span class='ocrx_word' id='word_1_683' title='bbox 1855 4618 2042 4673; x_wconf 84' lang='lat' dir='ltr'>Adam</span> <span class='ocrx_word' id='word_1_684' title='bbox 2081 4637 2092 4676; x_wconf 90' lang='lat'><strong>:</strong></span> <span class='ocrx_word' id='word_1_685' title='bbox 2124 4633 2266 4672; x_wconf 90' lang='lat' dir='ltr'>nam</span> <span class='ocrx_word' id='word_1_686' title='bbox 2295 4615 2423 4688; x_wconf 92' lang='lat' dir='ltr'>ipse</span> <span class='ocrx_word' id='word_1_687' title='bbox 2466 4619 2719 4672; x_wconf 87' lang='lat' dir='ltr'>mortem</span> <span class='ocrx_word' id='word_1_688' title='bbox 2762 4615 2842 4671; x_wconf 91' lang='lat' dir='ltr'>illi</span> <span class='ocrx_word' id='word_1_689' title='bbox 2895 4613 3224 4687; x_wconf 84' lang='lat' dir='ltr'>propinavit</span> <span class='ocrx_word' id='word_1_690' title='bbox 3255 4630 3267 4668; x_wconf 91' lang='lat'><strong>:</strong></span> <span class='ocrx_word' id='word_1_691' title='bbox 3297 4613 3515 4670; x_wconf 91' lang='lat' dir='ltr'>deinde</span> 
     </span>
    </p>
   </div>
   <div class='ocr_carea' id='block_1_104' title="bbox 1855 4701 3517 4776">
    <p class='ocr_par' dir='ltr' id='par_1_104' title="bbox 1855 4701 3517 4776">
     <span class='ocr_line' id='line_1_104' title="bbox 1855 4701 3517 4776; baseline -0.003 -14"><span class='ocrx_word' id='word_1_692' title='bbox 1855 4707 2033 4762; x_wconf 87' lang='lat' dir='ltr'>etiam</span> <span class='ocrx_word' id='word_1_693' title='bbox 2066 4706 2264 4760; x_wconf 90' lang='lat' dir='ltr'>occiso</span> <span class='ocrx_word' id='word_1_694' title='bbox 2289 4705 2410 4759; x_wconf 82' lang='lat' dir='ltr'>ﬁlio</span> <span class='ocrx_word' id='word_1_695' title='bbox 2459 4704 2614 4760; x_wconf 89' lang='lat' dir='ltr'>illius</span> <span class='ocrx_word' id='word_1_696' title='bbox 2663 4703 2827 4772; x_wconf 79' lang='lat' dir='ltr'>Abel,</span> <span class='ocrx_word' id='word_1_697' title='bbox 2874 4703 3172 4776; x_wconf 89' lang='lat' dir='ltr'>siquidem</span> <span class='ocrx_word' id='word_1_698' title='bbox 3218 4701 3344 4775; x_wconf 91' lang='lat' dir='ltr'>ipse</span> <span class='ocrx_word' id='word_1_699' title='bbox 3381 4701 3517 4758; x_wconf 90' lang='lat' dir='ltr'>fecit</span> 
     </span>
    </p>
   </div>
   <div class='ocr_carea' id='block_1_105' title="bbox 1855 4790 3514 4865">
    <p class='ocr_par' dir='ltr' id='par_1_105' title="bbox 1855 4790 3514 4865">
     <span class='ocr_line' id='line_1_105' title="bbox 1855 4790 3514 4865; baseline -0.001 -17"><span class='ocrx_word' id='word_1_700' title='bbox 1855 4795 2093 4850; x_wconf 87' lang='lat' dir='ltr'>fratrem</span> <span class='ocrx_word' id='word_1_701' title='bbox 2117 4795 2246 4865; x_wconf 87' lang='lat' dir='ltr'>ejus</span> <span class='ocrx_word' id='word_1_702' title='bbox 2277 4793 2416 4850; x_wconf 87' lang='lat' dir='ltr'>Cain</span> <span class='ocrx_word' id='word_1_703' title='bbox 2453 4793 2510 4848; x_wconf 90' lang='lat' dir='ltr'>in</span> <span class='ocrx_word' id='word_1_704' title='bbox 2541 4809 2680 4849; x_wconf 90' lang='lat' dir='ltr'>eum</span> <span class='ocrx_word' id='word_1_705' title='bbox 2711 4793 3040 4863; x_wconf 90' lang='lat' dir='ltr'>insurgere,</span> <span class='ocrx_word' id='word_1_706' title='bbox 3065 4808 3205 4848; x_wconf 89' lang='lat' dir='ltr'>cum</span> <span class='ocrx_word' id='word_1_707' title='bbox 3239 4791 3406 4865; x_wconf 90' lang='lat' dir='ltr'>prius</span> <span class='ocrx_word' id='word_1_708' title='bbox 3437 4790 3514 4847; x_wconf 87' lang='lat' dir='ltr'>ad</span> 
     </span>
    </p>
   </div>
   <div class='ocr_carea' id='block_1_106' title="bbox 1856 4881 2688 4940">
    <p class='ocr_par' dir='ltr' id='par_1_106' title="bbox 1856 4881 2688 4940">
     <span class='ocr_line' id='line_1_106' title="bbox 1856 4881 2688 4940; baseline -0.005 0"><span class='ocrx_word' id='word_1_709' title='bbox 1856 4883 2142 4940; x_wconf 84' lang='lat' dir='ltr'>invidiam</span> <span class='ocrx_word' id='word_1_710' title='bbox 2183 4881 2349 4937; x_wconf 91' lang='lat' dir='ltr'>illum</span> <span class='ocrx_word' id='word_1_711' title='bbox 2383 4882 2688 4938; x_wconf 87' lang='lat' dir='ltr'>movisset.</span> 
     </span>
    </p>
   </div>
   <div class='ocr_carea' id='block_1_107' title="bbox 1928 4969 3509 5042">
    <p class='ocr_par' dir='ltr' id='par_1_107' title="bbox 1928 4969 3509 5042">
     <span class='ocr_line' id='line_1_107' title="bbox 1928 4969 3509 5042; baseline -0.002 -14"><span class='ocrx_word' id='word_1_712' title='bbox 1928 4971 2096 5028; x_wconf 87' lang='lat' dir='ltr'>Vers.</span> <span class='ocrx_word' id='word_1_713' title='bbox 2131 4974 2216 5026; x_wconf 84' lang='grc'>44.</span> <span class='ocrx_word' id='word_1_714' title='bbox 2254 4970 2614 5026; x_wconf 83' lang='lat' dir='ltr'>Et—stetit.</span> <span class='ocrx_word' id='word_1_715' title='bbox 2659 4973 2785 5026; x_wconf 89' lang='lat' dir='ltr'>Non</span> <span class='ocrx_word' id='word_1_716' title='bbox 2840 4969 3188 5042; x_wconf 89' lang='lat' dir='ltr'>permansit,</span> <span class='ocrx_word' id='word_1_717' title='bbox 3245 4969 3356 5024; x_wconf 91' lang='lat' dir='ltr'>hoc</span> <span class='ocrx_word' id='word_1_718' title='bbox 3402 4972 3509 5038; x_wconf 82' lang='lat' dir='ltr'>est,</span> 
     </span>
    </p>
   </div>
   <div class='ocr_carea' id='block_1_108' title="bbox 1858 5058 3515 5138">
    <p class='ocr_par' dir='ltr' id='par_1_108' title="bbox 1858 5058 3515 5138">
     <span class='ocr_line' id='line_1_108' title="bbox 1858 5058 3515 5138; baseline -0.002 -20"><span class='ocrx_word' id='word_1_719' title='bbox 1858 5061 1919 5118; x_wconf 91' lang='lat' dir='ltr'>in</span> <span class='ocrx_word' id='word_1_720' title='bbox 1950 5067 2108 5117; x_wconf 88' lang='lat' dir='ltr'>recta</span> <span class='ocrx_word' id='word_1_721' title='bbox 2130 5059 2232 5115; x_wconf 86' lang='lat' dir='ltr'>via</span> <span class='ocrx_word' id='word_1_722' title='bbox 2271 5075 2389 5116; x_wconf 92' lang='lat' dir='ltr'>non</span> <span class='ocrx_word' id='word_1_723' title='bbox 2422 5058 2692 5132; x_wconf 87' lang='lat' dir='ltr'>quiescit,</span> <span class='ocrx_word' id='word_1_724' title='bbox 2727 5059 2832 5116; x_wconf 88' lang='lat' dir='ltr'>sed</span> <span class='ocrx_word' id='word_1_725' title='bbox 2860 5058 2984 5115; x_wconf 90' lang='lat' dir='ltr'>odit</span> <span class='ocrx_word' id='word_1_726' title='bbox 3008 5058 3347 5138; x_wconf 81' lang='lat' dir='ltr'>hujusmodi</span> <span class='ocrx_word' id='word_1_727' title='bbox 3375 5073 3515 5114; x_wconf 90' lang='lat' dir='ltr'>con-</span> 
     </span>
    </p>
   </div>
   <div class='ocr_carea' id='block_1_109' title="bbox 1865 5151 2282 5207">
    <p class='ocr_par' dir='ltr' id='par_1_109' title="bbox 1865 5151 2282 5207">
     <span class='ocr_line' id='line_1_109' title="bbox 1865 5151 2282 5207; baseline -0.007 -1"><span class='ocrx_word' id='word_1_728' title='bbox 1865 5151 2282 5207; x_wconf 88' lang='lat' dir='ltr'>versationem.</span> 
     </span>
    </p>
   </div>
   <div class='ocr_carea' id='block_1_110' title="bbox 1354 5329 2310 5397">
    <p class='ocr_par' dir='ltr' id='par_1_110' title="bbox 1354 5329 2310 5397">
     <span class='ocr_line' id='line_1_110' title="bbox 1354 5329 2310 5397; baseline -0.003 -1"><span class='ocrx_word' id='word_1_729' title='bbox 1354 5329 1577 5397; x_wconf 69' lang='lat' dir='ltr'>Variaa</span> <span class='ocrx_word' id='word_1_730' title='bbox 1625 5330 1954 5397; x_wconf 87' lang='lat' dir='ltr'>lectiones</span> <span class='ocrx_word' id='word_1_731' title='bbox 2002 5340 2067 5396; x_wconf 89' lang='lat' dir='ltr'>et</span> <span class='ocrx_word' id='word_1_732' title='bbox 2109 5336 2310 5394; x_wconf 64' lang='lat' dir='ltr'>notae.</span> 
     </span>
    </p>
   </div>
   <div class='ocr_carea' id='block_1_111' title="bbox 213 5531 784 5602">
    <p class='ocr_par' dir='ltr' id='par_1_111' title="bbox 213 5531 784 5602">
     <span class='ocr_line' id='line_1_111' title="bbox 213 5531 784 5602; baseline -0.007 -16"><span class='ocrx_word' id='word_1_733' title='bbox 213 5531 326 5602; x_wconf 73' lang='grc'>(54)</span> <span class='ocrx_word' id='word_1_734' title='bbox 368 5531 692 5602; x_wconf 85' lang='grc' dir='ltr'>Γεγενήμεθα</span> <span class='ocrx_word' id='word_1_735' title='bbox 725 5537 756 5582; x_wconf 86' lang='grc' dir='ltr'><strong>Α</strong></span> <span class='ocrx_word' id='word_1_736' title='bbox 773 5571 784 5602; x_wconf 75' lang='grc'>.</span> 
     </span>
    </p>
   </div>
   <div class='ocr_carea' id='block_1_112' title="bbox 239 5600 1066 5673">
    <p class='ocr_par' dir='ltr' id='par_1_112' title="bbox 239 5600 1066 5673">
     <span class='ocr_line' id='line_1_112' title="bbox 239 5600 1066 5673; baseline -0.005 -15"><span class='ocrx_word' id='word_1_737' title='bbox 239 5600 328 5673; x_wconf 90' lang='grc'>55)</span> <span class='ocrx_word' id='word_1_738' title='bbox 366 5600 601 5657; x_wconf 65' lang='grc' dir='ltr'>Ιῑιοιυειι</span> <span class='ocrx_word' id='word_1_739' title='bbox 625 5600 1066 5673; x_wconf 38' lang='lat' dir='ltr'>exciderunt},</span> 
     </span>
    </p>
   </div>
   <div class='ocr_carea' id='block_1_113' title="bbox 214 5605 1392 5744">
    <p class='ocr_par' dir='ltr' id='par_1_113' title="bbox 214 5605 1392 5744">
     <span class='ocr_line' id='line_1_113' title="bbox 239 5605 1066 5673; baseline -0.005 -15"><span class='ocrx_word' id='word_1_740' title='bbox 239 5605 328 5673; x_wconf 90' lang='grc'>55)</span> <span class='ocrx_word' id='word_1_741' title='bbox 366 5605 601 5657; x_wconf 89' lang='lat' dir='ltr'>Inclusa</span> <span class='ocrx_word' id='word_1_742' title='bbox 625 5605 974 5656; x_wconf 82' lang='lat' dir='ltr'>exciderunt</span> <span class='ocrx_word' id='word_1_743' title='bbox 1006 5607 1066 5654; x_wconf 81' lang='grc' dir='ltr'>Λ.</span> 
     </span>
     <span class='ocr_line' id='line_1_114' title="bbox 214 5605 1392 5744; baseline -0.003 -15"><span class='ocrx_word' id='word_1_744' title='bbox 214 5605 328 5744; x_wconf 65' lang='grc'>(56)</span> <span class='ocrx_word' id='word_1_745' title='bbox 371 5677 452 5729; x_wconf 89' lang='lat' dir='ltr'>Ita</span> <span class='ocrx_word' id='word_1_746' title='bbox 480 5673 762 5744; x_wconf 85' lang='lat' dir='ltr'>Origenes</span> <span class='ocrx_word' id='word_1_747' title='bbox 794 5677 938 5744; x_wconf 85' lang='lat' dir='ltr'>tom.</span> <span class='ocrx_word' id='word_1_748' title='bbox 983 5671 1071 5735; x_wconf 89' lang='lat' dir='ltr'>IV,</span> <span class='ocrx_word' id='word_1_749' title='bbox 1104 5685 1163 5742; x_wconf 91' lang='lat' dir='ltr'>p.</span> <span class='ocrx_word' id='word_1_750' title='bbox 1196 5672 1297 5725; x_wconf 81' lang='lat'>3&#39;27</span> <span class='ocrx_word' id='word_1_751' title='bbox 1331 5669 1392 5726; x_wconf 87' lang='grc' dir='ltr'>Β.</span> 
     </span>
    </p>
   </div>
   <div class='ocr_carea' id='block_1_114' title="bbox 215 5742 1193 5820">
    <p class='ocr_par' dir='ltr' id='par_1_114' title="bbox 215 5742 1193 5820">
     <span class='ocr_line' id='line_1_115' title="bbox 215 5742 1193 5820; baseline -0.007 -20"><span class='ocrx_word' id='word_1_752' title='bbox 215 5742 330 5818; x_wconf 85' lang='grc'>(57)</span> <span class='ocrx_word' id='word_1_753' title='bbox 365 5743 493 5820; x_wconf 83' lang='grc' dir='ltr'>[Ιαρ’</span> <span class='ocrx_word' id='word_1_754' title='bbox 521 5742 666 5819; x_wconf 72' lang='grc' dir='ltr'>ἐμοῦ,</span> <span class='ocrx_word' id='word_1_755' title='bbox 700 5749 838 5817; x_wconf 82' lang='lat' dir='ltr'>post</span> <span class='ocrx_word' id='word_1_756' title='bbox 864 5742 922 5796; x_wconf 83' lang='grc' dir='ltr'>ού</span> <span class='ocrx_word' id='word_1_757' title='bbox 947 5749 1125 5799; x_wconf 86' lang='grc' dir='ltr'>νοεῖτε.</span> <span class='ocrx_word' id='word_1_758' title='bbox 1159 5747 1193 5793; x_wconf 89' lang='grc' dir='ltr'><strong><em>Β</em></strong></span> 
     </span>
    </p>
   </div>
   <div class='ocr_carea' id='block_1_115' title="bbox 1928 5519 3518 5599">
    <p class='ocr_par' dir='ltr' id='par_1_115' title="bbox 1928 5519 3518 5599">
     <span class='ocr_line' id='line_1_116' title="bbox 1928 5519 3518 5599; baseline -0.003 -18"><span class='ocrx_word' id='word_1_759' title='bbox 1928 5525 2043 5597; x_wconf 77' lang='grc'>(58)</span> <span class='ocrx_word' id='word_1_760' title='bbox 2083 5525 2296 5596; x_wconf 57' lang='lat' dir='ltr'>mm»</span> <span class='ocrx_word' id='word_1_761' title='bbox 2353 5522 3074 5599; x_wconf 35' lang='grc' dir='ltr'>ἀναντίῤῥητονμΑ,-ωδιθ.</span> <span class='ocrx_word' id='word_1_762' title='bbox 3119 5521 3266 5578; x_wconf 90' lang='lat' dir='ltr'>Illud</span> <span class='ocrx_word' id='word_1_763' title='bbox 3333 5519 3518 5576; x_wconf 90' lang='lat' dir='ltr'>habet</span> 
     </span>
    </p>
   </div>
   <div class='ocr_carea' id='block_1_116' title="bbox 1859 5596 2922 5669">
    <p class='ocr_par' dir='ltr' id='par_1_116' title="bbox 1859 5596 2922 5669">
     <span class='ocr_line' id='line_1_117' title="bbox 1859 5596 2922 5669; baseline 0.004 -21"><span class='ocrx_word' id='word_1_764' title='bbox 1859 5596 2036 5652; x_wconf 87' lang='lat' dir='ltr'>etiam</span> <span class='ocrx_word' id='word_1_765' title='bbox 2062 5599 2366 5669; x_wconf 87' lang='lat' dir='ltr'>Chrysost.</span> <span class='ocrx_word' id='word_1_766' title='bbox 2399 5603 2452 5669; x_wconf 79' lang='lat' dir='ltr'>t.</span> <span class='ocrx_word' id='word_1_767' title='bbox 2475 5596 2596 5661; x_wconf 79' lang='lat' dir='ltr'>vui,</span> <span class='ocrx_word' id='word_1_768' title='bbox 2628 5612 2689 5668; x_wconf 93' lang='lat' dir='ltr'>p.</span> <span class='ocrx_word' id='word_1_769' title='bbox 2716 5596 2822 5651; x_wconf 76' lang='lat'>318</span> <span class='ocrx_word' id='word_1_770' title='bbox 2858 5597 2922 5652; x_wconf 88' lang='lat' dir='ltr'>E.</span> 
     </span>
    </p>
   </div>
   <div class='ocr_carea' id='block_1_117' title="bbox 1932 5668 2500 5742">
    <p class='ocr_par' dir='ltr' id='par_1_117' title="bbox 1932 5668 2500 5742">
     <span class='ocr_line' id='line_1_118' title="bbox 1932 5668 2500 5742; baseline 0.004 -20"><span class='ocrx_word' id='word_1_771' title='bbox 1932 5669 2045 5740; x_wconf 87' lang='grc'>(59)</span> <span class='ocrx_word' id='word_1_772' title='bbox 2091 5668 2402 5742; x_wconf 84' lang='grc' dir='ltr'>Ἐπιθυμίας</span> <span class='ocrx_word' id='word_1_773' title='bbox 2431 5668 2500 5724; x_wconf 82' lang='grc' dir='ltr'>Α.</span> 
     </span>
    </p>
   </div>
  </div>
