4098 6422
140 303 283 362 1297

132 433 218 482 τὸν
274 431 422 496 Θεὸν,
475 436 547 500 τῷ
607 423 666 482 δι
719 435 932 506 Χριστῷ
964 432 1170 504 Πατέρα
1217 424 1352 481 ἴδιον
1402 426 1598 500 λέγοντι
1649 429 1734 478 τὸν
1768 428 1814 482 Α

135 522 264 573 Θεὸν
337 518 717 591 ἐχαλέπαινον;
809 523 950 571 Διὸτι
1038 516 1223 580 ἐκεῖνος
1305 520 1455 589 φύσει
1529 519 1738 588 Πατέρα

136 608 319 660 ἑαυτοῦ
364 607 526 679 ἔλεγεν
578 607 752 662 αὐτόν.
805 611 874 660 Τὸ
930 604 1010 676 δὲ,
1065 606 1238 679 Ἡμεῖς
1289 605 1344 658 ἐκ
1390 610 1628 680 πορνείας
1677 604 1734 656 ού

137 699 477 770 γεγεννήμεθα
535 698 648 769 (54)
708 705 900 750 νοεῖται
955 700 1046 769 μεν
1101 693 1195 750 δια
1265 698 1329 748 τὰ
1403 696 1457 758 ἐξ
1515 693 1738 767 Ἰσμαὴλ

135 791 466 859 καταγόμενα
514 788 654 855 ἔθνη,
719 789 768 847 ὃς
823 789 878 838 ix
931 783 1180 849 δουλικῆς
1241 784 1546 851 συμπλοκῆς
1601 783 1735 855 ἔγεν-

134 877 267 934 νηθη
317 884 390 946 τῷ
433 875 690 949 Ἀϐρααμ,
729 875 807 944 [ἐξ
838 876 948 947 (55)
1007 874 1176 947 ’Ἅγαρ
1222 882 1311 934 τῆς
1367 871 1587 934 δούλης·
1649 872 1738 924 οἶτε

137 965 306 1017 αὐτῶν
362 964 416 1028 ἐξ
474 964 654 1018 Ἰσαὰκ
706 969 1089 1037 καταγομένων,
1143 964 1194 1024 ὃς
1250 963 1302 1026 ἐξ
1358 963 1590 1035 εὐγενοῦς
1639 963 1736 1033 γά-

133 1073 236 1126 μου
269 1053 509 1126 ἐγεννήθη
563 1063 635 1126 τῷ
661 1052 946 1128 Ἀϐραὰμ,]
981 1053 1035 1106 ἐκ
1058 1052 1254 1128 Σάρρας
1291 1061 1387 1114 τῆς
1427 1056 1610 1126 κυρίας
1647 1058 1737 1110 τῆς

133 1143 330 1219 ”Αγαρ.

212 1238 439 1305 Λέγουσι
479 1233 593 1305 (56)
634 1229 694 1286 δέ
736 1253 868 1296 τινες
911 1235 991 1285 ὅτι
1035 1236 1158 1306 πρὸς
1201 1231 1349 1305 ὕϐριν
1378 1231 1539 1284 αὐτοῦ
1585 1236 1737 1282 τοῦτο

135 1320 277 1376 εἷπον
321 1325 370 1375 οἱ
427 1322 637 1394 ἱναγείς,
673 1319 765 1375 διὰ
793 1326 851 1374 τὸ
881 1322 1120 1393 λέγεσθαι
1178 1322 1333 1374 αύτόν
1370 1326 1440 1394 μὴ
1489 1317 1617 1372 εἶναι
1648 1321 1738 1391 φύ-

139 1432 220 1465 σει
254 1414 360 1464 υἱὸν
409 1420 500 1464 τοῦ
550 1412 765 1484 Ἰωσήφ.
813 1411 936 1464 Ὅτε
969 1407 1028 1464 δε
1063 1410 1375 1474 ἑξευτελίσαι
1433 1417 1608 1462 τοῦτον
1658 1410 1736 1460 θέ-

133 1501 307 1569 λουσι,
349 1505 464 1554 τότε
492 1501 645 1554 αύτὸν
699 1503 809 1553 υἱὸν
848 1509 939 1553 τοῦ
989 1501 1184 1572 Ἰωσὴφ
1230 1499 1568 1572 ὀνομάζουσι,
1614 1499 1738 1549 ποτε

133 1596 224 1663 μὲν
276 1600 446 1655 τοῦτο,
503 1594 626 1643 ποτε
672 1587 730 1643 δὲ
783 1589 940 1642 έκεῖνο
973 1589 1313 1664 φλυαροῦντες
1354 1593 1444 1640 xui
1492 1584 1739 1640 ούδέποτε

133 1691 193 1754 τῇ
265 1679 481 1753 ἀληθείᾳ
532 1681 904 1751 συντιθέμενοι.
982 1683 1081 1732 Καὶ
1147 1683 1250 1751 μὴν
1327 1677 1502 1730 πολλοὶ
1571 1677 1737 1728 αὐτῶν

135 1769 188 1821 ἐκ
233 1774 468 1843 πορνείας
539 1767 922 1841 ἐγεννήθησαν
979 1767 1199 1830 πολλοὺς
1245 1770 1346 1841 γὰρ
1407 1771 1739 1840 παρανόμους
1771 1784 1810 1837 Β

132 1861 338 1930 γάμους
373 1855 624 1912 Ἰουδαῖοι
654 1856 879 1912 ἐποίουν.
941 1857 1101 1911 Ἀλλὰ
1139 1863 1228 1910 xui
1257 1866 1411 1909 τοῦτο
1444 1862 1572 1928 σιγᾲ
1610 1859 1738 1932 πρὸς

135 1952 193 2000 τὸ
221 1949 344 2022 μείζ
347 1969 400 2002 ον
432 1947 775 2021 ἐπειγόμενος.

212 2128 360 2181 Εἶπεν
395 2159 461 2168 —
498 2127 725 2191 ἐξῆλθον.
756 2126 1084 2198 Ἐγεννὴθην,
1112 2129 1142 2184 ἣ
1179 2125 1490 2184 ἀπεστάλην.

214 2223 312 2271 Καὶ
346 2220 476 2276 ﬁxa).
512 2221 643 2289 Πρὸς
673 2217 828 2288 ὑμᾶς.

210 2305 350 2359 Ούὸε
378 2337 440 2347 -—
475 2305 709 2364 ἐλήλυθα.
739 2304 864 2357 Ἀπὸ
894 2300 1033 2356 ἰδίου
1067 2303 1347 2377 θελήματος
1371 2319 1382 2330 '
1417 2303 1475 2356 ού
1504 2305 1604 2376 γὰρ
1629 2305 1738 2375 ἔχω

137 2393 196 2448 id
206 2415 276 2448 ιον
305 2395 522 2468 θέλημα,
555 2396 619 2455 ὡς
648 2393 893 2454 πολλάκις
924 2396 1148 2468 εἴρηται.

209 2575 344 2629 Ἀλλ’
405 2607 469 2615 -
534 2572 849 2628 ἀπέστειλεν.
917 2573 1000 2634 Ὠς
1063 2576 1236 2648 πατὴρ
1299 2574 1430 2639 υἱὸν,
1489 2574 1558 2632 ὡς
1619 2578 1737 2633 νοῦς

131 2660 306 2731 λογον.

207 2754 352 2802 Διάτί
382 2781 446 2788 -
467 2753 780 2819 γινώσκετε;
813 2752 956 2800 Aturi
980 2749 1046 2799 τὰ
1063 2746 1312 2819 λεγόμενα
1332 2745 1454 2818 παρ’
1477 2744 1600 2817 ἐμοῦ
1627 2745 1734 2816 (57)

131 2840 190 2891 ού
220 2847 406 2904 νοείτε;
442 2835 569 2890 Εἶτα
594 2839 918 2912 προστίθησι
946 2841 1035 2890 xui
1062 2841 1156 2895 τὴν
1187 2836 1358 2888 αἰτιαν
1380 2842 1472 2888 τοῦ
1502 2839 1572 2907 μὴ
1606 2842 1736 2887 νοεῖν

131 2929 321 2989 αύτούς
347 2929 500 2980 αύτά.

205 3017 325 3068 Ὀτι
370 3048 437 3056 -
477 3015 618 3088 ἐμόν.
663 3019 755 3079 Τὸ,
813 3015 888 3067 Ού
943 3011 1192 3077 δύνασθε,
1241 3016 1297 3065 τὸ
1350 3012 1425 3065 Ού
1486 3010 1737 3084 βούλεσθε

136 3111 383 3178 σημαίνει
408 3113 514 3170 νυν,
549 3107 629 3156 ὅτι
678 3104 735 3156 ού
769 3102 1020 3176 βούλεσθε
1052 3106 1280 3154 συνιέναι
1334 3105 1418 3152 τὸν
1464 3100 1614 3170 λόγον
1651 3103 1736 3151 τὸν
1773 3141 1814 3196 C

131 3193 272 3264 ἐμὸν,
307 3197 392 3244 τὸν
426 3197 542 3264 περὶ
574 3190 870 3263 δογμάτων,
907 3188 998 3243 διὰ
1027 3190 1326 3262 φαυλότητα
1355 3189 1538 3260 ψυχῆς
1559 3193 1735 3259 χαμαὶ

131 3287 422 3354 συρομένηε
473 3287 562 3333 xui
630 3277 796 3352 μηδὲν
846 3279 1044 3350 ὑψηλὸν
1121 3281 1529 3350 φανταζομένης.
1594 3277 1735 3329 Ἐπεὶ

131 3369 190 3423 δὲ
245 3371 534 3443 ἐτόλμησαν
605 3370 760 3422 εἰπεῖν
817 3374 1018 3442 πατέρα
1085 3368 1278 3420 ἑαυτῶν
1341 3370 1429 3418 τόν
1503 3369 1625 3419 Θεὸν
1687 3367 1735 3417 0i

130 3460 327 3523 ἀνάξιοι
390 3465 479 3511 xui
545 3467 640 3520 τῆς
693 3466 781 3510 τοῦ
844 3457 1084 3531 Ἀϐραὰμ
1155 3461 1468 3527 συγγενείας,
1537 3453 1734 3529 παρῥη-

131 3551 371 3610 σιάζεται
419 3553 508 3601 xui
565 3547 754 3620 ἐπάγει·
797 3550 1019 3611 τούτοις,
1081 3549 1149 3608 ὡς
1215 3545 1458 3608 ἀνιάτοις,
1511 3563 1733 3617 φανερω-

129 3643 278 3713 τέραν
310 3638 530 3709 πληγὴν,
571 3636 881 3712 ἀντίρροπον
913 3636 1025 3706 (58)
1075 3644 1168 3696 τῆς
1227 3633 1610 3706 ἀναισχυντίας
1645 3633 1734 3684 αύ-

128 3735 250 3791 τών,
318 3725 676 3780 καταστέλλων
733 3729 790 3778 τὸ
847 3728 1069 3797 φύσημα
1119 3729 1210 3777 xui
1250 3727 1335 3776 τὸν
1386 3728 1583 3794 κόμπον
1637 3731 1732 3774 τῶν

131 3815 412 3880 ἀλαζόνων.

199 3906 365 3978 ’Υμεῖς
439 3936 505 3944 -
572 3903 705 3958 ἐστέ.
776 3903 941 3976 Ὑμεῖς
1003 3902 1058 3955 ἐκ
1120 3909 1212 3954 τοῦ
1276 3903 1473 3976 πὰτρός
1540 3898 1730 3953 ἐκείνου

126 3992 244 4047 ἕστε
309 4001 400 4046 τοῦ
477 3990 758 4046 διαϐόλουο
811 3993 952 4065 ὑμῶν
1021 3995 1189 4063 πατὴρ
1264 3989 1447 4051 ἐκεῖνος
1518 3988 1658 4042 ἐστιν
1707 3990 1732 4041 ὁ

127 4078 394 4145 διάϐολος.

201 4177 303 4226 Καὶ
333 4203 402 4213 -
435 4178 615 4224 ποιεῖν.
671 4177 774 4223 Τοῦ
825 4171 1026 4241 πατρὸς
1073 4170 1215 4242 ὑμῶν
1247 4167 1462 4220 ἐκεινου.
1525 4167 1730 4220 Ἰεῖπιθυο

122 4267 246 4332 μίαι
277 4266 388 4328 (59)
421 4257 480 4312 δὲ
523 4259 683 4311 αὐτοῦ
722 4262 780 4310 τὸ
813 4257 1251 4332 ἀνθρωποκτονείν
1294 4261 1384 4308 καὶ
1413 4258 1471 4307 τὸ
1516 4252 1728 4326 ψεῦδος,

124 4352 294 4401 εἷτονν
349 4351 372 4400 ό
433 4348 639 4410 σκολιὸς
693 4353 781 4399 xui
825 4344 1202 4420 διεφθαρμένος
1249 4343 1386 4417 βίος,
1434 4347 1504 4406 ὡς
1555 4343 1733 4416 ἐφεξῆς

125 4436 252 4511 ἐρεῖ.

193 4529 416 4586 Ἐκεῖνος
476 4557 538 4566 -
584 4525 779 4597 ἀρχῆς.
853 4528 951 4578 Τὸν
1005 4532 1209 4596 πρῶτον
1278 4523 1547 4594 ἄνθρωπον
1600 4521 1732 4574 κτεί-
1765 4493 1810 4547 D

122 4637 235 4684 νας,
301 4619 385 4668 τὸν
457 4611 666 4687 Ἀδάμο
737 4615 894 4675 αὐτὸς
960 4616 1061 4686 γὰρ
1147 4611 1284 4681 αύτῷ
1364 4614 1450 4663 τὸν
1516 4612 1732 4663 θάνατον

123 4705 460 4780 προεξένησεν
486 4724 498 4736 ·
535 4701 645 4758 εἶτα
673 4709 763 4755 xui
792 4707 878 4755 τὸν
908 4705 1018 4754 υἱὸν
1045 4702 1206 4754 αὐτοῦ
1229 4705 1315 4753 τὸν
1339 4699 1494 4754 Ἀϐελ
1526 4699 1730 4755 ἀνελών.

124 4797 297 4857 Αὐτὸς
335 4798 436 4868 γὰρ
483 4799 574 4846 καὶ
626 4792 767 4864 αύτῷ
826 4795 913 4843 τὸν
972 4787 1190 4863 ἀδελφὸν
1244 4792 1370 4844 Κάῑν
1420 4788 1734 4848 ἐπανέστησε

122 4892 239 4944 κινή
252 4905 348 4946 σας
381 4892 453 4954 τῷ
481 4884 674 4956 φθονῳ.

198 4979 302 5028 Καὶ
353 5003 418 5012 -—-
476 4973 712 5029 ἔστηκεν.
764 4969 875 5021 Ούχ
931 4967 1156 5042 ἐμμένει,
1212 4972 1501 5032 τουτέστιν,
1558 4967 1605 5020 ἐν
1661 4977 1732 5040 τῷ

127 5062 267 5133 ὀρθῲ
314 5061 416 5133 βίῳ
445 5061 538 5114 ούκ
587 5059 926 5130 ἀναπαύεται,
982 5057 1110 5111 ἀλλὰ
1156 5065 1304 5131 μισεῖ
1353 5062 1446 5116 τὴν
1485 5061 1734 5116 τοιαύτην

130 5150 412 5201 πολιτείαν.

1123 299 1494 358 COMMENT.
1537 300 1610 357 IN
1647 298 1999 356 JOANNEM.
2041 330 2111 341 —
2147 299 2298 356 CAP.
2340 299 2482 355 VIII.

3364 300 3504 358 1298

1848 424 2169 498 appellant,
2195 441 2333 482 cum
2365 425 2590 483 Christo
2618 424 2836 482 dicenti
2881 424 3114 482 Patrem
3154 442 3333 483 suum
3372 441 3503 483 esse

1847 515 2035 570 Deum
2069 514 2521 584 indignarentur
2549 515 2576 570 ‘2
2609 516 2756 581 Quia
2787 514 2884 570 ille
2909 523 3122 571 natura
3167 531 3344 570 suum
3371 529 3503 572 esse

1845 604 2077 660 Patrem
2110 605 2356 660 dicebat.
2387 604 2557 670 Quod
2591 609 2787 661 autem
2817 604 3024 661 dicunt
3057 621 3070 660 :
3098 605 3222 660 Nos
3251 611 3503 674 estupro

1843 695 1976 749 nati
2001 710 2111 748 non
2143 710 2356 764 sumus,
2401 693 2745 764 intelligitur
2767 699 3008 766 propter
3039 700 3246 764 gentes
3273 710 3401 764 quae
3425 693 3502 750 ab

1847 783 2056 838 lsmael
2108 783 2580 849 descendebant,
2636 785 2741 855 qui
2799 798 2871 838 ex
2927 783 3122 839 servili
3176 797 3503 853 congressu

1844 873 2118 941 Abrahae,
2153 890 2223 929 ex
2254 880 2410 943 Agar
2441 873 2714 930 videlicet
2743 872 2962 929 ancilla
2992 878 3167 930 natus
3193 879 3336 937 erat,
3365 889 3503 927 cum

1844 961 1956 1034 ipsi
1988 962 2064 1016 ab
2087 962 2247 1018 Isaac
2271 962 2724 1028 descenderent,
2749 962 2854 1035 qui
2876 978 2946 1017 ex
2963 961 3228 1033 legitimo
3255 961 3504 1018 Abrahae

1844 1050 2254 1116 matrimonio,
2275 1068 2348 1108 ex
2372 1051 2549 1109 Sarra
2569 1052 2818 1108 domina
2843 1052 3033 1126 ipsius
3058 1057 3213 1122 Agar
3231 1058 3356 1108 erat
3373 1065 3504 1124 pro-

1846 1140 2100 1208 genitus.

1917 1229 2126 1284 Dicunt
2165 1234 2366 1286 autem
2407 1229 2611 1304 aliqui,
2656 1230 2822 1304 quod
2866 1230 2943 1288 ad
2984 1229 3350 1287 inferendam
3391 1229 3505 1302 ipsi

1843 1316 2129 1387 injuriam
2161 1319 2274 1374 hoc
2309 1320 2569 1376 dixerint
2621 1319 3016 1375 exsecrabiles
3057 1319 3158 1383 illi,
3216 1335 3287 1376 eo
3339 1318 3501 1392 quod

1845 1406 2103 1463 dicerent
2166 1423 2286 1464 non
2343 1425 2475 1466 esse
2532 1426 2672 1466 eum
2728 1414 2944 1466 natura
3011 1409 3202 1465 ﬁlium
3259 1409 3502 1481 Ioseph.

1846 1496 2097 1560 Quando
2161 1505 2362 1553 autem
2443 1503 2749 1555 attenuare
2827 1515 2966 1554 eum
3046 1485 3274 1564 volunt,
3369 1502 3506 1554 tunc

1846 1583 2034 1640 ﬁliuni
2058 1585 2280 1659 Joseph
2313 1587 2515 1660 ipsum
2547 1588 2884 1660 appellant,
2928 1587 3228 1643 interdum
3259 1587 3505 1660 quidem

1847 1672 1981 1736 hoc.
2015 1675 2314 1731 interdum
2343 1693 2482 1733 vero
2517 1677 2661 1732 illud
2710 1681 3028 1748 nuganles,
3088 1685 3144 1733 et
3188 1692 3504 1749 nunquam

1850 1763 2072 1819 veritati
2115 1765 2508 1822 adhaerentes.
2567 1765 2744 1839 Atqui
2806 1766 2972 1822 multi
3012 1782 3272 1822 eorume
3301 1772 3505 1836 stupro

1850 1851 2157 1909 natierant
2189 1853 2422 1920 ;multis
2449 1870 2710 1927 namque
2734 1855 3051 1928 illegitimis
3065 1854 3287 1928 nuptiis
3316 1854 3502 1910 Judaei

1849 1941 2294 2014 copulabantur
2323 1961 2337 2012 ;
2389 1960 2598 2000 verum
2626 1944 2756 2001 silet
2787 1944 2968 2001 etiam
3009 1943 3142 2010 hoc,
3168 1959 3503 2018 properans

1849 2031 1921 2088 ad
1948 2032 2008 2088 id
2039 2032 2205 2105 quod
2240 2036 2437 2104 majus
2468 2038 2575 2090 est.

1919 2139 2072 2178 vers.
2096 2122 2188 2177 42.
2229 2125 2328 2178 Ait
2353 2155 2422 2164 —
2448 2123 2628 2180 exivi.
2691 2123 2896 2189 Natus,
2928 2123 3020 2179 vel
3061 2123 3284 2178 missus
3343 2138 3504 2180 sum.

1920 2209 2090 2266 Vers.
2130 2211 2216 2267 4‘2.
2259 2212 2336 2267 Et
2370 2211 2518 2268 veni.
2548 2213 2631 2267 Ad
2664 2228 2790 2269 vos.

1919 2303 2080 2356 Vers.
2116 2301 2203 2355 42.
2244 2302 2439 2374 Neque
2490 2333 2558 2342 ——
2605 2302 2822 2358 veni.A
2871 2299 3111 2373 propria
3167 2299 3498 2366 voluntate,

1847 2406 1982 2446 cum
2011 2390 2316 2463 propriam
2347 2406 2465 2446 non
2490 2390 2750 2446 habeam
2776 2389 3161 2454 voluntatem,
3189 2395 3250 2446 ut
3281 2391 3503 2463 saepius

1847 2478 2072 2536 dictum
2104 2484 2210 2535 est.

1920 2571 2077 2624 Vers.
2111 2568 2198 2623 42.
2226 2567 2336 2625 Sed
2376 2598 2444 2609 —
2471 2568 2645 2624 misit.
2679 2570 2746 2624 Ut
2797 2572 2966 2642 pater
2994 2567 3209 2635 ﬁlium,
3244 2573 3302 2623 ut
3330 2583 3502 2624 mens

1849 2657 2120 2714 verbum.

1923 2747 2079 2804 Vers.
2118 2751 2206 2804 43.
2253 2748 2442 2816 Quare
2471 2779 2538 2788 —-
2577 2747 2896 2819 agnoscitis
2917 2751 2942 2802 Ρ
2971 2749 3162 2813 Quare
3191 2762 3262 2804 ea
3289 2762 3427 2820 qua:
3467 2762 3504 2803 a

1848 2853 1944 2892 me
1961 2837 2263 2907 dicuntur,
2287 2853 2402 2893 non
2438 2836 2757 2908 intelligitis
2787 2839 2815 2894 ?
2845 2835 3063 2892 Deinde
3093 2836 3258 2893 addit
3289 2842 3345 2892 et
3371 2851 3504 2892 cau-

1847 2942 1999 2993 sam,
2031 2942 2136 2980 cur
2166 2926 2277 2996 ipsi
2306 2942 2426 2980 non
2456 2925 2849 2996 intelligerent
2871 2925 2990 2981 illa.

1919 3015 2088 3068 Vers.
2117 3015 2206 3068 43.
2243 3015 2384 3082 Quia
2415 3045 2481 3054 —
2513 3030 2724 3070 meum.
2760 3045 2825 3054 —
2847 3015 2981 3070 Non
3004 3014 3268 3084 potestis,
3325 3013 3503 3084 signi~

1849 3103 1986 3158 ﬁcat
2012 3119 2190 3167 nunc,
2224 3103 2346 3157 Non
2376 3103 2572 3158 vultis.
2609 3104 2760 3168 Quia
2787 3119 2905 3158 non
2934 3103 3127 3166 vultis,
3165 3103 3378 3174 inquit,
3411 3103 3504 3157 in-

1848 3191 2103 3260 telligere
2131 3207 2466 3246 sermonem
2485 3207 2708 3254 meum,
2741 3192 2929 3264 quide
2962 3191 3199 3246 sublimi
3230 3190 3502 3248 doctrina

1845 3284 1950 3343 est,
1987 3284 2226 3350 propter
2239 3279 2455 3334 animae
2479 3284 2686 3334 vestrae
2703 3279 3049 3351 pravitatem
3066 3296 3198 3352 quae
3213 3279 3378 3334 humi
3402 3280 3502 3335 de-

1845 3372 2033 3423 tracta
2060 3373 2170 3435 est,
2204 3374 2258 3421 et
2291 3367 2436 3422 nihil
2476 3367 2732 3422 sublime
2763 3367 3148 3436 imaginatur.
3182 3367 3332 3435 Quia
3362 3383 3500 3424 vero

1843 3456 2038 3512 dicere
2070 3457 2194 3512 ausi
2229 3456 2482 3521 fuerant,
2506 3462 2737 3527 patrem
2761 3472 2938 3511 suum
2970 3471 3096 3511 esse
3124 3457 3330 3523 Deum,
3361 3473 3501 3514 cum

1843 3545 2095 3601 Abrahae
2125 3546 2480 3616 cognatione
2513 3545 2743 3616 indigni
2767 3550 2987 3611 essent,
3010 3544 3192 3600 libere
3220 3544 3497 3617 loquitur,

1843 3643 1900 3691 et
1928 3636 1986 3690 in
2016 3651 2118 3691 eos
2145 3634 2928 3708 tanquamimmedicabiles
2947 3633 3323 3690 manifestius
3351 3634 3502 3690 inﬂi-

1843 3726 1924 3794 git
1955 3725 2187 3790 vulnus,
2225 3724 2387 3794 quod
2419 3725 2686 3796 ipsorum
2710 3723 3094 3797 impudentiae
3121 3724 3499 3797 respondeat,

1843 3814 2202 3869 inﬂationem
2235 3829 2300 3868 ac
2329 3813 2649 3869 elationem
2695 3813 3104 3883 arrogantium
3135 3812 3492 3886 reprimens.

1917 3903 2077 3959 Vers.
2111 3903 2198 3960 44.
2240 3905 2347 3959 Vos
2375 3935 2443 3943 —
2491 3904 2642 3958 estis.
2678 3904 2798 3958 Vos
2839 3919 2910 3958 ex
2964 3907 3131 3975 patre
3176 3902 3276 3958 illo
3333 3902 3500 3971 estis,

1844 4007 2058 4064 nempe
2095 3991 2328 4048 diabolo
2362 4011 2373 4061 ;
2408 3999 2599 4048 vester
2629 3991 2723 4046 ille
2755 3997 2923 4063 pater
2960 3996 3069 4058 est,
3110 3991 3388 4048 diabolus
3420 3992 3503 4046 vi-

1842 4079 2071 4134 delicat.

1915 4172 2071 4224 Vers.
2119 4172 2206 4224 44.
2248 4171 2323 4223 Et
2353 4201 2420 4208 -—
2452 4170 2709 4238 explere.
2754 4167 2943 4222 Patris
2973 4167 3127 4222 illius
3159 4167 3330 4224 vestri
3359 4189 3370 4231 ;
3403 4167 3502 4222 de-

1843 4257 2057 4312 sideria
2073 4265 2266 4312 autem
2284 4258 2441 4311 illius
2465 4265 2604 4312 sunt
2621 4255 3002 4310 homicidium
3021 4261 3076 4310 et
3095 4255 3498 4321 mendacium,

1843 4347 1965 4401 sive
1993 4344 2237 4416 obliqua
2277 4351 2332 4401 et
2377 4350 2660 4417 corrupta
2689 4345 2827 4407 vita,
2859 4343 3038 4399 veluti
3069 4348 3502 4420 consequenter

1843 4435 2018 4490 dicet.

1914 4523 2078 4579 Vers.
2110 4523 2201 4578 44.
2239 4523 2345 4580 Ille
2376 4554 2440 4563 —
2471 4522 2655 4578 initio.
2692 4522 3002 4578 Interfecto
3032 4522 3228 4594 primo
3261 4521 3500 4577 homine

1843 4613 2029 4668 Adam
2069 4632 2080 4672 :
2111 4629 2253 4668 nam
2282 4611 2410 4684 ipse
2453 4615 2706 4668 mortem
2749 4611 2829 4667 illi
2882 4610 3212 4683 propinavit
3243 4626 3255 4665 :
3285 4609 3502 4666 deinde

1843 4703 2020 4758 etiam
2053 4702 2251 4756 occiso
2276 4700 2396 4756 ﬁlio
2447 4700 2601 4755 illius
2650 4699 2814 4768 Abel,
2861 4699 3159 4773 siquidem
3205 4698 3332 4771 ipse
3368 4697 3504 4755 fecit

1843 4791 2080 4846 fratrem
2105 4791 2232 4861 ejus
2263 4789 2403 4846 Cain
2439 4789 2497 4844 in
2529 4806 2666 4846 eum
2698 4790 3026 4859 insurgere,
3053 4805 3192 4845 cum
3227 4788 3393 4862 prius
3423 4787 3501 4843 ad

1843 4879 2129 4935 invidiam
2169 4877 2335 4933 illum
2369 4879 2675 4934 movisset.

1915 4967 2083 5023 Vers.
2118 4969 2202 5022 44.
2240 4967 2600 5022 Et—stetit.
2646 4969 2771 5022 Non
2827 4965 3174 5039 permansit,
3232 4965 3343 5021 hoc
3389 4969 3496 5035 est,

1845 5057 1905 5114 in
1937 5063 2094 5113 recta
2117 5055 2218 5111 via
2257 5071 2376 5112 non
2408 5055 2679 5128 quiescit,
2714 5055 2818 5112 sed
2847 5054 2970 5112 odit
2995 5055 3334 5134 hujusmodi
3362 5069 3502 5111 con-

1851 5147 2268 5202 versationem.

1341 5323 1563 5392 Variaa
1611 5325 1939 5393 lectiones
1987 5336 2052 5392 et
2094 5332 2296 5391 notae.

199 5524 312 5595 (54)
353 5524 677 5595 Γεγενὴμεθα
711 5530 770 5595 Α.

225 5594 314 5650 55)
353 5594 587 5650 Inclusa
611 5594 959 5650 exciderunt
992 5600 1052 5647 A.

227 5663 314 5733 56)
357 5669 437 5722 Ita
466 5666 747 5737 Origenes
779 5670 923 5737 tom.
969 5665 1056 5730 IV,
1090 5679 1149 5737 p.
1181 5666 1283 5720 3°27
1316 5663 1377 5721 Β.

227 5737 315 5811 57)
350 5737 478 5813 [Iup’
507 5735 652 5812 ἐμοῦ,
685 5742 824 5810 post
849 5735 907 5790 ού
932 5735 1111 5793 νοεῖτε.
1144 5742 1178 5788 Β

1914 5521 2028 5593 (58)
2068 5521 2281 5593 Πληγὴν
2338 5519 3060 5595 ἁναντίῤῥητον-,Αμωειι
3105 5518 3253 5575 Illud
3319 5516 3504 5573 habet

1845 5593 2022 5665 etiam
2047 5595 2351 5665 Chrysost.
2385 5599 2426 5648 t.
2460 5593 2581 5657 vin,
2613 5609 2675 5664 p.
2701 5593 2808 5648 3-18
2844 5593 2908 5649 Ε.

1917 5664 2030 5736 (59)
2077 5664 2387 5738 Ἐπιθυμίας
2417 5664 2458 5719 Α
2471 5705 2485 5720 .
