4098 6474
133 337 278 406 1301·
1108 341 1481 401 COMMENT.
1530 339 1598 396 IN
1637 335 1990 394 JOANNEM.
2035 367 2100 378 —
2140 335 2299 393 CAP.
2348 335 2484 390 VIII.
3363 335 3519 396 4303.

120 475 270 547 ὑμᾶς
329 477 400 547 μὴ
451 476 666 546 ἔχοντας
713 477 914 547 πατέρα
964 474 1050 524 τὸν
1103 471 1306 542 Θεόν.]
1363 470 1693 542 Ἀτιμοίσαντι

1848 462 2100 531 ostendi,
2131 478 2236 518 vos
2256 463 2439 517 Deum
2463 475 2582 516 non
2610 457 2833 516 habere
2865 466 3096 532 patrem
3131 476 3143 518 :
3168 477 3276 518 vos
3297 467 3500 523 autem

1847 551 2058 607 Filium
2089 550 2417 623 ignominia
2476 549 2819 618 aflicientes,
2871 550 3099 607 honore
3135 551 3413 623 privastis
3443 557 3504 610 et

1847 641 2085 696 Patrem.
2169 639 2509 695 Praedictum
2579 639 2738 712 enim
2818 645 2926 704 est,
3015 640 3201 712 quod,
3225 640 3328 712 qui
3374 657 3497 698 non

1842 729 2099 786 honorat
2125 729 2349 795 Filium,
2383 743 2506 784 non
2565 727 2817 784 honorat
2873 728 3128 794 Patrem,
3185 730 3289 802 qui
3337 731 3500 786 misit

123 561 192 617 δὲ
247 567 334 616 τὸν
397 563 536 626 Υἰὸν,
604 564 896 634 ἠτιμάσατε
970 565 1058 614 τὸν
1127 565 1351 634 Πατέρα.
1421 564 1736 634 Προείρηται

118 656 228 727 ’γὰρ
256 655 334 706 ὅτι
377 654 402 704 ό
448 658 517 725 μή
552 662 713 725 τιμῶν
744 656 830 705 τόν
857 654 975 705 Υὶόν
1008 651 1066 703 οὐ
1098 656 1227 723 τιμᾷ
1267 654 1352 702 τόν
1399 653 1603 724 Πατέρα
1648 652 1734 702 τόν

119 743 272 815 πε
282 762 409 795 αντα
437 742 610 795 αὐτόν.

1841 819 2001 874 illum
2031 821 2101 874 η.

200 917 329 990 Ἐγὼ
361 948 427 959 —-
453 937 575 991 μου.
603 921 708 976 Τήν
735 913 1008 975 ἐκδίκησιν
1037 924 1128 977 τῆς
1158 913 1366 988 ἀτιμίας
1393 933 1514 988 μου.

1913 910 2081 968 Vers.
2107 911 2195 966 50.
2228 910 2356 980 Ego
2388 938 2454 948 —
2483 922 2685 962 meam.
2727 906 3063 965 Vindictam
3113 908 3490 967 contumelia:

1841 1015 2010 1055 metu.

1911 1093 2070 1146 Vers.
2109 1091 2197 1145 50.
2233 1091 2326 1145 Est
2356 1117 2423 1128 —
2467 1087 2722 1156 judicet.
2771 1089 2957 1153 Pater,
3008 1095 3252 1162 propter
3305 1105 3487 1162 quem

1836 1178 2061 1234 honore
2094 1195 2189 1234 me
2219 1177 2510 1251 privastis,
2564 1180 2620 1230 et
2668 1174 2745 1230 ad
2771 1193 2954 1247 quem
2988 1177 3106 1233 Filii
3151 1178 3488 1248 ignominia

1833 1270 2084 1324 transire
2106 1271 2380 1324 cernitur.
2415 1269 2562 1322 Nam
2617 1265 2727 1321 etsi
2758 1282 2938 1322 omne
2978 1268 3272 1338 judicium
3321 1268 3484 1325 dedit

1832 1358 1997 1425 Filio,
2026 1375 2144 1414 non
2177 1364 2396 1422 tamen,
2431 1360 2594 1431 quod
2631 1372 2692 1415 se
2724 1357 2951 1413 honore
2999 1356 3336 1430 privaverit,
3375 1357 3483 1415 sed

1829 1448 1994 1520 quod
2027 1447 2286 1503 Verbum
2316 1449 2496 1505 Patris
2527 1451 2598 1506 sit
2623 1449 2817 1506 Filius.

1901 1537 2046 1592 Vide
2076 1543 2292 1602 autem,
2326 1539 2485 1610 quod
2512 1539 2758 1612 quando
2788 1542 3020 1611 patrem
3048 1537 3159 1593 sibi
3201 1536 3478 1594 dixerunt

108 1631 262 1696 Θεὸν,
317 1629 718 1704 ἐπαῤῥησιοίσθη
777 1635 868 1682 καὶ
925 1627 1162 1702 σφοδρῶς
1193 1629 1360 1680 αὐτῶν
1418 1629 1692 1699 καθήψατο

1825 1641 1958 1682 esse
1986 1628 2191 1692 Deum,
2219 1627 2400 1682 libere
2447 1629 2753 1701 respondit
2803 1632 2861 1684 et
2906 1628 3165 1697 graviter
3213 1643 3318 1683 eos
3373 1627 3476 1682 ob-

106 1719 195 1769 ὅτε
265 1716 324 1772 δε
385 1720 539 1771 αὐτόν
596 1720 882 1791 ἠτίμασαν,
947 1715 1183 1779 ἕπιεικῶς
1251 1715 1558 1791 ἀπεκρίνατο
1625 1738 1692 1770 κα

1822 1716 2078 1786 jurgavit
2131 1735 2144 1773 :
2199 1718 2448 1789 quando
2491 1734 2634 1775 vero
2677 1716 3040 1774 contumelia
3087 1732 3220 1772 eum
3265 1715 3476 1772 affece-

103 1813 310 1882 πράως.
345 1809 571 1862 Ἐτεύθεν
601 1811 699 1881 γὰρ
749 1805 1058 1861 ἐπαίδευσεν
1098 1809 1235 1879 ἡμᾶς
1285 1809 1352 1858 τὰ
1380 1810 1470 1879 μὲν
1519 1808 1585 1868 εἰς
1627 1813 1693 1861 τότ

1823 1811 1979 1873 runt,
2013 1806 2280 1862 modeste
2312 1807 2620 1877 respondit
2662 1823 2732 1862 ac
2781 1810 3108 1862 mansuete.
3148 1804 3291 1861 Hinc
3321 1805 3471 1862 enim

194 1092 376 1146 Ἔστιν
424 1126 474 1137 -
521 1098 728 1166 κρίνων,
761 1093 818 1147 Ὀ
865 1099 1044 1165 Πατήρ
1097 1089 1167 1145 δι’
1201 1092 1254 1145 ὃν
1305 1093 1600 1163 ἠτιμάσατε
1643 1110 1722 1164 με,

112 1187 210 1232 καὶ
242 1186 366 1257 πρὸς
395 1183 448 1235 ὃν
475 1186 505 1242 ἡ
541 1183 722 1256 ἀτιμία
751 1192 843 1236 τοῦ
875 1185 996 1236 Υίοῡ
1027 1179 1316 1235 διαϐαίνειν
1347 1178 1505 1236 οἶδεν.
1536 1182 1596 1234 Εἰ
1622 1185 1724 1255 γὰρ

111 1276 210 1322 καὶ
255 1277 348 1328 τήν
391 1277 566 1344 κρίσιν
603 1278 776 1325 πᾶσάν
827 1269 1026 1324 δέδωκε
1068 1280 1138 1341 τῷ
1178 1278 1303 1340 Υιῷ,
1352 1269 1458 1322 ἀλλ’
1509 1271 1612 1342 οὐχ
1657 1274 1723 1334 ὡς

111 1357 348 1411 ἐκϐαλὼν
378 1361 554 1414 ἑαυτὸν
575 1370 667 1415 τοῦ
692 1367 898 1437 κρίνειν,
929 1360 1056 1413 ἀλλά
1085 1357 1223 1424 διότι
1265 1365 1434 1431 Λόγος
1464 1368 1553 1412 του
1583 1367 1718 1412 Πατ-

108 1453 204 1521 ρός
231 1451 256 1500 ό
291 1453 433 1512 Υἱός.

186 1537 324 1612 Ὀρά
367 1537 426 1593 δὲ
473 1549 600 1607 πῶς,
656 1543 738 1594 ὅτε
785 1544 872 1612 μὲν
923 1538 1061 1592 εἶπον
1108 1543 1307 1612 πατέρα
1381 1538 1573 1592 ἑαυτῶν
1631 1543 1717 1592 τόν

102 1902 240 1951 Θεὸν
281 1895 523 1967 ἐκδικεῖν,
558 1901 619 1950 τὰ
648 1895 706 1950 δὲ
736 1898 807 1959 εἰς
829 1900 966 1970 ἡμᾶς
995 1903 1247 1970 παρορᾲν.
1285 1901 1384 1949 Καὶ
1432 1896 1588 1958 αὐτὸς
1612 1901 1709 1972 γὰρ

100 1985 470 2060 παραδραμὼν
502 1993 589 2045 τὴν
624 1987 693 2049 εἰς
726 1987 905 2039 ἑαυτὸν
951 1985 1098 2062 ὕϐριν
1149 1985 1232 2038 ἐπὶ
1263 1985 1564 2057 παραίνεσιν
1599 1991 1706 2060 τρέ·

97 2095 278 2130 πεται.

179 2257 352 2326 Ἀμὴν
385 2286 451 2293 -—
499 2254 678 2308 αἰῶνα.
739 2260 977 2313 Ζήτησον
1017 2253 1064 2305 ἐν
1122 2263 1194 2324 τῷ
1238 2252 1395 2324 ἐνάτῳ
1449 2252 1706 2324 κεφαλαίῳ

97 2347 183 2403 τό.
256 2346 372 2396 Ἐάν
412 2364 485 2404 τις
541 2345 680 2417 φάγῃ
743 2343 797 2395 ἐκ
855 2347 1040 2396 τούτου
1094 2351 1185 2396 τοῦ
1245 2345 1426 2416 ἄρτου,
1484 2343 1706 2403 ζήσεται

94 2433 171 2493 εἰς
228 2437 315 2485 τόν
372 2433 534 2485 αἰῶνα
568 2451 580 2462 ’
641 2438 731 2485 καὶ
785 2432 1044 2505 ἀνάγνωθι
1079 2438 1173 2490 τήν
1227 2432 1478 2504 ἐξήγησιν
1519 2432 1700 2483 αὐτοῦ.

93 2529 327 2583 Norica;
376 2525 474 2594 ⁹γὰρ
533 2525 720 2575 ἐκεῖθεν
770 2528 888 2597 περὶ
939 2527 1090 2574 ποίου
1155 2524 1376 2574 θανάτου
1411 2522 1544 2592 λέγει
1591 2529 1698 2576 νῦν.

90 2618 228 2685 Περὶ
282 2612 341 2663 οὗ
399 2616 472 2685 μή
538 2617 816 2673 νοήσαντες
889 2611 1069 2664 ἐκεῖνοι
1127 2611 1276 2662 πάλιν
1351 2609 1700 2683 ἀτιμάζουσιν

85 2700 274 2754 αὐτόν.

81 2855 84 2858 ,
174 2787 331 2844 Εἶπον
366 2821 427 2831 ——
474 2792 636 2861 ἔχεις.
679 2797 785 2842 Νῦν
825 2789 1032 2862 μᾶλλον.
1085 2787 1241 2842 Εἶπον
1291 2785 1350 2842 δὲ
1401 2798 1572 2856 τοῦτο,
1629 2793 1698 2852 ὡς

84 2878 286 2931 ἐκείνου
315 2875 380 2938 δὴ
392 2881 471 2932 θεν
503 2887 773 2940 ποιοῦντος
802 2879 982 2932 ἑαυτὸν
1013 2879 1227 2951 μείζονα
1252 2887 1342 2932 τοῦ
1373 2887 1527 2934 Θεοῦ.

166 3055 412 3129 ’Λϐραάμ
452 3089 515 3097 -—
543 3066 828 3129 προφῆται.
865 3059 930 3109 Οἱ
958 3063 1275 3132 τηρήσαντες
1305 3060 1392 3109 τόν
1431 3059 1577 3130 λόγον
1605 3069 1695 3112 τοῦ

88 3153 250 3198 Θεοῦ.

169 3239 268 3286 Καὶ
325 3266 392 3273 —-
467 3243 626 3295 ποιεῖς
661 3252 673 3301 ;
709 3234 1012 3288 Ἀκόλουθεν
1062 3237 1150 3300 μὲν
1225 3232 1284 3293 ἦν
1341 3236 1452 3305 (64)
1515 3237 1690 3289 εἰπεῖν·

89 3327 179 3379 Μή
229 3327 294 3374 σὺ
344 3324 534 3393 μείζων
574 3321 621 3375 εἰ
658 3332 749 3375 τοῦ
781 3331 915 3376 Θεοῦ
945 3344 958 3390 ;
993 3323 1128 3374 Ἀλλ’
1170 3323 1228 3375 οὗ
1269 3324 1480 3394 λέγουσι
1519 3334 1690 3392 τοῦτο,

89 3413 176 3462 ἵνα
201 3416 272 3482 μὴ
309 3417 671 3486 συγκρίναντες
693 3413 848 3464 αὐτόν
873 3421 942 3482 τῷ
971 3417 1078 3483 Θεῷ
1101 3409 1298 3475 δόξωσι
1325 3413 1513 3485 μᾶλλον
1538 3422 1693 3486 nuo}:

87 3501 266 3554 αὐτόν.
303 3501 576 3553 Βού).ονται
604 3499 663 3554 δὲ
707 3503 861 3553 αὐτόν
902 3501 1140 3554 ἐλάττονα
1188 3507 1276 3554 καὶ
1315 3511 1403 3554 του
1457 3503 1692 3577 Ἀϐραὰμ

86 3587 378 3660 ἀποφῆναι.
433 3597 530 3643 Καὶ
573 3591 665 3643 οὐκ
698 3588 835 3644 εἷπον
867 3600 958 3644 τοῦ
994 3590 1233 3664 Ἀϐραὰμ
1275 3593 1409 3663 (65).
1444 3591 1570 3644 ἀλλὰ
1600 3603 1689 3646 τοῦ

84 3683 285 3752 πατρὸς
336 3682 501 3752 ἡμῶν,
555 3682 906 3752 κομπάζοντες
953 3680 1128 3745 πάλιν,
1170 3687 1258 3733 καὶ
1301 3691 1364 3755 τῇ
1419 3689 1690 3756 συγγενείᾳ

84 3775 181 3820 τοῦ
217 3769 267 3819 Ἀ
280 3768 455 3843 ϐραὰμ
486 3769 952 3843 ἐπισεμνυνόμειοι.

159 3947 440 4021 Ἀπεκρίθη
472 3979 541 3989 -
587 3948 748 4003 ἐστιν.
798 3946 966 4002 Οὐδὲν
1010 3948 1169 4012 ἐστιν,
1225 3951 1295 4010 ὡς
1348 3951 1492 4022 ὑμεῖς
1551 3953 1683 4002 ὑπο-

77 4037 385 4110 λαμϐάνετε.
424 4041 556 4111 Πρός
579 4043 670 4096 τήν
702 4037 903 4091 ἐκείνων
932 4040 1034 4113 γὰρ
1061 4041 1304 4091 ὑπόνοιαν
1341 4049 1495 4092 τοῦτο
1525 4039 1678 4111 εἶπεν,

78 4131 198 4179 ἴσον
248 4126 406 4198 λέγων
447 4135 542 4197 τῷ,
602 4127 717 4180 Ἐὰν
757 4127 857 4198 ἐγὼ
907 4135 1151 4200 μαρτυρῶ
1200 4134 1316 4201 περὶ
1367 4127 1610 4200 ἐμαυτοῦ,
1648 4131 1677 4188 ἡ

73 4222 347 4290 μαρτυρία
375 4236 474 4287 μου
501 4216 594 4268 οὐκ
621 4219 759 4269 ἔστιν
793 4215 988 4279 ἀληθής
1023 4236 1035 4248 ·
1079 4218 1200 4290 ὅπερ
1250 4224 1418 4269 κεῖται
1453 4227 1570 4292 περὶ
1618 4220 1682 4270 τὰ

72 4310 218 4379 μέσα
241 4314 330 4357 του
363 4303 588 4378 ἑϐδόμου
618 4306 895 4378 κεφαλαίου
922 4327 934 4339 ·
968 4311 1057 4358 καὶ
1087 4305 1344 4377 ἀνάγνωθι
1382 4311 1470 4364 τήν
1497 4305 1682 4378 ἐξήγη-

75 4415 164 4447 σιν
195 4394 374 4446 αὐτοῦ.

155 4570 332 4624 Ἔστιν
386 4601 454 4610 -
509 4590 588 4642 με.
648 4601 710 4611 --
795 4571 910 4624 Ἐὰν
977 4570 1074 4642 ἐγὼ
1145 4571 1431 4643 μεγαλύνω,
1494 4577 1671 4644 φησὶν,

72 4661 318 4732 ἐμαυτόν,
403 4657 541 4712 δοκῶ
611 4662 726 4733 ὑμῖν
800 4658 1105 4730 ψεύδεσθαι.
1180 4660 1360 4713 Ἔστιν
1438 4663 1672 4733 όμεγα-

68 4753 232 4802 mw.»
285 4768 366 4822 με,
432 4751 458 4802 ό
520 4756 694 4820 Πατήρ
762 4769 881 4819 μου.
943 4755 1040 4801 Καὶ
1097 4749 1143 4802 ἐν
1196 4759 1266 4820 τῷ
1321 4751 1530 4824 ῥηθέντι
1567 4755 1668 4822 γὰρ

67 4839 329 4912 naiadum)
372 4841 563 4912 ὁμοίνος
613 4840 765 4899 εἶπεν,
824 4839 903 4889 ὅτι
952 4843 1050 4892 Καὶ
1106 4841 1130 4890 ὁ
1189 4839 1398 4910 πέμψας
1454 4860 1517 4913 με
1567 4849 1670 4893 llat-

66 4936 186 5002 τήρ,
274 4929 423 4989 αὐτὸς
508 4930 875 5001 μεμαρτύρηκε
957 4933 1072 5002 περὶ
1167 4927 1291 5000 ἐμοῦ
1401 4933 1665 5001 Προθερα-

70 5021 212 5071 πευει
270 5014 328 5070 δὲ
389 5020 414 5070 ό
464 5017 631 5090 μέλλει
684 5016 831 5091 ἐρεῖν,
894 5019 976 5070 ἱνα
1038 5022 1109 5090 μή
1170 5015 1296 5091 δέξῃ
1356 5019 1663 5090 κομπάζειν.

508 4930 875 5001 μεμαρτύρηκε
957 4933 1072 5002 περὶ

143 5213 190 5247 ⁷³
220 5212 386 5269 Joan.
415 5229 470 5282 v,
494 5218 580 5271 23.
685 5215 733 5250 ⁷⁴
761 5216 934 5271 Joan.
971 5230 1048 5283 vr,
1078 5216 1163 5270 5|.
1267 5216 1314 5250 ⁷⁵
1339 5215 1482 5271 ibid.
1511 5215 1602 5271 3t.

1822 1910 1932 1950 nos
1963 1894 2178 1965 docuit,
2217 1900 2277 1950 ut
2306 1895 2574 1956 admissa
2629 1895 2683 1951 iu
2717 1897 2903 1952 Deum
2961 1893 3353 1962 vindicemus,
3408 1893 3470 1949 in

1819 1999 1932 2039 nos
1965 1989 2165 2038 autem
2193 1983 2588 2054 negligamus.
2635 1988 2781 2041 Nam
2831 1989 2886 2039 et
2922 1984 3071 2054 ipse
3132 1982 3353 2039 factam
3407 1983 3467 2038 in

1821 2087 1885 2126 se
1942 2071 2222 2143 injuriam
2312 2073 2784 2144 praetermittens,
2837 2072 2917 2127 ad
2997 2071 3467 2128 admonitionem

1817 2161 2196 2218 convertitur.

1888 2253 2052 2308 Vers.
2090 2252 2173 2306 51.
2227 2251 2412 2307 Amen
2478 2283 2547 2292 —
2609 2259 2910 2308 aeternum.
2977 2251 3179 2316 Quaere
3239 2251 3298 2305 in
3349 2251 3466 2308 hoc

1815 2354 1976 2396 nono
2002 2342 2215 2412 capite,
2251 2340 2353 2396 ubi
2405 2341 2661 2397 dicitur:
2720 2340 2784 2396 Si
2831 2340 2951 2411 quis
3018 2339 3324 2396 comederit
3390 2355 3460 2397 ea.

1815 2429 1919 2486 hoc
1942 2445 2110 2501 pane,
2144 2433 2296 2486 vivet
2326 2431 2386 2485 in
2419 2437 2690 2486 aeternum
2741 2431 2811 2496 7‘,
2853 2434 2909 2484 et
2952 2427 3107 2484 illius
3138 2428 3267 2498 lege
3295 2444 3464 2485 enar-

1811 2523 2123 2576 rationem.
2171 2524 2318 2576 Nam
2363 2536 2433 2575 ex
2479 2521 2596 2576 hoc
2646 2519 2962 2590 intelliges,
3005 2520 3079 2575 de
3126 2535 3249 2592 qua
3300 2535 3462 2576 nunc

1812 2616 1999 2665 morte
2026 2610 2321 2681 loquatur;
2351 2608 2425 2664 de
2453 2625 2576 2681 qua
2598 2625 2736 2665 cum
2758 2609 2840 2664 illi
2867 2624 2989 2664 non
3009 2607 3458 2676 intellexissent,

1808 2713 2020 2754 rursus
2041 2715 2180 2754 eum
2212 2698 2573 2755 contumelia
2606 2697 2894 2754 afﬁciunt.

1880 2797 2046 2852 Vers.
2088 2800 2173 2852 52.
2230 2796 2506 2852 Dixerunt
2580 2827 2632 2837 —
2702 2795 2937 2852 habeas.
2999 2798 3164 2851 Nunc
3234 2796 3452 2865 magis.

1808 2887 2092 2944 Dixerunt
2117 2891 2314 2942 autem
2346 2887 2483 2951 hoc,
2518 2886 2694 2959 quasi
2748 2885 2868 2942 Deo
2922 2900 2984 2941 se
3039 2885 3276 2942 fecisset
3325 2886 3455 2958 ipse

1808 2977 2125 3046 majorem.

1877 3066 2154 3122 Vers.52.
2191 3064 2586 3122 Abraham—
2641 3065 2955 3135 prophetae.
3015 3065 3124 3130 Qui
3185 3065 3281 3121 Dei
3338 3080 3460 3122 ser-

1735 3183 1774 3236 C
1809 3170 2039 3209 monem
2080 3160 2479 3209 servaverunt.

1879 3243 2037 3297 Vers.
2067 3247 2159 3298 52.
2194 3243 2267 3296 Et
2305 3268 2361 3278 —
2411 3243 2571 3297 Vers.
2629 3246 2715 3298 53.
2767 3242 2919 3311 facis
2985 3241 3014 3296 7
3071 3240 3455 3314 Consequens

1806 3347 1950 3386 sane
1990 3335 2136 3394 erat,
2180 3336 2242 3385 ut
2281 3331 2538 3385 dicerent
2579 3347 2591 3384 :
2639 3333 2792 3386 Num
2850 3334 2912 3385 tu
2953 3330 3138 3400 major
3167 3347 3230 3385 es
3272 3333 3387 3386 Deo
3427 3330 3454 3386 7

1803 3435 2007 3474 verum
2031 3434 2152 3474 non
2180 3419 2291 3474 hoc
2314 3419 2538 3485 dicunt,
2555 3434 2628 3473 ne
2653 3419 2988 3490 Deoipsum
3011 3425 3450 3489 comparantes,

1804 3508 2136 3564 viderentur
2161 3523 2298 3562 eum
2360 3507 2559 3580 potius
2627 3508 2942 3564 honorare.
3001 3507 3216 3563 Volunt
3253 3515 3450 3566 autem

1800 3599 1930 3670 ipso
1957 3599 2134 3654 etiam
2161 3597 2456 3652 Abraham
2479 3597 2770 3652 minorem
2790 3595 2956 3652 illum
2975 3597 3308 3654 ostendere.
3337 3600 3452 3655 Nec

1798 3688 2076 3742 dixerunt
2101 3685 2440 3758 simpliciter
2470 3685 2792 3751 Abraham,
2856 3685 2958 3742 sed
3019 3691 3184 3758 patre
3243 3693 3450 3743 nostro

1799 3775 2120 3841 Abraham,
2157 3791 2397 3830 rursum
2467 3775 2812 3845 gloriantes,
2878 3780 2933 3830 et
2969 3775 3045 3830 de
3093 3775 3450 3845 cognatione

1797 3864 2096 3919 Abraham
2142 3879 2269 3919 sese
2296 3865 2613 3934 jactautes.

1866 3954 2025 4008 Vers.
2068 3956 2156 4008 5i.
2251 3953 2555 4021 Respondit
2631 3983 2697 3994 -—
2755 3959 2858 4008 est.

1795 4059 1897 4097 vos
1950 4043 2389 4112 suspicamini;
2461 4059 2600 4098 nam
2659 4042 2771 4098 hoc
2824 4042 2902 4097 ad
2931 4042 3162 4098 illorum
3222 4044 3448 4113 cogita-

1796 4134 2011 4186 tionem
2065 4132 2299 4187 locutus
2347 4137 2456 4197 est,
2517 4131 2708 4186 simile
2762 4131 2840 4186 illi
2897 4131 3156 4187 dicens:
3226 4131 3284 4186 Si
3347 4148 3442 4202 ego

1793 4221 2190 4276 testimonium
2237 4220 2509 4287 perhibeo
2566 4221 2637 4274 de
2701 4235 2790 4274 me
2845 4223 2987 4288 ipso.
3049 4221 3441 4276 testimonium

1792 4325 1981 4365 meum
2015 4317 2246 4364 nonest
2313 4325 2508 4364 verum
2573 4310 2643 4374 ⁷⁵,
2704 4308 2864 4379 quod
2933 4309 3108 4378 juxta
3169 4307 3442 4364 medium
3525 4348 3527 4350 -

1791 4397 2027 4468 septimi
2092 4397 2302 4468 capitis
2359 4397 2610 4467 positum
2657 4401 2769 4460 est,
2825 4400 2881 4451 et
2938 4397 3068 4466 ejus
3119 4396 3243 4466 lege
3275 4411 3438 4452 enar-

2928 3953 3076 4008 Nihil
3133 3957 3240 4018 est,
3277 3953 3448 4010 sicuti

1717 4514 1756 4565 υ
1790 4488 2100 4542 rationem.

1858 4575 2026 4630 Vers.
2064 4575 2154 4630 54.
2182 4574 2290 4629 Est
2321 4603 2390 4614 --
2419 4590 2522 4628 me.
2564 4573 2632 4630 Si
2669 4589 2797 4644 ego,
2846 4573 3060 4646 inquit,
3117 4574 3438 4644 magniﬁco

1787 4681 1866 4718 me
1903 4665 2112 4732 ipsum,
2149 4663 2355 4718 videor
2392 4662 2562 4717 vobis
2603 4663 2874 4718 mentiri:
2909 4665 3015 4720 Est
3061 4674 3228 4735 pater
3255 4679 3436 4733 meus,

1783 4755 1884 4824 qui
1911 4754 2252 4823 magniﬁcat
2292 4767 2402 4808 me.
2439 4755 2582 4807 Nam
2619 4753 2906 4822 praedicto
2949 4769 3191 4826 quoque
3244 4754 3438 4825 capite

1781 4841 2046 4897 similiter
2070 4842 2216 4897 dixit
2249 4859 2261 4896 :
2293 4843 2365 4898 Et
2391 4842 2495 4912 qui
2525 4842 2680 4897 misit
2727 4857 2815 4899 me
2864 4844 3063 4907 Pater,
3118 4843 3242 4912 ipse
3274 4843 3438 4900 testi-

1775 4931 2039 4988 monium
2067 4931 2365 5000 perhibuit
2395 4930 2462 4986 de
2512 4946 2604 4986 me
2629 4933 2695 4986 ⁷⁸.
2731 4931 2991 4987 Primum
3022 4936 3213 4988 autem
3273 4932 3435 4988 viam

1779 5019 2078 5091 praestruit
2106 5019 2200 5074 bis
2231 5035 2368 5091 quae
2422 5019 2686 5075 dicturus
2745 5027 2852 5088 est,
2877 5036 2952 5076 ne
2983 5019 3224 5091 gloriari
3271 5019 3438 5075 vide-

1699 5217 1747 5251 ⁷⁵
1773 5215 1918 5271 ibid.
1951 5217 2040 5270 37.

1261 5419 1479 5488 Variae
1523 5419 1852 5488 lectiones
1906 5430 1969 5486 et
2013 5427 2213 5488 notae.

136 5615 248 5686 (δι)
289 5615 438 5687 Αὐτῷ
469 5616 734 5671 AdditA.

137 5685 250 5758 (65)
291 5685 415 5761 Hoc
433 5704 551 5743 non
571 5688 824 5761 exclusit
843 5685 1199 5761 vocabulum
1220 5685 1482 5761 Ἀϐραὰμ,
1496 5687 1658 5758 quod

65 5763 305 5831 uterque
352 5759 411 5814 in
454 5766 612 5816 textu
648 5759 845 5824 habet,
882 5759 984 5814 sed
1017 5763 1182 5831 urget
1230 5761 1288 5810 τὸ
1318 5759 1427 5810 τοῦ
1461 5762 1652 5831 πατρὸς

1771 5617 1934 5688 ἡμῶν.
1977 5617 2321 5690 Accuratius
2343 5617 2606 5686 dixisset,
2650 5623 2738 5671 καὶ
2769 5617 2874 5690 οὐχ
2901 5617 3072 5679 ἁπλῶς
3103 5613 3266 5681 εἶπον,
3302 5613 3428 5668 ἁλλά

1769 5691 1902 5759 μετὰ
1931 5689 2206 5761 προσθήκη
2219 5710 2260 5751 ς,
