4098 6430
161 339 306 398 1305

1249 335 1595 394 COMMENT
1634 337 1703 394 IN
1741 336 2092 394 JOANNEM.
2133 368 2201 379 —
2239 337 2396 392 CAP.
2441 334 2537 393 IX.

3391 336 3412 390 1
3425 336 3530 392 306

237 471 338 522 Καὶ
367 499 435 508 -
463 465 692 539 ἑώρακας
718 481 732 532 ;
759 463 946 538 ’.ῼοντο
972 464 1074 537 γὰρ
1107 463 1259 516 αὐτὸν
1289 461 1444 535 έγγύς
1472 461 1601 516 εἶναι
1639 483 1754 516 πεν-

1942 463 2106 518 Vers.
2141 464 2228 518 57.
2256 462 2429 516 Et—
2479 461 2678 517 vidisti
2731 458 2759 515 ?
2812 459 3109 516 Putabant
3171 459 3330 516 enim
3387 476 3527 516 eum

162 562 389 616 τήκοντα
438 555 560 608 έτῶν
609 552 704 608 διὰ
754 559 848 611 τὴν
903 554 1241 625 πολυπειρίαν
1297 553 1477 607 αὐτοῦ.
1524 555 1652 606 Τινὰ
1701 548 1760 604 δί

163 655 262 698 τῶν
315 647 426 717 (71)
481 645 805 720 ἀντιγράφων
845 646 1240 717 τεσσαράκοντα
1279 644 1592 718 γράφουσιν,
1635 643 1758 714 ὅπερ

165 731 311 788 δοκεῖ
337 735 716 808 ἀκριϐέστερον.

237 910 386 965 Εἶπεν
437 944 505 954 -—
561 913 685 975 εἰμι.
735 912 824 974 Ὠς
889 915 1038 974 Θεός.
1095 916 1195 965 Καὶ
1252 910 1347 963 ούκ
1405 906 1563 977 εἶπεν,
1625 908 1760 980 Ἐγὼ

164 1005 324 1074 ἤμην,
402 1001 506 1054 ἀλλ’
568 1003 698 1073 Ἑγὼ
749 1001 858 1074 εἰμι
900 1003 926 1053 ό
986 999 1065 1054 ἀεὶ
1127 1005 1213 1052 ὧν.
1246 1003 1316 1052 Τὸ
1342 1002 1431 1066 μεν
1480 995 1568 1050 οὖν
1625 1000 1762 1068 γενέ-

165 1093 291 1144 σθαι
351 1095 700 1144 κτιστοῦοτὸ
795 1087 854 1143 δε
919 1090 1040 1163 Εἰμὶ
1119 1087 1369 1141 ἀκτέστου
1419 1089 1436 1160 [
1492 1092 1582 1141 καὶ
1643 1088 1760 1158 (72)

161 1185 380 1233 κτίστου

235 1269 400 1344 Ἦραν
438 1297 492 1310 -ο
541 1269 718 1322 αὐτόν.
777 1271 842 1322 Oi
877 1275 1060 1341 ταχεῖς
1099 1271 1227 1341 πρὸς
1256 1272 1403 1340 φόνον
1434 1287 1446 1300 ·
1477 1266 1758 1340 Ἠγρίαναν

161 1361 264 1431 γὰρ
314 1355 558 1422 δόξαντες
608 1357 924 1430 ὑϐρισθῆναι
966 1361 1054 1410 τόν
1112 1356 1350 1432 Ἀϐραὰμ
1392 1373 1404 1385 ⁸
1439 1356 1550 1428 ἅμα
1578 1353 1637 1408 δὲ
1669 1360 1759 1408 καὶ

160 1453 367 1519 γνόντες
396 1449 475 1501 ὅτι
506 1444 785 1506 ἀιδιότητα
823 1455 956 1501 Θεοῦ
981 1448 1309 1520 περιτίθησιν
1336 1445 1518 1516 ἑαυτῷ.

235 1626 442 1688 Ἰησοῦς
499 1623 558 1680 δε
605 1625 821 1700 ὶκρύϐη.
867 1627 1118 1700 Ἀόρατος
1175 1625 1353 1686 αὐτοῖς
1413 1628 1637 1682 κατέστη
1691 1631 1753 1694 τῇ

161 1716 376 1789 έξουσέᾳ
405 1724 497 1777 τῆς
537 1718 796 1777 θεότητος.

237 1810 336 1859 Καὶ
369 1809 528 1881 ἱεροῦ.
554 1811 666 1858 Ἱνα
693 1803 997 1864 κατασταλῆ
1031 1806 1056 1856 ό
1091 1806 1254 1877 θυμός
1281 1803 1471 1858 αὐτῶν.

233 1984 448 2037 Διελθών
478 2016 546 2024 —-
575 1985 766 2036 αὐτῶν.
820 1989 906 2042 Μὴ
952 1983 1250 2055 ἰσχυόντων
1283 1979 1411 2034 ἰδεῖν
1452 1981 1624 2037 αὐτόν.
1661 1988 1758 2038 Καὶ

161 2071 310 2126 διατέ
361 2073 455 2125 ούκ
512 2072 744 2136 ἐξέλυσεν
775 2073 942 2126 αὐτῶν
981 2077 1075 2130 τὴν
1125 2068 1346 2142 δύναμιν
1390 2076 1480 2124 καὶ
1537 2079 1764 2143 φανερῶς

160 2161 466 2235 ἀνεχώρησε
487 2179 500 2227 ;
535 2167 676 2215 Διότι
693 2164 802 2215 οὔθ’
825 2163 984 2222 οὕτως
1006 2160 1208 2233 ἔμελλον
1237 2163 1520 2214 πιστεύειν.
1543 2163 1755 2234 Καὶγάρ

160 2252 210 2304 έν
239 2261 307 2322 τῷ
336 2259 502 2325 καιρῷ
534 2259 626 2303 τού
687 2253 891 2312 [Ιοὲθους
936 2253 1148 2312 ὑπτίους
1180 2251 1292 2320 (73)
1345 2250 1528 2310 αύτούς
1557 2249 1753 2324 ἔρριψε,

159 2347 250 2394 καὶ
279 2344 374 2393 τὰς
394 2341 535 2411 ὄψεις
566 2340 733 2392 αὐτῶν
756 2339 1016 2402 έσκότισε,
1058 2345 1147 2392 καὶ
1177 2340 1269 2392 οὐκ
1300 2337 1631 2394 ἐπίστευσαν.
1654 2340 1754 2391 Ούο

161 2425 248 2481 δεν
277 2431 376 2502 γὰρ
408 2435 588 2500 χεῖρον
617 2427 805 2500 ψυχῆς
838 2427 1215 2500 ἀπεγνωκυίας.
1274 2426 1379 2480 Κᾶν
1426 2431 1527 2501 γὰρ
1562 2435 1756 2499 σημεῖα

157 2515 276 2591 ἴδη,
304 2516 398 2570 κάν
429 2522 639 2592 τέρατα,
669 2522 805 2590 μένει
835 2522 928 2576 τὴν
955 2518 1117 2576 αὐτὴν
1160 2521 1365 2590 ἔχουσα
1393 2517 1546 2570 πάλιν
1574 2516 1755 2570 ἀναισ-

156 2613 400 2680 χυντέαν.

234 2702 332 2750 Καὶ
360 2705 593 2770 παρῆγεν
615 2697 799 2758 οὕτως.
830 2695 1101 2759 Ἐϐάδιξεν
1140 2698 1317 2763 οὕτως,
1352 2702 1424 2770 μὴ
1459 2701 1754 2770 φαινόμενος

157 2785 354 2848 αὐτοῖς.

408 2881 553 2929 ΚΕΦ.
597 2873 650 2930 1’.
678 2880 801 2949 Περὶ
828 2883 920 2928 τοῦ
961 2875 1016 2929 έκ
1052 2885 1257 2947 γενετῆς
1286 2875 1501 2949 τυφλοῦ.

229 2969 330 3017 Καὶ
359 2995 428 3004 —
455 2974 680 3035 γενετῆς.
707 2964 930 3018 Βεϐαιῶν
959 2964 995 3017 ἂ
1023 2962 1150 3030 εἶπε,
1182 2970 1271 3018 καὶ
1300 2967 1640 3037 πιστούμενος
1673 2967 1752 3017 ὅτι

157 3057 281 3112 Θεός
329 3051 490 3118 έστιν,
548 3053 697 3113 εὐθὺς
727 3056 942 3127 ἔρχεται
989 3053 1072 3106 ἐπὶ
1127 3056 1303 3125 θαῦμα
1354 3059 1622 3126 μέγιστον,
1663 3059 1751 3104 καὶ
1785 3067 1824 3122 C

156 3147 313 3209 μήπω
396 3146 560 3212 μέχρι
609 3146 724 3194 τότε
778 3147 1065 3214 γενόμενον.
1124 3140 1317 3214 Τυφλοὶ
1365 3146 1454 3214 μὲν
1505 3146 1606 3215 γὰρ
1663 3147 1752 3194 καὶ

155 3228 303 3281 οἱλλοι
361 3228 637 3299 ἀνέϐλεψαν
681 3245 693 3258 ⁸
737 3229 926 3301 τυφλός
980 3227 1039 3283 δε
1097 3229 1144 3282 ἐν
1192 3240 1398 3302 γενετῆς
1429 3233 1539 3302 (74)
1579 3227 1751 3291 οὐδεὶς

154 3320 289 3391 ἄχρι
309 3325 442 3372 τότε.
483 3321 570 3371 Διό
599 3323 688 3370 καὶ
715 3315 1004 3388 ἀναϐλέψας
1035 3318 1200 3390 ἔλεγεν
1251 3339 1263 3351 ·
1300 3320 1386 3372 Ἐκ
1416 3328 1506 3372 τοῦ
1565 3320 1752 3380 αἰῶνος

153 3408 246 3461 οὐκ
276 3409 514 3466 ἠκούσθη
539 3409 619 3459 ὅτι
666 3407 837 3470 ἧνοιξέ
860 3427 936 3468 τις
974 3407 1267 3480 ὀφθαλμούς
1295 3409 1487 3480 τυφλοῦ
1515 3427 1751 3480 γεγεννη-

153 3515 308 3570 μενου
317 3537 329 3550 ο

229 3769 328 3818 Καὶ
386 3795 453 3806 -—
503 3767 722 3837 γεννηθῇ
755 3765 1082 3840 ;”Ερωτῶσιν
1149 3766 1252 3838 ούχ
1307 3768 1376 3828 ὡς
1425 3773 1578 3819 τοῦτο
1627 3768 1753 3820 πάν-

151 3873 250 3914 τως
305 3855 334 3913 ἣ
396 3855 555 3906 έκεῖνο
621 3853 1085 3927 ὑπολαμϐάνοντες,
1141 3857 1372 3930 καθάπερ
1428 3858 1477 3908 οἱ
1542 3854 1753 3915 ἀνόητοι

153 3939 406 3997 Ἰουδαῖοι
433 3957 448 3972 ⁶
474 3947 532 3996 τό
560 3946 652 4014 μεν
701 3945 803 4017 γὰρ
862 3944 1110 4017 ἁμαρτεῖν
1160 3948 1260 4018 πρὸ
1320 3952 1412 3998 τού
1441 3947 1752 4017 γεννηθῆναι

153 4029 432 4101 ἀδύνατον,
465 4036 522 4084 τό
554 4029 613 4086 δι
637 4035 765 4108 ὑπὶρ
797 4042 897 4085 τῶν
923 4038 1113 4105 γονέων
1157 4033 1474 4095 κολάζεσθαι
1525 4032 1710 4088 ἄδικον
1736 4051 1747 4066 ⁸

153 4120 258 4174 ἀλλ’
291 4124 434 4174 ἔστιν
468 4123 493 4174 ό
521 4126 716 4185 σκοπός
765 4130 856 4176 τοῦ
885 4122 1042 4194 λόγου
1066 4131 1320 4183 τοιοῦτος.
1377 4123 1435 4175 Ὀ
1460 4126 1549 4195 μεν
1581 4127 1752 4198 παρά-

149 4210 301 4272 λυτος
333 4207 426 4263 διὰ
467 4214 560 4272 τὰς
605 4211 862 4284 ἁμαρτίας
913 4214 1074 4263 αύτού
1128 4213 1353 4280 ἠσθένει,
1413 4214 1586 4273 καθὼς
1650 4211 1754 4265 έκεῖ

150 4302 523 4373 μεμαθήκαμεν
574 4319 588 4334 ·
639 4305 756 4374 περὶ
807 4303 987 4353 τούτου
1029 4297 1087 4353 δι
1141 4301 1253 4368 ('75l
1293 4305 1347 4352 τί
1399 4300 1561 4372 λέγεις
1603 4317 1617 4367 ;
1668 4305 1752 4361 Τίς

1870 550 2054 608 ferme
2109 565 2242 606 esse
2292 549 2900 623 quinquagenarium,
2979 553 3222 621 propter
3275 548 3526 605 multam

1869 641 2003 714 ejus
2045 641 2319 713 peritiam
2369 645 2426 696 et
2470 639 2916 712 experientiam.
2987 637 3270 704 Quaedam
3325 644 3526 694 autem

1871 730 2237 802 exemplaria
2306 728 2546 794 habent,
2596 728 3026 800 quadraginta,
3070 727 3248 800 jquod
3296 727 3529 784 videtur

1870 835 1998 875 esse
2027 819 2240 874 verius.

1941 909 2102 962 Vers.
2183 911 2267 964 58.
2322 907 2495 964 Dixit
2559 937 2629 946 -
2693 908 3187 978 sum.Tanquam
3232 906 3406 960 Deus.
3464 907 3529 961 Et

1869 1012 1985 1053 non
2038 997 2206 1061 dixit,
2269 999 2388 1066 Ego
2430 1011 2594 1052 eram
2638 996 2815 1067 ;sed,
2865 996 2992 1066 Ego
3015 1011 3164 1063 sum,
3221 995 3320 1066 qui
3375 1010 3532 1050 sem-

1867 1103 1974 1157 per
2005 1103 2162 1142 sum.
2194 1087 2333 1143 Fieri
2363 1086 2654 1158 siquidem
2685 1085 2767 1141 rei
2799 1090 3009 1141 creatae
3039 1088 3158 1152 est;
3188 1086 3334 1142 Sum
3365 1100 3526 1148 vero,

1867 1175 2144 1232 increatae
2205 1181 2261 1232 et
2288 1181 2520 1232 creatae.

1938 1267 2101 1321 Vers.
2137 1267 2222 1322 59.
2265 1267 2555 1322 Tulerunt
2592 1297 2655 1306 —
2688 1280 2836 1321 eum.
2861 1264 3108 1321 Veloces
3172 1263 3250 1320 ad
3279 1263 3524 1320 caedem.

1870 1356 2208 1426 Exasperati
2241 1361 2379 1411 sunt
2432 1355 2591 1410 enim
2641 1359 2918 1424 putantes
2965 1353 3183 1424 injuria
3247 1351 3525 1410 affectum

1869 1461 2001 1500 esse
2058 1445 2362 1501 Abraham
2415 1462 2428 1498 :
2471 1444 2646 1500 simul
2695 1445 2892 1509 etiam,
2951 1443 3052 1500 ubi
3105 1443 3528 1514 cognovissent

1868 1534 2034 1607 quod
2063 1535 2162 1589 Dei
2193 1533 2573 1590 aeternitatem
2609 1533 2720 1588 sibi
2753 1533 3098 1589 vindicaret.

1941 1625 2106 1680 Vers.
2137 1625 2228 1681 59.
2259 1626 2420 1678 Jews
2459 1630 2651 1678 autem
2675 1625 3006 1680 occultatus
3045 1629 3147 1678 est.
3177 1623 3286 1677 Per
3315 1622 3528 1678 divini-

1869 1715 2002 1771 tatis
2028 1714 2356 1787 potentiam
2387 1713 2696 1770 invisibilis
2747 1714 2833 1769 eis
2867 1713 3134 1769 effectus.

1795 1824 1836 1878 Β
1941 1805 2106 1859 Vers.
2133 1805 2222 1858 59.
2267 1805 2344 1860 Et
2375 1835 2441 1844 —
2490 1803 2716 1872 (empto.
2776 1805 2844 1858 Ut
2899 1802 3136 1858 illorum
3170 1802 3403 1858 sedaret
3436 1801 3524 1857 fu-

1870 1909 2002 1950 rore
2009 1910 2065 1948 m
2075 1934 2087 1945 .

1942 1983 2106 2039 Vers.
2134 1988 2220 2039 59.
2255 1982 2654 2040 Pertransiens
2699 2012 2764 2023 —
2793 1982 3054 2037 illorum.
3089 1983 3231 2038 Cum
3265 1980 3346 2036 illi
3386 1997 3523 2036 eum

1869 2073 2068 2129 videre
2110 2088 2230 2128 non
2276 2076 2546 2144 possent.
2612 2073 2676 2126 Et
2715 2087 2902 2143 quare
2934 2086 3056 2126 non
3115 2070 3379 2126 dissolvit
3410 2069 3530 2126 illo-

1866 2179 2002 2218 rum
2033 2162 2331 2226 virtutem,
2365 2167 2422 2216 et
2482 2160 2798 2216 manifeste
2871 2160 3113 2215 recessit
3157 2159 3186 2214 7
3231 2160 3376 2225 Quia
3419 2175 3528 2215 nec

1869 2252 1953 2308 sic
2001 2251 2280 2306 credituri
2352 2255 2540 2306 erant.
2619 2248 2844 2305 Etenim
2891 2254 3162 2320 tempore
3220 2249 3525 2319 passionis

1865 2343 2116 2414 supinos
2148 2341 2280 2397 illos
2309 2341 2541 2412 dejecit,
2591 2354 2922 2411 eorumque
2984 2343 3256 2410 aspectus
3313 2337 3527 2393 obscu-

1863 2433 2034 2499 ravit,
2081 2438 2136 2488 et
2183 2447 2305 2487 non
2356 2429 2753 2485 crediderunt.
2808 2431 2955 2484 Nam
3012 2428 3215 2484 anima
3265 2427 3526 2500 reproba

1864 2521 2013 2578 nihil
2041 2527 2127 2577 est
2156 2522 2330 2594 pejus
2361 2537 2372 2575 :
2406 2519 2538 2576 licet
2567 2518 2724 2575 enim
2767 2518 2942 2588 signa
2985 2517 3184 2574 videat
3221 2533 3292 2573 ac
3325 2516 3524 2588 prodie

1864 2612 1979 2681 gia,
2009 2627 2176 2666 suam
2209 2615 2406 2666 tamen
2440 2623 2678 2680 semper
2707 2607 2919 2662 retinet
2947 2605 3414 2679 impudentiam.

1933 2701 2098 2757 Vers.
2135 2701 2204 2756 59
2245 2701 2324 2756 Et
2353 2701 2440 2756 ita
2465 2697 2826 2770 praeteribat.
2870 2696 3238 2752 Ambulabat
3272 2697 3372 2762 ita,
3404 2710 3527 2752 non

1863 2806 2159 2864 apparens
2195 2789 2330 2845 illis.

2220 2880 2372 2936 CAP.
2404 2879 2468 2934 X.
2505 2879 2582 2933 De
2609 2893 2744 2932 amco
2773 2893 2812 2931 a
2837 2876 3165 2932 nativitate.

1933 2972 2072 3043 Cap.
2121 2970 2220 3025 IX.
2277 2970 2418 3025 Vers
2456 2974 2502 3024 ί.
2555 2969 2630 3023 Et
2674 2997 2744 3007 —
2774 2967 3104 3021 nativitate.
3157 2963 3529 3020 Confirman-

1861 3059 1960 3123 dn,
2010 3058 2175 3132 quod
2239 3059 2488 3122 dixerat,
2543 3057 2847 3127 ﬁdemque
2877 3055 3122 3119 faciens,
3161 3053 3327 3126 quod
3371 3053 3526 3110 Deus

1861 3153 2018 3203 esset
2058 3147 2257 3202 statim
2331 3147 2493 3201 venit
2544 3145 2620 3199 ad
2667 3144 3024 3200 miraculum
3079 3144 3436 3208 maximum,
3469 3148 3527 3198 et

1861 3253 2051 3308 usque
2083 3237 2157 3292 ad
2189 3236 2246 3290 id
2275 3235 2560 3307 temporis
2591 3247 2907 3303 nunquam
2940 3231 3182 3286 factum.
3217 3231 3524 3303 Siquidem

1860 3331 1918 3381 et
1964 3325 2059 3380 alii
2101 3324 2242 3381 eieci
2283 3323 2479 3378 visum
2534 3326 2902 3391 receperunt,
2945 3335 3150 3375 verum
3185 3319 3286 3392 qui
3338 3336 3372 3376 a
3421 3334 3525 3376 na-

1860 3413 2083 3470 tivitate
2135 3429 2328 3468 caecus
2382 3412 2607 3478 fuisset,
2659 3408 2860 3464 nullus
2927 3423 3116 3480 usque
3148 3407 3225 3463 ad
3272 3407 3330 3462 id
3385 3411 3528 3463 tem-

1861 3520 1994 3577 pus.
2029 3503 2167 3558 ldeo
2217 3502 2417 3566 etiam,
2477 3501 2580 3572 qui
2611 3499 2808 3554 visum
2868 3499 2937 3569 (λ)
2968 3497 3206 3568 recepit,
3239 3495 3478 3552 dicebat
3508 3496 3524 3540 ἒ

1860 3595 1908 3648 Α
1942 3592 2156 3648 sarculo
2193 3606 2308 3645 non
2372 3595 2453 3646 est
2495 3589 2788 3651 auditum,
2842 3586 2998 3658 quod
3047 3585 3345 3655 aperuerit
3375 3586 3527 3657 quis-

1859 3682 2019 3752 piam
2053 3681 2244 3736 oculos
2267 3679 2400 3736 caci
2451 3678 2584 3733 nati
2631 3679 2700 3730 ⁸ο.

1933 3774 2100 3826 Vers.
2175 3773 2226 3824 2.
2286 3769 2364 3826 Et
2411 3773 2738 3824 nasceretur
2785 3766 2814 3823 ?
2879 3763 3346 3835 Interrogabant,
3402 3779 3522 3821 non

1862 3861 2026 3932 quod
2078 3859 2190 3915 hoc
2221 3863 2324 3915 aut
2353 3857 2500 3913 illud
2527 3855 2776 3913 omnino
2799 3854 3265 3927 suspicarentur,
3325 3870 3526 3926 quem-

1861 3948 2193 4004 admodum
2261 3947 2608 4018 insipientes
2681 3944 2918 4010 Judaei;
2969 3959 3112 3999 nam
3175 3942 3335 3999 hunc
3392 3959 3528 4014 pec-

1862 4053 2050 4102 casse,
2124 4041 2451 4109 antequam
2510 4039 2688 4091 natus
2756 4036 2928 4097 esset,
2981 4031 3355 4103 impossibile
3403 4037 3527 4087 erat

1863 4142 2041 4198 porro
2067 4141 2174 4197 pro
2219 4125 2570 4196 parentibus
2639 4122 2837 4194 puniri
2869 4121 3157 4191 injustam
3200 4136 3214 4184 ;
3257 4120 3358 4174 sed
3391 4120 3524 4176 ﬁnis

1863 4215 2158 4270 sermonis
2212 4213 2340 4269 talis
2397 4218 2504 4268 est.
2559 4211 2924 4281 Paralyticus
2981 4208 3225 4280 quidem
3284 4213 3526 4279 propter

1862 4306 2109 4373 peccata
2149 4318 2258 4356 sua
2305 4300 2657 4368 aegrotabat,
2717 4299 2867 4353 sicut
2906 4297 2986 4352 ibi
3031 4296 3354 4350 didicimus
3392 4311 3404 4350 :
3450 4295 3524 4350 de

153 4390 400 4461 ἥμαρτεν,
457 4387 602 4447 οὗτος
641 4387 670 4446 ἦ
723 4389 770 4440 οἱ
815 4395 983 4458 γονεῖς
1050 4387 1207 4439 αύτού
1265 4390 1457 4459 ςὴμεῖς
1487 4390 1588 4462 γὰρ
1637 4389 1753 4440 οὔτε

1880 4408 1976 4446 ioc
2009 4396 2229 4450 autem.
2300 4389 2442 4446 ouid
2505 4387 2653 4442 dicis
2702 4386 2730 4440 ?
2775 4388 2912 4454 Quis
2959 4386 3239 4452 peccavit,
3299 4383 3416 4448 hic,
3447 4399 3520 4441 an

150 4481 305 4527 τοῦτο
326 4478 442 4527 όῦτε
472 4474 629 4528 έκεῖνο
661 4471 930 4549 δυνάμεθα
966 4475 1148 4546 λέγειν,
1185 4475 1437 4536 παντελῶς
1469 4475 1753 4550 ἐξαπορού-

150 4581 316 4637 μενοι.

223 4749 272 4786 ⁸ο
291 4749 465 4808 Joan.
496 4766 574 4819 ix,
608 4751 694 4806 32.

1858 4485 2128 4549 parentes
2160 4481 2286 4548 ejus
2324 4477 2353 4532 ?
2403 4493 2513 4533 nos
2545 4476 2705 4531 enim
2734 4490 2928 4546 neque
2967 4473 3098 4536 hoc.
3153 4487 3348 4544 neque
3379 4471 3523 4529 illud

1862 4567 2056 4624 dicere
2108 4583 2452 4639 possumus,
2503 4565 2753 4622 omnino
2784 4562 3114 4620 conturbati
3146 4560 3520 4634 consilioque

1861 4656 2145 4714 destituti.

1355 4851 1579 4921 Variae
1609 4852 1938 4922 lectiones
1973 4864 2037 4922 et
2079 4861 2280 4922 notae.

217 4994 330 5064 (τί)
352 4993 583 5049 Scilicet
611 4991 1044 5119 Cbrgsostomi,
1069 4993 1172 5065 qui
1194 4993 1478 5050 audacter
1505 4997 1586 5052 ita
1615 5011 1739 5051 cor-

217 5065 312 5119 xit.
365 5065 505 5119 Vide
547 5069 688 5119 tom.
774 5065 862 5119 ΙΙΙ.
897 5081 1034 5119 οδε.
1073 5069 1203 5119 324.
1246 5067 1739 5119 Cbrvsostomum

147 5065 312 5138 rexit.
365 5065 505 5121 Vide
547 5069 688 5121 tom.
721 5065 862 5138 Vill,
895 5081 1034 5138 pag.
1068 5069 1203 5138 324.
1246 5067 1742 5138 Cbrysostomum

146 5136 412 5209 sequitur
439 5152 593 5193 unus
610 5152 681 5193 ex
698 5136 1006 5209 codicibus
1033 5136 1488 5209 Mosquensi‘bus
1511 5138 1741 5194 N.Test.

148 5220 204 5281 ᾳ.
227 5204 329 5281 gul
363 5212 449 5261 est
472 5224 603 5281 cum
649 5207 912 5263 scholiis.
955 5204 1258 5276 Origenes,
1313 5209 1416 5281 qui
1447 5215 1595 5265 tom.
1639 5211 1740 5275 XX,

145 5277 204 5332 in
227 5277 516 5333 Joannem
550 5278 678 5334 haec
707 5281 848 5335 data
884 5295 1068 5352 operst
1120 5277 1557 5350 interpretatur,
1581 5281 1744 5337 hunc

145 5365 386 5421 versum
443 5355 633 5406 totum
698 5352 1096 5421 praetermisit.
1144 5357 1468 5410 Πεντήκοντα
1503 5359 1744 5407 servant

143 5419 343 5492 Cyl-ill.
379 5427 415 5476 t.
441 5421 557 5495 iV,
593 5437 649 5492 p.
685 5419 785 5477 585
813 5423 872 5476 C.
909 5423 1382 5495 ;‘Theophylact.
1421 5440 1477 5495 p.
1519 5425 1624 5495 690
1660 5426 1696 5478 E
1728 5440 1741 5488 ;

144 5507 398 5620 geverus
436 5493 495 5547 in
527 5494 750 5549 Catena
803 5493 1083 5561 Corderii,
1125 5493 1184 5566 p.
1208 5493 1318 5550 ’243
1370 5513 1384 5564 ;
1420 5493 1476 5552 et
1504 5494 1741 5551 codices

186 5565 518 5620 robatiores
547 5579 774 5620 omnes.

186 5564 518 5620 robatiores
547 5579 774 5620 omnes.

216 5741 295 5812 (j)
328 5741 438 5812 Qui
468 5741 675 5799 visum.
712 5743 877 5800 Forte
907 5743 1072 5815 legit,
1103 5739 1189 5800 διὸ
1228 5748 1316 5797 καὶ
1345 5745 1370 5796 ὁ
1424 5743 1736 5822 ἀναϐλέψας.

1920 4997 2034 5068 (72)
2068 4995 2303 5053 Inclusa
2342 4995 2577 5068 absunt
2610 4996 2674 5050 Δ.
2711 4996 2966 5056 Κτίστης,
2997 4989 3308 5063 quomodo
3338 4990 3518 5068 etiam

1855 5065 2197 5124 Eustathius
2233 5067 2446 5131 scribit,
2478 5067 2584 5140 qui
2641 5082 2780 5123 cum
2841 5069 3025 5140 κτίτης
3051 5065 3383 5134 comparat.
3408 5077 3518 5140 pro

1855 5140 2219 5195 substantivo
2254 5133 2515 5213 accipio;
2559 5153 2697 5204 non,
2764 5141 2824 5193 ut
2875 5133 3327 5206 interpres,’pro
3357 5133 3518 5192 adie-

1855 5213 2034 5267 ctivo.

1949 5283 2038 5354 73)
2059 5284 2142 5338 Ita
2169 5281 2519 5354 plerumque
2535 5280 2995 5352 Cbrysostomus
3013 5282 3268 5340 oratorie
3287 5282 3515 5345 laudat,

1852 5354 2024 5426 Joan.
2060 5370 2218 5409 xvm.
2251 5357 2302 5417 6,
2327 5357 2510 5408 ἔπεσον
2541 5358 2739 5426 χαμαί.

1923 5425 2313 5490 (74)Γεννητῆς.

1927 5496 2040 5567 (75)
2064 5500 2124 5549 Ai
2154 5497 2324 5553 abest
2365 5504 2430 5550 Α.
