4098 6426
676 372 810 434 1287
2008 372 2347 440 ι-ῖιιτιιγιιιιι
2393 374 2709 441 ZIGARENI
3842 383 3935 448 4233

755 505 912 558 Vers.
943 509 1029 558 21.
1074 504 1240 561 Dixit
1277 537 1334 546 --
1371 509 1536 562 vado.
1565 512 1823 565 Transeo
1859 526 1894 565 a
1924 517 2156 567 terrena
2189 512 2324 566 vita.
2361 535 2373 567 ι

2316 514 2405 567 ,Α
2517 510 2664 566 Εἶπεν
2730 545 2781 556 -
2839 515 3039 585 ὑπάγω.
3105 511 3404 570 Μεταϐαἰνω
3459 510 3555 564 ἆπό
3628 521 3712 576 τῆς
3770 513 3934 586 έπιγείον

747 595 903 648 Vers.
937 595 1025 648 21.
1072 595 1147 650 Et
1194 599 1448 666 quaeritis
1487 615 1591 653 me.
1647 601 1831 655 Etiam
1887 602 2162 673 superius
2215 602 2329 657 hoc
2439 603 2599 665 ζωῆς.

673 681 836 748 dixit,
870 687 926 738 et
950 682 1029 738 ibi
1060 684 1426 741 declaratum
1473 695 1584 744 est.

2513 697 2611 744 Καὶ
2642 696 2893 754 ζητήσετέ
2923 712 3001 764 με.
3043 697 3140 746 Καὶ
3172 694 3400 762 ἀνωτέρω
3425 698 3570 744 τοῦτο
3591 689 3706 757 εἶπε,
3729 698 3801 745 καὶ
3820 696 3934 768 ἡρμη·

2437 784 2589 838 νεύθη
2621 782 2741 835 ἐκεῖ.

744 861 905 916 Vers.
935 866 1022 918 21.
1049 863 1112 916 Et
1141 893 1210 903 —
1263 865 1612 922 moriemini.
1653 869 1770 936 Ego
1805 869 1957 936 veni,
2013 871 2072 924 ut
2125 885 2231 924 vos
2265 869 2327 922 li-

2315 900 2327 908 -
2513 877 2610 923 Καὶ
2669 903 2735 911 —
2799 869 3160 923 ἀποθανεῖσθε.
3233 869 3422 922 Ἦλθον
3486 868 3798 942 ἐλευθερώσων
3861 875 3933 940 (38)

672 949 947 1006 berarem
980 951 1057 1006 ab
1105 953 1270 1007 omni
1316 959 1560 1025 peccato
1600 964 1798 1012 vestro
1841 958 2020 1030 :quia
2057 974 2198 1014 vero
2225 974 2290 1014 nc

2317 990 2327 998 -
2438 962 2573 1032 ὑμᾶς
2614 959 2713 1012 ἀπό
2763 963 2933 1021 πάσης
2986 960 3244 1032 ἁμαρτίας
3292 961 3430 1031 ὑμῶν
3463 979 3474 991 ·
3510 957 3611 1011 ἐπεὶ
3648 956 3700 1011 δι
3742 960 3818 1011 οὐκ
3857 963 3935 1017 iis.

673 1039 882 1108 luistis,
923 1039 1050 1109 jam
1107 1039 1280 1107 abeo,
1340 1047 1396 1096 et
1423 1042 1707 1116 deinceps
1756 1048 1815 1100 in
1869 1047 2032 1101 omni
2083 1053 2288 1118 peccat

2317 1064 2327 1101 i
2435 1048 2652 1117 λήσατε,
2715 1048 3037 1122 ἀπέρχομαι,
3101 1054 3187 1101 καὶ
3246 1048 3422 1100 λοιπόν
3488 1046 3534 1100 ἐν
3593 1049 3722 1120 πάσῃ
3773 1048 3935 1123 ἁμαρτίᾳ

672 1134 865 1184 vestro
889 1129 1244 1197 moriemini,
1271 1133 1435 1202 quod
1466 1131 1540 1187 ab
1562 1149 1632 1189 eo
1661 1132 1897 1190 liberari
1930 1134 2249 1191 nolueritis.

2436 1141 2577 1210 ὑμῶν
2668 1138 3009 1191 ἀποθανεῖσθε
3114 1143 3184 1210 μὴ
3288 1137 3589 1200 Θελὰσαντες
3665 1136 3935 1208 ἀπαλλαγῆναι

2436 1228 2614 1287 αὐτῆς.

742 1307 1055 1363 Peccatum
1087 1316 1286 1364 autem
1333 1311 1589 1382 intellige
1625 1314 1807 1369 etiam
1840 1312 1900 1369 id
1926 1313 2088 1386 quod
2120 1317 2327 1370 adver-

2315 1346 2327 1355 -
2505 1317 2788 1391 Ἀμαρτέαν
2844 1313 2902 1369 δε
2953 1321 3141 1373 νόησον
3196 1321 3285 1368 καὶ
3355 1321 3448 1374 τὴν
3514 1316 3578 1376 εἰς
3647 1315 3794 1377 αὐτόν,
3846 1313 3933 1366 διότι

673 1414 773 1452 sus
812 1398 1008 1469 ipsum
1050 1403 1362 1470 erat,quia
1407 1402 1763 1458 interfecturi
1792 1404 1988 1476 ipsum
2036 1411 2222 1470 erant,
2265 1406 2291 1460 ii

2313 1422 2321 1459 ι
2436 1406 2636 1479 ἔμελλον
2681 1405 2866 1458 ἀνελεῖν
2919 1406 3092 1472 αὐτόν,
3145 1404 3192 1457 έν
3344 1406 3611 1470 ἀπέθανον,
3653 1409 3754 1461 ἤτοι
3805 1401 3859 1455 δι’
3899 1405 3931 1460 ἦε

671 1502 792 1559 quo
827 1488 1038 1541 mortui
1074 1494 1236 1550 sunt,
1280 1506 1493 1562 nempe
1544 1497 1789 1564 propter
1834 1492 1979 1548 illud
2015 1494 2268 1564 jugulati

2313 1514 2325 1550 ι
2436 1499 2840 1567 κατεσφάγησαν
2878 1496 2977 1546 ύπό
3026 1505 3124 1546 τῶν
3160 1494 3448 1566 Ῥωμαίων,
3499 1494 3849 1546 Οὐεσπασιανοῦ
3879 1514 3931 1544 και

671 1575 975 1643 Romanis,
1003 1576 1370 1648 Vespasiano
1405 1586 1458 1635 et
1503 1581 1646 1636 Tito.
2433 1589 2610 1637 Τίτου.

739 1667 900 1721 Vers.
935 1670 1020 1723 21.
1056 1667 1175 1730 Quo
1227 1700 1293 1708 —-
1344 1671 1556 1726 venire.
1622 1674 1751 1727 Haec
1805 1671 2140 1746 frequenter
2163 1675 2321 1740 dicit,

2312 1718 2321 1740 ,
2506 1672 2672 1724 Ὀπου
2715 1704 2780 1712 --
2828 1671 3006 1728 ἐλθεῖν.
3055 1681 3291 1745 Συνεχώς
3327 1681 3495 1725 ταῦτα
3545 1671 3686 1743 λέγει,
3729 1677 3930 1722 κατασείων

669 1757 905 1812 animas
936 1756 1170 1812 illorum
1199 1759 1543 1814 concutiens
1573 1767 1627 1815 et
1649 1768 1967 1817 exterrens.

1715 1768 1967 1817 terrens.
2437 1763 2602 1814 αύτών
2636 1767 2725 1824 τὰς
2750 1762 2936 1834 ψυχὰς
2974 1769 3062 1816 καὶ
3092 1763 3333 1835 ἐκφοϐῶν.

741 1845 901 1900 Vers.
934 1848 1022 1897 22.
1063 1846 1346 1902 Dicebant
1379 1878 1445 1888 —
1485 1851 1704 1904 venerit
1743 1851 1770 1904 ?
1799 1853 1966 1916 Quod
2011 1853 2322 1924 Optabant,

2312 1866 2403 1920 ,Β
2509 1852 2714 1923 Ἐλεγον
2774 1885 2837 1892 ——
2892 1852 3069 1910 έλθεῖν,
3126 1861 3189 1905 ‘O
3245 1852 3516 1905 ἐϐούλοντο
3561 1860 3706 1904 τούτο
3754 1857 3823 1902 καί
3860 1853 3930 1900 ὑπε-

667 1934 781 1990 hoc
828 1935 1004 1989 etiam
1060 1937 1543 2007 suspicabantur.
1605 1939 1756 2006 Quid
1809 1957 1951 2010 ergo
1999 1943 2268 1999 Christus

2313 1945 2327 1996 Ρ
2436 1943 2612 1999 λαϐον,
2662 1949 2723 1995 Ti
2754 1940 2841 1995 οὖν
2868 1945 2892 1995 ὁ
2947 1949 3170 2018 Χριστός
3198 1961 3212 2009 ;
3240 1945 3472 2017 Ἀναιρεῖ
3500 1948 3590 2000 τὴν
3631 1944 3833 1997 τοιαύτην
3855 1942 3931 1989 ντε-

666 2023 834 2079 Tollit
864 2024 1208 2094 hujusmodi
1265 2028 1682 2096 suspicionem,
1752 2031 2130 2104 ostenditque
2160 2049 2282 2104 quo

2311 2033 2323 2086 Ι
2435 2032 2614 2102 ληψιν,
2648 2038 2736 2084 καὶ
2769 2029 3033 2085 δείκνυσιν
3073 2035 3151 2084 ὃτι
3177 2032 3407 2105 ἁμαρτία
3451 2031 3565 2084 ἐστὶ
3609 2035 3660 2083 τό
3690 2029 3837 2081 ἀνελεῖν
3867 2047 3929 2078 m-

668 2119 978 2184 peccatum
1017 2114 1088 2167 sit
1121 2130 1180 2167 se
1209 2113 1404 2185 ipsum
1436 2117 1791 2176 interimere.
2438 2129 2545 2176 τόν.

740 2203 902 2258 Vers.
931 2202 1017 2256 23.
1047 2204 1109 2256 Et
1150 2233 1217 2244 —
1262 2207 1392 2258 estis
1421 2236 1484 2244 —
1512 2207 1609 2262 Ex
1640 2215 1824 2276 terra,
1860 2225 1979 2265 non
2008 2211 2169 2282 quod
2204 2229 2329 2268 cor-

2310 2250 2329 2261 -
2518 2218 2617 2265 Kai
2648 2244 2714 2252 —
2746 2211 2877 2266 έστέ.
2900 2243 2962 2252 -
2992 2213 3081 2264 Ἐκ
3111 2220 3204 2274 τῆς
3232 2220 3350 2282 γῆς,
3375 2211 3486 2282 οὐχ
3517 2212 3664 2262 ὅτιτὸ
3685 2216 3809 2279 σῶμα
3830 2206 3928 2256 «ire:

667 2305 780 2362 pus
811 2307 1017 2346 eorum
1070 2297 1366 2347 terrenum
1421 2301 1592 2357 esset,
1637 2296 1741 2352 sed
1797 2299 1940 2371 quia
2013 2301 2285 2371 prudenti

2307 2319 2330 2357 ε
2440 2300 2493 2353 ἐκ
2516 2310 2603 2361 τῆς
2623 2311 2736 2372 γῆς,
2763 2300 2868 2352 ἀλλ’
2893 2304 2972 2353 ὅτι
2992 2305 3049 2352 τὸ
3074 2306 3310 2373 φρόνημα
3331 2299 3505 2351 αὐτῶν
3525 2304 3695 2370 γήινον
3714 2294 3925 2366 uitalia.

667 2380 902 2435 illorum
941 2388 1095 2434 esset
1126 2387 1359 2437 terrena
1384 2389 1440 2438 et
1480 2400 1686 2454 prava.
1738 2390 1885 2443 Nam
1919 2395 1973 2443 et
2001 2389 2215 2445 Paulus
2246 2391 2281 2445 d

2310 2422 2329 2432 -
2442 2398 2540 2444 Και
2571 2394 2596 2443 ό
2629 2391 2827 2452 Παῦλος
2856 2393 2980 2464 γὰρ,
3019 2389 3176 2460 λέγων
3211 2407 3222 2418 ⁸
3250 2388 3358 2440 Ούκ
3395 2387 3515 2440 ἕστε
3546 2387 3593 2440 έν
3625 2390 3795 2461 σαρκί·
3828 2387 3923 2454 σάριι

666 2485 808 2524 cens
845 2485 855 2524 :
881 2470 1009 2525 Non
1036 2470 1195 2525 estis.
1227 2486 1298 2525 ex
1344 2488 1517 2527 carne
1548 2475 1595 2509 "
1627 2491 1868 2532 carnem
1895 2478 2152 2550 appellat
2191 2496 2284 2552 pri

1589 2477 1595 2507 ⁵
1627 2491 1868 2532 carnem
1895 2478 2152 2550 appellat
2191 2496 2325 2552 pru-
2437 2486 2492 2533 τό
2523 2484 2770 2553 σαρκικόν
2797 2499 3033 2552 φρόνημα
3056 2479 3207 2550 λέγει.

666 2558 933 2613 dentiam
969 2558 1291 2614 carnalem.

739 2647 902 2701 Vers.
931 2649 1017 2703 23.
1044 2648 1153 2719 Ego
1181 2679 1246 2689 —
1279 2665 1428 2705 sum.
1475 2652 1561 2706 De
1608 2654 1740 2708 curto
1776 2673 1788 2721 ;
1846 2671 1965 2710 non
1997 2657 2160 2728 quod
2200 2659 2325 2730 ipse

2299 2675 2325 2714 ε
2509 2659 2641 2729 Ἐγὼ
2675 2690 2732 2698 -
2766 2658 2894 2730 εἰμί.
2926 2688 2992 2697 -
3024 2662 3109 2709 Ἐκ
3151 2663 3242 2708 τοῦ
3291 2654 3536 2729 οὐρανοῦ,
3583 2653 3685 2725 οὐχ
3727 2654 3790 2703 ὃτι
3825 2652 3917 2699 ειτεέ

664 2736 738 2792 de
765 2736 915 2791 caelo
949 2738 1227 2801 venisset,
1262 2740 1361 2793 sed
1391 2742 1534 2811 quia
1566 2742 1879 2813 prudentia
1909 2745 2037 2815 ejus
2073 2747 2282 2803 ctelesli

2304 2766 2324 2801 Β
2437 2748 2654 2820 ούρανοῦ
2686 2749 2826 2812 ἧκεν,
2860 2746 2967 2797 ἀλλ’
2997 2748 3076 2798 ὅτι
3106 2750 3163 2797 τό
3203 2751 3445 2818 φρόνημα
3489 2743 3646 2796 αὑτοῦ
3671 2741 3846 2814 οὐράνιον
3869 2745 3922 2783 ιιι

664 2830 899 2881 essetac
928 2825 1147 2880 divina.
1180 2827 1398 2881 Deinde
1430 2844 1754 2885 sermonem
1804 2850 1979 2888 suum
2021 2836 2278 2908 explana

2308 2880 2321 2894 .
2439 2841 2588 2890 θεῖον.
2629 2834 2754 2891 Εἶτα
2783 2837 3055 2908 σαφηνίζει
3086 2840 3171 2886 τὸν
3195 2835 3366 2905 λόγον.

741 2913 902 2968 Vers.
944 2917 1033 2968 23.
1075 2915 1179 2969 Vos
1211 2946 1274 2954 —
1305 2917 1431 2971 hoc.
1471 2919 1753 2975 Mundum
1785 2921 1877 2976 hic
1907 2923 2044 2977 dicit
2075 2926 2324 2981 munda-

2310 2957 2324 2965 '
2505 2928 2667 2998 ’Υμιῑς
2742 2958 2807 2967 -
2878 2929 3082 2979 τούτου.
3158 2931 3363 2996 Κόσμον
3442 2923 3661 2975 ἐνταῦθα
3741 2919 3838 2987 λέγει
3896 2928 3928 2958 το

665 3017 827 3064 nam,
859 3019 1107 3074 pravam
1135 3020 1200 3058 ac
1257 3009 1547 3061 terrenam
1591 3009 1991 3079 prudentiam.
2037 3015 2283 3079 Quemac

2316 3046 2324 3056 -
2435 3021 2685 3088 κοσμικόν
2736 3022 2823 3067 καὶ
2886 3014 3074 3086 φαῦλον
3127 3019 3215 3065 καὶ
3272 3017 3456 3082 γήινον
3521 3018 3760 3086 φρόνημα.
3819 3011 3934 3094 Ωτπεξ

667 3091 916 3147 modum
949 3093 1106 3148 enim
1141 3093 1381 3166 spiritus
1413 3095 1648 3164 dicitur,
1681 3100 2001 3169 spiritualis
2032 3105 2284 3174 sapienti

2314 3125 2324 3160 L
2433 3110 2532 3179 γὰρ
2567 3114 2766 3177 πνεῦμα
2788 3104 2988 3176 λέγεται
3019 3107 3074 3154 τό
3111 3106 3457 3173 πνευματικόν
3498 3107 3741 3174 φρόνημα,
3766 3113 3832 3145 και
3857 3104 3932 3157 se};

666 3187 722 3233 et
751 3197 910 3244 caro,
945 3183 1200 3237 carnalis
1234 3185 1349 3239 :ita
1376 3189 1434 3239 et
1477 3189 1627 3242 terra
1672 3205 1742 3243 ac
1784 3191 2066 3256 mundus,
2093 3200 2283 3249 terren

2317 3225 2318 3248 l
2356 3217 2396 3273 ρ
2433 3202 2487 3246 τό
2523 3202 2769 3267 σαρκικόν
2805 3216 2815 3226 ·
2847 3195 2979 3246 οὕτω
3009 3197 3097 3244 καὶ
3125 3200 3192 3263 γῆ
3227 3197 3315 3243 καὶ
3347 3197 3550 3263 κόσμος
3594 3194 3647 3240 τό
3695 3193 3854 3257 γήῐνον.
3885 3194 3935 3274 fi“

665 3285 731 3323 ac
766 3270 1092 3326 mundana.
1129 3271 1218 3327 Ait
1275 3289 1415 3343 ergo
1450 3298 1460 3328 :
1497 3277 1614 3348 Ego
1647 3293 1766 3333 non
1800 3281 1949 3335 sicut
1981 3298 2088 3337 vos
2129 3283 2283 3354 sapit

2433 3291 2701 3356 κοσμικόν.
2734 3289 2898 3341 Φησὶν
2929 3279 3015 3335 οὖν
3042 3284 3121 3334 ὃτι
3146 3283 3278 3352 Ἐγὼ
3309 3280 3416 3351 οὐχ
3443 3281 3511 3342 ὡς
3543 3280 3677 3350 ὑμεῖς
3719 3291 3864 3345 γρονω,
3891 3282 3937 3314 ινα

667 3364 728 3413 ut
757 3376 847 3413 me
881 3361 1078 3431 ipsum
1128 3363 1502 3421 interticiam.

1366 3365 1477 3419 iam
1490 3408 1502 3421 .
2434 3373 2716 3426 ἀποκτείνω
2743 3372 2959 3445 ἐμαυτόν
2979 3419 2984 3425 .

737 3449 896 3503 Vers.
930 3453 1015 3504 21.
1051 3452 1184 3506 Diri
1209 3483 1274 3490 —
1309 3455 1534 3509 vestiis.
1568 3456 1776 3513 Adhuc
1810 3474 1909 3514 eos
1948 3466 2199 3517 exterret
2231 3479 2322 3518 vo-

2320 3495 2322 3501 ι
2507 3461 2662 3517 Εἶπον
2722 3493 2787 3502 -
2842 3464 3005 3534 ὑμῶν,
3055 3460 3173 3515 Ἔτι
3219 3457 3421 3530 ἐκφοϐεῖ
3482 3457 3669 3514 αύτούς
3717 3448 3938 3523 βουλόμίνΰς

664 3537 792 3592 lens
819 3540 1198 3610 persuadere.

2429 3561 2513 3605 πεῖ
2520 3572 2628 3606 σαι.
3763 3628 3770 3630 ,
3881 3622 3887 3630 .

734 3628 893 3682 Vers.
924 3629 1011 3683 24.
1047 3630 1108 3683 Si
1161 3631 1315 3687 enim
1359 3664 1426 3672 —
1486 3635 1710 3699 vestris,
1764 3638 1833 3693 Si
1863 3655 1977 3694 non
2005 3641 2318 3697 credideri-

2504 3644 2608 3695 Κοίν
2637 3643 2749 3712 (39)
2779 3671 2842 3682 —
2876 3642 3035 3711 ὑμῶν.
3067 3637 3185 3690 Ἐὰν
3215 3642 3286 3710 μή
3320 3639 3638 3692 πιστεύσητε
3662 3633 3733 3683 ὅτι
3755 3628 3835 3697 ἐγὼ
3860 3628 3937 3712 siut.

663 3717 753 3784 tis,
779 3718 933 3786 quod
980 3733 1082 3788 ego
1131 3720 1256 3783 sim,
1335 3721 1602 3777 videlicet
1632 3725 1893 3782 Christus
1965 3728 2145 3784 Filius
2195 3730 2281 3785 De;

2433 3727 2640 3788 δηλαδὴ
2675 3733 2699 3781 ό
2751 3733 2979 3801 Χριστός
3019 3729 3043 3780 ό
3093 3727 3212 3789 Υἱός
3251 3734 3342 3778 τού
3391 3729 3543 3790 Θεοῦ,
3595 3714 3941 3805 ἀποθανεῖσθςρ

657 3805 991 3860 moriemini
1017 3808 1074 3861 in
1096 3810 1342 3877 peccatis
1372 3814 1596 3881 vestris,
1633 3813 1854 3870 detenti
1901 3821 1979 3873 ab
2022 3821 2124 3872 eis.
2169 3820 2275 3875 Nai

2429 3829 2544 3882 ταῖς
2574 3820 2854 3892 ἁμαρτίαις
2885 3820 3046 3890 ὑμῶν,
3092 3821 3431 3887 συνεχόμενοι
3479 3813 3677 3870 αὑταῖς.
3706 3808 3756 3858 ’0
3791 3821 3869 3874 γαρ

658 3893 757 3963 qui
798 3909 918 3948 non
937 3896 1270 3958 crediderit,
1293 3904 1344 3953 et
1377 3915 1481 3971 per
1509 3901 1880 3972 baptismum
1915 3921 1950 3961 a
1983 3908 2158 3963 sorde
2189 3925 2276 3980 pet

2429 3913 2730 3978 πιστεύσας,
2781 3913 2870 3960 καὶ
2929 3905 3020 3959 δια
3070 3904 3436 3979 βαπτίσματος
3477 3900 3855 3967 ἀπολουσάμενος
3892 3904 3943 3984 τθξ

659 3981 774 4037 cati
814 3997 936 4038 non
976 3984 1216 4040 ablutus
1248 3986 1442 4051 fuerit,
1477 3992 1724 4047 omnino
1756 3993 1814 4049 in
1863 3994 1963 4052 illa
2013 3999 2277 4054 inorietui

2425 4001 2588 4074 ῥύπον
2628 4007 2726 4050 τῶν
2753 3999 3039 4071 αμαρτιῶν,
3071 3995 3118 4047 έν
3150 3994 3288 4064 αύτῷ
3314 3996 3520 4053 πάντως
3551 3990 3866 4043 ἀποθανεῖται,
3889 3993 3944 4025 κίε

659 4075 714 4125 et
743 4087 881 4126 cum
908 4088 978 4127 ea
1018 4088 1336 4145 resurgens
1389 4077 1558 4133 dabit
1591 4096 1817 4152 poenas.

2428 4089 2537 4162 μετ’
2569 4087 2728 4140 αὐτοῦ
2761 4085 2987 4146 ἀναστὰς
3015 4082 3172 4143 δίκην
3205 4080 3384 4136 δωσει.
3925 4153 3929 4161 Ι

730 4160 897 4249 Vers.
929 4163 1021 4218 24.
1080 4164 1372 4221 Dixerunt
1435 4197 1501 4208 —
1540 4185 1596 4225 es
1639 4168 1667 4224 τ
1701 4171 2148 4231 Subsannantes
2206 4177 2319 4233 hoc

2429 4160 2436 4162 ἡ
2501 4179 2710 4249 Ἔλεγον
2743 4209 2808 4217 -
2835 4173 2878 4228 εἶ
2910 4195 2923 4244 ;
2958 4174 3288 4234 Φανλέξοντες
3331 4179 3485 4224 τοῦτο
3517 4170 3698 4241 ελεγον,
3724 4165 3798 4215 καὶ
3823 4173 3945 4226 πειρα-

657 4248 932 4306 dicebant
973 4268 1042 4308 ac
1075 4257 1393 4311 tentantes.
1914 4255 1927 4268 ’

2431 4248 2635 4332 ζοντες.
3791 4340 3802 4348 α
3855 4332 3871 4348 ν

733 4339 894 4395 Vers.
925 4342 1010 4395 25.
1037 4342 1113 4397 Et
1152 4373 1220 4384 —
1249 4345 1421 4400 vobis.
1456 4346 1786 4404 Defectivus
1811 4358 1898 4406 est
1925 4369 2122 4410 sermo
2147 4356 2320 4426 juxta

2503 4362 2601 4411 Καὶ
2661 4389 2726 4398 -
2787 4358 2927 4428 ύμῖν.
2985 4353 3332 4408 Ἐλλειπτικόν
3391 4355 3448 4403 τὸ
3504 4350 3649 4424 ῥῆμα
3703 4340 3802 4394 κατ’
3851 4334 3941 4428 ἦθος·

660 4435 1014 4484 consuetum
1046 4431 1327 4502 loquendi
1360 4436 1608 4492 modum
1643 4437 1751 4507 (h).
1785 4440 1918 4496 Tale
1971 4449 2056 4497 est
2093 4450 2278 4500 autem

2426 4449 2491 4501 ⁸0
2524 4445 2582 4500 δε
2619 4447 2754 4518 λέγει
2783 4449 3013 4499 τοιούτόν
3064 4442 3194 4496 έστι.
3245 4439 3414 4500 Ὀλως
3459 4441 3541 4491 ὃτι
3590 4439 3675 4487 καὶ
3713 4429 3829 4484 λσλω
3869 4438 3941 4515 νεῖν

659 4534 728 4575 ac
757 4518 804 4573 si
833 4518 1052 4576 diceret
1087 4537 1097 4575 :
1124 4524 1376 4578 Omnino
1408 4524 1776 4597 superﬂuum
1807 4536 1896 4586 est
1916 4532 2114 4599 etiam,
2152 4551 2276 4606 quo

2351 4562 2395 4618 υ
2433 4542 2663 4610 περιττόν
2711 4539 2849 4588 εστιν
2879 4553 2890 4565 ’
2940 4533 3138 4597 ἀνάξιοι
3181 4533 3282 4606 γὰρ
3334 4531 3448 4582 έστε
3496 4529 3682 4584 παντὸς
3726 4536 3872 4590 Λογου,
3907 4530 3941 4561 θ’

661 4608 833 4665 vobis
864 4608 1075 4681 loquar
1109 4627 1121 4676 ;
1157 4627 1298 4668 nam
1343 4616 1506 4670 omni
1564 4632 1840 4674 sermone
1897 4621 2128 4692 indigni
2155 4623 2279 4681 esti:

1116 4627 1121 4674 ;
1157 4627 1298 4668 nam
1343 4616 1506 4670 omni
1564 4632 1840 4674 sermone
1897 4621 2128 4692 indigni
2155 4623 2314 4694 estis,
2351 4608 2390 4618 U
2428 4608 2734 4703 πιίρασταί.

664 4702 862 4769 utpote
905 4704 1243 4756 tentatores.

735 4786 897 4841 Vers.
940 4793 1026 4844 26.
1085 4789 1270 4848 Multa
1309 4823 1376 4832 —
1406 4795 1694 4865 judicare.
1725 4798 1898 4855 Multa
1950 4801 2023 4856 de
2077 4804 2320 4860 vobisin

2315 4831 2320 4860 ι
2506 4806 2674 4860 Πολλὰ
2731 4836 2796 4844 -
2866 4809 3076 4878 κρίνειν.
3162 4799 3330 4853 Πολλὰ
3393 4793 3624 4868 δύναμαι
3691 4792 3797 4862 περὶ
3853 4796 3933 4849 υμωι

662 4877 1105 4934 accusationem
1145 4879 1340 4938 dicere
1393 4899 1652 4954 possem,
1687 4893 1740 4943 et
1787 4888 2054 4958 judicare
2106 4894 2179 4948 ad
2212 4910 2280 4966 pv

2313 4925 2324 4937 -
2431 4897 2598 4949 λαλεῖν
2639 4896 2707 4956 εἰς
2750 4897 3086 4964 κατηγορίαν,
3137 4895 3226 4941 καὶ
3278 4892 3462 4960 κρίνειν
3515 4884 3583 4946 εἰς
3636 4886 3690 4933 τὸ
3747 4888 3911 4968 “Af”?

664 4962 948 5020 niendum
970 4981 983 5031 ;
1008 4967 1112 5022 sed
1133 4984 1293 5025 nunc
1316 4971 1470 5043 nolo,
1496 4976 1639 5046 quia
1661 4992 1767 5032 nec
1796 4979 1961 5035 Pater
1987 4997 2157 5038 meus
2181 4988 2274 5038 vut

2309 5026 2320 5039 .
2435 4987 2539 5038 ἀλλ’
2569 4986 2626 5038 ού
2661 4983 2918 5058 βούλομαι
2947 4990 3054 5046 νῦν,
3107 4976 3245 5032 διότι
3277 4973 3444 5029 οὐδεὸ
3491 4976 3668 5045 Πατήρ
3711 4986 3800 5058 μον
3827 4959 3927 5058 βξυά

666 5049 935 5108 Prazdixit
962 5055 1144 5124 enim,
1169 5059 1328 5129 quod
1356 5076 1474 5117 non
1506 5065 1726 5121 miserit
1752 5069 1902 5123 Deus
1922 5059 2284 5128 Filiumsuur

2311 5091 2321 5128 ι
2435 5095 2542 5130 ται.
2623 5049 2905 5147 [ίροείρῇκε
2970 5072 3071 5143 γὰρ
3144 5070 3224 5120 ὅτι
3274 5066 3367 5119 οὐκ
3419 5059 3710 5115 ἀπέστειλεν
3773 5055 3796 5106 ὀ
3851 5055 3929 5100 Θεθθι

733 5229 780 5262 ⁵⁵
815 5230 980 5286 Hom.
1015 5247 1130 5297 vni,
1161 5237 1212 5286 9.

1871 5395 2086 5467 Variae
2131 5399 2466 5472 lectiones
2521 5414 2586 5472 et
2624 5412 2826 5472 notae.

733 5550 825 5620 (38
872 5551 1246 5626 Ἐλευθερῶσαι
1271 5556 1338 5610 Α.

733 5553 846 5696 (39ζ
879 5623 1020 5681 Vide
1051 5627 1338 5685 variantes

725 5623 846 5696 (39)
879 5623 1020 5681 Vide
1051 5623 1344 5685 variantes
1390 5625 1670 5687 lectiones
1699 5633 1876 5691 codd.
1911 5636 2212 5712 Euthymii
2243 5643 2302 5700 in
2339 5645 2535 5718 operis
2561 5643 2857 5718 principio
2888 5646 3138 5701 notatas.

733 5775 1020 5848 (h)Ju1'ta
1055 5805 1116 5814 -
1150 5773 1408 5829 modum.
1436 5776 1499 5829 Et
1529 5782 1813 5845 moratus,
1843 5797 1965 5846 seu,
2021 5785 2121 5856 qui
2159 5802 2354 5843 mores
2384 5788 2679 5862 exprimit.
2709 5788 2999 5861 lnterpres
3028 5788 3111 5844 ita
3144 5801 3214 5843 ac
3241 5784 3288 5841 si
3320 5784 3522 5856 legerit
3540 5780 3669 5835 κατὰ
3691 5778 3742 5831 τὸ
3761 5771 3861 5829 ἔθος·
