4098 6438
131 360 276 426 1289

1178 358 1546 424 COMMENT.
1593 370 1658 424 lN
1697 370 2048 427 JOANNEM.
2093 403 2157 412 —
2198 371 2353 426 CAP.
2401 370 2540 427 VIII.

3373 377 3509 432 1290

130 495 220 545 τὸν
250 494 370 545 Υίόν
400 490 561 544 αὐτοῦ
600 491 672 554 εἰς
699 494 786 544 τόν
815 495 1010 566 κόσμον
1042 494 1125 546 ἵνα
1179 498 1323 567 κρίνῃ
1374 497 1460 546 τόν
1512 497 1728 566 κόσμον,

1866 512 1902 551 n
1935 496 2252 560 mundum,
2311 499 2372 550 ut
2397 495 2624 566 judicet
2666 497 2982 566 mundum,
3014 498 3118 555 sed
3147 502 3209 556 ut
3248 500 3507 558 salvetur

131 579 247 632 ἀλλ’
280 582 364 632 ἵνα
395 583 537 653 σωθῇ
571 582 596 633 6
619 585 813 654 κόσμος
843 578 915 634 δι’
941 582 1122 636 αὐτοῦ.

207 669 345 724 Ἀλλ’
377 701 445 710 -
475 668 606 724 ἐστι.
641 700 706 712 —
753 670 966 743 Πέμψας
1008 690 1091 743 με,
1125 675 1196 744 μὴ
1238 679 1410 745 κρῖναι
1449 680 1557 737 νῦν,
1605 671 1734 724 ἀλλά

135 767 328 813 σῶσαι.
359 758 426 811 Ἦ
455 757 654 820 ἀληθής
684 759 846 825 ἐστιν,
880 759 1138 832 ὀνομάσας
1162 779 1225 834 με
1251 769 1355 833 φῶς
1383 767 1474 813 τοῦ
1504 766 1728 832 κόσμου.

133 845 278 902 Ἰδοὺ
313 850 438 922 γὰρ,
470 853 620 921 φησι,
647 850 849 901 τέθεικά
873 868 930 902 σε
968 849 1035 909 εἱς
1065 857 1168 921 φῶς
1200 847 1374 916 ἐθνῶν,
1407 852 1476 911 ὡς
1499 849 1733 923 ἀνωτέρω

134 934 235 991 διδ
241 937 451 996 ὀλωται.

211 1026 367 1099 Κάγω
431 1058 498 1069 -
562 1032 779 1101 κόσμον.
845 1027 1089 1082 ’Ἦκουσα
1147 1028 1270 1102 παρ’
1326 1027 1486 1080 αὐτοῦ
1543 1030 1609 1080 τά
1681 1047 1733 1080 τε

131 1116 284 1181 οῐλλα,
316 1120 405 1167 καὶ
432 1117 510 1166 ὅτι
533 1115 633 1188 εἰμὶ
663 1125 769 1188 φῶς
798 1117 977 1168 ἐθνῶν·
1025 1121 1114 1168 καὶ
1146 1115 1284 1168 εἶπον
1310 1118 1374 1168 τοί
1399 1135 1452 1168 τε
1493 1115 1620 1168 ἄλλα
1646 1123 1734 1168 και

132 1208 214 1258 ὅτι
243 1204 342 1276 ἐγὼ
384 1205 491 1278 εἰμι
521 1209 578 1258 τὸ
609 1214 713 1278 φῶς
742 1213 834 1258 τοῦ
863 1211 1086 1278 κόσμου.
1121 1205 1186 1260 Ὀ
1211 1202 1299 1258 οὖν
1324 1209 1549 1271 ἤκουσα,
1582 1215 1733 1258 τοῦτο

134 1293 298 1349 εἷπον.

207 1385 318 1436 Οὐκ
349 1416 417 1424 —
447 1383 635 1455 ὒεγεν.
681 1384 792 1436 Οῦκ
834 1386 1064 1455 ἔγνωσαν
1108 1386 1188 1436 ὅτι
1229 1389 1344 1458 περὶ
1394 1392 1486 1436 τοῦ
1531 1387 1734 1458 Πατρός

133 1473 309 1534 αὐτοῖς
357 1474 515 1544 ἔλεγε,
590 1482 682 1525 τοῦ
735 1476 885 1546 φύσει
941 1476 1144 1547 Πατρός
1194 1473 1374 1527 αὐτοῦ.
1430 1473 1581 1534 Εἰκὸς
1631 1475 1732 1546 γὰρ

136 1563 325 1624 αὐτοῦς
365 1561 634 1633 διαπορεῖν
664 1566 794 1634 πρὸς
841 1561 1114 1628 ἀλλήλους,
1155 1562 1415 1634 λέγοντας,
1457 1567 1548 1623 Τίς
1593 1561 1732 1615 ἐστιν

133 1655 160 1704 6
217 1651 428 1724 πέμψας
473 1652 628 1704 αὐτόν
657 1669 670 1718 ;
703 1657 877 1706 καίτοι
924 1651 1165 1712 πολλάκις
1229 1652 1406 1712 αὐτοῖς
1458 1647 1729 1723 διειλέχθη

132 1747 254 1813 περὶ
304 1741 516 1794 ἐκείνου.
568 1748 829 1792 Τοσοῦτον
899 1748 1187 1814 προσεῖχον
1244 1748 1353 1802 τοῖς
1411 1739 1587 1810 λόγοις
1644 1740 1734 1791 αῦ-

1843 587 2105 641 mundus
2134 600 2240 656 per
2269 600 2406 640 eum
2439 585 2506 638 ⁵⁸.

1917 677 2072 730 Vers.
2106 677 2193 728 26.
2225 673 2341 729 Sed
2369 703 2432 713 —
2454 679 2554 729 est.
2580 705 2644 715 —
2672 674 2785 742 Qui
2803 677 2959 732 misit
2985 691 3096 741 me,
3121 692 3242 733 non
3267 685 3507 736 utnunc

1837 763 2122 834 judicem,
2170 761 2275 816 sed
2329 767 2390 816 ut
2429 761 2675 818 salvem.
2715 765 2828 819 Aut
2858 779 3046 821 verax
3074 772 3181 832 est,
3240 782 3378 822 cum
3409 782 3507 823 me

1843 852 2027 907 lucem
2075 851 2286 906 mundi
2323 849 2674 908 nominavit.
2716 853 2886 921 Ecce,
2928 853 3142 926 inquit.
3168 855 3334 924 posui
3366 860 3419 912 te
3442 856 3504 913 in

1843 943 2030 996 lucem
2061 940 2331 1009 gentium
2365 941 2434 1006 ⁵⁷,
2467 940 2640 996 veluti
2660 942 2933 1013 superius
2964 943 3361 1010 significatum
3391 951 3501 1000 est-

1915 1030 2078 1085 Vers.
2112 1031 2198 1083 '26.
2252 1028 2324 1083 Et
2355 1043 2453 1099 ego
2502 1061 2556 1069 —
2598 1030 2831 1086 mundo.
2875 1031 3087 1085 Audivi
3119 1031 3196 1087 ab
3236 1047 3304 1087 eo
3335 1032 3505 1089 etiam

1843 1119 1956 1174 hoc
1996 1118 2146 1173 inter
2195 1117 2331 1181 alia,
2373 1117 2538 1189 quod
2580 1133 2690 1188 ego
2721 1118 2834 1174 sim
2893 1119 2996 1175 lux
3053 1121 3320 1190 gentium
3378 1139 3392 1187 ;
3448 1128 3506 1179 et

1843 1210 1991 1263 inter
2015 1207 2134 1262 alia
2154 1205 2331 1261 etiam
2360 1206 2471 1261 hoc
2501 1207 2643 1272 dixi,
2668 1208 2833 1280 quod
2860 1223 2972 1278 ego
2998 1208 3112 1265 sim
3133 1209 3235 1265 lux
3269 1211 3499 1267 mundi.

1845 1297 2010 1363 Quod
2037 1310 2178 1366 ergo
2215 1294 2440 1360 audivi,
2475 1295 2587 1352 hoc
2626 1295 2771 1352 dixi.

1915 1387 2076 1441 Vers.
2119 1385 2213 1440 27.
2277 1383 2400 1439 Non
2453 1415 2520 1425 —
2568 1385 2821 1441 dicebat.
2882 1389 3008 1443 Non
3067 1394 3498 1461 cognoverunt,

1843 1474 2006 1548 quod
2045 1473 2119 1528 de
2167 1473 2337 1526 Patre
2390 1472 2470 1528 eis
2501 1473 2754 1540 dicebat,
2791 1474 2894 1546 qui
2929 1475 3041 1530 sibi
3099 1482 3306 1532 natura
3340 1480 3504 1534 Pater

1844 1569 2015 1620 esset.
2071 1559 2405 1616 Verisimile
2433 1563 2590 1618 enim
2632 1569 2738 1627 est,
2779 1563 2945 1636 quod
2983 1563 3326 1620 dubitantes
3356 1565 3506 1622 inter

1843 1670 1905 1708 se
1943 1650 2238 1722 rogabant
2266 1666 2278 1704 :
2308 1649 2451 1718 Quis
2490 1658 2597 1717 est,
2629 1651 2731 1724 qui
2765 1652 2922 1708 misit
2943 1652 3107 1708 illum
3134 1651 3162 1707 ?
3190 1655 3365 1726 Atqui
3395 1654 3506 1711 fre-

1841 1750 2092 1814 quenter
2140 1745 2223 1799 eis
2274 1743 2350 1799 de
2393 1741 2494 1798 illo
2541 1740 2920 1796 disseruerat.
2977 1741 3145 1811 Vide,
3194 1743 3506 1814 quomodo

129 1839 243 1895 τοῦ,
302 1829 492 1900 μᾶλλον
543 1826 623 1896 δὲ,
679 1838 926 1882 τοσοῦτον
990 1826 1126 1888 ἦσαν
1179 1827 1549 1904 φρενοϐλαϐεῖς.
1588 1830 1732 1882 Εἰκό-

1858 1833 2223 1888 sermonibus
2240 1834 2368 1904 ejus
2387 1829 2792 1894 attendebant,
2810 1829 2931 1885 ivno
2954 1830 3172 1901 potius,
3196 1833 3505 1902 quomodo

131 1939 235 1980 τως
311 1915 398 1971 οὖν
453 1916 588 1972 εἶπεν
644 1919 838 1981 αὐτοῖς’
899 1921 1005 1977 Τὴν
1063 1917 1259 1992 ἀρχὴν,
1319 1920 1399 1971 ὅτι
1452 1924 1541 1972 καὶ
1599 1917 1733 1971 λαλῶ

131 2010 276 2079 ὑμῖν.

207 2095 360 2150 Εἶπεν
408 2127 477 2138 -
516 2097 642 2168 εἰμι.
695 2095 856 2148 Ὀταν
895 2098 1194 2169 κρεμάσητί
1240 2115 1302 2168 με
1353 2098 1423 2157 ὡς
1468 2097 1734 2169 ἄνθρωπον

134 2184 220 2237 ἐπὶ
253 2193 505 2258 σταυροῦ,
544 2190 656 2237 τότε
708 2187 971 2256 γνώσεσθε
1001 2187 1082 2237 ὅτι
1130 2183 1228 2256 ἐγώ
1274 2185 1400 2258 εἰμι,
1442 2182 1735 2243 δηλονότιὸ

136 2277 260 2335 Υἱός
298 2281 390 2326 τοῦ
439 2281 572 2327 Θεοῦ
620 2279 710 2325 καὶ
758 2278 903 2335 Θεός.
955 2273 1044 2336 Ὠς
1099 2277 1223 2334 Θεός
1275 2277 1373 2349 γὰρ
1429 2277 1599 2348 εἰρηκε
1654 2278 1734 2344 τὸ,

134 2363 271 2434 Ἐγώ
356 2363 482 2436 εἰμι.
542 2365 810 2416 Γνώσεσθε
861 2359 921 2416 δι
981 2371 1136 2416 τοῦτο
1186 2361 1288 2416 ἀπό
1351 2381 1404 2416 τε
1473 2373 1570 2416 τῶν
1648 2383 1710 2422 τη

133 2461 358 2504 νικαῦτα
383 2453 496 2524 (40)
535 2457 888 2524 γενησομένων
939 2450 1318 2526 ἀναντιῤῥήτων
1369 2457 1616 2524 σημείων,
1647 2457 1737 2505 καὶ

137 2539 242 2592 ἀπό
296 2549 389 2603 τῆς
445 2539 497 2593 ἔκ
554 2549 744 2615 νεκρῶν
806 2539 1135 2601 ἀναστάσεως
1191 2559 1315 2613 μου,
1364 2546 1448 2592 ναὶ
1499 2545 1601 2612 μὴν
1648 2547 1738 2594 καὶ

136 2629 241 2682 ἀπὸ
285 2638 380 2692 τῆς
430 2633 604 2682 ἔκτοτε
646 2628 1076 2701 καταληψομένης
1140 2633 1199 2682 τὸ
1251 2633 1395 2700 γένος
1445 2640 1544 2682 τῶν
1601 2631 1738 2684 Ἰου-

137 2716 302 2771 δαίων
355 2721 648 2791 θεομηνίας.
691 2721 838 2772 Μετά
877 2721 976 2791 γὰρ
1029 2721 1087 2770 τό
1137 2720 1504 2793 σταυρωθῆναι
1559 2719 1734 2785 αὐτόν,

134 2814 228 2860 καὶ
265 2809 506 2879 γενέσθαι
553 2810 619 2859 τά
658 2806 848 2879 φοϐερὰ
887 2805 1053 2859 ἐκεῖνα
1107 2815 1317 2879 σημεῖα,
1367 2811 1554 2880 γράφει
1608 2815 1738 2862 Aou-

134 2906 232 2959 κάς
282 2899 361 2949 ότι
405 2901 494 2948 καὶ
542 2899 722 2956 πάντες
779 2899 828 2948 οἱ
873 2901 1386 2970 συμπαραγενόμενοι
1451 2896 1604 2968 ὄχλοι
1656 2895 1739 2950 ἐπὶ

138 2993 235 3044 τὴν
336 2988 551 3061 θεωρίαν
640 2989 857 3051 ταύτην,
951 2988 1256 3058 θεωροῦντες
1336 2989 1404 3038 τά
1473 2992 1737 3060 γενόμενα,

137 3081 414 3137 τύπτοντες
471 3075 662 3128 ἑαυτῶν
719 3078 785 3126 τά
843 3077 1012 3132 στήθη
1071 3077 1404 3148 ὑπέστρεφον.
1473 3074 1742 3147 Ἕγνωσαν

1843 1927 2042 1976 mente
2071 1923 2227 1993 capti
2260 1925 2452 1978 erant.
2494 1919 2688 1976 Merito
2719 1935 2862 1990 ergo
2907 1918 3056 1974 dixit
3084 1917 3196 1974 illis
3238 1937 3252 1975 :
3287 1922 3359 1975 In
3383 1922 3507 1991 pri-

1843 2011 1952 2066 mis
1973 2012 2128 2082 quod
2155 2012 2331 2067 etiam
2367 2011 2583 2081 loquar
2609 2007 2767 2063 vobis
2795 2008 2863 2062 ⁵⁸.

1916 2101 2078 2155 Vers.
2137 2100 2225 2155 28.
2274 2099 2432 2154 Dixit
2488 2128 2558 2137 —
2594 2099 2724 2153 sim.
2756 2097 2898 2152 Cum
2952 2097 3380 2169 suspenderitis
3409 2115 3504 2156 me

1845 2189 2019 2262 quasi
2053 2189 2359 2244 hominem
2391 2187 2449 2242 in
2483 2202 2677 2251 cruce,
2713 2191 2854 2240 tunc
2883 2186 3283 2258 cognoscetis,
3335 2189 3502 2259 quod

1845 2293 1978 2347 ego,
2008 2279 2141 2342 sim,
2184 2277 2453 2332 videlicet
2486 2275 2662 2331 Filius
2711 2273 2807 2329 Dei
2863 2279 2919 2330 et
2968 2274 3142 2330 Deus.
3199 2279 3347 2332 Nam
3375 2283 3506 2332 tan-

1845 2383 2030 2440 quam
2056 2371 2205 2423 Deus
2233 2367 2378 2422 dixit
2411 2389 2423 2422 :
2448 2366 2566 2436 Ego
2595 2365 2726 2420 sim.
2759 2365 3139 2433 Cognoscetis
3165 2373 3366 2420 autem
3391 2365 3506 2422 hoc

1846 2473 1884 2513 a
1934 2456 2140 2525 signis,
2173 2472 2308 2528 quin
2359 2460 2498 2510 tunc
2542 2455 2703 2519 ﬁent,
2736 2453 2950 2524 quibus
3001 2453 3324 2508 contradici
3383 2470 3507 2510 non

1848 2548 2076 2618 poterit,
2129 2552 2184 2600 et
2229 2562 2265 2600 a
2318 2541 2741 2600 resurrectione
2775 2557 2910 2597 mea
2937 2557 2974 2597 a
3017 2543 3306 2598 mortuis:
3342 2544 3510 2598 insu-

1845 2651 1952 2708 per
1981 2635 2159 2691 etiam
2200 2633 2276 2690 ab
2308 2632 2396 2688 ira
2424 2631 2650 2695 divina,
2690 2647 2824 2702 quae
2851 2636 2990 2687 tunc
3022 2647 3210 2701 genus
3241 2647 3510 2704 compre-

1845 2723 2068 2780 hendet
2091 2723 2457 2778 Iudaeorum.
2487 2719 2796 2792 Siquidem
2819 2724 3144 2792 postquam
3164 2720 3332 2774 illum
3365 2737 3506 2775 cru-

1848 2813 2161 2868 ciﬁxerunt
2190 2817 2246 2868 et
2276 2809 2573 2883 stupenda
2598 2809 2697 2866 illa
2728 2809 2904 2878 signa
2935 2808 3094 2866 facta
3124 2814 3276 2876 sunt,
3311 2809 3512 2865 scribit

1851 2903 2124 2967 Lucas”,
2145 2900 2309 2973 quod
2339 2915 2549 2955 omnes
2569 2898 2770 2962 turbze.
2787 2913 2923 2970 quae
2938 2897 3114 2953 simul
3135 2903 3511 2954 accesserant

1849 2990 1927 3046 ad
1981 2988 2380 3061 spectaculum
2411 2987 2589 3048 istud.
2625 2992 2679 3042 et
2726 2985 3030 3052 videbant,
3073 3003 3208 3058 quae
3262 2987 3508 3052 ﬁebant,

1851 3077 2246 3147 percutientes
2279 3081 2518 3148 pectora
2545 3092 2656 3130 sua
2683 3074 3149 3132 revertebantur.
3183 3075 3513 3144 Cognosce-

140 3170 231 3239 μεν
286 3167 388 3238 ’γὰρ
441 3166 518 3216 ὅτι
582 3165 709 3223 θεῖος
762 3165 1029 3236 ἄνθρωπος
1089 3167 1240 3225 ὅντως
1294 3161 1375 3230 ἦν,
1452 3170 1542 3217 καὶ
1612 3183 1739 3236 συμ-

1858 3166 1998 3222 baut
2023 3166 2202 3229 enim,
2253 3164 2419 3237 quod
2467 3179 2599 3218 vere
2647 3163 2886 3217 divinus
2918 3163 3101 3218 homo
3132 3168 3306 3231 esset,
3332 3168 3387 3218 et
3429 3162 3511 3218 illi

140 3257 345 3325 πάσχει
387 3253 525 3322 αὐτῷ
574 3254 603 3310 ἠ
637 3257 826 3317 κτίσις,
881 3257 952 3324 μὴ
987 3256 1216 3326 φέρουσα
1252 3255 1310 3304 τό
1356 3254 1515 3313 πάθος
1563 3252 1738 3304 αὐτοῦ·

142 3349 210 3417 μὴ
262 3341 540 3413 τολμῶντες
586 3337 645 3392 δι
691 3340 858 3392 λαλεῖν
917 3337 1011 3392 διὰ
1061 3345 1149 3394 τὸν
1197 3339 1350 3412 φόϐον
1407 3350 1505 3393 τῶν
1553 3340 1745 3416 ἀρχόν-

142 3451 265 3494 των,
299 3433 514 3482 ἔτυπτον
553 3431 618 3480 τά
649 3430 812 3488 στήθη
861 3428 1047 3500 αὐτῶν,
1093 3435 1425 3501 σημαίνοντες
1471 3435 1565 3489 τὴν
1604 3430 1746 3493 ἐντός

144 3515 358 3576 ὀδύνην.
426 3517 750 3570 ’Υπώπτευον
806 3519 904 3589 γὰρ
971 3519 1051 3570 ὅτι
1103 3522 1262 3570 κακόν
1330 3517 1611 3577 ἀνήκεστον
1684 3522 1743 3572 τό

142 3612 287 3680 γένος
335 3607 470 3659 ἅπαν
509 3612 742 3660 πείσεται
784 3604 856 3659 δι’
897 3607 1072 3661 αὐτόν.
1126 3612 1226 3660 Καὶ
1271 3610 1373 3681 γὰρ
1417 3613 1505 3661 καὶ
1557 3610 1583 3660 6
1631 3608 1744 3662 ἕκα-

142 3701 434 3768 τόνταρχος
487 3701 578 3748 καὶ
615 3698 664 3748 οἱ
706 3697 817 3769 μετ’
857 3695 1018 3749 αὐτοῦ
1053 3705 1322 3769 τηροῦντες
1375 3701 1460 3750 τόν
1517 3698 1740 3764 Ἰησοῦν,

145 3786 212 3845 ὦς
267 3803 399 3856 φησι
455 3786 744 3851 Ματθαὶος,
805 3780 1003 3846 ἰδόντες
1053 3786 1170 3856 (ll)
1227 3789 1294 3838 τά
1337 3790 1584 3859 γενόμενά
1633 3785 1744 3859 ἐφο-

145 3872 386 3932 ϐήθησαν
440 3869 667 3948 σφόδρα,
723 3873 968 3945 λέγοντες·
1033 3874 1258 3936 ’Δληθῶς
1311 3884 1445 3929 Θεοῦ
1503 3878 1624 3937 Υἱός
1683 3872 1744 3934 ἦν

144 3963 314 4024 οὗτος.

217 4051 374 4106 Ἀλλά
423 4055 511 4104 καὶ
543 4051 692 4104 αὐτοὶ
735 4053 785 4104 οἱ
832 4053 1088 4127 ἄρχοντες
1134 4062 1233 4105 τῶν
1266 4051 1536 4107 Ἰουδαίων
1585 4057 1746 4126 ἔγνω-

147 4163 243 4196 σαν
271 4148 385 4194 τότε
429 4143 505 4193 ὅτι
553 4149 687 4195 Θεοῦ
737 4144 858 4203 Υἱός
903 4138 982 4210 ἦν,
1017 4147 1109 4195 καὶ
1157 4147 1308 4212 Θεὸς,
1350 4144 1393 4196 εἰ
1449 4149 1538 4197 καὶ
1585 4163 1744 4196 πεπα-

144 4238 343 4290 τηκασι
374 4235 467 4289 τὴν
514 4227 821 4290 συνείδησιν
862 4231 1056 4284 ἑαυτῶν
1107 4228 1181 4284 δι’
1222 4232 1510 4306 ὑπερϐολὴν
1559 4235 1744 4306 φθόνου

143 4325 236 4372 καὶ
297 4324 504 4392 μανίας.
583 4324 738 4392 Λέγει
806 4323 907 4393 γὰρ
982 4320 1136 4373 πάλιν
1193 4323 1219 4373 6
1289 4325 1556 4384 Mareade;
1591 4337 1602 4350 ‘
1666 4324 1746 4374 ὅτι

147 4405 291 4462 Ἰδού
386 4427 514 4469 τινες
586 4416 682 4470 τῆς
760 4405 1090 4472 κουστωδίας
1174 4409 1399 4474 ἐλθόντες
1497 4412 1567 4474 εἰς
1655 4417 1747 4471 τὴν

146 4496 316 4567 πόλιν,
448 4496 767 4568 ἀπήγγειλαν
890 4505 1002 4559 τοῖς
1095 4498 1430 4575 ἀρχιερεῦσιν
1543 4500 1748 4554 ἅπαντα

145 4589 215 4638 τὰ
242 4589 506 4658 γενόμενα.
555 4591 654 4640 Καὶ
685 4588 1033 4659 συναχθέντες
1061 4591 1192 4660 μετά
1232 4597 1329 4642 τῶν
1371 4588 1745 4664 πρεσϐυτέρων,

149 4673 466 4747 συμϐούλιόν
541 4693 596 4726 τε
654 4673 914 4743 λαϐόντες,
998 4674 1227 4750 ἀργύρια
1318 4679 1470 4730 ἰκανά
1547 4675 1747 4730 ἔδωκαν

145 4771 255 4824 τοῖς
290 4769 654 4838 στρατιώταις,
703 4763 948 4835 λέγοντες
1005 4768 1216 4832 Εἴπατε,
1267 4767 1348 4819 ὅτι
1397 4769 1464 4823 Οἱ
1514 4769 1748 4840 μαθηταὶ

146 4853 310 4906 αὐτοῦ
329 4855 515 4916 νυκτός
540 4851 788 4916 ἐλθόντες,
810 4852 1026 4926 ἔκλεψαν
1047 4854 1204 4908 αὐτόν
1230 4857 1259 4914 ἠ
1266 4865 1376 4929 μῶν
1396 4861 1747 4930 κοιμωμένων,

147 4947 238 4996 καὶ
269 4944 336 4996 τά
364 4941 448 5006 ἐξῆ
459 4963 502 5006 ς.

223 5093 271 5128 ⁵⁸
296 5093 464 5150 Joan.
492 5109 572 5164 ιιι,
599 5093 681 5152 l7.

758 5096 806 5133 ⁸⁷
832 5095 950 5156 Isa.
977 5113 1131 5167 nix,
1155 5098 1211 5156 6.

153 5178 352 5231 xxvui,
397 5165 577 5223 “~13.

1288 5099 1336 5136 ⁵⁸
1374 5099 1546 5158 Joan.
1572 5101 1792 5166 “11,25.

1853 3259 2289 3325 compateretur
2315 3259 2582 3307 creatura
2613 3268 2623 3307 :
2664 3269 2800 3306 cum
2834 3260 3031 3305 autem
3061 3251 3220 3324 loqui
3255 3267 3376 3306 non
3408 3267 3512 3306 au-

1853 3344 2058 3398 derent
2111 3348 2348 3414 propter
2389 3340 2649 3395 timorem
2709 3338 3056 3410 principum,
3101 3339 3514 3410 percutiebant

1854 3436 2092 3504 pectora
2115 3446 2241 3498 sua,
2270 3429 2673 3499 signiﬁcantes
2703 3426 2974 3483 dolorem
3006 3427 3366 3483 interiorem.
3399 3427 3511 3482 Su-

1855 3519 2239 3592 spicabantur
2272 3532 2528 3588 namque
2570 3517 2835 3571 futurum
2875 3531 3023 3583 esse,
3059 3519 3121 3570 ut
3155 3514 3378 3569 malum
3406 3515 3515 3572 ali-

1852 3610 2014 3682 quod
2030 3607 2458 3664 irremediabile
2473 3612 2714 3678 propter
2726 3604 2877 3660 illum
2891 3621 2981 3659 om
2991 3620 3062 3660 ne
3077 3620 3268 3674 genus
3282 3603 3309 3658 J
3321 3605 3518 3660 udaeo-

1851 3715 1986 3755 rum
2041 3702 2402 3753 concuteret.
2447 3695 2594 3750 Nam
2628 3699 2684 3750 et
2725 3695 3012 3760 centurio,
3047 3700 3103 3749 et
3130 3693 3226 3765 qui
3259 3710 3398 3748 cum
3443 3710 3515 3750 eo

1851 3793 2040 3854 erant,
2063 3787 2604 3853 servantesJesum,
2623 3788 2685 3840 ut
2705 3783 2785 3839 ait
2809 3783 3134 3849 Matthaaus,
3165 3798 3304 3838 cum
3334 3782 3515 3838 vidis-

1854 3882 1982 3932 sent
2002 3893 2138 3946 quaa
2158 3875 2403 3941 ﬂebant,
2425 3874 2802 3928 vehementer
2821 3872 2998 3928 territi
3025 3878 3181 3937 sunt,
3205 3871 3470 3928 dicentes
3499 3892 3512 3930 :

1861 3965 2002 4024 Vere
2029 3965 2222 4022 Filius
2263 3965 2361 4020 Dei
2388 3968 2509 4018 erat
2548 3963 2656 4018 iste
2694 3963 2762 4016 5°.

1928 4057 2035 4110 Sed
2095 4063 2152 4109 et
2197 4053 2309 4124 ipsi
2351 4050 2649 4124 principes
2705 4049 3048 4105 Judaeorum
3099 4054 3519 4118 cognoverunt

1859 4148 1994 4199 tunc
2023 4141 2187 4215 quod
2219 4141 2314 4196 Dei
2358 4140 2531 4194 Filius
2564 4142 2689 4194 erat
2711 4143 2766 4193 et
2796 4139 2969 4203 Deus,
2994 4153 3344 4210 quanquam
3375 4153 3511 4208 pro-

1856 4234 2050 4306 priam
2079 4230 2582 4287 conculcaverunt
2610 4227 3058 4290 conscientiam,
3091 4226 3522 4282 nimiainvidia

1856 4338 1926 4378 ac
1950 4321 2196 4376 insania.
2231 4322 2324 4374 Ait
2348 4319 2509 4373 enim
2541 4333 2770 4372 rursum
2804 4317 3108 4372 Matthmus
3164 4331 3176 4370 :
3213 4315 3368 4370 Ecce
3395 4315 3521 4385 qui-

1856 4411 1993 4467 dam
2011 4409 2077 4465 de
2093 4408 2432 4466 custodibus
2451 4411 2735 4463 venerunt
2752 4405 2812 4460 in
2830 4406 3126 4460 civitatem
3142 4409 3194 4459 et
3214 4406 3522 4460 renuntia-

1859 4504 2061 4556 verunt
2081 4497 2455 4567 principibus
2480 4495 2851 4551 sacerdotum
2878 4493 3146 4548 universa
3163 4508 3290 4562 quae
3312 4492 3524 4548 accide-

1857 4593 1993 4644 rant
2016 4603 2027 4640 :
2048 4593 2102 4644 et
2120 4583 2458 4656 congregati
2478 4599 2610 4639 cum
2640 4581 2964 4638 senioribus
2984 4581 3230 4649 accepto
3262 4580 3518 4649 consitio,

1851 4676 2132 4748 pecunias
2165 4675 2381 4730 multas
2401 4673 2690 4729 dederunt
2717 4670 2995 4725 militibus
3021 4671 3280 4725 dicentes
3311 4670 3525 4725 :Diczte

1857 4765 2139 4838 Discipuli
2155 4767 2280 4834 ejus
2302 4769 2465 4818 nocte
2489 4764 2792 4824 venerunt,
2819 4762 2872 4815 et
2891 4759 3093 4829 furati
3107 4765 3244 4814 sunt
3267 4771 3398 4814 eum
3423 4774 3524 4814 n0-

1860 4855 1940 4911 bis
1975 4853 2397 4910 dormientibus
2438 4852 2506 4917 δι,
2539 4855 2597 4906 et
2627 4854 2862 4905 caetera.

2519 5095 2566 5131 ⁸ο
2589 5091 2796 5150 Matth.
2831 5091 3154 5158 xxxvu,54.
3232 5092 3278 5129 ⁶¹
3307 5090 3517 5150 Matth.

1867 5099 1915 5135 ⁸⁸
1945 5099 2084 5155 Luc.
2124 5112 2288 5164 χχιιι,
2327 5093 2418 5152 48.

1377 5295 1600 5365 Variae
1631 5295 1957 5365 lectiones
2006 5304 2071 5363 et
2110 5305 2312 5363 notae.

225 5405 338 5548 μθ)
379 5405 680 5480 Γενόμένων,
712 5413 767 5465 Β.

248 5478 332 5546 Η)
369 5482 467 5531 Τὸν
528 5481 744 5548 σεισμόν

369 5478 744 5560 Τόνῌλσεισμόν
795 5483 886 5560 καί
936 5480 1118 5560 iidem
1168 5484 1408 5560 codices
1453 5483 1754 5560 Euthymii

153 5555 432 5606 omittunt
449 5555 625 5627 etiam
643 5555 702 5627 in
720 5558 1006 5627 contextu
1019 5556 1180 5627 apud
1200 5557 1555 5612 Matthasum.
1577 5555 1756 5627 Chry-

156 5626 458 5695 sostomus
478 5621 638 5677 hunc
654 5621 854 5695 locum
877 5621 1383 5695 negligentissime
1402 5634 1628 5692 tractat,
1646 5621 1756 5682 1.1.-

154 5707 288 5750 cam
317 5692 536 5764 potius,
569 5707 755 5764 quam
784 5692 1102 5753 Mathaauin
1133 5698 1555 5772 interpretans.
1586 5698 1755 5756 Vide-

481 5789 721 5848 PARTOL.
765 5789 876 5851 Gn.
925 5791 1172 5854 CXXIX.

1867 5417 2011 5468 tom.
2043 5412 2157 5476 VII,
2187 5427 2246 5482 p.
2280 5411 2386 5466 826
2421 5410 2496 5482 ,E.
2542 5405 2745 5482 Caneri
2774 5405 3016 5482 codices
3049 5406 3113 5482 Ν.
3155 5401 3529 5482 ⁸Τειειίιιιιιιξιιιί

1864 5499 2003 5539 cum
2035 5474 2294 5548 scholiis,
2337 5480 2686 5556 cujustnodi
2715 5478 2792 5556 ad
2825 5493 3042 5556 manus
3070 5474 3528 5556 habuitljluthy-

1865 5557 2044 5623 mius,
2073 5556 2186 5610 ista
2211 5547 2473 5609 servant.
2517 5549 2950 5623 Idintelligitur
2980 5565 3052 5623 ex
3081 5563 3216 5623 mea
3239 5547 3521 5623 editione.

1866 5571 2044 5623 mins,
2073 5565 2186 5610 ista
2211 5565 2473 5609 servant.
2517 5565 2579 5605 ια
2609 5565 2788 5606 intem
2835 5565 2950 5604 itur
2980 5565 3052 5604 ex
3081 5565 3216 5604 mea
3239 5565 3521 5603 emuone.

1866 5629 2015 5697 Ergo
2047 5624 2348 5698 Euthymii
2379 5622 2703 5680 auctoritas
2732 5565 2930 5700 πλεῖοι-ρ
2985 5619 3100 5678 hoc
3134 5619 3267 5677 loco
3297 5617 3522 5690 nequit.

3202 5787 3270 5848 41
