4098 6462
129 437 264 499 I293
1124 434 1492 502 COMMENT.
1535 441 1604 501 IN
1644 446 1994 504 JOANNEM.
2043 480 2110 489 —
2149 449 2304 506 CAP.
2344 423 2491 506 VIII.
3354 433 3495 509 1294'

125 573 332 640 ταχέως
356 567 706 630 ἀπεπήδησαν
737 575 828 624 καὶ
856 573 987 646 πρὸς
1012 570 1185 644 ύϐρεις
1215 571 1406 645 μᾶλλον
1437 571 1724 647 ἐξετράπη-

1875 579 1966 630 cet
2002 574 2115 647 ipsi
2145 574 2315 630 citius
2357 575 2436 631 ab
2465 591 2536 632 eo
2583 575 2967 644 recedebant,
3019 581 3075 634 et
3113 577 3193 634 ad
3241 576 3491 650 injurias

131 677 247 714 σαν,
1832 663 2030 732 magis
2057 661 2476 720 deﬂectebant.

201 746 405 819 Ἔλεγεν
436 779 504 789 -
528 745 837 811 Ἰουδαίους.
869 753 1002 824 Πρός
1019 753 1133 812 τοὺς
1154 755 1565 814 πεπιστευκότας
1595 756 1725 818 τότε,

1910 751 2067 807 Vers.
2097 755 2186 808 3t.
2220 751 2384 807 Dixit
2409 783 2474 792 —-—
2508 752 2762 810 Iudaeos.
2795 754 2885 810 Ad
2915 770 3041 824 eos,
3068 753 3172 828 qui
3216 759 3380 824 tunc,
3431 759 3492 812 ut

132 837 202 897 ὡς
237 839 461 910 εἰρηται.

1837 840 2062 896 dictum
2089 845 2190 907 est,
2224 840 2616 898 crediderant.

207 925 322 979 Ἐἀν
351 957 414 968 -—
446 926 583 985 ἐστὶ.
630 927 747 980 Ἐἀν
797 929 946 1002 ὑμεῖς
983 927 1276 1002 ἐμμείνητε,
1307 931 1372 990 ὡς
1423 937 1525 982 τῶν
1567 929 1730 982 ἄλλων

1911 929 2074 985 Vers.
2099 929 2187 984 3|.
2221 929 2303 984 Sit
2325 930 2591 985 --eritis.
2625 931 2683 986 Si
2709 947 2811 987 vos
2837 932 3309 1004 permanseritis,
3345 933 3497 989 sicut

134 1020 205 1087 μὴ
239 1015 606 1088 ἐμμειναντων,
660 1022 787 1089 περὶ
825 1018 893 1070 ὧν
951 1015 1086 1072 εἶπεν
1144 1020 1169 1071 ό
1218 1017 1610 1090 εύαγγελιστὴς,
1651 1020 1733 1070 ὅτι

1880 1018 1939 1073 1ἰί
1970 1035 2091 1074 non
2147 1025 2624 1088 permanserunt,
2665 1018 2740 1075 de
2770 1020 2995 1092 quibus
3042 1020 3197 1076 dixit
3244 1036 3498 1091 evange-

141 1104 323 1157 Πολλοὶ
355 1104 583 1164 ἀπῆλθον
613 1115 713 1159 τῶν
739 1109 988 1177 μαθητῶν
1015 1108 1191 1173 αὐτοῦ,
1225 1107 1297 1170 εἰς
1320 1109 1384 1160 τά
1427 1106 1614 1172 ὀπίσω,
1644 1113 1733 1159 καὶ

1887 1113 2006 1162 sta:
2027 1108 2207 1162 Multi
2226 1107 2611 1176 exdiscipulis
2625 1110 2754 1178 ejus
2778 1110 3055 1166 abierunt
3082 1116 3426 1174 retrorsum,
3441 1116 3495 1166 et

137 1193 230 1245 οῦκ
255 1196 330 1247 ἔτι
360 1193 469 1266 μετ’
497 1195 655 1248 αύτοῦ
705 1198 1068 1270 περιεπάτουν.
1123 1196 1240 1249 Ἐὰν
1266 1197 1407 1268 ύμεῖς
1439 1195 1730 1268 ἐμμείνητε,

1875 1213 1965 1252 am
2006 1213 2124 1252 non
2164 1212 2292 1252 cum
2331 1213 2391 1253 eo
2418 1198 2808 1254 ambulabant
2837 1200 2907 1252 ‘5.
2943 1229 3010 1238 —
3035 1199 3098 1255 Si
3128 1214 3248 1264 vos,
3282 1200 3493 1271 inquit,

137 1288 287 1354 φησὶ,
322 1293 392 1354 τῷ
421 1283 557 1356 λόγῳ
581 1292 652 1356 τῷ
692 1283 820 1357 ἕμῷ,
851 1290 1012 1356 ἤγουν
1066 1293 1126 1358 τῇ
1178 1281 1508 1357 διδασκαλίᾳ
1544 1305 1643 1357 μου
1675 1284 1734 1342 ἢν

1880 1285 2348 1341 erseveraveritis
2377 1287 2439 1341 in
2480 1301 2734 1342 sermone
2774 1302 2918 1352 meo,
2954 1287 3078 1344 sive
3135 1288 3195 1346 in
3225 1287 3498 1344 doctrina

137 1369 342 1435 διδάξω
371 1379 526 1445 υμᾶς,
560 1379 675 1426 τότε
727 1372 934 1437 ἀληθῶς
969 1376 1202 1447 μαθηταί
1255 1376 1354 1447 μού
1409 1372 1546 1430 ἔστε.
1575 1377 1733 1426 Οὔπω

1881 1389 2200 1446 1ea,quam
2223 1390 2336 1445 ego
2359 1373 2584 1431 docebo
2605 1392 2728 1441 vos,
2752 1382 2891 1432 tunc
2917 1392 3045 1434 vere
3076 1377 3363 1447 discipuli
3387 1377 3499 1435 mei

136 1464 237 1533 γαρ
260 1459 394 1514 ἐστι.

1845 1464 2008 1520 eritis
2039 1466 2086 1498 ⁸ο
2111 1479 2126 1530 ;
2156 1464 2422 1520 nondum
2451 1464 2610 1520 enim
2642 1465 2805 1524 estis.

213 1555 310 1603 Καὶ
348 1553 610 1621 γνώσεσθε
639 1556 732 1611 τὴν
773 1550 1036 1610 ἀλήθειαν.
1061 1553 1201 1624 Ἐμέ.
1235 1553 1371 1623 Ἐγὼ
1400 1554 1522 1624 γάρ,
1554 1554 1728 1624 φησὶν,

1921 1552 2078 1608 Vers.
2109 1555 2199 1610 32.
2238 1554 2316 1609 Et
2340 1555 2693 1625 cognoscetis
2723 1555 3049 1612 veritatem.
3083 1557 3206 1611 Hoc
3235 1558 3326 1610 est
3357 1570 3452 1610 me
3481 1569 3496 1612 :

139 1637 246 1708 εἰμὶ
269 1640 298 1696 ἡ
329 1637 568 1697 ἀλήθεια.
604 1643 716 1709 (45)
745 1642 1012 1694 Γνώσεσθε
1037 1645 1130 1700 τὴν
1163 1641 1402 1699 ἀληθειαν
1431 1641 1554 1713 παρ’
1585 1639 1730 1713 ἐμοῦ.

1882 1643 1977 1712 ῗθο
2007 1643 2188 1708 enim,
2221 1642 2322 1712 ait,
2350 1659 2475 1698 sum
2506 1645 2734 1700 veritas.
2769 1643 3156 1714 Cognoscetis
3182 1658 3323 1699 ame
3357 1643 3500 1699 veri-

137 1729 215 1777 Τά
242 1729 344 1801 γὰρ
371 1732 560 1800 νομικά
602 1733 772 1782 πάντα
805 1733 964 1791 τύπος
1009 1735 1100 1783 καὶ
1132 1733 1258 1783 σκιὰ
1307 1735 1398 1782 καὶ
1446 1730 1594 1782 εἰκὼν
1642 1737 1737 1790 τῆς

1881 1738 2045 1786 item.
2079 1733 2222 1786 Nam
2256 1731 2461 1789 omnia
2491 1732 2707 1803 legalia
2725 1733 2940 1803 ﬁgura,
2974 1734 3184 1789 umbra
3214 1741 3269 1789 et
3295 1734 3499 1804 imago

139 1813 386 1878 ἀληθείας
415 1817 538 1870 εἰσί.

1846 1825 1982 1875 sunt
2009 1820 2282 1875 veritatis.

216 1911 312 1958 Καὶ
347 1938 406 1947 -ο
435 1909 587 1979 ὑμᾶς.
620 1907 748 1962 Ἀπὸ
780 1917 878 1961 τῶν
901 1908 1193 1983 ἁμαρτιῶν.
1771 1929 1810 1982 Β

1771 1929 1810 1982 Β
1920 1910 2082 1967 Vers.
2111 1910 2196 1966 3‘2.
2223 1911 2297 1965 Et
2328 1943 2392 1952 —
2426 1926 2540 1967 vos.
2583 1913 2627 1966 Α
2663 1911 2937 1983 peccatis.

211 1993 596 2070 Ἀπεκρίθησαν
677 2029 746 2037 —
827 2000 1107 2069 γενήσεσθε
1173 2014 1186 2063 ;
1252 1997 1482 2069 ’Δφέντες
1558 1996 1735 2062 εἰπεῖν,

1920 1999 2083 2054 Vers.
2126 2003 2212 2054 33.
2248 2001 2676 2072 Responderunt
2698 2033 2766 2041 —
2791 2002 3128 2071 efﬁciemini
3159 2002 3187 2056 ἵ
3222 2000 3503 2057 Omitten-

136 2088 199 2134 Ti
247 2080 333 2135 οὖν
369 2082 605 2155 ;ψευδος
655 2087 680 2136 ό
728 2090 883 2158 νόμος
912 2103 926 2152 ;
958 2083 1165 2157 ψευδὴς
1378 2087 1407 2143 ἡ
1457 2093 1556 2137 τῶν
1605 2086 1736 2138 Ἰου-

1887 2107 1938 2144 as
1959 2090 2173 2155 dicere,
2204 2089 2355 2155 Quid
2385 2105 2527 2160 ergo
2558 2092 2586 2147 7
2619 2091 2787 2146 Falsa
2826 2097 2914 2147 est
2942 2091 3032 2146 lex
3082 2091 3109 2145 ἱ)
3148 2090 3375 2146 falsane
3415 2094 3505 2146 est

139 2168 304 2223 δαίων
332 2182 526 2243 γνῶσις
559 2190 575 2241 ;
606 2183 761 2226 τοῦτο
806 2177 898 2247 μεν
955 2175 1014 2227 οὐ
1047 2175 1258 2245 λέγουσι
1297 2192 1310 2204 “
1344 2183 1443 2226 τῶν
1491 2177 1738 2226 τόιούτων

1889 2179 2187 2234 Iudaeorum
2216 2178 2460 2235 scientia
2487 2180 2514 2236 ?
2547 2180 2666 2236 Hoc
2687 2180 2934 2252 quidem
2965 2196 3088 2236 non
3118 2179 3327 2236 dicunt
3360 2196 3373 2244 ;
3408 2195 3507 2234 ne-

133 2263 238 2333 γάρ
276 2260 369 2312 οῦκ
397 2262 566 2334 ἔμελεν
597 2263 770 2324 αὐτοῖς
811 2280 827 2298 ο
868 2263 951 2316 ἐπὶ
994 2271 1056 2336 τῇ
1117 2262 1261 2338 ὕϐρει
1315 2259 1374 2316 δε
1429 2272 1523 2325 τῆς
1565 2282 1740 2335 σωμα-

1896 2284 1966 2323 ue
1997 2267 2155 2323 enim
2203 2268 2328 2322 haec
2377 2267 2488 2323 illis
2533 2285 2685 2324 curae
2717 2268 2973 2334 fuerunt,
3009 2268 3116 2325 sed
3163 2268 3237 2324 de
3284 2268 3505 2340 injuria

133 2357 282 2410 τικῆς
357 2351 601 2422 εὐγενείας
686 2351 1091 2424 ἀγανακτοῦσιν,
1175 2353 1593 2413 ὑποπτεύσαντες
1672 2355 1740 2412 ὡς

1886 2355 2173 2429 orporalis
2222 2358 2634 2426 generositatis
2666 2358 3070 2427 indignantur,
3107 2357 3504 2429 suspicantes,

136 2433 346 2500 δούλοις
397 2438 668 2514 ἀνθρώπου
722 2445 862 2503 τινός
917 2441 1073 2494 εἰπεῖν
1129 2441 1308 2502 αὐτοῖς
1376 2442 1457 2493 ὃτι
1515 2441 1739 2494 Ἐλευθε-

1886 2446 2014 2517 ςιιοά
2039 2451 2323 2517 tanquam
2349 2446 2529 2502 servis
2547 2446 2797 2518 alicujus
2827 2446 3085 2502 hominis
3103 2445 3310 2502 dixerit
3340 2445 3504 2517 ipsis,

133 2531 298 2599 ρώσει
370 2529 524 2601 ὑμᾶς.
579 2530 802 2592 Εἰκότως
849 2526 936 2582 οὖν
994 2531 1019 2581 ό
1075 2530 1317 2591 Ἰωάννης
1385 2529 1499 2601 (4-Ἱ)
1552 2529 1740 2601 ἔλεγε.

1891 2533 2147 2589 .iberabit
2179 2549 2293 2589 vos.
2328 2534 2528 2590 Merito
2558 2550 2695 2604 ergo
2727 2535 2962 2591 dicebat
2990 2537 3245 2590 Joannes
3274 2551 3288 2589 ε
3322 2535 3412 2591 Ne
3429 2533 3509 2590 vi-

135 2620 224 2674 Μή
283 2613 470 2680 δόξητε
532 2618 696 2690 λέγειν
792 2618 840 2671 έν
923 2618 1121 2680 ἑαυτοῖς
1177 2635 1190 2649 ⁸
1264 2623 1472 2694 Πατέρα
1552 2621 1741 2690 ἔχομεν

1891 2622 2108 2678 ’eamini
2117 2622 2311 2679 dicere
2323 2624 2480 2680 intra
2495 2626 2703 2690 vos,Pa
2711 2631 2848 2680 trem
2863 2623 3055 2680 habem
3065 2640 3126 2679 us
3138 2625 3182 2678 A
3193 2623 3294 2678 bra
3302 2623 3509 2678 nam“.

141 2710 235 2758 τόν
289 2705 548 2782 Ἀϐραάμ.
610 2715 841 2762 Τοιαῦτα
891 2712 994 2782 γὰρ
1041 2711 1107 2761 τά
1171 2717 1270 2760 τῶν
1331 2705 1601 2762 Ἰουδαίων
1654 2707 1742 2760 αύ-

1891 2711 2278 2782 lujuscemodi
2325 2728 2469 2768 sane
2516 2718 2686 2768 erant
2723 2713 3061 2768 Judaaorum
3108 2711 3509 2781 gloriationes.

136 2800 370 2868 χήματα
436 2799 570 2868 (48).
599 2803 685 2856 Μὴ
745 2801 952 2869 ἔχοντες
1009 2799 1110 2870 γὰρ
1154 2797 1371 2860 οἰκείαις
1432 2796 1639 2872 ἀρεταῖς
1669 2796 1740 2849 iv-

1894 2803 2008 2856 lam
2039 2818 2176 2856 cum
2203 2802 2278 2856 de
2318 2802 2573 2874 propriis
2609 2801 2924 2857 virtutibus
2952 2801 3191 2872 gloriari
3229 2816 3350 2856 non
3382 2815 3512 2871 pos-

141 2889 511 2957 σεμνύνεσθαι,
581 2893 675 2946 τὴν
742 2897 842 2940 τῶν
920 2891 1186 2961 προγόνων
1271 2887 1525 2958 εὐγένειαν
1591 2906 1740 2960 προε-

1895 2897 2002 2958 ent,
2029 2891 2473 2962 progenitorum
2505 2891 2872 2948 nobilitatem
2920 2891 3324 2963 opponebam.
3359 2888 3513 2956 Quid

140 2974 407 3028 ϐάλλοντο.
437 2982 499 3029 Τί
530 2973 616 3029 οὖν
649 2978 673 3028 ό
707 2980 936 3048 Χριστός
967 2995 980 3044 ;
1013 2976 1124 3028 Οὐκ
1155 2975 1360 3046 ἤλεγξεν
1401 2976 1591 3038 αύτούς
1618 2976 1747 3028 πολ-

1898 2995 1998 3050 rgo
2025 2981 2336 3037 Christus?
2363 2984 2492 3037 Non
2521 2982 2774 3037 convicit
2799 2997 2923 3046 eos,
2950 2980 3115 3053 quod
3150 2979 3368 3051 saepius
3399 2993 3516 3034 ser-

138 3065 296 3127 λάκις
353 3063 732 3127 δουλεύσαντας
792 3067 1091 3137 Αἰγυπτίοις
1157 3071 1243 3118 καὶ
1298 3065 1635 3126 Βαϐυλωνίοις
1656 3071 1746 3119 καὶ

1897 3069 2079 3124 issent
2123 3069 2410 3140 1Egyptiis
2459 3075 2516 3124 et
2555 3069 2927 3141 Babyloniis,
2975 3068 3221 3138 aliisque
3265 3065 3514 3120 diversis

141 3153 417 3230 διαφόροις
444 3157 618 3216 ἄλλοις
660 3157 854 3208 ἔθνεσιν
890 3173 902 3185 ⁶
939 3154 1066 3206 ἀλλά
1104 3157 1298 3212 ταύτην
1347 3157 1435 3224 μὲν
1474 3160 1567 3212 τὴν
1620 3151 1749 3207 δον-

1900 3156 2154 3222 entibus,
2175 3157 2278 3210 sed
2304 3158 2459 3212 hanc
2481 3157 2727 3229 quidem
2759 3157 3131 3228 praetermisit
3149 3155 3513 3220 servitutem,

139 3244 285 3296 λείαν
325 3241 656 3319 παρέδραμεν
691 3247 756 3304 ὡς
807 3239 957 3296 οὐδὲν
989 3242 1329 3316 βλάπτουσαν
1373 3246 1466 3301 τὴν
1503 3242 1746 3314 ψυχικὴν

1905 3251 1925 3299 t
1962 3261 2095 3316 quae
2129 3245 2274 3300 nihil
2306 3245 2521 3301 animm
2566 3245 2944 3315 generositati
2970 3243 3188 3300 ofﬁciat
3215 3260 3230 3308 ;
3262 3243 3336 3298 de
3381 3257 3517 3314 pec-

144 3333 422 3404 εὐγένειαν.
459 3339 575 3408 περὶ
627 3330 686 3385 δε
736 3341 832 3395 τῆς
884 3331 1143 3406 ἁμαρτίας
1203 3336 1382 3403 φησὶν,
1416 3334 1528 3392 ἣτις
1583 3331 1746 3390 αὐτὴν

1901 3338 1995 3389 ato
2026 3349 2165 3390 vero
2197 3335 2296 3400 ait,
2325 3335 2490 3406 quod
2524 3333 2604 3388 illi
2635 3339 2824 3403 nocet,
2860 3333 3123 3389 servituti
3163 3347 3298 3387 eam
3336 3330 3519 3400 subji-

148 3422 376 3495 βλάπτει
405 3419 831 3488 καταδουλοῦσα,
865 3417 924 3482 ἧς
949 3423 980 3480 ἡ
1015 3417 1231 3474 δουλεία
1257 3420 1630 3492 χαλεπωτάτη,
1663 3419 1749 3493 ἀφ’

1901 3421 2043 3487 iens.
2091 3423 2262 3494 cujus
2311 3428 2396 3478 est
2441 3423 2776 3477 miserrima
2816 3421 3092 3488 servitus,
3153 3437 3190 3477 a
3232 3435 3356 3492 qua
3397 3434 3519 3474 non

146 3513 208 3569 ἧς
240 3509 495 3586 ἐλευθεροῖ
517 3511 622 3582 οὐχ
644 3511 824 3584 ἔτερος,
855 3509 962 3562 ἀλλ’
1006 3510 1035 3569 ἡ
1078 3514 1231 3583 μόνος
1275 3511 1301 3562 ό
1347 3514 1575 3583 Χριστὸς
1601 3515 1690 3562 καὶ
1718 3512 1749 3568 ἠ

1897 3512 2321 3582 .liusliherabit,
2341 3519 2553 3585 printer
2571 3513 2854 3569 Christum
2886 3528 2955 3567 ac
2973 3511 3312 3566 doctrinam
3339 3509 3515 3564 illius.

153 3597 484 3654 διδασκαλία
510 3600 695 3657 αὐτοῦ.

227 3691 508 3763 Ἀπεκρίθη
568 3719 636 3732 --
693 3687 970 3764 ἁμαρτίας.
1035 3692 1304 3742 Δείκνυσιν
1367 3689 1448 3742 ὅτι
1514 3687 1754 3742 δουλείαν

1941 3691 2101 3747 Vers.
2132 3691 2218 3747 34.
2249 3691 2563 3761 Respondit
2619 3719 2684 3736 -—
2711 3696 2960 3761 peccati.
3012 3688 3303 3753 Ostendit,
3355 3686 3521 3760 quod

157 3778 384 3850 ἐνέφηνεν
432 3777 666 3850 ἀνωτέρω
696 3783 789 3838 τὴν
839 3777 892 3841 ἐξ
921 3778 1202 3852 ἁμαρτίας,
1237 3777 1297 3830 ού
1349 3783 1446 3837 τὴν
1491 3781 1548 3831 ἐκ
1603 3775 1759 3831 δύνα-

1906 3780 2145 3852 uperius
2207 3780 2625 3850 signiﬁcaverit
2664 3779 2883 3836 animus
2915 3782 3256 3835 servitutem
3295 3793 3365 3834 ac
3391 3792 3524 3849 pec-

161 3872 336 3930 στείας
363 3867 655 3942 ἀνθρώπου.
703 3865 814 3921 Ἵνα
844 3864 903 3920 δε
933 3872 1004 3938 μὴ
1057 3870 1292 3931 εἴπωσιν,
1327 3869 1403 3919 ὅτι
1431 3866 1490 3920 Ὀ
1524 3875 1756 3931 Μωυσῆς

1909 3871 2004 3937 ati,
2043 3886 2162 3926 non
2190 3886 2322 3926 eam
2349 3887 2480 3943 quae
2513 3871 2568 3926 vi
2589 3869 2858 3927 humana
2883 3869 3280 3939 contingebat.
3315 3871 3392 3924 Ne
3424 3883 3527 3921 au-

157 3959 295 4029 ἡμᾶς
321 3956 646 4032 ἐλευθερώσει
678 3959 894 4025 ταύτης,
937 3953 1176 4009 δείκνυσι
1207 3953 1240 4008 δ
1248 3959 1301 4008 ιά
1351 3955 1653 4028 παραϐολῆς
1680 3960 1761 4011 ὃτι

1901 3976 1988 4016 em
2015 3959 2277 4016 dicerent
2298 3977 2309 4014 :
2329 3963 2513 4017 Moses
2529 3975 2637 4016 nos
2665 3960 2740 4016 ab
2762 3959 3163 4016 hacliberabit
3196 3974 3210 4023 ;
3238 3973 3342 4029 per
3369 3955 3519 4012 simi-

157 4047 254 4099 ούκ
294 4049 406 4119 ἔχει
455 4045 642 4108 ἐκεῖνος
689 4045 944 4114 ἐξουσίαν,
988 4042 1173 4108 δοῦλος
1219 4046 1308 4115 ὢν,
1356 4044 1464 4098 ἀλλ’
1513 4046 1670 4108 αύτὸς
1696 4049 1761 4108 ὡς

1917 4049 2179 4105 tudinem
2202 4049 2477 4120 ostendit,
2507 4049 2674 4122 quod
2703 4065 2842 4105 cum
2867 4048 2940 4103 sit
2970 4047 3065 4102 ille
3098 4063 3327 4112 servus,
3349 4045 3525 4101 talem

157 4141 300 4200 Υἱός.
1871 4154 1989 4194 non
2023 4138 2244 4193 habeat
2298 4144 2674 4210 potestatem,
2707 4137 2811 4193 sed
2844 4138 2969 4209 ipse
3023 4141 3223 4207 utpote
3255 4134 3454 4188 Filius.

228 4225 286 4279 Ὀ
328 4223 386 4279 δὲ
418 4221 605 4288 δοῦλος
649 4257 718 4267 ο-
759 4225 939 4278 αἰῶνα.
991 4222 1050 4276 Ὀ
1103 4220 1285 4285 δοῦλος
1351 4224 1408 4276 ού
1454 4224 1762 4298 κληρονομεῖ

1941 4227 2102 4282 Vers.
2136 4231 2222 4284 35.
2257 4227 2470 4283 Servus
2495 4233 2688 4283 autem
2711 4258 2780 4268 —
2809 4233 3121 4281 aeternum.
3165 4225 3378 4280 Servus
3407 4235 3527 4276 non

155 4321 247 4372 τὴν
279 4316 445 4368 οἰκίαν
485 4323 576 4367 τοῦ
605 4335 789 4388 κνριου
839 4313 996 4367 αὐτοῦ
1029 4331 1040 4342 ·
1082 4313 1107 4364 ὀ
1159 4315 1272 4374 υἱός
1326 4312 1626 4384 κληρονομεῖ
1673 4313 1762 4364 αύ-

1912 4316 2161 4387 ccipitin
2177 4316 2585 4371 haereditatem
2605 4315 2857 4370 domum
2878 4313 3106 4368 domini
3132 4311 3244 4375 sui,
3260 4310 3418 4365 ﬁlius
3437 4325 3529 4365 ac-

158 4411 274 4463 τὴν.
328 4409 522 4458 Λοιπὸν
573 4405 758 4466 ἐκεῖνος
802 4404 914 4476 (49)
947 4403 1040 4455 οὐκ
1089 4405 1203 4474 ἔχει
1272 4401 1513 4464 ἐξουσίαν
1569 4400 1762 4453 slaves-

1912 4404 2014 4476 ipit
2065 4403 2126 4458 in
2179 4403 2608 4459 hiereditatem.
2643 4403 2845 4474 Itaque
2893 4418 3013 4456 non
3071 4400 3249 4456 habet
3281 4399 3375 4454 ille
3423 4415 3530 4470 po-

156 4501 304 4568 ροῦν,
348 4491 531 4556 δοῦλος
596 4498 663 4546 ὧν
727 4513 740 4526 ’
779 4492 878 4564 εγὼ
943 4496 1052 4563 ἔχω
1119 4491 1356 4554 ἐξουσίαν
1438 4489 1757 4563 ἐλευθεροῦν,

1915 4492 2472 4558 :statemliberandi,
2507 4508 2644 4547 cum
2678 4491 2751 4546 sit
2777 4507 2983 4546 servus
3021 4507 3034 4546 :
3071 4506 3184 4560 ego
3208 4489 3402 4544 habeo
3432 4503 3533 4560 po-

161 4585 281 4645 Υἱός
333 4583 401 4634 ὧν
448 4587 537 4635 καὶ
582 4586 741 4654 μένων
798 4581 845 4633 ἐν
917 4589 978 4653 τῇ
1054 4581 1196 4652 οἰκίᾳ
1249 4587 1338 4632 τοῦ
1399 4585 1597 4653 Πατρός
1652 4599 1752 4652 μου

1915 4586 2141 4637 :statem
2165 4581 2479 4645 liberandi,
2519 4597 2658 4635 cum
2681 4579 2795 4634 sim
2829 4579 3034 4645 Filius,
3068 4584 3124 4634 et
3161 4593 3442 4634 maneam
3475 4577 3533 4632 in

162 4672 242 4725 ἀεὶ
272 4676 360 4724 καὶ
390 4671 716 4746 κληρονομῶν
768 4675 858 4729 τὴν
888 4669 1128 4732 ἐξουσίαν
1168 4669 1348 4722 αὐτοῦ.
1397 4667 1521 4722 Εἶπε
1544 4670 1643 4741 γαρ
1672 4672 1762 4720 καὶ

1918 4686 2054 4726 omo
2117 4670 2305 4726 Patris
2383 4669 2494 4725 mei
2569 4669 2631 4724 in
2690 4675 3004 4738 internum,
3079 4673 3136 4723 et
3195 4666 3536 4723 haereditate

165 4763 338 4816 ὀπίσω
365 4763 446 4816 ὅτι
491 4765 595 4820 Τὴν
646 4764 824 4834 κρίσιν
885 4764 1058 4810 πᾶσαν
1106 4754 1304 4810 δέδωκε
1337 4766 1406 4830 τῷ
1463 4759 1566 4828 Υἱῴ
1627 4774 1640 4788 ο
1675 4761 1764 4810 καὶ

1915 4761 2100 4832 ccipio
2140 4764 2496 4832 potestatem
2547 4758 2766 4829 ipsius.
2832 4757 2980 4813 Nam
3041 4762 3097 4812 et
3147 4755 3420 4828 superius
3451 4754 3533 4810 di-

163 4851 320 4906 παλιν
376 4867 391 4882 ⁶
441 4855 540 4905 Καὶ
614 4849 854 4912 ἐξουσίαν
939 4843 1127 4900 ἔδωκεν
1201 4846 1341 4918 αύτῷ
1421 4852 1512 4899 καὶ
1595 4852 1765 4922 κρίσιν

1919 4849 1982 4914 it,
2015 4848 2178 4920 quod
2205 4848 2506 4903 Iudicium
2523 4863 2683 4903 omne
2700 4846 2856 4901 dedit
2881 4847 3045 4901 Filio
3067 4846 3134 4900 ⁵⁸.
3157 4846 3237 4900 Ac
3262 4860 3495 4900 rursum
3521 4863 3534 4900 :

168 4961 236 4995 πο
243 4948 357 4999 ιεῖν.

1918 4939 1953 4994 .‘t
1979 4943 2325 5008 potestatem
2353 4936 2512 4993 dedit
2533 4935 2582 4990 ei
2607 4938 2781 4991 etiam
2821 4935 3120 5003 judicium
3172 4933 3440 5004 faciendi
3469 4933 3536 4987 ⁸ο.

240 5031 359 5085 Ἐὰν
411 5061 480 5072 -
531 5030 730 5083 ἔσεσθε.
791 5033 898 5082 Νῦν
945 5028 1034 5100 μεν
1072 5028 1170 5100 γὰρ
1221 5026 1316 5079 ούκ
1383 5025 1588 5088 ἀληθῶς
1637 5026 1768 5079 ἑλεύυ

1955 5027 2113 5085 Vers.
2153 5030 2240 5083 36.
2271 5026 2331 5082 Si
2366 5055 2426 5066 -—
2458 5025 2643 5082 eritis.
2680 5028 2836 5082 Nunc
2859 5024 3017 5080 enim
3046 5040 3169 5081 non
3202 5039 3337 5078 vere
3371 5021 3540 5077 liberi

171 5123 312 5195 θεροί
349 5122 483 5188 ἕστε,
541 5115 921 5192 δεδουλωμένοι
949 5124 1011 5191 τῇ
1063 5117 1296 5194 ἁμαρτίᾳ
1340 5131 1355 5148 ⁸
1389 5119 1471 5170 ὅτε
1498 5113 1557 5170 δὲ
1602 5117 1627 5168 ὁ
1654 5118 1768 5179 Υἱός

1924 5117 2038 5183 stis,
2083 5133 2222 5174 cum
2262 5115 2417 5173 servi
2445 5114 2585 5172 facti
2611 5114 2739 5170 sitis
2780 5118 3027 5187 peccato
3060 5130 3072 5170 :
3114 5111 3358 5187 quando
3410 5126 3542 5168 vero

239 5322 288 5357 ⁵³
316 5318 490 5380 Joan.
519 5338 597 5390 γι,
630 5326 718 5381 66.
797 5323 843 5359 ⁸⁸
869 5321 1041 5380 Joan.
1073 5337 1182 5389 xw,
1211 5323 1264 5378 6.
1342 5323 1385 5358 ³⁷
1419 5321 1621 5380 Matth.
1664 5338 1744 5389 In,
1778 5326 1830 5380 9.
1909 5323 1956 5359 ⁸⁸
1983 5321 2152 5380 Joan.
2188 5338 2241 5389 v,
2270 5325 2359 5379 22.
2438 5323 2484 5358 °9
2519 5319 2671 5388 ibid.
2706 5321 2798 5380 27.

1397 5517 1628 5589 .Variaa
1659 5517 1990 5588 lectiones
2023 5527 2091 5588 et
2116 5527 2319 5588 notae.

178 5785 304 5862 alia
317 5785 740 5862 interpretatio,
763 5786 1001 5845 diversa
1030 5802 1066 5845 a
1093 5787 1292 5860 priori.

839 5802 1001 5845 versa
1030 5802 1066 5845 a
1093 5787 1292 5860 priori.
1956 5785 2072 5862 (48)
2099 5785 2360 5862 Σχῆματα
2390 5792 2457 5862 a.

249 5713 365 5797 μᾷ)
393 5708 463 5771 Ἥ
519 5713 1014 5797 interponendum
1043 5713 1291 5800 videtur.
1329 5717 1427 5775 Est
1461 5716 1618 5776 enim
1648 5715 1778 5775 haec
1956 5716 2073 5860 £47;
2105 5714 2372 5788 Baptista
2404 5713 2716 5772 nimirum.

249 5792 740 5860 Iainterpretatio,
763 5786 1001 5845 diversa
1030 5802 1066 5845 a
1093 5802 1292 5860 priori.
1981 5789 2049 5844 4-8
2099 5793 2360 5860 Σχήματα
2390 5792 2458 5842 Α.
2820 5854 2833 5860 Δ
2911 5807 2914 5810 θ

254 5716 365 5796 με)
393 5716 463 5771 Ἦ
519 5716 1014 5797 interponendum
1043 5716 1291 5773 videtur.
1329 5717 1427 5775 Est
1461 5716 1618 5776 enim
1648 5716 1778 5775 haec

254 5803 297 5842 .a
317 5792 740 5858 Interpretatio,
763 5786 1001 5845 diversa
1030 5802 1066 5845 a
1093 5787 1292 5860 priori.

254 5857 368 5931 (46)
397 5855 596 5924 Ψεῦδος
622 5864 684 5918 Α.

1467 5716 1618 5776 enim
1648 5716 1778 5775 haec
1982 5716 2073 5860 47;
2105 5716 2372 5788 Baptista
2404 5716 2716 5772 nimirum.

1981 5789 2049 5844 4-8
2099 5793 2360 5862 Σχήματα
2390 5792 2458 5842 Α.
2911 5807 2914 5810 ’

1956 5716 2072 5937 ἔω)
2105 5863 2290 5917 Moses
2324 5859 2570 5930 scilicet,
2602 5863 2665 5916 ut
2696 5854 2879 5917 modo
2919 5853 3085 5914 dixit.
