4098 6442
157 317 310 377 1297

146 447 241 496 τὸν
299 446 448 511 Θεὸν,
501 451 573 516 τῷ
633 439 693 497 δί
745 450 958 520 Χριστῷ
991 447 1197 519 Πατέρα
1244 439 1380 495 ἴδιον
1429 441 1624 514 λέγοντι
1676 443 1760 493 τὸν
1794 443 1840 497 Α

151 537 289 588 Θεὸν
363 532 743 605 ἐχαλέπαινον;
835 537 976 586 Διότι
1065 531 1249 595 ἐκεῖνος
1332 535 1482 604 φύσει
1556 533 1764 604 Πατέρα

153 623 345 676 ἑαυτοῦ
391 622 553 693 ἔλεγεν
604 622 778 677 αὐτόν.
831 626 900 674 Τό
956 619 1037 692 δε,
1092 621 1264 694 Ἠμεῖς
1315 619 1370 672 ἐκ
1416 625 1655 696 πορνείας
1703 619 1760 672 ού

153 714 504 785 γεγεννήμεθα
561 712 673 784 (54)
734 719 927 765 νοεῖται
983 715 1072 783 μιν
1128 708 1222 764 διὰ
1291 713 1356 763 τὰ
1429 711 1483 773 ἐξ
1541 708 1764 782 Ἰσμαήλ

153 806 492 873 καταγόμενα
540 803 679 869 ἔθνη,
745 803 794 862 ὃς
849 804 904 853 ἐκ
958 798 1207 864 δουλικής
1268 798 1572 866 συμπλοκῆς
1627 798 1761 870 ἐγεν-

153 892 293 948 νήθη
344 898 416 961 τῷ
459 889 716 964 Ἀϐραὰμ,
756 889 834 959 [ἐξ
864 891 975 962 (55)
1034 889 1203 962 ”Αγαρ
1248 897 1338 950 τῆς
1394 885 1613 949 δούλης·
1675 887 1764 939 οἷτε

157 979 331 1032 αὐτῶν
388 979 441 1042 ἐξ
501 979 681 1032 Ἰσαὰκ
733 983 1115 1052 καταγομένων,
1169 979 1220 1039 ὃς
1277 978 1328 1041 ἐξ
1384 978 1616 1050 εὐγενοῦς
1665 978 1762 1048 γά-

153 1088 261 1141 μου
295 1067 535 1140 ἐγεννήθη
588 1077 661 1141 τῷ
687 1067 972 1142 ’Δϐραὰμ,]
1007 1067 1061 1120 ἐκ
1084 1067 1281 1142 Σάρρας
1317 1077 1413 1129 τῆς
1454 1071 1635 1141 κυρίας
1673 1073 1764 1126 τῆς

154 1157 355 1234 ”Αγαρ.

234 1252 465 1320 Λέγουσι
505 1247 618 1320 (56)
660 1244 720 1301 δέ
761 1267 894 1310 τινες
938 1250 1017 1300 ὅτι
1062 1251 1184 1320 πρὸς
1227 1247 1375 1321 ύϐριν
1404 1246 1564 1299 αὐτοῦ
1611 1252 1764 1297 τοῦτο

157 1335 302 1391 εἶπον
347 1341 395 1390 οἱ
453 1337 662 1409 ἐναγεῖς,
699 1334 792 1390 διὰ
820 1341 877 1389 τὸ
907 1337 1147 1408 λέγεσθαι
1205 1337 1359 1389 αὐτὸν
1396 1341 1465 1409 μή
1515 1332 1643 1388 εἶναι
1674 1337 1764 1406 φύ-

159 1447 244 1480 σει
279 1429 386 1479 υἱόν
434 1435 526 1480 τοῦ
575 1427 791 1500 Ἰωσήφ.
839 1425 962 1479 Ὀτε
995 1423 1054 1478 δε
1089 1425 1401 1489 ἐξευτελίσαι
1459 1433 1634 1477 τοῦτον
1684 1425 1762 1476 θέ-

150 1516 332 1584 λουσι,
373 1521 489 1569 τότε
518 1516 670 1569 αὐτὸν
725 1518 835 1568 υἱὸν
873 1522 965 1568 τοῦ
1015 1516 1210 1587 Ἰωσήφ
1256 1515 1594 1587 ὀνομάζουσι,
1640 1515 1764 1565 ποτε

151 1611 248 1678 μεν
301 1614 471 1670 τοῦτο,
529 1609 652 1659 ποτε
697 1602 756 1658 δὲ
809 1604 966 1657 ἐκεῖνο
999 1605 1339 1680 φλυαροῦντες
1380 1608 1469 1656 καὶ
1517 1600 1765 1655 οὐδέποτε

151 1705 217 1770 τῇ
290 1694 506 1768 ἀληθείᾳ
557 1696 929 1766 συντιθέμενοι.
1007 1699 1106 1747 Καὶ
1173 1698 1276 1766 μὴν
1351 1693 1528 1746 πολλοὶ
1596 1692 1762 1744 αὐτῶν

155 1784 212 1836 ἐκ
257 1790 494 1858 πορνείας
564 1783 948 1856 ἐγεννήθησαν⁸
1005 1783 1226 1846 πολλούς
1271 1786 1372 1856 γὰρ
1433 1786 1765 1855 παρανόμους
1797 1799 1835 1852 Β

151 1876 364 1946 γάμους
398 1870 649 1927 Ἰουδαῖοι
680 1872 904 1928 ἐποίουν.
966 1873 1126 1926 Ἀλλὰ
1165 1878 1254 1925 καὶ
1283 1881 1437 1924 τοῦτο
1470 1877 1597 1944 σιγᾷ
1636 1874 1764 1946 πρὸς

155 1967 217 2015 τὸ
245 1964 425 2037 μεῖζον
457 1963 800 2036 ἐπειγόμενος.

235 2143 385 2196 Εἶπεν
421 2174 486 2184 -
523 2142 750 2206 ἐξῆλθον.
781 2141 1109 2213 Ἐγεννήθην,
1137 2145 1167 2200 ἤ
1203 2140 1516 2199 ἀπεστάλήν.

238 2237 337 2286 Καὶ
371 2234 501 2291 ήκω.
535 2235 668 2304 Πρός
697 2233 852 2303 ὑμᾶς.

234 2319 375 2374 Οὖὸε
403 2352 465 2361 -—
499 2319 734 2378 ἐλήλυθα.
764 2319 890 2372 Ἀπὸ
919 2315 1058 2372 ἰδίου
1092 2319 1372 2392 θελήματος
1396 2335 1406 2346 ·
1442 2318 1500 2371 ού
1529 2320 1630 2391 γὰρ
1654 2321 1763 2390 ἔχω

156 2409 220 2464 ῖδ
229 2430 301 2462 ιον
331 2409 546 2482 θελημα,
581 2411 644 2470 ὡς
673 2408 918 2469 πολλάκις
949 2412 1173 2482 εἴρηται.

233 2589 369 2644 Ἀλλ’
429 2621 495 2630 -
559 2587 874 2642 ἀπέστειλεν.
943 2588 1025 2649 Ὡς
1087 2592 1260 2664 πατὴρ
1323 2589 1454 2654 υἱὸν,
1514 2589 1584 2647 ὡς
1643 2592 1762 2648 νοῦς

153 2676 330 2746 λόγον.

232 2769 377 2817 Διάτί
407 2796 470 2803 -
491 2768 804 2834 γινώσκετε;
838 2767 981 2815 Διατί
1004 2763 1070 2814 τὰ
1088 2761 1336 2834 λεγόμενα
1356 2760 1479 2834 παρ’
1502 2759 1625 2832 ἐμοῦ
1651 2760 1758 2831 (57)

154 2855 217 2907 ού
244 2861 432 2918 nostra;
466 2851 593 2906 Εἶτα
618 2854 942 2927 προστίθησι
971 2856 1060 2904 καὶ
1087 2856 1181 2910 τὴν
1211 2851 1382 2903 αἰτιαν
1405 2857 1496 2903 τοῦ
1527 2854 1597 2922 μή
1630 2857 1760 2902 νοεῖν

155 2944 346 3004 αύτούς
372 2943 525 2995 αὐτά.

230 3032 350 3083 Ὀτι
395 3030 643 3103 -ἐμόν,
687 3034 780 3095 Τό,
838 3030 913 3082 Ού
968 3027 1216 3093 δύνασθε,
1265 3031 1322 3081 τὸ
1375 3027 1450 3080 Ού
1511 3025 1762 3099 βούλεσθε

159 3125 408 3192 σημαίνει
433 3128 539 3185 νῦν,
573 3121 654 3172 ὅτι
703 3119 760 3171 ού
794 3118 1045 3191 βούλεσθε
1077 3121 1305 3170 συνιέναι
1357 3120 1442 3168 τὸν
1489 3115 1638 3185 λόγον
1676 3119 1760 3166 τόν
1797 3157 1838 3212 C

154 3208 297 3279 ἐμὸν,
332 3213 417 3259 τόν
450 3213 566 3279 περὶ
599 3205 895 3279 δογμάτων,
931 3203 1023 3258 διὰ
1051 3205 1351 3278 φαυλότητα
1379 3204 1563 3275 ψυχῆς
1583 3209 1760 3274 χαμαὶ

154 3302 446 3368 συρομένης
497 3301 587 3348 καὶ
655 3291 821 3367 μηδὲν
871 3294 1068 3366 ὑψηλὸν
1146 3297 1554 3366 φανταζομένης.
1619 3293 1760 3344 Ἐπεὶ

154 3384 215 3439 δὲ
269 3385 559 3458 ἐτόλμησαν
630 3384 785 3437 εἰπεῖν
842 3389 1042 3457 πατέρα
1110 3383 1303 3435 ἑαυτῶν
1366 3386 1453 3433 τόν
1528 3385 1650 3434 Θεὸν
1711 3383 1759 3432 οἱ

153 3475 351 3537 ἀνάξιοι
415 3480 504 3526 καὶ
569 3481 665 3535 τῆς
717 3480 806 3525 τού
869 3471 1108 3546 Ἀϐραὰμ
1179 3476 1493 3542 συγγενείας,
1561 3469 1758 3544 παρρη-

155 3565 395 3624 σιάζεται
444 3569 532 3616 καὶ
589 3562 779 3634 ἐπάγει
821 3565 1044 3626 τούτοις,
1106 3565 1174 3623 ὡς
1240 3559 1482 3624 ἀνιάτοις,
1535 3579 1757 3632 φανερωο

152 3657 302 3728 τέραν
334 3653 554 3724 πληγήν,
596 3650 905 3726 ἀντίρροπον
937 3651 1050 3722 (38)
1099 3659 1192 3711 τῆς
1251 3648 1634 3721 ἀναισχυντίας
1669 3648 1758 3700 αύ-

152 3751 274 3806 τὼν,
342 3740 700 3794 καταστέλλων
757 3743 815 3792 τό
872 3743 1093 3812 φύσημα
1143 3742 1359 3792 καὶτὸν
1410 3743 1607 3810 κόμπον
1660 3746 1756 3789 τῶν

155 3831 436 3894 ἀλαζόνων.

223 3921 389 3992 Ὑμεῖς
464 3951 529 3959 -
596 3917 729 3972 ἐστέ.
800 3917 965 3991 ’Υμεῖς
1027 3917 1083 3970 ἐκ
1144 3924 1236 3969 τοῦ
1301 3918 1497 3991 πατρὸς
1564 3913 1754 3968 ἐκείνου

150 4008 269 4062 ἕστε
333 4016 424 4061 τοῦ
500 4005 782 4061 διαϐόλουο
835 4008 976 4079 ὑμῶν
1045 4010 1213 4078 πατὴρ
1288 4004 1471 4066 ἐκεῖνός
1543 4003 1682 4057 ἐστιν
1731 4005 1756 4056 ό

152 4095 418 4160 διάϐολος.

228 4193 426 4240 Καὶ-
459 4193 640 4238 ποιεῖν.
695 4191 798 4238 Τοῦ
849 4187 1050 4256 πατρὸς
1097 4185 1239 4256 ὑμῶν
1271 4182 1486 4234 ἐκεινου.
1549 4182 1754 4234 Ἐπιθυ-

149 4281 270 4349 μίαι
301 4280 412 4343 (59)
446 4271 504 4327 δὲ
547 4274 707 4326 αὐτοῦ
747 4277 804 4325 τὸ
836 4272 1275 4347 ἆνθρωποκτονεῖν
1318 4274 1495 4322 καὶτὸ
1540 4267 1752 4342 ψεῦδος,

150 4369 318 4418 εἶτουν
373 4366 396 4415 ό
457 4363 663 4425 σκολιὸς
717 4367 805 4414 καὶ
849 4359 1225 4435 διεφθαρμένος
1273 4358 1411 4432 βίος,
1458 4361 1528 4421 ὡς
1579 4358 1756 4431 ἐφεξῆς

152 4453 277 4527 ἐρεῖ.

223 4543 440 4600 Ἐκεῖνος
499 4572 562 4580 -
608 4539 803 4612 ἀρχῆς.
877 4543 974 4592 Τὸν
1029 4546 1233 4611 πρῶτον
1302 4538 1571 4609 ἄνθρωπον
1624 4537 1756 4588 κτεί-
1790 4508 1833 4562 D

150 4651 259 4698 νας,
325 4634 409 4682 τόν
482 4626 689 4702 Ἀδάμ·
762 4630 917 4690 αὐτὸς
983 4631 1085 4701 γὰρ
1171 4626 1308 4696 αύτῷ
1389 4629 1474 4678 τόν
1540 4627 1756 4678 θάνατον

151 4720 484 4796 προεξένησεν
510 4739 522 4750 ·
558 4716 668 4772 εἶτα
697 4724 786 4770 καὶ
815 4721 902 4770 τὸν
931 4719 1042 4769 υἱόν
1069 4716 1230 4768 αὐτοῦ
1253 4719 1339 4768 τὸν
1363 4714 1518 4768 ’Ἀϐελ
1550 4713 1754 4770 ἀνελών.

152 4811 321 4872 Αὐτός
359 4812 460 4883 γαρ
507 4813 598 4860 καὶ
649 4807 792 4879 αὐτῷ
850 4809 937 4858 τόν
996 4801 1215 4878 ἀδελφὸν
1269 4807 1394 4858 Κάῑν
1443 4803 1757 4864 ἐπανέστησε

149 4905 372 4961 κινήσας
405 4906 476 4968 τῷ
504 4899 698 4970 φθόνῳ.

226 4994 326 5041 Καὶ
377 5018 442 5026 —
499 4987 735 5044 ἕστηκεν.
788 4983 898 5036 Οὐκ
956 4982 1179 5057 ἐμμένει,
1236 4987 1524 5047 τουτέστιν,
1581 4981 1628 5033 ἐν
1684 4991 1756 5054 τῷ

155 5078 292 5149 ὀρθῷ
338 5075 439 5148 βίῳ
469 5075 562 5128 ούκ
611 5074 950 5145 ἀναπαύεται,
1005 5071 1133 5126 ἀλλὰ
1179 5080 1328 5146 μισεῖ
1377 5077 1470 5130 τήν
1508 5075 1757 5131 τοιαύτην

158 5163 436 5217 πολιτείαν.

1151 315 1520 373 COMMENT.
1563 315 1636 372 IN
1674 313 2025 371 JOANNEM.
2068 345 2137 357 -—
2173 315 2325 372 CAP.
2367 315 2509 371 VIII.

3389 316 3530 375 1298

1874 439 2195 514 appellant,
2221 457 2360 498 cum
2391 441 2616 499 Christo
2644 441 2863 499 dicenti
2907 440 3139 498 Patrem
3180 458 3358 499 suum
3397 458 3528 499 esse

1873 530 2061 596 Deum
2095 530 2547 599 indignarentur
2574 531 2602 586 ?
2635 532 2782 597 Quia
2813 530 2909 586 ille
2935 539 3148 587 natura
3192 548 3370 587 suum
3396 546 3528 588 esse

1871 619 2103 675 Patrem
2136 620 2382 675 dicebat.
2412 620 2584 686 Quod
2617 625 2813 676 autem
2843 621 3049 677 dicunt
3083 638 3096 676 :
3123 621 3247 676 Nos
3276 636 3306 677 ε
3325 627 3528 690 stupro

1869 711 2002 764 nati
2027 725 2137 764 non
2170 726 2382 780 sumus,
2426 709 2771 780 intelligitur
2793 715 3033 782 propter
3064 716 3271 780 gentes
3298 727 3426 781 quas
3449 710 3527 766 ab

1873 798 2082 854 lsmael
2134 799 2606 865 descendebant,
2661 801 2767 871 qui
2825 814 2897 854 ex
2953 799 3148 854 servili
3201 814 3529 869 congressu

1870 887 2144 956 Abrahae,
2179 905 2250 944 ex
2279 896 2435 959 Agar
2467 889 2740 946 videlicet
2769 888 2986 945 ancilla
3017 894 3192 944 natus
3219 896 3362 954 erat,
3390 904 3528 943 cum

1870 977 1983 1049 ipsi
2014 977 2090 1032 ab
2113 978 2273 1034 Isaac
2297 978 2749 1044 descenderent,
2774 979 2879 1051 qui
2901 994 2971 1033 ex
2989 977 3253 1049 legitimo
3280 977 3529 1034 Abrahae

1870 1065 2280 1132 matrimonio,
2301 1084 2373 1123 ex
2398 1067 2575 1125 Sarra
2595 1068 2844 1124 domina
2869 1068 3058 1142 ipsius
3082 1073 3238 1139 Agar
3256 1075 3380 1124 erat
3398 1082 3530 1140 pro-

1872 1156 2126 1224 genitus.

1943 1244 2152 1300 Dicunt
2191 1250 2392 1301 autem
2433 1245 2637 1320 aliqui,
2682 1246 2848 1319 quod
2891 1247 2968 1303 ad
3008 1245 3374 1303 inferendam
3416 1244 3530 1318 ipsi

1869 1332 2154 1402 injuriam
2186 1335 2299 1390 hoc
2335 1336 2594 1391 dixerint
2647 1335 3041 1391 exsecrabiles
3081 1335 3184 1400 illi,
3241 1351 3312 1391 eo
3363 1335 3526 1408 quod

1870 1422 2129 1479 dicerent
2191 1439 2310 1479 non
2368 1440 2500 1481 esse
2557 1441 2697 1481 eum
2753 1429 2969 1481 natura
3036 1424 3227 1480 ﬁlium
3285 1425 3526 1497 Joseph.

1871 1512 2122 1576 Quando
2186 1520 2386 1568 autem
2468 1519 2774 1570 attenuare
2853 1531 2992 1570 eum
3072 1502 3299 1580 volunt,
3394 1519 3531 1570 tunc

1871 1599 2059 1655 ﬁlium
2083 1601 2306 1674 Joseph
2337 1603 2540 1675 ipsum
2572 1603 2908 1676 appellant,
2953 1602 3253 1659 interdum
3284 1603 3529 1676 quidem

1873 1687 2006 1752 hoc,
2041 1690 2339 1746 interdum
2369 1708 2508 1748 vero
2543 1693 2688 1748 illud
2734 1697 3052 1764 nugantes,
3113 1700 3166 1748 et
3213 1708 3529 1764 nunquam

1875 1778 2096 1834 veritati
2140 1779 2533 1837 adhaerentes.
2593 1781 2770 1854 Atqui
2830 1781 2997 1838 multi
3037 1797 3296 1838 eorume
3326 1788 3530 1852 stupro

1875 1867 2182 1924 natierant
2214 1869 2446 1936 ;multis
2473 1886 2735 1942 namque
2759 1870 3312 1943 illegitimisnuptiis
3341 1869 3528 1926 Judaei

1875 1956 2318 2028 copulabantur
2349 1977 2361 2027 ;
2413 1975 2622 2016 verum
2651 1960 2781 2016 silet
2812 1959 2993 2016 etiam
3033 1959 3167 2026 hoc,
3193 1975 3528 2033 properans

1874 2047 1946 2102 ad
1972 2047 2033 2103 id
2065 2048 2231 2121 quod
2265 2051 2462 2119 majus
2493 2053 2600 2105 est.

1944 2154 2098 2193 vers.
2121 2137 2212 2192 42.
2254 2140 2446 2193 Ait—
2473 2139 2653 2195 exivi.
2716 2139 2921 2204 Natus,
2953 2138 3045 2195 vel
3086 2138 3309 2194 missus
3367 2153 3528 2206 sum.

1945 2225 2114 2281 Vers.
2154 2227 2241 2283 42.
2283 2227 2361 2282 Et
2394 2227 2542 2284 veni.
2572 2228 2656 2283 Ad
2689 2243 2815 2284 vos.

1943 2318 2104 2371 Vers.
2140 2316 2228 2371 42.
2268 2317 2464 2389 Neque
2515 2348 2583 2357 —
2629 2318 2848 2373 veni.A
2896 2315 3136 2389 propria
3191 2315 3523 2382 voluntate,

1871 2421 2008 2461 cum
2037 2405 2340 2478 propriam
2373 2421 2489 2461 non
2514 2405 2776 2462 habeam
2800 2405 3185 2470 voluntatem,
3213 2411 3275 2461 ut
3305 2406 3527 2478 sapius

1871 2493 2096 2550 dictum
2128 2498 2234 2550 est.

1944 2586 2102 2639 Vers.
2136 2583 2222 2638 42.
2251 2583 2360 2640 Sed
2400 2613 2468 2624 -
2496 2584 2670 2640 misit.
2704 2585 2771 2640 Ut
2821 2588 2990 2657 pater
3018 2583 3233 2651 ﬁlium,
3269 2587 3326 2639 ut
3355 2599 3527 2640 mens

1873 2672 2145 2730 verbum.

1948 2763 2104 2818 Vers.
2143 2767 2230 2820 43.
2277 2763 2467 2831 Quare
2496 2795 2562 2804 —
2602 2763 2920 2834 agnoscitis
2941 2767 2966 2818 .9
2996 2765 3186 2829 Quare
3215 2778 3286 2820 ea
3313 2778 3451 2835 quas
3491 2778 3528 2819 a

1873 2868 1969 2908 me
1986 2852 2287 2921 dicuntur,
2311 2868 2426 2908 non
2462 2852 2782 2923 intelligitis
2811 2855 2840 2910 ?
2870 2851 3087 2909 Deinde
3116 2851 3283 2908 addit
3312 2858 3370 2908 et
3394 2867 3528 2908 cau-

1872 2957 2023 3009 sam,
2055 2957 2160 2996 cur
2191 2942 2302 3012 ipsi
2331 2957 2450 2996 non
2479 2941 2874 3011 intelligerent
2895 2940 3014 2996 illa.

1943 3031 2112 3084 Vers.
2141 3031 2230 3085 43.
2267 3031 2409 3098 Quia
2439 3061 2506 3069 ——
2537 3045 2748 3086 meum.
2784 3061 2849 3069 —
2871 3031 3005 3086 Non
3028 3030 3292 3101 potestis,
3349 3028 3527 3100 signi-

1873 3118 2011 3174 ﬁcat
2036 3135 2214 3184 nunc,
2249 3119 2370 3173 Non
2400 3119 2596 3174 vultis.
2633 3119 2783 3184 Quia
2811 3134 2929 3173 non
2957 3119 3151 3182 vultis,
3189 3119 3402 3190 inquit,
3434 3119 3527 3173 in-

1871 3206 2128 3275 telligere
2155 3223 2490 3262 sermonem
2510 3223 2732 3270 meum,
2765 3207 2953 3279 quide
2986 3206 3223 3261 sublimi
3254 3205 3526 3263 doctrina

1869 3299 1974 3358 est,
2011 3299 2250 3366 prOpter
2263 3295 2479 3350 animae
2504 3299 2710 3350 vestrae
2727 3294 3074 3367 pravitatem
3090 3311 3222 3368 quas
3236 3294 3402 3350 humi
3426 3296 3525 3350 de-

1869 3387 2057 3438 tracta
2084 3389 2194 3451 est,
2228 3390 2283 3438 et
2315 3382 2461 3438 nihil
2500 3383 2755 3438 sublime
2786 3383 3172 3452 imaginatur.
3207 3382 3356 3450 Quia
3386 3399 3524 3438 vero

1868 3471 2062 3527 dicere
2095 3473 2219 3528 ausi
2253 3472 2506 3537 fuerant,
2530 3477 2761 3543 patrem
2785 3488 2960 3527 suum
2994 3487 3120 3528 esse
3147 3473 3354 3538 Deum,
3385 3488 3525 3528 cum

1866 3561 2119 3617 Abrahae
2149 3561 2504 3631 cognatione
2536 3560 2766 3631 indigni
2791 3566 3011 3627 essent,
3033 3560 3215 3616 libere
3244 3560 3521 3633 loquitur,

1867 3658 1924 3707 et
1953 3651 2010 3706 in
2041 3667 2142 3706 eos
2169 3650 2950 3723 tanquamimmedicabiles
2970 3649 3347 3706 manifestius
3375 3649 3526 3706 inﬂi-

1867 3741 1948 3810 git
1978 3741 2211 3805 vulnus,
2249 3740 2411 3809 quod
2442 3741 2709 3812 ipsorum
2733 3739 3118 3813 impudentiae
3145 3740 3522 3812 respondeat,

1867 3830 2226 3885 inﬂationem
2259 3845 2323 3884 ac
2353 3828 2673 3884 elationem
2718 3830 3128 3898 arrogantium
3159 3828 3515 3901 reprimens.

1941 3919 2101 3974 Vers.
2135 3919 2222 3975 4t.
2264 3920 2371 3974 Vos
2398 3950 2467 3958 —
2514 3920 2666 3974 estis.
2700 3919 2822 3973 Vos
2862 3934 2933 3974 ex
2987 3923 3154 3991 patre
3200 3917 3300 3974 illo
3356 3917 3523 3986 estis,

1868 4023 2083 4079 nempe
2119 4006 2352 4063 diabolo
2385 4026 2398 4076 ;
2431 4014 2622 4063 vester
2651 4006 2746 4062 ille
2778 4013 2947 4078 pater
2984 4012 3092 4074 est,
3133 4006 3411 4062 diabolus
3443 4007 3526 4062 vi-

1865 4094 2094 4150 delicet.

1938 4186 2095 4239 Vers.
2141 4187 2229 4239 44.
2271 4185 2347 4238 Ει
2377 4216 2444 4223 -
2475 4185 2733 4253 explere.
2777 4182 2966 4237 Patris
2997 4183 3151 4238 illius
3182 4182 3353 4239 vestri
3382 4204 3392 4246 ;
3427 4182 3525 4237 de-

1867 4272 2080 4326 sideria
2096 4279 2290 4328 autem
2308 4273 2464 4326 illius
2489 4280 2628 4327 sunt
2644 4271 3026 4326 homicidium
3045 4277 3100 4325 et
3119 4271 3521 4336 mendacium,

1867 4362 1989 4416 sive
2017 4360 2260 4432 obliqua
2300 4367 2356 4416 et
2401 4365 2684 4432 corrupta
2713 4361 2851 4423 vita,
2882 4359 3062 4414 veluti
3092 4364 3526 4436 consequenter

1867 4450 2042 4505 dicet.

1937 4538 2102 4594 Vers.
2134 4538 2224 4593 44.
2262 4538 2368 4594 Ille
2400 4569 2463 4578 —
2494 4537 2678 4594 initio.
2716 4537 3026 4593 Interfecto
3055 4537 3251 4609 primo
3283 4536 3524 4592 homine

1866 4627 2052 4683 Adam
2092 4647 2103 4686 :
2135 4643 2277 4683 nam
2306 4627 2434 4699 ipse
2477 4631 2730 4682 mortem
2773 4626 2853 4682 illi
2905 4625 3236 4698 propinavit
3265 4642 3278 4680 :
3308 4624 3525 4682 deinde

1866 4717 2044 4772 etiam
2076 4717 2274 4771 occiso
2299 4715 2420 4770 ﬁlio
2469 4715 2624 4770 illius
2674 4714 2837 4783 Abel,
2885 4715 3182 4788 siquidem
3228 4713 3355 4787 ipse
3391 4713 3528 4770 fecit

1866 4805 2103 4860 fratrem
2128 4806 2255 4876 ejus
2287 4805 2427 4861 Cain
2463 4805 2521 4859 in
2551 4821 2690 4860 eum
2721 4805 3050 4874 insurgere,
3076 4820 3215 4860 cum
3250 4803 3416 4877 prius
3447 4803 3525 4858 ad

1866 4893 2152 4949 invidiam
2192 4892 2359 4948 illum
2393 4893 2698 4949 movisset.

1938 4981 2106 5038 Vers.
2141 4985 2226 5037 44.
2263 4981 2624 5037 Et—stetit.
2669 4984 2795 5038 Non
2849 4980 3198 5054 permansit,
3255 4981 3366 5037 hoc
3412 4984 3520 5050 est,

1868 5071 1929 5128 in
1959 5077 2117 5128 recta
2139 5070 2241 5126 via
2280 5086 2399 5127 non
2431 5069 2702 5143 quiescit,
2737 5070 2842 5127 sed
2870 5069 2993 5126 odit
3018 5071 3120 5142 huj
3133 5070 3357 5149 usmodi
3385 5085 3525 5126 con-

1874 5162 2292 5217 versationem.

1363 5338 1587 5406 Variae
1635 5339 1963 5407 lectiones
2011 5350 2075 5406 et
2117 5347 2318 5406 notae.

226 5537 336 5608 (54)
378 5539 701 5609 Γεγενήμεθα
735 5543 793 5591 Α.

250 5609 338 5680 55)
376 5608 610 5664 Inclusa
634 5608 1076 5680 excideruntiA.

252 5677 338 5747 56)
381 5683 461 5736 lta
489 5680 770 5751 Origenes
803 5685 946 5751 tom.
991 5679 1080 5744 Ν,
1114 5693 1173 5751 p.
1205 5681 1306 5734 327
1340 5677 1400 5735 Β.

251 5751 339 5826 57)
375 5751 502 5826 [Ιαρ’
531 5750 675 5826 ἐμοῦ,
709 5757 847 5825 post
872 5750 931 5804 ού
956 5750 1134 5807 νοεῖτε.
1167 5757 1202 5802 Β

1937 5535 2051 5607 (58)
2092 5536 2304 5610 Πληγὴν
2361 5535 2748 5610 ἀναντίρῥητονᾼ
2776 5535 3084 5610 7A,imale.
3128 5533 3275 5590 illud
3342 5532 3527 5589 habet

1867 5607 2045 5680 etiam
2071 5609 2374 5680 Cbrysost.
2408 5615 2448 5662 t.
2484 5607 2604 5673 viii,
2637 5624 2698 5680 p.
2725 5607 2831 5662 318
2867 5609 2931 5664 Ε.

1940 5679 2053 5750 (59)
2099 5679 2411 5752 Ἐπιθυμίας
2440 5680 2509 5736 Α.
