4098 6454
105 333 277 401 130(

1113 337 1487 397 COMMENT.
1534 335 1604 393 IN
1641 329 1995 391 JOANNEM.
2039 362 2105 375 -—
2145 330 2304 390 CAP.
2353 330 2489 386 VIII.

3367 329 3524 413 13022

100 470 269 543 ὑμᾶς
332 472 406 543 μὴ
456 471 672 541 ἔχοντας
717 472 919 543 πατέρα
969 469 1055 521 τὸν
1108 466 1311 538 Θεόν.]
1368 466 1700 538 Ἀτιμάσαντι

1852 457 2105 528 ostendi,
2136 473 2241 514 vos
2259 458 2444 513 Deum
2467 470 2588 513 non
2614 451 2838 513 habere
2870 462 3101 528 patrem
3135 472 3148 514 :
3173 472 3281 514 vos
3301 462 3505 521 autem

106 556 181 613 6's
242 563 338 613 τὸν
400 558 541 621 Υἰόν,
609 559 901 629 ἠτιμάσατε

103 738 414 811 πέμψαντα
441 737 615 791 αὐτόν.

191 913 334 986 Ἐγώ
364 943 433 955 —-
458 931 580 987 μου.
608 916 715 973 Τήν
740 908 1014 971 ἐκδίκησιν
1041 919 1134 973 τῆς
1163 909 1372 984 ἀτιμίας
1398 928 1521 984 μου.

186 1087 382 1142 "Eat-tu
428 1121 480 1134 —-
526 1093 733 1163 κρίνων.
766 1089 823 1143 Ὀ
869 1094 1050 1161 Πατήρ
1101 1084 1173 1141 δι’
1206 1087 1260 1141 ὃν
1310 1088 1606 1159 ἠτιμάσατέ
1647 1105 1728 1160 με.

100 1182 204 1229 καὶ
239 1181 372 1253 πρὸς
400 1179 454 1231 ὃν
480 1181 511 1238 ἡ
546 1178 728 1253 ἀτιμία
755 1187 848 1232 τοῦ
878 1180 1002 1232 Υὶοῦ
1033 1175 1321 1231 διαϐαίνειν
1352 1172 1510 1231 οἶδεν.
1540 1177 1603 1229 Εἰ
1627 1179 1729 1250 γὰρ

100 1271 205 1318 καὶ
253 1272 355 1325 τήν
396 1272 571 1341 κρίσιν
606 1272 781 1321 πᾶσαν
832 1264 1032 1321 δέδωκε
1072 1276 1144 1337 τῷ
1182 1273 1309 1336 Υιῷ,
1357 1264 1464 1317 ἀλλ’
1513 1265 1618 1338 οὐχ
1661 1269 1729 1329 ὡς

102 1352 354 1407 ἐκϐαλὼν
383 1357 559 1410 ἑαυτὸν
580 1366 672 1411 τοῦ
697 1362 904 1433 κρίνειν,
934 1355 1062 1409 ἀλλά
1090 1352 1229 1420 διότι
1270 1359 1439 1427 Λόγος
1468 1363 1558 1407 τοῦ
1588 1362 1724 1408 Πατ-

100 1448 199 1518 ρός
228 1446 256 1496 ὁ
291 1448 438 1508 Υἱός.

180 1532 329 1609 Ὀρὰ
372 1532 432 1589 δε
476 1544 606 1603 πῶς,
661 1537 743 1589 ὅτε
928 1533 1067 1588 εἶπον
1113 1538 1313 1607 πατέρα
1385 1533 1579 1587 ἑαυτῶν
1636 1538 1723 1587 τὸν

101 1627 263 1692 Θεὸν,
322 1624 724 1701 ἐπαῤῥησιοὶσθη
782 1630 873 1678 καὶ
930 1622 1168 1698 σφοδρῶς
1197 1624 1366 1676 αὐτῶν
1422 1623 1718 1695 καθήψατο.

100 1713 193 1766 ὅτε
264 1711 330 1768 δὲ
390 1715 545 1767 αὐτὸν
601 1715 889 1787 ἠτίμασαν,
952 1710 1188 1775 ἔπιεικῶς
1255 1710 1565 1787 ἀπεκρίνατο
1630 1719 1720 1766 καὶ

975 560 1063 609 τὸν
1131 561 1356 631 Πατέρα.
1426 559 1742 631 Προείρηται

101 652 221 724 ’γὰρ
253 650 338 702 ὅτι
381 650 407 701 ὁ
452 653 523 721 μὴ
556 657 719 721 τιμῶν
749 651 836 701 τὸν
861 648 981 701 Υἱόν
1012 645 1071 699 οὐ
1102 651 1233 719 τιμᾷ
1270 649 1357 698 τὸν
1403 649 1609 720 Πατέρα
1653 647 1739 697 τὸν

1851 546 2063 603 Filium
2094 545 2422 619 ignominia
2480 544 2824 614 efﬁcientes,
2876 545 3104 602 honore
3139 547 3418 622 privastis
3448 552 3509 605 et

1851 636 2091 692 Patrem.
2172 634 2514 691 Praedictum
2584 634 2745 709 enim
2822 640 2931 700 est,
3020 635 3207 707 quod,
3230 635 3333 708 qui
3379 652 3503 695 non

1846 724 2105 783 honorat
2129 724 2354 791 Filium,
2388 738 2511 780 non
2569 722 2822 780 honorat
2876 722 3134 790 Patrem,
3189 726 3293 798 qui
3342 725 3505 782 misit

1846 814 2006 871 illum
2035 817 2106 871 ⁷³.

1916 905 2087 964 Vers.
2112 906 2200 961 50.
2232 905 2362 975 Ego
2393 933 2459 944 —
2487 916 2690 958 meam.
2732 901 3070 961 Vindictam
3117 903 3495 963 contumelias

1845 1010 2015 1051 mem.

1916 1088 2076 1142 Vers.
2114 1086 2202 1141 50.
2237 1086 2331 1141 Est
2360 1113 2428 1124 —
2472 1082 2728 1153 judicet.
2776 1084 2962 1149 Pater,
3013 1090 3258 1157 propter
3309 1100 3492 1158 quem

1840 1173 2066 1231 honore
2099 1190 2194 1230 me
2224 1171 2517 1246 privastis,
2568 1174 2626 1226 et
2673 1169 2750 1226 ad
2776 1187 2960 1243 quem
2993 1172 3112 1229 Filii
3156 1173 3495 1243 ignominia

1838 1264 2090 1320 transire
2110 1265 2386 1320 cernitur.
2420 1264 2568 1318 Nam
2621 1260 2733 1316 etsi
2763 1277 2943 1319 omne
2983 1262 3278 1333 judicium
3325 1263 3490 1321 dedit

1836 1352 2003 1421 FIIIO,
2031 1369 2150 1410 non
2182 1359 2402 1418 tamen,
2436 1355 2601 1427 quod
2636 1367 2698 1411 se
2728 1352 2956 1409 honore
3003 1350 3341 1425 privaverit,
3379 1352 3488 1411 sed

1834 1442 2001 1515 quod
2032 1442 2292 1499 Verbum
2320 1444 2502 1500 Patris
2532 1446 2604 1502 sit
2627 1444 2823 1502 Filius.
3032 1512 3040 1516 _

1905 1531 2051 1588 Vide
2081 1538 2297 1598 autem,
2331 1533 2491 1606 quod
2516 1534 2764 1608 quando
2793 1536 3026 1606 patrem
3052 1532 3165 1588 sibi
3205 1531 3482 1590 dixerunt

1830 1636 1963 1676 esse
1990 1622 2196 1689 Deum,
2223 1622 2405 1679 libere
2452 1623 2759 1696 respondit
2808 1627 2866 1680 et
2911 1622 3171 1693 graviter
3218 1637 3323 1681 eos
3377 1621 3480 1678 ob-

1822 1711 2084 1781 jurgavit
2135 1730 2149 1768 :
2203 1712 2454 1785 quando
2496 1729 2640 1771 vero
2683 1711 3045 1770 contumelia
3091 1726 3226 1767 eum
3269 1710 3481 1768 affece-

96 1807 316 1879 πραέως.
350 1805 577 1858 Ἐτεῦθεν
605 1806 704 1877 γὰρ
754 1800 1064 1857 ἐπαίδευσεν
1102 1804 1241 1875 ἡμᾶς
1289 1804 1358 1855 τὰ
1384 1805 1476 1874 μεν
1523 1802 1591 1864 εἰς
1631 1807 1700 1856 τόπ

1830 1806 1984 1869 runt,
2017 1801 2286 1857 modeste
2317 1801 2626 1873 respondit
2666 1817 2739 1859 ac
2786 1804 3113 1857 mansuete.
3152 1799 3296 1857 Hinc
3325 1800 3477 1857 enim

97 1897 241 1947 Θεὸν
284 1891 529 1963 ἐκδικεῖν,
563 1896 625 1945 τὰ
652 1889 711 1946 δὲ
741 1893 813 1955 εἰς
833 1895 972 1966 ἡμᾶς
999 1898 1252 1967 παρορᾴν.
1290 1896 1389 1945 Καὶ
1437 1891 1594 1954 αὐτὸς
1617 1895 1715 1968 γὰρ

96 1980 476 2056 παραδραμὼν
507 1988 595 2041 τὴν
628 1983 699 2045 εἰς
731 1982 910 2035 ἑαυτὸν
955 1980 1103 2057 ὕϐριν
1153 1980 1237 2034 ἐπὶ
1267 1980 1570 2053 παραίνεσιν
1604 1986 1712 2055 τρέ-

93 2090 283 2126 πεται.

178 2252 242 2304 Ἀ
252 2254 358 2322 μὴν
389 2281 457 2289 -
504 2249 684 2304 αἰῶνα.
743 2255 983 2308 Ζήτησον
1022 2248 1071 2301 ἐν
1126 2258 1199 2320 τῷ
1242 2247 1402 2320 ἐνάτῳ
1454 2246 1712 2320 κεφαλαίῳ

96 2343 185 2400 τὸ.
258 2342 378 2392 Ἐάν
416 2359 490 2400 τις
545 2341 685 2412 φάνη
748 2338 802 2391 ἐκ
859 2342 1045 2392 τούτου
1098 2346 1190 2392 τοῦ
1250 2341 1445 2412 ἄρτου,·
1488 2338 1712 2398 ζήσεται

94 2429 172 2489 εἰς
230 2432 320 2481 τὸν
377 2428 540 2481 αἰῶνα
573 2446 585 2458 ·
645 2433 737 2481 καὶ
790 2427 1050 2501 ἀνάγνωθι
1083 2433 1179 2487 τήν
1232 2427 1484 2499 ἐξήγησιν
1524 2427 1706 2479 αὐτοῦ.

92 2524 332 2580 Νοήσεις
381 2521 480 2590 γὰρ
538 2520 727 2571 ἐκεῖθεν
774 2523 893 2593 περὶ
943 2522 1096 2570 ποίου
1159 2519 1382 2570 θανάτου
1416 2517 1550 2588 λέγει
1596 2524 1704 2573 νῦν.

92 2614 231 2681 Περὶ
286 2607 347 2659 οὗ
404 2612 477 2681 μὴ
543 2612 822 2668 νοήσαντες
894 2606 1075 2660 ἐκεῖνοι
1131 2606 1281 2659 πάλιν
1356 2604 1706 2679 ἀτιμάζουσιν

89 2696 279 2750 αὐτόν.

80 2850 93 2855 μ
177 2783 337 2840 Εἶπον
371 2817 434 2827 -—
479 2787 641 2856 ἔχεις.
684 2792 791 2839 Νῦν
829 2783 1038 2858 μᾶλλον.
1090 2781 1247 2838 Εἶπον
1296 2780 1356 2837 δὲ
1406 2792 1578 2851 τοῦτο,
1634 2787 1705 2847 ὡς

90 2874 291 2927 ἐκείνου
320 2871 477 2934 δῆθεν
507 2883 779 2936 ποιοῦντος
808 2874 988 2928 ἑαυτὸν
1017 2874 1233 2947 μείζονα
1257 2881 1349 2927 τοῦ
1378 2882 1532 2930 Θεοῦ.

171 3050 418 3125 Ἀϐραὰμ
457 3084 521 3093 —
548 3062 834 3125 προφῆται.
870 3055 936 3105 Οἱ
962 3058 1281 3128 τηρήσαντες
1309 3056 1398 3105 τὸν
1436 3053 1583 3126 λόγον
1609 3064 1700 3107 τοῦ

95 3148 256 3195 Θεοῦ.

175 3235 275 3283 Καὶ
330 3261 399 3269 —
472 3238 632 3291 ποιιίς
666 3248 679 3298 ;
714 3230 1018 3285 Ἀκόλουθεν
1067 3233 1157 3297 μὲν
1229 3228 1290 3289 ἧν
1346 3232 1458 3301 (64)
1520 3232 1697 3285 εἰπεῖν’

98 3322 187 3375 Μή
236 3322 301 3371 σύ
349 3319 540 3390 μείζων
579 3317 627 3372 εἰ
663 3327 755 3372 τοῦ
786 3327 920 3372 Θεοῦ
950 3340 964 3387 ς
998 3318 1135 3371 Ἀλλ’
1175 3319 1234 3371 οὐ
1273 3319 1486 3391 λέγουσι
1524 3329 1696 3387 τοῦτο,

99 3409 184 3459 ἱνα
208 3412 280 3479 μή
315 3413 677 3482 συγκρίναντες
699 3408 853 3460 αὐτὸν
877 3417 947 3479 τῷ
976 3412 1085 3479 Θεῷ
1106 3404 1140 3461 δ
1144 3408 1305 3471 οξωσι
1330 3409 1519 3481 μᾶλλον
1544 3417 1699 3482 τιμᾴν

98 3497 273 3551 αὐτον.
308 3496 583 3550 Βούλονται
609 3494 669 3551 δὲ
712 3498 866 3549 αὐτὸν
907 3498 1146 3550 ἐλάττονα
1193 3502 1283 3550 καὶ
1320 3506 1409 3550 τοῦ
1464 3498 1698 3573 Ἀϐραὰμ

97 3583 384 3657 ἀποφῆναι.
438 3592 536 3640 Καὶ
578 3586 671 3639 οὑκ
703 3584 841 3640 εἷπον
872 3596 963 3640 τοῦ
999 3585 1239 3661 Ἀϐραὰμ
1280 3588 1415 3659 (65).
1449 3587 1575 3640 ἀλλά
1605 3598 1695 3642 τοῦ

95 3677 291 3749 πατρὸς
341 3677 507 3747 ἡμῶν,
560 3677 912 3748 κομπάζοντες
958 3675 1133 3742 πάλιν,
1175 3681 1264 3729 καὶ
1306 3686 1370 3751 τῇ
1424 3684 1696 3753 συγγενείᾳ

96 3771 191 3815 τοῦ
224 3763 461 3839 Ἀϐραὰμ
491 3764 958 3839 ἔπισεμνυνὸμενοι.

169 3942 446 4018 Ἀπεκρίθη
478 3974 547 3985 -
593 3942 754 3999 ἔστιν.
803 3941 972 3997 Οὐδέν
1015 3943 1175 4009 ἐστιν,
1230 3947 1301 4006 ὡς
1353 3946 1498 4018 ὑμεῖς
1556 3948 1689 3998 ὑπο-

90 4032 391 4106 λαμϐάνετε.
429 4036 562 4108 Πρὸς
584 4038 677 4092 τὴν
707 4032 910 4087 ἐκείνων
938 4036 1040 4109 γὰρ
1067 4036 1310 4087 ὑπόνοιαν
1346 4044 1501 4088 τοῦτο
1530 4034 1684 4107 εἶπεν,

92 4127 209 4175 ἶσον
256 4121 412 4193 λέγων
453 4131 549 4193 τῷ,
607 4122 723 4176 Ἐὰν
762 4123 863 4195 ἐγὼ
912 4131 1157 4197 μαρτυρῶ
1206 4129 1321 4197 περὶ
1372 4122 1615 4196 ίμαυτοῦ,
1653 4127 1683 4183 ἠ

90 4217 354 4287 μαρτυρία
381 4232 481 4284 μου
507 4211 600 4265 οὐκ
626 4214 765 4265 ἔστιν
799 4211 994 4275 ἀληθής
1028 4232 1041 4244 ·
1084 4213 1206 4287 ὅπερ
1256 4220 1425 4265 κεῖται
1458 4222 1576 4287 περὶ
1623 4215 1689 4266 τὰ

90 4306 228 4375 μέσα
249 4310 337 4353 τοῦ
369 4298 594 4375 ἕϐδομον
623 4302 901 4374 κεφαλαίου
927 4322 940 4335 ο
973 4306 1063 4354 καὶ
1093 4299 1351 4373 ἀνάγνωθι
1387 4306 1476 4360 τὴν
1502 4300 1688 4374 ἐξήγη-

93 4411 178 4443 σιν
207 4409 380 4442 αυτου.

168 4565 340 4621 Ἔστιν
392 4596 460 4607 -
514 4585 595 4639 με.
654 4597 717 4608 —-
800 4566 916 4620 Ἐὰν
982 4565 1081 4638 ἐγὼ
1150 4566 1437 4639 μεγαλύνω,
1500 4572 1678 4640 φησὶν,

92 4657 325 4729 ἐμαυτὸν,
409 4652 548 4708 δοκὼ
616 4658 733 4728 ὑμῖν
806 4653 1111 4726 ψεύδεσθαι.
1185 4656 1366 4709 Ἔστιν
1444 4658 1469 4708 ὁ
1522 4677 1678 4729 μεγα-

88 4748 244 4799 ὶῦνων
293 4763 373 4818 με,
437 4747 464 4798 ὁ
525 4751 701 4816 Πατήρ
768 4764 887 4816 μου.
947 4750 1046 4797 Καὶ
1102 4744 1150 4798 ἐν
1201 4754 1272 4816 τῷ
1326 4746 1537 4820 ῥηθέντι
1573 4750 1675 4818 γὰρ

88 4834 336 4908 κεφαλαίῳ
378 4836 569 4909 ὁμοίους
618 4835 771 4896 εἶπεν,
829 4833 909 4885 ὅτι
957 4839 1057 4889 Καὶ
1111 4836 1136 4886 ὁ
1193 4834 1405 4907 πέμψας
1459 4855 1523 4909 με
1573 4843 1676 4889 Πα-

88 4930 201 4999 τὴρ,
283 4924 430 4984 αὐτὸς
514 4925 881 4998 μεμαρτύρηκε
962 4928 1078 4998 περὶ
1172 4923 1297 4996 ἐμοῦ
1406 4928 1671 4997 Προθερα-

93 5017 226 5067 πεύει
280 5009 336 5066 δε
395 5014 421 5065 ὁ
470 5011 637 5086 μέλλει
689 5011 838 5087 ἕρείν,
900 5014 983 5066 ἶνα
1043 5018 1115 5086 μὴ
1176 5010 1303 5086 δέξῃ
1362 5014 1670 5086 κομπάζειν.

1273 5211 1320 5245 ⁷⁵
1344 5209 1488 5267 ibid.
1516 5211 1608 5267 3t.

161 5208 207 5242 ⁷⁸
233 5207 393 5265 Joan.
422 5224 476 5277 v,
499 5213 587 5267 23.
690 5210 740 5246 τι
767 5211 941 5267 Joan.
977 5225 1054 5279 vr,
1083 5211 1169 5265 51.

1827 1905 1939 1945 nos
1968 1888 2184 1961 docuit,
2222 1895 2283 1945 ut
2310 1889 2581 1952 admissa
2633 1890 2689 1947 iu
2721 1891 2909 1949 Deum
2965 1888 3358 1957 vindicemus,
3411 1887 3477 1945 in

1824 1993 1938 2035 nos
1970 1983 2171 2035 autem
2198 1978 2594 2049 negligemus.
2640 1983 2787 2036 Nam
2835 1983 2891 2034 et
2926 1978 3077 2050 ipse
3137 1976 3358 2041 factam
3411 1977 3473 2033 iu

1826 2083 1890 2122 se
1946 2066 2228 2138 injuriam
2317 2068 2790 2139 prmtermittens,
2841 2066 2923 2123 ad
3002 2065 3471 2125 admonitionem

1822 2156 2203 2213 convertitur.

1893 2248 2057 2304 Vers.
2095 2247 2179 2301 5t.
2232 2246 2418 2303 Amen
2483 2277 2553 2287 —
2614 2253 2916 2304 aeternum.
2982 2246 3185 2311 Quare
3244 2245 3304 2301 in
3353 2245 3471 2304 hoc

1820 2349 1981 2392 nono
2007 2337 2220 2409 capite,
2256 2334 2359 2392 ubi
2410 2336 2667 2392 dicitur:
2725 2335 2790 2392 Si
2836 2334 2957 2406 quis
3022 2334 3329 2392 comederit
3394 2350 3465 2392 ea.

1820 2424 1925 2481 hoc
1947 2440 2117 2496 pane,
2149 2427 2301 2482 vivet
2332 2426 2393 2480 in
2424 2432 2695 2482 aeternum
2746 2426 2817 2493 7‘,
2858 2428 2915 2480 et
2957 2422 3113 2479 illius
3141 2422 3273 2494 lege
3300 2438 3470 2481 enar-

1816 2518 2129 2572 rationem.
2176 2518 2325 2572 Nam
2368 2531 2438 2571 ex
2484 2515 2601 2573 hoc
2651 2514 2968 2585 intelliges,
3009 2514 3085 2571 de
3131 2530 3255 2587 qua
3305 2530 3467 2581 nunc

1816 2611 2005 2661 morte
2031 2604 2327 2677 loquatur;
2356 2603 2431 2661 de
2458 2619 2582 2677 qua
2603 2620 2743 2660 cum
2763 2603 2847 2659 illi
2873 2601 3463 2671 nonintellexissent,

1813 2708 2025 2750 rursus
2045 2709 2186 2749 eum
2217 2693 2579 2750 contumelia
2610 2692 2900 2749 afﬁciunt.

1885 2793 2052 2847 Vers.
2093 2795 2179 2847 52.
2234 2791 2513 2847 Dixerunt
2585 2822 2638 2833 —
2708 2790 2943 2847 habeas.
3003 2792 3170 2847 Nunc
3239 2790 3458 2861 magis.

1812 2881 2098 2939 Dixerunt
2122 2885 2321 2938 autem
2351 2881 2490 2947 hoc,
2523 2880 2699 2954 quasi
2754 2879 2875 2937 Deo
2927 2894 2990 2936 se
3044 2879 3282 2938 fecisset
3330 2880 3461 2954 ipse

1812 2972 2131 3042 majorem.

1882 3061 2046 3117 Vers.
2071 3061 2161 3115 52.
2197 3059 2499 3117 Abraham
2524 3091 2592 3101 —
2646 3059 2961 3131 prophetae.
3020 3059 3130 3125 Qui
3189 3059 3286 3117 Dei
3343 3074 3466 3117 ser-

1740 3178 1780 3232 C
1814 3165 2045 3205 monem
2085 3154 2485 3205 servaverunt.

1884 3238 2043 3293 Vers.
2073 3242 2165 3294 52.
2199 3237 2273 3292 Ει
2309 3263 2367 3274 -
2416 3238 2577 3293 Vers.
2634 3241 2721 3294 53.
2771 3237 2925 3307 facis
2990 3235 3020 3291 7
3077 3235 3462 3310 Consequens

1811 3342 1956 3382 sane
1994 3330 2141 3390 erat,
2186 3331 2249 3381 ut
2286 3326 2544 3381 dicerent
2584 3342 2597 3380 :
2644 3328 2799 3382 Num
2855 3329 2918 3381 tu
2958 3325 3143 3396 major
3172 3341 3236 3380 es
3277 3328 3393 3382 Deo
3432 3325 3461 3382 ‘i

1808 3430 2013 3470 verum
2036 3430 2157 3469 non
2185 3415 2297 3471 hoc
2319 3414 2544 3481 dicunt,
2561 3429 2634 3470 ne
2657 3415 2995 3486 Deoipsum
3016 3420 3456 3485 comparantes,

1809 3504 2142 3561 viderentur
2166 3519 2305 3559 eum
2364 3503 2565 3575 potius
2632 3503 2948 3559 honorare.
3005 3501 3223 3559 Volunt
3258 3509 3457 3563 autem

1805 3594 1936 3666 ipso
1963 3594 2139 3650 etiam
2166 3592 2461 3648 Abraham
2484 3592 2776 3649 minorem
2795 3591 2962 3647 illum
2980 3591 3314 3649 ostendere.
3342 3594 3459 3651 Nec

1804 3683 2082 3738 dixerunt
2106 3680 2446 3754 simpliciter
2474 3680 2798 3747 Abraham,
2861 3680 2964 3738 sed
3024 3686 3190 3753 patre
3247 3687 3456 3739 nostro

1804 3771 2126 3837 Abraham,
2162 3786 2403 3825 rursum
2472 3770 2818 3841 gloriantes,
2883 3775 2939 3826 et
2974 3769 3051 3825 de
3099 3770 3456 3840 cognatione

1803 3859 2103 3915 Abraham
2147 3875 2275 3915 sese
2301 3859 2619 3929 jactantes.

1871 3950 2031 4004 Vers.
2073 3952 2162 4004 54.
2255 3948 2562 4017 Respondit
2637 3978 2703 3989 --
2760 3954 2863 4004 est.
2933 3947 3083 4004 Nihil
3138 3952 3246 4013 est,
3283 3948 3454 4007 sicuti

1799 4054 1903 4093 vos
1955 4039 2395 4108 suspicamini;
2465 4054 2607 4094 nam
2664 4037 2777 4093 hoc
2829 4036 2907 4093 ad
2935 4037 3167 4094 illorum
3227 4039 3453 4109 cogita-

1800 4129 2017 4182 tionem
2070 4127 2305 4183 locutus
2352 4132 2462 4193 est,
2522 4126 2714 4181 simile
2767 4126 2846 4182 illi
2902 4126 3163 4182 dicens:
3231 4126 3290 4182 Si
3353 4143 3447 4198 ego

1799 4216 2196 4273 testimonium
2242 4215 2515 4283 perhibeo
2572 4215 2644 4270 de
2706 4230 2796 4271 me
2850 4218 2993 4284 ipso,
3053 4216 3446 4271 testimonium

1798 4320 1987 4361 meum
2020 4311 2252 4360 nonest
2318 4319 2514 4359 verum
2578 4305 2649 4369 ⁷⁸,
2709 4302 2871 4374 quod
2938 4304 3113 4373 juxta
3174 4302 3449 4358 medium
3528 4342 3533 4346 ς

1796 4391 2034 4464 septimi
2097 4391 2308 4463 capitis
2365 4391 2616 4463 positum
2662 4396 2775 4455 est,
2830 4394 2888 4446 et
2944 4391 3074 4461 ejus
3123 4391 3249 4462 lege
3281 4406 3443 4448 enar-

1722 4509 1762 4560 υ
1795 4483 2107 4538 rationem.

1864 4570 2033 4625 Vers.
2070 4569 2160 4625 54.
2188 4568 2296 4624 Est
2326 4598 2396 4609 —
2424 4584 2528 4623 me.
2569 4567 2638 4626 Si
2674 4582 2803 4639 ego,
2852 4568 3066 4641 inquit,
3123 4568 3445 4640 magniﬁco

1792 4675 1872 4714 me
1908 4659 2119 4727 ipsum,
2155 4658 2361 4714 videor
2396 4657 2568 4713 vobis
2608 4657 2880 4714 mentiri:
2915 4658 3021 4715 Est
3067 4669 3234 4730 pater
3260 4673 3442 4728 meus,

1789 4750 1890 4820 qui
1916 4748 2258 4818 magniﬁca!
2297 4762 2408 4803 me.
2445 4750 2589 4802 Nam
2626 4747 2913 4818 praedicto
2954 4763 3196 4820 quoque
3249 4748 3444 4820 capite

1786 4836 2052 4893 similiter
2076 4837 2223 4893 dixit
2255 4853 2267 4892 :
2298 4837 2371 4892 Et
2397 4836 2501 4908 qui
2530 4836 2687 4892 misit
2733 4851 2822 4894 me
2869 4838 3069 4902 Pater,
3122 4838 3249 4907 ipse
3279 4838 3445 4901 testi-3

1781 4925 2045 4983 monium
2072 4925 2371 4995 perhibuit
2401 4924 2469 4981 de
2518 4941 2610 4981 me
2635 4927 2701 4981 π.
2736 4924 2997 4982 Primum
3027 4930 3220 4984 autem
3278 4926 3442 4984 viam

1785 5014 2085 5087 praestruit
2111 5014 2206 5070 bis
2237 5030 2374 5086 quae
2428 5014 2693 5070 dicturus
2751 5020 2859 5083 est,
2884 5030 2958 5071 ne
2988 5014 3231 5086 gloriari
3276 5013 3444 5071 vide-

1706 5212 1754 5246 ⁷⁸
1778 5209 1925 5267 ibid.
1956 5212 2047 5266 37.

1266 5413 1486 5484 Variae
1529 5413 1859 5483 lectiones
1912 5425 1975 5482 et
2018 5422 2221 5483 notae.

178 5609 261 5667 6H
298 5610 445 5665 Λῦτῶ
475 5610 651 5667 Addit
673 5613 740 5666 A.
894 5654 899 5658 .

178 5609 239 5666 6t
298 5610 445 5665 Λῦτῶ
475 5610 740 5667 AdditA.
894 5654 899 5658 .

157 5609 263 5754 $65;
298 5667 424 5757 Hoc.
439 5698 558 5739 non
577 5683 831 5757 exclusit
847 5679 1206 5757 vocabulum
1226 5680 1666 5757 ’AGPaap,quod

95 5758 312 5827 uterque
359 5754 417 5810 in
460 5761 619 5811 textu
654 5753 852 5821 habet,
888 5754 991 5810 sed
1022 5758 1189 5827 urget
1236 5756 1295 5807 τὸ
1324 5753 1437 5806 ’τοῦ
1466 5757 1660 5827 πατρὸς

1776 5612 1941 5684 ἡμῶν.
1983 5611 2328 5685 Accuratius
2349 5612 2613 5681 dixisset,
2655 5617 2746 5667 καὶ
2775 5611 2881 5685 οὐχ
2907 5611 3079 5674 ἁπλῶς
3110 5607 3272 5676 εἶπον,
3308 5608 3435 5664 ἀλλὰ

1775 5685 1909 5755 μετὰ
1937 5684 2267 5756 προσθήκης.
