4098 6424
175 330 324 388 1305

1267 328 1612 386 COMMENT
1652 330 1721 386 IN
1758 329 2109 387 JOANNEM.
2151 361 2220 372 -
2256 331 2414 386 CAP.
2459 328 2554 386 IX.

3408 331 3430 386 1
3443 331 3548 388 306

254 462 355 512 Καὶ
385 489 453 498 -
481 455 709 531 ἑώρακας
735 473 750 524 ;
776 455 964 530 ’ῼοντο
989 456 1092 529 γὰρ
1124 455 1276 508 αὑτὸν
1307 455 1462 527 ἔγγὺς
1490 453 1618 509 εἶναι
1657 475 1765 509 πεν·

1960 456 2123 511 Vers.
2158 457 2246 510 57.
2273 455 2446 510 Et—
2495 455 2696 511 vidisti
2747 453 2776 509 ν
2829 453 3126 511 Putabant
3188 454 3348 510 enim
3405 471 3544 512 eum

175 553 406 606 τήκοντα
456 546 578 599 ἑτῶν
628 543 722 598 διὰ
771 551 865 602 τήν
921 545 1258 617 πολυπειρίαν
1314 545 1494 599 αὐτοῦ.
1541 547 1670 598 Τινὰ
1718 540 1777 597 δὲ

179 646 279 688 τῶν
332 638 444 707 (71)
498 635 823 710 ἀντιγράφων
862 637 1257 708 τεσσαράκοντα
1297 636 1609 710 γράφουσιν,
1652 636 1776 706 ὅπερ

181 721 328 779 δοκεῖ
353 725 733 800 ἀκριϐέστερον.

252 901 402 956 Εἶπεν
454 935 521 944 -
577 904 702 966 εἰμι.
752 903 841 965 Ὠς
906 906 1055 966 Θεὸς.
1112 908 1212 956 Καὶ
1269 901 1363 955 οὐκ
1421 899 1579 970 εἶπεν,
1642 899 1777 972 Ἐγὼ

177 995 341 1064 ἤμην,
419 991 523 1045 ἀλλ’
585 994 715 1064 Ἐγώ
767 993 875 1065 εἰμι
917 995 942 1045 6
1003 991 1082 1045 ἀεὶ
1143 997 1230 1044 ὧν.
1263 995 1333 1044 Τό
1359 994 1447 1057 μὶν
1496 987 1584 1042 οὖν
1642 993 1778 1061 γενέ-

179 1083 308 1134 σθαι
367 1089 584 1134 κτιστοῦ
618 1086 717 1134 ’τό
812 1078 870 1134 δε
936 1081 1056 1154 Εἰμὶ
1135 1080 1386 1133 ἁκτίστου
1435 1081 1452 1151 [
1509 1084 1599 1132 καὶ
1660 1081 1776 1150 (72)

175 1175 396 1223 κτίστου

251 1260 417 1335 Ἦραν
455 1288 509 1301 -
558 1260 735 1313 αὐτόν.
793 1263 858 1313 Οἱ
893 1267 1076 1332 ταχεῖς
1116 1263 1244 1333 πρὸς
1272 1264 1419 1332 φόνον
1450 1279 1462 1292 ο
1493 1258 1774 1332 Ἠγρίαναν

175 1351 280 1422 γὰρ
330 1346 574 1412 δόξαντες
624 1347 941 1422 ὑϐρισθῆναι
983 1353 1069 1401 τόν
1128 1347 1366 1424 Ἀϐραὰμ
1408 1366 1420 1377 '
1455 1349 1566 1420 ἅμα
1594 1345 1653 1401 δὲ
1685 1353 1775 1400 καὶ

175 1443 384 1509 γνόντες
413 1441 491 1492 ὅτι
523 1435 800 1497 ἀιδιότητα
839 1446 972 1492 Θεοῦ
997 1439 1326 1512 περιτίθησιν
1352 1437 1534 1508 ἐαυτῷ.

251 1617 458 1678 Ἰησοῦς
515 1615 574 1671 δε
621 1617 837 1691 ἐκρύϐη.
883 1619 1134 1692 Ἀόρατος
1191 1616 1369 1678 αὐτοῖς
1429 1620 1652 1674 κατέστη
1707 1623 1768 1687 τῇ

175 1706 392 1780 ίξουσίᾳ
422 1715 512 1768 τῆς
552 1709 811 1768 θεότητος.

252 1801 352 1850 Καὶ
385 1799 544 1872 ἱεροῦ.
570 1803 681 1850 Ἰνα
707 1795 1012 1855 κατασταλῆ
1047 1798 1072 1848 6
1107 1798 1269 1868 θυμός
1297 1795 1486 1850 αὐτῶν.

247 1974 464 2028 Διελθών
493 2007 562 2015 -
591 1975 780 2028 αὐτῶν.
835 1980 922 2034 Μὴ
967 1975 1266 2046 ἰσχυόντων
1298 1971 1426 2026 ἰδεῖν
1467 1974 1639 2030 αὐτόν.
1677 1981 1773 2030 Καὶ

173 2061 326 2117 διατί
376 2064 470 2116 οὐκ
527 2063 759 2127 ἕξίλυσεν
790 2064 957 2116 αὐτῶν
997 2069 1090 2121 τὴν
1140 2060 1362 2135 δύναμιν
1405 2069 1496 2116 καὶ
1553 2072 1779 2136 φανερῶς

172 2152 481 2225 ἀνεχώρησε
502 2169 516 2218 ;
549 2158 691 2206 Διότι
708 2155 816 2206 οὔθ’
839 2154 999 2214 οὕτως
1021 2152 1223 2224 ἔμελλον
1252 2156 1534 2206 πιστεύειν.
1559 2155 1770 2226 Καὶγὰρ

171 2241 224 2294 ἐν
253 2251 322 2312 τῷ
351 2250 518 2315 καιρῷ
549 2250 641 2293 τοῦ
702 2244 906 2303 Ῐιάθους
951 2244 1163 2303 ὑπτίους
1195 2243 1307 2312 (73)
1359 2242 1543 2303 αὐτοὺς
1571 2242 1768 2316 ἔρριψε,

170 2337 264 2384 καὶ
294 2335 388 2384 τὰς
409 2331 550 2402 ὄψεις
581 2331 748 2384 αὐτῶν
771 2330 1031 2395 ὶσκότισε,
1073 2337 1162 2384 καὶ
1192 2332 1284 2384 οὐκ
1315 2330 1646 2386 ἐπίστευσαν,
1669 2332 1769 2383 06-

172 2415 262 2472 δεν
291 2422 390 2492 γὰρ
423 2427 602 2491 χεῖρον
631 2418 820 2491 ψυχῆς
853 2418 1230 2491 ἀπεγνωκυίας.
1289 2418 1394 2472 Κᾶν
1441 2423 1542 2493 γὰρ
1577 2427 1771 2492 σημεῖα

168 2505 291 2581 ἴδη,
318 2507 413 2560 κᾶν
444 2513 654 2583 τέρατα,
683 2513 820 2582 μένει
850 2513 943 2568 τὴν
970 2510 1132 2568 αὐτὴν
1175 2513 1380 2582 ἔχουσα
1407 2509 1560 2562 πάλιν
1588 2508 1770 2562 ἀναισ-

165 2603 415 2670 χυντίαν.

247 2692 346 2740 Καὶ
374 2695 608 2760 παρῆγεν
629 2688 814 2750 οὕτως.
845 2687 1115 2751 Ἐϐάδιζεν
1155 2689 1332 2755 οὕτως,
1367 2693 1438 2762 μὴ
1473 2693 1769 2762 φαινόμενος

165 2775 368 2838 αὐτοῖς.

423 2872 568 2920 ΚΕΦ.
612 2864 665 2920 Γ.
693 2871 816 2940 Περὶ
843 2874 936 2919 τοῦ
975 2866 1030 2920 ἐκ
1067 2877 1272 2939 γενετῆς
1300 2867 1515 2940 τυφλοῦ.

243 2959 344 3007 Καὶ
373 2985 443 2994 —
470 2965 695 3026 γενετῆς.
722 2955 944 3008 Βεϐαιῶν
974 2955 1010 3009 ἃ
1038 2953 1165 3021 εἷπε,
1197 2962 1286 3010 καὶ
1314 2959 1654 3029 πιστούμενος
1688 2959 1766 3010 ὄτι

1887 543 2071 600 ferme
2127 559 2260 599 esse
2309 543 2917 616 quinquagenarium,
2995 548 3239 615 propter
3291 543 3544 600 multam

1886 634 2020 706 ejus
2063 634 2336 706 peritiam
2387 639 2442 690 et
2487 633 2933 706 experientiam.
3004 633 3287 698 Quaedam
3343 640 3543 689 autem

1888 723 2254 794 exemplaria
2323 721 2562 788 habent,
2613 722 3042 794 quadraginta,
3087 722 3264 796 ,quod
3313 722 3546 779 videtur

1887 827 2014 868 esse
2044 813 2256 868 verius.

1958 901 2118 956 Vers.
2199 905 2284 957 58.
2339 901 2511 958 Dixit
2576 931 2645 940 —
2710 903 3204 973 sum.Tanquam
3250 901 3423 956 Deus.
3481 902 3546 957 Et

1885 1005 2001 1046 non
2055 990 2222 1054 dixit,
2285 993 2406 1060 Ego
2447 1005 2612 1046 eram
2654 1009 2671 1061 ;
2706 989 2832 1057 sed,
2882 990 3008 1060 Ego
3032 1005 3180 1058 sum,
3238 990 3337 1061 qui
3391 1005 3548 1046 sem-

1884 1095 1991 1150 per
2021 1097 2178 1135 sum.
2211 1080 2350 1136 Fieri
2379 1080 2670 1152 siquidem
2701 1079 2783 1135 rei
2815 1085 3026 1135 creatae
3056 1083 3176 1147 est;
3205 1081 3350 1136 Sum
3382 1095 3543 1144 vero,

1883 1168 2160 1225 increatre
2222 1174 2278 1224 et
2305 1175 2536 1226 creatas.

1955 1260 2117 1314 Vers.
2154 1259 2238 1315 59.
2282 1260 2572 1316 Tulerunt
2609 1291 2672 1300 —
2704 1274 2852 1315 eum.
2878 1259 3124 1315 Veloces
3189 1259 3266 1314 ad
3297 1258 3541 1315 caedem.

1886 1349 2224 1420 Exasperati
2257 1354 2396 1404 sunt
2448 1349 2607 1404 enim
2657 1354 2934 1418 putantes
2982 1348 3200 1418 injuria
3263 1347 3542 1406 affectum

1884 1454 2017 1493 esse
2075 1438 2378 1494 Abraham
2431 1456 2444 1491 :
2487 1438 2662 1494 simul
2711 1439 2908 1503 etiam,
2967 1438 3068 1494 ubi
3122 1438 3544 1509 cognovissent

1884 1527 2049 1600 quod
2079 1528 2178 1582 Dei
2209 1527 2590 1583 aeternitatem
2625 1527 2737 1582 sibi
2769 1527 3114 1583 vindicaret.

1957 1617 2122 1673 Vers.
2153 1619 2244 1674 59.
2275 1619 2435 1672 Jesm
2474 1624 2668 1672 autem
2691 1619 3021 1674 occultatus
3061 1623 3163 1672 est.
3193 1617 3302 1672 Per
3331 1617 3544 1674 divini-

1885 1709 2018 1764 tatis
2043 1708 2372 1780 potentiam
2403 1707 2711 1764 invisibilis
2763 1709 2849 1763 eis
2883 1707 3149 1764 effectus.

1810 1817 1851 1871 Β
1957 1798 2121 1852 Vers.
2149 1798 2238 1852 59.
2283 1798 2360 1853 Et
2390 1829 2457 1838 —-
2505 1797 2732 1866 (empto.
2791 1799 2860 1852 Ut
2914 1796 3152 1852 illorum
3186 1798 3419 1853 sedaret
3451 1797 3540 1853 fu-

1885 1902 2080 1943 rorem
2091 1927 2102 1938 .

1958 1977 2122 2032 Vers.
2149 1981 2235 2032 59.
2271 1976 2668 2034 Pertransiens
2713 2007 2779 2017 —
2808 1976 3070 2032 illorum.
3105 1977 3246 2032 Cum
3280 1975 3362 2032 illi
3402 1991 3538 2032 eum

1884 2066 2083 2122 videre
2126 2082 2246 2122 non
2292 2070 2561 2138 possent.
2627 2068 2691 2120 Et
2731 2081 2917 2137 quare
2949 2081 3072 2120 non
3130 2065 3393 2121 dissolvit
3425 2065 3545 2121 illo-

1881 2172 2016 2211 rum
2048 2156 2346 2219 virtutem,
2380 2161 2437 2210 et
2497 2154 2812 2210 manifeste
2887 2155 3128 2210 recessit
3173 2154 3200 2209 ?
3246 2155 3391 2220 Quia
3435 2170 3543 2210 nec

1883 2245 1968 2300 sic
2016 2245 2294 2300 credituri
2367 2249 2556 2299 erant.
2635 2243 2858 2298 Etenim
2907 2248 3177 2314 tempore
3234 2244 3540 2314 passionis

1880 2335 2130 2407 supinos
2163 2334 2295 2390 illos
2324 2334 2556 2405 dejecit,
2605 2348 2936 2404 eorumque
2999 2339 3271 2404 aspectus
3327 2333 3542 2389 obscu-

1878 2426 2050 2492 ravit,
2096 2431 2151 2481 et
2197 2441 2320 2480 non
2371 2423 2768 2478 crediderunt.
2823 2425 2970 2478 Nam
3026 2423 3229 2478 anima
3279 2422 3541 2494 reproba

1879 2515 2028 2570 nihil
2056 2520 2142 2570 est
2171 2515 2345 2587 pejus
2375 2530 2387 2568 :
2420 2513 2552 2569 licet
2581 2512 2739 2568 enim
2782 2512 2956 2582 signa
2999 2512 3199 2569 videat
3235 2528 3306 2568 ac
3339 2511 3539 2584 prodi-

1878 2605 1993 2674 gia,
2023 2621 2190 2660 suam
2223 2608 2421 2660 tamen
2454 2617 2693 2674 semper
2721 2601 2933 2657 retinet
2961 2600 3428 2673 impudentiam.

1948 2695 2112 2750 Vers.
2150 2694 2218 2750 59
2259 2694 2338 2749 Et
2367 2694 2454 2750 ita
2479 2691 2840 2764 praeteribat.
2885 2690 3252 2748 Ambulabat
3285 2691 3386 2758 ita,
3418 2706 3541 2747 non

1878 2799 2174 2856 apparens
2209 2782 2344 2838 illis.

2235 2874 2386 2929 CAP.
2418 2873 2482 2928 X.
2518 2873 2596 2927 De
2623 2887 2758 2926 creco
2787 2887 2825 2926 a
2851 2871 3178 2927 nativitate.

1948 2964 2086 3036 Cap.
2136 2963 2234 3018 IX.
2292 2964 2432 3018 Vers
2470 2968 2516 3016 t.
2568 2962 2644 3017 Et
2688 2991 2758 3000 —
2787 2961 3118 3015 nativitate.
3170 2957 3543 3015 Conﬁrman-

168 3047 295 3102 Θεὸς
343 3042 505 3108 ἔστιν,
562 3044 712 3104 εὐθὺς
743 3047 956 3118 ἔρχεται
1004 3043 1087 3098 ἰπὶ
1142 3047 1317 3117 θαῦμα
1368 3051 1637 3117 μέγιστον,
1677 3051 1765 3097 καὶ

1894 3052 1974 3116 in,
2023 3051 2189 3124 quod
2253 3052 2502 3115 dixerat,
2557 3051 2860 3122 ﬁdemque
2891 3049 3135 3113 faciens,
3175 3048 3340 3121 quod
3385 3049 3540 3104 Deus

167 3137 327 3199 μήπω
411 3136 576 3204 μέχρι
624 3137 739 3185 τότε
793 3138 1079 3205 γενόμενον.
1138 3132 1331 3206 Τυφλοὶ
1379 3138 1468 3206 μεν
1519 3138 1620 3208 γὰρ
1677 3140 1766 3186 καὶ

167 3219 317 3271 ἄλλοι
375 3219 652 3290 ἀνέϐλεψαν
696 3237 708 3250 ⁸
751 3220 940 3292 τυφλός
995 3218 1054 3274 δε
1111 3221 1158 3274 ἐν
1205 3232 1412 3293 γενετῆς
1443 3226 1553 3293 (74)
1593 3219 1764 3284 οὐδεὶς

165 3311 302 3382 ἄχρι
322 3315 456 3363 τότε.
497 3313 584 3362 Διό
613 3314 702 3361 καὶ
729 3307 1017 3380 ἀναϐλέψας
1048 3310 1214 3382 ἔλεγεν
1264 3331 1276 3343 ·
1313 3312 1398 3364 Ἐκ
1430 3320 1520 3364 τοῦ
1579 3312 1766 3373 αἰῶνος

164 3398 259 3451 οὐκ
289 3399 527 3456 ἠκούσθη
553 3399 634 3450 ὅτι
680 3397 850 3461 ἤνοιξε
874 3417 950 3459 τις
987 3398 1280 3472 ὀφθαλμοὺς
1308 3401 1500 3473 τυφλοῦ
1529 3419 1764 3472 γεγεννη-

165 3491 342 3560 μένου.

243 3760 342 3808 Καὶ
399 3786 466 3797 -
516 3757 736 3828 γεννηθῇ
769 3756 1094 3831 ;Ἐρωτῶσιν
1161 3757 1266 3829 οὐχ
1320 3760 1390 3819 ὡς
1437 3765 1591 3811 τοῦτο
1641 3761 1766 3811 πάν-

165 3863 263 3905 τως
318 3846 347 3904 ἣ
409 3847 568 3897 ἐκεῖνο
633 3845 1098 3919 ὑπολαμϐάνοντες,
1154 3849 1386 3922 καθάπερ
1441 3850 1490 3900 οἱ
1555 3846 1765 3907 ἀνόητοι

167 3931 419 3987 Ἰουδαῖοι
446 3948 461 3964 ’
487 3938 544 3987 τὸ
573 3937 665 4006 μεν
715 3937 816 4008 γὰρ
875 3935 1122 4008 ἁμαρτεῖν
1173 3940 1272 4009 πρὸ
1333 3944 1425 3990 τοῦ
1455 3939 1765 4008 γεννηθῆναι

166 4019 444 4092 ἀδύνατον,
477 4027 534 4075 τό
567 4020 626 4076 δε
651 4025 778 4099 ὑπερ
809 4033 910 4076 τῶν
936 4030 1125 4096 γονέων
1170 4025 1486 4087 κολάζεσθαι
1537 4023 1723 4080 οἰδικον
1748 4044 1760 4057 °

165 4110 271 4164 ἀλλ’
303 4115 446 4164 ἔστιν
480 4113 506 4165 6
533 4117 729 4176 σκοπὸς
776 4121 868 4166 :66
897 4113 1055 4185 λόγου
1079 4122 1332 4175 τοιοῦτος,
1389 4115 1448 4167 Ὁ
1472 4118 1562 4187 μὲν
1593 4119 1764 4190 παρά-

162 4200 314 4262 λυτος
345 4198 438 4254 διὰ
480 4204 572 4264 τὰς
617 4202 874 4275 ἁμαρτίας
925 4205 1086 4254 αὐτοῦ
1141 4204 1366 4271 ἠσθένει,
1425 4206 1598 4265 καθὼς
1663 4203 1767 4257 ἐκεῖ

163 4292 536 4363 μεμαθήκαμεν
586 4310 600 4325 ο
651 4296 768 4364 περὶ
819 4294 999 4344 τούτου
1041 4288 1099 4344 δὲ
1154 4293 1265 4360 (75)
1306 4297 1358 4344 τί
1411 4292 1574 4364 λέγεις
1615 4309 1629 4359 ;
1681 4297 1764 4354 Τίς

1875 3146 2032 3196 esset
2071 3141 2270 3196 statim
2344 3141 2506 3195 venit
2557 3139 2633 3193 ad
2681 3138 3037 3194 miraculum
3092 3139 3448 3202 maximum,
3483 3142 3540 3193 et

1875 3246 2065 3301 usque
2096 3230 2170 3285 ad
2203 3229 2260 3284 id
2289 3229 2574 3300 temporis
2605 3242 2920 3298 nunquam
2953 3225 3196 3281 factum.
3229 3226 3538 3298 Siquidem

1873 3323 1931 3373 et
1977 3317 2073 3373 alii
2115 3317 2256 3373 caeci
2297 3317 2492 3372 visum
2547 3321 2915 3385 receperunt,
2958 3330 3164 3369 verum
3198 3314 3298 3386 qui
3351 3331 3385 3370 a
3434 3329 3538 3370 na-

1874 3406 2096 3462 tivitate
2149 3422 2342 3462 caecus
2395 3405 2620 3472 fuisset,
2673 3403 2872 3458 nullus
2940 3417 3129 3474 usque
3161 3402 3238 3458 ad
3284 3402 3342 3457 id
3397 3407 3542 3458 tem-

1874 3512 2007 3569 pus.
2043 3495 2180 3551 Ideo
2230 3495 2430 3560 etiam,
2490 3494 2593 3566 qui
2625 3492 2821 3547 visum
2881 3493 2950 3563 (j)
2981 3491 3218 3562 recepit,
3252 3490 3490 3547 dicebat
3521 3492 3536 3534 ἓ

1872 3587 1921 3641 A
1955 3585 2168 3640 seculo
2206 3599 2322 3638 non
2385 3589 2466 3639 est
2507 3583 2800 3645 auditum,
2855 3580 3011 3652 quod
3060 3579 3358 3649 aperuerit
3388 3581 3540 3652 quis-

1871 3675 2032 3745 piam
2067 3673 2257 3729 oculos
2279 3673 2414 3728 caeci
2465 3672 2597 3727 nati
2645 3673 2713 3725 ⁸ο.

1946 3766 2112 3818 Vers.
2187 3766 2240 3816 2.
2299 3763 2378 3818 Et
2426 3767 2751 3817 nasceretur
2797 3760 2826 3816 7
2893 3757 3359 3829 Interrogabant,
3414 3774 3536 3815 non

1875 3853 2038 3924 quod
2091 3852 2202 3908 hoc
2233 3856 2337 3908 aut
2365 3851 2513 3906 illud
2539 3849 2789 3906 omnino
2811 3848 3278 3920 suspicarentur,
3337 3864 3538 3921 quem-

1874 3940 2206 3997 admodum
2274 3939 2622 4012 insipientes
2693 3938 2930 4003 Judasi;
2981 3952 3124 3992 nam
3187 3937 3348 3993 hunc
3405 3953 3539 4008 pec-

1875 4045 2062 4093 casse,
2137 4034 2463 4102 antequam
2522 4033 2700 4084 natus
2769 4031 2941 4090 esset,
2993 4025 3367 4097 impossibile
3415 4031 3538 4081 erat

1875 4135 2054 4190 porro
2080 4134 2186 4190 pro
2232 4118 2583 4189 parentibus
2651 4116 2849 4188 puniri
2882 4115 3169 4185 injustum
3212 4130 3226 4179 ;
3269 4114 3370 4169 sed
3403 4114 3536 4169 ﬁnis

1875 4207 2170 4262 sermonis
2224 4206 2352 4262 talis
2409 4211 2517 4261 est.
2571 4204 2935 4274 Paralyticus
2993 4202 3236 4274 quidem
3296 4206 3538 4273 propter

1874 4299 2121 4366 peccata
2161 4311 2269 4349 sua
2317 4293 2669 4359 aegrotabat.
2730 4293 2879 4346 sicut
2918 4291 2999 4346 ibi
3043 4290 3366 4344 didicimus
3404 4305 3416 4344 :
3461 4290 3535 4344 de

166 4380 412 4451 ἥμαρτεν,
469 4378 614 4438 οὗτος
653 4378 682 4437 ἦ
735 4381 783 4430 οἱ
827 4386 995 4450 γονεῖς
1062 4379 1220 4430 αὐτοῦ
1277 4382 1469 4451 ςὴμεῖς
1500 4381 1600 4453 γὰρ
1649 4381 1765 4432 οὔτε

1894 4400 1989 4438 ioc
2021 4389 2241 4445 autem.
2312 4382 2454 4440 quid
2517 4381 2666 4436 dicis
2715 4380 2742 4434 ?
2788 4381 2924 4448 Quis
2971 4380 3250 4447 peccavit,
3311 4377 3427 4442 hic,
3458 4393 3532 4434 an

163 4472 317 4517 τοῦτο
338 4468 454 4517 ὀῦτε
483 4464 641 4518 ἐκεῖνο
673 4461 942 4540 δυνάμεθα
979 4465 1160 4538 λέγειν,
1197 4467 1449 4528 παντελῶς
1481 4466 1765 4542 ἐξαπορού-

163 4572 328 4627 μενοι.

235 4741 283 4776 ⁸ο
302 4740 476 4798 Joan.
507 4757 586 4810 rx,
619 4741 705 4798 32.

1870 4478 2140 4542 parentes
2171 4474 2297 4541 ejus
2336 4470 2364 4525 ?
2414 4487 2525 4526 nos
2557 4470 2717 4525 enim
2745 4483 2940 4540 neque
2979 4467 3110 4530 hoc.
3165 4481 3360 4538 neque
3391 4465 3535 4523 illud

1874 4559 2067 4616 dicere
2119 4576 2464 4632 possumus,
2515 4559 2765 4615 omnino
2795 4555 3126 4614 conturbati
3157 4555 3532 4628 consilioque

1873 4649 2156 4706 destituti.

1368 4843 1590 4912 Variae
1621 4845 1949 4914 lectiones
1984 4857 2048 4914 et
2090 4854 2292 4916 notae.

229 4985 341 5057 (71)
363 4983 594 5057 Scilicet
622 4982 1056 5057 Chrysostomi,
1081 4985 1184 5057 qui
1205 4985 1490 5042 audacter
1517 4989 1597 5044 ita
1627 5003 1750 5044 cor-

161 5056 323 5130 rexit.
375 5056 516 5112 Vide
558 5060 700 5112 tom.
732 5056 1214 5130 Vll_l,7pag._324.
1257 5058 1754 5130 Chrysostomum

159 5126 423 5200 sequitur
451 5143 604 5184 unus
621 5143 692 5184 ex
709 5126 1017 5200 codicibus
1044 5126 1499 5200 Mosquens'r'bus
1523 5131 1752 5187 N.Test.

161 5210 216 5273 g.
239 5195 340 5273 Qui
373 5202 460 5252 est
483 5215 614 5273 cum
660 5199 923 5273 scholiis.
967 5195 1270 5267 Origenes,
1324 5201 1427 5273 qui
1458 5207 1606 5257 tom.
1650 5203 1751 5267 XX,

159 5268 216 5322 in
239 5269 526 5324 Joannem
559 5269 690 5326 hth
718 5272 860 5326 data
895 5286 1078 5343 opera
1133 5268 1568 5342 interpretatur,
1591 5273 1755 5330 hunc

160 5355 396 5412 versum
455 5346 643 5396 totum
709 5343 1106 5412 praetermisit.
1155 5349 1480 5401 Πεντήκοντα
1514 5351 1755 5400 servant

158 5409 354 5482 Cyrill.
390 5417 426 5466 t.
451 5412 575 5487 IV,
603 5428 660 5483 p.
695 5409 796 5468 585
824 5414 883 5467 C.
921 5415 1393 5487 ;_Tbeophylact.
1432 5431 1488 5487 p.
1530 5417 1635 5487 690
1670 5419 1707 5471 Ε
1739 5433 1752 5481 ;

158 5498 408 5610 geverus
446 5484 506 5538 in
538 5485 761 5540 Catena
813 5485 1094 5553 Corderii,
1136 5484 1329 5558 p.243
1380 5505 1394 5555 ;
1431 5484 1487 5543 et
1515 5486 1752 5544 codices

200 5555 529 5610 robatiores
558 5570 784 5610 omnes.

200 5555 529 5610 robatiores
558 5570 784 5611 omnes.

339 5732 448 5803 Qui
479 5733 686 5790 visum.
723 5734 888 5790 Forte
918 5734 1082 5806 legit,
1113 5731 1198 5791 διὸ
1238 5740 1326 5788 καὶ
1355 5736 1380 5788 ὁ
1435 5734 1747 5814 ἀναϐλέψας.

1932 4991 2045 5060 (72)
2080 4989 2314 5046 Inclusa
2353 4988 2573 5044 absunt
2620 4989 2686 5044 A.
2722 4989 2976 5050 Κτίστης,
3008 4983 3320 5057 quomodo
3349 4985 3530 5042 etiam

1866 5059 2208 5117 Eustathius
2245 5060 2457 5125 scribit,
2489 5061 2595 5133 qui
2652 5076 2791 5117 cum
2851 5063 3036 5117 κτίτης
3062 5060 3529 5183 οοωρδτδιἙτο

1866 5133 2231 5183 substantive
2265 5133 2514 5183 accipio.
2569 5147 2708 5183 non.
2775 5136 2835 5183 ut
2886 5131 3196 5183 interpres.
3229 5143 3338 5183 nro
3368 5143 3404 5183 a
3451 5129 3529 5183 ie-

1866 5133 2231 5188 substautivo
2265 5129 2526 5206 accipio;
2569 5147 2708 5197 non,
2775 5136 2835 5186 ut
2886 5131 3196 5201 interpres,
3229 5143 3338 5199 pro
3368 5129 3502 5186 adie

1867 5206 2046 5260 ctivo.

1937 5276 2049 5348 (73)
2070 5277 2153 5332 Ita
2179 5274 2530 5348 plerumque
2545 5274 3006 5346 Chrysostomus
3023 5277 3280 5336 oratorie
3297 5277 3526 5342 laudat,

1863 5346 2038 5402 Joan.
2070 5363 2229 5402 xvm.
2262 5351 2314 5409 6,
2338 5346 2520 5401 ἔπεσον
2551 5353 2750 5419 χαμαί.

1934 5419 2324 5484 (74)Γεννητῆς.

1938 5489 2050 5558 (75)
2074 5493 2134 5542 Δὶ
2165 5489 2335 5546 abest
2375 5497 2440 5544 Α.
