4098 6436
114 406 246 471 1293

1106 407 1474 475 COMMENT.
1517 415 1586 473 IN
1626 417 1976 476 JOANNEM.
2025 452 2092 461 —
2130 422 2285 479 CAP.
2326 405 2473 478 VIII.

3336 421 3477 482 1294

109 545 314 612 ταχέως
337 539 688 602 ἀπεπήδησαν
718 547 809 596 καὶ
838 546 969 619 πρὸς
994 543 1166 617 ὕϐρεις
1197 543 1388 617 μᾶλλον
1418 543 1705 619 ἐξετράπη-

1850 550 1947 602 cet
1985 547 2097 619 ipsi
2127 546 2296 602 citius
2339 547 2418 604 ab
2447 563 2518 604 eo
2566 547 2949 616 recedebant,
3001 553 3057 606 et
3095 549 3175 606 ad
3222 549 3474 622 injurias

115 650 229 686 σαν.

183 718 386 791 Ἔλεγεν
418 751 486 761 -
510 717 818 783 Ἰουδαίους.
851 725 984 796 Πρὸς
1001 726 1114 784 τοὺς
1136 727 1547 786 πεπιστευκότας
1576 727 1706 790 τότε,

115 809 185 870 ὡς
219 812 443 883 εἴρηται.

189 898 303 951 Ἐὰν
333 930 396 940 -
427 898 564 957 ἔστί.
611 899 729 952 Ἐὰν
779 901 927 974 ὑμεῖς
964 900 1257 974 ἰμμείνητε,
1288 903 1354 962 ὡς
1406 910 1506 954 τῶν
1548 901 1712 954 ἄλλων

117 992 187 1060 μὴ
221 986 588 1060 ἐμμεινάντων,
641 995 768 1061 περὶ
806 990 874 1042 ὧν
932 987 1067 1044 εἶπεν
1125 993 1150 1043 ὁ
1199 990 1592 1062 εύαγγελιστής,
1633 992 1714 1042 ὃτι

122 1076 304 1130 Πολλοὶ
335 1076 564 1137 ἀπῆλθον
595 1087 694 1131 τῶν
720 1081 969 1150 μαθητῶν
995 1080 1173 1145 αὐτοῦ,
1205 1079 1278 1142 εἰς
1301 1081 1366 1132 τὰ
1408 1078 1596 1144 ὀπίσω,
1625 1085 1714 1132 καὶ

119 1166 211 1217 οὐκ
237 1169 312 1218 ἔτι
341 1165 451 1238 μετ’
478 1167 636 1220 αὐτοῦ
685 1170 1050 1242 περιεπάτουν.
1104 1168 1221 1221 Ἐὰν
1247 1170 1389 1240 ὑμεῖς
1420 1167 1712 1240 ἐμμείνητε,

119 1260 269 1326 φησὶ,
304 1265 374 1326 τῷ
402 1255 538 1328 λόγῳ
563 1264 634 1328 τῷ
673 1255 801 1329 ἐμῷ,
833 1262 994 1328 ἤγουν
1047 1265 1107 1330 τῇ
1159 1254 1489 1330 διδασκαλίᾳ
1525 1276 1625 1329 μου
1656 1257 1715 1314 ἢν

119 1341 324 1407 διδάξω
353 1351 508 1417 υμᾶς,
540 1352 656 1398 τότε
708 1344 914 1410 ἀληθῶς
951 1349 1184 1419 μαθηταί
1236 1348 1336 1419 μού
1390 1345 1527 1403 ἐστε.
1556 1349 1714 1398 Οὔπω

117 1435 218 1505 γάρ
241 1431 376 1486 ἐστε.

195 1527 292 1574 Καὶ
329 1525 592 1592 γνώσεσθε
621 1529 714 1582 τὴν
754 1522 1017 1583 ἀλήθειαν.
1043 1525 1182 1596 Ἐμέ.
1216 1525 1353 1595 Ἐγὼ
1381 1527 1503 1597 γὰρ,
1535 1526 1708 1596 φησὶν,

121 1608 227 1680 εἰμὶ
250 1612 278 1668 ἡ
310 1609 550 1669 ἀλήθεια.
586 1615 698 1681 (45)
726 1615 993 1666 Γνὼσεσθε
1018 1617 1112 1672 τὴν
1143 1613 1384 1671 ἀληθειαν
1413 1613 1535 1686 παρ’
1566 1611 1711 1684 ἐμοῦ.

119 1701 196 1749 Τὰ
223 1701 324 1772 γὰρ
352 1704 541 1772 νομικὰ
583 1705 754 1754 πάντα
786 1705 944 1763 τύπος
989 1707 1080 1755 καὶ
1113 1705 1239 1754 σκιὰ
1288 1707 1379 1754 καὶ
1426 1702 1575 1755 εἰκὼν
1622 1709 1718 1763 τῆς

121 1785 367 1850 ἀληθείας
396 1788 519 1842 εἰσί.

196 1883 293 1930 Καὶ
328 1910 387 1919 --
416 1880 568 1951 ὑμᾶς.
601 1879 728 1933 Ἀπὸ
761 1889 859 1932 τῶν
882 1880 1174 1955 ἁμαρτιῶν.

192 1965 577 2042 Ἀπεκρίθησαν
658 2001 727 2009 —
807 1972 1088 2041 γενήσεσθε
1154 1986 1167 2035 ;
1233 1969 1462 2042 Ἀφέντες
1539 1968 1716 2034 εἰπεῖν,

118 2060 180 2106 Τί
227 2052 314 2107 οὖν
350 2054 586 2127 ςψευδος
636 2059 662 2108 ὁ
709 2062 864 2130 νόμος
893 2075 907 2123 ;
939 2055 1146 2130 ψευδὴς
1359 2059 1388 2116 ἠ
1439 2065 1537 2109 τῶν
1587 2059 1717 2110 Ἰου-

121 2140 285 2195 δαίων
313 2154 507 2215 γνῶσις
541 2162 556 2213 ;
587 2155 742 2199 τοῦτο
787 2149 880 2220 μὲν
937 2147 995 2199 ού
1027 2147 1240 2217 λέγουσι
1279 2163 1291 2175 ·
1326 2155 1424 2198 τῶν
1473 2149 1718 2198 τοιούτων

115 2234 219 2305 γάρ
257 2232 350 2285 οὐκ
379 2234 548 2306 ἔμελεν
579 2235 751 2296 αὐτοῖς
792 2252 808 2270 ⁸
849 2235 932 2288 ἐπὶ
975 2243 1037 2308 τῇ
1098 2234 1242 2309 ύϐρει
1296 2232 1355 2288 δε
1410 2244 1504 2297 τῆς
1546 2254 1721 2307 σωμα-

115 2329 263 2382 τικῆς
337 2322 583 2394 εὐγενείας
668 2323 1072 2396 ἀγανακτοῦσιν,
1155 2325 1574 2386 ὑποπτεύσαντες
1653 2327 1722 2385 ὡς

118 2405 326 2472 δούλοις
378 2411 650 2486 ἀνθρώπου
703 2417 843 2475 τινός
898 2413 1054 2466 εἰπεῖν
1111 2413 1289 2475 αὐτοῖς
1357 2415 1438 2466 ὃτι
1497 2413 1720 2467 Ἐλευθεο

115 2503 279 2571 ρὼσει
351 2501 506 2572 ὑμᾶς.
560 2502 783 2564 Εἰκοτως
829 2498 917 2554 οὖν
974 2503 999 2554 ὁ
1056 2502 1297 2564 Ἰωάννης
1366 2501 1480 2573 (47)
1533 2501 1720 2574 ὒεεγε.

116 2593 204 2646 Μὴ
264 2585 451 2653 δόξητε
513 2590 678 2663 λέγειν

123 2682 214 2730 τὸν
270 2678 529 2755 Ἀϐραάμ.
592 2687 822 2734 Τοιαῦτα
871 2684 974 2754 γὰρ
1022 2683 1088 2733 τὰ
1151 2689 1251 2732 τῶν
1312 2677 1582 2734 Ἰουδαίων
1634 2680 1722 2733 αύ-

119 2773 352 2840 χὴματα
417 2770 551 2840 (48).
580 2775 666 2828 Μὴ
724 2773 932 2842 ἔχοντες
989 2772 1091 2843 γὰρ
1135 2770 1352 2832 οἰκείαις
1413 2768 1619 2844 ἀρεταῖς
1649 2768 1722 2822 ἐν·

123 2861 492 2929 σεμνύνεσθαι,
562 2865 656 2918 τὴν
723 2869 822 2912 τῶν
900 2863 1167 2933 προγόνων
1251 2859 1505 2930 εὐγένειαν
1571 2878 1722 2934 προε-

772 2590 820 2644 ίν
903 2591 1102 2652 ἑαυτοῖς
1158 2608 1171 2621 ⁸
1246 2596 1453 2666 Πατέρα
1533 2594 1722 2663 ἔχομεν

122 2947 388 3000 ϐάλλοντο.
418 2954 480 3001 Τί
511 2945 597 3001 οὖν
629 2950 654 3000 ὁ
689 2953 915 3021 Χριστός
947 2967 960 3017 ;
994 2948 1105 3001 Ούκ
1136 2948 1340 3019 ἤλεγξεν
1382 2948 1571 3011 αύτούς
1598 2949 1727 3002 πολ-

119 3038 276 3099 λάκις
334 3034 712 3099 δουλεύσαντας
772 3039 1072 3110 Αἰγυπτίοις
1137 3044 1224 3091 καὶ
1279 3037 1616 3100 Βαϐυλωνίοις
1637 3044 1727 3091 καὶ

123 3125 397 3202 διαφόροις
425 3128 599 3188 ἄλλοις
641 3130 834 3179 ἔθνεσιν
870 3145 882 3158 '
920 3127 1046 3178 ἀλλὰ
1085 3129 1279 3185 ταύτην
1327 3130 1416 3197 μὲν
1455 3133 1548 3185 τὴν
1601 3124 1730 3180 δον-

120 3216 266 3268 λείαν
305 3214 638 3291 παρέδραμεν
672 3219 736 3277 ὡς
787 3212 938 3268 οὐδὲν
969 3214 1310 3288 βλάπτουσαν
1354 3220 1448 3274 τὴν
1485 3215 1728 3287 ψυχικὴν

124 3306 403 3375 εὐγένειαν.
439 3310 556 3380 περὶ
607 3302 667 3358 δὲ
717 3313 814 3367 τῆς
865 3303 1124 3379 ἁμαρτίας
1184 3309 1363 3376 φησὶν,
1397 3307 1509 3365 ἣτις
1564 3304 1726 3363 αὐτὴν

128 3395 357 3467 βλάπτει
386 3391 812 3461 καταδουλοῦσα,
847 3389 905 3454 ἧς
931 3395 962 3453 ἠ
996 3390 1212 3447 δουλεία
1238 3393 1611 3466 χαλεπωτάτη,
1644 3392 1730 3465 ἀφ’

125 3486 187 3541 ἧς
220 3481 476 3558 ἐλευθεροί
498 3483 603 3554 οὐχ
625 3483 804 3556 ἔτερος,
837 3481 944 3535 ἀλλ’
987 3483 1016 3542 ἦ
1059 3486 1212 3555 μόνος
1256 3485 1282 3534 ὁ
1327 3486 1556 3556 Χριστὸς
1581 3487 1671 3535 καὶ
1699 3485 1730 3541 ἠ

132 3569 466 3625 διδασκαλία
490 3572 676 3629 αὐτοῦ.

207 3663 489 3735 Ἀπεκρίθη
549 3692 616 3704 -—-
673 3661 952 3736 ἁμαρτίας.
1015 3665 1284 3714 Δείκνυσιν
1347 3662 1428 3715 ὅτι
1495 3659 1734 3714 δουλείαν

135 3750 365 3823 ἐνέφηνεν
413 3749 647 3822 ἀνωτέρω
677 3755 770 3810 τὴν
820 3749 873 3814 ἐξ
901 3751 1182 3824 ἁμαρτίας,
1218 3750 1278 3802 ού
1330 3755 1426 3810 τὴν
1472 3753 1529 3805 ἑκ
1583 3748 1739 3804 δανα-

139 3845 316 3903 στείας
343 3839 636 3914 ἀνθρώπου.
684 3838 794 3894 Ἵνα
825 3837 884 3892 δε
913 3845 985 3911 μὴ
1038 3843 1273 3904 είπωσιν,
1307 3841 1384 3892 ὅτι
1412 3839 1470 3892 Ὀ
1507 3847 1737 3903 Μωυσῆς

135 3931 276 4001 ἡμᾶς
302 3928 628 4004 ἐλευθερώσει
659 3931 875 3997 ταύτης,
919 3926 1157 3982 δείκνυσι
1187 3926 1281 3981 διὰ
1331 3928 1633 4000 παραϐολῆς
1660 3932 1741 3982 ὅτι

135 4019 234 4072 οὐκ
275 4022 386 4091 ἔχει
435 4017 623 4080 ἐκεῖνος
669 4017 924 4086 ἐξουσίαν,
969 4015 1154 4080 δοῦλος
1200 4019 1289 4088 ὡν,
1337 4017 1446 4071 ἀλλ’
1494 4019 1650 4081 αύτός
1676 4021 1741 4080 ὡς

135 4113 228 4164 Υἱό
239 4130 280 4171 ς.

207 4197 267 4250 Ὀ
309 4194 367 4250 δε
399 4194 586 4260 δοῦλος
630 4229 699 4238 --
740 4197 920 4250 αἰῶνα.
973 4195 1032 4248 ¢0
1084 4192 1266 4257 δοῦλος
1331 4196 1389 4249 οῦ
1434 4196 1743 4271 κληρονομεῖ

133 4292 226 4345 τὴν
259 4287 425 4339 οἰκίαν
465 4295 557 4339 τοῦ
586 4307 770 4359 κυριου
821 4285 977 4338 αὐτοῦ
1010 4303 1022 4314 ·
1063 4285 1088 4336 ὁ
1140 4287 1252 4346 υἱὸς
1306 4284 1605 4358 κληρονομεῖ
1653 4286 1742 4338 αύ-

135 4383 255 4435 τήν.
309 4381 503 4430 Λοιπὸν
554 4377 738 4438 ἐκεῖνος
783 4377 894 4447 (49)
929 4375 1021 4426 οὐκ
1070 4377 1184 4446 ἔχει
1252 4374 1492 4437 ἐξουσίαν
1549 4373 1742 4427 ἐλευθε-

1814 635 2011 704 magis
2039 634 2457 692 deﬂectebant.

1891 723 2049 779 Vers.
2079 727 2167 780 3t.
2201 723 2364 780 Dixit
2390 756 2456 764 -
2489 724 2743 782 Iudaeos.
2776 726 2866 782 Ad
2897 742 3023 796 eos,
3049 726 3154 800 qui
3199 730 3362 796 tunc,
3412 732 3475 784 ut

1818 812 2043 868 dictum
2070 817 2171 878 est,
2206 813 2598 870 crediderant.

1893 901 2055 958 Vers.
2081 901 2168 956 3t.
2203 901 2284 957 Sit
2307 902 2573 958 -—eritis.
2607 903 2665 959 Si
2691 920 2793 960 vos
2818 905 3292 976 permanseritis,
3327 906 3480 962 sicut

1821 991 1920 1046 alii
1951 1007 2072 1046 non
2128 998 2605 1061 permanserunt,
2647 991 2721 1048 de
2752 993 2976 1064 quibus
3023 992 3178 1049 dixit
3226 1008 3480 1064 evange-

1820 1080 1955 1135 lista
1975 1097 1987 1134 :
2008 1081 2188 1135 Multi
2207 1080 2592 1148 exdisciputis
2607 1083 2734 1151 ejus
2759 1083 3036 1138 abierunt
3064 1088 3408 1147 retrorsum,
3422 1089 3479 1140 et

1813 1171 1946 1239 jam
1987 1185 2105 1224 non
2145 1184 2274 1225 cum
2313 1186 2373 1225 eo
2399 1171 2790 1227 ambulabant
2819 1173 2888 1224 ⁸⁵.
2925 1202 2992 1211 —-
3017 1172 3079 1228 Si
3111 1187 3229 1237 vos,
3263 1173 3475 1244 inquit,

1824 1258 2328 1324 perseveraveﬁtis
2358 1259 2420 1314 in
2462 1275 2715 1315 sermone
2755 1275 2898 1324 meo,
2936 1259 3060 1316 sive
3117 1261 3177 1318 in
3207 1261 3480 1316 doctrina

1828 1363 1981 1413 mea,
1996 1362 2182 1419 quam
2204 1363 2317 1418 ego
2341 1346 2566 1404 docebo
2587 1365 2710 1414 vos,
2735 1355 2872 1405 tunc
2899 1365 3026 1407 vere
3058 1350 3345 1420 discipuli
3368 1350 3481 1408 mei

1827 1437 1990 1493 erilis
2020 1438 2067 1472 ⁸⁵
2093 1452 2108 1502 ;
2137 1437 2404 1492 nondum
2432 1437 2591 1493 enim
2623 1438 2788 1496 estis.

1903 1524 2060 1581 Vers.
2091 1527 2180 1582 32.
2219 1527 2297 1581 Et
2321 1528 2674 1597 cognoscetis
2705 1529 3030 1585 veritatem.
3065 1529 3187 1584 Hoc
3217 1532 3308 1584 est
3340 1543 3434 1584 me
3463 1543 3478 1586 :

1829 1615 1958 1684 Ego
1989 1615 2169 1681 enim,
2203 1615 2304 1685 ait,
2331 1631 2456 1672 sum
2487 1618 2715 1673 veritas.
2751 1616 3138 1687 Cognoscetis
3163 1631 3305 1672 ame
3338 1616 3483 1672 veri-

1827 1709 2026 1758 tatem.
2061 1706 2203 1760 Nam
2237 1705 2443 1761 omnia
2473 1705 2688 1776 legalia
2707 1706 2921 1776 ﬁgura,
2956 1707 3167 1763 umbra
3196 1714 3251 1762 et
3277 1707 3482 1776 imago

1827 1797 1963 1847 sunt
1990 1793 2265 1848 veritatis.

1751 1901 1791 1955 Β
1900 1882 2064 1940 Vers.
2092 1882 2178 1939 3'2.
2203 1884 2278 1938 Et
2309 1915 2375 1924 —
2407 1899 2522 1939 vos.
2564 1885 2608 1938 Α
2645 1885 2920 1956 peccatis.

1901 1971 2064 2027 Vers.
2107 1975 2194 2027 33.
2229 1974 2658 2044 Responderunt
2680 2007 2747 2014 ——
2772 1975 3109 2044 efﬁciemini
3140 1976 3168 2030 ?
3203 1973 3486 2030 Omitten-

1829 2067 1919 2118 tes
1941 2061 2154 2127 dicere,
2185 2062 2336 2128 Quid
2366 2077 2508 2132 ergo
2539 2064 2568 2120 7
2601 2064 2768 2120 Falsa
2807 2070 2895 2120 est
2923 2063 3013 2120 lex
3063 2064 3090 2118 ἱ)
3129 2063 3356 2120 falsane
3395 2066 3487 2119 est

1828 2151 2168 2206 Iudaeorum
2197 2151 2442 2208 scientia
2468 2153 2496 2208 ?
2528 2153 2647 2208 Hoc
2669 2153 2915 2225 quidem
2947 2169 3069 2208 non
3099 2152 3308 2209 dicunt
3341 2169 3355 2218 ;
3389 2169 3488 2208 ne-

1828 2256 1947 2312 que
1977 2240 2136 2295 enim
2184 2241 2310 2295 haec
2358 2240 2469 2296 illis
2514 2257 2666 2297 cura;
2698 2241 2954 2307 fuerunt,
2991 2241 3097 2298 sed
3144 2241 3218 2297 de
3265 2242 3487 2313 injuria

1831 2327 2154 2401 corporalis
2203 2330 2615 2399 generositatis
2647 2330 3052 2399 indignantur,
3088 2330 3486 2402 suspicantes,

1830 2419 1995 2490 quod
2019 2424 2305 2490 tanquam
2330 2419 2510 2474 servis
2527 2419 2778 2490 alicujus
2808 2419 3066 2475 hominis
3085 2419 3291 2474 dixerit
3321 2418 3486 2490 ipsis,

1834 2506 2128 2562 Liberabit
2159 2522 2274 2561 vos.
2309 2507 2509 2562 Merito
2539 2523 2676 2577 ergo
2707 2508 2944 2564 dicebat
2971 2509 3226 2563 Joannes
3256 2524 3269 2562 :
3303 2507 3393 2564 Ne
3410 2506 3490 2562 vi-

1834 2595 2090 2651 deamini
2097 2595 2292 2652 dicere
2303 2597 2460 2653 intra
2475 2612 2592 2663 vos,
2602 2599 2830 2653 Patrem
2844 2596 3108 2653 habemus
3119 2596 3490 2652 Abraham“.

1842 2685 2259 2755 Hujuscemodi
2306 2701 2449 2740 sane
2496 2691 2667 2741 erant
2704 2686 3042 2741 Judaiorum
3089 2683 3490 2755 gloriationes.

1839 2776 1988 2830 Nam
2019 2791 2156 2829 cum
2183 2775 2259 2829 de
2299 2775 2554 2846 propriis
2589 2775 2905 2830 virtutibus
2933 2774 3172 2845 gloriari
3210 2789 3331 2829 non
3363 2788 3494 2844 pos-

1836 2870 1983 2930 sent,
2010 2865 2454 2936 progenitorum
2485 2864 2852 2921 nobilitatem
2901 2863 3305 2936 opponebant.
3340 2861 3494 2929 Quid

1837 2968 1978 3023 ergo
2005 2954 2316 3010 Christus?
2345 2957 2472 3009 Non
2501 2955 2754 3009 convicit
2780 2969 2904 3018 eos,
2931 2953 3096 3026 quod
3131 2952 3349 3024 saepius
3379 2965 3498 3007 ser-

1837 3042 2060 3096 vissent
2104 3042 2390 3113 Egyptiis
2439 3047 2497 3098 et
2536 3041 2907 3114 Babyloniis,
2955 3040 3202 3110 aliisque
3245 3037 3496 3094 diversis

1839 3129 2134 3198 gentibus,
2155 3130 2258 3183 sed
2284 3131 2440 3185 hanc
2462 3130 2707 3202 quidem
2738 3128 3495 3201 praetermisitservitutem,

1843 3223 1905 3272 ut
1942 3234 2076 3288 quas
2110 3218 2254 3273 nihil
2287 3218 2502 3274 animae
2547 3218 2924 3289 generositati
2951 3215 3169 3273 ofﬁciat
3197 3233 3211 3281 ;
3243 3215 3317 3270 de
3362 3230 3499 3286 pec-

1842 3311 1976 3362 cato
2006 3322 2146 3363 vero
2177 3308 2276 3373 ait,
2305 3307 2470 3379 quod
2505 3306 2585 3361 illi
2616 3312 2805 3376 nocet,
2840 3305 3104 3362 servituti
3144 3320 3280 3360 eam
3317 3302 3501 3374 subji-

1843 3395 2024 3460 ciens,
2071 3395 2242 3466 cujus
2292 3401 2377 3451 est
2424 3396 2756 3450 miserrima
2797 3394 3073 3462 servitus,
3134 3410 3170 3450 a
3213 3408 3337 3465 qua
3378 3407 3500 3447 non

1845 3485 2301 3555 aliusliberabit,
2322 3492 2534 3558 praeter
2551 3485 2835 3542 Christum
2867 3501 2935 3540 ac
2954 3484 3293 3540 doctrinam
3320 3481 3498 3538 illius.

1921 3663 2081 3720 Vers.
2113 3664 2198 3720 34.
2231 3664 2544 3734 Respondit
2600 3692 2664 3708 --
2691 3669 2940 3734 peccati.
2993 3661 3284 3726 Ostendit,
3337 3659 3504 3734 quod

1852 3752 2125 3825 superius
2187 3753 2605 3822 significaverit
2645 3752 2863 3809 animae
2896 3755 3236 3808 servitutem
3276 3766 3346 3807 ac
3372 3765 3506 3822 pec-

1850 3844 1984 3910 cati,
2023 3858 2142 3899 non
2171 3859 2302 3898 eam
2329 3859 2460 3915 quae
2493 3843 2548 3898 vi
2570 3842 2838 3899 humana
2863 3842 3261 3912 contingebat.
3294 3843 3373 3897 Ne
3404 3856 3508 3894 au-

1851 3939 1968 3988 tem
1995 3932 2257 3988 dicerent
2278 3949 2289 3986 :
2308 3936 2494 3989 Moses
2508 3948 2617 3989 nos
2645 3933 2721 3988 ab
2743 3931 3143 3988 hacliberabit
3176 3947 3190 3996 ;
3219 3946 3322 4002 per
3350 3928 3500 3984 simi-

1849 4021 2159 4078 litudinem
2182 4022 2457 4091 ostendit,
2487 4021 2654 4094 quod
2683 4037 2823 4077 cum
2847 4021 2920 4076 sit
2950 4021 3045 4076 ille
3077 4035 3308 4085 servus,
3330 4017 3507 4074 talem

1851 4127 1971 4166 non
2003 4110 2224 4166 habeat
2278 4117 2654 4182 potestatem,
2687 4110 2792 4166 sed
2823 4110 2949 4182 ipse
3004 4115 3204 4181 utpote
3235 4107 3434 4162 Filius.

1921 4199 2083 4255 Vers.
2116 4204 2202 4256 35.
2237 4199 2450 4256 Servus
2475 4206 2668 4256 autem
2692 4230 2761 4240 —
2790 4206 3101 4254 aeternum.
3145 4199 3358 4254 Servus
3388 4210 3508 4250 non

1852 4289 2142 4360 accipitin
2157 4288 2566 4345 tiiereditatem
2585 4287 2838 4342 domum
2858 4287 3087 4342 domini
3112 4285 3224 4349 sui,
3240 4284 3398 4339 filius
3419 4301 3511 4340 ac-

1851 4378 1994 4449 cipit
2046 4377 2106 4432 in
2159 4376 2589 4432 hrereditatem.
2623 4376 2825 4447 Itaque
2873 4392 2993 4430 non
3052 4374 3229 4430 habet
3261 4373 3354 4428 ille
3403 4389 3512 4445 po-

133 4473 284 4540 ροῦν,
328 4463 512 4528 δοῦλος
576 4470 644 4517 ὤν
708 4485 721 4498 ο
759 4464 860 4536 ἐγὼ
924 4467 1032 4535 ἔχω
1099 4463 1337 4526 ἐξουσίαν
1419 4461 1725 4536 ἐλευθεροῦν,

1852 4465 2452 4531 testatemliberandi,
2487 4481 2624 4521 cum
2659 4465 2732 4520 sit
2757 4481 2964 4520 servus
3001 4481 3014 4520 :
3051 4479 3164 4534 ego
3188 4463 3383 4519 habeo
3412 4477 3515 4533 po-

138 4558 262 4616 Υἰὸς
314 4555 381 4606 ὢν
429 4559 518 4606 καὶ
563 4559 722 4626 μένων
779 4552 826 4605 ἓν
899 4561 960 4625 τῇ
1035 4553 1177 4625 οἰκίᾳ
1229 4560 1319 4605 τοῦ
1379 4559 1577 4626 Πατρός
1633 4572 1725 4625 μου

1853 4561 2121 4611 testatem
2145 4554 2460 4619 liberandi,
2500 4570 2637 4608 cum
2661 4553 2775 4607 sim
2809 4552 3015 4618 Filius,
3049 4558 3104 4608 et
3142 4567 3422 4607 maneam
3455 4551 3514 4605 in

140 4644 222 4697 ἀεὶ
253 4648 342 4696 καὶ
371 4642 697 4718 κληρονομών
749 4647 840 4700 τήν
870 4640 1109 4704 ἐξουσίαν
1149 4641 1328 4695 αὑτοῦ.
1379 4640 1502 4694 Εἶπε
1524 4644 1624 4714 γὰρ
1652 4662 1719 4693 κα

1850 4645 2035 4700 domo
2096 4644 2285 4699 Patris
2363 4643 2477 4698 mei
2549 4643 2611 4698 in
2671 4649 2984 4712 internum,
3060 4647 3116 4697 et
3176 4640 3518 4696 haereditate

141 4734 318 4788 ὀπίσω
346 4734 426 4787 ὅτι
472 4736 577 4792 Τὴν
627 4736 806 4806 κρίσιν
866 4736 1040 4782 πᾶσαν
1087 4727 1286 4783 δέδωκε
1318 4739 1386 4802 τῷ
1443 4733 1546 4801 Υἱῴ
1608 4748 1620 4761 ·
1655 4751 1723 4782 κα

1853 4733 2080 4806 accipio
2120 4738 2476 4806 potestatem
2529 4732 2746 4803 ipsius.
2812 4731 2961 4787 Nam
3021 4736 3078 4787 et
3128 4729 3401 4802 superius
3431 4728 3515 4784 di-

357 4838 372 4853 ⁸
422 4826 522 4877 Καὶ
595 4820 835 4884 ἐξουσίαν
920 4815 1108 4872 ἔδωκεν
1182 4819 1322 4891 αύτῷ
1401 4824 1492 4872 καὶ
1575 4825 1725 4895 κρίσι·

1857 4823 1962 4887 xit,
1995 4822 2159 4894 quod
2185 4821 2486 4877 Judicium
2504 4837 2663 4878 omne
2680 4820 2837 4875 dedit
2861 4821 3025 4876 Filio
3047 4820 3114 4873 ⁶³.
3137 4819 3217 4874 Ac
3243 4834 3476 4874 rursum
3502 4837 3516 4874 :

1857 4913 1934 4967 Et
1959 4917 2306 4981 potestatem
2333 4911 2492 4967 dedit
2513 4910 2564 4964 ei
2588 4911 2761 4966 etiam
2801 4909 3101 4977 judicium
3152 4906 3420 4979 faciendi
3449 4907 3518 4961 σθ.

1935 5001 2093 5059 Vers.
2134 5003 2220 5056 36.
2251 5000 2311 5056 Si
2347 5029 2407 5040 —-
2439 4999 2624 5056 erilis.
2660 5002 2817 5055 Nunc
2839 4998 2999 5054 enim
3027 5013 3150 5054 non
3182 5012 3317 5052 vere
3350 4994 3521 5051 liberi

1859 5090 2019 5156 estis,
2063 5106 2202 5147 cum
2242 5088 2398 5147 servi
2425 5088 2565 5146 facti
2592 5088 2720 5144 sitis
2760 5092 3052 5160 peccato:
3095 5085 3338 5160 quando
3390 5099 3524 5142 vero

141 4823 302 4878 πάλιν

146 4920 338 4971 ποιεῖν.

220 5002 339 5056 Ἐὰν
391 5032 461 5044 -
511 5001 710 5054 ἔσεσθε.
771 5005 878 5053 Νῦν
1053 5001 1151 5072 γὰρ
1202 4998 1296 5051 οῦκ
1363 4997 1568 5062 ἀληθῶς
1617 4999 1748 5052 ἐλεύ-

148 5095 292 5167 θεροί
330 5094 464 5160 ἐστε,
521 5087 901 5164 δεδουλωμένοι
929 5096 992 5163 τῇ
1043 5089 1277 5166 ἁμαρτίᾳ
1321 5103 1336 5120 ⁸
1369 5091 1452 5142 ὅτε
1479 5085 1538 5143 δε
1583 5090 1749 5152 ὁΥἰὸς

221 5293 268 5328 ⁵³
298 5289 470 5350 Joan.
500 5309 578 5362 γι,
611 5298 698 5353 66.
777 5295 823 5332 ⁸⁸
849 5293 1022 5353 Joan.
1053 5309 1162 5361 xxv,
1191 5297 1246 5351 6.
1322 5295 1366 5331 ⁵⁷
1400 5294 1602 5352 Matth.
1643 5311 1724 5362 in,

1889 5295 1936 5332 ⁸⁸
1963 5293 2132 5353 Joan.
2168 5312 2222 5362 ν,
2250 5298 2340 5352 22.
2419 5296 2464 5332 ⁸9
2499 5293 2651 5362 ibid.
2686 5295 2778 5354 27.

1379 5489 1610 5562 .Variaa
1641 5490 1970 5561 lectiones
2003 5499 2071 5560 et
2097 5499 2299 5560 notae.

229 5684 344 5767 (45)
373 5680 442 5742 Ἤ
499 5685 995 5770 interponendum
1023 5685 1271 5770 videtur.
1300 5689 1408 5747 Est
1442 5689 1598 5763 enim
1629 5687 1758 5748 haec
1963 5690 2029 5745 47
2085 5685 2352 5760 Baptista
2384 5685 2697 5745 nimirum.

229 5773 277 5813 la
297 5763 721 5830 interpretatio,
743 5749 982 5818 diversa
1010 5774 1047 5817 θ.
1074 5760 1273 5832 priori.
1961 5689 2054 5832 48;
2079 5767 2112 5813 Σ
2163 5765 2340 5832 ἠματα
2371 5765 2438 5814 Δ.

235 5829 348 5902 (46)
376 5827 576 5897 Ψεῦδος
603 5836 664 5890 Α.
1937 5687 2052 5908 Ξιὶθ)
2085 5779 2271 5890 ὺίὲεεε
2305 5831 2551 5902 scilicet,
2583 5835 2646 5888 ut
2677 5847 2697 5887 ε

153 5749 721 5832 aliainterpretatio,
743 5749 982 5818 diversa
1010 5774 1047 5817 a
1074 5759 1273 5832 priori.
1452 5749 1455 5750 ⁷
1553 5759 1555 5763 ’

1937 5749 2052 5832 (48)
2079 5749 2340 5832 Σχῆματα
2371 5765 2438 5814 Δ.
2802 5826 2814 5832 Α
2891 5779 2896 5783 ‘

235 5779 277 5813 .a
297 5779 721 5830 interpretatio,
743 5779 982 5818 diversa
1010 5779 1047 5817 ὃ.
1074 5779 1273 5832 ρτιοτι.

235 5829 348 5902 (46)
376 5827 576 5897 Ψεῦδος
603 5836 664 5890 Α.

1961 5779 2052 5832 ενδ)
2079 5779 2112 5813 2.
2163 5779 2340 5832 ηματα
2371 5779 2438 5814 a.
2891 5779 2896 5783 ·

1937 5779 2052 5903 ξω)
2085 5779 2271 5890 ὺίὲεεε
2305 5831 2551 5902 scilicet,
2583 5835 2646 5888 ut
2677 5826 2860 5890 modo
2899 5826 3066 5886 dixit.
