4098 6442
93 413 110 474 1
124 417 224 475 293

1083 410 1451 478 COMMENT.
1495 416 1562 476 IN
1603 419 1952 478 JOANNEM.
2002 453 2069 462 —
2107 422 2262 480 CAP.
2303 407 2450 479 Vm.

3313 421 3454 481 1294

87 549 291 617 ταχέως
314 543 665 606 ἀπεπήδησαν
696 551 786 600 καὶ
815 549 946 622 πρὸς
971 545 1144 620 ὕϐρεις
1174 546 1365 620 μᾶλλον
1395 546 1682 621 ἐξετράπη-

1833 551 1924 604 cet
1962 547 2073 620 ipsi
2104 547 2274 604 citius
2317 548 2394 604 ab
2425 563 2496 604 eo
2543 547 2926 616 recedebant,
2979 552 3034 606 et
3073 549 3152 606 ad
3199 548 3452 622 injurias

93 655 207 690 σαν.

162 723 364 795 Ἔλεγεν
394 755 464 765 -
487 721 796 787 Ἰουδαίους.
828 729 961 799 Πρὸς
978 729 1092 787 τοὺς
1113 729 1524 788 πεπιστευκότας
1554 730 1684 793 τότε,

94 814 163 874 ὡς
197 816 420 887 εἴρηται.

168 902 281 955 Ἐὰν
310 934 374 945 --
405 902 542 961 ἐστέ.
589 903 706 956 Ἐὰν
757 905 906 978 ὑμεῖς
943 903 1234 977 ίμμείνητε,
1267 906 1332 965 ὡς
1383 913 1484 957 τῶν
1525 903 1689 956 ἄλλων

96 997 166 1065 μὴ
199 991 566 1064 ἐμμεινάντων,
620 998 746 1065 περὶ
785 994 852 1046 ὧν
911 991 1045 1047 εἶπεν
1103 996 1128 1046 ὁ
1177 992 1570 1065 εύαγγελιστής,
1611 995 1692 1044 ὅτι

102 1081 283 1134 Πολλοὶ
314 1081 542 1141 ἀπῆλθον
573 1091 672 1135 τῶν
698 1085 948 1153 μαθητῶν
974 1083 1150 1148 αὐτοῦ,
1183 1082 1256 1145 εἰς
1279 1084 1344 1134 τὰ
1387 1081 1574 1146 ὀπίσω,
1603 1087 1692 1134 καὶ

98 1171 190 1221 οὐκ
215 1173 290 1222 ἔτι
319 1170 428 1242 μετ’
457 1171 614 1224 αὐτοῦ
663 1174 1028 1246 περιεπάτουν.
1082 1171 1199 1224 Ἐὰν
1226 1173 1367 1243 ὑμεῖς
1399 1169 1690 1243 ἐμμείνητε,

99 1265 247 1330 φησὶ,
282 1269 352 1330 τῷ
381 1259 516 1332 λόγῳ
541 1268 612 1332 τῷ
652 1259 780 1332 ἐμῷ,
811 1266 972 1332 ἤγουν
1025 1269 1085 1334 τῇ
1137 1257 1468 1332 διδασκαλίᾳ
1504 1279 1603 1332 μου
1635 1259 1693 1316 ἢν

98 1345 302 1411 διδάξω
331 1355 486 1421 υμᾶς,
519 1355 634 1401 τότε
687 1348 894 1413 ἀληθῶς
929 1352 1162 1422 μαθηταί
1215 1351 1314 1422 μού
1368 1347 1506 1406 ἐστε.
1534 1352 1692 1400 Οὔπω

96 1439 197 1509 γάρ
220 1435 354 1490 ἕστε.

173 1531 270 1578 Καὶ
308 1529 570 1596 γνώσεσθε
600 1532 692 1586 τὴν
733 1526 996 1586 ἀλήθειαν.
1021 1529 1162 1599 Ἐμέ.
1195 1529 1331 1598 Ἐγὼ
1359 1529 1482 1600 γὰρ,
1514 1528 1687 1599 φησὶν,

99 1613 205 1684 εἰμὶ
229 1615 258 1672 ἡ
289 1613 528 1673 ἀλήθεια,
565 1619 676 1685 (45)
705 1618 972 1669 Γνώσεσθε
997 1621 1091 1675 τὴν
1123 1615 1362 1674 ἀλήθειαν
1391 1616 1514 1688 παρ’
1545 1614 1690 1687 ἐμοῦ.

98 1705 174 1754 Τὰ
201 1705 304 1776 γὰρ
331 1708 521 1776 νομικα
562 1708 733 1758 πάντα
765 1709 924 1767 τύπος
969 1710 1060 1759 καὶ
1093 1708 1218 1758 σκιὰ
1267 1710 1358 1757 καὶ
1406 1705 1554 1758 εἰκὼν
1602 1712 1697 1766 τῆς

99 1789 346 1854 ἀληθείας
375 1792 499 1846 εἰσί.

176 1887 272 1933 Καὶ
307 1914 366 1923 --
395 1884 548 1954 ὑμᾶς.
581 1883 708 1937 Ἀπὸ
741 1892 839 1936 τῶν
862 1884 1154 1958 ἁμαρτιῶν.

171 1969 556 2046 Ἀπεκρίθησαν
637 2004 706 2012 -
787 1975 1068 2044 γενήσεσθε
1134 1989 1147 2038 ;
1213 1973 1442 2044 Ἀφίντες
1519 1971 1696 2037 εἰπεῖν,

96 2064 160 2110 Τί
207 2056 293 2111 οὖν
329 2058 566 2131 plaudo;
616 2062 641 2112 ὁ
688 2066 844 2133 νόμος
873 2079 886 2126 ;
919 2057 1126 2132 ψευδὴς
1339 2062 1369 2119 ἠ
1417 2067 1517 2112 τῶν
1567 2061 1696 2112 Ἰου-

101 2144 265 2199 δαίων
293 2157 487 2219 γνῶσις
521 2166 536 2216 ;
567 2158 723 2202 τοῦτο
768 2152 860 2223 μὲν
917 2150 976 2202 ού
1007 2149 1220 2220 λέγουσι
1258 2167 1270 2178 '
1306 2157 1404 2201 τῶν
1453 2151 1699 2201 τοιούτων

830 2238 912 2292 ἐπὶ
955 2246 1018 2311 τῇ
1078 2237 1222 2312 ὕϐρει
1276 2235 1335 2290 δε
1391 2246 1485 2299 τῆς
1526 2256 1700 2310 σωμα-

1136 2328 1554 2388 ύποπτεύσαντες
1633 2329 1701 2387 ὡς

94 2238 199 2309 γάρ
237 2237 330 2289 οὐκ
359 2237 528 2310 ἔμελεν
559 2239 732 2299 αὐτοῖς
772 2255 789 2272 ⁶

95 2334 242 2386 τικῆς
317 2326 563 2398 εὐγενείας
648 2326 1052 2399 ἀγανακτοῦσιν,

98 2409 307 2476 δούλοις
359 2414 630 2490 ἀνθρώπου
683 2420 824 2478 τινὸς
879 2416 1034 2469 εἰπεῖν
1091 2415 1269 2478 αὐτοῖς
1338 2418 1419 2469 ὅτι
1477 2415 1701 2468 Ἐλευθε-

94 2508 260 2575 ρώσει
331 2505 486 2576 ὑμᾶς,
540 2505 764 2567 Εἰκοτως
811 2501 898 2557 οὖν
955 2506 980 2556 ὁ
1037 2505 1278 2566 Ἰωάννης
1347 2504 1460 2575 (47)
1513 2503 1701 2576 ila-7c.

97 2597 184 2650 Μὴ
245 2590 431 2656 δόξητε
494 2594 658 2667 λέγειν
753 2593 802 2646 ἐν
884 2593 1083 2655 ἑαυτοῖς
1139 2610 1152 2624 ⁸
1227 2598 1434 2668 Πατέρα
1513 2596 1703 2666 ἔχομεν

103 2687 195 2734 τὸν
251 2682 510 2758 ’Δϐραάμ.
573 2691 803 2737 Τοιαῦτα
853 2687 955 2757 γὰρ
1003 2686 1070 2736 τὰ
1132 2691 1232 2735 τῶν
1292 2679 1562 2737 Ἰουδαίων
1615 2682 1703 2735 αύ-

98 2777 332 2844 χὴματα
398 2775 646 2844 (48).Μὴ
706 2777 914 2845 ἔχοντες
971 2775 1072 2846 γὰρ
1116 2773 1333 2834 οἰκείαις
1393 2770 1600 2847 ἀρεταῖς
1630 2770 1702 2823 iv-

103 2865 473 2933 σεμνύνεσθαι,
542 2868 637 2922 τὴν
704 2872 804 2916 τῶν
882 2867 1148 2936 προγόνων
1233 2862 1486 2933 εὐγένειαν
1552 2880 1703 2936 προε⁹

101 2951 370 3004 ϐάλλοντο.
399 2957 461 3006 Τί
492 2949 578 3005 οὖν
611 2954 635 3004 ὁ
670 2955 898 3024 Χριστὸς
929 2970 942 3021 ;
976 2951 1086 3004 Ούκ
1117 2950 1322 3022 ἤλεγξεν
1363 2950 1552 3012 αὐτούς
1580 2951 1709 3004 πολ-

98 3042 258 3104 λάκις
315 3039 694 3102 δουλεύσαντας
754 3043 1054 3113 Αἰγυπτίοις
1119 3046 1206 3094 καὶ
1259 3039 1597 3101 Βαϐυλωνίοις
1618 3046 1709 3093 καὶ

103 3129 379 3206 διαφόροις
406 3132 581 3192 οὒλοις
623 3133 816 3183 ἔθνεσιν
853 3148 864 3160 ·
902 3129 1028 3182 ἀλλὰ
1066 3132 1260 3187 ταύτην
1309 3132 1398 3199 μεν
1436 3134 1530 3187 τὴν
1583 3125 1712 3181 δον-

99 3221 247 3273 λείαν
287 3217 620 3296 παρέδραμεν
653 3223 718 3281 ὡς
769 3215 920 3271 οὐδὲν
951 3217 1292 3292 βλάπτουσαν
1335 3222 1429 3276 τὴν
1466 3217 1710 3289 ψυχικὴν

103 3310 385 3380 εὐγένειαν.
422 3314 538 3384 περὶ
589 3306 649 3362 δε
699 3317 796 3370 τῆς
847 3307 1106 3382 ἁμαρτίας
1166 3312 1346 3379 φησὶν,
1379 3309 1490 3367 ἣτις
1546 3305 1708 3365 αὐτὴν

108 3399 339 3471 βλάπτει
368 3395 794 3464 καταδουλοῦσα,
829 3393 887 3458 ἧς
913 3398 944 3456 ἡ
979 3393 1194 3450 δουλεία
1220 3395 1594 3468 χαλεπωτάτη,
1627 3393 1712 3468 ἀφ’

105 3490 169 3546 ἧς
203 3486 458 3562 ἐλευθεροῖ
480 3487 586 3558 οὐχ
607 3487 787 3560 ἔτερος,
819 3485 926 3538 ἀλλ’
969 3486 998 3545 ἦ
1041 3489 1195 3559 μόνος
1239 3487 1264 3537 ὁ
1308 3488 1538 3558 Χριστὸς
1563 3489 1654 3537 καὶ
1681 3487 1712 3543 ἡ

113 3573 448 3630 διδασκαλία
473 3576 658 3633 αὐτοῦ.

189 3667 472 3740 Ἀπεκρίθη
531 3696 599 3708 -
656 3664 934 3740 ἁμαρτίας.
997 3669 1268 3718 Δείκνυσιν
1329 3665 1411 3717 ὅτι
1477 3662 1717 3717 δουλείαν

753 2593 802 2646 ἐν
884 2593 1083 2655 ἑαυτοῖς
1139 2610 1152 2624 ⁸

116 3754 348 3827 ἐνέφηνεν
395 3753 630 3826 ἀνωτέρω
659 3759 753 3814 την
803 3753 856 3817 ἐξ
884 3754 1165 3828 ἁμαρτίας,
1201 3753 1260 3806 ού
1313 3758 1410 3812 τὴν
1455 3755 1512 3806 ἐκ
1566 3750 1722 3806 δονα-

119 3849 299 3907 στείας
326 3843 619 3918 ἀνθρώπου.
667 3841 778 3897 Ἵνα
808 3840 867 3896 δὲ
897 3848 968 3914 μὴ
1021 3846 1256 3907 εἴπωσιν,
1290 3843 1366 3894 ὅτι
1394 3841 1454 3894 Ὁ
1489 3850 1720 3904 Μωυσῆς

116 3935 258 4005 ἡμᾶς
285 3932 610 4008 ἐλευθερώσει
643 3935 858 4000 ταύτης,
901 3929 1140 3984 δείκνυσι
1171 3928 1264 3984 διὰ
1314 3929 1616 4002 παραϐολῆς
1643 3934 1725 3985 ὃτι

115 4023 217 4076 οὐκ
257 4025 370 4095 ἔχει
419 4021 606 4084 ἐκεῖνος
653 4021 908 4088 ἐξουσίαν,
952 4017 1137 4082 δοῦλος
1183 4021 1272 4090 ὢν,
1319 4019 1428 4072 ἀλλ’
1477 4021 1634 4082 αὐτὸς
1659 4023 1724 4082 ὡς

114 4117 211 4169 Υἱο
223 4134 264 4176 ς.

190 4201 250 4254 Ὀ
293 4199 350 4254 δὲ
382 4198 570 4263 δοῦλος
613 4233 682 4242 ---
723 4200 904 4253 αἰῶνα.
956 4198 1015 4251 e0
1068 4195 1250 4260 δουλος
1315 4198 1373 4251 οὗ
1418 4198 1727 4272 κληρονομεῖ

113 4297 209 4349 τὴν
243 4291 409 4343 οἰκίαν
449 4299 541 4343 τοῦ
570 4310 754 4362 κυρίου
805 4288 961 4342 αὐτοῦ
993 4306 1005 4318 ·
1047 4287 1072 4339 ὀ
1124 4290 1236 4349 υἱὸς
1290 4287 1590 4360 κληρονομεῖ
1637 4287 1726 4339 αύ-

115 4387 239 4439 τὴν.
291 4385 487 4434 Λοιπὸν
537 4380 722 4441 ἐκεῖνος
767 4379 878 4450 (49)
912 4378 1006 4430 οὐκ
1054 4380 1168 4449 ἔχει
1236 4376 1477 4439 ἐξουσίαν
1533 4375 1726 4429 ἐλευθε-

113 4478 268 4545 ροῦν,
312 4467 496 4532 δοῦλος
561 4473 628 4521 ὧν
692 4489 705 4502 ο
744 4467 844 4539 ἐγὼ
908 4470 1016 4538 ἔχω
1083 4466 1320 4529 ἐξουσίαν
1403 4464 1722 4538 ἐλευθεροῦν,

1791 636 1988 705 magis
2016 635 2434 693 deflectebant.

1869 725 2026 781 Vers.
2056 729 2144 781 3t.
2179 725 2342 780 Dixit
2367 757 2433 765 -—
2467 725 2720 782 Judzos.
2755 726 2844 782 Ad
2875 743 3001 796 eos,
3027 725 3132 800 qui
3177 731 3340 795 tunc,
3390 730 3453 783 ut

1795 814 2022 870 dictum
2048 819 2149 880 est,
2183 813 2577 870 crediderant.

1870 903 2033 958 Vers.
2059 902 2146 957 3|.
2181 903 2262 958 Sit
2284 903 2551 959 —eritis.
2585 903 2642 959 Si
2668 920 2771 961 vos
2796 905 3269 976 permanseritis,
3304 905 3458 961 sicut

1799 992 1898 1048 alii
1930 1008 2050 1047 non
2105 998 2583 1062 permanserunt,
2625 991 2699 1048 de
2729 993 2954 1064 quibus
3001 993 3156 1048 dixit
3204 1009 3458 1063 evange-

1798 1082 1933 1137 lista
1954 1099 1966 1136 :
1986 1082 2166 1137 Multi
2186 1081 2571 1149 exdiscipulis
2585 1083 2712 1152 ejus
2737 1083 3015 1139 abierunt
3043 1088 3457 1146 retrorsum,et

1791 1174 1924 1242 jam
1965 1187 2083 1225 non
2123 1186 2252 1226 cum
2291 1187 2351 1226 eo
2378 1171 2768 1228 ambulabant
2797 1173 2866 1225 ⁸⁵.
2903 1202 2970 1211 —-
2995 1172 3057 1227 Si
3088 1187 3208 1237 vos,
3242 1173 3453 1243 inquit,

1803 1259 2307 1326 perseveraveritis
2337 1261 2399 1314 in
2440 1275 2693 1315 sermone
2734 1275 2877 1325 meo,
2915 1259 3039 1316 sive
3095 1260 3156 1319 in
3186 1259 3459 1316 doctrina

1806 1365 1959 1414 mea,
1974 1364 2160 1420 quam
2183 1364 2296 1418 ego
2319 1347 2544 1405 docebo
2565 1365 2688 1414 vos,
2713 1355 2851 1405 tunc
2878 1365 3005 1407 vere
3036 1349 3324 1419 discipuli
3347 1349 3460 1406 mei

1805 1439 1968 1494 eritis
1999 1440 2046 1473 ⁶⁶
2072 1453 2086 1504 ;
2117 1437 2383 1494 nondum
2411 1437 2570 1494 enim
2603 1438 2766 1496 estis.

1881 1526 2039 1582 Vers.
2069 1529 2159 1584 32.
2199 1528 2276 1583 Et
2300 1529 2654 1598 cognoscetis
2683 1529 3009 1585 veritatem.
3043 1529 3166 1584 Hoc
3195 1531 3286 1583 est
3318 1543 3413 1582 me
3442 1542 3457 1584 :

1808 1617 1936 1686 Ego
1967 1617 2148 1682 enim,
2183 1617 2283 1687 ait,
2310 1632 2435 1672 sum
2467 1618 2694 1673 veritas.
2729 1615 3117 1687 Cognoscetis
3143 1631 3284 1672 ame
3317 1615 3462 1671 veri-

1806 1712 2005 1761 tatem.
2039 1707 2182 1760 Nam
2217 1705 2422 1762 omnia
2451 1705 2668 1776 legalis.
2686 1706 2900 1777 ﬁgura,
2935 1707 3146 1762 umbra
3175 1713 3230 1761 et
3257 1706 3460 1776 imago

1807 1800 1942 1850 sunt
1969 1795 2244 1850 veritatis.

1731 1903 1770 1958 Β
1881 1884 2043 1942 Vers.
2073 1884 2157 1940 3'2.
2183 1885 2258 1940 Et
2288 1916 2354 1925 —
2387 1900 2500 1940 vos.
2543 1885 2588 1939 Α
2624 1885 2899 1956 peccatis.

1881 1973 2044 2028 Vers.
2087 1977 2173 2028 33.
2209 1975 2727 2045 Responderunt—
2752 1975 3089 2044 efﬁciemini
3120 1975 3148 2029 ?
3183 1973 3465 2030 Omitten—

1809 2069 1898 2119 tes
1920 2063 2134 2129 dicere,
2165 2063 2316 2129 Quid
2346 2079 2488 2133 ergo
2519 2065 2547 2120 7
2581 2064 2747 2120 Falsa
2787 2070 2875 2120 est
2902 2063 2993 2119 lex
3043 2063 3070 2118 ?
3109 2062 3335 2119 falsane
3375 2064 3467 2118 est

1808 2153 2149 2208 Judzeorum
2177 2152 2422 2209 scientia
2448 2153 2476 2209 ?
2509 2153 2627 2208 Hoc
2648 2153 2894 2225 quidem
2927 2168 3050 2208 non
3079 2152 3288 2208 dicunt
3321 2168 3334 2216 ;
3369 2167 3468 2206 ne—

1808 2258 1926 2313 que
1958 2241 2116 2296 enim
2164 2242 2290 2296 haec
2338 2241 2449 2297 illis
2494 2258 2647 2298 curas
2678 2241 2934 2307 fuerunt,
2970 2241 3077 2298 sed
3124 2241 3198 2296 de
3245 2240 3467 2312 injuria

1811 2329 2134 2402 corporalis
2183 2331 2595 2400 generositatis
2627 2331 3032 2400 indignantur,
3068 2329 3466 2401 suspicantes,

1811 2420 1976 2492 quod
1999 2425 2284 2491 tanquam
2310 2420 2490 2475 servis
2508 2420 2758 2491 alicujus
2788 2419 3046 2475 hominis
3065 2418 3272 2474 dixerit
3301 2417 3466 2489 ipsis,

1815 2507 2108 2563 Liberabit
2140 2523 2255 2562 vos.
2290 2508 2489 2563 Merito
2519 2523 2657 2577 ergo
2688 2507 2923 2564 dicebat
2951 2510 3206 2563 Joannes
3237 2523 3249 2561 :
3284 2507 3374 2563 Ne
3391 2505 3471 2561 vi-

1815 2596 2070 2652 deamini
2079 2596 2272 2653 dicere
2283 2597 2442 2654 intra
2457 2599 2810 2663 vos,Patrem
2825 2596 3088 2653 habemus
3100 2596 3256 2651 Abra
3264 2595 3470 2650 liam".

1823 2686 2240 2756 Hujuscemodi
2287 2702 2430 2741 sane
2477 2691 2648 2742 erant
2685 2687 3023 2742 Judmorum
3069 2683 3471 2754 gloriationes.

1820 2778 1970 2831 Nam
2001 2791 2137 2830 cum
2165 2776 2240 2830 de
2280 2775 2534 2847 propriis
2570 2775 2886 2830 virtutibus
2913 2774 3152 2845 gloriari
3191 2789 3312 2828 non
3344 2787 3475 2843 pos-

1817 2871 1964 2931 sent,
1991 2865 2435 2936 progenitorum
2467 2864 2833 2921 nobilitatem
2881 2863 3286 2936 opponebam.
3321 2860 3475 2928 Quid

1819 2970 1960 3024 ergo
1986 2955 2298 3012 Christus?
2326 2957 2454 3010 Non
2482 2955 2736 3010 convicit
2761 2970 2885 3018 eos,
2911 2953 3077 3025 quod
3112 2952 3329 3024 smpius
3361 2965 3479 3006 ser-

1817 3044 2041 3097 vissent
2087 3043 2372 3113 zEgyptiis
2421 3048 2478 3098 et
2517 3041 2889 3114 Babyloniis,
2937 3040 3183 3110 aliisque
3226 3036 3478 3092 diversis

1822 3131 2116 3199 gentibus,
2136 3131 2241 3185 sed
2266 3132 2422 3186 hanc
2444 3130 2688 3203 quidem
2720 3129 3094 3202 praetermisit
3112 3128 3476 3192 servitutem,

1827 3225 1887 3274 ut
1925 3235 2058 3290 quas
2092 3219 2236 3274 nihil
2269 3219 2484 3275 animae
2529 3218 2906 3289 generositati
2932 3215 3150 3272 ofﬁciat
3178 3233 3192 3280 ;
3224 3214 3298 3270 de
3342 3229 3480 3286 pec-

1825 3313 1958 3364 cato
1990 3324 2128 3364 vero
2159 3309 2259 3374 ait,
2287 3309 2452 3380 quod
2486 3307 2568 3362 illi
2597 3313 2787 3376 nocet,
2822 3305 3086 3362 servituti
3126 3319 3262 3359 eam
3299 3301 3483 3373 subji-

1825 3396 2006 3461 ciens.
2054 3397 2225 3467 cujus
2274 3401 2359 3452 est
2405 3396 2738 3451 miserrima
2779 3394 3055 3461 servitus,
3117 3409 3152 3450 θ.
3195 3407 3319 3464 qua
3360 3406 3482 3446 non

1828 3486 2284 3555 aliusliberabit,
2306 3493 2516 3558 praeter
2534 3485 2817 3542 Christum
2849 3500 2918 3540 ac
2936 3483 3274 3540 doctrinam
3302 3481 3479 3536 illius.

1905 3665 2064 3721 Vers.
2095 3665 2182 3722 34.
2212 3665 2526 3734 Respondit
2583 3692 2648 3709 ι-
2674 3669 2923 3733 peccati.
2975 3660 3266 3726 Ostendit,
3319 3658 3486 3732 quod

1835 3753 2108 3826 superius
2171 3753 2588 3823 significaverit
2627 3753 2846 3809 animae
2878 3755 3219 3808 servitutem
3258 3765 3328 3806 ac
3354 3764 3488 3821 pec-

1833 3845 1968 3910 cati,
2005 3859 2125 3900 non
2154 3860 2286 3899 eam
2313 3861 2443 3916 quas
2477 3843 2531 3899 vi
2553 3843 2821 3899 humana
2846 3841 3244 3911 contingebat.
3277 3843 3355 3896 Ne
3386 3855 3490 3893 au-

1834 3939 1952 3990 tem
1979 3933 2240 3989 dicerent
2261 3949 2273 3987 :
2292 3937 2476 3990 Moses
2492 3948 2600 3989 nos
2628 3933 2704 3988 ab
2725 3931 2838 3988 hac
2851 3931 3126 3988 liberabit
3159 3946 3173 3995 ;
3201 3945 3304 4001 per
3333 3927 3482 3983 simi-

1832 4022 2143 4079 litudinem
2166 4023 2441 4092 ostendit,
2471 4022 2637 4095 quod
2667 4037 2806 4078 cum
2829 4021 2903 4075 sit
2933 4020 3028 4075 ille
3061 4034 3291 4084 servus,
3313 4016 3490 4074 talem

1834 4128 1954 4168 non
1987 4111 2208 4167 habeat
2262 4117 2638 4182 potestatem,
2671 4110 2775 4166 sed
2807 4110 2932 4181 ipse
2987 4114 3186 4179 utpote
3219 4106 3417 4161 Filius.

1905 4201 2067 4256 Vers.
2101 4205 2186 4256 35.
2220 4200 2434 4256 Servus
2459 4206 2652 4256 autem
2675 4230 2744 4240 -—
2773 4205 3084 4254 aeternum.
3129 4198 3342 4252 Servus
3371 4208 3492 4249 non

1836 4290 2052 4360 accipit
2067 4289 2125 4344 in
2141 4289 2550 4345 hiereditatem
2569 4287 2820 4342 domum
2841 4286 3071 4341 domini
3095 4284 3208 4348 sui,
3224 4283 3382 4338 ﬁlius
3401 4298 3496 4338 ac-

1835 4379 1979 4450 cipit
2030 4377 2089 4433 in
2143 4376 2573 4432 hiereditatem.
2608 4376 2809 4447 Itaque
2857 4391 2978 4430 non
3036 4373 3212 4428 habet
3245 4372 3338 4427 ille
3387 4387 3495 4443 po-

1837 4465 2436 4532 testatemliberandi,
2471 4481 2608 4521 cum
2642 4464 2716 4520 sit
2740 4480 2948 4519 servus
2985 4479 2998 4519 :
3035 4478 3148 4532 ego
3171 4461 3366 4518 habeo
3396 4476 3498 4532 po-

117 4562 245 4620 Υίὸς
299 4559 366 4610 ὢν
413 4563 502 4610 καὶ
547 4562 706 4630 μένων
764 4555 811 4608 ἐν
883 4564 944 4628 τῇ
1019 4555 1161 4627 οἰκίᾳ
1213 4563 1303 4608 τοῦ
1363 4560 1562 4628 Πατρός
1617 4574 1708 4627 μοι

1837 4560 2106 4612 testatem
2129 4555 2444 4619 liberandi,
2484 4570 2622 4609 cum
2645 4552 2759 4606 sim
2793 4551 3000 4618 Filius,
3033 4556 3088 4607 et
3127 4566 3406 4606 maneam
3439 4549 3498 4604 in

120 4648 206 4702 ἀεὶ
237 4652 326 4700 καὶ
355 4646 682 4722 κληρονομῶν
733 4650 824 4704 τὴν
854 4643 1094 4708 ἐξουσίαν
1134 4643 1312 4697 αὐτοῦ.
1363 4642 1486 4696 Εἵπε
1508 4646 1608 4716 γαρ
1636 4648 1726 4695 καὶ

121 4739 303 4792 ὀπίσω
330 4738 411 4790 ὃτι
456 4740 561 4796 Τὴν
611 4740 790 4809 κρίσιν
851 4739 1024 4786 πᾶσαν
1071 4729 1270 4786 δέδωκε
1302 4741 1371 4805 τῷ
1427 4734 1531 4803 Υἰῷ

120 4826 286 4884 πάλιν

124 4923 323 4974 ποιεῖν.

203 5007 325 5060 Ἐὰν
376 5036 446 5048 ——
496 5005 696 5058 ἔσεσθε.
755 5008 864 5056 Νῦν
911 5003 1000 5075 μὲν
1037 5003 1136 5074 γὰρ
1187 5001 1281 5054 οὐκ
1349 4999 1553 5063 ἀληθῶς
1602 5001 1734 5054 ἐλεύ-

127 5100 278 5171 θεροί
315 5098 448 5164 ἕστε,
506 5090 886 5167 δεδουλωμένοι
915 5099 977 5166 τῇ
1028 5091 1262 5168 ἁμαρτίᾳ
1306 5105 1320 5122 ⁶
1354 5093 1436 5144 ὅτε
1463 5087 1523 5144 δὲ
1567 5091 1592 5142 ὁ
1619 5093 1734 5152 Υἱὸς

205 5297 254 5333 ⁵⁵
283 5294 456 5355 Joan.
485 5313 563 5366 v1,
596 5301 683 5356 66.
762 5297 809 5334 “
835 5296 1007 5356 Joan.
1038 5311 1148 5364 xw,
1177 5299 1231 5353 6.

1593 4749 1605 4762 ·
1639 4736 1730 4784 καὶ

342 4842 356 4858 ⁸
407 4830 506 4880 Καὶ
580 4823 820 4888 ἐξουσίαν
905 4818 1092 4875 ἔδωκεν
1166 4821 1307 4893 αύτῷ
1386 4826 1477 4874 καὶ
1560 4827 1730 4896 κρίσιν

1308 5297 1351 5333 ⁸⁷
1385 5295 1587 5354 Matth.
1630 5312 1710 5364 ιιι,
1743 5300 1796 5354 9.

1835 4646 2020 4701 domo
2080 4644 2270 4700 Patris
2347 4643 2460 4699 mei
2534 4643 2595 4698 in
2655 4648 2969 4711 aeternum,
3045 4646 3100 4696 et
3160 4639 3502 4696 hereditate

1837 4735 2065 4808 accipio
2105 4739 2462 4806 potestatem
2513 4732 2730 4803 ipsius.
2797 4731 2945 4786 Nam
3005 4735 3062 4786 et
3113 4728 3386 4801 superius
3416 4727 3499 4783 di-

1842 4824 1947 4889 xit,
1980 4823 2144 4895 quod
2170 4822 2470 4878 Iudicium
2489 4837 2648 4877 omne
2665 4819 2820 4874 dedit
2846 4820 3010 4874 Filio
3032 4819 3100 4872 ⁵³.
3122 4819 3202 4872 Ac
3227 4833 3461 4872 rursum
3487 4836 3500 4872 :

1843 4914 1918 4969 Et
1945 4917 2290 4982 potestatem
2317 4910 2478 4967 dedit
2498 4909 2548 4964 ei
2572 4911 2746 4965 etiam
2786 4908 3086 4976 judicmm
3137 4905 3406 4977 faciendi
3434 4906 3502 4960 δ’.

1920 5002 2078 5059 Vers.
2119 5004 2205 5057 36.
2236 5000 2296 5056 Si
2330 5029 2391 5040 --
2423 4999 2608 5056 eritis.
2645 5001 2802 5054 Nunc
2824 4997 2984 5053 enim
3012 5013 3135 5052 non
3166 5011 3302 5051 vere
3335 4993 3506 5050 liberi

1844 5091 2005 5156 estis,
2048 5106 2187 5147 cum
2227 5088 2382 5147 servi
2411 5088 2550 5146 facti
2577 5087 2704 5144 sitis
2745 5091 3037 5160 peccato:
3080 5084 3324 5159 quando
3375 5098 3508 5140 vero

1875 5296 1923 5334 ⁸⁸
1949 5294 2118 5353 Joan.
2155 5312 2207 5362 v,
2235 5298 2324 5352 22.
2403 5296 2450 5332 ⁸9
2484 5293 2637 5360 ibid.
2672 5295 2764 5353 27.

1364 5491 1595 5563 Varias
1625 5491 1956 5562 lectiones
1989 5499 2286 5560 etnotae.

215 5688 330 5772 μᾷ)
351 5684 428 5773 ,Ἥ
485 5688 982 5773 interponendum
1003 5688 1258 5773 videtur.
1295 5691 1394 5749 Est
1428 5691 1584 5764 enim
1615 5689 1744 5749 haec

135 5761 269 5835 alia,
284 5761 707 5835 interpretatio,
730 5761 969 5820 diversa
997 5777 1033 5819 a
1060 5762 1260 5835 priori.

221 5832 334 5906 (46)
362 5831 563 5900 Ψεῦδος
589 5839 650 5892 Α.

1948 5763 2038 5833 48)
2065 5766 2326 5834 Σχήματα
2356 5765 2424 5834 ᾼξ

1949 5689 2040 5833 4Ίί
2071 5686 2339 5760 Baptista
2371 5685 2682 5744 nimirum.

1949 5763 2015 5816 48
2065 5766 2326 5833 Σχήματα
2356 5765 2424 5833 AW.

1949 5689 2040 5833 4Ίί
2071 5689 2339 5760 Baptista
2371 5689 2682 5744 nimirum.

1948 5763 2015 5816 48
2065 5766 2326 5834 Σχήματα
2356 5765 2424 5814 Α.
2877 5779 2882 5782 ·

1923 5689 2038 5910 Ξ-ἱθ)
2071 5835 2256 5890 Moses
2291 5832 2536 5902 scilicet,
2560 5834 2632 5888 ut
2663 5826 2846 5889 modo
2887 5825 3053 5886 dixit.
