4098 6454
161 324 305 383 1297

1146 323 1515 382 COMMENT.
1558 324 1632 381 IN
1669 322 2020 380 JOANNEM.
2063 355 2132 366 —
2168 325 2320 382 CAP.
2362 326 2504 382 VIII.

3385 328 3524 387 1298

151 454 239 503 τὸν
295 453 444 518 Θεὸν,
496 459 569 523 τῷ
629 445 688 504 δε
741 458 953 528 Χριστῷ
986 455 1192 528 Πατέρα
1239 447 1374 504 ἴδιον
1423 450 1620 524 λέγοντι
1671 453 1755 503 τὸν

1879 449 2190 523 appellant,
2216 467 2354 508 cum
2386 452 2612 510 Christo
2639 451 2857 510 dicenti
2901 452 3135 510 Patrem
3175 470 3353 510 suum
3393 470 3523 511 esse

153 543 285 594 Θεὸν
358 539 738 612 ἑχαλέπαινονς
831 545 971 594 Διότι
1059 540 1244 603 ἐκεῖνος
1327 544 1477 613 φύσει
1550 542 1759 613 Πατέρα

155 630 340 682 ἑαυτοῦ
385 629 548 701 ἔλεγεν
600 629 774 685 αὐτόν.
826 634 895 682 Τό
951 627 1032 699 δὲ,
1086 629 1260 702 Ἡμεῖς
1310 628 1366 681 ἐκ
1411 635 1650 704 πορνείας
1698 628 1756 681 οὐ

155 721 499 791 γεγεννήμεθα
556 719 668 791 (54)
729 727 922 772 νοεῖται
977 723 1067 792 μὲν
1122 717 1216 773 διὰ
1286 722 1351 772 τὰ
1424 720 1478 782 ἐξ
1536 717 1759 791 Ἰσμαὴλ

153 813 487 880 καταγόμενα
535 811 674 876 ἔθνη,
740 811 789 870 ὃς
844 811 900 861 ἐκ
953 806 1202 872 δουλικῆς
1262 808 1566 875 συμπλοκῆς
1621 807 1756 880 ἐγεν-

152 899 288 955 νήθη
339 905 411 968 τῷ
454 897 710 971 Ἀϐραὰμ,
751 897 828 967 [ἐξ
859 899 969 970 (55)
1028 897 1197 970 ’Ἅγαρ
1243 906 1332 958 τῆς
1388 894 1608 958 δούλης·
1669 897 1759 948 οἶτε

155 986 326 1038 αὐτῶν
383 985 436 1050 ἐξ
495 986 675 1040 Ἰσαὰκ
727 991 1109 1060 καταγομένων,
1162 988 1214 1048 ὃς
1271 987 1322 1050 ἐξ
1378 987 1610 1059 εὐγενοῦς
1659 987 1756 1058 γά-

151 1095 256 1148 μου
289 1074 530 1147 ἐγεννήθη
583 1085 656 1149 τῷ
682 1075 966 1151 Ἀϐραάμ,]
1001 1075 1055 1129 ἐκ
1078 1075 1275 1152 Σάρῥας
1311 1085 1406 1137 τῆς
1448 1080 1629 1150 κυρίας
1667 1082 1757 1135 τῆς

152 1164 327 1240 Ἀγαρ
338 1205 349 1218 .

232 1259 459 1327 Λέγουσι
499 1255 613 1327 (56)
654 1251 714 1308 δέ
755 1275 888 1318 τινες
931 1257 1011 1308 ὅτι
1054 1259 1179 1328 πρός
1221 1255 1368 1329 ὕϐριν
1397 1255 1558 1308 αὐτοῦ
1605 1261 1757 1306 τοῦτο

153 1341 296 1398 εἷπον
341 1347 390 1397 οἰ
447 1344 657 1416 ἐναγεῖς,
693 1341 785 1398 διὰ
813 1349 871 1397 τό
901 1344 1140 1417 λέγεσθαι
1198 1345 1353 1398 αὐτόν
1390 1350 1459 1418 μὴ
1508 1341 1636 1397 εἶναι
1668 1346 1758 1416 φύ-

155 1453 239 1486 σει
273 1437 380 1486 υἱόν
428 1442 520 1486 τοῦ
569 1435 785 1507 Ἰωσήφ.
833 1433 956 1487 "Ore
989 1431 1047 1486 δὲ
1083 1433 1395 1498 ἑξευτελίσαι
1452 1442 1628 1486 τοῦτον
1677 1435 1755 1485 θέ-

147 1523 326 1591 λουσι,
367 1528 482 1576 τότε
511 1524 664 1576 αὐτὸν
718 1525 828 1575 υἱόν
867 1531 958 1576 τοῦ
1009 1524 1203 1595 Ἰωσὴφ
1249 1523 1587 1596 ὀνομάζουσι,
1633 1524 1758 1574 ποτε

149 1617 242 1685 μὲν
295 1621 464 1678 τοῦτο,
522 1617 645 1666 ποτε
691 1610 749 1666 δὲ
802 1611 959 1665 ἐκεῖνο
992 1613 1332 1688 φλυαροῦντες
1373 1617 1463 1664 καὶ
1511 1608 1758 1664 οὐδέποτε

148 1712 212 1776 τῇ
284 1702 500 1774 ἀληθείᾳ
551 1703 922 1774 συντιθέμενοι.
1000 1707 1099 1755 Καὶ
1166 1707 1270 1774 μὴν
1345 1701 1521 1754 πολλοὶ
1589 1701 1755 1752 αὐτῶν

151 1791 208 1843 ἐκ
251 1797 486 1865 πορνείας
557 1790 940 1864 ἐγεννήθησαν
998 1791 1218 1854 πολλοὺς
1264 1794 1366 1865 γὰρ
1427 1795 1758 1864 παρανόμους
1791 1809 1828 1861 Β

148 1883 356 1952 γάμους
391 1877 642 1934 Ἰουδαῖοι
673 1879 896 1936 ἐποίουν.
959 1880 1120 1934 Ἀλλὰ
1157 1886 1246 1934 καὶ
1276 1889 1430 1933 τοῦτο
1463 1887 1590 1953 σιγᾷ
1628 1883 1757 1955 πρός

151 1973 212 2022 τό
239 1971 418 2044 μεῖζον
450 1969 793 2043 ἐπειγόμενος.

229 2149 378 2203 Εἶπεν
414 2181 479 2190 -
516 2149 743 2213 ἐξῆλθον.
774 2149 1101 2221 Ἐγεννήθην,
1130 2153 1160 2208 ἧ
1197 2148 1509 2208 ἀπεστάλην.

231 2245 330 2292 Καὶ
364 2242 494 2298 ἦκω.
528 2243 661 2311 Πρός
690 2240 845 2310 ὑμᾶς.

228 2326 368 2380 Ούὸὲ
396 2359 458 2369 -—
492 2327 726 2386 ἐλήλυθα.
757 2327 882 2380 Ἀπὸ
912 2323 1051 2380 ἰδίου
1084 2327 1364 2400 θελήματος
1389 2343 1400 2354 ⁸
1434 2327 1492 2380 ού
1522 2329 1623 2400 γὰρ
1647 2330 1755 2399 ἔχω

151 2415 294 2470 ἴδιον
323 2417 539 2490 θέλημα,
573 2419 637 2478 ὡς
665 2415 911 2477 πολλάκις
941 2419 1165 2490 εἴρηται.

225 2596 361 2651 Ἀλλ’
422 2628 488 2637 -
551 2595 866 2650 ἀπέστειλεν.
935 2596 1017 2657 Ὠς
1080 2600 1252 2672 πατὴρ
1315 2597 1446 2662 υἱόν,
1506 2597 1576 2656 ὡς
1636 2601 1754 2657 νοῦς

146 2682 322 2752 λόγον.

222 2775 369 2823 Διάτί
399 2803 462 2810 -
483 2775 796 2841 γινώσκετε;
830 2774 973 2822 Διατί
996 2771 1062 2822 τὰ
1080 2769 1328 2842 λεγόμενα
1349 2769 1470 2842 παρ’
1493 2767 1616 2841 ἐμοῦ
1642 2769 1749 2840 (57)

144 2861 204 2913 ού
237 2868 422 2924 νοεῖτε;
459 2857 584 2912 Εἶτα
610 2861 934 2934 προστίθησι
963 2864 1051 2912 καὶ
1079 2863 1172 2918 τὴν
1203 2859 1374 2911 αἰτιαν
1397 2865 1488 2911 τοῦ
1518 2863 1588 2931 μὴ
1621 2865 1751 2911 νοεῖν

143 2951 337 3011 αὐτούς
363 2950 516 3002 αὐτά.

218 3039 341 3091 Ὀτι
385 3070 452 3079 —
492 3037 634 3110 ἐμόν,
679 3041 770 3102 Τό,
829 3037 904 3090 Ού
959 3034 1207 3101 δύνασθε,
1256 3039 1313 3088 τό
1366 3035 1441 3088 Ού
1502 3034 1752 3108 βούλεσθε

143 3133 398 3201 σημαίνει
423 3136 530 3194 νῦν,
564 3129 645 3179 ὃτι
693 3126 751 3178 οὐ
784 3125 1036 3198 βούλεσθε
1067 3129 1296 3178 συνιέναι
1349 3129 1434 3176 τόν
1480 3123 1629 3194 λόγον
1667 3128 1751 3175 τόν
1789 3165 1829 3221 C

137 3218 287 3288 ἐμὸν,
322 3221 407 3268 τόν
441 3221 557 3288 περὶ
589 3213 886 3286 δογμάτων,
922 3211 1014 3266 διὰ
1042 3213 1342 3286 φαυλότητα
1370 3212 1554 3284 ψυχῆς
1574 3217 1751 3284 χαμαὶ

139 3310 436 3376 συρομένηε
488 3309 578 3356 καὶ
646 3300 812 3375 μηδὲν
861 3302 1059 3374 ὑψηλόν
1136 3306 1545 3374 φανταζομένης.
1610 3301 1750 3353 Ἐπεὶ

141 3393 202 3448 δὲ
259 3394 550 3466 ἐτόλμησαν
620 3392 776 3444 εἶπεῖν
833 3397 1033 3466 πατέρα
1100 3391 1293 3444 ἑαυτῶν
1357 3395 1444 3442 τόν
1518 3393 1640 3443 Θεὸν
1701 3392 1750 3442 οἱ

141 3483 342 3545 ἀνάξιοι
405 3487 494 3533 καὶ
559 3489 655 3542 τῆς
708 3489 796 3532 τοῦ
859 3479 1099 3554 Ἀϐραὰμ
1169 3484 1483 3551 συγγενείας,
1551 3478 1749 3554 παρρη-

143 3573 386 3631 σιάζεται
435 3575 523 3623 καὶ
581 3569 763 3642 ἐπάγει
811 3573 1034 3634 τούτοις,
1096 3573 1164 3631 ὡς
1230 3568 1472 3632 ἀνιάτοις,
1525 3588 1748 3641 φανερω-

141 3665 293 3734 τέραν
325 3660 545 3731 πληγὴν,
587 3658 896 3734 ἀντίρροπον
927 3659 1040 3730 (58)
1089 3668 1182 3720 τῆς
1241 3657 1624 3730 ἀναισχυντίας
1659 3657 1748 3709 αὑ-

141 3758 265 3813 τῶν,
333 3747 691 3801 καταστέλλων
747 3751 805 3800 τὸ
862 3751 1082 3820 φύσημα
1133 3753 1223 3800 καὶ
1264 3750 1348 3799 τὸν
1400 3751 1598 3818 κόμπον
1650 3755 1746 3798 τῶν

143 3837 426 3901 ἀλαζόνων.

213 3928 379 3999 ’Υμείς
455 3958 519 3966 -
586 3925 718 3980 ἐστέ.
789 3925 954 3998 ’Υμείς
1016 3925 1072 3978 ἐκ
1133 3933 1226 3977 τοῦ
1290 3926 1486 4000 πατρὸς
1554 3922 1744 3977 ἐκείνου

138 4015 258 4068 ἐστὲ
323 4023 414 4068 τοῦ
490 4012 771 4069 διαϐόλουο
825 4015 965 4087 ὑμῶν
1035 4018 1203 4086 πατὴρ
1277 4012 1461 4074 ἐκεῖνος
1532 4012 1671 4066 ἐστιν
1720 4015 1745 4065 ὁ

139 4101 407 4167 διάϐολος.

215 4199 316 4247 Καὶ
347 4225 415 4234 -
448 4200 628 4245 ποιεῖν.
684 4199 788 4245 Τοῦ
838 4195 1039 4264 πατρὸς
1087 4193 1228 4265 ύμῶν
1261 4191 1475 4243 ἐκεινου.
1538 4191 1742 4244 Ἐπιθυ-

135 4289 259 4355 μίαι
291 4287 401 4349 (59)
435 4279 493 4334 δὲ
535 4281 696 4334 αύτοῦ
735 4285 792 4333 τὸ
826 4279 1264 4354 ἀνθρωποκτονείν
1307 4285 1398 4331 καὶ
1427 4282 1484 4331 τό
1529 4276 1742 4350 ψεῦδος,

137 4375 306 4423 sit-6w
362 4373 386 4422 6
446 4369 652 4432 σκολιὸς
706 4375 794 4422 καὶ
838 4367 1214 4443 διεφθαρμένος
1263 4367 1400 4440 βίος,
1448 4371 1517 4430 ὡς
1569 4367 1746 4440 ἐφεξῆς

138 4459 265 4533 ἐρεῖ.

207 4550 428 4608 Ἐκεῖνος
488 4580 551 4588 -
597 4546 792 4619 ἀρχῆς.
865 4550 963 4600 Τόν
1017 4554 1222 4619 πρῶτον
1291 4547 1560 4619 ἄνθρωπον
1613 4547 1745 4598 κτεί-
1778 4517 1822 4571 D

135 4659 246 4706 νας,
314 4641 398 4690 τὸν
470 4633 678 4709 Ἀδάμ·
750 4638 906 4697 αὐτὸς
972 4638 1073 4709 γὰρ
1159 4635 1296 4704 αύτῷ
1377 4638 1464 4686 τόν
1529 4636 1744 4687 θάνατον

135 4727 472 4802 προεξένησεν
499 4745 510 4757 ·
547 4723 657 4779 εἶτα
685 4731 775 4777 καὶ
804 4729 891 4777 τόν
921 4727 1030 4776 υἱόν
1058 4725 1219 4776 αὐτοῦ
1242 4728 1328 4777 τόν
1352 4723 1507 4778 ’Ἀϐελ
1539 4722 1742 4780 ἀνελών.

136 4818 309 4878 Αὐτός
347 4819 448 4890 γὰρ
495 4821 586 4867 καὶ
638 4814 780 4886 αὐτῷ
839 4817 925 4866 τόν
985 4809 1203 4886 ἀδελφὸν
1257 4816 1382 4866 Κάῐν
1433 4812 1746 4872 ἐπανέστησε

135 4913 251 4965 κενή
264 4926 360 4968 σας
393 4913 465 4976 τῷ
492 4906 687 4978 φθονῳ.

210 5001 314 5048 Καὶ
364 5025 430 5034 -
487 4994 724 5052 ἕστηκεν.
777 4991 886 5044 Οὐχ
944 4990 1167 5064 ἐμμένει,
1224 4996 1513 5054 τουτέστιν,
1570 4989 1618 5042 ἐν
1672 5001 1744 5063 τῷ

139 5084 279 5155 ὀρθῷ
326 5082 427 5154 βίῳ
457 5083 550 5136 ούκ
599 5081 938 5153 ἀναπαύεται,
994 5080 1122 5134 ἀλλά
1167 5088 1317 5154 μισεί
1365 5085 1458 5139 τὴν
1497 5084 1745 5140 τοιαύτην

142 5171 424 5223 πολιτείαν.

1868 540 2056 596 Deum
2091 540 2542 609 indignarentur
2570 542 2596 597 ‘I
2630 543 2776 608 Quia
2808 541 2904 598 ille
2931 551 3142 599 natura
3187 559 3366 599 suum
3391 558 3523 600 esse

1866 629 2098 684 Patrem
2131 630 2378 686 dicebat.
2407 631 2578 696 Quod
2611 637 2808 688 autem
2838 631 3044 688 dicunt
3077 649 3091 688 :
3118 633 3242 688 Nos
3271 640 3523 702 estupro

1864 720 1997 774 nati
2021 735 2132 774 non
2164 735 2377 790 sumus,
2421 719 2766 791 intelligitur
2787 727 3028 793 propter
3059 728 3266 791 gentes
3293 738 3421 793 quae
3444 722 3522 778 ab

1867 808 2077 864 lsmael
2129 809 2600 876 descendebant,
2656 812 2762 882 qui
2819 826 2892 866 ex
2947 810 3142 866 servili
3196 826 3522 880 congressu

1864 897 2138 967 Abrahae,
2174 916 2245 955 ex
2275 906 2430 969 Agar
2461 899 2734 956 videlicet
2763 899 2981 956 ancilla
3011 906 3186 956 natus
3213 907 3356 965 erat,
3385 917 3523 956 cum

1864 986 1976 1059 ipsi
2008 987 2085 1042 ab
2108 988 2268 1044 Isaac
2292 988 2744 1055 descenderent,
2769 989 2873 1062 qui
2895 1005 2966 1044 ex
2983 989 3247 1060 legitimo
3275 989 3523 1046 Abrahte

1864 1075 2274 1142 matrimonio,
2296 1093 2368 1133 ex
2392 1077 2569 1135 Sarra
2589 1078 2838 1135 domina
2863 1079 3052 1153 ipsius
3077 1084 3232 1150 Agar
3251 1086 3374 1136 erat
3393 1094 3524 1152 pro-

1865 1165 2120 1233 genitus.

1935 1254 2146 1310 Dicunt
2185 1260 2386 1311 autem
2427 1255 2630 1330 aliqui,
2675 1257 2842 1330 quod
2885 1257 2962 1314 ad
3003 1256 3368 1314 inferendam
3411 1257 3524 1330 ipsi

1862 1341 2148 1412 injuriam
2180 1345 2293 1400 hoc
2329 1346 2588 1402 dixerint
2641 1346 3035 1402 exsecrabiles
3076 1346 3177 1411 illi,
3235 1363 3306 1403 eo
3357 1347 3520 1420 quod

1864 1431 2122 1489 dicerent
2185 1450 2304 1490 non
2361 1451 2494 1492 esse
2551 1451 2690 1492 eum
2746 1441 2962 1492 natura
3030 1435 3220 1492 ﬁlium
3277 1437 3520 1509 Joseph.

1865 1521 2116 1585 Quando
2179 1530 2380 1579 autem
2461 1529 2767 1581 attenuare
2845 1541 2985 1581 eum
3064 1513 3292 1592 volunt,
3388 1530 3525 1581 tunc

1865 1608 2052 1665 ﬁliuni
2077 1610 2298 1684 Joseph
2331 1613 2533 1686 ipsum
2565 1615 2902 1686 appellant,
2946 1613 3246 1670 interdum
3277 1615 3523 1688 quidem

1865 1697 1999 1762 hoc.
2034 1700 2332 1756 interdum
2361 1719 2500 1759 vero
2534 1703 2680 1758 illud
2727 1707 3046 1775 nuganles,
3107 1711 3162 1760 et
3206 1719 3522 1776 nunquam

1869 1788 2090 1844 veritati
2133 1790 2526 1847 adhaerentes.
2585 1792 2763 1865 Atqui
2823 1792 2990 1848 inulti
3030 1809 3289 1849 eorume
3319 1799 3523 1864 stupro

1868 1876 2174 1934 natierant
2206 1879 2440 1946 ;multis
2466 1897 2728 1953 namque
2751 1881 3069 1954 illegitimis
3083 1882 3304 1955 nuptiis
3334 1882 3520 1938 Judaei

1867 1966 2311 2038 copulabantur
2341 1987 2354 2036 ;
2407 1986 2615 2026 verum
2643 1970 2774 2027 silet
2805 1970 2986 2028 etiam
3026 1971 3160 2037 hoc,
3186 1987 3521 2045 properans

1867 2057 1939 2112 ad
1965 2056 2026 2112 id
2057 2057 2224 2130 quod
2258 2061 2454 2130 majus
2485 2065 2592 2115 est.

1936 2163 2090 2202 vers.
2115 2147 2206 2202 42.
2247 2149 2345 2203 Ait
2370 2180 2439 2189 —
2465 2149 2646 2206 exivi.
2708 2150 2914 2215 Natus,
2945 2149 3038 2206 vel
3078 2150 3302 2206 missus
3360 2166 3520 2208 sum.

1937 2235 2107 2291 Vers.
2147 2236 2233 2292 42.
2275 2237 2354 2293 Et
2386 2237 2535 2294 veni.
2564 2239 2647 2293 Ad
2681 2255 2807 2295 vos.

1935 2328 2097 2381 Vers.
2132 2326 2220 2381 42.
2261 2327 2456 2399 Neque
2507 2359 2576 2367 —
2621 2328 2839 2384 veni.A
2888 2326 3128 2400 propria
3184 2327 3516 2394 voluntate,

1863 2431 2000 2470 cum
2028 2415 2333 2488 propriam
2365 2431 2481 2471 non
2506 2416 2768 2473 habeam
2791 2415 3177 2482 voluntatem,
3205 2422 3267 2473 ut
3298 2417 3519 2490 saepius

1863 2502 2089 2560 dictum
2120 2509 2226 2560 est.

1937 2595 2094 2649 Vers.
2128 2593 2214 2648 42.
2243 2593 2352 2650 Sed
2393 2623 2460 2634 -—
2487 2595 2662 2650 misit.
2695 2596 2762 2651 Ut
2814 2599 2982 2667 pater
3011 2594 3226 2662 ﬁlium,
3261 2599 3318 2650 ut
3346 2610 3518 2651 mens

1865 2682 2136 2739 verbum.

1940 2772 2094 2828 Vers.
2134 2776 2222 2830 43.
2269 2773 2458 2841 Quare
2487 2805 2554 2814 ——
2593 2773 2912 2844 agnoscitis
2933 2777 2958 2828 .9
2987 2776 3176 2840 Quare
3207 2789 3277 2830 ea
3305 2789 3442 2847 quas
3483 2789 3520 2830 a

1864 2877 1960 2916 me
1977 2861 2278 2931 dicuntur,
2303 2878 2418 2918 non
2453 2862 2773 2933 intelligitis
2803 2865 2830 2919 ?
2861 2862 3078 2919 Deinde
3108 2863 3273 2920 addit
3304 2869 3360 2920 et
3386 2879 3520 2920 cau-

1863 2966 2014 3019 sam,
2046 2967 2151 3005 cur
2181 2951 2292 3022 ipsi
2322 2967 2441 3006 non
2471 2951 2864 3021 intelligerent
2886 2951 3005 3008 illa.

1934 3040 2102 3093 Vers.
2131 3040 2221 3094 43.
2258 3040 2400 3108 Quia
2429 3071 2496 3080 —
2528 3056 2739 3096 meum.
2775 3071 2841 3079 —
2862 3042 2995 3097 Non
3019 3041 3283 3112 potestis,
3340 3040 3518 3111 signi-

1864 3127 2002 3183 ficat
2027 3144 2205 3193 nunc,
2239 3128 2360 3183 Non
2389 3129 2587 3184 vultis.
2625 3129 2774 3194 Quia
2802 3145 2921 3184 non
2949 3129 3142 3193 vultis,
3180 3129 3393 3202 inquit,
3425 3130 3518 3184 in-

1862 3215 2118 3285 telligere
2146 3233 2481 3272 sermonem
2501 3233 2723 3280 meum,
2755 3218 2944 3290 quide
2977 3217 3214 3272 sublimi
3245 3217 3517 3275 doctrina

1861 3309 1964 3369 est,
2002 3305 2470 3375 prOpteranimas
2495 3309 2700 3360 vestrae
2717 3305 3064 3378 pravitatem
3081 3323 3213 3379 quae
3227 3306 3393 3362 humi
3417 3307 3516 3362 de-

1860 3397 2048 3448 tracta
2075 3398 2185 3460 est,
2219 3400 2273 3447 et
2306 3393 2451 3448 nihil
2491 3393 2746 3448 sublime
2776 3394 3162 3462 imaginatur.
3197 3394 3346 3462 Quia
3376 3410 3514 3450 vero

1858 3481 2053 3536 dicere
2085 3482 2209 3537 ausi
2243 3481 2496 3547 fuerant,
2520 3487 2752 3553 patrem
2775 3499 2951 3538 suum
2984 3498 3110 3538 esse
3137 3485 3344 3550 Deum,
3376 3500 3516 3540 cum

1857 3570 2109 3626 Abrahae
2139 3571 2494 3641 cognatione
2527 3571 2756 3642 indigni
2781 3577 3000 3638 essent,
3024 3571 3206 3627 libere
3234 3572 3512 3644 loquitur,

1857 3667 1914 3716 et
1943 3661 2000 3715 in
2031 3676 2132 3716 eos
2159 3660 2941 3732 tanquamimmedicabiles
2960 3661 3337 3718 manifestius
3365 3662 3516 3718 inﬂi-

1856 3750 1938 3819 git
1968 3750 2201 3815 vulnus,
2239 3750 2402 3819 quod
2432 3751 2699 3822 ipsorum
2723 3749 3108 3823 impudentiae
3134 3752 3512 3824 respondeat,

1856 3839 2216 3894 inﬂationem
2249 3854 2313 3893 ac
2343 3838 2662 3894 elationem
2708 3840 3117 3910 arrogantium
3149 3839 3504 3912 reprimens.

1930 3928 2090 3984 Vers.
2125 3928 2212 3985 44.
2254 3930 2360 3984 Vos
2388 3960 2457 3969 ——
2504 3930 2656 3984 estis.
2690 3929 2811 3984 Vos
2852 3945 2923 3985 ex
2977 3934 3144 4002 patre
3189 3929 3289 3985 illo
3346 3929 3512 3998 estis,

1857 4032 2072 4088 nempe
2108 4017 2342 4073 diabolo
2374 4036 2387 4086 ;
2421 4024 2612 4073 vester
2640 4017 2735 4072 ille
2767 4023 2936 4089 pater
2973 4022 3081 4085 est,
3123 4017 3400 4074 diabolus
3432 4019 3516 4074 vi-

1855 4104 2084 4159 delicet.

1928 4197 2084 4248 Vers.
2131 4197 2219 4248 44.
2261 4195 2336 4248 Et
2365 4225 2433 4233 —
2464 4195 2722 4263 explere.
2766 4193 2956 4248 Patris
2985 4193 3140 4249 illius
3171 4194 3341 4251 vestri
3371 4215 3382 4258 ;
3416 4195 3514 4250 de-

1856 4281 2070 4336 sideria
2085 4289 2280 4338 autem
2298 4282 2453 4335 illius
2477 4290 2616 4337 sunt
2632 4282 3014 4336 homicidium
3033 4288 3089 4336 et
3107 4282 3511 4348 mendacium,

1856 4371 1978 4425 sive
2006 4369 2249 4441 obliqua
2289 4375 2345 4426 et
2390 4374 2672 4442 corrupta
2702 4371 2840 4433 vita,
2871 4370 3050 4425 veluti
3081 4375 3516 4447 consequenter

1856 4459 2031 4514 dicet.

1926 4548 2090 4603 Vers.
2123 4547 2213 4603 44.
2252 4548 2358 4605 Ille
2389 4579 2452 4588 —
2483 4548 2666 4604 initio.
2704 4548 3014 4604 Interfecto
3044 4548 3240 4620 primo
3272 4548 3513 4604 homine

1855 4637 2042 4693 Adam
2081 4657 2091 4696 :
2124 4653 2265 4693 nam
2294 4636 2422 4709 ipse
2465 4641 2718 4693 mortem
2761 4636 2841 4692 illi
2893 4637 3225 4710 propinavit
3254 4654 3266 4692 :
3296 4637 3514 4694 deinde

1855 4727 2031 4782 etiam
2065 4727 2262 4781 occiso
2288 4725 2408 4780 ﬁlio
2458 4725 2613 4781 illius
2661 4725 2825 4794 Abel,
2873 4726 3171 4799 siquidem
3216 4725 3344 4799 ipse
3379 4725 3516 4782 fecit

1854 4815 2091 4870 fratrem
2116 4815 2244 4886 ejus
2275 4815 2416 4871 Cain
2451 4815 2508 4870 in
2540 4831 2678 4871 eum
2710 4816 3038 4886 insurgere,
3065 4831 3203 4871 cum
3238 4815 3405 4888 prius
3436 4814 3514 4870 ad

1854 4903 2140 4959 invidiam
2180 4902 2347 4958 illum
2381 4904 2687 4959 movisset.

1927 4991 2094 5047 Vers.
2129 4994 2214 5046 44.
2250 4992 2611 5048 Et—stetit.
2658 4995 2782 5048 Non
2837 4991 3186 5064 permansit,
3243 4992 3354 5048 hoc
3401 4996 3508 5062 est,

1856 5080 1917 5138 in
1948 5087 2105 5137 recta
2128 5080 2229 5136 via
2268 5097 2387 5137 non
2420 5080 2690 5153 quiescit,
2725 5081 2830 5138 sed
2858 5081 2981 5138 odit
3006 5081 3344 5161 hujusmodi
3373 5097 3513 5138 con-

1863 5171 2280 5226 versationem.

1352 5347 1575 5414 Variae
1623 5348 1951 5416 lectiones
1998 5360 2064 5416 et
2104 5357 2306 5415 notae.

211 5544 323 5617 (54)
365 5546 688 5617 Γεγενὴμεθα
723 5551 781 5617 Α.

236 5616 326 5672 55)
364 5616 598 5672 inclusa
623 5616 971 5672 exciderunt
1003 5623 1063 5669 Α.

238 5686 325 5754 56)
368 5690 448 5743 lta
476 5688 758 5759 Origenes
791 5692 934 5759 tom.
979 5687 1068 5752 IV,
1101 5702 1160 5759 p.
1193 5689 1294 5742 3'27
1327 5686 1388 5744 Β.

238 5757 326 5831 57)
362 5759 490 5834 Παρ’
518 5757 662 5834 ἐμοῦ,
696 5765 834 5832 post
860 5757 918 5812 ού
943 5757 1122 5815 νοεῖτεῖ
1155 5765 1189 5810 Β

1924 5544 2039 5620 (58)
2080 5545 2292 5620 ῌληγὴν
2348 5544 2735 5620 ἀναντίβλόητον-
2764 5545 3070 5620 Α,ηωᾶιθ.
3115 5545 3263 5601 Illud
3330 5543 3514 5600 habet

1855 5616 2033 5690 etiam
2058 5616 2362 5690 Chrysost.
2395 5624 2436 5672 t.
2471 5616 2592 5682 viii,
2624 5634 2685 5690 p.
2712 5618 2818 5673 318
2854 5619 2918 5674 Ε.

1927 5687 2041 5760 (59)
2087 5687 2398 5763 Ἐπιθυμίας
2427 5689 2496 5746 Α.
