4098 6424
82 372 242 439 1289

1146 373 1514 440 COMMENT.
1560 385 1626 440 IN
1665 385 2015 443 JOANNEM.
2061 418 2124 428 —-
2165 386 2320 442 CAP.
2368 387 2506 443 VIII.

3340 393 3476 449 1290

81 509 184 559 τὸν
215 508 337 560 Υἱόν
367 505 528 559 αὐτοῦ
568 506 638 569 εἰς
666 510 753 560 τόν
782 509 977 580 κόσμον
1009 509 1092 562 ἱνα
1145 513 1290 582 κρίνῃ
1341 512 1428 561 τόν
1479 513 1696 581 κόσμον,

1823 512 1869 567 tn
1903 512 2218 576 mundum,
2277 514 2340 566 ut
2363 510 2591 582 judicet
2632 514 2949 583 mundum,
2981 514 3085 572 sed
3113 519 3176 572 ut
3215 517 3474 574 salvetur

84 593 212 646 ἀλλ’
246 596 331 647 ἶνα
363 597 504 668 σωθῇ
538 597 564 648 ὁ
586 600 780 668 κόσμος
809 593 844 649 δ
849 598 882 648 ι’
908 597 1090 652 αὐτοῦ.

171 683 312 738 Ἀλλ’
344 716 413 724 -
443 683 573 739 ἔστι.
609 715 673 726 —
720 684 933 758 Πέμψας
975 706 1058 758 με,
1092 690 1164 758 μὴ
1205 694 1378 760 κρῖναι
1416 695 1524 753 νῦν,
1571 687 1700 740 ἀλλὰ

91 782 295 828 σῶσαι.
327 772 393 826 Ἦ
422 771 621 834 ἀληθής
651 774 813 841 ἐστιν,
847 774 1105 847 ὀνομάσας
1129 795 1192 849 με
1218 784 1322 847 φῶς
1350 783 1441 828 τοῦ
1471 781 1696 848 κόσμου.

87 859 244 916 Ἰδοὺ
279 865 406 936 γὰρ,
437 868 587 935 φησὶ,
614 865 816 916 τέθεικα
840 883 897 916 σε
935 864 1002 924 εἰς
1033 872 1135 937 φῶς
1166 862 1340 930 ἐθνῶν,
1373 867 1443 926 ὡς
1465 865 1700 938 ἀνωτέρω

88 949 418 1010 δεδήλωται.

176 1041 334 1113 Κάγω
398 1072 465 1084 -—
530 1047 746 1115 κόσμον.
813 1041 1056 1096 Ἤκουσα
1113 1043 1236 1117 παρ’
1293 1042 1452 1095 αὐτοῦ
1509 1045 1575 1096 τά
1647 1063 1699 1095 τε

85 1130 250 1196 ἄλλα,
283 1134 372 1182 καὶ
399 1131 477 1181 ὅτι
500 1129 600 1203 εἰμὶ
631 1139 736 1202 φῶς
765 1132 944 1183 ἑθνῶν’
992 1136 1081 1182 καὶ
1113 1129 1250 1183 εἶπον
1275 1133 1341 1183 τά
1366 1150 1419 1183 τε
1459 1130 1588 1183 ἄλλα
1612 1137 1700 1183 καὶ

85 1222 179 1272 ὅτι
209 1218 310 1290 ἐγώ
352 1219 459 1292 εἰμι
489 1223 545 1272 τό
576 1229 680 1292 φῶς
710 1227 801 1273 τοῦ
830 1224 1053 1293 κόσμου.
1087 1219 1153 1275 ⁸0
1178 1217 1265 1272 οὖν
1291 1223 1516 1286 ἤκουσα,
1548 1228 1699 1272 τοῦτο

88 1307 264 1364 εἷπον,

172 1398 286 1450 Οὐκ
317 1430 384 1439 —
414 1398 602 1470 ἔλεγεν.
648 1398 759 1451 Οὐκ
801 1400 1031 1470 ἔγνωσαν
1075 1400 1154 1451 ὃτι
1195 1403 1310 1473 περὶ
1360 1406 1452 1450 τοῦ
1498 1401 1701 1473 Πατρός

88 1487 276 1548 αὐτοῖς
325 1488 482 1559 ἔλεγε,
557 1495 648 1539 τοῦ
702 1490 851 1560 φύσει
907 1491 1111 1561 Πατρός
1161 1487 1340 1542 αὑτοῦ.
1395 1488 1547 1548 Εἰκὸς
1597 1490 1699 1561 γὰρ

92 1577 291 1638 αὐτοὺς
331 1575 600 1647 διαπορεῖν
631 1581 760 1648 πρός
808 1575 1080 1643 ἀλλήλους,
1121 1576 1381 1649 λέγοντας,
1423 1582 1514 1638 Τίς
1560 1575 1699 1630 ἐστιν

89 1669 121 1718 ὁ
183 1665 394 1737 πέμψας
439 1665 594 1718 αὐτόν
623 1683 637 1732 ;
669 1671 843 1720 καίτοι
890 1665 1131 1727 πολλάκις
1195 1667 1372 1728 αὐτοῖς
1424 1662 1695 1738 διειλέχθη

87 1760 219 1827 περὶ
271 1754 482 1808 ἐκείνου.
535 1762 795 1806 Τοσοῦτον
865 1762 1152 1828 προσεῖχον
1211 1762 1320 1816 τοῖς
1377 1753 1554 1825 λόγοις
1611 1755 1700 1806 αῦ-

1810 602 2071 656 mundus
2102 616 2208 672 per
2236 616 2374 656 eum
2406 601 2473 654 ⁵⁸.

1884 692 2039 745 Vers.
2073 692 2160 744 26.
2192 689 2308 744 Sed
2335 719 2399 729 -—
2421 695 2520 745 est.
2547 721 2611 730 —-
2639 691 2751 759 Qui
2769 693 2926 749 misit
2951 708 3063 758 me,
3088 709 3209 750 non
3235 702 3474 753 utnunc

1804 778 2090 850 judicem,
2137 777 2242 832 sed
2295 783 2357 832 ut
2396 777 2642 834 salvem.
2681 781 2795 836 Aut
2825 796 3013 838 verax
3041 789 3148 849 est,
3206 799 3345 839 cum
3377 799 3474 840 me

1809 867 1994 922 lucem
2042 866 2253 922 mundi
2290 865 2641 923 nominavit.
2682 869 2853 936 Ecce,
2895 870 3108 942 inquit.
3135 872 3301 941 posui
3333 877 3386 930 te
3408 873 3471 930 in

1809 958 1997 1012 lucem
2028 955 2298 1025 gentium
2332 956 2400 1021 ⁵⁷,
2434 956 2607 1012 veluti
2627 959 2900 1029 superius
2931 959 3328 1027 significatum
3358 967 3468 1016 est-

1880 1045 2044 1100 Vers.
2079 1047 2164 1098 '26.
2219 1043 2291 1098 Et
2321 1059 2419 1115 ego
2468 1077 2523 1085 -
2563 1046 2798 1102 mundo.
2841 1046 3054 1102 Audivi
3086 1048 3164 1104 ab
3203 1064 3270 1104 eo
3302 1049 3472 1106 etiam

1809 1135 1923 1188 hoc
1963 1133 2112 1188 inter
2161 1132 2297 1198 alia,
2340 1133 2504 1204 quod
2546 1149 2656 1204 ego
2687 1134 2800 1190 sim
2859 1135 2962 1191 lux
3019 1137 3287 1207 gentium
3345 1155 3358 1205 ;
3415 1145 3473 1195 et

1809 1225 1957 1278 inter
1982 1222 2100 1278 alia
2121 1221 2298 1276 etiam
2325 1222 2438 1277 hoc
2467 1223 2609 1288 dixi,
2635 1224 2800 1296 quod
2827 1240 2938 1294 ego
2965 1224 3079 1282 sim
3099 1226 3202 1282 lux
3235 1228 3466 1284 mundi.

1811 1313 1977 1378 Quod
2003 1325 2144 1380 ergo
2181 1309 2406 1376 audivi,
2441 1311 2553 1368 hoc
2593 1311 2738 1368 dixi.

1882 1401 2042 1456 Vers.
2084 1401 2178 1456 27.
2243 1399 2366 1455 Non
2419 1431 2486 1440 —
2534 1401 2788 1457 dicebat.
2848 1405 2974 1459 Non
3033 1411 3465 1477 cognoverunt,

1809 1490 1971 1562 quod
2012 1489 2085 1542 de
2134 1488 2303 1542 Patre
2356 1487 2436 1543 eis
2466 1488 2720 1556 dicebat,
2757 1490 2861 1562 qui
2895 1491 3008 1546 sibi
3065 1498 3272 1548 natura
3306 1496 3471 1550 Pater

1810 1584 1981 1635 esset.
2037 1575 2371 1632 Verisimile
2399 1579 2557 1634 enim
2598 1584 2704 1643 est,
2745 1579 2912 1652 quod
2950 1579 3292 1636 dubitantes
3321 1581 3472 1638 inter

1809 1685 1871 1724 se
1910 1665 2204 1738 rogabant
2232 1682 2244 1719 :
2274 1665 2417 1734 Quis
2456 1673 2562 1733 est,
2594 1668 2698 1739 qui
2731 1668 2889 1724 misit
2909 1668 3074 1724 illum
3101 1668 3128 1724 ?
3156 1672 3331 1742 Atqui
3361 1671 3473 1727 fre-

1807 1765 2059 1830 quenter
2106 1761 2189 1815 eis
2240 1759 2315 1814 de
2359 1757 2459 1812 illo
2507 1756 2886 1812 disseruerat.
2943 1757 3112 1826 Vide,
3160 1760 3472 1831 quomodo

84 1853 208 1910 τοῦ,
267 1843 457 1914 μᾶλλον
509 1841 588 1910 δε,
645 1852 892 1896 τοσοῦτον
956 1841 1092 1902 ἦσαν
1145 1843 1515 1918 φρενοϐλαϐεῖς.
1554 1845 1698 1897 Εἰκό-

1823 1847 2188 1903 sermonibus
2206 1849 2334 1919 ejus
2353 1845 2758 1910 attendebant,
2775 1845 2896 1901 imo
2920 1846 3138 1917 potius,
3161 1849 3472 1918 quomodo

87 1953 200 1993 τως
277 1929 364 1985 οὖν
419 1930 552 1986 εἶπεν
610 1933 804 1995 αὐτοῖς’
865 1935 971 1992 Τὴν
1028 1931 1225 2006 ἀρχὴν,
1286 1935 1366 1986 ὅτι
1417 1939 1508 1986 καὶ
1566 1932 1699 1986 λαλῶ

87 2024 242 2093 ὑμῖν,

172 2109 326 2163 Εἶπεν
374 2141 443 2152 --
482 2111 608 2183 εἰμι.
661 2110 822 2163 Ὀταν
861 2112 1160 2183 κρεμάσητέ
1207 2129 1268 2182 με
1319 2113 1389 2172 ὡς
1434 2111 1701 2184 ἄνθρωπον

91 2198 185 2251 ἐπὶ
219 2207 471 2272 σταυροῦ,
510 2205 622 2251 τότε
673 2201 938 2270 γνώσεσθε
967 2202 1048 2252 ὅτι
1096 2198 1194 2271 ἐγὼ
1240 2200 1366 2273 εἰμι,
1408 2197 1647 2258 δηλονότι
1677 2202 1702 2252 ό

94 2290 226 2350 Υἱός
264 2295 356 2340 τοῦ
405 2295 539 2341 Θεοῦ
586 2293 676 2340 καὶ
725 2293 868 2349 Θεὸς.
921 2287 1010 2351 Ὠς
1065 2292 1190 2349 Θεὸς
1240 2292 1339 2364 γὰρ
1395 2292 1565 2363 εἰρηκε
1620 2293 1700 2359 τὸ,

92 2377 237 2447 Ἐγώ
322 2376 448 2450 εἰμι.
509 2379 776 2430 Γνὼσεσθε
827 2374 887 2430 δὲ
947 2385 1102 2430 τοῦτο
1152 2376 1254 2430 ἀπο
1317 2397 1370 2431 τε
1438 2387 1536 2431 τῶν
1613 2398 1703 2438 τη‹

91 2474 324 2518 νικαῦτα
349 2466 462 2538 (40)
501 2470 853 2538 ’γενησομένων
905 2464 1283 2540 ἁναντιῤῥήτων
1334 2472 1582 2539 σημείων,
1613 2472 1702 2520 καὶ

94 2553 207 2606 ἀπὸ
261 2563 356 2617 τῆς
411 2553 463 2606 ἐκ
520 2563 710 2629 νεκρῶν
771 2553 1101 2616 ἀναστάσεως
1157 2574 1280 2626 μου,
1329 2561 1414 2607 ναὶ
1464 2560 1567 2628 μὴν
1614 2561 1704 2608 καὶ

92 2643 206 2695 ἀπὸ
250 2652 346 2705 τῆς
396 2647 570 2696 ἔκτοτε
612 2643 1042 2716 καταληψομένης
1105 2647 1164 2696 τό
1217 2649 1360 2715 γένος
1411 2654 1510 2696 τῶν
1567 2632 1704 2698 Ἰουὲ

93 2730 268 2786 δαίων
321 2735 613 2804 θεομηνίας.
656 2735 802 2785 Μετὰ
842 2735 940 2806 γὰρ
995 2735 1052 2785 τὸ
1103 2735 1470 2808 σταυρωθῆναι
1525 2734 1700 2799 αὐτόν,

89 2827 192 2874 καὶ
231 2823 472 2893 γενέσθαι
518 2824 584 2873 τὰ
623 2820 814 2893 φοϐερὰ
851 2820 1017 2874 ἐκεῖνα
1072 2828 1282 2894 σημεῖα,
1332 2826 1519 2895 γράφει
1573 2830 1703 2876 Λου-

89 2920 197 2973 xu;
247 2913 326 2962 ότι
369 2915 460 2962 καὶ
507 2913 688 2970 πάντες
744 2913 793 2962 οἱ
838 2915 1352 2985 συμπαραγενόμενοι
1417 2911 1568 2983 ὀχλοι
1621 2910 1704 2964 ἐπὶ

91 3022 201 3059 την

302 3002 516 3074 θεωρίαν
606 3002 821 3065 ταύτην,
916 3002 1220 3073 θεωροῦντες
1301 3003 1368 3052 τὰ
1439 3007 1702 3074 γενόμενα,

91 3095 379 3151 τύπτοντες
436 3089 627 3141 ἑαυτῶν
683 3092 750 3141 τὰ
808 3092 977 3148 στήθη
1036 3091 1370 3163 ὑπέστρεφον.
1438 3089 1707 3161 Ἐγνωσαν

1809 1942 2008 1992 mente
2037 1938 2192 2009 capti
2226 1941 2418 1994 erant.
2458 1935 2654 1991 Merito
2685 1950 2827 2006 ergo
2873 1933 3022 1990 dixit
3051 1934 3162 1990 illis
3205 1953 3218 1991 :
3253 1938 3324 1992 In
3349 1937 3473 2007 pri-

1811 2026 1918 2081 mis
1939 2027 2094 2097 quod
2121 2027 2297 2082 etiam
2333 2027 2549 2096 loquar
2574 2023 2733 2079 vobis
2761 2024 2829 2078 ³⁸.

1882 2116 2043 2170 Vers.
2103 2115 2191 2171 28.
2240 2115 2398 2170 Dixit
2454 2143 2523 2153 —-
2560 2114 2690 2169 sim.
2722 2113 2864 2168 Cum
2917 2113 3346 2185 suspenderitis
3374 2132 3470 2171 me

1810 2204 1984 2276 quasi
2019 2204 2325 2259 hominem
2357 2203 2415 2258 in
2449 2218 2643 2267 cruce,
2678 2207 2819 2256 tunc
2849 2202 3249 2274 cognoscetis,
3301 2204 3468 2275 quod

1810 2309 1943 2362 ego,
1974 2294 2107 2358 sim,
2150 2293 2419 2348 videlicet
2452 2291 2627 2347 Filius
2677 2289 2772 2345 Dei
2828 2295 2884 2346 et
2934 2290 3108 2346 Deus.
3165 2295 3312 2348 Nam
3341 2298 3472 2348 tan-

1811 2398 1995 2454 quam
2021 2386 2170 2438 Deus
2199 2382 2344 2438 dixit
2376 2405 2388 2437 :
2413 2382 2532 2452 Ego
2560 2381 2691 2436 sim.
2725 2381 3104 2449 Cognoscetis
3131 2388 3332 2437 autem
3356 2381 3472 2438 hoc

1812 2487 1849 2528 a
1900 2471 2106 2541 signis,
2139 2487 2274 2544 qua)
2325 2475 2464 2526 tunc
2507 2469 2668 2535 ﬂent,
2702 2469 2916 2540 quibus
2967 2469 3290 2525 contradici
3349 2486 3472 2526 non

1813 2563 2042 2633 poterit,
2095 2567 2150 2616 et
2195 2577 2230 2615 a
2283 2557 2706 2615 resurrectione
2740 2574 2875 2613 mea
2903 2574 2939 2613 a
2982 2559 3272 2614 mortuis:
3308 2560 3475 2614 insu-

1811 2666 1917 2723 per
1946 2651 2124 2706 etiam
2165 2649 2242 2704 ab
2272 2647 2361 2704 ira
2389 2647 2615 2711 divina,
2655 2663 2789 2718 quae
2817 2652 2956 2702 tunc
2987 2663 3175 2717 genus
3207 2663 3476 2720 compre-

1810 2738 2033 2795 hendet
2056 2738 2422 2792 Judaaorum.
2452 2735 2762 2808 Siquidem
2784 2740 3108 2807 postquam
3128 2735 3297 2791 illum
3331 2753 3471 2791 cru-

1813 2828 2126 2883 ciﬁxerunt
2155 2833 2211 2882 et
2241 2825 2538 2898 stupenda
2563 2824 2662 2880 illa
2693 2825 2869 2894 signa
2901 2823 3058 2882 facta
3089 2830 3241 2892 sunt,
3275 2825 3477 2881 scribit

1816 2918 2004 2972 Lucas
2017 2917 2088 2981 ‘9,
2109 2915 2275 2987 quod
2304 2931 2514 2970 omnes
2534 2913 2736 2977 turbae,
2752 2929 2888 2985 quae
2903 2913 3078 2969 simul
3100 2919 3476 2970 accesserant

1814 3005 1893 3060 ad
1946 3003 2345 3076 spectaculum
2377 3002 2554 3063 istud.
2589 3008 2644 3057 et
2690 3001 2995 3068 videbant,
3038 3018 3173 3074 quae
3226 3002 3473 3068 ﬁebant,

1816 3091 2210 3162 percutientes
2244 3096 2483 3163 pectora
2511 3107 2621 3145 sua
2647 3090 3114 3147 revertebantur.
3148 3090 3478 3160 Cognosce-

95 3185 196 3253 μὲν
251 3181 352 3252 ’γὰρ
406 3180 484 3229 ὅτι
547 3179 674 3238 θεῖος
727 3179 994 3251 ἄνθρωπος
1055 3182 1206 3240 ὅντως
1259 3175 1341 3244 ἦν,
1417 3184 1508 3231 καὶ
1577 3198 1706 3250 συμ-

1823 3180 2167 3244 bantenim,
2219 3179 2384 3252 quod
2432 3194 2565 3233 vere
2612 3177 2851 3232 divinus
2882 3178 3066 3233 homo
3097 3183 3272 3245 esset,
3297 3184 3352 3234 et
3394 3178 3476 3234 illi

95 3271 310 3339 πάσχει
352 3266 490 3336 αὐτῷ
539 3267 568 3324 ἠ
603 3271 791 3332 κτίσις,
846 3271 918 3338 μὴ
952 3270 1182 3340 φέρουσα
1217 3270 1275 3318 τό
1321 3268 1480 3327 πάθος
1528 3266 1704 3319 αὐτοῦ·

99 3364 176 3431 μὴ
229 3355 506 3426 τολμῶντες
551 3351 609 3407 δὲ
657 3354 823 3406 λαλεῖν
882 3351 976 3406 διὰ
1026 3359 1114 3407 τόν
1163 3353 1315 3426 φόϐον
1372 3364 1471 3407 τῶν
1519 3355 1711 3430 ἀρχόν-

101 3465 230 3508 των,
265 3447 479 3495 ἔτυπτον
518 3446 583 3495 τὰ
614 3445 778 3502 στήθη
827 3443 1013 3515 αὐτῶν,
1059 3449 1390 3515 σημαίνοντες
1435 3449 1530 3503 την
1569 3444 1712 3507 ἐντός

103 3530 323 3590 ὀδύνην.
392 3531 716 3584 Ὑπώπτευον
771 3534 869 3603 γὰρ
936 3533 1016 3584 ὅτι
1069 3536 1227 3584 κακόν
1295 3531 1576 3591 ἀνήκεστον
1649 3537 1708 3586 τό

102 3625 253 3694 γένος
301 3620 436 3672 ἅπαν
473 3625 706 3674 πείσεται
750 3617 822 3673 δι’
862 3621 1036 3675 αὐτόν.
1091 3626 1191 3674 Καὶ
1237 3624 1338 3695 γὰρ
1382 3628 1470 3675 καὶ
1522 3624 1548 3674 ό
1596 3623 1709 3676 ἐκα-

103 3714 399 3782 τόνταρχος
453 3714 542 3762 καὶ
580 3712 629 3762 οἱ
671 3710 782 3784 μετ’
823 3709 983 3762 αὐτοῦ
1018 3719 1288 3783 τηροῦντες
1340 3715 1425 3764 τὸν
1482 3712 1705 3779 Ἰησοῦν,

108 3799 178 3859 ὦς
234 3817 364 3870 φησι
420 3800 709 3866 Ματθαίος,
771 3795 968 3860 ἰδόντες
1019 3800 1134 3870 (4t)
1193 3802 1259 3852 τὰ
1301 3804 1548 3873 γενόμενα
1599 3799 1710 3873 ἐφο-

107 3885 351 3945 ϐήθησαν
405 3883 632 3962 σφόδρα,
687 3887 932 3959 λέγοντες·
999 3887 1224 3950 ’Δληθῶς
1277 3897 1410 3943 Θεοῦ
1468 3892 1590 3952 Υἱὸς
1649 3886 1709 3948 ἧν

105 3976 280 4037 οὗτος.

184 4065 339 4119 Ἀλλὰ
388 4069 476 4118 καὶ
507 4065 656 4118 αὐτοὶ
701 4067 750 4118 οἰ
797 4066 1053 4141 ἄρχοντες
1099 4076 1198 4119 τῶν
1231 4065 1500 4121 Ἰουδαίων
1550 4071 1711 4140 ἔγνω-

109 4176 209 4209 σαν
236 4160 350 4208 τότε
395 4157 470 4207 ὁτι
518 4163 652 4208 Θεοῦ
702 4158 822 4217 Υἱός
867 4152 947 4224 ἦν,
981 4161 1074 4209 καὶ
1121 4161 1272 4226 Θεὸς,
1315 4158 1358 4210 εἰ
1414 4163 1503 4211 καὶ
1550 4177 1710 4210 πεπα-

107 4252 308 4303 τὴκασι
338 4249 432 4302 τὴν
479 4241 786 4303 συνείδησιν
827 4244 1020 4297 ἑαυτῶν
1072 4243 1145 4298 δι’
1187 4246 1474 4320 ὑπερϐολὴν
1524 4249 1709 4319 φθόνου

105 4339 202 4386 καὶ
263 4338 469 4405 μανίας.
548 4338 704 4404 Λέγει
771 4337 872 4406 ’γὰρ
947 4334 1100 4386 πάλιν
1158 4337 1184 4386 ό
1253 4339 1521 4399 Matrinio;
1556 4351 1567 4364 '
1631 4339 1712 4388 ὅτι

110 4419 257 4476 ἰδού
352 4441 478 4482 τινες
551 4430 647 4484 τῆς
725 4419 1054 4486 κουστωδίας
1138 4423 1364 4488 ἐλθόντες
1461 4426 1532 4488 εἰς
1619 4431 1712 4485 τὴν

109 4510 282 4580 πόλιν,
413 4509 732 4582 ἀπήγγειλαν
855 4519 966 4573 τοῖς
1060 4513 1394 4589 ἀρχιερεῦσιν
1508 4515 1714 4568 ἅπαντα

108 4603 179 4652 τὰ
207 4603 470 4670 γενόμενα.
519 4605 619 4653 Καὶ
651 4602 998 4672 συναχθέντες
1025 4605 1157 4674 μετὰ
1197 4611 1294 4656 τῶν
1337 4602 1710 4678 πρεσϐυτέρων,

113 4686 432 4762 συμϐούλιόν
506 4707 561 4740 τε
619 4687 879 4757 λαϐόντες,

352 4441 478 4482 τινες

963 4688 1192 4764 ἀργύρια
1283 4694 1434 4744 ἱκανὰ
1512 4689 1713 4744 ἔδωκαν

109 4785 220 4838 τοῖς
256 4782 618 4852 στρατιώταις,
669 4777 914 4849 λέγοντες
970 4782 1180 4847 Εἴπατε,
1233 4781 1313 4833 ότι
1361 4783 1428 4837 Οἱ
1479 4783 1713 4854 μαθηταὶ

111 4867 276 4920 αὐτοῦ
294 4869 480 4929 νυκτός
505 4865 752 4931 ἐλθόντες,
775 4865 991 4940 ἔκλεψαν
1012 4868 1168 4922 αὐτόν
1195 4871 1224 4927 ἠ
1232 4878 1340 4943 μῶν
1361 4874 1712 4943 κοιμωμένων,

112 4961 204 5009 καὶ
235 4957 300 5009 τὰ
329 4955 467 5019 ἑξῆς.

189 5107 238 5142 ⁵⁸
262 5106 429 5163 Joan.
457 5123 537 5178 ιιι,
563 5107 646 5166 17.

723 5109 770 5147 ⁸⁷
797 5109 914 5169 Isa.
941 5127 1096 5180 xux,
1121 5112 1176 5169 6.

117 5192 316 5244 χχγιιι,
362 5183 446 5234 11·
459 5179 542 5237 t3.

1253 5113 1301 5150 ⁸⁸
1339 5112 1511 5171 Joan.
1536 5115 1756 5180 “11,25.

1818 3273 2254 3339 compateretur
2281 3273 2548 3322 creatura
2578 3283 2588 3321 :
2629 3283 2765 3321 cum
2799 3274 2996 3320 autem
3025 3265 3187 3338 loqui
3220 3282 3341 3321 non
3373 3282 3477 3321 au-

1819 3358 2023 3413 derent
2076 3363 2314 3428 propter
2354 3355 2614 3410 timorem
2674 3353 3022 3425 principum,
3065 3354 3479 3425 percutiebant

1819 3450 2057 3519 pectora
2081 3460 2207 3513 sua,
2235 3444 2639 3514 signiﬁcantes
2669 3441 2939 3498 dolorem
2970 3442 3331 3498 interiorem.
3365 3443 3476 3497 Su-

1820 3533 2204 3606 spicabantur
2237 3546 2494 3603 namque
2535 3531 2800 3585 futurum
2841 3546 2988 3598 esse,
3023 3535 3086 3585 ut
3120 3529 3343 3585 malum
3371 3529 3480 3586 ali-

1817 3624 1980 3696 quod
1996 3621 2423 3678 irremediabile
2439 3627 2678 3693 propter
2691 3619 2842 3674 illum
2857 3635 3027 3675 omne
3043 3636 3233 3690 genus
3247 3619 3276 3673 J
3287 3621 3483 3676 udeeo-

1817 3729 1951 3769 rum
2007 3716 2367 3768 concuteret.
2412 3710 2559 3766 Nam
2593 3713 2648 3765 et
2690 3710 2977 3775 centurio,
3011 3715 3068 3764 et
3095 3708 3192 3781 qui
3225 3725 3363 3764 cum
3408 3725 3480 3765 eo

1817 3806 2005 3868 erant,
2028 3802 2568 3869 servantesJesum,
2588 3803 2650 3855 ut
2670 3799 2750 3854 ait
2773 3798 3099 3865 Matthaeus,
3131 3813 3270 3853 cum
3299 3797 3479 3853 vidis-

1819 3897 1947 3947 sent
1967 3907 2102 3960 quae
2123 3890 2368 3956 ﬂebant,
2390 3889 2766 3944 vehementer
2787 3887 2962 3944 territi
2990 3894 3146 3953 sunt,
3171 3886 3435 3944 dicentes
3464 3907 3476 3945 :

1827 3980 1967 4038 Vere
1994 3980 2186 4036 Filius
2227 3980 2326 4034 Dei
2353 3983 2474 4033 erat
2512 3977 2621 4034 iste
2659 3978 2726 4031 ⁶⁰.

1893 4071 2000 4125 Sed
2060 4077 2116 4124 et
2162 4067 2275 4139 ipsi
2315 4065 2614 4138 principes
2669 4065 3013 4120 Judreorum
3064 4069 3484 4134 cognoverunt

1823 4161 1958 4214 tunc
1988 4156 2152 4228 quod
2184 4156 2278 4210 Dei
2322 4155 2496 4210 Filius
2529 4158 2654 4208 erat
2675 4158 2730 4208 et
2760 4154 2934 4218 Deus,
2959 4168 3309 4224 quanquam
3341 4169 3476 4223 pro-

1821 4248 2015 4320 priam
2044 4245 2547 4302 conculcaverunt
2575 4242 3023 4305 conscientiam,
3056 4241 3488 4296 nimiainvidia

1822 4352 1892 4392 ac
1915 4335 2160 4390 insania.
2195 4335 2288 4388 Ait
2313 4333 2473 4387 enim
2505 4347 2734 4386 rursum
2768 4331 3074 4386 Matthaeus
3129 4345 3141 4384 :
3178 4330 3332 4384 Ecce
3360 4329 3486 4400 qui-

1821 4425 1958 4480 dam
1976 4423 2042 4478 de
2057 4422 2396 4479 custodibus
2415 4425 2700 4476 venerunt
2716 4419 2777 4473 in
2794 4419 3090 4473 civitatem
3107 4423 3158 4473 et
3179 4420 3487 4473 renuntia-

1823 4518 2027 4569 verunt
2045 4510 2420 4580 principibus
2444 4508 2816 4564 sacerdotum
2843 4507 3111 4562 universa
3127 4521 3256 4576 quae
3277 4506 3490 4561 accide-

1822 4607 1958 4658 rant
1981 4617 1992 4654 :
2013 4607 2067 4657 et
2085 4597 2422 4669 congregati
2443 4613 2574 4652 cum
2605 4595 2928 4652 senioribus
2948 4595 3194 4664 accepto
3227 4594 3482 4663 consilio,

1817 4689 2098 4762 pecunias
2129 4689 2346 4744 multas
2365 4686 2655 4742 dederunt
2681 4684 2960 4739 militibus
2987 4684 3244 4740 dicentes
3276 4684 3490 4740 :Diczte

1822 4779 2104 4852 Discipuli
2120 4780 2245 4847 ejus
2266 4783 2429 4832 nocte
2452 4777 2757 4838 venerunt,
2783 4776 2837 4829 et
2856 4773 3057 4844 furati
3072 4780 3209 4828 sunt
3232 4785 3362 4828 eum
3386 4788 3488 4829 no-

1825 4869 1904 4926 bis
1940 4866 2361 4924 dormientibus
2403 4867 2470 4932 σι,
2503 4869 2562 4920 et
2591 4869 2826 4920 caetera.

1833 5112 1880 5150 δ’
1909 5113 2048 5170 Luc.
2089 5127 2252 5179 χχιιι,
2292 5108 2383 5168 48.
2483 5110 2531 5147 ⁵ο
2553 5107 2760 5166 Matth.
2795 5106 3119 5174 xxxvn,54.
3197 5107 3243 5144 σί
3271 5105 3482 5166 Matth.

1343 5309 1565 5380 Variae
1595 5309 1921 5379 lectiones
1971 5318 2036 5378 et
2074 5319 2276 5377 notae.

192 5418 304 5560 ἓιίο)
343 5423 382 5472 Γ
385 5419 644 5494 ενὸμένων,
677 5427 732 5478 Β.

215 5492 298 5559 41)
334 5495 432 5544 Τόν
493 5495 710 5560 σεισμὸν

334 5492 710 5573 Τόνςισεισμὸν
760 5497 852 5573 καί
901 5494 1082 5573 iidem
1133 5497 1373 5573 codices
1417 5497 1719 5573 Euthymii

120 5568 397 5642 omittunt
414 5568 590 5642 etiam
608 5568 666 5642 in
685 5569 1520 5642 contextuapudmatthmum.
1542 5568 1721 5642 Chry-

123 5639 422 5708 sostomus
443 5634 603 5690 hunc
619 5635 818 5708 locum
843 5634 1348 5708 negligentissime
1367 5648 1593 5706 tractat,
1611 5634 1720 5696 Lu-

122 5720 255 5762 cam
281 5706 501 5778 potius,
534 5721 720 5777 quam
750 5706 1068 5766 Μωιώυῶ
1098 5711 1520 5785 interpretans.
1551 5712 1720 5769 Vide-

446 5803 686 5862 ΡΑιιτοι..
730 5803 840 5865 Gn.
890 5805 1138 5868 CXXIX.

1832 5431 1976 5482 tom.
2008 5427 2121 5491 VII,
2152 5441 2210 5496 p.
2244 5426 2351 5481 8'26
2388 5426 2461 5496 Ε.
2507 5421 2710 5496 Crateri
2738 5420 2981 5496 codices
3013 5421 3077 5496 Ν.
3119 5416 3492 5496 _Te_sta_menti

1829 5514 1968 5554 cum
2000 5489 2258 5571 schOIiis,
2301 5495 2651 5571 cujusmodi
2680 5493 2756 5571 ad
2789 5508 3006 5571 manus
3035 5489 3494 5571 habuittjluthy-

1830 5571 2009 5638 mius,
2037 5570 2151 5625 ista
2177 5562 2438 5624 servaﬁt.
2483 5563 2914 5638 ldintelligitur
2945 5579 3016 5638 ex
3046 5578 3180 5638 mea
3204 5562 3486 5638 editione.

1830 5631 2313 5713 Ergo'Euthymii
2344 5637 2668 5695 auctoritas
2697 5631 2895 5713 valere
2950 5633 3064 5692 hoc
3099 5634 3231 5690 loco
3261 5631 3487 5704 nequit.

3167 5800 3234 5862 41
