  <div class='ocr_page' id='page_1' title='image "/cluster/home/n/w/nwhite01/storage/ocr_20150623/129/hvd.32044019208511/745.png"; bbox 0 0 4098 6436; ppageno 0'>
   <div class='ocr_carea' id='block_1_1' title="bbox 717 371 3925 453">
    <p class='ocr_par' dir='ltr' id='par_1_1' title="bbox 717 371 3925 453">
     <span class='ocr_line' id='line_1_1' title="bbox 717 371 3925 453; baseline 0.006 -19"><span class='ocrx_word' id='word_1_1' title='bbox 717 371 850 434; x_wconf 72' lang='grc'><strong>1287</strong></span> <span class='ocrx_word' id='word_1_2' title='bbox 2049 373 2387 442; x_wconf 69' lang='lat' dir='ltr'><strong>EUTHYMII</strong></span> <span class='ocrx_word' id='word_1_3' title='bbox 2434 376 2750 443; x_wconf 65' lang='lat' dir='ltr'><strong>ZIGAnENt</strong></span> <span class='ocrx_word' id='word_1_4' title='bbox 3848 400 3925 453; x_wconf 62' lang='lat' dir='ltr'><strong>ne</strong></span> 
     </span>
    </p>
   </div>
   <div class='ocr_carea' id='block_1_2' title="bbox 795 504 2413 591">
    <p class='ocr_par' dir='ltr' id='par_1_2' title="bbox 795 504 2413 569">
     <span class='ocr_line' id='line_1_2' title="bbox 795 504 2413 569; baseline 0.009 -15"><span class='ocrx_word' id='word_1_5' title='bbox 795 505 952 558; x_wconf 83' lang='lat' dir='ltr'><strong>Vers.</strong></span> <span class='ocrx_word' id='word_1_6' title='bbox 983 509 1070 558; x_wconf 87' lang='lat' dir='ltr'><strong>2t.</strong></span> <span class='ocrx_word' id='word_1_7' title='bbox 1114 504 1280 561; x_wconf 77' lang='lat' dir='ltr'><strong>Dixit</strong></span> <span class='ocrx_word' id='word_1_8' title='bbox 1317 536 1377 546; x_wconf 78' lang='lat'><em>——</em></span> <span class='ocrx_word' id='word_1_9' title='bbox 1412 509 1576 563; x_wconf 87' lang='lat' dir='ltr'><strong>vado.</strong></span> <span class='ocrx_word' id='word_1_10' title='bbox 1605 512 1863 566; x_wconf 83' lang='lat' dir='ltr'><strong>Transeo</strong></span> <span class='ocrx_word' id='word_1_11' title='bbox 1899 528 1934 566; x_wconf 90' lang='lat' dir='ltr'><strong>a</strong></span> <span class='ocrx_word' id='word_1_12' title='bbox 1965 517 2196 568; x_wconf 89' lang='lat' dir='ltr'><strong>terrena</strong></span> <span class='ocrx_word' id='word_1_13' title='bbox 2230 513 2365 568; x_wconf 87' lang='lat' dir='ltr'><strong>vita.</strong></span> <span class='ocrx_word' id='word_1_14' title='bbox 2401 541 2413 569; x_wconf 64' lang='grc' dir='ltr'><strong>λ</strong></span> 
     </span>
    </p>
   </div>
   <div class='ocr_carea' id='block_1_3' title="bbox 2305 504 3923 591">
    <p class='ocr_par' dir='ltr' id='par_1_3' title="bbox 2305 512 3923 591">
     <span class='ocr_line' id='line_1_3' title="bbox 2305 512 3923 591; baseline 0.006 -26"><span class='ocrx_word' id='word_1_15' title='bbox 2305 530 2365 568; x_wconf 73' lang='lat' dir='ltr'><strong>,a.</strong></span> <span class='ocrx_word' id='word_1_16' title='bbox 2401 516 2444 569; x_wconf 83' lang='grc' dir='ltr'><strong>Α</strong></span> <span class='ocrx_word' id='word_1_17' title='bbox 2557 512 2704 568; x_wconf 84' lang='grc' dir='ltr'><strong>Εἶπεν</strong></span> <span class='ocrx_word' id='word_1_18' title='bbox 2771 547 2822 558; x_wconf 89' lang='grc'><strong><em>-</em></strong></span> <span class='ocrx_word' id='word_1_19' title='bbox 2880 517 3080 588; x_wconf 73' lang='grc' dir='ltr'><strong>ὑπάγω.</strong></span> <span class='ocrx_word' id='word_1_20' title='bbox 3147 514 3441 573; x_wconf 73' lang='grc' dir='ltr'><strong>Μεταϐαίνω</strong></span> <span class='ocrx_word' id='word_1_21' title='bbox 3497 513 3588 568; x_wconf 71' lang='grc' dir='ltr'><strong>ἆπὸ</strong></span> <span class='ocrx_word' id='word_1_22' title='bbox 3656 526 3733 580; x_wconf 80' lang='grc' dir='ltr'><strong>τῆς</strong></span> <span class='ocrx_word' id='word_1_23' title='bbox 3785 518 3923 591; x_wconf 59' lang='grc' dir='ltr'><strong>ἐπιγείιν</strong></span> 
     </span>
    </p>
   </div>
   <div class='ocr_carea' id='block_1_4' title="bbox 787 594 2638 674">
    <p class='ocr_par' dir='ltr' id='par_1_4' title="bbox 787 594 2638 674">
     <span class='ocr_line' id='line_1_4' title="bbox 787 594 2638 674; baseline 0.008 -28"><span class='ocrx_word' id='word_1_24' title='bbox 787 594 943 648; x_wconf 87' lang='lat' dir='ltr'><strong>Vers.</strong></span> <span class='ocrx_word' id='word_1_25' title='bbox 977 595 1066 647; x_wconf 81' lang='lat' dir='ltr'><strong>2t.</strong></span> <span class='ocrx_word' id='word_1_26' title='bbox 1111 595 1188 649; x_wconf 82' lang='lat' dir='ltr'><strong>Et</strong></span> <span class='ocrx_word' id='word_1_27' title='bbox 1234 599 1488 666; x_wconf 66' lang='lat' dir='ltr'><strong>quaeritis</strong></span> <span class='ocrx_word' id='word_1_28' title='bbox 1528 615 1631 654; x_wconf 84' lang='lat' dir='ltr'><strong>me.</strong></span> <span class='ocrx_word' id='word_1_29' title='bbox 1686 601 1871 656; x_wconf 87' lang='lat' dir='ltr'><strong>Etiam</strong></span> <span class='ocrx_word' id='word_1_30' title='bbox 1928 603 2202 674; x_wconf 84' lang='lat' dir='ltr'><strong>superius</strong></span> <span class='ocrx_word' id='word_1_31' title='bbox 2256 603 2369 659; x_wconf 89' lang='lat' dir='ltr'><strong>hoc</strong></span> <span class='ocrx_word' id='word_1_32' title='bbox 2480 604 2638 668; x_wconf 76' lang='grc' dir='ltr'><strong>ζωῆς.</strong></span> 
     </span>
    </p>
   </div>
   <div class='ocr_carea' id='block_1_5' title="bbox 713 681 2331 772">
    <p class='ocr_par' dir='ltr' id='par_1_5' title="bbox 713 681 1624 748">
     <span class='ocr_line' id='line_1_5' title="bbox 713 681 1624 748; baseline 0.008 -12"><span class='ocrx_word' id='word_1_33' title='bbox 713 681 876 748; x_wconf 86' lang='lat' dir='ltr'><strong>dixit,</strong></span> <span class='ocrx_word' id='word_1_34' title='bbox 910 687 966 738; x_wconf 89' lang='lat' dir='ltr'><strong>et</strong></span> <span class='ocrx_word' id='word_1_35' title='bbox 990 682 1070 738; x_wconf 87' lang='lat' dir='ltr'><strong>ibi</strong></span> <span class='ocrx_word' id='word_1_36' title='bbox 1100 683 1467 742; x_wconf 80' lang='lat' dir='ltr'><strong>declaratum</strong></span> <span class='ocrx_word' id='word_1_37' title='bbox 1513 695 1624 744; x_wconf 90' lang='lat' dir='ltr'><strong>est.</strong></span> 
     </span>
    </p>
   </div>
   <div class='ocr_carea' id='block_1_6' title="bbox 2307 681 3925 772">
    <p class='ocr_par' dir='ltr' id='par_1_6' title="bbox 2554 693 3925 772">
     <span class='ocr_line' id='line_1_6' title="bbox 2554 693 3925 772; baseline 0.003 -26"><span class='ocrx_word' id='word_1_38' title='bbox 2554 700 2651 746; x_wconf 80' lang='grc' dir='ltr'><strong>Καὶ</strong></span> <span class='ocrx_word' id='word_1_39' title='bbox 2682 698 2934 757; x_wconf 74' lang='grc' dir='ltr'><strong>ζητήσετέ</strong></span> <span class='ocrx_word' id='word_1_40' title='bbox 2964 715 3043 767; x_wconf 74' lang='grc' dir='ltr'><strong>με.</strong></span> <span class='ocrx_word' id='word_1_41' title='bbox 3084 700 3180 749; x_wconf 81' lang='grc' dir='ltr'><strong>Καὶ</strong></span> <span class='ocrx_word' id='word_1_42' title='bbox 3212 698 3439 766; x_wconf 75' lang='grc' dir='ltr'><strong>ἀνωτέρω</strong></span> <span class='ocrx_word' id='word_1_43' title='bbox 3464 702 3602 747; x_wconf 76' lang='grc' dir='ltr'><strong>τοῦτο</strong></span> <span class='ocrx_word' id='word_1_44' title='bbox 3623 693 3728 761; x_wconf 82' lang='grc' dir='ltr'><strong>εἶπε,</strong></span> <span class='ocrx_word' id='word_1_45' title='bbox 3749 701 3925 772; x_wconf 51' lang='lat' dir='ltr'><strong>tutissi-</strong></span> 
     </span>
    </p>
   </div>
   <div class='ocr_carea' id='block_1_7' title="bbox 2477 784 2781 840">
    <p class='ocr_par' dir='ltr' id='par_1_7' title="bbox 2477 784 2781 840">
     <span class='ocr_line' id='line_1_7' title="bbox 2477 784 2781 840; baseline 0.013 -6"><span class='ocrx_word' id='word_1_46' title='bbox 2477 786 2629 840; x_wconf 78' lang='grc' dir='ltr'><strong>νεύθη</strong></span> <span class='ocrx_word' id='word_1_47' title='bbox 2661 784 2781 838; x_wconf 72' lang='grc' dir='ltr'><strong>ἐκεῖ.</strong></span> 
     </span>
    </p>
   </div>
   <div class='ocr_carea' id='block_1_8' title="bbox 785 860 2403 946">
    <p class='ocr_par' dir='ltr' id='par_1_8' title="bbox 785 860 2367 937">
     <span class='ocr_line' id='line_1_8' title="bbox 785 860 2367 937; baseline 0.005 -22"><span class='ocrx_word' id='word_1_48' title='bbox 785 860 945 916; x_wconf 87' lang='lat' dir='ltr'><strong>Vers.</strong></span> <span class='ocrx_word' id='word_1_49' title='bbox 975 865 1062 918; x_wconf 82' lang='lat' dir='ltr'><strong>2t.</strong></span> <span class='ocrx_word' id='word_1_50' title='bbox 1088 863 1152 916; x_wconf 83' lang='lat' dir='ltr'><strong>Et</strong></span> <span class='ocrx_word' id='word_1_51' title='bbox 1181 893 1250 903; x_wconf 98' lang='lat'>—</span> <span class='ocrx_word' id='word_1_52' title='bbox 1302 865 1653 922; x_wconf 78' lang='lat' dir='ltr'><strong>moriemini.</strong></span> <span class='ocrx_word' id='word_1_53' title='bbox 1693 869 1810 937; x_wconf 87' lang='lat' dir='ltr'><strong>Ego</strong></span> <span class='ocrx_word' id='word_1_54' title='bbox 1845 870 1997 937; x_wconf 85' lang='lat' dir='ltr'><strong>veni,</strong></span> <span class='ocrx_word' id='word_1_55' title='bbox 2052 873 2112 925; x_wconf 89' lang='lat' dir='ltr'><strong>ut</strong></span> <span class='ocrx_word' id='word_1_56' title='bbox 2165 886 2272 926; x_wconf 87' lang='lat' dir='ltr'><strong>vos</strong></span> <span class='ocrx_word' id='word_1_57' title='bbox 2305 870 2367 924; x_wconf 91' lang='lat' dir='ltr'><strong>li-</strong></span> 
     </span>
    </p>
   </div>
   <div class='ocr_carea' id='block_1_9' title="bbox 2306 860 3924 946">
    <p class='ocr_par' dir='ltr' id='par_1_9' title="bbox 2306 870 3924 946">
     <span class='ocr_line' id='line_1_9' title="bbox 2306 870 3924 946; baseline 0.004 -23"><span class='ocrx_word' id='word_1_58' title='bbox 2306 870 2367 924; x_wconf 82' lang='lat' dir='ltr'><strong>li-</strong></span> <span class='ocrx_word' id='word_1_59' title='bbox 2552 878 2650 925; x_wconf 81' lang='grc' dir='ltr'><strong>Καὶ</strong></span> <span class='ocrx_word' id='word_1_60' title='bbox 2709 905 2775 914; x_wconf 91' lang='grc'><strong>-</strong></span> <span class='ocrx_word' id='word_1_61' title='bbox 2839 872 3200 926; x_wconf 78' lang='grc' dir='ltr'><strong>ἀποθανεῖσθε.</strong></span> <span class='ocrx_word' id='word_1_62' title='bbox 3272 871 3460 926; x_wconf 77' lang='grc' dir='ltr'>Ἦλθον</span> <span class='ocrx_word' id='word_1_63' title='bbox 3523 872 3811 946; x_wconf 72' lang='grc' dir='ltr'><strong>ἕλευθερώσων</strong></span> <span class='ocrx_word' id='word_1_64' title='bbox 3866 883 3924 942; x_wconf 64' lang='lat'><strong>{3‘31</strong></span> 
     </span>
    </p>
   </div>
   <div class='ocr_carea' id='block_1_10' title="bbox 711 949 2329 1035">
    <p class='ocr_par' dir='ltr' id='par_1_10' title="bbox 711 949 2329 1031">
     <span class='ocr_line' id='line_1_10' title="bbox 711 949 2329 1031; baseline 0.006 -25"><span class='ocrx_word' id='word_1_65' title='bbox 711 949 986 1006; x_wconf 87' lang='lat' dir='ltr'><strong>berarem</strong></span> <span class='ocrx_word' id='word_1_66' title='bbox 1019 951 1097 1006; x_wconf 90' lang='lat' dir='ltr'><strong>ab</strong></span> <span class='ocrx_word' id='word_1_67' title='bbox 1145 953 1309 1008; x_wconf 89' lang='lat' dir='ltr'><strong>omni</strong></span> <span class='ocrx_word' id='word_1_68' title='bbox 1356 960 1600 1025; x_wconf 89' lang='lat' dir='ltr'><strong>peccato</strong></span> <span class='ocrx_word' id='word_1_69' title='bbox 1639 964 1838 1012; x_wconf 89' lang='lat' dir='ltr'><strong>vestro</strong></span> <span class='ocrx_word' id='word_1_70' title='bbox 1881 960 2060 1031; x_wconf 88' lang='lat' dir='ltr'><strong>:quia</strong></span> <span class='ocrx_word' id='word_1_71' title='bbox 2098 975 2238 1015; x_wconf 90' lang='lat' dir='ltr'><strong>vero</strong></span> <span class='ocrx_word' id='word_1_72' title='bbox 2264 976 2329 1016; x_wconf 87' lang='lat' dir='ltr'><strong>nc</strong></span> 
     </span>
    </p>
   </div>
   <div class='ocr_carea' id='block_1_11' title="bbox 2308 949 3926 1035">
    <p class='ocr_par' dir='ltr' id='par_1_11' title="bbox 2308 960 3926 1035">
     <span class='ocr_line' id='line_1_11' title="bbox 2308 960 3926 1035; baseline 0.001 -19"><span class='ocrx_word' id='word_1_73' title='bbox 2308 976 2367 1016; x_wconf 90' lang='lat'><strong>0-</strong></span> <span class='ocrx_word' id='word_1_74' title='bbox 2478 963 2613 1034; x_wconf 69' lang='grc' dir='ltr'><strong>ὑμᾶς</strong></span> <span class='ocrx_word' id='word_1_75' title='bbox 2653 961 2752 1014; x_wconf 81' lang='grc' dir='ltr'><strong>ἀπὸ</strong></span> <span class='ocrx_word' id='word_1_76' title='bbox 2803 965 2974 1023; x_wconf 77' lang='grc' dir='ltr'><strong>πάσης</strong></span> <span class='ocrx_word' id='word_1_77' title='bbox 3026 963 3284 1035; x_wconf 73' lang='grc' dir='ltr'><strong>ἁμαρτίας</strong></span> <span class='ocrx_word' id='word_1_78' title='bbox 3331 965 3469 1035; x_wconf 77' lang='grc' dir='ltr'><strong>ὑμῶν</strong></span> <span class='ocrx_word' id='word_1_79' title='bbox 3501 983 3512 994; x_wconf 72' lang='grc' dir='ltr'><strong>ο</strong></span> <span class='ocrx_word' id='word_1_80' title='bbox 3546 961 3641 1014; x_wconf 75' lang='grc' dir='ltr'><strong>ἐπεὶ</strong></span> <span class='ocrx_word' id='word_1_81' title='bbox 3675 960 3723 1014; x_wconf 75' lang='grc' dir='ltr'><strong>δε</strong></span> <span class='ocrx_word' id='word_1_82' title='bbox 3761 965 3829 1016; x_wconf 67' lang='grc' dir='ltr'><strong>οὐκ</strong></span> <span class='ocrx_word' id='word_1_83' title='bbox 3861 969 3926 1022; x_wconf 63' lang='grc' dir='ltr'><strong>ἠθε-</strong></span> 
     </span>
    </p>
   </div>
   <div class='ocr_carea' id='block_1_12' title="bbox 713 1038 2331 1126">
    <p class='ocr_par' dir='ltr' id='par_1_12' title="bbox 713 1038 2328 1120">
     <span class='ocr_line' id='line_1_12' title="bbox 713 1038 2328 1120; baseline 0.004 -24"><span class='ocrx_word' id='word_1_84' title='bbox 713 1038 921 1108; x_wconf 85' lang='lat' dir='ltr'><strong>luistis,</strong></span> <span class='ocrx_word' id='word_1_85' title='bbox 962 1039 1090 1109; x_wconf 90' lang='lat' dir='ltr'><strong>jam</strong></span> <span class='ocrx_word' id='word_1_86' title='bbox 1147 1039 1319 1107; x_wconf 84' lang='lat' dir='ltr'><strong>abeo,</strong></span> <span class='ocrx_word' id='word_1_87' title='bbox 1380 1047 1436 1096; x_wconf 92' lang='lat' dir='ltr'><strong>et</strong></span> <span class='ocrx_word' id='word_1_88' title='bbox 1463 1043 1748 1116; x_wconf 90' lang='lat' dir='ltr'><strong>deinceps</strong></span> <span class='ocrx_word' id='word_1_89' title='bbox 1797 1048 1854 1101; x_wconf 93' lang='lat' dir='ltr'><strong>in</strong></span> <span class='ocrx_word' id='word_1_90' title='bbox 1909 1048 2072 1102; x_wconf 92' lang='lat' dir='ltr'><strong>omni</strong></span> <span class='ocrx_word' id='word_1_91' title='bbox 2122 1054 2328 1120; x_wconf 86' lang='lat' dir='ltr'><strong>peccat</strong></span> 
     </span>
    </p>
   </div>
   <div class='ocr_carea' id='block_1_13' title="bbox 2309 1038 3927 1126">
    <p class='ocr_par' dir='ltr' id='par_1_13' title="bbox 2311 1050 3927 1126">
     <span class='ocr_line' id='line_1_13' title="bbox 2311 1050 3927 1126; baseline 0 -21"><span class='ocrx_word' id='word_1_92' title='bbox 2311 1054 2366 1105; x_wconf 83' lang='grc' dir='ltr'><strong>ιο</strong></span> <span class='ocrx_word' id='word_1_93' title='bbox 2475 1050 2692 1118; x_wconf 73' lang='grc' dir='ltr'><strong>λήσατε,</strong></span> <span class='ocrx_word' id='word_1_94' title='bbox 2754 1050 3078 1124; x_wconf 72' lang='grc' dir='ltr'><strong>ἀπέρχομαι,</strong></span> <span class='ocrx_word' id='word_1_95' title='bbox 3142 1057 3228 1104; x_wconf 81' lang='grc' dir='ltr'><strong>καὶ</strong></span> <span class='ocrx_word' id='word_1_96' title='bbox 3285 1051 3460 1104; x_wconf 84' lang='grc' dir='ltr'><strong>λοιπόν</strong></span> <span class='ocrx_word' id='word_1_97' title='bbox 3525 1050 3569 1103; x_wconf 76' lang='grc' dir='ltr'><strong>ἐν</strong></span> <span class='ocrx_word' id='word_1_98' title='bbox 3625 1053 3744 1123; x_wconf 68' lang='grc' dir='ltr'><strong>πάσῃ</strong></span> <span class='ocrx_word' id='word_1_99' title='bbox 3789 1053 3927 1126; x_wconf 61' lang='grc' dir='ltr'><strong>ἁμαρτία</strong></span> 
     </span>
    </p>
   </div>
   <div class='ocr_carea' id='block_1_14' title="bbox 712 1129 2330 1213">
    <p class='ocr_par' dir='ltr' id='par_1_14' title="bbox 712 1129 2289 1202">
     <span class='ocr_line' id='line_1_14' title="bbox 712 1129 2289 1202; baseline 0.006 -19"><span class='ocrx_word' id='word_1_100' title='bbox 712 1133 905 1183; x_wconf 86' lang='lat' dir='ltr'><strong>vestro</strong></span> <span class='ocrx_word' id='word_1_101' title='bbox 928 1129 1284 1196; x_wconf 84' lang='lat' dir='ltr'><strong>moriemini,</strong></span> <span class='ocrx_word' id='word_1_102' title='bbox 1310 1134 1475 1202; x_wconf 89' lang='lat' dir='ltr'><strong>quod</strong></span> <span class='ocrx_word' id='word_1_103' title='bbox 1506 1131 1580 1188; x_wconf 91' lang='lat' dir='ltr'><strong>ab</strong></span> <span class='ocrx_word' id='word_1_104' title='bbox 1602 1150 1673 1189; x_wconf 92' lang='lat' dir='ltr'><strong>eo</strong></span> <span class='ocrx_word' id='word_1_105' title='bbox 1700 1133 1937 1190; x_wconf 90' lang='lat' dir='ltr'><strong>liberari</strong></span> <span class='ocrx_word' id='word_1_106' title='bbox 1969 1135 2289 1192; x_wconf 80' lang='lat' dir='ltr'><strong>nolueritis.</strong></span> 
     </span>
    </p>
   </div>
   <div class='ocr_carea' id='block_1_15' title="bbox 2309 1129 3927 1213">
    <p class='ocr_par' dir='ltr' id='par_1_15' title="bbox 2476 1140 3927 1213">
     <span class='ocr_line' id='line_1_15' title="bbox 2476 1140 3927 1213; baseline 0.001 -21"><span class='ocrx_word' id='word_1_107' title='bbox 2476 1143 2617 1212; x_wconf 73' lang='grc' dir='ltr'><strong>ὑμῶν</strong></span> <span class='ocrx_word' id='word_1_108' title='bbox 2707 1140 3050 1194; x_wconf 76' lang='grc' dir='ltr'><strong>ἀποθανεῖσθε</strong></span> <span class='ocrx_word' id='word_1_109' title='bbox 3153 1146 3224 1213; x_wconf 76' lang='grc' dir='ltr'><strong>μὴ</strong></span> <span class='ocrx_word' id='word_1_110' title='bbox 3326 1141 3621 1202; x_wconf 61' lang='grc' dir='ltr'><strong>θελήσαντες</strong></span> <span class='ocrx_word' id='word_1_111' title='bbox 3691 1140 3927 1211; x_wconf 60' lang='grc' dir='ltr'><strong>ἀπαλλαγῆναι</strong></span> 
     </span>
    </p>
   </div>
   <div class='ocr_carea' id='block_1_16' title="bbox 2476 1229 2654 1289">
    <p class='ocr_par' dir='ltr' id='par_1_16' title="bbox 2476 1229 2654 1289">
     <span class='ocr_line' id='line_1_16' title="bbox 2476 1229 2654 1289; baseline 0.017 -9"><span class='ocrx_word' id='word_1_112' title='bbox 2476 1229 2654 1289; x_wconf 64' lang='grc' dir='ltr'><strong>αὐτῆς.</strong></span> 
     </span>
    </p>
   </div>
   <div class='ocr_carea' id='block_1_17' title="bbox 781 1307 2399 1392">
    <p class='ocr_par' dir='ltr' id='par_1_17' title="bbox 781 1307 2367 1388">
     <span class='ocr_line' id='line_1_17' title="bbox 781 1307 2367 1388; baseline 0.006 -28"><span class='ocrx_word' id='word_1_113' title='bbox 781 1307 1094 1363; x_wconf 77' lang='lat' dir='ltr'><strong>Peccatum</strong></span> <span class='ocrx_word' id='word_1_114' title='bbox 1125 1315 1326 1365; x_wconf 94' lang='lat' dir='ltr'><strong>autem</strong></span> <span class='ocrx_word' id='word_1_115' title='bbox 1373 1311 1629 1382; x_wconf 89' lang='lat' dir='ltr'><strong>intellige</strong></span> <span class='ocrx_word' id='word_1_116' title='bbox 1664 1315 1847 1370; x_wconf 89' lang='lat' dir='ltr'><strong>etiam</strong></span> <span class='ocrx_word' id='word_1_117' title='bbox 1880 1313 1939 1369; x_wconf 91' lang='lat' dir='ltr'><strong>id</strong></span> <span class='ocrx_word' id='word_1_118' title='bbox 1965 1315 2128 1388; x_wconf 89' lang='lat' dir='ltr'><strong>quod</strong></span> <span class='ocrx_word' id='word_1_119' title='bbox 2160 1318 2367 1372; x_wconf 86' lang='lat' dir='ltr'><strong>adver-</strong></span> 
     </span>
    </p>
   </div>
   <div class='ocr_carea' id='block_1_18' title="bbox 2306 1307 3924 1392">
    <p class='ocr_par' dir='ltr' id='par_1_18' title="bbox 2306 1315 3924 1392">
     <span class='ocr_line' id='line_1_18' title="bbox 2306 1315 3924 1392; baseline -0.001 -23"><span class='ocrx_word' id='word_1_120' title='bbox 2306 1332 2367 1370; x_wconf 73' lang='lat' dir='ltr'><strong>tr-</strong></span> <span class='ocrx_word' id='word_1_121' title='bbox 2544 1318 2828 1392; x_wconf 78' lang='grc' dir='ltr'><strong>Ἀμαρτίαν</strong></span> <span class='ocrx_word' id='word_1_122' title='bbox 2883 1315 2942 1372; x_wconf 76' lang='grc' dir='ltr'><strong>δε</strong></span> <span class='ocrx_word' id='word_1_123' title='bbox 2993 1325 3181 1376; x_wconf 80' lang='grc' dir='ltr'><strong>νόησον</strong></span> <span class='ocrx_word' id='word_1_124' title='bbox 3235 1323 3324 1371; x_wconf 74' lang='grc' dir='ltr'><strong>καὶ</strong></span> <span class='ocrx_word' id='word_1_125' title='bbox 3394 1324 3487 1377; x_wconf 76' lang='grc' dir='ltr'><strong>τὴν</strong></span> <span class='ocrx_word' id='word_1_126' title='bbox 3550 1318 3610 1379; x_wconf 85' lang='grc' dir='ltr'><strong>εἰς</strong></span> <span class='ocrx_word' id='word_1_127' title='bbox 3674 1319 3808 1380; x_wconf 70' lang='grc' dir='ltr'><strong>αὑτὸν,</strong></span> <span class='ocrx_word' id='word_1_128' title='bbox 3853 1317 3924 1370; x_wconf 59' lang='lat' dir='ltr'><strong>ita:</strong></span> 
     </span>
    </p>
   </div>
   <div class='ocr_carea' id='block_1_19' title="bbox 712 1398 2330 1481">
    <p class='ocr_par' dir='ltr' id='par_1_19' title="bbox 712 1398 2330 1476">
     <span class='ocr_line' id='line_1_19' title="bbox 712 1398 2330 1476; baseline 0.007 -26"><span class='ocrx_word' id='word_1_129' title='bbox 712 1413 813 1451; x_wconf 90' lang='lat' dir='ltr'><strong>sus</strong></span> <span class='ocrx_word' id='word_1_130' title='bbox 851 1398 1048 1469; x_wconf 92' lang='lat' dir='ltr'><strong>ipsum</strong></span> <span class='ocrx_word' id='word_1_131' title='bbox 1090 1405 1235 1463; x_wconf 89' lang='lat' dir='ltr'><strong>erat,</strong></span> <span class='ocrx_word' id='word_1_132' title='bbox 1259 1403 1402 1470; x_wconf 90' lang='lat' dir='ltr'><strong>quia</strong></span> <span class='ocrx_word' id='word_1_133' title='bbox 1446 1402 1802 1459; x_wconf 76' lang='lat' dir='ltr'><strong>interiecturi</strong></span> <span class='ocrx_word' id='word_1_134' title='bbox 1831 1405 2027 1476; x_wconf 90' lang='lat' dir='ltr'><strong>ipsum</strong></span> <span class='ocrx_word' id='word_1_135' title='bbox 2076 1411 2262 1471; x_wconf 89' lang='lat' dir='ltr'><strong>erant,</strong></span> <span class='ocrx_word' id='word_1_136' title='bbox 2304 1407 2330 1462; x_wconf 77' lang='lat' dir='ltr'><strong>ll</strong></span> 
     </span>
    </p>
   </div>
   <div class='ocr_carea' id='block_1_20' title="bbox 2305 1398 3923 1481">
    <p class='ocr_par' dir='ltr' id='par_1_20' title="bbox 2305 1404 3923 1481">
     <span class='ocr_line' id='line_1_20' title="bbox 2305 1404 3923 1481; baseline -0.003 -19"><span class='ocrx_word' id='word_1_137' title='bbox 2305 1407 2360 1462; x_wconf 88' lang='lat' dir='ltr'><strong>in</strong></span> <span class='ocrx_word' id='word_1_138' title='bbox 2477 1408 2676 1480; x_wconf 75' lang='grc' dir='ltr'><strong>ἱμελλον</strong></span> <span class='ocrx_word' id='word_1_139' title='bbox 2721 1407 2906 1460; x_wconf 78' lang='grc' dir='ltr'><strong>ἀνελεῖν</strong></span> <span class='ocrx_word' id='word_1_140' title='bbox 2959 1409 3132 1475; x_wconf 66' lang='grc' dir='ltr'><strong>αὐτόν,</strong></span> <span class='ocrx_word' id='word_1_141' title='bbox 3184 1407 3231 1460; x_wconf 81' lang='grc' dir='ltr'><strong>ὶν</strong></span> <span class='ocrx_word' id='word_1_142' title='bbox 3384 1409 3642 1472; x_wconf 77' lang='grc' dir='ltr'><strong>ἀπέθανον,</strong></span> <span class='ocrx_word' id='word_1_143' title='bbox 3681 1412 3774 1465; x_wconf 71' lang='grc' dir='ltr'><strong>ἦτοι</strong></span> <span class='ocrx_word' id='word_1_144' title='bbox 3817 1404 3865 1459; x_wconf 74' lang='grc' dir='ltr'><strong>δι’</strong></span> <span class='ocrx_word' id='word_1_145' title='bbox 3899 1413 3923 1462; x_wconf 63' lang='grc' dir='ltr'><strong>ξι</strong></span> 
     </span>
    </p>
   </div>
   <div class='ocr_carea' id='block_1_21' title="bbox 709 1487 2327 1569">
    <p class='ocr_par' dir='ltr' id='par_1_21' title="bbox 709 1487 2308 1565">
     <span class='ocr_line' id='line_1_21' title="bbox 709 1487 2308 1565; baseline 0.008 -26"><span class='ocrx_word' id='word_1_146' title='bbox 709 1502 832 1558; x_wconf 89' lang='lat' dir='ltr'><strong>quo</strong></span> <span class='ocrx_word' id='word_1_147' title='bbox 867 1487 1077 1541; x_wconf 88' lang='lat' dir='ltr'><strong>mortui</strong></span> <span class='ocrx_word' id='word_1_148' title='bbox 1113 1494 1275 1550; x_wconf 91' lang='lat' dir='ltr'><strong>sunt,</strong></span> <span class='ocrx_word' id='word_1_149' title='bbox 1319 1505 1533 1562; x_wconf 88' lang='lat' dir='ltr'><strong>nempe</strong></span> <span class='ocrx_word' id='word_1_150' title='bbox 1583 1497 1828 1564; x_wconf 77' lang='lat' dir='ltr'><strong>propter</strong></span> <span class='ocrx_word' id='word_1_151' title='bbox 1873 1493 2018 1548; x_wconf 91' lang='lat' dir='ltr'><strong>illud</strong></span> <span class='ocrx_word' id='word_1_152' title='bbox 2054 1495 2308 1565; x_wconf 79' lang='lat' dir='ltr'><strong>jugulati</strong></span> 
     </span>
    </p>
   </div>
   <div class='ocr_carea' id='block_1_22' title="bbox 2305 1487 3923 1569">
    <p class='ocr_par' dir='ltr' id='par_1_22' title="bbox 2305 1497 3923 1569">
     <span class='ocr_line' id='line_1_22' title="bbox 2305 1497 3923 1569; baseline -0.002 -19"><span class='ocrx_word' id='word_1_153' title='bbox 2305 1514 2364 1551; x_wconf 47' lang='grc' dir='ltr'><strong>ια</strong></span> <span class='ocrx_word' id='word_1_154' title='bbox 2475 1501 2880 1569; x_wconf 69' lang='grc' dir='ltr'><strong>κατεσφάγησαν</strong></span> <span class='ocrx_word' id='word_1_155' title='bbox 2917 1498 3017 1549; x_wconf 86' lang='grc' dir='ltr'><strong>ύπό</strong></span> <span class='ocrx_word' id='word_1_156' title='bbox 3065 1507 3163 1549; x_wconf 82' lang='grc' dir='ltr'><strong>τῶν</strong></span> <span class='ocrx_word' id='word_1_157' title='bbox 3199 1497 3486 1569; x_wconf 76' lang='grc' dir='ltr'><strong>Ῥωμαίων,</strong></span> <span class='ocrx_word' id='word_1_158' title='bbox 3536 1497 3856 1550; x_wconf 69' lang='grc' dir='ltr'><strong>Οὐεσπασιαιού</strong></span> <span class='ocrx_word' id='word_1_159' title='bbox 3881 1518 3923 1547; x_wconf 76' lang='lat' dir='ltr'><strong>m</strong></span> 
     </span>
    </p>
   </div>
   <div class='ocr_carea' id='block_1_23' title="bbox 710 1575 2648 1647">
    <p class='ocr_par' dir='ltr' id='par_1_23' title="bbox 710 1575 2648 1647">
     <span class='ocr_line' id='line_1_23' title="bbox 710 1575 2648 1647; baseline 0.005 -18"><span class='ocrx_word' id='word_1_160' title='bbox 710 1575 1014 1643; x_wconf 84' lang='lat' dir='ltr'><strong>Romanis,</strong></span> <span class='ocrx_word' id='word_1_161' title='bbox 1041 1576 1409 1647; x_wconf 83' lang='lat' dir='ltr'><strong>Vespasiano</strong></span> <span class='ocrx_word' id='word_1_162' title='bbox 1445 1586 1498 1635; x_wconf 91' lang='lat' dir='ltr'><strong>et</strong></span> <span class='ocrx_word' id='word_1_163' title='bbox 1542 1581 1685 1636; x_wconf 86' lang='lat' dir='ltr'><strong>Tito.</strong></span> <span class='ocrx_word' id='word_1_164' title='bbox 2472 1591 2648 1639; x_wconf 82' lang='grc' dir='ltr'><strong>Τίτου.</strong></span> 
     </span>
    </p>
   </div>
   <div class='ocr_carea' id='block_1_24' title="bbox 779 1666 2397 1748">
    <p class='ocr_par' dir='ltr' id='par_1_24' title="bbox 779 1666 2360 1747">
     <span class='ocr_line' id='line_1_24' title="bbox 779 1666 2360 1747; baseline 0.009 -28"><span class='ocrx_word' id='word_1_165' title='bbox 779 1666 939 1720; x_wconf 88' lang='lat' dir='ltr'><strong>Vers.</strong></span> <span class='ocrx_word' id='word_1_166' title='bbox 973 1670 1059 1722; x_wconf 78' lang='grc'><strong>21.</strong></span> <span class='ocrx_word' id='word_1_167' title='bbox 1095 1666 1214 1730; x_wconf 83' lang='lat' dir='ltr'><strong>Quo</strong></span> <span class='ocrx_word' id='word_1_168' title='bbox 1266 1701 1332 1708; x_wconf 90' lang='lat'>—</span> <span class='ocrx_word' id='word_1_169' title='bbox 1383 1671 1596 1726; x_wconf 85' lang='lat' dir='ltr'><strong>venire.</strong></span> <span class='ocrx_word' id='word_1_170' title='bbox 1661 1675 1791 1727; x_wconf 74' lang='lat' dir='ltr'><strong>Haec</strong></span> <span class='ocrx_word' id='word_1_171' title='bbox 1845 1673 2180 1747; x_wconf 81' lang='lat' dir='ltr'><strong>frequenter</strong></span> <span class='ocrx_word' id='word_1_172' title='bbox 2203 1676 2360 1743; x_wconf 86' lang='lat' dir='ltr'><strong>dicit,</strong></span> 
     </span>
    </p>
   </div>
   <div class='ocr_carea' id='block_1_25' title="bbox 2304 1666 3922 1748">
    <p class='ocr_par' dir='ltr' id='par_1_25' title="bbox 2304 1674 3922 1748">
     <span class='ocr_line' id='line_1_25' title="bbox 2304 1674 3922 1748; baseline -0.002 -22"><span class='ocrx_word' id='word_1_173' title='bbox 2304 1677 2360 1743; x_wconf 79' lang='lat' dir='ltr'><strong>it,</strong></span> <span class='ocrx_word' id='word_1_174' title='bbox 2544 1674 2711 1726; x_wconf 81' lang='grc' dir='ltr'><strong>Ὀπου</strong></span> <span class='ocrx_word' id='word_1_175' title='bbox 2754 1707 2819 1715; x_wconf 95' lang='lat'><strong>—</strong></span> <span class='ocrx_word' id='word_1_176' title='bbox 2867 1674 3044 1731; x_wconf 74' lang='grc' dir='ltr'><strong>ἐλθεῖν.</strong></span> <span class='ocrx_word' id='word_1_177' title='bbox 3094 1684 3329 1748; x_wconf 76' lang='grc' dir='ltr'><strong>Συνεχώς</strong></span> <span class='ocrx_word' id='word_1_178' title='bbox 3367 1683 3532 1728; x_wconf 77' lang='grc' dir='ltr'><strong>ταῦτα</strong></span> <span class='ocrx_word' id='word_1_179' title='bbox 3579 1675 3712 1746; x_wconf 71' lang='grc' dir='ltr'><strong>λέγει,</strong></span> <span class='ocrx_word' id='word_1_180' title='bbox 3751 1681 3922 1725; x_wconf 56' lang='grc' dir='ltr'><strong>κατασείειν</strong></span> 
     </span>
    </p>
   </div>
   <div class='ocr_carea' id='block_1_26' title="bbox 707 1755 2325 1837">
    <p class='ocr_par' dir='ltr' id='par_1_26' title="bbox 707 1755 2006 1818">
     <span class='ocr_line' id='line_1_26' title="bbox 707 1755 2006 1818; baseline 0.005 -7"><span class='ocrx_word' id='word_1_181' title='bbox 707 1756 944 1811; x_wconf 87' lang='lat' dir='ltr'><strong>animas</strong></span> <span class='ocrx_word' id='word_1_182' title='bbox 975 1755 1209 1812; x_wconf 92' lang='lat' dir='ltr'><strong>illorum</strong></span> <span class='ocrx_word' id='word_1_183' title='bbox 1237 1758 1582 1814; x_wconf 88' lang='lat' dir='ltr'><strong>concutiens</strong></span> <span class='ocrx_word' id='word_1_184' title='bbox 1612 1766 1666 1816; x_wconf 91' lang='lat' dir='ltr'><strong>et</strong></span> <span class='ocrx_word' id='word_1_185' title='bbox 1688 1768 2006 1818; x_wconf 82' lang='lat' dir='ltr'><strong>exterrens.</strong></span> 
     </span>
    </p>
   </div>
   <div class='ocr_carea' id='block_1_27' title="bbox 1755 1755 3373 1837">
    <p class='ocr_par' dir='ltr' id='par_1_27' title="bbox 1755 1765 3373 1837">
     <span class='ocr_line' id='line_1_27' title="bbox 1755 1765 3373 1837; baseline 0.002 -21"><span class='ocrx_word' id='word_1_186' title='bbox 1755 1768 2006 1818; x_wconf 88' lang='lat' dir='ltr'><strong>terrens.</strong></span> <span class='ocrx_word' id='word_1_187' title='bbox 2476 1765 2641 1816; x_wconf 63' lang='grc' dir='ltr'><strong>αὐτῶν</strong></span> <span class='ocrx_word' id='word_1_188' title='bbox 2675 1768 2764 1826; x_wconf 81' lang='grc' dir='ltr'><strong>τὰς</strong></span> <span class='ocrx_word' id='word_1_189' title='bbox 2789 1765 2975 1836; x_wconf 73' lang='grc' dir='ltr'>ψυχὰς</span> <span class='ocrx_word' id='word_1_190' title='bbox 3013 1772 3101 1819; x_wconf 80' lang='grc' dir='ltr'><strong>καὶ</strong></span> <span class='ocrx_word' id='word_1_191' title='bbox 3132 1765 3373 1837; x_wconf 70' lang='grc' dir='ltr'><strong>ἐκφοϐῶν.</strong></span> 
     </span>
    </p>
   </div>
   <div class='ocr_carea' id='block_1_28' title="bbox 779 1844 2397 1925">
    <p class='ocr_par' dir='ltr' id='par_1_28' title="bbox 779 1844 2361 1925">
     <span class='ocr_line' id='line_1_28' title="bbox 779 1844 2361 1925; baseline 0.008 -28"><span class='ocrx_word' id='word_1_192' title='bbox 779 1844 940 1900; x_wconf 86' lang='lat' dir='ltr'><strong>Vers.</strong></span> <span class='ocrx_word' id='word_1_193' title='bbox 973 1847 1061 1897; x_wconf 78' lang='grc'><strong>22.</strong></span> <span class='ocrx_word' id='word_1_194' title='bbox 1102 1846 1385 1902; x_wconf 78' lang='lat' dir='ltr'><strong>Dicebant</strong></span> <span class='ocrx_word' id='word_1_195' title='bbox 1417 1878 1484 1888; x_wconf 94' lang='lat'><strong>—</strong></span> <span class='ocrx_word' id='word_1_196' title='bbox 1524 1851 1743 1906; x_wconf 77' lang='lat' dir='ltr'><strong>venerit</strong></span> <span class='ocrx_word' id='word_1_197' title='bbox 1781 1851 1808 1904; x_wconf 84' lang='lat'><strong>?</strong></span> <span class='ocrx_word' id='word_1_198' title='bbox 1838 1854 2006 1917; x_wconf 87' lang='lat' dir='ltr'><strong>Quod</strong></span> <span class='ocrx_word' id='word_1_199' title='bbox 2050 1855 2361 1925; x_wconf 86' lang='lat' dir='ltr'><strong>optabant,</strong></span> 
     </span>
    </p>
   </div>
   <div class='ocr_carea' id='block_1_29' title="bbox 2304 1844 3922 1925">
    <p class='ocr_par' dir='ltr' id='par_1_29' title="bbox 2304 1855 3922 1925">
     <span class='ocr_line' id='line_1_29' title="bbox 2304 1855 3922 1925; baseline -0.001 -21"><span class='ocrx_word' id='word_1_200' title='bbox 2304 1862 2361 1921; x_wconf 76' lang='lat' dir='ltr'><strong>lt,</strong></span> <span class='ocrx_word' id='word_1_201' title='bbox 2402 1868 2442 1921; x_wconf 83' lang='grc' dir='ltr'>Β</span> <span class='ocrx_word' id='word_1_202' title='bbox 2547 1855 2753 1925; x_wconf 71' lang='grc' dir='ltr'><strong>Ἔλεγον</strong></span> <span class='ocrx_word' id='word_1_203' title='bbox 2813 1887 2876 1894; x_wconf 91' lang='grc'><strong>-</strong></span> <span class='ocrx_word' id='word_1_204' title='bbox 2931 1855 3109 1912; x_wconf 73' lang='grc' dir='ltr'><strong>ἐλθεῖν.</strong></span> <span class='ocrx_word' id='word_1_205' title='bbox 3164 1864 3227 1908; x_wconf 89' lang='lat'><strong>‘0</strong></span> <span class='ocrx_word' id='word_1_206' title='bbox 3283 1855 3551 1908; x_wconf 72' lang='grc' dir='ltr'><strong>ἔϐούλοντο</strong></span> <span class='ocrx_word' id='word_1_207' title='bbox 3595 1863 3730 1907; x_wconf 82' lang='grc' dir='ltr'><strong>τούτο</strong></span> <span class='ocrx_word' id='word_1_208' title='bbox 3774 1861 3833 1904; x_wconf 72' lang='grc' dir='ltr'><strong>καὶ</strong></span> 
     </span>
    </p>
   </div>
   <div class='ocr_carea' id='block_1_30' title="bbox 706 1933 2324 2021">
    <p class='ocr_par' dir='ltr' id='par_1_30' title="bbox 706 1933 2306 2011">
     <span class='ocr_line' id='line_1_30' title="bbox 706 1933 2306 2011; baseline 0.007 -23"><span class='ocrx_word' id='word_1_209' title='bbox 706 1933 821 1989; x_wconf 89' lang='lat' dir='ltr'><strong>hoc</strong></span> <span class='ocrx_word' id='word_1_210' title='bbox 867 1935 1042 1989; x_wconf 89' lang='lat' dir='ltr'><strong>etiam</strong></span> <span class='ocrx_word' id='word_1_211' title='bbox 1099 1937 1581 2007; x_wconf 84' lang='lat' dir='ltr'><strong>suspicabantur.</strong></span> <span class='ocrx_word' id='word_1_212' title='bbox 1643 1939 1794 2007; x_wconf 89' lang='lat' dir='ltr'><strong>Quid</strong></span> <span class='ocrx_word' id='word_1_213' title='bbox 1848 1958 1990 2011; x_wconf 89' lang='lat' dir='ltr'><strong>ergo</strong></span> <span class='ocrx_word' id='word_1_214' title='bbox 2038 1944 2306 2000; x_wconf 85' lang='lat' dir='ltr'><strong>Christus</strong></span> 
     </span>
    </p>
   </div>
   <div class='ocr_carea' id='block_1_31' title="bbox 2304 1933 3922 2021">
    <p class='ocr_par' dir='ltr' id='par_1_31' title="bbox 2304 1942 3922 2021">
     <span class='ocr_line' id='line_1_31' title="bbox 2304 1942 3922 2021; baseline -0.002 -27"><span class='ocrx_word' id='word_1_215' title='bbox 2304 1983 2306 1994; x_wconf 93' lang='lat'><strong>.</strong></span> <span class='ocrx_word' id='word_1_216' title='bbox 2337 1947 2366 1998; x_wconf 78' lang='lat'><strong>‘?</strong></span> <span class='ocrx_word' id='word_1_217' title='bbox 2474 1945 2650 2001; x_wconf 73' lang='grc' dir='ltr'><strong>λαϐον.</strong></span> <span class='ocrx_word' id='word_1_218' title='bbox 2700 1951 2762 1997; x_wconf 88' lang='lat' dir='ltr'><strong>Ti</strong></span> <span class='ocrx_word' id='word_1_219' title='bbox 2792 1942 2880 1996; x_wconf 79' lang='grc' dir='ltr'><strong>οὖν</strong></span> <span class='ocrx_word' id='word_1_220' title='bbox 2906 1948 2931 1997; x_wconf 90' lang='grc' dir='ltr'><strong>ό</strong></span> <span class='ocrx_word' id='word_1_221' title='bbox 2984 1953 3209 2021; x_wconf 75' lang='grc' dir='ltr'><strong>Χριστός</strong></span> <span class='ocrx_word' id='word_1_222' title='bbox 3236 1963 3250 2012; x_wconf 86' lang='grc'><strong>;</strong></span> <span class='ocrx_word' id='word_1_223' title='bbox 3278 1948 3510 2020; x_wconf 77' lang='grc' dir='ltr'><strong>Ἀναιρεῖ</strong></span> <span class='ocrx_word' id='word_1_224' title='bbox 3536 1950 3622 2003; x_wconf 74' lang='grc' dir='ltr'><strong>τὴν</strong></span> <span class='ocrx_word' id='word_1_225' title='bbox 3661 1944 3922 1998; x_wconf 55' lang='lat' dir='ltr'><strong>toturn-tiri-</strong></span> 
     </span>
    </p>
   </div>
   <div class='ocr_carea' id='block_1_32' title="bbox 705 2022 2323 2108">
    <p class='ocr_par' dir='ltr' id='par_1_32' title="bbox 705 2022 2321 2106">
     <span class='ocr_line' id='line_1_32' title="bbox 705 2022 2321 2106; baseline 0.007 -28"><span class='ocrx_word' id='word_1_226' title='bbox 705 2022 874 2078; x_wconf 88' lang='lat' dir='ltr'><strong>Tollit</strong></span> <span class='ocrx_word' id='word_1_227' title='bbox 903 2023 1247 2094; x_wconf 88' lang='lat' dir='ltr'><strong>hujusmodi</strong></span> <span class='ocrx_word' id='word_1_228' title='bbox 1303 2028 1720 2096; x_wconf 86' lang='lat' dir='ltr'><strong>suspicionem,</strong></span> <span class='ocrx_word' id='word_1_229' title='bbox 1791 2032 2168 2105; x_wconf 81' lang='lat' dir='ltr'><strong>ostenditque</strong></span> <span class='ocrx_word' id='word_1_230' title='bbox 2199 2050 2321 2106; x_wconf 90' lang='lat' dir='ltr'><strong>quo</strong></span> 
     </span>
    </p>
   </div>
   <div class='ocr_carea' id='block_1_33' title="bbox 2302 2022 3920 2108">
    <p class='ocr_par' dir='ltr' id='par_1_33' title="bbox 2302 2031 3920 2108">
     <span class='ocr_line' id='line_1_33' title="bbox 2302 2031 3920 2108; baseline -0.004 -23"><span class='ocrx_word' id='word_1_231' title='bbox 2302 2035 2362 2090; x_wconf 82' lang='lat' dir='ltr'><strong>)d</strong></span> <span class='ocrx_word' id='word_1_232' title='bbox 2473 2034 2652 2104; x_wconf 64' lang='grc' dir='ltr'><strong>ληψιν,</strong></span> <span class='ocrx_word' id='word_1_233' title='bbox 2686 2040 2774 2086; x_wconf 76' lang='grc' dir='ltr'><strong>καὶ</strong></span> <span class='ocrx_word' id='word_1_234' title='bbox 2807 2031 3071 2088; x_wconf 80' lang='grc' dir='ltr'><strong>δείκνυσιν</strong></span> <span class='ocrx_word' id='word_1_235' title='bbox 3111 2038 3189 2087; x_wconf 83' lang='grc' dir='ltr'><strong>ὅτι</strong></span> <span class='ocrx_word' id='word_1_236' title='bbox 3216 2035 3449 2108; x_wconf 78' lang='grc' dir='ltr'><strong>ἁμαρτία</strong></span> <span class='ocrx_word' id='word_1_237' title='bbox 3489 2034 3599 2086; x_wconf 71' lang='grc' dir='ltr'><strong>ἐστὶ</strong></span> <span class='ocrx_word' id='word_1_238' title='bbox 3641 2037 3689 2086; x_wconf 82' lang='grc' dir='ltr'><strong>τὸ</strong></span> <span class='ocrx_word' id='word_1_239' title='bbox 3717 2032 3846 2084; x_wconf 73' lang='grc' dir='ltr'><strong>ἀνελεῖ-ι</strong></span> <span class='ocrx_word' id='word_1_240' title='bbox 3872 2051 3920 2081; x_wconf 67' lang='grc' dir='ltr'><strong>επ.-</strong></span> 
     </span>
    </p>
   </div>
   <div class='ocr_carea' id='block_1_34' title="bbox 707 2113 2584 2185">
    <p class='ocr_par' dir='ltr' id='par_1_34' title="bbox 707 2113 2584 2185">
     <span class='ocr_line' id='line_1_34' title="bbox 707 2113 2584 2185; baseline 0.007 -20"><span class='ocrx_word' id='word_1_241' title='bbox 707 2119 1017 2183; x_wconf 90' lang='lat' dir='ltr'><strong>peccatum</strong></span> <span class='ocrx_word' id='word_1_242' title='bbox 1055 2114 1126 2167; x_wconf 87' lang='lat' dir='ltr'><strong>sit</strong></span> <span class='ocrx_word' id='word_1_243' title='bbox 1159 2130 1218 2167; x_wconf 92' lang='lat' dir='ltr'><strong>se</strong></span> <span class='ocrx_word' id='word_1_244' title='bbox 1247 2113 1443 2185; x_wconf 91' lang='lat' dir='ltr'><strong>ipsum</strong></span> <span class='ocrx_word' id='word_1_245' title='bbox 1473 2118 1829 2176; x_wconf 87' lang='lat' dir='ltr'><strong>interimere.</strong></span> <span class='ocrx_word' id='word_1_246' title='bbox 2477 2131 2584 2178; x_wconf 83' lang='grc' dir='ltr'><strong>τόν.</strong></span> 
     </span>
    </p>
   </div>
   <div class='ocr_carea' id='block_1_35' title="bbox 778 2202 2396 2285">
    <p class='ocr_par' dir='ltr' id='par_1_35' title="bbox 778 2202 2368 2283">
     <span class='ocr_line' id='line_1_35' title="bbox 778 2202 2368 2283; baseline 0.01 -30"><span class='ocrx_word' id='word_1_247' title='bbox 778 2203 940 2257; x_wconf 90' lang='lat' dir='ltr'><strong>Vers.</strong></span> <span class='ocrx_word' id='word_1_248' title='bbox 969 2202 1056 2255; x_wconf 83' lang='lat'><strong>23.</strong></span> <span class='ocrx_word' id='word_1_249' title='bbox 1086 2203 1147 2256; x_wconf 85' lang='lat' dir='ltr'><strong>Et</strong></span> <span class='ocrx_word' id='word_1_250' title='bbox 1188 2233 1255 2243; x_wconf 96' lang='lat'><strong>—</strong></span> <span class='ocrx_word' id='word_1_251' title='bbox 1300 2207 1430 2258; x_wconf 76' lang='lat' dir='ltr'><strong>estis</strong></span> <span class='ocrx_word' id='word_1_252' title='bbox 1458 2237 1522 2244; x_wconf 94' lang='lat'>—</span> <span class='ocrx_word' id='word_1_253' title='bbox 1551 2207 1648 2262; x_wconf 75' lang='lat' dir='ltr'><em>Ex</em></span> <span class='ocrx_word' id='word_1_254' title='bbox 1678 2215 1863 2277; x_wconf 86' lang='lat' dir='ltr'><strong>terra,</strong></span> <span class='ocrx_word' id='word_1_255' title='bbox 1898 2226 2018 2266; x_wconf 91' lang='lat' dir='ltr'><strong>non</strong></span> <span class='ocrx_word' id='word_1_256' title='bbox 2046 2212 2208 2283; x_wconf 90' lang='lat' dir='ltr'><strong>quod</strong></span> <span class='ocrx_word' id='word_1_257' title='bbox 2242 2230 2368 2269; x_wconf 83' lang='lat' dir='ltr'><strong>cor-</strong></span> 
     </span>
    </p>
   </div>
   <div class='ocr_carea' id='block_1_36' title="bbox 2300 2202 3918 2285">
    <p class='ocr_par' dir='ltr' id='par_1_36' title="bbox 2300 2209 3918 2285">
     <span class='ocr_line' id='line_1_36' title="bbox 2300 2209 3918 2285; baseline -0.007 -18"><span class='ocrx_word' id='word_1_258' title='bbox 2300 2231 2368 2269; x_wconf 72' lang='lat' dir='ltr'><strong>tr-</strong></span> <span class='ocrx_word' id='word_1_259' title='bbox 2556 2220 2655 2267; x_wconf 79' lang='grc' dir='ltr'><strong>Καὶ</strong></span> <span class='ocrx_word' id='word_1_260' title='bbox 2686 2246 2752 2254; x_wconf 93' lang='lat'><strong>—</strong></span> <span class='ocrx_word' id='word_1_261' title='bbox 2784 2213 2915 2267; x_wconf 75' lang='grc' dir='ltr'><strong>ἐστε.</strong></span> <span class='ocrx_word' id='word_1_262' title='bbox 2939 2245 3000 2255; x_wconf 85' lang='lat'><strong>-—</strong></span> <span class='ocrx_word' id='word_1_263' title='bbox 3030 2215 3119 2267; x_wconf 77' lang='grc' dir='ltr'><strong>Ἐκ</strong></span> <span class='ocrx_word' id='word_1_264' title='bbox 3149 2223 3242 2276; x_wconf 72' lang='grc' dir='ltr'><strong>τῆς</strong></span> <span class='ocrx_word' id='word_1_265' title='bbox 3269 2223 3334 2284; x_wconf 70' lang='grc' dir='ltr'><strong>γῆ</strong></span> <span class='ocrx_word' id='word_1_266' title='bbox 3349 2235 3387 2278; x_wconf 84' lang='grc' dir='ltr'><strong>ς,</strong></span> <span class='ocrx_word' id='word_1_267' title='bbox 3417 2214 3524 2285; x_wconf 81' lang='grc' dir='ltr'><strong>ούχ</strong></span> <span class='ocrx_word' id='word_1_268' title='bbox 3554 2214 3694 2265; x_wconf 82' lang='grc' dir='ltr'><strong>ὅτιτὸ</strong></span> <span class='ocrx_word' id='word_1_269' title='bbox 3713 2219 3824 2281; x_wconf 67' lang='grc' dir='ltr'><strong>σῶμα</strong></span> <span class='ocrx_word' id='word_1_270' title='bbox 3843 2209 3918 2259; x_wconf 52' lang='lat' dir='ltr'><strong>«his</strong></span> 
     </span>
    </p>
   </div>
   <div class='ocr_carea' id='block_1_37' title="bbox 705 2296 2323 2375">
    <p class='ocr_par' dir='ltr' id='par_1_37' title="bbox 705 2296 2323 2372">
     <span class='ocr_line' id='line_1_37' title="bbox 705 2296 2323 2372; baseline 0.009 -29"><span class='ocrx_word' id='word_1_271' title='bbox 705 2305 818 2361; x_wconf 92' lang='lat' dir='ltr'><strong>pus</strong></span> <span class='ocrx_word' id='word_1_272' title='bbox 849 2306 1055 2346; x_wconf 91' lang='lat' dir='ltr'><strong>eorum</strong></span> <span class='ocrx_word' id='word_1_273' title='bbox 1107 2297 1404 2347; x_wconf 89' lang='lat' dir='ltr'><strong>terrenum</strong></span> <span class='ocrx_word' id='word_1_274' title='bbox 1458 2302 1630 2358; x_wconf 87' lang='lat' dir='ltr'><strong>esset,</strong></span> <span class='ocrx_word' id='word_1_275' title='bbox 1675 2296 1779 2353; x_wconf 90' lang='lat' dir='ltr'><strong>sed</strong></span> <span class='ocrx_word' id='word_1_276' title='bbox 1835 2300 1978 2372; x_wconf 89' lang='lat' dir='ltr'><strong>quia</strong></span> <span class='ocrx_word' id='word_1_277' title='bbox 2051 2302 2323 2372; x_wconf 88' lang='lat' dir='ltr'><strong>prudenti</strong></span> 
     </span>
    </p>
   </div>
   <div class='ocr_carea' id='block_1_38' title="bbox 2297 2296 3915 2375">
    <p class='ocr_par' dir='ltr' id='par_1_38' title="bbox 2297 2301 3915 2375">
     <span class='ocr_line' id='line_1_38' title="bbox 2297 2301 3915 2375; baseline -0.004 -22"><span class='ocrx_word' id='word_1_278' title='bbox 2297 2305 2368 2359; x_wconf 78' lang='lat' dir='ltr'><strong>tia</strong></span> <span class='ocrx_word' id='word_1_279' title='bbox 2478 2301 2531 2354; x_wconf 73' lang='grc' dir='ltr'><strong>ἐκ</strong></span> <span class='ocrx_word' id='word_1_280' title='bbox 2555 2311 2641 2363; x_wconf 76' lang='grc' dir='ltr'><strong>τῆς</strong></span> <span class='ocrx_word' id='word_1_281' title='bbox 2661 2313 2724 2374; x_wconf 74' lang='grc' dir='ltr'><strong>γῆ</strong></span> <span class='ocrx_word' id='word_1_282' title='bbox 2736 2323 2774 2366; x_wconf 82' lang='grc' dir='ltr'><strong>ς,</strong></span> <span class='ocrx_word' id='word_1_283' title='bbox 2801 2302 2906 2354; x_wconf 84' lang='grc' dir='ltr'><strong>ἀλλ’</strong></span> <span class='ocrx_word' id='word_1_284' title='bbox 2931 2306 3009 2355; x_wconf 80' lang='grc' dir='ltr'><strong>ὅτι</strong></span> <span class='ocrx_word' id='word_1_285' title='bbox 3031 2307 3088 2355; x_wconf 87' lang='grc' dir='ltr'><strong>τὸ</strong></span> <span class='ocrx_word' id='word_1_286' title='bbox 3112 2309 3347 2375; x_wconf 72' lang='grc' dir='ltr'><strong>φρόνημα</strong></span> <span class='ocrx_word' id='word_1_287' title='bbox 3368 2302 3542 2354; x_wconf 73' lang='grc' dir='ltr'><strong>αὐτῶν</strong></span> <span class='ocrx_word' id='word_1_288' title='bbox 3561 2307 3722 2372; x_wconf 71' lang='grc' dir='ltr'>Ἱὴῐνον</span> <span class='ocrx_word' id='word_1_289' title='bbox 3739 2304 3915 2367; x_wconf 56' lang='lat' dir='ltr'><strong>miserim.</strong></span> 
     </span>
    </p>
   </div>
   <div class='ocr_carea' id='block_1_39' title="bbox 704 2378 2322 2466">
    <p class='ocr_par' dir='ltr' id='par_1_39' title="bbox 704 2378 2320 2454">
     <span class='ocr_line' id='line_1_39' title="bbox 704 2378 2320 2454; baseline 0.007 -20"><span class='ocrx_word' id='word_1_290' title='bbox 704 2378 940 2435; x_wconf 91' lang='lat' dir='ltr'><strong>illorum</strong></span> <span class='ocrx_word' id='word_1_291' title='bbox 978 2387 1133 2434; x_wconf 88' lang='lat' dir='ltr'><strong>esset</strong></span> <span class='ocrx_word' id='word_1_292' title='bbox 1164 2387 1397 2438; x_wconf 88' lang='lat' dir='ltr'><strong>terrena</strong></span> <span class='ocrx_word' id='word_1_293' title='bbox 1422 2389 1478 2438; x_wconf 91' lang='lat' dir='ltr'><strong>et</strong></span> <span class='ocrx_word' id='word_1_294' title='bbox 1517 2400 1724 2454; x_wconf 87' lang='lat' dir='ltr'><strong>prava.</strong></span> <span class='ocrx_word' id='word_1_295' title='bbox 1776 2390 1924 2443; x_wconf 84' lang='lat' dir='ltr'><strong>Nam</strong></span> <span class='ocrx_word' id='word_1_296' title='bbox 1957 2395 2011 2444; x_wconf 90' lang='lat' dir='ltr'><strong>et</strong></span> <span class='ocrx_word' id='word_1_297' title='bbox 2039 2390 2254 2446; x_wconf 84' lang='lat' dir='ltr'><strong>Paulus</strong></span> <span class='ocrx_word' id='word_1_298' title='bbox 2285 2393 2320 2446; x_wconf 96' lang='lat' dir='ltr'><strong>d</strong></span> 
     </span>
    </p>
   </div>
   <div class='ocr_carea' id='block_1_40' title="bbox 2296 2378 3914 2466">
    <p class='ocr_par' dir='ltr' id='par_1_40' title="bbox 2296 2389 3914 2466">
     <span class='ocr_line' id='line_1_40' title="bbox 2296 2389 3914 2466; baseline -0.004 -20"><span class='ocrx_word' id='word_1_299' title='bbox 2296 2393 2367 2446; x_wconf 67' lang='grc' dir='ltr'><strong>Μ-</strong></span> <span class='ocrx_word' id='word_1_300' title='bbox 2481 2400 2578 2446; x_wconf 69' lang='lat' dir='ltr'><strong>Kac</strong></span> <span class='ocrx_word' id='word_1_301' title='bbox 2609 2396 2634 2445; x_wconf 90' lang='grc' dir='ltr'><strong>ό</strong></span> <span class='ocrx_word' id='word_1_302' title='bbox 2667 2393 2865 2454; x_wconf 82' lang='grc' dir='ltr'><strong>ῐιαύλος</strong></span> <span class='ocrx_word' id='word_1_303' title='bbox 2893 2396 3018 2466; x_wconf 72' lang='grc' dir='ltr'><strong>γὰρ,</strong></span> <span class='ocrx_word' id='word_1_304' title='bbox 3057 2391 3213 2463; x_wconf 73' lang='grc' dir='ltr'><strong>λέγων</strong></span> <span class='ocrx_word' id='word_1_305' title='bbox 3247 2409 3258 2421; x_wconf 65' lang='grc'><em>³</em></span> <span class='ocrx_word' id='word_1_306' title='bbox 3286 2391 3396 2443; x_wconf 78' lang='grc' dir='ltr'><strong>Ούκ</strong></span> <span class='ocrx_word' id='word_1_307' title='bbox 3437 2390 3553 2444; x_wconf 73' lang='grc' dir='ltr'><strong>ἕστε</strong></span> <span class='ocrx_word' id='word_1_308' title='bbox 3582 2389 3626 2443; x_wconf 74' lang='grc' dir='ltr'><strong>ἰν</strong></span> <span class='ocrx_word' id='word_1_309' title='bbox 3656 2393 3812 2464; x_wconf 73' lang='grc' dir='ltr'><strong>σαρκί·</strong></span> <span class='ocrx_word' id='word_1_310' title='bbox 3841 2391 3914 2454; x_wconf 57' lang='lat' dir='ltr'><strong>risu</strong></span> 
     </span>
    </p>
   </div>
   <div class='ocr_carea' id='block_1_41' title="bbox 704 2470 2322 2554">
    <p class='ocr_par' dir='ltr' id='par_1_41' title="bbox 704 2470 2322 2553">
     <span class='ocr_line' id='line_1_41' title="bbox 704 2470 2322 2553; baseline 0.009 -30"><span class='ocrx_word' id='word_1_311' title='bbox 704 2484 845 2523; x_wconf 88' lang='lat' dir='ltr'><strong>cens</strong></span> <span class='ocrx_word' id='word_1_312' title='bbox 883 2470 1047 2524; x_wconf 84' lang='lat' dir='ltr'><strong>:Non</strong></span> <span class='ocrx_word' id='word_1_313' title='bbox 1074 2470 1233 2525; x_wconf 86' lang='lat' dir='ltr'><strong>estis.</strong></span> <span class='ocrx_word' id='word_1_314' title='bbox 1264 2487 1336 2525; x_wconf 70' lang='lat' dir='ltr'><strong>ex</strong></span> <span class='ocrx_word' id='word_1_315' title='bbox 1382 2488 1555 2527; x_wconf 74' lang='lat' dir='ltr'><strong>carne</strong></span> <span class='ocrx_word' id='word_1_316' title='bbox 1586 2475 1632 2509; x_wconf 84' lang='lat'><strong>&quot;</strong></span> <span class='ocrx_word' id='word_1_317' title='bbox 1665 2492 1907 2532; x_wconf 89' lang='lat' dir='ltr'><strong>carnem</strong></span> <span class='ocrx_word' id='word_1_318' title='bbox 1933 2479 2190 2551; x_wconf 87' lang='lat' dir='ltr'><strong>appellat</strong></span> <span class='ocrx_word' id='word_1_319' title='bbox 2229 2497 2322 2553; x_wconf 83' lang='lat' dir='ltr'><strong>prt</strong></span> 
     </span>
    </p>
   </div>
   <div class='ocr_carea' id='block_1_42' title="bbox 1626 2470 3244 2554">
    <p class='ocr_par' dir='ltr' id='par_1_42' title="bbox 1626 2476 3244 2554">
     <span class='ocr_line' id='line_1_42' title="bbox 1626 2476 3244 2554; baseline 0.001 -24"><span class='ocrx_word' id='word_1_320' title='bbox 1626 2476 1632 2508; x_wconf 77' lang='grc'><strong><em>⁵</em></strong></span> <span class='ocrx_word' id='word_1_321' title='bbox 1665 2492 1907 2532; x_wconf 88' lang='lat' dir='ltr'><strong>carnem</strong></span> <span class='ocrx_word' id='word_1_322' title='bbox 1933 2479 2190 2551; x_wconf 88' lang='lat' dir='ltr'><strong>appellat</strong></span> <span class='ocrx_word' id='word_1_323' title='bbox 2229 2497 2363 2553; x_wconf 90' lang='lat' dir='ltr'><strong>pru-</strong></span> <span class='ocrx_word' id='word_1_324' title='bbox 2475 2487 2530 2535; x_wconf 89' lang='grc' dir='ltr'><strong>τὸ</strong></span> <span class='ocrx_word' id='word_1_325' title='bbox 2562 2486 2809 2554; x_wconf 80' lang='grc' dir='ltr'><strong>σαρκιχόν</strong></span> <span class='ocrx_word' id='word_1_326' title='bbox 2835 2489 3072 2554; x_wconf 76' lang='grc' dir='ltr'><strong>φρόνημα</strong></span> <span class='ocrx_word' id='word_1_327' title='bbox 3093 2481 3244 2552; x_wconf 65' lang='grc' dir='ltr'><strong>λέγει.</strong></span> 
     </span>
    </p>
   </div>
   <div class='ocr_carea' id='block_1_43' title="bbox 703 2556 1328 2613">
    <p class='ocr_par' dir='ltr' id='par_1_43' title="bbox 703 2556 1328 2613">
     <span class='ocr_line' id='line_1_43' title="bbox 703 2556 1328 2613; baseline 0.002 -1"><span class='ocrx_word' id='word_1_328' title='bbox 703 2556 970 2613; x_wconf 90' lang='lat' dir='ltr'><strong>dentiam</strong></span> <span class='ocrx_word' id='word_1_329' title='bbox 1006 2558 1328 2613; x_wconf 88' lang='lat' dir='ltr'><strong>carnalem.</strong></span> 
     </span>
    </p>
   </div>
   <div class='ocr_carea' id='block_1_44' title="bbox 777 2645 2395 2732">
    <p class='ocr_par' dir='ltr' id='par_1_44' title="bbox 777 2645 2363 2732">
     <span class='ocr_line' id='line_1_44' title="bbox 777 2645 2363 2732; baseline 0.009 -32"><span class='ocrx_word' id='word_1_330' title='bbox 777 2645 940 2701; x_wconf 88' lang='lat' dir='ltr'><strong>Vers.</strong></span> <span class='ocrx_word' id='word_1_331' title='bbox 969 2649 1055 2702; x_wconf 71' lang='lat'><strong>93.</strong></span> <span class='ocrx_word' id='word_1_332' title='bbox 1081 2647 1190 2718; x_wconf 87' lang='lat' dir='ltr'><strong>Ego</strong></span> <span class='ocrx_word' id='word_1_333' title='bbox 1218 2679 1284 2688; x_wconf 88' lang='lat'>—</span> <span class='ocrx_word' id='word_1_334' title='bbox 1317 2665 1466 2705; x_wconf 88' lang='lat' dir='ltr'><strong>sum.</strong></span> <span class='ocrx_word' id='word_1_335' title='bbox 1512 2652 1599 2706; x_wconf 87' lang='lat' dir='ltr'><strong>De</strong></span> <span class='ocrx_word' id='word_1_336' title='bbox 1645 2654 1778 2708; x_wconf 78' lang='grc' dir='ltr'><strong>εωίο</strong></span> <span class='ocrx_word' id='word_1_337' title='bbox 1814 2674 1826 2722; x_wconf 91' lang='grc'>;</span> <span class='ocrx_word' id='word_1_338' title='bbox 1883 2671 2002 2710; x_wconf 89' lang='lat' dir='ltr'><strong>non</strong></span> <span class='ocrx_word' id='word_1_339' title='bbox 2035 2658 2198 2729; x_wconf 90' lang='lat' dir='ltr'><strong>quod</strong></span> <span class='ocrx_word' id='word_1_340' title='bbox 2239 2660 2363 2732; x_wconf 87' lang='lat' dir='ltr'><strong>ipse</strong></span> 
     </span>
    </p>
   </div>
   <div class='ocr_carea' id='block_1_45' title="bbox 2288 2645 3906 2732">
    <p class='ocr_par' dir='ltr' id='par_1_45' title="bbox 2288 2656 3906 2732">
     <span class='ocr_line' id='line_1_45' title="bbox 2288 2656 3906 2732; baseline -0.005 -23"><span class='ocrx_word' id='word_1_341' title='bbox 2288 2676 2363 2715; x_wconf 68' lang='lat' dir='ltr'><strong>ise</strong></span> <span class='ocrx_word' id='word_1_342' title='bbox 2547 2660 2679 2731; x_wconf 69' lang='grc' dir='ltr'><strong>Ἐγὼ</strong></span> <span class='ocrx_word' id='word_1_343' title='bbox 2713 2692 2769 2700; x_wconf 93' lang='lat'><strong>—-</strong></span> <span class='ocrx_word' id='word_1_344' title='bbox 2803 2660 2932 2732; x_wconf 80' lang='grc' dir='ltr'><strong>εἰμί.</strong></span> <span class='ocrx_word' id='word_1_345' title='bbox 2963 2691 3030 2700; x_wconf 89' lang='grc'><strong>-</strong></span> <span class='ocrx_word' id='word_1_346' title='bbox 3061 2664 3146 2712; x_wconf 77' lang='grc' dir='ltr'><strong>Ἐκ</strong></span> <span class='ocrx_word' id='word_1_347' title='bbox 3188 2666 3278 2710; x_wconf 85' lang='grc' dir='ltr'><strong>τού</strong></span> <span class='ocrx_word' id='word_1_348' title='bbox 3328 2657 3572 2732; x_wconf 78' lang='grc' dir='ltr'><strong>ούρανοῦ,</strong></span> <span class='ocrx_word' id='word_1_349' title='bbox 3617 2656 3712 2726; x_wconf 82' lang='grc' dir='ltr'><strong>ούχ</strong></span> <span class='ocrx_word' id='word_1_350' title='bbox 3751 2656 3809 2706; x_wconf 78' lang='grc' dir='ltr'><strong>ὃτι</strong></span> <span class='ocrx_word' id='word_1_351' title='bbox 3840 2668 3906 2700; x_wconf 65' lang='lat' dir='ltr'><strong>sm-</strong></span> 
     </span>
    </p>
   </div>
   <div class='ocr_carea' id='block_1_46' title="bbox 703 2734 2321 2822">
    <p class='ocr_par' dir='ltr' id='par_1_46' title="bbox 703 2734 2321 2816">
     <span class='ocr_line' id='line_1_46' title="bbox 703 2734 2321 2816; baseline 0.009 -26"><span class='ocrx_word' id='word_1_352' title='bbox 703 2734 777 2790; x_wconf 89' lang='lat' dir='ltr'><strong>de</strong></span> <span class='ocrx_word' id='word_1_353' title='bbox 803 2735 953 2791; x_wconf 77' lang='lat' dir='ltr'><strong>coelo</strong></span> <span class='ocrx_word' id='word_1_354' title='bbox 987 2737 1265 2800; x_wconf 87' lang='lat' dir='ltr'><strong>venisset,</strong></span> <span class='ocrx_word' id='word_1_355' title='bbox 1299 2739 1399 2792; x_wconf 89' lang='lat' dir='ltr'><strong>sed</strong></span> <span class='ocrx_word' id='word_1_356' title='bbox 1428 2741 1572 2811; x_wconf 88' lang='lat' dir='ltr'><strong>quia</strong></span> <span class='ocrx_word' id='word_1_357' title='bbox 1604 2743 1917 2812; x_wconf 85' lang='lat' dir='ltr'><strong>prudentia</strong></span> <span class='ocrx_word' id='word_1_358' title='bbox 1947 2746 2075 2816; x_wconf 86' lang='lat' dir='ltr'><strong>ejus</strong></span> <span class='ocrx_word' id='word_1_359' title='bbox 2111 2748 2321 2804; x_wconf 81' lang='lat' dir='ltr'><strong>ccelesli</strong></span> 
     </span>
    </p>
   </div>
   <div class='ocr_carea' id='block_1_47' title="bbox 2298 2734 3916 2822">
    <p class='ocr_par' dir='ltr' id='par_1_47' title="bbox 2298 2743 3916 2822">
     <span class='ocr_line' id='line_1_47' title="bbox 2298 2743 3916 2822; baseline -0.006 -23"><span class='ocrx_word' id='word_1_360' title='bbox 2298 2750 2362 2805; x_wconf 82' lang='lat' dir='ltr'><strong>Lis</strong></span> <span class='ocrx_word' id='word_1_361' title='bbox 2474 2750 2692 2822; x_wconf 65' lang='grc' dir='ltr'><strong>ούρανοῦ</strong></span> <span class='ocrx_word' id='word_1_362' title='bbox 2723 2750 2864 2813; x_wconf 73' lang='grc' dir='ltr'><strong>ἧκεν,</strong></span> <span class='ocrx_word' id='word_1_363' title='bbox 2897 2747 3004 2800; x_wconf 77' lang='grc' dir='ltr'><strong>ἀλλ’</strong></span> <span class='ocrx_word' id='word_1_364' title='bbox 3035 2751 3114 2800; x_wconf 87' lang='grc' dir='ltr'><strong>ὁτι</strong></span> <span class='ocrx_word' id='word_1_365' title='bbox 3143 2752 3200 2800; x_wconf 87' lang='grc' dir='ltr'><strong>τό</strong></span> <span class='ocrx_word' id='word_1_366' title='bbox 3239 2753 3484 2821; x_wconf 73' lang='grc' dir='ltr'><strong>φρόνημα</strong></span> <span class='ocrx_word' id='word_1_367' title='bbox 3527 2746 3676 2798; x_wconf 84' lang='grc' dir='ltr'><strong>αύτού</strong></span> <span class='ocrx_word' id='word_1_368' title='bbox 3699 2743 3860 2816; x_wconf 69' lang='grc' dir='ltr'><strong>οὐράνιοι</strong></span> <span class='ocrx_word' id='word_1_369' title='bbox 3880 2756 3916 2785; x_wconf 67' lang='grc' dir='ltr'><strong>ιε</strong></span> 
     </span>
    </p>
   </div>
   <div class='ocr_carea' id='block_1_48' title="bbox 702 2825 2320 2910">
    <p class='ocr_par' dir='ltr' id='par_1_48' title="bbox 702 2825 2316 2908">
     <span class='ocr_line' id='line_1_48' title="bbox 702 2825 2316 2908; baseline 0.008 -28"><span class='ocrx_word' id='word_1_370' title='bbox 702 2830 937 2880; x_wconf 89' lang='lat' dir='ltr'><strong>essetac</strong></span> <span class='ocrx_word' id='word_1_371' title='bbox 966 2825 1184 2879; x_wconf 87' lang='lat' dir='ltr'><strong>divina.</strong></span> <span class='ocrx_word' id='word_1_372' title='bbox 1217 2826 1436 2882; x_wconf 88' lang='lat' dir='ltr'><strong>Deinde</strong></span> <span class='ocrx_word' id='word_1_373' title='bbox 1468 2844 1791 2885; x_wconf 89' lang='lat' dir='ltr'><strong>sermonem</strong></span> <span class='ocrx_word' id='word_1_374' title='bbox 1841 2850 2016 2889; x_wconf 93' lang='lat' dir='ltr'><strong>suurn</strong></span> <span class='ocrx_word' id='word_1_375' title='bbox 2059 2837 2316 2908; x_wconf 87' lang='lat' dir='ltr'><strong>explana</strong></span> 
     </span>
    </p>
   </div>
   <div class='ocr_carea' id='block_1_49' title="bbox 1787 2825 3405 2910">
    <p class='ocr_par' dir='ltr' id='par_1_49' title="bbox 1787 2836 3405 2910">
     <span class='ocr_line' id='line_1_49' title="bbox 1787 2836 3405 2910; baseline 0.001 -25"><span class='ocrx_word' id='word_1_376' title='bbox 1787 2855 1791 2884; x_wconf 84' lang='grc' dir='ltr'><strong>ι</strong></span> <span class='ocrx_word' id='word_1_377' title='bbox 1841 2850 2016 2889; x_wconf 92' lang='lat' dir='ltr'><strong>suurn</strong></span> <span class='ocrx_word' id='word_1_378' title='bbox 2059 2837 2358 2908; x_wconf 89' lang='lat' dir='ltr'><strong>explanat.</strong></span> <span class='ocrx_word' id='word_1_379' title='bbox 2477 2842 2626 2892; x_wconf 83' lang='grc' dir='ltr'><strong>θεῖον.</strong></span> <span class='ocrx_word' id='word_1_380' title='bbox 2666 2836 2792 2893; x_wconf 79' lang='grc' dir='ltr'><strong>Εἶτα</strong></span> <span class='ocrx_word' id='word_1_381' title='bbox 2820 2839 3092 2910; x_wconf 68' lang='grc' dir='ltr'><strong>σαφηνίζει</strong></span> <span class='ocrx_word' id='word_1_382' title='bbox 3123 2843 3207 2889; x_wconf 89' lang='grc' dir='ltr'><strong>τόν</strong></span> <span class='ocrx_word' id='word_1_383' title='bbox 3233 2837 3405 2908; x_wconf 76' lang='grc' dir='ltr'><strong>λόγον,</strong></span> 
     </span>
    </p>
   </div>
   <div class='ocr_carea' id='block_1_50' title="bbox 779 2911 2397 3000">
    <p class='ocr_par' dir='ltr' id='par_1_50' title="bbox 779 2911 2362 2982">
     <span class='ocr_line' id='line_1_50' title="bbox 779 2911 2362 2982; baseline 0.01 -16"><span class='ocrx_word' id='word_1_384' title='bbox 779 2911 940 2966; x_wconf 90' lang='lat' dir='ltr'><strong>Vers.</strong></span> <span class='ocrx_word' id='word_1_385' title='bbox 982 2916 1071 2967; x_wconf 79' lang='lat'><strong>‘23.</strong></span> <span class='ocrx_word' id='word_1_386' title='bbox 1113 2914 1216 2968; x_wconf 90' lang='lat' dir='ltr'><strong>Vos</strong></span> <span class='ocrx_word' id='word_1_387' title='bbox 1248 2945 1312 2954; x_wconf 98' lang='lat'><strong>—</strong></span> <span class='ocrx_word' id='word_1_388' title='bbox 1343 2916 1469 2970; x_wconf 79' lang='lat' dir='ltr'><strong>hoc.</strong></span> <span class='ocrx_word' id='word_1_389' title='bbox 1508 2919 1791 2975; x_wconf 84' lang='lat' dir='ltr'><strong>Mundum</strong></span> <span class='ocrx_word' id='word_1_390' title='bbox 1822 2921 1915 2977; x_wconf 87' lang='lat' dir='ltr'><strong>hic</strong></span> <span class='ocrx_word' id='word_1_391' title='bbox 1945 2924 2082 2978; x_wconf 87' lang='lat' dir='ltr'><strong>dicit</strong></span> <span class='ocrx_word' id='word_1_392' title='bbox 2112 2926 2362 2982; x_wconf 87' lang='lat' dir='ltr'><strong>munda-</strong></span> 
     </span>
    </p>
   </div>
   <div class='ocr_carea' id='block_1_51' title="bbox 2303 2911 3921 3000">
    <p class='ocr_par' dir='ltr' id='par_1_51' title="bbox 2306 2921 3921 3000">
     <span class='ocr_line' id='line_1_51' title="bbox 2306 2921 3921 3000; baseline -0.038 21"><span class='ocrx_word' id='word_1_393' title='bbox 2306 2943 2362 2982; x_wconf 58' lang='grc' dir='ltr'><strong>δ’</strong></span> <span class='ocrx_word' id='word_1_394' title='bbox 2542 2929 2704 3000; x_wconf 60' lang='grc' dir='ltr'><strong>Ὑμεῖς</strong></span> <span class='ocrx_word' id='word_1_395' title='bbox 2779 2960 2844 2969; x_wconf 80' lang='grc'><strong>-’</strong></span> <span class='ocrx_word' id='word_1_396' title='bbox 2916 2931 3120 2981; x_wconf 64' lang='grc' dir='ltr'><strong>τούτου.</strong></span> <span class='ocrx_word' id='word_1_397' title='bbox 3195 2933 3402 2998; x_wconf 79' lang='grc' dir='ltr'><strong>Κόσμον</strong></span> <span class='ocrx_word' id='word_1_398' title='bbox 3481 2926 3690 2978; x_wconf 70' lang='grc' dir='ltr'><strong>ἐνταῦθα</strong></span> <span class='ocrx_word' id='word_1_399' title='bbox 3763 2921 3850 2988; x_wconf 50' lang='grc' dir='ltr'><strong>λέχει</strong></span> <span class='ocrx_word' id='word_1_400' title='bbox 3899 2930 3921 2960; x_wconf 69' lang='grc' dir='ltr'><strong>τε</strong></span> 
     </span>
    </p>
   </div>
   <div class='ocr_carea' id='block_1_52' title="bbox 703 3006 2321 3097">
    <p class='ocr_par' dir='ltr' id='par_1_52' title="bbox 703 3008 2321 3080">
     <span class='ocr_line' id='line_1_52' title="bbox 703 3008 2321 3080; baseline 0.009 -24"><span class='ocrx_word' id='word_1_401' title='bbox 703 3016 864 3064; x_wconf 85' lang='lat' dir='ltr'><strong>nam,</strong></span> <span class='ocrx_word' id='word_1_402' title='bbox 897 3018 1144 3073; x_wconf 85' lang='lat' dir='ltr'><strong>pravam</strong></span> <span class='ocrx_word' id='word_1_403' title='bbox 1173 3020 1238 3058; x_wconf 89' lang='lat' dir='ltr'><strong>ac</strong></span> <span class='ocrx_word' id='word_1_404' title='bbox 1295 3008 1585 3061; x_wconf 83' lang='lat' dir='ltr'><strong>terrenam</strong></span> <span class='ocrx_word' id='word_1_405' title='bbox 1628 3009 2029 3079; x_wconf 83' lang='lat' dir='ltr'><strong>prudentiam.</strong></span> <span class='ocrx_word' id='word_1_406' title='bbox 2074 3016 2321 3080; x_wconf 87' lang='lat' dir='ltr'><strong>Quemac</strong></span> 
     </span>
    </p>
   </div>
   <div class='ocr_carea' id='block_1_53' title="bbox 2307 3006 3925 3097">
    <p class='ocr_par' dir='ltr' id='par_1_53' title="bbox 2307 3013 3925 3097">
     <span class='ocr_line' id='line_1_53' title="bbox 2307 3013 3925 3097; baseline -0.012 -26"><span class='ocrx_word' id='word_1_407' title='bbox 2307 3015 2361 3071; x_wconf 78' lang='lat' dir='ltr'><strong>d-</strong></span> <span class='ocrx_word' id='word_1_408' title='bbox 2473 3023 2722 3090; x_wconf 71' lang='grc' dir='ltr'><strong>κοσμικόν</strong></span> <span class='ocrx_word' id='word_1_409' title='bbox 2772 3023 2861 3070; x_wconf 79' lang='grc' dir='ltr'><strong>καὶ</strong></span> <span class='ocrx_word' id='word_1_410' title='bbox 2924 3017 3111 3088; x_wconf 67' lang='grc' dir='ltr'><strong>φαύλου</strong></span> <span class='ocrx_word' id='word_1_411' title='bbox 3164 3022 3251 3068; x_wconf 81' lang='grc' dir='ltr'><strong>καὶ</strong></span> <span class='ocrx_word' id='word_1_412' title='bbox 3309 3021 3494 3085; x_wconf 71' lang='grc' dir='ltr'><strong>γήινον</strong></span> <span class='ocrx_word' id='word_1_413' title='bbox 3557 3019 3781 3088; x_wconf 69' lang='grc' dir='ltr'><strong>φρόνημα.</strong></span> <span class='ocrx_word' id='word_1_414' title='bbox 3833 3013 3925 3097; x_wconf 49' lang='grc' dir='ltr'><strong>εἶπεῗ</strong></span> 
     </span>
    </p>
   </div>
   <div class='ocr_carea' id='block_1_54' title="bbox 704 3090 2322 3181">
    <p class='ocr_par' dir='ltr' id='par_1_54' title="bbox 704 3090 2321 3176">
     <span class='ocr_line' id='line_1_54' title="bbox 704 3090 2321 3176; baseline 0.009 -31"><span class='ocrx_word' id='word_1_415' title='bbox 704 3090 954 3145; x_wconf 92' lang='lat' dir='ltr'><strong>modum</strong></span> <span class='ocrx_word' id='word_1_416' title='bbox 985 3093 1144 3147; x_wconf 91' lang='lat' dir='ltr'><strong>enim</strong></span> <span class='ocrx_word' id='word_1_417' title='bbox 1178 3092 1418 3165; x_wconf 85' lang='lat' dir='ltr'><strong>spiritus</strong></span> <span class='ocrx_word' id='word_1_418' title='bbox 1450 3094 1684 3164; x_wconf 89' lang='lat' dir='ltr'><strong>dicitur,</strong></span> <span class='ocrx_word' id='word_1_419' title='bbox 1719 3100 2038 3170; x_wconf 88' lang='lat' dir='ltr'><strong>spirituali</strong></span> <span class='ocrx_word' id='word_1_420' title='bbox 2068 3106 2321 3176; x_wconf 90' lang='lat' dir='ltr'><strong>sapienti</strong></span> 
     </span>
    </p>
   </div>
   <div class='ocr_carea' id='block_1_55' title="bbox 2307 3090 3925 3181">
    <p class='ocr_par' dir='ltr' id='par_1_55' title="bbox 2307 3105 3925 3181">
     <span class='ocr_line' id='line_1_55' title="bbox 2307 3105 3925 3181; baseline -0.012 -20"><span class='ocrx_word' id='word_1_421' title='bbox 2307 3106 2362 3161; x_wconf 88' lang='lat' dir='ltr'><strong>ia</strong></span> <span class='ocrx_word' id='word_1_422' title='bbox 2470 3111 2570 3181; x_wconf 72' lang='grc' dir='ltr'><strong>γὰρ</strong></span> <span class='ocrx_word' id='word_1_423' title='bbox 2605 3116 2803 3178; x_wconf 70' lang='grc' dir='ltr'><strong>πνεῦμα</strong></span> <span class='ocrx_word' id='word_1_424' title='bbox 2826 3106 3025 3178; x_wconf 71' lang='grc' dir='ltr'><strong>λέγεται</strong></span> <span class='ocrx_word' id='word_1_425' title='bbox 3055 3110 3112 3157; x_wconf 83' lang='grc' dir='ltr'><strong>τὸ</strong></span> <span class='ocrx_word' id='word_1_426' title='bbox 3148 3109 3495 3176; x_wconf 76' lang='grc' dir='ltr'><strong>πνευματικὸν</strong></span> <span class='ocrx_word' id='word_1_427' title='bbox 3535 3111 3764 3178; x_wconf 70' lang='grc' dir='ltr'><strong>φρόνημα,</strong></span> <span class='ocrx_word' id='word_1_428' title='bbox 3785 3115 3843 3146; x_wconf 73' lang='grc' dir='ltr'><strong>και</strong></span> <span class='ocrx_word' id='word_1_429' title='bbox 3865 3105 3925 3157; x_wconf 58' lang='lat' dir='ltr'><strong>si}:</strong></span> 
     </span>
    </p>
   </div>
   <div class='ocr_carea' id='block_1_56' title="bbox 703 3183 2321 3275">
    <p class='ocr_par' dir='ltr' id='par_1_56' title="bbox 703 3183 2320 3257">
     <span class='ocr_line' id='line_1_56' title="bbox 703 3183 2320 3257; baseline 0.011 -25"><span class='ocrx_word' id='word_1_430' title='bbox 703 3186 759 3232; x_wconf 91' lang='lat' dir='ltr'><strong>et</strong></span> <span class='ocrx_word' id='word_1_431' title='bbox 787 3196 947 3244; x_wconf 86' lang='lat' dir='ltr'><strong>caro,</strong></span> <span class='ocrx_word' id='word_1_432' title='bbox 982 3183 1237 3236; x_wconf 83' lang='lat' dir='ltr'><strong>carnalis</strong></span> <span class='ocrx_word' id='word_1_433' title='bbox 1271 3184 1386 3239; x_wconf 86' lang='lat' dir='ltr'><strong>:ita</strong></span> <span class='ocrx_word' id='word_1_434' title='bbox 1413 3189 1471 3238; x_wconf 86' lang='lat' dir='ltr'><strong>et</strong></span> <span class='ocrx_word' id='word_1_435' title='bbox 1515 3189 1664 3241; x_wconf 88' lang='lat' dir='ltr'><strong>terra</strong></span> <span class='ocrx_word' id='word_1_436' title='bbox 1709 3205 1778 3243; x_wconf 89' lang='lat' dir='ltr'><strong>ac</strong></span> <span class='ocrx_word' id='word_1_437' title='bbox 1820 3192 2103 3257; x_wconf 90' lang='lat' dir='ltr'><strong>mundus,</strong></span> <span class='ocrx_word' id='word_1_438' title='bbox 2130 3200 2320 3250; x_wconf 90' lang='lat' dir='ltr'><strong>terren</strong></span> 
     </span>
    </p>
   </div>
   <div class='ocr_carea' id='block_1_57' title="bbox 2310 3183 3928 3275">
    <p class='ocr_par' dir='ltr' id='par_1_57' title="bbox 2310 3194 3928 3275">
     <span class='ocr_line' id='line_1_57' title="bbox 2310 3194 3928 3275; baseline -0.012 -25"><span class='ocrx_word' id='word_1_439' title='bbox 2310 3212 2355 3251; x_wconf 78' lang='lat' dir='ltr'><strong>tu</strong></span> <span class='ocrx_word' id='word_1_440' title='bbox 2393 3218 2433 3274; x_wconf 69' lang='grc' dir='ltr'><strong>ρ</strong></span> <span class='ocrx_word' id='word_1_441' title='bbox 2470 3202 2524 3248; x_wconf 79' lang='grc' dir='ltr'><strong>τό</strong></span> <span class='ocrx_word' id='word_1_442' title='bbox 2560 3216 2806 3268; x_wconf 78' lang='grc' dir='ltr'><strong>σαρκικον</strong></span> <span class='ocrx_word' id='word_1_443' title='bbox 2842 3219 2852 3228; x_wconf 93' lang='grc'>·</span> <span class='ocrx_word' id='word_1_444' title='bbox 2883 3197 3017 3247; x_wconf 80' lang='grc' dir='ltr'><strong>ούτω</strong></span> <span class='ocrx_word' id='word_1_445' title='bbox 3046 3200 3134 3246; x_wconf 81' lang='grc' dir='ltr'><strong>καὶ</strong></span> <span class='ocrx_word' id='word_1_446' title='bbox 3163 3203 3229 3266; x_wconf 72' lang='grc' dir='ltr'>γῆ</span> <span class='ocrx_word' id='word_1_447' title='bbox 3264 3201 3351 3246; x_wconf 78' lang='grc' dir='ltr'><strong>καὶ</strong></span> <span class='ocrx_word' id='word_1_448' title='bbox 3384 3201 3584 3265; x_wconf 72' lang='grc' dir='ltr'><strong>κόσμος</strong></span> <span class='ocrx_word' id='word_1_449' title='bbox 3626 3196 3676 3243; x_wconf 87' lang='grc' dir='ltr'><strong>τὸ</strong></span> <span class='ocrx_word' id='word_1_450' title='bbox 3720 3194 3863 3259; x_wconf 59' lang='grc' dir='ltr'><strong>γήινον,</strong></span> 
     </span>
    </p>
   </div>
   <div class='ocr_carea' id='block_1_58' title="bbox 701 3269 2319 3358">
    <p class='ocr_par' dir='ltr' id='par_1_58' title="bbox 701 3269 2319 3356">
     <span class='ocr_line' id='line_1_58' title="bbox 701 3269 2319 3356; baseline 0.011 -35"><span class='ocrx_word' id='word_1_451' title='bbox 701 3283 768 3322; x_wconf 81' lang='lat' dir='ltr'><strong>ac</strong></span> <span class='ocrx_word' id='word_1_452' title='bbox 803 3269 1128 3325; x_wconf 88' lang='lat' dir='ltr'><strong>mundana.</strong></span> <span class='ocrx_word' id='word_1_453' title='bbox 1165 3271 1255 3327; x_wconf 80' lang='lat' dir='ltr'><strong>Ait</strong></span> <span class='ocrx_word' id='word_1_454' title='bbox 1311 3288 1452 3343; x_wconf 89' lang='lat' dir='ltr'><strong>ergo</strong></span> <span class='ocrx_word' id='word_1_455' title='bbox 1487 3298 1497 3328; x_wconf 90' lang='lat'>:</span> <span class='ocrx_word' id='word_1_456' title='bbox 1533 3277 1651 3348; x_wconf 85' lang='lat' dir='ltr'><strong>Ego</strong></span> <span class='ocrx_word' id='word_1_457' title='bbox 1683 3294 1803 3334; x_wconf 88' lang='lat' dir='ltr'><strong>non</strong></span> <span class='ocrx_word' id='word_1_458' title='bbox 1836 3281 1986 3335; x_wconf 86' lang='lat' dir='ltr'><strong>sicut</strong></span> <span class='ocrx_word' id='word_1_459' title='bbox 2018 3298 2124 3337; x_wconf 88' lang='lat' dir='ltr'><strong>vos</strong></span> <span class='ocrx_word' id='word_1_460' title='bbox 2166 3284 2319 3356; x_wconf 76' lang='lat' dir='ltr'><strong>sapic</strong></span> 
     </span>
    </p>
   </div>
   <div class='ocr_carea' id='block_1_59' title="bbox 2311 3269 3929 3358">
    <p class='ocr_par' dir='ltr' id='par_1_59' title="bbox 2311 3282 3929 3358">
     <span class='ocr_line' id='line_1_59' title="bbox 2311 3282 3929 3358; baseline 0.002 -22"><span class='ocrx_word' id='word_1_461' title='bbox 2311 3300 2356 3350; x_wconf 79' lang='grc' dir='ltr'><strong>ε),</strong></span> <span class='ocrx_word' id='word_1_462' title='bbox 2469 3292 2738 3358; x_wconf 79' lang='grc' dir='ltr'><strong>κοσμικόν.</strong></span> <span class='ocrx_word' id='word_1_463' title='bbox 2771 3291 2936 3344; x_wconf 76' lang='grc' dir='ltr'><strong>Φησὶν</strong></span> <span class='ocrx_word' id='word_1_464' title='bbox 2965 3282 3052 3337; x_wconf 74' lang='grc' dir='ltr'><strong>οὖν</strong></span> <span class='ocrx_word' id='word_1_465' title='bbox 3079 3286 3158 3336; x_wconf 84' lang='grc' dir='ltr'><strong>ὅτι</strong></span> <span class='ocrx_word' id='word_1_466' title='bbox 3183 3286 3314 3355; x_wconf 73' lang='grc' dir='ltr'><strong>Ἐγὼ</strong></span> <span class='ocrx_word' id='word_1_467' title='bbox 3344 3283 3455 3354; x_wconf 62' lang='grc' dir='ltr'><strong>οὐχ</strong></span> <span class='ocrx_word' id='word_1_468' title='bbox 3481 3285 3547 3344; x_wconf 80' lang='grc' dir='ltr'><strong>ὡς</strong></span> <span class='ocrx_word' id='word_1_469' title='bbox 3578 3283 3704 3352; x_wconf 70' lang='grc' dir='ltr'><strong>ὑμεῖς</strong></span> <span class='ocrx_word' id='word_1_470' title='bbox 3743 3293 3870 3347; x_wconf 60' lang='grc' dir='ltr'><strong>γρσννι</strong></span> <span class='ocrx_word' id='word_1_471' title='bbox 3894 3284 3929 3314; x_wconf 63' lang='grc'><strong>²⁷²</strong></span> 
     </span>
    </p>
   </div>
   <div class='ocr_carea' id='block_1_60' title="bbox 703 3359 2321 3446">
    <p class='ocr_par' dir='ltr' id='par_1_60' title="bbox 703 3359 1538 3430">
     <span class='ocr_line' id='line_1_60' title="bbox 703 3359 1538 3430; baseline 0.012 -20"><span class='ocrx_word' id='word_1_472' title='bbox 703 3363 764 3412; x_wconf 93' lang='lat' dir='ltr'><strong>ut</strong></span> <span class='ocrx_word' id='word_1_473' title='bbox 793 3375 884 3412; x_wconf 90' lang='lat' dir='ltr'><strong>me</strong></span> <span class='ocrx_word' id='word_1_474' title='bbox 917 3359 1115 3430; x_wconf 89' lang='lat' dir='ltr'><strong>ipsum</strong></span> <span class='ocrx_word' id='word_1_475' title='bbox 1164 3362 1538 3421; x_wconf 84' lang='lat' dir='ltr'><strong>interliciam.</strong></span> 
     </span>
    </p>
   </div>
   <div class='ocr_carea' id='block_1_61' title="bbox 1403 3359 3021 3446">
    <p class='ocr_par' dir='ltr' id='par_1_61' title="bbox 1403 3365 3021 3446">
     <span class='ocr_line' id='line_1_61' title="bbox 1403 3365 3021 3446; baseline 0.006 -28"><span class='ocrx_word' id='word_1_476' title='bbox 1403 3365 1513 3419; x_wconf 83' lang='lat' dir='ltr'><strong>iam</strong></span> <span class='ocrx_word' id='word_1_477' title='bbox 1527 3407 1538 3421; x_wconf 93' lang='lat'><strong>.</strong></span> <span class='ocrx_word' id='word_1_478' title='bbox 2471 3375 2753 3428; x_wconf 71' lang='grc' dir='ltr'><strong>ἀποκτείνω</strong></span> <span class='ocrx_word' id='word_1_479' title='bbox 2780 3374 2996 3446; x_wconf 70' lang='grc' dir='ltr'><strong>ἐμαυτόν</strong></span> <span class='ocrx_word' id='word_1_480' title='bbox 3015 3421 3021 3428; x_wconf 96' lang='grc'><em>.</em></span> 
     </span>
    </p>
   </div>
   <div class='ocr_carea' id='block_1_62' title="bbox 773 3447 2391 3536">
    <p class='ocr_par' dir='ltr' id='par_1_62' title="bbox 773 3447 2358 3519">
     <span class='ocr_line' id='line_1_62' title="bbox 773 3447 2358 3519; baseline 0.013 -19"><span class='ocrx_word' id='word_1_481' title='bbox 773 3447 933 3502; x_wconf 87' lang='lat' dir='ltr'><strong>Vers.</strong></span> <span class='ocrx_word' id='word_1_482' title='bbox 965 3452 1051 3503; x_wconf 81' lang='lat' dir='ltr'><strong>2t.</strong></span> <span class='ocrx_word' id='word_1_483' title='bbox 1086 3451 1220 3505; x_wconf 69' lang='lat' dir='ltr'><strong>Dixi</strong></span> <span class='ocrx_word' id='word_1_484' title='bbox 1245 3483 1310 3490; x_wconf 90' lang='lat'><strong><em>—</em></strong></span> <span class='ocrx_word' id='word_1_485' title='bbox 1344 3455 1570 3509; x_wconf 72' lang='lat' dir='ltr'><strong>vestiis.</strong></span> <span class='ocrx_word' id='word_1_486' title='bbox 1605 3456 1812 3514; x_wconf 81' lang='lat' dir='ltr'><strong>Adhuc</strong></span> <span class='ocrx_word' id='word_1_487' title='bbox 1846 3475 1946 3515; x_wconf 89' lang='lat' dir='ltr'><strong>eos</strong></span> <span class='ocrx_word' id='word_1_488' title='bbox 1985 3466 2235 3518; x_wconf 79' lang='lat' dir='ltr'><strong>exterret</strong></span> <span class='ocrx_word' id='word_1_489' title='bbox 2268 3480 2358 3519; x_wconf 87' lang='lat' dir='ltr'><strong>vo-</strong></span> 
     </span>
    </p>
   </div>
   <div class='ocr_carea' id='block_1_63' title="bbox 2312 3447 3930 3536">
    <p class='ocr_par' dir='ltr' id='par_1_63' title="bbox 2312 3451 3930 3536">
     <span class='ocr_line' id='line_1_63' title="bbox 2312 3451 3930 3536; baseline -0.031 8"><span class='ocrx_word' id='word_1_490' title='bbox 2312 3480 2358 3519; x_wconf 72' lang='lat' dir='ltr'><strong>D&#39;</strong></span> <span class='ocrx_word' id='word_1_491' title='bbox 2543 3462 2698 3518; x_wconf 69' lang='grc' dir='ltr'><strong>Εἶπον</strong></span> <span class='ocrx_word' id='word_1_492' title='bbox 2758 3495 2824 3503; x_wconf 86' lang='grc'><strong>-·</strong></span> <span class='ocrx_word' id='word_1_493' title='bbox 2878 3466 3041 3536; x_wconf 76' lang='grc' dir='ltr'><strong>ὑμῶν.</strong></span> <span class='ocrx_word' id='word_1_494' title='bbox 3091 3462 3209 3517; x_wconf 81' lang='grc' dir='ltr'><strong>Ἐτι</strong></span> <span class='ocrx_word' id='word_1_495' title='bbox 3256 3460 3460 3533; x_wconf 72' lang='grc' dir='ltr'><strong>ἐκφοϐεῖ</strong></span> <span class='ocrx_word' id='word_1_496' title='bbox 3518 3460 3695 3516; x_wconf 81' lang='grc' dir='ltr'><strong>αύτούς</strong></span> <span class='ocrx_word' id='word_1_497' title='bbox 3739 3451 3930 3524; x_wconf 51' lang='lat' dir='ltr'><strong>pauisse-Lf</strong></span> 
     </span>
    </p>
   </div>
   <div class='ocr_carea' id='block_1_64' title="bbox 699 3535 2317 3609">
    <p class='ocr_par' dir='ltr' id='par_1_64' title="bbox 699 3535 1235 3608">
     <span class='ocr_line' id='line_1_64' title="bbox 699 3535 1235 3608; baseline 0.009 -18"><span class='ocrx_word' id='word_1_498' title='bbox 699 3535 828 3590; x_wconf 92' lang='lat' dir='ltr'><strong>lens</strong></span> <span class='ocrx_word' id='word_1_499' title='bbox 854 3539 1235 3608; x_wconf 88' lang='lat' dir='ltr'><strong>persuadere.</strong></span> 
     </span>
    </p>
   </div>
   <div class='ocr_carea' id='block_1_65' title="bbox 1045 3535 2663 3609">
    <p class='ocr_par' dir='ltr' id='par_1_65' title="bbox 1045 3539 2663 3609">
     <span class='ocr_line' id='line_1_65' title="bbox 1045 3539 2663 3609; baseline 0.009 -16"><span class='ocrx_word' id='word_1_500' title='bbox 1045 3539 1235 3595; x_wconf 79' lang='lat' dir='ltr'><strong>adere.</strong></span> <span class='ocrx_word' id='word_1_501' title='bbox 2466 3563 2663 3609; x_wconf 86' lang='grc' dir='ltr'><strong>πεῖσαι.</strong></span> 
     </span>
    </p>
   </div>
   <div class='ocr_carea' id='block_1_66' title="bbox 769 3627 2387 3714">
    <p class='ocr_par' dir='ltr' id='par_1_66' title="bbox 769 3627 2354 3700">
     <span class='ocr_line' id='line_1_66' title="bbox 769 3627 2354 3700; baseline 0.012 -20"><span class='ocrx_word' id='word_1_502' title='bbox 769 3627 929 3680; x_wconf 87' lang='lat' dir='ltr'><strong>Vers.</strong></span> <span class='ocrx_word' id='word_1_503' title='bbox 960 3628 1046 3682; x_wconf 58' lang='lat'><strong>‘24.</strong></span> <span class='ocrx_word' id='word_1_504' title='bbox 1083 3629 1144 3683; x_wconf 89' lang='lat' dir='ltr'><strong>Si</strong></span> <span class='ocrx_word' id='word_1_505' title='bbox 1197 3630 1352 3686; x_wconf 87' lang='lat' dir='ltr'><strong>enim</strong></span> <span class='ocrx_word' id='word_1_506' title='bbox 1395 3663 1462 3672; x_wconf 95' lang='lat'><strong><em>—</em></strong></span> <span class='ocrx_word' id='word_1_507' title='bbox 1522 3635 1746 3700; x_wconf 79' lang='lat' dir='ltr'><strong>vestris,</strong></span> <span class='ocrx_word' id='word_1_508' title='bbox 1800 3638 1870 3693; x_wconf 83' lang='lat' dir='ltr'><strong>Si</strong></span> <span class='ocrx_word' id='word_1_509' title='bbox 1900 3656 2013 3694; x_wconf 89' lang='lat' dir='ltr'><strong>non</strong></span> <span class='ocrx_word' id='word_1_510' title='bbox 2041 3642 2354 3698; x_wconf 79' lang='lat' dir='ltr'><strong>credideri-</strong></span> 
     </span>
    </p>
   </div>
   <div class='ocr_carea' id='block_1_67' title="bbox 2311 3627 3929 3714">
    <p class='ocr_par' dir='ltr' id='par_1_67' title="bbox 2311 3629 3929 3714">
     <span class='ocr_line' id='line_1_67' title="bbox 2311 3629 3929 3714; baseline -0.005 -16"><span class='ocrx_word' id='word_1_511' title='bbox 2311 3643 2354 3698; x_wconf 73' lang='grc' dir='ltr'><strong>ἱ·</strong></span> <span class='ocrx_word' id='word_1_512' title='bbox 2540 3646 2644 3696; x_wconf 75' lang='grc' dir='ltr'>Κοίν</span> <span class='ocrx_word' id='word_1_513' title='bbox 2673 3644 2786 3713; x_wconf 84' lang='grc'><strong>(39)</strong></span> <span class='ocrx_word' id='word_1_514' title='bbox 2815 3673 2878 3684; x_wconf 92' lang='grc'><strong><em>-</em></strong></span> <span class='ocrx_word' id='word_1_515' title='bbox 2912 3643 3072 3714; x_wconf 76' lang='grc' dir='ltr'><strong>ὑμῶν.</strong></span> <span class='ocrx_word' id='word_1_516' title='bbox 3103 3640 3222 3693; x_wconf 81' lang='grc' dir='ltr'><strong>Ἐὰν</strong></span> <span class='ocrx_word' id='word_1_517' title='bbox 3251 3645 3321 3712; x_wconf 79' lang='grc' dir='ltr'><strong><em>μὴ</em></strong></span> <span class='ocrx_word' id='word_1_518' title='bbox 3356 3642 3667 3695; x_wconf 71' lang='grc' dir='ltr'><strong>πιστεύσητε</strong></span> <span class='ocrx_word' id='word_1_519' title='bbox 3688 3636 3753 3684; x_wconf 80' lang='grc' dir='ltr'><strong>ότι</strong></span> <span class='ocrx_word' id='word_1_520' title='bbox 3866 3640 3929 3690; x_wconf 60' lang='lat'><strong>5‘?&quot;</strong></span> 
     </span>
    </p>
   </div>
   <div class='ocr_carea' id='block_1_68' title="bbox 699 3715 2317 3803">
    <p class='ocr_par' dir='ltr' id='par_1_68' title="bbox 699 3715 2317 3787">
     <span class='ocr_line' id='line_1_68' title="bbox 699 3715 2317 3787; baseline 0.01 -17"><span class='ocrx_word' id='word_1_521' title='bbox 699 3715 789 3782; x_wconf 81' lang='lat' dir='ltr'><strong>tis,</strong></span> <span class='ocrx_word' id='word_1_522' title='bbox 814 3716 968 3784; x_wconf 85' lang='lat' dir='ltr'><strong>quod</strong></span> <span class='ocrx_word' id='word_1_523' title='bbox 1015 3732 1118 3787; x_wconf 87' lang='lat' dir='ltr'><strong>ego</strong></span> <span class='ocrx_word' id='word_1_524' title='bbox 1168 3720 1292 3782; x_wconf 87' lang='lat' dir='ltr'><strong>sim,</strong></span> <span class='ocrx_word' id='word_1_525' title='bbox 1372 3721 1638 3778; x_wconf 85' lang='lat' dir='ltr'><strong>videlicet</strong></span> <span class='ocrx_word' id='word_1_526' title='bbox 1668 3725 1929 3781; x_wconf 86' lang='lat' dir='ltr'><strong>Christus</strong></span> <span class='ocrx_word' id='word_1_527' title='bbox 2001 3729 2181 3785; x_wconf 83' lang='lat' dir='ltr'><strong>Filius</strong></span> <span class='ocrx_word' id='word_1_528' title='bbox 2231 3732 2317 3786; x_wconf 72' lang='lat' dir='ltr'><strong>De.</strong></span> 
     </span>
    </p>
   </div>
   <div class='ocr_carea' id='block_1_69' title="bbox 2314 3715 3932 3803">
    <p class='ocr_par' dir='ltr' id='par_1_69' title="bbox 2315 3716 3932 3803">
     <span class='ocr_line' id='line_1_69' title="bbox 2315 3716 3932 3803; baseline -0.017 -10"><span class='ocrx_word' id='word_1_529' title='bbox 2315 3733 2352 3795; x_wconf 68' lang='grc' dir='ltr'><strong>ί,</strong></span> <span class='ocrx_word' id='word_1_530' title='bbox 2469 3729 2676 3791; x_wconf 78' lang='grc' dir='ltr'><strong>δηλαδὴ</strong></span> <span class='ocrx_word' id='word_1_531' title='bbox 2711 3734 2735 3783; x_wconf 82' lang='grc' dir='ltr'><strong>ό</strong></span> <span class='ocrx_word' id='word_1_532' title='bbox 2787 3735 3015 3803; x_wconf 79' lang='grc' dir='ltr'><strong>Χριστὸς</strong></span> <span class='ocrx_word' id='word_1_533' title='bbox 3055 3732 3080 3782; x_wconf 86' lang='grc' dir='ltr'><strong><em>ὁ</em></strong></span> <span class='ocrx_word' id='word_1_534' title='bbox 3129 3729 3247 3791; x_wconf 79' lang='grc' dir='ltr'><strong>Υἱὸς</strong></span> <span class='ocrx_word' id='word_1_535' title='bbox 3288 3736 3379 3780; x_wconf 78' lang='grc' dir='ltr'><strong>τοῦ</strong></span> <span class='ocrx_word' id='word_1_536' title='bbox 3430 3733 3576 3792; x_wconf 78' lang='grc' dir='ltr'><strong>Θεοῦ,</strong></span> <span class='ocrx_word' id='word_1_537' title='bbox 3625 3716 3932 3803; x_wconf 55' lang='grc' dir='ltr'><strong>ἀποθανεῖσθεῇ</strong></span> 
     </span>
    </p>
   </div>
   <div class='ocr_carea' id='block_1_70' title="bbox 693 3803 2311 3893">
    <p class='ocr_par' dir='ltr' id='par_1_70' title="bbox 693 3803 2311 3881">
     <span class='ocr_line' id='line_1_70' title="bbox 693 3803 2311 3881; baseline 0.011 -23"><span class='ocrx_word' id='word_1_538' title='bbox 693 3803 1027 3858; x_wconf 80' lang='lat' dir='ltr'><strong>moriemini</strong></span> <span class='ocrx_word' id='word_1_539' title='bbox 1052 3807 1110 3860; x_wconf 85' lang='lat' dir='ltr'><strong>in</strong></span> <span class='ocrx_word' id='word_1_540' title='bbox 1132 3809 1379 3876; x_wconf 83' lang='lat' dir='ltr'><strong>peccatis</strong></span> <span class='ocrx_word' id='word_1_541' title='bbox 1408 3815 1632 3881; x_wconf 82' lang='lat' dir='ltr'><strong>vestris,</strong></span> <span class='ocrx_word' id='word_1_542' title='bbox 1669 3814 1890 3869; x_wconf 86' lang='lat' dir='ltr'><strong>detenti</strong></span> <span class='ocrx_word' id='word_1_543' title='bbox 1938 3821 2015 3872; x_wconf 89' lang='lat' dir='ltr'><strong>ab</strong></span> <span class='ocrx_word' id='word_1_544' title='bbox 2059 3820 2160 3873; x_wconf 88' lang='lat' dir='ltr'><strong>eis.</strong></span> <span class='ocrx_word' id='word_1_545' title='bbox 2206 3820 2311 3876; x_wconf 75' lang='lat' dir='ltr'><strong>Nai</strong></span> 
     </span>
    </p>
   </div>
   <div class='ocr_carea' id='block_1_71' title="bbox 2314 3803 3932 3893">
    <p class='ocr_par' dir='ltr' id='par_1_71' title="bbox 2314 3815 3932 3893">
     <span class='ocr_line' id='line_1_71' title="bbox 2314 3815 3932 3893; baseline -0.003 -17"><span class='ocrx_word' id='word_1_546' title='bbox 2314 3839 2351 3876; x_wconf 80' lang='grc' dir='ltr'><strong>Π</strong></span> <span class='ocrx_word' id='word_1_547' title='bbox 2464 3830 2580 3883; x_wconf 85' lang='grc' dir='ltr'><strong>ταῖς</strong></span> <span class='ocrx_word' id='word_1_548' title='bbox 2610 3821 2890 3893; x_wconf 78' lang='grc' dir='ltr'><strong>ἁμαρτίαις</strong></span> <span class='ocrx_word' id='word_1_549' title='bbox 2921 3822 3082 3892; x_wconf 74' lang='grc' dir='ltr'><strong>ὑμῶν,</strong></span> <span class='ocrx_word' id='word_1_550' title='bbox 3128 3823 3469 3890; x_wconf 73' lang='grc' dir='ltr'><strong>συνεχόμενοι</strong></span> <span class='ocrx_word' id='word_1_551' title='bbox 3515 3816 3701 3873; x_wconf 82' lang='grc' dir='ltr'><strong>αύταίς.</strong></span> <span class='ocrx_word' id='word_1_552' title='bbox 3741 3815 3774 3859; x_wconf 90' lang='grc'><strong>0</strong></span> <span class='ocrx_word' id='word_1_553' title='bbox 3806 3821 3872 3874; x_wconf 68' lang='grc' dir='ltr'><strong>7αὲ</strong></span> <span class='ocrx_word' id='word_1_554' title='bbox 3899 3815 3932 3864; x_wconf 47' lang='lat' dir='ltr'><strong>I1:</strong></span> 
     </span>
    </p>
   </div>
   <div class='ocr_carea' id='block_1_72' title="bbox 694 3891 2312 3984">
    <p class='ocr_par' dir='ltr' id='par_1_72' title="bbox 694 3891 2312 3981">
     <span class='ocr_line' id='line_1_72' title="bbox 694 3891 2312 3981; baseline 0.012 -38"><span class='ocrx_word' id='word_1_555' title='bbox 694 3891 793 3962; x_wconf 91' lang='lat' dir='ltr'><strong>qui</strong></span> <span class='ocrx_word' id='word_1_556' title='bbox 834 3907 955 3946; x_wconf 92' lang='lat' dir='ltr'><strong>non</strong></span> <span class='ocrx_word' id='word_1_557' title='bbox 974 3895 1306 3957; x_wconf 88' lang='lat' dir='ltr'><strong>crediderit,</strong></span> <span class='ocrx_word' id='word_1_558' title='bbox 1329 3903 1381 3953; x_wconf 89' lang='lat' dir='ltr'><strong>et</strong></span> <span class='ocrx_word' id='word_1_559' title='bbox 1413 3915 1517 3970; x_wconf 92' lang='lat' dir='ltr'><strong>per</strong></span> <span class='ocrx_word' id='word_1_560' title='bbox 1546 3900 1916 3972; x_wconf 88' lang='lat' dir='ltr'><strong>baptismum</strong></span> <span class='ocrx_word' id='word_1_561' title='bbox 1951 3921 1987 3961; x_wconf 92' lang='lat' dir='ltr'><strong>a</strong></span> <span class='ocrx_word' id='word_1_562' title='bbox 2019 3908 2194 3963; x_wconf 91' lang='lat' dir='ltr'><strong>sorde</strong></span> <span class='ocrx_word' id='word_1_563' title='bbox 2225 3926 2312 3981; x_wconf 69' lang='lat' dir='ltr'><strong>pet</strong></span> 
     </span>
    </p>
   </div>
   <div class='ocr_carea' id='block_1_73' title="bbox 2315 3891 3933 3984">
    <p class='ocr_par' dir='ltr' id='par_1_73' title="bbox 2315 3903 3933 3984">
     <span class='ocr_line' id='line_1_73' title="bbox 2315 3903 3933 3984; baseline -0.01 -19"><span class='ocrx_word' id='word_1_564' title='bbox 2315 3926 2354 3965; x_wconf 75' lang='lat'><strong>2-</strong></span> <span class='ocrx_word' id='word_1_565' title='bbox 2464 3915 2766 3980; x_wconf 77' lang='grc' dir='ltr'><strong>πιστεύσας,</strong></span> <span class='ocrx_word' id='word_1_566' title='bbox 2817 3915 2906 3962; x_wconf 78' lang='grc' dir='ltr'><strong>καὶ</strong></span> <span class='ocrx_word' id='word_1_567' title='bbox 2964 3907 3056 3961; x_wconf 77' lang='grc' dir='ltr'><strong>διὰ</strong></span> <span class='ocrx_word' id='word_1_568' title='bbox 3106 3906 3474 3981; x_wconf 74' lang='grc' dir='ltr'><strong>βαπτίσματος</strong></span> <span class='ocrx_word' id='word_1_569' title='bbox 3514 3903 3933 3984; x_wconf 65' lang='grc' dir='ltr'><strong>ἀπολουσάμενος</strong></span> 
     </span>
    </p>
   </div>
   <div class='ocr_carea' id='block_1_74' title="bbox 695 3979 2313 4075">
    <p class='ocr_par' dir='ltr' id='par_1_74' title="bbox 695 3979 2313 4054">
     <span class='ocr_line' id='line_1_74' title="bbox 695 3979 2313 4054; baseline 0.012 -19"><span class='ocrx_word' id='word_1_570' title='bbox 695 3979 809 4036; x_wconf 91' lang='lat' dir='ltr'><strong>cati</strong></span> <span class='ocrx_word' id='word_1_571' title='bbox 850 3996 972 4036; x_wconf 91' lang='lat' dir='ltr'><strong>non</strong></span> <span class='ocrx_word' id='word_1_572' title='bbox 1012 3983 1252 4039; x_wconf 90' lang='lat' dir='ltr'><strong>ablutus</strong></span> <span class='ocrx_word' id='word_1_573' title='bbox 1284 3985 1478 4051; x_wconf 85' lang='lat' dir='ltr'><strong>fuerit,</strong></span> <span class='ocrx_word' id='word_1_574' title='bbox 1513 3991 1761 4047; x_wconf 89' lang='lat' dir='ltr'><strong>omnino</strong></span> <span class='ocrx_word' id='word_1_575' title='bbox 1792 3992 1850 4048; x_wconf 91' lang='lat' dir='ltr'><strong>in</strong></span> <span class='ocrx_word' id='word_1_576' title='bbox 1899 3994 1999 4052; x_wconf 89' lang='lat' dir='ltr'><strong>illa</strong></span> <span class='ocrx_word' id='word_1_577' title='bbox 2049 3979 2313 4054; x_wconf 77' lang='lat' dir='ltr'><strong>morietui</strong></span> 
     </span>
    </p>
   </div>
   <div class='ocr_carea' id='block_1_75' title="bbox 2316 3979 3934 4075">
    <p class='ocr_par' dir='ltr' id='par_1_75' title="bbox 2316 3992 3934 4075">
     <span class='ocr_line' id='line_1_75' title="bbox 2316 3992 3934 4075; baseline -0.015 -19"><span class='ocrx_word' id='word_1_578' title='bbox 2316 4016 2351 4064; x_wconf 78' lang='grc' dir='ltr'><strong>Γ,</strong></span> <span class='ocrx_word' id='word_1_579' title='bbox 2461 4002 2624 4075; x_wconf 80' lang='grc' dir='ltr'><strong>ῥύπον</strong></span> <span class='ocrx_word' id='word_1_580' title='bbox 2663 4009 2762 4052; x_wconf 84' lang='grc' dir='ltr'><strong>τῶν</strong></span> <span class='ocrx_word' id='word_1_581' title='bbox 2789 4000 3074 4072; x_wconf 74' lang='grc' dir='ltr'><strong>αμαρτιῶν,</strong></span> <span class='ocrx_word' id='word_1_582' title='bbox 3107 3997 3154 4049; x_wconf 74' lang='grc' dir='ltr'><strong>ἐν</strong></span> <span class='ocrx_word' id='word_1_583' title='bbox 3185 3997 3323 4066; x_wconf 83' lang='grc' dir='ltr'><strong>αύτῷ</strong></span> <span class='ocrx_word' id='word_1_584' title='bbox 3350 3999 3555 4056; x_wconf 81' lang='grc' dir='ltr'><strong>πάντως</strong></span> <span class='ocrx_word' id='word_1_585' title='bbox 3584 3992 3871 4045; x_wconf 74' lang='grc' dir='ltr'><strong>ἀποθανεῖται,</strong></span> <span class='ocrx_word' id='word_1_586' title='bbox 3890 3993 3934 4024; x_wconf 70' lang='grc' dir='ltr'><strong>ιιι</strong></span> 
     </span>
    </p>
   </div>
   <div class='ocr_carea' id='block_1_76' title="bbox 693 4073 2311 4163">
    <p class='ocr_par' dir='ltr' id='par_1_76' title="bbox 693 4073 1853 4151">
     <span class='ocr_line' id='line_1_76' title="bbox 693 4073 1853 4151; baseline 0.012 -28"><span class='ocrx_word' id='word_1_587' title='bbox 693 4073 750 4124; x_wconf 91' lang='lat' dir='ltr'><strong>et</strong></span> <span class='ocrx_word' id='word_1_588' title='bbox 778 4085 916 4125; x_wconf 92' lang='lat' dir='ltr'><strong>cum</strong></span> <span class='ocrx_word' id='word_1_589' title='bbox 943 4087 1014 4126; x_wconf 93' lang='lat' dir='ltr'><strong>ea</strong></span> <span class='ocrx_word' id='word_1_590' title='bbox 1053 4087 1372 4144; x_wconf 83' lang='lat' dir='ltr'><strong>resurgens</strong></span> <span class='ocrx_word' id='word_1_591' title='bbox 1425 4076 1594 4132; x_wconf 90' lang='lat' dir='ltr'><strong>dabit</strong></span> <span class='ocrx_word' id='word_1_592' title='bbox 1626 4095 1853 4151; x_wconf 68' lang='lat' dir='ltr'><strong>poenas.</strong></span> 
     </span>
    </p>
   </div>
   <div class='ocr_carea' id='block_1_77' title="bbox 2302 4073 3920 4163">
    <p class='ocr_par' dir='ltr' id='par_1_77' title="bbox 2463 4083 3421 4163">
     <span class='ocr_line' id='line_1_77' title="bbox 2463 4083 3421 4163; baseline -0.005 -20"><span class='ocrx_word' id='word_1_593' title='bbox 2463 4091 2573 4163; x_wconf 82' lang='grc' dir='ltr'><strong>μετ’</strong></span> <span class='ocrx_word' id='word_1_594' title='bbox 2604 4089 2764 4142; x_wconf 71' lang='grc' dir='ltr'><strong>αὐτού</strong></span> <span class='ocrx_word' id='word_1_595' title='bbox 2797 4087 3023 4149; x_wconf 74' lang='grc' dir='ltr'><strong>ἀναστὰς</strong></span> <span class='ocrx_word' id='word_1_596' title='bbox 3051 4085 3207 4144; x_wconf 72' lang='grc' dir='ltr'><strong>δίκην</strong></span> <span class='ocrx_word' id='word_1_597' title='bbox 3240 4083 3421 4138; x_wconf 81' lang='grc' dir='ltr'><strong>δωσει.</strong></span> 
     </span>
    </p>
   </div>
   <div class='ocr_carea' id='block_1_78' title="bbox 765 4158 2383 4251">
    <p class='ocr_par' dir='ltr' id='par_1_78' title="bbox 765 4158 2354 4234">
     <span class='ocr_line' id='line_1_78' title="bbox 765 4158 2354 4234; baseline 0.015 -23"><span class='ocrx_word' id='word_1_598' title='bbox 765 4158 933 4214; x_wconf 89' lang='lat' dir='ltr'><strong>Vers.</strong></span> <span class='ocrx_word' id='word_1_599' title='bbox 965 4162 1056 4217; x_wconf 73' lang='grc'><strong>24.</strong></span> <span class='ocrx_word' id='word_1_600' title='bbox 1115 4163 1408 4220; x_wconf 73' lang='lat' dir='ltr'><strong>Dixerunt</strong></span> <span class='ocrx_word' id='word_1_601' title='bbox 1471 4197 1536 4207; x_wconf 96' lang='lat'>—</span> <span class='ocrx_word' id='word_1_602' title='bbox 1576 4184 1632 4224; x_wconf 89' lang='lat' dir='ltr'><strong>es</strong></span> <span class='ocrx_word' id='word_1_603' title='bbox 1675 4168 1704 4224; x_wconf 84' lang='lat'><strong>?</strong></span> <span class='ocrx_word' id='word_1_604' title='bbox 1737 4171 2184 4232; x_wconf 88' lang='lat' dir='ltr'><strong>Subsannantes</strong></span> <span class='ocrx_word' id='word_1_605' title='bbox 2241 4178 2354 4234; x_wconf 86' lang='lat' dir='ltr'><strong>hoc</strong></span> 
     </span>
    </p>
   </div>
   <div class='ocr_carea' id='block_1_79' title="bbox 2317 4158 3935 4251">
    <p class='ocr_par' dir='ltr' id='par_1_79' title="bbox 2317 4172 3935 4251">
     <span class='ocr_line' id='line_1_79' title="bbox 2317 4172 3935 4251; baseline -0.007 -17"><span class='ocrx_word' id='word_1_606' title='bbox 2317 4195 2354 4234; x_wconf 74' lang='lat' dir='ltr'><strong>&gt;c</strong></span> <span class='ocrx_word' id='word_1_607' title='bbox 2535 4180 2746 4251; x_wconf 70' lang='grc' dir='ltr'><strong>Ἔλεγον</strong></span> <span class='ocrx_word' id='word_1_608' title='bbox 2779 4211 2844 4219; x_wconf 91' lang='lat'><strong>——</strong></span> <span class='ocrx_word' id='word_1_609' title='bbox 2870 4175 2914 4231; x_wconf 83' lang='grc' dir='ltr'><strong>εἶ</strong></span> <span class='ocrx_word' id='word_1_610' title='bbox 2945 4196 2958 4246; x_wconf 87' lang='grc'><strong>;</strong></span> <span class='ocrx_word' id='word_1_611' title='bbox 2993 4176 3323 4236; x_wconf 73' lang='grc' dir='ltr'><strong>φαυλίζοντες</strong></span> <span class='ocrx_word' id='word_1_612' title='bbox 3366 4183 3521 4227; x_wconf 78' lang='grc' dir='ltr'><strong>τοῦτο</strong></span> <span class='ocrx_word' id='word_1_613' title='bbox 3552 4173 3720 4242; x_wconf 71' lang='grc' dir='ltr'><strong>ἔλεγον,</strong></span> <span class='ocrx_word' id='word_1_614' title='bbox 3745 4183 3810 4216; x_wconf 68' lang='grc' dir='ltr'><strong>και</strong></span> <span class='ocrx_word' id='word_1_615' title='bbox 3833 4172 3935 4224; x_wconf 70' lang='grc' dir='ltr'><strong>πεί.⁵²’</strong></span> 
     </span>
    </p>
   </div>
   <div class='ocr_carea' id='block_1_80' title="bbox 691 4247 2309 4348">
    <p class='ocr_par' dir='ltr' id='par_1_80' title="bbox 691 4247 1962 4310">
     <span class='ocr_line' id='line_1_80' title="bbox 691 4247 1962 4310; baseline 0.009 -7"><span class='ocrx_word' id='word_1_616' title='bbox 691 4247 967 4306; x_wconf 90' lang='lat' dir='ltr'><strong>dicebant</strong></span> <span class='ocrx_word' id='word_1_617' title='bbox 1009 4267 1078 4306; x_wconf 89' lang='lat' dir='ltr'><strong>ac</strong></span> <span class='ocrx_word' id='word_1_618' title='bbox 1111 4256 1428 4310; x_wconf 89' lang='lat' dir='ltr'><strong>tentantes.</strong></span> <span class='ocrx_word' id='word_1_619' title='bbox 1950 4255 1962 4268; x_wconf 81' lang='grc'><strong><em>⁸</em></strong></span> 
     </span>
    </p>
   </div>
   <div class='ocr_carea' id='block_1_81' title="bbox 2274 4247 3892 4348">
    <p class='ocr_par' dir='ltr' id='par_1_81' title="bbox 2467 4273 3892 4348">
     <span class='ocr_line' id='line_1_81' title="bbox 2467 4273 3892 4348; baseline 0.007 -26"><span class='ocrx_word' id='word_1_620' title='bbox 2467 4273 2653 4332; x_wconf 80' lang='grc' dir='ltr'><strong>ζοντες.</strong></span> <span class='ocrx_word' id='word_1_621' title='bbox 3803 4341 3814 4348; x_wconf 88' lang='lat'>_</span> <span class='ocrx_word' id='word_1_622' title='bbox 3860 4331 3892 4348; x_wconf 54' lang='grc' dir='ltr'><em>η</em></span> 
     </span>
    </p>
   </div>
   <div class='ocr_carea' id='block_1_82' title="bbox 766 4337 2384 4430">
    <p class='ocr_par' dir='ltr' id='par_1_82' title="bbox 766 4337 2355 4427">
     <span class='ocr_line' id='line_1_82' title="bbox 766 4337 2355 4427; baseline 0.014 -35"><span class='ocrx_word' id='word_1_623' title='bbox 766 4337 928 4393; x_wconf 90' lang='lat' dir='ltr'><strong>Vers.</strong></span> <span class='ocrx_word' id='word_1_624' title='bbox 959 4341 1044 4394; x_wconf 77' lang='lat'><strong>&#39;25.</strong></span> <span class='ocrx_word' id='word_1_625' title='bbox 1071 4341 1148 4396; x_wconf 84' lang='lat' dir='ltr'><strong>Et</strong></span> <span class='ocrx_word' id='word_1_626' title='bbox 1187 4372 1256 4383; x_wconf 96' lang='lat'>—</span> <span class='ocrx_word' id='word_1_627' title='bbox 1284 4344 1456 4400; x_wconf 83' lang='lat' dir='ltr'><strong>vobis.</strong></span> <span class='ocrx_word' id='word_1_628' title='bbox 1491 4345 1821 4404; x_wconf 79' lang='lat' dir='ltr'><strong>Deiectivus</strong></span> <span class='ocrx_word' id='word_1_629' title='bbox 1847 4357 1933 4406; x_wconf 90' lang='lat' dir='ltr'><strong>est</strong></span> <span class='ocrx_word' id='word_1_630' title='bbox 1961 4369 2157 4411; x_wconf 90' lang='lat' dir='ltr'><strong>sermo</strong></span> <span class='ocrx_word' id='word_1_631' title='bbox 2182 4357 2355 4427; x_wconf 87' lang='lat' dir='ltr'><strong>juxta</strong></span> 
     </span>
    </p>
   </div>
   <div class='ocr_carea' id='block_1_83' title="bbox 2313 4337 3931 4430">
    <p class='ocr_par' dir='ltr' id='par_1_83' title="bbox 2313 4337 3931 4430">
     <span class='ocr_line' id='line_1_83' title="bbox 2313 4337 3931 4430; baseline -0.011 -20"><span class='ocrx_word' id='word_1_632' title='bbox 2313 4374 2355 4414; x_wconf 71' lang='lat' dir='ltr'><strong>,a</strong></span> <span class='ocrx_word' id='word_1_633' title='bbox 2539 4364 2636 4412; x_wconf 81' lang='grc' dir='ltr'><strong>Καὶ</strong></span> <span class='ocrx_word' id='word_1_634' title='bbox 2696 4391 2762 4399; x_wconf 91' lang='grc'><strong><em>-</em></strong></span> <span class='ocrx_word' id='word_1_635' title='bbox 2822 4360 2962 4430; x_wconf 76' lang='grc' dir='ltr'>ὑμῖν.</span> <span class='ocrx_word' id='word_1_636' title='bbox 3020 4355 3367 4410; x_wconf 76' lang='grc' dir='ltr'><strong>Ἐλλειπτικόν</strong></span> <span class='ocrx_word' id='word_1_637' title='bbox 3427 4357 3486 4406; x_wconf 86' lang='grc' dir='ltr'><strong>τὸ</strong></span> <span class='ocrx_word' id='word_1_638' title='bbox 3539 4353 3675 4427; x_wconf 74' lang='grc' dir='ltr'><strong>ῥῆμα</strong></span> <span class='ocrx_word' id='word_1_639' title='bbox 3725 4341 3814 4430; x_wconf 57' lang='grc' dir='ltr'><strong>κατ’</strong></span> 
     </span>
    </p>
   </div>
   <div class='ocr_carea' id='block_1_84' title="bbox 695 4429 2313 4532">
    <p class='ocr_par' dir='ltr' id='par_1_84' title="bbox 695 4430 2313 4507">
     <span class='ocr_line' id='line_1_84' title="bbox 695 4430 2313 4507; baseline 0.013 -26"><span class='ocrx_word' id='word_1_640' title='bbox 695 4434 1048 4483; x_wconf 86' lang='lat' dir='ltr'><strong>consuetum</strong></span> <span class='ocrx_word' id='word_1_641' title='bbox 1081 4430 1362 4502; x_wconf 88' lang='lat' dir='ltr'><strong>loquendi</strong></span> <span class='ocrx_word' id='word_1_642' title='bbox 1395 4435 1643 4492; x_wconf 91' lang='lat' dir='ltr'><strong>modum</strong></span> <span class='ocrx_word' id='word_1_643' title='bbox 1677 4437 1786 4507; x_wconf 77' lang='lat' dir='ltr'><strong>(li).</strong></span> <span class='ocrx_word' id='word_1_644' title='bbox 1820 4440 1953 4496; x_wconf 88' lang='lat' dir='ltr'><strong>Tale</strong></span> <span class='ocrx_word' id='word_1_645' title='bbox 2006 4451 2091 4497; x_wconf 89' lang='lat' dir='ltr'><strong>est</strong></span> <span class='ocrx_word' id='word_1_646' title='bbox 2128 4450 2313 4502; x_wconf 72' lang='lat' dir='ltr'><strong>autem</strong></span> 
     </span>
    </p>
   </div>
   <div class='ocr_carea' id='block_1_85' title="bbox 2313 4429 3931 4532">
    <p class='ocr_par' dir='ltr' id='par_1_85' title="bbox 2313 4437 3931 4532">
     <span class='ocr_line' id='line_1_85' title="bbox 2313 4437 3931 4532; baseline -0.015 -30"><span class='ocrx_word' id='word_1_647' title='bbox 2313 4463 2350 4511; x_wconf 89' lang='lat' dir='ltr'><strong>I,</strong></span> <span class='ocrx_word' id='word_1_648' title='bbox 2461 4450 2526 4503; x_wconf 74' lang='grc'><strong>⁸0</strong></span> <span class='ocrx_word' id='word_1_649' title='bbox 2559 4446 2616 4501; x_wconf 79' lang='grc' dir='ltr'><strong>δε</strong></span> <span class='ocrx_word' id='word_1_650' title='bbox 2654 4448 2788 4520; x_wconf 73' lang='grc' dir='ltr'><strong>λέγει</strong></span> <span class='ocrx_word' id='word_1_651' title='bbox 2819 4452 3048 4501; x_wconf 77' lang='grc' dir='ltr'><strong>τοιοῦτόν</strong></span> <span class='ocrx_word' id='word_1_652' title='bbox 3099 4444 3229 4498; x_wconf 71' lang='grc' dir='ltr'><strong>ἔστι.</strong></span> <span class='ocrx_word' id='word_1_653' title='bbox 3279 4442 3450 4503; x_wconf 83' lang='grc' dir='ltr'><strong>Ὀλως</strong></span> <span class='ocrx_word' id='word_1_654' title='bbox 3497 4444 3574 4494; x_wconf 84' lang='grc' dir='ltr'><strong>ὃτι</strong></span> <span class='ocrx_word' id='word_1_655' title='bbox 3620 4442 3699 4490; x_wconf 74' lang='grc' dir='ltr'><strong>καὶ</strong></span> <span class='ocrx_word' id='word_1_656' title='bbox 3737 4443 3836 4532; x_wconf 56' lang='lat' dir='ltr'><strong>tam</strong></span> 
     </span>
    </p>
   </div>
   <div class='ocr_carea' id='block_1_86' title="bbox 694 4517 2312 4618">
    <p class='ocr_par' dir='ltr' id='par_1_86' title="bbox 694 4517 2310 4607">
     <span class='ocr_line' id='line_1_86' title="bbox 694 4517 2310 4607; baseline 0.011 -34"><span class='ocrx_word' id='word_1_657' title='bbox 694 4531 763 4573; x_wconf 85' lang='lat' dir='ltr'><strong>ac</strong></span> <span class='ocrx_word' id='word_1_658' title='bbox 792 4517 838 4572; x_wconf 90' lang='lat' dir='ltr'><strong>si</strong></span> <span class='ocrx_word' id='word_1_659' title='bbox 867 4517 1086 4574; x_wconf 90' lang='lat' dir='ltr'><strong>diceret</strong></span> <span class='ocrx_word' id='word_1_660' title='bbox 1121 4536 1131 4574; x_wconf 89' lang='lat'><strong>:</strong></span> <span class='ocrx_word' id='word_1_661' title='bbox 1158 4522 1411 4577; x_wconf 89' lang='lat' dir='ltr'><strong>Omnino</strong></span> <span class='ocrx_word' id='word_1_662' title='bbox 1443 4525 1811 4596; x_wconf 86' lang='lat' dir='ltr'><strong>superﬂuum</strong></span> <span class='ocrx_word' id='word_1_663' title='bbox 1842 4536 1931 4586; x_wconf 91' lang='lat' dir='ltr'><strong>est</strong></span> <span class='ocrx_word' id='word_1_664' title='bbox 1951 4533 2149 4599; x_wconf 86' lang='lat' dir='ltr'><strong>etiam,</strong></span> <span class='ocrx_word' id='word_1_665' title='bbox 2187 4552 2310 4607; x_wconf 91' lang='lat' dir='ltr'><strong>quo</strong></span> 
     </span>
    </p>
   </div>
   <div class='ocr_carea' id='block_1_87' title="bbox 2311 4517 3929 4618">
    <p class='ocr_par' dir='ltr' id='par_1_87' title="bbox 2313 4531 3929 4618">
     <span class='ocr_line' id='line_1_87' title="bbox 2313 4531 3929 4618; baseline -0.009 -26"><span class='ocrx_word' id='word_1_666' title='bbox 2313 4538 2351 4592; x_wconf 83' lang='lat' dir='ltr'><strong>d</strong></span> <span class='ocrx_word' id='word_1_667' title='bbox 2385 4563 2430 4618; x_wconf 71' lang='grc' dir='ltr'>υ</span> <span class='ocrx_word' id='word_1_668' title='bbox 2467 4544 2698 4611; x_wconf 76' lang='grc' dir='ltr'><strong>περιττόν</strong></span> <span class='ocrx_word' id='word_1_669' title='bbox 2746 4541 2884 4590; x_wconf 76' lang='grc' dir='ltr'><strong>ἑστιν</strong></span> <span class='ocrx_word' id='word_1_670' title='bbox 2914 4555 2925 4566; x_wconf 91' lang='grc'><strong>·</strong></span> <span class='ocrx_word' id='word_1_671' title='bbox 2975 4535 3172 4599; x_wconf 58' lang='grc' dir='ltr'><strong>ἀνάξιοι</strong></span> <span class='ocrx_word' id='word_1_672' title='bbox 3215 4535 3316 4608; x_wconf 74' lang='grc' dir='ltr'><strong>γὰρ</strong></span> <span class='ocrx_word' id='word_1_673' title='bbox 3368 4533 3484 4585; x_wconf 75' lang='grc' dir='ltr'><strong>ἕστε</strong></span> <span class='ocrx_word' id='word_1_674' title='bbox 3531 4531 3705 4584; x_wconf 79' lang='grc' dir='ltr'><strong>παντὸς</strong></span> <span class='ocrx_word' id='word_1_675' title='bbox 3746 4535 3872 4590; x_wconf 70' lang='grc' dir='ltr'><strong>Λογουι</strong></span> <span class='ocrx_word' id='word_1_676' title='bbox 3904 4531 3929 4559; x_wconf 73' lang='lat'><strong>“-</strong></span> 
     </span>
    </p>
   </div>
   <div class='ocr_carea' id='block_1_88' title="bbox 694 4607 2312 4704">
    <p class='ocr_par' dir='ltr' id='par_1_88' title="bbox 694 4607 2312 4692">
     <span class='ocr_line' id='line_1_88' title="bbox 694 4607 2312 4692; baseline 0.011 -31"><span class='ocrx_word' id='word_1_677' title='bbox 694 4607 867 4662; x_wconf 85' lang='lat' dir='ltr'><strong>vobis</strong></span> <span class='ocrx_word' id='word_1_678' title='bbox 898 4607 1110 4680; x_wconf 90' lang='lat' dir='ltr'><strong>loquar</strong></span> <span class='ocrx_word' id='word_1_679' title='bbox 1143 4626 1156 4676; x_wconf 92' lang='lat'>;</span> <span class='ocrx_word' id='word_1_680' title='bbox 1191 4627 1333 4668; x_wconf 88' lang='lat' dir='ltr'><strong>nam</strong></span> <span class='ocrx_word' id='word_1_681' title='bbox 1377 4616 1540 4669; x_wconf 91' lang='lat' dir='ltr'><strong>omni</strong></span> <span class='ocrx_word' id='word_1_682' title='bbox 1599 4632 1876 4674; x_wconf 89' lang='lat' dir='ltr'><strong>sermone</strong></span> <span class='ocrx_word' id='word_1_683' title='bbox 1932 4621 2162 4692; x_wconf 81' lang='lat' dir='ltr'><strong>indigni</strong></span> <span class='ocrx_word' id='word_1_684' title='bbox 2191 4625 2312 4682; x_wconf 74' lang='lat' dir='ltr'><strong>estis</strong></span> 
     </span>
    </p>
   </div>
   <div class='ocr_carea' id='block_1_89' title="bbox 1151 4607 2769 4704">
    <p class='ocr_par' dir='ltr' id='par_1_89' title="bbox 1151 4607 2769 4704">
     <span class='ocr_line' id='line_1_89' title="bbox 1151 4607 2769 4704; baseline 0.012 -39"><span class='ocrx_word' id='word_1_685' title='bbox 1151 4626 1156 4672; x_wconf 83' lang='lat'>;</span> <span class='ocrx_word' id='word_1_686' title='bbox 1191 4627 1333 4668; x_wconf 88' lang='lat' dir='ltr'><strong>nam</strong></span> <span class='ocrx_word' id='word_1_687' title='bbox 1377 4616 1540 4669; x_wconf 92' lang='lat' dir='ltr'><strong>omni</strong></span> <span class='ocrx_word' id='word_1_688' title='bbox 1599 4632 1876 4674; x_wconf 87' lang='lat' dir='ltr'><strong>sermone</strong></span> <span class='ocrx_word' id='word_1_689' title='bbox 1932 4621 2162 4692; x_wconf 90' lang='lat' dir='ltr'><strong>indigni</strong></span> <span class='ocrx_word' id='word_1_690' title='bbox 2191 4625 2349 4695; x_wconf 89' lang='lat' dir='ltr'><strong>estis,</strong></span> <span class='ocrx_word' id='word_1_691' title='bbox 2385 4607 2427 4618; x_wconf 56' lang='grc' dir='ltr'><em>ν</em></span> <span class='ocrx_word' id='word_1_692' title='bbox 2464 4607 2769 4704; x_wconf 76' lang='grc' dir='ltr'><strong>πείρασταί.</strong></span> 
     </span>
    </p>
   </div>
   <div class='ocr_carea' id='block_1_90' title="bbox 699 4700 1277 4767">
    <p class='ocr_par' dir='ltr' id='par_1_90' title="bbox 699 4700 1277 4767">
     <span class='ocr_line' id='line_1_90' title="bbox 699 4700 1277 4767; baseline 0.007 -17"><span class='ocrx_word' id='word_1_693' title='bbox 699 4700 896 4767; x_wconf 84' lang='lat' dir='ltr'><strong>utpote</strong></span> <span class='ocrx_word' id='word_1_694' title='bbox 939 4702 1277 4756; x_wconf 89' lang='lat' dir='ltr'><strong>tentatores.</strong></span> 
     </span>
    </p>
   </div>
   <div class='ocr_carea' id='block_1_91' title="bbox 769 4785 2387 4888">
    <p class='ocr_par' dir='ltr' id='par_1_91' title="bbox 769 4785 2354 4865">
     <span class='ocr_line' id='line_1_91' title="bbox 769 4785 2354 4865; baseline 0.017 -30"><span class='ocrx_word' id='word_1_695' title='bbox 769 4785 931 4840; x_wconf 87' lang='lat' dir='ltr'><strong>Vers.</strong></span> <span class='ocrx_word' id='word_1_696' title='bbox 975 4791 1061 4843; x_wconf 87' lang='lat'><strong>26.</strong></span> <span class='ocrx_word' id='word_1_697' title='bbox 1119 4789 1305 4847; x_wconf 82' lang='lat' dir='ltr'><strong>Multa</strong></span> <span class='ocrx_word' id='word_1_698' title='bbox 1343 4823 1411 4831; x_wconf 95' lang='lat'><strong>—</strong></span> <span class='ocrx_word' id='word_1_699' title='bbox 1440 4795 1728 4865; x_wconf 79' lang='lat' dir='ltr'><strong>judicare.</strong></span> <span class='ocrx_word' id='word_1_700' title='bbox 1760 4798 1933 4855; x_wconf 80' lang='lat' dir='ltr'><strong>Multa</strong></span> <span class='ocrx_word' id='word_1_701' title='bbox 1984 4801 2058 4856; x_wconf 88' lang='lat' dir='ltr'><strong>de</strong></span> <span class='ocrx_word' id='word_1_702' title='bbox 2111 4805 2354 4862; x_wconf 84' lang='lat' dir='ltr'><strong>vobisin</strong></span> 
     </span>
    </p>
   </div>
   <div class='ocr_carea' id='block_1_92' title="bbox 2301 4785 3919 4888">
    <p class='ocr_par' dir='ltr' id='par_1_92' title="bbox 2301 4792 3919 4888">
     <span class='ocr_line' id='line_1_92' title="bbox 2301 4792 3919 4888; baseline -0.011 -27"><span class='ocrx_word' id='word_1_703' title='bbox 2301 4806 2354 4862; x_wconf 91' lang='lat' dir='ltr'><strong>in</strong></span> <span class='ocrx_word' id='word_1_704' title='bbox 2541 4807 2708 4861; x_wconf 72' lang='grc' dir='ltr'><strong>Πολλὰ</strong></span> <span class='ocrx_word' id='word_1_705' title='bbox 2765 4837 2830 4846; x_wconf 93' lang='lat'>—</span> <span class='ocrx_word' id='word_1_706' title='bbox 2900 4811 3110 4880; x_wconf 79' lang='grc' dir='ltr'><strong>κρίνειν.</strong></span> <span class='ocrx_word' id='word_1_707' title='bbox 3196 4801 3364 4855; x_wconf 85' lang='grc' dir='ltr'><strong>Πολλὰ</strong></span> <span class='ocrx_word' id='word_1_708' title='bbox 3428 4796 3650 4870; x_wconf 77' lang='grc' dir='ltr'><strong>δύναμαι</strong></span> <span class='ocrx_word' id='word_1_709' title='bbox 3712 4792 3823 4888; x_wconf 25' lang='grc' dir='ltr'><strong>περὶἢ</strong></span> 
     </span>
    </p>
   </div>
   <div class='ocr_carea' id='block_1_93' title="bbox 697 4875 2315 4970">
    <p class='ocr_par' dir='ltr' id='par_1_93' title="bbox 697 4875 2315 4966">
     <span class='ocr_line' id='line_1_93' title="bbox 697 4875 2315 4966; baseline 0.013 -37"><span class='ocrx_word' id='word_1_710' title='bbox 697 4875 1140 4933; x_wconf 84' lang='lat' dir='ltr'><strong>accusationem</strong></span> <span class='ocrx_word' id='word_1_711' title='bbox 1179 4879 1374 4936; x_wconf 91' lang='lat' dir='ltr'><strong>dicere</strong></span> <span class='ocrx_word' id='word_1_712' title='bbox 1427 4898 1687 4954; x_wconf 87' lang='lat' dir='ltr'><strong>possem,</strong></span> <span class='ocrx_word' id='word_1_713' title='bbox 1721 4892 1775 4943; x_wconf 90' lang='lat' dir='ltr'><strong>et</strong></span> <span class='ocrx_word' id='word_1_714' title='bbox 1821 4888 2089 4958; x_wconf 89' lang='lat' dir='ltr'><strong>judicare</strong></span> <span class='ocrx_word' id='word_1_715' title='bbox 2141 4895 2214 4949; x_wconf 87' lang='lat' dir='ltr'><strong>ad</strong></span> <span class='ocrx_word' id='word_1_716' title='bbox 2246 4911 2315 4966; x_wconf 85' lang='lat' dir='ltr'><strong>pu</strong></span> 
     </span>
    </p>
   </div>
   <div class='ocr_carea' id='block_1_94' title="bbox 2290 4875 3908 4970">
    <p class='ocr_par' dir='ltr' id='par_1_94' title="bbox 2291 4875 3902 4970">
     <span class='ocr_line' id='line_1_94' title="bbox 2291 4875 3902 4970; baseline -0.029 0"><span class='ocrx_word' id='word_1_717' title='bbox 2291 4913 2358 4952; x_wconf 70' lang='grc' dir='ltr'><strong>υ·</strong></span> <span class='ocrx_word' id='word_1_718' title='bbox 2466 4898 2632 4950; x_wconf 79' lang='grc' dir='ltr'><strong>λαλεῖν</strong></span> <span class='ocrx_word' id='word_1_719' title='bbox 2672 4897 2742 4958; x_wconf 77' lang='grc' dir='ltr'><strong>εἰς</strong></span> <span class='ocrx_word' id='word_1_720' title='bbox 2784 4899 3120 4967; x_wconf 70' lang='grc' dir='ltr'><strong>κατηγορίαν,</strong></span> <span class='ocrx_word' id='word_1_721' title='bbox 3171 4897 3260 4944; x_wconf 80' lang='grc' dir='ltr'><strong>καὶ</strong></span> <span class='ocrx_word' id='word_1_722' title='bbox 3312 4895 3499 4962; x_wconf 75' lang='grc' dir='ltr'><strong>κρίνειν</strong></span> <span class='ocrx_word' id='word_1_723' title='bbox 3549 4887 3613 4948; x_wconf 82' lang='grc' dir='ltr'><strong>εἰς</strong></span> <span class='ocrx_word' id='word_1_724' title='bbox 3661 4902 3711 4934; x_wconf 83' lang='grc' dir='ltr'><strong>το</strong></span> <span class='ocrx_word' id='word_1_725' title='bbox 3763 4875 3902 4970; x_wconf 48' lang='grc' dir='ltr'><strong>κολῗᾲ</strong></span> 
     </span>
    </p>
   </div>
   <div class='ocr_carea' id='block_1_95' title="bbox 699 4958 2317 5059">
    <p class='ocr_par' dir='ltr' id='par_1_95' title="bbox 699 4960 2317 5046">
     <span class='ocr_line' id='line_1_95' title="bbox 699 4960 2317 5046; baseline 0.015 -32"><span class='ocrx_word' id='word_1_726' title='bbox 699 4960 982 5018; x_wconf 89' lang='lat' dir='ltr'><strong>niendum</strong></span> <span class='ocrx_word' id='word_1_727' title='bbox 1005 4979 1017 5029; x_wconf 93' lang='lat'><strong>;</strong></span> <span class='ocrx_word' id='word_1_728' title='bbox 1042 4965 1146 5021; x_wconf 90' lang='lat' dir='ltr'><strong>sed</strong></span> <span class='ocrx_word' id='word_1_729' title='bbox 1167 4983 1327 5024; x_wconf 92' lang='lat' dir='ltr'><strong>nunc</strong></span> <span class='ocrx_word' id='word_1_730' title='bbox 1350 4971 1504 5042; x_wconf 91' lang='lat' dir='ltr'><strong>nolo,</strong></span> <span class='ocrx_word' id='word_1_731' title='bbox 1531 4976 1673 5046; x_wconf 91' lang='lat' dir='ltr'><strong>quia</strong></span> <span class='ocrx_word' id='word_1_732' title='bbox 1694 4992 1801 5032; x_wconf 92' lang='lat' dir='ltr'><strong>nec</strong></span> <span class='ocrx_word' id='word_1_733' title='bbox 1830 4979 1996 5034; x_wconf 90' lang='lat' dir='ltr'><strong>Pater</strong></span> <span class='ocrx_word' id='word_1_734' title='bbox 2022 4997 2191 5038; x_wconf 91' lang='lat' dir='ltr'><strong>meus</strong></span> <span class='ocrx_word' id='word_1_735' title='bbox 2215 4989 2317 5039; x_wconf 54' lang='lat' dir='ltr'><strong>vul‘</strong></span> 
     </span>
    </p>
   </div>
   <div class='ocr_carea' id='block_1_96' title="bbox 2295 4958 3913 5059">
    <p class='ocr_par' dir='ltr' id='par_1_96' title="bbox 2295 4958 3913 5059">
     <span class='ocr_line' id='line_1_96' title="bbox 2295 4958 3913 5059; baseline -0.02 -21"><span class='ocrx_word' id='word_1_736' title='bbox 2295 4989 2354 5040; x_wconf 86' lang='grc' dir='ltr'><strong>ιι.</strong></span> <span class='ocrx_word' id='word_1_737' title='bbox 2469 4988 2573 5040; x_wconf 74' lang='grc' dir='ltr'><strong>ἀλλ’</strong></span> <span class='ocrx_word' id='word_1_738' title='bbox 2603 4987 2660 5038; x_wconf 75' lang='grc' dir='ltr'><strong>ού</strong></span> <span class='ocrx_word' id='word_1_739' title='bbox 2695 4958 2952 5059; x_wconf 64' lang='grc' dir='ltr'><strong>βούλομαι</strong></span> <span class='ocrx_word' id='word_1_740' title='bbox 2980 4958 3088 5048; x_wconf 73' lang='grc' dir='ltr'><strong>νῦν,</strong></span> <span class='ocrx_word' id='word_1_741' title='bbox 3141 4978 3279 5034; x_wconf 85' lang='grc' dir='ltr'><strong>διότι</strong></span> <span class='ocrx_word' id='word_1_742' title='bbox 3310 4976 3479 5031; x_wconf 65' lang='grc' dir='ltr'><strong>οὐδεὸ</strong></span> <span class='ocrx_word' id='word_1_743' title='bbox 3525 4977 3690 5046; x_wconf 72' lang='grc' dir='ltr'><strong>Πατήρ</strong></span> <span class='ocrx_word' id='word_1_744' title='bbox 3729 4986 3809 5059; x_wconf 71' lang='grc' dir='ltr'><strong>μον</strong></span> 
     </span>
    </p>
   </div>
   <div class='ocr_carea' id='block_1_97' title="bbox 700 5046 2318 5148">
    <p class='ocr_par' dir='ltr' id='par_1_97' title="bbox 700 5046 2318 5129">
     <span class='ocr_line' id='line_1_97' title="bbox 700 5046 2318 5129; baseline 0.017 -27"><span class='ocrx_word' id='word_1_745' title='bbox 700 5046 970 5106; x_wconf 71' lang='lat' dir='ltr'><strong>Praediin</strong></span> <span class='ocrx_word' id='word_1_746' title='bbox 997 5053 1178 5123; x_wconf 92' lang='lat' dir='ltr'><strong>enim,</strong></span> <span class='ocrx_word' id='word_1_747' title='bbox 1202 5059 1362 5129; x_wconf 88' lang='lat' dir='ltr'><strong>quod</strong></span> <span class='ocrx_word' id='word_1_748' title='bbox 1390 5076 1508 5116; x_wconf 91' lang='lat' dir='ltr'><strong>non</strong></span> <span class='ocrx_word' id='word_1_749' title='bbox 1540 5065 1760 5121; x_wconf 89' lang='lat' dir='ltr'><strong>miserit</strong></span> <span class='ocrx_word' id='word_1_750' title='bbox 1786 5069 1936 5122; x_wconf 90' lang='lat' dir='ltr'><strong>Deus</strong></span> <span class='ocrx_word' id='word_1_751' title='bbox 1957 5059 2163 5126; x_wconf 87' lang='lat' dir='ltr'><strong>Filium</strong></span> <span class='ocrx_word' id='word_1_752' title='bbox 2178 5089 2318 5129; x_wconf 79' lang='lat' dir='ltr'><strong>suur</strong></span> 
     </span>
    </p>
   </div>
   <div class='ocr_carea' id='block_1_98' title="bbox 2296 5046 3914 5148">
    <p class='ocr_par' dir='ltr' id='par_1_98' title="bbox 2298 5046 3914 5148">
     <span class='ocr_line' id='line_1_98' title="bbox 2298 5046 3914 5148; baseline -0.023 -4"><span class='ocrx_word' id='word_1_753' title='bbox 2298 5091 2355 5129; x_wconf 78' lang='grc' dir='ltr'>ω</span> <span class='ocrx_word' id='word_1_754' title='bbox 2469 5095 2576 5131; x_wconf 73' lang='grc' dir='ltr'><strong>ται·</strong></span> <span class='ocrx_word' id='word_1_755' title='bbox 2657 5046 2938 5148; x_wconf 38' lang='grc' dir='ltr'><strong>ΠΙροείροκε</strong></span> <span class='ocrx_word' id='word_1_756' title='bbox 3003 5046 3105 5145; x_wconf 71' lang='grc' dir='ltr'><strong>7ὰρ</strong></span> <span class='ocrx_word' id='word_1_757' title='bbox 3177 5071 3257 5122; x_wconf 88' lang='grc' dir='ltr'><strong>ὃτι</strong></span> <span class='ocrx_word' id='word_1_758' title='bbox 3307 5069 3402 5121; x_wconf 71' lang='grc' dir='ltr'><strong>οὐκ</strong></span> <span class='ocrx_word' id='word_1_759' title='bbox 3454 5061 3728 5118; x_wconf 74' lang='grc' dir='ltr'><strong>ἀπέστειλεν</strong></span> <span class='ocrx_word' id='word_1_760' title='bbox 3785 5055 3805 5104; x_wconf 82' lang='grc' dir='ltr'><strong><em>ὁ</em></strong></span> <span class='ocrx_word' id='word_1_761' title='bbox 3853 5053 3914 5097; x_wconf 60' lang='grc' dir='ltr'><strong>Θεία</strong></span> 
     </span>
    </p>
   </div>
   <div class='ocr_carea' id='block_1_99' title="bbox 769 5226 1246 5296">
    <p class='ocr_par' dir='ltr' id='par_1_99' title="bbox 769 5226 1246 5296">
     <span class='ocr_line' id='line_1_99' title="bbox 769 5226 1246 5296; baseline 0.008 -16"><span class='ocrx_word' id='word_1_762' title='bbox 769 5226 814 5259; x_wconf 80' lang='grc'><strong>⁵⁵</strong></span> <span class='ocrx_word' id='word_1_763' title='bbox 847 5228 1015 5283; x_wconf 82' lang='lat' dir='ltr'><strong>Rom.</strong></span> <span class='ocrx_word' id='word_1_764' title='bbox 1049 5244 1164 5296; x_wconf 82' lang='lat' dir='ltr'><strong>vui,</strong></span> <span class='ocrx_word' id='word_1_765' title='bbox 1194 5237 1246 5286; x_wconf 91' lang='lat'><strong>9.</strong></span> 
     </span>
    </p>
   </div>
   <div class='ocr_carea' id='block_1_100' title="bbox 1904 5395 2859 5474">
    <p class='ocr_par' dir='ltr' id='par_1_100' title="bbox 1904 5395 2859 5474">
     <span class='ocr_line' id='line_1_100' title="bbox 1904 5395 2859 5474; baseline 0.008 -11"><span class='ocrx_word' id='word_1_766' title='bbox 1904 5395 2119 5466; x_wconf 73' lang='lat' dir='ltr'><strong>Variae</strong></span> <span class='ocrx_word' id='word_1_767' title='bbox 2165 5399 2499 5472; x_wconf 90' lang='lat' dir='ltr'><strong>lectiones</strong></span> <span class='ocrx_word' id='word_1_768' title='bbox 2554 5415 2619 5473; x_wconf 91' lang='lat' dir='ltr'><strong>et</strong></span> <span class='ocrx_word' id='word_1_769' title='bbox 2658 5414 2859 5474; x_wconf 67' lang='lat' dir='ltr'><strong>notae.</strong></span> 
     </span>
    </p>
   </div>
   <div class='ocr_carea' id='block_1_101' title="bbox 765 5547 1372 5695">
    <p class='ocr_par' dir='ltr' id='par_1_101' title="bbox 765 5547 1372 5695">
     <span class='ocr_line' id='line_1_101' title="bbox 765 5547 1372 5695; baseline 0.01 -92"><span class='ocrx_word' id='word_1_770' title='bbox 765 5547 879 5695; x_wconf 58' lang='lat'><strong>(38;</strong></span> <span class='ocrx_word' id='word_1_771' title='bbox 906 5549 1280 5624; x_wconf 81' lang='grc' dir='ltr'><strong>Ἐλευθερῶσαι</strong></span> <span class='ocrx_word' id='word_1_772' title='bbox 1305 5555 1372 5608; x_wconf 86' lang='grc' dir='ltr'><strong>Α.</strong></span> 
     </span>
     <span class='ocr_line' id='line_1_102' title="bbox 765 5621 1372 5692; baseline 0.015 -18"><span class='ocrx_word' id='word_1_773' title='bbox 765 5621 856 5692; x_wconf 84' lang='lat'><strong>(39</strong></span> <span class='ocrx_word' id='word_1_774' title='bbox 911 5621 1054 5678; x_wconf 87' lang='lat' dir='ltr'><strong>Vide</strong></span> <span class='ocrx_word' id='word_1_775' title='bbox 1086 5625 1372 5683; x_wconf 86' lang='lat' dir='ltr'><strong>variantes</strong></span> 
     </span>
    </p>
   </div>
   <div class='ocr_carea' id='block_1_102' title="bbox 759 5621 3172 5719">
    <p class='ocr_par' dir='ltr' id='par_1_102' title="bbox 759 5621 3172 5719">
     <span class='ocr_line' id='line_1_103' title="bbox 759 5621 3172 5719; baseline 0.01 -45"><span class='ocrx_word' id='word_1_776' title='bbox 759 5621 879 5695; x_wconf 81' lang='lat'><strong>(39)</strong></span> <span class='ocrx_word' id='word_1_777' title='bbox 911 5621 1054 5678; x_wconf 87' lang='lat' dir='ltr'><strong>Vide</strong></span> <span class='ocrx_word' id='word_1_778' title='bbox 1086 5621 1377 5683; x_wconf 80' lang='lat' dir='ltr'><strong>variantes</strong></span> <span class='ocrx_word' id='word_1_779' title='bbox 1423 5626 1703 5688; x_wconf 87' lang='lat' dir='ltr'><strong>lectiones</strong></span> <span class='ocrx_word' id='word_1_780' title='bbox 1732 5633 1909 5691; x_wconf 91' lang='lat' dir='ltr'><strong>codd.</strong></span> <span class='ocrx_word' id='word_1_781' title='bbox 1944 5636 2245 5712; x_wconf 86' lang='lat' dir='ltr'><strong>Euthymii</strong></span> <span class='ocrx_word' id='word_1_782' title='bbox 2276 5643 2335 5700; x_wconf 93' lang='lat' dir='ltr'><strong>in</strong></span> <span class='ocrx_word' id='word_1_783' title='bbox 2372 5646 2568 5718; x_wconf 84' lang='lat' dir='ltr'><strong>operis</strong></span> <span class='ocrx_word' id='word_1_784' title='bbox 2594 5645 2890 5719; x_wconf 88' lang='lat' dir='ltr'><strong>principio</strong></span> <span class='ocrx_word' id='word_1_785' title='bbox 2921 5648 3172 5702; x_wconf 82' lang='lat' dir='ltr'><strong>notatas.</strong></span> 
     </span>
    </p>
   </div>
   <div class='ocr_carea' id='block_1_103' title="bbox 765 5769 3855 5862">
    <p class='ocr_par' dir='ltr' id='par_1_103' title="bbox 765 5769 3855 5862">
     <span class='ocr_line' id='line_1_104' title="bbox 765 5769 3855 5862; baseline 0 -36"><span class='ocrx_word' id='word_1_786' title='bbox 765 5772 849 5845; x_wconf 83' lang='grc' dir='ltr'><strong>(Ιι)</strong></span> <span class='ocrx_word' id='word_1_787' title='bbox 869 5773 1054 5828; x_wconf 71' lang='lat' dir='ltr'><strong>Juz&#39;ta</strong></span> <span class='ocrx_word' id='word_1_788' title='bbox 1087 5803 1149 5812; x_wconf 91' lang='lat'><strong>-</strong></span> <span class='ocrx_word' id='word_1_789' title='bbox 1183 5772 1440 5829; x_wconf 84' lang='lat' dir='ltr'><strong>modum.</strong></span> <span class='ocrx_word' id='word_1_790' title='bbox 1468 5776 1532 5828; x_wconf 87' lang='lat' dir='ltr'><strong>Et</strong></span> <span class='ocrx_word' id='word_1_791' title='bbox 1562 5781 1846 5844; x_wconf 87' lang='lat' dir='ltr'><strong>moratus,</strong></span> <span class='ocrx_word' id='word_1_792' title='bbox 1875 5797 1998 5846; x_wconf 92' lang='lat' dir='ltr'><strong>seu,</strong></span> <span class='ocrx_word' id='word_1_793' title='bbox 2053 5785 2154 5854; x_wconf 93' lang='lat' dir='ltr'><strong>qui</strong></span> <span class='ocrx_word' id='word_1_794' title='bbox 2192 5803 2387 5843; x_wconf 81' lang='lat' dir='ltr'><strong>mores</strong></span> <span class='ocrx_word' id='word_1_795' title='bbox 2417 5789 2712 5862; x_wconf 87' lang='lat' dir='ltr'><strong>exprimit.</strong></span> <span class='ocrx_word' id='word_1_796' title='bbox 2742 5789 3032 5862; x_wconf 84' lang='lat' dir='ltr'><strong>luterpres</strong></span> <span class='ocrx_word' id='word_1_797' title='bbox 3059 5789 3143 5846; x_wconf 91' lang='lat' dir='ltr'><strong>ita</strong></span> <span class='ocrx_word' id='word_1_798' title='bbox 3177 5803 3247 5845; x_wconf 90' lang='lat' dir='ltr'><strong>ac</strong></span> <span class='ocrx_word' id='word_1_799' title='bbox 3274 5787 3320 5844; x_wconf 88' lang='lat' dir='ltr'><strong>si</strong></span> <span class='ocrx_word' id='word_1_800' title='bbox 3351 5787 3553 5859; x_wconf 81' lang='lat' dir='ltr'><strong>legerit</strong></span> <span class='ocrx_word' id='word_1_801' title='bbox 3570 5781 3687 5836; x_wconf 65' lang='lat' dir='ltr'><strong>me:</strong></span> <span class='ocrx_word' id='word_1_802' title='bbox 3707 5769 3855 5829; x_wconf 74' lang='grc' dir='ltr'><strong>τὸὲθοςι</strong></span> 
     </span>
    </p>
   </div>
  </div>
