4098 6432
69 391 106 448 1
119 382 228 447 289

1131 382 1500 449 COMMENT.
1545 394 1611 449 IN
1649 383 2000 452 JOANNEM.
2045 428 2110 437 —
2150 395 2306 451 CAP.
2353 378 2492 452 vui.

3325 403 3346 456 1
3359 402 3462 458 290

69 518 172 568 τὸν
202 517 322 568 Υἰὸν
352 514 512 568 αὐτοῦ
553 515 624 578 εἰς
651 519 738 568 τὸν
767 519 962 590 κόσμον
994 519 1078 571 ἱνα
1130 523 1275 592 κρίνῃ
1327 521 1413 570 τὸν
1464 522 1681 590 κόσμον,

1808 522 1854 576 in
1888 521 2203 585 mundum,
2262 524 2325 576 ut
2349 519 2576 592 judicet
2618 523 2934 592 mundum,
2967 523 3070 580 sed
3099 528 3162 581 ut
3200 526 3460 584 salvetur

70 602 199 656 ἀλλ’
232 605 316 656 ἱνα
348 606 489 677 σωθῇ
523 606 548 656 ό
571 609 765 678 κόσμος
795 602 867 658 δι’
893 605 1074 660 αὐτοῦ.

160 693 298 747 Ἀλλ’
329 725 398 733 -
427 691 558 748 ἔστι.
593 724 658 735 -
705 694 918 768 Πέμψας
961 715 1043 768 με,
1077 699 1149 767 μὴ
1190 703 1363 769 κρῖναι
1401 705 1509 762 νῦν,
1557 696 1686 750 ἀλλὰ

75 791 280 837 σῶσαι.
311 781 378 834 ’Ἡ
407 781 606 844 ἀληθής
636 783 798 850 ἔστιν,
832 783 1090 856 ὀνομάσας
1114 804 1176 859 με
1203 793 1306 857 φῶς
1335 793 1426 838 τοῦ
1455 790 1681 857 κόσμου.

73 869 230 925 Ἰδοὺ
265 874 391 946 γὰρ,
422 877 572 944 φησί,
599 874 801 926 τέθεικά
825 892 882 925 σε
920 873 986 933 εἰς
1017 882 1120 946 φῶς
1151 871 1326 940 ἐθνῶν,
1358 876 1428 935 ὡς
1450 874 1684 947 ἀνωτέρω

73 958 404 1020 δεδήλωται.

163 1050 320 1122 Κὰγω
383 1081 450 1092 -
515 1056 732 1124 κόσμον.
797 1051 1040 1106 Ἤκουσα
1099 1052 1222 1126 παρ’
1277 1051 1438 1104 αὑτοῦ
1494 1053 1560 1104 τά
1631 1072 1684 1104 τε

71 1140 236 1205 ἄλλα,
269 1143 358 1191 καὶ
384 1141 462 1190 ὃτι
485 1139 585 1212 εἰμὶ
616 1148 721 1212 φῶς
750 1141 928 1192 ἐθνῶν·
977 1145 1066 1192 καὶ
1097 1138 1235 1193 εἶπον
1261 1142 1326 1192 τά
1351 1159 1404 1192 τε
1444 1139 1572 1192 ἄλλα
1597 1147 1685 1192 καὶ

71 1231 166 1281 ὅτι
195 1227 295 1300 ἐγώ
336 1228 443 1301 εἰμι
473 1232 530 1281 τό
561 1238 665 1301 φῶς
695 1237 786 1282 τοῦ
815 1234 1038 1302 κόσμου.
1073 1229 1137 1284 Ὀ
1162 1226 1250 1282 οὖν
1275 1233 1501 1295 ἤκουσα,
1533 1238 1684 1282 τοῦτο

73 1317 250 1372 εἷπον.

159 1407 270 1459 Οῦκ
302 1439 369 1448 ——
399 1407 586 1479 ἂεγεν.
633 1407 744 1460 Οὔκ
785 1409 1016 1479 ἔγνωσαν
1059 1409 1139 1460 ὅτι
1181 1412 1294 1483 περὶ
1345 1416 1436 1460 τοῦ
1483 1411 1686 1482 [ἰατρὸς

73 1497 261 1557 αὐτοῖς
309 1497 466 1568 ἔλεγε,
542 1505 633 1549 τοῦ
687 1499 836 1568 φύσει
892 1500 1096 1571 Πατρός
1145 1497 1324 1552 αὐτοῦ,
1381 1497 1532 1558 Εἰκὸς
1582 1500 1684 1570 γὰρ

75 1586 276 1648 αὐτοὺς
317 1585 586 1656 διαπορεῖν
616 1589 745 1657 πρὸς
793 1584 1065 1652 ἀλλήλους,
1105 1585 1366 1659 λέγοντας,
1408 1591 1500 1647 Τίς
1545 1585 1684 1639 ἐστιν

72 1678 104 1727 ὁ
169 1675 380 1747 πέμψας
424 1675 578 1727 αὐτόν
608 1692 622 1741 ;
653 1681 828 1730 καίτοι
875 1675 1116 1736 πολλάκις
1179 1675 1357 1736 αὐτοῖς
1409 1671 1680 1748 διειλέχθη

70 1770 204 1836 περὶ
255 1764 466 1818 ἐκείνου.
520 1771 780 1816 Τοσοῦτον
849 1771 1138 1838 προσεῖχον
1195 1772 1304 1826 τοῖς
1361 1763 1538 1834 λόγοις
1595 1765 1684 1816 αῦ-

1794 612 2056 666 mundus
2087 625 2193 682 per
2221 625 2359 665 eum
2391 611 2458 664 ⁵⁸.

1869 702 2024 755 Vers.
2057 702 2145 753 26.
2177 698 2293 754 Sed
2321 729 2384 738 —
2406 705 2506 754 est.
2532 731 2596 740 —
2624 700 2736 768 Qui
2755 703 2912 758 misit
2937 717 3048 766 me,
3073 718 3194 759 non
3219 711 3459 762 utnunc

1789 787 2074 859 judicem,
2121 787 2227 842 sed
2281 792 2342 842 ut
2381 786 2627 844 salvem.
2666 791 2780 845 Aut
2810 805 2997 847 verax
3026 798 3132 858 est,
3192 807 3330 848 cum
3362 808 3459 849 me

1794 877 1979 932 lucem
2027 876 2238 930 mundi
2275 875 2626 933 nominavit.
2668 878 2838 946 Ecce,
2879 879 3093 951 inquit.
3121 881 3286 950 posui
3318 886 3371 938 te
3393 881 3456 939 in

1794 967 1982 1022 lucem
2013 965 2283 1034 gentium
2317 965 2386 1031 ⁵⁷,
2419 965 2592 1022 veluti
2612 968 2885 1039 superius
2916 969 3313 1036 significatum
3342 976 3452 1026 est-

1867 1055 2030 1109 Vers.
2063 1056 2149 1108 '26.
2204 1053 2276 1108 Et
2307 1069 2405 1124 ego
2453 1086 2508 1094 —
2548 1056 2783 1111 mundo.
2825 1056 3038 1111 Audivi
3071 1057 3148 1113 ab
3187 1073 3255 1113 eo
3287 1058 3457 1115 etiam

1795 1143 1907 1198 hoc
1947 1143 2097 1198 inter
2147 1141 2282 1206 alia,
2325 1142 2489 1214 quod
2531 1158 2641 1213 ego
2672 1143 2785 1200 sim
2844 1144 2947 1200 lux
3004 1147 3272 1216 gentium
3330 1165 3342 1214 ;
3399 1153 3456 1204 et

1795 1235 1942 1288 inter
1967 1232 2086 1287 alia
2105 1230 2282 1286 etiam
2310 1231 2422 1287 hoc
2452 1232 2594 1297 dixi,
2619 1233 2785 1305 quod
2811 1249 2923 1304 ego
2949 1234 3064 1291 sim
3084 1235 3186 1291 lux
3220 1237 3450 1293 mundi.

1796 1322 1962 1388 Quod
1988 1335 2130 1390 ergo
2166 1319 2391 1385 audivi,
2425 1321 2538 1377 hoc
2577 1321 2722 1377 dixi.

1867 1411 2026 1466 Vers.
2070 1411 2164 1465 27.
2228 1408 2351 1464 Non
2404 1440 2471 1450 —
2519 1411 2773 1466 dicebat.
2833 1414 2960 1468 Non
3019 1420 3450 1486 cognoverunt,

1794 1499 1956 1572 quod
1997 1498 2070 1552 de
2119 1497 2288 1551 Patre
2341 1497 2422 1552 eis
2451 1497 2705 1565 dicebat,
2742 1499 2846 1572 qui
2880 1500 2992 1556 sibi
3050 1507 3258 1558 natura
3291 1505 3456 1559 Pater

1795 1593 1966 1644 esset.
2023 1584 2356 1641 Verisimile
2383 1588 2541 1643 enim
2583 1593 2688 1652 est,
2730 1588 2896 1660 quod
2934 1588 3278 1646 dubitantes
3307 1591 3457 1647 inter

1794 1695 1856 1733 se
1894 1674 2189 1747 rogabant
2216 1691 2229 1728 :
2259 1674 2402 1742 Quis
2441 1683 2548 1742 est,
2579 1677 2682 1748 qui
2715 1677 2873 1732 misit
2894 1677 3059 1734 illum
3086 1676 3114 1732 ?
3141 1680 3316 1751 Atqui
3346 1680 3458 1736 fre-

1792 1775 2044 1839 quenter
2090 1770 2174 1824 eis
2225 1768 2300 1824 de
2344 1767 2444 1822 illo
2492 1765 2872 1821 disseruerat.
2927 1767 3097 1836 Vide,
3145 1769 3457 1839 quomodo

67 1863 194 1918 τοῦ,
252 1853 442 1922 μᾶλλον
493 1849 573 1919 δε,
630 1861 877 1905 τοσοῦτον
941 1850 1077 1911 ἦσαν
1130 1852 1500 1928 φρενοϐλαϐεῖς.
1539 1854 1683 1907 Εἰκό-

1808 1857 2173 1912 sermonibus
2191 1859 2319 1928 ejus
2337 1854 2742 1919 attendebant,
2761 1855 2882 1910 ivno
2905 1855 3124 1927 potius,
3147 1858 3456 1928 quomodo

69 1962 185 2002 τως
261 1938 348 1994 οὖν
404 1939 538 1994 εἶπεν
595 1942 789 2004 αὐτοῖς’
850 1944 956 2001 Τὴν
1013 1941 1210 2016 ἀρχὴν,
1271 1944 1351 1996 ὅτι
1403 1948 1492 1996 καὶ
1551 1942 1684 1996 λαλῶ

70 2033 226 2102 ὑμῖν,

157 2117 310 2172 Εἶπεν
359 2150 428 2161 -
467 2120 593 2192 εἰμι.
645 2119 807 2172 Ὅταν
845 2121 1144 2192 κρεμάσητί
1191 2139 1253 2192 με
1303 2123 1374 2182 ὡς
1419 2121 1686 2194 ἄνθρωπον

73 2207 170 2260 ἐπὶ
204 2216 456 2282 σταυροῦ,
495 2215 607 2260 τότε
659 2211 922 2279 γνώσεσθε
952 2211 1033 2261 ὅτι
1081 2208 1180 2280 ἐγώ
1225 2209 1350 2282 εἰμι,
1393 2207 1632 2267 δηλονότι
1661 2212 1686 2261 ό

75 2299 211 2358 Υἱὸς
249 2305 340 2349 τοῦ
391 2305 524 2350 Θεοῦ
571 2302 661 2349 καὶ
709 2302 854 2358 Θεός.
906 2297 995 2360 Ὠς
1050 2301 1174 2358 Θεὸς
1225 2301 1324 2373 γὰρ
1380 2302 1550 2372 εἰρηκε
1605 2302 1685 2368 τὸ,

73 2387 222 2456 Ἐγώ
307 2386 432 2459 εἰμι.
493 2388 761 2439 Γνώσεσθε
813 2383 872 2440 δε
932 2394 1087 2440 τοῦτο
1137 2386 1238 2440 ἀπό
1301 2406 1355 2440 τε
1423 2396 1520 2440 τῶν
1599 2407 1661 2446 τη
1679 2423 1687 2425 ν-

71 2483 308 2527 νικαῦτα
333 2476 447 2547 (40)
486 2479 838 2548 γενησομένων
890 2473 1268 2550 ἀναντιρῥήτων
1319 2481 1567 2548 σημείων,
1598 2482 1688 2529 καὶ

73 2563 192 2616 ἀπὸ
247 2572 340 2626 τῆς
396 2563 448 2616 ἐκ
505 2573 694 2638 νεκρῶν
756 2563 1086 2624 ἀναστάσεως
1141 2584 1265 2636 μου,
1315 2570 1398 2617 ναὶ
1449 2569 1552 2637 μὴν
1599 2571 1689 2618 καὶ

70 2652 192 2704 ἀπὸ
235 2661 330 2714 τῆς
381 2656 554 2705 ἔκτοτε
597 2651 1027 2726 καταληψομίνης
1090 2657 1149 2705 τὸ
1201 2658 1345 2724 γένος
1395 2664 1495 2706 τῶν
1551 2655 1689 2708 Ἰου-

68 2740 254 2795 δαίων
306 2744 598 2813 θεομηνίας.
641 2744 787 2795 Μετὰ
827 2745 926 2815 γὰρ
979 2745 1037 2794 τὸ
1087 2745 1455 2817 σταυρωθῆναι
1509 2743 1684 2808 αὐτὸν,

63 2837 178 2884 καὶ.
215 2832 456 2902 γενέσθαι
504 2833 569 2882 τὰ
608 2829 799 2902 φοϐερά
837 2829 1002 2883 ἐκεῖνα
1057 2838 1266 2903 σημεῖα,
1317 2835 1504 2904 γράφει
1558 2839 1688 2885 Λου·

67 2930 182 2983 κάς
232 2923 312 2972 ὅτι
355 2924 444 2971 καὶ
492 2921 672 2979 πάντες
729 2923 778 2971 οὶ
823 2925 1336 2994 συμπαραγενόμενοι
1401 2920 1553 2992 ὄχλοι
1606 2919 1689 2973 ἐπὶ

75 3031 183 3068 τήν

287 3011 501 3084 θεωρίαν
591 3011 807 3074 ταύτην,
901 3011 1205 3082 Θεωροῦντες
1286 3013 1354 3062 τὰ
1423 3017 1687 3084 γενόμενα,

75 3105 364 3160 τύπτοντες
421 3098 612 3150 ἑαυτῶν
669 3101 736 3150 τὰ
793 3101 962 3156 στήθη
1021 3100 1354 3172 ὑπέστρεφον.
1423 3098 1692 3171 Ἐγνωσαν

1795 1951 1992 2001 mente
2022 1948 2177 2018 capti
2210 1951 2402 2003 erant.
2443 1944 2639 2001 Merito
2669 1959 2812 2016 ergo
2858 1943 3006 2000 dixit
3036 1943 3147 2000 illis
3190 1961 3202 2000 :
3238 1947 3309 2001 In
3334 1947 3458 2016 pri-

1795 2035 1902 2091 mis
1924 2036 2078 2106 quod
2105 2037 2281 2092 etiam
2317 2036 2534 2106 loquar
2559 2032 2718 2088 vobis
2745 2034 2814 2088 ⁵⁸.

1868 2125 2028 2180 Vers.
2088 2125 2176 2180 28.
2224 2123 2383 2180 Dixit
2439 2153 2508 2162 --
2544 2124 2674 2178 sim.
2706 2122 2848 2177 Cum
2902 2122 3332 2194 suspenderitis
3360 2141 3456 2181 me

1795 2214 1969 2286 quasi
2004 2214 2310 2269 hominem
2341 2212 2400 2267 in
2433 2227 2628 2276 cruce,
2663 2217 2804 2266 tunc
2833 2211 3234 2283 cognoscetis,
3286 2214 3453 2284 quod

1795 2317 1928 2370 ego,
1959 2303 2092 2367 sim,
2135 2302 2403 2357 videlicet
2437 2300 2612 2356 Filius
2662 2299 2757 2354 Dei
2813 2305 2870 2355 et
2919 2299 3093 2356 Ueus.
3150 2304 3298 2356 Nam
3326 2307 3457 2358 tan-

1796 2408 1980 2464 quam
2007 2395 2156 2448 Deus
2184 2392 2328 2447 dixit
2361 2415 2372 2446 :
2397 2391 2516 2462 Ego
2545 2391 2676 2446 sim.
2709 2391 3089 2458 Cognoscetis
3116 2397 3318 2446 autem
3342 2390 3457 2446 hoc

1797 2497 1835 2537 a
1885 2481 2091 2550 signis,
2123 2497 2258 2553 quas
2309 2485 2448 2536 tunc
2492 2479 2654 2545 ﬁent,
2687 2478 2900 2550 quibus
2952 2479 3275 2534 contradici
3334 2495 3457 2535 non

1798 2572 2027 2642 poterit,
2079 2577 2135 2625 et
2179 2587 2216 2624 a
2268 2567 2690 2624 resurrectione
2725 2583 2860 2622 mea
2887 2583 2924 2622 a
2968 2568 3257 2623 mortuis:
3293 2569 3460 2624 insu-

1795 2675 1902 2732 per
1931 2659 2109 2715 eliam
2150 2658 2226 2714 ab
2258 2657 2346 2713 ira
2374 2657 2600 2721 divina,
2640 2673 2774 2727 quae
2801 2662 2941 2712 tunc
2972 2673 3160 2726 genus
3191 2673 3461 2729 compre-

1796 2747 2018 2804 hendet
2041 2747 2407 2802 Judeeorum.
2437 2744 2746 2816 Siquidem
2769 2750 3093 2817 postquam
3113 2745 3282 2800 illum
3315 2762 3456 2800 cru-

1798 2837 2110 2892 ciﬁxerunt
2139 2841 2196 2891 et
2225 2834 2522 2907 stupenda
2548 2833 2646 2890 illa
2678 2834 2854 2903 signa
2886 2833 3043 2890 facta
3073 2839 3226 2900 sunt,
3260 2834 3462 2890 scribit

1801 2926 2073 2991 Lucas",
2093 2924 2258 2996 quod
2289 2939 2499 2979 omnes
2519 2922 2720 2986 turbae.
2737 2937 2872 2994 quae
2887 2922 3064 2978 simul
3085 2928 3461 2979 accesserant

1799 3014 1878 3070 ad
1931 3012 2329 3085 spectaculum
2361 3011 2539 3071 istud.
2573 3017 2628 3066 et
2676 3009 2980 3076 videbant,
3023 3027 3158 3082 quae
3211 3011 3458 3077 ﬁebant,

1802 3101 2196 3171 percutientes
2229 3106 2468 3172 pectora
2495 3116 2605 3154 sua
2633 3099 3099 3156 revertebantur.
3132 3099 3462 3168 Cognosce-

78 3195 178 3263 μὲν
237 3190 337 3261 ’γὰρ
391 3189 469 3239 ὅτι
533 3188 660 3246 θεῖος
712 3188 979 3260 ἄνθρωπος
1039 3191 1190 3249 ὅντως
1243 3184 1326 3253 ἦν,
1403 3193 1492 3241 καὶ
1563 3208 1691 3260 συμ-

1808 3189 1948 3246 baut
1973 3189 2152 3252 enim,
2203 3188 2369 3261 quod
2417 3203 2549 3242 vere
2597 3186 2836 3242 divinus
2868 3187 3051 3242 homo
3082 3193 3256 3254 esset,
3282 3193 3338 3243 et
3379 3187 3460 3242 illi

78 3281 295 3348 πάσχει
337 3275 476 3345 αὐτῷ
524 3276 554 3332 ἡ
587 3280 776 3340 κτίσις,
831 3280 902 3347 μὴ
937 3279 1167 3349 φέρουσα
1202 3279 1260 3328 τὸ
1306 3277 1465 3337 πάθος
1513 3276 1688 3328 αὐτοῦ·

81 3373 157 3441 μὴ
213 3365 491 3436 τολμῶντες
536 3360 594 3416 δὲ
642 3363 808 3416 λαλεῖν
867 3360 961 3416 διὰ
1011 3368 1100 3416 τόν
1148 3363 1300 3436 φόϐον
1357 3374 1456 3416 τῶν
1504 3364 1696 3440 ἀρχόνο

82 3475 215 3518 των,
250 3456 464 3504 ἔτυπτον
504 3454 568 3503 τὰ
599 3453 763 3510 στήθη
811 3452 998 3524 αὐτῶν,
1044 3458 1376 3525 σημαίνοντες
1421 3459 1515 3512 τὴν
1554 3453 1696 3517 ἐντὸς

84 3539 308 3598 ὀδύνην.
377 3539 701 3593 ’Υπώπτευον
757 3544 854 3612 γὰρ
921 3542 1001 3594 ὁτι
1054 3545 1212 3594 κακὸν
1281 3541 1561 3600 ἀνήκεστον
1633 3546 1693 3595 τό

83 3635 238 3703 γένος
285 3629 420 3682 ἁπαν
459 3635 691 3683 πείσεται
735 3627 807 3682 δι’
847 3630 1022 3684 αὐτόν.
1077 3635 1176 3683 Καὶ
1221 3633 1324 3704 γὰρ
1368 3637 1455 3684 καὶ
1507 3633 1533 3684 ὁ
1581 3631 1694 3684 ἑκα-

83 3724 384 3792 τόνταρχος
438 3723 528 3771 καὶ
565 3721 614 3771 οἱ
657 3720 767 3792 μετ’
807 3718 968 3772 αὐτοῦ
1004 3727 1273 3793 τηροῦντες
1325 3725 1410 3773 τόν
1467 3721 1690 3788 Ἰησοῦν,

88 3809 159 3868 ὥς
219 3826 349 3879 φησι
405 3809 694 3874 Ματθαὶος,
755 3804 953 3870 ἰδόντες
1004 3809 1120 3879 (41)
1178 3812 1244 3862 τὰ
1287 3813 1533 3882 γενόμενα
1583 3808 1694 3882 ἐφο-

87 3895 336 3955 ϐήθησαν
390 3892 618 3970 σφόδρα,
673 3895 918 3968 λέγοντες
984 3897 1209 3959 ’Δληθῶς
1261 3907 1394 3953 Θεοῦ
1453 3901 1574 3961 Υἱός
1633 3895 1694 3958 ἦν

85 3986 264 4046 οὗτος.

165 4074 323 4128 Ἀλλὰ
373 4079 461 4127 καὶ
492 4075 642 4127 αὐτοὶ
685 4076 734 4128 οἱ
781 4075 1038 4150 ἄρχοντες
1084 4085 1182 4128 τῶν
1216 4074 1485 4131 Ἰουδαίων
1535 4081 1695 4149 ἔγνω-

87 4185 192 4218 σαν
221 4170 334 4217 τότε
379 4166 455 4216 ὅτι
503 4172 637 4218 Θεοῦ
687 4167 808 4226 Υίός
852 4161 932 4233 ἧν,
967 4170 1058 4218 καὶ
1106 4170 1257 4235 Θεὸς,
1300 4167 1342 4220 εἰ
1399 4173 1488 4220 καὶ
1535 4187 1694 4220 πεπα-

84 4261 293 4312 τηκασι
323 4257 416 4311 τὴν
464 4250 770 4312 συνείδησιν
811 4253 1006 4306 ἑαυτῶν
1057 4251 1130 4307 δι’
1172 4255 1460 4329 ὑπερϐολὴν
1509 4258 1694 4328 φθόνου

82 4348 182 4395 καὶ
248 4347 454 4414 μανίας.
533 4347 688 4414 Λέγει
756 4346 857 4416 γὰρ
931 4343 1086 4396 πάλιν
1143 4346 1168 4396 ὀ
1238 4348 1505 4408 ΙνῙατθαίος
1540 4361 1552 4373 ⁸
1616 4347 1696 4397 ὅτι

87 4429 240 4484 Ἰδού
337 4450 463 4491 τινες
536 4439 631 4494 τῆς
710 4429 1040 4496 κουστωδίας
1123 4432 1348 4496 ἐλθόντες
1446 4435 1516 4497 εἰς
1604 4440 1696 4493 τήν

87 4519 266 4589 πόλιν,
398 4519 717 4591 ἀπήγγειλαν
840 4528 950 4582 τοῖς
1045 4521 1106 4595 ἀρ
1111 4543 1154 4594 χ
1161 4542 1231 4598 ιερ
1238 4531 1290 4575 εῦ
1299 4543 1380 4575 σιν
1493 4524 1698 4576 ἅπαντα

88 4612 159 4662 τὰ
188 4612 456 4680 γενόμενα.
505 4614 604 4662 Καὶ
635 4611 982 4682 συναχθέντες
1011 4614 1142 4683 μετὰ
1181 4620 1279 4665 τῶν
1321 4610 1695 4686 πρεσϐυτέρων,

92 4696 416 4770 συμϐούλιόν
491 4716 546 4749 τε
604 4696 864 4765 λαϐόντες,
947 4697 1177 4773 ἀργύρια
1268 4703 1419 4752 ἱκανὰ
1497 4697 1698 4753 ἔδωκαν

88 4795 202 4849 τοῖς
239 4792 603 4861 στρατιώταις,
653 4786 898 4858 λέγοντες·
955 4791 1166 4855 Εῖπατι,
1217 4791 1297 4842 ὅτι
1346 4791 1413 4845 Οἱ
1464 4791 1698 4862 μαθηταὶ

89 4877 260 4929 αὐτοῦ
279 4878 465 4938 νυκτός
490 4874 737 4939 ἐλθόντες,
760 4874 976 4949 ἔκλεψαν
997 4877 1153 4930 αὐτόν
1179 4879 1208 4936 ἠ
1216 4887 1325 4951 μῶν
1345 4883 1697 4952 κοιμωμένων,

91 4971 184 5018 καὶ
217 4966 286 5018 τὰ
314 4964 452 5028 ἑξῆς.

170 5117 220 5152 ⁵⁸
245 5115 414 5172 Joan.
442 5132 522 5187 ιιι,
548 5116 631 5174 t7.

708 5119 755 5156 ⁵⁷
782 5119 899 5178 Isa.
927 5135 1081 5189 χιιι,
1105 5121 1160 5178 6.

97 5201 302 5253 xxvui,
347 5188 526 5246 tt-t3.

1238 5122 1286 5158 ⁵³
1324 5121 1496 5180 Joan.
1522 5123 1742 5189 vm,25.

1802 3282 2239 3348 compateretur
2265 3283 2533 3331 creatura
2562 3292 2573 3330 :
2613 3293 2750 3330 cum
2784 3284 2981 3330 autem
3011 3275 3170 3348 loqui
3205 3291 3325 3330 non
3357 3291 3461 3330 au-

1803 3368 2008 3422 derent
2061 3372 2298 3437 propter
2339 3364 2599 3419 timorem
2659 3363 3006 3434 principum,
3051 3363 3464 3435 percutiebant

1804 3459 2042 3528 pectora
2066 3470 2192 3522 sua,
2220 3453 2624 3523 signiﬁcantes
2653 3450 2924 3506 dolorem
2955 3451 3316 3507 interiorem.
3349 3451 3460 3506 Su-

1804 3542 2190 3615 spicabantur
2223 3555 2478 3612 namque
2519 3541 2785 3595 futurum
2826 3555 2973 3608 esse,
3008 3543 3071 3594 ut
3104 3537 3327 3594 malum
3356 3539 3464 3596 ali-

1802 3633 1964 3706 quod
1981 3630 2408 3688 irremediabile
2423 3635 2663 3702 propter
2675 3628 2827 3684 illum
2841 3644 3012 3684 omne
3027 3645 3218 3699 genus
3232 3627 3259 3682 J
3271 3629 3468 3685 udaeo-

1801 3739 1936 3778 rum
1991 3725 2351 3777 concuteret.
2397 3719 2543 3775 Nam
2578 3723 2634 3774 et
2675 3719 2962 3785 centurio,
2997 3724 3053 3774 et
3080 3717 3176 3790 qui
3209 3734 3347 3773 cum
3393 3735 3466 3774 eo

1801 3816 1990 3877 erant,
2013 3811 2553 3878 servantesJesum,
2573 3813 2635 3864 ut
2655 3807 2734 3864 ait
2758 3807 3084 3874 Matthaeus,
3115 3823 3254 3862 cum
3283 3807 3464 3862 vidis-

1803 3906 1931 3956 sent
1952 3916 2087 3970 quae
2109 3900 2352 3966 ﬂebant,
2374 3899 2751 3953 vehementer
2771 3897 2948 3953 territi
2975 3903 3131 3962 sunt,
3155 3896 3420 3954 dicentes
3449 3917 3461 3955 :

1812 3989 1952 4048 Vere
1978 3990 2171 4046 Filius
2212 3989 2310 4044 Dei
2337 3993 2458 4043 erat
2496 3987 2606 4043 iste
2643 3987 2711 4040 ⁶⁰.

1877 4081 1985 4135 Sed
2045 4087 2101 4133 el.
2146 4077 2258 4148 ipsi
2300 4075 2598 4148 principes
2654 4075 2998 4130 Judaeorum
3049 4079 3468 4143 cognoverunt

1808 4172 1943 4223 tunc
1973 4165 2136 4238 quod
2169 4165 2263 4220 Dei
2307 4164 2481 4218 Filius
2513 4167 2715 4218 eratet
2745 4163 2918 4227 Deus,
2944 4178 3293 4234 quanquam
3325 4178 3460 4232 pro-

1806 4258 2000 4329 priam
2029 4253 2531 4311 conculcaverunt
2559 4252 3008 4315 conscientiam,
3041 4251 3472 4306 niuiiainvidia

1806 4361 1876 4401 ac
1900 4344 2145 4399 insania.
2181 4345 2273 4397 Ait
2297 4342 2458 4396 enim
2490 4356 2719 4395 rursum
2753 4341 3058 4395 Matthteus
3114 4355 3126 4394 :
3162 4339 3317 4394 Ecce
3345 4339 3470 4409 qui-

1805 4435 1943 4490 dam
1960 4432 2026 4488 de
2043 4431 2381 4488 custodibus
2400 4434 2685 4486 venerunt
2701 4427 2761 4482 in
2779 4429 3075 4483 civitatem
3092 4433 3143 4482 et
3163 4430 3471 4483 renuntia-

1809 4527 2011 4578 verunt
2030 4519 2404 4589 principibus
2429 4517 2800 4573 sacerdotum
2827 4516 3096 4572 universa
3111 4531 3240 4586 quae
3261 4515 3474 4572 accide-

1807 4615 1942 4666 rant
1965 4625 1976 4662 :
1997 4615 2050 4666 et
2069 4606 2406 4678 congregati
2427 4622 2559 4662 cum
2590 4604 2914 4661 senioribus
2933 4604 3179 4673 accepto
3211 4603 3468 4673 consilio,

1802 4698 2082 4770 pecunias
2114 4698 2331 4752 multas
2350 4696 2640 4752 dederunt
2666 4693 2944 4748 militibus
2971 4693 3229 4748 dicentes
3260 4693 3474 4749 :Diczte

1807 4787 2089 4860 Discipuli
2105 4789 2230 4856 ejus
2251 4793 2414 4841 nocte
2437 4786 2742 4847 venerunt,
2768 4785 2822 4838 et
2841 4782 3042 4852 furati
3057 4789 3194 4837 sunt
3216 4793 3348 4838 eum
3371 4797 3474 4838 no-

1810 4877 1889 4934 bis
1924 4875 2346 4933 dormientibus
2387 4876 2456 4940 ⁸³,
2489 4878 2547 4929 et
2577 4878 2811 4929 caetera.

1817 5122 1864 5158 ⁸ο
1894 5121 2033 5178 Luc.
2073 5135 2236 5187 χχιιι,
2277 5116 2367 5176 48.
2468 5117 2516 5154 ⁸ο
2538 5115 2745 5174 Matth.
2781 5115 3104 5183 xxxvu,54.
3181 5114 3466 5174 “Matth.

1327 5317 1550 5388 Variae
1580 5317 1906 5387 lectiones
1955 5327 2020 5386 et
2059 5327 2260 5385 notae.

173 5427 288 5569 $40)
328 5432 367 5481 Γ
370 5428 630 5502 ενόμένων,
662 5435 717 5487 Β.

197 5501 283 5568 41)
319 5504 417 5553 Τόν
478 5504 695 5569 σεισμόν

319 5501 695 5582 Τόν-,σεισμὸν
746 5506 837 5582 καί
887 5503 1067 5582 iidem
1117 5506 1357 5582 codices
1403 5506 1703 5582 Euthymii

101 5578 382 5650 omittunt
399 5578 575 5650 etiam
593 5578 652 5650 i_n
671 5579 1504 5650 contextuapudtlatthaaum.
1527 5578 1705 5650 Chry-

104 5649 408 5717 sostomus
429 5643 588 5700 hunc
605 5644 804 5717 locum
828 5643 1332 5717 negligentissime
1352 5656 1577 5714 tractat,
1595 5643 1705 5705 Lu-

103 5728 240 5770 cam
267 5715 486 5787 potius,
519 5731 706 5786 quam
735 5715 1052 5775 Mathteuin
1083 5720 1505 5794 interpretans.
1535 5721 1705 5778 Vide-

431 5811 671 5870 ΡΑιιτοι..
716 5812 799 5870 Ga
812 5858 826 5874 .
875 5814 1122 5877 CXXIX.

1817 5439 1961 5491 tom.
1992 5435 2106 5498 VII,
2137 5449 2195 5498 p.
2229 5434 2336 5489 826
2387 5434 2446 5487 E.
2492 5429 2695 5487 Caeteri
2727 5428 2966 5486 codices
2998 5429 3062 5484 N.
3108 5424 3478 5498 ,Testamenti

1817 5449 1961 5491 tom.
2001 5449 2106 5498 VII,
2184 5474 2195 5486 .
2229 5449 2336 5489 620
2389 5449 2446 5487 ts.
2492 5449 2695 5487 umeri
2727 5449 2966 5486 coalces
2998 5449 3062 5484 ιη.
3129 5449 3478 5484 leswmeuu

1814 5522 1952 5583 cum
1985 5449 2243 5583 schoﬁis,
2287 5503 2637 5583 cuiusmodi
2664 5501 2740 5583 ad
2774 5516 2992 5583 manus
3019 5497 3478 5583 habuit‘tjluthy-

1814 5579 2136 5651 mius,_ista
2161 5571 2422 5651 servant.
2467 5575 2528 5629 Id
2544 5572 2899 5651 intelligitur
2929 5587 3001 5651 ex
3030 5586 3165 5651 mea
3189 5571 3471 5651 editione.

1815 5642 2298 5721 Ergo'Euthymii
2329 5646 2652 5703 auctoritas
2681 5643 2880 5721 valere
2934 5642 3049 5701 hoc
3083 5643 3216 5699 loco
3246 5642 3472 5713 nequit.

3151 5809 3219 5871 41
