4098 6438
96 411 232 473 1293
1092 409 1460 476 COMMENT.
1505 416 1572 475 IN
1612 419 1962 478 JOANNEM.
2011 454 2078 463 —
2116 423 2271 481 CAP.
2311 396 2459 480 Vm.
3322 405 3464 482 1294

92 547 300 614 ταχέως
323 541 674 604 ἀπεπήδησαν
705 549 795 598 καὶ
825 548 954 621 πρὸς
980 545 1153 619 ὕϐρεις
1183 545 1374 619 μᾶλλον
1405 545 1691 620 ἐξετράπη-

1842 552 1933 604 cet
1970 548 2083 621 ipsi
2113 547 2283 604 citius
2325 549 2403 605 ab
2433 564 2504 605 eo
2551 549 2934 618 recedebant,
2987 553 3042 608 et
3081 550 3161 608 ad
3209 550 3459 624 injurias

98 652 214 688 σαν.
1799 636 1998 706 magis
2025 635 2443 694 deﬂectebant.

169 720 373 793 Ἔλεγεν
404 753 473 763 —
497 719 805 785 Ἰουδαίους.
837 727 970 798 Πρὸς
987 728 1100 786 τοὺς
1122 728 1533 788 πεπιστευκότας
1563 730 1692 792 τότε,

1878 724 2035 781 Vers.
2065 729 2153 782 3t.
2187 725 2351 781 Dixit
2377 757 2442 766 —
2475 725 2729 784 Judxos.
2763 727 2852 784 Ad
2883 743 3009 798 eos,
3035 727 3141 801 qui
3185 733 3348 797 tunc,
3399 733 3461 785 ut

99 811 170 872 ὡς
204 814 430 884 εῖρηται.

1804 814 2030 870 dictum
2057 819 2158 880 est,
2192 814 2583 871 crediderant.

175 900 290 953 Ἐὰν
319 933 383 942 -
414 900 550 960 ἐστέ.
597 901 716 954 Ἐὰν
765 904 914 976 ὑμεῖς
951 901 1244 976 ἔμμείνητε,
1275 905 1340 964 ὡς
1392 911 1493 956 τῶν
1534 903 1698 956 ἄλλων

1879 903 2041 958 Vers.
2067 902 2155 958 3|.
2189 903 2271 958 Sit
2292 903 2559 960 —eritis.
2593 904 2652 960 Si
2676 921 2780 961 vos
2805 906 3278 978 permanseritis,
3313 907 3464 962 sicut

101 994 173 1062 μὴ
207 989 574 1062 ἐμμεινάντων,
629 997 755 1063 περὶ
793 992 861 1044 ὧν
919 989 1054 1046 εἶπεν
1111 995 1137 1045 6
1186 991 1579 1064 εὐαγγελιστης,
1619 994 1700 1044 ὅτι

1848 992 1907 1046 lii
1939 1008 2058 1048 non
2115 998 2591 1062 permanserunt,
2633 992 2707 1048 de
2738 994 2962 1065 quibus
3009 994 3164 1050 dixit
3212 1010 3465 1064 evange-

108 1079 291 1132 Πολλοὶ
322 1078 551 1138 ἀπῆλθον
582 1089 681 1133 τῶν
707 1083 956 1152 μαθητῶν
982 1082 1159 1147 αὐτοῦ,
1193 1081 1352 1144 εἰςτά
1395 1080 1582 1146 ὀπίσω,
1612 1086 1701 1134 καὶ

1855 1087 1974 1136 sta:
1995 1082 2175 1136 Μιιιιί
2194 1081 2579 1150 exdiscipulis
2593 1085 2721 1152 ejus
2745 1084 3022 1140 abierunt
3050 1089 3394 1147 retrorsum,
3409 1089 3463 1140 et

104 1168 197 1219 ούκ
223 1171 299 1220 ἔτι
328 1167 437 1240 μετ’
464 1169 623 1222 αὐτοῦ
673 1172 1036 1244 περιεπάτουν.
1090 1170 1208 1222 Ἐὰν
1234 1171 1375 1242 ὑμεῖς
1407 1169 1698 1242 ἐμμείνητε,

1842 1187 1933 1225 an:
1974 1186 2091 1225 non
2132 1186 2260 1226 cum
2299 1187 2359 1226 eo
2386 1172 2776 1228 ambulabant
2806 1174 2875 1226 55.
2911 1203 2978 1212 -
3003 1173 3065 1228 Si
3096 1189 3215 1239 vos,
3250 1174 3460 1244 inquit,

104 1262 255 1328 φησι,
290 1267 360 1328 τῷ
390 1257 525 1330 λόγῳ
549 1267 620 1330 τῷ
661 1257 788 1330 ἐμῷ,
819 1264 980 1330 ἤγουν
1033 1267 1094 1332 τῇ
1146 1256 1476 1331 διδασκαλίᾳ
1512 1278 1611 1330 μου
1643 1258 1701 1315 ἢν

1848 1259 2315 1316 erseveraveritis
2345 1261 2406 1315 in
2448 1275 2702 1316 sermone
2742 1276 2886 1326 meo,
2922 1261 3047 1317 sive
3103 1261 3164 1319 in
3193 1261 3466 1317 doctrina

105 1342 310 1409 διδάξω
339 1353 494 1419 ὑμᾶς,
528 1353 643 1400 τότε
695 1346 902 1411 ἀληθῶς
937 1351 1170 1421 μαθηταί
1223 1351 1323 1421 μού
1377 1347 1514 1404 ἕστε.
1543 1351 1701 1399 Οὔπω

1849 1365 1967 1413 nea,
1983 1364 2168 1420 quam
2191 1364 2304 1419 ego
2327 1347 2552 1405 docebo
2573 1366 2696 1414 vos,
2721 1356 2859 1406 tunc
2886 1366 3013 1408 vere
3044 1350 3331 1420 discipuli
3355 1351 3467 1408 mei

103 1437 204 1507 γάρ
228 1433 362 1488 ἐστε.

1813 1438 1977 1495 eritis
2007 1440 2054 1472 ⁵⁸
2080 1453 2094 1503 ς
2124 1437 2390 1494 nondum
2419 1438 2578 1494 enim
2610 1439 2774 1498 estis.

181 1529 278 1576 Καὶ
315 1527 578 1594 γνώσεσθε
608 1530 700 1584 τὴν
741 1524 1004 1584 ἀλήθειαν.
1030 1527 1170 1598 Ἐμέ.
1203 1527 1339 1596 Ἐγὼ
1367 1528 1490 1598 γὰρ,
1522 1527 1696 1598 φησιν,

1890 1526 2046 1582 Vers.
2077 1528 2167 1584 32.
2207 1528 2283 1582 Ει
2308 1529 2661 1598 cognoscetis
2691 1529 3017 1586 veritatem.
3052 1530 3174 1585 Hoc
3203 1532 3294 1584 est
3325 1543 3420 1584 me
3449 1543 3464 1586 :

106 1611 213 1682 εἰμὶ
237 1614 265 1670 ἡ
297 1611 536 1671 ἀλήθεια.
572 1617 684 1683 (45)
713 1616 980 1668 Γνώσεσθε
1005 1619 1099 1674 τὴν
1130 1614 1370 1673 ἀλήθειαν
1400 1615 1522 1687 παρ’
1553 1612 1698 1686 ἐμοῦ.

1850 1617 1944 1686 ἶθο
1975 1617 2156 1682 enim,
2190 1616 2290 1686 ait,
2318 1632 2442 1672 sum
2475 1618 2702 1674 veritas.
2737 1617 3124 1687 Cognoscetis
3150 1631 3291 1673 ame
3324 1616 3468 1672 veri-

105 1703 182 1751 Τὰ
209 1703 311 1774 γὰρ
339 1706 528 1774 νομικά
570 1707 740 1756 πάντα
772 1707 931 1765 τύπος
977 1709 1068 1757 καὶ
1101 1707 1226 1756 σκιὰ
1275 1709 1366 1756 καὶ
1413 1703 1562 1756 εἰκὼν
1610 1711 1705 1764 τῆς

1849 1711 2013 1760 item.
2047 1707 2190 1760 Nam
2224 1705 2429 1762 omnia
2459 1705 2674 1776 legalia
2693 1706 2908 1777 ﬁgura,
2943 1707 3153 1762 umbra
3182 1714 3237 1762 et
3264 1707 3467 1776 imago

107 1787 353 1852 ἀληθείας
383 1791 506 1844 εἰσί.

1815 1799 1950 1848 sunt
1977 1795 2251 1849 veritatis.

184 1885 280 1931 Καὶ
315 1912 374 1921 --
403 1882 556 1952 ὑμᾶς.
588 1881 716 1935 Ἀπὸ
749 1890 847 1934 τῶν
869 1882 1161 1957 ἁμαρτιῶν.
1739 1903 1778 1956 Β

1739 1903 1778 1956 Β
1889 1884 2050 1941 Vers.
2079 1883 2164 1940 32.
2191 1885 2265 1938 Et
2296 1916 2362 1926 —
2394 1900 2508 1940 vos.
2551 1886 2596 1939 Α
2631 1885 2906 1956 peccatis.

179 1967 564 2044 Ἀπεκρίθησαν
645 2003 714 2011 -
795 1974 1076 2043 γενήσεσθε
1141 1987 1154 2036 ;
1220 1971 1450 2043 Ἀφέντες
1526 1970 1703 2036 εἰπεῖν,

1889 1973 2052 2028 Vers.
2094 1977 2180 2028 33.
2215 1974 2734 2046 Responderunt—
2759 1975 3096 2044 efﬁciemini
3127 1975 3156 2030 ?
3191 1973 3471 2030 Omitten-

105 2062 167 2108 Τί
214 2053 300 2109 οὖν
337 2055 572 2128 ;ψευδος
623 2061 648 2110 6
696 2064 851 2132 νόμος
881 2077 894 2125 ;
927 2057 1134 2131 ψευδὴς
1347 2061 1376 2118 ἡ
1425 2067 1524 2111 τῶν
1574 2060 1704 2111 Ἰου-

1855 2081 1906 2117 es
1927 2063 2141 2128 dicere,
2172 2063 2323 2129 Quid
2353 2079 2495 2133 ergo
2527 2065 2554 2120 ?
2587 2064 2754 2120 Falsa
2794 2071 2882 2120 est
2910 2064 3001 2120 lex
3050 2064 3078 2119 ?
3117 2063 3343 2120 falsane
3383 2066 3473 2119 est

109 2142 272 2198 δαίων
300 2155 494 2217 γνῶσις
528 2164 543 2215 ;
574 2157 730 2200 τοῦτο
775 2151 867 2221 μὲν
924 2148 983 2201 ού
1015 2149 1227 2218 λέγουσι
1266 2165 1278 2177 ·
1313 2157 1412 2200 τῶν
1460 2150 1706 2200 τοιούτων

1857 2152 2156 2207 udaeorum
2184 2152 2428 2209 scientia
2455 2153 2482 2209 ?
2516 2153 2634 2208 Hoc
2655 2153 2902 2225 quidem
2933 2169 3056 2209 non
3086 2153 3295 2208 dicunt
3328 2169 3342 2217 ;
3377 2168 3475 2207 ne-

103 2237 206 2307 γάρ
245 2234 337 2287 ούκ
365 2235 534 2308 ἔμελεν
566 2237 739 2298 αὐτοῖς
779 2254 796 2272 ο
836 2237 920 2290 ἐπὶ
963 2245 1024 2309 τῇ
1086 2236 1229 2311 ὕϐρει
1283 2233 1342 2290 δε
1399 2246 1492 2299 τῆς
1533 2256 1708 2309 σωμα-

1864 2257 1934 2296 ue
1965 2241 2124 2296 enim
2171 2242 2297 2296 haec
2345 2241 2456 2297 illis
2501 2258 2654 2298 curae
2686 2242 2941 2308 fuerunt,
2978 2242 3084 2298 sed
3131 2241 3205 2297 de
3252 2241 3473 2312 injuria

103 2331 250 2384 τικῆς
325 2325 570 2396 εὐγενείας
655 2325 1060 2398 ἀγανακτοῦσιν,
1143 2327 1562 2387 ὑποπτεύσαντες
1640 2329 1709 2386 ὡς

1853 2329 2141 2402 orporalis
2190 2331 2602 2400 generositatis
2634 2331 3039 2400 indignantur,
3075 2329 3471 2402 suspicantes,

105 2407 313 2474 δούλοις
365 2413 637 2488 ἀνθρώπου
691 2419 831 2477 τινὸς
886 2415 1041 2468 εἰπεῖν
1098 2415 1276 2477 αὐτοῖς
1345 2417 1426 2468 ὅτι
1485 2415 1707 2468 Ἐλευθεο

1854 2419 1982 2491 ςιιοά
2007 2425 2292 2491 tanquam
2317 2419 2498 2475 servis
2515 2420 2765 2491 alicujus
2795 2419 3053 2475 hominis
3071 2418 3278 2475 dixerit
3308 2418 3472 2489 ipsis,

103 2506 267 2573 ρὼσει
338 2503 493 2574 ὑμᾶς.
547 2504 771 2566 Εἰκοτως
817 2500 905 2556 οὖν
962 2505 987 2556 6
1044 2504 1284 2565 Ἰωάννης
1354 2503 1468 2575 (4⁸7)
1521 2503 1708 2575 €7.37:-

1858 2507 2114 2562 .iberabit
2147 2523 2262 2562 vos.
2296 2507 2496 2563 Merito
2526 2523 2663 2577 ergo
2695 2507 2931 2564 dicebat
2959 2509 3213 2563 Joannes
3243 2523 3256 2562 :
3290 2507 3380 2564 Ne
3397 2505 3476 2562 υί-

104 2595 192 2647 Μή
251 2587 438 2655 δόξητε
501 2592 665 2665 λέγειν
760 2592 808 2645 ἐν
891 2592 1090 2654 ἑαυτοῖς
1146 2609 1159 2622 ·
1234 2597 1441 2668 Πατέρα
1521 2595 1710 2665 ἔχομεν

1858 2596 2077 2652 Teamim’
2085 2596 2279 2653 dicere
2290 2597 2448 2654 intra
2463 2599 2816 2663 vos,Patrem
2831 2597 3095 2653 habemus
3106 2598 3150 2651 Α
3161 2596 3476 2651 bra/tam“.

112 2684 202 2732 τὸν
257 2680 516 2757 Ἀϐραάμ.
579 2689 810 2736 Τοιαῦτα
860 2686 962 2756 γὰρ
1010 2685 1076 2735 τὰ
1139 2691 1239 2734 τῶν
1298 2679 1570 2736 Ἰουδαίων
1622 2682 1710 2734 αύ·

1859 2685 2246 2756 lujuscemodi
2293 2702 2436 2742 sane
2484 2691 2654 2742 erant
2691 2687 3030 2742 Iudaeorum
3076 2683 3477 2754 gloriationes.

107 2775 339 2842 χήματα
404 2772 653 2842 (48).Μὴ
712 2775 921 2844 ἔχοντες
977 2773 1079 2845 γὰρ
1123 2772 1339 2834 οἰκείαις
1401 2769 1607 2846 ἀρεταῖς
1637 2770 1709 2823 ἐν·

1862 2778 1976 2830 iam
2007 2791 2144 2830 cum
2171 2776 2246 2830 de
2287 2775 2541 2848 propriis
2577 2774 2892 2830 virtutibus
2920 2774 3159 2845 gloriari
3197 2789 3318 2828 non
3350 2788 3480 2844 pos-

113 2863 480 2931 azuvi'wwOat,
549 2867 644 2920 τὴν
711 2871 810 2914 τῶν
889 2865 1154 2936 προγόνων
1239 2861 1493 2932 εὐγένειαν
1559 2880 1709 2935 προεο

1863 2872 1970 2931 ent,
1998 2865 2441 2936 progenitorum
2473 2865 2839 2921 nobilitatem
2889 2864 3293 2937 opponebant.
3327 2860 3481 2929 Quid

112 2949 376 3003 ϐάλλοντο.
405 2956 468 3004 Τί
499 2947 585 3003 οὖν
617 2952 642 3002 6
679 2955 904 3023 Χριστός
935 2969 948 3018 ;
982 2950 1093 3003 Οὐκ
1124 2950 1328 3021 ἤλεγξεν
1370 2950 1559 3012 αὐτούς
1586 2950 1715 3003 πολ-

1866 2970 1966 3024 rgo
1992 2955 2304 3011 Christus?
2333 2957 2459 3010 Non
2489 2955 2742 3010 convicit
2767 2970 2891 3018 eos,
2918 2953 3083 3026 quod
3119 2952 3336 3024 saepius
3367 2965 3484 3007 ser-

109 3040 264 3102 λάκις
322 3037 700 3101 δουλεύσαντας
760 3041 1060 3112 Αἰγυπτίοις
1126 3045 1211 3093 καὶ
1267 3038 1604 3101 Βαϐυλωνίοις
1625 3046 1715 3092 καὶ

1866 3043 2047 3097 issent
2092 3043 2378 3114 Egyptiis
2427 3048 2485 3098 et
2523 3042 2895 3114 Babyloniis,
2943 3041 3190 3110 aliisque
3233 3037 3483 3094 diversis

115 3127 385 3204 διαφόροις
412 3131 586 3190 ἄλλοις
629 3132 822 3182 ἔθνεσιν
859 3147 870 3159 ·
908 3129 1035 3180 ἀλλὰ
1073 3131 1266 3186 ταύτην
1315 3131 1404 3199 μεν
1443 3134 1536 3187 τὴν
1589 3125 1717 3181 δον-

1868 3130 2122 3197 entibus,
2143 3131 2246 3184 scd
2272 3132 2428 3186 hanc
2450 3130 2694 3203 quidem
2726 3129 3100 3202 praetermisit
3118 3128 3481 3192 servitutem,

111 3218 254 3270 λείαν
293 3216 626 3294 παρέδραμεν
660 3221 724 3279 ὡς
775 3214 926 3270 οὐδὲν
958 3216 1298 3290 βλάπτουσαν
1342 3221 1436 3275 τὴν
1473 3216 1715 3288 ψυχικὴν

1873 3225 1893 3273 t
1930 3235 2064 3290 quas
2098 3219 2242 3273 nihil
2275 3219 2489 3275 animae
2535 3218 2911 3289 generositati
2939 3216 3156 3273 ofﬁciat
3184 3233 3198 3282 ;
3231 3215 3304 3271 de
3348 3230 3485 3286 pec-

115 3308 391 3378 εὐγένειαν.
427 3313 544 3382 περὶ
596 3304 655 3360 δε
705 3316 802 3369 τῆς
853 3305 1112 3380 ἁμαρτίας
1173 3311 1352 3378 φησὶν,
1385 3308 1497 3366 ἣτις
1552 3305 1714 3364 αὐτὴν

1869 3313 1963 3363 ato
1995 3323 2134 3364 vero
2165 3309 2264 3374 ait,
2293 3308 2459 3380 quod
2492 3307 2573 3362 illi
2603 3313 2793 3376 nocet,
2828 3305 3091 3362 servituti
3132 3321 3267 3360 eam
3305 3303 3487 3374 subji-

120 3396 345 3469 βλάπτει
375 3393 800 3463 καταδουλούσα,
835 3391 892 3456 ἧς
919 3397 950 3455 ἡ
985 3391 1200 3449 δουλεία
1226 3394 1600 3467 χαλεπωτάτη,
1632 3393 1718 3466 ἀφ’

1869 3396 2012 3461 iens,
2059 3397 2230 3467 cujus
2280 3402 2365 3451 est
2411 3396 2744 3451 miserrima
2785 3394 3060 3462 servitus,
3122 3410 3158 3450 a
3201 3407 3324 3465 qua
3366 3407 3487 3447 non

117 3488 177 3544 ἧς
209 3484 464 3560 ἐλευθεροῖ
486 3485 591 3556 οὐχ
613 3486 792 3558 ἔτερος,
825 3483 932 3537 ἀλλ’
975 3485 1004 3543 ἦ
1047 3488 1200 3556 μόνος
1244 3485 1270 3536 6
1315 3488 1544 3557 Χριστὸς
1570 3489 1660 3537 καὶ
1687 3486 1718 3543 ἡ

1866 3485 2177 3542 ,liuslibera
2188 3486 2289 3555 bit,
2310 3493 2522 3558 praeter
2539 3485 2823 3542 Christum
2855 3500 2923 3540 ac
2942 3484 3280 3540 doctrinam
3307 3481 3484 3537 illius.

124 3571 454 3627 διδασκαλία
479 3574 664 3631 αὐτοῦ.

197 3665 477 3737 Ἀπεκρίθη
537 3694 605 3706 -—-
661 3663 940 3738 ἁμαρτίας.
1004 3667 1272 3716 Δείκνυσιν
1335 3663 1417 3716 ὅτι
1483 3661 1722 3716 δουλείαν

1910 3664 2069 3720 Vers.
2101 3665 2187 3721 34.
2218 3664 2532 3734 Respondit
2588 3692 2653 3709 υ·-
2679 3669 2929 3734 peccatu
2981 3661 3272 3726 Ostendit,
3324 3659 3490 3733 quod

127 3752 354 3825 ἐνέφηνεν
401 3751 636 3824 ἀνωτέρω
665 3758 758 3812 τὴν
809 3751 861 3816 ἐξ
890 3752 1170 3826 ἁμαρτίας,
1207 3752 1266 3804 ού
1318 3757 1415 3811 τὴν
1461 3755 1518 3806 ἐκ
1571 3749 1728 3805 δανα-

1875 3753 2114 3826 uperius
2176 3753 2593 3823 signiﬁcaverit
2633 3752 2851 3809 animae
2884 3755 3224 3808 servitutem
3264 3766 3334 3807 ac
3360 3765 3493 3822 pec-

131 3847 304 3905 στείας
331 3841 625 3917 ἀνθρώπου.
673 3839 783 3895 Ἰνα
814 3839 873 3894 δε
902 3846 974 3913 μὴ
1026 3845 1262 3905 εῖπωσιν,
1296 3843 1372 3893 ὅτι
1399 3840 1458 3894 Ὀ
1495 3849 1725 3904 Μωυσῆς

1877 3845 1973 3911 ati,
2011 3859 2131 3900 non
2159 3859 2290 3899 eam
2318 3861 2448 3916 quae
2481 3844 2537 3899 vi
2559 3842 2826 3899 humana
2852 3842 3249 3911 contingebat.
3283 3843 3361 3896 Ne
3392 3855 3495 3894 au-

127 3933 264 4003 ἠμᾶς
290 3930 616 4006 ἐλευθερώσει
647 3933 864 3999 ταύτης,
907 3927 1145 3983 δείκνυσι
1177 3927 1210 3982 δ
1217 3933 1270 3982 ια
1320 3929 1622 4002 παραϐολῆς
1649 3933 1730 3984 ὅτι

1869 3950 1956 3989 em
1983 3933 2245 3989 dicerent
2267 3950 2278 3988 :
2297 3937 2482 3990 Moses
2497 3949 2606 3989 nos
2633 3933 2710 3988 ab
2731 3931 3131 3988 hacliberabit
3165 3947 3178 3995 ;
3206 3945 3310 4002 per
3338 3928 3487 3984 simi-

128 4021 223 4073 ούκ
263 4024 375 4093 ἔχει
423 4019 611 4082 ἐκεῖνος
657 4020 913 4087 ἐξουσίαν,
958 4016 1143 4082 δοῦλος
1189 4020 1278 4089 ὢν,
1325 4019 1434 4072 ἀλλ’
1482 4020 1639 4082 αὐτὸς
1664 4023 1730 4082 ὡς

1885 4022 2148 4078 tudinem
2171 4023 2446 4092 ostendit,
2475 4022 2642 4095 quod
2672 4038 2811 4078 cum
2835 4021 2908 4076 sit
2938 4020 3033 4075 ille
3066 4035 3296 4085 servus,
3318 4017 3494 4074 talem

127 4115 269 4174 Υἱός.
1839 4128 1958 4167 non
1991 4111 2212 4167 habeat
2267 4117 2642 4183 potestatem,
2676 4111 2780 4166 sed
2813 4110 2937 4181 ipse
2993 4114 3192 4180 utpote
3224 4107 3422 4162 Filius.

198 4199 256 4252 Ὀ
297 4196 356 4253 δε
387 4196 575 4262 δοῦλος
619 4231 688 4240 --
729 4199 909 4252 αἰῶνα.
962 4197 1020 4250 Ὁ
1073 4194 1255 4259 δούλος
1321 4197 1378 4250 ού
1423 4198 1731 4272 κληρονομεῖ

1910 4201 2072 4256 Vers.
2105 4205 2191 4256 35.
2225 4200 2439 4257 Servus
2463 4207 2656 4257 autem
2680 4230 2749 4240 -—
2779 4206 3090 4255 aeternum.
3134 4199 3347 4253 Servus
3376 4209 3497 4250 non

125 4294 216 4346 την
248 4289 414 4341 οἰκίαν
454 4297 546 4341 τοῦ
575 4309 760 4361 κυρίου
809 4287 966 4340 αύτού
998 4305 1010 4316 ·
1051 4287 1077 4338 6
1129 4289 1241 4348 υἱὸς
1296 4286 1594 4358 κληρονομεῖ
1642 4286 1731 4338 αύ-

1881 4290 2056 4360 ccipit
2071 4289 2130 4344 in
2146 4289 2554 4345 hiereditatem
2574 4288 2826 4343 domum
2847 4287 3076 4341 domini
3101 4285 3213 4348 sui,
3230 4284 3387 4339 filius
3407 4299 3499 4339 ac-

129 4385 244 4437 τήν.
298 4383 492 4432 Λοιπὸν
542 4378 727 4440 ἐκεῖνος
772 4377 883 4449 (49)
918 4377 1010 4428 οὐκ
1059 4379 1172 4448 ἔχει
1241 4375 1482 4438 ἐξουσίαν
1538 4374 1731 4428 ἐλευθεο

1881 4378 1983 4450 ipit
2035 4377 2095 4432 in
2148 4377 2577 4432 haereditatem.
2613 4377 2814 4448 Itaque
2862 4392 2982 4430 non
3040 4373 3218 4429 habet
3249 4373 3343 4428 ille
3392 4388 3499 4444 po-

127 4475 274 4542 ρούν,
317 4465 500 4531 δούλος
565 4471 633 4520 ὤν
697 4487 710 4500 ο
749 4466 848 4538 ἐγὼ
913 4469 1021 4537 ἔχω
1088 4464 1326 4528 ἐξουσίαν
1408 4463 1726 4537 ἐλευθεροῦν,

1884 4465 2440 4532 :statemliberandi,
2476 4481 2612 4521 cum
2647 4465 2720 4520 sit
2745 4481 2952 4520 servus
2990 4481 3003 4520 :
3040 4479 3153 4533 ego
3177 4462 3372 4519 habeo
3400 4477 3502 4533 po-

130 4559 251 4618 Υὶὸς
303 4557 370 4608 ὧν
418 4562 507 4608 καὶ
553 4561 711 4628 μένων
768 4554 816 4606 ἐν
888 4562 948 4626 τῇ
1024 4555 1166 4626 οἰκίᾳ
1218 4561 1308 4606 τοῦ
1368 4558 1566 4627 Πατρός
1621 4573 1722 4625 μου

1884 4559 2110 4611 :statem
2133 4554 2449 4618 liberandi,
2488 4570 2626 4609 cum
2650 4553 2763 4607 sim
2798 4552 3004 4618 Filius,
3038 4558 3093 4608 et
3130 4567 3411 4606 maneam
3443 4551 3502 4605 in

134 4645 212 4699 ἀεὶ
242 4650 330 4698 καὶ
360 4645 686 4720 κληρονομῶν
737 4649 829 4702 τὴν
858 4642 1098 4705 ἐξουσίαν
1138 4642 1318 4696 αὑτοῦ.
1367 4640 1490 4695 Εἶπε
1513 4644 1612 4715 γὰρ
1641 4646 1731 4694 καὶ

1887 4660 2024 4699 omo
2085 4644 2274 4699 Patris
2352 4643 2464 4698 mei
2539 4643 2599 4698 in
2659 4649 2973 4712 aeternum,
3049 4646 3105 4697 et
3165 4639 3505 4696 haereditate

136 4736 308 4790 ὀπίσω
335 4737 416 4789 ὅτι
461 4738 566 4794 Τὴν
616 4737 794 4807 κρίσιν
855 4737 1029 4784 πᾶσαν
1076 4727 1274 4784 δέδωκε
1307 4740 1376 4803 τῷ
1432 4733 1536 4801 Υἰῷ
1597 4748 1609 4761 ⁸
1644 4735 1734 4783 καὶ

1885 4734 2069 4806 ccipio
2109 4738 2466 4805 potestatem
2517 4732 2735 4802 ipsius.
2801 4731 2950 4787 Nam
3009 4735 3066 4786 et
3117 4729 3390 4802 superius
3420 4728 3503 4784 di-

135 4825 290 4880 πάλιν
346 4840 360 4855 ⁸
411 4828 511 4879 Καὶ
585 4822 824 4886 ἐξουσίαν
909 4816 1096 4873 ἔδωκεν
1171 4819 1311 4891 αύτῷ
1390 4825 1482 4872 καὶ
1565 4825 1735 4895 κρίσιν

1888 4823 1952 4887 it,
1985 4822 2148 4894 quod
2174 4821 2210 4876 J
2215 4821 2475 4876 udicium
2493 4837 2652 4877 omne
2669 4819 2825 4874 dedit
2851 4820 3014 4875 Filio
3037 4820 3103 4873 ⁸⁸.
3126 4820 3206 4874 Ac
3231 4833 3465 4873 rursum
3491 4837 3503 4873 :

140 4922 328 4973 ποιεῖν.

1888 4913 1922 4966 .‘t
1949 4917 2294 4981 potestatem
2322 4910 2482 4966 dedit
2502 4909 2552 4964 ei
2577 4911 2750 4965 etiam
2791 4909 3090 4976 judicium
3141 4906 3410 4978 faciendi
3438 4906 3506 4961 θ’.

211 5005 329 5058 Ἐὰν
381 5034 450 5046 -
501 5003 700 5056 ἔσεσθε.
760 5006 868 5054 Νῦν
915 5001 1004 5073 μεν
1041 5001 1140 5072 γὰρ
1191 4998 1286 5052 οὐκ
1353 4997 1557 5062 ἀληθῶς
1606 4999 1738 5052 ἑλεύο

1923 5001 2082 5058 Vers.
2123 5003 2209 5056 36.
2240 4999 2300 5056 Si
2335 5029 2395 5039 —-
2427 4999 2612 5056 eritis.
2649 5001 2806 5054 Nunc
2827 4998 2988 5053 enim
3015 5013 3138 5054 non
3171 5012 3306 5052 vere
3340 4994 3509 5050 liberi

143 5096 282 5169 θεροί
320 5096 454 5162 ᾶστε,
511 5089 891 5166 δεδουλωμένοι
919 5097 981 5164 τῇ
1032 5089 1266 5167 ἁμαρτίᾳ
1310 5104 1324 5121 ⁶
1359 5091 1440 5142 ὅτε
1468 5085 1527 5142 δε
1571 5090 1596 5141 6
1625 5091 1738 5151 Υἱὸς

1893 5091 2008 5156 stis,
2052 5106 2192 5156 cum
2231 5088 2387 5147 servi
2414 5087 2554 5146 facti
2581 5088 2708 5143 sitis
2749 5091 3040 5160 peccato:
3084 5084 3328 5160 quando
3379 5099 3511 5142 vero

211 5295 258 5330 ⁵³
287 5291 460 5352 Joan.
490 5311 567 5363 v1,
601 5299 689 5354 66.
767 5296 813 5332 ⁸⁸
839 5294 1012 5354 Joan.
1043 5310 1152 5362 xxv,
1181 5297 1235 5351 6.
1312 5295 1356 5331 ετ
1389 5294 1591 5352 Matth.
1634 5311 1713 5362 ιιι,
1747 5299 1800 5352 9.
1879 5295 1926 5332 ⁸⁸
1953 5293 2122 5352 Joan.
2157 5311 2211 5361 ν,
2239 5297 2328 5351 22.
2408 5296 2454 5332 σε
2488 5293 2641 5362 ibid.
2675 5295 2767 5353 27.

1367 5489 1598 5562 .Varize
1629 5491 1959 5561 lectiones
1993 5499 2061 5560 et
2086 5499 2289 5560 notze.

151 5759 273 5834 alia
287 5759 711 5834 interpretatio,
734 5759 972 5818 diversa
1001 5775 1036 5818 a
1064 5760 1262 5833 priori.
1543 5761 1545 5764 ⁴

809 5775 972 5818 versa
1001 5775 1036 5818 a
1064 5760 1262 5833 priori.
1543 5761 1545 5764 ⁴
1926 5759 2042 5834 (Ii-8)
2069 5759 2330 5834 Σχῆματα
2360 5764 2427 5834 tt,

219 5687 334 5770 μᾷ)
363 5683 433 5745 Ἦ
489 5687 985 5770 interponendum
1007 5686 1261 5773 videtur.
1299 5690 1397 5748 Est
1431 5690 1588 5764 enim
1619 5689 1748 5748 haec
1926 5688 2043 5832 £47)
2074 5686 2342 5760 Baptista
2374 5685 2686 5744 nimirum.

219 5776 268 5816 ia
287 5765 711 5832 interpretatio,
734 5759 972 5818 diversa
1001 5775 1036 5818 a
1064 5775 1262 5832 priori.
1951 5761 2019 5816 48
2069 5765 2330 5832 Σχήματα
2360 5764 2428 5814 Α.
2791 5827 2803 5832 _
2881 5779 2886 5784 ·

225 5689 334 5770 με)
363 5689 433 5745 Ἦ
489 5689 985 5770 interponendum
1007 5689 1261 5746 videtur.
1299 5690 1397 5748 Est
1431 5690 1588 5764 enim
1619 5689 1748 5748 haec

225 5776 268 5816 .a
287 5765 711 5832 interpretatio,
734 5759 972 5818 diversa
1001 5775 1036 5818 a
1064 5760 1262 5833 priori.

225 5831 338 5904 (46)
366 5829 566 5898 Ψεῦδος
593 5837 654 5890 Α.

1437 5690 1588 5764 enim
1619 5689 1748 5748 haec
1952 5689 2043 5832 47)
2074 5689 2342 5760 Baptista
2374 5689 2686 5744 nimirum.

1951 5761 2019 5816 4-8
2069 5765 2330 5834 Σχήματα
2360 5764 2428 5814 Α.
2881 5779 2886 5784 ’

1926 5689 2042 5909 ξω)
2075 5835 2260 5890 Moses
2295 5831 2540 5903 scilicet,
2563 5835 2635 5889 ut
2667 5827 2849 5890 modo
2889 5826 3055 5886 dixit.
