4098 6428
156 310 298 368 1297

1139 307 1509 366 COMMENT.
1553 307 1625 364 IN
1663 305 2014 364 JOANNEM.
2057 338 2126 349 —
2163 307 2314 364 CAP.
2355 309 2497 364 VIII.

3379 310 3404 365 1
3414 309 3518 367 298

147 439 233 489 τὸν
289 438 438 503 Θεὸν,
490 443 563 507 τῷ
622 431 682 489 δε
734 443 947 512 Χριστῷ
979 440 1185 512 Πατέρα
1233 431 1368 488 ἴδιον
1417 434 1614 507 λέγοντι
1665 436 1748 486 τὸν

1876 432 2184 506 appellant,
2210 450 2348 490 cum
2380 434 2606 492 Christo
2633 433 2851 491 dicenti
2897 433 3129 492 Patrem
3169 451 3348 492 suum
3387 451 3516 492 esse

150 529 279 579 Θεὸν
353 524 732 598 ἕχαλέπαινοη
824 530 965 578 Διότι
1053 524 1238 588 ἐκεῖνος
1321 527 1471 597 φύσει
1545 526 1753 596 Πατέρα

152 615 335 668 ἑαυτοῦ
380 614 542 686 ἔλεγεν
593 615 768 670 αὐτόν.
820 619 889 667 Τὸ
945 612 1026 684 δε,
1081 613 1254 686 Ἡμεῖς
1305 612 1360 666 ἐκ
1405 618 1644 688 πορνείας
1692 612 1750 664 ού

152 706 494 776 γεγεννήμεθα
550 705 663 776 (54)
723 712 916 757 νοεῖται
971 707 1061 776 μεν
1117 701 1210 757 δια
1280 706 1345 756 τὰ
1418 704 1473 766 ἐξ
1530 700 1753 774 Ἰσμαὴλ

150 798 482 865 καταγόμενα
530 796 668 862 ἔθνη,
734 796 783 854 ὃς
839 797 893 846 ἐκ
947 791 1196 856 δουλικῆς
1257 792 1560 859 συμπλοκῆς
1616 790 1750 864 ἐγεν-

150 884 283 940 νήθη
333 891 406 953 τῷ
448 882 705 956 Ἀϐραὰμ,
745 882 822 952 [ἐξ
853 883 964 954 (55)
1023 881 1192 954 Ἅγαρ
1237 890 1326 942 τῆς
1382 878 1602 942 δούληςο
1663 879 1753 932 ἅτε

153 971 321 1024 αύτῶν
377 971 430 1035 ἐξ
490 971 670 1025 Ἰσαὰκ
721 976 1104 1045 καταγομένων,
1157 971 1209 1032 ὃς
1265 971 1317 1034 ἐξ
1373 971 1605 1043 εὐγενοῦς
1654 971 1750 1041 γά-

149 1080 252 1133 μου
284 1059 524 1132 ἐγεννήθη
578 1069 650 1134 τῷ
676 1059 961 1135 Ἀϐραὰμ]
996 1060 1050 1114 ἐκ
1073 1059 1269 1136 Σάρρας
1305 1069 1402 1121 τῆς
1443 1064 1624 1134 κυρίας
1662 1066 1752 1119 τῆς

149 1149 344 1226 ”Αγαρ.

227 1245 454 1312 Λέγουσι
494 1240 608 1312 (56)
649 1236 709 1293 δέ
751 1259 883 1303 τινες
927 1243 1006 1292 ὃτι
1050 1243 1174 1312 πρὸς
1217 1239 1364 1312 ύϐριν
1393 1239 1554 1292 αύτοῦ
1600 1245 1752 1290 τοῦτο

152 1326 292 1382 εἶπον
336 1333 385 1382 οἱ
442 1329 652 1401 έναγεῖς,
688 1326 780 1382 διὰ
808 1334 866 1382 τό
897 1329 1135 1401 λέγεσθαι
1193 1329 1348 1382 αὐτὸν
1385 1333 1454 1401 μὴ
1503 1325 1631 1380 εἶναι
1663 1329 1753 1398 φύ-

155 1439 235 1472 σει
269 1421 375 1471 υἱόν
424 1427 516 1472 τοῦ
565 1419 780 1492 Ἰωσήφ.
828 1418 950 1472 Ὀτε
984 1415 1042 1471 δὲ
1078 1417 1390 1482 ἐξευτελίσαι
1447 1425 1623 1470 τοῦτον
1672 1418 1751 1468 θέ-

148 1508 322 1575 λουσι,
363 1513 478 1561 τότε
507 1508 660 1562 αύτὸν
714 1510 824 1560 υἱὸν
863 1516 954 1560 τοῦ
1004 1508 1199 1580 Ἰωσὴφ
1245 1507 1582 1580 ὀνομάζουσι,
1629 1507 1753 1557 ποτε

148 1603 238 1670 μὲν
291 1607 460 1663 τοῦτο,
517 1601 641 1651 ποτε
687 1594 745 1650 δὲ
798 1596 954 1650 ἐκεῖνο
988 1597 1328 1672 φλυαροῦντες
1369 1601 1458 1648 καὶ
1507 1591 1753 1648 οὐδέποτε

147 1697 208 1761 τῇ
280 1687 496 1760 ἀληθείᾳ
546 1688 918 1758 συντιθέμενοι.
996 1691 1095 1739 Καὶ
1161 1691 1265 1758 μὴν
1341 1685 1516 1738 πολλοὶ
1585 1685 1751 1736 αὐτῶν

1863 523 2050 578 Deum
2084 523 2536 592 indignarentur
2563 524 2590 579 ?
2625 525 2771 590 Quia
2803 523 2898 579 ille
2925 532 3137 580 natura
3181 540 3359 580 suum
3385 539 3517 580 esse

1860 612 2092 668 Patrem
2125 613 2372 668 dicebat.
2401 613 2572 678 Quod
2606 619 2802 670 autem
2833 613 3038 669 dicunt
3072 631 3085 668 :
3112 614 3236 668 Nos
3265 620 3517 682 estupro

1858 703 1991 758 nati
2015 718 2126 757 non
2159 718 2372 773 sumus,
2416 701 2760 772 intelligitur
2782 708 3022 775 propter
3053 709 3260 772 gentes
3287 719 3416 774 quas
3439 702 3516 758 ab

1862 791 2071 846 Ismael
2123 791 2595 857 descendebant,
2651 793 2756 864 qui
2814 807 2884 847 ex
2942 791 3136 847 servili
3190 807 3517 862 congressu

1860 880 2133 949 Abrahae,
2168 898 2239 937 ex
2269 889 2424 952 Agar
2456 882 2728 938 videlicet
2757 881 2976 938 ancilla
3006 886 3181 938 natus
3208 889 3351 946 erat,
3379 897 3518 936 cum

1859 969 1971 1042 ipsi
2003 970 2079 1024 ab
2103 970 2262 1026 Isaac
2286 971 2738 1037 descenderent,
2763 970 2867 1043 qui
2890 987 2960 1026 ex
2978 970 3242 1041 legitimo
3269 970 3518 1026 Abrahae

1859 1059 2269 1125 matrimonio,
2290 1076 2362 1116 ex
2387 1060 2564 1117 Sarra
2583 1060 2832 1116 domina
2858 1061 3047 1135 ipsius
3071 1066 3227 1131 Agar
3245 1067 3370 1116 erat
3387 1075 3518 1133 pro-

1861 1149 2115 1216 genitus.

1931 1237 2140 1292 Dicunt
2179 1242 2380 1294 autem
2421 1237 2626 1312 aliqui,
2670 1238 2837 1312 quod
2880 1239 2957 1296 ad
2998 1237 3364 1296 inferendam
3405 1237 3518 1311 ipsi

1858 1325 2143 1395 injuriam
2176 1327 2288 1382 hoc
2324 1329 2583 1384 dixerint
2635 1327 3030 1384 exsecrabiles
3071 1327 3173 1392 illi,
3229 1344 3301 1384 eo
3352 1327 3515 1401 quod

1859 1414 2118 1471 dicerent
2181 1432 2299 1472 non
2357 1433 2489 1474 esse
2546 1434 2686 1474 eum
2741 1422 2958 1474 natura
3025 1416 3216 1473 ﬁlium
3273 1418 3515 1490 Joseph.

1861 1504 2112 1568 Quando
2175 1512 2376 1561 autem
2456 1511 2763 1563 attenuare
2841 1523 2980 1563 eum
3059 1494 3287 1572 volunt,
3383 1511 3520 1562 tunc

1861 1591 2048 1648 ﬁlium
2073 1593 2294 1666 Joseph
2326 1595 2529 1668 ipsum
2560 1596 2897 1668 appellant,
2942 1595 3242 1652 interdum
3273 1596 3518 1668 quidem

1861 1679 1996 1744 hoc.
2030 1683 2329 1738 interdum
2357 1701 2496 1740 vero
2531 1685 2675 1740 illud
2723 1689 3041 1756 nugantes,
3102 1693 3158 1741 et.
3202 1701 3518 1757 nunquam

150 1776 203 1828 ix
248 1782 482 1851 πορνείας
553 1775 936 1848 ὶγεννήθησαν’
993 1775 1214 1838 πολλούς
1260 1778 1361 1849 γὰρ
1421 1778 1748 1847 παρανόμους

1876 1771 2085 1827 veritati
2129 1772 2522 1830 adhmrenles.
2581 1774 2758 1847 Atqui
2819 1774 2985 1830 multi
3025 1790 3285 1830 eorume
3315 1781 3518 1845 stupro

147 1868 353 1938 γάμους
387 1862 638 1919 Ἰουδαῖοι
669 1864 894 1920 ἐποίουν.
955 1865 1115 1918 Ἀλλά
1153 1870 1242 1918 καὶ
1272 1873 1426 1916 τοῦτο
1459 1869 1586 1936 σιγᾷ
1624 1866 1753 1938 πρὸς

150 1959 208 2007 τό
235 1956 414 2029 μεῖζον
446 1955 789 2028 ἐπειγόμενος.

226 2135 374 2188 Εἶπεν
410 2166 475 2176 -
512 2134 740 2198 ἐξῆλθον.
770 2133 1098 2205 Ἐγεννήθην,
1126 2137 1156 2192 ἣ
1193 2132 1505 2192 ἀπεστάλην.

228 2230 326 2278 Καὶ
360 2227 490 2282 ἧκω.
525 2227 657 2296 Πρός
687 2225 842 2295 ὑμᾶς.

225 2311 364 2366 Ούὸε
391 2344 455 2353 —
489 2311 724 2370 ἐλήλυθα.
753 2311 879 2364 Ἀπὸ
909 2307 1048 2364 ἰδίου
1081 2311 1361 2384 θελήματος
1385 2327 1396 2338 ·
1431 2310 1490 2363 ού
1519 2312 1619 2383 γὰρ
1644 2313 1752 2382 ἔχω

150 2401 290 2456 ἴδιον
319 2401 536 2474 θέλημα,
570 2404 634 2462 ὡς
662 2400 908 2461 πολλάκις
939 2404 1162 2474 εἴρηται.

224 2581 358 2636 Ἀλλ’
419 2613 484 2622 --
549 2579 863 2635 ἀπέστειλεν.
932 2579 1014 2641 Ὠς
1076 2583 1249 2655 πατὴρ
1312 2580 1444 2646 υἱὸν,
1503 2581 1572 2639 ὡς
1633 2585 1751 2640 νοῦς

144 2667 320 2738 λόγον.

222 2761 366 2808 Διάτί
397 2787 460 2795 -
481 2760 794 2826 γινώσκετε;
827 2759 970 2807 Διατί
994 2755 1059 2806 τὰ
1077 2753 1326 2826 λεγόμενα
1346 2752 1468 2825 παρ’
1491 2751 1614 2824 ἐμοῦ
1640 2752 1746 2823 (57)

141 2846 207 2898 ού
235 2853 420 2910 νοεῖτε;
457 2842 583 2897 Εἶτα
608 2845 932 2918 προστίθησι
960 2848 1049 2896 καὶ
1076 2847 1170 2902 τὴν
1200 2842 1371 2894 αἱτιαν
1394 2849 1486 2894 τοῦ
1516 2846 1586 2914 μὴ
1619 2848 1749 2894 νοεῖν

141 2935 335 2996 αύτούς
361 2935 514 2986 σύτά.

219 3025 339 3076 Ὀτι
384 3055 450 3064 -
491 3022 632 3095 ἐμόν.
677 3026 768 3086 Τό,
827 3021 902 3073 Ού
957 3018 1205 3084 δύνασθε,
1255 3023 1310 3072 τὸ
1364 3019 1438 3071 Ού
1499 3017 1750 3091 βούλεσθε

141 3119 396 3186 σημαίνει
422 3120 528 3178 νῦν,
562 3114 643 3164 ὅτι
692 3111 749 3163 ού
783 3109 1034 3182 βούλεσθε
1065 3113 1294 3161 συνιέναι
1347 3112 1432 3160 τὸν
1478 3106 1627 3177 λόγον
1665 3111 1749 3158 τὸν

136 3203 285 3273 ἐμὸν,
321 3206 406 3253 τόν
439 3205 555 3272 περὶ
588 3197 884 3270 δογμάτων,
920 3195 1012 3250 διὰ
1040 3197 1340 3270 φαυλότητα
1368 3195 1552 3268 ψυχῆς
1571 3201 1749 3266 χαμαὶ

137 3296 435 3361 συρομένηε
487 3294 576 3340 καὶ
645 3284 810 3360 μηδὲν
860 3286 1058 3358 ὑψηλὸν
1135 3289 1543 3358 φανταζομένης.
1609 3285 1749 3337 Ἐπεὶ

138 3378 204 3433 δὲ
259 3379 548 3451 ἐτόλμησαν
619 3377 774 3429 εἰπεῖν
831 3381 1031 3450 πατέρα
1099 3375 1292 3428 ἑαυτῶν
1355 3378 1442 3426 τόν
1517 3377 1638 3427 Θεὸν
1699 3375 1748 3424 οἱ

138 3468 340 3530 ἀνάξιοι
404 3472 492 3518 xui
558 3474 654 3526 τῆς
707 3473 794 3517 τοῦ
859 3463 1098 3538 Ἀϐραὰμ
1168 3468 1482 3535 συγγενείας,
1550 3461 1747 3536 παρρη-

141 3557 384 3616 σιάζεται
434 3560 522 3608 καὶ
580 3554 762 3626 ἐπάγει
810 3557 1033 3619 τούτοις,
1095 3557 1162 3616 ὡς
1229 3552 1472 3616 ἀνιάτοις,
1524 3571 1746 3624 φανερω-

139 3649 292 3720 τέραν
324 3645 544 3716 πληγὴν,
585 3643 894 3718 ἀντίρροπον
926 3643 1039 3714 (58)
1088 3651 1181 3704 τῆς
1241 3640 1623 3714 ἀναισχυντίας
1659 3641 1747 3692 αύ-

141 3743 264 3798 τών,
332 3733 690 3786 καταστελλων
747 3735 804 3784 τό
861 3735 1082 3804 φύσημα
1133 3736 1223 3784 καὶ
1263 3734 1348 3783 τὸν
1399 3735 1596 3802 κόμπον
1649 3738 1746 3781 τῶν

143 3823 426 3886 ἀλαζόνων.

213 3913 378 3984 ’Υμεῖς
455 3943 519 3951 -
586 3909 718 3964 ἐστέ.
789 3909 954 3983 ’Υμεῖς
1016 3909 1072 3962 ἐκ
1133 3916 1226 3961 τοῦ
1290 3910 1486 3984 πατρὸς
1553 3905 1743 3960 ἐκείνου

138 4000 258 4054 ἕστε
323 4008 414 4053 τοῦ
490 3997 771 4053 διαϐόλου’
824 4000 965 4071 ύμῶν
1035 4002 1202 4070 πατὴρ
1277 3997 1460 4058 ἐκεῖνός
1531 3995 1670 4050 ἐστιν
1719 3998 1744 4048 ὀ

139 4087 176 4144 δ
183 4089 407 4152 ιάϐολος.

217 4184 316 4232 Καὶ
347 4210 415 4220 -
448 4185 629 4230 ποιεῖν.
685 4183 788 4230 Τοῦ
839 4179 1039 4248 πατρὸς
1087 4177 1228 4248 ύμών
1260 4175 1475 4227 ἐκεινου.
1539 4174 1742 4227 Ἐπιθυ-

136 4273 259 4341 μίαι
291 4273 401 4334 (59)
435 4263 493 4320 δε
536 4266 696 4318 αὐτοῦ
735 4269 793 4318 τό
825 4264 1264 4338 ἀνθρωποκτονεῖν
1307 4268 1397 4314 καὶ
1427 4265 1484 4314 τὸ
1529 4259 1741 4334 ψεῦδος,

138 4361 307 4410 εἰτονν
362 4358 386 4407 ό
447 4355 652 4417 σκολιός
706 4359 794 4406 καὶ
839 4351 1215 4427 διεφθαρμένος
1263 4350 1400 4424 βίος,
1447 4354 1516 4413 ὡς
1569 4350 1746 4423 ἐφεξῆς

139 4445 266 4519 ἐρεῖ.

137 4642 248 4691 νας,
315 4626 399 4674 τόν
471 4618 679 4694 Ἀδάμ”
751 4623 906 4682 αύτός
973 4623 1074 4693 γὰρ
1159 4619 1296 4688 αύτῷ
1377 4621 1464 4670 τὸν
1529 4619 1745 4670 θάνατον

135 4712 474 4788 προεξένησεν
499 4730 511 4742 ο
547 4707 658 4764 εἶτα
686 4716 776 4762 καὶ
805 4713 892 4761 τὸν
921 4712 1031 4761 υἱόν
1058 4709 1219 4760 αὐτοῦ
1243 4712 1328 4760 τόν
1352 4706 1508 4762 ’Ἀϐελ
1539 4705 1743 4762 ἀνελών.

137 4803 310 4863 Αύτός
349 4804 449 4875 γὰρ
496 4805 587 4852 καὶ
639 4798 780 4870 αύτῷ
839 4801 926 4850 τὸν
985 4793 1204 4869 ἀδελφὸν
1257 4800 1382 4850 mea
1433 4795 1746 4855 ίπανέστησε

135 4897 362 4952 κινήσας
395 4898 466 4961 τῷ
493 4891 688 4962 φθονῳ.

213 4985 316 5033 Καὶ
366 5009 431 5018 —-
489 4979 724 5036 ἔστηκεν.
777 4975 888 5028 Ούκ
945 4973 1168 5048 ἐμμένει,
1225 4979 1514 5038 τουτέστιν,
1571 4973 1618 5026 ἐν
1673 4984 1744 5046 τῷ

140 5070 281 5141 ὀρθῴ
327 5067 428 5139 βίῳ
458 5067 551 5120 ούκ
600 5066 939 5137 ἀναπαύεται,
995 5063 1122 5117 ἀλλὰ
1169 5072 1317 5137 μισεῖ
1365 5068 1459 5122 τὴν
1498 5067 1746 5123 τοιαύτην

143 5155 426 5209 πολιτείαν.

1865 1859 2171 1917 natierant
2203 1861 2436 1928 ;multis
2463 1879 2724 1935 namque
2747 1862 3065 1935 illegitimis
3079 1863 3301 1936 nuptiis
3330 1862 3516 1919 Judaei

1863 1949 2307 2020 copulabantur
2337 1969 2350 2019 ;
2403 1968 2611 2008 verum
2640 1952 2770 2008 silet
2801 1951 2982 2009 etiam
3022 1952 3156 2018 hoc,
3182 1967 3516 2026 properans

1863 2039 1935 2095 ad
1961 2039 2022 2095 id
2053 2039 2220 2112 quod
2254 2043 2450 2112 majus
2481 2046 2588 2097 est.

1933 2146 2086 2185 vers.
2111 2129 2202 2185 42.
2243 2132 2341 2186 Ait
2366 2162 2435 2171 —
2461 2131 2642 2188 exivi.
2704 2131 2910 2197 Natus,
2942 2130 3033 2188 vel
3075 2131 3298 2186 missus
3357 2146 3516 2188 sum.

1934 2217 2103 2274 Vers.
2144 2218 2230 2274 42.
2272 2220 2350 2275 Et
2384 2219 2531 2276 veni.
2561 2220 2644 2275 Ad
2677 2236 2803 2276 vos.

1933 2310 2094 2363 Vers.
2129 2309 2217 2363 42.
2257 2309 2453 2381 Neque
2504 2340 2572 2349 —
2618 2310 2835 2366 veni.A
2885 2307 3125 2381 propria
3181 2308 3512 2374 voluntate,

1860 2413 1996 2453 cum
2025 2397 2330 2470 propriam
2362 2413 2478 2454 non
2503 2397 2764 2454 habeam
2788 2397 3174 2462 voluntatem,
3203 2403 3264 2454 ut
3294 2398 3516 2471 saepius

1860 2485 2085 2542 dictum
2117 2491 2224 2542 est.

1933 2578 2090 2632 Vers.
2125 2575 2211 2630 42.
2240 2575 2349 2632 Sed
2389 2605 2457 2616 —
2485 2576 2659 2632 misit.
2692 2578 2760 2632 Ut
2811 2580 2979 2649 pater
3007 2575 3223 2643 ﬁlium,
3257 2580 3315 2630 ut
3343 2591 3515 2632 mens

1862 2665 2134 2722 verbum.

1937 2755 2092 2810 Vers.
2132 2759 2219 2812 43.
2266 2755 2456 2823 Quare
2485 2786 2551 2796 —
2590 2755 2909 2826 agnoscitis
2930 2759 2955 2810 .9
2985 2757 3174 2821 Quare
3204 2770 3274 2812 ea
3302 2770 3440 2828 quaa
3480 2770 3517 2811 a

1862 2859 1958 2899 me
1974 2844 2276 2914 dicuntur,
2300 2860 2415 2900 non
2449 2843 2771 2915 intelligitis
2800 2846 2828 2901 ?
2859 2843 3076 2900 Deinde
3105 2843 3271 2900 addit
3301 2849 3358 2900 et
3383 2859 3517 2900 cau-

1861 2949 2012 3001 sam,
2044 2949 2149 2988 cur
2179 2933 2290 3004 ipsi
2320 2949 2439 2988 non
2468 2933 2862 3003 intelligerent
2884 2932 3003 2989 illa.

1932 3023 2100 3076 Vers.
2130 3023 2219 3076 43.
2255 3023 2397 3090 Quia
2427 3053 2494 3061 —
2526 3037 2737 3078 meum.
2773 3053 2838 3061 —
2860 3023 2993 3078 Non
3017 3022 3280 3092 potestis,
3338 3020 3515 3092 signi-

1805 3149 1825 3167 η
1862 3110 2000 3165 ficat
2026 3127 2203 3175 nunc,
2237 3110 2358 3165 Non
2387 3111 2585 3165 vultis.
2623 3111 2772 3176 Quia
2800 3126 2918 3165 non
2947 3111 3139 3174 vultis,
3178 3111 3391 3182 inquit,
3424 3111 3516 3165 in-

1860 3198 2116 3268 telligere
2144 3215 2479 3254 sermonem
2499 3215 2721 3262 meum,
2754 3199 2942 3271 quide
2975 3198 3212 3254 sublimi
3243 3197 3515 3256 doctrina

1859 3292 1962 3351 est,
2001 3287 2468 3358 prOpteranimee
2493 3292 2699 3342 vestrae
2715 3287 3062 3359 pravitatem
3079 3304 3211 3360 quae
3226 3286 3392 3342 humi
3415 3288 3514 3342 de-

1858 3380 2046 3431 tracta
2073 3380 2183 3443 est,
2217 3382 2271 3429 et
2305 3375 2449 3430 nihil
2489 3375 2744 3430 sublime
2775 3375 3161 3444 imaginatur.
3195 3375 3344 3443 Quia
3375 3391 3512 3431 vero

1857 3464 2052 3519 dicere
2083 3464 2207 3520 ausi
2241 3464 2494 3528 fuerant,
2518 3469 2750 3535 patrem
2774 3480 2950 3519 suum
2983 3479 3108 3520 esse
3137 3465 3342 3530 Deum,
3373 3481 3514 3521 cum

1856 3553 2108 3609 Abrahae
2138 3554 2493 3623 cognatione
2526 3552 2755 3624 indigni
2780 3557 2999 3619 essent,
3022 3552 3204 3608 libere
3233 3553 3510 3625 loquitur,

1856 3650 1912 3699 et
1941 3644 1998 3698 in
2029 3659 2131 3698 eos
2159 3642 2940 3715 tanquamimmedicabiles
2959 3641 3336 3699 manifestius
3363 3642 3515 3698 inﬂi-

1855 3733 1936 3802 git
1967 3733 2200 3797 vulnus,
2237 3732 2400 3802 quod
2432 3733 2698 3804 ipsorum
2721 3730 3107 3804 impudentiae
3134 3732 3511 3805 respondeat,

1855 3821 2215 3877 inflationem
2247 3837 2312 3875 ac
2342 3820 2662 3876 elationem
2707 3821 3116 3891 arrogantium
3147 3820 3504 3894 reprimens.

1929 3911 2090 3966 Vers.
2124 3910 2211 3968 44.
2253 3912 2359 3966 Vos
2387 3942 2456 3950 —
2503 3911 2655 3966 estis.
2689 3911 2810 3965 Vos
2851 3926 2922 3966 ex
2976 3915 3142 3982 patre
3189 3909 3288 3966 illo
3345 3910 3511 3978 estis,

1857 4015 2072 4071 nempe
2107 3999 2341 4055 diabolo
2374 4018 2386 4067 ;
2420 4006 2611 4054 vester
2640 3998 2734 4054 ille
2767 4005 2935 4070 pater
2972 4003 3081 4065 est,
3122 3998 3400 4054 diabolus
3431 3999 3516 4054 vi-

1855 4087 2084 4142 delicet.

1928 4179 2084 4231 Vers.
2131 4179 2218 4231 44.
2260 4177 2336 4230 Et
2365 4207 2432 4214 --
2464 4177 2721 4245 explere.
2766 4174 2955 4229 Patris
2986 4175 3140 4230 illius
3171 4175 3342 4231 vestri
3371 4196 3381 4238 ;
3416 4175 3514 4230 de-

1856 4264 2070 4319 sideria
2085 4272 2280 4320 autem
2298 4265 2453 4318 illius
2477 4271 2616 4319 sunt
2633 4263 3014 4318 homicidium
3033 4269 3088 4317 et
3107 4263 3510 4328 mendacium,

1856 4354 1978 4408 sive
2005 4352 2249 4424 obliqua
2289 4358 2344 4408 et
2389 4357 2672 4424 corrupta
2702 4352 2840 4414 vita,
2871 4351 3050 4406 veluti
3081 4356 3515 4427 consequenter

1856 4441 2031 4497 dicet.

211 4534 429 4592 Ἐκεῖνος
489 4565 552 4572 -
597 4531 792 4604 ἀρχῆς.
866 4535 964 4584 Τὸν
1018 4538 1222 4603 πρῶτον
1291 4530 1560 4602 ἄνθρωπον
1613 4529 1745 4580 κτεί-

1927 4530 2090 4586 Vers.
2123 4530 2213 4585 44.
2253 4529 2358 4586 Ille
2388 4561 2453 4570 —
2484 4529 2667 4586 initio.
2705 4529 3015 4586 Interfecto
3044 4529 3240 4602 primo
3272 4528 3512 4585 homine

1855 4620 2042 4675 Adam
2081 4639 2092 4678 :
2124 4636 2265 4675 nam
2295 4618 2422 4691 ipse
2465 4623 2718 4675 mortem
2762 4618 2842 4674 illi
2894 4617 3266 4691 propinavit:
3297 4617 3514 4674 deinde

1855 4709 2032 4764 etiam
2065 4709 2263 4763 occiso
2289 4707 2409 4762 ﬁlio
2459 4707 2613 4762 illius
2662 4707 2826 4775 Abel,
2873 4707 3172 4780 siquidem
3217 4706 3344 4779 ipse
3380 4705 3517 4763 fecit

1855 4797 2092 4853 fratrem
2117 4797 2244 4868 ejus
2276 4797 2416 4853 Cain
2451 4796 2509 4852 in
2541 4813 2678 4852 eum
2711 4797 3039 4867 insurgere,
3065 4812 3204 4852 cum
3239 4796 3405 4869 prius
3436 4795 3514 4851 ad

1855 4885 2141 4942 invidiam
2182 4883 2348 4940 illum
2382 4885 2688 4941 movisset.

1928 4973 2095 5030 Vers.
2130 4977 2214 5028 44.
2252 4973 2612 5029 Et—stetit.
2659 4975 2784 5029 Non
2839 4972 3186 5046 permansit,
3244 4973 3354 5028 hoc
3401 4977 3508 5042 est,

1857 5063 1918 5120 in
1949 5070 2106 5120 recta
2129 5062 2230 5118 via
2269 5078 2388 5119 non
2421 5061 2691 5134 quiescit,
2726 5062 2831 5120 sed
2859 5061 2982 5118 odit
3007 5062 3346 5141 hujusmodi
3374 5077 3514 5118 con-

1863 5154 2281 5209 versationem.

1353 5330 1576 5398 Variae
1623 5331 1952 5399 lectiones
1999 5342 2065 5398 et
2106 5339 2308 5398 notae.

213 5530 325 5600 (54)
368 5531 690 5601 Γεγενήμεθα
724 5535 754 5582 Α
771 5571 782 5601 .

238 5603 328 5672 55)
366 5600 600 5656 Inclusa
624 5600 1066 5672 exciderunt},

240 5669 328 5738 56)
370 5675 451 5728 Ita
479 5672 760 5742 Origenes
792 5677 936 5742 tom.
982 5671 1070 5735 IV,
1102 5685 1162 5742 p.
1195 5673 1295 5726 327
1329 5669 1390 5726 Β.

240 5743 329 5816 57)
364 5743 492 5819 Παρ⁹
520 5741 664 5818 ἐμοῦ,
698 5748 837 5816 post
862 5741 920 5796 ού
946 5741 1124 5799 νοεῖτε.
1157 5747 1192 5794 Β

1926 5527 2041 5599 (58)
2081 5527 2294 5602 Πληγὴν
2350 5526 2737 5602 ἀναντίρῥητονᾼ
2764 5526 3072 5602 ,Αμωειι
3117 5525 3265 5582 Illud
3331 5523 3516 5580 habet

1857 5599 2034 5672 etiam
2060 5600 2364 5671 Chrysost.
2397 5606 2451 5672 t.
2473 5599 2593 5664 vin,
2625 5615 2687 5672 p.
2713 5599 2820 5655 318
2857 5600 2920 5656 Ε.

1930 5671 2043 5742 (59)
2089 5671 2400 5744 Ἐπιθυμίας
2429 5671 2498 5727 Α.
