4098 6424
643 309 666 370 1
677 313 782 371 299

717 533 872 585 Vers.
905 529 999 586 44.
1038 528 1185 584 Cum
1213 559 1280 567 —
1322 526 1603 599 loquitur.
1640 558 1706 566 —
1733 526 1984 598 Propria
2013 526 2295 598 loquitur.

646 623 792 678 Nam
813 619 1127 692 proprium
1149 618 1275 688 ejus
1290 623 1377 673 est
1405 616 1827 673 mendacium:
1855 617 2151 690 siquidem
2173 617 2299 690 ipse

646 712 878 784 primus
899 709 1199 765 adinvenit
1228 707 1394 775 illud,
1447 711 1503 762 et
1550 709 1778 780 primus
1831 708 1930 764 illo
1983 725 2133 763 usus
2191 713 2296 775 est,

648 800 894 874 quando
921 801 994 854 ad
1046 800 1228 854 Evam
1253 798 1532 853 mentitus
1562 802 1667 862 est,
1701 797 1910 853 dicens
1941 797 2018 853 illi
2049 814 2154 870 per
2185 813 2301 853 ser—

647 896 888 964 pentem
911 906 922 944 :
948 891 1068 944 Non
1083 892 1268 944 morte
1291 887 1645 952 moriemini;
1664 891 1716 942 et
1738 887 1954 942 :Eritis
1969 888 2118 943 sicut
2136 887 2216 943 dii
2230 889 2299 943 τ’.

723 981 884 1034 Vers.
915 980 1000 1034 44.
1046 979 1196 1046 Quia
1236 976 1489 1033 mendax
1516 985 1615 1033 est.
1651 979 1727 1032 Ex
1759 992 1830 1032 eo
1858 982 2129 1048 tempore,
2157 982 2212 1033 et
2243 977 2302 1032 in

652 1076 950 1142 posterum
993 1069 1307 1124 mentiens.

725 1159 887 1213 Vers.
927 1162 1012 1214 44.
1048 1160 1120 1214 Et
1158 1163 1334 1227 pater
1363 1157 1569 1224 ipsius.
1599 1156 1907 1221 Mendacii,
1942 1161 2006 1213 ut
2043 1157 2144 1230 qui
2186 1157 2304 1229 pri-

654 1263 790 1305 mus
819 1247 962 1304 illud
992 1246 1313 1312 adinvenit,
1339 1247 1491 1302 sicut
1516 1245 1739 1302 dictum
1770 1251 1873 1301 est.

725 1427 892 1483 Vers.
917 1430 1004 1483 45.
1041 1426 1170 1497 Ego
1200 1457 1265 1466 —
1306 1424 1471 1481 mihi.
1523 1427 1667 1480 Nam
1705 1425 1753 1480 si
1794 1425 2178 1481 mendacium
2223 1425 2306 1481 di-

657 1533 871 1580 cerem,
907 1516 1221 1571 crederetis
1249 1515 1449 1587 utique
1480 1515 1646 1576 mihi,
1675 1519 1962 1586 tanquam
1987 1516 2044 1570 id
2068 1515 2302 1578 dicenti,

656 1608 813 1680 quod
847 1606 1154 1679 proprium
1179 1610 1266 1660 est
1289 1605 1471 1676 patris
1491 1604 1702 1668 vestri;
1735 1606 1872 1675 quia
1898 1611 2094 1660 autem
2120 1606 2308 1661 doceo

657 1697 985 1758 veritatem,
1008 1711 1128 1752 non
1152 1694 1383 1750 creditis
1407 1694 1572 1759 mihi,
1609 1698 1808 1766 utpote
1842 1695 2101 1751 alienum
2130 1695 2208 1750 al)
2238 1710 2309 1750 eo

1963 305 2315 366 EUTHYMII
2347 304 2652 364 ZlGABEN
2660 309 2683 368 Ι

714 440 878 496 Vers.
909 440 998 495 44.
1028 436 1175 504 Quia
1204 467 1272 478 —
1293 452 1371 494 eo.
1407 435 1524 493 Sed
1555 451 1587 492 e
1607 435 1844 492 diverso
1886 437 2294 493 mendacium.
2328 436 2374 488 Α

3822 318 3918 375 13m

2477 431 2601 488 Ὀτι
2632 467 2696 476 -
2735 435 2895 508 αύτῷ.
2917 435 3076 492 una
3109 438 3402 491 τούναντίον
3429 435 3636 510 ψεῦδος.

2481 525 2643 579 Ὀταν
2671 558 2740 568 -
2771 526 2929 583 λαλεῖ.
2963 558 3032 569 -
3077 531 3155 581 Τά
3182 525 3239 581 ἱδ
3245 548 3296 580 ια
3322 528 3478 584 λαλεῖ.
3531 526 3615 583 Ἶδ
3620 550 3685 583 ιον
3737 534 3820 606 γὰρ
3858 537 3919 587 αὖ.

2411 623 2502 668 τοῦ
2555 620 2613 669 τὸ
2660 614 2872 687 ψεῦδος.
2952 617 3115 678 Αὐτὸς
3189 620 3290 692 γὰρ
3356 627 3551 692 πρῶτος
3602 619 3794 693 [ἓξιῦρῖε
3846 630 3919 688 (διν

2410 706 2558 774 αὐτὸ,
2600 713 2689 759 καὶ
2736 707 2958 780 πρῶτος]
3004 706 3276 780 ἐχρήσατο
3324 707 3458 778 αὐτῷ
3507 708 3797 781 ψευσάμενος
3836 721 3923 784 πρὸς

2410 800 2504 852 τήν
2539 799 2670 847 Εῦαν
2702 799 2784 848 ὀτε
2801 795 2964 866 ἔλεγεν
2996 796 3124 868 αὐτῇ
3157 793 3250 848 διὰ
3274 804 3366 849 τοῦ
3389 801 3564 869 ὄφεως,
3595 799 3669 850 ὅτι
3696 800 3762 851 Οῦ
3779 803 3921 873 θανάτῳ

2413 883 2776 952 ἀποθανεῖσθε,
2812 890 2920 950 καὶ,
2955 887 3035 937 ὃτι
3062 885 3283 939 Ἐσεσθε
3314 888 3383 948 ὡς
3423 888 3545 939 θεοί.

2480 973 2601 1026 Ὀτι
2661 974 2893 1045 ψεύστης
2953 974 3112 1030 ἐστίν.

2412 1061 2746 1136 ψευδόμενος.

2489 1160 2586 1207 Καὶ
2621 1155 2646 1206 ό
2677 1158 2850 1226 πατὴρ
2882 1154 3060 1208 αὐτοῦ.
3114 1160 3209 1207 Καὶ
3236 1156 3262 1207 ό
3318 1159 3492 1228 πατὴρ
3525 1155 3695 1220 αὐτοῦ,
3736 1161 3830 1214 ἦτοι
3866 1167 3922 1208 τοῦ

3195 975 3407 1030 Ἐκτοτε
3466 981 3555 1029 καὶ
3614 977 3676 1037 εἰς
3748 981 3794 1031 τὸ
3847 980 3923 1041 ἑξῆς

2413 1240 2664 1314 ψεύδους,
2693 1244 2845 1305 αύτός
2876 1243 3014 1296 ἔστιν
3060 1246 3125 1305 ὡς
3155 1252 3356 1318 πρώτος
3397 1245 3610 1318 έξευρών
3639 1244 3769 1314 αὐτὸ,
3805 1250 3922 1309 καθὼς

2417 1337 2640 1408 εἴρηται.

2491 1423 2619 1493 Ἐγώ
2682 1453 2740 1462 -
2773 1441 2879 1486 μοι.
2934 1422 2994 1476 Εἰ
3049 1426 3137 1495 μεν
3190 1421 3356 1494 ὒεγον
3407 1420 3625 1495 ψεῦδος,
3669 1422 3923 1477 interﬁeri

2418 1531 2507 1582 μοι
2536 1510 2596 1562 ἃν
2652 1515 2721 1572 ὡς
2751 1515 2808 1564 τὸ
2861 1508 2998 1564 ἳδιον
3045 1521 3136 1565 τοῦ
3178 1517 3369 1586 πατρὸς
3415 1515 3562 1585 ὑμῶν
3611 1513 3787 1583 λέγοντι
3827 1517 3920 1583 (611·

2420 1598 2558 1653 διότι
2600 1598 2658 1653 δε
2705 1606 2799 1659 τὴν
2830 1599 3072 1659 ἀλήθειαν
3109 1598 3376 1669 διδάσκω,
3415 1603 3478 1654 ού
3526 1607 3772 1655 πιστεύετέ
3794 1623 3858 1674 μοι
3884 1626 3924 1664 ἐις

2420 1695 2476 1742 τὸ
2531 1690 2798 1765 ἀλ)ότριον
2851 1691 3012 1743 αὑτοῦ
3061 1688 3386 1746 διδάσκοντι.
3440 1691 3706 1750 Ἀλήθειαν
3749 1689 3795 1744 δὲ
3836 1693 3924 1744 καὶεί

658 1786 911 1842 docenti.
929 1785 1246 1840 Veritatem
1272 1788 1470 1839 autem
1491 1790 1804 1840 voeateum
1821 1782 1967 1840 alias
1986 1784 2276 1840 doctrinas

2305 1833 2306 1836 η
2344 1796 2383 1849 Β
2421 1783 2514 1842 τάς
2545 1799 2596 1832 τε
2623 1779 2774 1840 ἄλλας
2804 1780 2961 1833 αὐτοῦ
2990 1776 3345 1843 διδασκαλίας
3389 1786 3483 1833 καὶ
3527 1785 3618 1839 τὴν
3644 1783 3715 1832 ὅτι
3737 1783 3827 1841 Υἱός
3858 1780 3923 1832 ἐστι

658 1882 784 1932 tum
817 1875 980 1948 quod
1014 1874 1188 1930 Filius
1213 1875 1342 1946 ipse
1374 1873 1447 1929 sit
1472 1873 1594 1929 Dei.

731 1967 896 2022 Vers.
933 1969 1017 2020 46.
1053 1965 1189 2032 Quis
1218 1995 1285 2004 —
1313 1969 1555 2034 peccato
1584 1964 1612 2020 ?
1639 1963 1694 2018 Si
1735 1964 1815 2019 ita
1853 1979 1973 2019 non
2006 1968 2117 2028 est,
2145 1962 2310 2036 quod

661 2055 802 2129 quia
834 2055 1139 2111 veritatem
1171 2054 1326 2116 dico,
1358 2069 1478 2109 non
1501 2053 1735 2109 creditis
1750 2054 1913 2117 mihi,
1942 2053 2138 2118 dicite,
2175 2055 2312 2119 Quis

663 2151 917 2201 vestrum
945 2146 1146 2213 arguit
1180 2159 1270 2199 me
1298 2143 1370 2199 de
1406 2150 1666 2212 peccato,
1705 2142 1860 2212 quod
1898 2159 1933 2199 a
1976 2159 2069 2198 me
2095 2143 2215 2207 ﬁat,
2253 2148 2314 2198 ut

663 2237 906 2305 propter
932 2231 1071 2286 illud
1107 2231 1425 2286 videamini
1459 2246 1576 2286 non
1603 2230 1887 2286 credere?

735 2322 894 2377 Vers.
924 2324 1012 2377 46.
1039 2321 1223 2375 Porro
1237 2320 1359 2375 si—
1377 2320 1569 2376 mihi?
1596 2320 1650 2376 Si
1669 2337 1860 2393 neque
1880 2320 2035 2386 ideo,
2056 2319 2199 2392 quia
2219 2336 2314 2375 ve-

662 2410 895 2468 ritatem
911 2410 1062 2474 dico,
1082 2425 1198 2464 non
1215 2408 1445 2464 creditis
1475 2409 1638 2476 mihi,
1658 2426 1848 2482 neque
1879 2410 2197 2482 quisquam
2224 2426 2317 2464 ve-

664 2506 843 2555 strum
876 2500 1069 2568 arguit
1099 2515 1193 2554 me
1232 2499 1307 2553 de
1348 2504 1609 2569 peccato,
1645 2515 1788 2553 sane
1822 2499 2119 2554 veritatem
2159 2498 2313 2553 dico.

664 2591 734 2647 Si
742 2595 936 2645 autem
955 2589 1258 2645 veritatem
1274 2589 1425 2655 dico,
1441 2603 1624 2658 quare
1637 2604 1734 2643 vos
1748 2604 1864 2644 non
1881 2589 2118 2644 creditis
2134 2587 2320 2645 mihi?

667 2679 993 2751 POStquam
1035 2678 1113 2733 ita
1145 2678 1401 2732 convicit
1462 2694 1563 2732 eos
1589 2677 1663 2733 de
1712 2677 2005 2734 industria
2056 2693 2317 2750 peccare,

667 2768 907 2822 ulterius
926 2765 1324 2820 ratiocinatur.

741 2856 901 2909 Vers.
943 2856 1028 2907 47.
1060 2854 1173 2920 Qui
1196 2885 1264 2894 —
1289 2855 1442 2909 estis.
1475 2855 1581 2919 Qui
1624 2869 1692 2908 ex
1723 2855 1839 2910 Deo
1871 2860 1976 2919 est,
2007 2856 2185 2912 verba
2215 2856 2322 2914 Dei

667 2944 897 3016 recipit,
943 2942 1147 3014 eisque
1204 2948 1370 3015 paret
1406 2959 1547 3009 ;vos
1598 2959 1718 2999 non
1777 2945 2061 3016 recipitis,
2107 2962 2172 3001 ex
2207 2947 2322 3000 Deo

669 3033 845 3102 igitur
890 3049 1007 3088 nou
1039 3031 1182 3086 estis
1212 3051 1223 3088 :
1258 3038 1314 3087 et
1344 3048 1414 3087 ex
1447 3034 1832 3105 consequenti
1871 3035 2201 3090 mentimini
2239 3034 2323 3088 di-

2421 1877 2512 1921 τοῦ
2545 1877 2697 1922 Θεοῦ.

2491 1964 2580 2020 Τίς
2611 1989 2678 1998 -
2715 1957 3012 2032 ἁμαρτίαςς
3049 1960 3106 2012 Εἰ
3155 1964 3251 2030 μὴ,
3287 1955 3426 2012 διότι
3470 1964 3566 2018 τὴν
3597 1957 3922 2028 adiecturum.

2423 2046 2686 2100 ἀπιστείτέ
2736 2069 2844 2119 μοι,
2897 2051 3087 2112 εἴπατε,
3137 2053 3229 2109 Τίς
3272 2048 3323 2110 ἐξ
3370 2050 3518 2121 ὑμῶν
3558 2048 3745 2119 ἐλέγχει
3784 2068 3830 2116 με
3857 2055 3924 2116 aut

2422 2137 2700 2210 ἁμαρτίας,
2736 2139 2842 2209 [ὑπ’
2889 2137 3011 2210 ἐμοῦ
3070 2139 3188 2206 (6'2)
3227 2141 3526 2209 γενομένης,
3581 2139 3660 2188 ἱνα
3700 2133 3847 2198 δόξητε
3884 2134 3922 2186 δι’

2423 2225 2618 2283 ἐκείνην
2651 2226 2885 2280 ἀπιστεῖν
2914 2245 2926 2294 ;

2497 2316 2556 2367 Εἰ
2588 2312 2646 2368 δι
2692 2347 2754 2357 -
2799 2333 2926 2387 μοι;
2979 2316 3037 2369 Εἰ
3089 2319 3205 2368 οὔτε
3259 2312 3396 2368 διότι
3450 2319 3548 2374 τὴν
3602 2315 3814 2374 ἀληθειαι
3848 2314 3921 2382 li}..-

2427 2404 2694 2457 ἀπιστεῖτέ
2745 2425 2854 2477 μοι,
2913 2410 3029 2458 οῦτε
3084 2424 3164 2466 τις
3218 2403 3270 2466 ἕξ
3331 2406 3478 2478 ὑμῶν
3540 2404 3736 2476 ille/zu
3782 2424 3828 2476 με
3860 2410 3917 2453 πειέ

2427 2495 2728 2569 ἀμαρτίας],
2773 2496 2876 2569 ἄρα
2904 2494 3145 2552 ἀληθειαν
3176 2497 3336 2566 λέγω·
3383 2499 3478 2546 καὶ
3511 2494 3556 2546 εἰ
3587 2493 3805 2552 ἀληθειαν
3837 2493 3907 2558 ἂψ.

2430 2581 2576 2636 διατί
2624 2585 2765 2655 ὑμεῖς
2795 2584 2852 2636 οῦ
2883 2587 3151 2637 πιστεύετέ
3179 2591 3310 2656 μόι;
3356 2585 3539 2645 Οῦτως
3592 2583 3784 2657 ﬂia/Eu;
3820 2584 3909 2638 r3751;

2431 2671 2759 2735 ἕθελοκάκους
2789 2677 2860 2726 in
2893 2673 3274 2745 συλλογίζεται.

2503 2847 2560 2900 Ὀ
2589 2879 2654 2888 -
2691 2847 2823 2900 έστέ.
2875 2847 2934 2900 Ὀ
2964 2849 3030 2900 ὢν
3073 2847 3127 2900 ἐκ
3184 2855 3275 2900 τοῦ
3342 2855 3480 2901 Θεοῦ
3549 2851 3615 2901 τὰ
3675 2850 3847 2922 ῥήματα
3879 2865 3930 2895 τω

2434 2945 2566 2989 Θεοῦ
2613 2933 2851 3009 δέχεται,
2883 2942 2972 2989 καὶ
3019 2939 3283 2990 πείθεται·
3331 2939 3476 3009 ὑμεῖς
3523 2938 3582 2990 οῦ
3635 2934 3850 3009 δέχεσθε·
3882 2934 3932 2984 οὐι

2433 3027 2536 3098 ἄρα
2564 3025 2619 3078 ἐκ
2662 3034 2752 3078 τοῦ
2794 3034 2928 3078 Θεοῦ
2959 3025 3092 3080 ἕστε.
3144 3031 3242 3079 Καὶ
3277 3025 3458 3078 λοιπὸν
3507 3024 3756 3097 ψεύδεσθε
3789 3026 3935 3095 limit»?

669 3128 864 3177 centes
895 3128 1122 3194 patrem
1159 3139 1265 3178 vos
1291 3122 1510 3178 habere
1555 3125 1756 3189 Deum,
1800 3129 1854 3179 et
1899 3140 1966 3178 ex
2013 3125 2131 3179 Deo
2171 3140 2287 3180 esse

2354 3149 2394 3205 Ο
2433 3120 2630 3187 πατέρα
2669 3117 2809 3186 ἔχειν
2855 3119 2940 3167 τὸν
2971 3119 3098 3168 Θεὸν
3153 3120 3241 3168 καὶ
3290 3115 3343 3168 ἐκ
3386 3124 3482 3168 τοῦ
3525 3125 3655 3170 Θεοῦ
3700 3113 3819 3168 εἶναι.
3849 3114 3936 3165 Ιίτέ

671 3211 1209 3283 Loquendoitaque
1226 3211 1299 3266 de
1329 3212 1648 3277 creatione,
1673 3228 1883 3267 omnes
1906 3228 1972 3267 ex
2006 3212 2124 3268 Deo
2155 3220 2323 3279 sunt;

666 3300 837 3372 juxta
869 3300 1117 3355 modum
1147 3316 1286 3355 vero
1313 3300 1742 3365 familiaritatis,
1777 3302 1884 3356 soli
1912 3301 1986 3357 illi
2013 3303 2114 3374 qui
2144 3302 2326 3359 verba

675 3384 773 3440 Dei
811 3384 1075 3450 audiunt,
1109 3384 1310 3455 eisque
1343 3384 1650 3450 ohediunt,
1676 3392 1730 3441 et
1765 3401 1800 3440 a
1836 3386 2128 3448 moribus.
2161 3387 2326 3460 quod

674 3473 959 3528 rationale
985 3478 1089 3534 est,
1133 3473 1472 3528 ostendunt.

746 3563 906 3616 Vers.
941 3565 1026 3616 48.
1061 3561 1502 3629 Responderunt
1534 3593 1599 3601 —
1627 3561 1799 3617 habes
1819 3561 1847 3616 Τ
1878 3564 1980 3618 Per
2008 3562 2330 3635 interroga-

675 3649 898 3705 tionem
942 3649 1261 3712 legendum
1283 3650 1704 3704 est.Vocabant
1735 3656 1934 3704 autem
1956 3667 2092 3707 eum
2121 3654 2332 3708 Sama-

674 3739 960 3801 ritanum,
997 3743 1191 3807 utpote
1224 3752 1341 3791 non
1373 3746 1573 3793 exacte
1609 3745 1934 3793 servantem
1969 3739 2180 3808 legem,
2215 3741 2332 3798 sic-

676 3834 739 3880 ut
787 3826 898 3880 illis
932 3825 1264 3891 videhatur,
1309 3842 1502 3896 neque
1559 3828 1908 3882 traditiones
1952 3829 2254 3885 seniorum
2314 3847 2326 3886 :

675 3914 824 3970 tales
853 3914 1148 3986 siquidem
1189 3922 1357 3970 erant
1387 3916 1758 3971 Samaritani.
1800 3918 2164 3974 Daemonium
2198 3935 2330 3974 vero

674 4002 1016 4067 habentem,
1052 4009 1335 4075 tauquam
1376 4003 1469 4058 Dei
1527 4004 1814 4059 honorem
1858 4005 1915 4060 in
1945 4007 2206 4079 seipsum
2233 4008 2332 4064 de-

674 4093 1008 4155 rivantem;
1072 4108 1211 4147 nam
1267 4092 1415 4149 tales
1471 4100 1608 4147 sunt
1665 4093 2018 4150 dat-mones:
2078 4097 2181 4152 sed
2237 4099 2332 4154 hic

677 4186 962 4254 tanquam
994 4181 1040 4237 is
1062 4181 1162 4252 qui
1189 4181 1243 4236 in
1275 4182 1519 4236 veritate
1544 4184 1694 4237 Deus
1713 4188 1858 4249 erat,
1886 4184 1964 4239 illi
1992 4201 2130 4242 vero
2157 4187 2329 4260 quasi

676 4271 1040 4326 seductores.

751 4360 908 4416 Vers.
943 4360 1028 4415 49.
1079 4360 1402 4429 Respondit
1436 4391 1502 4400 -
1535 4360 1736 4418 habeo.
1769 4364 1952 4419 Deum
1987 4379 2106 4420 non
2149 4365 2329 4422 deho-

676 4455 865 4514 nesto,
893 4448 1045 4504 sicut
1083 4448 1407 4517 daemones,
1440 4467 1548 4506 nec
1581 4452 1780 4524 ipsum
1807 4452 2031 4509 honore
2084 4471 2192 4511 suo
2232 4455 2330 4511 de-

673 4538 834 4610 jicio.

748 4629 910 4684 Vers.
936 4631 1023 4683 49.
1052 4629 1162 4685 Sed
1184 4627 1408 4685 honoro
1439 4629 1695 4686 Patrem.
1728 4634 2037 4688 Honorans
2068 4649 2331 4705 namque

678 4716 913 4772 Patrem
940 4718 1213 4784 ostendo,
1250 4734 1356 4774 vos
1404 4735 1522 4774 non
1571 4719 1793 4776 habere
1853 4722 2037 4776 Deum
2075 4728 2326 4793 patrem,

679 4820 874 4876 neque
902 4823 968 4860 ex
1010 4807 1124 4862 Deo
1170 4823 1319 4862 esse.
1363 4808 1668 4879 Siquidem
1713 4810 2030 4880 ignominia
2062 4817 2147 4864 est
2179 4812 2328 4880 ejus,

679 4893 782 4964 qui
807 4893 1079 4948 homines
1098 4895 1512 4952 benevolentia
1531 4897 1924 4970 persequitur,
1947 4906 2174 4970 patrem
2201 4917 2330 4956 esse

680 4980 1118 5037 homicidarum.

752 5068 914 5124 Vers.
956 5073 1044 5126 49.
1099 5074 1165 5128 Et
1221 5104 1289 5112 —
1341 5089 1449 5131 me.
1510 5075 1947 5132 Samaritanum
2004 5091 2072 5132 ac
2111 5076 2331 5133 deamo-

680 5157 920 5216 niacum
988 5162 1372 5234 appellantes.
1458 5167 1659 5237 Itaque
1730 5165 1961 5223 Patrem
2025 5166 2330 5224 honorans

787 5337 836 5374 ⁷²
867 5339 1008 5397 Gen.
1051 5354 1132 5405 ιιι,
1176 5339 1230 5408 4,
1257 5341 1307 5398 5.

2433 3208 2522 3277 μεν
2550 3200 2637 3256 οὖν
2662 3209 2748 3256 τόν
2775 3203 2926 3275 λόγον
2952 3212 3038 3265 τῆς
3079 3200 3429 3278 δημιουργίας
3459 3208 3648 3267 πάντες
3676 3205 3726 3256 έκ
3762 3211 3834 3255 τοῦ
3857 3209 3938 3253 Θεον

2435 3295 2537 3347 εἰσι
2562 3311 2579 3327 ⁸
2610 3297 2745 3346 κατὰ
2777 3291 2835 3347 δε
2865 3298 2952 3346 τὸν
2983 3303 3077 3355 τῆς
3108 3294 3428 3356 οἰκειότητος
3458 3301 3606 3367 μόνοι
3651 3296 3696 3347 οἱ
3723 3295 3776 3344 τά
3798 3293 3940 3366 ῥήματι

2435 3382 2596 3435 αύτοῦ
2629 3380 2906 3455 δεχόμενοι
2935 3389 3026 3436 καὶ
3050 3385 3342 3456 πειθόμενοι
3373 3390 3463 3437 καὶ
3491 3383 3593 3437 ἀπὸ
3619 3391 3705 3437 τοῦ
3742 3386 3889 3454 τρόπον
3908 3381 3940 3427 τι

2435 3477 2530 3544 γνή
2542 3491 2652 3525 σιον
2680 3469 3018 3536 δεικνύοντες.

2511 3563 2894 3634 Ἀπεκρίθησαν
2942 3593 3011 3602 -
3068 3565 3246 3634 ἕχειςς
3305 3561 3433 3616 Ιζατ⁹
3501 3563 3745 3636 ἐρώτησιν
3790 3558 3947 3628 ἀνα-[ινα

2441 3655 2606 3706 στέον.
2675 3656 2997 3723 Σαμαρείτην
3045 3654 3135 3723 μὶν
3199 3648 3286 3704 οὖν
3370 3651 3529 3704 αὑτὸν
3598 3652 3755 3722 ἔλεγον
3812 3652 3865 3708 ὡς
3910 3646 3949 3715 μὲ

2441 3738 2669 3813 ἀκριϐῶς
2727 3749 2986 3814 τηροῦντα
3055 3744 3142 3792 τὸν
3207 3744 3380 3812 νόμον,
3457 3744 3528 3804 ὡς
3609 3741 3771 3800 αὐτοῖς
3823 3734 3952 3795 ἐδόκει,

2439 3825 2577 3900 μηδι
2630 3831 2722 3890 τὰς
2788 3826 3106 3902 παραδόσεις
3178 3838 3276 3882 τῶν
3342 3829 3732 3905 πρεσϐυτέρων·
3797 3832 3954 3878 τοιοῦτοι

2439 3920 2540 3992 γὰρ
2601 3920 2649 3970 οἱ
2705 3926 3059 3993 Σαμαρεῖταιο
3123 3915 3393 3992 δαιμόνιον
3458 3917 3519 3972 δε
3570 3923 3765 3991 ἔχοντα,
3811 3919 3865 3975 ὡς
3903 3917 3954 3966 ττι

2441 4016 2533 4059 τοῦ
2566 4015 2700 4060 Θεοῦ
2723 4013 2879 4080 τιμὴν
2921 4008 2990 4070 εἰς
3030 4008 3207 4060 ἑαυτὸν
3255 4008 3504 4061 ἕλκοντα⁸
3559 4015 3768 4061 τοιοῦτοι
3816 4006 3891 4074 γὰρ
3928 4001 3954 4048 σί

2444 4093 2712 4168 δαίμονες.
2741 4096 2877 4150 ’Δ).).’
2910 4098 2935 4149 ὁ
2979 4100 3070 4170 μὶν
3113 4099 3178 4158 ὡς
3227 4095 3274 4149 έν
3331 4096 3545 4170 ἀληθείᾳ
3592 4099 3727 4163 Θεὸς,
3770 4096 3811 4146 οἱ
3835 4088 3879 4144 δε
3916 4091 3953 4144 ὡς

2441 4184 2748 4248 ἀπατεῶνες.

2513 4365 2797 4441 Ἀπεκρίθη
2866 4396 2933 4406 -
2985 4366 3113 4437 ἴχυ.
3179 4364 3255 4417 Οῦ
3301 4366 3398 4440 γὰρ
3450 4363 3687 4438 ἀτιμάζω
3739 4364 3811 4415 τὸν
3853 4359 3947 4416 Θιάιε

2442 4457 2506 4515 ὼς
2577 4457 2624 4506 οἱ
2687 4453 2947 4528 δαίμονες,
3010 4450 3134 4507 οὐδε
3196 4461 3291 4517 τῆς
3359 4463 3515 4528 τιμῆς
3585 4454 3736 4508 αὑτοῦ
3794 4443 3949 4504 ἐκϐοῶν

2442 4544 2506 4596 αὖ
2521 4548 2615 4598 τόν.

2516 4633 2671 4685 Ἀλλά
2726 4641 2860 4706 τιμῶ
2938 4635 3026 4684 τὸν
3093 4635 3319 4706 Πατέρα.
3377 4639 3552 4706 Τιμῶν
3629 4633 3724 4705 ’γὰρ
3778 4629 3849 4680 τὸν
3890 4627 3947 4674 ll:-

2442 4728 2563 4795 τέρα
2613 4721 2878 4793 ἀποφαίνω
2939 4723 3074 4793 ὑμᾶς
3123 4726 3192 4792 μὴ
3255 4725 3473 4794 ἔχοντας
3524 4726 3720 4793 πατέρα
3765 4721 3836 4770 τὸν
3876 4715 3943 4763 Otii

2445 4808 2594 4883 [μηδ’
2628 4810 2682 4863 έκ
2715 4811 2825 4882 (63)
2871 4820 2959 4863 τοῦ
3015 4818 3149 4864 Θεοῦ
3175 4815 3344 4874 ὄντας.
3391 4813 3603 4883 Ἀτιμία
3651 4813 3745 4882 γὰρ
3795 4811 3866 4858 τοῦ
3903 4817 3942 4869 ξε·

2441 4901 2741 4975 ).ανθρώπου
2771 4903 2969 4974 πατέρα
2994 4896 3121 4952 εἶναι
3147 4909 3244 4952 τῶν
3274 4899 3720 4976 ἀνθρωποκτόνων.

2519 5084 2618 5132 Καὶ
2683 5110 2752 5120 —
2812 5097 2894 5152 με.
2964 5080 3284 5152 Σαμαρειτην
3350 5083 3437 5131 καὶ
3506 5074 3764 5150 δαιμόνιον
3822 5075 3935 5141 ἔχσττι

2441 5166 2798 5241 ὀνομάσαντες,
2877 5165 3017 5223 διότι
3082 5176 3244 5241 τιμῶν
3331 5171 3415 5221 τὸν
3506 5170 3709 5241 Πατέρα
3786 5159 3935 5229 ἀπέέῐνί

1865 5496 2090 5566 Variae
2137 5496 2463 5566 lectiones
2496 5506 2563 5566 et
2603 5509 2808 5567 nota.

747 5670 860 5735 (60)
895 5669 1128 5727 Inclusa
1149 5671 1370 5728 absunt
1408 5673 1472 5728 Α.

748 5743 860 5812 (61)
904 5746 1155 5817 Λέγοντος
1194 5749 1258 5801 Α.

2514 5679 2622 5748 (62)
2664 5677 2904 5735 Inclusa
2933 5677 3152 5736 absunt
3177 5682 3239 5734 Α.

2512 5749 2624 5821 (63)
2667 5750 2900 5808 Inclusa
2928 5749 3147 5807 absunt
3181 5750 3248 5805 Α.
