4098 6456
1116 324 1490 385 COMMENT.
1537 323 1607 380 IN
1645 317 1998 377 JOANNEM.
2042 350 2109 362 --
2147 317 2308 377 CAP.
2356 317 2493 373 vm.
3370 314 3527 387 1,309.

138 459 280 532 ὑμᾶς
337 461 409 532 μὴ
460 460 676 530 ἔχοντας
721 460 923 532 πατέρα
971 457 1059 509 τὸν
1112 454 1316 526 enim]
1371 453 1703 526 Ἀτιμοίσαντε

1856 444 2108 514 ostendi,
2139 460 2245 501 vos
2263 445 2448 500 Deum
2470 456 2591 499 non
2618 438 2842 498 habere
2873 448 3104 514 patrem
3138 458 3152 500 :
3176 458 3284 500 vos
3304 448 3513 507 autem

140 530 204 602 δε
255 530 346 601 τὸν
404 547 545 610 Υίὸν,
613 530 905 619 ἠτιμάσατε
978 549 1066 598 τὸν
1134 548 1360 618 Πατέρα.
1429 547 1703 618 Προείρητι

1855 533 2067 590 Filium
2097 531 2426 606 ignominia
2484 530 2828 600 efﬁcientes,
2880 531 3108 589 honore
3143 532 3421 605 privastis
3451 537 3513 591 et

136 640 238 713 γὰρ
265 640 343 690 ὅτι
385 638 411 690 ὁ
457 642 527 710 μὴ
561 645 722 710 τιμῶν
753 639 840 689 τὸν
866 638 984 689 Υίόν
1016 634 1075 687 οὐ
1106 639 1236 707 τιμᾷ
1275 637 1361 686 τὸν
1408 636 1612 707 Πατέρα
1656 635 1703 685 τί

1853 624 2094 679 Patrem.
2176 621 2517 678 Praedictum
2587 620 2748 695 enim
2826 626 2935 687 est,
3023 621 3210 694 quod,
3233 621 3337 694 qui
3382 638 3506 680 non

136 726 418 800 πέμψαντα
446 726 619 779 αὐτόν.

1850 712 2109 770 honorat
2133 711 2358 778 Filium,
2392 725 2515 767 non
2573 709 2825 767 honorat
2880 709 3137 776 Patrem,
3193 711 3298 784 qui
3346 711 3508 768 misit

1850 801 2009 858 illum
2039 804 2110 857 ⁷³.

1920 892 2091 951 Vcrs.
2115 893 2203 948 50.
2236 892 2366 962 Ego
2397 919 2463 931 —
2491 903 2694 944 meam.
2737 887 3073 947 Vindictam
3121 889 3499 949 contumeliae

1849 997 2019 1038 mea).

1920 1075 2079 1129 Vers.
2118 1073 2206 1128 50.
2241 1072 2335 1127 Est
2364 1099 2432 1110 —
2476 1068 2732 1139 judicet.
2780 1070 2967 1135 Pater,
3017 1076 3262 1143 propter
3313 1086 3496 1144 quem

1845 1160 2070 1217 honore
2102 1177 2198 1217 me
2228 1158 2520 1233 privastis,
2572 1161 2630 1213 et
2676 1155 2755 1212 ad
2780 1174 2964 1229 quem
2997 1158 3116 1215 Filii
3159 1159 3501 1229 ignominia

1842 1251 2094 1307 transire
2114 1251 2390 1307 cernitur.
2423 1251 2573 1304 Nam
2625 1246 2737 1303 etsi
2767 1263 2947 1305 omne
2987 1248 3281 1319 judicium
3329 1248 3494 1307 dedit

1840 1340 2006 1409 Filio,
2034 1356 2154 1397 non
2185 1345 2406 1405 tamen,
2440 1342 2605 1414 quod
2640 1353 2702 1398 se
2732 1338 2961 1395 honore
3008 1337 3345 1411 privaverit,
3383 1337 3492 1395 sed

210 901 339 975 Ἐγὼ
369 932 437 944 ——
463 920 585 976 μου.
612 905 719 961 Τήν
744 896 1018 959 ἐκδίκησιν
1045 908 1137 961 τῆς
1166 897 1376 972 ἀτιμίας
1402 916 1524 971 μου.

205 1076 386 1131 Ἔστιν
432 1110 484 1122 -ι
530 1082 738 1151 κρίνων.
770 1077 827 1131 Ὀ
874 1082 1054 1149 Πατὴρ
1105 1072 1176 1129 δι’
1209 1074 1264 1129 ὃν
1314 1076 1610 1146 ἠτιμάσατέ
1651 1093 1732 1147 με,

128 1170 221 1218 καὶ
252 1170 376 1242 πρὸς
404 1167 458 1220 ὃν
485 1170 515 1227 ἡ
550 1166 732 1241 ἀτιμία
760 1175 852 1221 τοῦ
883 1168 1005 1220 Υίοῦ
1036 1163 1325 1219 διαϐαίνειν
1355 1160 1514 1219 οἶδεν.
1544 1164 1606 1217 Εἰ
1631 1166 1733 1238 γὰρ

127 1260 221 1307 καὶ
264 1261 359 1313 τὴν
401 1261 576 1329 κρίσιν
611 1261 785 1309 πᾶσαν
836 1252 1036 1309 δέδωκε
1077 1264 1148 1325 τῷ
1188 1261 1313 1324 Υιῷ,
1361 1252 1468 1305 ἀλλ’
1517 1253 1622 1325 οὐχ
1665 1256 1733 1317 ὡς

128 1341 358 1396 ἐκϐαλὼν
388 1346 564 1399 ἑαυτὸν
585 1354 677 1399 τοῦ
701 1350 909 1421 κρίνειν,
939 1343 1066 1397 ἀλλὰ
1094 1340 1233 1408 διότι
1274 1347 1443 1415 Λόγος
1472 1350 1563 1395 τοῦ
1592 1350 1728 1396 Πατ-

124 1437 215 1507 pb;
241 1435 266 1485 ὁ
299 1437 442 1497 Υἱός.

198 1521 334 1597 ’0ρά
377 1520 437 1577 δε
481 1533 611 1591 πῶς,
666 1525 748 1578 ὅτε
932 1521 1071 1576 εἷπον
1117 1525 1318 1595 πατέρα
1390 1521 1583 1575 ἑαυτῶν
1639 1526 1727 1575 τὸν

124 1616 273 1681 Θεὸν,
327 1613 729 1689 ἐπαρῥησιοίσθη
786 1618 877 1666 καί
935 1610 1172 1686 σφοδρῶς
1201 1612 1370 1664 αὐτῶν
1427 1610 1723 1682 καθήψατο.

122 1703 208 1754 ὅτε
274 1700 335 1756 δε
395 1703 549 1755 αὐτὸν
606 1704 893 1775 ἠτίμασαν,
957 1698 1193 1763 ἐπιεικῶς
1260 1698 1569 1775 ἀπεκρίνατο
1634 1706 1724 1754 καί

1839 1429 2005 1502 quod
2036 1429 2296 1486 Verbum
2324 1430 2506 1487 Patris
2536 1432 2608 1489 sit
2632 1430 2827 1488 Filius.
3036 1498 3044 1502 _

1908 1519 2056 1575 Vide
2085 1524 2302 1585 autem,
2335 1520 2495 1592 quod
2521 1521 2768 1595 quando
2798 1523 3030 1593 patrem
3056 1517 3169 1574 sibi
3210 1517 3486 1575 dixerunt

1835 1623 1967 1664 esse
1994 1609 2201 1675 Deum,
2228 1609 2410 1666 libere
2457 1609 2763 1683 respondit
2813 1613 2871 1665 et
2915 1608 3175 1679 graviter
3222 1623 3327 1669 eos
3381 1607 3484 1664 ob-

1827 1698 2088 1769 jurgavit
2140 1717 2153 1754 :
2208 1699 2458 1771 quando
2500 1715 2644 1757 vero
2687 1697 3050 1756 contumelia
3095 1713 3229 1753 eum
3274 1696 3485 1753 aﬂ‘ece-

118 1796 320 1867 πράως.
355 1793 581 1847 Ἐτεῦθεν
610 1795 710 1865 γὰρ
759 1788 1069 1844 ἐπαίδευσεν
1107 1792 1245 1863 ἡμᾶς
1295 1793 1362 1842 τὰ
1390 1793 1480 1862 μεν
1528 1790 1596 1851 εἰς
1636 1795 1703 1844 τότ

1834 1793 1989 1856 runt,
2022 1787 2291 1844 modeste
2321 1787 2631 1859 respondit
2671 1803 2743 1845 ac
2790 1791 3117 1843 mansuete.
3156 1784 3301 1845 Hinc
3329 1785 3481 1843 enim

119 1886 252 1936 Θεὸν
291 1879 534 1951 ἐκδικεῖν,
568 1884 630 1934 τὰ
657 1877 717 1934 δε
745 1882 818 1942 εἰς
838 1883 976 1954 ἡμᾶς
1003 1886 1257 1955 παρορᾷν.
1294 1883 1394 1933 Καὶ
1441 1878 1599 1941 αὐτὸς
1621 1882 1719 1955 γὰρ

117 1968 481 2045 παραδραμὼν
512 1976 600 2029 τὴν
634 1970 703 2033 εἰς
736 1970 916 2023 ἑαυτὸν
960 1969 1108 2045 ὕϐριν
1159 1968 1242 2022 ἐπὶ
1272 1968 1575 2041 παραίνεσιν
1609 1974 1717 2043 τρέ·

114 2079 290 2114 πεται.

191 2241 363 2311 Ἀμὴν
394 2270 462 2277 -
510 2238 689 2292 αἰῶνα.
749 2243 989 2297 Ζήτησον
1028 2236 1076 2289 ἓν
1131 2245 1204 2307 τῷ
1248 2234 1407 2307 ἐνάτῳ
1459 2233 1717 2307 κεφαλαίῳ

114 2332 195 2388 τὸ,
266 2330 384 2381 Ἐάν
422 2347 496 2388 τις
551 2329 691 2401 φάγῃ
754 2326 808 2379 ἐκ
864 2330 1051 2379 τούτου
1103 2333 1196 2379 τοῦ
1255 2327 1451 2399 ἄρτου,·
1493 2325 1717 2386 ζήσεται

112 2418 184 2478 εἰς
239 2421 326 2470 τὸν
383 2417 546 2469 αἰῶνα
579 2434 591 2446 ⁸
652 2421 743 2469 καὶ
796 2415 1056 2488 ἀνάγνωθι
1089 2420 1185 2474 τὴν
1237 2414 1490 2486 ἐξήγησιν
1530 2414 1711 2466 αὐτοῦ.

106 2513 338 2568 Νοήσεις
387 2508 486 2579 γὰρ
545 2508 732 2559 ίκείθεν
781 2510 900 2580 περὶ
949 2509 1102 2558 ποίου
1166 2506 1387 2557 θανάτου
1422 2504 1556 2574 λέγει
1601 2511 1710 2559 νῦν.

108 2601 240 2670 Περὶ
293 2595 353 2648 οὗ
410 2600 482 2669 μὴ
549 2599 828 2656 νοήσαντες
900 2593 1081 2647 ἐκεῖνοι
1137 2593 1287 2646 πάλιν
1362 2591 1712 2666 ἀτιμάζουσιν

104 2684 286 2738 αὐτόν.

98 2838 107 2843 ἰ
186 2771 342 2828 Εἶπον
377 2804 440 2814 -—
485 2775 647 2844 ἔχεις.
689 2780 797 2826 Νῦν
835 2771 1044 2845 μᾶλλον.
1096 2769 1252 2825 Εἶπον
1302 2768 1361 2825 δὲ
1412 2779 1583 2839 τοῦτο,
1640 2774 1709 2834 ὡς

101 2861 298 2915 ἐκείνου
326 2858 483 2922 δῆθεν
513 2870 785 2923 ποιοῦντος
813 2862 993 2916 ἑαυτὸν
1023 2862 1239 2934 μείζονα
1262 2869 1354 2915 τοῦ
1383 2870 1538 2917 Θεοῦ.

179 3040 423 3115 Ἀϐραὰμ
462 3073 527 3082 —
554 3050 840 3114 προφῆται.
875 3043 941 3093 Οἱ
968 3046 1287 3116 τηρήσαντες
1316 3043 1404 3092 τὸν
1442 3041 1589 3113 λόγον
1615 3051 1707 3095 τοῦ

98 3139 261 3185 Θεοῦ.

179 3226 280 3273 Καὶ
336 3252 404 3259 -
478 3227 638 3279 ποιεῖς
672 3236 685 3286 ;
720 3217 1024 3273 Ἀκόλουθεν
1073 3221 1163 3285 μεν
1235 3215 1296 3276 ἧν
1352 3219 1464 3288 (64)
1525 3220 1703 3272 εἰπεῖν·

98 3312 192 3366 Μὴ
241 3313 305 3361 σὺ
355 3309 546 3380 μείζων
586 3305 633 3360 εἶ
669 3315 762 3360 τοῦ
793 3315 927 3360 Θεοῦ
956 3328 970 3374 ;
1004 3306 1141 3359 Ἀλλ’
1182 3306 1241 3359 οὗ
1280 3307 1493 3378 λέγουσι
1530 3317 1702 3374 τοῦτο,

99 3399 189 3448 ἶνα
213 3402 285 3468 μὴ
320 3401 684 3470 συγκρίναντες
705 3396 860 3448 αὐτὸν
884 3404 954 3467 τῷ
983 3400 1091 3467 Θεῷ
1112 3392 1311 3458 δόξωσι
1336 3397 1525 3468 μᾶλλον
1550 3404 1705 3469 τιμᾷν

98 3486 279 3539 αὐτον.
315 3485 589 3537 Βούλονται
617 3482 676 3538 δὲ
718 3485 873 3537 αὑτὸν
914 3485 1152 3537 ἐλάττονα
1200 3489 1289 3537 καὶ
1327 3493 1416 3537 τοῦ
1470 3485 1704 3560 ’Λϐραὰμ

97 3572 391 3644 ἀποφῆναι.
445 3579 543 3627 Καὶ
585 3574 678 3627 οὐκ
710 3571 848 3627 εἷπον
879 3583 970 3627 τοῦ
1007 3572 1245 3648 Ἀϐραὰμ
1287 3576 1422 3647 (65).
1455 3574 1582 3627 ἀλλὰ
1610 3585 1702 3628 τοῦ

95 3666 299 3736 πατρὸς
349 3665 515 3736 ἡμῶν,
568 3664 919 3736 κομπάζοντες
965 3662 1140 3729 πάλιν,
1182 3668 1272 3716 καὶ
1313 3673 1377 3738 τῇ
1431 3672 1703 3739 συγγενείᾳ

97 3759 195 3804 τοῦ
231 3752 280 3803 Ἀ
293 3750 468 3827 ϐραὰμ
498 3753 965 3827 ἐπισεμνυνὸμειοι.

172 3930 453 4005 Ἀπεκρίθη
485 3962 555 3973 -
601 3930 761 3987 ἔστιν.
810 3928 979 3985 Οὐδέν
1023 3930 1182 3995 ἐστιν,
1237 3934 1308 3993 ὡς
1360 3933 1505 4005 ὑμεῖς
1562 3935 1696 3985 ὑπο-

89 4020 399 4094 λαμϐάνετε.
437 4024 570 4095 Πρὸς
592 4026 685 4080 τὴν
714 4021 917 4075 ἐκείνων
945 4023 1047 4097 γὰρ
1074 4023 1317 4074 ὑπόνοιαν
1353 4030 1508 4075 τοῦτο
1537 4021 1691 4094 εἶπεν,

89 4115 211 4163 ἴσον
261 4110 420 4182 λέγων
461 4118 556 4181 τῷ,
614 4111 731 4164 Ἐὰν
770 4110 871 4182 ἐγὼ
919 4118 1164 4184 μαρτυρῶ
1212 4116 1329 4184 περὶ
1379 4109 1623 4183 ίμαυτοῦ,
1661 4114 1690 4171 ἡ

86 4205 361 4275 μαρτυρία
388 4220 489 4272 μου
515 4199 608 4252 οὐκ
635 4202 773 4253 ἔστιν
807 4199 1002 4262 ἀληθής
1036 4219 1048 4232 '
1091 4201 1214 4274 ὅπερ
1263 4207 1431 4252 κεῖται
1466 4209 1583 4275 περί
1631 4202 1696 4253 τὰ

86 4293 230 4363 μέσα
252 4297 345 4342 τοῦ
376 4286 603 4363 ίϐδόμου
631 4289 909 4362 κεφαλαίου
935 4309 947 4323 ο
980 4293 1071 4342 καὶ
1099 4287 1358 4360 ἀνάγνωθι
1395 4293 1484 4347 τὴν
1509 4287 1695 4361 ἐξήγη-

89 4399 177 4431 σιν
208 4378 388 4430 αὐτοῦ.

164 4554 347 4609 Ἔστιν
400 4584 469 4595 -
522 4573 603 4627 με.
661 4584 724 4595 -
808 4554 924 4608 Ἐὰν
990 4553 1089 4625 ἐγὼ
1159 4554 1445 4626 μεγαλύνω,
1507 4559 1685 4627 φησὶν,

86 4644 332 4716 ἐμαυτὸν,
416 4640 556 4696 δοκώ
624 4645 741 4716 ὑμῖν
814 4641 1119 4714 ψεύδεσθαι.
1193 4643 1374 4696 Ἔστιν
1451 4645 1477 4695 ὀ
1530 4664 1686 4716 μεγα-

82 4735 246 4786 λύνων
299 4751 381 4806 με,
446 4735 472 4786 ὁ
532 4738 709 4803 Πατήρ
776 4752 896 4803 μου.
956 4738 1055 4785 Καὶ
1111 4732 1158 4785 ἐν
1209 4741 1280 4803 τῷ
1334 4734 1544 4808 ῥηθέντι
1580 4737 1682 4804 γὰρ

81 4823 343 4896 κεφαλαίῳ
386 4824 577 4896 ὁμοίως
626 4822 779 4884 εἶπεν,
837 4821 917 4873 ὅτι
966 4826 1065 4875 Καὶ
1120 4822 1144 4872 ὁ
1202 4821 1413 4895 πέμψας
1467 4842 1531 4895 με
1581 4830 1685 4875 lla-

80 4919 199 4987 τήρ,
288 4912 438 4972 αὐτὸς
521 4913 890 4985 μεμαρτύρηκε
971 4915 1086 4986 περὶ
1182 4910 1306 4983 ἐμοῦ
1415 4914 1679 4984 Προθερα-

84 5006 226 5054 πεύει
285 4997 343 5054 δὲ
403 5003 429 5053 ὃ
478 5000 646 5074 με’λλει
698 4999 847 5075 ἕρεῖν,
909 5001 991 5053 ἶνα
1052 5005 1124 5073 μὴ
1184 4996 1311 5074 δέξῃ
1370 5001 1677 5073 κομπάζειν.

1282 5198 1328 5233 ⁷⁵
1352 5196 1497 5253 ibid.
1525 5197 1617 5253 3i.

155 5196 204 5231 τ’
233 5195 401 5253 Joan.
431 5212 485 5265 ν,
508 5201 596 5255 23.
699 5198 748 5234 ⁷⁴
776 5199 950 5255 Joan.
985 5212 1064 5267 vr,
1092 5198 1178 5252 51.

1831 1892 1943 1932 nos
1973 1876 2189 1947 docuit,
2226 1881 2288 1932 ut
2315 1876 2585 1939 admissa
2638 1876 2695 1933 in
2726 1877 2913 1935 Deum
2969 1874 3363 1943 vindicemus,
3416 1872 3481 1930 in

1829 1981 1943 2022 nos
1974 1970 2176 2021 autem
2203 1964 2599 2036 negligamus.
2644 1969 2792 2023 Nam
2840 1969 2896 2021 et
2931 1965 3082 2036 ipse
3141 1962 3362 2021 factam
3416 1963 3477 2019 in

1830 2070 1895 2109 se
1950 2053 2232 2125 injuriam
2320 2054 2794 2126 praetermittens,
2845 2052 2927 2109 ad
3007 2051 3476 2110 admonitionem

1826 2143 2207 2200 convertitur.

1899 2234 2062 2291 Vers.
2100 2233 2183 2289 51.
2237 2233 2423 2289 Amen
2488 2264 2557 2273 —
2619 2239 2920 2290 atemum.
2987 2232 3190 2297 Quare
3249 2231 3308 2287 in
3358 2231 3476 2289 hoc

1825 2337 1986 2378 nono
2012 2323 2225 2395 capite,
2260 2321 2364 2378 ubi
2415 2322 2672 2379 dicitur:
2730 2321 2796 2378 Si
2841 2320 2962 2393 quis
3027 2320 3334 2377 comederit
3399 2336 3470 2378 ea.

1826 2411 1931 2468 hoc
1952 2427 2122 2483 pane,
2153 2414 2306 2468 vivet
2336 2412 2397 2467 in
2429 2418 2701 2468 aeternum
2751 2411 2823 2478 7‘,
2863 2414 2920 2466 et
2962 2408 3118 2465 illius
3147 2408 3278 2479 lege
3305 2424 3475 2467 enar-

1822 2503 2134 2559 rationem.
2181 2505 2329 2559 Nam
2373 2517 2443 2557 ex
2488 2501 2606 2559 hoc
2656 2500 2973 2571 intelliges,
3014 2500 3090 2556 de
3136 2516 3261 2573 qua
3310 2515 3472 2557 nunc

1822 2598 2010 2648 morte
2036 2591 2332 2663 loquatur;
2361 2590 2436 2647 de
2463 2606 2587 2663 qua
2608 2606 2748 2647 cum
2768 2589 2851 2646 illi
2877 2604 3001 2645 non
3019 2587 3468 2657 intellexissent,

1819 2695 2031 2736 rursus
2051 2696 2192 2736 eum
2222 2679 2584 2736 contumelia
2616 2678 2906 2736 afﬁciunt.

1890 2779 2057 2834 Vers.
2099 2781 2184 2833 52.
2240 2778 2517 2834 Dixerunt
2591 2807 2644 2819 —
2713 2776 2948 2833 habeas.
3009 2778 3175 2833 Nunc
3245 2775 3463 2846 magis.

1818 2868 2103 2926 Dixerunt
2127 2872 2325 2924 autem
2357 2868 2494 2932 hoc,
2528 2866 2704 2940 quasi
2759 2865 2881 2923 Deo
2933 2880 2995 2923 se
3050 2864 3286 2924 fecisset
3334 2865 3465 2938 ipse

1818 2959 2136 3029 majorem.

1888 3048 2052 3104 Vers.
2076 3047 2166 3102 52.
2202 3045 2504 3103 Abraham
2530 3077 2598 3087 —
2652 3045 2967 3117 prophetia.
3026 3044 3135 3111 Qui
3195 3044 3293 3102 Dei
3348 3060 3471 3103 ser-

1746 3165 1786 3219 C
1820 3152 2051 3192 monem
2090 3141 2490 3191 servaverunt.

1890 3224 2049 3280 Vers.
2078 3229 2170 3281 52.
2205 3224 2279 3278 Et
2315 3250 2373 3260 -
2422 3224 2583 3279 Vers.
2640 3227 2727 3280 53.
2777 3224 2931 3293 facis
2996 3221 3025 3277 τ
3083 3221 3467 3295 Consequens

1817 3328 1962 3369 sane
2001 3318 2148 3377 erat,
2191 3317 2255 3367 ut
2292 3312 2550 3367 dicerent
2590 3328 2603 3366 :
2651 3314 2805 3368 Num
2861 3315 2923 3367 tu
2964 3311 3149 3382 major
3178 3327 3242 3366 es
3283 3313 3398 3368 Deo
3437 3310 3466 3367 τ

1815 3417 2020 3458 verum
2043 3417 2163 3456 non
2191 3401 2303 3457 hoc
2325 3401 2550 3467 dicunt,
2566 3415 2641 3456 ne
2663 3401 3001 3471 Deoipsum
3022 3405 3462 3470 comparantes,

1815 3490 2148 3547 viderentur
2172 3505 2310 3545 eum
2372 3489 2572 3562 potius
2638 3489 2955 3546 honorare.
3012 3487 3228 3545 Volunt
3265 3495 3462 3551 autem

1812 3581 1943 3653 ipso
1969 3580 2145 3636 etiam
2172 3578 2468 3634 Abraham
2491 3579 2783 3634 minorem
2801 3577 2969 3633 illum
2986 3576 3320 3637 ostendere.
3347 3580 3465 3636 Nec

1810 3670 2088 3724 dixerunt
2112 3666 2452 3740 simpliciter
2481 3666 2804 3733 Abraham,
2868 3666 2970 3723 sed
3030 3672 3196 3739 patre
3254 3672 3462 3724 nostro

1810 3757 2132 3824 Abraham,
2167 3772 2410 3811 rursum
2478 3756 2824 3827 gloriantes,
2889 3761 2946 3811 et
2980 3755 3057 3811 de
3105 3755 3462 3825 cognatione

1809 3846 2110 3902 Abraham
2154 3861 2282 3901 sese
2308 3845 2625 3915 jactantes.

1878 3936 2037 3991 Vers.
2080 3938 2168 3990 54.
2262 3934 2568 4003 Respondit
2643 3964 2709 3975 -—-
2766 3939 2869 3990 est.
2939 3933 3089 3990 Nihil
3145 3937 3253 3999 est,
3289 3933 3460 3992 sicuti

1807 4040 1910 4079 vos
1962 4024 2401 4094 suspicamini;
2472 4040 2613 4079 nam
2671 4023 2783 4079 hoc
2835 4023 2914 4079 ad
2941 4022 3174 4079 illorum
3233 4024 3459 4094 cogita-

1808 4116 2025 4169 tionem
2078 4113 2312 4168 locutus
2359 4118 2469 4179 est,
2529 4112 2721 4167 simile
2774 4112 2853 4167 illi
2909 4112 3169 4168 dicens:
3238 4111 3296 4167 Si
3359 4128 3454 4183 ego

1806 4203 2203 4259 testimonium
2249 4200 2522 4268 perhibeo
2579 4201 2650 4256 de
2713 4216 2803 4256 me
2857 4204 3000 4270 ipso,
3060 4201 3453 4256 testimonium

1805 4306 1995 4347 meum
2028 4305 2145 4346 non
2174 4297 2259 4346 est
2325 4305 2522 4345 verum
2585 4291 2656 4355 ⁷⁸,
2717 4288 2877 4360 quod
2945 4289 3120 4359 juxta
3181 4287 3456 4344 medium
3536 4326 3541 4331 «

1804 4378 2041 4450 septimi
2105 4378 2315 4449 capitis
2372 4377 2623 4448 positum
2670 4381 2783 4441 est,
2837 4380 2895 4432 et
2951 4377 3081 4447 ejus
3130 4376 3256 4447 lege
3287 4391 3451 4433 enar-

1730 4495 1769 4548 D
1803 4469 2115 4524 rationem.

1870 4556 2040 4613 Vers.
2077 4556 2168 4612 54.
2195 4555 2304 4611 Est
2334 4583 2403 4595 —
2432 4570 2535 4610 me.
2577 4553 2645 4612 Si
2682 4569 2811 4625 ego,
2859 4553 3073 4626 inquit,
3130 4554 3452 4625 magnifico

1798 4663 1880 4701 me
1915 4647 2126 4715 ipsum,
2162 4644 2369 4700 videor
2405 4643 2576 4699 vobis
2615 4642 2887 4699 mentiri:
2922 4644 3028 4700 Est
3075 4654 3241 4716 pater
3268 4658 3449 4713 meus,

1797 4737 1898 4807 qui
1923 4735 2266 4805 magniﬁcat
2305 4748 2416 4789 me.
2452 4736 2597 4788 Nam
2634 4733 2921 4804 praedicto
2962 4748 3204 4806 quoque
3256 4733 3452 4805 capite

1794 4823 2060 4880 similiter
2083 4823 2231 4879 dixit
2262 4840 2275 4878 :
2305 4823 2379 4879 Et
2404 4822 2508 4894 qui
2538 4822 2693 4878 misit
2740 4837 2829 4880 me
2876 4824 3077 4887 Pater,
3130 4823 3256 4892 ipse
3287 4822 3452 4885 testi-3

1788 4912 2053 4969 monium
2080 4911 2379 4982 perhibuit
2408 4911 2477 4967 de
2525 4926 2618 4967 me
2642 4912 2709 4967 ⁷⁸.
2743 4910 3004 4968 Primum
3034 4916 3227 4969 autem
3285 4912 3449 4969 viam

1792 5000 2093 5074 praestruit
2120 5001 2214 5057 bis
2245 5016 2382 5073 quea
2436 4999 2701 5056 dicturus
2759 5007 2866 5069 est,
2891 5015 2966 5056 ne
2995 4999 3238 5071 gloriari
3284 4998 3452 5056 vide-

1714 5198 1762 5233 "
1786 5195 1933 5253 ibid.
1964 5198 2055 5252 37.

1275 5400 1495 5470 Variae
1538 5400 1867 5470 lectiones
1920 5410 1983 5468 et
2027 5408 2229 5469 notae.

148 5597 263 5740 ἑϐθ)
305 5597 454 5670 Αὐτῷ
484 5598 660 5655 Addit
684 5600 749 5653 A.
903 5640 907 5645 .

174 5671 265 5740 65)
306 5670 426 5727 Ηοο
448 5686 568 5727 non
586 5670 840 5727 exclusit
857 5685 907 5726 vr

174 5666 265 5741 65)
306 5666 433 5744 Hoc
448 5686 568 5727 non
586 5670 840 5744 exclusit
857 5666 1215 5744 vocabulum
1235 5667 1497 5744 Ἀϐραὰμ,
1511 5669 1674 5740 quod

78 5745 321 5814 uterque
368 5741 428 5798 in
469 5748 629 5799 textu
664 5741 862 5808 habet,
898 5741 1001 5797 sed
1032 5744 1198 5813 urget
1246 5743 1304 5793 τό
1334 5741 1443 5793 ’τοῦ
1475 5744 1668 5814 πατρὸς

1785 5598 1949 5670 ἡμῶν.
1992 5596 2337 5654 Accuratius
2358 5596 2621 5666 dixisset,
2664 5602 2759 5667 xui.
2783 5596 2889 5670 οὐχ
2915 5595 3087 5659 ἁπλῶς
3117 5592 3280 5661 εἶπον,
3316 5593 3443 5649 ἀλλὰ

1784 5671 1917 5741 μετὰ
1946 5670 2276 5741 προσθήκης.
