4098 6456
136 327 279 395 iam
1108 330 1482 391 COMMENT.
1529 328 1599 386 IN
1637 323 1991 383 JOANNEM.
2034 355 2101 368 -
2140 323 2300 383 CAP.
2348 322 2484 379 vm.
3362 321 3519 393 1,309.

131 464 272 537 ὑμᾶς
329 466 401 537 μή
451 465 668 536 ἔχοντας
713 466 915 537 πατέρα
964 463 1051 515 τὸν
1103 460 1307 531 Θεόν.]
1363 458 1740 532 Ἀτιμάσαντες

1889 450 2100 520 stendi,
2131 466 2237 507 vos
2255 451 2440 506 Deum
2462 462 2583 505 non
2609 444 2833 504 habere
2865 454 3097 520 patrem
3130 464 3144 507 :
3167 464 3276 507 vos
3296 454 3504 513 autem,

133 536 196 607 δὲ
248 536 337 606 τὸν
396 552 537 615 ria»,
605 536 896 625 ἠτιμάσατε
969 554 1059 604 τὸν
1126 554 1352 624 Πατέρα.
1421 553 1737 624 Προείρηται

1886 539 2059 596 'ilium
2089 537 2418 612 ignominia
2476 536 2820 606 efﬁcientes,
2872 537 3100 595 honore
3134 538 3413 615 privastis
3443 544 3504 598 et

32 644 37 669 ³
130 646 230 718 γὰρ
257 645 335 696 ὅτι
378 643 403 695 ὁ
448 647 519 715 μὴ
553 651 715 716 τιμῶν
745 645 832 695 τὸν
857 643 976 695 Υἱὸν
1008 640 1067 693 οῦ
1098 645 1228 713 τιμᾴ
1266 643 1353 692 τὸν
1399 642 1604 713 Πατέρα
1648 641 1735 691 τὸν
1846 630 2086 685 Patrem.
2168 627 2510 718 Prmdictum
2566 627 2740 718 enim
2817 633 2927 718 88f,
3015 628 3329 701 (Ιυοάιίίυί
3374 644 3498 718 non

32 734 40 761 ³
130 732 411 805 πέμψαντα
438 732 612 785 αὐτόν.

1881 725 2100 776 .onorat
2125 717 2350 784 Filium,
2384 731 2506 773 non
2565 715 2817 773 honorat
2873 715 3129 782 Patrem,
3184 718 3289 790 qui
3338 717 3499 774 misit

1841 808 2001 864 illum
2031 810 2102 863 ⁷³.

202 907 331 980 Ἐγὼ
362 937 429 949 -
454 925 577 981 μου.
604 910 710 967 Τήν
736 902 1010 965 ἐκδίκησιν
1037 913 1130 967 τῆς
1158 902 1368 978 ἀτιμίας
1394 922 1517 977 μου.

1912 898 2082 957 Vers.
2107 899 2195 954 50.
2228 898 2357 968 Ego
2388 925 2454 937 —
2483 909 2685 950 meam.
2728 893 3064 953 Vindictam
3113 896 3490 955 contumelias

1840 1002 2011 1044 meas.

198 1081 378 1136 Ἔστιν
424 1115 477 1128 -
522 1088 730 1156 κρίνων.
762 1083 819 1137 ’0
866 1088 1046 1155 Πατήρ
1097 1077 1168 1135 δι’
1201 1080 1255 1135 ὃν
1306 1082 1602 1153 ἠτιμάσατέ
1642 1099 1724 1153 με,

1911 1081 2070 1135 Vers.
2110 1079 2198 1134 50.
2233 1078 2325 1133 Est
2356 1105 2423 1116 —
2468 1074 2724 1145 judicet.
2772 1076 2958 1141 Pater,
3008 1082 3253 1149 propter
3305 1092 3487 1151 quem

32 1192 37 1217 ί
123 1176 213 1223 καὶ
244 1175 368 1247 πρὸς
396 1172 451 1225 ὃν
476 1174 507 1232 ή
543 1172 724 1247 ἀτιμία
752 1180 845 1226 τοῦ
875 1174 998 1226 Υἰοῦ
1028 1169 1317 1225 διαϐαίνειν
1347 1166 1506 1225 οἶδεν.
1536 1170 1598 1223 Ei
1623 1190 1650 1242 θ)

1870 1183 2062 1223 ιοιιοτρ
2094 1183 2190 1223 me
2219 1164 2512 1239 privastis,
2564 1167 2621 1218 et
2669 1161 2746 1219 ad
2772 1179 2955 1235 quem
2988 1164 3108 1221 Filii
3151 1165 3488 1235 ignominia

122 1265 212 1312 καὶ
257 1266 351 1319 τήν
393 1266 568 1334 κρίσιν
603 1267 777 1315 πᾶσάν
828 1257 1028 1314 δέδωκε
1068 1270 1140 1331 τῷ
1180 1267 1305 1330 Υιῷ,
1352 1258 1459 1311 ἀλλ’
1508 1259 1614 1331 οὐχ
1657 1262 1725 1323 ὡς

1866 1257 2084 1313 ransire
2106 1258 2382 1313 cernitur.
2415 1257 2563 1311 Nam
2617 1252 2728 1308 etsi
2759 1269 2939 1311 omne
2978 1254 3273 1325 judicium
3321 1255 3484 1313 dedit

122 1346 350 1401 ἐκϐαλὼν
380 1350 557 1404 ἑαυτὸν
577 1359 669 1405 τοῦ
694 1356 901 1427 κρίνειν,
931 1349 1058 1403 ἀλλὰ
1086 1346 1224 1413 διότι
1265 1353 1435 1421 Λόγος
1464 1356 1554 1401 τοῦ
1584 1356 1720 1402 Πατο

1865 1346 1999 1415 ‘ilio,
2027 1362 2145 1403 non
2178 1352 2397 1410 tamen,
2431 1347 2596 1419 quod
2631 1359 2694 1404 se
2724 1344 2952 1401 honore
2999 1343 3337 1417 privaverit,
3375 1344 3483 1402 sed

39 1462 49 1492 τ
118 1442 207 1512 ρος
233 1440 259 1490 ὁ
292 1442 435 1502 Υἱὸς.

1831 1435 1997 1508 quod
2027 1435 2288 1491 Verbum
2316 1436 2498 1493 Patris
2528 1439 2600 1495 sit
2623 1436 2819 1494 Filius.
3027 1503 3034 1509 .

190 1527 326 1603 Ὀρὰ
368 1525 429 1582 δε
473 1538 603 1596 πῶς,
658 1531 740 1583 ὅτε
924 1527 1062 1582 εἷπον
1108 1531 1309 1601 πατέρα
1381 1527 1575 1581 ἕαντῶν
1632 1531 1719 1581 τὸν

1900 1524 2048 1580 Vide
2077 1530 2293 1591 autem,
2326 1526 2487 1598 quod
2512 1527 2760 1600 quando
2789 1529 3022 1599 patrem
3048 1523 3161 1580 sibi
3201 1523 3478 1582 dixerunt

31 1645 51 1677 τ
118 1621 264 1685 Θεὸν,
319 1618 720 1694 ἐπαρῥησιάσθη
778 1624 869 1672 καὶ⁵
927 1615 1164 1691 σφοδρῶς
1193 1617 1362 1669 αὐτῶν
1419 1617 1649 1688 καθήψατ

1862 1630 1959 1670 sse
1985 1615 2192 1679 Deum,
2219 1614 2401 1671 libere
2448 1615 2754 1688 respondit
2804 1619 2862 1672 et
2907 1614 3167 1685 graviter
3214 1629 3319 1675 eos
3373 1613 3475 1670 ob-

31 1738 46 1768 ;
116 1708 199 1760 ὅτε
266 1705 327 1762 δι
386 1709 541 1761 αὐτὸν
598 1709 885 1780 ἠτίμασαν,
949 1704 1185 1769 ἰπιεικῶς
1251 1704 1561 1780 ἀπεκρίνατο
1625 1727 1649 1758 κ

1858 1704 2080 1773 urgavit
2132 1723 2145 1760 :
2199 1705 2450 1777 quando
2492 1722 2636 1763 vero
2679 1703 3041 1762 contumelia
3087 1719 3221 1760 eum
3266 1702 3476 1760 affece-

32 1829 49 1853 π
113 1802 312 1872 πράως.
346 1798 573 1852 Ἐτεῦθεν
602 1800 701 1870 γὰρ
751 1793 1060 1850 ἐπαίδευσεν
1099 1797 1237 1868 ἡμᾶς
1285 1798 1354 1848 τὰ
1381 1798 1472 1867 μεν
1520 1795 1587 1856 εὶς
1627 1816 1650 1849 τ

1857 1798 1980 1862 unt,
2014 1793 2282 1850 modeste
2313 1793 2623 1865 respondit
2663 1809 2734 1850 ac
2781 1797 3109 1849 mansuete.
3148 1790 3292 1849 Hinc
3321 1792 3471 1849 enim

113 1892 243 1941 Θεὸν
283 1884 526 1956 ἐκδικεῖν,
560 1889 621 1939 τὰ
649 1883 708 1940 δὲ
737 1886 809 1948 εἰς
829 1888 968 1960 ἡμᾶς
996 1891 1248 1960 παρορᾴν.
1285 1888 1386 1938 Καὶ
1433 1884 1590 1947 αὐτὸς
1613 1888 1711 1961 γὰρ

1854 1898 1935 1938 ιοει
1964 1881 2180 1953 docuit,
2218 1887 2279 1938 ut
2307 1882 2577 1943 admissa
2630 1882 2686 1939 in
2718 1883 2905 1943 Deum
2961 1880 3354 1950 vindicamus,
3408 1879 3472 1936 in

110 1973 473 2050 παραδραμὼν
504 1981 591 2034 τήν
625 1976 696 2039 εἰς
728 1976 907 2029 ἑαυτὸν
952 1974 1100 2051 ὕϐριν
1150 1973 1234 2027 ἐπὶ
1264 1974 1567 2047 παραίνεσιν
1600 1979 1709 2048 τρέ-

1850 1987 1934 2028 nos
1966 1976 2167 2027 autem
2193 1970 2591 2042 negligamus.
2636 1975 2783 2029 Nam
2832 1975 2887 2027 et
2922 1970 3072 2042 ipse
3132 1968 3354 2027 factam
3408 1969 3468 2025 in

32 2104 53 2133 ς.
108 2085 281 2120 πεται.
1822 2075 1887 2115 se
1943 2058 2224 2131 injuriam
2313 2060 2786 2132 praetermittens,
2837 2058 2919 2115 ad
2999 2057 3468 2116 admonitionem

1818 2148 2199 2206 convertitur.

182 2246 355 2316 Ἀμήν
385 2275 454 2283 —
502 2243 681 2297 αἰῶνα.
740 2248 980 2302 Ζήτησον
1019 2241 1068 2294 ἄν
1123 2250 1196 2313 τῷ
1240 2240 1398 2313 ἐνάτῳ
1450 2239 1708 2313 κεφαλαίῳ

1890 2240 2054 2297 Vers.
2091 2239 2175 2294 51.
2229 2238 2415 2295 Amen
2480 2270 2549 2280 —
2610 2245 2912 2296 aeternum.
2978 2238 3181 2303 Quare
3241 2237 3300 2293 in
3350 2237 3466 2295 hoc

48 2376 57 2403 τ
107 2337 187 2394 τὸ,
258 2336 375 2387 Ἐάν
413 2353 488 2394 τις
543 2334 682 2406 φάγῃ
745 2332 800 2385 ίκ
857 2335 1042 2385 τούτου
1096 2339 1187 2384 τοῦ
1246 2333 1428 2405 ἄρτου,
1485 2331 1666 2391 ζήσετε

1842 2342 1978 2384 tono
2004 2329 2217 2401 capite,
2253 2327 2355 2384 ubi
2407 2328 2663 2384 dicitur:
2722 2327 2787 2384 Si
2833 2326 2953 2399 quis
3019 2326 3326 2383 comederit
3390 2341 3460 2384 ea.

32 2468 58 2493 ﬁ
106 2423 174 2483 εἰς
231 2426 317 2475 τὸν
374 2422 538 2475 αἰῶνα
571 2440 583 2451 ·
643 2426 734 2474 καὶ
788 2420 1047 2493 ἀνάγνωθι
1080 2426 1176 2479 τήν
1228 2420 1481 2492 ἐξήγησιν
1521 2419 1647 2472 αὐτο

1847 2433 1922 2473 me
1943 2432 2113 2489 pane,
2145 2419 2297 2474 vivet
2327 2418 2389 2473 in
2420 2424 2692 2474 mtemum
2743 2417 2814 2484 τι,
2854 2420 2911 2472 et
2954 2414 3109 2471 illius
3139 2414 3269 2486 lege
3297 2430 3465 2473 enar-

104 2518 329 2573 Νοήσεις
378 2514 478 2584 γὰρ
536 2513 724 2564 ἐκεῖθεν
772 2515 891 2586 περὶ
940 2515 1093 2563 ποίου
1157 2512 1379 2563 θανάτου
1413 2510 1547 2580 λέγει
1593 2517 1650 2561 νῦ

1846 2510 2126 2564 stionem.
2173 2511 2321 2564 Nam
2364 2523 2435 2563 ex
2480 2507 2598 2565 hoc
2648 2506 2965 2577 intelliges,
3006 2506 3082 2562 de
3127 2522 3251 2579 qua
3301 2521 3462 2573 nunc

33 2632 61 2676 :3,
103 2607 231 2676 Περὶ
285 2601 345 2653 οὗ
401 2605 474 2674 μή
540 2605 819 2661 νοήσαντες
891 2598 1072 2653 ἐκεῖνοι
1128 2599 1278 2651 πάλιν
1353 2597 1651 2672 ἂτιμάζουσ

1840 2604 2002 2654 norle
2028 2597 2323 2669 loquatur;
2352 2596 2428 2653 de
2454 2611 2578 2669 qua
2600 2612 2739 2652 cum
2760 2595 2842 2651 illi
2869 2611 2992 2651 non
3011 2593 3458 2663 intellexissent,

99 2690 278 2744 αὐτόν.
1130 2732 1137 2737 .

1442 2670 1449 2672 ⁷
1811 2701 2022 2742 rursus
2043 2702 2183 2741 eum
2213 2685 2575 2742 contumelia
2607 2684 2896 2742 afﬁciunt.

175 2777 334 2833 Εἶπον
368 2810 430 2820 ——
476 2780 639 2849 ἔχεις.
681 2785 788 2831 Νῦν
826 2776 1035 2850 μᾶλλον.
1087 2774 1243 2830 Εἶπον
1293 2773 1353 2830 δὲ
1403 2785 1574 2844 τοῦτο,
1631 2780 1701 2840 ὡς

1882 2785 2049 2840 Vers.
2090 2787 2176 2839 52.
2231 2783 2509 2840 Dixerunt
2582 2813 2635 2825 -
2703 2782 2939 2839 habeas.
3000 2784 3166 2839 Nunc
3235 2781 3453 2852 magis.

96 2866 289 2920 ἐκείνου
317 2864 475 2927 δῆθεν
504 2875 777 2929 ποιοῦντος
804 2867 985 2921 ἑαυτὸν
1015 2867 1230 2939 μείζονα
1254 2875 1346 2920 τοῦ
1375 2874 1529 2922 Θεοῦ.

1838 2874 2094 2931 )ixerunt
2119 2878 2317 2930 autem
2347 2873 2486 2939 hoc,
2520 2872 2696 2946 quasi
2750 2871 2872 2929 Deo
2924 2886 2987 2928 se
3040 2871 3278 2929 fecisset
3326 2872 3456 2945 ipse

1810 2964 2127 3034 majorem.

35 3084 54 3113 μ
167 3045 415 3120 Ἀϐραὰμ
454 3078 518 3087 —
546 3055 831 3119 προφῆται.
867 3048 933 3099 Οἱ
960 3051 1278 3121 τηρήσαντες
1307 3048 1395 3098 τὸν
1433 3046 1580 3118 λόγον
1607 3067 1650 3099 τι

1880 3054 2043 3109 Vers.
2068 3053 2157 3107 52.
2193 3051 2495 3109 Abraham
2520 3083 2589 3093 —
2644 3051 2958 3123 prophetia.
3017 3050 3126 3117 Qui
3186 3050 3283 3108 Dei
3339 3066 3461 3108 ser-

31 3132 39 3207 έ
92 3144 252 3190 Θεοῦ.

1233 3221 1255 3226 _
1356 3225 1359 3226 ν
1550 3224 1555 3226 Δ
1738 3170 1777 3225 C
1811 3157 2042 3197 monem
2081 3147 2481 3197 servaverunt.

167 3230 271 3279 Καὶ
327 3257 395 3264 -
470 3232 630 3285 ποιεῖς
663 3241 676 3291 ;
711 3223 1015 3278 Ἀκόλουθεν
1064 3226 1154 3291 μὶν
1226 3221 1288 3283 ἧν
1343 3225 1455 3295 (64)
1516 3224 1694 3277 εἰπεῖν·
1750 3221 1776 3225 ”

1882 3230 2040 3286 Vers.
2070 3234 2162 3286 52.
2196 3229 2270 3284 Et
2307 3255 2364 3266 —
2413 3230 2574 3285 Vers.
2631 3233 2718 3286 53.
2769 3229 2921 3299 facis
2987 3228 3017 3283 Ἰ
3073 3227 3457 3301 Consequens

32 3310 39 3318 ’
92 3318 179 3372 Μή
231 3317 297 3366 σὺ
347 3314 537 3385 μείζων
577 3311 624 3365 εἶ
660 3321 755 3365 τοῦ
784 3320 961 3380 Θεοῦ;
996 3311 1132 3364 Ἀλλ’
1173 3312 1232 3364 οῦ
1270 3312 1484 3383 λέγουσι
1521 3322 1650 3366 τοῦτι

1841 3334 1953 3375 ane
1992 3323 2138 3382 erat,
2182 3323 2246 3373 ut
2283 3318 2541 3373 dicerent
2582 3333 2594 3372 :
2641 3319 2795 3373 Num
2852 3320 2914 3372 tu
2955 3317 3141 3388 major
3169 3333 3233 3372 es
3274 3319 3390 3374 Deo
3428 3316 3456 3373 ?

34 3396 47 3479 ξ
93 3405 176 3454 ἱνα
202 3407 276 3474 μή
311 3406 675 3475 συγκρίναντες
697 3401 851 3454 αῦτόν
875 3410 945 3472 τῷ
973 3405 1082 3472 Θεῷ
1104 3397 1302 3464 δόξωσι
1327 3402 1516 3474 μᾶλλον
1541 3409 1652 3474 τιμε

1834 3422 2010 3462 ’81⁸0111
2034 3422 2155 3462 non
2182 3407 2295 3463 hoc
2317 3406 2541 3473 dicunt,
2559 3421 2631 3461 ne
2654 3406 2991 3477 Deoipsum
3013 3411 3452 3476 comparantes,

92 3492 270 3544 αὐτον.
306 3490 580 3543 Βοῦλονται
608 3487 667 3544 δὲ
710 3491 865 3542 αὐτὸν
904 3490 1143 3542 ἐλάττονα
1191 3495 1280 3543 καὶ
1317 3499 1407 3543 τοῦ
1460 3491 1696 3566 ’Δϐραόιμ

1835 3496 2140 3551 ‘iderentur
2163 3511 2301 3551 eum
2362 3495 2563 3567 potius
2630 3495 2945 3551 honorare.
3003 3493 3220 3550 Volunt
3255 3501 3453 3553 autem

31 3646 49 3665 η’
91 3578 383 3651 ἀποφῆναι.
437 3584 534 3632 Καὶ
576 3579 669 3632 οῦκ
702 3577 840 3633 εἷπον
870 3588 961 3632 τοῦ
997 3578 1236 3653 Ἀϐραὰμ
1278 3581 1413 3652 (65).
1446 3580 1573 3633 ἀλλὰ
1602 3602 1649 3634 τι

1838 3600 1934 3656 pso
1961 3586 2137 3642 etiam
2163 3584 2459 3640 Abraham
2482 3584 2773 3640 minorem
2792 3582 2959 3639 illum
2977 3583 3311 3641 ostendere.
3339 3586 3456 3642 Nec

32 3674 43 3735 ς
89 3671 290 3742 πατρὸς
339 3670 506 3741 ἡμῶν,
559 3670 910 3742 κομπάζοντες
956 3668 1132 3734 πάλιν,
1172 3674 1262 3722 καὶ
1303 3679 1367 3743 τῇ
1421 3678 1650 3743 aur/703i

1834 3676 2080 3730 iixerunt
2103 3672 2444 3746 simpliciter
2472 3672 2796 3739 Abraham,
2858 3671 2961 3729 sed
3021 3678 3188 3745 patre
3246 3678 3452 3730 nostro

32 3754 49 3838 ί
91 3764 184 3809 τοῦ
221 3756 460 3832 Ἀϐραὰμ
490 3757 956 3832 inaugura-adytum.

1834 3762 2124 3829 ibraham,
2159 3741 2400 3817 rursum
2469 3761 2815 3833 gloriantes,
2880 3741 3048 3817 etde
3096 3761 3452 3831 cognatione

1800 3851 2101 3907 Abraham
2145 3866 2273 3907 sese
2298 3851 2616 3921 jactantes.

160 3936 444 4011 Ἀπεκρίθη
477 3967 545 3979 —
591 3936 752 3992 ἔστιν.
802 3934 970 3991 Οὐδέν
1013 3936 1173 4002 ἔστιν,
1228 3939 1299 3999 ὡς
1351 3939 1496 4011 ὑμεῖς
1554 3940 1687 3991 ὑπο-

1870 3942 2029 3996 Vers.
2071 3943 2160 3996 54.
2253 3939 2559 4008 Respondit
2634 3969 2701 3981 -—-
2756 3946 2861 3996 est.
2930 3939 3081 3995 Nihil
3136 3943 3243 4005 est,
3280 3939 3450 3998 sicuti

32 4018 41 4041 ⁵
82 4025 390 4100 λαμϐάνετε.
428 4029 560 4100 Πρὸς
582 4032 675 4085 τὴν
705 4025 908 4081 ἐκείνων
936 4029 1038 4102 γὰρ
1065 4028 1308 4079 ὑπόνοιαν
1344 4036 1499 4081 τοῦτο
1529 4027 1650 4082 rimi

1835 4046 1901 4085 os
1953 4030 2393 4099 suspicamini;
2463 4045 2604 4085 nam
2662 4028 2774 4085 hoc
2826 4028 2905 4085 ad
2932 4028 3164 4085 illorum
3224 4029 3450 4100 cogita-

32 4109 37 4137 ί
82 4120 200 4169 ἴσον
252 4115 411 4187 λέγων
451 4124 547 4186 τῷ,
605 4116 721 4169 Ἐὰν
760 4115 862 4188 ἐγὼ
910 4123 1155 4189 μαρτυρῶ
1203 4122 1319 4190 περὶ
1370 4115 1614 4189 ἐμαυτοῦ,

1826 4121 2015 4175 ionem
2069 4119 2303 4174 locutus
2350 4124 2460 4184 est,
2520 4118 2712 4173 simile
2765 4118 2845 4173 illi
2900 4117 3160 4174 dicens:
3228 4117 3287 4173 Si
3350 4134 3444 4190 ego

32 4198 43 4227 ⁵
79 4210 352 4281 μαρτυρία
379 4225 480 4277 μου
505 4204 599 4257 οῦκ
625 4207 764 4258 ἔστιν
797 4204 992 4267 ἀληθής
1026 4225 1039 4237 ·
1082 4206 1204 4279 ὅπερ
1254 4212 1422 4259 κεῖται
1456 4216 1574 4281 περὶ
1622 4226 1650 4258 τ

1825 4208 2193 4264 estimom'um
2240 4206 2513 4274 perhibeo
2570 4207 2641 4262 de
2704 4221 2794 4262 me
2848 4209 2991 4275 ipso.
3051 4207 3443 4263 testimonium

77 4300 222 4368 μέσα
244 4302 336 4347 τοῦ
368 4291 593 4367 ἑϐδόμου
622 4294 900 4367 κεφαλαίου
926 4315 938 4328 ·
971 4299 1062 4347 καὶ
1091 4292 1349 4365 ἀνάγνωθι
1386 4299 1475 4352 τήν
1500 4292 1686 4366 ἐξήγη-

1912 4313 1985 4351 ¢m
2019 4303 2251 4352 nonest
2316 4311 2513 4351 verum
2576 4296 2647 4361 ⁷⁸,
2707 4294 2868 4366 quod
2937 4295 3111 4365 juxta
3172 4293 3446 4349 medium
3528 4334 3530 4337 τ

79 4404 163 4436 σιν
195 4383 379 4435 αὐτοῦ.
1795 4384 2032 4456 septimi
2096 4383 2306 4455 capitis
2362 4383 2614 4454 positum
2660 4387 2773 4448 est,
2828 4386 2886 4438 et
2942 4383 3072 4453 ejus
3121 4382 3247 4453 lege
3278 4397 3441 4438 enar-

32 4458 37 4501 ί
1720 4501 1760 4553 υ
1794 4475 2106 4530 rationem.

155 4560 338 4616 Ἔστιν
390 4589 459 4601 --
513 4578 594 4632 με.
652 4590 715 4601 --
799 4559 915 4613 Ἐὰν
981 4559 1080 4631 ίγὼ
1149 4559 1435 4632 μεγαλύνω,
1498 4564 1676 4632 φησὶν,

1861 4562 2031 4618 Vers.
2068 4562 2160 4617 54.
2185 4561 2295 4616 Est
2325 4589 2394 4601 —
2423 4576 2526 4615 me.
2568 4558 2637 4617 Si
2673 4575 2802 4631 ego,
2851 4559 3064 4632 inquit,
3121 4559 3442 4631 magniﬁco

78 4650 323 4722 ἐμαυτὸν,
407 4646 546 4701 δοκῶ
615 4650 731 4722 ὑμῖν
804 4646 1111 4719 ψεύδεσθαι,
1184 4648 1364 4702 Ἔστιν
1442 4650 1468 4701 ὀ
1520 4669 1677 4722 μεγα-

1820 4668 1871 4706 me
1906 4652 2118 4720 ipsum,
2154 4650 2360 4706 videor
2395 4648 2567 4704 vobis
2606 4648 2879 4705 mentiri:
2913 4650 3019 4706 Est
3065 4660 3232 4721 pater
3258 4662 3438 4719 meus,

32 4741 236 4792 ⁵·λῦνων
290 4757 372 4811 με,
436 4740 463 4791 ὁ
524 4744 700 4809 Πατήρ
767 4756 887 4808 μου.
947 4743 1045 4790 Καὶ
1101 4737 1149 4790 ἐν
1200 4746 1270 4809 τῷ
1325 4739 1535 4813 ῥηθέντι
1571 4744 1650 4810 γὰ]

1830 4742 1889 4796 ui
1915 4741 2257 4811 magniﬁcat
2296 4753 2407 4795 me.
2443 4741 2587 4794 Nam
2624 4738 2911 4810 praedicto
2953 4754 3195 4811 quoque
3247 4739 3442 4810 capite

32 4833 43 4865 τί
72 4829 334 4902 κεφαλαίῳ
377 4830 568 4902 ὁμοίιος
618 4828 770 4889 εἶπεν,
828 4826 908 4878 ὅτι
956 4832 1056 4883 Καὶ
1110 4828 1135 4878 ὀ
1193 4827 1404 4899 πέμψας
1458 4848 1522 4901 με
1572 4836 1650 4881 lla

1824 4828 2050 4885 imiliter
2074 4828 2222 4885 dixit
2254 4845 2266 4884 :
2296 4829 2369 4885 Et
2395 4828 2500 4899 qui
2528 4828 2684 4883 misit
2731 4843 2820 4885 me
2867 4829 3067 4893 Pater,
3121 4829 3247 4898 ipse
3277 4828 3442 4892 testi-3

34 4924 188 4993 “τήρ,
278 4918 429 4978 αὐτὸς
513 4918 880 4990 μεμαρτύρηκε
961 4920 1077 4991 περὶ
1172 4915 1296 4988 ἐμοῦ
1404 4920 1652 4990 Προθερω

1821 4918 2043 4975 mnium
2071 4917 2370 4988 perhibuit
2399 4916 2467 4973 de
2517 4932 2609 4973 me
2634 4918 2700 4972 ⁷⁸.
2734 4916 2996 4974 Primum
3025 4922 3218 4975 autem
3277 4917 3439 4975 viam

32 5011 216 5060 ’πεύει
276 5002 334 5059 δὲ
394 5008 420 5058 ὁ
469 5005 637 5079 μέλλει
688 5004 837 5079 ἐρεῖν,
899 5007 982 5058 ἰνα
1043 5010 1114 5079 μή
1174 5002 1301 5079 δέξῃ
1360 5007 1649 5080 κομπάζειν

1826 5006 2083 5063 raastruit
2109 5006 2204 5062 bis
2236 5022 2372 5079 quae
2427 5005 2691 5061 dicturus
2749 5012 2857 5073 est,
2882 5021 2956 5062 ne
2986 5005 3229 5077 gloriari
3274 5004 3441 5061 vide-

145 5202 195 5237 "
224 5201 393 5258 Joan.
420 5218 476 5270 ν,
499 5206 586 5260 23.
689 5203 739 5239 ⁷⁴
767 5204 941 5260 Joan.
976 5218 1054 5271 vr,
1083 5203 1169 5258 51.
1272 5203 1319 5238 ⁷⁵
1343 5202 1487 5259 ibid.
1516 5203 1607 5259 3t.
1704 5204 1753 5239 τε
1777 5201 1924 5259 ibid.
1955 5204 2046 5257 37.

1265 5406 1485 5475 Variae
1528 5406 1858 5476 lectiones
1911 5417 1974 5474 et
2017 5414 2219 5475 notae.

161 5603 230 5659 64
294 5603 445 5658 Δῦτῶ
475 5604 650 5660 Addit
673 5606 740 5659 A.
894 5646 898 5651 .

138 5603 256 5747 i65i
296 5660 423 5732 Hoc
440 5692 559 5731 non
577 5675 831 5747 exclusit
848 5671 1205 5747 vocabulum
1226 5672 1488 5747 Ἀϐραὰμ,
1501 5674 1665 5745 quod

1815 5610 1939 5676 μῶν.
1982 5602 2327 5659 Accuratius
2348 5603 2611 5672 dixisset,
2655 5608 2749 5671 xui.
2774 5602 2880 5676 οὐχ
2906 5601 3078 5665 ἁπλῶς
3109 5598 3271 5668 εἶπον,
3307 5599 3433 5655 ἀλλά

1818 5676 1908 5727 erit
1937 5676 2266 5747 προσθήκης.
2764 5734 2767 5739 η

164 5671 256 5747 65)
296 5671 559 5749 Ηοοηοιι
577 5671 1205 5749 exclusitvocabulum
1226 5672 1665 5749 Ἀϐραὰμ,([ηο(1
1775 5696 1782 5747 ,1

653 5675 831 5749 clusit
848 5671 1205 5749 vocabulum
1226 5672 1665 5749 Ἀϐραὰμ,(ιιιο(1
1775 5671 1908 5747 μετὰ
1937 5676 2265 5748 προσθήκης.

68 5746 313 5820 uterque
358 5746 419 5803 in
460 5754 619 5803 textu
654 5746 852 5812 habet,
888 5746 990 5802 sed
1022 5751 1189 5819 urget
1236 5748 1295 5798 τὸ
1324 5746 1433 5799 ’τοῦ
1466 5749 1659 5819 πατρὸς
