4098 6456
138 332 285 400 1130i
1113 336 1487 397 COMMENT.
1535 334 1605 392 IN
1643 329 1996 390 JOANNEM.
2040 362 2106 375 -
2145 330 2305 389 CAP.
2353 330 2489 386 VIII.
3367 330 3525 401 tam.

135 469 277 542 ὑμᾶς
334 471 407 542 μὴ
457 470 673 540 ἔχοντας
718 471 920 543 πατέρα
969 469 1057 520 τὸν
1109 465 1312 537 Θεόν.]
1368 465 1746 538 Ἀτιμοίσαντις

1887 456 2106 526 tetendi,
2136 473 2242 513 vos
2260 458 2444 513 Deum
2468 469 2588 512 non
2615 451 2839 512 habere
2870 461 3102 528 patrem
3136 472 3149 514 :
3173 472 3282 515 vos
3301 462 3505 523 autem

137 554 201 612 δέ
253 561 341 611 τὸν
402 557 542 620 Υίὸν,
610 558 902 629 ἠτιμάσατε
975 560 1063 609 τὸν
1132 560 1357 630 Πατέρα.
1427 559 1743 630 Προείρηται

1890 546 2064 603 'ilium
2095 545 2423 618 ignominia
2481 544 2825 614 efficientes,
2876 544 3105 602 honore
3140 546 3419 619 privastis
3449 552 3508 605 et

132 651 235 723 γὰρ
262 650 341 701 ὅτι
383 648 408 700 6
454 652 525 720 μὴ
558 656 720 721 τιμῶν
750 650 837 699 τὸν
862 648 981 700 Υἰόν
1013 645 1072 698 οὐ
1103 650 1233 718 τιμᾷ
1272 649 1359 697 τὸν
1404 648 1609 719 Πατέρα
1654 647 1741 697 τὸν

1883 641 2092 692 ’atrem.
2173 634 2514 691 Praedictum
2584 634 2745 709 enim
2823 639 2932 701 est,
3020 635 3207 708 quod,
3230 635 3335 708 qui
3379 652 3501 695 non

30 738 41 765 ⁵
132 736 415 810 πέμψαντα
443 737 617 790 αὐτόν.

1886 731 2105 782 .onorat
2130 724 2355 791 Filium,
2388 738 2511 780 non
2569 722 2822 780 honorat
2877 722 3134 790 Patrem,
3189 725 3295 798 qui
3343 725 3504 782 misit

1846 814 2006 871 illum
2036 816 2106 869 ⁷³.

207 912 336 985 Ἐγὼ
366 943 434 954 -
459 931 582 986 μου.
609 915 715 972 Τὴν
741 907 1015 970 ἐκδίκησιν
1042 919 1135 972 τῆς
1164 908 1373 984 ἀτιμίας
1399 928 1522 983 μου.

1918 904 2087 964 Vers.
2112 906 2201 961 50.
2233 905 2362 975 Ego
2393 932 2459 943 —
2488 916 2690 957 meam.
2733 901 3069 960 Vindictam
3118 904 3495 965 contumelias

1846 1009 2016 1051 meae.

202 1086 383 1141 Ἔστιν
429 1120 481 1133 -
527 1092 734 1162 κρίνων.
767 1088 824 1142 Ὀ
871 1093 1051 1160 Πατὴρ
1102 1083 1173 1140 δι’
1206 1086 1260 1141 ὃν
1311 1088 1607 1159 ἠτιμάσατέ
1647 1105 1728 1160 με,

1916 1088 2076 1141 Vers.
2114 1086 2203 1141 50.
2238 1085 2330 1140 Est
2361 1112 2428 1123 —
2472 1081 2729 1152 judicet.
2777 1084 2963 1149 Pater,
3013 1090 3258 1157 propter
3310 1100 3492 1159 quem

30 1194 37 1219 ί
125 1181 218 1228 καὶ
249 1180 373 1253 πρὸς
401 1177 455 1230 ὃν
481 1180 512 1237 ἠ
547 1177 729 1252 ἀτιμία
756 1186 849 1231 τοῦ
879 1179 1002 1232 Υὶοῦ
1033 1174 1322 1231 διαϐαίνειν
1352 1172 1511 1231 οἶδεν.
1541 1176 1602 1229 Εἰ
1627 1196 1648 1248 η

1876 1190 2067 1230 .onore
2099 1189 2195 1229 me
2224 1172 2517 1246 privastis,
2569 1174 2626 1225 et
2673 1169 2750 1226 ad
2776 1187 2960 1242 quem
2993 1172 3113 1229 Filii
3156 1173 3494 1243 ignominia

32 1284 47 1313 τ
123 1270 217 1317 καὶ
261 1271 355 1324 τὴν
397 1271 572 1340 κρίσιν
607 1272 782 1321 πᾶσάν
832 1263 1033 1320 δέδωκε
1073 1275 1145 1336 τῷ
1184 1273 1310 1335 Υιῷ,
1357 1264 1464 1317 ἀλλ’
1513 1265 1618 1337 οὐχ

1870 1264 2090 1320 ransire
2110 1265 2386 1320 cernitur.
2419 1264 2568 1318 Nam
2622 1259 2733 1316 etsi
2763 1276 2943 1318 omne
2983 1262 3278 1333 judicium
3325 1263 3488 1320 dedit

123 1351 355 1406 ἐκϐαλὼν
384 1356 561 1409 ἑαυτὸν
581 1365 674 1410 τοῦ
698 1362 905 1432 κρίνειν,
935 1354 1063 1408 ἀλλὰ
1090 1352 1229 1419 διότι
1269 1359 1440 1426 Λόγος
1469 1362 1558 1406 τοῦ
1588 1361 1724 1407 flar-

1869 1353 2003 1422 ‘ilio,
2031 1369 2150 1409 non
2182 1359 2402 1417 tamen,
2436 1354 2601 1426 quod
2636 1366 2699 1411 se
2729 1352 2956 1409 honore
3003 1351 3341 1425 privaverit,
3380 1352 3487 1410 sed

30 1466 49 1501 ,τ
119 1447 212 1516 ρὸς
238 1445 263 1495 6
296 1447 439 1507 Υἱός.

1835 1442 2001 1515 quod
2032 1441 2292 1498 Verbum
2321 1443 2503 1500 Patris
2533 1445 2605 1502 sit
2628 1444 2823 1501 Filius.
3032 1511 3038 1517 _

194 1532 330 1608 Ὀρὰ
373 1531 433 1588 δὲ
477 1544 607 1602 πῶς,
662 1536 744 1588 ὅτε
929 1532 1067 1588 εἶπον
1113 1537 1314 1607 πατέρα
1386 1533 1579 1587 ἕαντῶν
1636 1538 1724 1587 τὸν

1905 1531 2051 1587 Vide
2081 1536 2298 1597 autem,
2331 1533 2491 1605 quod
2517 1534 2765 1608 quando
2794 1537 3027 1607 patrem
3052 1531 3165 1588 sibi
3206 1531 3482 1589 dixerunt

29 1649 51 1679 π
120 1626 269 1690 Θεὸν,
322 1623 725 1699 ἐπαῤῥησιοίσθη
783 1629 874 1677 καὶ
931 1621 1168 1697 σφοδρῶς
1198 1623 1366 1675 αὐτῶν
1423 1623 1647 1694 καθήψα

1866 1637 1963 1676 sse
1990 1621 2197 1687 Deum,
2224 1621 2406 1678 libere
2452 1623 2759 1696 respondit
2808 1627 2866 1679 et
2912 1622 3171 1693 graviter
3218 1637 3323 1681 eos
3377 1621 3479 1677 ob-

30 1741 49 1771 ;
118 1712 203 1765 ὅτε
270 1710 330 1767 δὲ
390 1713 545 1766 αὐτὸν
602 1715 889 1786 ἠτίμασαν,
953 1710 1189 1775 ἕπιεικῶς
1256 1710 1565 1787 ἁπεκρίνατο
1630 1733 1648 1764 ν

1862 1711 2084 1780 urgavit
2136 1729 2149 1767 :
2204 1712 2455 1784 quando
2496 1729 2640 1770 vero
2683 1711 3046 1770 contumelia
3091 1726 3225 1767 eum
3269 1710 3480 1768 affece-

30 1832 51 1859 ι·
114 1807 316 1877 πράως.
350 1803 577 1857 Ἐτεῦθεν
606 1805 706 1875 γὰρ
755 1799 1065 1856 ἐπαίδευσεν
1103 1803 1241 1874 ἡμᾶς
1290 1804 1359 1854 τὰ
1385 1804 1476 1874 μὶν
1523 1802 1591 1863 εἰς
1631 1822 1648 1856 1

1861 1805 1984 1868 unt,
2017 1800 2286 1857 modeste
2317 1800 2627 1872 respondit
2667 1817 2739 1858 ac
2786 1804 3113 1857 mansuete.
3152 1798 3296 1859 Hinc
3325 1799 3475 1857 enim

114 1896 248 1946 Θεὸν
287 1889 530 1962 ἐκδικεῖν,
564 1895 625 1944 τὰ
653 1889 712 1945 δὲ
741 1892 813 1953 εἰς
833 1894 973 1965 ἡμᾶς
1000 1898 1253 1966 παρορᾷν.
1290 1895 1390 1944 Καὶ
1437 1891 1594 1953 αὐτὸς
1617 1894 1715 1967 γὰρ

1858 1904 1938 1944 ιοε
1968 1888 2184 1960 docuit,
2222 1894 2283 1944 ut
2311 1889 2581 1951 admissa
2634 1890 2690 1946 in
2722 1891 2909 1949 Deum
2965 1888 3358 1957 vindicamus,
3412 1887 3476 1944 in

34 2016 53 2045 ε
111 1979 477 2055 παραδραμὼν
507 1987 595 2039 τὴν
629 1981 699 2044 εἰς
731 1981 911 2034 ἑαυτὸν
956 1979 1104 2056 ὓϐριν
1154 1979 1239 2033 ἐπὶ
1269 1980 1571 2053 παραίνεσιν
1604 2001 1652 2055 τρ

1854 1994 1938 2034 nos
1970 1982 2171 2033 autem
2198 1977 2595 2049 negligemus.
2641 1982 2787 2036 Nam
2836 1983 2891 2034 et
2926 1978 3076 2050 ipse
3136 1976 3358 2034 factam
3411 1977 3472 2033 in

109 2089 285 2125 πεται.
1825 2082 1891 2122 se
1947 2065 2228 2138 injuriam
2317 2067 2790 2139 praetermittens,
2841 2066 2922 2122 ad
3002 2065 3472 2124 admonitionem

31 2182 49 2229 ξε
1822 2155 2203 2212 convertitur.

186 2251 358 2321 Ἀμην
389 2281 457 2288 -
505 2248 685 2303 αἰῶνα.
744 2254 984 2307 Ζητησον
1022 2247 1071 2300 ἕν
1127 2256 1200 2319 τῷ
1244 2246 1402 2319 ἐνάτῳ
1454 2245 1712 2319 κεφαλαίῳ

1893 2247 2057 2303 Vers.
2095 2246 2179 2301 51.
2233 2245 2419 2302 Amen
2484 2277 2553 2287 —
2614 2252 2916 2303 aeternum.
2982 2245 3185 2311 Quaere
3244 2245 3304 2303 in
3354 2245 3470 2303 hoc

38 2381 59 2409 ε.
109 2342 191 2399 τὸ,
262 2341 379 2391 Ἐάν
417 2358 491 2399 τις
547 2339 687 2412 φάγῃ
749 2337 803 2390 ἐκ
861 2341 1046 2391 τούτου
1100 2345 1192 2390 τοῦ
1250 2339 1447 2411 ἄρτου,·
1489 2337 1652 2398 ζήσετ

1845 2349 1982 2391 ιοῑιο
2007 2336 2221 2408 capite,
2256 2334 2359 2391 ubi
2411 2334 2667 2392 dicitur:
2725 2334 2791 2391 Si
2836 2333 2956 2406 quis
3022 2333 3330 2391 comederit
3394 2349 3463 2391 ea.

30 2472 61 2504 ηρ
107 2428 179 2488 εἰς
234 2431 321 2480 τὸν
378 2427 541 2480 αἰῶνα
574 2445 587 2456 ⁸
647 2432 738 2480 καὶ
791 2426 1051 2499 ἀνάγνωθι
1084 2432 1179 2485 τὴν
1232 2425 1484 2498 ἐξήγησιν
1525 2425 1648 2478 αὐτο

1850 2440 1925 2480 too
1946 2439 2117 2496 pane,
2149 2426 2300 2481 vivet
2331 2425 2393 2480 in
2424 2431 2696 2481 aeternum
2747 2425 2817 2491 7‘,
2858 2427 2915 2479 et
2957 2421 3113 2478 illius
3142 2422 3272 2493 lege
3300 2438 3468 2480 enar-

32 2564 59 2593 ω
102 2523 333 2578 Νοήσεις
382 2519 482 2590 γὰρ
540 2519 728 2570 ἐκεῖθεν
776 2521 895 2591 περὶ
944 2521 1097 2569 ποίου
1161 2517 1383 2569 θανάτου
1416 2516 1551 2587 λέγει
1597 2523 1650 2568 νῦ

1850 2516 2128 2571 ationem.
2176 2518 2324 2572 Nam
2368 2530 2439 2570 ex
2484 2514 2602 2571 hoc
2651 2512 2968 2585 intelliges,
3009 2514 3085 2570 de
3131 2529 3255 2587 qua
3305 2529 3465 2581 nunc

32 2636 61 2687 is
102 2612 235 2681 Περὶ
288 2606 348 2658 οὖ
405 2610 478 2679 μὴ
544 2610 823 2667 νοήσαντες
895 2604 1076 2658 ἐκεῖνοι
1132 2604 1282 2657 πάλιν
1357 2603 1650 2677 ἁτιμοίζουσ

1843 2610 2004 2660 norte
2030 2603 2327 2676 loquatur;
2356 2602 2431 2660 de
2458 2619 2582 2675 qua
2603 2619 2743 2659 cum
2764 2602 2846 2658 illi
2872 2618 2996 2658 non
3014 2601 3461 2671 intellexissent,

97 2695 281 2749 αὑτὸν.
1134 2738 1141 2743 .

1814 2707 2025 2748 rursus
2046 2708 2187 2748 eum
2217 2692 2578 2749 contumelia
2610 2690 2899 2749 afﬁciunt.

74 2844 103 2857 Δί
181 2781 337 2838 Εἶπον
372 2815 434 2825 -
480 2785 642 2854 ἔχεις.
684 2790 792 2836 Νῦν
830 2782 1038 2856 μᾶλλον.
1091 2780 1247 2836 Εἶπον
1297 2779 1356 2836 δὲ
1407 2791 1577 2850 τοῦτο,
1635 2786 1692 2845 ὡς

1885 2791 2052 2846 Vers.
2093 2794 2179 2846 52.
2234 2790 2511 2847 Dixerunt
2585 2820 2639 2831 —
2707 2789 2943 2846 habeas.
3004 2792 3169 2846 Nunc
3239 2789 3456 2860 magis.

30 2930 33 2957 ἰ
92 2872 292 2925 ἐκείνου
321 2869 478 2933 δῆθεν
508 2880 780 2935 ποιοῦντος
808 2873 988 2926 ἑαυτὸν
1018 2873 1233 2945 μείζονα
1257 2881 1348 2926 τοῦ
1378 2880 1532 2928 Θεοῦ.

1840 2880 2097 2938 )ixerunt
2122 2885 2320 2937 autem
2350 2880 2488 2945 hoc,
2523 2879 2699 2953 quasi
2753 2878 2875 2936 Deo
2927 2893 2990 2936 se
3044 2878 3281 2937 fecisset
3329 2879 3458 2953 ipse

1813 2970 2130 3041 majorem.

32 3106 49 3119 η,
175 3050 418 3125 Ἀϐραὰμ
457 3083 521 3092 -
549 3060 834 3124 προφῆται.
870 3053 936 3104 Οἱ
963 3057 1281 3126 τηρήσαντες
1310 3054 1398 3104 τὸν
1436 3052 1583 3125 λόγον
1610 3073 1650 3105 τι

1882 3060 2046 3116 Vers.
2071 3060 2160 3114 52.
2196 3058 2499 3116 Abraham
2524 3090 2592 3100 —
2647 3058 2961 3130 propheta.
3020 3058 3130 3124 Qui
3189 3058 3286 3115 Dei
3342 3073 3464 3116 ser-

30 3204 31 3207 η
85 3149 255 3195 98°13-
1236 3226 1258 3231 _
1741 3177 1780 3231 ρ
1814 3164 2045 3204 monem
2084 3154 2484 3203 servaverunt.

175 3236 274 3283 Καὶ
330 3262 398 3270 —
472 3237 633 3290 ποιεῖς
666 3246 679 3296 ;
714 3228 1019 3284 Ἀκόλονθεν
1067 3232 1157 3297 μὲν
1230 3226 1291 3288 ἧν
1347 3231 1458 3299 (64)
1519 3231 1697 3284 εἰπεῖν·
1750 3226 1779 3231 ﬁ

1884 3237 2042 3292 Vers.
2073 3240 2164 3292 52.
2198 3236 2273 3290 Et
2309 3262 2367 3273 —
2416 3237 2577 3292 Vers.
2634 3240 2721 3293 53.
2771 3236 2925 3306 facis
2990 3235 3019 3291 ?
3076 3234 3460 3309 Consequens

30 3316 37 3389 Ἀ
84 3322 186 3375 Μή
235 3323 300 3371 σὺ
349 3319 541 3390 μείζων
580 3316 627 3371 εἰ
663 3326 759 3370 τοῦ
787 3326 964 3386 Θεοῦς
999 3317 1135 3370 Ἀλλ’
1176 3318 1234 3370 οὐ
1274 3318 1486 3390 λέγουσι
1523 3328 1647 3372 τοῦτ

1843 3341 1956 3381 ane
1995 3329 2141 3389 erat,
2185 3329 2248 3380 ut
2286 3324 2544 3380 dicerent
2584 3340 2596 3379 :
2644 3327 2798 3380 Num
2855 3328 2917 3380 tu
2958 3324 3143 3395 major
3172 3340 3235 3380 es
3276 3327 3392 3381 Deo
3431 3324 3459 3381 ?

29 3474 39 3485 _
84 3411 183 3459 ἵνα
207 3412 279 3479 μὴ
314 3411 678 3481 συγκρίναντες
699 3407 854 3459 αὐτὸν
878 3416 948 3477 τῷ
976 3411 1085 3478 Θεῷ
1107 3403 1305 3470 δόξωσι
1330 3408 1519 3480 μᾶλλον
1544 3429 1647 3480 τιμε

1837 3429 2013 3469 ’81⁸11111
2036 3428 2158 3468 non
2185 3414 2297 3469 hoc
2319 3413 2544 3480 dicunt,
2560 3428 2634 3468 ne
2657 3413 2995 3485 Deoipsum
3016 3419 3455 3483 comparantes,

87 3497 273 3549 αὖτον.
308 3496 583 3548 Βούλονται
610 3492 670 3549 6‘:
712 3496 868 3547 αὐτὸν
908 3496 1147 3548 ἐλάττονα
1194 3501 1283 3549 καὶ
1320 3505 1410 3549 τοῦ
1463 3497 1698 3572 Ἀϐραὰμ

1846 3502 2142 3558 iderentur
2166 3517 2304 3557 eum
2365 3501 2565 3574 potius
2632 3502 2948 3559 honorare.
3006 3500 3222 3559 Volunt
3258 3509 3456 3561 autem

30 3652 51 3671 ί
91 3584 385 3655 ἀποφῆναι.
439 3590 537 3638 Καὶ
579 3585 672 3637 οὐκ
704 3582 842 3638 εἷπον
874 3594 964 3638 τοῦ
1000 3584 1239 3659 Ἀϐραὰμ
1281 3587 1415 3658 (65).
1448 3586 1576 3639 ἀλλὰ
1604 3608 1648 3640 τε

1840 3607 1937 3663 pso
1962 3592 2139 3648 etiam
2166 3590 2461 3647 Abraham
2484 3591 2777 3647 minorem
2795 3590 2962 3646 illum
2980 3590 3313 3649 ostendere.
3341 3594 3458 3650 Nec

30 3678 47 3741 ξ
90 3676 292 3747 πατρὸς
342 3675 508 3746 ἡμῶν,
562 3675 912 3747 κομπάζοντες
958 3674 1134 3740 πάλιν,
1176 3680 1265 3727 καὶ
1307 3685 1370 3749 τῇ
1424 3696 1648 3749 συγγενει

1836 3682 2082 3736 lixerunt
2105 3679 2446 3753 simpliciter
2474 3679 2799 3746 Abraham,
2861 3679 2964 3737 sed
3023 3685 3190 3753 patre
3248 3686 3454 3737 nostro

91 3770 188 3815 τοῦ
224 3761 463 3837 Ἀϐραὰμ
492 3763 959 3837 ἐπισεμνυνὸμειοι.

1836 3769 2126 3835 ιὺτδιιειω,
2161 3748 2402 3824 rursum
2472 3769 2817 3839 gloriantes,
2882 3773 2939 3825 et
2974 3748 3050 3825 de
3098 3769 3454 3839 cognatione

34 3862 43 3871 ’
1802 3858 2103 3914 Abraham
2147 3873 2275 3914 sese
2301 3858 2619 3927 jactautes.

163 3941 446 4015 Ἀπεκρίθη
479 3972 548 3983 -
593 3941 755 3997 ἔστιν.
804 3939 972 3996 Οὐδέν
1016 3942 1175 4007 ἐστιν,
1231 3945 1301 4005 ὡς
1354 3944 1498 4017 ὑμεῖς
1555 3946 1689 3997 ὑπο-

1872 3948 2030 4002 Vers.
2073 3950 2161 4002 54.
2255 3946 2561 4015 Respondit
2637 3977 2703 3988 --
2759 3953 2863 4003 est.
2932 3946 3083 4003 Nihil
3138 3951 3245 4013 est,
3282 3947 3452 4006 sicuti

30 4022 45 4071 ἶί
82 4031 392 4105 λαμϐάνετε.
429 4034 562 4105 Πρὸς
584 4037 677 4090 τὴν
708 4031 910 4086 ἐκείνων
938 4034 1040 4108 ’γὰρ
1067 4034 1311 4085 ὑπόνοιαν
1347 4042 1501 4086 τοῦτο
1531 4032 1648 4088 sim:

1836 4053 1903 4091 os
1955 4037 2394 4106 suspicamini;
2465 4052 2606 4092 nam
2664 4036 2776 4092 hoc
2828 4035 2907 4092 ad
2935 4035 3167 4093 illorum
3226 4038 3452 4108 cogita-

30 4116 37 4142 ί
82 4126 204 4175 ἴσον
254 4120 413 4191 λέγων
453 4129 549 4191 τῷ,
607 4121 724 4175 Ἐὰν
763 4120 864 4193 ἐγὼ
912 4129 1157 4195 μαρτυρῶ
1205 4127 1321 4195 περὶ
1372 4121 1616 4195 ίμαυτοῠ,

1828 4128 2016 4181 ionem
2070 4125 2305 4181 locutus
2352 4130 2462 4191 est,
2523 4125 2714 4180 simile
2767 4125 2846 4180 illi
2902 4124 3162 4181 dicens:
3230 4125 3290 4181 Si
3352 4142 3446 4197 ego

29 4204 44 4235 ί
79 4215 354 4286 μαρτυρία
381 4230 482 4282 μου
508 4210 601 4262 οὐκ
627 4212 766 4263 ἔστιν
800 4209 994 4273 ἀληθής
1028 4230 1041 4243 ⁸
1084 4212 1207 4285 ὅπερ
1256 4218 1424 4264 κεῖται
1458 4221 1576 4286 περὶ
1624 4232 1647 4264 τ

1827 4215 2196 4271 estimom'um
2242 4213 2515 4281 perhibeo
2572 4214 2643 4268 de
2706 4229 2796 4269 me
2849 4217 2993 4282 ipso,
3053 4215 3445 4270 testimonium

78 4306 223 4375 μέσα
246 4307 338 4351 τοὺ
369 4296 595 4372 ἑϐδόμου
624 4300 902 4372 κεφαλαίου
927 4320 940 4334 ·
973 4305 1063 4353 καὶ
1093 4298 1351 4371 ἀνάγνωθι
1388 4305 1477 4358 τὴν
1502 4298 1687 4373 ἐξήγη-

1914 4319 1986 4358 ιηι
2020 4318 2138 4358 non
2167 4309 2253 4358 est
2318 4317 2514 4357 verum
2578 4303 2649 4367 ⁷⁸,
2709 4300 2870 4373 quod
2938 4302 3113 4372 juxta
3174 4301 3448 4357 medium
3528 4342 3532 4345 ι

79 4410 168 4442 σιν
200 4388 381 4440 αὐτοῦ.
1796 4390 2033 4463 septimi
2097 4390 2308 4462 capitis
2364 4390 2616 4461 positum
2662 4394 2775 4454 est,
2830 4393 2887 4445 et
2944 4390 3074 4460 ejus
3123 4389 3249 4461 lege
3280 4405 3443 4447 enar-

30 4464 37 4509 ί
1722 4507 1762 4559 D
1794 4481 2107 4536 rationem.

152 4564 339 4620 ’Ἑστιν
392 4594 461 4605 -
515 4583 595 4637 με.
654 4595 717 4606 -
801 4564 917 4618 Ἐὰν
983 4564 1081 4636 ἐγὼ
1151 4564 1437 4637 μεγαλύνω,
1499 4570 1677 4638 φησὶν,

1863 4568 2032 4624 Vers.
2069 4568 2161 4623 54.
2187 4567 2296 4623 Est
2326 4596 2396 4608 —
2424 4582 2527 4622 me.
2569 4565 2638 4624 Si
2674 4582 2803 4637 ego,
2852 4566 3066 4640 inquit,
3123 4567 3444 4639 magniﬁco

75 4655 324 4727 ἐμαυτὸν,
409 4650 548 4706 δοκῶ
616 4655 733 4727 ὑμῖν
806 4651 1113 4724 ψεύδεσθαι.
1186 4653 1366 4707 Ἔστιν
1444 4656 1469 4707 6
1521 4675 1678 4728 μεγα-

1823 4675 1872 4713 ιθ
1907 4658 2119 4726 ipsum,
2155 4656 2361 4713 videor
2396 4655 2568 4712 vobis
2607 4655 2880 4712 mentiri:
2915 4657 3021 4713 Est
3067 4668 3234 4729 pater
3260 4671 3441 4727 meus,

30 4747 238 4797 ’ὶύνων
291 4761 373 4815 με,
437 4745 464 4795 6
526 4749 701 4815 Πατήρ
768 4762 889 4814 μου.
949 4748 1047 4795 Καὶ
1102 4742 1150 4795 ἐν
1202 4752 1273 4814 τῷ
1326 4745 1537 4818 ῥηθέντι
1573 4749 1648 4816 γάλ

1830 4748 1890 4802 ui
1916 4747 2258 4817 magni/ient
2297 4761 2408 4802 me.
2444 4748 2588 4801 Nam
2626 4746 2913 4817 praedicto
2954 4761 3197 4819 quoque
3249 4747 3443 4819 capite

30 4833 335 4907 τκεφαλαίῳ
379 4834 569 4906 ὁμοίιος
619 4833 772 4894 εἶπεν,
830 4832 910 4883 ὅτι
958 4837 1057 4887 Καὶ
1112 4834 1137 4883 6
1194 4833 1405 4905 πέμψας
1459 4853 1523 4906 με
1574 4842 1648 4887 lla:

1825 4835 2052 4891 imiliter
2075 4835 2223 4891 dixit
2255 4852 2267 4890 :
2298 4835 2371 4891 Et
2397 4835 2501 4906 qui
2530 4836 2686 4891 misit
2732 4850 2821 4893 me
2868 4837 3069 4901 Pater,
3122 4836 3249 4906 ipse
3279 4836 3443 4900 testi-3

30 4930 189 4998 ’τήρ,
280 4922 430 4982 αὐτὸς
514 4924 882 4996 μεμαρτύρηκε
963 4926 1079 4996 περὶ
1173 4920 1297 4994 ἐμοῦ
1407 4926 1648 4996 Προθεραι

1823 4925 2044 4982 mnium
2072 4924 2371 4994 perhibuit
2400 4923 2469 4980 de
2518 4939 2610 4980 me
2635 4926 2700 4979 ⁷⁸.
2735 4923 2997 4981 Primum
3027 4930 3220 4983 autem
3278 4925 3441 4983 viam

30 5016 217 5066 θπεύει
277 5007 335 5063 δὲ
396 5012 421 5063 ὃ
470 5010 638 5084 μέλλει
690 5010 838 5085 ἐρεῖν,
900 5012 983 5064 ἵνα
1044 5015 1116 5084 μὴ
1176 5008 1303 5085 δέξῃ
1362 5012 1648 5085 κομπάζειν

1827 5012 2085 5069 rmstruit
2110 5013 2206 5069 bis
2237 5028 2373 5085 quae
2428 5013 2692 5068 dicturus
2750 5020 2858 5082 est,
2883 5028 2958 5070 ne
2988 5013 3230 5085 gloriari
3277 5012 3443 5069 vide-

144 5208 195 5242 "
224 5205 393 5263 Joan.
422 5222 477 5275 ν,
500 5211 588 5265 23.
690 5208 741 5245 τ⁴
768 5210 942 5265 Joan.
977 5223 1055 5277 vr,
1084 5208 1170 5263 51.
1273 5210 1321 5244 ⁷⁵
1344 5208 1488 5265 ibid.
1516 5209 1609 5265 3t.
1705 5210 1754 5245 τε
1778 5207 1925 5265 ibid.
1956 5210 2047 5264 37.

1266 5412 1486 5481 Variae
1528 5412 1858 5482 lectiones
1912 5423 1975 5480 et
2018 5420 2220 5481 notae.

136 5608 257 5751 (ﬁt;
296 5607 446 5680 Αὐτῷ
476 5609 651 5666 Addit
674 5611 741 5664 A.
894 5652 899 5657 .

138 5681 231 5751 (65
297 5680 417 5737 Hoc
440 5696 559 5737 non
578 5680 832 5737 exclusit
848 5677 1206 5736 vocabulum
1226 5678 1666 5751 Ἀϐραὰμ,ςιιιο(1

1816 5617 1940 5682 μῶν.
1982 5608 2328 5666 Accuratius
2349 5609 2612 5679 dixisset,
2655 5615 2751 5679 xa‘r
2774 5610 2880 5683 οὐχ
2906 5609 3079 5673 ἁπλῶς
3110 5606 3272 5675 εἶπον,
3308 5606 3434 5662 ἀλλὰ

1818 5683 1909 5733 ετὰ
1937 5682 2213 5751 προσθήκη
2226 5702 2266 5744 ς.

138 5677 257 5751 (65)
297 5677 423 5755 Hoc
440 5696 559 5737 non
578 5680 832 5755 exclusit
848 5677 1206 5755 vocabulum
1226 5678 1488 5755 Ἀϐραὰμ,
1502 5680 1666 5751 quod

654 5680 832 5755 clusit
848 5677 1206 5755 vocabulum
1226 5678 1666 5755 Ἀϐραὰμ,ς[ιιο(1
1775 5677 1909 5753 μετὰ
1937 5682 2213 5754 προσθήκη
2226 5702 2265 5744 ς.

63 5750 313 5824 uterque
359 5750 419 5808 in
461 5759 620 5809 textu
655 5752 853 5818 habet,
889 5751 991 5808 sed
1022 5756 1189 5824 urget
1237 5754 1295 5804 τὸ
1324 5750 1438 5805 ’τοῦ
1466 5750 1660 5825 πατρὸς
