4098 6422
685 309 824 371 1299
2005 306 2299 366 EUTHYM

2292 305 2357 363 ΙΙΙ
2389 304 2694 364 ΖῐῦΑΒΕΝ
2702 309 2725 368 Ι
3829 321 3910 379 i303

757 440 920 496 Vers.
951 439 1041 494 44.
1070 436 1217 504 Quia
1246 467 1315 478 —
1335 452 1413 493 eo.
1449 434 1566 493 Sed
1598 434 1886 492 ediverso
1928 437 2336 492 mendacium.
2370 479 2375 488 .

2043 437 2336 492 ldacium.
2370 436 2416 488 Α
2519 431 2642 488 Ὀτι
2674 467 2738 477 -
2777 435 2937 508 αὐτῷ.
2959 435 3118 492 Ἀλλὰ
3152 439 3443 492 τούναντίον
3469 436 3661 510 ψεῦδος.

759 532 914 584 Vers.
947 529 1042 586 44.
1081 528 1227 584 Cum
1255 559 1322 566 —
1364 526 1645 599 loquitur.
1681 557 1748 566 —
1775 526 2026 597 Propria
2055 526 2338 598 loquitur.

2294 542 2338 579 ν’.
2523 525 2685 580 Ὀταν
2714 558 2782 568 —
2813 527 2971 583 λαλεῖ.
3005 558 3074 569 -
3119 531 3197 582 Tit
3223 525 3338 581 ἴδια
3364 528 3518 584 λαλεῖ.
3567 528 3644 585 Ἶδ
3649 552 3707 584 ιον
3753 537 3828 606 γὰρ
3861 541 3912 591 αξ.

688 622 834 678 Nam
856 619 1168 692 proprium
1191 617 1317 687 ejus
1332 597 1830 673 est‘mcndacium
1856 635 1869 672 :
1897 597 2194 690 siquidem
2215 618 2305 690 ips

2293 632 2341 673 se
2453 623 2544 669 τοῦ
2597 620 2655 669 τό
2702 614 2914 688 ψεῦδος.
2994 618 3157 679 Αὐτὸς
3231 621 3332 692 γὰρ
3397 627 3585 692 πρῶτος
3633 597 3814 694 [ἐξεῦρεν.
3851 633 3911 690 (ﬁn;

688 712 920 784 primus
942 709 1241 765 adinvenit
1271 707 1436 774 illud,
1489 711 1545 762 et
1591 709 1820 780 primus
1873 708 1972 763 illo
2026 725 2175 763 usus
2233 714 2306 763 est

2300 713 2338 774 ί,
2453 706 2600 772 αὑτό,
2642 712 2730 759 καὶ
2778 708 3000 780 πρῶτος]
3045 706 3318 779 ἐχρήσατο
3365 709 3499 778 αὐτῷ
3545 709 3808 782 ψευσάμενος
3843 722 3915 778 :si;

690 779 936 873 quando
963 800 1036 854 ad
1087 800 1270 854 Evam
1295 798 1574 852 mentitus
1599 779 1709 862 est,
1743 797 1952 853 dicens
1982 797 2060 853 illi
2091 814 2196 870 per
2227 813 2308 852 sei

2295 814 2343 851 ι·-
2453 800 2546 852 τὴν
2581 799 2712 847 Εὕαν
2744 799 2826 848 ότι
2843 796 3006 867 ili-in
3037 797 3167 868 αὐτῇ
3198 793 3233 849 δ
3240 799 3291 848 ιὰ
3316 805 3406 850 τοῦ
3429 802 3598 869 ὄφεως,
3627 801 3694 850 ὅτι
3719 802 3777 853 0-3
3793 806 3913 856 tam

690 871 931 963 rientem
953 906 964 943 :
990 890 1110 944 Non
1125 892 1310 943 morte
1333 886 1687 952 moriemini;
1705 892 1758 942 et
1779 905 1791 941 :
1808 887 1997 942 Erilis
2011 888 2160 943 sicut
2178 887 2258 942 dii
2272 889 2308 923 ⁷⁵

2287 889 2342 942 ³,
2455 883 2817 952 ἀποθανεῖσθε,
2855 890 2962 950 καὶ,
2997 887 3077 938 ὅτι
3104 885 3325 940 Ἕσεσοε
3354 889 3424 949 ὡς
3463 889 3581 940 Θεοί.

765 980 926 1033 Vers.
957 979 1042 1033 44.
1087 978 1238 1045 Quia
1277 976 1530 1033 mendax
1558 985 1657 1032 est.
1692 979 1770 1032 Ex
1801 992 1872 1032 eo
1900 982 2171 1048 tempore,
2199 982 2254 1033 et
2285 978 2343 1032 in

2309 992 2343 1032 ο
2522 973 2643 1026 ὀτι
2701 974 2935 1045 ψεύστης
2994 974 3154 1030 εστίν.
3237 975 3449 1030 Ἐκτοτε
3506 981 3590 1030 καὶ
3645 977 3701 1038 εἰς
3767 984 3807 1031 τὸ
3854 983 3916 1044 iii;

693 1074 992 1142 posterum
1035 1069 1349 1123 mentiens.

1169 1069 1349 1122 tiens.
2453 1061 2787 1136 ψευδόμενος.

767 1158 929 1212 Vers.
969 1161 1054 1213 44.
1090 1159 1162 1213 Et
1199 1163 1376 1226 pater
1405 1156 1611 1223 ipsius.
1641 1156 1949 1222 Mendacii,
1984 1161 2047 1213 nt
2085 1157 2186 1231 qui
2228 1157 2345 1230 pri-

2302 1157 2345 1213 i-
2531 1161 2628 1207 Kai
2663 1156 2688 1206 ό
2719 1159 2891 1227 πατὴρ
2924 1154 3102 1209 αὑτοῦ.
3156 1161 3251 1207 Καὶ
3277 1156 3302 1207 ὁ
3358 1160 3531 1228 πατὴρ
3562 1155 3720 1220 αὐτοῦ,
3756 1161 3840 1214 ἦτοι
3871 1169 3917 1210 τεά

695 1262 831 1304 mus
862 1246 1004 1303 illud
1033 1246 1355 1311 adinvenit,
1381 1246 1533 1302 sicut
1558 1245 1781 1301 dictum
1811 1251 1915 1301 est.

2455 1241 2705 1314 ψεύδους,
2734 1245 2886 1305 αὑτός
2917 1244 3056 1296 ἔστιν
3102 1247 3167 1306 ὡς
3196 1253 3397 1317 πρώτος
3438 1245 3641 1318 ἕξευρὼν
3669 1246 3787 1314 αὐτὸ,
3819 1252 3917 1311 καειως

2459 1337 2681 1408 εἶρηται.

766 1426 1045 1482 Vers./t5.
1082 1425 1211 1496 Ego
1243 1456 1307 1465 —
1347 1423 1513 1480 mihi.
1565 1426 1709 1480 Nam
1747 1424 1794 1480 si
1836 1425 2219 1481 mendacium
2265 1425 2348 1481 di-

2308 1425 2348 1481 i-
2533 1423 2661 1493 ἐγὼ
2723 1453 2781 1462 -
2814 1442 2920 1487 μοι.
2975 1422 3035 1476 Εἰ
3090 1426 3178 1496 μὶν
3231 1423 3396 1494 ἔλεγον
3449 1421 3656 1495 ψεῦδος,
3697 1423 3918 1478 imarum

698 1532 913 1580 cerem,
948 1515 1263 1571 crederetis
1291 1514 1491 1586 utique
1523 1514 1688 1578 mihi,
1717 1518 2004 1586 tanquam
2029 1515 2085 1570 id
2110 1515 2316 1571 dicenti

2298 1515 2344 1578 :i,
2459 1531 2549 1582 μοι
2578 1510 2637 1562 ἃν
2694 1514 2763 1572 ὡς
2792 1515 2850 1564 τό
2901 1509 3039 1564 ἴδιον
3086 1521 3178 1566 τοῦ
3219 1517 3411 1587 πατρὸς
3459 1515 3597 1584 ὑμῶν
3644 1514 3804 1584 λέγοντι
3839 1520 3916 1582 fit"

697 1607 855 1679 quod
889 1606 1196 1678 proprium
1220 1609 1308 1659 est
1330 1604 1513 1676 patris
1533 1604 1744 1670 vestri;
1777 1606 1914 1675 quia
1940 1611 2136 1660 autem
2162 1605 2315 1661 docet

2301 1622 2350 1659 ιο
2461 1597 2599 1653 διότι
2641 1598 2699 1653 δε
2746 1605 2841 1659 τὴν
2871 1600 3113 1658 ἀλήθειαν
3151 1599 3419 1669 διδάσκω,
3459 1603 3517 1654 οῦ
3563 1607 3919 1675 morticina-ag

699 1696 1027 1759 veritatem,
1050 1710 1169 1751 non
1193 1694 1425 1750 creditis
1450 1694 1614 1758 mihi,
1651 1698 1850 1766 utpote
1883 1694 2143 1750 alienum
2172 1695 2249 1750 ab
2279 1711 2317 1749 ei

2302 1710 2350 1750 εο
2462 1695 2517 1742 τὸ
2573 1690 2839 1764 (inceptos
2893 1691 3053 1743 αὐτοῦ
3101 1687 3429 1745 διδάσκοντι.
3485 1691 3732 1750 ’Δλήθειαν
3771 1690 3812 1745 δὲ
3848 1695 3920 1744 nisi

699 1785 953 1842 docenti.
971 1785 1288 1840 Veritatem
1313 1787 1512 1839 autem
1533 1790 1845 1839 vocatcum
1862 1782 2009 1841 alias
2027 1784 2317 1839 doctrinas

2302 1802 2347 1849 s,
2385 1795 2424 1849 Β
2462 1782 2556 1842 τοὶς
2586 1799 2638 1832 τε
2664 1779 2815 1840 ἄλλας
2845 1779 3002 1832 αὐτοῦ
3031 1777 3386 1844 διδασκαλίας
3431 1786 3523 1834 καὶ
3566 1786 3652 1838 τὴν
3675 1782 3741 1832 ὁτι
3761 1784 3840 1842 Υἱός
3867 1782 3919 1832 ἐττι

699 1881 826 1931 tum
859 1874 1022 1947 quod
1056 1874 1230 1929 Pilius
1255 1874 1383 1946 ipse
1415 1873 1488 1928 sit
1514 1873 1636 1928 Dei.

1120 1874 1230 1929 lius
1255 1874 1383 1946 ipse
1415 1873 1488 1928 sit
1514 1873 1636 1928 Dei.
2463 1877 2553 1921 τοῦ
2586 1876 2738 1921 Θεοῦ.

773 1967 938 2022 Vers.
974 1969 1059 2020 46.
1095 1964 1231 2031 Quis
1260 1995 1327 2004 —
1354 1969 1597 2033 peccato
1626 1964 1653 2019 ?
1680 1963 1736 2018 Si
1777 1964 1856 2018 ita
1895 1979 2014 2018 non
2048 1968 2158 2028 est,
2187 1961 2351 2036 quod

2300 1961 2351 2017 id
2532 1964 2621 2020 Τίς
2653 1989 2720 1998 -
2756 1956 3053 2031 ἀμαρτίας;
3089 1960 3147 2012 Ei
3195 1964 3291 2030 μὴ,
3326 1955 3473 2012 διότι
3512 1964 3602 2017 τήν
3633 1958 3824 2016 ἀλήθειαν
3843 1961 3918 2026 1.4,.

702 2055 844 2128 quia
876 2055 1181 2110 veritatem
1213 2053 1368 2116 dico,
1400 2069 1520 2108 non
1543 2053 1776 2109 creditis
1793 2053 1954 2116 mihi,
1983 2053 2180 2117 dicite,
2216 2055 2320 2119 Qui

2306 2055 2353 2108 i3
2464 2046 2728 2100 ἀπιστεῖτέ
2777 2068 2885 2119 μοι,
2938 2052 3128 2112 εἴπατε,
3177 2053 3269 2109 Τίς
3311 2048 3363 2111 ἐξ
3410 2051 3558 2121 ὑμῶν
3597 2048 3770 2119 ile/zu
3805 2069 3920 2117 μετεςτ

704 2150 959 2200 vestrum
987 2145 1187 2212 arguit
1222 2158 1311 2198 me
1340 2143 1412 2198 de
1448 2150 1707 2211 peccato,
1747 2142 1900 2212 quod
1940 2159 1974 2198 a
2017 2159 2110 2197 me
2137 2142 2256 2207 ﬁat,
2294 2159 2322 2196 u

2300 2147 2354 2197 ut
2463 2136 2742 2210 ἁμαρτίας,
2778 2139 2884 2208 [ὑπ’
2929 2136 3052 2210 ἐμοῦ
3111 2139 3229 2206 (6‘2)
3267 2141 3566 2210 γενομένης,
3617 2139 3692 2188 ἶνα
3729 2134 3858 2199 δόξετε
3891 2135 3912 2187 ἒ;

705 2236 947 2304 propter
974 2230 1113 2285 illud
1149 2230 1466 2286 videamini
1501 2245 1617 2285 non
1644 2230 1928 2286 credere?

1348 2230 1466 2285 nini
1501 2245 1617 2285 non
1644 2230 1928 2286 credere?
2464 2226 2659 2283 ἐκείνην
2692 2226 2926 2279 ἀπιστεῖν
2954 2245 2966 2293 ;

775 2321 935 2376 Vers.
965 2323 1053 2377 46.
1081 2320 1264 2374 Porro
1279 2320 1400 2374 si—
1419 2320 1610 2375 mihi?
1638 2320 1691 2375 Si
1711 2336 1901 2392 neque
1921 2319 2076 2384 ideo,
2097 2319 2240 2392 quia
2260 2335 2354 2374 ve—

2298 2335 2354 2374 e.
2539 2316 2598 2366 Ei
2629 2311 2688 2368 δι
2733 2347 2795 2356 -
2840 2333 2967 2387 μοι;
3020 2316 3078 2369 Ei
3130 2320 3246 2368 οὔτε
3300 2313 3440 2368 διότι
3494 2320 3587 2374 τὴν
3639 2315 3916 2378 attinnt-ﬁ».

703 2410 936 2467 ritatem
952 2409 1104 2473 dico,
1124 2425 1239 2463 non
1257 2407 1486 2463 creditis
1516 2409 1680 2476 mihi,
1699 2425 1889 2481 neque
1919 2409 2237 2481 quisquam
2265 2425 2321 2464 ve

2303 2425 2358 2464 e-
2468 2404 2735 2457 ἀπιστείτέ
2786 2425 2895 2477 μοι,
2953 2409 3070 2458 οὔτε
3126 2425 3205 2466 τις
3258 2404 3311 2466 ἕξ
3371 2407 3518 2478 ὑμῶν
3580 2404 3764 2476 Die/xu
3806 2424 3914 2475 tam:

705 2505 886 2554 strum
917 2499 1111 2566 arguit
1141 2514 1234 2553 me
1273 2497 1348 2552 de
1389 2503 1650 2568 peccato,
1686 2515 1829 2552 sane
1863 2499 2160 2553 veritatem
2200 2498 2323 2553 dicc

2281 2515 2354 2553 :0.
2469 2494 2768 2568 ἁμαρτίας],
2814 2496 2916 2569 ἄρα
2945 2494 3186 2553 ἀλήθειαν
3218 2497 3345 2566 λέγω
3365 2514 3377 2526 ·
3425 2500 3519 2546 καὶ
3551 2495 3595 2547 εἰ
3625 2493 3825 2552 ἀλήθεια-ι
3853 2494 3899 2541 is.

705 2590 775 2646 Si
783 2594 977 2644 autem
996 2588 1299 2643 veritatem
1315 2588 1467 2653 dico,
1483 2602 1664 2656 quare
1678 2604 1774 2643 vos
1789 2604 1904 2643 non
1921 2588 2158 2643 creditis
2175 2587 2320 2642 mihi

2285 2588 2360 2644 ti?
2471 2580 2616 2636 διατί
2665 2585 2806 2655 ὑμεῖς
2836 2584 2894 2636 οῦ
2924 2588 3192 2637 πιστεύετέ
3221 2591 3350 2656 μόι;
3396 2585 3579 2646 Οὕτως
3630 2583 3808 2656 έλέγξας
3841 2602 3903 2632 ιτς

708 2678 1034 2749 Postquam
1076 2678 1153 2732 ita
1186 2677 1442 2731 convicit
1503 2693 1604 2731 eos
1630 2677 1704 2732 de
1753 2677 2046 2733 industria
2097 2693 2326 2750 peccare

1696 2694 1704 2730 ε
1753 2677 2046 2733 industria
2097 2693 2358 2750 peccare,
2471 2670 2800 2735 έθελοκάχους
2831 2676 2901 2726 ἔτι
2935 2673 3314 2746 συλλογίζεται.

708 2767 949 2822 ulterius
968 2764 1365 2820 ratiocinatur.

782 2855 943 2908 Vers.
984 2854 1070 2906 47.
1102 2853 1214 2919 Qui
1238 2884 1305 2893 —
1330 2855 1484 2908 estis.
1517 2854 1622 2918 Qui
1665 2869 1734 2908 ex
1765 2854 1880 2909 Deo
1912 2859 2017 2917 est,
2049 2855 2226 2911 verba
2255 2855 2362 2912 Dei

2313 2855 2362 2910 ei
2543 2846 2601 2899 ’0
2630 2878 2695 2888 -
2732 2847 2864 2900 iari.
2917 2847 2976 2899 Ὀ
3005 2848 3071 2899 ὣν
3114 2846 3168 2900 ἐκ
3225 2855 3315 2900 τοῦ
3382 2855 3522 2901 Θεοῦ
3589 2851 3652 2901 τά
3709 2850 3862 2922 ῥήματα
3889 2864 3927 2893 ττι

709 2942 938 3015 recipit,
984 2942 1188 3014 eisque
1245 2947 1411 3014 paret
1447 2958 1588 3008 μ·ος
1639 2958 1759 2998 non
1818 2944 2102 3015 recipitis,
2147 2961 2212 3000 ex
2248 2945 2321 2999 De

2312 2960 2363 2999 εο
2475 2944 2608 2988 Θεοῦ
2654 2933 2892 3008 δέχεται,
2924 2942 3013 2989 καὶ
3060 2939 3324 2990 πείθεται·
3372 2939 3520 3009 ὑμεῖς
3564 2938 3621 2990 οὗ
3671 2934 3930 3008 diluis-:4

710 3032 886 3101 igitur
931 3047 1048 3086 non
1081 3030 1223 3085 estis
1253 3050 1265 3086 :
1299 3037 1356 3086 et
1385 3047 1454 3086 ex
1488 3034 1873 3104 consequenti
1912 3034 2242 3089 mentimini
2279 3033 2328 3088 di

2323 3034 2363 3088 ί-
2474 3027 2577 3097 ἄρα
2606 3024 2660 3077 ix
2703 3034 2794 3077 τοῦ
2835 3034 2969 3078 Θεοῦ
3000 3025 3133 3080 ἕστε.
3186 3031 3283 3080 Καὶ
3318 3025 3502 3079 λοιπόν
3549 3024 3783 3098 ψεύδεσθε
3813 3025 3933 3092 iii-pr:

710 3127 905 3176 centes
936 3126 1163 3193 patrem
1200 3137 1306 3176 vos
1332 3121 1551 3176 habere
1595 3124 1796 3187 Deum,
1841 3128 1895 3177 et
1940 3139 2007 3177 ex
2053 3124 2172 3178 Deo
2211 3140 2328 3179 esse

2315 3140 2358 3179 ε,
2395 3148 2435 3204 C
2474 3120 2671 3186 πατέρα
2711 3117 2850 3186 εχειν
2896 3119 2980 3167 τόν
3012 3119 3140 3168 Θεὸν
3194 3120 3282 3168 καὶ
3331 3115 3383 3168 ἐκ
3430 3124 3524 3169 τοῦ
3566 3125 3690 3170 Θεοῦ
3733 3112 3839 3168 tim
3865 3119 3933 3164 lin

712 3209 1249 3282 Loquendoitaque
1267 3209 1340 3265 de
1370 3211 1688 3275 creatione,
1714 3226 1924 3266 omnes
1947 3227 2012 3266 ex
2047 3211 2164 3267 Deo
2195 3219 2330 3267 sunt

2317 3219 2364 3278 ις
2405 3200 2433 3204 “
2473 3207 2563 3277 μιν
2591 3200 2678 3256 οὖν
2702 3209 2789 3256 τόν
2816 3203 2968 3275 λόγον
2993 3212 3079 3265 τῆς
3120 3201 3473 3278 δημιουργίας
3503 3208 3683 3266 πάντες
3711 3204 3757 3256 ix
3790 3209 3853 3253 τοῦ
3874 3209 3935 3251 Θε.

707 3299 877 3370 juxta
909 3299 1157 3354 modum
1187 3315 1327 3354 vero
1353 3299 1783 3363 familiaritatis,
1817 3300 1926 3355 soli
1953 3300 2027 3356 illi
2054 3302 2155 3373 qui
2185 3301 2325 3356 verb

2321 3318 2367 3358 ια
2476 3294 2578 3347 εἰσι
2603 3310 2620 3326 ·
2652 3296 2786 3346 κατά
2818 3291 2876 3347 δι
2906 3297 2992 3346 τὸν
3024 3303 3118 3355 τῆς
3149 3294 3472 3357 οἰκειότητος
3502 3301 3644 3368 μόνοι
3686 3295 3728 3346 οἱ
3754 3294 3801 3343 τὰ

715 3383 813 3438 Dei
851 3383 1115 3448 audiunt,
1149 3383 1351 3454 eisque
1383 3383 1690 3450 ohediunt,
1716 3391 1771 3440 et
1806 3400 1840 3440 a
1877 3385 2168 3447 moribus.
2202 3403 2333 3460 quo«

2321 3387 2366 3442 .d
2476 3382 2636 3434 αὐτοῦ
2670 3380 2947 3455 δεχόμενοι
2976 3389 3066 3436 καὶ
3091 3386 3382 3456 πειθόμενοι
3415 3390 3507 3438 καὶ
3535 3383 3632 3436 ἀπὸ
3657 3391 3738 3436 τοῦ
3772 3380 3939 3452 τρόπονή

714 3471 999 3527 rationale
1025 3477 1130 3534 est,
1174 3473 1512 3527 ostendunt.

1439 3489 1464 3526 tl
1475 3477 1512 3526 ί.
2476 3477 2571 3543 7νή
2583 3490 2693 3524 σιον
2721 3469 3057 3535 δεικνύοντες.

787 3562 946 3615 Vers.
981 3563 1066 3616 48.
1101 3561 1542 3629 Responderunt
1573 3593 1640 3601 —
1667 3560 1839 3616 habes
1859 3560 1888 3615 ?
1919 3564 2021 3618 Per
2049 3562 2371 3635 interroga-

2328 3580 2371 3620 t-
2552 3563 2935 3634 Ἀπεκρίθησαν
2983 3593 3051 3602 —
3109 3564 3287 3634 ἔχειςς
3346 3562 3477 3616 Κατ’
3544 3562 3775 3636 ἐρώτησιν
3816 3557 3946 3626 impr

715 3648 938 3703 tionem
982 3648 1301 3711 legendum
1323 3650 1745 3703 est.Vocal)ant
1776 3655 1975 3704 autem
1996 3667 2133 3706 eum
2162 3654 2333 3708 Sama

2330 3671 2372 3707 ι-
2481 3655 2647 3705 στέον.
2716 3655 3038 3723 Σαμαρείτην
3086 3653 3176 3723 μεν
3239 3647 3326 3704 οὖν
3412 3651 3571 3704 αὑτὸν
3638 3651 3784 3720 ἔλεγον
3835 3651 3881 3705 ὡς
3921 3647 3948 3691 τ

714 3737 1001 3801 ritanum,
1037 3743 1231 3806 utpote
1264 3752 1381 3791 non
1413 3745 1613 3791 exacte
1650 3745 1975 3792 servantem
2009 3739 2221 3808 legem,
2256 3742 2332 3797 sic

2332 3761 2372 3796 :-
2481 3738 2709 3812 ἀκριϐῶς
2768 3748 3026 3813 τηροῦντα
3095 3744 3183 3792 τόν
3248 3745 3423 3813 νόμον,
3501 3744 3570 3804 ὡς
3649 3741 3799 3799 αὐτοῖς
3846 3732 3950 3787 iisti.

718 3832 780 3878 nt
828 3824 938 3879 illis
973 3825 1304 3890 videbatur,
1349 3841 1542 3895 neque
1600 3827 1949 3881 traditiones
1992 3828 2295 3885 seniorum

2355 3846 2366 3885 :
2479 3825 2618 3899 μηδι
2671 3831 2763 3890 τὰς
2828 3826 3147 3902 παραδόσεις
3219 3838 3316 3882 τῶν
3383 3830 3763 3904 πρεσϐυτέρων·
3823 3830 3943 3875 Tw???

716 3913 865 3968 tales
893 3913 1189 3986 siquidem
1230 3921 1398 3969 erant
1428 3915 1799 3969 Sauiaritani.
1841 3917 2204 3973 Dmmonium
2239 3935 2334 3974 ver

2333 3936 2370 3973 ιο
2479 3920 2580 3991 γὰρ
2641 3920 2690 3970 οἱ
2745 3926 3099 3992 Σαμαρεῖται·
3164 3915 3435 3992 δαιμόνιον
3503 3917 3562 3973 δὲ
3611 3923 3795 3990 ἔχοντα,
3837 3918 3951 3972 «5;:-

715 4002 1056 4066 habentem,
1093 4007 1376 4074 tanquam
1417 4001 1510 4057 Dei
1567 4003 1856 4058 honorem
1899 4005 1955 4059 in
1986 4007 2246 4078 seipsum
2273 4008 2333 4063 dt

2333 4024 2373 4063 3-
2482 4015 2573 4058 τοῦ
2607 4015 2741 4060 Θεοῦ
2764 4013 2920 4080 τιμὴν
2961 4008 3030 4070 εἰς
3070 4007 3247 4061 ἑαυτὸν
3296 4007 3547 4062 ἕλκοντα·
3601 4014 3797 4060 τοιοῦτοι
3841 4005 3904 4072 γὰρ
3935 4017 3951 4044 εξ

714 4092 1048 4153 rivantem;
1113 4107 1252 4146 nam
1308 4091 1456 4148 tales
1511 4099 1648 4147 sunt
1706 4093 2059 4149 daemones:
2119 4097 2220 4151 sed
2277 4098 2332 4153 hi

2332 4113 2372 4153 .c
2485 4092 2752 4168 δαίμονες.
2782 4096 2918 4150 Ἀλλ⁹
2950 4099 2976 4149 ὁ
3019 4101 3110 4170 μεν
3154 4100 3218 4158 ὡς
3267 4096 3315 4149 έν
3372 4096 3588 4170 ἀληθεία
3633 4100 3760 4161 Θεὸς,
3799 4095 3836 4145 oi
3858 4087 3895 4141 is
3927 4107 3950 4132 ἰέ

717 4185 1003 4253 tanquam
1035 4181 1081 4236 is
1103 4179 1203 4252 qui
1230 4180 1283 4235 in
1315 4181 1559 4236 veritate
1585 4183 1734 4237 Deus
1753 4188 1898 4248 erat,
1927 4184 2004 4238 illi
2033 4200 2170 4241 vero
2197 4186 2370 4259 quasi
2481 4184 2788 4248 ἀπατεῶνες.

717 4269 1080 4325 seductores.

791 4359 948 4415 Vers.
983 4358 1068 4414 49.
1120 4359 1441 4428 Respondit
1476 4390 1541 4400 -—
1575 4360 1776 4417 habeo.
1809 4362 1992 4418 Deum
2026 4378 2146 4419 non
2189 4365 2370 4421 deho-

2319 4382 2370 4421 θ’
2554 4365 2837 4441 Ἀπικρίθη
2907 4396 2973 4406 -
3025 4366 3154 4436 ἔχει.
3219 4363 3295 4417 Οὔ
3341 4365 3439 4439 γάρ
3494 4364 3724 4438 ἀτιμάζει)
3771 4363 3836 4413 τόν
3874 4364 3937 4408 85?-

716 4454 905 4512 nesto,
932 4447 1085 4503 sicut
1123 4447 1446 4516 daemones,
1480 4466 1587 4506 nec
1621 4451 1820 4523 ipsum
1847 4451 2072 4508 honore
2124 4471 2232 4510 suo
2273 4455 2334 4510 de

2327 4472 2371 4510 Β-
2408 4456 2546 4556 θὼς
2617 4457 2664 4506 οἱ
2728 4453 2987 4528 δαίμονες,
3051 4450 3174 4507 οὐδε
3237 4462 3331 4517 τῆς
3399 4463 3559 4528 τιμῆς
3627 4453 3769 4507 αὑτοῦ
3822 4441 3945 4501 ἐπειἙῦ

713 4537 873 4609 jicio.

2408 4537 2450 4556 υ
2533 4543 2545 4559 ν
2596 4548 2603 4556 .

2483 4564 2547 4596 αν
2561 4563 2655 4598 τον.

789 4627 949 4682 Vers.
975 4631 1062 4682 49.
1092 4628 1202 4684 Sed
1224 4626 1448 4684 honoro
1479 4629 1735 4685 Patrem.
1768 4633 2077 4687 llonorans
2109 4648 2372 4704 namque

2326 4648 2372 4688 te
2557 4632 2711 4684 Ἀλλὰ
2765 4640 2900 4704 τιμῶ
2978 4635 3066 4683 τόν
3133 4635 3359 4707 Πατέρα.
3417 4639 3596 4706 Τιμῶν
3669 4632 3759 4704 γὰρ
3809 4627 3869 4678 τὸν
3903 4624 3944 4671 Πε-

719 4713 952 4771 Patrem
980 4717 1253 4782 ostendo,
1290 4733 1395 4774 vos
1444 4734 1561 4774 non
1610 4718 1832 4774 habere
1894 4721 2077 4775 Deum
2116 4727 2337 4792 patrem

2320 4739 2367 4788 n,
2482 4727 2604 4794 τέρα
2653 4721 2918 4793 ἀποφαίνω
2980 4722 3114 4793 ὑμᾶς
3162 4726 3232 4791 μή
3296 4724 3519 4794 ἔχοντας
3568 4725 3756 4791 πατέρα
3796 4719 3859 4768 τὸν

719 4818 914 4874 neque
942 4821 1008 4859 ex
1049 4806 1164 4862 Deo
1209 4823 1359 4862 esse.
1403 4807 1708 4878 Siquidem
1753 4809 2070 4878 ignominia
2102 4816 2187 4864 est
2219 4811 2337 4880 ejus

2323 4829 2368 4874 3.
2486 4807 2635 4882 [μηδ’
2668 4810 2722 4862 ἐκ
2755 4811 2865 4882 (63)
2911 4819 2999 4862 τοῦ
3055 4818 3189 4863 Θεοῦ
3215 4815 3384 4873 ὄντας.
3431 4813 3645 4883 Ἀτιμία
3691 4812 3778 4881 γὰρ
3824 4808 3883 4856 τοῦ
3913 4816 3938 4843 ε·

719 4891 823 4961 qui
848 4891 1119 4948 homines
1138 4894 1551 4950 benevolentia
1570 4897 1963 4969 persequitur,
1987 4905 2214 4970 patrem
2241 4917 2334 4953 ess

721 4978 1158 5031 homicidarum.

2137 4915 2214 4953 3m
2241 4915 2370 4955 esse
2481 4900 2782 4974 ὶηανόρώποῦ
2810 4903 3008 4974 πατέρα
3033 4896 3161 4952 εἶναι
3186 4909 3284 4952 τῶν
3313 4899 3755 4976 ἀνθρωποκτόνων.

759 4979 1158 5035 omicidarnm.

792 5065 954 5123 Vers.
997 5072 1085 5126 49.
1139 5073 1205 5127 Et
1261 5104 1328 5112 —
1381 5088 1488 5129 me.
1549 5074 1987 5131 Samaritanum
2044 5091 2112 5131 ac
2151 5075 2371 5132 daemo-

2313 5092 2371 5132 ο-
2559 5083 2658 5132 Καὶ
2724 5109 2792 5119 -
2852 5097 2934 5152 με,
3004 5080 3324 5151 Σαμαρὶιτην
3390 5083 3481 5132 καὶ
3551 5075 3796 5149 δαιμόνιον
3847 5072 3931 5136 ἔχετί

720 5155 961 5214 niacum
1029 5161 1412 5232 appellantes.
1498 5166 1698 5236 Itaque
1770 5164 2001 5223 Patrem
2064 5165 2336 5223 honoran

2313 5182 2370 5222 18
2481 5166 2839 5240 ὀνομάσαντες,
2917 5164 3056 5222 διότι
3122 5176 3284 5240 τιμῶν
3371 5172 3457 5221 τόν
3552 5169 3746 5240 Πατέρα
3815 5157 3931 5220 iusti

828 5336 876 5372 ⁷³
907 5337 1048 5394 Gen.
1092 5352 1172 5404 III,
1216 5337 1269 5406 4,
1297 5340 1346 5397 5.

1905 5496 2129 5566 Variae
2176 5496 2503 5566 lectiones
2535 5505 2603 5566 et
2644 5508 2847 5566 notas.

787 5667 900 5809 (60;
935 5667 1168 5752 Inclusa
1189 5669 1411 5726 absunt
1449 5672 1512 5727 A.
2552 5679 2662 5809 £62)
2704 5677 2943 5734 Inclusa
2973 5676 3192 5735 absunt
3216 5682 3279 5733 Α,

789 5739 870 5809 (61
944 5746 1196 5809 Λεγοντος
1234 5746 1299 5799 Λ.
2577 5753 2663 5809 63)
2707 5749 2940 5807 Inclusa
2969 5748 3187 5806 absunt
3221 5749 3279 5804 Α.

789 5679 878 5731 (δυ
936 5679 1168 5725 Inclusa
1189 5679 1411 5726 absunt
1449 5679 1512 5727 Α.

789 5679 900 5809 (6|;
944 5744 1196 5814 Λέγοντος
1234 5746 1299 5799 Λ.

2552 5679 2662 5820 ἓϐἳ)
2704 5679 2943 5734 Inclusa
2973 5679 3192 5735 absunt
3216 5682 3279 5733 Α,

2577 5753 2663 5818 63)
2707 5749 2940 5807 Inclusa
2969 5748 3187 5806 absunt
3221 5749 3287 5804 Α.
