4098 6460
22 734 39 763 ³
132 736 416 810 πέμψαντα
443 736 617 789 αὐτόν.

21 1190 37 1219 1
125 1180 218 1227 καὶ
250 1179 373 1252 πρὸς
401 1177 456 1230 ὃν
481 1179 512 1237 ἡ
548 1176 729 1251 ἆτιμία
758 1185 850 1231 τοῦ
879 1178 1003 1231 Υὶοῦ
1034 1173 1323 1229 διαϐαίνειν
1353 1171 1511 1229 οἶδεν.
1542 1174 1603 1227 Εἰ
1628 1176 1730 1249 γὰρ

22 1284 45 1311 u'
123 1270 217 1317 καὶ
262 1270 356 1323 τὴν
398 1270 572 1339 κρίσιν
608 1272 783 1320 πᾶσαν
833 1262 1033 1319 δέδωκε
1074 1274 1145 1335 τῷ
1184 1271 1310 1334 Υιῷ,
1358 1262 1465 1315 ἀλλ’
1514 1264 1619 1335 οὐχ
1662 1267 1730 1327 ὡς

22 2016 49 2044 ηιξ

30 2182 50 2227 ἐν.

38 2382 49 2407 1

22 2452 59 2503 ῃ..
106 2427 181 2488 εἰς
236 2430 323 2479 τὸν
379 2426 543 2479 αἰῶνα
576 2444 588 2456 ·
648 2431 739 2479 καὶ
792 2425 1052 2498 ἀνάγνωθι
1086 2430 1180 2484 τὴν
1234 2424 1486 2497 ἐξήγησιν
1526 2424 1707 2477 αὐτοῦ.

31 2510 55 2594 ξ
104 2523 335 2578 Novio-st;
383 2518 483 2589 γὰρ
541 2518 729 2569 ἐκεῖθεν
776 2520 896 2591 περὶ
945 2520 1098 2568 ποίου
1162 2516 1384 2568 θανάτου
1418 2515 1552 2585 λέγει
1597 2521 1706 2569 νῦν.

101 2612 237 2679 Περὶ
290 2605 349 2658 οὗ
406 2609 479 2678 μὴ
545 2610 824 2666 νοήσαντες
896 2603 1077 2657 ἐκεῖνοι
1133 2603 1283 2656 πάλιν
1358 2601 1708 2676 ἀτιμάζουσιν

22 2929 31 2943 τ
90 2871 294 2924 ἐκείνου
322 2868 480 2932 δῆθεν
510 2880 781 2933 ποιοῦντος
810 2872 990 2925 ἐαυτὸν
1019 2872 1235 2944 μείζονα
1258 2879 1350 2924 τοῦ
1379 2879 1534 2927 Θεοῦ.

84 3148 257 3195 Θεοῦ.

22 3315 39 3389 ἠ
84 3322 187 3375 Μὴ
237 3322 302 3370 σὺ
351 3319 542 3390 μείζων
582 3315 629 3369 εἰ
665 3325 758 3369 τοῦ
789 3324 923 3369 Θεοῦ
952 3338 966 3385 ς
1000 3316 1137 3368 Ἀλλ’
1178 3317 1236 3369 οὗ
1275 3317 1489 3389 λέγουσι
1526 3327 1698 3385 τοῦτο,

22 3496 25 3508 ³
88 3496 275 3549 α-ὶτον.
310 3495 585 3547 Βοὺλονται
612 3491 672 3548 δὲ
715 3495 869 3546 αὑτὸν
909 3495 1149 3547 ἐλάττονα
1195 3500 1285 3548 καὶ
1322 3504 1412 3547 τοὺ
1465 3496 1700 3570 Ἀϐραὰμ

22 3658 46 3739 ί
90 3676 294 3746 πατρὸς
344 3674 511 3744 ἡμῶν,
564 3674 915 3746 κομπάζοντες
960 3672 1137 3739 πάλιν,
1177 3679 1266 3727 καὶ
1309 3684 1372 3748 τῇ
1426 3682 1698 3750 συγγενείᾳ

32 3770 51 3843 ς
92 3769 190 3815 τοῦ
226 3760 465 3836 Ἀϐραὰμ
495 3762 961 3836 ίπισεμνυνόμειοι.

83 4030 394 4105 λαμϐάνετε.
432 4033 565 4105 Πρός
587 4036 680 4089 τὴν
710 4029 912 4084 ἕκείνων
940 4033 1043 4107 γὰρ
1070 4033 1313 4084 ὑπόνοιαν
1349 4040 1503 4085 τοῦτο
1533 4031 1686 4104 εἶπεν,

21 4119 35 4133 ’
82 4126 206 4174 ἴσον
256 4119 416 4191 λέγων
456 4128 551 4190 τῷ,
610 4120 726 4173 Ἐὰν
765 4120 866 4192 ἐγὼ
914 4128 1160 4194 μαρτυρῶ
1208 4126 1324 4194 περὶ
1374 4119 1619 4194 ἐμαυτοῦ,
1656 4124 1686 4181 ἠ

25 4203 42 4239 ε
79 4215 356 4285 μαρτυρία
383 4229 484 4282 μου
510 4209 604 4262 οὐκ
630 4211 768 4263 ἔστιν
802 4208 997 4272 ἀληθής
1031 4229 1043 4242 ⁸
1087 4211 1209 4284 ὅπερ
1258 4216 1427 4263 κεῖται
1460 4219 1578 4285 περὶ
1626 4213 1692 4263 τὰ

22 4566 39 4605 ι,

22 4844 39 4863 r1

28 4747 241 4798 ’ίλύνων
294 4761 376 4815 με,
441 4744 467 4795 ὀ
528 4748 704 4814 Πατήρ
771 4761 891 4813 μου.
951 4748 1049 4795 Καὶ
1105 4741 1153 4794 ἐν
1204 4751 1275 4813 τῷ
1329 4744 1539 4817 ῥηθέντι
1576 4748 1677 4815 γὰρ

30 4930 192 4998 ’τὴρ.

22 5034 37 5059 ι·
71 5015 220 5066 πεύει
280 5007 338 5063 δὲ
398 5012 424 5063 ὁ
473 5009 640 5084 μέλλει
693 5008 841 5084 ἐρεῖν,
903 5012 986 5063 ἱνα
1047 5014 1118 5083 μὴ
1179 5006 1306 5084 δέξῃ
1365 5011 1672 5083 κομπάζειν.

1114 335 1487 396 COMMENT.
1535 333 1604 390 IN
1643 328 1996 388 JOANNEM.
2040 360 2106 373 —-
2145 329 2304 388 CAP.
2353 328 2489 384 Vill.
3367 326 3525 397 1,309.

134 468 278 542 ὑμᾶς
335 471 406 542 μὴ
457 470 673 540 ἔχοντας
718 471 920 542 πατέρα
969 467 1057 519 τὸν
1109 468 1258 519 Θεὸν.
1294 464 1312 536 ]
1368 463 1698 536 Ἀτιμσίσαντι

1854 455 2105 525 ostendi,
2137 471 2242 511 vos
2260 456 2445 511 Deum
2467 467 2588 510 non
2615 449 2839 510 habere
2870 459 3102 525 patrem
3136 470 3149 512 :
3173 470 3282 512 vos
3301 459 3506 519 autem

137 541 201 611 δε
254 541 342 611 τὸν
402 557 542 620 Υἰὸν,
610 558 902 629 ἠτιμάσατε
975 559 1063 608 τὸν
1132 559 1357 629 Πατέρα.
1427 557 1698 629 Προείρητι

1852 544 2064 601 Filium
2094 543 2423 617 ignominia
2481 541 2825 612 efﬁcientes,
2876 542 3105 600 honore
3140 544 3419 619 privastis
3448 549 3511 603 et

132 650 235 722 γὰρ
263 649 341 700 ὅτι
383 648 408 700 ὁ
453 651 524 720 μὴ
557 655 720 720 τιμῶν
750 650 837 699 τὸν
863 647 981 699 Υἰόν
1014 644 1072 698 οὐ
1103 649 1234 718 τιμᾷ
1271 647 1359 696 τὸν
1405 647 1610 719 Πατέρα
1653 646 1698 695 τί

1852 634 2091 689 Patrem.
2174 632 2515 689 Praedictum
2584 631 2745 707 enim
2823 637 2932 698 est,
3020 633 3207 706 quod,
3230 633 3334 705 qui
3380 649 3503 692 non

1847 722 2106 780 honorat
2129 722 2355 788 Filium,
2389 736 2512 777 non
2570 720 2823 779 honorat
2877 720 3135 788 Patrem,
3189 722 3295 796 qui
3343 723 3505 779 misit

1846 813 2007 868 illum
2036 814 2107 868 ⁷³.

1918 902 2088 962 Vers.
2113 904 2201 959 50.
2233 902 2362 973 Ego
2393 931 2459 942 —
2488 914 2691 955 meam.
2734 898 3070 958 Vindictam
3118 901 3496 961 contumelias

1845 1007 2016 1049 mem.

1916 1086 2076 1139 Vers.
2115 1083 2203 1139 50.
2239 1084 2331 1138 Est
2361 1110 2429 1121 —
2473 1079 2729 1150 judicet.
2777 1082 2963 1146 Pater,
3014 1087 3258 1154 propter
3310 1097 3493 1157 quem

1841 1170 2068 1228 honore
2099 1187 2195 1227 me
2224 1169 2517 1244 privastis,
2569 1172 2626 1223 et
2673 1167 2751 1224 ad
2777 1185 2960 1240 quem
2994 1169 3113 1227 Filii
3156 1170 3494 1240 ignominia

1839 1262 2090 1317 transire
2111 1263 2386 1318 cernitur.
2420 1262 2568 1315 Nam
2623 1257 2734 1314 etsi
2763 1274 2944 1316 omne
2984 1259 3278 1330 judicium
3326 1260 3490 1318 dedit

1837 1350 2004 1419 Filio,
2032 1367 2151 1408 non
2183 1357 2402 1415 tamen,
2437 1352 2601 1425 quod
2636 1364 2699 1409 se
2729 1349 2957 1407 honore
3004 1348 3342 1423 privaverit,
3380 1349 3489 1413 sed

1835 1440 2001 1513 quod
2032 1439 2292 1496 Verbum
2320 1441 2504 1498 Patris
2533 1443 2605 1499 sit
2629 1441 2824 1499 Filius.
3032 1508 3039 1513 Ι

1906 1529 2053 1585 Vide
2083 1535 2298 1595 autem,
2332 1530 2492 1603 quod
2518 1531 2765 1605 quando
2794 1534 3026 1604 patrem
3053 1529 3165 1586 sibi
3207 1528 3483 1587 dixerunt

1831 1634 1964 1674 esse
1990 1619 2198 1685 Deum,
2225 1619 2407 1676 libere
2452 1621 2760 1694 respondit
2809 1624 2867 1677 et
2912 1620 3172 1690 graviter
3219 1634 3324 1677 eos
3378 1618 3481 1675 ob-

1823 1708 2084 1779 jurgavit
2137 1728 2150 1765 :
2205 1710 2455 1782 quando
2496 1726 2641 1768 vero
2684 1708 3046 1767 contumelia
3092 1723 3226 1764 eum
3271 1707 3482 1765 affece-

207 911 336 985 Ἐγὼ
366 942 435 954 -
459 930 582 986 μου.
609 915 715 971 Τὴν
741 906 1016 969 ἐκδίκησιν
1042 918 1135 971 τῆς
1164 907 1373 982 ἀτιμίας
1399 926 1522 982 μου.

202 1086 383 1141 Ἔστιν
429 1119 482 1132 --
528 1092 735 1161 κρίνων.
767 1087 824 1141 Ὀ
872 1092 1052 1159 Πατὴρ
1102 1082 1173 1139 δι’
1207 1085 1260 1139 ὃν
1311 1086 1607 1157 ὴτιμάσατέ
1648 1103 1729 1158 με,

123 1350 355 1406 ἐκϐαλὼν
385 1355 562 1408 ἑαυτὸν
581 1364 674 1409 τοῦ
698 1360 906 1431 κρίνειν,
936 1353 1063 1407 ἀλλὰ
1091 1351 1230 1418 διότι
1270 1357 1440 1425 Λόγος
1469 1361 1559 1405 τοῦ
1589 1360 1724 1406 Πατ-

120 1447 212 1516 ρός
238 1445 263 1495 ὁ
296 1446 440 1507 Υἱός.

195 1531 331 1607 Ὀρὰ
374 1530 434 1587 δὲ
478 1543 607 1601 πῶς,
663 1536 745 1587 ὅτε
929 1531 1068 1587 εἶπον
1114 1535 1314 1605 πατέρα
1386 1531 1580 1585 ἑαυτῶν
1636 1536 1724 1585 τὸν

120 1625 270 1690 Θεὸν,
323 1623 726 1698 ἐπαῤῥησιοίσθη
783 1628 875 1676 καὶ
932 1620 1169 1696 σφοδρῶς
1198 1621 1367 1674 αὐτῶν
1424 1621 1719 1693 καθήψατο.

118 1712 205 1764 ὅτε
271 1709 332 1766 δὲ
391 1713 546 1765 αὐτὸν
602 1714 890 1785 ἠτίμασαν,
954 1708 1190 1773 ἔπιεικῶς
1256 1709 1565 1784 ἀπεκρίνατο
1631 1717 1721 1764 καὶ

30 1831 51 1855 ι’
114 1806 317 1877 πράως.
351 1803 578 1856 Ἐτεῦθεν
607 1804 706 1875 γὰρ
756 1799 1065 1855 ἐπαίδευσεν
1104 1802 1242 1873 ἡμᾶς
1291 1802 1359 1853 τὰ
1386 1803 1477 1872 μεν
1524 1800 1592 1861 εὶς
1632 1805 1698 1854 τότ

1830 1804 1986 1866 runt,
2019 1798 2287 1854 modeste
2318 1798 2627 1870 respondit
2668 1814 2740 1855 ac
2787 1802 3114 1854 mansuete.
3154 1796 3297 1854 Hinc
3326 1797 3478 1854 enim

1828 1903 1939 1943 nos
1969 1886 2185 1958 docuit,
2223 1891 2284 1943 ut
2312 1887 2582 1949 admissa
2634 1887 2690 1944 in
2723 1888 2910 1945 Deum
2966 1885 3360 1955 vindicemus,
3413 1884 3479 1942 in

1825 1991 1939 2032 nos
1971 1981 2172 2031 autem
2199 1975 2596 2047 negligamus.
2641 1980 2788 2033 Nam
2837 1980 2892 2031 et
2927 1976 3078 2047 ipse
3137 1973 3359 2037 factam
3412 1974 3474 2030 in

1826 2080 1892 2120 se
1947 2063 2228 2136 injuriam
2317 2064 2791 2137 praetermittens,
2842 2063 2924 2120 ad
3004 2062 3473 2122 admonitionem

113 1896 248 1946 Θεὸν
288 1889 531 1961 ἐκδικεῖν,
565 1894 627 1944 τὰ
654 1887 713 1944 δὲ
742 1891 814 1952 εἰς
834 1893 973 1964 ἡμᾶς
1001 1896 1253 1964 παρορᾴν.
1290 1893 1391 1943 Καὶ
1438 1889 1595 1951 αὐτὸς
1618 1893 1716 1965 γὰρ

111 1978 478 2054 παραδραμὼν
508 1986 596 2039 τὴν
630 1980 700 2043 εἰς
732 1980 912 2033 ἑαυτὸν
957 1978 1105 2055 ὓϐριν
1155 1978 1239 2032 ἐπὶ
1268 1978 1572 2051 παραίνεσιν
1606 1984 1713 2053 τρέ-

24 2088 55 2137 ςς-
109 2089 287 2124 πεται.

1823 2153 2204 2211 convertitur.

188 2251 360 2321 Ἀμὴν
390 2280 459 2288 -
507 2247 686 2301 αἰῶνα.
745 2253 985 2306 Ζήτησον
1023 2246 1072 2299 ἂν
1128 2255 1201 2318 τῷ
1245 2244 1403 2318 ἐνάτῳ
1455 2243 1698 2317 κεφαλαίι,

1895 2245 2059 2301 Vers.
2096 2244 2180 2298 51.
2234 2243 2420 2300 Amm
2484 2275 2554 2284 —
2615 2250 2917 2301 internum.
2983 2243 3186 2308 Quare
3245 2242 3305 2301 in
3355 2242 3472 2300 hoc

44 2362 59 2407 1,.
109 2342 193 2398 τὸ,
263 2340 380 2391 Ἐάν
418 2357 493 2398 τις
548 2338 688 2411 φάγῃ
750 2336 804 2389 ίκ
862 2340 1047 2390 τούτου
1101 2344 1193 2389 τοῦ
1252 2337 1433 2410 ἄρτου,
1490 2336 1698 2396 ζήσεται

1830 2347 1983 2389 nono
2009 2334 2222 2405 capite,
2257 2332 2360 2389 ubi
2412 2332 2668 2389 dicitur:
2726 2332 2792 2389 Si
2837 2331 2958 2403 quis
3024 2331 3331 2388 comederit
3395 2347 3466 2389 ea.

1822 2421 1927 2478 hoc
1949 2437 2118 2494 pane,
2150 2424 2302 2479 vivet
2332 2423 2394 2477 in
2426 2429 2697 2479 aeternum
2748 2422 2819 2489 τι,
2859 2425 2916 2477 et
2958 2419 3114 2476 illius
3143 2419 3274 2491 lege
3302 2435 3471 2478 enar-

1818 2514 2130 2569 rationem.
2177 2516 2326 2569 Nam
2369 2528 2439 2567 ex
2484 2512 2602 2569 hoc
2652 2510 2969 2582 intelliges,
3011 2511 3087 2568 de
3132 2527 3257 2584 qua
3306 2526 3468 2577 nunc

1818 2608 2006 2658 morte
2032 2602 2328 2674 loquatur;
2357 2601 2432 2658 de
2459 2616 2583 2674 qua
2604 2617 2744 2657 cum
2765 2600 2848 2656 illi
2874 2615 2997 2656 non
3016 2598 3464 2668 intellexissent,

1816 2705 2027 2747 rursus
2047 2706 2188 2747 eum
2218 2690 2580 2747 contumelia
2612 2688 2902 2747 afﬁciunt.

1887 2790 2053 2844 Vers.
2094 2792 2181 2844 52.
2236 2788 2513 2845 Dixerunt
2587 2818 2640 2829 —
2708 2786 2943 2844 habeas.
3005 2789 3171 2844 Nunc
3240 2787 3459 2857 magis.

1814 2878 2099 2936 Dixerunt
2123 2883 2322 2935 autem
2352 2878 2490 2943 hoc,
2525 2877 2700 2951 quasi
2754 2876 2876 2934 Deo
2929 2891 2992 2934 se
3046 2876 3282 2935 fecisset
3331 2877 3461 2950 ipse

1814 2968 2132 3039 majorem.

1884 3058 2047 3114 Vers.
2072 3058 2161 3112 52.
2198 3056 2500 3114 Abraham
2526 3088 2594 3098 —
2648 3056 2963 3128 propheta.
3022 3056 3131 3122 Qui
3191 3055 3288 3113 Dei
3344 3071 3467 3114 ser-

1742 3175 1783 3229 C
1816 3162 2047 3202 monem
2086 3152 2486 3202 servaverunt.

1886 3235 2044 3291 Vers.
2075 3239 2166 3291 52.
2200 3234 2275 3288 Et
2311 3260 2369 3271 —
2418 3235 2579 3290 Vers.
2636 3238 2722 3291 53.
2773 3234 2926 3304 facis
2992 3233 3021 3289 7
3078 3232 3463 3306 Consequens

1813 3340 1958 3380 sane
1997 3328 2143 3388 erat,
2187 3328 2251 3378 ut
2288 3322 2546 3378 dicerent
2586 3338 2598 3377 :
2646 3325 2800 3378 Num
2857 3326 2919 3378 tu
2960 3322 3145 3393 major
3174 3338 3237 3378 es
3279 3325 3394 3379 Deo
3433 3322 3462 3378 ?

1810 3427 2015 3468 verum
2038 3427 2159 3467 non
2187 3412 2299 3468 hoc
2321 3411 2546 3478 dicunt,
2563 3426 2636 3466 ne
2659 3411 2997 3483 Deoipsum
3018 3416 3458 3481 comparantes,

1811 3501 2144 3557 viderentur
2168 3516 2306 3556 eum
2367 3500 2567 3572 potius
2634 3500 2950 3556 honorare.
3008 3498 3224 3556 Volunt
3260 3506 3459 3559 autem

1807 3591 1939 3663 ipso
1965 3591 2141 3646 etiam
2168 3589 2463 3645 Abraham
2486 3589 2779 3645 minorem
2797 3587 2965 3644 illum
2982 3588 3316 3646 ostendere.
3343 3591 3461 3647 Nec

1806 3681 2084 3735 dixerunt
2108 3677 2448 3751 simpliciter
2476 3677 2800 3744 Abraham,
2863 3677 2966 3734 sed
3026 3683 3192 3750 patre
3250 3683 3458 3734 nostro

1805 3768 2128 3834 Abraham,
2163 3783 2405 3822 rursum
2474 3767 2819 3838 gloriantes,
2884 3771 2941 3822 et
2976 3766 3053 3822 de
3100 3766 3458 3837 cognatione

1805 3856 2105 3912 Abraham
2149 3871 2277 3912 sese
2303 3856 2620 3926 jactantes.

1873 3947 2033 4001 Vers.
2076 3948 2164 4001 54.
2257 3944 2564 4013 Respondit
2639 3974 2705 3986 -——
2761 3951 2865 4001 est.
2935 3944 3084 4000 Nihil
3140 3948 3248 4010 est,
3284 3944 3456 4003 sicuti

1802 4051 1905 4090 vos
1958 4034 2397 4105 suspicamini;
2468 4050 2608 4090 nam
2666 4034 2778 4090 hoc
2831 4033 2909 4090 ad
2937 4033 3169 4090 illorum
3229 4035 3455 4104 cogita-

1803 4126 2019 4179 tionem
2073 4124 2307 4179 locutus
2353 4128 2464 4189 est,
2525 4123 2717 4178 simile
2769 4123 2849 4178 illi
2904 4122 3165 4179 dicens:
3233 4122 3292 4178 Si
3354 4139 3450 4195 ego

1801 4213 2198 4269 testimonium
2244 4211 2517 4279 perhibeo
2574 4212 2645 4267 de
2708 4227 2798 4267 me
2852 4214 2995 4280 ipso,
3056 4212 3449 4267 testimonium

1800 4317 1990 4357 meum
2023 4316 2141 4356 non
2170 4307 2255 4356 est
2321 4315 2517 4356 verum
2580 4301 2652 4365 ⁷⁸,
2711 4298 2872 4371 quod
2940 4300 3115 4370 juxta
3177 4298 3451 4355 medium
3532 4338 3537 4343 -

1799 4389 2036 4460 septimi
2100 4388 2310 4460 capitis
2366 4387 2618 4459 positum
2665 4393 2778 4452 est,
2833 4391 2890 4443 et
2946 4388 3076 4458 ejus
3125 4386 3252 4458 lege
3282 4402 3446 4444 enar-

1725 4506 1764 4558 ι)
1798 4479 2110 4535 rationem.

1866 4567 2035 4622 Vers.
2072 4566 2164 4621 54.
2190 4565 2299 4621 Est
2329 4594 2399 4605 —
2426 4580 2530 4620 me.
2572 4564 2641 4622 Si
2677 4580 2806 4635 ego,
2855 4564 3068 4638 inquit,
3126 4564 3447 4637 magniﬁco

1794 4673 1875 4711 me
1910 4657 2122 4724 ipsum,
2158 4654 2364 4710 videor
2399 4653 2571 4709 vobis
2610 4653 2883 4710 mentiri:
2917 4655 3024 4711 Est
3069 4665 3236 4726 pater
3263 4669 3444 4724 meus,

1792 4746 1893 4817 qui
1919 4745 2261 4815 magniﬁca!
2300 4758 2411 4800 me.
2448 4746 2591 4799 Nam
2629 4744 2916 4815 praedicto
2957 4759 3199 4817 quoque
3252 4744 3447 4815 capite

1789 4833 2055 4890 similiter
2079 4833 2226 4889 dixit
2258 4850 2271 4888 :
2301 4833 2374 4889 Et
2399 4833 2504 4905 qui
2533 4833 2688 4889 misit
2735 4848 2824 4891 me
2871 4835 3072 4899 Pater,
3124 4834 3252 4903 ipse
3281 4833 3447 4892 testi-

1784 4922 2048 4980 monium
2075 4922 2374 4992 perhibuit
2403 4921 2472 4979 de
2521 4937 2613 4978 me
2638 4924 2704 4977 ⁷⁸.
2738 4921 3000 4979 Primum
3029 4927 3222 4980 autem
3281 4922 3444 4979 viam

1787 5010 2087 5084 praestruit
2114 5011 2209 5067 bis
2240 5026 2376 5083 quae
2431 5010 2695 5067 dicturus
2753 5018 2861 5079 est,
2885 5026 2961 5067 ne
2991 5010 3233 5082 gloriari
3279 5009 3446 5066 vide-

96 2694 283 2748 αὑτὸν.

183 2781 339 2838 Εἶπον
373 2814 435 2824 —
482 2785 644 2854 ἔχεις.
686 2790 793 2836 Νῦν
831 2781 1040 2855 μᾶλλον.
1092 2778 1249 2835 Εἶπον
1298 2778 1357 2834 δὲ
1408 2790 1579 2849 τοῦτο,
1636 2784 1706 2844 ὡς

176 3049 420 3124 Ἀϐραὰμ
458 3082 522 3091 —-
550 3059 836 3124 προφῆται.
872 3053 937 3103 Οἱ
964 3056 1283 3125 τηρήσαντες
1312 3053 1399 3102 τὸν
1438 3051 1585 3123 λόγον
1612 3060 1703 3105 τοῦ

176 3235 275 3283 Καὶ
332 3261 400 3269 -
474 3237 634 3289 ποιεῖς
668 3246 681 3295 ;
716 3227 1020 3283 Ἀκὸλουθεν
1069 3230 1158 3295 μὶν
1231 3226 1292 3287 ἧν
1348 3229 1460 3298 (64)
1521 3230 1699 3282 εἰπεῖν·

85 3410 185 3459 ἶνα
208 3411 280 3478 μὴ
317 3411 680 3480 συγκρίναντες
702 3406 856 3458 αὐτὸν
880 3414 950 3476 τῷ
978 3410 1087 3476 Θεῴ
1109 3402 1307 3469 δόξωσι
1332 3407 1521 3478 μᾶλλον
1546 3414 1701 3479 τιμᾷν

91 3583 388 3655 ἀποφῆναι.
441 3588 539 3637 Καὶ
581 3584 674 3636 οὐκ
706 3581 844 3637 εἶπον
875 3593 966 3637 τοῦ
1002 3583 1241 3658 Ἀϐραὰμ
1283 3586 1418 3657 (65).
1451 3584 1577 3638 ἀλλά
1606 3595 1698 3639 τοῦ

164 3940 449 4015 Ἀπεκρίθη
481 3972 550 3983 —
596 3940 757 3997 ἔστιν.
806 3939 975 3995 Οὐδέν
1018 3941 1178 4006 ἔστιν,
1233 3944 1303 4003 ὡς
1356 3943 1500 4015 ὑμεῖς
1558 3945 1691 3996 ὑπο-

78 4305 226 4375 μέσα
248 4307 340 4351 του
372 4296 597 4372 ἑϐδόμου
626 4299 904 4372 κεφαλαίου
930 4319 943 4333 ο
976 4304 1066 4352 καὶ
1095 4297 1353 4370 ἀνάγνωθι
1390 4303 1479 4357 τὴν
1504 4297 1690 4371 ἕξήγη-

80 4410 171 4442 σιν
202 4407 362 4439 αντ-ου
372 4427 383 4440 ο

154 4564 342 4619 ³Ἐστιν
394 4594 463 4605 --
517 4583 598 4637 με.
657 4594 720 4605 --
804 4564 919 4618 Ἐὰν
986 4563 1084 4635 ἐγὼ
1154 4563 1440 4637 μεγαλύνω,
1502 4569 1680 4637 φησὶν,

76 4655 327 4728 ἐμαυτὸν,
412 4650 550 4706 δοκῶ
619 4655 735 4726 ὑμῖν
808 4650 1115 4723 ψεύδεσθαι.
1188 4652 1369 4706 Ἔστιν
1446 4655 1472 4706 ὁ
1524 4674 1681 4727 μεγα-

69 4833 338 4907 κεφαλαίῳ
381 4834 572 4906 ὁμοίως
621 4833 774 4893 εἶπεν,
833 4831 913 4883 ὅτι
961 4836 1060 4887 Καὶ
1114 4833 1139 4883 ὁ
1197 4831 1408 4904 πέμψας
1462 4852 1526 4905 με
1576 4840 1679 4886 lla-

282 4922 433 4982 αὐτὸς
517 4923 884 4994 μεμαρτύρηκε
966 4925 1081 4996 περὶ
1176 4920 1300 4993 ἐμοῦ
1409 4924 1674 4994 Προθερα-

147 5207 198 5241 τι
228 5205 396 5263 Joan.
424 5222 480 5275 ν,
503 5211 590 5265 23.
693 5208 744 5244 τι
771 5208 945 5264 Joan.
980 5222 1058 5276 vr,
1087 5208 1173 5262 51.
1276 5208 1324 5243 τε
1347 5206 1491 5264 ibid.
1520 5208 1612 5264 3t.

1830 5206 1928 5263 bid.
1959 5208 2050 5262 37.

1269 5411 1490 5480 Varia;
1532 5411 1862 5481 lectiones
1915 5421 1979 5478 et
2022 5418 2224 5479 notae.

299 5607 449 5681 Αὐτῷ
478 5608 802 5681 ΔόάίῐΑμ
898 5650 903 5655 -
1002 5680 1009 5681 7
1088 5676 1101 5681 _
1231 5678 1240 5681 _
1307 5677 1324 5681 Α
1655 5679 1663 5681 ᾗ

1830 5615 1944 5663 κῶν.
1986 5607 2331 5681 Accuratius
2352 5607 2615 5677 dixisset,
2658 5613 2755 5678 xui.
2777 5607 2883 5681 οὐχ
2910 5606 3082 5670 ἁπλῶς
3112 5603 3275 5673 εἶπον,
3311 5604 3438 5660 ἀλλὰ

300 5650 835 5765 iiébvq‘SE‘EEﬁisu
852 5650 1209 5765 vocabulum
1230 5677 1492 5765 'Aﬂpaa‘rg,
1505 5679 1669 5763 quod

1830 5681 1912 5731 ιτα
1940 5680 2216 5752 προσθήκη
2229 5700 2270 5742 ς.

1346 5770 1437 5803 του
1470 5769 1663 5823 πατρος

138 5608 260 5752 ἓξὲξ

165 5684 234 5736 65

65 5750 317 5824 uterque
362 5750 422 5807 in
464 5758 623 5808 textu
658 5751 856 5817 habet,
892 5750 995 5807 sed
1026 5755 1193 5823 urget
1240 5753 1299 5803 τό
