4098 6428
697 319 836 378 1303

2021 315 2349 376 EUTHYMI

2459 313 2757 373 IIGABENI
3859 325 3946 388 430;
3996 269 3997 282 Ν

698 451 853 502 atur.
880 445 1020 502 Vult
1044 444 1201 502 enim
1230 448 1516 512 astruere,
1559 442 1727 517 quod
1783 443 1978 513 major
2018 445 2114 510 sit,
2163 459 2349 516 quam

2466 441 2816 517 Βούλεταιγὰρ
2830 442 3228 496 κατασκευάσαι
3248 443 3329 496 ὅτι
3348 443 3532 515 μείζων
3548 445 3650 498 ἐστὶ
3663 455 3740 500 τοῦ
3765 448 3945 526 Ἀϐραάμ.

698 536 999 592 Abraham
1036 551 1049 601 ;
1081 551 1224 591 nam
1255 535 1370 591 hoc
1419 534 1478 588 in
1524 533 1795 604 praesenti
1838 548 1959 589 non
2011 533 2182 600 dixit,
2225 548 2354 604 pro-

696 630 828 698 pter
853 624 1118 696 ipsorum
1153 624 1614 696 impudentiam.

769 714 1058 769 Vers.“.
1121 714 1299 781 Quem
1367 744 1435 752 —
1495 712 1651 766 Vers.
1729 713 1820 768 55.
1883 727 2027 767 eum.
2097 742 2153 753 —
2222 712 2352 766 Non

697 803 1040 874 eognovistis
1079 818 1223 864 eum,
1264 807 1465 871 utpote
1501 799 1784 872 operibus
1838 800 2004 855 illum
2039 806 2349 866 negantes.

700 891 852 947 Dicit
902 891 1061 946 enim
1119 895 1176 946 et
1228 889 1548 960 Apostolus
1593 907 1607 944 :
1663 889 2026 956 Conﬁtentur
2088 905 2148 945 se
2199 904 2354 944 nosse

701 983 908 1044 Deum,
949 981 1122 1048 factis
1152 984 1347 1034 autem
1378 985 1593 1048 negant
1623 981 1694 1036 ⁷⁷.
1724 978 1824 1033 Vel
1860 979 2039 1033 etiam
2087 993 2158 1033 eo
2188 977 2352 1049 quod

698 1085 819 1124 non
849 1068 1190 1136 agnoscatis
1215 1067 1416 1122 Filium
1473 1068 1626 1137 ejus.
1690 1065 1914 1121 Dictum
1969 1069 2056 1120 est
2116 1064 2274 1120 enim
2337 1084 2349 1121 :

697 1159 764 1214 Si
798 1173 889 1213 me
915 1157 1350 1226 cognoscentis,
1383 1157 1440 1213 et
1476 1157 1713 1212 Patrem
1766 1171 1951 1210 meum
2003 1155 2206 1226 utique
2263 1170 2355 1211 co-

697 1250 1053 1318 gnoscet-etis
1109 1247 1178 1300 ⁷³.
1215 1245 1312 1300 Vel
1366 1261 1438 1301 eo
1494 1247 1659 1318 quod
1719 1259 1840 1299 non
1904 1244 2146 1299 servetis
2220 1244 2350 1315 ejus

700 1351 1006 1390 sermones
1036 1354 1052 1405 ;
1085 1350 1228 1390 nam
1283 1334 1331 1389 si
1361 1333 1790 1405 cognosceretis
1819 1349 1980 1397 eum,
2012 1348 2350 1389 sermonem

700 1425 750 1496 ej
763 1442 829 1479 us
859 1424 1187 1480 servaretis.

772 1513 932 1568 Vers.
965 1513 1054 1568 55.
1105 1514 1232 1583 Ego
1283 1517 1470 1569 autem
1528 1513 1672 1567 novi
1727 1527 1878 1567 eum.
1942 1515 2068 1567 Non
2127 1510 2348 1575 solum,

701 1619 837 1658 cum
869 1617 940 1657 ex
972 1602 1102 1674 ipso
1129 1603 1266 1666 sim,
1312 1610 1368 1656 et
1394 1601 1662 1671 ejusdem
1705 1600 2074 1664 substantiae,
2121 1607 2352 1656 natura

701 1697 758 1748 et
786 1692 1066 1756 scientias,
1101 1692 1201 1746 sed
1250 1691 1448 1780 etiamr
1480 1696 1769 1780 tanquam
1824 1704 2164 1780 sermonem
2223 1689 2352 1780 ejus
2383 1725 2426 1780 Β

701 1795 966 1838 servans.
994 1783 1138 1836 Nam
1169 1784 1225 1836 et
1256 1779 1530 1851 superius
1577 1779 1724 1833 dixit
1777 1795 1789 1833 :
1845 1779 1950 1834 Est
2005 1794 2200 1841 verax,
2251 1778 2353 1848 qui

700 1871 856 1926 misit
891 1885 998 1934 me,
1028 1885 1199 1940 quem
1229 1885 1322 1924 vos
1355 1883 1472 1924 non
1498 1868 1714 1923 nostis:
1753 1882 1857 1938 ego
1885 1882 2020 1923 vero
2042 1868 2181 1922 novi
2199 1883 2350 1934 eum,

702 1960 844 2032 quia
871 1959 945 2014 ab
972 1975 1036 2015 eo
1064 1974 1193 2014 sum
1213 1960 1286 2011 τ’.

771 2049 913 2103 Vers
969 2054 1055 2104 55.
1115 2050 1177 2103 Et
1237 2077 1307 2088 —
1353 2046 1628 2102 mendax.
1665 2047 1782 2102 Vos
1813 2047 1972 2102 enim
2022 2045 2354 2101 mentimini

701 2138 968 2194 dicentes
1008 2138 1194 2192 Deum
1247 2141 1511 2191 vestrum
1562 2151 1714 2202 esse,
1769 2152 1904 2191 cum
1963 2152 2082 2190 non
2134 2152 2356 2204 cogno-

704 2228 882 2282 scatis
921 2243 1079 2286 eum,
1124 2232 1186 2281 ut
1244 2225 1595 2297 praedictum
1655 2232 1758 2279 est.
1818 2225 2088 2280 Notitiam
2150 2229 2352 2279 autem

703 2322 759 2372 et
787 2317 1188 2385 cognitionem
1221 2315 1380 2378 dicit,
1423 2329 1598 2369 nosse
1626 2314 1992 2386 simpliciter.
2037 2320 2092 2368 et
2136 2329 2353 2385 cogno-

703 2420 865 2460 scere
916 2404 1078 2476 quod
1138 2405 1208 2459 sit
1270 2404 1423 2458 Deus
1475 2409 1532 2457 et
1588 2403 1770 2464 Pater,
1829 2418 1945 2456 non
2035 2403 2182 2458 scire
2254 2406 2351 2458 Dei

700 2499 996 2550 naturam.
1031 2496 1174 2549 Nam
1202 2495 1335 2564 ipsa
1372 2508 1490 2546 non
1534 2492 1731 2545 solum
1795 2493 2075 2559 cognosci
2131 2493 2348 2562 nequit,

703 2598 905 2638 verum
935 2583 1110 2636 etiam
1142 2582 1388 2636 omnino
1446 2580 1892 2648 inintelligibilis
1940 2587 2027 2635 est
2078 2589 2131 2635 et
2186 2582 2352 2636 inac-

701 2671 1010 2737 cessibilis,
1040 2687 1148 2725 nec
1189 2676 1404 2724 tantum
1439 2668 1804 2734 hominibus,
1867 2671 1971 2723 sed
2022 2675 2077 2725 et
2106 2669 2355 2726 caelesti-

703 2761 812 2814 bus
851 2759 1183 2815 virtutibus.

775 2848 939 2903 Vers.
974 2848 1060 2903 56.
1121 2847 1232 2903 Sed
1284 2878 1350 2886 —
1406 2862 1595 2903 servo.
1652 2845 1849 2911 Vides,
1883 2846 2043 2919 quod
2103 2848 2202 2903 Dei
2234 2863 2352 2903 ser-

701 2953 944 2993 monem
1005 2952 1260 3000 servare,
1313 2935 1551 3005 signum
1608 2936 1677 2991 sit
1730 2936 1895 3008 quod
1958 2937 2094 3008 quis
2164 2939 2348 2992 Deum

701 3032 1042 3095 cognoscat.
1076 3025 1420 3081 Timeamus
1452 3025 1647 3092 igitur,
1697 3025 1860 3097 quod
1894 3026 1989 3081 Dei
2055 3034 2352 3095 praecepta

700 3130 821 3170 non
853 3131 1178 3180 servamus,
1235 3121 1520 3185 tanquam
1551 3131 1690 3170 cum
1717 3163 1722 3166 .
1747 3114 1832 3169 eis
1887 3116 2212 3185 constituti,
2245 3114 2350 3187 qui

702 3203 889 3259 Deum
923 3205 1216 3273 ignorant.
1251 3203 1472 3259 Deinde
1517 3204 1744 3276 probat,
1795 3203 1959 3275 quod
2006 3205 2200 3275 major
2253 3204 2347 3270 sit,

699 3308 885 3365 quam
913 3294 1238 3349 Abraham.

773 3382 933 3438 Vers.
1014 3387 1098 3438 56.
1141 3383 1447 3439 Abraham
1504 3412 1572 3423 —
1624 3397 1836 3439 meum.
1895 3412 1966 3426 —
2015 3384 2350 3441 Exsultavit

700 3471 827 3526 sive
879 3471 1238 3543 concupivit.
1273 3471 1433 3527 Diem
1474 3474 1666 3526 autem
1732 3486 1912 3526 suum
1991 3471 2136 3528 dicit
2187 3471 2350 3528 diem

698 3560 1017 3633 passionis.

770 3649 932 3704 Vers.
993 3653 1079 3703 56.
1133 3649 1207 3703 Et
1266 3648 1435 3714 vidit,
1496 3654 1550 3705 et
1617 3650 1857 3718 gavisus
1926 3656 2031 3706 est.
2090 3649 2349 3706 Gavisus

699 3742 786 3792 est
810 3743 1046 3808 propter
1099 3736 1344 3792 salutem
1401 3737 1630 3791 mundi.
1702 3738 2114 3806 Prtecognovit
2181 3755 2349 3795 nam-

698 3841 816 3897 que
856 3825 1208 3897 mysterium
1250 3827 1651 3882 crucitixiouis
1695 3828 1928 3882 Christi.
1986 3829 2350 3885 Desideravit

698 3914 900 3969 videre
939 3914 1097 3968 diem
1161 3915 1348 3985 ipsius
1387 3923 1438 3969 et
1483 3916 1624 3970 vidit
1673 3916 1837 3971 illum
1893 3916 2344 3987 praeﬁguratum

697 4002 1223 4066 etadumbratum,
1276 4004 1332 4058 in
1384 4003 1478 4058 die
1532 4020 1654 4074 quo
1703 4004 1888 4060 tilium
1941 4022 2117 4060 suum
2179 4006 2347 4063 Isaac

697 4092 909 4148 obtulit
947 4093 1005 4147 in
1031 4092 1469 4147 holocaustum.
1519 4093 1720 4148 Didicit
1761 4095 1940 4156 enim,
1988 4097 2146 4166 quod
2199 4098 2348 4153 sicut

697 4182 827 4252 ipse
877 4197 994 4236 non
1068 4183 1330 4253 pepercit
1376 4198 1486 4236 suo
1547 4184 1761 4237 dilecto
1834 4192 2076 4255 propter
2133 4186 2344 4252 Deum,

2465 537 2699 601 Φανερῶς
2754 535 2852 606 γὰρ
2879 539 2967 584 νῦν
3000 531 3094 584 ούκ
3126 529 3230 585 εἶπε
3261 541 3412 586 τοῦτο
3439 530 3527 586 διὰ
3555 539 3634 593 τὴν
3667 534 3949 610 ἀναισχυντίαν

2466 621 2634 672 αὐτῶν
2643 661 2656 674 .

2534 710 2628 762 ’ον
2687 741 2757 752 —
2811 710 2988 763 αὑτὸν.
3051 742 3118 752 -
3159 711 3271 764 Ούκ
3326 711 3569 784 ἐγνώκατε
3622 714 3772 780 αὐτὸν,
3807 720 3858 780 ὡς
3885 731 3949 783 τοῖς

2464 804 2631 874 ἔργοις
2677 798 2976 872 ἀρνούμενοι
3024 799 3196 853 αὑτὸν.
3253 807 3388 859 Φησὶ
3443 805 3542 875 γὰρ
3590 807 3670 854 καὶ
3719 806 3948 860 ὸἊπόστο.

2462 889 2543 947 λος
2625 891 2704 940 ὃτι
2751 893 2880 941 Θεόν
2937 889 3278 962 ὁμολογοῦσιν
3336 887 3548 958 εἰδέναι,
3596 899 3694 954 τοίς
3747 891 3795 946 δε
3845 900 3952 968 ἔργω

2466 974 2759 1047 ἀρνοῦνται.
2826 977 2892 1030 Ἦ
2950 984 3035 1031 καὶ
3095 983 3159 1040 ὡς
3210 984 3282 1052 μὴ
3339 979 3602 1052 ἕγνωκὸτες
3647 986 3724 1033 τὸν
3772 986 3862 1036 Titii
3896 989 3950 1038 αὲ-

2464 1074 2575 1119 τοῦ.
2631 1072 2914 1139 Προείρηκε
2977 1072 3078 1142 γὰρ
3142 1071 3222 1121 ὃτι
3280 1069 3340 1122 Εἰ
3414 1068 3499 1141 ἔμε
3575 1067 3750 1142 ᾔδειτε,
3797 1080 3864 1126 καὶ
3902 1095 3949 1126 τεν

2466 1160 2672 1226 Πατέρα
2732 1176 2833 1226 μου
2891 1153 3066 1228 ᾔδειτε
3121 1158 3201 1210 ἀν.
3266 1157 3330 1210 Ἦ
3393 1161 3457 1219 ὡς
3512 1163 3581 1230 μὴ
3643 1168 3866 1231 τηροῦντες
3902 1185 3949 1215 τοι

2463 1242 2614 1312 λόγον
2637 1245 2817 1297 αὐτοῦ·
2852 1245 2895 1298 εἰ
2917 1249 3018 1318 γὰρ
3052 1244 3228 1318 ᾔδειτε
3258 1248 3433 1312 αὐτὸν,
3457 1245 3673 1322 ἕτηρεῑτι
3698 1249 3750 1300 οἷν
3771 1254 3837 1302 τὸν
3859 1252 3948 1324 λοορω

2465 1352 2646 1388 αυτοῦ.

2538 1510 2671 1582 Ἐγὼ
2703 1507 2762 1564 δε
2793 1508 2880 1564 οἶδ
2885 1531 2917 1564 α
2957 1513 3131 1569 αὐτόν.
3178 1517 3254 1567 Ού
3283 1519 3436 1588 μόνον
3481 1516 3546 1576 ὡς
3575 1515 3624 1578 ἐξ
3652 1516 3788 1568 αὐτοῦ
3810 1525 3872 1569 καὶ
3898 1527 3949 1576 τὶς

2463 1601 2622 1661 αὐτῆς
2652 1601 2838 1662 οὐσίας
2867 1607 2955 1653 καί
2982 1606 3182 1674 φύσεως
3210 1610 3299 1657 καὶ
3326 1611 3567 1676 γνώσεως
3595 1610 3676 1670 ὧν,
3705 1604 3810 1656 ἀλλὰ
3839 1610 3949 1666 nisi;

2463 1689 2718 1761 τὸνλόγον
2744 1691 2905 1742 αὑτοῦ
2931 1701 3120 1762 τηρῶν.
3158 1699 3258 1746 Καὶ
3288 1694 3459 1747 ὀπίσω
3493 1691 3551 1746 δε
3581 1691 3723 1760 εἶπεν,
3758 1698 3819 1747 ὃτι
3841 1697 3950 1747 Ἔστιν

2463 1779 2662 1840 ἀληθὴς
2835 1782 2861 1832 ὁ
2885 1780 3092 1852 πέμψας
3129 1801 3211 1853 με,
3243 1783 3298 1834 ὃν
3343 1785 3490 1855 ὑμεῖς
3522 1784 3615 1836 ούκ
3637 1781 3806 1852 οἰδατε,
3835 1784 3898 1856 ἐγὼ
3918 1782 3948 1834 is

2463 1865 2588 1920 οἶδα
2619 1869 2795 1940 αὐτὸν,
2830 1872 2906 1922 ὃτι
2940 1871 3062 1946 παρ’
3096 1871 3256 1925 αὐτοῦ
3287 1873 3418 1945 εἰμι,

2541 2051 2640 2099 Καὶ
2695 2078 2763 2088 -
2819 2047 3069 2118 ψεύστης.
3127 2047 3390 2103 Ψεύδεσθε
3450 2054 3555 2123 γὰρ
3626 2052 3756 2123 ὑμεῖς
3809 2052 3947 2122 Elim;

2465 2136 2688 2206 6?:(67)
2742 2140 2866 2197 Θεὸς
2916 2139 3058 2209 ὑμῶν
3112 2137 3271 2201 ἐστιν,
3315 2140 3374 2191 ού
3425 2143 3531 2212 γὰρ
3595 2139 3814 2211 ἐγνώκατε
3847 2141 3942 2200 eam,

2466 2229 2536 2287 ὡς
2590 2232 2914 2301 προείρηται.
2974 2226 3197 2287 Εῖδησιν
3271 2227 3331 2282 δε
3394 2235 3487 2283 καὶ
3559 2235 3740 2303 γνῶσίν
3795 2250 3882 2301 φησι
3918 2250 3944 2280 τε

2466 2313 2657 2368 εἰδέναι
2683 2322 2770 2369 καὶ
2801 2324 3075 2388 γινώσκειν
3105 2318 3274 2379 ἁπλῶς
3304 2321 3383 2371 ὅτι
3411 2318 3531 2372 ἐστὶ
3574 2324 3693 2382 Θεὸς
3723 2326 3796 2371 καὶ
3830 2326 3940 2387 Πατήρ,

2464 2405 2523 2458 ού
2563 2409 2666 2476 μὴν
2705 2410 2799 2462 τὴν
2832 2406 2943 2475 (68)
2974 2415 3069 2467 τῆς
3099 2410 3299 2478 φύσεως
3346 2415 3440 2460 τοῦ
3491 2416 3644 2462 Θεοῦ.
3690 2410 3807 2466 Αὕτη
3915 2410 3938 2457 2-.

2465 2499 2616 2566 μόνον
2665 2496 2946 2565 ἄγνωστος,
3003 2494 3130 2547 ἀλλὰ
3179 2502 3268 2548 καὶ
3320 2497 3584 2561 παντελῶς
3636 2497 3869 2555 ἀνεννόητα
3893 2517 3930 2544 ιε

2467 2581 2887 2655 ἀνεπιχείρητος,
2919 2589 3008 2636 καὶ
3039 2584 3098 2636 ού
3128 2590 3281 2657 μόνον
3312 2584 3626 2660 ἀνθρώποις,
3667 2586 3784 2639 ἀλλὰ
3805 2593 3856 2638 καὶ
3875 2591 3927 2640 tri;

2465 2672 2726 2744 οὐρανίαις
2767 2669 2801 2725 δ
2805 2675 3071 2745 υνάμεσιν.

2537 2850 2676 2904 Ἀλλ’
2700 2881 2768 2891 -
2797 2859 2958 2924 τηρῶ.
2982 2857 3134 2922 Ὁρᾷς
3151 2853 3231 2904 ὃτι
3251 2854 3309 2903 τὸ
3337 2854 3424 2904 τὸν
3445 2852 3599 2925 λόγον
3626 2862 3712 2907 τοῦ
3737 2861 3839 2907 Θεοῦ
3855 2857 3948 2923 rupti?

2468 2945 2681 3011 σημεῖον
2708 2939 2824 2991 ἇοτι
2847 2948 2937 2992 τοῦ
2965 2936 3156 2992 εἰδέναι
3183 2940 3358 2992 αὐτόν.
3378 2941 3698 3016 Φαϐηθώμεν
3721 2948 3852 2994 τοίνυν
3868 2943 3953 2993 sita;

2465 3028 2665 3087 ἐντολὰς
2694 3034 2784 3080 τοῦ
2820 3032 2948 3081 Θεοῦ
2978 3032 3049 3099 μὴ
3099 3028 3458 3100 φυλάττοντες,
3493 3033 3566 3092 ὡς
3597 3037 3856 3102 ταττόμενοι
3887 3046 3956 3097 ιιι-τε

2464 3126 2562 3169 τῶν
2596 3115 2914 3188 ἀγνοούντων
2959 3121 3044 3169 τὸν
3086 3123 3232 3172 Θεὸν.
3277 3115 3403 3172 Εἶτα
3441 3122 3804 3181 κατασκευάζει
3832 3124 3893 3170 καὶ
3919 3118 3958 3165 it:

2462 3207 2654 3278 μείζων
2686 3205 2799 3258 ἐστὶ
2829 3214 2920 3258 τοῦ
2953 3205 3210 3280 Ἀϐραάμ..

2537 3293 2774 3369 ’Λεραάμ
2832 3326 2899 3335 -
2956 3294 3098 3367 ἀμήν.
3163 3327 3230 3336 —
3292 3297 3696 3368 ἰιγαλλιάσατο,
3741 3302 3868 3369 ἤγουν
3903 3293 3959 3344 ἔτι·

2464 3386 2716 3457 θύμησεν.
2792 3383 3036 3458 [Ἡμέραν
3108 3386 3220 3456 (69)
3275 3383 3333 3439 δι
3405 3387 3573 3442 αὐτοῦ
3630 3388 3754 3461 λέγει
3811 3391 3880 3442 τὴν
3916 3390 3960 3433 τού

2464 3482 2716 3547 σταυροῦ.

2535 3657 2634 3706 Καὶ
2691 3649 2818 3716 εἶδε,
2868 3657 2954 3705 καὶ
3009 3652 3201 3728 ἐχάρη.
3262 3654 3465 3728 Ἐχάρη
3519 3652 3613 3709 διὰ
3659 3661 3745 3714 τήν
3787 3656 3963 3722 σωτηρίαν

2457 3750 2550 3794 τοῦ
2599 3747 2821 3814 κόσμου.
2871 3746 3129 3815 Προγνοῦς
3169 3745 3270 3816 γὰρ
3323 3746 3382 3796 τὸ
3438 3750 3728 3819 μυστήριον
3775 3751 3850 3802 τῆς
3873 3759 3966 3793 οταν

2458 3837 2666 3904 ρώσεως
2709 3838 2800 3882 τοῦ
2864 3838 3098 3903 Χριστοῦ
3150 3830 3497 3906 ἐπεθύμησεν]
3558 3831 3683 3887 ἰδεῖν
3732 3838 3812 3890 τὴν
3843 3833 3965 3899 ἡμίναν

2459 3921 2640 3986 αύτοῦ,
2702 3925 2792 3972 καὶ
2841 3916 2974 3972 εἶδεν
3024 3920 3179 3978 αὐτὴν
3238 3920 3260 3992 [
3311 3924 3867 3996 προσκιαγραφηθεῐσαν
3902 3921 3966 3986 (illi

2457 4007 2570 4080 καὶ]
2600 4004 2635 4060 δ
2642 4009 3022 4060 ιατυπωθεῐσαν
3053 4007 3100 4060 ἂν
3143 4017 3204 4080 τῇ
3253 4011 3421 4081 ἡμέρᾳ
3450 4012 3572 4064 καθ’
3605 4014 3663 4070 ἠν
3694 4010 3892 4078 ἀνήνεγκε
3922 4011 3966 4054 τι]

2459 4102 2570 4150 υἱὸν
2609 4097 2769 4150 αὑτοῦ
2818 4116 2903 4149 τον
2933 4098 3117 4150 Ἰσαὰκ
3170 4098 3243 4159 εἰς
3294 4099 3676 4171 ὁλοκοὶρπωσιν.
3719 4099 3880 4170 Ἐμαόε
3911 4097 3967 4163 νέξ

2460 4190 2560 4253 ὅτι,
2611 4189 2783 4256 ὥσπερ
2833 4186 2984 4246 αὐτὸς
3033 4186 3126 4239 οὐκ
3166 4189 3403 4258 ἑφείσατε
3460 4198 3556 4241 τοῦ
3605 4191 3717 4242 υἱοῦ
3767 4188 3892 4239 αὐτοῦ
3920 4189 3968 4232 τι)

697 4270 776 4326 ita
815 4286 1010 4342 neque
1050 4271 1199 4326 Deus
1242 4273 1572 4341 parciturus
1627 4277 1782 4327 esset
1847 4273 1986 4328 Filio
2041 4290 2151 4328 suo
2201 4275 2349 4329 dile-

2463 4275 2736 4346 ἀγαπητοῦ
2773 4270 2866 4327 διὰ
2903 4278 2990 4326 τὸν
3029 4278 3178 4341 Θεὸν,
3230 4276 3390 4337 οὕτως
3432 4274 3560 4330 οῦδί
3613 4279 3638 4330 ὁ
3675 4280 3783 4337 Θεὸς
3816 4279 3966 4347 otiatur

698 4366 792 4416 clo
823 4368 1062 4431 propter
1088 4360 1413 4415 hominem.
1451 4363 1515 4415 Et
1541 4361 2059 4432 quemadmodum
2091 4363 2189 4418 ille
2215 4380 2348 4434 por-

697 4451 839 4505 tavit
878 4449 1035 4520 ligna
1069 4449 1396 4504 bolocausli
1463 4450 1572 4517 sui,
1639 4451 1717 4505 ita
1769 4456 1824 4504 et
1853 4452 1977 4521 ipse
2009 4459 2348 4523 portaturus

697 4543 850 4593 esset
886 4538 1118 4607 lignum
1159 4538 1362 4593 mortis
1401 4554 1544 4593 suae.
1591 4540 2027 4606 Verumtamen,
2063 4541 2212 4596 sicut
2251 4542 2348 4597 illo

697 4642 814 4681 non
857 4643 1038 4698 passo
1070 4627 1412 4699 suppositus
1444 4633 1528 4682 est
1567 4627 1720 4682 aries
1759 4644 1770 4682 :
1806 4628 1886 4683 ita
1944 4634 2000 4684 et
2051 4629 2166 4685 hoc
2218 4647 2350 4687 ma-

696 4722 874 4771 nente
904 4715 1279 4788 impassibili,
1311 4715 1658 4771 humanitas
1684 4719 1813 4787 ejus
1837 4717 2034 4772 occisa
2053 4720 2350 4784 est.uuod

701 4803 750 4858 si
776 4803 932 4858 diem
965 4806 1092 4874 ejus
1120 4804 1322 4860 videre
1353 4804 1727 4869 desideravit,
1771 4804 1977 4878 utique
2024 4807 2137 4862 hoc
2199 4813 2344 4879 erat,

699 4895 988 4963 tanquam
1030 4893 1300 4964 majoris.

770 5104 1116 5173 "Tit.l,16.
1217 5108 1724 5178 "Joan.vui,t9.
1803 5111 2162 5177 "1011mm,
2191 5116 2279 5169 26.

2461 4374 2551 4417 τοῦ
2583 4367 2706 4417 Υἱοῦ
2736 4364 2895 4416 αύτοῦ
2935 4370 3024 4416 τοῦ
3055 4362 3329 4434 ἀγαπητοῦ
3371 4361 3405 4417 δ
3411 4368 3465 4418 ιά
3492 4370 3580 4418 τὸν
3626 4368 3877 4439 ἄνθρωπον.
3912 4366 3964 4411 in

2462 4457 2634 4525 ὥσπερ
2711 4453 2860 4514 οὗτος
2908 4451 3165 4505 ἐϐάστασε
3215 4456 3279 4505 τὰ
3324 4453 3451 4517 ξύλα
3507 4464 3607 4517 τῆς
3662 4455 3963 4526 ὁλοκαρπὼτεως

2465 4544 2642 4607 αὐτοῦ,
2684 4543 2819 4594 οὕτω
2845 4540 3078 4602 κάκεῖνος
3126 4539 3385 4614 βαστάσει
3415 4546 3469 4596 τὸ
3498 4543 3650 4606 ξύλον
3692 4552 3775 4596 τοῦ
3824 4543 3959 4594 eum

2459 4634 2637 4684 αὐτοῦ.
2694 4630 2830 4688 Πλὴν
2882 4631 3115 4702 καθάπερ
3176 4634 3361 4684 τούτου
3426 4637 3693 4704 μείναντος
3746 4631 3956 4684 ἀπαθοῦςε

2458 4723 2603 4793 κριὸς
2654 4718 2832 4784 ἐτύθη,
2900 4719 3034 4771 ούτω
3085 4718 3320 4773 κάκείνου
3392 4724 3636 4792 μένοντος
3701 4721 3893 4775 ἀπαθοῦς
3931 4731 3955 4760 τ’

2458 4809 2774 4883 ἀνθρώπινον
2841 4808 3000 4861 αύτοῦ
3069 4811 3560 4880 σφηιασθὴσεται.
3641 4810 3700 4864 Εἰ
3766 4805 3818 4862 δι
3861 4805 3952 4858 ἐτιὲτ

2457 4917 2622 4970 μησεν
2671 4893 2800 4950 ἰδεῖν
2851 4902 2944 4955 τὴν
3003 4897 3198 4970 ἡμέραν
3261 4897 3440 4969 αὐτοῦ,
3505 4902 3580 4962 ὡς
3628 4900 3844 4972 μείζονος
3892 4912 3948 4945 π’

2457 5007 2577 5047 τως.

1921 5288 2135 5358 Variae
2174 5289 2503 5359 lectiones
2547 5300 2613 5357 et
2654 5298 2852 5357 notae.

767 5445 878 5522 (_66)
916 5445 979 5501 In
1023 5447 1320 5522 contextu,
1349 5446 1465 5522 illo
1493 5445 1553 5502 in
1589 5447 1718 5522 loco
1761 5449 1944 5522 _cod_d.
1997 5450 2346 5522 Euthymius

696 5514 1286 5591 babentqvulgatum
1341 5517 1620 5591 ἀληθινός,
1664 5519 1777 5591 sed
1828 5514 2347 5591 Chrysost.'refert

699 5585 1078 5662 itinerigfl‘om.
1114 5587 1252 5653 Vlll,
1274 5605 1341 5662 _p.
1375 5590 1498 5660 294,
1523 5590 1647 5656 295,
1680 5585 2012 5662 aliquoties.

765 5662 880 5731 (67)
904 5658 964 5711 Ὁ
994 5658 1312 5731 interponit
1339 5665 1407 5717 Α.

766 5729 878 5803 (68)
948 5736 1052 5789 Τήν
1135 5729 1302 5788 abest
1375 5739 1440 5788 A.
1532 5729 1798 5788 Refertur
1864 5732 1934 5788 ad
2002 5731 2207 5794 εἴδησιν
2255 5740 2343 5790 καὶ

2456 5460 2668 5523 γνῶσιν.

2529 5524 2640 5598 (ῥ9)
2682 5521 2911 5598 inclusa
2935 5520 3165 5598 absunt
3182 5521 3248 5598 ΑΔ.
3312 5593 3347 5598 __
3375 5593 3384 5598 _
3412 5593 3427 5598 _
3570 5596 3582 5598 _
3670 5597 3676 5598 γ
3896 5580 3909 5598 ‘

2529 5595 2640 5664 (70)
2683 5593 2919 5650 Inclusa
2951 5592 3173 5648 absunt
3211 5595 3276 5648 A.
3311 5593 3534 5652 Ibidem
3568 5596 3784 5668 legitur,
3817 5592 3944 5665 κρθδιτ
3996 5592 3997 5654 l

2459 5666 2805 5718 θυπωθείσαν.
3996 5657 3997 5718 l
