4098 6442
183 325 324 383 1305

1266 322 1612 380 COMMENT
1651 323 1721 380 IN
1758 321 2108 380 JOANNEM.
2151 353 2219 364 —
2256 323 2413 378 CAP.
2458 320 2554 378 IX.

3407 323 3430 377 1
3443 323 3548 379 306

254 457 355 506 Καὶ
384 483 453 493 -
481 449 709 524 ίὼρακας
735 467 750 517 ;
776 449 963 524 ’ᾩοντο
989 450 1092 523 γὰρ
1124 448 1276 502 αὐτὸν
1307 447 1462 520 ἕγγὺς
1489 446 1618 502 εἶναι
1656 469 1768 502 πεν-

1959 449 2123 504 Vers.
2157 450 2246 502 57.
2273 447 2446 502 Et—
2495 446 2696 503 vidisti
2747 445 2776 501 7
2828 445 3126 502 Putabant
3188 445 3347 502 enim
3405 463 3544 503 eum

181 547 407 601 τήκοντα
457 540 578 593 ἐτῶν
627 538 723 593 διὰ
771 545 865 596 τὴν
920 539 1258 611 πολυπειρίαν
1313 538 1494 592 αὐτοῦ.
1541 540 1670 592 Τινὰ
1717 533 1777 590 δὲ

183 640 280 683 τῶν
333 632 444 702 (7t)
498 630 822 705 ἀντιγράφων
862 631 1257 702 τεσσαράκοντα
1296 629 1608 704 γράφουσιν,
1652 629 1776 700 ὅπερ

185 716 328 773 δοκεῖ
354 719 734 794 ἀκριϐέστερον.

255 895 403 950 Εἶπεν
455 929 522 938 -
578 898 703 960 εἰμι.
752 897 841 960 Ὠς
907 901 1055 960 Θεός.
1111 901 1212 950 Καὶ
1269 896 1364 948 οὐκ
1421 892 1579 963 εἶπεν,
1642 893 1778 966 Ἐγὼ

181 990 341 1059 ἤμην,
419 985 524 1039 ἀλλ’
585 988 716 1058 Ἐγώ
767 987 875 1059 εἰμι
917 989 942 1039 6
1003 985 1082 1038 ἀεὶ
1144 990 1230 1037 ὤν.
1263 989 1333 1037 T6
1359 987 1448 1051 μὲν
1497 981 1584 1036 οὖν
1642 987 1778 1054 γενέ-

184 1077 309 1128 σθαι
369 1080 718 1129 κτιστοῡ·τὸ
812 1072 871 1128 δε
937 1075 1057 1148 Εἰμὶ
1136 1073 1386 1126 ἁκτίστου
1436 1074 1453 1145 [
1509 1077 1600 1126 καὶ
1660 1073 1776 1144 (72)

181 1170 397 1218 κτίστου

252 1254 418 1330 Ἦραν
455 1282 510 1295 -ο
559 1254 736 1307 αὐτόν.
794 1256 859 1307 Οἱ
893 1261 1077 1326 ταχεῖς
1117 1257 1244 1326 πρός
1273 1257 1420 1325 φόνον
1451 1273 1463 1286 ·
1493 1251 1774 1326 Ἠγρίαναν

180 1346 282 1416 γὰρ
331 1340 575 1407 δόξαντες
625 1342 942 1416 ὑϐρισθῆναι
983 1346 1070 1394 τὸν
1129 1341 1366 1417 Ἀϐραὰμ
1409 1359 1420 1370 ·
1456 1342 1566 1413 ἅμα
1595 1338 1654 1394 δὲ
1686 1346 1776 1393 καὶ

179 1438 385 1504 γνόντες
414 1435 493 1486 ὅτι
523 1429 802 1492 ἁίδιότητα
840 1440 972 1486 Θεοῦ
997 1433 1326 1504 περιτίθησιν
1353 1431 1536 1501 ἑαυτῷ.

253 1611 460 1672 Ἰησοῦς
517 1608 576 1665 δε
622 1610 838 1684 ἐκρύϐη.
884 1612 1134 1685 Ἀόρατος
1191 1609 1370 1672 αὐτοῖς
1430 1613 1653 1668 κατέστη
1708 1617 1770 1681 τῇ

179 1701 394 1774 ἐξουσίᾳ
423 1709 514 1762 τῆς
553 1703 812 1762 θεότητος.

255 1795 353 1844 Καὶ
387 1793 545 1866 ἱεροῦ.
571 1796 682 1844 Ἵνα
709 1789 1014 1849 κατασταλῆ
1049 1791 1073 1842 ό
1109 1791 1270 1862 θυμός
1298 1789 1488 1844 αὐτῶν.

250 1969 465 2022 Διελθών
495 2001 563 2009 -
592 1969 782 2022 αὐτῶν.
837 1974 923 2027 Μὴ
969 1969 1267 2040 ἰσχυόντων
1299 1964 1428 2020 ἰδεῖν
1468 1967 1641 2022 αὐτόν.
1678 1973 1774 2023 Καὶ

179 2056 327 2111 διατί
377 2058 472 2110 οὐκ
529 2057 760 2121 ἐξέλυσεν
791 2058 959 2110 αὐτῶν
999 2062 1092 2114 τὴν
1143 2054 1363 2128 δύναμιν
1407 2061 1496 2109 καὶ
1554 2065 1780 2128 φανερῶς

178 2146 484 2219 ἀνεχώρησε
504 2164 517 2212 ;
551 2152 692 2200 Διότι
709 2149 818 2200 οὗθ’
841 2148 1000 2207 οὕτως
1023 2145 1225 2218 ἔμελλον
1255 2149 1536 2199 πιστεύειν.
1559 2148 1772 2219 Καὶγὰρ

177 2236 226 2289 ἐν
255 2245 324 2306 τῷ
353 2244 520 2310 καιρῷ
551 2244 642 2287 τοῦ
704 2238 908 2296 nam;
953 2237 1165 2297 ὑπτίους
1197 2235 1309 2306 (73)
1362 2235 1545 2296 αὐτοὺς
1573 2235 1769 2309 ξόῥιψε,

175 2331 267 2378 καὶ
296 2329 390 2378 τὰς
411 2325 552 2396 ὄψεις
583 2325 750 2377 αὐτῶν
773 2323 1033 2387 ἕσκότισε,
1075 2331 1164 2377 καὶ
1195 2325 1286 2377 οὐκ
1317 2323 1647 2378 ἐπίστευσαν.
1670 2325 1770 2376 Οὐ-

177 2409 265 2465 δὲν
294 2416 393 2486 γὰρ
425 2421 604 2485 χεῖρον
633 2412 822 2485 ψυχῆς
855 2412 1232 2484 ἀπεγνωκυίας.
1291 2411 1396 2466 Κᾶν
1442 2416 1543 2486 γὰρ
1578 2420 1772 2484 σημεῖα

173 2499 294 2575 ἴδη,
321 2501 415 2554 κᾶν
446 2507 655 2577 τέρατα,
685 2507 822 2575 μένει
852 2507 945 2561 τὴν
972 2503 1134 2561 αὐτὴν
1177 2506 1382 2576 ἔχουσα
1409 2502 1562 2555 πάλιν
1589 2501 1771 2555 ἀναισ-

139 2631 142 2633 .
173 2597 416 2665 χυντίαν.

251 2686 349 2734 Καὶ
377 2689 610 2754 παρῆγεν
631 2682 816 2743 οὕτως.
847 2680 1118 2744 Ἐϐάδιζεν
1157 2683 1333 2748 οὕτως,
1369 2687 1440 2755 μὴ
1475 2686 1771 2755 φαινόμενος

173 2770 370 2832 αὐτοῖς.

425 2865 570 2913 ΚΕΦ.
614 2857 666 2914 Γ.
694 2864 818 2933 Περὶ
845 2867 937 2912 τοῦ
977 2859 1032 2914 ἐκ
1069 2870 1274 2932 γενετῆς
1302 2860 1516 2933 τυφλοῦ.

245 2952 347 3001 Καὶ
375 2979 446 2988 --
472 2958 697 3020 γενετῆς.
723 2949 946 3002 Βεϐαιῶν
976 2949 1012 3002 ἁ
1041 2946 1167 3015 εἷπε,
1199 2955 1288 3002 καὶ
1317 2953 1656 3022 πιστούμενος
1689 2951 1768 3002 ὃτι

1887 536 2070 594 ferme
2126 551 2259 592 esse
2309 536 2917 609 quinquagenarium,
2997 539 3238 607 propter
3291 535 3543 592 multam

1886 627 2020 699 ejus
2062 627 2337 698 peritiam
2386 631 2442 682 et
2487 625 2933 698 experientiam.
3004 624 3287 690 Quaedam
3343 631 3542 681 autem

1887 715 2254 787 exemplaria
2323 714 2563 780 habent,
2613 714 3042 786 quadraginta,
3087 713 3264 787 ,quod
3313 713 3546 770 videtur

1887 821 2014 861 esse
2045 805 2256 860 verius.

1958 894 2118 949 Vers.
2199 897 2284 950 58.
2339 893 2512 950 Dixit
2576 923 2645 932 —-
2710 895 3204 964 sum.Tanquam
3250 892 3423 947 Deus.
3481 893 3546 947 Et

1885 998 2001 1039 non
2055 983 2222 1047 dixit,
2285 985 2405 1052 Ego
2447 997 2611 1038 eram
2654 982 2832 1053 ;sed,
2882 982 3008 1052 Ego
3033 997 3181 1049 sum,
3238 982 3338 1052 qui
3392 997 3548 1037 sem-

1884 1089 1991 1143 per
2021 1089 2178 1128 sum.
2210 1073 2350 1129 Fieri
2379 1072 2670 1144 siquidem
2701 1071 2784 1127 rei
2815 1076 3026 1127 creatae
3056 1074 3175 1139 est;
3205 1072 3351 1128 Sum
3382 1087 3543 1135 vero,

1883 1161 2160 1218 increataa
2222 1167 2278 1218 et
2305 1167 2536 1218 creatae.

1955 1253 2118 1308 Vers.
2154 1252 2238 1308 59.
2281 1252 2572 1308 Tulerunt
2609 1283 2672 1292 —
2704 1266 2852 1307 eum.
2878 1251 3124 1307 Veloces
3189 1249 3266 1306 ad
3297 1249 3540 1306 caedem.

1886 1341 2224 1413 Exasperati
2257 1347 2396 1396 sunt
2448 1341 2607 1396 enim
2657 1346 2934 1410 putantes
2981 1340 3199 1410 injuria
3263 1339 3542 1396 affectum

1885 1447 2017 1486 esse
2075 1431 2378 1487 Abraham
2431 1448 2444 1483 :
2487 1429 2663 1486 simul
2711 1431 2908 1495 etiam,
2967 1429 3068 1486 ubi
3122 1429 3545 1500 cognovissent

1885 1520 2050 1593 quod
2080 1520 2178 1575 Dei
2209 1520 2590 1576 aeternitatem
2625 1519 2737 1574 sibi
2769 1519 3114 1575 vindicaret.

1957 1610 2123 1666 Vers.
2154 1611 2244 1667 59.
2275 1611 2435 1664 Jews
2475 1615 2667 1664 autem
2692 1610 3022 1666 occultatus
3062 1615 3163 1664 est.
3193 1609 3303 1664 Per
3332 1608 3544 1664 divini-

1886 1701 2018 1757 tatis
2044 1700 2372 1772 potentiam
2402 1699 2711 1756 invisibilis
2764 1701 2849 1755 eis
2883 1699 3150 1755 effectus.

1811 1809 1852 1864 Β
1959 1791 2122 1844 Vers.
2150 1790 2239 1844 59.
2283 1790 2360 1845 Et
2391 1821 2458 1830 --
2505 1788 2732 1858 templo.
2792 1791 2860 1845 Ut
2915 1788 3152 1844 illorum
3186 1789 3420 1844 sedaret
3452 1788 3540 1844 fu-

1887 1895 2080 1935 rorem
2091 1920 2103 1931 .

1958 1969 2123 2025 Vers.
2150 1973 2236 2025 59.
2270 1968 2670 2025 Pertransims
2715 1999 2780 2009 —
2809 1967 3070 2024 illorum.
3105 1969 3247 2024 Cum
3281 1967 3362 2023 illi
3403 1983 3538 2023 eum

1885 2058 2084 2114 videre
2127 2074 2246 2113 non
2292 2062 2562 2130 possent.
2628 2059 2692 2112 Et
2732 2073 2918 2129 quare
2950 2073 3072 2112 non
3131 2057 3394 2113 dissolvit
3425 2056 3545 2112 illo-

1883 2164 2018 2204 rum
2049 2147 2347 2212 virtutem,
2381 2152 2438 2202 et
2498 2146 2814 2202 manifeste
2887 2146 3129 2202 recessit
3173 2146 3201 2200 ?
3247 2147 3391 2212 Quia
3434 2161 3544 2202 nec

1885 2237 1969 2292 sic
2017 2236 2296 2292 credituri
2368 2241 2557 2291 erant.
2635 2235 2860 2290 Etenim
2908 2240 3178 2306 tempore
3235 2235 3541 2306 passionis

1882 2328 2132 2399 supinos
2164 2327 2296 2383 illos
2325 2327 2556 2398 dejecit,
2607 2341 2938 2396 eorumque
3000 2330 3272 2396 aspectus
3329 2324 3542 2380 obscu-

1879 2419 2051 2483 ravit,
2097 2423 2153 2474 et
2199 2433 2321 2472 non
2372 2415 2768 2470 crediderunt.
2824 2417 2971 2470 Nam
3027 2414 3230 2470 anima
3281 2413 3542 2486 reproba

1881 2507 2029 2563 nihil
2057 2512 2143 2563 est
2172 2508 2346 2579 pejus
2377 2522 2388 2560 :
2421 2505 2554 2561 licet
2583 2503 2740 2560 enim
2783 2503 2958 2573 signa
3000 2503 3200 2560 videat
3237 2519 3307 2559 ac
3341 2502 3540 2574 prodi—

1880 2597 1994 2666 gia,
2025 2613 2192 2652 suam
2225 2600 2422 2652 tamen
2455 2609 2694 2665 semper
2722 2593 2935 2648 retinet
2963 2591 3429 2664 impudentiam.

1950 2687 2114 2742 Vers.
2151 2687 2220 2742 59
2261 2687 2338 2742 Et
2368 2686 2456 2741 ita
2481 2682 2841 2756 praeteribat.
2885 2681 3254 2738 Ambulabat
3287 2683 3386 2748 ita,
3419 2696 3542 2738 non

1879 2791 2175 2849 apparens
2210 2775 2346 2830 illis.

2236 2866 2388 2921 CAP.
2419 2865 2484 2920 X.
2520 2865 2598 2919 De
2624 2879 2758 2918 caeco
2788 2879 2827 2917 a
2852 2862 3180 2918 nativitate.

1949 2957 2089 3028 Cap.
2137 2956 2236 3010 IX.
2292 2955 2433 3010 Vers
2473 2960 2518 3008 ί.
2569 2954 2646 3008 Et
2689 2983 2759 2992 ——
2789 2952 3119 3007 nativitate.
3171 2949 3544 3006 Conﬁrman-

173 3041 298 3097 Θεὸς
346 3036 507 3102 ἔστιν,
565 3037 714 3098 εὐθὺς
745 3040 958 3112 ἔρχεται
1006 3037 1090 3091 ἐπὶ
1144 3040 1319 3110 θαῦμα
1370 3044 1639 3110 μέγιστον,
1679 3043 1767 3089 καὶ

1896 3044 1976 3108 lo,
2025 3043 2191 3117 quod
2255 3044 2503 3107 dixerat,
2559 3042 2862 3113 iidemque
2891 3041 3137 3105 faciens,
3177 3039 3342 3112 quod
3387 3039 3542 3095 Deus

172 3131 330 3192 μήπω
413 3130 578 3198 μέχρι
626 3131 741 3178 τότε
795 3131 1082 3198 γενόμενον.
1141 3125 1334 3199 Τυφλοὶ
1381 3131 1470 3198 μὲν
1521 3131 1623 3200 γὰρ
1680 3132 1768 3179 καὶ

171 3213 320 3265 ἄλλοι
377 3213 654 3284 ἀνέϐλεψαν
698 3231 711 3243 ⁸
754 3214 942 3285 τυφλός
997 3211 1055 3268 δὲ
1113 3214 1161 3267 ἕν
1208 3225 1414 3287 γενετῆς
1445 3219 1555 3286 (74)
1595 3212 1766 3276 οὐδεὶς

169 3304 306 3375 ἄχρι
325 3310 459 3356 τότε.
500 3306 586 3355 Διὸ
615 3308 704 3354 καὶ
731 3300 1020 3373 ἀναϐλέψας
1051 3303 1216 3375 ἔλεγεν

169 3392 262 3445 οὐκ
293 3393 530 3450 ἠκούσθη
556 3393 636 3444 ὅτι
682 3391 853 3454 ἤνοιξέ
877 3411 952 3452 τις
991 3391 1283 3465 ὀφθαλμοὺς
1311 3394 1503 3466 τυφλοῦ
1531 3412 1767 3465 γεγεννη-

1267 3324 1279 3336 ·
1316 3305 1401 3357 Ἐκ
1432 3313 1523 3356 τοῦ
1581 3305 1768 3365 αἰῶνος

169 3485 346 3553 μένου.

246 3753 345 3802 Καὶ
402 3779 470 3791 -
519 3751 738 3822 γεννηθῇ
771 3749 1098 3825 ;Ἐρωτῶσιν
1165 3751 1269 3822 οὐχ
1323 3752 1393 3812 ὡς
1440 3758 1594 3804 τοῦτο
1643 3753 1768 3804 πάν-

167 3857 266 3899 τως
322 3839 350 3897 ἣ
413 3841 571 3890 ἐκεῖνο
636 3838 1101 3912 ὑπολαμϐάνοντες,
1157 3842 1388 3914 καθάπερ
1443 3843 1493 3892 οἱ
1558 3839 1768 3900 ἀνόητοι

169 3924 422 3981 Ἰουδαῖοι
449 3942 464 3958 ⁸
491 3932 548 3981 τὸ
577 3931 668 3999 μὲν
717 3930 819 4002 γὰρ
878 3929 1126 4002 ἁμαρτεῖν
1176 3933 1275 4002 πρὸ
1335 3937 1428 3982 τοῦ
1457 3932 1768 4002 γεννηθῆναι

168 4013 448 4086 ἀδύνατον,
481 4021 538 4069 τὸ
571 4014 630 4070 δὲ
654 4019 780 4093 ὑπερ
813 4026 913 4070 τῶν
940 4023 1128 4089 γονέων
1173 4018 1489 4080 κολάζεσθαι
1541 4017 1726 4072 ἄδικον
1751 4036 1763 4050 ·

167 4104 274 4157 ἀλλ’
307 4109 450 4158 ἔστιν
484 4107 510 4158 ό
537 4111 733 4169 σκοπὸς
780 4114 872 4160 τοῦ
901 4106 1058 4179 λόγου
1082 4115 1336 4168 τοιοῦτος.
1393 4107 1450 4160 Ὁ
1475 4111 1564 4179 μεν
1596 4112 1767 4183 παρά-

163 4194 317 4256 λυτος
349 4192 442 4247 διὰ
484 4197 576 4257 τὰς
620 4195 878 4268 ἁμαρτίας
929 4198 1090 4248 αὐτοῦ
1144 4197 1369 4264 ἠσθένει,
1428 4199 1601 4257 καθὼς
1666 4196 1770 4249 ἐκεῖ

165 4286 539 4357 μεμαθήκαμεν
590 4303 604 4318 ο
655 4289 773 4357 περὶ
822 4287 1003 4337 τούτου
1045 4281 1103 4337 δὲ
1157 4285 1269 4352 (75)
1309 4289 1362 4336 τί
1415 4285 1578 4356 λέγεις
1619 4302 1632 4351 ;
1684 4290 1768 4346 Τίς

1877 3139 2035 3188 esset
2074 3133 2272 3188 statim
2347 3132 2508 3187 venit
2560 3131 2635 3185 ad
2683 3129 3039 3185 miraculum
3094 3130 3450 3193 maximum,
3484 3133 3542 3183 et

1877 3238 2068 3294 usque
2099 3223 2172 3278 ad
2204 3221 2262 3276 id
2290 3221 2576 3292 temporis
2607 3233 2922 3289 nunquam
2955 3217 3197 3272 factum.
3231 3217 3539 3288 Siquidem

1877 3315 1934 3366 et
1979 3310 2075 3366 alii
2117 3309 2258 3366 caeci
2299 3309 2494 3364 visum
2551 3311 2917 3377 receperunt,
2960 3321 3165 3360 verum
3200 3305 3300 3378 qui
3353 3322 3387 3362 a
3436 3320 3540 3361 na-

1877 3398 2098 3455 tivitate
2151 3415 2344 3454 caecus
2398 3398 2622 3463 fuisset,
2675 3394 2874 3450 nullus
2942 3409 3131 3465 usque
3163 3393 3241 3448 ad
3287 3393 3345 3448 id
3399 3397 3543 3448 tem-

1876 3505 2010 3561 pus.
2046 3488 2182 3544 ldeo
2233 3487 2433 3552 etiam,
2493 3486 2596 3558 qui
2627 3484 2823 3539 visum
2883 3484 2952 3554 (j)
2983 3482 3220 3553 recepit,
3254 3481 3492 3538 dicebat
3523 3482 3538 3525 ε

1875 3579 1924 3634 Λ
1957 3577 2171 3633 saeculo
2209 3591 2324 3630 non
2388 3580 2469 3631 est
2510 3574 2802 3637 auditum,
2858 3572 3013 3644 quod
3062 3570 3360 3641 aperuerit
3391 3571 3542 3643 quis-

1874 3667 2035 3737 piam
2069 3666 2260 3722 oculos
2282 3664 2416 3720 caeci
2467 3663 2599 3719 nati
2647 3664 2714 3716 ⁸ο.

1949 3759 2115 3810 Vers.
2191 3758 2242 3809 2.
2301 3754 2380 3810 Et
2428 3759 2753 3808 nasceretur
2799 3751 2828 3808 7
2894 3748 3361 3820 lnterrogabant,
3417 3764 3538 3806 non

1877 3845 2042 3916 quod
2093 3844 2205 3899 hoc
2236 3848 2340 3899 aut
2367 3843 2516 3898 illud
2542 3840 2791 3898 omnino
2813 3839 3280 3912 suspicarentur,
3339 3855 3541 3912 quem-

1877 3932 2209 3989 admodum
2276 3931 2624 4004 insipientes
2695 3929 2933 3995 Judazi;
2983 3943 3127 3984 nam
3189 3927 3350 3984 hunc
3407 3943 3542 3998 pec-

1878 4037 2065 4086 casse,
2139 4025 2466 4093 antequam
2525 4025 2702 4076 natus
2771 4022 2944 4082 esset,
2995 4016 3369 4088 impossibile
3417 4021 3541 4072 erat

1878 4127 2056 4182 porro
2081 4126 2189 4182 pro
2235 4110 2585 4180 parentibus
2653 4107 2852 4180 puniri
2884 4107 3172 4176 injustum
3215 4121 3228 4170 ;
3272 4105 3373 4160 sed
3405 4104 3539 4160 ﬁnis

1879 4199 2173 4254 sermonis
2227 4197 2355 4253 talis
2413 4203 2520 4252 est.
2574 4195 2938 4266 Paralyticus
2995 4193 3240 4264 quidem
3299 4197 3541 4264 propter

1877 4291 2124 4358 peccata
2164 4302 2273 4341 sua
2320 4285 2672 4353 mgrotabat,
2733 4283 2883 4337 sicut
2921 4281 3002 4336 ibi
3047 4280 3369 4334 didicimus
3407 4295 3419 4335 :
3465 4280 3538 4335 de

170 4374 416 4445 ἧμαρτεν,
473 4371 618 4432 οὗτος
657 4371 686 4430 ἦ
739 4374 787 4423 οὶ
831 4379 999 4443 γονεῖς
1066 4372 1223 4423 αὐτοῦ
1280 4374 1473 4444 ςήμεῖς
1503 4374 1604 4445 γὰρ
1653 4373 1768 4424 οὔτε

1896 4392 1992 4430 ioc
2025 4380 2245 4435 autem.
2315 4373 2458 4431 quid
2521 4372 2669 4427 dicis
2717 4371 2745 4425 ?
2791 4373 2928 4438 Quis
2974 4370 3254 4436 peccavit,
3314 4367 3431 4433 hic,
3461 4384 3535 4426 an

166 4466 320 4511 τοῦτο
342 4462 458 4511 όῦτε
488 4458 646 4512 ἐκεῖνο
677 4455 946 4533 δυνάμεθα
983 4459 1164 4532 λέγειν,
1201 4460 1453 4521 παντελῶς
1484 4459 1769 4534 ἐξαπορού-

167 4566 332 4621 μενοι.

239 4734 288 4770 ⁸ο
307 4734 481 4791 Joan.
511 4750 590 4804 ιχ,
624 4735 710 4791 32.

1873 4470 2144 4534 parentes
2175 4465 2301 4532 ejus
2340 4461 2368 4516 7
2418 4478 2528 4517 nos
2560 4461 2720 4516 enim
2749 4474 2943 4530 neque
2981 4457 3114 4520 hoc,
3169 4472 3362 4528 neque
3393 4456 3539 4513 illud

1878 4551 2071 4608 dicere
2123 4567 2468 4624 possumus,
2519 4549 2768 4606 omnino
2799 4546 3130 4604 conturbati
3161 4545 3535 4618 consilioque

1877 4640 2160 4698 destituti.

1372 4835 1594 4905 Variae
1624 4836 1954 4906 lectiones
1989 4847 2053 4905 et
2094 4844 2296 4906 nota.

233 4978 346 5048 (7t)
369 4976 599 5050 Scilicet
627 4975 1060 5050 Chrysostomi,
1085 4977 1188 5050 qui
1210 4977 1494 5034 audacter
1521 4981 1602 5036 ita
1631 4995 1754 5036 cor-

233 4993 346 5048 (ιι)
369 4993 599 5033 δοιιιοθι
627 4993 1060 5103 υιπῧεοειοωι,
1085 4993 1188 5050 qui
1210 4993 1494 5034 audacter
1521 4993 1602 5036 ita
1631 4995 1754 5036 cor-

163 5049 347 5131 rexit;
381 5049 521 5105 Vide
563 5053 704 5104 tom.
790 5049 1219 5131 l.l.l,.pag.._324.
1262 5051 1758 5131 Chrysostomum

163 5065 328 5129 rex“.
386 5065 521 5105 V106
563 5065 704 5104 tom.
746 5065 1050 5176 vuugag.
1089 5065 1219 5106 32+.
1262 5065 1756 5131 unrysostomum

161 5122 428 5199 sequitur
447 5135 609 5203 unus
626 5135 697 5176 ex
714 5119 902 5203 codici
955 5137 1021 5203 uAs
1048 5120 1504 5203 Mosqucnsrbus
1527 5123 1756 5203 N.Te_s_t.

163 5203 219 5254 κ.
243 5191 345 5261 qui
379 5195 465 5245 est
488 5207 619 5246 cum
665 5191 928 5247 scholiis.
971 5191 1274 5260 Origenes,
1329 5193 1432 5264 qui
1463 5199 1610 5250 tom.
1655 5196 1756 5260 XX,

161 5261 220 5315 in
243 5261 532 5316 Joannem
565 5262 694 5318 haec
723 5264 865 5318 data
901 5279 1084 5335 opera
1137 5265 1572 5334 interpretatur,
1595 5265 1759 5321 hunc

161 5348 402 5404 versum
459 5339 650 5389 totum
713 5336 1111 5404 praetermisit.
1159 5340 1484 5393 Πεντήκοντα
1519 5342 1760 5391 servant

160 5403 360 5475 Cyrill.
395 5410 432 5459 t.
457 5405 573 5478 ιν,
609 5421 664 5476 p.
700 5403 801 5460 585
829 5407 888 5459 C.
925 5407 1398 5478 ;7Theophylact.
1437 5423 1493 5478 p.
1535 5409 1640 5462 690
1675 5410 1712 5462 E
1743 5424 1756 5473 ;

204 5491 414 5550 everus
451 5477 512 5531 in
544 5477 766 5532 Catena
819 5477 1098 5544 Corderii,
1142 5477 1200 5550 p.
1224 5477 1334 5534 243
1385 5496 1400 5548 ;
1436 5477 1492 5535 et
1520 5478 1756 5535 codices

202 5547 534 5603 robatiores
564 5562 790 5604 omnes.

233 5725 312 5795 (j)
345 5725 454 5795 Qui
484 5725 692 5782 visum.
728 5726 893 5783 Forte
923 5726 1088 5798 legit,
1119 5722 1204 5783 διὸ
1244 5731 1332 5780 καὶ
1361 5728 1386 5780 ὁ
1440 5726 1752 5806 ἀναϐλέψας.

1937 4981 2049 5051 (72)
2085 4979 2318 5037 Inclusa
2357 4979 2578 5035 absunt
2625 4980 2690 5034 Α.
2726 4979 2980 5041 Κτίστης,
3012 4973 3323 5047 quomodo
3353 4975 3533 5051 etiam

1871 5049 2212 5108 Eustathius
2249 5051 2462 5115 scribit,
2493 5051 2598 5123 qui
2656 5066 2795 5107 cum
2856 5053 3040 5123 κτίτης
3066 5049 3398 5118 comparat,
3422 5062 3533 5123 pro

1870 5123 2234 5180 substantivo
2269 5118 2530 5196 accipio,"
2574 5137 2712 5187 non,
2779 5125 2840 5177 ut
2890 5121 3200 5191 interpres,
3233 5133 3342 5188 pro
3372 5118 3534 5176 adie-

1871 5197 2050 5251 ctivo.

1941 5268 1992 5337 (7
2001 5267 2054 5339 3)
2074 5269 2093 5322 Ι
2102 5271 2158 5322 ta
2184 5265 2345 5337 pleru
2357 5281 2534 5338 mque
2550 5265 3010 5336 Chrysostomus
3028 5267 3284 5325 oratorie
3302 5267 3530 5330 laudat,

1867 5338 2040 5392 Joan.
2075 5354 2233 5393 xvm.
2266 5341 2318 5400 6,
2342 5341 2525 5391 ἔπεσον
2556 5343 2755 5409 χαμαί.

1939 5409 2274 5475 (74)Γεννητῆ
2286 5429 2328 5470 ς.

1943 5479 2056 5550 (75)
2079 5483 2139 5532 Δὶ
2169 5480 2340 5536 abest
2379 5487 2444 5534 A.
