4098 6434
165 321 306 380 1305

1249 318 1595 376 COMMENT
1635 318 1704 376 IN
1741 316 2091 375 JOANNEM.
2133 348 2202 360 --
2239 318 2396 373 CAP.
2439 315 2536 373 IX.

3390 316 3411 370 1
3425 316 3530 373 306

237 454 338 504 Καὶ
368 481 436 490 —-
465 447 693 522 ἕὼρακας
719 463 733 514 ;
759 445 947 520 ⁸’ῼοντο
973 446 1075 519 γὰρ
1107 444 1259 498 αὑτὸν
1290 443 1444 517 ἐγγὺς
1473 443 1601 498 εἶναι
1639 465 1754 497 πεν-

1942 444 2106 499 Vers.
2141 445 2228 498 57.
2255 442 2429 497 Et—
2477 441 2678 498 vidisti
2730 439 2759 495 7
2812 439 3109 496 Putabant
3171 439 3330 496 enim
3387 456 3526 497 eum

164 544 390 598 τήκοντα
440 537 561 590 ἐτῶν
611 535 706 590 διὰ
755 541 849 593 τὴν
904 536 1241 607 πολυπειρίαν
1297 535 1477 588 αύτοῦ.
1524 536 1653 587 Τινὰ
1701 529 1760 586 δε

167 638 263 680 τῶν
316 629 428 700 (71)
481 627 806 702 ἀντιγράφων
846 627 1240 698 τεσσαράκοντα
1280 626 1592 699 γράφουσιν,
1635 624 1758 696 ὅπερ

168 713 312 770 δοκεῖ
337 716 718 790 ἀκριϐέστερον.

238 892 386 948 Εἶπεν
439 926 506 935 -
562 895 686 957 εἰμι.
736 893 825 956 Ὠς
890 897 1039 956 Θεός.
1095 897 1196 946 Καὶ
1253 891 1348 944 ούκ
1405 887 1563 959 εἶπεν,
1625 888 1761 961 Ἐγώ

165 987 325 1056 ἤμην,
403 983 507 1036 ἀλλ’
569 985 699 1055 Ἐγώ
751 983 859 1056 εἰμι
901 985 926 1035 ό
987 981 1066 1035 ἀεὶ
1128 986 1214 1033 ὤν.
1247 984 1317 1032 Τό
1343 983 1432 1047 μὲν
1480 977 1568 1032 οὖν
1626 981 1762 1050 γενέ-

168 1075 292 1126 σθαι
352 1080 569 1126 κτιστοῦ
603 1077 702 1125 ’τὸ
796 1069 855 1125 δε
919 1071 1041 1144 Εἰμὶ
1120 1069 1370 1122 ἀκτίστου
1420 1070 1437 1140 [
1493 1073 1583 1121 καὶ
1644 1069 1760 1139 (72)

164 1168 382 1215 κτίστου

236 1251 402 1327 Ἥραν
439 1279 494 1292 —-
543 1251 720 1304 αύτόν.
779 1253 843 1304 Οἱ
877 1257 1061 1322 ταχεῖς
1100 1252 1228 1323 πρὸς
1257 1253 1404 1320 φόνον
1435 1269 1447 1281 ·
1477 1247 1759 1321 Ἠγρίαναν

163 1343 266 1413 γὰρ
315 1337 559 1404 δόξαντες
609 1339 926 1412 ὑϐρισθῆναι
967 1343 1054 1391 τὸν
1113 1337 1350 1414 Ἀϐραὰμ
1393 1355 1404 1366 ⁶
1440 1337 1551 1409 ἅμα
1579 1333 1638 1390 δὲ
1669 1341 1760 1388 καὶ

163 1435 368 1501 γνόντες
398 1432 477 1483 ὅτι
507 1426 786 1488 ἀιδιότητα
823 1436 957 1482 Θεοῦ
982 1429 1310 1501 περιτίθησιν
1337 1427 1520 1497 ἑαυτῷ.

237 1608 444 1670 Ἰησοῦς
501 1605 560 1662 δε
607 1607 823 1681 ἐκρύϐη.
868 1609 1118 1681 Ἀόρατος
1176 1606 1354 1667 αὐτοῖς
1414 1609 1638 1663 κατέστη
1692 1612 1754 1676 τῇ

163 1698 378 1771 ἐξουσίᾳ
407 1706 498 1759 τῆς
538 1700 797 1758 θεότητος.

239 1791 338 1841 Καὶ
371 1790 530 1863 ἱεροῦ.
555 1793 666 1840 Ἵνα
693 1785 998 1845 κατασταλῆ
1033 1787 1058 1838 ὁ
1093 1787 1255 1858 θυμός
1283 1784 1472 1839 αὐτῶν.

235 1965 450 2019 Διελθὼν
479 1997 548 2006 --
577 1966 767 2018 αὐτῶν.
822 1971 908 2024 Μὴ
954 1964 1252 2036 ἰσχυόντων
1284 1960 1412 2016 ἰδεῖν
1453 1963 1626 2018 αὐτόν.
1662 1969 1759 2018 Καὶ

163 2054 311 2108 διατί
362 2055 457 2107 ούκ
514 2054 746 2118 ἐξέλυσεν
777 2054 944 2107 αὐτῶν
983 2059 1077 2111 τὴν
1127 2050 1348 2124 δύναμιν
1392 2057 1481 2105 καὶ
1539 2060 1765 2124 φανερῶς

162 2143 469 2217 ἀνεχώρησε
489 2161 502 2210 ;
537 2149 678 2197 Διότι
694 2146 803 2196 οὔθ’
826 2145 986 2204 οὕτως
1007 2141 1210 2214 ἔμελλον
1238 2144 1521 2195 πιστεύειν.
1545 2144 1757 2214 Καὶγὰρ

161 2233 211 2286 ἐν
240 2243 310 2304 τῷ
339 2240 505 2307 καιρῷ
536 2241 628 2284 τοῦ
689 2235 893 2293 Πάθους
938 2234 1150 2292 ὑπτίους
1182 2232 1294 2301 (73)
1347 2231 1530 2291 αύτούς
1559 2230 1754 2305 ἕρῥιψε,

160 2329 252 2375 καὶ
281 2327 375 2375 τὰς
396 2323 538 2393 ὄψεις
568 2322 735 2374 αὐτῶν
759 2320 1018 2384 ἓσκότισε,
1060 2326 1148 2373 καὶ
1179 2321 1272 2373 ούκ
1302 2319 1632 2374 ἐπίστευσαν.
1655 2321 1756 2372 Οὗ-

162 2407 250 2462 δεν
279 2413 378 2483 γὰρ
410 2417 590 2482 χεῖρον
619 2409 808 2481 ψυχῆς
840 2408 1217 2480 ἀπεγνωκυίας.
1276 2407 1381 2462 Κᾶν
1428 2411 1528 2482 γὰρ
1564 2415 1758 2480 σημεῖα

158 2497 279 2573 ἴδη,
306 2498 400 2552 κᾶν
431 2504 641 2574 τέρατα,
671 2503 808 2572 μένει
837 2503 930 2558 τὴν
957 2499 1118 2558 αὐτὴν
1162 2502 1367 2571 ἔχουσα
1395 2497 1547 2551 πάλιν
1575 2496 1757 2550 ἀναισ-

157 2610 264 2662 χυν
273 2594 402 2643 τίαν.

236 2683 335 2731 Καὶ
362 2686 596 2751 παρῆγεν
617 2679 801 2739 οὕτως.
833 2676 1103 2740 Ἐϐάδιζεν
1142 2679 1319 2744 οὕτως,
1354 2682 1426 2751 μὴ
1461 2681 1756 2751 φαινόμενος

157 2767 356 2829 αὐτοῖς.

411 2862 556 2910 ΚΕΦ.
600 2854 652 2911 1’.
680 2861 804 2930 Περὶ
831 2864 923 2909 τοῦ
963 2856 1018 2910 ἔκ
1055 2866 1259 2928 γενετῆς
1288 2856 1502 2929 τυφλοῦ.

231 2950 333 2998 Καὶ
361 2977 431 2985 —
459 2955 683 3017 γενετῆς.
710 2945 932 2999 Βεϐαιῶν
962 2946 998 2999 ἀ
1027 2943 1153 3011 εἶπε,
1185 2951 1274 2999 καὶ
1302 2948 1642 3017 πιστούμενος
1675 2947 1754 2997 ὅτι

1871 531 2054 589 ferme
2110 546 2242 587 esse
2292 530 2900 604 quinquagenarium,
2978 533 3222 601 propter
3274 529 3526 585 multam

1869 622 2002 694 ejus
2046 622 2320 693 peritiam
2369 626 2426 677 et
2469 620 2916 692 experientiam.
2987 618 3269 684 Quasdam
3325 625 3526 675 autem

1871 711 2238 782 exemplaria
2305 708 2546 775 habent,
2596 708 3026 781 quadraginta,
3070 707 3248 781 ,quod
3296 707 3529 764 videtur

1870 815 1997 856 esse
2028 801 2240 855 verius.

1941 889 2102 943 Vers.
2183 892 2267 944 58.
2322 888 2494 945 Dixit
2559 918 2629 927 —
2693 902 2843 942 sum.
2876 889 3188 958 Tanquam
3232 886 3406 940 Deus.
3464 887 3529 941 Et

1869 993 1985 1034 non
2038 978 2206 1042 dixit,
2268 980 2389 1046 Ego
2430 992 2594 1032 eram
2637 975 2815 1047 ;sed,
2866 977 2991 1046 Ego
3016 991 3164 1043 sum,
3221 975 3320 1046 qui
3375 991 3532 1030 sem-

1867 1083 1975 1138 per
2005 1085 2162 1123 sum.
2193 1068 2333 1124 Fieri
2363 1066 2654 1138 siquidem
2685 1065 2767 1121 rei
2799 1071 3009 1121 creatae
3039 1068 3158 1132 est;
3188 1066 3334 1121 Sum
3365 1080 3526 1129 vero,

1867 1156 2144 1213 increatae
2206 1162 2261 1212 et
2289 1161 2520 1212 creatae.

1939 1248 2101 1302 Vers.
2137 1247 2222 1302 59.
2265 1247 2556 1302 Tulerunt
2593 1277 2655 1287 —-
2688 1261 2836 1302 eum.
2861 1244 3108 1301 Veloces
3172 1243 3250 1300 ad
3280 1243 3524 1301 caedem.

1869 1337 2208 1408 Exasperati
2241 1341 2380 1392 sunt
2432 1336 2590 1390 enim
2640 1340 2918 1404 putantes
2965 1333 3183 1404 injuria
3247 1332 3526 1390 affectum

1869 1442 2002 1482 esse
2059 1425 2363 1482 Abraham
2415 1443 2429 1478 :
2471 1424 2647 1481 simul
2695 1425 2892 1489 etiam,
2951 1423 3052 1480 ubi
3106 1423 3529 1494 cognovissent

1869 1515 2034 1588 quod
2064 1515 2162 1570 Dei
2194 1515 2574 1571 aeternitatem
2609 1513 2720 1568 sibi
2753 1513 3098 1569 vindicaret.

1942 1605 2107 1660 Vers.
2138 1606 2229 1662 59.
2260 1606 2420 1660 Jews
2459 1610 2652 1659 autem
2676 1604 3005 1659 occultatus
3046 1608 3147 1658 est.
3179 1603 3287 1658 Per
3316 1602 3528 1658 divini-

1871 1696 2003 1752 tatis
2029 1695 2356 1768 potentiam
2387 1694 2696 1750 invisibilis
2747 1694 2833 1749 eis
2867 1693 3134 1749 eﬂ'ectus.

1795 1805 1837 1860 Β
1943 1786 2107 1840 Vers.
2135 1786 2223 1840 59.
2267 1785 2345 1840 Et
2375 1816 2442 1824 ——
2490 1783 2716 1852 templo.
2777 1786 2844 1838 Ut
2899 1782 3137 1838 illorum
3170 1783 3404 1838 sedaret
3436 1781 3524 1837 fu-

1871 1890 2065 1931 rorem
2076 1915 2088 1926 .

1943 1965 2108 2020 Vers.
2135 1969 2220 2020 59.
2255 1962 2654 2020 Pertransiens
2699 1992 2764 2003 —
2793 1962 3055 2018 illorum.
3090 1963 3232 2018 Cum
3265 1960 3346 2016 illi
3387 1976 3524 2016 eum

1870 2054 2069 2110 videre
2112 2069 2232 2108 non
2277 2056 2546 2125 possent.
2612 2054 2676 2106 Et
2717 2067 2902 2123 quare
2934 2067 3056 2106 non
3115 2050 3380 2106 dissolvit
3410 2049 3530 2106 illo-

1867 2159 2003 2199 rum
2034 2143 2332 2207 virtutem,
2366 2148 2422 2197 et
2483 2140 2798 2196 manifeste
2872 2140 3114 2195 recessit
3158 2139 3186 2194 (ἲ
3232 2140 3376 2205 Quia
3418 2155 3529 2195 nec

1870 2233 1954 2288 sic
2002 2231 2280 2287 credituri
2353 2235 2542 2286 erant.
2619 2229 2844 2284 Etenim
2892 2234 3162 2300 tempore
3220 2229 3526 2299 passionis

1867 2323 2117 2395 supinos
2148 2321 2281 2377 illos
2310 2321 2541 2392 dejecit,
2592 2334 2922 2390 eorumque
2985 2323 3257 2389 aspectus
3313 2317 3528 2374 obscu-

1865 2414 2036 2479 ravit,
2082 2418 2138 2468 et
2184 2427 2306 2467 non
2357 2409 2753 2465 crediderunt.
2809 2411 2956 2464 Nam
3013 2408 3216 2463 anima
3266 2407 3527 2479 reproba

1866 2502 2015 2558 nihil
2042 2507 2128 2558 est
2157 2502 2331 2574 pejus
2361 2517 2373 2555 :
2405 2499 2539 2556 licet
2567 2498 2725 2554 enim
2768 2497 2943 2567 signa
2985 2497 3185 2554 videat
3222 2513 3293 2552 ac
3325 2495 3525 2568 prodi-

1865 2591 1980 2662 gia,
2010 2608 2177 2647 suam
2210 2595 2407 2647 tamen
2441 2603 2679 2660 semper
2707 2587 2920 2642 retinet
2948 2585 3414 2658 impudentiam.

1935 2682 2099 2737 Vers.
2136 2681 2206 2737 59
2246 2681 2324 2736 Et
2353 2681 2440 2736 ita
2465 2677 2827 2750 praeteribat.
2870 2675 3239 2732 Ambulabat
3272 2676 3372 2742 ita,
3405 2690 3528 2731 non

1865 2787 2160 2844 apparens
2195 2769 2331 2825 illis.

2221 2861 2373 2916 CAP.
2404 2860 2469 2914 X.
2504 2860 2582 2913 De
2610 2873 2744 2912 cwco
2773 2873 2812 2911 a
2838 2856 3165 2912 nativitate.

1935 2952 2074 3023 Cap.
2123 2950 2221 3005 IX.
2277 2950 2419 3004 Vers
2457 2954 2503 3003 l.
2555 2948 2631 3003 Et
2674 2977 2744 2986 —
2775 2946 3104 3001 nativitate.
3157 2942 3530 2999 Conﬁrman-

158 3038 284 3093 Θεός
332 3033 493 3099 ἔστιν,
551 3034 700 3095 εύθύς
731 3036 944 3108 ἔρχεται
992 3033 1076 3088 ἐπὶ
1130 3037 1306 3106 θαῦμα
1357 3039 1625 3106 μέγιστον,
1665 3039 1754 3085 καὶ

1881 3039 1962 3104 in,
2011 3038 2176 3111 quod
2240 3039 2489 3102 dixerat,
2545 3037 2848 3107 ﬁdemque
2878 3034 3122 3099 faciens,
3162 3033 3328 3106 quod
3372 3033 3528 3089 Deus

157 3129 316 3190 μήπω
399 3127 564 3194 μέχρι
612 3128 727 3175 τότε
781 3128 1068 3195 γενόμενον.
1126 3121 1320 3195 Τυφλοὶ
1367 3126 1456 3194 μὲν
1507 3127 1609 3197 γὰρ
1666 3127 1754 3174 καὶ

157 3209 306 3262 ἄλλοι
364 3210 640 3281 ἁνέϐλεκῖιαν
685 3227 697 3240 ⁸
740 3211 928 3282 τυφλός
983 3208 1042 3264 δε
1099 3211 1147 3263 ἐν
1194 3220 1400 3282 γενετῆς
1431 3213 1541 3282 (74)
1581 3207 1753 3272 οὐδεὶς

155 3301 292 3372 ἄχρι
312 3307 446 3353 τότε.
486 3303 573 3352 Διό
601 3304 691 3352 καὶ
718 3297 1006 3370 ἀναϐλέψας
1037 3299 1202 3372 ἔλεγεν
1253 3320 1266 3332 ·
1302 3301 1388 3353 Ἐκ
1418 3309 1509 3352 τοῦ
1567 3301 1755 3361 αἰῶνος

154 3389 248 3442 ούκ
279 3390 517 3447 ἠκούσθη
543 3390 623 3440 ὅτι
668 3387 840 3451 ἤνοιξε
864 3408 939 3449 τις
977 3388 1270 3461 ὀφθαλμοὺς
1297 3390 1489 3461 τυφλοῦ
1518 3408 1754 3460 γεγεννη-

155 3496 311 3551 μενου
321 3519 332 3531 .

231 3750 331 3799 Καὶ
389 3776 456 3787 —
506 3748 725 3818 γεννηθῇ
758 3745 1084 3821 ;”Ερωτῶσιν
1151 3746 1255 3818 οὐχ
1310 3749 1379 3808 ὡς
1427 3754 1580 3800 τοῦτο
1630 3749 1755 3800 πάν-

153 3854 253 3896 τως
309 3836 337 3894 ἣ
399 3837 558 3887 ἐκεῖνο
623 3835 1088 3908 ὑπολαμϐάνοντες,
1143 3837 1376 3910 καθάπερ
1430 3839 1479 3888 οἱ
1545 3834 1755 3896 ἀνόητοι

154 3921 410 3978 Ἰουδαῖοι
437 3939 451 3954 ⁸
477 3928 535 3978 τὸ
563 3927 655 3996 μὶν
705 3927 806 3998 γὰρ
865 3925 1112 3998 ἁμαρτεῖν
1163 3929 1262 3998 πρὸ
1323 3932 1414 3978 τοῦ
1443 3928 1755 3998 γεννηθῆναι

155 4010 435 4084 ἀδύνατον,
468 4017 526 4066 τό
557 4011 616 4066 δὲ
641 4015 768 4089 ὑπὲρ
800 4023 900 4066 τῶν
927 4019 1116 4086 γονέων
1160 4014 1476 4076 κολάζεσθαι
1527 4012 1713 4068 ἄδικον
1738 4032 1750 4046 ο

154 4101 262 4154 ἀλλ’
294 4106 437 4155 ἔστιν
471 4104 496 4155 ό
524 4107 720 4166 σκοπός
767 4111 859 4156 τοῦ
888 4103 1045 4175 λόγου
1069 4111 1323 4164 τοιοῦτος.
1379 4103 1438 4156 Ὀ
1462 4107 1552 4176 μὲν
1583 4107 1754 4178 παρά-

150 4191 304 4253 λυτος
336 4189 428 4244 διὰ
471 4195 564 4254 τὰς
608 4191 865 4265 ἁμαρτίας
916 4195 1076 4244 αὐτοῦ
1131 4194 1356 4261 ἠσθένει,
1415 4195 1588 4253 καθὼς
1653 4192 1758 4245 ἐκεῖ

152 4283 527 4354 μεμαθήκαμεν
577 4300 592 4315 ο
642 4286 760 4354 περὶ
810 4284 990 4334 τούτου
1032 4278 1090 4333 δε
1145 4281 1256 4348 (75]
1296 4286 1350 4332 τί
1402 4281 1564 4352 λέγεις
1606 4297 1620 4348 ;
1671 4285 1756 4341 Τίς

1863 3133 2020 3183 esset
2059 3127 2258 3182 statim
2332 3127 2494 3182 venit
2545 3125 2620 3179 ad
2669 3123 3025 3179 miraculum
3079 3123 3436 3187 maximum,
3470 3127 3528 3177 et

1863 3233 2053 3289 usque
2085 3217 2158 3272 ad
2190 3216 2247 3270 id
2277 3215 2561 3287 temporis
2592 3227 2908 3283 nunquam
2941 3211 3183 3266 factum.
3217 3211 3526 3283 Siquidem

1863 3310 1920 3361 et
1965 3305 2061 3360 alii
2103 3304 2244 3361 ρεθόὶ
2285 3304 2480 3358 visum
2535 3305 2904 3372 receperunt,
2946 3315 3153 3354 verum
3187 3299 3287 3372 qui
3339 3316 3373 3355 a
3422 3314 3526 3354 na-

1863 3393 2084 3450 tivitate
2137 3409 2330 3449 caecus
2384 3392 2608 3459 fuisset,
2661 3389 2860 3444 nullus
2929 3403 3118 3460 usque
3149 3387 3226 3443 ad
3272 3388 3332 3442 id
3385 3391 3530 3442 tem-

1863 3500 1996 3557 pus.
2031 3483 2168 3538 ldeo
2219 3482 2419 3546 etiam,
2479 3481 2582 3553 qui
2613 3479 2810 3534 visum
2870 3478 2938 3549 (j)
2969 3477 3206 3548 recepit,
3241 3475 3478 3532 dicebat
3509 3476 3525 3519 ε

1862 3574 1910 3629 Α
1944 3573 2158 3628 εασιιιο
2195 3586 2310 3624 non
2374 3575 2455 3626 est
2496 3568 2789 3632 auditum,
2844 3566 3000 3638 quod
3049 3564 3347 3634 aperuerit
3377 3565 3528 3637 quis-

1860 3662 2021 3732 piam
2055 3661 2246 3716 oculos
2268 3659 2402 3716 caeci
2453 3658 2586 3714 nati
2633 3659 2701 3710 ⁸ο.

1936 3754 2102 3806 Vers.
2176 3753 2229 3804 2.
2287 3749 2366 3805 Et
2414 3753 2739 3803 nasceretur
2786 3746 2814 3802 ?
2881 3742 3348 3814 Interrogabant,
3403 3758 3525 3800 non

1864 3840 2028 3912 quod
2080 3839 2192 3894 hoc
2222 3843 2326 3894 aut
2353 3837 2501 3893 illud
2529 3835 2777 3892 omnino
2800 3833 3266 3906 suspicarentur,
3326 3849 3528 3905 quem-

1864 3927 2195 3984 admodum
2263 3927 2610 3998 insipientes
2682 3923 2920 3990 Judaei;
2970 3938 3114 3978 nam
3177 3921 3337 3978 hunc
3394 3937 3529 3992 pec-

1865 4032 2052 4081 casse,
2126 4021 2453 4088 antequam
2511 4019 2689 4070 natus
2758 4015 2930 4077 esset,
2983 4010 3357 4082 impossibile
3405 4014 3528 4066 erat

1865 4122 2044 4178 porro
2069 4121 2176 4177 pro
2221 4104 2572 4175 parentibus
2640 4101 2839 4174 puniri
2871 4101 3159 4170 injustum
3201 4115 3216 4164 ;
3259 4099 3361 4153 sed
3393 4098 3526 4154 ﬁnis

1865 4194 2160 4249 sermonis
2215 4192 2342 4248 talis
2400 4198 2507 4247 est.
2561 4190 2925 4260 Paralyticus
2983 4187 3227 4258 quidem
3286 4190 3528 4258 propter

1864 4286 2112 4352 peccata
2151 4297 2260 4336 sua
2307 4279 2659 4346 aegrotabat,
2720 4278 2869 4332 sicut
2908 4275 2989 4330 ibi
3034 4274 3356 4328 didicimus
3394 4289 3406 4329 :
3452 4273 3525 4328 de

156 4370 404 4442 ἥμαρτεν,
461 4368 606 4428 οὗτος
645 4368 674 4426 ἣ
726 4370 774 4420 οἱ
818 4375 986 4440 γονεῖς
1053 4368 1210 4420 αὐτοῦ
1268 4370 1460 4439 ςημεῖς
1491 4369 1592 4441 γὰρ
1640 4369 1754 4420 οὔτε

1881 4387 1980 4425 100
2012 4375 2232 4430 autem.
2303 4368 2445 4426 quid
2508 4366 2656 4421 dicis
2705 4365 2732 4420 ‘I
2779 4367 2915 4432 Quis
2961 4364 3242 4431 peccavit,
3301 4361 3418 4426 hic,
3449 4377 3523 4419 an

153 4462 308 4508 τοῦτο
330 4459 446 4508 όῦτε
475 4455 633 4508 ἐκεῖνο
664 4451 933 4529 δυνάμεθα
969 4455 1152 4527 λέγειν,
1189 4455 1440 4516 παντελῶς
1472 4455 1756 4529 ἐξαπορού-

153 4563 320 4618 μενοι.

226 4731 276 4768 ⁸ο
295 4731 469 4788 Joan.
499 4746 578 4800 ιχ,
612 4731 698 4787 32.

1861 4465 2130 4529 parentes
2163 4460 2288 4528 ejus
2327 4456 2355 4512 ?
2405 4473 2516 4512 nos
2547 4455 2707 4510 enim
2736 4468 2930 4524 neque
2969 4451 3101 4513 hoc.
3156 4466 3350 4522 neque
3381 4449 3526 4506 illud

1865 4546 2058 4602 dicere
2110 4562 2455 4619 possumus,
2506 4543 2756 4600 omnino
2787 4539 3118 4598 conturbati
3149 4539 3523 4612 consilioque

1865 4635 2148 4692 destituti.

1359 4831 1582 4901 Variae
1612 4832 1942 4901 lectiones
1976 4843 2041 4900 et
2082 4839 2284 4901 notae.

221 4975 334 5046 (τί)
357 4973 587 5030 Scilicet
615 4972 1049 5101 Cbrzsostomi,
1074 4974 1177 5046 qui
1199 4974 1482 5031 audacter
1509 4976 1590 5032 ita
1619 4991 1742 5031 cor-

221 5046 316 5101 xit.
369 5046 510 5101 Vide
551 5049 692 5101 tom.
777 5046 866 5101 lll.
902 5061 1039 5101 nae.
1077 5049 1207 5101 324.
1250 5047 1742 5101 Chrvsostomum

150 5046 316 5118 rexit.
369 5046 510 5102 Vide
551 5049 692 5101 tom.
725 5046 866 5118 Vill,
900 5061 1039 5118 pag.
1074 5049 1207 5118 324.
1250 5047 1746 5118 Chrysostomum

150 5061 316 5102 rexu.
374 5061 510 5102 Viae
551 5061 692 5101 tom.
734 5061 866 5110 νιιι,
897 5061 1039 5173 ἕεις.
1077 5061 1207 5102 324.
1250 5061 1745 5118 unrysostomum

149 5117 417 5197 sequitur
436 5133 598 5197 unus
614 5133 685 5173 ex
702 5116 889 5197 codici
943 5134 1010 5197 u‘s
1037 5117 1492 5197 Mosquensibus
1515 5118 1745 5197 N.Te_s_t.

151 5201 208 5261 ᾳ.
232 5187 334 5261 qui
367 5192 454 5242 est
477 5204 608 5261 cum
653 5189 916 5244 scholiis.
960 5187 1263 5256 Origenes,
1317 5189 1421 5261 qui
1450 5194 1599 5244 tom.
1643 5191 1744 5255 XX,

149 5259 209 5314 in
232 5259 520 5314 Joannem
553 5259 683 5315 haec
711 5261 853 5316 data
889 5276 1072 5332 opera
1126 5259 1561 5330 interpretatur,
1584 5261 1748 5316 hunc

149 5345 390 5402 versum
448 5336 637 5386 totum
702 5333 1100 5402 praetermisit.
1148 5337 1473 5389 Πεντήκοντα
1507 5338 1748 5386 servant

148 5400 348 5472 Cyrill.
384 5408 420 5456 t.
445 5402 562 5475 71V,
597 5417 653 5472 p.
689 5400 790 5458 585
818 5403 877 5456 C.
914 5403 1387 5475 ;7Theophylact.
1426 5419 1481 5475 p.
1524 5405 1628 5475 699
1663 5405 1700 5458 Ε
1732 5420 1745 5469 ;

193 5488 403 5547 everus
440 5474 500 5528 in
533 5475 755 5529 Catena
807 5474 1087 5541 Corderii,
1130 5473 1189 5547 p.
1212 5473 1323 5530 243
1374 5493 1388 5543 ;
1425 5473 1481 5530 et
1509 5473 1745 5531 codices

191 5545 523 5600 robatiores
552 5559 778 5601 omnes.

334 5721 443 5792 Qui.
473 5722 681 5780 visum.
717 5724 882 5780 Forte
912 5723 1076 5796 legit,
1109 5719 1194 5780 διὸ
1234 5728 1322 5776 καὶ
1350 5725 1375 5776 ό
1429 5723 1742 5802 ἀναϐλέψας.

1925 4976 2038 5047 (72)
2072 4975 2307 5032 Inclusa
2345 4974 2580 5047 absunt
2613 4975 2678 5029 A.
2714 4974 2968 5035 Κτίστης,
3000 4967 3311 5041 quomodo
3341 4969 3522 5047 etiam

1859 5044 2200 5104 Eustathius
2237 5046 2450 5111 scribit,
2482 5046 2587 5118 qui
2645 5061 2783 5102 cum
2843 5047 3028 5118 κτίτης
3054 5044 3386 5112 comparat.
3411 5056 3521 5118 pro

1859 5119 2223 5174 substantivo
2257 5112 2519 5191 accipio;
2562 5133 2700 5182 non,
2767 5120 2828 5171 ut
2878 5115 3188 5186 interpres,
3221 5127 3330 5183 pro
3360 5112 3522 5170 adie-

1860 5192 2038 5246 ctivo.

1930 5262 2042 5334 (73)
2062 5263 2146 5317 Ita
2172 5260 2333 5332 pleru
2345 5275 2522 5333 mque
2538 5259 2999 5330 Chrysostomus
3017 5261 3272 5319 oratorie
3290 5260 3518 5325 laudat,

1856 5333 2030 5388 Joan.
2064 5349 2222 5388 xvm.
2255 5336 2306 5395 6,
2331 5336 2514 5386 ἔπεσον
2544 5337 2743 5404 χαμαί.

1927 5405 2317 5470 (74)Ι“εννητῆς.

1932 5475 2044 5545 (75)
2068 5478 2128 5528 Δὶ
2158 5475 2328 5532 abest
2369 5482 2434 5529 A.
