4098 6424
694 317 834 376 1303

2018 311 2375 373 EUTHYMII
2426 310 2754 369 ZIGABENI
3856 319 3943 382 ηοέ

695 450 850 501 atur.
878 443 1017 500 Vult
1042 443 1198 500 enim
1227 446 1513 510 astruere,
1557 439 1724 514 quod
1780 440 1975 510 major
2015 441 2110 506 sit,
2160 456 2313 513 quas

2323 455 2347 495 ω
2380 438 2427 492 Α
2463 437 2814 513 Βούλεταισγὰρ
2829 437 3226 491 κατασκευάσαι
3246 438 3328 491 ὅτι
3347 439 3530 511 μείζων
3546 440 3648 493 ίστὶ
3662 449 3738 494 τοῦ
3763 444 3941 520 Ἀϐραάμ.

695 534 996 590 Abraham
1033 549 1046 599 ;
1079 549 1221 590 nam
1253 533 1367 589 hoc
1417 531 1475 586 in
1521 530 1793 602 praesenti
1835 545 1956 586 non
2008 529 2179 597 dixit,
2222 545 2351 601 pro-

694 629 826 696 pter
851 622 1115 694 ipsorum
1149 621 1612 694 impudentiam.

767 712 1055 767 Vers.5-i.
1118 712 1297 779 Quem
1364 741 1432 750 —
1493 710 1649 764 Vers.
1727 709 1817 766 55.
1880 724 2024 765 eum.
2095 739 2151 749 —
2219 708 2350 763 Non

695 801 1037 871 cognovistis
1077 815 1221 862 eum,
1261 804 1463 869 utpote
1499 796 1782 869 operibus
1836 797 2002 852 illum
2037 802 2346 862 negantes.

698 889 849 945 Dicit
899 889 1060 944 enim
1117 893 1172 943 et
1225 887 1546 958 Apostolus
1591 903 1605 941 :
1661 887 2024 954 Conﬁtentur
2085 901 2145 942 se
2196 901 2352 941 nosse

699 981 906 1041 Deum,
947 979 1119 1046 factis
1149 982 1345 1032 autem
1376 983 1590 1045 negant
1622 977 1692 1032 ⁷⁷.
1721 975 1821 1030 Vel
1857 976 2036 1030 etiam
2084 990 2156 1030 eo
2185 974 2350 1046 quod

697 1082 816 1122 non
847 1065 1188 1134 agnoscatis
1213 1065 1415 1120 Filium
1471 1066 1625 1135 ejus.
1687 1063 1912 1118 Dictum
1966 1067 2054 1117 est
2114 1061 2272 1117 enim
2335 1080 2347 1118 :

696 1157 761 1212 Si
796 1171 887 1211 me
913 1155 1348 1223 cognoscentis,
1381 1154 1439 1210 et
1474 1155 1712 1209 Patrem
1764 1168 1948 1207 meum
2001 1151 2204 1223 utique
2261 1167 2353 1208 co-

695 1247 1051 1316 gnosceretis
1107 1245 1176 1298 ⁷³.
1212 1243 1310 1298 Vel
1365 1258 1436 1298 eo
1492 1245 1658 1315 quod
1717 1257 1838 1296 non
1902 1241 2144 1296 servetis
2218 1241 2348 1311 ejus

698 1349 1004 1388 sermones
1034 1351 1050 1403 ;
1084 1347 1227 1388 nam
1282 1331 1330 1387 si
1359 1330 1788 1402 cognosceretis
1817 1345 1978 1394 eum,
2010 1345 2349 1386 sermonem

698 1423 827 1494 ejus
857 1422 1186 1478 servaretis.

771 1511 930 1567 Vers.
963 1511 1052 1566 55.
1105 1511 1231 1580 Ego
1281 1514 1469 1567 autem
1526 1511 1670 1564 novi
1725 1523 1877 1564 eum.
1941 1512 2066 1564 Non
2125 1507 2346 1571 solum,

700 1617 836 1657 cum
867 1615 939 1655 ex
971 1600 1101 1672 ipso
1128 1601 1264 1663 sim,
1311 1607 1367 1654 et
1393 1598 1660 1668 ejusdem
1704 1597 2073 1660 substantias,
2120 1603 2350 1652 natura;

699 1695 756 1746 et
784 1689 1065 1754 scientiae,
1100 1690 1200 1744 sed
1248 1688 1425 1744 etiam
1479 1693 1768 1759 tanquam
1823 1701 2162 1741 sermonem
2221 1685 2350 1776 ejus
2381 1721 2424 1776 Β

700 1793 964 1836 servans.
992 1781 1137 1834 Nam
1168 1782 1225 1833 et
1255 1776 1529 1849 superius
1576 1776 1722 1830 dixit
1775 1793 1788 1830 :
1843 1776 1950 1831 Est
2004 1790 2199 1838 verax,
2249 1775 2352 1845 qui

699 1869 855 1924 misit
891 1883 998 1932 me,
1027 1883 1198 1938 quem
1228 1882 1322 1922 vos
1353 1881 1471 1922 non
1497 1865 1677 1920 nostis
1701 1881 1713 1917 :
1752 1879 1856 1934 ego
1883 1878 2018 1920 vero
2041 1865 2180 1919 novi
2198 1879 2349 1931 eum,

701 1958 843 2030 quia
870 1957 944 2012 ab
971 1973 1034 2013 eo
1063 1973 1192 2012 sum
1213 1957 1285 2008 ⁷⁸.

770 2047 913 2101 Vers
968 2051 1054 2102 55.
1114 2048 1178 2101 Et
1237 2074 1305 2086 —
1352 2044 1628 2100 mendax.
1665 2043 1780 2099 Vos
1812 2044 1971 2099 enim
2021 2042 2353 2098 meutimini

701 2136 968 2192 dicentes
1008 2136 1194 2190 Deum
1247 2139 1510 2189 vestrum
1562 2149 1714 2199 esse,
1768 2149 1903 2188 cum
1962 2149 2081 2187 non
2133 2148 2356 2201 cogno-

703 2226 881 2280 scatis
920 2241 1078 2285 eum,
1124 2230 1186 2279 ut
1243 2222 1594 2294 praedictum
1654 2229 1758 2276 est.
1817 2222 2088 2277 Notitiam
2149 2226 2350 2276 autem

702 2320 758 2370 et
787 2314 1187 2383 cognitionem
1220 2312 1379 2375 dicit,
1422 2327 1598 2366 nosse
1625 2311 1992 2382 simpliciter,
2036 2316 2092 2366 et
2135 2325 2353 2381 cogno-

703 2418 864 2458 scere
915 2402 1078 2474 quod
1137 2403 1207 2456 sit
1268 2402 1422 2455 Deus
1475 2406 1531 2454 et
1586 2400 1770 2462 Pater,
1829 2415 1944 2453 non
2034 2400 2181 2454 scire
2253 2402 2350 2454 Dei

700 2497 996 2547 naturam.
1032 2494 1173 2546 Nam
1201 2492 1334 2561 ipsa
1371 2505 1490 2544 non
1533 2489 1731 2543 solum
1794 2489 2074 2556 cognosci
2130 2489 2348 2559 nequit,

703 2596 905 2636 verum
935 2580 1110 2634 etiam
1142 2580 1387 2634 omnino
1445 2577 1891 2645 inintelligibilis
1940 2584 2026 2632 est
2078 2585 2131 2632 et
2187 2579 2351 2632 inac-

701 2669 1010 2735 cessibilis,
1041 2684 1148 2723 nec
1189 2673 1404 2722 tantum
1439 2665 1804 2731 hominibus,
1866 2668 1970 2720 sed
2022 2672 2077 2722 et
2105 2666 2354 2722 coelesti-

703 2758 813 2812 bus
851 2757 1183 2812 virtutibus.

775 2845 940 2901 Vers.
975 2845 1061 2900 56.
1122 2844 1232 2901 Sed
1285 2875 1350 2884 —
1406 2859 1595 2900 servo.
1652 2843 1849 2908 Vides,
1883 2843 2043 2916 quod
2103 2845 2202 2900 Dei
2234 2860 2352 2899 ser-

701 2950 945 2990 monem
1005 2950 1260 2997 servare,
1314 2933 1551 3003 signum
1608 2934 1677 2988 sit
1730 2933 1895 3005 quod
1958 2933 2094 3005 quis
2164 2936 2348 2989 Deum

701 3029 1042 3092 cognoscat.
1077 3023 1420 3078 Timeamus
1451 3022 1648 3088 igitur,
1697 3022 1861 3094 quod
1895 3023 1989 3077 Dei
2055 3031 2352 3092 praecepta

701 3128 822 3168 non
854 3128 1179 3177 servamus,
1235 3118 1520 3182 tanquam
1552 3128 1691 3167 cum
1719 3159 1722 3162 .
1747 3112 1833 3166 eis
1888 3112 2212 3182 constituti,
2245 3111 2352 3184 qui

703 3201 889 3256 Deum
923 3202 1217 3270 ignorant.
1251 3201 1472 3256 Deinde
1516 3200 1744 3272 probat,
1795 3200 1959 3272 quod
2005 3202 2200 3272 major
2253 3201 2347 3266 sit,

700 3306 886 3364 quam
914 3291 1238 3346 Abraham.

774 3380 934 3436 Vers.
1015 3384 1099 3435 56.
1142 3381 1447 3436 Abraham
1504 3410 1573 3420 —
1625 3394 1836 3436 meum.
1895 3408 1966 3423 —
2016 3381 2351 3437 Exsultavit

701 3469 828 3524 sive
880 3468 1239 3540 concupivit.
1273 3468 1433 3524 Diem
1475 3472 1667 3523 autem
1733 3483 1913 3523 suum
1992 3468 2136 3524 dicit
2188 3467 2351 3525 diem

699 3557 1018 3630 passionis.

771 3647 933 3702 Vers.
995 3650 1080 3701 56.
1135 3646 1208 3701 Et
1266 3646 1436 3710 vidit,
1496 3652 1551 3702 et
1619 3647 1857 3715 gavisus
1927 3652 2032 3703 est.
2091 3646 2350 3702 Gavisus

699 3739 788 3790 est
811 3741 1047 3806 propter
1099 3734 1347 3789 salutem
1402 3734 1631 3788 mundi.
1703 3735 2116 3803 Praecognovit
2183 3752 2350 3792 nam-

699 3838 817 3895 que
857 3823 1210 3895 mysterium
1252 3823 1652 3878 crucitixionis
1696 3825 1930 3880 Christi.
1987 3825 2351 3881 Desideravit

699 3913 900 3967 videre
940 3912 1098 3966 diem
1162 3912 1350 3982 ipsius
1388 3919 1440 3966 et
1485 3912 1626 3966 vidit
1674 3912 1839 3967 illum
1893 3913 2346 3984 praefiguratum

699 3999 1225 4062 etadumbratum,
1278 4000 1334 4055 in
1385 3999 1480 4054 die
1533 4016 1656 4071 quo
1705 4000 1890 4056 tilium
1943 4019 2118 4057 suum
2181 4003 2348 4060 Isaac

698 4089 911 4145 obtulit
949 4090 1007 4144 in
1033 4090 1471 4144 holocaustum.
1520 4090 1722 4145 Didicit
1763 4092 1942 4154 enim,
1990 4093 2147 4162 quod
2201 4094 2349 4149 sicut

699 4179 829 4250 ipse
879 4194 996 4233 non
1069 4179 1332 4250 pepercit
1377 4196 1488 4234 suo
1549 4181 1762 4234 dilecto
1835 4189 2078 4251 propter
2135 4183 2345 4248 Deum,

699 4267 778 4323 ita
817 4283 1012 4339 neque
1051 4268 1201 4322 Deus
1244 4270 1574 4339 parciturus
1629 4274 1784 4324 esset
1848 4269 1988 4324 Filio
2043 4287 2153 4325 suo
2203 4271 2351 4325 dile—
2387 4257 2428 4311 D

700 4364 794 4413 cto
825 4365 1064 4429 propter
1089 4357 1415 4412 hominem.
1453 4361 1516 4413 Et
1542 4358 2060 4430 quemadmodum
2093 4360 2191 4414 ille
2217 4377 2349 4430 por-

699 4448 840 4503 tavit
880 4446 1037 4518 ligna
1071 4447 1398 4502 holocausti
1465 4447 1574 4514 sui,
1642 4448 1719 4502 ita
1771 4453 1826 4502 et
1855 4449 1979 4518 ipse
2012 4455 2351 4520 portaturus

699 4540 852 4590 esset
887 4535 1120 4604 lignum
1162 4536 1365 4590 mortis
1404 4551 1546 4590 suae.
1593 4537 2030 4602 Verumtamen,
2066 4537 2214 4592 sicut
2253 4538 2350 4593 illo

699 4639 817 4679 non
859 4641 1040 4696 passo
1073 4624 1414 4696 suppositus
1446 4630 1530 4678 est
1570 4625 1722 4679 aries
1761 4641 1772 4679 :
1808 4625 1888 4680 ita
1946 4631 2002 4681 et
2054 4626 2168 4681 hoc
2220 4643 2352 4683 ma-

698 4719 876 4769 nente
906 4713 1281 4786 impassibili,
1313 4712 1660 4768 humanitas
1686 4716 1815 4784 ejus
1839 4714 2036 4769 occisa
2055 4716 2351 4780 εει.ουοά

703 4801 752 4856 si
778 4801 934 4857 diem
967 4804 1094 4872 ejus
1124 4801 1325 4858 videre
1355 4801 1730 4867 desideravit,
1773 4801 1979 4874 utique
2025 4803 2139 4859 hoc
2202 4810 2346 4875 erat,

701 4893 991 4961 tanquam
1032 4891 1302 4962 majoris.

773 5103 1118 5172 “Tit.l,16.
1219 5105 1727 5175 "Joan.vm,19.
1805 5108 2043 5165 "Joan.
2071 5126 2164 5173 vn,
2194 5113 2282 5166 26.

2463 533 2697 597 Φανερῶς
2752 531 2850 602 γὰρ
2877 535 2965 580 νῦν
2999 527 3092 580 οὐκ
3123 524 3230 581 εἶπε
3259 537 3410 581 τοῦτο
3436 524 3525 581 διὰ
3553 534 3632 588 τὴν
3666 529 3944 605 ἀναισχυντίπ

2464 617 2631 669 αὐτῶν
2640 657 2653 670 .

2531 706 2625 758 ’ον
2685 737 2754 748 -
2809 706 2985 759 αὐτόν.
3048 738 3116 748 —
3157 706 3269 759 Ούκ
3325 705 3568 779 ἐγνώκατε
3620 708 3770 774 αὑτὸν,
3805 715 3855 773 ὡς
3882 725 3944 776 τοῖς

2461 800 2628 870 ἔργοις
2675 795 2974 868 ἀρνούμενοι
3021 795 3194 848 αὐτόν.
3252 801 3386 854 Φησὶ
3441 801 3540 869 γὰρ
3588 803 3669 848 καὶ
3717 801 3944 854 ὸἌπόστςι

2459 885 2541 944 λος
2623 887 2702 936 ὃτι
2749 890 2878 937 Θεὸν
2935 885 3277 958 ὁμολογοῦσιν
3335 882 3546 953 εἰδέναι,
3595 893 3692 949 τοῖς
3745 885 3793 941 τῖε
3841 894 3947 962 ἔργοις

2463 970 2758 1043 ἀρνοῦνται.
2823 974 2890 1027 Ἦ
2948 980 3033 1027 καὶ
3093 978 3157 1035 ὡς
3208 980 3280 1048 μή
3337 974 3601 1046 ἕγνωκότες
3646 981 3722 1028 τὸν
3770 980 3858 1030 Υὶὸν
3893 985 3945 1032 τᾴ-

2461 1070 2574 1115 τοῦ.
2629 1068 2912 1135 Προείρηκε
2975 1067 3076 1139 γὰρ
3141 1068 3221 1117 ὅτι
3279 1065 3338 1117 Εἰ
3412 1063 3498 1136 ἐμὲ
3573 1062 3747 1137 ᾔδειτε,
3794 1074 3861 1120 καὶ
3897 1076 3943 1121 τὸν

2463 1156 2670 1222 Πατέρα
2730 1171 2830 1222 μου
2889 1149 3064 1225 ᾔδειτε
3120 1154 3200 1205 οἷν.
3264 1153 3328 1206 Ἦ
3391 1156 3454 1214 ὡς
3511 1159 3580 1226 μὴ
3641 1163 3862 1226 τηροῦντες
3898 1164 3944 1210 τὸν

2461 1238 2612 1309 λόγον
2635 1241 2816 1293 αὐτοῦ·
2850 1241 2894 1294 εἰ
2915 1245 3016 1314 γὰρ
3050 1239 3226 1314 ᾔδειτε
3256 1243 3431 1308 αὐτὸν,
3456 1241 3671 1317 ίτηρεῖτε
3696 1244 3748 1295 ἄν
3769 1249 3834 1297 τὸν
3856 1247 3943 1317 λόγω

2463 1348 2644 1383 αυτοῦ.

2537 1507 2670 1578 Ἐγὼ
2701 1504 2761 1560 δε
2791 1505 2916 1560 οἶδα
2955 1509 3129 1564 αὐτόν.
3177 1513 3252 1562 Ού
3282 1515 3434 1583 μόνον
3480 1513 3545 1572 ὡς
3573 1510 3622 1574 ἐξ
3650 1511 3784 1563 αὐτοῦ
3807 1519 3868 1564 καὶ
3894 1522 3944 1571 ri;

2462 1597 2621 1657 αὐτῆς
2651 1597 2837 1658 ούσίας
2866 1603 2954 1649 καὶ
2981 1602 3181 1670 φύσεως
3209 1605 3298 1653 καὶ
3325 1607 3565 1671 γνώσεως
3593 1605 3674 1665 ὧν,
3703 1599 3807 1652 ἀλλὰ
3836 1605 3943 1661 suis;

2461 1686 2716 1757 τὸνλόγον
2743 1686 2903 1738 αὐτοῦ
2930 1696 3119 1759 τηρῶν.
3157 1693 3257 1742 Καὶ
3287 1689 3459 1742 ὀπίσω
3491 1687 3550 1742 δε
3579 1687 3720 1755 εἶπεν,
3755 1692 3815 1742 ὁτι
3837 1692 3944 1742 Ἐστξῖ

2461 1776 2660 1836 ἀληθὴς
2834 1778 2860 1828 ό
2883 1776 3091 1848 πέμψας
3128 1796 3210 1849 με,
3242 1778 3297 1829 ὃν
3341 1780 3490 1850 ὑμεῖς
3521 1779 3612 1831 οῦκ
3635 1776 3803 1846 οἴδατε,
3832 1778 3894 1850 ἐγὼ
3913 1776 3942 1829 δε

2463 1861 2587 1917 οἶδα
2618 1864 2794 1936 αὑτὸν,
2829 1868 2906 1918 ὅτι
2939 1867 3061 1941 παρ’
3094 1867 3255 1920 αὐτοῦ
3285 1867 3418 1940 εἰμι.

2539 2047 2639 2095 Καὶ
2694 2074 2762 2084 -
2818 2043 3068 2114 ψεύστης.
3126 2042 3389 2099 Ψεύδεσθε
3451 2049 3554 2118 γὰρ
3624 2047 3752 2119 ὑμεῖς
3806 2046 3940 2116 λέγοντες

2464 2132 2687 2202 ὃτι(67)
2741 2136 2866 2193 Θεὸς
2915 2135 3058 2205 ὑμῶν
3111 2133 3270 2196 ἔστιν,
3314 2135 3373 2186 ού
3425 2138 3530 2208 γὰρ
3593 2134 3810 2206 ἐγνώκατε
3841 2135 3936 2192 τςτέη

2465 2226 2535 2283 ὡς
2589 2228 2913 2297 προείρηται.
2974 2221 3196 2282 Εῖδησιν
3271 2222 3330 2278 δε
3394 2232 3486 2278 καὶ
3557 2231 3736 2298 γνῶσίν
3790 2245 3876 2296 φησι
3912 2245 3936 2274 τε

2465 2309 2656 2365 εἰδέναι
2681 2319 2769 2365 καὶ
2800 2320 3074 2384 ’γινώσκειν
3105 2313 3274 2375 ἁπλῶς
3303 2316 3382 2366 ὃτι
3413 2314 3530 2368 ἐστὶ
3573 2319 3690 2377 Θεὸς
3720 2321 3792 2366 καὶ
3826 2321 3934 2383 Πατήρ.

2463 2401 2522 2454 οῦ
2562 2405 2665 2473 μὴν
2705 2406 2798 2459 τὴν
2831 2402 2942 2471 (68)
2974 2410 3068 2462 τῆς
3099 2405 3299 2474 φύσεως
3346 2411 3441 2455 τοῦ
3491 2411 3642 2457 Θεοῦ.
3687 2405 3803 2461 Αὕτη
3831 2407 3929 2475 γάρς.

2464 2496 2615 2563 μόνον
2664 2492 2946 2562 ἄγνωστος,
3002 2490 3129 2543 ἀλλὰ
3179 2498 3268 2544 καὶ
3320 2492 3584 2556 παντελῶς
3635 2491 3863 2550 ἀνεννόητος
3888 2511 3923 2538 ιε

2466 2577 2886 2652 ἀνεπιχείρητος,
2918 2585 3007 2632 καὶ
3038 2580 3097 2632 ού
3127 2586 3280 2653 μόνον
3312 2580 3625 2656 ἀνθρώποις,
3666 2581 3781 2634 ἀλλὰ
3801 2591 3851 2632 καί
3869 2586 3920 2636 tsi;

2464 2668 2725 2741 οὐρανίαις
2766 2665 3071 2741 δυνάμεσιν.

2537 2846 2676 2900 Ἀλλ’
2699 2877 2768 2888 —
2797 2855 2958 2921 τηρῶ.
2982 2852 3134 2918 Ὁρᾷς
3151 2849 3231 2900 ὅτι
3251 2851 3310 2900 τὸ
3338 2850 3422 2900 τὸν
3443 2847 3599 2921 λόγον
3624 2857 3709 2902 τοῦ
3733 2855 3834 2902 Θεοῦ
3849 2851 3941 2917 nisi:

2467 2941 2681 3008 σημεῖον
2709 2935 2824 2987 ίοτι
2847 2944 2937 2988 τοῦ
2965 2933 3157 2988 εἰδέναι
3184 2936 3358 2989 αὐτόν.
3379 2937 3695 3012 Φαϐηθῶμεν
3718 2943 3847 2990 τοίνυν
3862 2937 3945 2986 citi;

2465 3024 2664 3084 ἐντολὰς
2693 3031 2783 3076 τοῦ
2820 3028 2948 3077 Θεοῦ
2978 3028 3050 3096 μὴ
3099 3024 3455 3096 φυλάττοντες,
3494 3028 3565 3088 ὡς
3596 3032 3849 3098 ταττόμενοι
3880 3041 3947 3093 μετ

2464 3122 2562 3165 τῶν
2596 3112 2914 3184 ἀγνοούντων
2959 3117 3044 3165 τὸν
3086 3119 3233 3168 Θεόν.
3277 3111 3403 3168 Εἶτα
3439 3116 3799 3176 κατασκευάζει
3827 3119 3886 3164 καὶ
3911 3113 3948 3161 ἐτι

2463 3203 2654 3275 μείζων
2686 3201 2800 3254 ἔστὶ
2829 3211 2920 3254 τοῦ
2954 3201 3212 3276 Ἀϐραάμ.

2537 3290 2774 3365 ’Λὸραάμ
2832 3322 2900 3331 -
2956 3290 3098 3363 ἀμήν.
3163 3323 3230 3332 -
3293 3292 3692 3364 Ἠγαλλιάσατο,
3737 3297 3860 3363 ἤγουν
3895 3289 3950 3338 in"

2465 3383 2716 3453 θύμησεν.
2792 3380 3037 3455 [Bp-ipsa
3108 3381 3221 3452 (69)
3277 3379 3334 3435 δε
3406 3383 3571 3436 αὐτοῦ
3628 3383 3749 3455 λέγει
3804 3385 3871 3437 τὴν
3906 3384 3950 3427 τω

2465 3478 2716 3544 σταυροῦ.

2535 3653 2635 3702 Καὶ
2692 3644 2819 3711 εἶδε,
2869 3652 2955 3701 καὶ
3010 3648 3202 3724 ἐχάρη.
3264 3649 3465 3724 Ἐχάρη
3519 3647 3611 3704 διὰ
3656 3655 3740 3709 τὴν
3782 3651 3952 3717 σωτηρία)

2459 3746 2551 3791 τοῦ
2599 3742 2822 3809 κόσμου.
2873 3742 3131 3810 Προγνοὺς
3171 3741 3272 3811 γὰρ
3324 3742 3383 3792 τὸ
3439 3746 3724 3814 μυστήριον
3770 3746 3956 3797 vitam

2459 3833 2667 3901 ρώσεως
2710 3835 2802 3878 τοῦ
2865 3834 3100 3899 Χριστοῦ
3151 3825 3498 3902 ἐπεθύμησεν]
3557 3827 3680 3882 ἰδεῖν
3727 3833 3804 3885 τήν
3835 3829 3955 3894 ἡμέρη

2460 3917 2641 3982 αὑτοῦ,
2703 3921 2793 3968 καὶ
2842 3913 2974 3968 εἶδεν
3025 3917 3180 3974 αὐτὴν
3239 3915 3260 3988 [
3313 3919 3859 3992 προσκιαγραφηθείσαν
3893 3917 3956 3980 {703

2458 4004 2571 4076 καὶ]
2602 4001 3023 4056 διατυπωθείσαν
3055 4003 3102 4056 εν
3144 4013 3206 4076 τῇ
3254 4008 3422 4078 ἡμέρᾳ
3452 4008 3572 4059 καθ’
3604 4011 3661 4066 ἣν
3690 4005 3884 4073 ἀνήνεγκε
3915 4017 3957 4048 πῖ

2461 4098 2571 4146 υἱὸν
2611 4093 2770 4146 αὑτοῦ
2819 4112 2904 4145 τον
2934 4095 3119 4146 Ἰσαὰκ
3171 4095 3244 4154 εἰς
3295 4094 3673 4167 ὁλοκάρπωσιν.
3717 4094 3872 4164 Ἐμαϐε
3902 4091 3956 4157 7ὰὲ

2461 4187 2562 4249 ὅτι,
2613 4185 2784 4252 ὥσπερ
2835 4182 2985 4242 αὐτὸς
3035 4183 3127 4235 ούκ
3167 4185 3405 4254 ἐφείσατο
3462 4193 3556 4237 τοῦ
3604 4186 3712 4236 υἱοῦ
3761 4182 3883 4233 αὑτοῦ
3910 4195 3956 4226 τε)

2464 4272 2737 4343 ἀγαπητοῦ
2775 4267 2866 4323 διὰ
2905 4274 2991 4322 τὸν
3031 4274 3180 4338 Θεὸν,
3232 4271 3391 4333 ούτως
3434 4269 3560 4326 οὐδε
3611 4274 3636 4325 ὁ
3672 4274 3777 4332 Θεὸς
3809 4273 3954 4341 φείσεται

2462 4370 2552 4414 τοῦ
2585 4363 2707 4413 Υίοῦ
2737 4359 2896 4412 αὑτοῦ
2936 4366 3026 4412 τοῦ
3057 4358 3330 4430 ἀγαπητοῦ
3372 4357 3467 4413 διὰ
3495 4365 3579 4414 τὸν
3623 4363 3869 4434 ἄνθρωπον.
3903 4360 3953 4405 Kx:

2464 4453 2636 4521 ὥσπερ
2713 4448 2861 4510 οὗτος
2909 4447 3166 4501 ἐϐάστασε
3216 4451 3281 4501 τὰ
3325 4449 3453 4512 ξύλα
3508 4459 3606 4512 τῆς
3659 4449 3952 4520 ὁλοκαρπὼοῐως

2466 4540 2643 4602 αὑτοῦ,
2686 4539 2820 4589 οὕτω
2847 4535 3080 4598 κακεῖνος
3129 4535 3387 4610 βαστάσει
3416 4542 3472 4592 τὸ
3500 4539 3647 4602 ξύλον
3688 4546 3769 4591 τοῦ
3816 4536 3949 4587 ϐαινέτω

2462 4630 2639 4680 αὐτοῦ.
2696 4626 2832 4684 Πλὴν
2884 4627 3117 4698 καθάπερ
3178 4629 3363 4679 τούτου
3428 4633 3688 4699 μείναντος
3741 4625 3946 4678 in:de

2460 4719 2605 4789 κριὸς
2656 4714 2834 4779 ἐτύθη,
2903 4715 3036 4767 οὕτω
3087 4714 3322 4768 κάκείνου
3394 4720 3632 4788 μένοντος
3697 4715 3884 4768 ἀπαθοῦς
3921 4707 3944 4754 τέ

2461 4804 2777 4878 ἀνθρώπινον
2844 4804 3004 4857 αὐτοῦ
3072 4806 3560 4876 σφαγιασθήσεται.
3638 4805 3695 4859 Εἰ
3760 4799 3810 4856 δε
3853 4798 3942 4851 ἐτεθν-

2459 4913 2624 4966 μησεν
2673 4889 2802 4946 ἰδεῖν
2854 4898 2948 4951 τὴν
3005 4893 3201 4966 ἡμέραν
3263 4892 3443 4964 αὐτοῦ,
3506 4897 3578 4957 ὠς
3625 4894 3836 4966 μείζονος
3882 4887 3937 4938 ﬁt

2460 5003 2579 5044 τως.

1923 5285 2138 5354 Variae
2176 5285 2506 5355 lectiones
2549 5296 2614 5354 et
2656 5294 2855 5353 notae.

771 5443 884 5518 (_66)
920 5443 981 5500 In
1025 5446 1323 5518 contextu,
1352 5443 1466 5518 illo
1496 5443 1556 5499 in
1592 5444 1720 5518 loco
1765 5445 1946 5518 codd.
1999 5447 2349 5518 Euthymius

701 5513 926 5588 habent
977 5513 1288 5588 vulgatum
1344 5515 1604 5577 ἀληθινός.
1667 5516 1779 5588 Sed
1831 5513 2350 5588 Chrysost.'refert

703 5585 1081 5660 alnevigj‘om.
1116 5585 1255 5651 Vill,
1277 5602 1344 5660 _p.
1378 5588 1500 5658 294,
1525 5588 1650 5654 295,
1683 5585 2014 5660 aliquoties.

770 5659 884 5727 (67)
908 5656 966 5709 Ὁ
996 5656 1314 5729 interponit
1343 5663 1409 5714 A.

770 5729 883 5800 (68)
951 5735 1055 5787 Τήν
1137 5728 1305 5786 abest
1378 5736 1443 5786 Α.
1534 5728 1802 5786 Refertur
1867 5729 1937 5786 ad
2005 5728 2210 5791 εἴδησιν
2258 5737 2347 5786 καὶ

2459 5467 2672 5519 γνωσιν.

2532 5521 2644 5590 (69)
2685 5517 2914 5590 inclusa
2937 5515 3159 5590 absunt
3184 5517 3250 5570 Α.
3316 5589 3348 5590 77
3380 5589 3386 5590 7
3417 5589 3428 5590 7
3570 5589 3577 5590 7
3886 5571 3898 5590 ,

2556 5593 2643 5652 70)
2685 5589 2923 5645 Inclusa
2953 5587 3176 5644 absunt
3214 5591 3280 5643 Α.
3314 5589 3534 5646 Ibidem
3566 5589 3776 5661 legitur,
3809 5587 3933 5654 «FW
3984 5587 3985 5652 ξ

2462 5663 2808 5714 θυπωθεῑσαν.
3984 5663 3985 5708 1
