4098 6428
184 317 322 376 1305

1264 315 1610 373 COMMENT
1650 316 1718 374 IN
1756 315 2106 374 JOANNEM.
2148 347 2216 358 —
2253 317 2410 372 CAP.
2455 314 2552 372 IX.

3407 316 3428 371 1
3441 316 3546 373 306

254 450 353 500 Καὶ
383 477 451 486 —
480 443 707 518 ίώρακας
734 460 748 511 ;
773 442 961 516 ’ῼοντο
987 443 1090 516 γὰρ
1122 442 1274 496 αὐτόν
1305 441 1459 514 ἔγγὺς
1488 440 1616 496 εἶναι
1654 462 1764 495 πεν·

1957 442 2120 497 Vers.
2155 443 2242 496 57.
2270 441 2443 496 Et—
2493 440 2694 496 vidisti
2745 438 2774 494 7
2827 438 3126 496 Putabant
3187 439 3346 496 enim
3403 457 3542 497 eum

182 540 406 594 τήκοντα
455 533 575 586 ἐτῶν
626 531 720 586 διὰ
770 539 863 590 τὴν
919 533 1256 604 πολυπειρίαν
1311 532 1492 586 αὐτοῦ.
1539 533 1668 585 Τινὰ
1715 527 1775 584 δε

183 633 278 676 τῶν
331 625 442 695 (71)
497 623 821 698 ἀντιγράφων
860 625 1254 696 τεσσαράκοντα
1294 623 1607 697 γράφουσιν,
1650 622 1773 693 ὅπερ

185 709 327 766 δοκεῖ
353 712 732 786 ἀκριϐέστερον.

252 888 401 943 Εἶπεν
453 922 521 931 —-
576 890 700 953 εἰμι.
750 890 839 952 Ὠς
904 894 1054 952 Θεός.
1110 895 1210 944 Καὶ
1267 888 1362 942 ούκ
1419 884 1578 956 εἶπεν,
1639 886 1775 959 Ἐγὼ

182 983 339 1052 ἤμην,
417 978 522 1032 ἀλλ’
583 981 714 1051 Ἐγώ
765 979 873 1052 εἰμι
915 982 940 1032 6
1001 978 1080 1032 ἀεὶ
1142 983 1228 1030 ὧν.
1261 981 1331 1030 Τό
1357 981 1446 1044 μεν
1495 974 1582 1029 οὖν
1639 979 1776 1048 γενέ-

184 1070 306 1121 σθαι
366 1073 716 1122 κτιστοῠ·τό
810 1065 868 1121 δε
934 1069 1055 1141 Εἰμὶ
1134 1066 1384 1120 ἀκτίστου
1433 1068 1451 1138 [
1507 1071 1597 1120 καὶ
1658 1067 1774 1137 (72)

180 1163 395 1211 κτίστου

251 1247 415 1322 Ἦραν
453 1275 508 1288 -ο
557 1247 734 1300 αὐτόν.
792 1250 857 1300 Οἱ
891 1254 1075 1319 ταχεῖς
1114 1249 1242 1320 πρὸς
1271 1251 1418 1318 φόνον
1449 1266 1461 1279 ·
1492 1245 1772 1319 Ἠγρίαναν

179 1339 280 1408 γὰρ
329 1333 573 1399 δόξαντες
623 1335 939 1409 ὑϐρισθῆναι
981 1339 1068 1388 τόν
1127 1334 1364 1410 Ἀϐραὰμ
1407 1353 1418 1364 ⁸
1454 1335 1564 1406 ἄμα
1593 1331 1651 1387 δε
1683 1338 1773 1386 καὶ

178 1431 382 1496 γνόντες
411 1427 490 1479 ότι
521 1421 800 1484 ἀιδιότητα
837 1432 970 1479 Θεοῦ
995 1426 1324 1498 περιτίθησιν
1351 1424 1533 1494 ἑαυτῷ.

251 1604 456 1665 Ἰησοῦς
514 1601 573 1658 δε
620 1603 836 1678 ἐκρύϐη.
881 1605 1132 1678 Ἀόρατος
1189 1602 1368 1664 αὐτοῖς
1427 1606 1651 1661 κατέστη
1705 1610 1767 1674 τῆ

179 1693 391 1766 ἐξουσίᾳ
421 1702 511 1754 τῆς
551 1695 810 1755 θεότητος.

252 1788 350 1837 Καὶ
384 1786 542 1859 ἱεροῦ.
568 1789 679 1837 Ἵνα
706 1781 1011 1842 κατασταλῆ
1046 1784 1071 1835 6
1106 1784 1268 1854 θυμός
1296 1782 1485 1836 αὐτῶν.

248 1961 462 2014 Διελθών
492 1993 560 2002 —-
589 1962 780 2015 αὐτῶν.
835 1967 921 2020 Μὴ
966 1961 1264 2033 ἰσχυόντων
1297 1957 1426 2013 ἰδεῖν
1466 1960 1638 2016 αὐτόν.
1675 1967 1772 2017 Καὶ

176 2049 324 2104 διατί
375 2051 469 2103 ούκ
527 2050 758 2114 ἐξέλυσεν
789 2051 956 2104 αὐτῶν
996 2055 1089 2108 τῆν
1139 2047 1361 2121 δύναμιν
1405 2055 1494 2103 καὶ
1552 2058 1778 2122 φανερῶς

175 2139 514 2212 ἀνεχώρησα
549 2145 690 2193 Διότι
707 2142 815 2193 οὔθ’
839 2141 998 2200 οὕτως
1020 2139 1222 2211 ἔμελλον
1251 2142 1534 2193 πιστεύειν.
1558 2142 1769 2213 Καὶγὰρ

175 2230 224 2282 ἐν
253 2238 322 2300 τῷ
350 2237 517 2302 καιρῷ
548 2237 640 2280 τοῦ
701 2231 905 2290 nam;
950 2231 1162 2290 ὑπτίους
1194 2229 1306 2299 (73)
1359 2229 1542 2289 αὐτούς
1571 2228 1766 2303 ῆόῥιψε,

174 2325 264 2371 καὶ
293 2322 387 2371 τὰς
408 2319 550 2388 ὄψεις
580 2318 747 2370 αὐτῶν
771 2317 1030 2380 ἕσκότισε,
1072 2323 1161 2370 καὶ
1191 2319 1284 2370 ούκ
1314 2317 1644 2372 ἕπίστευσαν.
1668 2319 1768 2370 0'3-

175 2403 262 2458 δεν
291 2409 390 2479 γὰρ
422 2414 601 2478 χεῖρον
631 2405 820 2478 ψυχῆς
852 2405 1229 2478 ἁπεγνωκυίας.
1288 2405 1393 2459 Κᾶν
1440 2409 1541 2480 γὰρ
1576 2414 1770 2478 σημεῖα

171 2492 290 2568 ἴδη,
318 2495 412 2548 κᾶν
443 2500 652 2571 τέρατα,
683 2501 820 2568 μένει
849 2500 942 2555 τὴν
969 2496 1130 2554 αὐτὴν
1174 2499 1379 2569 ἔχουσα
1407 2495 1560 2549 πάλιν
1587 2495 1769 2548 ἀναισ-

170 2606 276 2658 χυν
285 2591 414 2640 τίαν.

248 2680 346 2728 Καὶ
374 2682 607 2748 παρῆγεν
629 2675 812 2737 οὕτως.
844 2673 1114 2738 Ἐϐάδιζεν
1153 2677 1330 2742 οὕτως,
1366 2681 1438 2748 μὴ
1472 2679 1768 2749 φαινόμενος

170 2763 368 2825 αὐτοῖς.

422 2859 567 2907 ΚΕΦ.
611 2851 664 2908 1⁸.
691 2858 815 2927 Περὶ
843 2861 935 2906 τοῦ
974 2854 1029 2908 ἔκ
1066 2863 1271 2926 γενετῆς
1299 2854 1514 2927 τυφλοῦ.

243 2946 344 2995 Καὶ
373 2973 443 2982 —
470 2952 694 3013 γενετῆς.
722 2942 943 2996 Βεϐαιῶν
973 2943 1009 2996 ἃ
1037 2941 1164 3009 εἷπε,
1196 2949 1285 2996 καὶ
1313 2946 1653 3016 πιστούμενος
1687 2946 1766 2996 ὅτι

1885 529 2068 586 ferme
2124 544 2257 585 esse
2307 529 2915 602 quinquagenarium,
2994 533 3237 600 propter
3289 529 3542 585 multam

1884 620 2017 692 ejus
2061 620 2334 691 peritiam
2383 625 2440 675 et
2484 619 2931 692 experientiam.
3003 618 3284 684 Quaadam
3341 625 3542 674 autem

1886 709 2252 780 exemplaria
2320 707 2560 773 habent,
2611 707 3041 780 quadraginta,
3085 707 3263 781 .quod
3311 707 3545 764 videtur

1885 813 2012 854 esse
2042 799 2254 854 verius.

1955 887 2116 942 Vers.
2197 891 2282 943 58.
2337 887 2509 943 Dixit
2574 917 2643 926 —
2707 888 3202 958 sum.Tanquam
3247 886 3422 941 Deus.
3480 887 3544 942 Et

1883 991 1999 1032 non
2052 977 2220 1040 dixit,
2283 979 2403 1045 Ego
2445 991 2609 1031 eram
2652 975 2830 1046 ;sed,
2880 975 3006 1046 Ego
3030 991 3179 1042 sum,
3237 975 3335 1046 qui
3390 991 3546 1031 sem-

1882 1082 1989 1136 per
2019 1083 2176 1121 sum.
2207 1066 2348 1122 Fieri
2377 1065 2668 1138 siquidem
2699 1065 2782 1121 rei
2813 1070 3024 1120 creatae
3055 1068 3174 1132 est;
3203 1066 3349 1122 Sum
3380 1081 3542 1129 vero,

1881 1154 2158 1211 increatte
2219 1160 2276 1211 et
2303 1160 2534 1211 creatae.

1953 1247 2116 1300 Vers.
2152 1246 2236 1301 59.
2279 1246 2570 1301 Tulerunt
2607 1277 2670 1286 -—
2703 1260 2850 1301 eum.
2877 1245 3122 1301 Veloces
3187 1243 3264 1300 ad
3295 1243 3539 1302 caedem.

1884 1335 2222 1406 Exasperati
2255 1340 2394 1390 sunt
2446 1335 2605 1390 enim
2654 1340 2933 1404 putantes
2980 1333 3198 1404 injuria
3261 1333 3540 1391 affectum

1883 1440 2015 1479 esse
2073 1424 2376 1480 Abraham
2430 1442 2443 1477 :
2486 1424 2660 1480 simul
2709 1425 2906 1489 etiam,
2965 1423 3067 1480 ubi
3120 1424 3543 1495 cognovissent

1883 1513 2048 1586 quod
2078 1514 2176 1568 Dei
2207 1513 2588 1570 aeternitatem
2623 1513 2734 1568 sibi
2767 1513 3112 1569 vindicaret.

1955 1603 2121 1658 Vers.
2152 1605 2242 1660 59.
2273 1605 2434 1658 Jesus
2473 1610 2666 1658 autem
2690 1605 3020 1659 occultatus
3060 1609 3162 1658 est.
3193 1603 3302 1658 Per
3330 1603 3542 1659 divini-

1884 1694 2017 1750 tatis
2042 1694 2370 1766 potentiam
2401 1693 2710 1750 invisibilis
2761 1694 2848 1749 eis
2881 1693 3148 1749 effectus.

1809 1803 1850 1858 Β
1956 1785 2120 1838 Vers.
2148 1784 2236 1838 59.
2281 1784 2358 1838 Et
2388 1815 2455 1823 —
2504 1783 2730 1852 templo.
2790 1785 2858 1838 Ut
2913 1782 3150 1838 illorum
3185 1783 3418 1839 sedaret
3450 1782 3538 1838 fu-

1885 1888 2078 1929 rorem
2090 1913 2102 1925 .

1957 1963 2122 2018 Vers.
2148 1967 2234 2018 59.
2269 1962 2668 2019 Pertransiens
2713 1992 2778 2003 —
2808 1962 3068 2018 illorum.
3104 1963 3246 2018 Cum
3280 1961 3360 2017 illi
3401 1977 3538 2017 eum

1883 2052 2082 2108 videre
2125 2068 2245 2107 non
2291 2056 2560 2124 possent.
2625 2053 2690 2106 Et
2729 2067 2916 2122 quare
2948 2067 3070 2106 non
3129 2051 3393 2107 dissolvit
3424 2051 3543 2106 illo-

1881 2158 2016 2198 rum
2047 2141 2345 2206 virtutem,
2379 2147 2436 2196 et
2496 2140 2811 2196 manifeste
2885 2140 3127 2195 recessit
3171 2139 3200 2194 7
3245 2141 3390 2206 Quia
3433 2155 3542 2196 nec

1883 2231 1967 2286 sic
2015 2231 2292 2286 credituri
2366 2234 2555 2285 erant.
2633 2228 2857 2284 Etenim
2906 2234 3176 2300 tempore
3233 2230 3539 2300 passionis

1879 2321 2130 2393 supinos
2162 2320 2294 2376 illos
2323 2320 2554 2391 dejecit,
2605 2334 2936 2390 eorumque
2999 2324 3270 2389 aspectus
3327 2318 3541 2374 obscu-

1877 2412 2048 2477 ravit,
2095 2417 2150 2466 et
2197 2426 2319 2466 non
2369 2409 2766 2464 crediderunt.
2822 2411 2969 2464 Nam
3025 2408 3228 2464 anima
3279 2407 3540 2480 reproba

1878 2501 2027 2556 nihil
2055 2506 2141 2556 est
2171 2501 2344 2573 pejus
2374 2516 2386 2554 :
2419 2499 2552 2555 licet
2580 2497 2738 2554 enim
2781 2498 2956 2567 signa
2998 2497 3198 2554 videat
3235 2513 3305 2553 ac
3339 2496 3538 2568 prodi-

1878 2591 1992 2660 gia,
2022 2606 2189 2645 suam
2223 2594 2420 2646 tamen
2453 2603 2692 2660 semper
2721 2587 2932 2642 retinet
2960 2586 3427 2659 impudentiam.

1947 2681 2112 2736 Vers.
2149 2681 2218 2736 59
2259 2680 2338 2735 Et
2366 2680 2453 2735 ita
2477 2677 2839 2750 praeteribat.
2883 2675 3252 2733 Ambulabat
3285 2677 3385 2742 ita,
3417 2691 3540 2732 non

1877 2785 2172 2843 apparens
2208 2768 2343 2825 illis.

2233 2860 2386 2916 CAP.
2417 2859 2482 2914 X.
2517 2859 2595 2913 De
2622 2873 2756 2912 cteco
2785 2873 2824 2912 a
2849 2856 3178 2912 nativitate.

1947 2951 2086 3022 Cap.
2135 2950 2233 3004 IX.
2290 2950 2431 3004 Vers
2469 2953 2516 3002 Ι.
2567 2948 2643 3002 Et
2687 2977 2756 2986 —-
2786 2947 3117 3001 nativitate.
3169 2943 3542 3000 Conﬁrman-

171 3035 295 3090 Θεός
343 3029 505 3096 ἑστιν,
562 3031 712 3092 εὐθὺς
742 3034 955 3105 ἔρχεται
1003 3031 1086 3085 ἐπὶ
1141 3035 1316 3104 θαῦμα
1367 3038 1636 3104 μέγιστον,
1677 3037 1764 3084 καὶ

1893 3039 1973 3103 in,
2023 3038 2188 3111 quod
2252 3039 2501 3101 dixerat,
2556 3036 2860 3107 ﬁdemque
2890 3035 3134 3099 faciens,
3174 3034 3339 3106 quod
3385 3034 3540 3090 Deus

169 3125 327 3186 μήπω
411 3123 576 3190 μέχρι
623 3125 738 3172 τότε
792 3125 1079 3192 γενόμενον.
1137 3119 1331 3193 Τυφλοὶ
1379 3125 1467 3193 μὲν
1519 3125 1620 3194 γὰρ
1677 3126 1766 3172 καὶ

169 3207 317 3259 ἄλλοι
375 3206 651 3278 ἀνέϐλεψαν
696 3224 708 3237 ·
751 3208 939 3279 τυφλὸς
994 3205 1052 3262 δὲ
1111 3208 1158 3261 ἐν
1205 3219 1412 3281 γενετῆς
1442 3213 1552 3281 (74)
1592 3206 1764 3271 οὐδεὶς

167 3298 303 3369 ἄχρι
322 3303 456 3350 τότε.
497 3300 584 3349 Διό
613 3301 702 3349 καὶ
729 3295 1017 3368 ἀναϐλέψας
1047 3297 1214 3370 ἔλεγεν
1264 3318 1276 3330 ·
1313 3299 1399 3352 Ἐκ
1429 3307 1520 3351 τοῦ
1578 3299 1766 3360 αἰῶνος

166 3385 259 3438 ούκ
291 3387 528 3444 ἠκούσθη
553 3387 633 3438 ὅτι
679 3385 850 3448 ἤνοιξε
875 3405 950 3447 τις
987 3385 1280 3459 ὀφθαλμούς
1309 3389 1500 3460 τυφλοῦ
1529 3407 1764 3460 γεγεννη-

166 3493 321 3547 μενου
331 3515 343 3528 .

243 3747 342 3796 Καὶ
399 3773 467 3784 -
517 3745 736 3816 γεννηθῇ
769 3743 1094 3819 ;Ἐρωτῶσιν
1161 3745 1266 3817 οὐχ
1320 3747 1390 3806 ὡς
1437 3752 1591 3798 τοῦτο
1640 3747 1766 3798 πάν-

165 3850 263 3892 τως
319 3833 348 3891 ἦ
410 3833 568 3884 ἐκεῖνο
634 3832 1098 3906 ὑπολαμϐάνοντες,
1154 3836 1386 3909 καθάπερ
1441 3837 1490 3887 οἱ
1555 3833 1765 3894 ἀνόητοι

167 3918 420 3974 Ἰουδαῖοι
447 3935 461 3951 ⁹
488 3925 545 3974 τό
574 3925 666 3992 μὶν
715 3924 817 3996 γὰρ
875 3923 1123 3996 ἁμαρτεῖν
1174 3927 1272 3996 πρό
1333 3931 1425 3976 τού
1454 3927 1765 3996 γεννηθῆναι

167 4007 445 4079 ἀδύνατον,
478 4015 535 4062 τό
568 4007 627 4064 δε
651 4013 778 4086 ύπερ
810 4021 910 4063 τῶν
937 4017 1126 4083 γονέων
1170 4012 1486 4074 κολάζεσθαι
1537 4011 1723 4066 ἄδικον
1748 4031 1760 4044 ⁶

165 4097 272 4151 ἀλλ’
304 4103 447 4152 ἔστιν
481 4101 507 4152 6
534 4104 730 4162 σκοπός
778 4108 869 4154 τοῦ
898 4100 1055 4172 λόγου
1079 4109 1333 4162 τοιοῦτος.
1389 4101 1448 4154 Ὀ
1472 4105 1562 4174 μεν
1593 4105 1764 4177 παροί-

162 4187 314 4250 λυτος
346 4185 439 4241 διὰ
481 4192 573 4250 τὰς
618 4189 874 4262 ἁμαρτίας
926 4192 1086 4241 αὐτοῦ
1141 4191 1366 4258 ἠσθένει,
1425 4193 1598 4252 καθὼς
1663 4190 1767 4244 ἐκεῖ

163 4279 536 4350 μεμαθήκαμεν
587 4297 602 4312 ο
653 4283 769 4350 περὶ
819 4281 1000 4330 τούτου
1042 4275 1100 4331 δε
1154 4279 1266 4346 (⁵75ὶ
1306 4283 1360 4330 τί
1411 4278 1574 4350 λέγεις
1616 4296 1630 4345 ;
1681 4284 1765 4340 Τίς

1874 3133 2032 3182 esset
2071 3127 2270 3182 statim
2344 3127 2505 3182 venit
2557 3125 2632 3179 ad
2681 3123 3036 3179 miraculum
3092 3124 3448 3188 maximum,
3481 3128 3540 3178 et

1875 3232 2064 3288 usque
2095 3217 2170 3272 ad
2202 3216 2259 3270 id
2289 3215 2572 3287 temporis
2603 3228 2920 3283 nunquam
2953 3211 3196 3267 factum.
3229 3212 3536 3284 Siquidem

1874 3310 1931 3360 et
1977 3304 2073 3360 alii
2115 3304 2255 3360 caeci
2297 3304 2491 3358 visum
2547 3306 2914 3371 receperunt,
2957 3315 3163 3355 verum
3198 3300 3298 3372 qui
3351 3317 3385 3356 a
3434 3315 3538 3356 na-

1874 3393 2096 3450 tivitate
2149 3409 2342 3448 caecus
2395 3392 2620 3458 fuisset,
2672 3389 2872 3444 nullus
2940 3403 3129 3460 usque
3161 3388 3237 3443 ad
3283 3388 3343 3443 id
3397 3393 3541 3443 tem-

1874 3499 2007 3556 pus.
2042 3483 2180 3538 ldeo
2229 3481 2429 3547 etiam,
2489 3481 2592 3552 qui
2624 3479 2821 3534 visum
2881 3479 2949 3548 (j)
2981 3477 3218 3548 recepit,
3252 3476 3490 3532 dicebat
3521 3477 3536 3520 ἒ

1873 3574 1920 3628 Α
1955 3572 2168 3628 saeculo
2206 3585 2322 3624 non
2385 3575 2466 3625 est
2507 3569 2800 3631 auditum,
2855 3566 3010 3638 quod
3060 3564 3358 3635 aperuerit
3388 3566 3540 3637 quis-

1871 3662 2032 3732 piam
2066 3661 2256 3716 oculos
2279 3659 2413 3715 caci
2464 3658 2596 3714 nati
2644 3659 2712 3710 ⁸ο.

1947 3753 2112 3805 Vers.
2187 3753 2239 3803 2.
2298 3749 2377 3804 Et
2424 3753 2750 3804 nasceretur
2797 3746 2826 3802 ?
2891 3743 3359 3816 Interrogabant.
3413 3759 3535 3800 non

1875 3840 2038 3911 quod
2090 3839 2202 3894 hoc
2233 3843 2336 3894 aut
2363 3837 2512 3893 illud
2539 3835 2788 3892 omnino
2811 3834 3277 3907 suspicarentur,
3336 3849 3538 3906 quem-

1874 3927 2205 3984 admodum
2272 3927 2620 3998 insipientes
2693 3924 2930 3990 Judaai;
2981 3939 3124 3979 nam
3186 3922 3347 3979 hunc
3405 3938 3540 3994 pec-

1875 4032 2062 4080 casse,
2136 4020 2462 4088 antequam
2522 4019 2699 4070 natus
2768 4017 2941 4077 esset,
2993 4011 3367 4083 impossibile
3415 4017 3538 4067 erat

1875 4121 2054 4177 porro
2080 4121 2185 4176 pro
2231 4104 2582 4175 parentibus
2650 4102 2848 4174 puniri
2882 4101 3170 4171 injustum
3212 4116 3226 4164 ;
3269 4100 3371 4155 sed
3403 4099 3536 4156 ﬁnis

1875 4194 2170 4248 sermonis
2224 4192 2352 4248 talis
2409 4198 2516 4247 est.
2571 4191 2936 4260 Paralyticus
2993 4188 3237 4259 quidem
3296 4193 3538 4259 propter

1874 4285 2122 4352 peccata
2161 4297 2270 4335 sua
2317 4280 2670 4348 aagrotabat,
2729 4278 2879 4332 sicut
2918 4276 2999 4332 ibi
3045 4275 3366 4330 didicimus
3404 4291 3416 4331 :
3462 4276 3535 4331 de

166 4367 414 4438 ἧμαρτεν,
471 4365 616 4424 οὗτος
654 4365 684 4423 ἦ
736 4367 784 4416 οἱ
827 4373 996 4436 γονεῖς
1063 4365 1220 4416 αὑτοῦ
1277 4368 1470 4437 ςήμεῖς
1500 4368 1601 4440 γὰρ
1649 4367 1764 4418 οὔτε

1893 4386 1989 4424 ioc
2021 4375 2242 4428 autem.
2312 4368 2454 4426 quid
2517 4367 2666 4422 dicis
2715 4365 2742 4420 ?
2788 4367 2925 4434 Quis
2971 4366 3252 4433 peccavit,
3311 4363 3428 4428 hic,
3459 4379 3532 4421 an

163 4458 318 4504 τοῦτο
339 4455 456 4504 όῦτε
485 4451 642 4505 ἐκεῖνο
674 4449 942 4526 δυνάμεθα
979 4452 1161 4524 λέγειν⁹
1198 4454 1450 4514 παντελῶς
1481 4453 1766 4528 ἐξαπορούο

162 4559 329 4614 μενοι.

235 4727 284 4764 ⁸ο
303 4727 478 4784 Joan.
509 4743 588 4796 ιι,
621 4728 707 4784 32.

1871 4464 2140 4528 parentes
2172 4459 2298 4527 ejus
2336 4456 2364 4511 ἲ
2414 4472 2525 4512 nos
2557 4456 2717 4511 enim
2746 4469 2940 4526 neque
2979 4452 3111 4515 hoc.
3166 4468 3360 4524 neque
3390 4452 3535 4508 illud

1875 4545 2068 4602 dicere
2120 4561 2464 4618 possumus,
2516 4544 2765 4601 omnino
2796 4541 3127 4600 conturbati
3158 4541 3532 4615 consilioque

1874 4635 2157 4692 destituti.

1368 4829 1592 4899 Varia
1622 4830 1950 4900 lectiones
1985 4842 2049 4900 et
2091 4839 2292 4901 uotae.

229 4971 342 5042 (71)
365 4970 596 5026 Scilicet
624 4969 1057 5042 Chrysostomi,
1083 4971 1185 5043 qui
1207 4971 1491 5028 audacter
1519 4974 1599 5030 ita
1627 4989 1751 5029 cor-

158 5043 325 5115 rexit,
377 5043 518 5098 Vide
559 5047 702 5098 tom.
733 5043 874 5115 Vill,
908 5058 1047 5115 pag.
1081 5046 1216 5115 324.
1259 5044 1755 5115 Chrysostomum

155 5113 425 5186 sequitur
453 5129 606 5170 unus
623 5130 694 5171 ex
710 5113 1018 5186 codicibus
1045 5113 1501 5186 Mosquensibus
1524 5116 1753 5172 N.Test.

158 5197 216 5258 ᾳ.
239 5182 342 5258 gui
375 5189 462 5238 est
485 5201 616 5258 cum
661 5185 925 5241 scholiis.
968 5182 1272 5254 Origenes,
1326 5187 1428 5258 qui
1460 5192 1607 5243 tom.
1651 5189 1752 5253 XX,

155 5255 216 5309 in
239 5255 528 5310 Joannem
562 5255 691 5312 haec
719 5258 861 5312 data
897 5273 1080 5330 opera
1133 5255 1569 5327 interpretatur,
1593 5258 1756 5314 hunc

155 5342 399 5398 versum
457 5333 646 5383 totum
710 5329 1108 5398 praetermisit.
1156 5334 1481 5387 Πεντήκοντα
1515 5336 1756 5385 servant

153 5396 356 5468 Cyl-ill.
391 5404 428 5452 t.
453 5398 576 5473 iV,
605 5415 661 5469 p.
697 5396 798 5454 585
825 5401 884 5453 C.
921 5401 1395 5473 ;_Theophylact.
1433 5417 1490 5473 p.
1531 5403 1636 5473 690
1671 5404 1708 5456 E
1740 5418 1753 5466 ;

199 5484 410 5544 everus
448 5470 508 5524 in
541 5471 762 5527 Catena
815 5471 1095 5539 Corderii,
1137 5470 1196 5544 p.
1219 5470 1330 5528 243
1382 5491 1396 5541 ;
1433 5470 1488 5530 et
1517 5472 1753 5529 codices

199 5541 531 5597 robatiores
560 5556 786 5598 omnes.

228 5718 308 5789 (j)
341 5719 450 5788 Qui
481 5719 688 5777 visum.
725 5721 890 5777 Forte
920 5720 1084 5793 legit,
1116 5717 1201 5777 διό
1241 5726 1329 5775 καὶ
1357 5723 1382 5775 ό
1437 5721 1749 5800 ἀναϐλέψας.

1933 4976 2046 5047 (72)
2081 4974 2315 5032 Inclusa
2353 4974 2574 5030 absunt
2622 4975 2687 5030 Α.
2723 4975 2978 5036 Κτίστης,
3009 4969 3320 5042 quomodo
3351 4970 3531 5047 etiam

1868 5045 2209 5103 Eustathius
2245 5047 2458 5110 scribit,
2490 5047 2595 5118 qui
2653 5062 2792 5102 cum
2853 5048 3036 5118 κτίτης
3063 5045 3395 5114 comparat.
3419 5057 3530 5118 pro

1867 5119 2231 5174 substantivo
2266 5113 2527 5191 accipio;
2571 5133 2709 5183 non,
2776 5121 2836 5172 ut
2887 5113 3339 5186 interpres,pro
3369 5113 3530 5171 adie-

1868 5191 2046 5245 ctivo.

1939 5261 2051 5332 (73)
2070 5263 2154 5317 lta
2180 5259 2530 5332 plerumque
2547 5259 3007 5331 Chrysostomus
3025 5262 3280 5320 oratorie
3299 5261 3527 5326 laudat,

1864 5331 2038 5404 Joanﬁ.
2072 5349 2230 5387 xvm.
2263 5336 2315 5395 6,
2339 5331 2521 5386 ἔπεσον
2553 5338 2751 5404 χαμαί.

1935 5403 2271 5468 (74)Γεννητῆ
2283 5424 2325 5465 ς.

1940 5473 2052 5544 (75)
2076 5477 2136 5526 Δὶ
2166 5475 2336 5531 abest
2376 5482 2441 5528 A.
