4098 6424
694 316 834 375 1303

2018 311 2376 373 EUTHYMII
2427 310 2755 369 ZIGABENI
3859 320 3926 380 130
3931 325 3946 383 ι

696 449 850 501 atur.
878 443 1018 500 Vult
1042 442 1198 500 enim
1228 446 1514 510 astruere,
1557 439 1724 514 quod
1780 440 1976 510 major
2015 441 2111 507 sit,
2161 456 2314 513 quan

2326 456 2348 495 1
2381 438 2427 492 A
2464 438 2814 513 Βούλεταιγὰρ
2829 439 3227 492 κατασκευάσαι
3246 439 3327 492 ὅτι
3347 439 3530 512 μείζων
3547 440 3649 494 ἑστὶ
3664 449 3740 495 τοῦ
3766 444 3944 520 Ἀϐραάμ.

696 534 996 590 Abraham
1034 549 1047 600 ;
1079 549 1221 589 nam
1254 533 1368 588 hoc
1417 531 1476 586 in
1521 529 1793 602 praesenti
1836 545 1956 586 non
2009 529 2180 597 dixit,
2222 545 2352 601 pro-

694 628 826 696 pter
851 622 1115 694 ipsorum
1150 621 1612 694 impudentiam.

767 712 936 767 Vers.
971 714 1056 766 54.
1118 712 1297 779 Quem
1364 741 1432 749 —
1493 710 1649 764 Vers.
1727 710 1818 766 55.
1881 724 2024 765 eum.
2095 739 2152 750 -—
2220 708 2350 763 Non

695 801 1038 871 cognovistis
1077 815 1222 862 eum,
1261 804 1464 869 utpote
1499 797 1782 870 operibus
1836 797 2002 852 illum
2037 803 2347 863 negantes.

698 890 850 945 Dicit
899 889 1060 944 enim
1117 893 1173 943 et
1226 887 1546 958 Apostolus
1592 904 1605 941 :
1661 887 2024 954 Conﬁtentur
2086 901 2146 942 se
2197 901 2353 941 nosse

698 980 906 1041 Deum,
947 979 1120 1047 factis
1149 981 1345 1032 autem
1375 982 1592 1046 negant
1622 977 1693 1033 ⁷⁷.
1722 975 1822 1030 Vel
1858 975 2037 1030 etiam
2085 990 2156 1029 eo
2186 974 2351 1046 quod

697 1082 817 1122 non
848 1065 1189 1134 agnoscatis
1213 1064 1415 1120 Filium
1471 1065 1625 1135 ejus.
1688 1063 1912 1118 Dictum
1966 1067 2054 1117 est
2114 1061 2273 1117 enim
2335 1081 2348 1118 :

696 1157 762 1211 Si
796 1171 888 1211 me
913 1155 1348 1223 cognoscentis,
1381 1154 1439 1210 et
1474 1155 1712 1209 Patrem
1764 1168 1949 1207 meum
2002 1152 2204 1224 utique
2261 1167 2353 1208 co-

695 1247 1053 1316 gnosceretz‘s
1108 1245 1177 1298 ⁷⁸.
1213 1243 1311 1298 Vel
1365 1259 1436 1298 eo
1493 1244 1658 1315 quod
1717 1256 1838 1296 non
1902 1241 2145 1296 servetis
2218 1241 2349 1312 ejus

699 1349 1004 1388 sermones
1035 1352 1050 1403 ;
1085 1347 1227 1388 nam
1282 1331 1330 1387 si
1360 1330 1789 1402 cognosceretis
1818 1346 1978 1394 eum,
2010 1345 2349 1386 sermonem

699 1423 828 1494 ejus
858 1422 1186 1478 servaretis.

771 1511 930 1566 Vers.
964 1511 1052 1566 55.
1105 1511 1231 1581 Ego
1282 1514 1469 1566 autem
1526 1511 1671 1565 novi
1726 1524 1877 1564 eum.
1940 1512 2067 1564 Non
2126 1507 2346 1572 solum,

700 1616 836 1656 cum
868 1615 939 1655 ex
971 1599 1102 1672 ipso
1129 1601 1265 1662 sim,
1311 1607 1367 1654 et
1393 1598 1660 1669 ejusdem
1704 1597 2073 1660 substantiae,
2121 1604 2350 1653 naturai

700 1695 757 1746 et
785 1689 1066 1754 scientiae,
1101 1690 1201 1744 sed
1249 1688 1426 1744 etiam
1479 1693 1768 1759 tanquam
1823 1701 2164 1741 sermonem
2221 1686 2350 1776 ejus
2382 1721 2425 1776 Β

700 1793 965 1836 servans.
993 1781 1138 1833 Nam
1168 1782 1225 1833 et
1255 1776 1529 1848 superius
1576 1776 1722 1830 dixit
1776 1792 1788 1830 :
1844 1776 1950 1831 Est
2005 1790 2199 1838 verax,
2249 1775 2352 1845 qui

700 1868 855 1924 misit
891 1883 998 1932 me,
1027 1882 1198 1937 quem
1228 1882 1322 1922 vos
1354 1881 1470 1921 non
1498 1865 1677 1920 nostis
1701 1880 1714 1917 :
1752 1879 1856 1935 ego
1884 1879 2019 1920 vero
2041 1864 2180 1918 novi
2199 1879 2349 1931 cum,

701 1958 843 2029 quia
870 1957 945 2012 ab
971 1972 1035 2013 eo
1063 1972 1192 2011 sum
1213 1957 1285 2008 ⁷⁸.

771 2047 913 2101 Vers
968 2051 1055 2101 55.
1114 2047 1178 2100 Et
1237 2074 1306 2086 —
1353 2043 1628 2100 mendax.
1665 2043 1781 2098 Vos
1812 2043 1971 2098 enim
2022 2041 2353 2098 mentimini

701 2135 968 2191 dicentes
1009 2135 1194 2190 Deum
1247 2139 1511 2189 vestrum
1562 2149 1714 2198 esse,
1768 2149 1904 2187 cum
1962 2148 2080 2187 non
2133 2148 2356 2200 cogno-

704 2225 882 2280 scatis
920 2240 1078 2284 eum,
1124 2229 1186 2278 ut
1244 2222 1594 2294 praedictum
1654 2229 1757 2275 est.
1817 2222 2088 2276 Notitiam
2150 2226 2351 2275 autem

702 2319 758 2369 et
787 2313 1187 2382 cognitionem
1220 2312 1380 2375 dicit,
1422 2327 1598 2366 nosse
1625 2310 1991 2382 simpliciter,
2037 2316 2092 2365 et
2135 2325 2352 2381 cogno-

703 2417 864 2458 scere
915 2401 1078 2474 quod
1137 2402 1207 2456 sit
1268 2401 1423 2454 Deus
1475 2405 1531 2454 et
1587 2399 1770 2461 Pater,
1829 2414 1944 2453 non
2034 2400 2181 2454 scire
2253 2401 2350 2454 Dei

700 2497 996 2547 naturam.
1031 2493 1173 2546 Nam
1202 2491 1335 2560 ipsa
1371 2505 1490 2543 non
1533 2489 1731 2542 solum
1794 2490 2074 2556 cognosci
2130 2489 2348 2558 nequit,

703 2595 905 2636 verum
935 2579 1110 2634 etiam
1142 2579 1388 2633 omnino
1446 2576 1891 2644 inintelligibilis
1940 2583 2027 2632 est
2078 2585 2132 2631 et
2187 2579 2351 2632 inac-

701 2668 1011 2734 cessibilis,
1041 2683 1148 2722 nec
1188 2673 1404 2722 tantum
1439 2665 1804 2731 hominibus,
1866 2667 1971 2720 sed
2021 2672 2077 2722 et
2106 2666 2354 2722 caelesti-

703 2758 813 2812 bus
851 2756 1183 2812 virtutibus.

775 2845 939 2901 Vers.
974 2845 1060 2900 56.
1122 2844 1232 2900 Sed
1285 2875 1350 2884 ——
1406 2859 1595 2900 servo.
1652 2843 1849 2908 Vides,
1883 2843 2043 2916 quod
2103 2844 2202 2899 Dei
2234 2860 2351 2899 ser-

701 2950 944 2990 monem
1005 2950 1260 2997 servare,
1314 2933 1552 3003 signum
1608 2934 1677 2988 sit
1730 2932 1896 3004 quod
1958 2933 2095 3004 quis
2164 2936 2348 2989 Deum

701 3030 1042 3093 cognoscat.
1076 3023 1420 3078 Timeamus
1451 3022 1648 3089 igitur,
1698 3022 1861 3094 quod
1894 3023 1990 3077 Dei
2055 3031 2352 3092 praecepta

701 3127 822 3168 non
854 3128 1179 3178 servamus,
1235 3118 1520 3182 tauquam
1552 3128 1691 3167 cum
1719 3112 1833 3166 .eis
1888 3113 2212 3182 constituti,
2245 3111 2350 3184 qui

703 3201 890 3257 Deum
923 3202 1217 3271 ignorant.
1252 3201 1472 3256 Deinde
1516 3200 1745 3273 probat,
1795 3201 1959 3272 quod
2006 3202 2200 3272 major
2253 3201 2347 3267 sit,

700 3306 886 3364 quam
914 3291 1238 3346 Abraham.

773 3380 933 3436 Vers.
1015 3384 1099 3435 56.
1142 3380 1448 3436 Abraham
1505 3410 1574 3420 —
1625 3394 1836 3436 meum.
1895 3408 1966 3423 —
2016 3381 2351 3437 Ezsultavit

701 3469 828 3524 sive
880 3468 1239 3540 concupivit.
1273 3468 1433 3524 Diem
1475 3472 1667 3523 autem
1733 3483 1912 3523 suum
1992 3468 2136 3525 dicit
2187 3467 2351 3525 diem

699 3558 1018 3630 passionis.

771 3647 933 3702 Vers.
994 3651 1080 3701 56.
1135 3647 1208 3701 Et
1266 3645 1436 3711 vidit,
1496 3651 1551 3702 et
1619 3646 1857 3714 gavisus
1927 3652 2032 3703 est.
2091 3646 2350 3702 Gavisus

700 3740 787 3790 est
811 3741 1047 3806 propter
1100 3733 1346 3789 salutem
1402 3733 1631 3788 mundi.
1703 3734 2116 3803 Priecognovit
2182 3751 2350 3791 nam-

699 3838 817 3894 que
857 3823 1210 3895 mysterium
1251 3823 1652 3878 crucitixionis
1696 3824 1930 3879 Christi.
1987 3825 2351 3881 Desideravit

699 3912 900 3966 videre
940 3911 1098 3966 diem
1162 3912 1349 3982 ipsius
1388 3919 1440 3965 et
1484 3912 1625 3966 vidit
1673 3912 1838 3967 illum
1893 3913 2345 3984 praeﬁguratum

699 3999 1225 4062 etadumbratum,
1278 4001 1334 4055 in
1385 3999 1480 4054 die
1533 4016 1655 4070 quo
1704 4001 1890 4056 tilium
1942 4019 2118 4056 suum
2181 4003 2348 4060 Isaac

698 4089 911 4144 obtulit
949 4089 1006 4144 in
1032 4089 1471 4144 holocaustum.
1520 4090 1721 4144 Didicit
1763 4092 1941 4154 enim,
1989 4093 2147 4162 quod
2200 4094 2349 4149 sicut

699 4179 829 4250 ipse
879 4194 996 4233 non
1069 4179 1331 4250 pepercit
1377 4195 1488 4233 suo
1548 4181 1762 4234 dilecto
1835 4189 2077 4251 propter
2134 4183 2345 4248 Deum,

2463 534 2697 597 Φωερώς
2752 531 2850 602 γὰρ
2878 536 2965 580 νῦν
2998 527 3092 581 οῦκ
3123 524 3230 582 εἶπε
3260 537 3410 581 τοῦτο
3437 525 3470 582 δ
3475 533 3526 581 ιά
3553 535 3634 588 τὴν
3668 529 3948 606 ἀναισχυντίπι

2464 618 2632 669 αὐτῶν
2641 658 2653 671 .

2532 707 2626 759 ’ον
2686 737 2755 748 —
2809 706 2985 759 αὐτόν.
3049 738 3116 748 -
3157 707 3269 760 Ούκ
3325 706 3569 779 ἐγνώκατε
3621 709 3774 775 αὐτὸν,
3808 715 3949 778 antri;

2462 800 2629 870 ἔργοις
2675 795 2974 868 ἀρνούμενοι
3022 796 3194 848 αὐτὸν.
3252 802 3387 855 Φησὶ
3442 801 3541 869 γὰρ
3590 803 3672 849 καὶ
3719 801 3948 854 61:67:9-

2460 885 2541 944 λος
2623 887 2703 936 ὅτι
2749 890 2878 937 Θεὸν
2935 885 3278 958 ὁμολογοῦσιν
3334 883 3547 954 εἰδέναι,
3596 894 3694 950 τοίς
3748 885 3796 942 δε
3844 895 3951 963 ἔργοις

2464 971 2758 1043 ἀρνοῦνται.
2825 974 2890 1027 Ἦ
2949 980 3034 1027 καὶ
3093 979 3158 1035 ὡς
3209 980 3281 1048 μὴ
3337 974 3602 1046 ἄγνωκὸτες
3648 982 3724 1028 τὸν
3773 981 3862 1031 Υἱὸν
3896 985 3949 1032 ai-

2461 1070 2574 1115 τοῦ.
2630 1068 2912 1136 Προείρηκε
2975 1067 3076 1138 γὰρ
3141 1067 3220 1117 ὅτι
3279 1065 3338 1118 Εἰ
3412 1064 3498 1137 ἔμε
3575 1062 3750 1138 ᾔδειτε,
3797 1074 3864 1120 καὶ
3902 1091 3947 1122 τεν

2464 1156 2670 1222 Πατέρα
2731 1172 2832 1222 μου
2889 1149 3065 1225 ᾔδειτε
3120 1154 3200 1206 ἄν.
3264 1153 3328 1206 Ἠ
3391 1157 3455 1215 ὡς
3511 1160 3581 1226 μὴ
3643 1163 3866 1225 τηροῦντες
3901 1165 3947 1210 τὸν

2461 1239 2612 1309 λόγον
2636 1241 2816 1294 αὑτοῦ·
2850 1241 2894 1294 εἰ
2915 1245 3016 1314 γὰρ
3050 1240 3227 1314 ᾔδειτε
3257 1243 3432 1308 αὐτὸν,
3457 1241 3673 1317 ἄτηρεῖτι
3699 1244 3750 1295 ἄν
3772 1249 3837 1297 τὸν
3860 1247 3948 1318 λογον

2463 1348 2645 1384 αυτοῦ.

2537 1507 2670 1579 Ἐγώ
2701 1504 2761 1561 δι
2791 1505 2916 1560 οἶδα
2955 1510 3129 1564 αύτὸν.
3177 1512 3253 1562 Ού
3283 1515 3436 1583 μόνον
3481 1513 3546 1572 ὡς
3575 1510 3624 1574 ἐξ
3652 1511 3788 1563 αὐτοῦ
3810 1519 3873 1564 καὶ
3898 1522 3947 1571 ri;

2462 1597 2621 1657 αὐτῆς
2651 1597 2837 1658 οὐσίας
2866 1603 2954 1649 καὶ
2981 1602 3181 1670 φύσεως
3209 1605 3299 1653 καὶ
3325 1607 3566 1672 γνώσεως
3595 1605 3676 1665 ὧν,
3705 1600 3810 1652 ἀλλὰ
3839 1607 3948 1661 uia;

2462 1686 2716 1757 τὸνλόγον
2743 1686 2904 1738 αὐτοῦ
2930 1697 3120 1759 τηρῶν.
3157 1694 3257 1742 Καὶ
3287 1689 3460 1742 ὀπίσω
3492 1687 3551 1742 δι
3581 1687 3723 1754 εἶπεν,
3758 1694 3819 1742 ὅτι
3841 1693 3948 1742 Ἐςτὶν

2462 1776 2661 1836 ἀληθὴς
2835 1778 2860 1828 ὁ
2883 1776 3091 1848 πέμψας
3128 1797 3210 1849 με,
3242 1778 3297 1830 ὃν
3342 1781 3490 1850 ὑμεῖς
3521 1779 3614 1831 οὐκ
3636 1776 3807 1847 οἴδατε,
3836 1779 3898 1849 ἐγὼ
3918 1775 3947 1830 is

2463 1861 2587 1917 οἶδα
2618 1865 2794 1935 αὑτὸν,
2829 1869 2906 1918 ὅτι
2939 1867 3062 1941 παρ’
3095 1867 3256 1920 αὑτοῦ
3286 1868 3419 1941 εἰμι,

2540 2047 2639 2095 Καὶ
2694 2073 2762 2084 -
2818 2043 3068 2114 ψεύστης.
3126 2042 3389 2099 Ψεύδεσθε
3451 2049 3555 2119 γάρ
3626 2047 3756 2119 ὑμεῖς
3810 2047 3945 2116 λέγοντες

2464 2132 2687 2202 ὃτι(67)
2741 2136 2866 2193 Θεὸς
2915 2135 3057 2205 ὑμῶν
3112 2133 3271 2196 ἔστιν,
3315 2135 3373 2186 οῦ
3427 2138 3531 2208 γὰρ
3595 2134 3813 2207 ἕγνώκατε
3846 2136 3941 2196 τὶτέι,

2465 2226 2535 2284 ὡς
2589 2228 2914 2297 προείρηται.
2975 2221 3196 2283 Εῖδησιν
3271 2222 3331 2278 δε
3394 2232 3486 2278 καὶ
3558 2231 3740 2298 γνῶσίν
3794 2245 3881 2296 φησι
3917 2233 3941 2274 ei

2465 2309 2656 2364 εἰδέναι
2681 2318 2769 2365 καὶ
2800 2320 3075 2384 γινώσκειν
3105 2313 3274 2374 ἁπλῶς
3303 2317 3383 2366 ὃτι
3414 2314 3531 2368 ἐστὶ
3575 2320 3693 2378 Θεὸς
3723 2322 3795 2366 καὶ
3831 2322 3940 2368 natis.

2463 2401 2522 2454 οὗ
2563 2406 2665 2472 μὴν
2705 2406 2799 2458 τὴν
2831 2402 2942 2471 (68)
2973 2410 3069 2462 τῆς
3099 2405 3299 2474 φύσεως
3346 2411 3442 2456 τοῦ
3491 2411 3645 2457 Θεοῦ.
3690 2405 3807 2461 Ain
3835 2409 3891 2475 7-1;
3912 2423 3934 2452 ι.

2464 2495 2616 2563 μόνον
2664 2492 2945 2561 ἄγνωστος,
3003 2489 3129 2543 ἀλλά
3179 2498 3268 2544 καὶ
3321 2492 3586 2556 παντελῶς
3637 2492 3869 2550 ἀνεννόητος
3892 2512 3928 2539 ιε

2466 2577 2886 2651 ἀνεπιχείρητος,
2918 2585 3008 2632 καὶ
3038 2579 3097 2632 ού
3128 2586 3280 2653 μόνον
3312 2579 3628 2656 ἀνθρώποις,
3670 2581 3785 2634 ἀλλὰ
3806 2587 3926 2636 xtra;

2464 2668 2726 2741 οὐρανίαις
2766 2666 3071 2741 δυνάμεσιν.

2537 2846 2677 2900 Ἀλλ’
2699 2877 2768 2887 -
2797 2855 2958 2921 τηρῶ.
2983 2852 3134 2918 Ὁρᾷς
3151 2849 3231 2900 ὃτι
3252 2851 3310 2899 τὸ
3337 2849 3422 2901 τὸν
3443 2847 3601 2921 λόγον
3627 2857 3713 2903 τοῦ
3738 2856 3840 2903 Θεοῦ
3855 2853 3948 2919 τηρεῖν

2467 2940 2681 3008 σημεῖὸν
2709 2935 2824 2987 ίοτι
2848 2944 2937 2988 τοῦ
2965 2933 3157 2988 εἰδέναι
3184 2936 3358 2989 αὐτόν.
3379 2937 3699 3011 Φαϐηθῶμεν
3723 2944 3852 2990 τοίνυν
3867 2938 3952 2989 om;

2465 3024 2665 3084 ἓντολάς
2694 3031 2783 3076 τοῦ
2820 3028 2948 3077 Θεοῦ
2978 3028 3049 3095 μὴ
3099 3024 3458 3096 φυλάττοντες,
3495 3028 3567 3088 ὡς
3598 3033 3855 3098 ταττόμενοι
3886 3042 3953 3093 μετα

2464 3122 2562 3165 τῶν
2595 3112 2914 3185 ἀγνοούντων
2959 3117 3045 3165 τὸν
3086 3119 3233 3168 Θεὸν.
3277 3112 3403 3168 Εἶτα
3439 3117 3804 3176 κατασκευάζει
3832 3118 3892 3164 καὶ
3917 3114 3955 3161 ὁτι

2463 3203 2654 3274 μείζων
2687 3201 2800 3254 ἔστὶ
2829 3210 2920 3254 τοῦ
2954 3201 3212 3276 ’Λϐραάμη

2537 3290 2774 3365 Ἀϐραὰμ
2833 3322 2900 3331 -
2956 3290 3098 3363 ἕμήν.
3163 3323 3230 3332 —
3293 3293 3696 3364 Ἥγαλλιοὶσατο,
3741 3298 3866 3364 ἤγουν

2465 3382 2716 3453 θύμησεν.
2792 3379 3038 3454 [Ημέραν
3108 3381 3221 3452 (69)
3277 3379 3334 3435 δι
3406 3383 3573 3437 αύτοῦ
3631 3384 3754 3456 λέγει
3809 3386 3877 3438 τὴν
3913 3386 3957 3428 τεά

2464 3478 2716 3543 σταυροῦ.

2535 3653 2635 3702 Καὶ
2692 3644 2819 3712 εἶδε,
2869 3653 2954 3701 καὶ
3010 3648 3202 3724 ἐχάρη.
3264 3649 3467 3724 Ἐχάρη
3521 3647 3615 3704 διὰ
3659 3656 3745 3710 τὴν
3787 3653 3960 3718 sumpto

2458 3746 2551 3790 τοῦ
2599 3742 2822 3809 κόσμου.
2872 3742 3130 3810 Προγνούς
3170 3741 3272 3811 γὰρ
3324 3741 3383 3791 τὸ
3440 3746 3728 3815 μυστήριον
3775 3747 3964 3798 rigatur»-

2460 3833 2667 3900 ρὼσεως
2710 3834 2802 3878 τοῦ
2865 3834 3100 3899 Χριστοῦ
3151 3825 3499 3902 ἕπεθύμησεν]
3559 3827 3684 3882 ἰδεῖν
3731 3834 3811 3885 τὴν
3841 3829 3963 3896 ἡμέραν

2460 3917 2641 3983 αὐτοῦ,
2703 3920 2793 3968 καὶ
2842 3912 2975 3968 εἶδεν
3025 3916 3180 3974 αὐτὴν
3239 3915 3260 3988 [
3312 3919 3866 3993 προσκιαγραφηθείσαν
3900 3915 3965 3981 (7οῖ

2457 4003 2571 4076 καὶ]
2601 4001 3023 4056 διατυπωθιίσαν
3055 4003 3102 4056 ἐν
3144 4013 3205 4076 τῇ
3254 4007 3423 4077 ἣμερα
3453 4008 3574 4059 καθ’
3606 4012 3665 4066 ἣν
3694 4006 3892 4074 ἀνήνεγκε
3922 4019 3965 4048 τω

2460 4098 2571 4146 υἱὸν
2610 4093 2770 4146 αὐτοῦ
2819 4112 2904 4144 τον
2934 4094 3119 4146 Ἰσαὰκ
3171 4095 3244 4154 εἰς
3295 4094 3677 4167 ὁλοκοὶρπωσιν.
3721 4095 3879 4166 Ἐμαθε
3909 4092 3964 4158 ’κάξ

2461 4187 2562 4250 ὃτι,
2612 4185 2784 4252 ὥσπερ
2835 4181 2985 4242 αὐτὸς
3035 4182 3128 4235 οὐκ
3167 4186 3404 4254 ἑφείσατς
3462 4194 3558 4237 τοῦ
3607 4187 3717 4237 υἱοῦ
3767 4183 3890 4235 αὐτοῦ
3918 4197 3964 4227 τω

699 4267 777 4322 ita
817 4283 1011 4339 neque
1050 4268 1201 4322 Deus
1244 4270 1574 4338 parciturus
1628 4274 1783 4324 esset
1847 4269 1988 4324 Filio
2043 4287 2153 4326 suo
2203 4271 2317 4325 dile

2345 4301 2351 4312 -
2386 4256 2428 4311 D
2464 4272 2737 4343 ἀγαπητοῦ
2774 4266 2867 4323 διὰ
2905 4274 2991 4322 τὸν
3031 4273 3180 4337 Θεὸν,
3231 4272 3392 4333 οὕτως
3434 4269 3562 4327 οὐδε
3614 4274 3639 4326 ὁ
3676 4275 3782 4333 Θεὸς
3815 4274 3963 4342 φείσεται

700 4363 794 4412 cto
825 4365 1063 4428 propter
1089 4357 1415 4412 hominem.
1453 4360 1516 4412 Et
1541 4357 2060 4428 quemadmodum
2093 4360 2190 4414 ille
2217 4376 2349 4430 por-

698 4448 841 4502 tavit
880 4446 1037 4517 ligna
1071 4446 1398 4501 bolocausli
1465 4446 1573 4514 sui,
1641 4447 1719 4502 ita
1771 4453 1826 4501 et
1854 4448 1978 4518 ipse
2012 4455 2350 4519 portaturus

699 4540 851 4590 esset
888 4535 1119 4604 lignum
1161 4535 1364 4590 mortis
1403 4551 1545 4589 sum.
1592 4537 2029 4602 Verumtamen,
2065 4537 2214 4592 sicut
2253 4538 2350 4593 illo

699 4639 816 4678 non
859 4640 1040 4695 passo
1072 4624 1413 4696 suppositus
1445 4630 1530 4678 est
1569 4623 1722 4679 aries
1761 4641 1772 4679 :
1808 4624 1888 4680 ita
1945 4631 2002 4680 et
2054 4625 2168 4681 hoc
2220 4643 2352 4684 ma-

698 4719 876 4768 nente
906 4713 1280 4786 impassibili,
1313 4711 1660 4768 humanitas
1685 4715 1814 4784 ejus
1838 4714 2036 4769 occisa
2055 4716 2350 4780 est.0uod

703 4801 752 4855 si
777 4800 934 4856 diem
967 4804 1093 4872 ejus
1123 4801 1325 4857 videre
1355 4801 1729 4866 desideravit,
1773 4801 1979 4874 utique
2026 4803 2139 4859 hoc
2201 4810 2346 4875 erat,

701 4893 991 4960 tanquam
1032 4891 1302 4962 majoris.

771 5101 1117 5172 "Tit.l,16.
1219 5105 1727 5174 "Joan.v1u,19.
1805 5108 2164 5174 "Joan.vu,
2193 5112 2281 5165 26.

2462 4370 2553 4414 τοῦ
2585 4362 2707 4413 Υἱοῦ
2737 4359 2896 4412 αὑτοῦ
2936 4366 3026 4412 τοῦ
3056 4358 3331 4430 ἀγαπητοῦ
3373 4357 3467 4413 διά
3495 4366 3582 4414 τὸν
3627 4363 3876 4434 ἄνθρωπον.
3911 4362 3962 4406 [πί

2463 4454 2636 4522 ὥσπερ
2713 4449 2861 4510 οὗτος
2909 4447 3166 4500 ἐϐάστασε
3216 4452 3281 4500 τὰ
3326 4449 3454 4512 ξύλα
3509 4460 3608 4512 τῆς
3663 4450 3960 4522 ὁλοκαρπὼτιως

2465 4540 2643 4602 αὐτοῦ,
2686 4539 2820 4589 οὕτω
2847 4536 3080 4598 κάκεῖνος
3127 4535 3386 4610 βαστάσει
3416 4542 3471 4591 τὸ
3501 4539 3651 4602 ξύλον
3692 4547 3775 4592 τοῦ
3823 4537 3957 4589 θανάτςι

2461 4629 2638 4680 αὑτοῦ.
2695 4626 2831 4684 Πλὴν
2884 4627 3116 4698 καθάπερ
3178 4629 3363 4680 τούτου
3427 4633 3693 4699 μείναντος
3745 4625 3954 4679 ἀπαθοὺςε

2459 4719 2604 4789 κριὸς
2656 4714 2834 4779 ἐτύθη,
2902 4715 3036 4767 οὕτω
3087 4714 3322 4768 κάκείνου
3394 4719 3636 4788 μένοντος
3701 4716 3891 4770 ἀπαθοῦς
3929 4726 3953 4755 π

2460 4805 2776 4878 ἀνθρώπινον
2843 4804 3003 4857 αὐτοῦ
3071 4805 3562 4876 σφαγιασθήσεται.
3641 4806 3700 4859 Εἰ
3766 4800 3817 4857 δι
3859 4800 3950 4853 ἔπιεὟ

2459 4913 2624 4966 μησεν
2673 4889 2802 4946 ίδείν
2854 4897 2947 4951 τήν
3005 4894 3200 4966 ἡμέραν
3262 4892 3442 4964 αὐτοῦ,
3508 4897 3581 4958 ὡς
3629 4895 3843 4968 μείζονος
3890 4907 3945 4940 :rr

2459 5003 2578 5044 τως.

1923 5284 2138 5353 Variae
2176 5285 2505 5355 lectiones
2549 5295 2614 5354 et
2656 5294 2854 5353 notae.

769 5440 882 5518 (66)
919 5443 980 5500 ln
1024 5445 1322 5518 contextu,
1351 5443 1466 5518 ξῌοΔ
1495 5443 1555 5499 in
1591 5444 1720 5518 loco
1764 5445 1946 5518 codd.
1999 5446 2348 5518 Eutliymius

699 5512 925 5588 habent
977 5514 1288 5588 vulgatum
1343 5514 1604 5588 ἀληθινός.
1667 5516 1778 5588 Sed
1830 5512 2349 5588 Chrysostfrefert

702 5584 1081 5660 magnoin.
1116 5585 1254 5651 Vlll,
1277 5602 1343 5660 _p.
1377 5587 1500 5657 294,
1525 5588 1650 5653 295,
1682 5584 2014 5660 aliquoties.

769 5658 882 5726 (67)
907 5655 966 5709 Ὀ
995 5655 1314 5727 interponit
1343 5663 1409 5714 Α.

769 5728 882 5800 (68)
950 5733 1054 5786 Τήν
1137 5727 1304 5786 abest
1378 5735 1443 5785 A.
1534 5727 1801 5785 Refertur
1866 5729 1936 5786 ad
2004 5727 2210 5791 εἴδησιν
2257 5737 2346 5786 καὶ

2458 5456 2671 5519 γνῶσιν.

2531 5521 2643 5588 (69)
2685 5517 2913 5572 Inclusa
2937 5516 3158 5588 absunt
3184 5517 3250 5570 Α.

2531 5575 2642 5664 (70}
2685 5589 2922 5645 Inclusa
2953 5587 3176 5645 absunt
3213 5591 3278 5643 Α.
3313 5589 3536 5647 lbidem
3569 5591 3783 5664 legitur,
3816 5575 3943 5658 προδα-

2462 5663 2808 5715 θυπωθεῖσαν.
