4098 6430
178 318 318 376 1305

250 451 350 500 Καὶ
379 477 448 486 --
476 444 704 518 ίωρακας
730 461 744 512 ;
770 443 958 517 ’ᾯοντο
984 444 1086 517 γὰρ
1118 443 1270 496 αὐτὸν
1301 442 1456 514 ἐγγύς
1485 440 1613 496 εἶναι
1651 463 1768 496 πενο
1800 442 1846 496 Α

176 540 402 594 τήκοντα
451 534 572 587 ἐτῶν
622 531 716 586 διὰ
766 539 860 590 τὴν
915 533 1253 605 πολυπειρίαν
1308 533 1488 587 αὐτοῦ.
1535 535 1664 586 Τινὰ
1713 528 1772 585 δὲ

178 633 274 676 τῶν
327 625 439 696 (7i)
493 623 818 699 ἀντιγράφων
857 625 1252 696 τεσσαράκοντα
1291 624 1604 698 γράφουσιν,
1647 623 1770 694 ὅπερ

179 710 323 767 δοκεῖ
349 713 728 787 ἀκριϐέστερον.

249 889 397 944 Εἶπεν
450 923 517 932 -
573 891 697 954 εἰμι.
747 891 836 954 Ὠς
901 895 1050 953 Θεός.
1107 895 1206 944 Καὶ
1264 889 1358 943 οὐκ
1417 885 1574 957 εἶπεν,
1637 888 1772 960 Ἐγώ

177 983 336 1052 ἤμην,
414 979 518 1032 ἀλλ’
580 981 710 1052 Ἐγώ
763 981 870 1053 εἰμι
911 982 938 1032 ό
998 979 1077 1033 ἀεὶ
1139 983 1225 1031 ὧν.
1259 983 1328 1031 Τό
1354 981 1442 1045 μεν
1491 975 1580 1030 οὖν
1637 981 1773 1049 γενέ-

179 1071 303 1122 σθαι
363 1073 713 1122 κτιστοῦοτὸ
807 1066 866 1122 δι
931 1069 1051 1142 Εἰμὶ
1131 1067 1381 1120 ἁκτίστου
1430 1069 1448 1138 [
1504 1071 1594 1120 καὶ
1655 1068 1770 1138 (72)

175 1163 392 1211 κτίστου

248 1247 412 1323 Ἥραν
450 1275 504 1288 --
553 1247 731 1300 αὐτόν.
789 1251 854 1301 Οἱ
888 1255 1072 1320 ταχεῖς
1111 1250 1239 1321 πρὸς
1267 1251 1414 1318 φόνον
1445 1267 1458 1280 ο
1488 1245 1769 1320 Ἠγρίαναν

174 1339 276 1409 γὰρ
326 1334 570 1400 δόξαντες
620 1335 936 1409 ὑϐρισθῆναι
978 1340 1065 1389 τόν
1123 1335 1361 1411 Ἀϐραὰμ
1403 1353 1415 1365 ⁸
1451 1336 1561 1408 ἅμα
1590 1332 1648 1388 δὲ
1681 1339 1770 1387 καὶ

173 1431 378 1497 γνόντες
408 1428 487 1480 ὅτι
518 1423 797 1485 ἀιδιότητα
834 1433 967 1480 Θεοῦ
992 1427 1321 1499 περιτίθησιν
1347 1424 1530 1496 ἑαυτῷ.

247 1605 454 1666 Ἰησοῦς
511 1602 570 1658 δε
617 1604 832 1679 ἐκρύϐη.
879 1606 1129 1678 Ἀόρατος
1186 1603 1365 1666 αύτοίς
1424 1607 1648 1662 κατέστη
1702 1611 1764 1674 τῇ

174 1694 388 1768 ἕξουσία
417 1703 508 1756 τῆς
547 1697 807 1755 θεότητος.

249 1789 348 1838 Καὶ
381 1787 540 1860 ἱεροῦ.
565 1790 676 1838 Ἰνα
703 1783 1008 1843 κατασταλῆ
1043 1785 1068 1836 ό
1102 1785 1265 1856 θυμὸς
1293 1783 1482 1837 αὐτῶν.

245 1962 460 2015 Διελθών
489 1994 557 2002 --
586 1963 776 2016 αὐτῶν.
832 1967 918 2021 Μὴ
963 1962 1261 2034 ἰσχυόντων
1293 1958 1422 2014 ἰδεῖν
1463 1961 1635 2016 αὐτόν.
1672 1967 1769 2018 Καὶ

172 2049 321 2105 διατί
371 2052 466 2104 ούκ
523 2051 755 2115 ἐξέλυσεν
785 2051 953 2104 αὐτῶν
993 2057 1086 2108 τὴν
1136 2047 1358 2122 δύναμιν
1401 2055 1490 2103 καὶ
1548 2059 1775 2122 φανερῶς

171 2139 478 2213 ἀνεχώρησε
499 2157 512 2206 ;
546 2146 688 2194 Διότι
704 2143 812 2194 οὔθ’
836 2141 995 2201 οὕτως
1017 2139 1218 2212 ἔμελλον
1248 2143 1530 2194 πιστεύειν.
1555 2143 1766 2213 Καὶγὰρ

171 2231 221 2283 ἐν
250 2239 318 2300 τῷ
347 2238 514 2303 καιρῷ
545 2238 637 2281 τοῦ
698 2232 902 2291 [Ιάθους
947 2232 1159 2290 ὑπτίους
1191 2230 1303 2299 (73)
1355 2229 1539 2290 αύτούς
1567 2229 1763 2303 ἔρριψε,

170 2325 261 2372 καὶ
291 2323 384 2372 τὰς
405 2319 546 2390 ὄψεις
577 2319 744 2371 αὐτῶν
767 2317 1027 2380 ἕσκότισε,
1069 2324 1157 2370 καὶ
1188 2319 1280 2371 ούκ
1311 2317 1641 2372 ἐπίστευσαν.
1664 2319 1764 2371 0'3-

172 2403 259 2459 δεν
288 2410 387 2480 γὰρ
419 2414 598 2479 χεῖρον
628 2406 816 2478 ψυχῆς
849 2405 1226 2478 ἁπεγνωκυίας.
1285 2405 1390 2460 Κᾶν
1436 2410 1538 2480 γὰρ
1573 2414 1766 2478 σημεῖα

167 2493 288 2569 ἴδῃ,
315 2495 409 2548 κᾶν
440 2501 649 2571 τέρατα,
680 2501 816 2569 μένει
846 2501 939 2555 τὴν
967 2497 1127 2555 αὐτὴν
1171 2500 1376 2570 ἔχουσα
1403 2496 1556 2550 πάλιν
1584 2495 1765 2549 ἀναισ-

167 2591 411 2658 χυντίαν.

245 2680 343 2728 Καὶ
371 2683 604 2748 παρῆγεν
625 2675 810 2737 οὕτως.
841 2674 1111 2738 Ἐϐάδιζεν
1149 2677 1327 2742 οὕτως⁹
1362 2681 1434 2749 μὴ
1469 2680 1765 2750 φαινόμενος

167 2763 364 2826 αὐτοῖς.

419 2859 564 2907 [Cl-34L
608 2851 661 2908 1’.
688 2858 812 2928 Περὶ
839 2861 931 2907 τοῦ
971 2854 1026 2908 ἔκ
1062 2864 1267 2927 γενετῆς
1296 2854 1510 2927 τυφλοῦ.

240 2946 341 2995 Καὶ
370 2973 440 2982 -
467 2952 691 3013 γενετῆς.
718 2942 940 2996 Βεϐαιών
970 2943 1006 2996 ἃ
1034 2941 1161 3009 εἷπε,
1192 2949 1282 2997 καὶ
1310 2947 1649 3016 πιστούμενος
1683 2947 1762 2996 ὅτι

167 3035 292 3090 Θεὸς
340 3030 502 3096 ἔστιν,
559 3031 708 3092 εύθύς
739 3034 952 3105 ἔρχεται
999 3031 1083 3085 ἐπὶ
1138 3035 1313 3104 θαῦμα
1364 3038 1632 3104 μέγιστον,
1673 3038 1762 3084 καὶ
1795 3047 1834 3102 C

166 3125 324 3186 μήπω
407 3124 572 3191 μέχρι
620 3125 735 3172 τότε
789 3125 1076 3192 γενόμενον.
1134 3119 1328 3193 Τυφλοὶ
1375 3125 1464 3193 μὲν
1515 3125 1616 3195 γὰρ
1674 3126 1762 3173 καὶ

165 3207 314 3259 ἄλλοι
372 3206 648 3278 ἀνέϐλεψαν
693 3224 705 3237 ³
748 3208 936 3280 τυφλός
991 3205 1049 3262 δὲ
1107 3208 1154 3261 ἐν
1201 3219 1408 3280 γενετῆς
1439 3212 1548 3281 (74)
1589 3206 1761 3271 ούδεὶς

164 3298 300 3370 ἄχρι
319 3303 454 3350 τότε.
494 3300 580 3349 Διό
609 3302 699 3348 καὶ
725 3295 1014 3368 ἀναϐλέψας
1044 3297 1210 3370 ἔλεγεν
1261 3318 1273 3330 ·
1309 3299 1395 3352 Ἐκ
1426 3307 1516 3351 τοῦ
1575 3299 1762 3360 αἰῶνος

163 3386 256 3439 ούκ
287 3387 524 3444 ἠκούσθη
550 3387 630 3438 ὅτι
676 3385 847 3448 ἤνοιξε
871 3405 946 3447 τις
984 3386 1277 3459 ὀφθαλμούς
1305 3389 1496 3460 τυφλοῦ
1525 3407 1761 3460 γεγεννη-

163 3493 340 3548 μενον.

240 3747 338 3796 Καὶ
395 3773 464 3784 -
513 3745 732 3815 γεννηθῇ
765 3743 1091 3819 ςἘρωτῶσιν
1158 3745 1262 3816 ούχ
1317 3747 1386 3806 ὡς
1433 3752 1588 3798 τοῦτο
1636 3747 1762 3798 πάν-

162 3850 260 3892 τως
315 3833 344 3891 ἣ
407 3834 566 3884 έκεῖνο
630 3832 1094 3906 ὑπολαμϐάνοντες,
1150 3836 1382 3908 καθάπερ
1437 3837 1486 3887 οἱ
1551 3833 1762 3894 ἀνόητοι

163 3918 416 3974 Ἰουδαῖοι
443 3936 458 3951 ⁸
484 3926 542 3974 τὸ
570 3925 662 3993 μὶν
711 3924 813 3996 γὰρ
871 3923 1119 3996 ἁμαρτεῖν
1170 3927 1268 3997 πρὸ
1329 3931 1422 3976 τοῦ
1451 3927 1762 3996 γεννηθῆναι

163 4007 442 4080 ἀδύνατον,
475 4015 532 4063 τὸ
565 4007 623 4064 δε
647 4013 774 4086 ὑπερ
806 4021 906 4063 τῶν
933 4017 1122 4083 γονέων
1166 4012 1483 4074 κολάζεσθαι
1534 4011 1720 4066 ἄδικον
1745 4031 1757 4044 ·

163 4097 268 4151 ἀλλ’
301 4103 443 4152 ἔστιν
478 4101 503 4153 ὁ
531 4104 726 4163 σκοπὸς
774 4108 865 4154 τοῦ
895 4100 1051 4173 λόγου
1075 4109 1329 4162 τοιοῦτος.
1386 4102 1444 4154 Ὀ
1469 4105 1558 4174 μεν
1590 4106 1760 4177 παρά-

159 4187 311 4250 λυτος
343 4186 435 4241 διὰ
477 4191 570 4250 τὰς
615 4189 871 4262 ἁμαρτίας
923 4193 1082 4242 αὐτοῦ
1137 4191 1362 4258 ἠσθένει,
1422 4193 1594 4252 καθὼς
1659 4190 1764 4244 ἐκεῖ

160 4280 533 4350 μεμαθήκαμεν
583 4297 598 4312 ο
649 4283 766 4351 περὶ
816 4281 996 4331 τούτου
1038 4275 1097 4331 δε
1151 4280 1262 4347 (⁸751
1303 4284 1356 4330 τί
1408 4279 1571 4350 λέγεις
1613 4297 1626 4346 ;
1677 4284 1761 4340 Τίς

1261 316 1607 374 COMMENT
1647 317 1715 374 IN
1753 316 2102 374 JOANNEM.
2145 348 2213 359 —
2250 317 2408 372 CAP.
2452 314 2548 373 IX.

3404 317 3425 372 1
3437 317 3542 374 306

1955 443 2117 498 Vers.
2152 444 2240 498 57.
2267 442 2440 496 Et—
2490 441 2690 497 vidisti
2742 439 2771 495 ?
2823 439 3121 497 Putabant
3183 440 3342 496 enim
3399 457 3539 498 eum

1883 530 2066 588 ferme
2121 546 2254 586 esse
2304 530 2912 604 quinquagenarium,
2991 534 3233 601 propter
3286 530 3538 586 multam

1881 621 2014 693 ejus
2058 621 2331 692 peritiam
2381 625 2437 676 et
2481 619 2927 692 experientiam.
2998 618 3281 685 Quaedam
3337 626 3537 675 autem

1883 710 2248 781 exemplaria
2317 708 2557 774 habent,
2607 708 3037 781 quadraginta,
3082 708 3260 782 ,quod
3308 708 3541 765 videtur

1881 815 2008 855 esse
2039 799 2250 854 verius.

1953 889 2113 942 Vers.
2194 891 2278 944 58.
2334 887 2506 944 Dixit
2571 918 2639 927 —
2705 889 3198 959 sum.Tanquam
3244 887 3418 942 Deus.
3476 887 3541 943 Et

1880 992 1996 1033 non
2049 977 2217 1041 dixit,
2279 979 2400 1046 Ego
2441 991 2606 1032 eram
2648 995 2666 1047 ;
2701 976 2826 1043 sed,
2877 976 3003 1047 Ego
3027 991 3175 1044 sum,
3233 977 3331 1048 qui
3387 991 3543 1032 sem-

1879 1083 1986 1137 per
2016 1083 2173 1122 sum.
2205 1067 2344 1123 Fieri
2374 1066 2664 1138 siquidem
2696 1065 2778 1121 rei
2809 1071 3020 1121 creatae
3051 1069 3170 1133 est;
3199 1067 3345 1122 Sum
3376 1081 3538 1129 vero,

1878 1155 2155 1212 iucreatas
2217 1161 2272 1212 et
2299 1161 2531 1212 creatas.

1950 1247 2112 1301 Vers.
2149 1247 2233 1301 59.
2276 1247 2566 1302 Tulerunt
2604 1277 2666 1286 —-
2699 1261 2846 1302 eum.
2873 1245 3119 1302 Veloces
3184 1245 3261 1301 ad
3291 1244 3535 1302 caedem.

1880 1335 2219 1406 Exasperati
2253 1341 2390 1391 sunt
2443 1335 2601 1390 enim
2651 1340 2930 1404 putantes
2977 1334 3194 1404 injuria
3257 1333 3536 1391 affectum

1880 1441 2012 1480 esse
2070 1424 2374 1481 Abraham
2426 1443 2440 1478 :
2482 1424 2657 1480 simul
2705 1425 2902 1489 etiam,
2962 1424 3064 1480 ubi
3117 1424 3539 1495 cognovissent

1879 1513 2045 1587 quod
2075 1515 2173 1569 Dei
2204 1514 2584 1570 aeternitatem
2619 1513 2731 1569 sibi
2763 1513 3108 1570 vindicaret.

1952 1604 2118 1659 Vers.
2149 1605 2238 1661 59.
2270 1605 2430 1658 ,Ιεειιε
2469 1610 2662 1658 autem
2687 1605 3016 1659 occultatus
3057 1609 3158 1659 est.
3189 1603 3297 1658 Per
3326 1603 3538 1660 divini-

1881 1695 2013 1751 tatis
2039 1695 2366 1767 potentiam
2397 1693 2706 1750 invisibilis
2758 1695 2844 1749 eis
2878 1693 3144 1750 effectus.

1806 1803 1846 1858 Β
1953 1785 2116 1838 Vers.
2144 1785 2233 1838 59.
2277 1784 2355 1839 Et
2385 1815 2452 1824 —
2500 1783 2726 1852 templo.
2787 1786 2854 1839 Ut
2910 1782 3146 1838 illorum
3181 1783 3414 1840 sedaret
3447 1783 3534 1839 fu-

1881 1889 2075 1929 rorem
2086 1914 2098 1925 .

1953 1963 2118 2018 Vers.
2145 1968 2230 2020 59.
2265 1963 2664 2020 Pertransiens
2709 1993 2775 2003 —
2804 1962 3065 2018 illorum.
3100 1964 3242 2018 Cum
3276 1961 3356 2018 illi
3397 1978 3534 2018 eum

1879 2053 2078 2109 videre
2122 2068 2241 2108 non
2287 2057 2556 2124 possent.
2621 2054 2686 2106 Et
2726 2067 2912 2123 quare
2945 2067 3066 2106 non
3125 2051 3388 2108 dissolvit
3420 2051 3539 2107 illo-

1877 2158 2013 2198 rum
2043 2142 2341 2206 virtutem,
2375 2148 2432 2196 et
2492 2141 2808 2196 manifeste
2882 2141 3123 2196 recessit
3168 2139 3196 2194 ?
3241 2141 3386 2206 Quia
3429 2156 3538 2196 nec

1879 2231 1964 2287 sic
2012 2231 2289 2286 credituri
2362 2234 2551 2286 erant.
2629 2229 2853 2285 Etenim
2903 2234 3172 2300 tempore
3229 2230 3535 2300 passionis

1876 2322 2126 2394 supinos
2158 2321 2290 2377 illos
2320 2321 2551 2392 dejecit,
2601 2335 2932 2390 eorumque
2995 2324 3266 2390 aspectus
3323 2319 3537 2374 obscu-

1873 2413 2045 2478 ravit,
2091 2417 2147 2467 et
2193 2427 2315 2467 non
2366 2409 2762 2465 crediderunt.
2818 2411 2966 2464 Nam
3021 2409 3224 2464 anima
3275 2408 3536 2480 reproba

1875 2501 2024 2557 nihil
2051 2507 2138 2557 est
2167 2501 2340 2573 pejus
2370 2516 2382 2554 :
2415 2499 2548 2556 licet
2577 2498 2734 2554 enim
2777 2499 2952 2568 signa
2995 2498 3194 2555 videat
3231 2514 3301 2554 ac
3334 2497 3534 2569 prodi-

1874 2591 1989 2661 gia,
2019 2607 2186 2646 suam
2219 2595 2417 2646 tamen
2450 2603 2688 2660 semper
2717 2587 2929 2643 retinet
2957 2586 3424 2659 impudentiam.

1943 2681 2108 2736 Vers.
2145 2681 2214 2736 59
2255 2681 2334 2736 Et
2363 2681 2450 2736 ita
2474 2677 2835 2750 praeteribat.
2879 2676 3248 2734 Ambulabat
3281 2677 3381 2743 ita,
3414 2691 3535 2732 non

1873 2786 2168 2844 apparens
2205 2769 2340 2825 illis.

2230 2860 2382 2916 CAP.
2413 2860 2478 2914 X.
2513 2859 2591 2913 De
2618 2873 2752 2913 creco
2782 2873 2820 2912 a
2846 2857 3174 2912 nativitate.

1943 2951 2082 3022 Cap.
2131 2950 2230 3004 IX.
2286 2950 2428 3005 Vers
2466 2954 2512 3003 t.
2563 2948 2639 3003 Et
2683 2977 2753 2987 —
2783 2947 3113 3002 nativitate.
3165 2943 3538 3000 Confirman-

1871 3039 1970 3103 dn,
2019 3038 2184 3111 quod
2249 3039 2497 3101 dixerat,
2552 3037 2856 3107 ﬁdemque
2886 3035 3130 3100 faciens,
3171 3034 3336 3107 quod
3381 3035 3536 3090 Deus

1871 3133 2028 3182 esset
2067 3127 2266 3182 statim
2340 3127 2502 3182 venit
2553 3126 2628 3180 ad
2677 3123 3033 3180 miraculum
3087 3124 3444 3188 maximum,
3478 3129 3536 3179 et

1871 3233 2061 3289 usque
2092 3217 2167 3272 ad
2199 3216 2256 3270 id
2285 3215 2569 3287 temporis
2600 3228 2916 3284 nunquam
2949 3211 3192 3267 factum.
3225 3213 3533 3284 Siquidem

1870 3310 1928 3360 et
1973 3305 2070 3360 alii
2111 3304 2251 3360 (εωοὶ
2294 3304 2488 3358 visum
2543 3307 2911 3372 receperunt,
2953 3316 3160 3356 verum
3194 3301 3294 3373 qui
3347 3317 3381 3357 a
3429 3316 3534 3356 na-

1871 3393 2092 3449 tivitate
2145 3409 2338 3449 cacus
2391 3393 2616 3459 fuisset,
2668 3389 2868 3444 nullus
2935 3404 3125 3460 usque
3157 3389 3234 3444 ad
3279 3389 3339 3443 id
3393 3393 3537 3444 tem-

1870 3499 2004 3556 pus.
2039 3483 2176 3538 ldeo
2226 3481 2426 3547 etiam,
2486 3481 2588 3553 qui
2620 3479 2817 3534 visum
2877 3479 2946 3549 (j)
2977 3477 3214 3548 recepit,
3248 3476 3486 3532 dicebat
3517 3478 3532 3520 ε

1869 3574 1917 3628 Α
1952 3572 2165 3628 εαοιιιο
2203 3585 2319 3624 non
2381 3575 2463 3625 est
2503 3569 2796 3632 auditum,
2851 3566 3007 3638 quod
3056 3565 3354 3636 aperuerit
3384 3567 3536 3638 quis-

1867 3662 2028 3732 piam
2063 3661 2253 3716 oculos
2276 3659 2410 3715 caeci
2461 3658 2593 3714 nati
2641 3659 2708 3711 ⁸ο.

1943 3753 2109 3805 Vers.
2184 3753 2236 3803 2.
2295 3749 2374 3804 Et
2421 3753 2746 3804 nasceretur
2793 3746 2822 3803 ?
2887 3743 3355 3816 lnterrogabant,
3410 3759 3531 3801 non

1871 3839 2035 3911 quod
2087 3839 2198 3894 hoc
2230 3843 2333 3894 aut
2360 3837 2508 3893 illud
2535 3835 2784 3892 omnino
2807 3834 3274 3907 suspicarentur,
3333 3850 3534 3907 quem-

1871 3927 2202 3984 admodum
2270 3926 2616 3998 insipientes
2689 3924 2926 3989 Judaai;
2978 3939 3120 3978 nam
3183 3922 3344 3979 hunc
3401 3939 3536 3994 pec-

1871 4032 2059 4080 casse,
2133 4021 2460 4088 antequam
2518 4019 2696 4070 natus
2764 4017 2937 4077 esset,
2989 4011 3364 4083 impossibile
3411 4017 3535 4068 erat

1871 4121 2050 4177 porro
2076 4121 2182 4176 pro
2228 4104 2579 4175 parentibus
2647 4102 2844 4174 puniri
2878 4102 3166 4171 injustum
3209 4117 3222 4164 ;
3265 4100 3368 4155 sed
3399 4100 3533 4156 finis

1872 4193 2167 4249 sermonis
2221 4192 2348 4248 talis
2406 4197 2513 4247 est.
2567 4190 2932 4260 Paralyticus
2989 4188 3234 4260 quidem
3293 4193 3534 4260 propter

1871 4286 2118 4352 peccata
2157 4297 2266 4336 sua
2313 4280 2666 4348 aegrotabat,
2726 4279 2875 4332 sicut
2914 4277 2994 4332 ibi
3040 4276 3362 4330 didicimus
3401 4291 3413 4331 :
3459 4276 3532 4331 de

163 4368 410 4438 ἥμαρτεν,
467 4365 612 4425 οὗτος
650 4365 680 4424 ᾖ
732 4367 780 4417 οἱ
824 4373 992 4437 γονεῖς
1059 4366 1216 4417 αὐτοῦ
1273 4369 1466 4438 ςήμείς
1497 4369 1598 4440 γὰρ
1646 4368 1762 4419 οὔτε

1891 4387 1986 4425 10c
2018 4375 2238 4430 autem.
2309 4368 2451 4426 auid
2514 4367 2662 4422 dicis
2711 4365 2738 4420 ?
2785 4367 2921 4434 Quis
2967 4366 3248 4434 peccavit,
3307 4363 3424 4428 hic,
3455 4379 3529 4421 an

160 4459 314 4504 τοῦτο
336 4455 452 4504 οὔτε
481 4451 638 4506 ἐκεῖνο
670 4449 939 4527 δυνάμεθα
976 4453 1158 4525 λέγειν,
1194 4454 1446 4514 παντελῶς
1478 4453 1762 4528 ἐξαπορού-

159 4559 325 4614 μενοι.

232 4727 281 4763 ⁸ο
300 4727 474 4784 Joan.
505 4743 584 4797 ix,
617 4729 703 4784 32.

1867 4465 2137 4528 parentes
2169 4460 2294 4528 ejus
2333 4456 2362 4511 ἲ
2411 4472 2521 4512 nos
2553 4455 2713 4511 enim
2743 4469 2936 4526 neque
2975 4453 3107 4516 hoc.
3162 4467 3356 4525 neque
3387 4452 3532 4509 illud

1871 4546 2064 4602 dicere
2117 4561 2461 4619 possumus,
2512 4544 2762 4601 omnino
2793 4541 3124 4600 conturbati
3155 4541 3529 4615 consilioque

1871 4635 2154 4692 destituti.

1364 4829 1588 4900 Variae
1618 4831 1947 4900 lectiones
1982 4842 2046 4900 et
2087 4840 2289 4902 notae.

226 4971 339 5042 (Τί)
361 4970 592 5026 Scilicet
621 4969 1054 5042 Chrysostomi,
1079 4971 1182 5043 qui
1203 4972 1487 5028 audacter
1515 4975 1596 5030 ita
1624 4989 1748 5030 cor-

155 5043 322 5116 rexit.
373 5043 514 5098 Vide
556 5047 698 5098 tom.
730 5043 871 5116 Vill,
904 5059 1044 5116 pag.
1076 5047 1212 5116 324.
1255 5044 1751 5116 Chrysostomum

153 5113 422 5193 sequitur
440 5129 602 5197 unus
619 5130 690 5171 ex
707 5113 1014 5197 codicibus
1041 5113 1498 5197 Mosquens‘rbus
1520 5117 1750 5197 N.Te_st.

155 5197 212 5246 κ.
236 5186 338 5255 qui
372 5189 458 5239 est
481 5201 612 5240 cum
657 5186 921 5241 scholiis.
964 5186 1268 5254 Origenes,
1322 5187 1424 5259 qui
1456 5193 1604 5244 tom.
1648 5190 1749 5253 XX,

152 5255 213 5310 in
237 5255 525 5336 Joannem
559 5255 687 5312 haec
715 5259 857 5336 data
893 5273 1076 5336 opera
1129 5259 1566 5336 interpretatur,
1589 5259 1752 5315 hunc

152 5342 396 5399 versum
453 5333 643 5383 totum
706 5329 1104 5399 praetermisit.
1152 5335 1478 5388 Πεντήκοντα
1512 5336 1753 5385 servant

151 5396 352 5468 Cyrill.
388 5404 424 5453 t.
449 5399 574 5474 iV,
602 5415 658 5469 p.
693 5396 794 5455 585
822 5401 881 5454 C.
918 5401 1391 5474 ;‘Theophylact.
1429 5417 1486 5474 p.
1527 5403 1633 5474 690
1667 5405 1704 5456 E
1737 5418 1750 5467 ;

151 5484 407 5598 ἔθνει-[ιβ
445 5471 505 5524 in
537 5472 759 5527 Catena
811 5471 1092 5538 Corderii,
1134 5471 1192 5545 ρ.
1216 5471 1326 5529 243
1379 5491 1392 5542 ;
1429 5471 1484 5530 et
1513 5473 1750 5530 codices

196 5542 527 5597 robatiores
557 5557 782 5598 omnes.

196 5541 527 5597 robatiores
557 5557 782 5598 omnes.

225 5718 304 5789 (j)
338 5718 448 5788 Qui
477 5719 685 5777 visum.
721 5721 886 5777 Forte
916 5720 1080 5793 legit,
1112 5717 1197 5778 διὸ
1237 5727 1325 5775 καὶ
1353 5723 1378 5775 ὁ
1433 5721 1745 5800 ἀναϐλέψας.

1929 4977 2042 5048 (72)
2076 4975 2311 5048 Inclusa
2350 4974 2585 5048 absunt
2618 4975 2684 5030 Α.
2719 4975 2974 5036 Κτίστης,
3005 4969 3317 5042 quomodo
3347 4971 3527 5048 etiam

1864 5045 2205 5104 Eustathius
2241 5046 2454 5110 scribit,
2487 5047 2592 5118 qui
2650 5061 2789 5102 cum
2849 5049 3033 5118 κτίτης
3059 5045 3392 5114 comparat.
3415 5058 3526 5118 pro

1863 5119 2227 5192 substantivo
2262 5114 2524 5192 accipio,
2567 5133 2706 5182 non,
2773 5121 2832 5172 ut
2883 5117 3193 5186 interpres,
3227 5129 3336 5184 pro
3365 5114 3527 5172 adie-

1864 5191 2042 5246 ctivo.

1935 5262 2046 5333 (73)
2067 5263 2086 5317 Ι
2095 5266 2150 5317 ta
2177 5261 2527 5333 plerumque
2543 5259 3004 5331 Chrysostomus
3021 5262 3277 5320 oratorie
3295 5262 3524 5326 laudat,

1861 5332 2034 5387 Joan.
2068 5349 2226 5388 mu.
2259 5337 2310 5395 6,
2335 5332 2518 5386 ἔπεσον
2549 5338 2748 5404 χαμαί.

1931 5403 2321 5469 (74)Ι“εννητῆς.

1936 5474 2048 5544 (75)
2073 5478 2132 5527 Δὶ
2162 5475 2333 5532 abest
2372 5482 2438 5529 A.
