4098 6420
651 310 783 364 κιο-1

644 525 790 580 catis
814 526 925 581 hos
982 528 1121 584 dicit
1173 546 1303 586 esse
1355 531 1678 596 immunes,
1736 534 1840 588 sed
1901 539 2199 606 quantum
2227 534 2305 590 ad

644 612 724 678 id,
760 619 824 670 ut
852 631 1046 672 caecus
1075 619 1260 685 ﬁeret,
1321 626 1376 677 et
1403 621 1534 677 illos
1565 628 1621 679 et
1671 623 1831 679 hunc
1890 625 2020 678 sine
2058 629 2305 694 peccato

643 719 774 759 esse
801 707 1034 764 asserit.

715 795 857 850 Hinc
889 795 1088 868 itaque
1119 797 1427 865 discimus,
1475 802 1641 874 quod
1674 818 1785 874 pro
1824 802 2171 875 parentibus
2199 803 2302 874 qui

640 891 1041 953 peccaverunt
1062 903 1180 943 non
1203 891 1534 962 puniuntur
1581 891 1705 948 ﬁlii.
1735 893 2091 964 Quanquam
2141 893 2302 948 enim

641 973 700 1027 in
757 972 906 1029 libro
959 977 1142 1032 Exodi
1188 981 1261 1034 de
1319 979 1437 1035 Deo
1486 982 1775 1053 scriptum
1820 987 1910 1037 est
1965 1000 1977 1036 :
2041 983 2302 1039 Reddens

636 1071 1132 1132 peccatapatrum
1163 1067 1226 1123 in
1252 1071 1425 1136 ﬁlios,
1458 1071 1520 1126 in
1560 1073 1795 1128 tertiam
1823 1079 1876 1128 et
1904 1078 2181 1144 quartam
2208 1087 2302 1142 ge-

640 1153 1003 1211 nerationem
1037 1158 1106 1225 3',
1156 1162 1357 1214 tamen
1407 1169 1650 1233 propter
1689 1162 1850 1218 solos
1894 1162 2025 1218 illos
2073 1163 2298 1217 dictum

641 1246 748 1307 est,
794 1244 899 1314 qui
951 1245 1029 1299 ab
1079 1247 1354 1303 Israelitis
1403 1252 1716 1320 progeniti,
1750 1257 1947 1306 essent
1990 1251 2163 1306 idolis
2197 1251 2301 1305 im-

641 1330 940 1386 molaturi.
976 1337 1122 1390 Nam
1171 1339 1314 1409 quia
1364 1339 1573 1394 imitati
1636 1340 1877 1396 fuerunt
1931 1340 2298 1412 impietatem

639 1425 959 1492 parentum
1008 1440 1278 1488 suorum.
1320 1429 1422 1499 qui
1449 1429 1506 1484 in
1545 1429 1768 1500 Egypto
1825 1431 2144 1487 idololatrie
2178 1431 2301 1486 fue-

639 1515 793 1572 rant.
823 1513 1032 1568 merito
1071 1516 1429 1587 supplicium
1473 1519 1709 1575 illorum
1765 1521 2022 1576 reddidit
2066 1523 2149 1576 eis
2179 1538 2190 1574 :
2226 1523 2300 1577 si-

638 1599 882 1672 quidem
937 1619 1196 1673 quorum
1249 1607 1504 1678 tequalia
1553 1609 1713 1664 fuere
1785 1610 2017 1675 delicta,
2079 1612 2296 1667 horum

635 1690 895 1761 inqualia
931 1707 1174 1765 quoque
1211 1703 1348 1752 sunt
1385 1698 1699 1769 supplicia.
1750 1701 2132 1756 Postmodum
2157 1717 2297 1757 vero

638 1778 828 1851 legem
858 1786 1146 1850 statuens,
1201 1785 1281 1840 ait
1343 1802 1448 1857 per
1501 1789 1696 1844 Mosen
1731 1811 1744 1845 :
1776 1791 1909 1845 Non
1966 1792 2298 1848 morientur

635 1869 753 1935 ﬁlii
779 1885 890 1938 pro
943 1873 1239 1942 patribus,
1293 1891 1480 1947 neque
1524 1885 1724 1945 patres
1766 1895 1878 1947 pro
1937 1881 2080 1948 ﬁliis
2128 1883 2195 1933 ⁸³.
2231 1883 2294 1936 Et

637 1973 845 2013 rursus
869 1975 969 2030 per
992 1963 1250 2018 Ezechiel
1282 1965 1423 2020 dicit
1451 1982 1463 2020 :
1496 1969 1629 2033 Quae
1667 1968 1825 2024 vobis
1870 1977 1951 2024 est
1997 1971 2295 2037 parabole

638 2047 762 2103 haec
801 2048 863 2102 in
907 2057 1070 2107 terra
1119 2053 1327 2116 Israel.
1384 2062 1448 2110 ut
1497 2058 1730 2118 dicatis.
1785 2060 1996 2115 Patres
2045 2061 2294 2116 comede-

636 2141 779 2193 runt
810 2154 978 2194 uvam
1023 2149 1319 2208 acerbam,
1372 2151 1424 2200 et
1454 2148 1654 2203 dentes
1684 2149 1941 2218 ﬁliorum
1985 2150 2294 2217 obstupue-

637 2234 820 2283 runt?
873 2230 1010 2285 Vivo
1036 2246 1160 2300 ego,
1186 2233 1328 2288 dicit
1362 2237 1664 2300 Dominus,
1691 2239 1741 2292 si
1766 2239 1876 2293 erit
1899 2239 2174 2307 deinceps
2191 2255 2294 2308 pa-

633 2318 846 2373 rabola
879 2318 1024 2383 hac,
1054 2323 1154 2376 sed
1184 2339 1383 2380 eorum
1417 2327 1520 2396 qui
1541 2328 1898 2384 comederint
1931 2345 2104 2384 uvam
2134 2345 2296 2386 acer-

636 2406 762 2462 bam
789 2408 991 2464 dentes
1014 2411 1420 2481 obstupescent
1462 2418 1528 2468 ⁸³.

705 2498 868 2553 Vers.
902 2502 954 2553 3.
985 2500 1101 2556 Sed
1129 2533 1190 2542 —
1244 2503 1388 2570 ipso.
1447 2506 1640 2576 Opera
1696 2506 1791 2561 Dei
1849 2512 2024 2562 vocat
2077 2507 2296 2562 forma-

634 2588 853 2644 tionem
882 2589 1195 2646 oculorum
1223 2594 1356 2647 caeci
1381 2593 1453 2647 de
1508 2595 1768 2665 pulvere.
1824 2597 1972 2660 Quia
2022 2597 2181 2652 enim
2234 2597 2292 2652 in

634 2679 904 2733 confesso
930 2684 1055 2734 erat
1082 2696 1238 2751 opus
1293 2681 1478 2737 fuisse
1539 2683 1636 2738 Dei
1696 2684 2117 2740 formationem
2162 2701 2294 2740 cor-

633 2769 795 2840 poris
828 2768 1019 2823 Adam
1051 2770 1124 2823 de
1181 2772 1420 2840 pulvere
1454 2788 1470 2827 :
1514 2774 1608 2827 hic
1660 2774 1838 2828 etiam
1896 2774 2098 2829 oculos
2127 2776 2288 2836 caici.

636 2856 1094 2928 pulcherrimam
1136 2861 1402 2931 corporis
1455 2869 1706 2933 partem,
1757 2862 1972 2917 format
1996 2863 2069 2918 de
2097 2864 2293 2935 pulve-

633 2960 739 3000 re:
774 2951 836 2999 ut
857 2945 1262 3003 hiocindubie
1305 2951 1454 3004 Deus
1499 2956 1809 3022 appareat,
1872 2957 2071 3023 utpote
2119 2969 2290 3026 aeque

634 3038 862 3104 potens,
895 3041 952 3091 ut
984 3036 1136 3091 Deus
1178 3057 1189 3093 :
1225 3054 1365 3094 nam
1397 3042 1498 3111 qui
1558 3041 2023 3111 pulcherrimam
2059 3048 2286 3114 partem

634 3124 712 3179 ita
742 3123 1031 3194 formavit,
1065 3134 1266 3198 posset
1305 3135 1360 3185 et
1393 3135 1581 3186 totum
1616 3129 1928 3186 formasse.

701 3305 816 3359 Aut
849 3319 1029 3376 opera
1089 3305 1186 3361 Dei
1235 3306 1376 3362 dicit
1432 3308 1723 3364 occultam
1783 3308 2108 3365 divinitatis
2165 3327 2289 3365 sum

631 3394 972 3462 potentiam,
1028 3411 1160 3468 quae
1207 3401 1347 3452 tunc
1402 3398 1595 3464 magis
1633 3399 1931 3470 apparuit.
1988 3399 2138 3465 Quid
2198 3415 2294 3455 er-

630 3473 903 3554 gofnisi
961 3484 1055 3540 hic
1132 3487 1353 3542 damno
1427 3487 1675 3542 affectus
1734 3486 1963 3552 fuisset,
2014 3504 2131 3544 non
2189 3504 2290 3561 po.

629 3577 820 3629 terant
880 3572 1049 3628 aliter
1114 3574 1479 3630 manifestari
1529 3577 1625 3631 Dei
1692 3593 1875 3650 opera
1940 3578 1968 3632 ?
2025 3579 2291 3637 Poterant

629 3661 895 3734 quidem,
930 3663 1037 3717 sed
1091 3680 1285 3736 neque
1339 3665 1435 3720 hic
1480 3666 1706 3722 damno
1756 3667 2004 3722 affectus
2029 3674 2136 3732 est,
2168 3669 2289 3724 imo

630 3752 826 3823 potius
857 3751 1205 3807 beneficium
1257 3755 1484 3825 accepit
1536 3772 1548 3810 :
1609 3771 1715 3828 per
1764 3757 2086 3812 caecitatem
2149 3774 2288 3812 ocu-

628 3840 825 3896 lorum
858 3842 1122 3912 corporis
1155 3848 1329 3913 aptos
1359 3843 1586 3899 habens
1629 3846 1840 3900 animae
1879 3846 2104 3901 oculos.
2141 3849 2287 3902 Nam

628 3944 766 4002 quae
827 3929 1057 3986 illorum
1123 3937 1209 3986 est
1267 3932 1505 3999 utilitas,
1559 3934 1607 3988 si
1657 3935 1714 3990 hi
1769 3936 1953 3990 clausi
2003 3935 2287 3991 sint‘tLi-

628 4018 809 4074 citum
873 4021 1069 4092 itaque
1118 4020 1224 4076 fuit
1283 4024 1534 4078 Creatori
1575 4040 1801 4079 circum
1844 4024 2005 4079 hunc
2061 4041 2281 4089 creare,

628 4124 747 4164 non
778 4108 1101 4180 puniendo,
1140 4110 1244 4164 sed
1294 4111 1731 4183 dispensatorio
1766 4113 1967 4181 modo,
2010 4119 2072 4168 ut
2101 4129 2285 4185 opera

629 4199 730 4255 Dei
770 4199 1314 4266 manifestarentur,
1348 4206 1403 4257 et
1432 4201 1527 4257 hic
1574 4219 1644 4258 ex
1703 4218 1773 4258 eo
1830 4208 2069 4275 apertos
2111 4202 2284 4258 habe-

627 4292 714 4345 ret
743 4289 960 4344 animae
989 4289 1212 4345 oculos.

699 4377 956 4444 Quidam
987 4394 1128 4435 vero
1171 4379 1488 4437 dictionem
1528 4386 1603 4448 ut,
1656 4398 1773 4438 non
1825 4381 2125 4438 causalem
2153 4397 2280 4437 esse

625 4466 845 4534 dicunt,
869 4468 973 4524 sed
999 4469 1128 4540 ejus
1173 4470 1335 4542 quod
1365 4469 1619 4527 futurum
1649 4478 1774 4527 erat
1802 4472 2280 4540 signiﬁcativam,

626 4560 772 4628 puta
801 4560 964 4630 quod
995 4575 1175 4631 opera
1217 4560 1314 4615 Dei
1360 4561 1800 4617 manifestanda
1843 4567 2009 4617 erant
2041 4563 2098 4616 in
2128 4561 2281 4633 ipso.

629 4646 694 4701 Et
740 4647 927 4703 simile
976 4665 1104 4704 esse
1154 4649 1299 4712 aiut,
1352 4651 1510 4722 quod
1562 4652 1777 4706 dicitur
1833 4668 1844 4704 :
1898 4654 1963 4706 In
1986 4652 2281 4720 judicium

624 4751 725 4806 ego
750 4737 812 4791 in
843 4739 1132 4794 mundum
1183 4740 1332 4803 veni,
1367 4748 1428 4793 ut
1463 4743 1565 4811 qui
1611 4758 1726 4795 non
1776 4742 1972 4797 vident
2026 4743 2282 4809 videant,

625 4831 680 4882 et
709 4826 1024 4895 quivident
1060 4829 1196 4882 σεεσῖ
1222 4830 1373 4894 ﬁant
1416 4830 1459 4863 “
1497 4846 1509 4893 ;
1544 4831 1709 4885 aiunt
1735 4832 1893 4884 enim
1925 4830 2286 4900 signiﬁcare,

624 4912 790 4986 quod
821 4914 923 4986 qui
954 4930 1073 4970 non
1108 4916 1312 4973 vident
1342 4918 1649 4983 videbunt,
1679 4921 1845 4991 etqui
1878 4919 2073 4974 vident
2100 4935 2291 4974 excie-

696 5091 739 5126 ³¹
775 5090 954 5148 Exod.
980 5109 1077 5160 xx,
1231 5095 1461 5150 "Deut.
1486 5112 1624 5162 xxv,
1652 5097 1732 5152 16.

2341 1792 2492 1862 Βσίν
2544 1807 2556 1819 ·

1812 5099 1856 5131 ⁸³
1879 5096 2079 5154 Ezech.
2098 5113 2253 5160 xvui,
2278 5099 2389 5152 2-4.

1967 316 2315 373 ΕυτιιγΜιι
2359 317 2689 375 ZIGABENI
3827 331 3922 388 11m

716 435 875 491 νει-ε.
903 435 956 492 3.
987 438 1311 510 Respondit
1349 471 1417 484 —
1447 443 1596 512 ejus.
1634 442 1760 499 Non
1810 443 2061 500 omnino
2106 460 2141 500 a
2164 459 2308 516 pec-
2340 448 2386 500 Δ

2490 443 2774 519 Ἀπεκρίθη
2808 478 2873 488 -
2899 446 3081 501 αὐτοῦ.
3109 447 3185 500 Οὐ
3211 445 3468 511 παντελῶς
3491 446 3842 523 ἀναμαρτήτους
3863 459 3922 509 α).

2416 537 2532 594 τούς
2562 555 2742 606 φησιν,
2788 535 2898 588 ἀλλ’
2943 540 3064 590 ὅσον
3093 537 3166 599 εἰς
3208 541 3267 588 τὸ
3296 537 3615 610 τυφλωθῆναι
3644 559 3814 608 τουτον,
3842 545 3922 598 ἀνα-

2414 629 2714 696 μαρτήτους
2743 624 3012 688 κάκείνους
3045 631 3135 678 καὶ
3166 635 3346 679 τοῦτον
3377 629 3508 697 (76).

2486 801 2740 857 Ἐντεῦθεν
2808 804 2984 856 λοιπὸν
3231 807 3547 878 μανθάνομεν
3635 810 3704 859 ότι
3754 815 3920 882 πατέρων

2414 889 2810 965 ἁμαρτανόντων
2874 894 2934 946 οὐ
2992 894 3298 955 κολάζονται
3350 892 3555 956 παῖδες.
3611 897 3775 972 Εἰγὰρ
3804 901 3920 951 καὶέν

2412 989 2472 1051 τῇ
2521 980 2716 1053 Ἐξόδῳ
2773 989 2891 1056 περὶ
2941 993 3030 1036 τοῦ
3075 993 3208 1037 Θεοῦ
3269 989 3555 1058 γέγραπται
3617 988 3692 1037 ὃτι
3759 986 3921 1040 ’Δποδι-

2413 1065 2540 1132 δοὺς
2587 1072 2841 1144 ἁμαρτίας
2905 1077 3136 1144 πατέρων
3198 1073 3281 1126 ἐπὶ
3343 1079 3493 1126 τέκνα
3541 1073 3616 1126 ἐπὶ
3681 1081 3832 1147 τρίτην
3865 1085 3922 1129 ui

2411 1163 2659 1233 τετάρτην
2715 1165 2889 1233 γενεάν
2923 1181 2935 1193 ⁸
2970 1162 3097 1214 ἀλλὰ
3159 1160 3233 1216 δι’
3285 1162 3507 1224 ἐκείνους
3558 1169 3726 1234 μόνους
3779 1169 3922 1237 ticum

2410 1253 2532 1311 τοὺς
2578 1251 2849 1322 μέλλοντας
2901 1251 2955 1304 ἐκ
2996 1262 3094 1305 τῶν
3148 1253 3489 1324 Ἰσραηλιτῶν
3537 1250 3917 1325 εἰδωλολατρῆσαι.

2413 1338 2550 1392 Ἐπεὶ
2604 1344 2702 1415 γὰρ
2749 1340 3016 1402 έζήλωσαν
3071 1346 3163 1399 τὴν
3205 1340 3442 1394 ἀσέϐειαν
3509 1350 3608 1394 τῶν
3653 1344 3699 1394 έν
3739 1343 3920 1412 Αἰγύπτῳ

2411 1426 2960 1505 εἰδωλολατρησάντων
3025 1436 3213 1501 γόνέων
3306 1431 3497 1496 αὐτῶν,
3586 1428 3816 1484 ἀπέδωκεν
3866 1432 3920 1482 εὶ-

2410 1527 2519 1578 τοίς
2571 1523 2664 1576 τὴν
2716 1525 2969 1592 τιμωρίαν
3014 1519 3214 1572 έκείνων
3289 1520 3521 1580 εἰκότως.
3585 1527 3677 1571 Ὧν
3719 1523 3800 1590 γὰρ
3848 1525 3919 1570 im

2411 1609 2464 1658 αὶ
2497 1606 2748 1681 ἁμαρτίαι
2804 1609 2938 1678 (78),
2990 1612 3190 1669 τούτοις
3229 1613 3341 1661 ἶσαι
3395 1611 3599 1668 πάντως
3645 1614 3723 1659 καὶ
3759 1608 3918 1658 ainali-

2411 1716 2532 1757 σεις.
2591 1698 2834 1767 ’Υστερον
2899 1701 3001 1768 γὰρ
3081 1701 3368 1769 νομοθετῶν
3419 1695 3522 1750 διὰ
3580 1701 3818 1760 Μωυσέως,
3858 1718 3917 1767 φι-

2624 1788 2733 1840 Οὑκ
2828 1787 3208 1842 ἀποθανοῦνται
3285 1784 3471 1848 παῖδες
3554 1789 3674 1861 ὑπερ
3742 1793 3916 1857 πατίρωι.

2407 1873 2529 1929 οὐδε
2609 1883 2818 1949 πατέρες
2902 1880 3026 1949 ὐπὶρ
3087 1874 3290 1929 παίδων
3375 1893 3387 1907 ·
3458 1881 3552 1928 καὶ
3618 1872 3704 1928 διὰ
3746 1875 3914 1935 Ἰεζειιιέὶ

2405 1966 2559 2023 πήλιν
2607 1966 2778 2036 λέγει·
2833 1972 2895 2020 Τί
2945 1969 3121 2039 ὑμίνή
3179 1965 3450 2038 παραϐολὴ
3518 1967 3674 2031 αὕτη,
3723 1964 3912 2034 λεγόντων,

2407 2058 2471 2108 οἱ
2493 2062 2703 2128 πατέρες
2718 2060 2905 2129 εφαγον
2927 2061 3249 2129 Superata,qu
3270 2059 3318 2108 οί
3344 2053 3560 2115 ὀδόντες
3578 2064 3673 2107 τῶν
3696 2055 3914 2112 Thasum}

2406 2142 2712 2215 ωμοδίασαν
2748 2163 2760 2212 ;
2793 2153 2875 2198 Ζῶ
2925 2147 3045 2217 ἐγὼ,
3077 2148 3214 2216 λέγει
3272 2148 3480 2220 Κύριος,
3526 2145 3570 2196 εἰ
3597 2148 3736 2196 ἔσται
3764 2145 3787 2200 ἡ
3814 2162 3914 2210 περι-

2406 2234 2528 2293 ϐολὴ
2559 2237 2690 2294 αὕτη
2746 2250 2760 2266 ⁶
2796 2236 2922 2287 ἀλλὰ
2948 2245 3046 2288 τῶν
3077 2240 3342 2309 φαγόντων
3395 2238 3486 2288 τὸν
3521 2239 3724 2307 ὄμφακα
3762 2228 3911 2304 apta.

2407 2344 2589 2377 σουσιν
2620 2328 2668 2377 οἱ
2708 2322 2931 2386 ὀδόντες.

2480 2503 2594 2556 Αλλ⁹
2649 2535 2718 2545 —
2781 2524 2945 2575 αντῳ,
3021 2505 3190 2576 Ἔργα
3239 2511 3329 2556 τοῦ
3379 2512 3519 2556 Θεου
3572 2502 3703 2573 λέγει
3761 2498 3901 2558 risit:

2405 2597 2536 2662 χοὸς
2591 2594 2780 2645 πλάσιν
2835 2604 2933 2645 τῶν
2987 2594 3263 2666 ὀφθαλμῶν
3320 2601 3410 2644 τοῦ
3469 2592 3679 2664 τυφλοῦ.
3724 2593 3895 2654 Ἐπείτυ

2405 2683 2810 2754 ὁμολογούμενον
2854 2687 3002 2754 ἔργον
3059 2691 3192 2736 Θεοῦ
3261 2679 3320 2741 ἦν
3377 2685 3402 2740 ὴ
3465 2681 3571 2734 ἀπὸ
3628 2684 3750 2753 χοὸς
3797 2679 3906 2730 κλάει

2403 2781 2494 2823 τοῦ
2527 2780 2760 2844 σωματος
2786 2781 2876 2824 τοῦ
2908 2769 3103 2844 ’Λδὰμ,
3160 2771 3261 2824 ἀπὸ
3318 2776 3451 2843 χοὸς
3495 2776 3587 2823 καὶ
3613 2771 3753 2830 αὑτός
3777 2767 3911 2820 alim!

2402 2865 2521 2922 τοὺς
2548 2861 2839 2933 ὀφθαλμοὺς
2893 2869 2984 2914 τοῦ
3037 2861 3248 2933 τυφλοῦ,
3300 2865 3357 2912 τὸ
3397 2860 3678 2912 καλλιστον
3723 2863 3842 2929 μέρος
3861 2861 3912 2903 τι)

2405 2958 2664 3022 σώματος,
2718 2954 2800 3004 ἶνα
2838 2950 3058 3004 ἐντεῦθεν
3111 2955 3288 3023 φανείη
3345 2951 3460 3020 (80)
3543 2953 3672 3010 θεὸς
3708 2943 3914 3016 Myer

2400 3040 2518 3108 λως,
2553 3037 2637 3093 οἶα
2689 3044 2755 3092 τὰ
2780 3044 2872 3093 ἶσα
2900 3050 2972 3112 τῷ
3003 3048 3117 3110 Θεῷ
3157 3037 3464 3112 δυνάμενος.
3518 3037 3578 3090 ὀ
3612 3041 3707 3110 γὰρ
3759 3040 3804 3087 τὸ
3838 3033 3915 3082 xil-

2328 3129 2575 3212 ρλιστον
2631 3135 2784 3205 μέρος
2837 3131 2973 3182 οὕτω
3043 3129 3267 3193 πλάσας,
3323 3125 3550 3190 δυνατὸς
3604 3133 3688 3179 καὶ
3738 3128 3786 3177 τὸ
3846 3122 3916 3172 ῑισν

2401 3219 2619 3276 πλάσαι.

2472 3309 2536 3373 ..η
2571 3312 2696 3381 ἔργα
2733 3317 2825 3361 τοῦ
2881 3316 3012 3361 Θεοῦ
3066 3326 3198 3380 φησι
3227 3310 3319 3364 τὴν
3374 3310 3727 3380 κεκρυμμένην
3763 3298 3918 3367 ﬁnita

2402 3406 2490 3458 τῆς
2550 3401 2791 3460 θεότητος
2838 3398 3015 3464 αὐτοῦ,
3087 3401 3202 3457 ἥτις
3263 3401 3380 3447 τότε
3429 3395 3622 3466 μᾶλλον
3685 3393 3833 3463 ἀφανῆ.
3884 3392 3920 3437 τι

2401 3485 2527 3553 οὖν;
2561 3489 2602 3540 εἰ
2650 3493 2721 3558 μὴ
2757 3487 3010 3543 ἐκολάσθη
3072 3486 3242 3548 οὗτος,
3301 3483 3393 3536 οὐκ
3455 3484 3573 3542 ἐνῆν
3625 3484 3784 3555 ἑτέρως
3824 3493 3922 3547 γεοε-

2399 3580 2629 3650 Ρωθῆναί
2681 3581 2744 3630 τὰ
2801 3581 2922 3648 εΡἹα
2973 3584 3064 3628 τοῦ
3118 3583 3251 3628 θεοῦ
3301 3592 3314 3640 ς
3369 3576 3520 3632 Ἐνῆν
3572 3577 3658 3645 μὲν
3709 3575 3822 3641 (81).
3854 3564 3920 3616 ἀλλ’

2400 3665 2523 3720 οὐδε
2553 3668 2697 3728 οὗτος
2738 3667 3017 3733 ἐκολάσθη,
3067 3664 3256 3736 μᾶλλον
3299 3668 3388 3735 μεν
3439 3659 3528 3714 οὖν
3566 3659 3840 3733 εὖηργετήθη
3864 3651 3923 3703 δια

2398 3766 2492 3817 τῆς
2523 3763 2798 3831 πηρώσεως
2831 3766 2927 3806 τῶν
2969 3763 3060 3806 τοῦ
3095 3760 3331 3824 σώματος
3362 3751 3658 3823 ὀφθαλμῶν,
3705 3743 3923 3810 eum»;

2398 3851 2511 3906 τοὺς
2542 3854 2636 3908 τῆς
2664 3846 2868 3916 ψυχῆς.
2907 3848 2969 3896 Τί
2989 3846 3088 3915 γὰρ
3119 3842 3294 3913 ὄφελος
3347 3839 3551 3893 ἐκείνων
3605 3843 3719 3891 ὅταν
3746 3836 3920 3900 aisais:

2398 3935 2660 4008 βλέπωσιν
2692 3952 2704 4000 ;
2739 3935 2888 3996 Ἐξῆν
2922 3930 3008 3985 οὖν
3035 3941 3106 4002 τῷ
3152 3937 3347 4003 κτίστῃ
3384 3929 3572 4002 τυφλόν
3613 3928 3753 3979 αὐτὸν
3778 3929 3918 3980 κτίσαι,

2395 4026 2452 4076 οὗ
2484 4025 2826 4084 κολαστικῶς,
2862 4021 2967 4073 ἀλλ’
3008 4022 3361 4091 οἰκονομικῶς,
3397 4020 3481 4070 ἱνα
3523 4037 3578 4070 τε
3625 4020 3685 4068 τὰ
3731 4019 3834 4086 ἔργα
3862 4028 3920 4059 του

2395 4123 2527 4166 Θεοῦ
2564 4115 2827 4186 φανερωθῇ
2867 4127 2879 4140 ⁸
2928 4115 3017 4162 καὶ
3066 4110 3223 4172 αὐτὸς
3276 4104 3503 4160 ἐντεῦθεν
3573 4102 3806 4172 ἀναφέρῃ
3861 4114 3920 4149 τιν

2391 4204 2594 4275 ψυχήν.

2462 4385 2606 4443 Τίνες
2656 4377 2714 4433 δε
2780 4384 2834 4432 τό
2891 4380 2974 4430 ἱνα
3051 4377 3144 4430 οὐκ
3218 4375 3566 4448 αἰτιολογικὸν
3619 4372 3832 4444 λέγουσιν
3875 4382 3920 4413 εν-

2394 4474 2582 4534 ταῦθα,
2657 4469 2783 4521 ἀλλὰ
2839 4465 3127 4525 δηλωτικόν
3213 4473 3306 4518 τοῦ
3358 4465 3629 4538 μέλλοντος
3657 4463 3731 4514 ὅτι
3757 4471 3920 4529 φανερω-

2398 4565 2644 4621 θήσονται
2720 4561 2785 4610 τὰ
2842 4561 2968 4631 ἔργα
3008 4564 3099 4608 τοῦ
3172 4563 3307 4609 Θεοῦ
3388 4553 3435 4606 έν
3503 4553 3665 4621 αὐτῷ.
3738 4551 3918 4600 Τοιοῦτον

2399 4650 2455 4704 δὴ
2505 4652 2614 4719 (82)
2661 4646 2790 4701 εἶναι
2815 4652 2904 4698 καὶ
2930 4653 2986 4698 τό
3024 4665 3036 4676 ·
3074 4646 3156 4706 Εἰς
3209 4649 3373 4717 κρίμα
3430 4641 3528 4714 εγὼ
3564 4642 3636 4702 εἰς
3662 4642 3737 4691 τὸν
3781 4645 3916 4699 "71"”

2398 4749 2578 4792 τοῦτον
2660 4734 2834 4799 ἦλθον,
2936 4736 3017 4786 ἶνα
3102 4736 3151 4786 οἱ
3251 4738 3323 4804 μὴ
3403 4731 3676 4804 βλέποντες
3727 4725 3913 4798 βλέπωσι,

2400 4833 2488 4881 καὶ
2541 4829 2588 4880 οἱ
2638 4825 2911 4897 βλέποντες
2965 4823 3170 4896 [τυφλοὶ
3217 4824 3332 4893 (83)
3393 4825 3661 4891 γένωνται,
3713 4814 3912 4901 Instante

2402 4921 2502 4991 γὰρ
2569 4895 2648 4968 ὅτι
2691 4918 2739 4967 οἱ
2791 4920 2860 4985 μή
2937 4912 3208 4986 βλέποντες
3269 4910 3550 4984 βλίψουσι,
3615 4911 3700 4959 καί
3752 4906 3794 4956 οἱ
3844 4895 3902 4967 βὶί

2471 5095 2704 5151 l".loan.
2733 5108 2812 5160 ix,
2837 5092 2926 5147 39.

1826 5273 2051 5342 Varia;
2071 5272 2401 5341 lectiones
2432 5280 2499 5341 et
2538 5279 2740 5340 notae.

692 5467 814 5542 (76)_
836 5467 1022 5542 Credo
1075 5466 1419 5524 addendum
1452 5483 1586 5524 esse
1639 5469 1794 5541 λέγει,
1846 5475 1951 5527 aut
2000 5468 2276 5542 ἀποφαίνει

621 5544 724 5595 aut
739 5537 854 5595 tale
871 5537 1033 5610 quid.

691 5611 803 5684 (77)
837 5612 1185 5684 Μανθάνωμεν
1212 5613 1276 5665 Α.

689 5681 802 5752 (78)
833 5685 1038 5735 Τούτων
1064 5681 1123 5738 Α’.

688 5753 805 5828 (79)
828 5755 912 5813 Ita
929 5753 1328 5812 etiamlaudat
1351 5754 1648 5827 Chrysost.
1679 5759 1818 5811 tom.
1853 5754 1992 5820 Vlll,
2010 5756 2195 5830 p.327
2214 5757 2272 5810 Β.

2458 5468 2571 5542 (80)
2595 5473 2741 5542 se»;
2774 5473 2838 5542 Α,

2481 5535 2570 5610 81)
2595 5535 2740 5598 Ἐνῆν
2771 5540 2860 5610 μζν
2886 5535 3107 5592 absunt
3137 5537 3208 5593 Α.

2481 5605 2572 5666 82)
2592 5605 2784 5664 Τοῦτον
2813 5605 2871 5662 δέ
2902 5614 2957 5662 Β.

2481 5677 2574 5739 83)
2601 5681 2836 5739 Inclusa
2869 5677 3212 5736 exciderunt
3239 5679 3304 5732 A.

2554 5545 2574 5754 ξ
