4098 6438
124 330 260 389 1309

124 458 318 530 ποντες]
383 456 852 532 τύφλωθήσονταιο
906 458 964 513 ού
1021 459 1121 535 γὰρ
1183 457 1279 514 διὰ
1345 467 1498 513 τοῦτο
1549 456 1719 525 ἦλθεν,
1755 457 1800 511 Α

127 549 207 599 ἵνα
254 550 302 599 οὶ
348 546 620 620 βλέποντες
662 549 843 622 τυφλοὶ
888 553 1157 621 γένωνται.
1211 555 1311 603 Καὶ
1350 551 1374 602 6
1428 549 1624 610 Παῦλος
1665 546 1724 602 δέ

128 657 192 710 φη
204 657 283 689 σιν
301 653 314 667 ⁸
336 643 504 710 Νόμος
527 639 892 713 παρεισῆλθεν,
914 641 996 691 ἱνα
1016 639 1271 711 πλεονάσῃ
1290 642 1347 691 τὸ
1367 640 1718 712 παράπτωμα.

125 724 226 797 [ού
255 727 365 797 (84)
399 732 496 800 γὰρ
544 725 638 780 διὰ
679 735 832 780 τοῦτο
861 728 1225 802 παρεισῆλθεν,
1271 727 1378 779 ἀλλ’
1428 730 1507 780 ὅτι
1554 727 1723 799 μέλλει

126 815 405 867 πλεονάσαι
437 817 493 868 τὸ
524 815 902 891 παράπτωμα,]
941 822 1030 870 καὶ
1060 817 1224 870 πολλὰ
1249 825 1484 870 τοιαῦτα.
1519 814 1723 890 ἰδίωμα

125 906 224 978 γὰρ
249 909 337 957 καὶ
359 913 511 959 τοῦτο
538 915 631 968 τῆς
662 912 886 980 Γραφῆς.

198 1083 316 1155 Ἐμὲ
368 1115 437 1124 -
493 1103 575 1155 με.
627 1085 747 1157 Ἐμὲ
799 1081 879 1138 δεῖ
935 1085 1251 1157 ἐργάζεσθαι
1306 1087 1371 1137 τὰ
1423 1088 1549 1159 ἔργα
1607 1085 1720 1157 (85)

125 1173 192 1224 τὰ
222 1168 524 1225 δεικνύοντα
554 1192 617 1245 με
645 1176 763 1226 Υἰὸν
796 1181 882 1226 τοῦ
918 1178 1140 1249 Πατρός,
1183 1179 1272 1227 καὶ
1313 1177 1426 1227 ἴσον
1467 1183 1540 1246 τῷ
1584 1183 1716 1246 Θεῷ.

123 1258 243 1333 Ἐμὲ
294 1267 404 1336 χρὴ
464 1271 709 1338 φανεροῦν
749 1265 990 1335 ἐμαυτὸν9
1052 1265 1120 1326 ὡς
1172 1263 1549 1337 φιλάνθρωπον,
1617 1265 1718 1329 ἵνα,

126 1346 222 1402 διὰ
265 1359 366 1402 τῶν
417 1355 662 1404 τοιούτων
702 1356 861 1428 ἔργων
908 1356 1392 1428 χειραγωγούμενοι
1449 1357 1578 1428 πρὸς
1629 1358 1722 1411 τὴν

127 1440 200 1502 εἰς
228 1439 317 1513 ἐμὲ
345 1445 524 1494 πίστιν
557 1444 605 1494 οἱ
631 1444 912 1517 ἄνθρωποι,
956 1447 1025 1514 μὴ
1073 1441 1384 1495 ἀπόλωνται.
1421 1444 1575 1516 Ἐμοῦ
1619 1447 1720 1518 γὰρ

125 1528 614 1602 ἐνανθρωπήσαντος
645 1528 898 1584 ἀδύνατον
927 1533 1162 1591 σωθῆναί
1185 1552 1301 1584 τινα
1331 1532 1530 1609 ἑτέρως,
1577 1533 1620 1585 εἰ
1647 1537 1718 1606 μὴ

127 1614 222 1672 διὰ
251 1628 344 1682 τῆς
375 1619 446 1682 εἰς
477 1619 562 1694 ἐμὲ
593 1625 828 1682 πίστεως.

196 1796 328 1858 Ἐως
365 1800 536 1873 ἡμέρα
585 1798 742 1853 ἐστιν.
795 1798 924 1861 Ἐως
977 1801 1002 1852 6
1033 1807 1210 1874 παρὼν
1264 1800 1388 1854 αἰών
1421 1801 1581 1868 ἐστιν,
1637 1804 1725 1864 ἔως
1763 1807 1806 1863 Β

125 1887 152 1938 6
194 1885 307 1960 βίος
345 1889 492 1950 οὗτος
537 1893 871 1960 συνέστηκεν,
921 1890 1010 1951 ἕως
1070 1891 1238 1953 ἔξεστι
1285 1897 1389 1952 τοῖς
1439 1891 1729 1966 ἀνθρώποις

126 1975 288 2049 ἐργάζ
293 1979 461 2030 εσθαι.

199 2065 455 2138 Ἔρχεται
529 2099 598 2107 --
682 2066 1018 2140 ἐργάζεσθαι.
1105 2067 1360 2144 Ἔρχεται
1436 2072 1461 2122 6
1537 2070 1728 2143 μέλλων

129 2153 276 2222 αἰὼν,
309 2157 391 2207 ὅτε
443 2151 616 2218 ούδεὶς
647 2153 868 2208 δύναται
924 2155 1240 2230 ἑργάζεσθαι
1266 2163 1323 2210 τὸ
1353 2162 1611 2212 πιστεύειν
1664 2161 1730 2221 εἰς

130 2241 236 2315 ἐμέ.
290 2245 574 2316 Ἐργασίας
627 2248 727 2319 γὰρ
766 2247 792 2297 6
845 2251 1024 2319 παρὼν
1081 2251 1258 2320 καιρὸς
1293 2267 1305 2280 ·
1358 2249 1384 2299 6
1429 2245 1488 2302 δὲ
1538 2248 1730 2322 μέλλων

129 2329 550 2395 ἁνταποδὸσεως.
599 2332 721 2385 Ὀτι
775 2331 834 2386 δε
904 2333 1154 2407 ἐργασίαν
1224 2335 1444 2390 ἐνταῦθα
1494 2342 1589 2396 τὴν
1640 2347 1730 2390 τοῦ

128 2424 392 2473 πιστεύειν
420 2420 574 2493 λέγει,
611 2418 768 2481 δῆλον
796 2421 896 2474 ἀπὸ
924 2430 1014 2475 τοῦ
1047 2423 1204 2476 εἰπεῖν
1235 2425 1424 2496 ὀπίσω,
1458 2428 1537 2479 ὅτι
1567 2433 1731 2480 Τοῦτό

128 2509 242 2561 ἔστι
266 2512 321 2562 τὸ
352 2513 500 2583 ἔργον
525 2518 618 2563 τοῦ
642 2519 796 2576 Θεοῦ,
819 2514 902 2566 ἵνα
926 2516 1245 2572 πιστεύσητε
1271 2514 1341 2578 εἰς
1365 2517 1417 2567 ὃν
1436 2513 1730 2569 ἀπέστειλεν

129 2598 338 2662 ἐκεῖνος.

198 2688 258 2740 Ὀ
285 2692 376 2762 μὲν
416 2687 504 2742 οὖν
543 2693 770 2762 Χριστὸς
825 2692 1022 2768 ἡμέραν
1069 2695 1159 2765 μὲν
1205 2690 1413 2746 ἐκάλεσε
1465 2697 1552 2746 τὸν
1600 2714 1727 2770 παρα

128 2783 252 2831 ὁντα
317 2778 480 2831 αἰῶνα
547 2775 640 2832 διὰ
701 2783 760 2832 τὸ
827 2779 1064 2853 ἐνεργόνο
1135 2781 1248 2853 (86)
1310 2784 1472 2834 νύκτα
1525 2779 1584 2836 δε
1645 2787 1730 2836 τὸν

131 2867 380 2940 μέλλοντα
418 2864 513 2921 διὰ
550 2872 608 2920 τὸ
639 2867 821 2943 ἀεργὸν
847 2887 858 2899 ·
914 2871 940 2922 6
990 2867 1049 2922 δὲ
1094 2870 1208 2942 (87)
1256 2871 1457 2933 Παῦλος
1514 2873 1731 2925 τούναν-

130 2962 238 3008 τίον
293 2960 455 3009 νύκτα
483 2961 573 3030 μὲν
611 2962 699 3010 τὸν
741 2962 974 3031 παρόντα
1020 2959 1183 3011 αἰῶνα
1237 2956 1330 3012 διὰ
1388 2965 1482 3019 τὴν
1533 2960 1730 3020 πλάνην

127 3049 219 3096 καὶ
271 3051 364 3103 τὴν
404 3047 615 3116 ἄγνοιαν
662 3051 751 3098 καὶ
807 3051 864 3098 τὸ
916 3052 1102 3110 σκότος
1148 3056 1246 3099 τῶν
1296 3051 1495 3114 παθῶν,
1535 3051 1729 3122 ἡμέραν

133 3130 191 3185 δὲ
221 3137 307 3185 τὸν
334 3133 584 3205 μέλλοντα
615 3132 709 3186 διὰ
737 3138 796 3186 τὸ
814 3132 980 3206 μηδὲν
1008 3139 1148 3206 ἔχειν
1178 3138 1372 3188 τούτων
1399 3155 1410 3166 ’
1437 3144 1566 3209 φησί
1587 3141 1686 3212 γὰρ
1711 3154 1724 3167 ·
1761 3157 1800 3213 C

128 3222 186 3274 Ἠ
214 3223 306 3285 νύξ
335 3223 641 3297 προέκοψεν,
675 3225 704 3281 ἡ
736 3219 794 3276 δὲ
821 3227 990 3299 ἡμέρα
1018 3228 1255 3296 ἤγγικεν.

198 3397 360 3451 Ὀταν
421 3430 489 3439 -
544 3404 767 3472 κόσμου.
827 3405 925 3452 Καὶ
984 3404 1094 3474 χρὴ
1150 3403 1265 3461 τοὺς
1330 3403 1728 3474 ἑσκοτισμένονς

127 3488 446 3561 φωτίζεσθαι
496 3486 590 3541 διὰ
630 3493 870 3554 πίστεως,
922 3493 1020 3562 πρὸ
1050 3497 1140 3542 τοῦ
1186 3489 1474 3562 μεταϐῆναι
1521 3510 1584 3563 με
1627 3490 1728 3544 ἀπὸ

127 3586 220 3630 τοῦ
257 3583 478 3650 κόσμοῦ.
512 3583 610 3631 Καὶ
655 3576 702 3628 ἐν
750 3586 822 3648 τῷ
869 3575 1314 3649 πεντεκαιδεκάτῳ
1364 3576 1423 3632 δὲ
1469 3580 1728 3652 κεφαλαίῳ

125 3666 442 3739 πλατύτερον
471 3672 588 3742 περὶ
619 3669 804 3719 τούτου
831 3666 982 3738 λέγει.
1039 3672 1102 3720 Τί
1159 3665 1245 3719 οὖν
1271 3685 1283 3735 ;
1336 3667 1384 3720 ἐν
1427 3677 1496 3740 τῷ
1528 3669 1726 3742 ούρανῲ

124 3757 195 3807 ὧν
225 3756 318 3807 ούκ
348 3759 460 3808 ἔστι
505 3765 606 3828 φῶς
645 3764 736 3808 τοῦ
765 3761 1006 3827 κόσμου;
1055 3755 1235 3810 Ἔστιν
1261 3774 1272 3786 ⁸
1309 3756 1436 3809 ἀλλὰ
1478 3766 1565 3810 νῦν
1610 3765 1726 3832 περὶ

122 3854 219 3907 τῆς
259 3845 305 3896 ἐν
349 3853 411 3917 τῇ
448 3845 560 3917 (88)
610 3852 674 3918 γῇ
727 3841 1008 3918 διατριϐῆς
1049 3847 1208 3898 αὐτοῦ
1258 3867 1434 3918 φησιν,
1493 3847 1602 3920 ἅμα
1635 3852 1724 3920 μὲν

117 3937 528 4007 προτρεπόμενος
579 3932 653 3994 εἰς
724 3937 905 3984 πίστιν
979 3931 1090 4005 ἅμα
1143 3929 1202 3986 δὲ
1251 3937 1338 3986 τὸν
1390 3935 1510 3987 ὅσον
1581 3939 1724 3988 οὔπω

121 4023 343 4075 θάνατον
375 4021 532 4074 αὐτοῦ
561 4017 899 4095 παραδηλῶν.

193 4117 372 4164 Ταῦτα
427 4111 581 4163 εἰπὼν
636 4141 706 4152 —-
760 4111 972 4184 τυφλοῦ.
1034 4117 1182 4164 Διατί
1247 4117 1319 4184 μὴ
1372 4120 1504 4184 χοῦν
1569 4118 1722 4186 μόνον

114 4199 289 4252 λακὼν
343 4198 622 4273 ἐπέχρίσε;
678 4205 820 4254 Διότι
891 4202 918 4253 6
965 4208 1100 4272 χοῦς
1157 4203 1275 4254 ἄνευ
1348 4203 1511 4274 ὑγροῦ
1585 4223 1723 4264 τινος

113 4288 216 4342 ούκ
244 4289 564 4361 ἐπιχρίεται.
609 4294 708 4343 Καὶ
735 4286 884 4343 διατι
913 4289 1018 4361 οὐχ
1048 4287 1226 4361 ὕδατι,
1276 4289 1404 4343 ἀλλὰ
1450 4293 1724 4364 πτύσματι

114 4377 284 4436 πηλὸν
313 4377 591 4447 ἐποίησεν;
631 4377 741 4433 Ἰνα
763 4387 834 4450 τῷ
889 4383 1159 4453 πτύσματι
1205 4378 1462 4454 ἐπιγραφῇ
1521 4382 1636 4452 (89)
1663 4384 1721 4434 τὸ

117 4469 318 4540 θαῦμα.

195 4560 294 4610 Καὶ
357 4588 426 4598 -
478 4556 700 4630 Σιλωάμ.
760 4556 1040 4628 Νίψασθαι
1095 4560 1185 4630 μεν
1241 4556 1455 4626 κελεύει,
1517 4553 1722 4620 δεικνὺς

113 4648 198 4700 ὅτι
238 4645 298 4699 ού
341 4650 526 4720 χρείαν
567 4643 679 4719 εἶχε
733 4654 824 4698 τοῦ
869 4651 1043 4717 ·χοός’
1103 4645 1208 4698 ἀλλ’
1253 4645 1520 4720 ἐχρήσατο
1552 4650 1719 4720 τούτῳ

113 4739 249 4810 πρὸς
272 4738 330 4787 τὸ
371 4731 591 4798 διδάξαι
621 4741 792 4807 μόνον,
840 4737 921 4786 ὅτι
952 4735 1108 4796 αὐτὸς
1152 4734 1292 4787 ἐστιν
1323 4736 1348 4786 6
1400 4735 1515 4787 κατ’
1549 4734 1720 4810 ἀρχὰς

114 4827 170 4880 ἐκ
200 4830 334 4900 χοὸς
362 4825 562 4885 πλάσας
594 4827 649 4876 τὸ
701 4833 854 4896 σῶμα
898 4831 990 4875 τοῦ
1036 4821 1232 4896 Ἀδάμ.
1281 4825 1613 4878 Ἀποστέλλει
1659 4821 1718 4877 δὲ

1751 4519 1796 4573 D

114 4917 272 4970 αύτὸν
328 4916 398 4978 εἰς
451 4919 543 4974 τὴν
590 4911 958 4989 κολυμϐήθραν
1009 4921 1100 4966 τοῦ
1150 4913 1354 4988 Σιλωὰμ
1405 4913 1581 4991 πόρρω
1633 4911 1717 4967 οὗ-

117 5025 236 5073 σαν,
295 5005 378 5056 ἶνα
424 5011 552 5077 φανῇ
609 5004 639 5062 ἠ
693 5008 872 5064 πίστις
923 5007 1012 5055 καὶ
1065 5003 1322 5056 εὐπείθεια
1369 5012 1460 5056 τοῦ
1500 5003 1712 5075 τυφλοῦ.

118 5089 262 5145 Ούδε
291 5095 392 5164 γὰρ
440 5092 642 5165 ὑποψία
684 5113 759 5154 τις
811 5089 892 5161 ἧν,
951 5094 1031 5145 ὅτι
1084 5095 1113 5152 ἡ
1176 5092 1517 5168 κολυμϐήθρα
1562 5095 1714 5167 θερα-

191 5270 238 5304 ⁸⁶
271 5273 439 5326 Rom.
469 5286 522 5339 ν,
556 5273 645 5328 20.

722 5273 770 5309 "
803 5275 972 5330 Joan.
1003 5287 1085 5340 vx,
1117 5275 1205 5329 29.
1285 5273 1330 5307 ⁸⁷
1365 5275 1532 5329 Rom.
1562 5289 1679 5344 xui,
1721 5277 1802 5328 1'2.

1187 5477 1408 5548 Variae
1455 5477 1783 5547 lectiones

180 5622 294 5691 (84)
334 5619 568 5678 Inclusa
595 5620 942 5677 exciderunt
970 5624 1034 5676 A.

212 5696 301 5766 85)
341 5698 444 5746 Τοῦ
468 5692 770 5766 πέμψαντός
806 5711 868 5764 με
899 5691 1064 5749 addit
1093 5691 1160 5750 A.

212 5696 301 5760 85)
341 5698 444 5746 Τοῦ
468 5695 686 5766 πέμψαν

185 5695 301 5835 (86)
340 5767 408 5817 T6
441 5767 594 5839 ἔργον
625 5771 686 5822 A.

1139 333 1512 391 COMMENT.
1562 333 1632 389 IN
1668 331 2012 389 JOANNEM.
2055 365 2120 374 —-
2159 332 2320 390 CAP.
2370 334 2462 389 IX.

3359 334 3491 392 1310

1834 457 2152 523 cabuntur,
2207 457 2504 531 siquidem
2537 473 2658 516 non
2700 463 3014 532 propterea
3053 459 3236 526 venit,
3270 466 3334 518 ut
3386 463 3488 535 qui

1832 546 2037 602 vident
2075 547 2212 602 circi
2239 547 2404 602 ﬁant.
2439 549 2726 605 Praeterea
2762 555 2816 605 et
2873 549 3087 604 Paulus
3139 551 3282 606 dicit
3322 570 3335 609 :
3369 553 3491 608 Lex

1827 637 2223 700 subintroivit,
2250 645 2311 692 ut
2335 637 2658 692 abundaret
2679 639 2958 695 delictum
2977 639 3024 674 ⁸³
3049 655 3062 706 ;
3097 654 3294 712 neque
3324 641 3484 696 enim

1830 732 2070 797 prOpter
2094 725 2207 780 hoc
2240 726 2636 795 subintroivit,
2671 727 2774 782 sed
2800 728 3058 801 aitquod
3097 729 3483 786 subsecutum

1830 820 1937 880 est,
1966 823 2030 870 ut
2065 815 2384 871 abundaret
2423 815 2717 884 delictum,
2773 822 2830 873 et
2878 817 3066 874 multa
3115 818 3486 889 hujusmodi.

1833 901 2138 975 Siquidem
2161 908 2216 960 et
2237 904 2351 960 hoc
2375 904 2692 976 Scriptum
2718 905 2944 962 idioma
2959 912 3068 973 est,
3084 906 3490 981 loquendique

1827 993 2177 1063 proprietas.

1903 1082 2061 1136 Vers.
2119 1085 2170 1136 4.
2207 1081 2302 1139 Me
2341 1113 2410 1122 —
2458 1098 2569 1140 me.
2603 1084 2694 1139 Me
2742 1089 2976 1158 oportet
2999 1087 3234 1159 operari
3283 1102 3486 1160 opera,

1830 1186 1958 1241 quae
1993 1187 2086 1225 me
2119 1171 2296 1227 Patris
2323 1187 2458 1228 esse
2488 1173 2699 1230 Filium
2736 1175 3057 1232 ostendant
3095 1181 3151 1232 et
3195 1177 3488 1249 aequalem

1832 1261 1973 1326 Deo;
1999 1276 2093 1314 me
2109 1267 2342 1332 oportet
2365 1262 2748 1319 manifestare
2771 1266 3270 1339 meipsum,quod
3300 1266 3491 1323 homi-

1831 1365 1975 1404 num
1996 1350 2106 1405 sim
2135 1359 2388 1417 amator,
2423 1353 2771 1409 uthomines
2794 1370 2898 1425 per
2920 1355 3270 1427 hujusmodi
3305 1373 3490 1427 opera

1831 1438 1907 1494 ad
1940 1438 2143 1506 ﬁdem,
2177 1441 2409 1511 quae'in
2460 1457 2554 1498 me
2585 1447 2691 1508 est,
2743 1445 2995 1511 attracti,
3039 1460 3159 1500 non
3218 1450 3488 1516 pereant.

1831 1528 2332 1600 Quandoquidem
2352 1531 2511 1586 enim
2528 1547 2768 1587 carnem
2787 1534 3195 1605 assumpsi,im
3206 1534 3490 1606 possibile

1831 1620 1922 1671 est
1949 1632 2053 1672 eos
2085 1617 2251 1673 aliter
2291 1619 2491 1675 salvos
2531 1620 2669 1682 fieri,
2715 1621 2828 1678 nisi
2859 1637 2966 1695 per
2995 1623 3200 1690 tidem,
3242 1625 3384 1696 quia
3427 1624 3487 1679 in

1834 1721 1929 1761 me
1955 1706 2213 1763 credent.

1908 1796 2067 1850 Vers.
2115 1801 2165 1852 4.
2218 1797 2408 1855 Donec
2445 1799 2564 1854 dies
2607 1807 2708 1856 est.
2772 1802 2964 1856 Donec
3014 1816 3272 1872 praesens
3314 1802 3490 1859 durat

1839 1885 2357 1953 saeculum,donec
2397 1891 2514 1943 vita
2538 1890 2662 1944 ham
2707 1890 3195 1956 consistit,donec
3231 1891 3490 1947 homini-

1840 1974 1953 2030 bus
1985 1980 2218 2047 operari
2246 1979 2608 2034 conceditur.

1910 2066 2068 2119 Vers.
2100 2068 2152 2121 4.
2185 2067 2342 2122 Venit
2367 2098 2434 2108 —
2469 2070 2716 2140 operari.
2747 2069 2915 2125 Venit
2949 2069 3212 2126 futurum
3243 2071 3490 2127 retribu-

1840 2152 2014 2209 tionis
2053 2156 2361 2210 saaculum.
2425 2157 2595 2222 Quod
2640 2163 2841 2214 autem
2881 2160 3290 2231 operationem
3331 2160 3491 2216 dicat

1839 2242 1957 2306 hic,
1989 2260 2110 2315 qua
2141 2245 2201 2299 in
2250 2246 2446 2317 ipsum
2500 2247 2854 2313 crederetur,
2887 2264 2958 2303 ex
3008 2265 3079 2304 eo
3110 2248 3488 2304 manifestum

1841 2334 2115 2404 estquod
2154 2335 2648 2406 superiusdixerit
2684 2354 2697 2391 :
2726 2337 2849 2394 Hoc
2879 2345 3106 2410 estopus
3131 2338 3254 2403 Dei,
3284 2344 3346 2392 ut
3369 2353 3492 2395 cre-

1839 2421 1986 2478 datis
2023 2423 2085 2478 in
2107 2438 2231 2480 eum
2263 2440 2424 2496 quem
2446 2425 2547 2482 itte
2567 2427 2723 2482 misit
2755 2426 2822 2480 ⁸⁸.

1911 2688 2174 2745 Christus
2191 2706 2453 2764 namque
2470 2707 2730 2764 praesens
2745 2691 3033 2748 saeculum
3054 2693 3282 2749 vocavit
3306 2692 3489 2762 diem,

1841 2792 1912 2834 eo
1933 2779 2097 2850 quod
2138 2782 2470 2853 operationi
2511 2785 2721 2854 aptum
2754 2788 2845 2839 est
2881 2781 3186 2842 :futurum
3221 2799 3362 2839 vero
3393 2799 3493 2840 no-

1840 2872 2015 2932 ctem,
2043 2869 2187 2940 quia
2214 2871 2271 2925 in
2312 2886 2383 2926 eo
2421 2887 2543 2927 non
2584 2871 2725 2926 ﬁent
2761 2887 2962 2944 opera.
3025 2871 3245 2926 Paulus
3290 2876 3491 2927 autem

1839 2971 1870 3010 e
1902 2957 2135 3013 diverso
2179 2965 2416 3015 noctem
2459 2960 2605 3016 dixit
2649 2977 2909 3032 praesens
2940 2959 3225 3016 saeculum
3257 2965 3493 3033 propter

1839 3061 2099 3101 errorem
2146 3053 2198 3102 et
2231 3047 2630 3118 ignorantiam
2673 3066 2744 3104 ac
2784 3049 3056 3105 tenebras
3095 3028 3520 3122 perturbatio-i

1840 3149 1984 3189 num
2018 3135 2240 3202 animi;
2282 3137 2443 3192 diem
2485 3155 2638 3207 vero,
2691 3138 2978 3204 futurum,
3011 3155 3082 3193 eo
3130 3139 3292 3210 quod
3345 3138 3492 3194 nihil

1839 3223 2054 3278 horum
2083 3225 2341 3280 habebit.
2375 3227 2635 3281 Aitenim
2671 3243 2682 3281 :
2725 3228 2865 3284 No.1:
2896 3228 3208 3298 prwcessit,
3242 3227 3366 3283 dies
3387 3243 3491 3283 au-

1841 3319 1954 3368 tem
1980 3315 2467 3386 appropinquavit
2494 3316 2562 3369 ⁸⁷.

1910 3401 2071 3456 Vers.
2101 3404 2155 3458 5.
2192 3404 2474 3470 Quandiu
2499 3435 2566 3443 ——
2594 3405 2811 3459 mundi.
2856 3405 2920 3459 Et
2949 3419 3072 3468 eos,
3117 3404 3220 3477 qui
3252 3403 3491 3459 obtene-

1838 3487 1990 3545 brati
2013 3495 2169 3561 sunt,
2189 3495 2419 3562 oportet
2441 3491 2760 3547 illuminari
2798 3491 3118 3564 perﬁdem,
3138 3493 3490 3564 priusquam

1839 3593 1874 3632 a
1905 3579 2134 3635 mundo
2172 3586 2497 3636 transeam.
2532 3581 2776 3637 Decimo
2819 3582 3022 3654 quinto
3070 3587 3268 3638 autem
3302 3580 3489 3652 capite

1837 3666 2012 3722 latius
2043 3670 2113 3723 de
2146 3669 2258 3725 hoc
2284 3669 2565 3742 loquitur.
2601 3671 2753 3736 Quid
2771 3686 2933 3741 ergo,
2954 3687 3088 3726 cum
3119 3670 3176 3724 in
3204 3670 3354 3726 ccelo
3381 3675 3487 3735 est,

1838 3773 1956 3812 non
1979 3765 2066 3813 est
2083 3759 2183 3815 lux
2202 3759 2458 3815 mundi?
2481 3763 2576 3816 Est
2593 3761 2818 3833 utique,
2845 3761 2948 3816 sed
2968 3777 3128 3816 nunc
3147 3761 3221 3816 de
3243 3776 3487 3816 conver-

1835 3846 2063 3902 satione
2095 3849 2280 3903 suain
2307 3853 2461 3905 terra
2491 3850 2652 3918 dicit,
2681 3849 2856 3905 simul
2885 3854 2941 3905 et
2963 3851 3039 3906 ad
3063 3849 3245 3904 fidem
3275 3848 3491 3905 adhor-

1837 3942 1989 4006 tans,
2006 3944 2062 3992 et
2078 3939 2485 4012 propinquam
2503 3955 2632 3995 esse
2659 3945 2911 3996 mortem
2929 3955 3102 3995 suam
3118 3938 3484 4010 signiﬁcans.

1905 4117 2062 4169 Vers.
2091 4117 2145 4170 6.
2189 4116 2291 4171 His
2330 4116 2506 4173 dictis
2532 4147 2599 4157 —
2623 4116 2768 4172 caeci.
2809 4118 3016 4182 Quaere
3053 4115 3247 4170 solum
3288 4115 3486 4187 pulve-

1831 4218 1956 4257 rem
2001 4209 2300 4276 sumptum
2330 4220 2450 4260 non
2481 4204 2664 4260 illevit
2691 4206 2719 4260 ‘l
2750 4205 2898 4269 Quia
2936 4203 3100 4259 solus
3143 4203 3336 4275 pulvis
3362 4203 3487 4258 sine

1832 4290 2035 4363 aliquo
2076 4293 2330 4348 humore
2378 4309 2497 4348 non
2529 4291 2746 4347 linitur.
2801 4295 2867 4347 Et
2899 4308 3084 4365 quam
3115 4292 3190 4347 ob
3238 4306 3486 4346 causam

1832 4385 2008 4451 sputo
2031 4385 2087 4436 et
2113 4396 2232 4437 non
2255 4397 2414 4453 aqua
2449 4381 2639 4437 lutum
2669 4380 2850 4437 fecit?
2885 4382 2952 4436 Ut
2989 4385 3164 4453 sputo
3189 4379 3487 4436 adscribe-

1831 4473 1992 4525 retur
2021 4469 2401 4525 miraculum.

1906 4559 2062 4614 Vers.
2119 4560 2173 4613 7.
2231 4559 2588 4615 Et—siloe.
2647 4559 2854 4614 Lavari
2899 4557 3093 4631 jubet,
3160 4558 3485 4614 ostendens

1829 4649 1992 4720 quod
2015 4648 2178 4704 nulla
2211 4649 2284 4704 sit
2315 4648 2575 4720 pulveris
2595 4649 2921 4704 necessitas
2955 4665 2967 4703 :
3003 4648 3110 4703 sed
3137 4664 3208 4703 eo
3231 4663 3374 4703 usus
3393 4652 3486 4704 est

1828 4739 2044 4802 solum,
2080 4743 2142 4793 ut
2183 4738 2457 4793 ostendat
2488 4754 2548 4792 se
2589 4752 2736 4802 esse,
2792 4737 2892 4808 qui
2939 4738 3012 4792 ab
3052 4737 3217 4793 initio
3265 4753 3485 4809 corpus

1827 4827 2016 4882 Adam
2051 4827 2125 4883 de
2192 4828 2431 4899 pulvere
2460 4827 2758 4882 formavit.
2802 4827 2967 4883 Mittit
2996 4833 3195 4883 autem
3238 4843 3375 4882 eum
3407 4827 3484 4882 ad

1827 4917 2122 4989 piscinam
2161 4916 2332 4983 Siloe,
2367 4932 2501 4989 qua:
2532 4915 2706 4984 longe
2733 4914 3012 4981 distabat,
3058 4920 3118 4971 ut
3173 4922 3485 4988 appareret

1825 5004 1974 5060 ﬁdes
2004 5021 2074 5061 ac
2105 5011 2385 5078 prompta
2405 5003 2928 5071 caiciobedientia;
2956 5019 3146 5074 neque
3169 5003 3328 5059 enim
3363 5002 3483 5060 ulla

1826 5099 1952 5150 erat
1989 5093 2355 5167 apparentia,
2379 5092 2545 5166 quod
2562 5091 2793 5165 piscina
2820 5091 2988 5148 illum
3011 5096 3477 5150 essetcuratura.

1821 5489 1884 5547 et
1914 5484 2116 5548 notae.

1919 5622 2011 5681 8³7)
2035 5625 2128 5674 Διά
2147 5625 2240 5681 την
2274 5618 2647 5676 ἀνταπόδοσιν.
2678 5619 2736 5673 Ὀ
2764 5615 2823 5673 δε
2850 5624 2914 5677 Α.

1898 5622 1986 5694 (87
2035 5625 2128 5674 Διά
2147 5625 2240 5681 την
2274 5622 2402 5676 ἄντα

1893 5622 2011 5839 (88)
2035 5700 2112 5783 ςΓῇ
2146 5693 2319 5786 abest~
2338 5699 2404 5750 A.

1919 5766 1986 5822 89
2050 5772 2319 5839 Επιτραφῃ
2355 5771 2404 5820 Β.

1919 5766 2007 5839 89)
2035 5766 2319 5840 Ἐπιτραφῇ
2355 5771 2410 5820 Β.
