4098 6426
684 320 815 376 1311

688 557 784 591 σου
813 542 952 601 τινὸς
975 540 1088 609 (90)
1111 537 1433 610 ἀπαλλαγήν.

757 629 918 684 Vers.
953 631 1004 682 7.
1026 629 1196 696 Quod
1223 658 1284 669 —
1313 630 1542 684 missus.
1573 627 1744 694 Quod
1784 627 2150 684 vocabulum
2179 627 2336 684 Siloe
2367 627 2411 681 Α

683 717 973 784 videlicet,
992 717 1155 791 quod
1170 723 1257 774 est
1272 719 1634 781 Hebraicum,
1659 718 2145 790 interpretatione
2165 721 2338 773 sonat

685 809 930 863 missus:
961 808 1110 876 ideo,
1147 813 1209 862 ut
1228 807 1461 878 Opinor,
1483 807 1642 880 quod
1664 814 1801 863 tunc
1827 823 2018 862 caecus
2043 807 2140 862 illo
2167 805 2340 861 fuerit

685 895 906 952 missus
935 912 947 960 ;
970 897 1376 968 praesignabat
1394 912 1655 969 namque
1679 895 1919 968 piscina:
1942 894 2338 967 appellatioid

682 985 848 1057 quod
879 985 1138 1040 futurum
1171 991 1315 1042 erat.

756 1076 918 1130 Vers.
945 1075 999 1128 7.
1024 1075 1269 1130 Abiit'—
1292 1075 1514 1132 videns.
1543 1074 1696 1130 Abiit
1718 1074 1860 1130 nihil
1895 1073 2202 1139 hiesitans,
2234 1073 2340 1128 sed

687 1165 996 1222 confestim
1069 1165 1378 1221 obediens.
1435 1165 1612 1236 Atqui
1669 1164 2068 1219 verisimiliter
2143 1163 2340 1218 dicere

687 1259 915 1327 poterat
945 1253 1127 1320 :Quid
1163 1253 1274 1309 hoc
1297 1254 1410 1310 sibi
1431 1254 1549 1310 vult
1573 1253 1602 1308 ?
1633 1269 1751 1308 non
1776 1254 1966 1324 potuit
1993 1269 2087 1308 me
2107 1254 2341 1308 curare?

683 1360 831 1400 num
885 1342 1152 1400 fortassis
1195 1343 1387 1399 illudit
1417 1359 1532 1408 me,
1580 1343 1913 1415 frustraque
1947 1343 2164 1398 mittit?
2195 1357 2337 1398 nam

685 1434 1021 1506 frequenter
1050 1433 1129 1487 ibi
1177 1433 1350 1497 lotus,
1385 1433 1527 1489 nihil
1562 1432 1764 1504 accepi
1798 1431 2084 1488 utilitatis.
2120 1433 2262 1486 Item
2286 1439 2341 1486 et

687 1523 898 1579 aliter:
946 1522 1002 1577 Si
1033 1522 1297 1578 futurum
1351 1527 1459 1590 est,
1494 1528 1556 1577 ut
1602 1522 1794 1577 lutum
1845 1537 1938 1576 me
1968 1525 2157 1590 sanet,
2195 1521 2337 1593 quid

687 1628 839 1685 opus
880 1616 985 1676 est,
1013 1616 1075 1666 ut
1096 1612 1155 1667 in
1187 1613 1342 1667 dicta
1369 1612 1596 1683 piscina
1634 1611 1796 1666 laver
1823 1610 1852 1666 ?
1880 1611 1928 1664 si
1961 1626 2102 1665 vero
2128 1609 2227 1665 illa
2253 1625 2340 1665 me

687 1706 966 1757 curatura
996 1706 1106 1765 est,
1137 1717 1273 1773 quae
1314 1700 1419 1758 fuit
1449 1700 1553 1756 luti
1603 1700 1927 1755 necessitas
1957 1700 1984 1754 ?
2026 1698 2139 1755 Sed
2196 1697 2342 1754 nihil

684 1790 1027 1862 hujusmodi
1053 1797 1156 1846 aut
1185 1790 1350 1856 dixit,
1377 1795 1480 1846 aut
1510 1789 1788 1858 cogitavit
1822 1805 1834 1843 :
1865 1789 1968 1844 sed
1994 1788 2342 1860 simpliciter

685 1881 954 1944 credens,
969 1880 1133 1952 quod
1148 1895 1218 1936 ea
1234 1896 1364 1952 quae
1379 1879 1455 1934 ad
1474 1879 1726 1935 salutem
1743 1895 1914 1934 suam
1931 1879 2338 1943 convenirent,

2035 317 2382 374 EUTHYMII
2429 317 2767 377 ZIGABENI

685 449 865 501 πεύσει
925 445 1097 503 αὑτὸν.
1168 447 1371 502 Πολλῶν
1453 450 1553 523 γὰρ
1615 449 1946 506 καθεχοίστην
2035 446 2139 501 ἐκεῖ
2196 451 2285 500 καὶ
2373 450 2686 520 νιπτομένων
2779 448 2867 498 καὶ
2947 444 3252 519 λουομένων,

3848 325 3936 381 1312

3344 441 3512 508 οὐδεὶς
3579 446 3682 519 εὗρί
3755 467 3850 502 ποτε
3890 473 3939 503 νο.

2516 625 2582 678 Ὀ
2641 657 2710 666 -
2758 624 3154 698 ἀπεσταλμένος.
3223 623 3385 698 Ὀπερ
3462 628 3636 697 ὄνομα,
3697 630 3747 678 τὸ
3803 629 3939 698 Σιλωὰμ

2449 712 2710 778 δηλονότι,
2767 715 3038 788 Ἐϐραῑκόν
3112 719 3185 780 ὅν,
3243 715 3569 789 ἑρμηνεύεται
3637 713 3937 788 amantium;

2449 802 2613 877 Οἶμαι
2644 802 2738 858 διὰ
2779 809 2866 858 τὸν
2909 804 3290 877 ἀπεσταλμένον
3323 804 3427 856 ἐκεῖ
3475 808 3588 856 τότε
3631 805 3807 875 τυφλόν,
3841 813 3939 878 “pu-

2449 892 2612 953 δήλου
2641 898 2742 968 γὰρ
2778 897 2808 954 ἡ
2843 904 2902 953 τῆ
2919 915 2939 956 ς
2961 893 3194 967 κολυμϐη
3206 896 3327 968 θρας
3351 894 3537 955 κλῆσις
3560 897 3615 945 τὸ
3639 893 3807 966 μελλον,

2519 1072 2771 1132 Ἀπῆλθεν
2855 1104 2918 1114 —
2982 1071 3204 1145 βλέπων.
3288 1071 3514 1131 ’Λπῆλθε
3598 1093 3664 1144 μη
3740 1069 3939 1145 διακριθιὲ;

2449 1162 2570 1223 ὅλως
2618 1161 2729 1214 ἀλλ’
2774 1162 2954 1223 εύθίως
3007 1163 3335 1230 ὑπακούσας,
3381 1167 3556 1214 καίτοι
3583 1162 3708 1223 εἰκὸς
3751 1160 3797 1220 ἦν
3829 1165 3939 1216 εἰπεῖν.

2447 1258 2510 1305 Τί
2538 1260 2691 1304 τούτο
2743 1250 3010 1324 βούλεται,
3051 1251 3146 1304 ούκ
3203 1247 3431 1311 ἠδύνατο
3493 1251 3638 1312 αὐτὸς
3685 1254 3938 1326 θεραπεύσαι

2449 1347 2649 1413 μήποτε
2730 1341 2898 1412 πλανᾲ
2972 1361 3036 1414 με
3096 1347 3186 1394 καὶ
3268 1344 3438 1413 μάτην
3510 1346 3718 1412 πέμπει·
3784 1342 3940 1399 πολλάκις

2448 1435 2549 1504 γὰρ
2591 1430 2692 1483 ἐκεῖ
2734 1429 3008 1503 νιψάμενος
3051 1427 3204 1484 ούδὶν
3249 1429 3558 1502 ἀπωνοίμην.
3607 1436 3699 1483 Καὶ
3730 1430 3866 1502 ἑτέρως
3895 1427 3937 1490 δι,

2450 1521 2510 1573 Εἰ
2553 1522 2578 1571 ὀ
2633 1520 2790 1580 πηλὸς
2841 1522 3164 1592 θεραπεύσει,
3212 1525 3293 1582 τίς
3344 1523 3373 1578 ἡ
3437 1524 3601 1592 χρεία
3652 1527 3732 1572 τού
3773 1519 3938 1588 νίψασθαι

2451 1610 2523 1671 εἰς
2571 1614 2664 1668 τήν
2713 1610 2984 1684 εἰρημένην
3043 1608 3538 1683 κολυμϐήθραν;Εὶ
3581 1605 3638 1661 δί
3684 1607 3815 1664 ἐκείνη
3856 1609 3939 1680 θερι-

2454 1702 2650 1764 πεύσει,
2694 1705 2773 1761 τίς
2804 1701 2833 1757 ἡ
2877 1703 3037 1771 χρεία
3079 1707 3171 1751 τοῦ
3202 1699 3405 1763 nni-.09;
3453 1697 3590 1752 Ἀλλ’
3625 1694 3757 1750 οὐδὲν
3795 1705 3936 1749 τοιαῦτα

2452 1791 2480 1848 ἦ
2540 1786 2673 1842 εἶπεν
2732 1790 2760 1847 ἦ
2817 1787 3123 1859 ἐλογίσατο·
3183 1788 3351 1849 ἁπλῶς
3382 1784 3442 1841 δὲ
3499 1791 3785 1848 πιστεύσας,
3822 1789 3874 1836 ὅτι
3904 1805 3936 1834 τε

2452 1882 2581 1950 πρὸς
2638 1881 2779 1930 ¹ίασιν
2850 1878 3011 1930 αὐτοῦ
3075 1882 3166 1930 καὶ
3244 1883 3493 1936 πεποίηκε
3566 1881 3650 1930 καὶ
3714 1875 3934 1947 προσέταξα

686 1973 743 2025 et
781 1969 1011 2025 fecisset
1063 1974 1115 2024 et
1151 1969 1441 2040 jussisset,
1494 1968 1754 2023 obedivit
1804 1973 1861 2024 et
1901 1968 2067 2032 abiit,
2128 1973 2180 2022 et
2239 1982 2304 2039 pe

2317 1983 2343 2022 r
2380 1989 2418 2042 Β
2455 1965 2667 2024 ἐπείσθη
2724 1972 2812 2019 καὶ
2868 1966 3086 2030 ἀπῆλθε,
3141 1972 3230 2018 καὶ
3281 1975 3374 2027 τῆς
3429 1969 3681 2026 τοιαύτης
3713 1970 3878 2022 πίστεως
3907 1983 3933 2011 συ

690 2057 868 2114 talem
900 2058 1081 2114 ﬁdem
1114 2075 1234 2113 non
1289 2064 1376 2113 est
1427 2074 1538 2114 sua
1571 2074 1677 2127 spe
1716 2057 2054 2113 frustratus.

762 2148 924 2202 Vers.
958 2147 1010 2200 8.
1057 2149 1252 2203 Vicini
1295 2149 1514 2219 itaque.
1565 2147 1724 2202 Vers.
1769 2148 1856 2200 tt.
1891 2147 2073 2202 visum
2125 2147 2336 2214 recepi.

687 2237 837 2302 Quid
869 2237 1004 2292 ais?
1033 2238 1218 2292 Homo
1246 2237 1381 2292 talia
1404 2236 1593 2292 facere
1613 2236 1851 2308 potest?
1882 2236 2152 2290 nondum
2186 2236 2347 2290 enim

687 2329 1094 2397 cognoscebat
1133 2344 1270 2383 eum
1307 2327 1488 2382 etiam
1507 2343 1638 2382 esse
1673 2329 1878 2382 Deum.
1921 2327 2047 2380 Non
2086 2325 2350 2381 dixitau-

686 2421 803 2472 tem
829 2431 842 2468 :
871 2414 1106 2488 Exspuit
1124 2417 1180 2470 in
1211 2421 1446 2478 terram,
1473 2431 1612 2471 nam
1642 2421 1780 2470 tunc
1806 2430 1927 2470 non
1951 2414 2198 2479 viderat;
2223 2415 2347 2479 sed,

687 2507 904 2561 Lutum
941 2507 1086 2576 fecit
1119 2512 1172 2561 et
1201 2507 1441 2562 inunxit
1467 2507 1667 2561 oculos
1709 2520 1903 2569 meos;
1937 2504 2052 2559 hoc
2084 2519 2348 2577 namque

692 2599 963 2650 senserat
1000 2611 1069 2651 ac
1099 2610 1274 2649 sensu
1307 2599 1500 2651 tactus
1534 2599 1919 2664 cognoverat.

758 2683 872 2738 Sed
905 2683 1065 2739 unde
1104 2684 1330 2750 didicit,
1355 2683 1513 2756 quod
1535 2685 1702 2738 Jesus
1735 2683 2029 2737 diceretur
2058 2682 2085 2736 ?
2110 2683 2353 2738 Interro-

691 2772 854 2841 gavit
884 2773 1092 2844 procul
1140 2773 1325 2828 dubio
1364 2788 1468 2827 eos
1497 2772 1599 2842 qui
1629 2777 1766 2826 tunc
1798 2776 2124 2842 praesentes
2153 2777 2346 2827 erant.

693 2861 1022 2916 Verisimile
1042 2862 1198 2916 enim
1222 2866 1332 2920 est.
1353 2861 1515 2934 quod
1545 2861 1724 2916 etiam
1754 2860 1920 2932 prius
1940 2859 2013 2915 de
2039 2861 2343 2916 miraculis

696 2949 854 3004 illius
883 2950 1135 3005 audierit
1169 2967 1182 3016 ;
1215 2950 1348 3006 ideo
1371 2950 1550 3006 etiam
1584 2949 1992 3005 incunctanter
2022 2949 2101 3004 illi
2131 2950 2350 3022 paruit,

685 3022 776 3095 ίιιι
803 3038 1028 3094 dictum
1056 3043 1159 3093 est.

765 3128 929 3184 Vers.
963 3130 1051 3182 l2.
1103 3128 1400 3183 Dixerunt
1459 3158 1524 3168 —
1578 3128 1731 3183 ille?
1779 3127 1928 3181 Nam
1972 3127 2357 3198 requirebant

691 3217 870 3284 llum,
887 3218 1304 3290 quiinsaniam
1325 3217 1596 3289 ipsorum
1619 3215 1965 3285 aufugerat;
1992 3217 2240 3289 etquasi
2266 3218 2354 3289 (ιι)

691 3307 886 3364 solum
916 3305 972 3362 id
1006 3305 1334 3371 audissent,
1369 3306 1726 3374 investigent
1760 3321 1921 3361 eum.

763 3396 929 3452 Vers.
964 3397 1048 3451 12.
1076 3396 1198 3459 Ait,
1225 3396 1448 3452 Nescio.
1479 3395 1626 3451 Nam
1656 3411 1789 3451 cum
1813 3395 2162 3461 inunxisset,
2195 3400 2251 3452 et
2274 3395 2352 3451 ad

690 3487 985 3560 piscinam
1053 3485 1214 3542 abire
1291 3485 1583 3556 iussisset,
1635 3485 1921 3540 continuo
1991 3485 2353 3542 discesserat

692 3576 931 3646 fugiens
948 3575 1230 3648 plausum
1262 3574 1336 3629 de
1367 3574 1675 3630 miraculo.

765 3666 927 3721 Vers.
963 3665 1051 3720 13.
1102 3664 1432 3719 Adducunt
1482 3694 1549 3703 —
1589 3663 1750 3717 Vers.
1799 3665 1885 3718 14.
1922 3664 2145 3720 oculos.
2202 3664 2350 3719 Cum

696 3753 864 3810 illum
890 3769 1011 3809 non
1044 3753 1396 3819 invenirent,
1437 3753 1598 3808 hunc
1637 3752 1949 3808 adducunt
1995 3757 2055 3808 ut
2083 3752 2352 3808 demons-

699 3848 853 3898 trent
881 3842 1044 3914 quod
1069 3842 1399 3898 Sabbatum
1423 3841 1682 3897 solverit.

772 3931 936 3987 Vers.
962 3933 1048 3986 15.
1083 3933 1341 3987 Rursum
1377 3963 1420 3971 -
1461 3931 1649 3988 video.
1678 3932 2349 4000 Noninterrogaverunt,

704 4019 1019 4087 Quomodo
1049 4021 1242 4075 visum
1294 4022 1590 4093 recepisti,
1645 4021 1748 4076 sed
1778 4020 2071 4090 Quomodo
2115 4020 2352 4090 aperuit

703 4111 903 4168 oculos
926 4116 1055 4166 tuos
1075 4112 1104 4165 ἲ
1131 4110 1338 4166 dantes
1359 4111 1735 4166 occasionem
1769 4109 2183 4166 calumniandi
2212 4125 2350 4164 eum

701 4199 775 4256 de
819 4215 995 4272 opere
1022 4199 1316 4272 prohibito
1357 4200 1578 4255 scilicet
1618 4203 1673 4255 in
1709 4199 1976 4255 Sabbato
2010 4215 2020 4252 :
2057 4200 2182 4270 ipse
2218 4214 2355 4253 vero

701 4289 878 4361 quasi
905 4289 981 4344 ad
1009 4305 1112 4344 eos
1145 4289 1420 4362 loquens,
1443 4290 1545 4363 qui
1571 4290 1697 4362 jam
1733 4289 2108 4353 audiverant,
2136 4303 2359 4343 sermo-

698 4394 838 4434 nem
875 4378 1196 4434 abbreviat.

769 4468 931 4524 Vers.
976 4469 1060 4522 16.
1090 4467 1370 4524 Dicebant
1402 4499 1467 4509 —
1494 4468 1784 4525 observat.
1806 4498 1873 4508 —
1900 4468 2022 4523 Non
2051 4472 2132 4523 est
2155 4482 2191 4523 a
2215 4470 2347 4533 Deo,

699 4556 916 4612 missus
945 4556 1237 4619 videlicet,
1269 4556 1380 4620 vel,
1407 4559 1531 4612 Non
1571 4562 1658 4612 est
1690 4572 1762 4612 ex
1796 4556 1934 4611 Deo.

770 4649 926 4702 Vers.
962 4647 1049 4702 16.
1094 4646 1220 4701 Atii
1247 4677 1310 4687 —
1349 4662 1461 4703 eos.
1497 4649 1643 4702 Nam
1691 4646 1787 4717 qui
1814 4661 1885 4700 ex
1920 4647 2036 4701 Deo
2076 4660 2194 4700 non
2240 4650 2346 4709 est,

698 4750 770 4791 ex
807 4735 1052 4792 diabolo
1081 4740 1187 4800 est,
1223 4740 1280 4791 et
1317 4736 1563 4792 omnino
1603 4741 1879 4808 peccator
1915 4741 2021 4789 est.
2049 4734 2348 4789 Dissensio

2457 2053 2764 2130 διήμαρτεν.

2529 2148 2595 2197 Οἱ
2643 2141 2731 2198 οὖν
2786 2149 3010 2216 γείτονες
3071 2175 3139 2184 -
3193 2141 3466 2214 ἀνέϐλεψα.
3545 2147 3608 2196 Τί
3676 2141 3837 2212 λίγιις;
3874 2139 3932 2189 ’Δῖ-

2460 2237 2659 2309 θρωπος
2702 2243 2919 2288 τοιαῦτα
2967 2231 3228 2298 δύναται;
3279 2236 3442 2285 Οὔπω
3495 2235 3598 2304 γὰρ
3644 2230 3856 2303 ἐγίνωσκεν
3888 2230 3933 2277 τέ-

2459 2328 2546 2376 τὸν
2570 2330 2659 2376 καὶ
2691 2330 2838 2378 Θεον.
2887 2323 2996 2375 Οὐκ
3041 2320 3148 2376 εἷπε
3207 2319 3286 2388 δε,
3342 2324 3421 2374 ὅτι
3451 2321 3681 2375 Ἐπτυσε
3717 2316 3929 2390 luscinii

2460 2414 2593 2486 ἐώρα
2620 2416 2722 2487 γὰρ
2749 2419 2880 2478 τότε,
2923 2412 3054 2477 ἀλλ’,
3086 2414 3165 2464 ὃτι
3197 2411 3366 2470 Πηλὸν
3418 2410 3656 2477 ἐποίησε,
3693 2413 3769 2460 καὶ
3795 2406 3927 2478 ἐπιχεεπ

2462 2523 2561 2575 μου
2586 2508 2701 2564 τοὺς
2726 2502 3040 2575 ὀφθαλμούς.
3074 2500 3302 2575 ’ᾙσθετο
3321 2503 3424 2574 γὰρ
3449 2505 3542 2552 καὶ
3567 2502 3692 2572 ἔγνω
3712 2505 3832 2550 τούτο
3851 2495 3919 2545 iis?

2463 2592 2616 2665 ἁφῆς.

2535 2681 2696 2736 ’Λλλὰ
2746 2683 2902 2734 πόθεν
2950 2681 3134 2752 ἔμαθεν
3189 2681 3270 2732 ὅτι
3326 2677 3540 2740 Ἰησοῦς
3593 2677 3807 2748 Mysten;
3851 2673 3922 2740 Ἦξῑ·

2464 2790 2590 2829 τησε
2620 2776 2735 2823 τότε
2763 2771 2876 2840 (91)
2925 2771 3128 2830 πάντως
3171 2772 3292 2830 τούς
3333 2773 3618 2841 παρόντας.
3651 2764 3782 2824 Εἰκὸς
3804 2767 3866 2832 γὰρ
3890 2776 3930 2806 ui

2465 2863 2709 2932 πρότερον
2772 2856 2975 2910 ἀκούειν
3041 2861 3158 2929 περὶ
3223 2864 3323 2907 τῶν
3374 2857 3654 2928 θαυμάτων
3719 2851 3853 2903 αὐτοῦ.
3893 2855 3932 2896 tu

2465 2954 2554 3001 καὶ
2587 2946 2897 3022 ἀπεριέργως
2928 2948 3222 3005 ὑπήκουσεν
3255 2945 3438 3008 αὑτοῦ,
3473 2947 3646 3006 καθὼς
3671 2946 3849 3016 εἶρηάιι

2539 3122 2692 3180 Εἶπον
2754 3157 2813 3164 -
2870 3124 3090 3192 tum“;
3169 3125 3420 3184 Ἐζήτουν
3478 3125 3582 3195 γὰρ
3639 3120 3788 3187 αὐτὸν,
3833 3110 3939 3178 διω-

2463 3219 2623 3284 γόντα
2672 3218 2764 3272 την
2808 3219 2995 3286 μανίαν
3057 3213 3248 3280 αὐτῶν,
3312 3217 3399 3264 καὶ
3474 3214 3540 3272 ὼς
3604 3214 3743 3282 μόνον
3785 3210 3937 3262 515v?"-

2467 3304 2839 3376 ἰχνηλατούσιν
2863 3303 3035 3357 αὐτόν.

2541 3398 2687 3465 Λέγει
2722 3411 2734 3423 ·
2765 3393 2875 3445 Οὐκ
2915 3389 3055 3447 οἶδα.
3104 3392 3424 3465 Ἐπιχρίσας
3451 3393 3554 3464 γὰρ
3591 3393 3675 3441 καὶ
3712 3381 3941 3449 istaistam;

2464 3481 2696 3536 ἀπελθεῖν
2753 3482 2823 3544 εἰς
2875 3487 2969 3539 τὴν
3028 3479 3415 3552 κολυμϐήθραν,
3473 3477 3783 3550 ἀνεχωρησῦ
3835 3469 3943 3519 αὗται

2464 3576 2660 3644 φεύγων
2685 3574 2770 3624 τὸν
2795 3570 2895 3622 ἀπὸ
2930 3578 3021 3622 τοῦ
3049 3572 3314 3641 θαύματος
3341 3574 3547 3642 κρότον.

2532 3661 2786 3732 Ἀγουσιν
2856 3690 2924 3700 -
3010 3658 3328 3730 ὀφθαλμούς.
3398 3663 3486 3714 Μὴ
3563 3658 3768 3729 εύρόντις
3820 3649 3943 3732 hibet,

2462 3751 2654 3821 αγουσι
2721 3757 2900 3802 τοῦτον
2964 3749 3032 3811 εἰς
3086 3744 3356 3810 ἀπόδειξιν
3397 3756 3495 3808 τῆς
3543 3747 3721 3804 λύσεως
3767 3746 3836 3792 τού
3874 3730 3945 3786 Σαῗ-

2465 3839 2642 3893 ϐάτου.

2539 3928 2696 3981 Πάλιν
2727 3959 2779 3968 -
2815 3926 3009 4000 βλέπω.
3058 3926 3168 3978 Οὐκ
3196 3927 3496 3997 ἠρώτησαν,
3533 3931 3646 3984 Πῶς
3687 3920 3782 3992 (92)
3825 3909 3946 4000 mai;-

2465 4019 2590 4089 ψας,
2652 4016 2796 4080 ἀλλὰ,
2856 4023 2971 4076 llr)»;
3033 4013 3215 4086 ἁνίῳξί
3268 4033 3362 4065 σου
3419 4018 3543 4075 τοὺς
3594 4009 3867 4084 ὀφθαλμούς
3907 3993 3946 4046 δε·

2467 4105 2638 4166 δόντες
2693 4105 2933 4180 ἀφορμὴν
3005 4111 3096 4155 τοῦ
3150 4099 3416 4155 διαϐαλεῖν
3464 4103 3619 4153 αὐτὸν
3683 4100 3756 4150 ἐπὶ
3813 4092 3946 4162 ίργατεξ

2467 4195 2788 4268 κεκωλυμένη
2851 4192 3006 4252 δῆθεν
3062 4196 3110 4245 ἑν
3163 4201 3236 4262 τῷ
3289 4190 3556 4262 Σαϐϐάτῳ.
3589 4191 3644 4242 '0
3684 4185 3752 4252 δε,
3800 4186 3947 4268 ὡς

2469 4266 2774 4359 ἇαηκροίτας-
2802 4279 2909 4342 ἤδη
2962 4286 3025 4335 τὰ
3063 4280 3177 4334 κατ’
3236 4281 3392 4333 αὐτὸν
3445 4279 3626 4352 λέγων,
3672 4276 3872 4343 ἐπιτέμνει
3903 4266 3944 4312 τά)

2467 4375 2617 4446 λόγον
2627 4417 2637 4427 .
3882 4442 3890 4450 _

2530 4463 2738 4534 Ἔλεγον
2777 4494 2839 4503 -
2877 4469 3042 4536 τηρεῖ.
3079 4461 3188 4514 Ούκ
3227 4463 3340 4513 ἔστι
3370 4461 3515 4532 παρὰ
3541 4464 3688 4523 Θεοῦ,
3731 4451 3943 4510 ἀπίστασθε·

2460 4573 2542 4614 νος
2571 4549 2833 4621 δηλονότι,
2856 4553 2885 4611 ᾖ
2917 4552 3005 4603 οὐκ
3037 4554 3178 4603 ἔστιν
3217 4548 3272 4602 ἐκ
3303 4554 3448 4604 Θεοῦ.
3922 4617 3926 4620 ν

2531 4641 2710 4696 ’Ἄλλοι
2752 4673 2815 4682 -
2849 4641 3045 4702 αὐτοῖς.
3101 4639 3160 4691 Ὀ
3189 4641 3291 4712 γὰρ
3347 4643 3417 4712 μὴ
3473 4638 3542 4689 ὢν
3591 4635 3643 4689 εκ
3673 4640 3752 4686 τοῦ
3799 4629 3890 4717 850:3
3917 4635 3939 4665 α

2459 4740 2549 4786 τοῦ
2606 4729 2854 4784 διαϐόλου
2919 4734 3052 4796 ἐστὶ,
3123 4733 3214 4781 καὶ
3273 4729 3476 4790 πάντως
3546 4721 3815 4800 ἁμαρτωλός
3868 4724 3935 4761 εξτιε

1945 4938 2170 5007 Varia:
2201 4937 2533 5006 lectiones
2567 4946 2631 5005 et
2674 4946 2875 5003 notae.

772 5135 887 5204 (90)
916 5139 1060 5196 Tuo;
1102 5140 1163 5190 Α.

773 5207 886 5276 (91)
929 5212 1058 5260 [lori
1089 5212 1154 5261 A.

769 5279 883 5348 (92)
922 5279 1398 5348 Chrysostomus,
1448 5286 1509 5333 ut
1557 5280 1722 5344 solet,
1778 5295 2021 5334 versum
2078 5279 2140 5333 15
2184 5285 2238 5333 et
2288 5279 2356 5332 26

701 5349 987 5405 confudit.
1026 5352 1160 5405 Vide
1195 5355 1336 5404 tom.
1393 5352 1529 5415 Vlll,
1561 5367 1623 5418 p.
1661 5354 1763 5406 334
1810 5355 1873 5404 Α.
1911 5353 2070 5406 llunc
2102 5365 2244 5417 ergo
2273 5366 2358 5404 se-

699 5421 909 5494 quitur,
927 5421 1272 5492 Euthymius
1291 5431 1345 5476 et
1367 5423 1870 5494 Theophylactus,
1899 5424 2076 5477 etiam
2105 5425 2160 5476 in
2186 5420 2359 5494 inter-

701 5493 1032 5565 pretatione
1079 5509 1148 5565 p.
1191 5495 1292 5565 697
1327 5495 1411 5565 _C.
1475 5494 1691 5548 Similis
1735 5493 2001 5565 confusio
2051 5499 2149 5565 est
2204 5493 2359 5565 infra

700 5563 842 5627 ivn,
883 5570 936 5628 7,
969 5565 1022 5629 8,
1059 5570 1111 5619 et
1141 5564 1198 5619 in
1231 5563 1372 5619 locis
1399 5570 1637 5621 centum
1679 5565 1826 5619 aliis.
1869 5564 1982 5621 Sed
2009 5564 2196 5620 altero
2232 5564 2358 5621 loco

777 5738 862 5812 (ιι)
893 5739 968 5796 Et
1000 5742 1189 5812 quasi,
1225 5739 1429 5811 etc.1Et
1459 5743 1523 5796 ut
1552 5740 1730 5798 modo
1769 5739 2137 5799 audiverant.

2463 5133 2701 5190 codices
2732 5133 2909 5188 etiam
2943 5131 3109 5200 tingit
3137 5134 3193 5186 et
3214 5128 3459 5186 confuse
3480 5142 3581 5202 eos
3609 5120 3805 5202 laudat.

2467 5185 2598 5271 fies,
2611 5185 3166 5275 'idrh'iaiériié’ies’,
3181 5185 3229 5259 Ο
3240 5202 3490 5272 rigenes,
3518 5185 3928 5300 Chrfsostomuij

2470 5278 2562 5300 ,εει
2610 5277 2812 5300 Δε-.-..ι
2886 5273 3254 5300 ιη-......,.,.1;..ι..
3294 5275 3393 5300 -..ι
3427 5273 3714 5300 ηηηοιηηα
3761 5270 3848 5300 nm!
3891 5279 3917 5297 ι-

2467 5256 3261 5356 Ξῇἷςῇίῖξοιξ’ἐντειὶέειίειᾳ
3288 5256 3397 5356 Eat
3424 5256 3926 5356 apostoluiﬁ’:

2467 5318 2570 5432 ἓὲᾶ
2598 5318 2953 5432 έὶὶῗέῖίῖξίίπῗί
2967 5318 3926 5432 333275154?E.€§E3éiti°.?:t?.“i

2471 5404 2576 5504 sst-
2638 5420 2699 5504 “.1
2741 5420 2920 5504 etiam
2970 5417 3085 5504 119$-
3133 5416 3266 5504 1909
3316 5404 3927 5504 féeﬁf“,‘1‘§‘i‘£!lf‘.‘iiif

2467 5462 3272 5562 iB'éoﬁinyiéiEi'ﬁ's."fficiam;
3612 5462 3836 5536 contextu
3860 5462 3906 5510 "l1

2469 5560 2672 5633 gatam
2715 5560 2911 5617 Servat
2935 5560 3272 5616 lectionem.
