4098 6432
154 383 289 445 1313

1179 365 1557 434 COMMENT.
1608 367 1674 430 IN
1713 367 2062 431 JOANNEM.
2109 405 2166 415 --
2214 369 2375 430 CAP.
2425 369 2527 433 IX.

3385 365 3524 426 13H
3567 417 3584 431 .

151 517 366 586 Σχίσμα
385 513 475 584 μεν
492 509 580 564 οὖν
603 514 690 563 καὶ
711 509 826 562 τότε
854 510 943 560 καὶ
963 508 1206 579 πρότερον
1227 503 1439 575 ἐγένετο·
1471 502 1581 555 Οὐκ
1599 498 1752 560 ἦλθον

1898 508 2064 572 taque
2103 504 2158 556 et
2207 505 2346 555 tunc
2376 505 2433 556 et
2459 499 2620 570 prius
2661 499 2814 555 facta
2852 501 2940 555 est
2989 512 3003 568 ;
3036 501 3356 574 siquidem,
3388 503 3522 562 Non

150 605 272 675 γὰρ,
303 605 455 674 φησὶ,
489 597 666 672 βαλεῖν
692 599 898 673 εἰρήνην
929 595 1011 649 ἐπὶ
1036 599 1128 653 τήν
1149 602 1268 666 γῆν,
1301 593 1427 644 ἀλλὰ
1457 595 1749 666 μάχαιραν·

153 690 258 742 ἀλλ’
290 690 384 742 οὐκ
414 688 664 762 ἐπέμεινεν
695 688 830 759 (93).
873 685 1174 742 Ἠνώθησαν
1204 685 1306 754 γὰρ
1347 678 1510 747 αὖθις,
1561 681 1755 734 ἐπικει-

155 783 314 852 μένων
344 787 446 831 τῶν
476 777 770 852 ἀρχόντων.

225 872 455 940 Λέγουσι
481 900 548 908 --
578 867 906 940 ὀφθαλμούς;
953 869 1178 934 Λέγουσι
1205 868 1357 914 τοῦτο
1388 860 1493 931 οὐχ
1523 861 1572 912 οἱ
1593 859 1757 911 εἰπόν-

155 976 252 1022 τες,
293 959 373 1010 ὅτι
403 957 512 1010 Οῦκ
544 960 655 1010 ἔστι
707 958 845 1029 παρὰ
883 959 1030 1020 Θεοῦ,
1084 951 1188 1004 ἀλλ’
1235 953 1284 1003 οἱ
1330 951 1636 1022 σχισθέντες
1668 947 1755 1000 ἀπ’

156 1047 343 1103 αὐτῶν.
392 1046 502 1101 Ἰνα
563 1049 666 1119 γὰρ
721 1050 792 1118 μή
853 1041 1051 1107 δόξωσι
1096 1047 1401 1114 συνηγορεῖν
1440 1039 1601 1109 αὐτῷ,
1672 1041 1758 1090 τόν

155 1136 378 1190 λαϐόντα
422 1144 601 1211 πεῖραν
639 1143 732 1198 τῆς
782 1131 1046 1207 δυνάμεως
1089 1131 1245 1184 αὑτοῦ
1276 1136 1538 1182 ποιοῦνται
1575 1132 1758 1201 κριτήν

156 1236 247 1290 τῆς
275 1225 602 1300 ἀμφιϐολίας.

227 1405 285 1458 Ὀ
340 1437 407 1446 -
477 1404 610 1460 ἔστί.
661 1408 938 1479 Προφήτας
986 1401 1198 1454 ἐκάλουν
1254 1403 1375 1460 τοὺς
1444 1399 1609 1459 θείους
1676 1398 1760 1448 ἄν-

161 1492 311 1569 δρας.
345 1495 626 1569 Ἀντικρυς
671 1490 760 1546 οὖν
791 1513 948 1566 φησιν
996 1493 1078 1543 ὅτι
1120 1493 1264 1562 παρὰ
1311 1495 1445 1542 Θεοῦ
1498 1486 1630 1552 ἐστι,
1671 1491 1762 1538 καὶ

159 1585 254 1638 οῦκ
319 1583 546 1658 ἐφοϐήθη
596 1587 683 1636 τὸν
712 1585 894 1655 ,θυμόν
942 1589 1039 1633 τῶν
1090 1579 1338 1650 λεγόντων
1388 1580 1468 1630 ὅτι
1507 1577 1600 1628 οὐκ
1649 1579 1762 1628 ἔστι

158 1677 301 1747 παρά
351 1681 504 1728 Θεοῦ.
559 1671 768 1748 Στεῤῥός
809 1673 910 1744 γὰρ
959 1666 1020 1728 ἦν
1068 1673 1157 1721 καὶ
1211 1666 1492 1740 φιλαλήθης
1542 1669 1630 1717 καὶ
1680 1664 1764 1717 εὐ-

157 1768 374 1834 γνώμων
387 1806 400 1819 ,

1871 589 2020 652 veni,
2056 587 2268 660 inquit,
2320 594 2379 642 ut
2407 587 2640 643 mittam
2679 603 2885 656 pacem
2914 588 2977 644 in
3010 595 3258 660 terram,
3281 593 3378 649 sed
3395 595 3526 663 gla-

1867 677 2025 732 dium
2041 677 2230 732 “.Sed
2243 690 2366 731 non
2383 677 3050 746 persevcravit.Rursum
3065 679 3214 734 enim
3231 681 3376 737 uniti
3389 686 3527 738 sunt

1867 764 2223 820 instantibus
2251 764 2556 820 Pharismis
2588 765 2678 837 (ι).

1939 853 2100 909 Vers.
2132 854 2224 910 17.
2277 853 2464 909 Aiunt
2498 884 2569 896 —
2623 856 2865 912 oculos?
2904 859 3022 913 Hoc
3049 858 3213 914 aiunt
3254 874 3373 914 non
3421 858 3524 926 illi,

1867 942 1972 1014 qui
2002 941 2296 1008 dixerant,
2338 943 2469 998 Non
2511 950 2591 1000 est
2618 958 2654 999 a
2694 945 2826 1014 Deo,
2855 945 2959 1000 sed
2997 946 3102 1018 qui
3130 945 3207 1002 ab
3234 946 3327 1001 his
3355 947 3528 1004 divisi

1868 1037 2034 1088 erant
2057 1048 2075 1097 ;
2116 1047 2190 1088 ne
2219 1032 2379 1088 enim
2407 1031 2486 1087 illi
2516 1033 2873 1104 patrocinari
2895 1035 3402 1104 viderentur,eum
3422 1037 3528 1108 qui

1871 1120 2101 1177 virtutis
2127 1124 2251 1192 ejus
2292 1121 2763 1192 experimentum
2797 1129 3156 1196 sumpserat,
3211 1125 3530 1184 constituat

1869 1211 2280 1281 ambiguitatis
2313 1211 2600 1283 judicem.

1948 1391 2105 1446 Vers.
2134 1393 2222 1448 17.
2256 1390 2329 1446 Αι
2360 1423 2429 1432 -
2457 1397 2560 1449 εει.
2605 1391 2928 1464 Prophetas
2959 1393 3257 1450 vocabant
3294 1393 3530 1452 divinos

1871 1479 2044 1536 viros.
2077 1482 2289 1552 Aperte
2316 1498 2458 1552 ergo
2479 1482 2620 1538 dicit
2650 1483 2815 1554 quod
2841 1499 2876 1538 a
2895 1485 3011 1539 Deo
3027 1489 3204 1549 esset,
3239 1501 3347 1540 nec
3379 1486 3531 1542 iram

1874 1570 2062 1625 timuit
2099 1571 2424 1627 dicentium
2465 1571 2629 1643 quod
2661 1588 2780 1628 non
2821 1578 2977 1630 esset
3031 1589 3068 1630 a
3125 1577 3263 1630 Deo.
3297 1575 3532 1631 Firmus

1873 1659 2034 1714 enim
2069 1665 2214 1726 erat,
2243 1667 2298 1716 et
2329 1660 2586 1716 veritatis
2617 1666 2850 1718 amator
2869 1677 2940 1718 ac
2965 1678 3174 1735 aequus
3201 1662 3297 1736 (m)
3325 1664 3529 1721 homo.

233 1851 343 1903 Οὖκ
382 1882 450 1890 —
483 1848 770 1922 ἀνέϐλεψεν.
805 1851 871 1902 Οἱ
902 1848 1141 1913 εἰπόντες,
1187 1847 1268 1898 ὅτι
1317 1845 1428 1898 Οὐκ
1470 1847 1584 1897 ἔστι
1622 1845 1765 1916 παρὰ

1947 1835 2112 1892 Vers.
2150 1840 2231 1892 18.
2262 1838 2395 1894 Νοη
2435 1868 2488 1878 -
2515 1838 2697 1894 visum
2720 1841 3044 1910 recepisset.
3088 1840 3197 1908 Qui
3236 1841 3532 1912 dixerant,

160 1945 307 1995 Θεοῦ.
341 1939 498 2006 Ἀλλ’,
547 1938 587 1992 ὦ
626 1939 871 1997 ἀνόητοιε
903 1937 948 1990 εἰ
991 1937 1119 2008 οῦχὶ
1167 1935 1355 2008 τυφλός
1388 1939 1454 1986 ὤν
1503 1931 1762 2004 ἀνέϐλεψε,

159 2039 266 2090 πῶς
307 2025 610 2082 διαϐάλλετε
634 2031 721 2081 τὸν
754 2030 987 2101 Χριστὸν
1018 2027 1083 2086 ὡς
1122 2024 1170 2077 ἄν
1210 2022 1459 2095 Σαϐϐάτῳ
1491 2023 1766 2094 ἰασάμενον

163 2118 319 2171 αὐτόν
345 2135 360 2186 ;

234 2295 368 2359 Ἐως
456 2327 523 2337 -—
599 2292 1055 2367 ἕγεννήθη;”ορα
1111 2296 1379 2366 πονηρίαν,

163 2386 418 2460 ἐρωτῶσι,
477 2381 870 2458 προσδοκῶντες
927 2380 1156 2454 ἐκφοϐεῖν
1228 2381 1434 2443 αὐτοὺς,
1483 2381 1586 2444 ἱνα,
1654 2382 1770 2432 τού-

1489 2290 1769 2365 Αὐστηρῶς

162 2496 265 2529 των
297 2474 688 2548 ἀρνησαμένων,
739 2473 1056 2542 ἐπισκιασθῇ
1091 2475 1150 2524 τὸ
1193 2473 1389 2543 θαῦμα.
1442 2475 1542 2522 Καί
1590 2485 1764 2540 φασινο

159 2565 258 2618 ’ον
327 2565 469 2636 ὑμεῖς
541 2562 733 2634 λέγετε,
813 2564 897 2614 ὅτι
978 2560 1168 2633 τυφλὸς
1239 2559 1501 2631 ίγεννήθη,

161 2672 308 2727 μενοι
337 2649 372 2706 δ
376 2648 547 2711 ηλαδὴ
580 2657 670 2704 καὶ
709 2658 1136 2723 κακουργοῦντες,
1169 2653 1259 2701 καὶ
1297 2657 1368 2719 τῷ
1405 2648 1581 2726 Ἰησοῦ
1613 2643 1771 2708 δόξαν

157 2745 583 2817 περιποιούμενοι
594 2785 606 2798 .

235 2839 348 2894 Πῶς
387 2863 442 2871 -
482 2829 660 2904 βλέπει
685 2845 700 2898 ;
730 2829 790 2883 Εἰ
822 2827 1007 2900 τυφλὸς
1036 2827 1306 2900 ἐγεννήθη.

234 2921 624 2994 Ἀπεκρίθησαν
655 2949 722 2960 -
755 2918 850 2971 οῦκ
880 2915 1118 2991 οἴδαμεν.
1163 2923 1294 2992 Τρία
1337 2915 1689 2990 ἕρωτηθέντες,
1727 2915 1772 2968 εἰ

158 3010 310 3071 οὗτός
341 3009 480 3062 ἔστιν
509 3011 533 3061 ό
560 3011 668 3069 υἱός
707 3009 896 3073 αὐτῶν,
939 3008 982 3060 εἰ
1011 3007 1200 3080 τυφλὸς
1230 3009 1497 3078 ἐγεννήθη,
1543 3011 1632 3057 καὶ
1669 3013 1771 3064 πῶς

161 3100 284 3170 ἄρτι
325 3097 539 3171 βλέπει·
587 3101 652 3150 τὰ
705 3100 794 3169 μὲν
845 3093 940 3149 δύο
984 3096 1336 3168 ὁμολογοῦσι·
1389 3104 1498 3156 πῶς
1545 3092 1605 3146 δε
1651 3095 1773 3167 ἄρτι

1578 2553 1772 2629 ψευδόο

1874 1927 2004 1983 Non
2056 1931 2139 1982 est
2169 1941 2206 1983 a
2240 1927 2382 1983 Deo.
2434 1927 2564 1991 Sed,
2594 1945 2626 1983 ο
2670 1927 2982 1997 insensati,
3042 1931 3089 1986 si
3129 1946 3250 1987 non
3303 1931 3384 1988 ita
3421 1936 3530 1998 est,

1873 2016 2039 2088 quod
2091 2032 2229 2072 cum
2257 2033 2445 2072 cat-cus
2498 2021 2655 2074 esset
2707 2018 2902 2075 visum
2947 2021 3186 2093 recepit,
3220 2021 3531 2093 quomodo

1874 2105 2169 2162 Christum
2254 2105 2725 2173 calumniamini,
2811 2109 2976 2182 quod
3049 2109 3216 2166 illum
3268 2111 3530 2168 Sabbato

1874 2195 2172 2252 sanaverit
2199 2195 2227 2251 ?

1946 2287 2104 2340 Vers.
2163 2285 2251 2341 18.
2284 2287 2470 2344 Donec
2527 2319 2595 2328 —
2634 2288 2798 2343 Vers.
2844 2292 2927 2344 19.
2976 2295 3156 2346 natus
3203 2297 3282 2347 est
3320 2289 3347 2345 τ
3387 2289 3530 2346 Vide

1876 2374 2188 2431 malitiam.
2223 2375 2425 2446 Rigide
2457 2377 2844 2446 interrogant,
2880 2383 3159 2450 putantes
3183 2379 3316 2435 illos
3350 2385 3535 2436 exter-

1875 2479 2022 2529 rere,
2067 2470 2128 2520 ut
2158 2465 2306 2521 dum
2357 2465 2418 2520 hi
2460 2473 2802 2537 negassent,
2847 2468 3100 2524 tenebris
3129 2468 3537 2526 oﬂ‘underetur

1878 2552 2235 2609 miraculum
2252 2555 2489 2611 etaiunt
2516 2557 2628 2612 :De
2647 2572 2761 2627 quo
2798 2573 2896 2612 vos
2923 2558 3138 2623 dicitis,
3171 2559 3330 2631 quod
3359 2574 3536 2616 caicus

1877 2650 2056 2699 natus
2073 2651 2153 2699 est
2173 2645 2203 2698 ?
2217 2644 2567 2701 mentientes
2581 2645 2851 2702 videlicet
2865 2651 2922 2702 et
2937 2647 3142 2704 dolose
3160 2647 3534 2714 simulantes,

1878 2739 1942 2789 ut
1981 2731 2099 2804 ipsi
2139 2733 2279 2789 Jesu
2301 2734 2548 2802 gloriam
2580 2737 2879 2808 qumratis.

1951 2823 2112 2878 Vers.
2147 2823 2236 2878 19.
2273 2825 2560 2890 Quomodo
2585 2857 2654 2866 —
2685 2825 2832 2882 videt
2865 2824 2892 2880 Τ
2920 2825 2976 2883 Si
2998 2842 3192 2882 caecus
3213 2830 3386 2883 natus
3425 2830 3534 2884 est.

1952 2912 2114 2967 Vers.
2147 2914 2236 2968 20.
2281 2913 2731 2983 Responderunt
2785 2946 2854 2956 —
2883 2915 3046 2971 Vers.
3105 2920 3194 2973 2t.
3231 2917 3537 2973 nescimus.

1880 3001 2028 3056 Cum
2077 3001 2152 3057 de
2209 3002 2396 3058 tribus
2451 3004 2794 3073 interrogati
2848 3004 3098 3062 fuissent
3141 3022 3153 3062 :
3191 3013 3388 3061 utrum
3444 3005 3540 3062 hic

1884 3093 2042 3145 esset
2092 3089 2250 3145 ﬁlius
2287 3107 2517 3160 eorum,
2550 3098 2743 3148 utrum
2803 3109 2997 3149 caicus
3048 3099 3223 3151 natus
3276 3098 3449 3161 esset,
3488 3098 3545 3151 et

165 3186 345 3258 βλέπει
373 3186 571 3258 ἀγνοεῖν
609 3185 840 3258 λέγουσι,
872 3183 1178 3257 φοϐούμενοι
1207 3187 1326 3245 τοὺς
1351 3180 1658 3247 Ἰουδαίους,
1705 3185 1770 3242 ὡς

1898 3179 2194 3249 quomodo
2225 3195 2386 3235 nunc
2431 3179 2658 3236 videret
2712 3199 2725 3247 ;
2759 3182 2834 3237 de
2873 3182 3112 3239 duobus
3160 3183 3538 3240 confitentur.

165 3275 251 3340 ἐξῆ
262 3296 283 3337 ς
315 3271 350 3328 δ
354 3275 525 3334 ηλωθή
537 3295 704 3328 σεται.

239 3452 405 3514 Αὐτός
479 3481 549 3492 -
616 3450 852 3508 λαλήσει.
933 3448 1070 3512 Ἐξω
1128 3444 1373 3501 κινδύνου
1427 3449 1774 3509 καθιστῶντες

168 3542 399 3605 ἑαυτοὺς,
455 3540 538 3594 επὶ
587 3543 674 3593 τόν
726 3542 1154 3612 τεθεραπευμένον
1207 3542 1620 3614 παραπέμπουσι
1681 3541 1773 3596 τήν

169 3631 448 3706 ἐρώτησιν,
516 3632 581 3692 ὡς
643 3628 1064 3703 ἀξιοπιστότερον
1117 3627 1285 3680 αὐτῶν
1333 3627 1383 3680 ἐν
1433 3635 1504 3699 τῷ
1556 3629 1772 3699 τοιούτῳ

173 3724 456 3793 ζητήματι.

239 3815 418 3862 Ταῦτα
454 3840 505 3849 -
535 3805 946 3880 ἀποσυνάγωγος
970 3825 1204 3879 γενηται.
1238 3807 1603 3872 Συνετέθειντο,
1657 3809 1776 3864 ἦτοι
1840 3843 1846 3850 ι

173 3903 560 3971 συνεφώνησαν.
620 3897 1062 3970 Ἀποσυνςέγωγος
1105 3893 1164 3950 δε
1211 3897 1237 3948 ὁ
1291 3894 1654 3968 ὶκϐεϐλημένος
1685 3904 1776 3957 τῆς

171 3995 501 4060 συναγωγῆς.

244 4081 340 4131 Διὰ
373 4111 431 4119 -
466 4076 779 4152 ἐρωτήσατε.
813 4081 884 4130 Τὸ
916 4077 1038 4130 αὐτὸ
1069 4075 1221 4129 πάλιν
1241 4076 1376 4149 λέγει
1406 4076 1543 4147 (94),
1588 4072 1776 4128 διασύ-

165 4189 272 4246 ρων
304 4168 493 4230 αῦτους
522 4169 636 4238 (95)
669 4170 736 4230 ὠς
777 4164 979 4228 δειλοὺς
1009 4171 1098 4218 καὶ
1129 4163 1164 4219 δ
1169 4169 1222 4218 ιὰ
1247 4171 1305 4218 τὸ
1336 4170 1408 4238 μὴ
1436 4165 1778 4236 ἀποσυναγώ·

164 4278 298 4331 γους
320 4259 563 4330 γενέσθαι
591 4260 1066 4332 προσποιουμένους
1101 4259 1190 4328 μὲν
1221 4255 1440 4327 ἀγνοεῖν,
1474 4261 1546 4325 τῷ
1590 4256 1686 4325 υἱῷ
1719 4249 1778 4307 δε

167 4351 262 4401 τὸν
293 4355 469 4419 αγῶνα
499 4347 611 4400 ὅλον
639 4345 1087 4422 έπιφορτίζοντας.

250 4525 547 4599 Ἐφώνησαν
580 4558 633 4568 -
673 4532 808 4597 Θεῷ.
838 4525 1064 4588 Δόξασον
1085 4527 1171 4577 τὸν
1193 4525 1343 4594 Θεὸν,
1371 4525 1439 4585 ὡς
1468 4521 1592 4597 παρ’
1618 4522 1779 4576 αὐτοῦ

175 4617 362 4680 ἰαθεὶς,
395 4620 484 4668 καὶ
522 4619 593 4688 μὴ
623 4618 766 4690 παρά
790 4622 881 4668 τοῦ
913 4615 1109 4673 Ἰησοῦ.

244 4705 416 4778 Ἡμεῖς
473 4737 540 4746 -
597 4703 756 4758 ἐστιν.
816 4705 1057 4764 Ἀπόντος
1114 4712 1266 4756 τοῦτο
1320 4703 1509 4776 λέγετε,
1577 4707 1774 4776 μιαροί.

173 4801 439 4871 Παρόντος
484 4799 608 4868 γὰρ,
667 4800 757 4846 καὶ
805 4793 1161 4869 ἐρωτήσαντος
1221 4795 1352 4867 ὑμᾶς
1403 4797 1639 4866 ἔναγχος,
1695 4799 1780 4854 Τίς

173 4887 232 4953 ἐξ
273 4889 414 4961 ὑμῶν
463 4885 666 4958 ἔλεγχει
695 4903 758 4957 με
799 4888 914 4960 περὶ
962 4882 1222 4958 ἁμαρτίας
1260 4899 1275 4912 ·
1337 4883 1432 4936 οὐκ
1480 4879 1779 4943 ἠδυνήθητε

252 5093 300 5129 ⁸⁸
318 5091 520 5149 Matth.
559 5107 618 5160 x,
647 5095 738 5149 34.

1885 3264 2202 3332 Quomodo
2243 3275 2441 3324 autem
2481 3285 2637 3325 nunc
2685 3270 2905 3334 videat,
2933 3270 3208 3340 ignorare
3229 3287 3290 3326 se
3319 3271 3541 3336 dicunt,

1884 3356 2158 3410 timentes
2187 3357 2442 3422 Judteos,
2473 3357 2623 3413 sicut
2660 3359 2719 3413 in
2752 3374 3074 3429 progressu
3106 3360 3542 3428 manifestatur,

1954 3444 2117 3499 Vers.
2149 3448 2240 3501 21.
2281 3445 2492 3515 lpse-
2519 3448 2814 3519 loquetur.
2849 3449 2990 3505 Sese
3020 3455 3184 3505 extra
3215 3449 3544 3520 periculum

1882 3533 2330 3600 constituentes,
2351 3535 2431 3592 ad
2453 3552 2588 3592 eum
2605 3537 2709 3610 qui
2730 3543 2970 3594 curatus
2985 3543 3112 3594 erat
3140 3539 3546 3611 interrogatio-

1881 3638 2021 3678 nem
2060 3624 2385 3692 remittunt,
2423 3631 2485 3683 ut
2513 3627 2616 3699 qui
2657 3627 2717 3682 in
2747 3627 3042 3699 ejusmodi
3069 3627 3402 3701 quaestione
3432 3627 3546 3686 ﬁde

1881 3712 2119 3783 dignior
2147 3713 2233 3769 eis
2261 3719 2443 3770 esset.

1955 3803 2119 3859 Vers.
2151 3805 2241 3859 22.
2275 3806 2420 3862 Haec
2457 3837 2525 3847 —
2573 3811 2749 3863 extra
2798 3822 3167 3878 synagogam
3207 3809 3544 3880 eiiceretur.

1885 3891 2410 3966 Conspiraverant,
2451 3899 2698 3968 pactum
2731 3895 3010 3954 fecerant.

1967 4075 2124 4130 Vers.
2166 4076 2254 4129 23.
2289 4074 2548 4143 Propter
2591 4105 2662 4116 —
2687 4076 3078 4146 interrogate.
3138 4078 3362 4131 Rursus
3387 4074 3550 4132 idem

1888 4167 2046 4236 dicit,
2081 4164 2489 4237 perstringens
2536 4164 2667 4219 illos
2720 4168 3011 4236 tanquam
3067 4164 3331 4228 timidos,
3364 4168 3420 4219 et
3443 4163 3546 4236 qui

1887 4255 2164 4325 ignorare
2178 4270 2242 4309 se
2269 4253 2710 4318 simulaverant,
2729 4269 2800 4308 ne
2813 4260 2980 4308 extra
2997 4267 3394 4324 synagogam,
3425 4253 3551 4310 sive

1888 4343 2414 4412 congregationem
2440 4343 2821 4413 ejicerentur:
2855 4341 2976 4397 ﬁlio
3002 4345 3205 4398 autem
3229 4341 3405 4397 totius
3432 4356 3552 4398 cer-

1887 4431 2130 4490 taminis
2160 4447 2310 4488 onus
2341 4431 2772 4503 imposuerant.

1957 4522 2125 4578 Vers.
2180 4521 2268 4576 24.
2333 4521 2702 4577 Vocaverunt
2753 4551 2818 4562 -
2858 4519 2996 4577 Deo.
3031 4519 3305 4576 Gloriﬁca
3344 4522 3550 4588 Deum,

1810 4593 1856 4648 D
1889 4615 2086 4683 utpote
2118 4610 2196 4667 ab
2226 4627 2298 4666 eo
2335 4614 2602 4675 sanatus,
2631 4614 2686 4666 et
2717 4625 2838 4665 non
2870 4625 2906 4666 a
2934 4611 3094 4666 Jesu.

1957 4703 2122 4759 Vers.
2175 4701 2264 4756 24.
2324 4701 2444 4757 Νοε
2481 4731 2549 4741 -—
2596 4706 2697 4756 est.
2744 4699 2999 4755 Absente
3030 4699 3129 4756 illo
3168 4700 3283 4756 hoc
3333 4698 3551 4765 dicitis,

1889 4790 2117 4846 scelesti
2148 4806 2324 4856 ;nam
2354 4806 2493 4846 cum
2525 4789 2618 4845 ille
2651 4805 2918 4862 praesens
2948 4795 3118 4855 esset,
3144 4796 3201 4846 et
3245 4805 3351 4846 vos
3373 4789 3555 4863 paulo

1891 4886 2028 4938 ante
2043 4881 2451 4952 interrogaret,
2477 4880 2617 4948 Quis
2646 4895 2720 4937 ex
2745 4879 2906 4936 vobis
2929 4881 3132 4952 arguit
3151 4895 3242 4937 me
3265 4880 3339 4938 de
3354 4895 3558 4951 pecca-

1387 5295 1616 5367 Variae
1671 5295 2002 5372 lectiones
2038 5305 2110 5368 et
2148 5304 2354 5368 notat.

255 5492 371 5564 (93)
409 5495 478 5547 T6
521 5497 755 5566 σχίσμα.

256 5566 370 5638 (94)
412 5564 696 5636 Intellige,
727 5567 752 5618 6
793 5564 1183 5638 εῦαγγελιστής.

259 5744 327 5890 ξι)
365 5743 704 5804 Pharisteis.
738 5743 983 5802 Videtur
1024 5760 1166 5818 ergo
1196 5751 1501 5821 Φαρεσαιων
1544 5744 1787 5822 legisse.

287 5815 367 5890 γη)
407 5817 668 5890 ιΕᾳιιιιε.
711 5814 945 5874 Gratus.

287 5814 367 5890 in)
407 5817 668 5890 ιΕᾳιιιιε.
711 5814 945 5874 Gratus.

1975 5495 2087 5568 (95)
2109 5497 2242 5557 Τοὺς
2274 5499 2441 5568 γονεῖς
2469 5499 2562 5549 τοῦ
2590 5513 2714 5549 ποτε
2751 5493 2971 5570 τυφλοῦ.
