4098 6424
149 358 287 421 1317

1197 349 1558 419 CUMMENT’.
1605 351 1672 415 1N
1710 351 2052 424 .lOANNEM.
2094 392 2158 400 —
2190 355 2344 416 CAP.
2389 358 2490 413 Ix.

3392 370 3528 431 13l8

149 489 360 552 ἤνοιξαν
403 492 493 540 καὶ
537 487 682 541 ἄλλοι
710 487 1005 561 ὀφθαλμούς
1041 486 1156 558 (97)
1189 506 1201 518 '
1249 485 1442 559 τυφλοῦ
1474 483 1533 538 δὲ
1582 484 1636 538 ἐκ
1673 504 1754 556 γε-

1903 483 2082 539 imile.
2119 484 2260 540 Caaci
2285 499 2547 557 namque
2577 486 2780 544 oculos
2810 487 2907 545 alii
2933 492 3112 548 etiam
3133 506 3521 568 aperuerunt,

149 587 295 640 νετῆς
345 579 460 646 (98)
504 574 695 638 οὐδείς.
747 581 944 631 Λοιπὸν
991 581 1159 630 τοίνυν
1203 580 1261 630 τό
1301 575 1615 652 ὑπερϐάλλον
1663 583 1755 628 τοῦ

155 671 422 741 θαύματος
453 669 584 720 θεῖόν
615 687 731 720 τινα
757 665 980 720 δεικνύει
1008 671 1095 719 τὸν
1119 665 1336 740 ἐργάτην
1363 666 1538 720 αὐτοῦ.
1572 665 1629 718 Ὀ
1655 669 1756 740 γὰρ

155 761 333 830 μεῖζον
362 759 564 811 πάντων
593 766 690 810 τῶν
717 756 1046 830 ἀνθρωπίνων
1076 758 1351 828 θαυμάτων
1378 765 1537 809 ποιῶν
1568 757 1758 828 μείζων

157 849 261 922 ἄρα
288 849 491 899 πάντων
517 855 616 898 τῶν
646 845 913 921 ἆνθρὼνων
947 844 1106 899 ἐστίν.

235 1024 621 1096 Ἀπεκρίθησαν
752 1052 822 1067 -—
903 1025 1073 1096 ἡμᾶς;
1169 1023 1281 1074 Οῦκ
1374 1027 1591 1095 ἤνεγκαν
1674 1026 1760 1076 τόν

159 1111 397 1187 λαμπρόν
466 1111 680 1184 ἔλεγχον
739 1117 826 1165 καὶ
899 1117 992 1170 τὴν
1057 1121 1307 1184 περιφανῆ
1362 1116 1508 1171 νίκην
1535 1129 1547 1143 ⁸
1621 1132 1759 1186 περιο

161 1206 450 1275 τραπείσης
499 1198 558 1253 δὲ
613 1210 708 1264 τῆς
763 1206 1015 1274 πονηρίας
1069 1204 1205 1253 κατὰ
1277 1209 1370 1263 τῆς
1429 1202 1622 1254 ἑαυτῶν
1685 1221 1764 1255 κε-

162 1289 347 1362 φαλῆς,
419 1290 746 1364 ὀργισθέντες
810 1289 1023 1366 ὕϐριζον
1090 1290 1202 1360 (99)
1275 1290 1447 1357 αὐτόν,
1511 1291 1760 1361 λέγοντες·

163 1379 477 1452 Αμαρτωλός
557 1383 621 1432 σὺ
694 1379 969 1452 ἐγεννήθης
1049 1379 1192 1442 ὅλως,
1262 1383 1424 1450 ἤγουν
1507 1385 1594 1438 τὴν
1671 1380 1768 1454 ἁρ-

159 1474 289 1540 χην,
353 1469 409 1521 ἐκ
472 1474 682 1541 πρώτης
736 1469 958 1530 ἡλικίας.
1017 1468 1394 1542 ’Υπελάμϐανον
1449 1472 1550 1544 γὰρ
1609 1470 1764 1522 αὐτόν

161 1555 392 1620 ἀνοήτως
458 1555 530 1610 δι’
589 1556 848 1634 ἁμαρτίας
898 1560 1035 1618 τινὰς
1089 1558 1277 1630 τυφλόν
1333 1561 1643 1630 γεννηθῆναι
1695 1561 1766 1622 εἰς

161 1643 431 1709 ἀπόδειξιν
489 1654 580 1700 τοῦ
644 1645 774 1700 εἶναι
835 1647 991 1700 αὐτόν
1053 1647 1376 1720 ἁμαρτωλὸν,
1437 1653 1620 1701 Καίτοι
1675 1655 1765 1701 καὶ

159 1735 465 1811 ἁμαρτωλὸς
491 1735 578 1788 ἐὰν
610 1733 691 1802 ἦν,
725 1741 844 1798 τοὺς
873 1736 1058 1808 λόγους
1096 1735 1202 1790 ἔδει
1231 1740 1416 1790 τούτου
1449 1734 1765 1812 δοκιμάσαι,

161 1825 206 1879 εἰ
233 1824 441 1886 ἀληθεῖς
472 1825 574 1878 εἱσι
608 1843 620 1855 ·
652 1829 702 1878 τί
725 1828 827 1899 γὰρ
856 1827 1049 1879 οἰτοπον
1080 1823 1214 1878 εἶπεν
1238 1844 1252 1893 ;

238 1921 454 1968 Καὶ-
502 1915 616 1978 ἔξω.
695 1915 1131 1988 Ἀποσυνάγωγόν
1203 1916 1452 1976 ἐποίησαν
1525 1921 1610 1971 τὸν
1675 1923 1770 1977 κη-

163 2025 300 2079 ρυκα
357 2014 454 2066 τῆς
517 2003 778 2072 ἀληθείας,
837 2009 905 2068 ὡς
969 2009 1208 2078 μαθητὴν
1280 2004 1436 2067 δῆθεν
1489 2016 1582 2060 τοῦ
1640 2016 1769 2082 Χρι-

169 2101 318 2147 στοῦ.
372 2098 458 2152 Μὴ
511 2090 811 2155 δυνηθέντες
866 2097 965 2168 γὰρ
1023 2097 1311 2168 ἐπηρεάσαι
1385 2104 1456 2167 τῷ
1521 2100 1770 2170 θαύματι,

171 2183 468 2235 τούναντίον
519 2179 578 2236 δὲ
625 2183 814 2254 μᾶλλον
859 2183 1166 2258 περιϐόητον
1214 2185 1339 2238 αὐτὸ
1393 2183 1487 2238 διὰ
1528 2195 1621 2248 τῆς
1677 2207 1774 2240 πο·-

167 2272 630 2347 λυπραγμοσύνης,
656 2277 988 2340 ποιήσαντες,
1013 2282 1220 2327 κινοῦσι
1242 2276 1322 2347 (1)
1343 2279 1430 2328 τόν
1455 2278 1613 2349 θυμὸν
1639 2279 1775 2330 κατὰ

172 2369 264 2414 τοῦ
294 2362 710 2433 θεραπευθέντος.

241 2451 501 2507 ’Ἤκουσεν
572 2484 640 2495 -
697 2459 862 2526 Θεοῦ;
934 2455 1187 2527 Ἐρχεται
1256 2457 1433 2528 μεῖζον
1518 2457 1774 2532 εὐεργετή-

171 2562 274 2594 σων
305 2546 390 2595 τόν
433 2541 739 2602 ἐκϐληθέντα
785 2541 857 2597 δι’
903 2544 1079 2611 αὐτόν,
1129 2550 1218 2596 καὶ
1263 2542 1464 2599 δίδωσι
1506 2551 1564 2598 1'6
1617 2551 1777 2620 κεφά-

165 2630 310 2683 λαιον
389 2639 488 2683 τῶν
563 2631 792 2704 ἀγαθῶν,
871 2634 1139 2708 γνωρίζων
1212 2635 1392 2687 ἑαυτὸν
1464 2636 1627 2706 αὐτῷ,
1687 2643 1776 2691 καὶ

167 2722 404 2793 μαθητὴν
437 2719 605 2792 ἁγαθῆ
639 2730 800 2775 ποιῶν
823 2738 837 2752 ⁶
867 2725 922 2774 1'6
951 2719 1010 2775 δὲ
1042 2726 1107 2775 σὺ
1145 2719 1179 2776 δ
1184 2724 1216 2776 ι’
1248 2723 1474 2788 ἐκείνους
1517 2724 1653 2779 εἶπεν
1695 2728 1774 2800 (2)

170 2809 534 2872 ἀπιστοῦντας.

249 2987 531 3064 Ἀπεκρίθη
592 3020 660 3031 -
712 2989 906 3057 αῦτόν;
951 2991 1302 3064 Ἀνεπτερώθη
1367 3002 1439 3063 τῷ
1499 2994 1654 3066 λόγῳ,
1714 2998 1778 3058 ὡς

180 3079 384 3149 ἕτοιμος
429 3079 500 3140 εἰς
529 3083 587 3130 1'6
616 3088 923 3143 πιστεῦσαι,
956 3085 1047 3131 καὶ
1082 3081 1230 3140 ζητεῖ
1275 3085 1456 3154 μαθεῖν
1486 3088 1565 3145 τίς
1615 3083 1778 3136 ἐστιν·

184 3165 243 3218 οῦ
269 3169 369 3242 γὰρ
403 3167 662 3224 ἠπίστατο
688 3173 768 3230 τίς
798 3167 958 3222 ἐστιν.

257 3340 382 3394 Eia-3
442 3373 493 3383 -
528 3341 688 3398 ἐστίν.
743 3375 806 3385 -
863 3343 1119 3419 Ἑώρακας
1171 3346 1346 3410 αὐτὸν,
1403 3347 1460 3399 οῦ
1512 3353 1780 3422 πρότερον,

185 3430 315 3482 ἀλλὰ
358 3439 465 3485 νῦν.
515 3437 617 3485 Καὶ
657 3433 752 3485 οῦκ
789 3435 944 3501 εἶπεν,
992 3440 1123 3506 Ἐγώ
1201 3435 1307 3506 εἰμι
1359 3437 1384 3487 ό
1433 3435 1636 3500 ἀνοίξας
1663 3443 1783 3502 τοῦς

186 3520 483 3593 ὀφθαλμούς
537 3539 651 3576 σου.
703 3521 945 3575 Βοῦλεται
993 3526 1091 3596 γὰρ
1151 3520 1321 3588 δεῖξαι
1370 3529 1426 3577 1'6
1486 3525 1785 3601 ἀπερίεργον

185 3616 282 3670 τῆς
344 3615 571 3672 πίστεως
618 3611 778 3664 αὐτοῦ
849 3617 980 3685 πρὸς
1031 3612 1272 3685 ὠφέλειαν
1329 3622 1430 3666 τῶν
1499 3626 1788 3674 τηνικαῦτα

186 3703 474 3770 παρόντων,
537 3705 626 3753 καὶ
680 3699 928 3774 ἐντροπὴν
977 3711 1076 3754 τῶν
1138 3707 1225 3754 καὶ
1270 3703 1437 3756 πολλὰ
1495 3701 1787 3779 διδαχθέν-

187 3807 310 3853 των,
387 3792 472 3840 καὶ
527 3789 690 3842 πολλὰ
749 3797 943 3856 σημεῖα
1004 3794 1349 3864 θεασαμένων,
1401 3799 1489 3846 καὶ
1559 3799 1630 3867 μὴ
1709 3817 1792 3848 πι-

191 3879 514 3930 στευσάντων
571 3881 665 3934 ἔτι.
716 3885 884 3932 Μόνον
929 3882 1030 3953 γὰρ
1095 3879 1324 3943 ἀκούσας
1378 3884 1458 3935 ὅτι
1513 3883 1571 3936 Ὀ
1627 3883 1790 3938 λαλῶν

188 3969 320 4038 μετὰ
420 3975 515 4019 σοῦ
626 3968 812 4031 ἐκεῖνός
932 3967 1096 4034 ἐστιν,
1200 3971 1351 4034 εὐθὺς
1469 3976 1788 4030 ἐπίστευσεν.

187 4054 396 4126 Ἥψατο
425 4060 524 4130 γὰρ
557 4059 581 4109 ὁ
624 4057 773 4130 λόγος
813 4058 1003 4111 αὐτίκα
1045 4069 1138 4120 τῆς
1184 4061 1346 4113 αὐτοῦ
1373 4061 1580 4133 ψυχῆς,
1634 4066 1792 4137 εὑρὼν

192 4144 354 4204 αὐτὴν
381 4148 604 4217 ἀγαθὴν,
636 4152 724 4199 καὶ
751 4147 1074 4221 κατέλαμψεν
1103 4149 1264 4208 αὐτὴν
1295 4151 1362 4211 εἰς
1400 4151 1678 4223 ἐπίγνωσιν
1703 4159 1793 4207 καὶ

193 4239 398 4291 πίστιν.
427 4233 563 4310 Ὀρα
585 4238 708 4309 γάρ.

264 4323 321 4376 Ὀ
391 4321 452 4376 δὲ
497 4356 566 4365 —
610 4325 776 4396 αὐτῷ.
837 4329 1218 4400 Προσεκύνησε,
1277 4325 1501 4399 βεϐαιῶν
1555 4331 1635 4382 ὅτι
1687 4330 1795 4383 ἐπί-

200 4431 403 4465 στευσε.

272 4505 372 4553 Καὶ
431 4532 497 4541 -
543 4506 810 4573 γένωνται.
895 4509 996 4558 Καὶ
1047 4509 1150 4578 μὴν
1193 4509 1366 4558 ὀπίσω
1418 4509 1614 4580 εἴρηκεν
1649 4525 1662 4538 ·
1717 4510 1798 4562 ὅτι

200 4590 307 4641 Οὐκ
385 4588 679 4644 ἀπέστειλεν
744 4594 769 4644 ὁ
843 4597 967 4654 Θεὸς
1017 4597 1104 4646 τὸν
1173 4595 1291 4647 Υἱόν
1345 4595 1505 4648 αὐτοῦ
1568 4597 1635 4658 εἰς

198 4683 416 4752 κόσμον,

1711 4618 1797 4651 τον

1283 4683 1438 4737 Ἀλλὰ
1494 4694 1658 4759 κρῖμα
1710 4696 1798 4740 νῦν

197 4773 253 4822 τὸ
305 4771 607 4846 κατάκριμα
657 4770 814 4842 λέγει,
874 4773 953 4823 ὅτι
1005 4772 1093 4833 Εἰς
1139 4776 1441 4847 κατάκριμα
1511 4775 1608 4848 ἐγὼ
1661 4776 1800 4835 ἐνην-

201 4861 458 4935 θρὼπησά
541 4879 712 4915 τινων.
792 4859 1151 4936 Ἐφερμηεύων
1235 4866 1338 4938 γὰρ

495 4683 577 4732 ἶνα
623 4686 770 4756 κρίνῃ
843 4686 930 4734 τόν
986 4689 1204 4755 κόσμον.

1433 4868 1521 4918 τόν
1626 4865 1795 4938 λόγον,

272 5040 319 5074 ⁸³
347 5039 515 5096 Joan.
559 5053 637 5107 ιιι,
677 5044 756 5096 t7.

1869 573 2005 629 caeci
2056 589 2195 628 vero
2245 590 2281 629 a
2325 575 2630 632 nativitate
2673 577 2892 634 nullus.
2937 583 3279 653 Magnitudo
3325 587 3527 661 itaque

1871 661 2140 718 miraculi
2170 662 2439 718 divinum
2473 666 2824 737 quempiam
2847 683 2976 725 esse
3020 671 3152 742 ejus
3183 673 3526 734 effectorem

1869 751 2146 807 ostendit.
2181 755 2327 808 Nam
2353 756 2455 825 qui
2487 754 2686 825 majus
2709 757 2956 830 aliquod
2981 760 3102 816 edit
3153 763 3527 834 miraculum,

1869 856 2056 913 quam
2073 841 2186 896 sint
2209 841 2482 898 universa
2502 843 2770 902 humana
2794 848 3099 917 miracula,
3119 852 3323 924 utique
3340 856 3532 926 major

1871 935 1959 986 est
1983 931 2208 986 cunctis
2229 931 2601 988 hominibus.

1944 1022 2102 1074 Vers.
2153 1021 2239 1077 34.
2284 1021 2735 1092 Responderunt
2781 1056 2846 1067 -
2891 1044 2989 1083 nos
3025 1029 3052 1084 γ
3092 1033 3221 1088 Non
3272 1032 3534 1092 tulerunt

1873 1110 2248 1166 manifestam
2268 1111 2743 1182 redargutionem
2757 1132 2827 1172 ac
2843 1117 3182 1188 prmclaram
3197 1123 3531 1181 victoriam:

1875 1213 2162 1255 conversa
2191 1206 2392 1255 autem
2433 1200 2655 1257 malitia
2685 1204 2744 1259 in
2796 1221 2974 1262 suum
3021 1208 3291 1280 ipsorum
3325 1218 3526 1285 caput,

1874 1286 2167 1359 indignati
2193 1294 2335 1344 sunt
2354 1288 2432 1345 illi
2465 1289 2758 1349 dicentes:
2786 1293 3070 1353 Peccator
3095 1301 3334 1357 omnino
3355 1306 3533 1360 natus

1875 1391 1952 1443 es,
1987 1379 2110 1433 sive
2140 1379 2213 1434 ab
2232 1378 2416 1446 initio,
2443 1395 2478 1435 a
2508 1381 2702 1452 prima
2733 1383 2931 1441 statim
2955 1392 3145 1444 aetate.
3175 1391 3529 1462 Insipienter

1875 1481 2139 1540 namque
2169 1468 2589 1539 opinabantur,
2621 1478 2862 1544 propter
2892 1481 3138 1546 peccata
3175 1479 3376 1553 aliqua
3405 1497 3534 1538 esse

1875 1562 2083 1611 natum
2100 1573 2347 1622 caecum,
2370 1564 2428 1614 ut
2447 1561 2974 1621 ostenderenteum
2999 1581 3128 1623 esse
3152 1576 3530 1640 peccatorem.

1876 1645 2054 1717 Atqui
2084 1647 2320 1702 etiamsi
2339 1654 2615 1720 peccator
2634 1657 2778 1723 erat,
2808 1669 3113 1712 sermones
3129 1658 3180 1729 ej
3191 1675 3257 1714 us
3279 1661 3536 1732 probare

1877 1736 2153 1808 oportuit,
2188 1737 2240 1792 si
2263 1739 2382 1794 veri
2407 1745 2627 1795 essent:
2656 1742 2803 1812 quid
2825 1743 2984 1800 enim
3013 1747 3262 1804 absurdi
3287 1750 3540 1808 dixerat?

1799 1847 1840 1902 Β
1952 1827 2109 1882 Vers.
2141 1825 2230 1881 34.
2259 1827 2336 1883 Et
2361 1859 2425 1868 —
2455 1830 2638 1898 foras.
2668 1831 2757 1887 Ab
2788 1833 3036 1892 ecclesia
3064 1842 3120 1893 et
3145 1841 3426 1896 concione
3452 1857 3538 1898 re-

1881 1913 2163 1986 pulerunt
2204 1932 2544 1988 praeconem
2576 1920 2857 1988 veritatis,
2892 1929 3178 1998 tanquam
3210 1929 3421 1986 Christi
3450 1930 3540 1988 di-

1881 2005 2199 2077 scipulum.
2230 2005 2376 2062 Cum
2403 2009 2563 2063 enim
2611 2009 2972 2070 miraculum
3019 2016 3376 2075 calumniari
3412 2037 3536 2078 non

1882 2096 2234 2166 potuissent,
2269 2096 2393 2153 imo
2423 2099 2621 2169 potius
2647 2115 2679 2155 e
2728 2101 2962 2160 diverso
3004 2105 3233 2163 celebre
3283 2109 3421 2166 illud
3447 2127 3539 2168 ve-

1881 2184 2144 2241 hementi
2199 2201 2270 2241 ac
2325 2188 2563 2244 curiosa
2622 2189 3072 2264 investigatione
3123 2197 3538 2272 reddidissent,

1882 2291 2058 2330 suum
2084 2273 2403 2333 effundunt
2418 2276 2681 2335 furorem
2705 2280 2994 2338 adversus
3016 2299 3156 2341 eum
3177 2287 3278 2358 qui
3297 2296 3541 2346 curatus

1882 2365 2100 2421 fuerat.

1960 2453 2130 2510 Vers.
2161 2454 2250 2510 35.
2291 2455 2536 2513 Audiuit
2587 2490 2656 2501 —
2687 2459 2836 2516 Dei?
2877 2463 3043 2520 Venit
3071 2469 3135 2521 ut
3183 2467 3376 2539 majus
3405 2484 3546 2526 con-

1884 2543 2058 2599 ferret
2088 2543 2565 2617 beneﬁciumilli,
2599 2549 2702 2620 qui
2725 2556 2963 2624 propter
2985 2569 3046 2608 se
3075 2555 3268 2613 fuerat
3292 2558 3546 2629 ejectus,

1885 2633 2171 2706 quodque
2196 2633 2496 2691 bonorum
2529 2644 2712 2709 caput
2754 2646 2846 2697 est
2871 2641 3092 2713 tribuit,
3127 2662 3251 2701 sese
3275 2645 3355 2703 illi
3391 2663 3547 2720 prae-

1886 2721 2036 2777 bens
2050 2725 2533 2793 cognoscendum
2544 2767 2557 2791 ,
2575 2742 2645 2782 ac
2658 2743 2866 2786 verum
2879 2731 3138 2790 efﬁciens
3154 2735 3518 2809 discipulum
3529 2779 3543 2794 .

1888 2811 2057 2879 Quod
2088 2819 2288 2869 autem
2317 2815 2436 2870 ait:
2473 2817 2578 2881 Tu,
2612 2824 2854 2891 propter
2886 2820 3019 2878 illos
3069 2824 3235 2891 dixit,
3269 2826 3374 2899 qui
3421 2843 3545 2885 non

1887 2901 2222 2960 credebant.

1962 2992 2125 3049 Vers.
2159 2997 2245 3049 36.
2279 2995 2608 3066 Respondit
2648 3030 2717 3040 —
2744 3016 2873 3058 eum
2901 3003 2931 3056 ἵ
2978 3005 3089 3076 Spe
3136 3005 3299 3064 bona
3345 3009 3424 3081 (ο)
3469 3008 3549 3066 ad

1892 3097 2229 3137 sermonem
2261 3091 2492 3140 erectus
2524 3092 2631 3154 est,
2687 3096 2976 3162 tanquam
3009 3101 3256 3164 paratus
3294 3097 3373 3153 ad
3428 3114 3549 3154 cre-

1891 3169 2158 3225 dendum
2191 3187 2202 3224 :
2245 3178 2298 3226 et
2330 3172 2553 3230 discere
2591 3181 2822 3247 quierit,
2860 3182 3139 3252 quisnam
3181 3184 3298 3255 sit;
3355 3203 3549 3260 neque

1841 3241 1860 3259 ³
1893 3259 2054 3314 enim
2090 3259 2333 3326 sciebat,
2375 3263 2510 3333 quis
2531 3271 2699 3319 esset.

1967 3347 2128 3403 Vers.
2156 3348 2245 3404 37.
2279 3350 2437 3406 Dixit
2479 3383 2544 3392 —
2576 3360 2676 3409 est.
2744 3355 2952 3413 Vidisti
2987 3374 3116 3416 eum
3152 3377 3165 3415 :
3201 3378 3317 3418 non
3358 3364 3549 3436 prius,

1902 3438 2007 3494 sed
2036 3453 2211 3494 nunc.
2244 3440 2371 3495 Non
2399 3440 2565 3507 dixit,
2615 3445 2733 3514 Ego
2761 3462 2920 3512 sum,
2953 3452 3056 3520 qui
3090 3451 3298 3523 aperui
3340 3455 3548 3512 oculos

1903 3532 2056 3584 tuos.
2101 3527 2234 3584 Vult
2262 3528 2422 3586 enim
2453 3531 2894 3604 simplicitatem
2925 3553 2995 3592 ac
3047 3543 3550 3612 prmparationem

1901 3616 1985 3690 (p)
2015 3617 2156 3674 ﬁdei
2197 3619 2353 3674 illius
2410 3623 2740 3690 ostendere,
2782 3625 2858 3681 ad
2890 3642 3088 3682 eorum
3133 3631 3240 3702 qui
3295 3647 3554 3704 praesen-

1903 3713 1988 3762 tes
2035 3713 2204 3764 erant
2233 3708 2562 3779 utilitatem,
2599 3728 2668 3768 ac
2699 3715 3112 3773 confusionem
3159 3735 3393 3790 eorum,
3447 3724 3554 3795 qui

1904 3812 2031 3852 cum
2051 3797 2229 3854 multa
2253 3798 2442 3856 edocti
2458 3806 2683 3873 essent,
2697 3804 2998 3879 multaque
3017 3807 3194 3878 signa
3209 3813 3558 3884 conspexis-

1902 3893 2048 3951 sent,
2084 3902 2203 3942 non
2230 3891 2434 3945 tamen
2465 3891 2660 3948 adhuc
2692 3895 3031 3950 credebant.
3079 3898 3227 3954 Nam
3259 3899 3371 3957 hoc
3426 3901 3555 3958 solo

1903 3977 2108 4031 audito
2143 3992 2154 4030 :
2187 3977 2382 4049 thui
2403 3980 2671 4051 loquitur
2699 3989 2889 4040 tecum
2921 3987 3044 4054 ipse
3058 3993 3158 4054 est,
3183 3989 3381 4046 statim
3433 4006 3558 4046 cre-

1902 4065 2093 4131 didit;
2137 4081 2333 4123 sermo
2365 4085 2627 4142 namque
2657 4074 2922 4129 animam
2948 4075 3101 4131 illius
3141 4085 3386 4148 repente
3430 4081 3561 4137 teti-

1904 4155 2007 4223 git,
2041 4171 2294 4227 cumque
2321 4157 2549 4214 bonam
2575 4160 2737 4216 illam
2766 4164 3112 4232 invenisset,
3171 4167 3242 4221 ad
3269 4168 3560 4238 cognitio-

1903 4259 2043 4298 nem
2076 4259 2146 4299 ac
2176 4245 2358 4301 ﬁdem
2399 4263 2535 4303 eam
2573 4249 2947 4308 illuminavit.
2991 4254 3131 4310 Vide
3161 4256 3342 4311 enim.

1978 4332 2144 4388 Vers.
2177 4338 2262 4390 38.
2283 4337 2363 4390 At
2383 4338 2489 4394 ille
2516 4370 2586 4379 —
2610 4355 2735 4395 eum
2781 4341 3077 4410 Adoravit,
3105 4344 3468 4404 conﬁrmans
3497 4365 3561 4406 se

1907 4422 2166 4478 credere.

1982 4513 2140 4566 Vers.
2172 4512 2261 4568 39.
2292 4513 2370 4568 Et
2399 4545 2468 4555 —
2494 4517 2667 4585 ﬁant.
2699 4518 2876 4593 Atqui
2905 4523 3178 4592 superius
3200 4523 3348 4582 dixit
3386 4528 3562 4585 :Non

1905 4601 2064 4656 misit
2080 4601 2232 4657 Deus
2254 4602 2476 4660 Filium
2495 4621 2663 4663 suum
2675 4608 2737 4664 in
2755 4611 3065 4676 mundum,
3085 4619 3153 4668 ut
3168 4615 3565 4684 judicetmun-

1906 4690 2046 4746 dum
2067 4692 2135 4756 ⁸³,
2156 4691 2259 4746 sed
2272 4692 2566 4763 judicium
2586 4701 2756 4753 vocat
2771 4698 2867 4753 hic
2879 4700 3460 4762 condemnationem.
3475 4707 3565 4764 Ad

1906 4779 2498 4848 condemnationem,
2515 4784 2724 4857 inquit,
2740 4791 3147 4859 quorumdam
3167 4809 3278 4863 ego
3293 4795 3568 4853 incarna-

1905 4874 2000 4925 tus
2033 4885 2167 4926 sum
2202 4885 2379 4929 :nam
2412 4873 2808 4948 interpretans
2849 4894 3187 4938 sermonem
3230 4883 3443 4943 addit:
3490 4887 3567 4945 Ut

1444 5168 1662 5239 Variae
1705 5169 2038 5242 lectiones
2065 5184 2130 5242 et
2154 5182 2360 5245 notae.

301 5383 393 5444 98)
427 5385 644 5441 Γεννητῆ
656 5402 678 5444 ς
709 5388 771 5436 Δ.

302 5307 392 5381 97)
431 5306 759 5381 Ὀφθαλμούς
780 5309 996 5368 omittit
1024 5310 1087 5366 Β.

302 5312 366 5364 97
431 5307 759 5381 Ὀφθαλμούς

301 5383 370 5436 98
427 5385 678 5444 Γεννητῆς
709 5388 771 5436 Δ.

275 5307 393 5527 399i
429 5450 780 5528 Ὑϐρίζουσιν.

279 5648 362 5721 (o)
400 5649 516 5718 Spe
547 5649 717 5719 bona,
749 5652 858 5705 etc.
915 5647 1185 5706 Elevatus
1228 5654 1315 5708 est
1363 5667 1639 5710 sermone
1668 5653 1802 5721 hoc,

205 5724 520 5793 tanquam-

283 5790 365 5868 (ᾖ)
404 5790 872 5864 Simplicitatem,
942 5796 1051 5849 etc.
1126 5793 1228 5850 Hic
1276 5793 1482 5852 abesse
1555 5801 1804 5872 poterat,

2013 5318 2066 5388 1)
2097 5323 2314 5373 Κινοῦσι
2340 5326 2404 5376 Δ.

2013 5318 2066 5388 1)
2097 5323 2314 5373 Κινοῦσι
2340 5326 2404 5376 Δ.

1987 5318 2065 5462 i2)
2102 5395 2236 5454 Τοὺς
2272 5391 2508 5450 videtur
2544 5393 2914 5456 addendum.

1917 5658 2541 5742 commorationem,
2582 5664 2728 5742 ﬁam
2762 5659 3152 5742 τὸ-ᾁπερίεργον
3201 5677 3294 5733 τῆς
3346 5675 3575 5738 πίστεως

1919 5733 2007 5812 est
2040 5728 2173 5812 ejus
2198 5730 2304 5812 qui
2352 5731 2688 5812 simpliciter
2716 5737 2919 5812 credit,
2948 5728 3204 5812 'qu'i'sine
3233 5728 3402 5800 omni
3455 5728 3576 5803 bas-'-

1919 5799 2234 5869 3itatione,‘
2259 5799 2629 5864 dubitatione
2663 5813 2719 5862 et
2755 5799 2948 5868 nimia
2968 5799 3311 5874 curiositate
3346 5799 3572 5880 credit.
