  <div class='ocr_page' id='page_1' title='image "/cluster/home/n/w/nwhite01/storage/ocr_20150623/129/hvd.32044019208511/774.png"; bbox 0 0 4098 6468; ppageno 0'>
   <div class='ocr_carea' id='block_1_1' title="bbox 184 352 335 410">
    <p class='ocr_par' dir='ltr' id='par_1_1' title="bbox 184 352 335 410">
     <span class='ocr_line' id='line_1_1' title="bbox 184 352 335 410; baseline -0.02 0"><span class='ocrx_word' id='word_1_1' title='bbox 184 352 335 410; x_wconf 81' lang='grc'><strong>1305</strong></span> 
     </span>
    </p>
   </div>
   <div class='ocr_carea' id='block_1_2' title="bbox 1277 351 2564 411">
    <p class='ocr_par' dir='ltr' id='par_1_2' title="bbox 1277 351 2564 411">
     <span class='ocr_line' id='line_1_2' title="bbox 1277 351 2564 411; baseline 0.001 -2"><span class='ocrx_word' id='word_1_2' title='bbox 1277 351 1624 410; x_wconf 84' lang='lat' dir='ltr'><strong>COMMENT</strong></span> <span class='ocrx_word' id='word_1_3' title='bbox 1662 353 1732 410; x_wconf 89' lang='lat' dir='ltr'><strong>IN</strong></span> <span class='ocrx_word' id='word_1_4' title='bbox 1769 352 2119 411; x_wconf 80' lang='lat' dir='ltr'><strong>JOANNEM.</strong></span> <span class='ocrx_word' id='word_1_5' title='bbox 2162 385 2230 396; x_wconf 90' lang='lat'><strong>—-</strong></span> <span class='ocrx_word' id='word_1_6' title='bbox 2267 355 2424 410; x_wconf 84' lang='lat' dir='ltr'><strong>CAP.</strong></span> <span class='ocrx_word' id='word_1_7' title='bbox 2469 351 2564 410; x_wconf 85' lang='lat' dir='ltr'><strong>IX.</strong></span> 
     </span>
    </p>
   </div>
   <div class='ocr_carea' id='block_1_3' title="bbox 3418 355 3558 412">
    <p class='ocr_par' dir='ltr' id='par_1_3' title="bbox 3418 355 3558 412">
     <span class='ocr_line' id='line_1_3' title="bbox 3418 355 3558 412; baseline 0.014 -2"><span class='ocrx_word' id='word_1_8' title='bbox 3418 355 3558 412; x_wconf 81' lang='grc'><strong>1306</strong></span> 
     </span>
    </p>
   </div>
   <div class='ocr_carea' id='block_1_4' title="bbox 262 477 1775 552">
    <p class='ocr_par' dir='ltr' id='par_1_4' title="bbox 262 477 1775 552">
     <span class='ocr_line' id='line_1_4' title="bbox 262 477 1775 552; baseline -0.002 -19"><span class='ocrx_word' id='word_1_9' title='bbox 262 484 366 534; x_wconf 81' lang='grc' dir='ltr'><strong>Καὶ</strong></span> <span class='ocrx_word' id='word_1_10' title='bbox 396 511 465 520; x_wconf 94' lang='grc'><strong>-</strong></span> <span class='ocrx_word' id='word_1_11' title='bbox 493 477 721 552; x_wconf 75' lang='grc' dir='ltr'>ἱὼρακας</span> <span class='ocrx_word' id='word_1_12' title='bbox 747 495 762 545; x_wconf 87' lang='grc'><strong>;</strong></span> <span class='ocrx_word' id='word_1_13' title='bbox 788 477 975 552; x_wconf 77' lang='grc' dir='ltr'>’ᾨοντο</span> <span class='ocrx_word' id='word_1_14' title='bbox 1001 479 1104 552; x_wconf 79' lang='grc' dir='ltr'><strong>γὰρ</strong></span> <span class='ocrx_word' id='word_1_15' title='bbox 1135 478 1288 532; x_wconf 76' lang='grc' dir='ltr'>αὐτὸν</span> <span class='ocrx_word' id='word_1_16' title='bbox 1318 478 1473 550; x_wconf 75' lang='grc' dir='ltr'>ἐγγὺς</span> <span class='ocrx_word' id='word_1_17' title='bbox 1501 477 1630 532; x_wconf 85' lang='grc' dir='ltr'>εἶναι</span> <span class='ocrx_word' id='word_1_18' title='bbox 1667 499 1775 532; x_wconf 90' lang='grc' dir='ltr'>πεν-</span> 
     </span>
    </p>
   </div>
   <div class='ocr_carea' id='block_1_5' title="bbox 1904 477 3554 552">
    <p class='ocr_par' dir='ltr' id='par_1_5' title="bbox 1970 477 3554 536">
     <span class='ocr_line' id='line_1_5' title="bbox 1970 477 3554 536; baseline 0.003 -6"><span class='ocrx_word' id='word_1_19' title='bbox 1970 479 2134 535; x_wconf 87' lang='lat' dir='ltr'><strong>Vers.</strong></span> <span class='ocrx_word' id='word_1_20' title='bbox 2168 481 2256 534; x_wconf 83' lang='grc'><strong>57.</strong></span> <span class='ocrx_word' id='word_1_21' title='bbox 2284 479 2456 533; x_wconf 80' lang='lat' dir='ltr'><strong>Et—</strong></span> <span class='ocrx_word' id='word_1_22' title='bbox 2506 478 2706 536; x_wconf 71' lang='lat' dir='ltr'><strong>vidisti</strong></span> <span class='ocrx_word' id='word_1_23' title='bbox 2758 477 2786 533; x_wconf 70' lang='grc' dir='ltr'><strong>τ</strong></span> <span class='ocrx_word' id='word_1_24' title='bbox 2839 477 3137 534; x_wconf 80' lang='lat' dir='ltr'><strong>Putabant</strong></span> <span class='ocrx_word' id='word_1_25' title='bbox 3198 477 3358 534; x_wconf 91' lang='lat' dir='ltr'><strong>enim</strong></span> <span class='ocrx_word' id='word_1_26' title='bbox 3415 495 3554 536; x_wconf 92' lang='lat' dir='ltr'><strong>eum</strong></span> 
     </span>
    </p>
   </div>
   <div class='ocr_carea' id='block_1_6' title="bbox 183 564 1788 640">
    <p class='ocr_par' dir='ltr' id='par_1_6' title="bbox 183 564 1788 640">
     <span class='ocr_line' id='line_1_6' title="bbox 183 564 1788 640; baseline -0.001 -18"><span class='ocrx_word' id='word_1_27' title='bbox 183 575 418 628; x_wconf 82' lang='grc' dir='ltr'><strong>τήκοντα</strong></span> <span class='ocrx_word' id='word_1_28' title='bbox 468 567 589 620; x_wconf 81' lang='grc' dir='ltr'>ἐτῶν</span> <span class='ocrx_word' id='word_1_29' title='bbox 639 565 734 620; x_wconf 74' lang='grc' dir='ltr'><strong>διὰ</strong></span> <span class='ocrx_word' id='word_1_30' title='bbox 783 573 876 625; x_wconf 73' lang='grc' dir='ltr'>τήν</span> <span class='ocrx_word' id='word_1_31' title='bbox 932 568 1270 640; x_wconf 76' lang='grc' dir='ltr'><strong>πολυπειρίαν</strong></span> <span class='ocrx_word' id='word_1_32' title='bbox 1325 568 1504 622; x_wconf 71' lang='grc' dir='ltr'>αὐτοῦ.</span> <span class='ocrx_word' id='word_1_33' title='bbox 1551 571 1681 621; x_wconf 88' lang='grc' dir='ltr'><strong>Τινὰ</strong></span> <span class='ocrx_word' id='word_1_34' title='bbox 1729 564 1788 620; x_wconf 71' lang='grc' dir='ltr'><strong>δὲ</strong></span> 
     </span>
    </p>
   </div>
   <div class='ocr_carea' id='block_1_7' title="bbox 185 657 1786 733">
    <p class='ocr_par' dir='ltr' id='par_1_7' title="bbox 185 657 1786 733">
     <span class='ocr_line' id='line_1_7' title="bbox 185 657 1786 733; baseline -0.001 -22"><span class='ocrx_word' id='word_1_35' title='bbox 185 668 289 711; x_wconf 85' lang='grc' dir='ltr'>τῶν</span> <span class='ocrx_word' id='word_1_36' title='bbox 343 659 455 730; x_wconf 79' lang='grc'>(71)</span> <span class='ocrx_word' id='word_1_37' title='bbox 509 657 834 733; x_wconf 74' lang='grc' dir='ltr'><strong>ἀντιγράφων</strong></span> <span class='ocrx_word' id='word_1_38' title='bbox 873 660 1268 731; x_wconf 80' lang='grc' dir='ltr'>τεσσαράκοντα</span> <span class='ocrx_word' id='word_1_39' title='bbox 1307 660 1620 733; x_wconf 74' lang='grc' dir='ltr'><strong>γράφουσιν,</strong></span> <span class='ocrx_word' id='word_1_40' title='bbox 1663 658 1786 730; x_wconf 84' lang='grc' dir='ltr'>ὅπερ</span> 
     </span>
    </p>
   </div>
   <div class='ocr_carea' id='block_1_8' title="bbox 187 744 745 821">
    <p class='ocr_par' dir='ltr' id='par_1_8' title="bbox 187 744 745 821">
     <span class='ocr_line' id='line_1_8' title="bbox 187 744 745 821; baseline -0.002 -21"><span class='ocrx_word' id='word_1_41' title='bbox 187 744 339 801; x_wconf 85' lang='grc' dir='ltr'>δοκεῖ</span> <span class='ocrx_word' id='word_1_42' title='bbox 365 747 745 821; x_wconf 61' lang='grc' dir='ltr'>ἀκριϐέστερον.</span> 
     </span>
    </p>
   </div>
   <div class='ocr_carea' id='block_1_9' title="bbox 261 921 1788 995">
    <p class='ocr_par' dir='ltr' id='par_1_9' title="bbox 261 921 1788 995">
     <span class='ocr_line' id='line_1_9' title="bbox 261 921 1788 995; baseline -0.002 -17"><span class='ocrx_word' id='word_1_43' title='bbox 261 923 413 978; x_wconf 81' lang='grc' dir='ltr'>Εἶπεν</span> <span class='ocrx_word' id='word_1_44' title='bbox 465 957 533 966; x_wconf 90' lang='grc'><strong>--</strong></span> <span class='ocrx_word' id='word_1_45' title='bbox 589 925 713 987; x_wconf 80' lang='grc' dir='ltr'>εἰμι.</span> <span class='ocrx_word' id='word_1_46' title='bbox 763 925 852 987; x_wconf 82' lang='grc' dir='ltr'>Ὠς</span> <span class='ocrx_word' id='word_1_47' title='bbox 917 929 1066 987; x_wconf 77' lang='grc' dir='ltr'>Θεὸς.</span> <span class='ocrx_word' id='word_1_48' title='bbox 1123 930 1222 979; x_wconf 79' lang='grc' dir='ltr'><strong>Καὶ</strong></span> <span class='ocrx_word' id='word_1_49' title='bbox 1279 924 1374 977; x_wconf 76' lang='grc' dir='ltr'>οὐκ</span> <span class='ocrx_word' id='word_1_50' title='bbox 1432 921 1590 992; x_wconf 83' lang='grc' dir='ltr'>εἶπεν,</span> <span class='ocrx_word' id='word_1_51' title='bbox 1653 923 1788 995; x_wconf 85' lang='grc' dir='ltr'><strong>Ἐγώ</strong></span> 
     </span>
    </p>
   </div>
   <div class='ocr_carea' id='block_1_10' title="bbox 184 1010 1788 1087">
    <p class='ocr_par' dir='ltr' id='par_1_10' title="bbox 184 1010 1788 1087">
     <span class='ocr_line' id='line_1_10' title="bbox 184 1010 1788 1087; baseline 0 -22"><span class='ocrx_word' id='word_1_52' title='bbox 184 1018 351 1087; x_wconf 78' lang='grc' dir='ltr'>ἥμην,</span> <span class='ocrx_word' id='word_1_53' title='bbox 429 1013 534 1066; x_wconf 81' lang='grc' dir='ltr'>ἀλλ’</span> <span class='ocrx_word' id='word_1_54' title='bbox 596 1015 726 1085; x_wconf 81' lang='grc' dir='ltr'><strong>Ἐγὼ</strong></span> <span class='ocrx_word' id='word_1_55' title='bbox 778 1015 886 1087; x_wconf 83' lang='grc' dir='ltr'>εἰμι</span> <span class='ocrx_word' id='word_1_56' title='bbox 927 1017 953 1067; x_wconf 85' lang='grc' dir='ltr'><strong><em>ὁ</em></strong></span> <span class='ocrx_word' id='word_1_57' title='bbox 1014 1013 1092 1067; x_wconf 80' lang='grc' dir='ltr'>ἀεὶ</span> <span class='ocrx_word' id='word_1_58' title='bbox 1155 1019 1240 1066; x_wconf 87' lang='grc' dir='ltr'><strong>ὤν.</strong></span> <span class='ocrx_word' id='word_1_59' title='bbox 1274 1017 1343 1066; x_wconf 88' lang='grc' dir='ltr'><strong>Τὸ</strong></span> <span class='ocrx_word' id='word_1_60' title='bbox 1369 1016 1458 1080; x_wconf 72' lang='grc' dir='ltr'><strong>μεν</strong></span> <span class='ocrx_word' id='word_1_61' title='bbox 1507 1010 1595 1065; x_wconf 77' lang='grc' dir='ltr'><strong>οὖν</strong></span> <span class='ocrx_word' id='word_1_62' title='bbox 1653 1015 1788 1084; x_wconf 84' lang='grc' dir='ltr'>γενέ-</span> 
     </span>
    </p>
   </div>
   <div class='ocr_carea' id='block_1_11' title="bbox 187 1100 1786 1176">
    <p class='ocr_par' dir='ltr' id='par_1_11' title="bbox 187 1100 1786 1176">
     <span class='ocr_line' id='line_1_11' title="bbox 187 1100 1786 1176; baseline 0 -20"><span class='ocrx_word' id='word_1_63' title='bbox 187 1105 318 1156; x_wconf 83' lang='grc' dir='ltr'>σθαι</span> <span class='ocrx_word' id='word_1_64' title='bbox 378 1107 728 1157; x_wconf 83' lang='grc' dir='ltr'>κτιστοῦ·τό</span> <span class='ocrx_word' id='word_1_65' title='bbox 823 1100 882 1156; x_wconf 67' lang='grc' dir='ltr'><em>δὲ</em></span> <span class='ocrx_word' id='word_1_66' title='bbox 947 1103 1067 1176; x_wconf 83' lang='grc' dir='ltr'>Εἰμὶ</span> <span class='ocrx_word' id='word_1_67' title='bbox 1146 1102 1396 1155; x_wconf 80' lang='grc' dir='ltr'>ἀκτίστου</span> <span class='ocrx_word' id='word_1_68' title='bbox 1446 1104 1464 1174; x_wconf 94' lang='grc'><strong>[</strong></span> <span class='ocrx_word' id='word_1_69' title='bbox 1519 1107 1609 1156; x_wconf 85' lang='grc' dir='ltr'>καὶ</span> <span class='ocrx_word' id='word_1_70' title='bbox 1671 1103 1786 1174; x_wconf 78' lang='grc'><strong>(72)</strong></span> 
     </span>
    </p>
   </div>
   <div class='ocr_carea' id='block_1_12' title="bbox 183 1193 468 1266">
    <p class='ocr_par' dir='ltr' id='par_1_12' title="bbox 183 1193 468 1266">
     <span class='ocr_line' id='line_1_12' title="bbox 183 1193 468 1266; baseline -0.011 -21"><span class='ocrx_word' id='word_1_71' title='bbox 183 1198 407 1246; x_wconf 78' lang='grc' dir='ltr'><strong>κτίστου</strong></span> 
     </span>
    </p>
   </div>
   <div class='ocr_carea' id='block_1_13' title="bbox 260 1281 1784 1358">
    <p class='ocr_par' dir='ltr' id='par_1_13' title="bbox 260 1281 1784 1358">
     <span class='ocr_line' id='line_1_13' title="bbox 260 1281 1784 1358; baseline -0.002 -23"><span class='ocrx_word' id='word_1_72' title='bbox 260 1282 427 1358; x_wconf 83' lang='grc' dir='ltr'>Ἦραν</span> <span class='ocrx_word' id='word_1_73' title='bbox 464 1309 519 1322; x_wconf 81' lang='lat'><strong>-—</strong></span> <span class='ocrx_word' id='word_1_74' title='bbox 568 1281 746 1334; x_wconf 69' lang='grc' dir='ltr'>αὐτὸν.</span> <span class='ocrx_word' id='word_1_75' title='bbox 803 1285 869 1335; x_wconf 86' lang='grc' dir='ltr'><strong>Οἱ</strong></span> <span class='ocrx_word' id='word_1_76' title='bbox 904 1289 1087 1354; x_wconf 87' lang='grc' dir='ltr'>ταχεῖς</span> <span class='ocrx_word' id='word_1_77' title='bbox 1126 1285 1254 1356; x_wconf 88' lang='grc' dir='ltr'>πρὸς</span> <span class='ocrx_word' id='word_1_78' title='bbox 1283 1287 1430 1354; x_wconf 81' lang='grc' dir='ltr'>φόνον</span> <span class='ocrx_word' id='word_1_79' title='bbox 1460 1303 1472 1314; x_wconf 91' lang='grc'><strong>·</strong></span> <span class='ocrx_word' id='word_1_80' title='bbox 1503 1281 1784 1356; x_wconf 86' lang='grc' dir='ltr'>Ἠγρίαναν</span> 
     </span>
    </p>
   </div>
   <div class='ocr_carea' id='block_1_14' title="bbox 183 1368 1785 1446">
    <p class='ocr_par' dir='ltr' id='par_1_14' title="bbox 183 1368 1785 1446">
     <span class='ocr_line' id='line_1_14' title="bbox 183 1368 1785 1446; baseline 0 -24"><span class='ocrx_word' id='word_1_81' title='bbox 183 1373 290 1444; x_wconf 81' lang='grc' dir='ltr'>γὰρ</span> <span class='ocrx_word' id='word_1_82' title='bbox 340 1368 584 1434; x_wconf 85' lang='grc' dir='ltr'>δόξαντες</span> <span class='ocrx_word' id='word_1_83' title='bbox 635 1369 951 1443; x_wconf 80' lang='grc' dir='ltr'>ὑϐρισθῆναι</span> <span class='ocrx_word' id='word_1_84' title='bbox 993 1375 1080 1423; x_wconf 83' lang='grc' dir='ltr'>τὸν</span> <span class='ocrx_word' id='word_1_85' title='bbox 1139 1370 1376 1446; x_wconf 73' lang='grc' dir='ltr'>Ἀϐραὰμ</span> <span class='ocrx_word' id='word_1_86' title='bbox 1418 1389 1430 1400; x_wconf 87' lang='grc'><strong>·</strong></span> <span class='ocrx_word' id='word_1_87' title='bbox 1465 1371 1576 1443; x_wconf 82' lang='grc' dir='ltr'>οἶμα</span> <span class='ocrx_word' id='word_1_88' title='bbox 1605 1368 1664 1424; x_wconf 74' lang='grc' dir='ltr'><strong>δὲ</strong></span> <span class='ocrx_word' id='word_1_89' title='bbox 1695 1375 1785 1423; x_wconf 85' lang='grc' dir='ltr'>καὶ</span> 
     </span>
    </p>
   </div>
   <div class='ocr_carea' id='block_1_15' title="bbox 182 1457 1544 1533">
    <p class='ocr_par' dir='ltr' id='par_1_15' title="bbox 182 1457 1544 1533">
     <span class='ocr_line' id='line_1_15' title="bbox 182 1457 1544 1533; baseline 0.001 -21"><span class='ocrx_word' id='word_1_90' title='bbox 182 1465 393 1532; x_wconf 85' lang='grc' dir='ltr'>γνόντες</span> <span class='ocrx_word' id='word_1_91' title='bbox 423 1462 502 1514; x_wconf 81' lang='grc' dir='ltr'>ὅτι</span> <span class='ocrx_word' id='word_1_92' title='bbox 532 1457 812 1519; x_wconf 75' lang='grc' dir='ltr'>ἁίδιὸτητα</span> <span class='ocrx_word' id='word_1_93' title='bbox 849 1468 982 1514; x_wconf 83' lang='grc' dir='ltr'><strong>Θεοῦ</strong></span> <span class='ocrx_word' id='word_1_94' title='bbox 1006 1462 1336 1533; x_wconf 77' lang='grc' dir='ltr'><strong>περιτίθησιν</strong></span> <span class='ocrx_word' id='word_1_95' title='bbox 1362 1461 1544 1530; x_wconf 81' lang='grc' dir='ltr'>ἑαυτῷ.</span> 
     </span>
    </p>
   </div>
   <div class='ocr_carea' id='block_1_16' title="bbox 260 1636 1779 1713">
    <p class='ocr_par' dir='ltr' id='par_1_16' title="bbox 260 1636 1779 1713">
     <span class='ocr_line' id='line_1_16' title="bbox 260 1636 1779 1713; baseline -0.002 -20"><span class='ocrx_word' id='word_1_96' title='bbox 260 1639 468 1700; x_wconf 86' lang='grc' dir='ltr'>ἰησοῦς</span> <span class='ocrx_word' id='word_1_97' title='bbox 525 1636 584 1692; x_wconf 74' lang='grc' dir='ltr'>δε</span> <span class='ocrx_word' id='word_1_98' title='bbox 631 1639 847 1713; x_wconf 73' lang='grc' dir='ltr'>ἐκρύϐη.</span> <span class='ocrx_word' id='word_1_99' title='bbox 894 1641 1143 1712; x_wconf 81' lang='grc' dir='ltr'>Ἀὁρατος</span> <span class='ocrx_word' id='word_1_100' title='bbox 1201 1638 1378 1700; x_wconf 70' lang='grc' dir='ltr'>αὐτοῖς</span> <span class='ocrx_word' id='word_1_101' title='bbox 1439 1643 1662 1698; x_wconf 81' lang='grc' dir='ltr'><strong>κατέστη</strong></span> <span class='ocrx_word' id='word_1_102' title='bbox 1717 1647 1779 1711; x_wconf 75' lang='grc' dir='ltr'>τῇ</span> 
     </span>
    </p>
   </div>
   <div class='ocr_carea' id='block_1_17' title="bbox 184 1729 822 1801">
    <p class='ocr_par' dir='ltr' id='par_1_17' title="bbox 184 1729 822 1801">
     <span class='ocr_line' id='line_1_17' title="bbox 184 1729 822 1801; baseline -0.002 -19"><span class='ocrx_word' id='word_1_103' title='bbox 184 1729 402 1801; x_wconf 74' lang='grc' dir='ltr'>ἐξουσίᾳ</span> <span class='ocrx_word' id='word_1_104' title='bbox 431 1737 522 1790; x_wconf 85' lang='grc' dir='ltr'><strong>τῆς</strong></span> <span class='ocrx_word' id='word_1_105' title='bbox 561 1731 822 1790; x_wconf 75' lang='grc' dir='ltr'>θεότητος.</span> 
     </span>
    </p>
   </div>
   <div class='ocr_carea' id='block_1_18' title="bbox 261 1817 1496 1894">
    <p class='ocr_par' dir='ltr' id='par_1_18' title="bbox 261 1817 1496 1894">
     <span class='ocr_line' id='line_1_18' title="bbox 261 1817 1496 1894; baseline 0.002 -24"><span class='ocrx_word' id='word_1_106' title='bbox 261 1822 361 1871; x_wconf 80' lang='grc' dir='ltr'><strong>Καὶ</strong></span> <span class='ocrx_word' id='word_1_107' title='bbox 395 1821 554 1894; x_wconf 81' lang='grc' dir='ltr'>ἱεροῦ.</span> <span class='ocrx_word' id='word_1_108' title='bbox 579 1824 691 1871; x_wconf 84' lang='grc' dir='ltr'>Ἵνα</span> <span class='ocrx_word' id='word_1_109' title='bbox 718 1817 1022 1877; x_wconf 81' lang='grc' dir='ltr'>κατασταλῆ</span> <span class='ocrx_word' id='word_1_110' title='bbox 1057 1819 1082 1870; x_wconf 86' lang='grc' dir='ltr'><strong><em>ὁ</em></strong></span> <span class='ocrx_word' id='word_1_111' title='bbox 1117 1820 1279 1890; x_wconf 85' lang='grc' dir='ltr'>θυμὸς</span> <span class='ocrx_word' id='word_1_112' title='bbox 1307 1818 1496 1872; x_wconf 75' lang='grc' dir='ltr'>αὐτῶν.</span> 
     </span>
    </p>
   </div>
   <div class='ocr_carea' id='block_1_19' title="bbox 257 1993 1783 2069">
    <p class='ocr_par' dir='ltr' id='par_1_19' title="bbox 257 1993 1783 2069">
     <span class='ocr_line' id='line_1_19' title="bbox 257 1993 1783 2069; baseline 0 -21"><span class='ocrx_word' id='word_1_113' title='bbox 257 1995 473 2050; x_wconf 79' lang='grc' dir='ltr'>Διελθών</span> <span class='ocrx_word' id='word_1_114' title='bbox 503 2028 571 2036; x_wconf 90' lang='grc'><strong>-</strong></span> <span class='ocrx_word' id='word_1_115' title='bbox 600 1997 790 2049; x_wconf 79' lang='grc' dir='ltr'>αὐτῶν.</span> <span class='ocrx_word' id='word_1_116' title='bbox 845 2001 932 2055; x_wconf 80' lang='grc' dir='ltr'><strong>Μὴ</strong></span> <span class='ocrx_word' id='word_1_117' title='bbox 977 1996 1275 2069; x_wconf 77' lang='grc' dir='ltr'><strong>ἰσχυόντων</strong></span> <span class='ocrx_word' id='word_1_118' title='bbox 1307 1993 1436 2049; x_wconf 76' lang='grc' dir='ltr'>ἰδεῖν</span> <span class='ocrx_word' id='word_1_119' title='bbox 1477 1997 1648 2052; x_wconf 69' lang='grc' dir='ltr'>αὐτόν.</span> <span class='ocrx_word' id='word_1_120' title='bbox 1685 2003 1783 2054; x_wconf 76' lang='grc' dir='ltr'><strong>Καὶ</strong></span> 
     </span>
    </p>
   </div>
   <div class='ocr_carea' id='block_1_20' title="bbox 185 2083 1789 2159">
    <p class='ocr_par' dir='ltr' id='par_1_20' title="bbox 185 2083 1789 2159">
     <span class='ocr_line' id='line_1_20' title="bbox 185 2083 1789 2159; baseline -0.001 -20"><span class='ocrx_word' id='word_1_121' title='bbox 185 2084 334 2139; x_wconf 64' lang='lat' dir='ltr'><strong>citari</strong></span> <span class='ocrx_word' id='word_1_122' title='bbox 385 2086 479 2138; x_wconf 71' lang='grc' dir='ltr'><strong>οὐκ</strong></span> <span class='ocrx_word' id='word_1_123' title='bbox 536 2084 768 2149; x_wconf 75' lang='grc' dir='ltr'>ἐξέλυσεν</span> <span class='ocrx_word' id='word_1_124' title='bbox 799 2086 966 2139; x_wconf 78' lang='grc' dir='ltr'>αὐτῶν</span> <span class='ocrx_word' id='word_1_125' title='bbox 1006 2091 1100 2144; x_wconf 79' lang='grc' dir='ltr'>τὴν</span> <span class='ocrx_word' id='word_1_126' title='bbox 1150 2083 1372 2158; x_wconf 79' lang='grc' dir='ltr'>δύναμιν</span> <span class='ocrx_word' id='word_1_127' title='bbox 1415 2091 1504 2139; x_wconf 78' lang='grc' dir='ltr'>καὶ</span> <span class='ocrx_word' id='word_1_128' title='bbox 1562 2095 1789 2159; x_wconf 79' lang='grc' dir='ltr'>φανερῶς</span> 
     </span>
    </p>
   </div>
   <div class='ocr_carea' id='block_1_21' title="bbox 185 2174 1780 2250">
    <p class='ocr_par' dir='ltr' id='par_1_21' title="bbox 185 2174 1780 2250">
     <span class='ocr_line' id='line_1_21' title="bbox 185 2174 1780 2250; baseline 0 -23"><span class='ocrx_word' id='word_1_129' title='bbox 185 2174 491 2248; x_wconf 78' lang='grc' dir='ltr'>ἀνεχώρησε</span> <span class='ocrx_word' id='word_1_130' title='bbox 511 2192 525 2241; x_wconf 86' lang='grc'>;</span> <span class='ocrx_word' id='word_1_131' title='bbox 559 2180 700 2228; x_wconf 87' lang='grc' dir='ltr'>Διότι</span> <span class='ocrx_word' id='word_1_132' title='bbox 716 2177 826 2228; x_wconf 80' lang='grc' dir='ltr'><strong>οὔθ’</strong></span> <span class='ocrx_word' id='word_1_133' title='bbox 848 2177 1008 2237; x_wconf 80' lang='grc' dir='ltr'>οὕτως</span> <span class='ocrx_word' id='word_1_134' title='bbox 1030 2175 1232 2248; x_wconf 75' lang='grc' dir='ltr'>ἔμελλον</span> <span class='ocrx_word' id='word_1_135' title='bbox 1261 2178 1544 2230; x_wconf 81' lang='grc' dir='ltr'>πιστεύειν.</span> <span class='ocrx_word' id='word_1_136' title='bbox 1568 2179 1780 2250; x_wconf 81' lang='grc' dir='ltr'><strong>Καὶγὰρ</strong></span> 
     </span>
    </p>
   </div>
   <div class='ocr_carea' id='block_1_22' title="bbox 185 2264 1777 2339">
    <p class='ocr_par' dir='ltr' id='par_1_22' title="bbox 185 2264 1777 2339">
     <span class='ocr_line' id='line_1_22' title="bbox 185 2264 1777 2339; baseline -0.001 -21"><span class='ocrx_word' id='word_1_137' title='bbox 185 2265 234 2318; x_wconf 78' lang='grc' dir='ltr'>ἐν</span> <span class='ocrx_word' id='word_1_138' title='bbox 263 2273 332 2335; x_wconf 85' lang='grc' dir='ltr'>τῷ</span> <span class='ocrx_word' id='word_1_139' title='bbox 361 2273 527 2339; x_wconf 82' lang='grc' dir='ltr'>καιρῷ</span> <span class='ocrx_word' id='word_1_140' title='bbox 558 2273 650 2316; x_wconf 81' lang='grc' dir='ltr'><strong>τοῦ</strong></span> <span class='ocrx_word' id='word_1_141' title='bbox 710 2266 914 2326; x_wconf 81' lang='grc' dir='ltr'>ῐιάθους</span> <span class='ocrx_word' id='word_1_142' title='bbox 959 2267 1172 2326; x_wconf 81' lang='grc' dir='ltr'>ὑπτίους</span> <span class='ocrx_word' id='word_1_143' title='bbox 1204 2265 1316 2335; x_wconf 88' lang='lat'><strong>(73)</strong></span> <span class='ocrx_word' id='word_1_144' title='bbox 1369 2265 1552 2326; x_wconf 76' lang='grc' dir='ltr'>αὐτοὺς</span> <span class='ocrx_word' id='word_1_145' title='bbox 1581 2264 1777 2339; x_wconf 71' lang='grc' dir='ltr'>ἔρριψε,</span> 
     </span>
    </p>
   </div>
   <div class='ocr_carea' id='block_1_23' title="bbox 184 2352 1778 2424">
    <p class='ocr_par' dir='ltr' id='par_1_23' title="bbox 184 2352 1778 2424">
     <span class='ocr_line' id='line_1_23' title="bbox 184 2352 1778 2424; baseline 0 -18"><span class='ocrx_word' id='word_1_146' title='bbox 184 2360 274 2407; x_wconf 84' lang='grc' dir='ltr'>καὶ</span> <span class='ocrx_word' id='word_1_147' title='bbox 304 2358 398 2406; x_wconf 80' lang='grc' dir='ltr'>τὰς</span> <span class='ocrx_word' id='word_1_148' title='bbox 419 2354 560 2424; x_wconf 77' lang='grc' dir='ltr'>ὄψεις</span> <span class='ocrx_word' id='word_1_149' title='bbox 590 2353 756 2406; x_wconf 75' lang='grc' dir='ltr'>αὐτῶν</span> <span class='ocrx_word' id='word_1_150' title='bbox 779 2352 1040 2418; x_wconf 75' lang='grc' dir='ltr'>ἐσκότισε,</span> <span class='ocrx_word' id='word_1_151' title='bbox 1081 2360 1170 2407; x_wconf 84' lang='grc' dir='ltr'>καὶ</span> <span class='ocrx_word' id='word_1_152' title='bbox 1201 2355 1294 2407; x_wconf 73' lang='grc' dir='ltr'>οὐκ</span> <span class='ocrx_word' id='word_1_153' title='bbox 1324 2353 1654 2408; x_wconf 71' lang='grc' dir='ltr'>ἐπίστευσαν.</span> <span class='ocrx_word' id='word_1_154' title='bbox 1678 2355 1778 2406; x_wconf 69' lang='grc' dir='ltr'><strong>Οὐ·</strong></span> 
     </span>
    </p>
   </div>
   <div class='ocr_carea' id='block_1_24' title="bbox 187 2439 1780 2516">
    <p class='ocr_par' dir='ltr' id='par_1_24' title="bbox 187 2439 1780 2516">
     <span class='ocr_line' id='line_1_24' title="bbox 187 2439 1780 2516; baseline 0.001 -22"><span class='ocrx_word' id='word_1_155' title='bbox 187 2439 273 2494; x_wconf 75' lang='grc' dir='ltr'>δεν</span> <span class='ocrx_word' id='word_1_156' title='bbox 302 2445 401 2514; x_wconf 81' lang='grc' dir='ltr'><strong>γὰρ</strong></span> <span class='ocrx_word' id='word_1_157' title='bbox 433 2449 611 2514; x_wconf 85' lang='grc' dir='ltr'>χεῖρον</span> <span class='ocrx_word' id='word_1_158' title='bbox 640 2441 828 2514; x_wconf 70' lang='grc' dir='ltr'>ψυχῆς</span> <span class='ocrx_word' id='word_1_159' title='bbox 861 2441 1239 2513; x_wconf 80' lang='grc' dir='ltr'>ἁπεγνωκυίας.</span> <span class='ocrx_word' id='word_1_160' title='bbox 1297 2441 1403 2496; x_wconf 74' lang='grc' dir='ltr'><strong>Κᾶν</strong></span> <span class='ocrx_word' id='word_1_161' title='bbox 1450 2445 1550 2516; x_wconf 83' lang='grc' dir='ltr'><strong>γὰρ</strong></span> <span class='ocrx_word' id='word_1_162' title='bbox 1586 2450 1780 2514; x_wconf 88' lang='grc' dir='ltr'>σημεῖα</span> 
     </span>
    </p>
   </div>
   <div class='ocr_carea' id='block_1_25' title="bbox 183 2529 1779 2607">
    <p class='ocr_par' dir='ltr' id='par_1_25' title="bbox 183 2529 1779 2607">
     <span class='ocr_line' id='line_1_25' title="bbox 183 2529 1779 2607; baseline 0 -23"><span class='ocrx_word' id='word_1_163' title='bbox 183 2529 302 2605; x_wconf 73' lang='grc' dir='ltr'><strong>ἴδη,</strong></span> <span class='ocrx_word' id='word_1_164' title='bbox 329 2530 423 2584; x_wconf 71' lang='grc' dir='ltr'>κᾶν</span> <span class='ocrx_word' id='word_1_165' title='bbox 454 2535 662 2607; x_wconf 75' lang='grc' dir='ltr'>τέρατα,</span> <span class='ocrx_word' id='word_1_166' title='bbox 693 2535 829 2604; x_wconf 75' lang='grc' dir='ltr'>μένει</span> <span class='ocrx_word' id='word_1_167' title='bbox 859 2537 952 2591; x_wconf 75' lang='grc' dir='ltr'><strong>τῆν</strong></span> <span class='ocrx_word' id='word_1_168' title='bbox 979 2533 1140 2591; x_wconf 73' lang='grc' dir='ltr'>αὐτὴν</span> <span class='ocrx_word' id='word_1_169' title='bbox 1184 2536 1389 2605; x_wconf 81' lang='grc' dir='ltr'>ἔχουσα</span> <span class='ocrx_word' id='word_1_170' title='bbox 1416 2532 1570 2585; x_wconf 80' lang='grc' dir='ltr'>πάλιν</span> <span class='ocrx_word' id='word_1_171' title='bbox 1598 2531 1779 2585; x_wconf 75' lang='grc' dir='ltr'>ἀναισ-</span> 
     </span>
    </p>
   </div>
   <div class='ocr_carea' id='block_1_26' title="bbox 149 2626 425 2694">
    <p class='ocr_par' dir='ltr' id='par_1_26' title="bbox 149 2626 425 2694">
     <span class='ocr_line' id='line_1_26' title="bbox 149 2626 425 2694; baseline 0.007 -20"><span class='ocrx_word' id='word_1_172' title='bbox 149 2659 152 2661; x_wconf 50' lang='grc' dir='ltr'>λ</span> <span class='ocrx_word' id='word_1_173' title='bbox 182 2642 287 2694; x_wconf 87' lang='grc' dir='ltr'><strong>χυν</strong></span> <span class='ocrx_word' id='word_1_174' title='bbox 296 2626 425 2676; x_wconf 79' lang='grc' dir='ltr'>τίαν.</span> 
     </span>
    </p>
   </div>
   <div class='ocr_carea' id='block_1_27' title="bbox 259 2711 1779 2787">
    <p class='ocr_par' dir='ltr' id='par_1_27' title="bbox 259 2711 1779 2787">
     <span class='ocr_line' id='line_1_27' title="bbox 259 2711 1779 2787; baseline 0.001 -24"><span class='ocrx_word' id='word_1_175' title='bbox 259 2715 358 2764; x_wconf 78' lang='grc' dir='ltr'><strong>Καὶ</strong></span> <span class='ocrx_word' id='word_1_176' title='bbox 385 2719 618 2784; x_wconf 76' lang='grc' dir='ltr'>παρῆγεν</span> <span class='ocrx_word' id='word_1_177' title='bbox 639 2711 823 2773; x_wconf 80' lang='grc' dir='ltr'>οὕτως.</span> <span class='ocrx_word' id='word_1_178' title='bbox 854 2711 1125 2774; x_wconf 78' lang='grc' dir='ltr'>Ἐϐάδιζεν</span> <span class='ocrx_word' id='word_1_179' title='bbox 1164 2714 1341 2779; x_wconf 83' lang='grc' dir='ltr'>οὕτως,</span> <span class='ocrx_word' id='word_1_180' title='bbox 1376 2717 1448 2786; x_wconf 80' lang='grc' dir='ltr'>μὴ</span> <span class='ocrx_word' id='word_1_181' title='bbox 1483 2717 1779 2787; x_wconf 78' lang='grc' dir='ltr'>φαινόμενος</span> 
     </span>
    </p>
   </div>
   <div class='ocr_carea' id='block_1_28' title="bbox 183 2799 380 2862">
    <p class='ocr_par' dir='ltr' id='par_1_28' title="bbox 183 2799 380 2862">
     <span class='ocr_line' id='line_1_28' title="bbox 183 2799 380 2862; baseline 0.015 -11"><span class='ocrx_word' id='word_1_182' title='bbox 183 2799 380 2862; x_wconf 80' lang='grc' dir='ltr'>αὐτοῖς.</span> 
     </span>
    </p>
   </div>
   <div class='ocr_carea' id='block_1_29' title="bbox 433 2887 1524 2964">
    <p class='ocr_par' dir='ltr' id='par_1_29' title="bbox 433 2887 1524 2964">
     <span class='ocr_line' id='line_1_29' title="bbox 433 2887 1524 2964; baseline 0.003 -22"><span class='ocrx_word' id='word_1_183' title='bbox 433 2895 579 2943; x_wconf 71' lang='grc' dir='ltr'><strong>ΚΕΦ.</strong></span> <span class='ocrx_word' id='word_1_184' title='bbox 623 2887 675 2944; x_wconf 84' lang='grc' dir='ltr'><strong>Ι’.</strong></span> <span class='ocrx_word' id='word_1_185' title='bbox 703 2895 826 2964; x_wconf 83' lang='grc' dir='ltr'>Περὶ</span> <span class='ocrx_word' id='word_1_186' title='bbox 853 2898 945 2943; x_wconf 83' lang='grc' dir='ltr'><strong>τοῦ</strong></span> <span class='ocrx_word' id='word_1_187' title='bbox 985 2890 1040 2944; x_wconf 75' lang='grc' dir='ltr'>ἇκ</span> <span class='ocrx_word' id='word_1_188' title='bbox 1077 2901 1282 2963; x_wconf 76' lang='grc' dir='ltr'>γενετῆς</span> <span class='ocrx_word' id='word_1_189' title='bbox 1310 2891 1524 2964; x_wconf 74' lang='grc' dir='ltr'>τυφλοῦ.</span> 
     </span>
    </p>
   </div>
   <div class='ocr_carea' id='block_1_30' title="bbox 255 2978 1776 3053">
    <p class='ocr_par' dir='ltr' id='par_1_30' title="bbox 255 2978 1776 3053">
     <span class='ocr_line' id='line_1_30' title="bbox 255 2978 1776 3053; baseline -0.001 -21"><span class='ocrx_word' id='word_1_190' title='bbox 255 2983 355 3032; x_wconf 82' lang='grc' dir='ltr'><strong>Καὶ</strong></span> <span class='ocrx_word' id='word_1_191' title='bbox 384 3009 454 3018; x_wconf 92' lang='lat'>—</span> <span class='ocrx_word' id='word_1_192' title='bbox 481 2988 705 3050; x_wconf 87' lang='grc' dir='ltr'>γενετῆς.</span> <span class='ocrx_word' id='word_1_193' title='bbox 731 2979 954 3032; x_wconf 76' lang='grc' dir='ltr'>Βεϐαιῶν</span> <span class='ocrx_word' id='word_1_194' title='bbox 983 2979 1020 3032; x_wconf 83' lang='grc' dir='ltr'><strong><em>ἂ</em></strong></span> <span class='ocrx_word' id='word_1_195' title='bbox 1048 2978 1174 3045; x_wconf 83' lang='grc' dir='ltr'>εἶπε,</span> <span class='ocrx_word' id='word_1_196' title='bbox 1206 2985 1296 3034; x_wconf 87' lang='grc' dir='ltr'>καὶ</span> <span class='ocrx_word' id='word_1_197' title='bbox 1324 2983 1664 3053; x_wconf 77' lang='grc' dir='ltr'>πιστούμενος</span> <span class='ocrx_word' id='word_1_198' title='bbox 1697 2983 1776 3032; x_wconf 87' lang='grc' dir='ltr'>ὃτι</span> 
     </span>
    </p>
   </div>
   <div class='ocr_carea' id='block_1_31' title="bbox 1898 567 3553 640">
    <p class='ocr_par' dir='ltr' id='par_1_31' title="bbox 1898 567 3553 640">
     <span class='ocr_line' id='line_1_31' title="bbox 1898 567 3553 640; baseline 0.001 -18"><span class='ocrx_word' id='word_1_199' title='bbox 1898 567 2081 624; x_wconf 82' lang='lat' dir='ltr'><strong>ferme</strong></span> <span class='ocrx_word' id='word_1_200' title='bbox 2137 583 2270 624; x_wconf 90' lang='lat' dir='ltr'><strong>esse</strong></span> <span class='ocrx_word' id='word_1_201' title='bbox 2320 568 2927 640; x_wconf 72' lang='lat' dir='ltr'><strong>quinquagenarium,</strong></span> <span class='ocrx_word' id='word_1_202' title='bbox 3007 572 3249 639; x_wconf 84' lang='lat' dir='ltr'><strong>propter</strong></span> <span class='ocrx_word' id='word_1_203' title='bbox 3301 568 3553 624; x_wconf 90' lang='lat' dir='ltr'><strong>multam</strong></span> 
     </span>
    </p>
   </div>
   <div class='ocr_carea' id='block_1_32' title="bbox 1897 657 3553 730">
    <p class='ocr_par' dir='ltr' id='par_1_32' title="bbox 1897 657 3553 730">
     <span class='ocr_line' id='line_1_32' title="bbox 1897 657 3553 730; baseline 0.001 -18"><span class='ocrx_word' id='word_1_204' title='bbox 1897 658 2030 730; x_wconf 87' lang='lat' dir='ltr'><strong>ejus</strong></span> <span class='ocrx_word' id='word_1_205' title='bbox 2073 658 2347 729; x_wconf 88' lang='lat' dir='ltr'><strong>peritiam</strong></span> <span class='ocrx_word' id='word_1_206' title='bbox 2397 663 2453 713; x_wconf 93' lang='lat' dir='ltr'><strong>et</strong></span> <span class='ocrx_word' id='word_1_207' title='bbox 2497 657 2943 730; x_wconf 78' lang='lat' dir='ltr'><strong>experientiam.</strong></span> <span class='ocrx_word' id='word_1_208' title='bbox 3013 657 3297 722; x_wconf 66' lang='lat' dir='ltr'><strong>Qumdam</strong></span> <span class='ocrx_word' id='word_1_209' title='bbox 3353 663 3553 713; x_wconf 91' lang='lat' dir='ltr'><strong>autem</strong></span> 
     </span>
    </p>
   </div>
   <div class='ocr_carea' id='block_1_33' title="bbox 1899 745 3556 820">
    <p class='ocr_par' dir='ltr' id='par_1_33' title="bbox 1899 745 3556 820">
     <span class='ocr_line' id='line_1_33' title="bbox 1899 745 3556 820; baseline 0.001 -19"><span class='ocrx_word' id='word_1_210' title='bbox 1899 747 2264 818; x_wconf 83' lang='lat' dir='ltr'><strong>exemplaria</strong></span> <span class='ocrx_word' id='word_1_211' title='bbox 2333 745 2572 812; x_wconf 84' lang='lat' dir='ltr'><strong>habent,</strong></span> <span class='ocrx_word' id='word_1_212' title='bbox 2623 746 3052 818; x_wconf 81' lang='lat' dir='ltr'><strong>quadraginta,</strong></span> <span class='ocrx_word' id='word_1_213' title='bbox 3097 746 3274 820; x_wconf 48' lang='lat' dir='ltr'><strong>.quod</strong></span> <span class='ocrx_word' id='word_1_214' title='bbox 3323 746 3556 803; x_wconf 83' lang='lat' dir='ltr'><strong>videtur</strong></span> 
     </span>
    </p>
   </div>
   <div class='ocr_carea' id='block_1_34' title="bbox 1897 836 2266 891">
    <p class='ocr_par' dir='ltr' id='par_1_34' title="bbox 1897 836 2266 891">
     <span class='ocr_line' id='line_1_34' title="bbox 1897 836 2266 891; baseline 0.003 -2"><span class='ocrx_word' id='word_1_215' title='bbox 1897 851 2025 891; x_wconf 88' lang='lat' dir='ltr'><strong>esse</strong></span> <span class='ocrx_word' id='word_1_216' title='bbox 2054 836 2266 891; x_wconf 86' lang='lat' dir='ltr'><strong>verius.</strong></span> 
     </span>
    </p>
   </div>
   <div class='ocr_carea' id='block_1_35' title="bbox 1967 925 3556 997">
    <p class='ocr_par' dir='ltr' id='par_1_35' title="bbox 1967 925 3556 997">
     <span class='ocr_line' id='line_1_35' title="bbox 1967 925 3556 997; baseline 0.003 -20"><span class='ocrx_word' id='word_1_217' title='bbox 1967 925 2128 979; x_wconf 84' lang='lat' dir='ltr'><strong>Vers.</strong></span> <span class='ocrx_word' id='word_1_218' title='bbox 2209 928 2294 980; x_wconf 86' lang='lat'><strong>58.</strong></span> <span class='ocrx_word' id='word_1_219' title='bbox 2349 925 2521 981; x_wconf 73' lang='lat' dir='ltr'><strong>Dixit</strong></span> <span class='ocrx_word' id='word_1_220' title='bbox 2585 955 2655 964; x_wconf 92' lang='lat'>—</span> <span class='ocrx_word' id='word_1_221' title='bbox 2719 927 3213 997; x_wconf 85' lang='lat' dir='ltr'><strong>sum.Tanquam</strong></span> <span class='ocrx_word' id='word_1_222' title='bbox 3259 925 3433 980; x_wconf 89' lang='lat' dir='ltr'><strong>Deus.</strong></span> <span class='ocrx_word' id='word_1_223' title='bbox 3491 926 3556 981; x_wconf 86' lang='lat' dir='ltr'><strong>Et</strong></span> 
     </span>
    </p>
   </div>
   <div class='ocr_carea' id='block_1_36' title="bbox 1896 1013 3558 1085">
    <p class='ocr_par' dir='ltr' id='par_1_36' title="bbox 1896 1013 3558 1085">
     <span class='ocr_line' id='line_1_36' title="bbox 1896 1013 3558 1085; baseline 0.001 -17"><span class='ocrx_word' id='word_1_224' title='bbox 1896 1028 2012 1069; x_wconf 90' lang='lat' dir='ltr'><strong>non</strong></span> <span class='ocrx_word' id='word_1_225' title='bbox 2065 1014 2232 1078; x_wconf 89' lang='lat' dir='ltr'><strong>dixit,</strong></span> <span class='ocrx_word' id='word_1_226' title='bbox 2295 1017 2415 1083; x_wconf 79' lang='lat' dir='ltr'><strong>Ego</strong></span> <span class='ocrx_word' id='word_1_227' title='bbox 2457 1029 2622 1069; x_wconf 90' lang='lat' dir='ltr'><strong>eram</strong></span> <span class='ocrx_word' id='word_1_228' title='bbox 2663 1032 2681 1085; x_wconf 76' lang='lat'>;</span> <span class='ocrx_word' id='word_1_229' title='bbox 2716 1013 2842 1081; x_wconf 91' lang='lat' dir='ltr'><strong>sed,</strong></span> <span class='ocrx_word' id='word_1_230' title='bbox 2891 1014 3018 1084; x_wconf 87' lang='lat' dir='ltr'><strong>Ego</strong></span> <span class='ocrx_word' id='word_1_231' title='bbox 3042 1029 3190 1082; x_wconf 79' lang='lat' dir='ltr'><strong>sum,</strong></span> <span class='ocrx_word' id='word_1_232' title='bbox 3248 1015 3346 1085; x_wconf 90' lang='lat' dir='ltr'><strong>qui</strong></span> <span class='ocrx_word' id='word_1_233' title='bbox 3401 1029 3558 1070; x_wconf 76' lang='lat' dir='ltr'><strong>sem-</strong></span> 
     </span>
    </p>
   </div>
   <div class='ocr_carea' id='block_1_37' title="bbox 1894 1103 3552 1175">
    <p class='ocr_par' dir='ltr' id='par_1_37' title="bbox 1894 1103 3552 1175">
     <span class='ocr_line' id='line_1_37' title="bbox 1894 1103 3552 1175; baseline 0.001 -16"><span class='ocrx_word' id='word_1_234' title='bbox 1894 1119 2002 1173; x_wconf 90' lang='lat' dir='ltr'><strong>per</strong></span> <span class='ocrx_word' id='word_1_235' title='bbox 2031 1120 2188 1158; x_wconf 84' lang='lat' dir='ltr'><strong>sum.</strong></span> <span class='ocrx_word' id='word_1_236' title='bbox 2220 1104 2359 1160; x_wconf 83' lang='lat' dir='ltr'><strong>Fieri</strong></span> <span class='ocrx_word' id='word_1_237' title='bbox 2389 1103 2680 1175; x_wconf 80' lang='lat' dir='ltr'><strong>siquidem</strong></span> <span class='ocrx_word' id='word_1_238' title='bbox 2710 1103 2794 1158; x_wconf 87' lang='lat' dir='ltr'><strong>rei</strong></span> <span class='ocrx_word' id='word_1_239' title='bbox 2825 1108 3036 1159; x_wconf 61' lang='lat' dir='ltr'><strong>creata</strong></span> <span class='ocrx_word' id='word_1_240' title='bbox 3065 1107 3185 1171; x_wconf 92' lang='lat' dir='ltr'><strong>est;</strong></span> <span class='ocrx_word' id='word_1_241' title='bbox 3215 1105 3360 1160; x_wconf 87' lang='lat' dir='ltr'><strong>Sum</strong></span> <span class='ocrx_word' id='word_1_242' title='bbox 3391 1119 3552 1167; x_wconf 85' lang='lat' dir='ltr'><strong>vero,</strong></span> 
     </span>
    </p>
   </div>
   <div class='ocr_carea' id='block_1_38' title="bbox 1893 1191 2546 1249">
    <p class='ocr_par' dir='ltr' id='par_1_38' title="bbox 1893 1191 2546 1249">
     <span class='ocr_line' id='line_1_38' title="bbox 1893 1191 2546 1249; baseline -0.003 -1"><span class='ocrx_word' id='word_1_243' title='bbox 1893 1191 2170 1248; x_wconf 67' lang='lat' dir='ltr'><strong>increatre</strong></span> <span class='ocrx_word' id='word_1_244' title='bbox 2232 1198 2288 1248; x_wconf 91' lang='lat' dir='ltr'><strong>et</strong></span> <span class='ocrx_word' id='word_1_245' title='bbox 2315 1198 2546 1249; x_wconf 76' lang='lat' dir='ltr'><strong>crealte.</strong></span> 
     </span>
    </p>
   </div>
   <div class='ocr_carea' id='block_1_39' title="bbox 1965 1281 3550 1340">
    <p class='ocr_par' dir='ltr' id='par_1_39' title="bbox 1965 1281 3550 1340">
     <span class='ocr_line' id='line_1_39' title="bbox 1965 1281 3550 1340; baseline 0.003 -5"><span class='ocrx_word' id='word_1_246' title='bbox 1965 1283 2128 1338; x_wconf 89' lang='lat' dir='ltr'><strong>Vers.</strong></span> <span class='ocrx_word' id='word_1_247' title='bbox 2163 1283 2248 1338; x_wconf 78' lang='lat'><strong>59.</strong></span> <span class='ocrx_word' id='word_1_248' title='bbox 2291 1283 2582 1338; x_wconf 82' lang='lat' dir='ltr'><strong>Tulerunt</strong></span> <span class='ocrx_word' id='word_1_249' title='bbox 2618 1315 2681 1323; x_wconf 97' lang='lat'>—</span> <span class='ocrx_word' id='word_1_250' title='bbox 2714 1298 2862 1339; x_wconf 81' lang='lat' dir='ltr'><strong>eum.</strong></span> <span class='ocrx_word' id='word_1_251' title='bbox 2887 1283 3134 1339; x_wconf 90' lang='lat' dir='ltr'><strong>Veloces</strong></span> <span class='ocrx_word' id='word_1_252' title='bbox 3198 1281 3276 1339; x_wconf 88' lang='lat' dir='ltr'><strong>ad</strong></span> <span class='ocrx_word' id='word_1_253' title='bbox 3305 1282 3550 1340; x_wconf 66' lang='lat' dir='ltr'><strong>caedem.</strong></span> 
     </span>
    </p>
   </div>
   <div class='ocr_carea' id='block_1_40' title="bbox 1896 1371 3551 1443">
    <p class='ocr_par' dir='ltr' id='par_1_40' title="bbox 1896 1371 3551 1443">
     <span class='ocr_line' id='line_1_40' title="bbox 1896 1371 3551 1443; baseline 0.001 -17"><span class='ocrx_word' id='word_1_254' title='bbox 1896 1372 2234 1443; x_wconf 83' lang='lat' dir='ltr'><strong>Exasperati</strong></span> <span class='ocrx_word' id='word_1_255' title='bbox 2267 1377 2406 1427; x_wconf 88' lang='lat' dir='ltr'><strong>sunt</strong></span> <span class='ocrx_word' id='word_1_256' title='bbox 2458 1372 2616 1427; x_wconf 91' lang='lat' dir='ltr'><strong>enim</strong></span> <span class='ocrx_word' id='word_1_257' title='bbox 2666 1377 2944 1442; x_wconf 89' lang='lat' dir='ltr'><strong>putantes</strong></span> <span class='ocrx_word' id='word_1_258' title='bbox 2991 1371 3209 1442; x_wconf 87' lang='lat' dir='ltr'><strong>injuria</strong></span> <span class='ocrx_word' id='word_1_259' title='bbox 3272 1371 3551 1429; x_wconf 76' lang='lat' dir='ltr'><strong>affectum</strong></span> 
     </span>
    </p>
   </div>
   <div class='ocr_carea' id='block_1_41' title="bbox 1895 1461 3554 1533">
    <p class='ocr_par' dir='ltr' id='par_1_41' title="bbox 1895 1461 3554 1533">
     <span class='ocr_line' id='line_1_41' title="bbox 1895 1461 3554 1533; baseline 0.001 -17"><span class='ocrx_word' id='word_1_260' title='bbox 1895 1477 2027 1516; x_wconf 89' lang='lat' dir='ltr'><strong>esse</strong></span> <span class='ocrx_word' id='word_1_261' title='bbox 2085 1461 2388 1518; x_wconf 82' lang='lat' dir='ltr'><strong>Abraham</strong></span> <span class='ocrx_word' id='word_1_262' title='bbox 2441 1479 2454 1514; x_wconf 91' lang='lat'><strong>:</strong></span> <span class='ocrx_word' id='word_1_263' title='bbox 2497 1461 2672 1517; x_wconf 89' lang='lat' dir='ltr'><strong>simul</strong></span> <span class='ocrx_word' id='word_1_264' title='bbox 2721 1462 2917 1527; x_wconf 88' lang='lat' dir='ltr'><strong>etiam,</strong></span> <span class='ocrx_word' id='word_1_265' title='bbox 2977 1461 3078 1518; x_wconf 93' lang='lat' dir='ltr'><strong>ubi</strong></span> <span class='ocrx_word' id='word_1_266' title='bbox 3131 1461 3554 1533; x_wconf 80' lang='lat' dir='ltr'><strong>cognovissent</strong></span> 
     </span>
    </p>
   </div>
   <div class='ocr_carea' id='block_1_42' title="bbox 1894 1550 3123 1622">
    <p class='ocr_par' dir='ltr' id='par_1_42' title="bbox 1894 1550 3123 1622">
     <span class='ocr_line' id='line_1_42' title="bbox 1894 1550 3123 1622; baseline -0.002 -16"><span class='ocrx_word' id='word_1_267' title='bbox 1894 1550 2059 1622; x_wconf 85' lang='lat' dir='ltr'><strong>quod</strong></span> <span class='ocrx_word' id='word_1_268' title='bbox 2089 1551 2188 1606; x_wconf 85' lang='lat' dir='ltr'><strong>Dei</strong></span> <span class='ocrx_word' id='word_1_269' title='bbox 2219 1551 2600 1606; x_wconf 67' lang='lat' dir='ltr'><strong>aeternitatem</strong></span> <span class='ocrx_word' id='word_1_270' title='bbox 2634 1551 2745 1606; x_wconf 90' lang='lat' dir='ltr'><strong>sibi</strong></span> <span class='ocrx_word' id='word_1_271' title='bbox 2778 1551 3123 1607; x_wconf 85' lang='lat' dir='ltr'><strong>vindicaret.</strong></span> 
     </span>
    </p>
   </div>
   <div class='ocr_carea' id='block_1_43' title="bbox 1966 1641 3553 1698">
    <p class='ocr_par' dir='ltr' id='par_1_43' title="bbox 1966 1641 3553 1698">
     <span class='ocr_line' id='line_1_43' title="bbox 1966 1641 3553 1698; baseline 0.003 -6"><span class='ocrx_word' id='word_1_272' title='bbox 1966 1641 2132 1696; x_wconf 87' lang='lat' dir='ltr'><strong>Vers.</strong></span> <span class='ocrx_word' id='word_1_273' title='bbox 2163 1641 2253 1698; x_wconf 89' lang='lat'><strong>59.</strong></span> <span class='ocrx_word' id='word_1_274' title='bbox 2285 1643 2445 1695; x_wconf 75' lang='lat' dir='ltr'><strong>Jews</strong></span> <span class='ocrx_word' id='word_1_275' title='bbox 2484 1647 2676 1696; x_wconf 78' lang='lat' dir='ltr'><strong>autem</strong></span> <span class='ocrx_word' id='word_1_276' title='bbox 2701 1642 3030 1697; x_wconf 82' lang='lat' dir='ltr'><strong>occultatus</strong></span> <span class='ocrx_word' id='word_1_277' title='bbox 3071 1647 3172 1696; x_wconf 81' lang='lat' dir='ltr'><strong>est.</strong></span> <span class='ocrx_word' id='word_1_278' title='bbox 3203 1641 3312 1696; x_wconf 87' lang='lat' dir='ltr'><strong>Per</strong></span> <span class='ocrx_word' id='word_1_279' title='bbox 3341 1641 3553 1697; x_wconf 83' lang='lat' dir='ltr'><strong>divini—</strong></span> 
     </span>
    </p>
   </div>
   <div class='ocr_carea' id='block_1_44' title="bbox 1895 1730 3159 1804">
    <p class='ocr_par' dir='ltr' id='par_1_44' title="bbox 1895 1730 3159 1804">
     <span class='ocr_line' id='line_1_44' title="bbox 1895 1730 3159 1804; baseline -0.001 -18"><span class='ocrx_word' id='word_1_280' title='bbox 1895 1731 2028 1787; x_wconf 86' lang='lat' dir='ltr'><strong>tatis</strong></span> <span class='ocrx_word' id='word_1_281' title='bbox 2053 1731 2381 1804; x_wconf 90' lang='lat' dir='ltr'><strong>potentiam</strong></span> <span class='ocrx_word' id='word_1_282' title='bbox 2411 1731 2720 1787; x_wconf 88' lang='lat' dir='ltr'><strong>invisibilis</strong></span> <span class='ocrx_word' id='word_1_283' title='bbox 2772 1732 2858 1786; x_wconf 90' lang='lat' dir='ltr'><strong>eis</strong></span> <span class='ocrx_word' id='word_1_284' title='bbox 2892 1730 3159 1787; x_wconf 75' lang='lat' dir='ltr'><strong>effectus.</strong></span> 
     </span>
    </p>
   </div>
   <div class='ocr_carea' id='block_1_45' title="bbox 1820 1819 3548 1894">
    <p class='ocr_par' dir='ltr' id='par_1_45' title="bbox 1820 1819 3548 1894">
     <span class='ocr_line' id='line_1_45' title="bbox 1820 1819 3548 1894; baseline 0.001 -20"><span class='ocrx_word' id='word_1_285' title='bbox 1820 1840 1861 1894; x_wconf 79' lang='grc' dir='ltr'>Β</span> <span class='ocrx_word' id='word_1_286' title='bbox 1966 1821 2130 1876; x_wconf 88' lang='lat' dir='ltr'><strong>Vers.</strong></span> <span class='ocrx_word' id='word_1_287' title='bbox 2158 1821 2247 1876; x_wconf 85' lang='lat'><strong>59.</strong></span> <span class='ocrx_word' id='word_1_288' title='bbox 2291 1821 2369 1876; x_wconf 81' lang='lat' dir='ltr'><strong>Et</strong></span> <span class='ocrx_word' id='word_1_289' title='bbox 2399 1852 2466 1861; x_wconf 91' lang='lat'><em>—</em></span> <span class='ocrx_word' id='word_1_290' title='bbox 2515 1820 2740 1889; x_wconf 78' lang='lat' dir='ltr'><strong>templo.</strong></span> <span class='ocrx_word' id='word_1_291' title='bbox 2801 1823 2869 1876; x_wconf 92' lang='lat' dir='ltr'><strong>Ut</strong></span> <span class='ocrx_word' id='word_1_292' title='bbox 2923 1819 3161 1876; x_wconf 90' lang='lat' dir='ltr'><strong>illorum</strong></span> <span class='ocrx_word' id='word_1_293' title='bbox 3195 1821 3428 1877; x_wconf 83' lang='lat' dir='ltr'><strong>sedaret</strong></span> <span class='ocrx_word' id='word_1_294' title='bbox 3461 1820 3548 1876; x_wconf 85' lang='lat' dir='ltr'><strong>fu-</strong></span> 
     </span>
    </p>
   </div>
   <div class='ocr_carea' id='block_1_46' title="bbox 1895 1925 2112 1966">
    <p class='ocr_par' dir='ltr' id='par_1_46' title="bbox 1895 1925 2112 1966">
     <span class='ocr_line' id='line_1_46' title="bbox 1895 1925 2112 1966; baseline -0.014 -1"><span class='ocrx_word' id='word_1_295' title='bbox 1895 1925 2090 1966; x_wconf 89' lang='lat' dir='ltr'><strong>rorem</strong></span> <span class='ocrx_word' id='word_1_296' title='bbox 2101 1951 2112 1962; x_wconf 94' lang='lat'><strong>.</strong></span> 
     </span>
    </p>
   </div>
   <div class='ocr_carea' id='block_1_47' title="bbox 1967 1998 3548 2056">
    <p class='ocr_par' dir='ltr' id='par_1_47' title="bbox 1967 1998 3548 2056">
     <span class='ocr_line' id='line_1_47' title="bbox 1967 1998 3548 2056; baseline 0 -1"><span class='ocrx_word' id='word_1_297' title='bbox 1967 1999 2131 2055; x_wconf 87' lang='lat' dir='ltr'><strong>Vers.</strong></span> <span class='ocrx_word' id='word_1_298' title='bbox 2158 2004 2244 2056; x_wconf 83' lang='lat'><strong>59.</strong></span> <span class='ocrx_word' id='word_1_299' title='bbox 2279 1999 2678 2056; x_wconf 80' lang='lat' dir='ltr'><strong>Pertransiens</strong></span> <span class='ocrx_word' id='word_1_300' title='bbox 2723 2030 2788 2040; x_wconf 92' lang='lat'>—</span> <span class='ocrx_word' id='word_1_301' title='bbox 2817 1999 3079 2056; x_wconf 84' lang='lat' dir='ltr'><strong>illorum.</strong></span> <span class='ocrx_word' id='word_1_302' title='bbox 3114 2001 3256 2056; x_wconf 90' lang='lat' dir='ltr'><strong>Cum</strong></span> <span class='ocrx_word' id='word_1_303' title='bbox 3289 1998 3370 2055; x_wconf 91' lang='lat' dir='ltr'><strong>illi</strong></span> <span class='ocrx_word' id='word_1_304' title='bbox 3411 2015 3548 2055; x_wconf 91' lang='lat' dir='ltr'><strong>eum</strong></span> 
     </span>
    </p>
   </div>
   <div class='ocr_carea' id='block_1_48' title="bbox 1893 2088 3554 2161">
    <p class='ocr_par' dir='ltr' id='par_1_48' title="bbox 1893 2088 3554 2161">
     <span class='ocr_line' id='line_1_48' title="bbox 1893 2088 3554 2161; baseline 0 -17"><span class='ocrx_word' id='word_1_305' title='bbox 1893 2089 2092 2145; x_wconf 86' lang='lat' dir='ltr'><strong>videre</strong></span> <span class='ocrx_word' id='word_1_306' title='bbox 2135 2105 2255 2144; x_wconf 92' lang='lat' dir='ltr'><strong>non</strong></span> <span class='ocrx_word' id='word_1_307' title='bbox 2300 2093 2570 2161; x_wconf 86' lang='lat' dir='ltr'><strong>possent.</strong></span> <span class='ocrx_word' id='word_1_308' title='bbox 2635 2091 2700 2143; x_wconf 86' lang='lat' dir='ltr'><strong>Et</strong></span> <span class='ocrx_word' id='word_1_309' title='bbox 2740 2104 2926 2160; x_wconf 87' lang='lat' dir='ltr'><strong>quare</strong></span> <span class='ocrx_word' id='word_1_310' title='bbox 2958 2104 3080 2144; x_wconf 93' lang='lat' dir='ltr'><strong>non</strong></span> <span class='ocrx_word' id='word_1_311' title='bbox 3139 2089 3403 2145; x_wconf 89' lang='lat' dir='ltr'><strong>dissolvit</strong></span> <span class='ocrx_word' id='word_1_312' title='bbox 3432 2088 3554 2144; x_wconf 91' lang='lat' dir='ltr'><strong>illo-</strong></span> 
     </span>
    </p>
   </div>
   <div class='ocr_carea' id='block_1_49' title="bbox 1891 2177 3552 2243">
    <p class='ocr_par' dir='ltr' id='par_1_49' title="bbox 1891 2177 3552 2243">
     <span class='ocr_line' id='line_1_49' title="bbox 1891 2177 3552 2243; baseline -0.001 -9"><span class='ocrx_word' id='word_1_313' title='bbox 1891 2195 2026 2234; x_wconf 85' lang='lat' dir='ltr'><strong>rum</strong></span> <span class='ocrx_word' id='word_1_314' title='bbox 2057 2178 2355 2243; x_wconf 86' lang='lat' dir='ltr'><strong>virtutem,</strong></span> <span class='ocrx_word' id='word_1_315' title='bbox 2389 2184 2446 2234; x_wconf 92' lang='lat' dir='ltr'><strong>et</strong></span> <span class='ocrx_word' id='word_1_316' title='bbox 2506 2177 2822 2234; x_wconf 86' lang='lat' dir='ltr'><strong>manifeste</strong></span> <span class='ocrx_word' id='word_1_317' title='bbox 2895 2177 3138 2233; x_wconf 89' lang='lat' dir='ltr'><strong>recessit</strong></span> <span class='ocrx_word' id='word_1_318' title='bbox 3181 2177 3210 2232; x_wconf 79' lang='lat'>?</span> <span class='ocrx_word' id='word_1_319' title='bbox 3255 2178 3400 2243; x_wconf 84' lang='lat' dir='ltr'><strong>Quia</strong></span> <span class='ocrx_word' id='word_1_320' title='bbox 3443 2193 3552 2234; x_wconf 92' lang='lat' dir='ltr'><strong>nec</strong></span> 
     </span>
    </p>
   </div>
   <div class='ocr_carea' id='block_1_50' title="bbox 1893 2265 3549 2337">
    <p class='ocr_par' dir='ltr' id='par_1_50' title="bbox 1893 2265 3549 2337">
     <span class='ocr_line' id='line_1_50' title="bbox 1893 2265 3549 2337; baseline 0 -16"><span class='ocrx_word' id='word_1_321' title='bbox 1893 2268 1977 2323; x_wconf 91' lang='lat' dir='ltr'><strong>sic</strong></span> <span class='ocrx_word' id='word_1_322' title='bbox 2025 2268 2303 2323; x_wconf 85' lang='lat' dir='ltr'><strong>credituri</strong></span> <span class='ocrx_word' id='word_1_323' title='bbox 2376 2271 2565 2322; x_wconf 82' lang='lat' dir='ltr'><strong>erant.</strong></span> <span class='ocrx_word' id='word_1_324' title='bbox 2643 2265 2867 2322; x_wconf 89' lang='lat' dir='ltr'><strong>Etenim</strong></span> <span class='ocrx_word' id='word_1_325' title='bbox 2915 2271 3186 2337; x_wconf 87' lang='lat' dir='ltr'><strong>tempore</strong></span> <span class='ocrx_word' id='word_1_326' title='bbox 3243 2267 3549 2337; x_wconf 90' lang='lat' dir='ltr'><strong>passionis</strong></span> 
     </span>
    </p>
   </div>
   <div class='ocr_carea' id='block_1_51' title="bbox 1889 2356 3551 2430">
    <p class='ocr_par' dir='ltr' id='par_1_51' title="bbox 1889 2356 3551 2430">
     <span class='ocr_line' id='line_1_51' title="bbox 1889 2356 3551 2430; baseline -0.002 -17"><span class='ocrx_word' id='word_1_327' title='bbox 1889 2358 2140 2430; x_wconf 90' lang='lat' dir='ltr'><strong>supinos</strong></span> <span class='ocrx_word' id='word_1_328' title='bbox 2172 2357 2304 2414; x_wconf 89' lang='lat' dir='ltr'><strong>illos</strong></span> <span class='ocrx_word' id='word_1_329' title='bbox 2333 2357 2564 2428; x_wconf 85' lang='lat' dir='ltr'><strong>dejecit,</strong></span> <span class='ocrx_word' id='word_1_330' title='bbox 2615 2371 2946 2427; x_wconf 88' lang='lat' dir='ltr'><strong>eorumque</strong></span> <span class='ocrx_word' id='word_1_331' title='bbox 3008 2361 3280 2427; x_wconf 90' lang='lat' dir='ltr'><strong>aspectus</strong></span> <span class='ocrx_word' id='word_1_332' title='bbox 3336 2356 3551 2412; x_wconf 90' lang='lat' dir='ltr'><strong>obscu-</strong></span> 
     </span>
    </p>
   </div>
   <div class='ocr_carea' id='block_1_52' title="bbox 1887 2445 3550 2517">
    <p class='ocr_par' dir='ltr' id='par_1_52' title="bbox 1887 2445 3550 2517">
     <span class='ocr_line' id='line_1_52' title="bbox 1887 2445 3550 2517; baseline -0.002 -13"><span class='ocrx_word' id='word_1_333' title='bbox 1887 2449 2058 2515; x_wconf 85' lang='lat' dir='ltr'><strong>ravit,</strong></span> <span class='ocrx_word' id='word_1_334' title='bbox 2105 2454 2160 2504; x_wconf 92' lang='lat' dir='ltr'><strong>et</strong></span> <span class='ocrx_word' id='word_1_335' title='bbox 2206 2464 2329 2503; x_wconf 93' lang='lat' dir='ltr'><strong>non</strong></span> <span class='ocrx_word' id='word_1_336' title='bbox 2379 2446 2776 2502; x_wconf 90' lang='lat' dir='ltr'><strong>crediderunt.</strong></span> <span class='ocrx_word' id='word_1_337' title='bbox 2832 2449 2978 2502; x_wconf 80' lang='lat' dir='ltr'><strong>Nam</strong></span> <span class='ocrx_word' id='word_1_338' title='bbox 3035 2445 3238 2501; x_wconf 90' lang='lat' dir='ltr'><strong>anima</strong></span> <span class='ocrx_word' id='word_1_339' title='bbox 3289 2446 3550 2517; x_wconf 90' lang='lat' dir='ltr'><strong>reproba</strong></span> 
     </span>
    </p>
   </div>
   <div class='ocr_carea' id='block_1_53' title="bbox 1889 2534 3548 2610">
    <p class='ocr_par' dir='ltr' id='par_1_53' title="bbox 1889 2534 3548 2610">
     <span class='ocr_line' id='line_1_53' title="bbox 1889 2534 3548 2610; baseline -0.001 -18"><span class='ocrx_word' id='word_1_340' title='bbox 1889 2537 2037 2593; x_wconf 88' lang='lat' dir='ltr'><strong>nihil</strong></span> <span class='ocrx_word' id='word_1_341' title='bbox 2065 2543 2151 2594; x_wconf 91' lang='lat' dir='ltr'><strong>est</strong></span> <span class='ocrx_word' id='word_1_342' title='bbox 2179 2539 2354 2610; x_wconf 88' lang='lat' dir='ltr'><strong>pejus</strong></span> <span class='ocrx_word' id='word_1_343' title='bbox 2383 2553 2396 2592; x_wconf 90' lang='lat'><strong>:</strong></span> <span class='ocrx_word' id='word_1_344' title='bbox 2429 2536 2562 2592; x_wconf 87' lang='lat' dir='ltr'><strong>licet</strong></span> <span class='ocrx_word' id='word_1_345' title='bbox 2589 2535 2748 2591; x_wconf 87' lang='lat' dir='ltr'><strong>enim</strong></span> <span class='ocrx_word' id='word_1_346' title='bbox 2790 2535 2965 2605; x_wconf 82' lang='lat' dir='ltr'><strong>signa</strong></span> <span class='ocrx_word' id='word_1_347' title='bbox 3008 2535 3208 2592; x_wconf 87' lang='lat' dir='ltr'><strong>videat</strong></span> <span class='ocrx_word' id='word_1_348' title='bbox 3244 2551 3315 2591; x_wconf 85' lang='lat' dir='ltr'><strong>ac</strong></span> <span class='ocrx_word' id='word_1_349' title='bbox 3348 2534 3548 2606; x_wconf 89' lang='lat' dir='ltr'><strong>prodi-</strong></span> 
     </span>
    </p>
   </div>
   <div class='ocr_carea' id='block_1_54' title="bbox 1888 2623 3436 2697">
    <p class='ocr_par' dir='ltr' id='par_1_54' title="bbox 1888 2623 3436 2697">
     <span class='ocr_line' id='line_1_54' title="bbox 1888 2623 3436 2697; baseline -0.001 -15"><span class='ocrx_word' id='word_1_350' title='bbox 1888 2628 2002 2697; x_wconf 80' lang='lat' dir='ltr'><strong>gia,</strong></span> <span class='ocrx_word' id='word_1_351' title='bbox 2033 2644 2199 2683; x_wconf 87' lang='lat' dir='ltr'><strong>suam</strong></span> <span class='ocrx_word' id='word_1_352' title='bbox 2232 2631 2430 2683; x_wconf 89' lang='lat' dir='ltr'><strong>tamen</strong></span> <span class='ocrx_word' id='word_1_353' title='bbox 2463 2640 2701 2697; x_wconf 86' lang='lat' dir='ltr'><strong>semper</strong></span> <span class='ocrx_word' id='word_1_354' title='bbox 2729 2624 2942 2680; x_wconf 89' lang='lat' dir='ltr'><strong>retinet</strong></span> <span class='ocrx_word' id='word_1_355' title='bbox 2970 2623 3436 2696; x_wconf 88' lang='lat' dir='ltr'><strong>impudentiam.</strong></span> 
     </span>
    </p>
   </div>
   <div class='ocr_carea' id='block_1_55' title="bbox 1957 2713 3550 2787">
    <p class='ocr_par' dir='ltr' id='par_1_55' title="bbox 1957 2713 3550 2787">
     <span class='ocr_line' id='line_1_55' title="bbox 1957 2713 3550 2787; baseline -0.003 -14"><span class='ocrx_word' id='word_1_356' title='bbox 1957 2717 2122 2773; x_wconf 89' lang='lat' dir='ltr'><strong>Vers.</strong></span> <span class='ocrx_word' id='word_1_357' title='bbox 2159 2717 2228 2773; x_wconf 85' lang='lat'><strong>59</strong></span> <span class='ocrx_word' id='word_1_358' title='bbox 2268 2717 2347 2773; x_wconf 84' lang='lat' dir='ltr'><strong>Et</strong></span> <span class='ocrx_word' id='word_1_359' title='bbox 2376 2717 2463 2772; x_wconf 82' lang='lat' dir='ltr'><strong>ita</strong></span> <span class='ocrx_word' id='word_1_360' title='bbox 2486 2714 2849 2787; x_wconf 69' lang='lat' dir='ltr'><strong>praeteribat.</strong></span> <span class='ocrx_word' id='word_1_361' title='bbox 2893 2713 3261 2770; x_wconf 81' lang='lat' dir='ltr'><strong>Ambulabat</strong></span> <span class='ocrx_word' id='word_1_362' title='bbox 3294 2714 3394 2780; x_wconf 86' lang='lat' dir='ltr'><strong>ita,</strong></span> <span class='ocrx_word' id='word_1_363' title='bbox 3427 2728 3550 2770; x_wconf 93' lang='lat' dir='ltr'><strong>non</strong></span> 
     </span>
    </p>
   </div>
   <div class='ocr_carea' id='block_1_56' title="bbox 1888 2806 2354 2880">
    <p class='ocr_par' dir='ltr' id='par_1_56' title="bbox 1888 2806 2354 2880">
     <span class='ocr_line' id='line_1_56' title="bbox 1888 2806 2354 2880; baseline -0.004 -17"><span class='ocrx_word' id='word_1_364' title='bbox 1888 2823 2182 2880; x_wconf 87' lang='lat' dir='ltr'><strong>apparens</strong></span> <span class='ocrx_word' id='word_1_365' title='bbox 2218 2806 2354 2862; x_wconf 89' lang='lat' dir='ltr'><strong>illis.</strong></span> 
     </span>
    </p>
   </div>
   <div class='ocr_carea' id='block_1_57' title="bbox 2244 2894 3188 2953">
    <p class='ocr_par' dir='ltr' id='par_1_57' title="bbox 2244 2894 3188 2953">
     <span class='ocr_line' id='line_1_57' title="bbox 2244 2894 3188 2953; baseline -0.006 0"><span class='ocrx_word' id='word_1_366' title='bbox 2244 2897 2396 2953; x_wconf 88' lang='lat' dir='ltr'><strong>CAP.</strong></span> <span class='ocrx_word' id='word_1_367' title='bbox 2427 2897 2492 2951; x_wconf 90' lang='lat' dir='ltr'><strong>X.</strong></span> <span class='ocrx_word' id='word_1_368' title='bbox 2528 2897 2606 2950; x_wconf 83' lang='lat' dir='ltr'><strong>De</strong></span> <span class='ocrx_word' id='word_1_369' title='bbox 2632 2910 2766 2950; x_wconf 79' lang='lat' dir='ltr'><strong>creco</strong></span> <span class='ocrx_word' id='word_1_370' title='bbox 2795 2911 2834 2949; x_wconf 84' lang='grc' dir='ltr'><strong>α</strong></span> <span class='ocrx_word' id='word_1_371' title='bbox 2859 2894 3188 2950; x_wconf 77' lang='lat' dir='ltr'><strong>nativitate.</strong></span> 
     </span>
    </p>
   </div>
   <div class='ocr_carea' id='block_1_58' title="bbox 1957 2981 3552 3059">
    <p class='ocr_par' dir='ltr' id='par_1_58' title="bbox 1957 2981 3552 3059">
     <span class='ocr_line' id='line_1_58' title="bbox 1957 2981 3552 3059; baseline -0.003 -17"><span class='ocrx_word' id='word_1_372' title='bbox 1957 2988 2096 3059; x_wconf 86' lang='lat' dir='ltr'><strong>Cap.</strong></span> <span class='ocrx_word' id='word_1_373' title='bbox 2145 2987 2243 3041; x_wconf 85' lang='lat' dir='ltr'><strong>IX.</strong></span> <span class='ocrx_word' id='word_1_374' title='bbox 2300 2987 2442 3042; x_wconf 86' lang='lat' dir='ltr'><strong>Vers</strong></span> <span class='ocrx_word' id='word_1_375' title='bbox 2481 2991 2525 3040; x_wconf 87' lang='lat' dir='ltr'><strong>t.</strong></span> <span class='ocrx_word' id='word_1_376' title='bbox 2577 2985 2654 3040; x_wconf 82' lang='lat' dir='ltr'><strong>Et</strong></span> <span class='ocrx_word' id='word_1_377' title='bbox 2697 3014 2766 3024; x_wconf 91' lang='lat'><strong>——</strong></span> <span class='ocrx_word' id='word_1_378' title='bbox 2797 2984 3127 3039; x_wconf 84' lang='lat' dir='ltr'><strong>nativitate.</strong></span> <span class='ocrx_word' id='word_1_379' title='bbox 3179 2981 3552 3038; x_wconf 86' lang='lat' dir='ltr'><strong>Conﬁrman-</strong></span> 
     </span>
    </p>
   </div>
   <div class='ocr_carea' id='block_1_59' title="bbox 183 3066 1775 3148">
    <p class='ocr_par' dir='ltr' id='par_1_59' title="bbox 183 3066 1775 3142">
     <span class='ocr_line' id='line_1_59' title="bbox 183 3066 1775 3142; baseline 0 -22"><span class='ocrx_word' id='word_1_380' title='bbox 183 3071 306 3128; x_wconf 80' lang='grc' dir='ltr'>Θεὸς</span> <span class='ocrx_word' id='word_1_381' title='bbox 353 3066 514 3134; x_wconf 70' lang='grc' dir='ltr'>ἔστιν,</span> <span class='ocrx_word' id='word_1_382' title='bbox 573 3067 722 3129; x_wconf 73' lang='grc' dir='ltr'>εὐθὺς</span> <span class='ocrx_word' id='word_1_383' title='bbox 752 3071 966 3142; x_wconf 84' lang='grc' dir='ltr'>ἔρχεται</span> <span class='ocrx_word' id='word_1_384' title='bbox 1013 3068 1097 3122; x_wconf 79' lang='grc' dir='ltr'><strong>ἐπὶ</strong></span> <span class='ocrx_word' id='word_1_385' title='bbox 1152 3071 1327 3142; x_wconf 81' lang='grc' dir='ltr'>θαῦμα</span> <span class='ocrx_word' id='word_1_386' title='bbox 1377 3074 1647 3141; x_wconf 79' lang='grc' dir='ltr'>μέγιστον,</span> <span class='ocrx_word' id='word_1_387' title='bbox 1687 3075 1775 3120; x_wconf 88' lang='grc' dir='ltr'>καὶ</span> 
     </span>
    </p>
   </div>
   <div class='ocr_carea' id='block_1_60' title="bbox 1904 3066 3549 3148">
    <p class='ocr_par' dir='ltr' id='par_1_60' title="bbox 1904 3071 3549 3148">
     <span class='ocr_line' id='line_1_60' title="bbox 1904 3071 3549 3148; baseline -0.002 -18"><span class='ocrx_word' id='word_1_388' title='bbox 1904 3075 1984 3140; x_wconf 77' lang='lat' dir='ltr'><strong>in,</strong></span> <span class='ocrx_word' id='word_1_389' title='bbox 2033 3075 2198 3148; x_wconf 90' lang='lat' dir='ltr'><strong>quod</strong></span> <span class='ocrx_word' id='word_1_390' title='bbox 2263 3076 2511 3138; x_wconf 88' lang='lat' dir='ltr'><strong>dixerat,</strong></span> <span class='ocrx_word' id='word_1_391' title='bbox 2566 3074 2870 3144; x_wconf 82' lang='lat' dir='ltr'><strong>ﬁdemque</strong></span> <span class='ocrx_word' id='word_1_392' title='bbox 2900 3072 3144 3137; x_wconf 86' lang='lat' dir='ltr'><strong>faciens,</strong></span> <span class='ocrx_word' id='word_1_393' title='bbox 3185 3071 3350 3144; x_wconf 90' lang='lat' dir='ltr'><strong>quod</strong></span> <span class='ocrx_word' id='word_1_394' title='bbox 3394 3072 3549 3127; x_wconf 88' lang='lat' dir='ltr'><strong>Deus</strong></span> 
     </span>
    </p>
   </div>
   <div class='ocr_carea' id='block_1_61' title="bbox 181 3156 1776 3232">
    <p class='ocr_par' dir='ltr' id='par_1_61' title="bbox 181 3156 1776 3232">
     <span class='ocr_line' id='line_1_61' title="bbox 181 3156 1776 3232; baseline -0.001 -22"><span class='ocrx_word' id='word_1_395' title='bbox 181 3163 336 3224; x_wconf 80' lang='grc' dir='ltr'>μήπω</span> <span class='ocrx_word' id='word_1_396' title='bbox 420 3161 586 3229; x_wconf 81' lang='grc' dir='ltr'>μέχρι</span> <span class='ocrx_word' id='word_1_397' title='bbox 633 3162 748 3210; x_wconf 85' lang='grc' dir='ltr'>τότε</span> <span class='ocrx_word' id='word_1_398' title='bbox 801 3162 1088 3229; x_wconf 84' lang='grc' dir='ltr'>γενόμενον.</span> <span class='ocrx_word' id='word_1_399' title='bbox 1147 3156 1341 3230; x_wconf 67' lang='grc' dir='ltr'>Τυφλοὶ</span> <span class='ocrx_word' id='word_1_400' title='bbox 1388 3161 1477 3230; x_wconf 70' lang='grc' dir='ltr'>μὲν</span> <span class='ocrx_word' id='word_1_401' title='bbox 1529 3161 1630 3232; x_wconf 81' lang='grc' dir='ltr'>γὰρ</span> <span class='ocrx_word' id='word_1_402' title='bbox 1687 3163 1776 3209; x_wconf 83' lang='grc' dir='ltr'>καὶ</span> 
     </span>
    </p>
   </div>
   <div class='ocr_carea' id='block_1_62' title="bbox 180 3242 1774 3318">
    <p class='ocr_par' dir='ltr' id='par_1_62' title="bbox 180 3242 1774 3318">
     <span class='ocr_line' id='line_1_62' title="bbox 180 3242 1774 3318; baseline -0.001 -20"><span class='ocrx_word' id='word_1_403' title='bbox 180 3245 326 3298; x_wconf 78' lang='grc' dir='ltr'>ἄλλοι</span> <span class='ocrx_word' id='word_1_404' title='bbox 384 3245 661 3316; x_wconf 73' lang='grc' dir='ltr'>ἀνέϐλεψαν</span> <span class='ocrx_word' id='word_1_405' title='bbox 705 3262 717 3274; x_wconf 86' lang='grc'><strong>·</strong></span> <span class='ocrx_word' id='word_1_406' title='bbox 759 3245 949 3316; x_wconf 76' lang='grc' dir='ltr'>τυφλὸς</span> <span class='ocrx_word' id='word_1_407' title='bbox 1003 3243 1062 3299; x_wconf 67' lang='grc' dir='ltr'>δε</span> <span class='ocrx_word' id='word_1_408' title='bbox 1120 3245 1167 3298; x_wconf 79' lang='grc' dir='ltr'>ἐν</span> <span class='ocrx_word' id='word_1_409' title='bbox 1215 3256 1421 3318; x_wconf 84' lang='grc' dir='ltr'>γενετῆς</span> <span class='ocrx_word' id='word_1_410' title='bbox 1452 3249 1562 3318; x_wconf 87' lang='grc'>(74)</span> <span class='ocrx_word' id='word_1_411' title='bbox 1603 3242 1774 3307; x_wconf 75' lang='grc' dir='ltr'>οὐδεὶς</span> 
     </span>
    </p>
   </div>
   <div class='ocr_carea' id='block_1_63' title="bbox 175 3332 1776 3409">
    <p class='ocr_par' dir='ltr' id='par_1_63' title="bbox 175 3332 1776 3409">
     <span class='ocr_line' id='line_1_63' title="bbox 175 3332 1776 3409; baseline -0.001 -21"><span class='ocrx_word' id='word_1_412' title='bbox 175 3337 312 3409; x_wconf 80' lang='grc' dir='ltr'>ἄχρι</span> <span class='ocrx_word' id='word_1_413' title='bbox 331 3341 466 3388; x_wconf 84' lang='grc' dir='ltr'>τοτε.</span> <span class='ocrx_word' id='word_1_414' title='bbox 506 3337 592 3387; x_wconf 87' lang='grc' dir='ltr'><strong>Διό</strong></span> <span class='ocrx_word' id='word_1_415' title='bbox 622 3339 711 3386; x_wconf 84' lang='grc' dir='ltr'>καὶ</span> <span class='ocrx_word' id='word_1_416' title='bbox 738 3332 1026 3404; x_wconf 71' lang='grc' dir='ltr'>ἀναϐλέψας</span> <span class='ocrx_word' id='word_1_417' title='bbox 1057 3334 1223 3406; x_wconf 76' lang='grc' dir='ltr'>ἔλεγεν</span> <span class='ocrx_word' id='word_1_418' title='bbox 1273 3355 1286 3367; x_wconf 88' lang='grc'><strong>·</strong></span> <span class='ocrx_word' id='word_1_419' title='bbox 1323 3336 1408 3388; x_wconf 83' lang='grc' dir='ltr'><strong>Ἐκ</strong></span> <span class='ocrx_word' id='word_1_420' title='bbox 1438 3344 1530 3388; x_wconf 78' lang='grc' dir='ltr'>τοῦ</span> <span class='ocrx_word' id='word_1_421' title='bbox 1588 3336 1776 3396; x_wconf 81' lang='grc' dir='ltr'>αἰῶνος</span> 
     </span>
    </p>
   </div>
   <div class='ocr_carea' id='block_1_64' title="bbox 176 3422 1774 3496">
    <p class='ocr_par' dir='ltr' id='par_1_64' title="bbox 176 3422 1774 3496">
     <span class='ocr_line' id='line_1_64' title="bbox 176 3422 1774 3496; baseline -0.003 -18"><span class='ocrx_word' id='word_1_422' title='bbox 176 3425 269 3478; x_wconf 78' lang='grc' dir='ltr'>οὐκ</span> <span class='ocrx_word' id='word_1_423' title='bbox 300 3425 537 3482; x_wconf 81' lang='grc' dir='ltr'>ἠκούσθη</span> <span class='ocrx_word' id='word_1_424' title='bbox 563 3425 642 3475; x_wconf 85' lang='grc' dir='ltr'>ὅτι</span> <span class='ocrx_word' id='word_1_425' title='bbox 689 3423 860 3485; x_wconf 68' lang='grc' dir='ltr'>ἤνοιξε</span> <span class='ocrx_word' id='word_1_426' title='bbox 883 3442 958 3483; x_wconf 88' lang='grc' dir='ltr'><strong>τις</strong></span> <span class='ocrx_word' id='word_1_427' title='bbox 997 3422 1290 3496; x_wconf 73' lang='grc' dir='ltr'>ὀφθαλμοὺς</span> <span class='ocrx_word' id='word_1_428' title='bbox 1317 3425 1510 3496; x_wconf 78' lang='grc' dir='ltr'>τυφλοῦ</span> <span class='ocrx_word' id='word_1_429' title='bbox 1539 3443 1774 3496; x_wconf 83' lang='grc' dir='ltr'>γεγεννη-</span> 
     </span>
    </p>
   </div>
   <div class='ocr_carea' id='block_1_65' title="bbox 178 3531 352 3586">
    <p class='ocr_par' dir='ltr' id='par_1_65' title="bbox 178 3531 352 3586">
     <span class='ocr_line' id='line_1_65' title="bbox 178 3531 352 3586; baseline 0.006 -21"><span class='ocrx_word' id='word_1_430' title='bbox 178 3531 331 3586; x_wconf 80' lang='grc' dir='ltr'>μενον</span> <span class='ocrx_word' id='word_1_431' title='bbox 341 3553 352 3566; x_wconf 86' lang='grc'><strong>.</strong></span> 
     </span>
    </p>
   </div>
   <div class='ocr_carea' id='block_1_66' title="bbox 254 3780 1776 3856">
    <p class='ocr_par' dir='ltr' id='par_1_66' title="bbox 254 3780 1776 3856">
     <span class='ocr_line' id='line_1_66' title="bbox 254 3780 1776 3856; baseline 0.001 -24"><span class='ocrx_word' id='word_1_432' title='bbox 254 3784 352 3832; x_wconf 83' lang='grc' dir='ltr'><strong>Καὶ</strong></span> <span class='ocrx_word' id='word_1_433' title='bbox 409 3810 477 3820; x_wconf 91' lang='grc'><strong><em>-</em></strong></span> <span class='ocrx_word' id='word_1_434' title='bbox 526 3782 745 3852; x_wconf 74' lang='grc' dir='ltr'>γεννηθῇ</span> <span class='ocrx_word' id='word_1_435' title='bbox 778 3780 1104 3856; x_wconf 81' lang='grc' dir='ltr'>;Ἐρωτῶσιν</span> <span class='ocrx_word' id='word_1_436' title='bbox 1171 3782 1276 3854; x_wconf 74' lang='grc' dir='ltr'><strong>οὐχ</strong></span> <span class='ocrx_word' id='word_1_437' title='bbox 1330 3784 1400 3844; x_wconf 85' lang='grc' dir='ltr'>ὡς</span> <span class='ocrx_word' id='word_1_438' title='bbox 1447 3789 1601 3835; x_wconf 81' lang='grc' dir='ltr'>τοῦτο</span> <span class='ocrx_word' id='word_1_439' title='bbox 1651 3784 1776 3836; x_wconf 77' lang='grc' dir='ltr'>πείν-</span> 
     </span>
    </p>
   </div>
   <div class='ocr_carea' id='block_1_67' title="bbox 178 3869 1776 3946">
    <p class='ocr_par' dir='ltr' id='par_1_67' title="bbox 178 3869 1776 3946">
     <span class='ocr_line' id='line_1_67' title="bbox 178 3869 1776 3946; baseline 0.003 -26"><span class='ocrx_word' id='word_1_440' title='bbox 178 3887 274 3929; x_wconf 87' lang='grc' dir='ltr'>τως</span> <span class='ocrx_word' id='word_1_441' title='bbox 329 3870 358 3928; x_wconf 77' lang='grc' dir='ltr'>ἦ</span> <span class='ocrx_word' id='word_1_442' title='bbox 420 3871 578 3921; x_wconf 76' lang='grc' dir='ltr'>ἐκεῖνο</span> <span class='ocrx_word' id='word_1_443' title='bbox 643 3869 1108 3943; x_wconf 79' lang='grc' dir='ltr'>ὑπολαμϐάνοντες,</span> <span class='ocrx_word' id='word_1_444' title='bbox 1164 3873 1396 3946; x_wconf 76' lang='grc' dir='ltr'>καθάπερ</span> <span class='ocrx_word' id='word_1_445' title='bbox 1451 3874 1500 3924; x_wconf 82' lang='grc' dir='ltr'><strong>οἱ</strong></span> <span class='ocrx_word' id='word_1_446' title='bbox 1565 3870 1776 3931; x_wconf 80' lang='grc' dir='ltr'>ἀνόητοι</span> 
     </span>
    </p>
   </div>
   <div class='ocr_carea' id='block_1_68' title="bbox 180 3955 1775 4034">
    <p class='ocr_par' dir='ltr' id='par_1_68' title="bbox 180 3955 1775 4034">
     <span class='ocr_line' id='line_1_68' title="bbox 180 3955 1775 4034; baseline 0.002 -24"><span class='ocrx_word' id='word_1_447' title='bbox 180 3955 430 4011; x_wconf 82' lang='grc' dir='ltr'>Ἰουδαῖοι</span> <span class='ocrx_word' id='word_1_448' title='bbox 457 3973 471 3988; x_wconf 90' lang='lat'><strong>&#39;</strong></span> <span class='ocrx_word' id='word_1_449' title='bbox 497 3962 555 4012; x_wconf 88' lang='grc' dir='ltr'>τὸ</span> <span class='ocrx_word' id='word_1_450' title='bbox 583 3962 676 4030; x_wconf 71' lang='grc' dir='ltr'><strong>μεν</strong></span> <span class='ocrx_word' id='word_1_451' title='bbox 724 3962 826 4033; x_wconf 80' lang='grc' dir='ltr'>γὰρ</span> <span class='ocrx_word' id='word_1_452' title='bbox 885 3960 1132 4033; x_wconf 79' lang='grc' dir='ltr'>ἁμαρτεῖν</span> <span class='ocrx_word' id='word_1_453' title='bbox 1183 3964 1282 4034; x_wconf 87' lang='grc' dir='ltr'>πρὸ</span> <span class='ocrx_word' id='word_1_454' title='bbox 1343 3968 1435 4014; x_wconf 79' lang='grc' dir='ltr'>τοῦ</span> <span class='ocrx_word' id='word_1_455' title='bbox 1464 3963 1775 4033; x_wconf 83' lang='grc' dir='ltr'>γεννηθῆναι</span> 
     </span>
    </p>
   </div>
   <div class='ocr_carea' id='block_1_69' title="bbox 179 4043 1770 4124">
    <p class='ocr_par' dir='ltr' id='par_1_69' title="bbox 179 4043 1770 4124">
     <span class='ocr_line' id='line_1_69' title="bbox 179 4043 1770 4124; baseline 0.003 -25"><span class='ocrx_word' id='word_1_456' title='bbox 179 4043 454 4116; x_wconf 79' lang='grc' dir='ltr'>ἀδύνατον,</span> <span class='ocrx_word' id='word_1_457' title='bbox 488 4051 545 4100; x_wconf 87' lang='grc' dir='ltr'>τὸ</span> <span class='ocrx_word' id='word_1_458' title='bbox 577 4044 636 4101; x_wconf 77' lang='grc' dir='ltr'><strong>δὲ</strong></span> <span class='ocrx_word' id='word_1_459' title='bbox 661 4050 788 4124; x_wconf 71' lang='grc' dir='ltr'>ὑπερ</span> <span class='ocrx_word' id='word_1_460' title='bbox 819 4058 919 4101; x_wconf 87' lang='grc' dir='ltr'>τῶν</span> <span class='ocrx_word' id='word_1_461' title='bbox 946 4054 1135 4122; x_wconf 75' lang='grc' dir='ltr'>γονέων</span> <span class='ocrx_word' id='word_1_462' title='bbox 1180 4049 1497 4111; x_wconf 81' lang='grc' dir='ltr'>κολάζεσθαι</span> <span class='ocrx_word' id='word_1_463' title='bbox 1547 4048 1733 4103; x_wconf 77' lang='grc' dir='ltr'>οῖδικον</span> <span class='ocrx_word' id='word_1_464' title='bbox 1758 4068 1770 4081; x_wconf 87' lang='grc'><strong>·</strong></span> 
     </span>
    </p>
   </div>
   <div class='ocr_carea' id='block_1_70' title="bbox 178 4134 1775 4214">
    <p class='ocr_par' dir='ltr' id='par_1_70' title="bbox 178 4134 1775 4214">
     <span class='ocr_line' id='line_1_70' title="bbox 178 4134 1775 4214; baseline 0.003 -26"><span class='ocrx_word' id='word_1_465' title='bbox 178 4134 282 4188; x_wconf 79' lang='grc' dir='ltr'><strong>ἀλλ’</strong></span> <span class='ocrx_word' id='word_1_466' title='bbox 314 4139 457 4189; x_wconf 81' lang='grc' dir='ltr'>ἔστιν</span> <span class='ocrx_word' id='word_1_467' title='bbox 491 4138 516 4190; x_wconf 86' lang='grc' dir='ltr'><strong><em>ὁ</em></strong></span> <span class='ocrx_word' id='word_1_468' title='bbox 543 4141 740 4200; x_wconf 90' lang='grc' dir='ltr'>σκοπὸς</span> <span class='ocrx_word' id='word_1_469' title='bbox 787 4146 879 4191; x_wconf 82' lang='grc' dir='ltr'><strong>τοῦ</strong></span> <span class='ocrx_word' id='word_1_470' title='bbox 907 4138 1064 4211; x_wconf 70' lang='grc' dir='ltr'>λόγου</span> <span class='ocrx_word' id='word_1_471' title='bbox 1088 4147 1343 4199; x_wconf 79' lang='grc' dir='ltr'>τοιοῦτος,</span> <span class='ocrx_word' id='word_1_472' title='bbox 1399 4138 1458 4191; x_wconf 88' lang='grc' dir='ltr'>Ὁ</span> <span class='ocrx_word' id='word_1_473' title='bbox 1483 4142 1572 4211; x_wconf 69' lang='grc' dir='ltr'>μὶν</span> <span class='ocrx_word' id='word_1_474' title='bbox 1603 4142 1775 4214; x_wconf 77' lang='grc' dir='ltr'>παρά-</span> 
     </span>
    </p>
   </div>
   <div class='ocr_carea' id='block_1_71' title="bbox 174 4223 1778 4299">
    <p class='ocr_par' dir='ltr' id='par_1_71' title="bbox 174 4223 1778 4299">
     <span class='ocr_line' id='line_1_71' title="bbox 174 4223 1778 4299; baseline 0.002 -24"><span class='ocrx_word' id='word_1_475' title='bbox 174 4224 324 4287; x_wconf 67' lang='grc' dir='ltr'>λυτος</span> <span class='ocrx_word' id='word_1_476' title='bbox 356 4223 449 4278; x_wconf 79' lang='grc' dir='ltr'><strong>διὰ</strong></span> <span class='ocrx_word' id='word_1_477' title='bbox 490 4229 583 4288; x_wconf 79' lang='grc' dir='ltr'><strong>τὰς</strong></span> <span class='ocrx_word' id='word_1_478' title='bbox 628 4226 884 4299; x_wconf 84' lang='grc' dir='ltr'>ἁμαρτίας</span> <span class='ocrx_word' id='word_1_479' title='bbox 936 4230 1096 4280; x_wconf 75' lang='grc' dir='ltr'>αὐτοῦ</span> <span class='ocrx_word' id='word_1_480' title='bbox 1151 4229 1376 4296; x_wconf 77' lang='grc' dir='ltr'>ἠσθένει,</span> <span class='ocrx_word' id='word_1_481' title='bbox 1435 4230 1608 4289; x_wconf 87' lang='grc' dir='ltr'>καθὼς</span> <span class='ocrx_word' id='word_1_482' title='bbox 1673 4227 1778 4281; x_wconf 72' lang='grc' dir='ltr'>ἐκεῖ</span> 
     </span>
    </p>
   </div>
   <div class='ocr_carea' id='block_1_72' title="bbox 176 4313 1775 4389">
    <p class='ocr_par' dir='ltr' id='par_1_72' title="bbox 176 4313 1775 4389">
     <span class='ocr_line' id='line_1_72' title="bbox 176 4313 1775 4389; baseline 0.001 -23"><span class='ocrx_word' id='word_1_483' title='bbox 176 4317 546 4388; x_wconf 70' lang='grc' dir='ltr'>μεμαθήκαμεν</span> <span class='ocrx_word' id='word_1_484' title='bbox 597 4334 611 4349; x_wconf 82' lang='grc' dir='ltr'>ο</span> <span class='ocrx_word' id='word_1_485' title='bbox 662 4320 780 4389; x_wconf 83' lang='grc' dir='ltr'>περὶ</span> <span class='ocrx_word' id='word_1_486' title='bbox 830 4319 1009 4368; x_wconf 74' lang='grc' dir='ltr'>τούτου</span> <span class='ocrx_word' id='word_1_487' title='bbox 1051 4313 1109 4369; x_wconf 76' lang='grc' dir='ltr'>δε</span> <span class='ocrx_word' id='word_1_488' title='bbox 1164 4317 1276 4385; x_wconf 57' lang='grc'><strong>(751</strong></span> <span class='ocrx_word' id='word_1_489' title='bbox 1316 4321 1369 4368; x_wconf 94' lang='grc' dir='ltr'><strong>τί</strong></span> <span class='ocrx_word' id='word_1_490' title='bbox 1421 4316 1584 4388; x_wconf 71' lang='grc' dir='ltr'>λέγεις</span> <span class='ocrx_word' id='word_1_491' title='bbox 1626 4333 1640 4382; x_wconf 90' lang='grc'><strong>;</strong></span> <span class='ocrx_word' id='word_1_492' title='bbox 1691 4321 1775 4378; x_wconf 88' lang='grc' dir='ltr'><strong>Τίς</strong></span> 
     </span>
    </p>
   </div>
   <div class='ocr_carea' id='block_1_73' title="bbox 1884 3160 3550 3226">
    <p class='ocr_par' dir='ltr' id='par_1_73' title="bbox 1884 3160 3550 3226">
     <span class='ocr_line' id='line_1_73' title="bbox 1884 3160 3550 3226; baseline -0.003 -7"><span class='ocrx_word' id='word_1_493' title='bbox 1884 3170 2042 3219; x_wconf 87' lang='lat' dir='ltr'><strong>esset</strong></span> <span class='ocrx_word' id='word_1_494' title='bbox 2081 3164 2279 3218; x_wconf 84' lang='lat' dir='ltr'><strong>statim</strong></span> <span class='ocrx_word' id='word_1_495' title='bbox 2354 3163 2516 3218; x_wconf 86' lang='lat' dir='ltr'><strong>venit</strong></span> <span class='ocrx_word' id='word_1_496' title='bbox 2567 3163 2643 3217; x_wconf 88' lang='lat' dir='ltr'><strong>ad</strong></span> <span class='ocrx_word' id='word_1_497' title='bbox 2691 3160 3046 3216; x_wconf 88' lang='lat' dir='ltr'><strong>miraculum</strong></span> <span class='ocrx_word' id='word_1_498' title='bbox 3101 3161 3458 3226; x_wconf 84' lang='lat' dir='ltr'><strong>maximum,</strong></span> <span class='ocrx_word' id='word_1_499' title='bbox 3492 3166 3550 3216; x_wconf 89' lang='lat' dir='ltr'><strong>et</strong></span> 
     </span>
    </p>
   </div>
   <div class='ocr_carea' id='block_1_74' title="bbox 1885 3249 3546 3325">
    <p class='ocr_par' dir='ltr' id='par_1_74' title="bbox 1885 3249 3546 3325">
     <span class='ocr_line' id='line_1_74' title="bbox 1885 3249 3546 3325; baseline -0.002 -18"><span class='ocrx_word' id='word_1_500' title='bbox 1885 3269 2075 3325; x_wconf 90' lang='lat' dir='ltr'><strong>usque</strong></span> <span class='ocrx_word' id='word_1_501' title='bbox 2106 3253 2180 3308; x_wconf 90' lang='lat' dir='ltr'><strong>ad</strong></span> <span class='ocrx_word' id='word_1_502' title='bbox 2211 3252 2269 3307; x_wconf 91' lang='lat' dir='ltr'><strong>id</strong></span> <span class='ocrx_word' id='word_1_503' title='bbox 2299 3252 2582 3323; x_wconf 87' lang='lat' dir='ltr'><strong>temporis</strong></span> <span class='ocrx_word' id='word_1_504' title='bbox 2613 3265 2930 3320; x_wconf 87' lang='lat' dir='ltr'><strong>nunquam</strong></span> <span class='ocrx_word' id='word_1_505' title='bbox 2963 3249 3206 3304; x_wconf 86' lang='lat' dir='ltr'><strong>factum.</strong></span> <span class='ocrx_word' id='word_1_506' title='bbox 3239 3249 3546 3321; x_wconf 89' lang='lat' dir='ltr'><strong>Siquidem</strong></span> 
     </span>
    </p>
   </div>
   <div class='ocr_carea' id='block_1_75' title="bbox 1883 3337 3548 3410">
    <p class='ocr_par' dir='ltr' id='par_1_75' title="bbox 1883 3337 3548 3410">
     <span class='ocr_line' id='line_1_75' title="bbox 1883 3337 3548 3410; baseline -0.001 -15"><span class='ocrx_word' id='word_1_507' title='bbox 1883 3346 1941 3396; x_wconf 84' lang='lat' dir='ltr'><strong>et</strong></span> <span class='ocrx_word' id='word_1_508' title='bbox 1986 3341 2082 3396; x_wconf 84' lang='lat' dir='ltr'><strong>alii</strong></span> <span class='ocrx_word' id='word_1_509' title='bbox 2124 3341 2264 3397; x_wconf 65' lang='lat' dir='ltr'><strong>caeci</strong></span> <span class='ocrx_word' id='word_1_510' title='bbox 2306 3340 2501 3395; x_wconf 87' lang='lat' dir='ltr'><strong>visum</strong></span> <span class='ocrx_word' id='word_1_511' title='bbox 2556 3343 2924 3408; x_wconf 90' lang='lat' dir='ltr'><strong>receperunt,</strong></span> <span class='ocrx_word' id='word_1_512' title='bbox 2967 3353 3173 3392; x_wconf 90' lang='lat' dir='ltr'><strong>verum</strong></span> <span class='ocrx_word' id='word_1_513' title='bbox 3207 3337 3308 3410; x_wconf 91' lang='lat' dir='ltr'><strong>qui</strong></span> <span class='ocrx_word' id='word_1_514' title='bbox 3360 3354 3394 3393; x_wconf 91' lang='lat' dir='ltr'><strong>a</strong></span> <span class='ocrx_word' id='word_1_515' title='bbox 3443 3352 3548 3394; x_wconf 88' lang='lat' dir='ltr'><strong>na-</strong></span> 
     </span>
    </p>
   </div>
   <div class='ocr_carea' id='block_1_76' title="bbox 1883 3425 3550 3497">
    <p class='ocr_par' dir='ltr' id='par_1_76' title="bbox 1883 3425 3550 3497">
     <span class='ocr_line' id='line_1_76' title="bbox 1883 3425 3550 3497; baseline -0.004 -11"><span class='ocrx_word' id='word_1_516' title='bbox 1883 3429 2105 3486; x_wconf 87' lang='lat' dir='ltr'><strong>tivitate</strong></span> <span class='ocrx_word' id='word_1_517' title='bbox 2158 3445 2351 3485; x_wconf 74' lang='lat' dir='ltr'><strong>caecus</strong></span> <span class='ocrx_word' id='word_1_518' title='bbox 2404 3429 2630 3495; x_wconf 81' lang='lat' dir='ltr'><strong>fuisset,</strong></span> <span class='ocrx_word' id='word_1_519' title='bbox 2681 3426 2882 3481; x_wconf 87' lang='lat' dir='ltr'><strong>nullus</strong></span> <span class='ocrx_word' id='word_1_520' title='bbox 2949 3441 3138 3497; x_wconf 91' lang='lat' dir='ltr'><strong>usque</strong></span> <span class='ocrx_word' id='word_1_521' title='bbox 3170 3425 3247 3480; x_wconf 89' lang='lat' dir='ltr'><strong>ad</strong></span> <span class='ocrx_word' id='word_1_522' title='bbox 3293 3425 3353 3480; x_wconf 93' lang='lat' dir='ltr'><strong>id</strong></span> <span class='ocrx_word' id='word_1_523' title='bbox 3407 3430 3550 3480; x_wconf 90' lang='lat' dir='ltr'><strong>tem-</strong></span> 
     </span>
    </p>
   </div>
   <div class='ocr_carea' id='block_1_77' title="bbox 1884 3513 3546 3592">
    <p class='ocr_par' dir='ltr' id='par_1_77' title="bbox 1884 3513 3546 3592">
     <span class='ocr_line' id='line_1_77' title="bbox 1884 3513 3546 3592; baseline -0.004 -17"><span class='ocrx_word' id='word_1_524' title='bbox 1884 3536 2017 3592; x_wconf 89' lang='lat' dir='ltr'><strong>pus.</strong></span> <span class='ocrx_word' id='word_1_525' title='bbox 2053 3519 2190 3575; x_wconf 92' lang='lat' dir='ltr'><strong>ldeo</strong></span> <span class='ocrx_word' id='word_1_526' title='bbox 2240 3518 2440 3583; x_wconf 87' lang='lat' dir='ltr'><strong>etiam,</strong></span> <span class='ocrx_word' id='word_1_527' title='bbox 2499 3517 2602 3589; x_wconf 90' lang='lat' dir='ltr'><strong>qui</strong></span> <span class='ocrx_word' id='word_1_528' title='bbox 2634 3515 2831 3570; x_wconf 90' lang='lat' dir='ltr'><strong>visum</strong></span> <span class='ocrx_word' id='word_1_529' title='bbox 2891 3515 2958 3586; x_wconf 58' lang='grc' dir='ltr'><strong>(θ)</strong></span> <span class='ocrx_word' id='word_1_530' title='bbox 2991 3514 3227 3585; x_wconf 87' lang='lat' dir='ltr'><strong>recepit,</strong></span> <span class='ocrx_word' id='word_1_531' title='bbox 3261 3513 3499 3569; x_wconf 87' lang='lat' dir='ltr'><strong>dicebat</strong></span> <span class='ocrx_word' id='word_1_532' title='bbox 3530 3514 3546 3557; x_wconf 72' lang='grc' dir='ltr'>ε</span> 
     </span>
    </p>
   </div>
   <div class='ocr_carea' id='block_1_78' title="bbox 1883 3602 3549 3675">
    <p class='ocr_par' dir='ltr' id='par_1_78' title="bbox 1883 3602 3549 3675">
     <span class='ocr_line' id='line_1_78' title="bbox 1883 3602 3549 3675; baseline -0.005 -10"><span class='ocrx_word' id='word_1_533' title='bbox 1883 3610 1931 3665; x_wconf 88' lang='grc' dir='ltr'><em>Α</em></span> <span class='ocrx_word' id='word_1_534' title='bbox 1965 3608 2178 3664; x_wconf 64' lang='lat' dir='ltr'><strong>sarculo</strong></span> <span class='ocrx_word' id='word_1_535' title='bbox 2216 3622 2331 3661; x_wconf 86' lang='lat' dir='ltr'><strong>non</strong></span> <span class='ocrx_word' id='word_1_536' title='bbox 2395 3611 2476 3662; x_wconf 81' lang='lat' dir='ltr'><strong>est</strong></span> <span class='ocrx_word' id='word_1_537' title='bbox 2517 3606 2810 3668; x_wconf 84' lang='lat' dir='ltr'><strong>auditum,</strong></span> <span class='ocrx_word' id='word_1_538' title='bbox 2865 3603 3020 3675; x_wconf 86' lang='lat' dir='ltr'><strong>quod</strong></span> <span class='ocrx_word' id='word_1_539' title='bbox 3069 3602 3367 3672; x_wconf 81' lang='lat' dir='ltr'><strong>aperuerit</strong></span> <span class='ocrx_word' id='word_1_540' title='bbox 3397 3603 3549 3674; x_wconf 82' lang='lat' dir='ltr'><strong>quis-</strong></span> 
     </span>
    </p>
   </div>
   <div class='ocr_carea' id='block_1_79' title="bbox 1880 3695 2722 3768">
    <p class='ocr_par' dir='ltr' id='par_1_79' title="bbox 1880 3695 2722 3768">
     <span class='ocr_line' id='line_1_79' title="bbox 1880 3695 2722 3768; baseline -0.006 -15"><span class='ocrx_word' id='word_1_541' title='bbox 1880 3698 2042 3768; x_wconf 79' lang='lat' dir='ltr'><strong>piam</strong></span> <span class='ocrx_word' id='word_1_542' title='bbox 2076 3697 2267 3753; x_wconf 81' lang='lat' dir='ltr'><strong>oculos</strong></span> <span class='ocrx_word' id='word_1_543' title='bbox 2289 3696 2423 3752; x_wconf 58' lang='lat' dir='ltr'><strong>caci</strong></span> <span class='ocrx_word' id='word_1_544' title='bbox 2474 3695 2606 3750; x_wconf 81' lang='lat' dir='ltr'><strong>nati</strong></span> <span class='ocrx_word' id='word_1_545' title='bbox 2654 3696 2722 3748; x_wconf 80' lang='grc' dir='ltr'><strong>⁸ο.</strong></span> 
     </span>
    </p>
   </div>
   <div class='ocr_carea' id='block_1_80' title="bbox 1955 3780 3545 3852">
    <p class='ocr_par' dir='ltr' id='par_1_80' title="bbox 1955 3780 3545 3852">
     <span class='ocr_line' id='line_1_80' title="bbox 1955 3780 3545 3852; baseline -0.002 -12"><span class='ocrx_word' id='word_1_546' title='bbox 1955 3790 2122 3842; x_wconf 89' lang='lat' dir='ltr'><strong>Vers.</strong></span> <span class='ocrx_word' id='word_1_547' title='bbox 2197 3790 2250 3840; x_wconf 86' lang='lat'><strong>2.</strong></span> <span class='ocrx_word' id='word_1_548' title='bbox 2309 3786 2387 3842; x_wconf 81' lang='lat' dir='ltr'><strong>Et</strong></span> <span class='ocrx_word' id='word_1_549' title='bbox 2435 3790 2760 3840; x_wconf 80' lang='lat' dir='ltr'><strong>nasceretur</strong></span> <span class='ocrx_word' id='word_1_550' title='bbox 2807 3784 2836 3840; x_wconf 71' lang='lat'>7</span> <span class='ocrx_word' id='word_1_551' title='bbox 2901 3780 3368 3852; x_wconf 80' lang='lat' dir='ltr'><strong>lnterrogabant,</strong></span> <span class='ocrx_word' id='word_1_552' title='bbox 3424 3796 3545 3838; x_wconf 90' lang='lat' dir='ltr'><strong>non</strong></span> 
     </span>
    </p>
   </div>
   <div class='ocr_carea' id='block_1_81' title="bbox 1885 3871 3549 3948">
    <p class='ocr_par' dir='ltr' id='par_1_81' title="bbox 1885 3871 3549 3948">
     <span class='ocr_line' id='line_1_81' title="bbox 1885 3871 3549 3948; baseline -0.003 -18"><span class='ocrx_word' id='word_1_553' title='bbox 1885 3877 2049 3948; x_wconf 90' lang='lat' dir='ltr'><strong>quod</strong></span> <span class='ocrx_word' id='word_1_554' title='bbox 2101 3876 2212 3931; x_wconf 89' lang='lat' dir='ltr'><strong>hoc</strong></span> <span class='ocrx_word' id='word_1_555' title='bbox 2243 3879 2347 3931; x_wconf 90' lang='lat' dir='ltr'><strong>aut</strong></span> <span class='ocrx_word' id='word_1_556' title='bbox 2374 3874 2522 3930; x_wconf 91' lang='lat' dir='ltr'><strong>illud</strong></span> <span class='ocrx_word' id='word_1_557' title='bbox 2549 3872 2798 3930; x_wconf 89' lang='lat' dir='ltr'><strong>omnino</strong></span> <span class='ocrx_word' id='word_1_558' title='bbox 2821 3871 3287 3944; x_wconf 87' lang='lat' dir='ltr'><strong>suspicarentur,</strong></span> <span class='ocrx_word' id='word_1_559' title='bbox 3347 3887 3549 3943; x_wconf 90' lang='lat' dir='ltr'><strong>quem-</strong></span> 
     </span>
    </p>
   </div>
   <div class='ocr_carea' id='block_1_82' title="bbox 1885 3959 3549 4035">
    <p class='ocr_par' dir='ltr' id='par_1_82' title="bbox 1885 3959 3549 4035">
     <span class='ocr_line' id='line_1_82' title="bbox 1885 3959 3549 4035; baseline -0.002 -15"><span class='ocrx_word' id='word_1_560' title='bbox 1885 3964 2216 4020; x_wconf 87' lang='lat' dir='ltr'><strong>admodum</strong></span> <span class='ocrx_word' id='word_1_561' title='bbox 2283 3963 2631 4035; x_wconf 87' lang='lat' dir='ltr'><strong>insipientes</strong></span> <span class='ocrx_word' id='word_1_562' title='bbox 2703 3961 2940 4026; x_wconf 68' lang='lat' dir='ltr'><strong>Judasi;</strong></span> <span class='ocrx_word' id='word_1_563' title='bbox 2991 3975 3135 4016; x_wconf 88' lang='lat' dir='ltr'><strong>nam</strong></span> <span class='ocrx_word' id='word_1_564' title='bbox 3197 3959 3358 4016; x_wconf 91' lang='lat' dir='ltr'><strong>hunc</strong></span> <span class='ocrx_word' id='word_1_565' title='bbox 3414 3976 3549 4030; x_wconf 88' lang='lat' dir='ltr'><strong>pec-</strong></span> 
     </span>
    </p>
   </div>
   <div class='ocr_carea' id='block_1_83' title="bbox 1885 4048 3549 4124">
    <p class='ocr_par' dir='ltr' id='par_1_83' title="bbox 1885 4048 3549 4124">
     <span class='ocr_line' id='line_1_83' title="bbox 1885 4048 3549 4124; baseline -0.002 -16"><span class='ocrx_word' id='word_1_566' title='bbox 1885 4069 2073 4117; x_wconf 86' lang='lat' dir='ltr'><strong>casse,</strong></span> <span class='ocrx_word' id='word_1_567' title='bbox 2147 4057 2472 4124; x_wconf 89' lang='lat' dir='ltr'><strong>antequam</strong></span> <span class='ocrx_word' id='word_1_568' title='bbox 2532 4056 2709 4107; x_wconf 88' lang='lat' dir='ltr'><strong>natus</strong></span> <span class='ocrx_word' id='word_1_569' title='bbox 2778 4053 2951 4114; x_wconf 87' lang='lat' dir='ltr'><strong>esset,</strong></span> <span class='ocrx_word' id='word_1_570' title='bbox 3003 4048 3377 4120; x_wconf 87' lang='lat' dir='ltr'><strong>impossibile</strong></span> <span class='ocrx_word' id='word_1_571' title='bbox 3425 4053 3549 4104; x_wconf 88' lang='lat' dir='ltr'><strong>erat</strong></span> 
     </span>
    </p>
   </div>
   <div class='ocr_carea' id='block_1_84' title="bbox 1885 4137 3546 4214">
    <p class='ocr_par' dir='ltr' id='par_1_84' title="bbox 1885 4137 3546 4214">
     <span class='ocr_line' id='line_1_84' title="bbox 1885 4137 3546 4214; baseline -0.004 -16"><span class='ocrx_word' id='word_1_572' title='bbox 1885 4158 2064 4214; x_wconf 91' lang='lat' dir='ltr'><strong>porro</strong></span> <span class='ocrx_word' id='word_1_573' title='bbox 2089 4158 2196 4213; x_wconf 87' lang='lat' dir='ltr'><strong>pro</strong></span> <span class='ocrx_word' id='word_1_574' title='bbox 2241 4141 2593 4212; x_wconf 89' lang='lat' dir='ltr'><strong>parentibus</strong></span> <span class='ocrx_word' id='word_1_575' title='bbox 2660 4139 2860 4211; x_wconf 89' lang='lat' dir='ltr'><strong>puniri</strong></span> <span class='ocrx_word' id='word_1_576' title='bbox 2892 4139 3179 4208; x_wconf 89' lang='lat' dir='ltr'><strong>injustum</strong></span> <span class='ocrx_word' id='word_1_577' title='bbox 3222 4153 3236 4201; x_wconf 92' lang='lat'><strong>;</strong></span> <span class='ocrx_word' id='word_1_578' title='bbox 3279 4137 3380 4192; x_wconf 90' lang='lat' dir='ltr'><strong>sed</strong></span> <span class='ocrx_word' id='word_1_579' title='bbox 3412 4137 3546 4192; x_wconf 87' lang='lat' dir='ltr'><strong>ﬁnis</strong></span> 
     </span>
    </p>
   </div>
   <div class='ocr_carea' id='block_1_85' title="bbox 1885 4225 3548 4298">
    <p class='ocr_par' dir='ltr' id='par_1_85' title="bbox 1885 4225 3548 4298">
     <span class='ocr_line' id='line_1_85' title="bbox 1885 4225 3548 4298; baseline -0.002 -15"><span class='ocrx_word' id='word_1_580' title='bbox 1885 4231 2180 4286; x_wconf 89' lang='lat' dir='ltr'><strong>sermonis</strong></span> <span class='ocrx_word' id='word_1_581' title='bbox 2235 4229 2362 4285; x_wconf 88' lang='lat' dir='ltr'><strong>talis</strong></span> <span class='ocrx_word' id='word_1_582' title='bbox 2420 4234 2527 4284; x_wconf 90' lang='lat' dir='ltr'><strong>est.</strong></span> <span class='ocrx_word' id='word_1_583' title='bbox 2581 4227 2946 4298; x_wconf 86' lang='lat' dir='ltr'><strong>Paralyticus</strong></span> <span class='ocrx_word' id='word_1_584' title='bbox 3003 4225 3246 4296; x_wconf 89' lang='lat' dir='ltr'><strong>quidem</strong></span> <span class='ocrx_word' id='word_1_585' title='bbox 3306 4229 3548 4296; x_wconf 88' lang='lat' dir='ltr'><strong>propter</strong></span> 
     </span>
    </p>
   </div>
   <div class='ocr_carea' id='block_1_86' title="bbox 1884 4313 3545 4389">
    <p class='ocr_par' dir='ltr' id='par_1_86' title="bbox 1884 4313 3545 4389">
     <span class='ocr_line' id='line_1_86' title="bbox 1884 4313 3545 4389; baseline -0.004 -16"><span class='ocrx_word' id='word_1_586' title='bbox 1884 4322 2132 4389; x_wconf 88' lang='lat' dir='ltr'><strong>peccata</strong></span> <span class='ocrx_word' id='word_1_587' title='bbox 2171 4334 2280 4373; x_wconf 89' lang='lat' dir='ltr'><strong>sua</strong></span> <span class='ocrx_word' id='word_1_588' title='bbox 2327 4316 2679 4384; x_wconf 63' lang='lat' dir='ltr'><strong>aegrotabat,</strong></span> <span class='ocrx_word' id='word_1_589' title='bbox 2739 4316 2890 4370; x_wconf 89' lang='lat' dir='ltr'><strong>sicut</strong></span> <span class='ocrx_word' id='word_1_590' title='bbox 2927 4313 3008 4368; x_wconf 91' lang='lat' dir='ltr'><strong>ibi</strong></span> <span class='ocrx_word' id='word_1_591' title='bbox 3054 4313 3375 4367; x_wconf 89' lang='lat' dir='ltr'><strong>didicimus</strong></span> <span class='ocrx_word' id='word_1_592' title='bbox 3413 4328 3426 4368; x_wconf 90' lang='lat'><strong>:</strong></span> <span class='ocrx_word' id='word_1_593' title='bbox 3472 4313 3545 4367; x_wconf 91' lang='lat' dir='ltr'><strong>de</strong></span> 
     </span>
    </p>
   </div>
   <div class='ocr_carea' id='block_1_87' title="bbox 179 4401 1775 4484">
    <p class='ocr_par' dir='ltr' id='par_1_87' title="bbox 179 4402 1775 4478">
     <span class='ocr_line' id='line_1_87' title="bbox 179 4402 1775 4478; baseline 0.002 -25"><span class='ocrx_word' id='word_1_594' title='bbox 179 4405 423 4476; x_wconf 78' lang='grc' dir='ltr'>ἥμαρτεν,</span> <span class='ocrx_word' id='word_1_595' title='bbox 480 4403 626 4463; x_wconf 78' lang='grc' dir='ltr'>οὗτος</span> <span class='ocrx_word' id='word_1_596' title='bbox 664 4402 693 4461; x_wconf 80' lang='grc' dir='ltr'><strong>ῆ</strong></span> <span class='ocrx_word' id='word_1_597' title='bbox 746 4405 794 4455; x_wconf 84' lang='grc' dir='ltr'>οἱ</span> <span class='ocrx_word' id='word_1_598' title='bbox 838 4411 1006 4474; x_wconf 84' lang='grc' dir='ltr'>γονεῖς</span> <span class='ocrx_word' id='word_1_599' title='bbox 1072 4404 1230 4455; x_wconf 66' lang='grc' dir='ltr'>αὐτοῦ</span> <span class='ocrx_word' id='word_1_600' title='bbox 1287 4407 1480 4476; x_wconf 73' lang='grc' dir='ltr'>ςήμείς</span> <span class='ocrx_word' id='word_1_601' title='bbox 1510 4406 1611 4478; x_wconf 79' lang='grc' dir='ltr'><strong>γὰρ</strong></span> <span class='ocrx_word' id='word_1_602' title='bbox 1659 4405 1775 4456; x_wconf 78' lang='grc' dir='ltr'>οὔτε</span> 
     </span>
    </p>
   </div>
   <div class='ocr_carea' id='block_1_88' title="bbox 1904 4401 3542 4484">
    <p class='ocr_par' dir='ltr' id='par_1_88' title="bbox 1904 4401 3542 4471">
     <span class='ocr_line' id='line_1_88' title="bbox 1904 4401 3542 4471; baseline -0.004 -9"><span class='ocrx_word' id='word_1_603' title='bbox 1904 4424 1999 4462; x_wconf 80' lang='lat'><strong>100</strong></span> <span class='ocrx_word' id='word_1_604' title='bbox 2031 4412 2252 4467; x_wconf 87' lang='lat' dir='ltr'><strong>autem.</strong></span> <span class='ocrx_word' id='word_1_605' title='bbox 2322 4405 2465 4462; x_wconf 79' lang='lat' dir='ltr'><strong>quid</strong></span> <span class='ocrx_word' id='word_1_606' title='bbox 2527 4404 2676 4458; x_wconf 87' lang='lat' dir='ltr'><strong>dicis</strong></span> <span class='ocrx_word' id='word_1_607' title='bbox 2725 4403 2752 4458; x_wconf 75' lang='lat' dir='ltr'><strong>‘t</strong></span> <span class='ocrx_word' id='word_1_608' title='bbox 2798 4405 2934 4471; x_wconf 81' lang='lat' dir='ltr'><strong>Quis</strong></span> <span class='ocrx_word' id='word_1_609' title='bbox 2981 4403 3261 4470; x_wconf 78' lang='lat' dir='ltr'><strong>peccavit,</strong></span> <span class='ocrx_word' id='word_1_610' title='bbox 3321 4401 3438 4465; x_wconf 84' lang='lat' dir='ltr'><strong>hic,</strong></span> <span class='ocrx_word' id='word_1_611' title='bbox 3468 4417 3542 4458; x_wconf 89' lang='lat' dir='ltr'><strong><em>an</em></strong></span> 
     </span>
    </p>
   </div>
   <div class='ocr_carea' id='block_1_89' title="bbox 175 4486 1776 4566">
    <p class='ocr_par' dir='ltr' id='par_1_89' title="bbox 175 4486 1776 4566">
     <span class='ocr_line' id='line_1_89' title="bbox 175 4486 1776 4566; baseline 0.001 -25"><span class='ocrx_word' id='word_1_612' title='bbox 175 4496 327 4541; x_wconf 83' lang='grc' dir='ltr'>τοῦτο</span> <span class='ocrx_word' id='word_1_613' title='bbox 349 4493 465 4542; x_wconf 78' lang='grc' dir='ltr'>οὔτε</span> <span class='ocrx_word' id='word_1_614' title='bbox 494 4489 652 4543; x_wconf 73' lang='grc' dir='ltr'>ἐκεῖνο</span> <span class='ocrx_word' id='word_1_615' title='bbox 683 4486 953 4564; x_wconf 78' lang='grc' dir='ltr'>δυνάμεθα</span> <span class='ocrx_word' id='word_1_616' title='bbox 989 4490 1170 4562; x_wconf 81' lang='grc' dir='ltr'>λέγειν,</span> <span class='ocrx_word' id='word_1_617' title='bbox 1208 4492 1460 4553; x_wconf 81' lang='grc' dir='ltr'>παντελῶς</span> <span class='ocrx_word' id='word_1_618' title='bbox 1491 4491 1776 4566; x_wconf 77' lang='grc' dir='ltr'>ἐξαπορού-</span> 
     </span>
    </p>
   </div>
   <div class='ocr_carea' id='block_1_90' title="bbox 175 4597 338 4651">
    <p class='ocr_par' dir='ltr' id='par_1_90' title="bbox 175 4597 338 4651">
     <span class='ocr_line' id='line_1_90' title="bbox 175 4597 338 4651; baseline 0.012 -21"><span class='ocrx_word' id='word_1_619' title='bbox 175 4597 338 4651; x_wconf 83' lang='grc' dir='ltr'>μενοι.</span> 
     </span>
    </p>
   </div>
   <div class='ocr_carea' id='block_1_91' title="bbox 246 4765 716 4835">
    <p class='ocr_par' dir='ltr' id='par_1_91' title="bbox 246 4765 716 4835">
     <span class='ocr_line' id='line_1_91' title="bbox 246 4765 716 4835; baseline 0.004 -17"><span class='ocrx_word' id='word_1_620' title='bbox 246 4765 294 4802; x_wconf 78' lang='grc' dir='ltr'><strong>⁸ο</strong></span> <span class='ocrx_word' id='word_1_621' title='bbox 313 4765 488 4822; x_wconf 87' lang='lat' dir='ltr'><strong>Joan.</strong></span> <span class='ocrx_word' id='word_1_622' title='bbox 519 4781 597 4835; x_wconf 86' lang='lat' dir='ltr'><strong>Ix,</strong></span> <span class='ocrx_word' id='word_1_623' title='bbox 631 4766 716 4822; x_wconf 72' lang='lat'><strong>32.</strong></span> 
     </span>
    </p>
   </div>
   <div class='ocr_carea' id='block_1_92' title="bbox 1881 4489 3545 4566">
    <p class='ocr_par' dir='ltr' id='par_1_92' title="bbox 1881 4489 3545 4566">
     <span class='ocr_line' id='line_1_92' title="bbox 1881 4489 3545 4566; baseline -0.003 -17"><span class='ocrx_word' id='word_1_624' title='bbox 1881 4502 2150 4566; x_wconf 81' lang='lat' dir='ltr'><strong>parentes</strong></span> <span class='ocrx_word' id='word_1_625' title='bbox 2182 4497 2308 4565; x_wconf 84' lang='lat' dir='ltr'><strong>ejus</strong></span> <span class='ocrx_word' id='word_1_626' title='bbox 2347 4493 2375 4549; x_wconf 74' lang='lat' dir='ltr'><strong>‘t</strong></span> <span class='ocrx_word' id='word_1_627' title='bbox 2424 4509 2535 4549; x_wconf 90' lang='lat' dir='ltr'><strong>nos</strong></span> <span class='ocrx_word' id='word_1_628' title='bbox 2567 4494 2727 4548; x_wconf 90' lang='lat' dir='ltr'><strong>enim</strong></span> <span class='ocrx_word' id='word_1_629' title='bbox 2756 4507 2950 4563; x_wconf 89' lang='lat' dir='ltr'><strong>neque</strong></span> <span class='ocrx_word' id='word_1_630' title='bbox 2988 4490 3120 4552; x_wconf 89' lang='lat' dir='ltr'><strong>hoc.</strong></span> <span class='ocrx_word' id='word_1_631' title='bbox 3175 4505 3370 4561; x_wconf 91' lang='lat' dir='ltr'><strong>neque</strong></span> <span class='ocrx_word' id='word_1_632' title='bbox 3400 4489 3545 4545; x_wconf 90' lang='lat' dir='ltr'><strong>illud</strong></span> 
     </span>
    </p>
   </div>
   <div class='ocr_carea' id='block_1_93' title="bbox 1885 4577 3542 4656">
    <p class='ocr_par' dir='ltr' id='par_1_93' title="bbox 1885 4577 3542 4656">
     <span class='ocr_line' id='line_1_93' title="bbox 1885 4577 3542 4656; baseline -0.003 -17"><span class='ocrx_word' id='word_1_633' title='bbox 1885 4583 2078 4640; x_wconf 90' lang='lat' dir='ltr'><strong>dicere</strong></span> <span class='ocrx_word' id='word_1_634' title='bbox 2129 4599 2474 4656; x_wconf 87' lang='lat' dir='ltr'><strong>possumus,</strong></span> <span class='ocrx_word' id='word_1_635' title='bbox 2525 4581 2775 4638; x_wconf 91' lang='lat' dir='ltr'><strong>omnino</strong></span> <span class='ocrx_word' id='word_1_636' title='bbox 2806 4579 3136 4636; x_wconf 89' lang='lat' dir='ltr'><strong>conturbati</strong></span> <span class='ocrx_word' id='word_1_637' title='bbox 3168 4577 3542 4652; x_wconf 85' lang='lat' dir='ltr'><strong>consilioque</strong></span> 
     </span>
    </p>
   </div>
   <div class='ocr_carea' id='block_1_94' title="bbox 1884 4672 2167 4730">
    <p class='ocr_par' dir='ltr' id='par_1_94' title="bbox 1884 4672 2167 4730">
     <span class='ocr_line' id='line_1_94' title="bbox 1884 4672 2167 4730; baseline -0.007 -2"><span class='ocrx_word' id='word_1_638' title='bbox 1884 4672 2167 4730; x_wconf 85' lang='lat' dir='ltr'><strong>destituti.</strong></span> 
     </span>
    </p>
   </div>
   <div class='ocr_carea' id='block_1_95' title="bbox 1377 4867 2302 4938">
    <p class='ocr_par' dir='ltr' id='par_1_95' title="bbox 1377 4867 2302 4938">
     <span class='ocr_line' id='line_1_95' title="bbox 1377 4867 2302 4938; baseline 0 -2"><span class='ocrx_word' id='word_1_639' title='bbox 1377 4867 1601 4936; x_wconf 68' lang='lat' dir='ltr'><strong>Variae</strong></span> <span class='ocrx_word' id='word_1_640' title='bbox 1631 4868 1961 4937; x_wconf 87' lang='lat' dir='ltr'><strong>lectiones</strong></span> <span class='ocrx_word' id='word_1_641' title='bbox 1995 4880 2060 4937; x_wconf 89' lang='lat' dir='ltr'><strong>et</strong></span> <span class='ocrx_word' id='word_1_642' title='bbox 2101 4876 2302 4938; x_wconf 64' lang='lat' dir='ltr'><strong>notae.</strong></span> 
     </span>
    </p>
   </div>
   <div class='ocr_carea' id='block_1_96' title="bbox 241 5007 1761 5135">
    <p class='ocr_par' dir='ltr' id='par_1_96' title="bbox 241 5007 1761 5135">
     <span class='ocr_line' id='line_1_96' title="bbox 241 5007 1761 5135; baseline 0.003 -73"><span class='ocrx_word' id='word_1_643' title='bbox 241 5009 352 5080; x_wconf 81' lang='grc' dir='ltr'><strong>(Ἠ)</strong></span> <span class='ocrx_word' id='word_1_644' title='bbox 375 5008 605 5064; x_wconf 88' lang='lat' dir='ltr'><strong>Scilicet</strong></span> <span class='ocrx_word' id='word_1_645' title='bbox 633 5007 1066 5135; x_wconf 37' lang='lat' dir='ltr'><strong>Chrgsostomi,</strong></span> <span class='ocrx_word' id='word_1_646' title='bbox 1092 5009 1195 5082; x_wconf 92' lang='lat' dir='ltr'><strong>qui</strong></span> <span class='ocrx_word' id='word_1_647' title='bbox 1217 5009 1500 5066; x_wconf 89' lang='lat' dir='ltr'><strong>audacter</strong></span> <span class='ocrx_word' id='word_1_648' title='bbox 1527 5012 1608 5068; x_wconf 90' lang='lat' dir='ltr'><strong>ita</strong></span> <span class='ocrx_word' id='word_1_649' title='bbox 1637 5027 1761 5067; x_wconf 87' lang='lat' dir='ltr'><strong>cor-</strong></span> 
     </span>
     <span class='ocr_line' id='line_1_97' title="bbox 241 5080 1761 5135; baseline 0.001 -1"><span class='ocrx_word' id='word_1_650' title='bbox 241 5081 334 5135; x_wconf 78' lang='lat' dir='ltr'><strong>xit.</strong></span> <span class='ocrx_word' id='word_1_651' title='bbox 387 5080 528 5135; x_wconf 87' lang='lat' dir='ltr'><strong>Vide</strong></span> <span class='ocrx_word' id='word_1_652' title='bbox 569 5084 711 5135; x_wconf 87' lang='lat' dir='ltr'><strong>tom.</strong></span> <span class='ocrx_word' id='word_1_653' title='bbox 796 5081 884 5135; x_wconf 89' lang='lat' dir='ltr'><strong>Ill.</strong></span> <span class='ocrx_word' id='word_1_654' title='bbox 919 5096 1057 5135; x_wconf 62' lang='lat' dir='ltr'><strong>nam.</strong></span> <span class='ocrx_word' id='word_1_655' title='bbox 1095 5084 1225 5135; x_wconf 72' lang='grc'><strong>324.</strong></span> <span class='ocrx_word' id='word_1_656' title='bbox 1268 5082 1761 5135; x_wconf 84' lang='lat' dir='ltr'><strong>Chrvsostomum</strong></span> 
     </span>
    </p>
   </div>
   <div class='ocr_carea' id='block_1_97' title="bbox 171 5080 1764 5154">
    <p class='ocr_par' dir='ltr' id='par_1_97' title="bbox 171 5080 1764 5154">
     <span class='ocr_line' id='line_1_98' title="bbox 171 5080 1764 5154; baseline 0.004 -20"><span class='ocrx_word' id='word_1_657' title='bbox 171 5081 334 5154; x_wconf 74' lang='lat' dir='ltr'><strong>rexit.</strong></span> <span class='ocrx_word' id='word_1_658' title='bbox 387 5080 528 5136; x_wconf 87' lang='lat' dir='ltr'><strong>Vide</strong></span> <span class='ocrx_word' id='word_1_659' title='bbox 569 5084 711 5136; x_wconf 87' lang='lat' dir='ltr'><strong>tom.</strong></span> <span class='ocrx_word' id='word_1_660' title='bbox 743 5080 1225 5154; x_wconf 26' lang='lat' dir='ltr'><strong>Vl_lI,pag.A324.</strong></span> <span class='ocrx_word' id='word_1_661' title='bbox 1268 5082 1764 5154; x_wconf 83' lang='lat' dir='ltr'><strong>Chrysostomum</strong></span> 
     </span>
    </p>
   </div>
   <div class='ocr_carea' id='block_1_98' title="bbox 170 5096 1762 5231">
    <p class='ocr_par' dir='ltr' id='par_1_98' title="bbox 170 5096 1762 5231">
     <span class='ocr_line' id='line_1_99' title="bbox 171 5096 1762 5208; baseline 0.004 -74"><span class='ocrx_word' id='word_1_662' title='bbox 171 5096 334 5135; x_wconf 81' lang='lat' dir='ltr'><strong>rexu.</strong></span> <span class='ocrx_word' id='word_1_663' title='bbox 392 5096 528 5136; x_wconf 81' lang='grc' dir='ltr'>νιαθ</span> <span class='ocrx_word' id='word_1_664' title='bbox 569 5096 711 5136; x_wconf 78' lang='lat' dir='ltr'><strong>tom.</strong></span> <span class='ocrx_word' id='word_1_665' title='bbox 752 5096 884 5145; x_wconf 84' lang='lat' dir='ltr'><strong>VIII,</strong></span> <span class='ocrx_word' id='word_1_666' title='bbox 915 5096 1057 5208; x_wconf 60' lang='grc' dir='ltr'><strong>εδδ.</strong></span> <span class='ocrx_word' id='word_1_667' title='bbox 1095 5096 1225 5137; x_wconf 63' lang='grc'><strong>324.</strong></span> <span class='ocrx_word' id='word_1_668' title='bbox 1268 5096 1762 5154; x_wconf 74' lang='lat' dir='ltr'><strong>unrysostomum</strong></span> 
     </span>
     <span class='ocr_line' id='line_1_100' title="bbox 170 5151 1762 5231; baseline 0.004 -28"><span class='ocrx_word' id='word_1_669' title='bbox 170 5151 435 5231; x_wconf 75' lang='lat' dir='ltr'><strong>sequitur</strong></span> <span class='ocrx_word' id='word_1_670' title='bbox 454 5167 616 5231; x_wconf 79' lang='lat' dir='ltr'><strong>unus</strong></span> <span class='ocrx_word' id='word_1_671' title='bbox 632 5167 703 5208; x_wconf 86' lang='lat' dir='ltr'><strong>ex</strong></span> <span class='ocrx_word' id='word_1_672' title='bbox 720 5151 908 5231; x_wconf 76' lang='lat' dir='ltr'><strong>codici</strong></span> <span class='ocrx_word' id='word_1_673' title='bbox 961 5169 1028 5231; x_wconf 79' lang='lat' dir='ltr'><strong>u_s</strong></span> <span class='ocrx_word' id='word_1_674' title='bbox 1054 5152 1510 5231; x_wconf 69' lang='lat' dir='ltr'><strong>Mosquensibus</strong></span> <span class='ocrx_word' id='word_1_675' title='bbox 1533 5154 1762 5231; x_wconf 72' lang='lat' dir='ltr'><strong>N.Te_st.</strong></span> 
     </span>
    </p>
   </div>
   <div class='ocr_carea' id='block_1_99' title="bbox 172 5222 1762 5296">
    <p class='ocr_par' dir='ltr' id='par_1_99' title="bbox 172 5222 1762 5296">
     <span class='ocr_line' id='line_1_101' title="bbox 172 5222 1762 5296; baseline 0.006 -23"><span class='ocrx_word' id='word_1_676' title='bbox 172 5235 228 5296; x_wconf 62' lang='grc' dir='ltr'><strong>ᾳ.</strong></span> <span class='ocrx_word' id='word_1_677' title='bbox 251 5222 352 5296; x_wconf 80' lang='lat' dir='ltr'><strong>qui</strong></span> <span class='ocrx_word' id='word_1_678' title='bbox 385 5226 472 5276; x_wconf 89' lang='lat' dir='ltr'><strong>est.</strong></span> <span class='ocrx_word' id='word_1_679' title='bbox 495 5239 625 5296; x_wconf 76' lang='lat' dir='ltr'><strong>cum</strong></span> <span class='ocrx_word' id='word_1_680' title='bbox 671 5223 934 5278; x_wconf 88' lang='lat' dir='ltr'><strong>scholiis.</strong></span> <span class='ocrx_word' id='word_1_681' title='bbox 977 5222 1281 5292; x_wconf 70' lang='lat' dir='ltr'><strong>Origenes,</strong></span> <span class='ocrx_word' id='word_1_682' title='bbox 1335 5224 1439 5296; x_wconf 89' lang='lat' dir='ltr'><strong>qui</strong></span> <span class='ocrx_word' id='word_1_683' title='bbox 1469 5230 1617 5281; x_wconf 87' lang='lat' dir='ltr'><strong>tom.</strong></span> <span class='ocrx_word' id='word_1_684' title='bbox 1661 5227 1762 5291; x_wconf 85' lang='lat' dir='ltr'><strong>XX,</strong></span> 
     </span>
    </p>
   </div>
   <div class='ocr_carea' id='block_1_100' title="bbox 169 5293 1765 5367">
    <p class='ocr_par' dir='ltr' id='par_1_100' title="bbox 169 5293 1765 5367">
     <span class='ocr_line' id='line_1_102' title="bbox 169 5293 1765 5367; baseline 0.003 -20"><span class='ocrx_word' id='word_1_685' title='bbox 169 5293 228 5347; x_wconf 90' lang='lat' dir='ltr'><strong>in</strong></span> <span class='ocrx_word' id='word_1_686' title='bbox 251 5293 538 5348; x_wconf 85' lang='lat' dir='ltr'><strong>Joannem</strong></span> <span class='ocrx_word' id='word_1_687' title='bbox 572 5293 700 5350; x_wconf 61' lang='lat' dir='ltr'><strong>haec</strong></span> <span class='ocrx_word' id='word_1_688' title='bbox 729 5296 871 5350; x_wconf 84' lang='lat' dir='ltr'><strong>data</strong></span> <span class='ocrx_word' id='word_1_689' title='bbox 907 5311 1090 5367; x_wconf 72' lang='lat' dir='ltr'><strong>opera</strong></span> <span class='ocrx_word' id='word_1_690' title='bbox 1143 5293 1579 5365; x_wconf 59' lang='lat' dir='ltr'><strong>interpretatur,</strong></span> <span class='ocrx_word' id='word_1_691' title='bbox 1603 5297 1765 5352; x_wconf 89' lang='lat' dir='ltr'><strong>hunc</strong></span> 
     </span>
    </p>
   </div>
   <div class='ocr_carea' id='block_1_101' title="bbox 170 5367 1766 5436">
    <p class='ocr_par' dir='ltr' id='par_1_101' title="bbox 170 5367 1766 5436">
     <span class='ocr_line' id='line_1_103' title="bbox 170 5367 1766 5436; baseline 0.003 -19"><span class='ocrx_word' id='word_1_692' title='bbox 170 5379 409 5436; x_wconf 73' lang='lat' dir='ltr'><strong>versum</strong></span> <span class='ocrx_word' id='word_1_693' title='bbox 467 5370 656 5421; x_wconf 89' lang='lat' dir='ltr'><strong>totum</strong></span> <span class='ocrx_word' id='word_1_694' title='bbox 721 5367 1118 5436; x_wconf 73' lang='lat' dir='ltr'><strong>praetermisit.</strong></span> <span class='ocrx_word' id='word_1_695' title='bbox 1165 5372 1491 5425; x_wconf 79' lang='grc' dir='ltr'>Πεντήκοντα</span> <span class='ocrx_word' id='word_1_696' title='bbox 1525 5373 1766 5423; x_wconf 86' lang='lat' dir='ltr'><strong>servant</strong></span> 
     </span>
    </p>
   </div>
   <div class='ocr_carea' id='block_1_102' title="bbox 169 5434 1762 5510">
    <p class='ocr_par' dir='ltr' id='par_1_102' title="bbox 169 5434 1762 5510">
     <span class='ocr_line' id='line_1_104' title="bbox 169 5434 1762 5510; baseline 0.003 -20"><span class='ocrx_word' id='word_1_697' title='bbox 169 5434 366 5506; x_wconf 85' lang='lat' dir='ltr'><strong>Cyrill.</strong></span> <span class='ocrx_word' id='word_1_698' title='bbox 401 5442 438 5490; x_wconf 90' lang='lat' dir='ltr'><strong>t.</strong></span> <span class='ocrx_word' id='word_1_699' title='bbox 463 5436 580 5510; x_wconf 77' lang='lat' dir='ltr'><strong>_lV,</strong></span> <span class='ocrx_word' id='word_1_700' title='bbox 614 5452 671 5507; x_wconf 93' lang='lat' dir='ltr'><strong>p.</strong></span> <span class='ocrx_word' id='word_1_701' title='bbox 706 5434 808 5492; x_wconf 79' lang='lat'><strong>585</strong></span> <span class='ocrx_word' id='word_1_702' title='bbox 836 5438 895 5490; x_wconf 93' lang='lat' dir='ltr'><strong>C.</strong></span> <span class='ocrx_word' id='word_1_703' title='bbox 932 5439 1404 5510; x_wconf 16' lang='lat' dir='ltr'><strong>;7Theophylact.</strong></span> <span class='ocrx_word' id='word_1_704' title='bbox 1442 5455 1499 5510; x_wconf 87' lang='lat' dir='ltr'><strong>p.</strong></span> <span class='ocrx_word' id='word_1_705' title='bbox 1541 5441 1646 5510; x_wconf 84' lang='lat'><strong>690</strong></span> <span class='ocrx_word' id='word_1_706' title='bbox 1681 5442 1718 5494; x_wconf 86' lang='grc' dir='ltr'>Ε</span> <span class='ocrx_word' id='word_1_707' title='bbox 1749 5455 1762 5504; x_wconf 91' lang='grc'><strong>;</strong></span> 
     </span>
    </p>
   </div>
   <div class='ocr_carea' id='block_1_103' title="bbox 213 5507 1763 5582">
    <p class='ocr_par' dir='ltr' id='par_1_103' title="bbox 213 5507 1763 5582">
     <span class='ocr_line' id='line_1_105' title="bbox 213 5507 1763 5582; baseline 0.002 -22"><span class='ocrx_word' id='word_1_708' title='bbox 213 5521 421 5582; x_wconf 83' lang='lat' dir='ltr'><strong>everus</strong></span> <span class='ocrx_word' id='word_1_709' title='bbox 458 5507 518 5562; x_wconf 88' lang='lat' dir='ltr'><strong>in</strong></span> <span class='ocrx_word' id='word_1_710' title='bbox 550 5509 773 5564; x_wconf 87' lang='lat' dir='ltr'><strong>Catena</strong></span> <span class='ocrx_word' id='word_1_711' title='bbox 825 5509 1104 5576; x_wconf 90' lang='lat' dir='ltr'><strong>Corderii,</strong></span> <span class='ocrx_word' id='word_1_712' title='bbox 1145 5507 1340 5582; x_wconf 62' lang='lat' dir='ltr'><strong>p.243</strong></span> <span class='ocrx_word' id='word_1_713' title='bbox 1391 5529 1406 5579; x_wconf 88' lang='lat'>;</span> <span class='ocrx_word' id='word_1_714' title='bbox 1442 5507 1498 5567; x_wconf 82' lang='lat' dir='ltr'><strong>et</strong></span> <span class='ocrx_word' id='word_1_715' title='bbox 1526 5509 1763 5566; x_wconf 88' lang='lat' dir='ltr'><strong>codices</strong></span> 
     </span>
    </p>
   </div>
   <div class='ocr_carea' id='block_1_104' title="bbox 211 5579 796 5636">
    <p class='ocr_par' dir='ltr' id='par_1_104' title="bbox 211 5579 796 5636">
     <span class='ocr_line' id='line_1_106' title="bbox 211 5579 796 5636; baseline 0.002 -2"><span class='ocrx_word' id='word_1_716' title='bbox 211 5579 540 5634; x_wconf 85' lang='lat' dir='ltr'><strong>robatiores</strong></span> <span class='ocrx_word' id='word_1_717' title='bbox 569 5593 796 5636; x_wconf 89' lang='lat' dir='ltr'><strong>omnes.</strong></span> 
     </span>
    </p>
   </div>
   <div class='ocr_carea' id='block_1_105' title="bbox 241 5753 1759 5836">
    <p class='ocr_par' dir='ltr' id='par_1_105' title="bbox 241 5753 1759 5836">
     <span class='ocr_line' id='line_1_107' title="bbox 241 5753 1759 5836; baseline -0.001 -22"><span class='ocrx_word' id='word_1_718' title='bbox 241 5756 318 5828; x_wconf 89' lang='lat' dir='ltr'><strong>(j)</strong></span> <span class='ocrx_word' id='word_1_719' title='bbox 350 5757 460 5828; x_wconf 83' lang='lat' dir='ltr'><strong>Qui</strong></span> <span class='ocrx_word' id='word_1_720' title='bbox 491 5757 698 5814; x_wconf 82' lang='lat' dir='ltr'><strong>visum.</strong></span> <span class='ocrx_word' id='word_1_721' title='bbox 735 5758 900 5814; x_wconf 86' lang='lat' dir='ltr'><strong>Forte</strong></span> <span class='ocrx_word' id='word_1_722' title='bbox 930 5757 1094 5830; x_wconf 80' lang='lat' dir='ltr'><strong>legit,</strong></span> <span class='ocrx_word' id='word_1_723' title='bbox 1126 5753 1210 5814; x_wconf 78' lang='grc' dir='ltr'><strong>διὸ</strong></span> <span class='ocrx_word' id='word_1_724' title='bbox 1250 5762 1338 5811; x_wconf 79' lang='grc' dir='ltr'>καὶ</span> <span class='ocrx_word' id='word_1_725' title='bbox 1367 5759 1392 5811; x_wconf 84' lang='grc' dir='ltr'><strong><em>ὁ</em></strong></span> <span class='ocrx_word' id='word_1_726' title='bbox 1446 5757 1759 5836; x_wconf 68' lang='grc' dir='ltr'>ἀναϐλέψας.</span> 
     </span>
    </p>
   </div>
   <div class='ocr_carea' id='block_1_106' title="bbox 1942 5005 3540 5084">
    <p class='ocr_par' dir='ltr' id='par_1_106' title="bbox 1942 5005 3540 5084">
     <span class='ocr_line' id='line_1_108' title="bbox 1942 5005 3540 5084; baseline -0.002 -17"><span class='ocrx_word' id='word_1_727' title='bbox 1942 5014 2056 5084; x_wconf 77' lang='lat'><strong>(7&#39;2)</strong></span> <span class='ocrx_word' id='word_1_728' title='bbox 2091 5011 2326 5070; x_wconf 89' lang='lat' dir='ltr'><strong>Inclusa</strong></span> <span class='ocrx_word' id='word_1_729' title='bbox 2364 5011 2585 5084; x_wconf 87' lang='lat' dir='ltr'><strong>absunt</strong></span> <span class='ocrx_word' id='word_1_730' title='bbox 2631 5012 2697 5067; x_wconf 75' lang='grc' dir='ltr'><strong>Α.</strong></span> <span class='ocrx_word' id='word_1_731' title='bbox 2733 5013 2987 5073; x_wconf 83' lang='grc' dir='ltr'>Κτίστης,</span> <span class='ocrx_word' id='word_1_732' title='bbox 3018 5005 3330 5080; x_wconf 89' lang='lat' dir='ltr'><strong>quomodo</strong></span> <span class='ocrx_word' id='word_1_733' title='bbox 3360 5007 3540 5084; x_wconf 87' lang='lat' dir='ltr'><strong>etiam</strong></span> 
     </span>
    </p>
   </div>
   <div class='ocr_carea' id='block_1_107' title="bbox 1877 5082 3539 5156">
    <p class='ocr_par' dir='ltr' id='par_1_107' title="bbox 1877 5082 3539 5156">
     <span class='ocr_line' id='line_1_109' title="bbox 1877 5082 3539 5156; baseline 0 -17"><span class='ocrx_word' id='word_1_734' title='bbox 1877 5082 2219 5140; x_wconf 83' lang='lat' dir='ltr'><strong>Eustathius</strong></span> <span class='ocrx_word' id='word_1_735' title='bbox 2255 5083 2468 5148; x_wconf 89' lang='lat' dir='ltr'><strong>scribit,</strong></span> <span class='ocrx_word' id='word_1_736' title='bbox 2500 5084 2606 5156; x_wconf 87' lang='lat' dir='ltr'><strong>qui</strong></span> <span class='ocrx_word' id='word_1_737' title='bbox 2663 5099 2802 5140; x_wconf 90' lang='lat' dir='ltr'><strong>cum</strong></span> <span class='ocrx_word' id='word_1_738' title='bbox 2862 5085 3046 5156; x_wconf 79' lang='grc' dir='ltr'>κτίτης</span> <span class='ocrx_word' id='word_1_739' title='bbox 3073 5082 3405 5151; x_wconf 75' lang='lat' dir='ltr'><strong>comparat.</strong></span> <span class='ocrx_word' id='word_1_740' title='bbox 3429 5095 3539 5156; x_wconf 77' lang='lat' dir='ltr'><strong>pro</strong></span> 
     </span>
    </p>
   </div>
   <div class='ocr_carea' id='block_1_108' title="bbox 1876 5151 3540 5229">
    <p class='ocr_par' dir='ltr' id='par_1_108' title="bbox 1876 5151 3540 5229">
     <span class='ocr_line' id='line_1_110' title="bbox 1876 5151 3540 5229; baseline -0.002 -19"><span class='ocrx_word' id='word_1_741' title='bbox 1876 5156 2241 5211; x_wconf 88' lang='lat' dir='ltr'><strong>substantivo</strong></span> <span class='ocrx_word' id='word_1_742' title='bbox 2276 5151 2538 5229; x_wconf 59' lang='lat' dir='ltr'><strong>accipio;</strong></span> <span class='ocrx_word' id='word_1_743' title='bbox 2581 5170 2719 5220; x_wconf 88' lang='lat' dir='ltr'><strong>non,</strong></span> <span class='ocrx_word' id='word_1_744' title='bbox 2786 5158 2846 5210; x_wconf 92' lang='lat' dir='ltr'><strong>ut</strong></span> <span class='ocrx_word' id='word_1_745' title='bbox 2896 5154 3206 5224; x_wconf 87' lang='lat' dir='ltr'><strong>interpres,</strong></span> <span class='ocrx_word' id='word_1_746' title='bbox 3240 5165 3348 5221; x_wconf 89' lang='lat' dir='ltr'><strong>pro</strong></span> <span class='ocrx_word' id='word_1_747' title='bbox 3379 5151 3540 5208; x_wconf 86' lang='lat' dir='ltr'><strong>adie-</strong></span> 
     </span>
    </p>
   </div>
   <div class='ocr_carea' id='block_1_109' title="bbox 1877 5228 2056 5283">
    <p class='ocr_par' dir='ltr' id='par_1_109' title="bbox 1877 5228 2056 5283">
     <span class='ocr_line' id='line_1_111' title="bbox 1877 5228 2056 5283; baseline -0.006 -1"><span class='ocrx_word' id='word_1_748' title='bbox 1877 5228 1951 5282; x_wconf 85' lang='lat' dir='ltr'><strong>cti</strong></span> <span class='ocrx_word' id='word_1_749' title='bbox 1961 5244 2056 5283; x_wconf 87' lang='lat' dir='ltr'><strong>vo.</strong></span> 
     </span>
    </p>
   </div>
   <div class='ocr_carea' id='block_1_110' title="bbox 1948 5297 3536 5371">
    <p class='ocr_par' dir='ltr' id='par_1_110' title="bbox 1948 5297 3536 5371">
     <span class='ocr_line' id='line_1_112' title="bbox 1948 5297 3536 5371; baseline -0.003 -16"><span class='ocrx_word' id='word_1_750' title='bbox 1948 5299 2060 5371; x_wconf 85' lang='lat'><strong>(73)</strong></span> <span class='ocrx_word' id='word_1_751' title='bbox 2081 5300 2164 5354; x_wconf 89' lang='lat' dir='ltr'><strong>Ita</strong></span> <span class='ocrx_word' id='word_1_752' title='bbox 2190 5297 2541 5370; x_wconf 89' lang='lat' dir='ltr'><strong>plerumque</strong></span> <span class='ocrx_word' id='word_1_753' title='bbox 2557 5297 3016 5368; x_wconf 84' lang='lat' dir='ltr'><strong>Chrysostomus</strong></span> <span class='ocrx_word' id='word_1_754' title='bbox 3035 5299 3290 5357; x_wconf 88' lang='lat' dir='ltr'><strong>oratorie</strong></span> <span class='ocrx_word' id='word_1_755' title='bbox 3308 5299 3536 5363; x_wconf 83' lang='lat' dir='ltr'><strong>laudat,</strong></span> 
     </span>
    </p>
   </div>
   <div class='ocr_carea' id='block_1_111' title="bbox 1873 5369 2761 5442">
    <p class='ocr_par' dir='ltr' id='par_1_111' title="bbox 1873 5369 2761 5442">
     <span class='ocr_line' id='line_1_113' title="bbox 1873 5369 2761 5442; baseline -0.002 -19"><span class='ocrx_word' id='word_1_756' title='bbox 1873 5369 2049 5442; x_wconf 32' lang='lat'><strong>1080.-</strong></span> <span class='ocrx_word' id='word_1_757' title='bbox 2081 5386 2240 5425; x_wconf 79' lang='lat' dir='ltr'><strong>xvul.</strong></span> <span class='ocrx_word' id='word_1_758' title='bbox 2273 5374 2324 5433; x_wconf 90' lang='lat'><strong>6,</strong></span> <span class='ocrx_word' id='word_1_759' title='bbox 2348 5369 2532 5424; x_wconf 80' lang='grc' dir='ltr'>ἔπεσον</span> <span class='ocrx_word' id='word_1_760' title='bbox 2562 5375 2761 5442; x_wconf 87' lang='grc' dir='ltr'>χαμαί.</span> 
     </span>
    </p>
   </div>
   <div class='ocr_carea' id='block_1_112' title="bbox 1945 5441 2335 5507">
    <p class='ocr_par' dir='ltr' id='par_1_112' title="bbox 1945 5441 2335 5507">
     <span class='ocr_line' id='line_1_114' title="bbox 1945 5441 2335 5507; baseline 0.003 -12"><span class='ocrx_word' id='word_1_761' title='bbox 1945 5441 2335 5507; x_wconf 72' lang='grc' dir='ltr'>(74)Γεννητῆς.</span> 
     </span>
    </p>
   </div>
   <div class='ocr_carea' id='block_1_113' title="bbox 1949 5512 2451 5582">
    <p class='ocr_par' dir='ltr' id='par_1_113' title="bbox 1949 5512 2451 5582">
     <span class='ocr_line' id='line_1_115' title="bbox 1949 5512 2451 5582; baseline -0.002 -16"><span class='ocrx_word' id='word_1_762' title='bbox 1949 5512 2062 5582; x_wconf 85' lang='grc'><strong>(75)</strong></span> <span class='ocrx_word' id='word_1_763' title='bbox 2086 5516 2146 5564; x_wconf 73' lang='grc' dir='ltr'><strong>Δὶ</strong></span> <span class='ocrx_word' id='word_1_764' title='bbox 2176 5513 2346 5569; x_wconf 88' lang='lat' dir='ltr'><strong>abest</strong></span> <span class='ocrx_word' id='word_1_765' title='bbox 2387 5520 2451 5566; x_wconf 87' lang='lat' dir='ltr'><strong>A.</strong></span> 
     </span>
    </p>
   </div>
  </div>
