4098 6450
171 344 320 403 1305

1263 343 1608 401 COMMENT
1647 345 1716 402 IN
1753 343 2104 402 JOANNEM.
2146 375 2214 387 —
2251 345 2408 400 CAP.
2452 342 2549 401 IX.

3403 345 3542 402 1306

249 477 352 527 Καὶ
381 504 450 512 -
478 470 707 544 ἕώρακας
733 487 746 538 ;
773 469 960 544 ’ᾨοντο
986 471 1088 544 γὰρ
1120 470 1272 523 αὑτὸν
1303 469 1458 542 ἐγγὺς
1485 468 1614 524 εἶναι
1653 491 1763 524 πεν-

1955 471 2118 526 Vers.
2153 472 2240 526 57.
2268 470 2441 524 Et—
2491 469 2691 526 vidisti
2743 466 2771 524 7
2823 467 3121 524 Putabant
3183 468 3342 524 enim
3399 485 3540 525 eum

171 567 404 621 τήκοντα
454 560 574 613 ἐτῶν
625 558 719 613 διὰ
768 565 862 618 την
917 561 1254 632 πολυπειρίαν
1310 560 1490 614 αὐτοῦ.
1537 562 1666 613 Τινὰ
1713 556 1772 612 δὲ

172 661 275 704 τῶν
329 652 440 723 (71)
494 650 819 725 ἀντιγράφων
859 652 1253 723 τεσσαράκοντα
1293 651 1604 725 γράφουσιν,
1648 651 1771 722 ὅπερ

174 737 210 794 δ
215 749 324 794 οκεί
350 739 730 814 ἀκριϐέστερον.

247 915 398 971 Εἶπεν
451 949 519 958 -
575 917 698 980 εἰμι.
748 917 837 980 Ὠς
902 921 1052 979 Θεός.
1108 922 1208 970 Καὶ
1265 916 1360 970 οὐκ
1417 913 1575 984 εἶπεν,
1637 914 1773 986 Ἐγώ

171 1011 337 1079 ἤμην,
415 1006 520 1059 ἀλλ’
581 1008 711 1078 Ἐγώ
763 1006 871 1079 εἰμι
913 1009 938 1059 ὁ
999 1005 1078 1059 ἀεὶ
1140 1010 1226 1058 ὤν.
1260 1009 1329 1058 Τό
1355 1008 1444 1072 μὲν
1492 1002 1580 1057 οὖν
1637 1008 1773 1076 γενέ-

174 1098 304 1149 σθαι
363 1099 714 1149 κτιστοῦ’τὸ
808 1093 866 1149 δὲ
932 1095 1052 1168 Εἰμὶ
1132 1093 1382 1147 ἀκτίστου
1431 1095 1450 1166 [
1505 1099 1594 1147 καὶ
1655 1095 1772 1166 (72)

170 1191 393 1238 κτίστου

247 1275 413 1350 Ἥραν
450 1302 505 1315 -
554 1274 732 1326 αὐτόν.
789 1277 855 1327 Οἱ
889 1281 1072 1346 ταχεῖς
1112 1277 1240 1347 πρὸς
1269 1278 1415 1345 φόνον
1447 1294 1458 1306 ·
1489 1273 1770 1346 Ἤγρίαναν

171 1366 276 1437 γὰρ
327 1360 570 1427 δόξαντες
621 1361 937 1436 ὑϐρισθῆναι
979 1367 1066 1414 τόν
1124 1361 1362 1438 Ἀϐραὰμ
1405 1380 1416 1391 ·
1451 1363 1562 1434 ἅμα
1591 1359 1649 1415 δὲ
1681 1367 1771 1415 καὶ

170 1459 380 1524 γνόντες
409 1454 488 1506 ὅτι
519 1449 797 1511 ἁίδιότητα
835 1460 968 1506 Θεοῦ
993 1453 1322 1525 περιτίθησιν
1349 1452 1530 1522 ἑαυτῷ,

247 1631 455 1692 Ἰησοῦς
511 1628 570 1685 δὲ
617 1630 834 1704 ἐκρύϐη.
879 1632 1130 1705 Ἀόρατος
1187 1629 1365 1692 αὐτοῖς
1425 1635 1649 1689 κατέστη
1703 1638 1764 1702 τῇ

171 1721 388 1794 ἐξουσίᾳ
417 1729 509 1782 τῆς
549 1723 808 1782 θεότητος.

247 1815 348 1864 Καὶ
381 1813 540 1885 ἱεροῦ.
566 1816 677 1864 Ἰνα
705 1809 1009 1869 κατασταλῆ
1044 1811 1068 1862 ὁ
1103 1812 1266 1883 θυμὸς
1293 1809 1482 1864 αὐτῶν.

243 1989 459 2042 Διελθὼν
489 2021 558 2029 —
586 1989 777 2042 αὐτῶν.
831 1995 918 2048 Μὴ
963 1989 1262 2060 ἰσχυόντων
1293 1985 1422 2041 ἰδεῖν
1463 1988 1635 2044 αὐτόν.
1673 1995 1769 2045 Καὶ

171 2077 321 2132 διατί
371 2079 466 2131 οὐκ
523 2077 755 2142 ἐξέλυσεν
786 2077 954 2131 αὐτῶν
993 2083 1086 2136 τὴν
1137 2075 1358 2149 δύναμιν
1402 2083 1491 2130 καὶ
1548 2086 1775 2150 φανερῶς

169 2167 477 2241 ἀνεχώρησε
498 2185 512 2234 ;
545 2173 686 2221 Διότι
703 2170 812 2221 οὔθ’
835 2169 995 2229 οὕτως
1017 2167 1218 2240 ἔμελλον
1248 2170 1530 2222 πιστεύειν.
1554 2170 1766 2241 Καὶγὰρ

169 2259 220 2311 ἰν
249 2266 319 2328 τῷ
347 2265 514 2331 καιρῷ
544 2265 636 2309 τοῦ
697 2259 902 2319 [Ιάθους
946 2259 1159 2318 ὑπτίους
1191 2257 1303 2326 (73)
1355 2257 1539 2318 αὐτοὺς
1567 2256 1764 2331 ἔῤῥιψε,

168 2353 261 2400 καὶ
290 2351 384 2400 τὰς
405 2347 546 2417 ὄψεις
577 2347 743 2399 αὐτῶν
767 2345 1026 2409 ὶσκότισε,
1069 2352 1158 2398 καὶ
1188 2347 1280 2399 οὐκ
1311 2345 1641 2400 ἐπίστευσαν.
1665 2347 1764 2398 Οὑ-

170 2432 260 2488 δεν
289 2438 388 2508 γὰρ
420 2443 598 2507 χεῖρον
627 2434 816 2507 ψυχῆς
848 2434 1226 2506 ἀπεγνωκυίας.
1284 2433 1390 2488 Κᾶν
1437 2438 1538 2508 γὰρ
1573 2442 1767 2506 σημεῖα

168 2521 288 2598 ἴδη,
316 2523 410 2576 κᾶν
441 2529 649 2599 τέρατα,
679 2529 816 2597 μένει
845 2529 939 2584 τὴν
966 2525 1128 2584 αὐτὴν
1171 2528 1376 2598 ἔχουσα
1403 2524 1556 2577 πάλιν
1584 2523 1766 2576 ἀναισ-

121 2652 126 2654 -
168 2619 412 2686 χυντίαν.

246 2709 345 2756 Καὶ
372 2711 605 2777 παρῆγεν
627 2704 810 2766 οὕτως.
842 2703 1112 2767 Ἐϐάδιζεν
1151 2706 1328 2771 οὕτως,
1363 2709 1434 2778 μὴ
1469 2708 1766 2778 φαινόμενος

164 2792 366 2854 αὐτοῖς.

420 2888 566 2936 ΚΕΦ.
611 2880 662 2937 Γ.
691 2887 813 2956 Περὶ
841 2890 933 2935 τοῦ
973 2883 1028 2937 ἐκ
1064 2893 1268 2955 γενετῆς
1297 2883 1512 2956 τυφλοῦ.

243 2976 343 3024 Καὶ
371 3003 441 3012 -
467 2981 692 3043 γενετῆς.
720 2971 942 3025 Βεϐαιῶν
972 2972 1007 3025 ἃ
1036 2969 1162 3039 εἷπε,
1194 2977 1283 3025 καὶ
1311 2975 1650 3044 πιστούμενος
1685 2974 1763 3024 ὅτι

1883 558 2066 615 ferme
2122 574 2254 614 esse
2304 558 2911 631 quinquagenarium,
2991 562 3233 629 propter
3286 557 3537 614 multam

1882 649 2015 721 ejus
2058 649 2331 720 peritiam
2381 654 2437 704 et
2482 648 2927 720 experientiam.
2999 647 3281 712 Quaedam
3337 654 3538 704 autem

1884 738 2249 809 exemplaria
2317 736 2558 802 habent,
2608 736 3037 809 quadraginta,
3082 735 3259 810 ,quod
3308 735 3540 793 videtur

1882 842 2010 882 esse
2040 827 2252 882 verius.

1952 917 2114 970 Vers.
2194 919 2278 972 58.
2334 915 2506 972 Dixit
2570 945 2640 955 —-
2704 930 2854 969 sum.
2887 917 3199 987 Tanquam
3244 915 3418 969 Deus.
3476 915 3541 970 Et

1881 1019 1996 1060 non
2050 1005 2218 1069 dixit,
2281 1007 2400 1074 Ego
2441 1019 2606 1060 eram
2649 1004 2827 1074 ;sed,
2877 1004 3002 1074 Ego
3027 1019 3175 1072 sum,
3233 1004 3331 1075 qui
3387 1019 3543 1059 sem“

1879 1110 1986 1164 per
2017 1111 2174 1149 sum.
2205 1094 2344 1151 Fieri
2374 1093 2665 1166 siquidem
2696 1093 2778 1149 rei
2810 1098 3021 1149 creatae
3051 1097 3170 1161 est;
3199 1095 3346 1150 Sum
3377 1109 3538 1157 vero,

1878 1183 2155 1239 increatte
2217 1189 2272 1238 et
2299 1189 2531 1239 creatae.

1950 1275 2112 1329 Vers.
2149 1274 2233 1328 59.
2276 1274 2568 1329 Tuler-unt
2604 1305 2667 1314 —-
2699 1288 2847 1329 eum.
2872 1273 3119 1329 Veloces
3184 1271 3260 1328 ad
3291 1271 3536 1329 caedem.

1883 1363 2219 1434 Exasperati
2251 1368 2390 1418 sunt
2443 1363 2602 1418 enim
2651 1367 2929 1432 putantes
2976 1361 3194 1432 injuria
3257 1361 3537 1419 affectum

1880 1468 2012 1507 esse
2070 1452 2373 1509 Abraham
2426 1469 2440 1505 :
2482 1452 2658 1508 simul
2705 1453 2902 1517 etiam,
2962 1451 3063 1508 ubi
3117 1451 3540 1523 cognovissent

1880 1541 2044 1614 quod
2074 1542 2173 1596 Dei
2204 1541 2585 1597 aeternitatem
2620 1541 2732 1596 sibi
2763 1541 3109 1597 vindicaret.

1953 1632 2117 1686 Vers.
2148 1632 2238 1688 59.
2270 1634 2430 1686 Jesus
2469 1638 2663 1686 autem
2687 1632 3017 1688 occultatus
3057 1636 3158 1686 est.
3189 1631 3298 1686 Per
3326 1630 3539 1686 divini-

1880 1722 2013 1778 tatis
2039 1722 2367 1794 potentiam
2397 1721 2706 1777 invisibilis
2759 1722 2844 1776 eis
2878 1720 3144 1777 eﬂ‘ectus.

1805 1831 1847 1886 Β
1952 1812 2116 1866 Vers.
2144 1812 2233 1866 59.
2277 1812 2355 1867 Et
2385 1843 2451 1852 —
2500 1811 2727 1880 templo.
2787 1813 2854 1866 Ut
2910 1809 3147 1866 illorum
3181 1811 3414 1866 sedaret
3447 1809 3535 1866 fu-

1881 1916 2075 1957 rorem
2086 1941 2098 1953 .

1953 1991 2118 2046 Vers.
2145 1995 2230 2047 59.
2265 1989 2664 2047 Pertransiens
2709 2019 2775 2031 --
2803 1990 3064 2046 illorum.
3100 1991 3242 2046 Cum
3275 1988 3356 2045 illi
3397 2005 3534 2045 eum

1879 2080 2078 2136 videre
2121 2096 2240 2135 non
2287 2083 2556 2152 possent.
2621 2081 2686 2134 Et
2726 2095 2913 2151 quare
2944 2094 3066 2134 non
3125 2079 3389 2134 dissolvit
3420 2078 3540 2134 illo-

1877 2186 2013 2225 rum
2043 2169 2341 2235 virtutem,
2375 2175 2432 2224 et
2493 2167 2808 2224 manifeste
2881 2167 3124 2223 recessit
3168 2167 3196 2221 ?
3242 2168 3387 2233 Quia
3429 2183 3538 2223 nec

1879 2259 1964 2314 sic
2011 2259 2289 2314 credituri
2362 2262 2551 2313 erant.
2629 2256 2854 2312 Etenim
2902 2262 3172 2327 tempore
3230 2257 3536 2327 passionis

1876 2349 2126 2421 supinos
2158 2348 2290 2404 illos
2320 2348 2550 2419 dejecit,
2601 2362 2932 2418 eorumque
2995 2352 3266 2417 aspectus
3323 2345 3537 2402 obscu-

1875 2440 2045 2505 ravit,
2091 2445 2146 2495 et
2193 2455 2315 2494 non
2366 2437 2762 2492 crediderunt.
2818 2439 2965 2492 Nam
3021 2435 3224 2492 anima
3275 2435 3536 2507 reproba

1875 2529 2024 2584 nihil
2051 2534 2138 2585 est
2167 2529 2340 2601 pejus
2370 2544 2382 2582 :
2415 2527 2548 2583 licet
2576 2525 2735 2582 enim
2777 2525 2952 2595 signa
2995 2525 3194 2582 videat
3231 2541 3302 2580 ac
3334 2524 3534 2596 prodi-

1875 2619 1989 2688 gia,
2019 2635 2186 2674 suam
2219 2622 2416 2674 tamen
2450 2631 2688 2688 semper
2717 2615 2929 2670 retinet
2957 2613 3424 2686 impudentiam.

1945 2709 2108 2764 Vers.
2146 2709 2214 2764 59
2256 2708 2333 2764 Et
2363 2708 2450 2764 ita
2475 2705 2836 2778 praeteribat.
2879 2703 3248 2760 Ambulabat
3281 2704 3381 2770 ita,
3414 2717 3536 2760 non

1874 2813 2170 2871 apparens
2205 2797 2341 2852 illis.

2231 2888 2383 2944 CAP.
2414 2887 2479 2942 Χ.
2515 2887 2592 2941 De
2619 2901 2754 2940 creco
2783 2901 2822 2940 a
2847 2884 3174 2940 nativitate.

1945 2979 2083 3050 Cap.
2132 2978 2231 3032 IX.
2288 2978 2428 3033 Vers
2466 2981 2512 3030 t.
2564 2976 2640 3030 Et
2684 3005 2753 3014 —
2783 2974 3114 3029 nativitate.
3167 2971 3539 3028 Conﬁrman-

163 3065 292 3122 Θεὸς
341 3059 502 3127 ἔστιν,
560 3061 710 3121 εὐθὺς
739 3063 954 3135 ἔρχεται
1001 3060 1085 3114 ἐπὶ
1139 3063 1314 3133 θαῦμα
1365 3066 1634 3133 μέγιστον,
1674 3065 1762 3112 καὶ

1891 3066 1971 3131 in,
2021 3066 2186 3139 quod
2249 3067 2498 3129 dixerat,
2553 3064 2857 3134 ﬁdemque
2887 3062 3132 3126 faciens,
3171 3061 3336 3134 quod
3381 3061 3536 3116 Deus

161 3156 324 3220 μήπω
407 3155 572 3222 μέχρι
621 3154 736 3202 τότε
789 3154 1076 3221 γενόμενον.
1135 3148 1328 3222 Τυφλοὶ
1375 3154 1464 3222 μὲν
1516 3153 1617 3223 γὰρ
1674 3154 1763 3201 καὶ

161 3238 314 3292 ἄλλοι
371 3237 648 3308 ἀνέϐλεψαν
693 3254 705 3266 ·
748 3237 937 3308 τυφλὸς
991 3235 1050 3290 δὲ
1108 3237 1155 3290 ἐν
1203 3247 1408 3309 γενετῆς
1439 3241 1549 3309 (74)
1589 3234 1762 3298 οὐδεὶς

161 3330 300 3401 ἄχρι
320 3335 453 3381 τότε.
494 3330 580 3380 Διό
609 3331 699 3378 καὶ
726 3324 1014 3396 ἀναϐλέψας
1045 3327 1210 3398 ἔλεγεν
1261 3347 1273 3359 ·
1310 3327 1396 3380 Ἐκ
1426 3335 1517 3379 τοῦ
1575 3328 1763 3387 αἰῶνος

161 3417 256 3471 οὐκ
287 3417 524 3474 ἠκούσθη
551 3417 630 3467 ὅτι
677 3414 848 3478 ἤνοιξε
871 3435 947 3476 τις
985 3415 1277 3488 ὀφθαλμοὺς
1305 3416 1497 3487 τυφλοῦ
1526 3434 1762 3487 γεγεννηο

164 3523 340 3579 μενου.

241 3776 340 3825 Καὶ
398 3802 465 3813 -—
515 3774 734 3845 γεννηθῇ
767 3772 1092 3848 ;Ἐρωτῶσιν
1159 3773 1264 3845 οὐχ
1318 3775 1387 3835 ὡς
1435 3780 1589 3826 τοῦτο
1638 3775 1764 3826 πάν-

165 3880 262 3922 τως
317 3862 346 3920 ἣ
408 3863 567 3914 έκεῖνο
632 3861 1096 3935 ὑπολαμϐάνοντες,
1151 3864 1384 3937 καθάπερ
1439 3865 1488 3915 οἱ
1553 3861 1764 3922 ἀνόητοι

167 3947 418 4004 Ἰουδαῖοι
445 3965 460 3980 ⁸
487 3955 544 4004 τὸ
572 3954 664 4022 μὶν
713 3953 815 4025 γὰρ
874 3951 1121 4024 ἁμαρτεῖν
1172 3956 1270 4026 πρὸ
1331 3959 1423 4005 τοῦ
1453 3955 1764 4024 γεννηθῆναι

166 4037 443 4110 ἀδύνατον,
477 4044 534 4092 τὸ
566 4037 625 4093 δε
649 4043 777 4116 ὑπὲρ
808 4049 908 4092 τῶν
935 4046 1124 4112 γονέων
1168 4041 1485 4102 κολάζεσθαι
1536 4039 1722 4095 ἄδικον
1747 4059 1758 4072 ·

165 4128 270 4182 ἀλλ’
303 4132 446 4182 ἔστιν
479 4131 505 4183 ὁ
533 4134 728 4192 σκοπός
776 4137 868 4183 τοῦ
896 4129 1054 4202 λόγου
1077 4138 1331 4191 τοιοῦτος.
1388 4130 1446 4183 Ὀ
1471 4133 1560 4202 μὲν
1592 4134 1763 4205 παρά-

160 4218 312 4281 λυτος
344 4216 437 4271 διὰ
479 4222 572 4281 τὰς
616 4219 873 4292 ἁμαρτίας
925 4222 1085 4271 αὐτοῦ
1139 4221 1364 4286 ἠσθένει,
1424 4221 1597 4280 καθὼς
1661 4219 1766 4272 ἐκεῖ

162 4310 535 4380 μεμαθήκαμεν
585 4327 600 4342 ο
651 4313 768 4381 περὶ
818 4310 998 4360 τούτου
1041 4305 1098 4361 δὲ
1153 4308 1265 4375 (75l
1305 4313 1358 4360 τί
1410 4308 1573 4379 λέγεις
1615 4324 1628 4375 ;
1679 4312 1764 4368 Τίς

1871 3161 2030 3210 esset
2068 3155 2267 3210 statim
2342 3154 2503 3208 venit
2554 3153 2629 3207 ad
2678 3150 3033 3206 miraculum
3088 3151 3444 3216 maximum,
3479 3155 3537 3206 et

1872 3260 2062 3316 usque
2093 3244 2167 3299 ad
2199 3243 2256 3298 id
2285 3243 2570 3314 temporis
2600 3255 2917 3310 nunquam
2949 3239 3193 3294 factum.
3226 3239 3534 3310 Siquidem

1871 3337 1928 3388 et
1974 3332 2068 3387 alii
2112 3331 2252 3388 caeci
2294 3331 2489 3385 visum
2544 3333 2912 3398 receperunt,
2955 3343 3161 3382 verum
3195 3327 3295 3399 qui
3348 3343 3382 3383 a
3431 3342 3535 3382 na-

1871 3420 2092 3477 tivitate
2146 3437 2339 3476 caecus
2391 3419 2617 3485 fuisset,
2670 3416 2868 3471 nullus
2936 3431 3126 3486 usque
3158 3415 3236 3470 ad
3281 3415 3340 3469 id
3394 3419 3538 3470 tem-

1871 3527 2005 3584 pus.
2039 3510 2177 3565 ldeo
2227 3509 2427 3573 etiam,
2487 3507 2590 3580 qui
2621 3505 2819 3560 visum
2878 3505 2946 3575 (1)
2978 3503 3215 3574 recepit,
3249 3502 3486 3559 dicebat
3517 3503 3533 3546 ε

1871 3601 1918 3656 Α
1953 3599 2166 3655 saeculo
2204 3613 2319 3652 non
2383 3602 2463 3652 est
2504 3596 2798 3658 auditum,
2853 3593 3008 3665 quod
3057 3591 3354 3662 aperuerit
3385 3592 3536 3664 quis-

1869 3689 2030 3759 piam
2064 3689 2255 3744 oculos
2277 3686 2411 3743 caeci
2462 3685 2594 3740 nati
2641 3686 2709 3738 ⁸ο.

1945 3781 2110 3832 Vers.
2185 3781 2237 3831 2.
2296 3776 2375 3832 Et
2422 3781 2748 3830 nasceretur
2795 3773 2823 3829 7
2889 3769 3356 3842 Interrogabant,
3411 3785 3532 3826 non

1873 3867 2037 3939 quod
2088 3866 2200 3922 hoc
2231 3870 2335 3922 aut
2362 3865 2511 3920 illud
2537 3862 2786 3920 omnino
2809 3861 3276 3933 suspicarentur,
3334 3875 3536 3933 quem-

1873 3955 2204 4012 admodum
2272 3954 2619 4025 insipientes
2691 3951 2928 4017 Judaai;
2980 3965 3122 4005 nam
3185 3949 3346 4005 hunc
3403 3965 3537 4020 pec-

1873 4059 2061 4108 casse,
2135 4048 2462 4115 antequam
2520 4047 2698 4097 natus
2767 4043 2939 4104 esset,
2991 4037 3365 4109 impossibile
3413 4042 3536 4093 erat

1874 4149 2052 4204 porro
2078 4148 2184 4204 pro
2230 4131 2581 4203 parentibus
2649 4129 2848 4201 puniri
2880 4128 3168 4197 injustum
3210 4142 3224 4190 ;
3267 4126 3368 4181 sed
3401 4126 3534 4182 ﬁnis

1874 4221 2169 4277 sermonis
2223 4220 2350 4276 talis
2408 4225 2515 4274 est.
2569 4217 2934 4288 Paralyticus
2991 4215 3236 4286 quidem
3294 4219 3536 4286 propter

1873 4313 2121 4380 peccata
2160 4325 2268 4364 sua
2315 4307 2668 4372 aegrotabat.
2728 4305 2878 4360 sicut
2917 4303 2996 4358 ibi
3042 4302 3364 4357 didicimus
3402 4317 3414 4357 :
3460 4302 3533 4356 de

165 4399 412 4469 ἥμαρτεν,
469 4395 614 4455 οὗτος
652 4395 682 4454 ἢ
735 4397 782 4447 οἱ
826 4403 995 4466 γονεῖς
1061 4395 1218 4446 αὐτοῦ
1275 4397 1468 4467 ;ημείς
1499 4397 1600 4468 γὰρ
1648 4396 1763 4447 οὔτε

1891 4415 1988 4453 ioc
2021 4403 2240 4459 autem.
2311 4395 2453 4454 quid
2515 4394 2664 4449 dicis
2713 4393 2740 4448 ?
2786 4395 2924 4461 Quis
2969 4392 3250 4459 peccavit,
3309 4389 3426 4454 hic,
3457 4405 3531 4447 an

161 4489 316 4535 τοῦτο
337 4486 454 4535 όῦτε
483 4482 641 4536 έκεῖνο
673 4479 941 4556 δυνάμεθα
978 4482 1160 4554 λέγειν,
1196 4483 1448 4544 παντελῶς
1480 4482 1764 4557 ἐξαπορού-

162 4590 326 4646 μενοι.

234 4758 284 4795 ⁸ο
302 4758 476 4815 Joan.
507 4773 586 4827 ix,
620 4759 706 4814 32.

1869 4493 2140 4557 parentes
2171 4488 2296 4556 ejus
2335 4484 2363 4539 ‘?
2413 4500 2524 4540 nos
2555 4483 2716 4538 enim
2745 4496 2938 4553 neque
2977 4479 3108 4543 hoc.
3163 4494 3358 4550 neque
3388 4478 3534 4534 illud

1873 4574 2066 4631 dicere
2118 4590 2463 4646 possumus,
2514 4571 2764 4628 omnino
2795 4568 3125 4626 conturbati
3157 4566 3531 4640 consilioque

1873 4663 2156 4720 destituti.

1367 4858 1590 4927 Variae
1620 4859 1950 4928 lectiones
1984 4870 2048 4928 et
2090 4867 2291 4929 notae.

230 5003 282 5072 (Ἰ
297 5003 340 5070 t)
363 5000 595 5057 Scilicet
623 4999 1056 5073 Chrysostomi,
1081 5000 1185 5073 qui
1206 5000 1490 5057 audacter
1517 5003 1598 5058 ita
1627 5017 1750 5058 cor-

230 5017 277 5072 (ε
297 5017 313 5056 ι
324 5017 340 5070 )
363 5017 595 5057 δοιιιοει
623 5017 1056 5127 υητῧςοειοωι,
1081 5017 1185 5073 qui
1206 5017 1490 5057 audacter
1517 5017 1598 5058 ita
1627 5017 1750 5058 cor-

160 5073 342 5154 rexit._
375 5073 517 5129 Vide
558 5077 700 5128 tom.
785 5073 1215 5154 l‘l'l,.pag.__32li.
1258 5073 1754 5154 Chrysostomum

160 5088 323 5154 rent.
381 5088 517 5129 Viae
558 5088 700 5128 tom.
741 5088 1046 5199 vna-gag.
1085 5088 1215 5128 324.
1258 5088 1752 5154 unrysostomum

158 5147 424 5224 sequitur
442 5159 606 5226 unus
622 5160 693 5200 ex
710 5143 896 5226 codici
951 5161 1018 5226 us
1044 5143 1500 5226 Mosquensrbus
1523 5145 1752 5226 N.Te_s_t.

161 5228 216 5277 κ.
239 5215 340 5285 qui
374 5219 461 5269 est
483 5231 615 5270 cum
661 5215 924 5270 scholiis.
967 5215 1270 5283 Origenes,
1325 5215 1428 5288 qui
1459 5221 1606 5272 tom.
1650 5218 1752 5282 XX,

158 5285 217 5340 in
240 5286 530 5366 Joannem,
561 5285 690 5342 hinc
719 5288 861 5366 data
896 5301 1080 5366 opera
1132 5288 1569 5366 interpretatur,
1592 5288 1756 5344 hunc

159 5372 397 5428 versum
456 5363 645 5412 totum
709 5359 1108 5428 praetermisit.
1155 5363 1481 5416 Πεντήκοντα
1515 5365 1756 5414 servant

158 5426 355 5498 Cyrill.
391 5434 428 5483 t.
453 5429 569 5502 _lV,
605 5444 661 5499 p.
697 5426 797 5484 585
825 5430 884 5482 C.
921 5431 1394 5502 ;7Theophylact.
1433 5447 1489 5502 p.
1531 5432 1636 5502 690
1671 5433 1708 5485 E
1740 5447 1752 5495 ;

202 5515 410 5574 everus
448 5500 508 5554 in
540 5501 762 5556 Catena
815 5501 1095 5568 Corderii,
1137 5500 1196 5574 p.
1219 5500 1330 5558 ’243
1382 5520 1396 5571 ;
1432 5500 1488 5558 et
1516 5501 1753 5558 codices

201 5571 530 5628 robatiores
560 5586 786 5628 omnes.

229 5749 308 5820 (j)
341 5748 451 5820 Qui
481 5748 688 5806 visum.
725 5750 889 5806 Forte
920 5749 1084 5822 legit,
1116 5745 1201 5806 διὸ
1241 5755 1328 5803 καὶ
1357 5751 1382 5804 ὁ
1436 5749 1749 5829 ἀναϐλέψας.

1932 5004 2045 5076 (72)
2078 5003 2314 5076 Inclusa
2344 5001 2589 5076 absunt
2619 5003 2686 5057 Α.
2721 5003 2976 5076 Κτίστης,
3008 4995 3319 5070 quomodo
3349 4997 3529 5076 etiam

1867 5071 2208 5131 Eustathius
2244 5073 2457 5137 scribit,
2489 5074 2595 5146 qui
2652 5089 2791 5129 cum
2851 5075 3036 5146 κτίτης
3062 5071 3394 5140 comparat.
3418 5085 3528 5146 pro

1866 5147 2230 5202 substantivo
2265 5140 2526 5219 accipio,"
2570 5160 2708 5210 non,
2775 5148 2835 5199 ut
2886 5143 3195 5214 interpres,
3229 5155 3337 5210 pro
3368 5140 3529 5198 adie-

1867 5220 2046 5274 ctivo.

1961 5290 2050 5362 73)
2070 5291 2089 5345 Ι
2098 5294 2153 5345 ta
2179 5287 2341 5359 pleru
2353 5303 2530 5360 mque
2545 5287 3006 5358 Chrysostomus
3024 5289 3280 5347 oratorie
3298 5288 3526 5352 laudat,

1863 5361 2035 5415 Joan.
2071 5377 2229 5415 xvm.
2262 5364 2314 5423 6,
2338 5364 2521 5414 ἔπεσον
2552 5365 2751 5432 χαμαί.

1934 5432 2325 5497 (74)Γεννητῆς.

1939 5502 2052 5572 (75)
2075 5506 2135 5555 Δὶ
2165 5503 2336 5560 abest
2376 5510 2440 5556 A.
