4098 6450
169 337 198 394 1
209 336 324 395 305

1267 335 1612 394 COMMENT
1652 337 1721 394 IN
1759 336 2108 394 JOANNEM.
2151 368 2220 380 —-
2257 339 2413 393 CAP.
2457 335 2554 394 IX.

3407 338 3547 395 1306

251 469 356 518 Καὶ
386 496 454 504 -
482 462 711 536 ἑώρακας
737 479 751 530 ;
777 462 964 536 ’ῼοντο
991 463 1093 536 γὰρ
1124 462 1276 516 αὐτόν
1307 462 1462 535 ἐγγὺς
1490 461 1618 516 εἶναι
1657 483 1767 516 πεν-

1959 463 2123 518 Vers.
2157 465 2245 518 57.
2273 463 2446 517 Ει-
2495 462 2695 518 vidisti
2747 459 2776 517 7
2829 460 3126 518 Putabant
3187 461 3346 518 enim
3404 478 3543 518 eum

169 559 408 612 τήκοντα
457 552 579 605 ἑτῶν
629 550 724 605 διὰ
773 557 866 610 τὴν
922 553 1258 625 πολυπειρίαν
1314 553 1494 607 αὐτοῦ.
1541 555 1670 606 Τινὰ
1719 548 1777 605 δὲ

171 652 277 695 τῶν
333 644 445 714 (71)
499 642 824 716 ἀντιγράφων
863 644 1257 715 τεσσαράκοντα
1297 643 1609 717 γράφουσιν,
1652 643 1776 714 ὅπερ

173 729 328 785 δοκεῖ
355 731 734 806 ἀκριϐέστερον.

249 907 403 963 Εἶπεν
456 941 523 950 -
579 909 703 972 εἰμι.
753 910 842 972 Ὠς
907 913 1056 972 Θεός.
1113 915 1212 964 Καὶ
1269 909 1364 962 οὐκ
1421 905 1579 976 εἶπεν,
1642 907 1777 979 Ἐγὼ

172 1001 341 1071 ἤμην,
419 997 524 1051 ἀλλ’
586 1000 716 1070 Ἐγώ
768 999 876 1072 εἰμι
917 1001 943 1052 ό
1004 998 1082 1052 ἀεὶ
1144 1003 1230 1050 ὧν.
1263 1002 1333 1051 Τό
1359 1001 1448 1064 μὲν
1497 995 1585 1050 οὖν
1642 1001 1778 1068 γενέ-

175 1090 308 1140 σθαι
368 1092 718 1142 κτιστοῠ’τό
813 1085 872 1141 δὲ
935 1088 1056 1161 Εἰμὶ
1136 1087 1386 1140 ἀκτίστου
1435 1089 1454 1159 [
1509 1091 1598 1140 καὶ
1660 1087 1776 1158 (72)

171 1183 397 1230 κτίστου

249 1267 417 1343 Ἦραν
455 1295 510 1308 --
559 1266 736 1318 αὐτόν.
795 1269 860 1320 Οἱ
894 1273 1076 1338 ταχεῖς
1116 1270 1244 1340 πρὸς
1273 1271 1419 1338 φόνον
1450 1287 1463 1299 ο
1493 1265 1774 1340 Ἠγρίαναν

173 1359 280 1429 γὰρ
331 1353 575 1420 δόξαντες
625 1355 942 1428 ὑϐρισθῆναι
983 1360 1070 1408 τόν
1129 1355 1366 1431 ’Λϐραὰμ
1409 1373 1420 1384 ·
1456 1356 1566 1427 ἅμα
1595 1352 1653 1408 δὲ
1685 1360 1775 1408 καὶ

172 1451 384 1517 γνόντες
413 1447 492 1499 ὅτι
523 1441 802 1504 ἀιδιότητα
840 1453 972 1499 Θεοῦ
997 1447 1326 1518 περιτίθησιν
1352 1445 1535 1515 ἑαυτῷ.

250 1624 459 1685 Ἰησοῦς
516 1621 575 1677 δὲ
622 1623 838 1698 ἐκρύϐη.
884 1625 1134 1698 Ἀόρατος
1191 1623 1369 1685 αὐτοῖς
1429 1627 1653 1682 κατέστη
1707 1631 1769 1695 τῆ

173 1713 393 1786 ἐξουσίᾳ
422 1722 514 1774 τῆς
553 1715 812 1774 θεότητος.

251 1807 352 1856 Καὶ
386 1806 545 1878 ἱεροῦ.
570 1809 682 1856 Ἵνα
709 1801 1012 1861 κατασταλῆ
1047 1804 1072 1854 ό
1107 1804 1270 1875 θυμός
1297 1802 1486 1856 αὐτῶν.

247 1980 464 2034 Διελθών
493 2013 562 2021 -
591 1981 781 2034 αὐτῶν.
835 1987 922 2040 Μὴ
967 1981 1266 2052 ἰσχυόντων
1298 1977 1426 2034 ἰδεῖν
1467 1981 1639 2036 αὐτόν.
1677 1987 1773 2038 Καὶ

171 2069 325 2124 διατί
377 2071 470 2122 οὐκ
528 2069 759 2134 ἆξίλυσεν
790 2070 957 2123 αὐτῶν
997 2075 1090 2128 τὴν
1141 2067 1362 2142 δύναμιν
1405 2075 1495 2123 καὶ
1552 2079 1779 2143 φανερῶς

171 2159 482 2233 ἀνεχώρησε
503 2177 516 2226 ;
549 2165 691 2213 Διότι
707 2161 816 2213 οὗθ’
839 2161 999 2221 οὕτως
1021 2159 1222 2232 ἔμελλον
1252 2163 1534 2214 πιστεύειν.
1559 2163 1770 2234 Καὶγὰρ

171 2251 224 2303 ἓν
253 2258 323 2320 τῷ
352 2257 518 2323 καιρῷ
548 2257 640 2301 τοῦ
701 2251 906 2310 Πάθους
951 2252 1163 2310 ὑπτίους
1195 2249 1307 2318 (73)
1359 2249 1543 2310 αὐτοὺς
1572 2249 1767 2324 ξόῥιψε,

169 2345 265 2392 καὶ
295 2342 388 2391 τὰς
410 2338 550 2409 ὄψεις
581 2338 748 2391 αὐτῶν
771 2337 1030 2401 ίσκότισε,
1073 2344 1162 2390 καὶ
1192 2339 1285 2391 οὐκ
1315 2337 1645 2393 ὶπίστευσαν.
1669 2339 1768 2391 Οὖο

171 2424 263 2479 δεν
293 2429 392 2500 γὰρ
424 2434 602 2499 χεῖρον
631 2425 820 2498 ψυχῆς
853 2425 1230 2498 ἀπεγνωκυίας.
1287 2425 1394 2480 Κᾶν
1441 2430 1542 2501 γὰρ
1577 2434 1771 2498 σημεῖα

166 2513 292 2589 ἴδη,
320 2515 414 2568 κᾶν
445 2521 654 2591 τέρατα,
684 2521 820 2589 μένει
849 2521 943 2575 τὴν
970 2517 1131 2575 αὐτὴν
1175 2520 1380 2590 ἔχουσα
1407 2516 1560 2570 πάλιν
1589 2515 1770 2569 ἀναισ-

127 2644 134 2646 -
163 2611 416 2680 χυντίαν.

250 2701 349 2749 Καὶ
377 2703 609 2769 παρῆγεν
631 2696 814 2758 οὕτως.
845 2695 1116 2759 Ἐϐάδιζεν
1155 2698 1332 2763 οὕτως,
1367 2701 1439 2770 μὴ
1473 2700 1770 2770 φαινόμενος

161 2784 370 2846 αὐτοῖς.

425 2879 570 2928 ΚΕΦ.
614 2871 666 2929 ι’.
695 2879 818 2948 Περὶ
845 2882 936 2927 τοῦ
976 2874 1032 2928 ίκ
1068 2885 1272 2947 γενετῆς
1301 2875 1516 2948 τυφλοῦ.

246 2967 346 3016 Καὶ
375 2995 445 3003 -
471 2973 696 3034 γενετῆς.
724 2963 946 3016 Βεϐαιῶν
975 2963 1010 3016 ἁ
1039 2961 1166 3030 εἷπε,
1198 2970 1287 3017 καὶ
1315 2967 1655 3037 πιστούμενος
1688 2967 1767 3016 ότι

1887 550 2071 608 ferme
2127 566 2260 607 esse
2309 551 2916 624 quinquagenarium,
2996 555 3238 622 propter
3290 551 3542 607 multam

1887 642 2020 714 ejus
2063 642 2336 713 peritiam
2386 647 2442 697 et
2487 641 2932 713 experientiam.
3003 639 3286 706 Quendam
3342 646 3543 696 autem

1888 730 2254 802 exemplaria.
2322 729 2562 796 habent,
2612 729 3042 802 quadraginta,
3087 729 3264 802 .quod
3313 729 3545 786 videtur

1887 835 2014 876 esse
2045 820 2256 875 verius.

1958 909 2118 963 Vers.
2199 913 2283 965 58.
2338 908 2511 965 Dixit
2575 939 2645 948 -——
2709 910 3203 980 sum.Tanquam
3249 908 3423 962 Deus.
3481 908 3546 964 Et

1885 1012 2001 1053 non
2055 998 2222 1062 dixit,
2285 1000 2405 1067 Ego
2447 1013 2611 1053 eram
2653 997 2831 1068 gsed,
2881 997 3007 1068 Ego
3031 1012 3180 1065 sum,
3237 997 3336 1068 qui
3391 1013 3548 1052 sem-

1884 1103 1991 1158 per
2021 1104 2178 1142 sum.
2210 1088 2349 1144 Fieri
2379 1087 2670 1159 siquidem
2701 1087 2783 1143 rei
2814 1091 3025 1142 creatae
3055 1090 3174 1154 est;
3205 1088 3350 1143 Sum
3381 1102 3542 1150 vero,

1883 1176 2160 1233 increatre
2221 1181 2277 1232 et
2304 1182 2535 1233 creatas.

1955 1268 2117 1322 Vers.
2153 1267 2238 1322 59.
2281 1267 2572 1322 Tuler-unt
2608 1298 2670 1307 —
2704 1281 2851 1322 eum.
2877 1266 3124 1322 Veloces
3188 1265 3265 1322 ad
3296 1265 3540 1322 caedem.

1885 1356 2224 1426 Exasperati
2257 1361 2395 1411 sunt
2447 1355 2606 1411 enim
2655 1361 2934 1425 putantes
2981 1355 3199 1425 injuria
3262 1354 3541 1412 affectum

1885 1461 2017 1500 esse
2074 1445 2378 1502 Abraham
2431 1463 2444 1498 :
2487 1445 2662 1500 simul
2710 1445 2906 1510 etiam,
2966 1445 3067 1501 ubi
3121 1445 3544 1516 cognovissent

1884 1534 2048 1607 quod
2079 1535 2177 1589 Dei
2209 1534 2589 1590 aeternitatem
2624 1534 2735 1589 sibi
2767 1534 3113 1590 vindicaret.

1956 1625 2122 1680 Vers.
2153 1625 2243 1681 59.
2275 1626 2434 1679 Jesus
2474 1630 2667 1679 autem
2691 1625 3020 1680 occultatus
3061 1630 3162 1679 est.
3193 1624 3302 1678 Per
3331 1623 3543 1680 divini-

1884 1715 2018 1772 tatis
2042 1715 2371 1787 potentiam
2402 1714 2710 1770 invisibilis
2763 1715 2848 1770 eis
2882 1713 3149 1770 effectus.

1810 1823 1851 1878 Β
1956 1805 2121 1859 Vers.
2149 1805 2237 1859 59.
2281 1805 2360 1860 Et
2389 1835 2456 1844 —
2505 1803 2732 1872 templo.
2791 1806 2859 1859 Ut
2914 1802 3151 1858 illorum
3185 1803 3418 1859 sedaret
3451 1803 3538 1858 fu-

1885 1909 2080 1950 rorem
2090 1934 2102 1946 .

1957 1983 2121 2039 Vers.
2149 1988 2234 2039 59.
2269 1982 2668 2040 Pertransiens
2713 2012 2779 2023 —
2807 1982 3068 2038 illorum.
3104 1983 3246 2038 Cum
3279 1981 3360 2038 illi
3401 1998 3538 2038 eum

1883 2073 2083 2129 videre
2126 2089 2245 2128 non
2291 2076 2560 2144 possent.
2625 2074 2690 2126 Et
2731 2087 2917 2143 quare
2949 2087 3070 2126 non
3129 2071 3393 2127 dissolvit
3424 2071 3544 2126 illo-

1880 2178 2017 2218 rum
2047 2162 2345 2227 virtutem,
2379 2167 2436 2217 et
2496 2160 2812 2216 manifeste
2886 2160 3128 2216 recessit
3172 2160 3200 2214 ?
3246 2161 3390 2226 Quia
3433 2176 3542 2216 nec

1883 2251 1967 2307 sic
2015 2251 2293 2306 credituri
2366 2255 2554 2306 erant.
2634 2249 2858 2304 Etenim
2906 2254 3176 2320 tempore
3234 2250 3540 2320 passionis

1880 2342 2130 2414 supinos
2162 2341 2294 2397 illos
2323 2341 2554 2412 dejecit,
2605 2355 2936 2410 eorumque
2999 2345 3270 2410 aspectus
3327 2338 3542 2395 obscu-

1878 2433 2049 2498 ravit,
2095 2438 2150 2488 et
2197 2447 2319 2487 non
2369 2430 2767 2485 crediderunt.
2822 2432 2970 2484 Nam
3026 2428 3228 2484 anima
3279 2428 3540 2500 reproba

1879 2521 2028 2577 nihil
2055 2527 2140 2577 est
2169 2522 2344 2594 pejus
2374 2537 2386 2575 :
2419 2519 2552 2576 licet
2580 2518 2739 2575 enim
2781 2518 2956 2588 signa
2999 2518 3198 2574 videat
3235 2534 3306 2573 ac
3338 2517 3539 2589 prodi-

1878 2611 1992 2681 gia,
2023 2627 2190 2666 suam
2222 2614 2420 2666 tamen
2454 2623 2692 2680 semper
2720 2607 2933 2663 retinet
2961 2606 3428 2679 impudentiam.

1948 2702 2112 2757 Vers.
2149 2701 2218 2757 59
2259 2701 2337 2756 Et
2367 2701 2454 2756 ita
2479 2698 2840 2770 prateribat.
2884 2696 3252 2753 Ambulabat
3286 2697 3385 2763 ita,
3417 2711 3540 2752 non

1878 2807 2173 2864 apparens
2208 2789 2344 2846 illis.

2235 2881 2386 2936 CAP.
2418 2880 2482 2934 X.
2518 2880 2596 2934 De
2623 2894 2758 2934 cruce
2787 2894 2826 2932 a
2851 2877 3178 2933 nativitate.

1948 2972 2087 3043 Cap.
2136 2971 2234 3025 IX.
2291 2971 2432 3025 Vers
2470 2975 2516 3023 t.
2568 2969 2644 3024 Et
2687 2997 2757 3008 -—
2787 2967 3118 3022 nativitate.
3171 2963 3543 3020 Conﬁrman-

158 3056 296 3113 Θεὸς
344 3051 506 3118 ἔστιν,
564 3052 714 3112 εὐθὺς
744 3055 958 3126 ἔρχεται
1005 3052 1088 3106 ἐπὶ
1143 3055 1318 3125 θαῦμα
1369 3058 1637 3125 μέγιστον,
1677 3058 1766 3104 καὶ

1895 3059 1974 3124 in,
2024 3059 2189 3132 quod
2253 3059 2502 3122 dixerat,
2557 3057 2861 3128 ﬁdemque
2891 3055 3135 3119 faciens,
3175 3055 3340 3126 quod
3385 3054 3540 3110 Deus

157 3147 327 3211 μήπω
411 3145 576 3213 μέχρι
625 3146 740 3194 τότε
793 3146 1080 3213 γενόμενον.
1139 3140 1333 3214 Τυφλοὶ
1380 3145 1468 3214 μὲν
1520 3146 1621 3216 γὰρ
1678 3146 1766 3193 καὶ

157 3230 317 3283 ἄλλοι
375 3229 652 3300 ἀνέϐλεψαν
697 3245 709 3258 ·
753 3229 941 3300 τυφλός
995 3226 1054 3282 δε
1112 3229 1160 3282 ἐν
1207 3240 1413 3301 γενετῆς
1444 3233 1553 3301 (74)
1593 3227 1765 3291 οὐδεὶς

161 3322 303 3393 ἄχρι
323 3326 457 3373 τότε.
497 3321 584 3371 Διό
613 3323 704 3370 καὶ
730 3316 1018 3388 ἀναϐλέψας
1049 3319 1214 3390 ἔλεγεν
1265 3339 1278 3351 ο
1314 3320 1400 3372 Ἐκ
1431 3328 1521 3371 τοῦ
1579 3320 1767 3380 αἰῶνος

164 3410 261 3463 οὐκ
290 3409 528 3466 ἠκούσθη
555 3409 634 3459 ὅτι
681 3406 852 3470 ἤνοιξε
875 3427 951 3468 τις
989 3407 1282 3480 ὀφθαλμοὺς
1309 3409 1502 3480 τυφλοῦ
1530 3427 1765 3479 γεγεννη-

167 3515 344 3571 μενου.

246 3768 344 3816 Καὶ
401 3794 468 3805 -
518 3766 738 3837 γεννηθῇ
771 3764 1097 3840 ;Ἐρωτῶσιν
1163 3766 1268 3837 οὐχ
1322 3767 1391 3827 ὡς
1439 3772 1592 3819 τοῦτο
1641 3767 1768 3819 πάν-

169 3872 266 3914 τως
321 3854 350 3912 ἧ
412 3855 570 3906 ἐκεῖνο
635 3853 1100 3928 ὑπολαμϐάνοντες,
1156 3856 1388 3929 καθάπερ
1443 3857 1492 3907 οἱ
1556 3853 1767 3914 ἀνόητοι

171 3939 422 3996 Ἰουδαῖοι
449 3957 463 3972 ⁸
490 3947 547 3996 τό
576 3946 668 4014 μὶν
717 3945 819 4017 γὰρ
877 3943 1125 4017 ἁμαρτεῖν
1176 3948 1274 4018 πρὸ
1335 3952 1427 3997 τοῦ
1456 3947 1767 4016 γεννηθῆναι

171 4028 447 4101 ἀδύνατον,
480 4036 537 4084 τό
570 4029 628 4085 δὲ
653 4035 780 4108 ὑπερ
812 4042 912 4084 τῶν
939 4038 1128 4104 γονέων
1172 4033 1488 4095 κολάζεσθαι
1539 4031 1725 4087 ἄδικον
1750 4051 1762 4065 ·

169 4119 274 4173 ἀλλ’
306 4124 449 4174 ἔστιν
483 4123 509 4174 ό
536 4126 732 4184 σκοπὸς
779 4129 871 4175 τοῦ
900 4121 1058 4194 λόγου
1081 4131 1335 4183 τοιοῦτος.
1391 4122 1450 4175 Ὀ
1474 4126 1563 4195 μὲν
1595 4126 1766 4197 παρά-

165 4210 316 4272 λυτος
348 4207 441 4263 διὰ
483 4214 575 4273 τὰς
620 4211 876 4284 ἁμαρτίας
928 4213 1089 4263 αὐτοῦ
1143 4213 1368 4279 ἠσθένει,
1427 4214 1600 4272 καθὼς
1665 4211 1770 4264 ἐκεῖ

167 4301 538 4373 μεμαθήκαμεν
589 4319 604 4334 ο
654 4305 772 4373 περὶ
822 4302 1002 4352 τούτου
1044 4296 1102 4352 δὲ
1157 4300 1268 4367 (³75)
1308 4305 1361 4351 τί
1413 4300 1576 4371 λέγεις
1618 4317 1632 4367 ;
1683 4305 1767 4361 Τίς

1875 3154 2033 3203 esset
2072 3148 2270 3202 statim
2345 3147 2507 3202 venit
2558 3146 2633 3200 ad
2682 3143 3038 3200 miraculum
3092 3144 3448 3208 maximum,
3483 3148 3541 3198 et

1876 3253 2066 3308 usque
2097 3237 2170 3292 ad
2202 3236 2260 3290 id
2289 3236 2574 3307 temporis
2604 3248 2921 3303 nunquam
2954 3231 3196 3287 factum.
3230 3232 3538 3303 Siquidem

1875 3330 1932 3380 et
1977 3325 2073 3380 alii
2115 3324 2255 3380 eieci
2297 3323 2492 3378 visum
2548 3326 2915 3391 receperunt,
2958 3335 3164 3375 verum
3198 3320 3299 3392 qui
3351 3336 3385 3376 a
3433 3334 3539 3375 na-

1875 3413 2096 3469 tivitate
2149 3429 2342 3469 oecus
2395 3412 2620 3478 fuisset,
2673 3409 2872 3464 nullus
2940 3423 3130 3480 usque
3161 3408 3238 3463 ad
3285 3407 3344 3462 id
3398 3411 3542 3463 tem-

1875 3519 2008 3576 pus.
2044 3502 2180 3558 ldeo
2231 3501 2430 3566 etiam,
2491 3500 2593 3572 qui
2625 3499 2822 3554 visum
2881 3498 2950 3568 (j)
2981 3496 3218 3568 recepit,
3253 3495 3490 3552 dicebat
3521 3496 3536 3539 ἓ

1874 3594 1922 3648 Α
1956 3592 2169 3648 sarculo
2207 3605 2322 3644 non
2386 3595 2467 3646 est
2508 3589 2801 3651 auditum,
2856 3586 3012 3658 quod
3061 3584 3358 3655 aperuerit
3389 3585 3540 3657 quis-

1873 3682 2033 3752 piam
2068 3681 2258 3736 oculos
2281 3679 2414 3736 caci
2465 3678 2598 3733 nati
2645 3679 2713 3730 ⁸ο.

1948 3773 2114 3825 Vers.
2189 3773 2241 3824 2.
2300 3769 2379 3825 Et
2426 3773 2752 3823 nasceretur
2798 3766 2827 3822 ?
2892 3763 3360 3835 Interrogabant,
3415 3779 3536 3820 non

1877 3860 2041 3931 quod
2092 3859 2204 3914 hoc
2235 3863 2338 3914 aut
2366 3857 2515 3913 illud
2541 3855 2790 3912 omnino
2812 3853 3278 3926 suspicarentur,
3337 3869 3539 3926 quem-

1876 3947 2208 4004 admodum
2275 3946 2623 4018 insipientes
2694 3943 2932 4010 Judaai;
2983 3958 3126 3998 nam
3188 3941 3349 3998 hunc
3406 3958 3541 4013 pec-

1877 4051 2064 4100 casse,
2139 4040 2465 4108 antequam
2524 4039 2701 4090 natus
2771 4036 2942 4097 esset,
2995 4031 3368 4102 impossibile
3416 4035 3540 4086 erat

1877 4141 2056 4198 porro
2081 4141 2188 4196 pro
2233 4124 2584 4195 parentibus
2653 4121 2851 4194 puniri
2883 4121 3172 4190 injustum
3213 4135 3227 4183 ;
3271 4119 3371 4174 sed
3404 4119 3538 4174 ﬁnis

1877 4214 2172 4269 sermonis
2226 4211 2354 4268 talis
2411 4217 2518 4267 est.
2573 4210 2937 4280 Paralyticus
2995 4207 3239 4279 quidem
3297 4211 3539 4279 propter

1876 4306 2124 4373 peccata
2163 4317 2272 4356 sua
2319 4299 2671 4367 aegrotabat.
2732 4299 2881 4352 sicut
2920 4296 3000 4351 ibi
3045 4295 3367 4350 didicimus
3405 4310 3418 4350 :
3463 4295 3536 4349 de

171 4389 415 4461 ἧμαρτεν,
473 4387 618 4447 οὗτος
655 4387 685 4445 ἣ
737 4389 786 4439 οἰ
829 4395 998 4459 γονεῖς
1065 4387 1222 4438 αὐτοῦ
1279 4389 1472 4458 ςὴμεῖς
1502 4389 1603 4461 γὰρ
1651 4389 1767 4440 οὔτε

1895 4407 1992 4445 10c
2024 4395 2243 4450 autem.
2315 4388 2457 4446 quid
2519 4387 2668 4442 dicis
2716 4385 2744 4440 7
2790 4387 2926 4453 Quis
2973 4385 3253 4452 peccavit,
3312 4382 3429 4447 hic,
3460 4398 3533 4440 an

167 4481 320 4527 τοῦτο
341 4478 458 4527 όῦτε
487 4473 644 4527 ἐκεῖνο
676 4471 945 4548 δυνάμεθα
981 4474 1164 4546 λέγειν,
1200 4475 1452 4536 παντελῶς
1483 4474 1768 4550 ἐξαπορού-

169 4582 330 4637 μενοι.

240 4750 288 4786 ⁸ο
306 4750 480 4806 Joan.
510 4765 589 4819 ιι,
623 4750 709 4806 32.

1872 4485 2142 4549 parentes
2174 4480 2299 4548 ejus
2338 4476 2367 4532 ?
2416 4492 2527 4532 nos
2559 4476 2718 4531 enim
2748 4489 2942 4545 neque
2981 4472 3112 4535 hoc.
3167 4486 3362 4543 neque
3392 4471 3538 4527 illud

1877 4567 2070 4623 dicere
2122 4582 2466 4639 possumus,
2517 4564 2768 4620 omnino
2798 4560 3128 4619 conturbati
3159 4559 3534 4633 consilioque

1876 4655 2158 4713 destituti.

1370 4851 1594 4920 Variae
1623 4851 1953 4921 lectiones
1987 4863 2051 4921 et
2092 4860 2294 4922 notae.

236 4994 345 5064 (Ἠ)
367 4992 598 5048 Scilicet
626 4991 1060 5064 Chrysostomi,
1085 4993 1188 5065 qui
1209 4993 1493 5050 audacter
1520 4995 1601 5051 ita
1630 5009 1754 5050 cor-

167 5065 328 5137 rexit.
378 5065 520 5121 Vide
562 5068 704 5120 tom.
736 5065 878 5137 Vill,
910 5080 1050 5137 pag.
1083 5068 1218 5137 3'24.
1261 5066 1758 5137 Chrysostomum

167 5080 328 5120 rem.
385 5080 520 5121 Viae
562 5080 704 5120 tom.
744 5080 878 5129 Vlll,
909 5080 1050 5191 ἕεις.
1089 5080 1218 5121 324.
1261 5080 1756 5137 unrysostomum

165 5135 428 5216 sequitur
446 5151 608 5218 unus
625 5151 696 5192 ex
713 5135 900 5218 codici
955 5153 1022 5218 uAs
1048 5136 1503 5218 Mosquens'rbus
1527 5138 1756 5218 N.Te_s_t.

168 5219 223 5270 ᾳ.
245 5207 344 5277 qui
378 5211 464 5261 est
487 5223 618 5261 cum
663 5207 928 5262 scholiis.
971 5207 1274 5275 Origenes,
1328 5207 1431 5280 qui
1462 5213 1610 5264 tom.
1653 5211 1755 5274 XX,

166 5277 224 5331 in
246 5277 533 5358 Joannem
564 5277 693 5334 haec
722 5280 864 5358 data
899 5294 1083 5358 opera
1135 5279 1572 5358 interpretatur,
1595 5280 1759 5336 hunc

167 5364 401 5420 versum
459 5355 648 5404 totum
712 5351 1111 5420 praetermisit.
1158 5356 1484 5408 Πεντήκοντα
1518 5357 1759 5406 servant

167 5418 358 5491 Cyrill.
395 5426 430 5475 t.
456 5420 579 5494 νιν.
609 5436 664 5491 p.
699 5418 800 5476 585
829 5422 888 5474 C.
925 5422 1397 5494 ;7Theophylact.
1437 5438 1492 5494 p.
1534 5424 1639 5494 690
1674 5425 1712 5477 E
1743 5439 1756 5488 ;

167 5507 413 5620 geverus
451 5492 511 5546 in
543 5493 766 5548 Catena
818 5493 1098 5560 Corderii,
1139 5492 1200 5566 p.
1223 5492 1333 5549 ⁷243
1385 5512 1399 5562 ;
1435 5492 1491 5550 et
1519 5493 1756 5551 codices

207 5564 534 5619 robatiores
563 5578 789 5620 omnes.

207 5563 534 5619 robatiores
563 5578 789 5620 omnes.

235 5741 310 5812 (1')
343 5740 454 5811 Qui
483 5740 692 5798 visum.
728 5742 892 5798 Forte
923 5741 1087 5813 legit,
1119 5738 1204 5798 διὸ
1243 5747 1332 5795 καὶ
1361 5743 1386 5795 ὁ
1439 5741 1752 5820 ἀναϐλέψας.

1935 4997 2048 5068 (72)
2082 4995 2317 5052 Inclusa
2356 4994 2592 5068 absunt
2623 4995 2689 5049 Α.
2725 4994 2979 5055 Κτίστης,
3011 4987 3322 5062 quomodo
3353 4989 3533 5068 etiam

1870 5064 2210 5124 Eustathius
2247 5067 2460 5130 scribit,
2492 5066 2596 5138 qui
2655 5081 2794 5122 cum
2855 5068 3039 5138 κτίτης
3065 5064 3397 5132 comparat,
3421 5077 3532 5138 pro

1870 5140 2233 5195 substantivo
2267 5133 2528 5212 accipio;
2572 5152 2711 5202 non,
2778 5140 2838 5192 ut
2889 5136 3198 5206 interpres,
3233 5147 3341 5203 pro
3371 5133 3532 5190 adie-

1871 5212 2048 5266 cuvo.

1941 5283 2052 5354 (73)
2072 5284 2091 5337 Ι
2100 5286 2156 5337 ta
2182 5280 2532 5353 plerumque
2547 5279 3009 5350 Chrysostomus
3027 5280 3283 5339 oratorie
3301 5280 3529 5344 laudat,

1867 5353 2038 5407 Joan.
2074 5369 2232 5407 xvm.
2265 5357 2316 5416 6,
2340 5356 2523 5406 ἔπεσον
2554 5357 2753 5424 χαμαί.

1938 5424 2272 5489 (74)Γεννητῆ
2284 5445 2326 5485 ς.

1942 5494 2054 5564 (75)
2078 5498 2138 5546 Δὶ
2168 5495 2339 5552 abest
2378 5502 2443 5549 A.
