4098 6434
175 343 318 402 1305

1259 343 1605 401 COMMENT
1645 345 1714 402 IN
1751 343 2102 401 JOANNEM.
2144 375 2212 387 —
2249 345 2406 400 CAP.
2450 343 2546 401 IX.

3400 345 3422 400 1
3435 345 3540 402 306

248 476 349 526 Καὶ
379 503 447 512 -
475 469 704 544 ἑώρακας
729 486 744 538 ;
770 469 957 543 ⁸’ῼοντο
983 471 1086 543 γὰρ
1117 469 1269 522 αὐτὸν
1300 469 1455 542 ἔγγὺς
1483 468 1612 524 εἶναι
1650 490 1761 523 πεν-

1953 471 2116 526 Vers.
2150 472 2238 525 57.
2265 470 2438 524 Et—
2488 469 2688 526 vidisti
2740 467 2768 524 7
2821 467 3119 524 Putabant
3181 467 3339 524 enim
3397 485 3536 525 eum

174 566 400 620 τήκοντα
450 559 571 612 ἐτῶν
621 557 716 612 διὰ
765 565 859 616 την
914 560 1251 632 πολυπειρίαν
1307 560 1487 614 αὑτοῦ.
1534 562 1662 612 Τινὰ
1711 555 1770 612 δι

175 660 273 703 τῶν
326 651 437 721 (71)
491 649 816 724 ἀντιγράφων
856 651 1250 722 τεσσαράκοντα
1289 650 1602 724 γράφουσιν,
1645 650 1768 721 ὅπερ

177 736 321 792 δοκεῖ
347 738 726 812 ἀκριϐέστερον.

245 914 396 970 Εἶπεν
448 947 516 957 -
571 917 695 979 εἰμι.
745 916 834 979 Ὠς
899 921 1048 979 Θεὸς.
1105 921 1205 970 Καὶ
1261 916 1356 968 οὐκ
1414 913 1572 983 εἶπεν,
1635 914 1770 986 Ἐγώ

174 1009 333 1077 ἤμην,
412 1005 516 1058 ἀλλ’
578 1007 708 1077 Ἐγώ
760 1006 868 1078 εἰμι
909 1008 935 1058 ὁ
996 1005 1074 1058 ἀεὶ
1137 1010 1223 1056 ὧν.
1256 1009 1326 1057 Τὸ
1351 1008 1440 1071 μὶν
1489 1001 1578 1056 οὖν
1635 1007 1770 1075 γενέ-

176 1097 301 1147 σθαι
360 1099 710 1148 κτιστοῦθτό
805 1091 864 1148 δι
929 1095 1050 1168 Εἰμὶ
1129 1093 1378 1146 ἀκτίστου
1428 1095 1446 1165 [
1501 1098 1591 1147 καὶ
1652 1094 1768 1165 (72)

172 1189 390 1237 κτίστου

245 1273 410 1349 Ἦραν
447 1301 502 1314 --
551 1273 728 1325 αὐτόν.
786 1276 852 1326 Οἱ
886 1280 1069 1345 ταχεῖς
1109 1277 1236 1346 πρὸς
1265 1277 1412 1345 φόνον
1443 1293 1455 1306 ο
1486 1272 1766 1346 Ἤγρίαναν

172 1365 274 1435 γὰρ
323 1359 567 1425 δόξαντας
618 1361 934 1435 ὑϐρισθῆναι
975 1367 1062 1414 τὸν
1121 1361 1358 1438 ’Λϐραὶιμ
1401 1380 1412 1391 ⁸
1448 1362 1558 1434 ἅμα
1587 1359 1646 1416 δὲ
1678 1366 1768 1414 καὶ

171 1457 377 1523 γνόντες
406 1453 484 1504 ὅτι
515 1447 794 1510 ἀιδιότητα
832 1460 964 1506 Θεοῦ
990 1453 1318 1525 περιτίθησιν
1345 1451 1528 1522 ἑαυτῷ.

245 1630 451 1691 Ἰησοῦς
508 1627 568 1684 δε
614 1629 830 1704 ὶκρύϐη.
876 1632 1126 1704 Ἀόρατος
1183 1630 1362 1692 αὐτοῖς
1422 1634 1645 1688 κατίστη
1699 1637 1761 1702 τῇ

171 1719 385 1793 ἐξουσίᾳ
415 1728 506 1781 τῆς
545 1722 804 1781 θεότητος.

245 1813 344 1863 Καὶ
377 1812 537 1884 ἱεροῦ.
563 1815 674 1863 Ἵνα
701 1808 1005 1868 κατασταλῆ
1040 1811 1064 1862 ὁ
1100 1811 1262 1882 θυμὸς
1289 1809 1479 1864 αὐτῶν.

240 1987 456 2041 Διελθὼν
486 2019 554 2028 -
583 1988 774 2041 αὐτῶν.
829 1994 914 2047 Μὴ
960 1989 1258 2060 ἰσχυόντων
1290 1985 1418 2040 ἰδεῖν
1459 1988 1632 2044 αὐτόν.
1670 1995 1765 2044 Καὶ

168 2076 318 2131 διατί
368 2077 463 2130 οὐκ
520 2076 752 2141 ἐξέλυσεν
783 2077 950 2130 αὐτῶν
989 2083 1082 2135 τῆν
1133 2075 1354 2149 δύναμιν
1398 2082 1487 2130 καὶ
1545 2085 1771 2150 φανερῶς

167 2167 474 2240 ἀνεχώρησε
495 2184 508 2232 ;
541 2172 683 2220 Διοτι
699 2169 808 2220 οὔθ’
831 2169 991 2228 οὕτως
1013 2166 1215 2239 ἔμελλον
1245 2170 1527 2221 πιστεύειν.
1551 2170 1762 2240 Καὶγὰρ

167 2258 218 2310 ἐν
246 2265 315 2327 τῷ
344 2264 510 2330 καιρῷ
541 2264 633 2308 τοῦ
693 2258 898 2317 ῐΙάθους
943 2259 1156 2317 ὑπτίους
1187 2257 1300 2325 (73)
1352 2256 1535 2316 αὐτοὺς
1564 2255 1760 2330 rapite,

165 2352 258 2399 καὶ
287 2349 381 2398 τὰς
401 2346 542 2416 ὄψεις
573 2345 740 2398 αὐτῶν
763 2344 1023 2408 ἓσκότισε,
1065 2351 1154 2398 καὶ
1185 2346 1276 2398 οὐκ
1307 2344 1638 2400 ἐπίστευσαν.
1661 2346 1760 2397 Οὑ-

167 2431 256 2486 δεν
285 2437 384 2507 γὰρ
416 2441 594 2506 χεῖρον
623 2433 812 2506 ψυχῆς
845 2433 1222 2504 ἀπεγνωκυίας.
1281 2432 1386 2486 Κᾶν
1433 2437 1534 2508 γὰρ
1569 2442 1763 2505 σημεῖα

163 2520 285 2596 ἴδη,
312 2522 406 2576 κᾶν
437 2528 646 2598 τέρατα,
676 2528 812 2596 μένει
842 2527 936 2582 τὴν
963 2524 1124 2582 αὐτὴν
1167 2527 1372 2596 ἔχουσα
1400 2523 1552 2576 πάλιν
1581 2522 1762 2576 ἀναισ-

161 2618 408 2686 χυντίαν.

242 2707 341 2756 Καὶ
369 2710 601 2776 παρῆγεν
623 2703 806 2765 οὕτως.
837 2702 1108 2766 Ἐϐάδιξεν
1148 2705 1324 2770 οὕτως,
1359 2708 1431 2777 μὴ
1466 2707 1762 2777 φαινόμενος

161 2791 363 2854 αὐτοῖς.

417 2887 562 2935 ΚΕΦ.
606 2879 658 2936 Γ.
687 2886 810 2955 Περὶ
837 2889 929 2934 τοῦ
969 2881 1024 2936 ἐκ
1060 2892 1265 2954 γενετῆς
1293 2882 1508 2955 τυφλοῦ.

239 2975 339 3024 Καὶ
367 3001 437 3010 —
464 2980 688 3042 γενετῆς.
716 2970 938 3024 Βεϐαιῶν
967 2971 1003 3024 ἆ
1032 2969 1158 3037 εἷπε,
1190 2977 1279 3024 καὶ
1308 2974 1647 3044 πιστούμενος
1681 2973 1759 3024 ὅτι

161 3064 289 3120 Θεὸς
337 3059 498 3125 ἔστιν,
556 3059 706 3120 εὐθὺς
735 3062 949 3134 ἔρχεται
997 3059 1080 3113 ἐπὶ
1135 3062 1310 3132 θαῦμα
1361 3065 1630 3132 μέγιστον,
1670 3065 1758 3111 καὶ
1792 3074 1830 3129 C

159 3155 320 3218 μήπω
403 3153 568 3221 μέχρι
617 3153 732 3201 τότε
785 3153 1072 3221 γενόμενον.
1131 3147 1324 3221 Τυφλοὶ
1371 3152 1460 3221 μεν
1512 3153 1614 3222 γὰρ
1670 3153 1759 3200 καὶ

159 3237 310 3290 ἄλλοι
367 3237 644 3307 ἀνέϐλεψαν
689 3253 701 3266 °
744 3237 932 3308 τυφλὸς
987 3234 1046 3290 δε
1103 3236 1151 3289 ἐν
1199 3247 1405 3309 γενετῆς
1435 3240 1546 3308 (74)
1585 3233 1758 3298 οὐδεὶς

159 3329 296 3400 ἄχρι
315 3334 449 3380 τότε.
490 3329 576 3378 Διό
605 3331 695 3378 καὶ
722 3323 1010 3396 ἀναϐλέψας
1041 3325 1206 3398 ἔλεγεν
1257 3346 1269 3358 ·
1306 3327 1392 3380 Ἐκ
1422 3335 1513 3378 τοῦ
1571 3327 1759 3387 αἰῶνος

158 3417 252 3470 οὐκ
284 3417 520 3473 ἠκούσθη
546 3416 626 3466 ὅτι
673 3413 843 3477 ἤνοιξε
867 3433 943 3475 τις
981 3413 1273 3487 ὀφθαλμοὺς
1301 3416 1493 3487 τυφλοῦ
1522 3434 1757 3486 γεγεννηι

160 3509 314 3578 μένου
325 3545 336 3557 .

237 3775 336 3824 Καὶ
393 3801 460 3812 --
510 3773 729 3843 γεννηθῇ
762 3771 1088 3847 ;Ἐρωτῶσιν
1155 3773 1260 3844 οὐχ
1313 3775 1383 3834 ὡς
1431 3780 1584 3826 τοῦτο
1634 3775 1760 3826 πάν-

158 3879 258 3920 τως
313 3861 342 3919 ἣ
404 3862 562 3912 έκεῖνο
627 3860 1092 3934 ὑπολαμϐάνοντες,
1147 3864 1380 3936 καθάπερ
1435 3865 1484 3914 οἱ
1549 3861 1759 3922 ἀνόητοι

160 3946 414 4003 Ἰουδαῖοι
441 3964 455 3979 ⁸
482 3954 538 4003 τὸ
567 3953 659 4021 μὶν
709 3953 810 4024 γὰρ
869 3951 1116 4024 ἁμαρτεῖν
1167 3956 1266 4025 πρὸ
1327 3959 1418 4004 τοῦ
1448 3954 1759 4024 γεννηθῆναι

159 4035 438 4108 ἀδύνατον,
472 4043 529 4091 τὸ
561 4035 620 4092 δι
645 4041 772 4114 ὑπερ
804 4049 904 4092 τῶν
931 4045 1120 4112 γονέων
1164 4040 1480 4102 κολάζεσθαι
1531 4038 1717 4094 ἄδικον
1742 4058 1754 4072 ⁸

157 4127 266 4180 ἀλλ’
298 4131 441 4180 ἔστιν
475 4129 500 4181 ὁ
527 4133 724 4191 σκοπὸς
771 4136 863 4182 τοῦ
892 4129 1049 4201 λόγου
1073 4138 1327 4190 τοιοῦτος.
1383 4129 1442 4182 Ὀ
1466 4133 1556 4202 μεν
1588 4133 1758 4205 παροξ-

154 4217 308 4278 λυτος
339 4214 432 4270 διὰ
474 4220 567 4279 τὰς
611 4218 868 4290 ἁμαρτίας
920 4221 1080 4270 αὐτοῦ
1135 4219 1360 4286 ἠσθένει,
1420 4221 1592 4280 καθὼς
1657 4218 1761 4272 ἕκιί

155 4308 530 4379 μεμαθήκαμεν
581 4325 595 4340 ο
646 4312 764 4380 περὶ
814 4310 994 4359 τούτου
1036 4303 1094 4360 δε
1149 4308 1260 4374 (⁸75ὶ
1301 4312 1354 4358 τί
1405 4307 1568 4378 λέγεις
1610 4324 1624 4374 ;
1675 4312 1759 4368 Τίς

1880 557 2064 615 ferme
2119 573 2252 614 esse
2301 558 2909 631 quinquagenarium,
2989 562 3231 629 propter
3283 557 3534 614 multam

1879 649 2012 721 ejus
2055 649 2328 720 peritiam
2379 653 2435 704 et
2479 647 2925 720 experientiam.
2996 647 3278 712 Quaedam
3335 653 3535 703 autem

1881 737 2246 808 exemplaria
2315 736 2554 802 habent,
2605 737 3034 809 quadraginta,
3079 735 3256 810 .quod
3305 736 3538 793 videtur

1880 841 2007 882 esse
2037 827 2248 882 verius.

1950 916 2111 970 Vers.
2191 919 2276 971 58.
2331 915 2503 972 Dixit
2568 945 2638 954 ——
2701 917 3196 987 sum.’l‘anquam
3241 915 3415 969 Deus.
3473 915 3538 970 Et

1878 1019 1994 1060 non
2047 1004 2214 1068 dixit,
2277 1007 2398 1073 Ego
2438 1019 2604 1060 eram
2646 1004 2824 1074 ;sed,
2874 1004 3000 1074 Ego
3023 1019 3172 1071 sum,
3229 1004 3328 1075 qui
3383 1019 3540 1059 sem-

1876 1109 1984 1164 per
2014 1111 2170 1149 sum.
2202 1094 2342 1150 Fieri
2371 1093 2662 1166 siquidem
2693 1093 2775 1149 rei
2807 1098 3018 1149 creatae
3048 1097 3167 1161 est;
3197 1095 3342 1150 Sum
3374 1109 3534 1158 vero,

1875 1183 2152 1238 increatte
2214 1188 2270 1238 et
2297 1188 2528 1239 creatas.

1947 1274 2110 1328 Vers.
2146 1273 2230 1328 59.
2273 1273 2564 1329 Tulerunt
2601 1305 2663 1314 —-
2696 1288 2844 1329 eum.
2870 1272 3116 1329 Veloces
3181 1271 3257 1328 ad
3288 1272 3532 1329 caedem.

1879 1363 2216 1433 Exasperati
2249 1367 2388 1418 sunt
2440 1362 2598 1418 enim
2648 1368 2926 1432 putantes
2973 1361 3191 1432 injuria
3254 1361 3533 1418 affectum

1877 1468 2010 1507 esse
2067 1452 2370 1508 Abraham
2423 1469 2437 1504 :
2479 1451 2654 1507 simul
2703 1452 2899 1517 etiam,
2959 1451 3060 1508 ubi
3113 1451 3537 1523 cognovissent

1876 1541 2041 1614 quod
2071 1541 2170 1596 Dei
2201 1541 2582 1596 aeternitatem
2617 1541 2728 1596 sibi
2760 1541 3106 1596 vindicaret.

1949 1631 2114 1686 Vers.
2145 1632 2236 1688 59.
2267 1633 2427 1686 Jews
2466 1637 2659 1686 autem
2683 1632 3013 1687 occultatus
3053 1636 3154 1686 est.
3186 1631 3294 1686 Per
3323 1631 3535 1686 divini-

1877 1722 2010 1778 tatis
2035 1721 2363 1794 potentiam
2395 1721 2703 1777 invisibilis
2755 1722 2841 1777 eis
2875 1720 3141 1777 eﬂ'ectus.

1802 1831 1843 1885 Β
1949 1812 2113 1866 Vers.
2141 1811 2230 1866 59.
2274 1812 2352 1867 Et
2382 1842 2448 1852 —
2497 1810 2723 1880 templo.
2783 1813 2852 1866 Ut
2906 1809 3143 1865 illorum
3177 1811 3410 1866 sedaret
3443 1810 3531 1866 fu-

1877 1916 2072 1956 rorem
2083 1941 2095 1952 .

1950 1991 2114 2046 Vers.
2141 1995 2226 2046 59.
2261 1989 2661 2047 Pertransiens
2706 2019 2771 2030 —-
2799 1989 3061 2045 illorum.
3097 1990 3238 2045 Cum
3273 1988 3353 2044 illi
3393 2005 3530 2045 eum

1876 2080 2075 2136 videre
2118 2095 2237 2135 non
2283 2083 2552 2152 possent.
2618 2081 2683 2134 Et
2723 2095 2909 2150 quare
2941 2094 3062 2134 non
3121 2078 3386 2134 dissolvit
3416 2077 3536 2134 illo-

1873 2185 2009 2225 rum
2040 2169 2338 2233 virtutem,
2372 2175 2428 2224 et
2489 2167 2804 2224 manifeste
2878 2167 3120 2223 recessit
3164 2167 3192 2221 ?
3238 2168 3382 2233 Quia
3426 2183 3534 2223 nec

1875 2259 1960 2314 sic
2008 2258 2286 2313 credituri
2359 2262 2547 2313 erant.
2626 2255 2850 2312 Etenim
2899 2261 3168 2327 tempore
3226 2257 3532 2327 passionis

1873 2349 2122 2420 supinos
2154 2348 2287 2404 illos
2316 2347 2547 2418 dejecit,
2597 2361 2928 2417 eorumque
2991 2351 3263 2417 aspectus
3319 2345 3534 2402 obscu-

1871 2440 2041 2504 ravit,
2087 2445 2143 2494 et
2190 2454 2312 2494 non
2362 2437 2759 2492 crediderunt.
2815 2439 2962 2492 Nam
3019 2435 3221 2491 anima
3272 2435 3533 2507 reproba

1871 2528 2020 2584 nihil
2047 2533 2134 2584 est
2162 2529 2336 2601 pejus
2367 2543 2379 2582 :
2412 2526 2544 2583 licet
2573 2525 2731 2582 enim
2773 2526 2948 2595 signa
2991 2525 3190 2582 videat
3227 2541 3298 2580 ac
3331 2524 3531 2596 prodi-

1871 2618 1985 2688 gia,
2015 2635 2182 2673 suam
2215 2622 2412 2674 tamen
2446 2631 2685 2687 semper
2713 2615 2925 2670 retinet
2953 2613 3420 2686 impudentiam.

1940 2709 2104 2764 Vers.
2142 2709 2211 2764 59
2252 2708 2330 2764 Et
2359 2708 2447 2763 ita
2471 2705 2832 2778 praeteribat.
2876 2703 3245 2760 Ambulabat
3278 2704 3378 2770 ita,
3411 2718 3532 2759 non

1870 2813 2166 2870 apparens
2201 2797 2336 2852 illis.

2227 2888 2379 2944 CAP.
2410 2887 2475 2942 X.
2511 2887 2588 2940 De
2615 2901 2750 2940 crvco
2779 2901 2817 2939 a
2843 2884 3171 2940 nativitate.

1940 2979 2080 3050 Cap.
2129 2977 2227 3032 IX.
2284 2978 2425 3032 Vers
2463 2981 2508 3030 Ι.
2561 2976 2636 3030 Ει
2680 3004 2750 3014 -
2779 2974 3110 3029 nativitate.
3162 2970 3535 3028 Conﬁrman-

1868 3065 1967 3131 dn,
2017 3065 2181 3138 quod
2245 3066 2494 3128 dixerat,
2549 3064 2853 3134 ﬁdemque
2883 3062 3127 3127 faciens,
3167 3061 3332 3134 quod
3377 3061 3532 3117 Deus

1867 3160 2026 3210 esset
2065 3155 2262 3209 statim
2338 3153 2499 3208 venit
2550 3153 2626 3206 ad
2674 3150 3029 3206 miraculum
3084 3151 3440 3214 maximum,
3475 3155 3533 3205 et

1868 3260 2058 3316 usque
2089 3244 2163 3299 ad
2196 3243 2252 3297 id
2282 3243 2566 3314 temporis
2597 3255 2913 3310 nunquam
2946 3239 3188 3294 factum.
3222 3239 3530 3310 Siquidem

1867 3337 1924 3388 et
1970 3332 2065 3387 alii
2108 3331 2248 3387 cseci
2290 3331 2485 3385 visum
2541 3333 2908 3398 receperunt,
2951 3343 3156 3382 verum
3191 3327 3291 3399 qui
3343 3343 3378 3382 a
3426 3341 3531 3382 na-

1868 3420 2089 3476 tivitate
2142 3436 2335 3475 ctecus
2388 3419 2613 3485 fuisset,
2666 3416 2865 3471 nullus
2932 3430 3122 3486 usque
3153 3415 3230 3470 ad
3277 3415 3335 3470 id
3390 3419 3534 3470 tem-

1868 3527 2001 3583 pus.
2035 3510 2173 3565 ldeo
2223 3508 2423 3573 etiam,
2483 3507 2585 3579 qui
2617 3505 2814 3561 visum
2874 3505 2942 3575 (j)
2973 3503 3210 3574 recepit,
3245 3502 3482 3559 dicebat
3513 3503 3529 3546 ε

1866 3601 1914 3656 Α
1948 3599 2162 3655 εασαιο
2200 3612 2315 3651 ηοη
2379 3602 2459 3652 est
2500 3595 2793 3658 auditum,
2848 3592 3004 3665 quod
3053 3591 3350 3662 aperuerit
3381 3592 3532 3664 quis-

1865 3689 2026 3759 piam
2060 3688 2250 3744 oculos
2273 3686 2406 3742 caeci
2457 3685 2590 3740 nati
2637 3686 2705 3737 ⁸ο.

1939 3781 2106 3832 Vers.
2181 3780 2233 3831 2.
2292 3776 2371 3832 Et
2418 3780 2744 3830 nasceretur
2790 3773 2820 3829 ?
2884 3769 3352 3842 lnterrogabant,
3407 3785 3528 3827 non

1868 3867 2033 3938 quod
2084 3866 2196 3921 hoc
2227 3870 2330 3922 aut
2358 3864 2506 3920 illud
2533 3861 2782 3919 omnino
2805 3860 3271 3933 suspicarentur,
3330 3876 3532 3933 quem-

1868 3954 2200 4011 admodum
2267 3953 2615 4025 insipientes
2687 3951 2924 4016 Judaai;
2975 3965 3118 4005 nam
3181 3948 3341 4005 hunc
3399 3965 3533 4020 pec-

1869 4059 2056 4107 casse,
2130 4048 2457 4114 antequam
2516 4046 2694 4097 natus
2763 4043 2934 4104 esset,
2987 4037 3361 4109 impossibile
3408 4042 3532 4093 erat

1870 4149 2048 4204 porro
2073 4148 2180 4204 pro
2226 4131 2576 4202 parentibus
2644 4129 2843 4201 puniri
2875 4128 3164 4197 injustum
3206 4142 3220 4191 ;
3263 4126 3363 4181 sed
3396 4126 3530 4182 ﬁnis

1869 4221 2164 4276 sermonis
2218 4219 2346 4275 talis
2403 4224 2511 4274 est.
2564 4217 2929 4287 Paralyticus
2987 4215 3231 4286 quidem
3290 4219 3532 4286 propter

1868 4313 2116 4380 peccata
2155 4325 2264 4363 sua
2311 4307 2663 4374 aegrotabat.
2724 4305 2874 4359 sicut
2912 4303 2992 4358 ibi
3038 4302 3360 4357 didicimus
3397 4317 3410 4358 :
3455 4302 3529 4357 de

159 4396 407 4467 ἥμαρτεν,
464 4394 609 4454 οὗτος
647 4393 677 4452 ἦ
729 4396 778 4446 οἱ
821 4402 990 4465 γονεῖς
1057 4394 1214 4446 αὐτοῦ
1271 4397 1464 4466 ςήμείς
1494 4397 1595 4468 γὰρ
1643 4395 1760 4448 οὔτε

1886 4414 1983 4452 ioc
2015 4402 2235 4457 autem.
2306 4395 2449 4453 quid
2511 4394 2660 4449 dicis
2708 4393 2736 4448 ?
2782 4395 2918 4461 Quis
2965 4393 3245 4459 peccavit,
3305 4390 3421 4454 hic,
3452 4406 3526 4447 an

155 4488 312 4534 τοῦτο
333 4484 449 4534 οὔτε
479 4480 636 4534 ἐκεῖνο
667 4477 937 4555 δυνάμεθα
973 4481 1156 4553 λέγειν,
1192 4482 1444 4543 παντελῶς
1475 4481 1760 4556 ἕξαπορού-

155 4589 322 4644 μενοι.

229 4757 278 4793 ³ο
297 4756 472 4814 Joan.
502 4772 581 4825 ιχ,
615 4757 700 4813 32.

1864 4492 2135 4556 parentes
2166 4487 2291 4555 ejus
2330 4483 2359 4539 ἲ
2409 4499 2519 4539 nos
2551 4483 2711 4538 enim
2741 4496 2934 4553 neque
2973 4479 3104 4542 hoc.
3159 4494 3354 4550 neque
3384 4478 3530 4534 illud

1868 4573 2062 4630 dicere
2113 4589 2458 4646 possumus,
2509 4571 2759 4628 omnino
2790 4568 3120 4626 conturbati
3152 4567 3526 4641 consilioque

1868 4662 2151 4720 destituti.

1362 4857 1585 4926 Varia
1615 4858 1944 4928 lectiones
1979 4869 2044 4928 et
2085 4867 2286 4928 notae.

224 5001 336 5070 ('lt)
359 4999 590 5056 Scilicet
618 4997 1051 5126 Οῑιιοὸεοείοωί,
1076 4999 1179 5072 qui
1201 4999 1485 5056 audacter
1512 5002 1592 5058 ita
1621 5017 1745 5058 cor-

224 5071 319 5126 xit.
371 5071 512 5126 Vide
553 5075 695 5126 tom.
781 5071 869 5126 lll.
904 5087 1041 5126 nan.
1080 5075 1210 5126 324.
1253 5073 1745 5126 Chrvsostomum

152 5071 337 5153 rexit;
371 5071 512 5128 Vide
553 5075 695 5127 tom.
728 5071 1210 5153 Vll.l,.pag.__324.
1253 5073 1748 5153 Chrysostomum

152 5087 319 5152 rexit.
376 5087 512 5128 Vide
553 5087 695 5127 tom.
737 5087 1041 5198 vuugag.
1080 5087 1210 5128 32+.
1253 5087 1747 5153 unrysostomum

151 5146 419 5222 sequitur
437 5158 600 5225 Aunus
617 5158 688 5199 ex
705 5142 892 5225 codici
946 5159 1012 5225 us
1039 5143 1495 5225 Mosquensrbus
1518 5145 1747 5225 vilest.

153 5225 210 5276 κ.
234 5213 336 5284 qui
369 5218 456 5268 est
479 5230 610 5268 cum
655 5213 920 5269 scholiis.
962 5213 1265 5282 Origenes,
1319 5215 1423 5286 qui
1453 5221 1602 5271 tom.
1645 5217 1746 5280 XX,

150 5283 211 5338 in
234 5285 525 5365 Joannem,
556 5285 685 5341 haec
714 5287 856 5365 data
891 5301 1074 5365 opera
1128 5287 1563 5365 interpretatur,
1587 5287 1750 5343 hunc

150 5371 392 5427 versum
451 5362 640 5412 totum
705 5358 1102 5427 praetermisit.
1150 5363 1475 5415 Πεντήκοντα
1509 5365 1750 5414 servant

149 5425 350 5498 Cyrill.
386 5433 422 5482 t.
448 5427 564 5501 λιν.
600 5444 656 5498 p.
691 5425 792 5483 585
820 5429 879 5481 C.
916 5429 1389 5501 ;_Theophylact.
1428 5445 1484 5501 p.
1525 5431 1630 5501 690
1666 5432 1703 5484 Ε
1735 5446 1747 5494 ;

150 5513 405 5626 ἓενθτυβ
443 5499 502 5553 in
535 5500 757 5555 Catena
810 5499 1090 5566 Corderii,
1132 5499 1191 5572 p.
1214 5499 1325 5556 ’243
1376 5519 1390 5569 ;
1427 5499 1483 5557 et
1511 5500 1747 5557 codices

193 5571 526 5626 robatiores
555 5585 781 5626 omnes.

193 5570 526 5626 robatiores
555 5585 781 5626 omnes.

223 5748 302 5819 (j)
335 5747 445 5818 Qui
476 5747 683 5805 visum.
720 5749 884 5805 Forte
915 5748 1078 5820 legit,
1111 5745 1196 5806 διὸ
1235 5754 1323 5802 καὶ
1352 5750 1377 5803 ὁ
1431 5749 1743 5828 ἀναϐλέψας.

1927 5003 2040 5074 (72)
2075 5001 2309 5059 Inclusa
2348 5001 2583 5074 absunt
2616 5002 2681 5056 Α.
2717 5002 2971 5062 Κτίστης.
3003 4995 3314 5069 quomodo
3345 4996 3524 5074 etiam

1862 5071 2203 5150 Eustathius
2239 5073 2452 5150 scribit,
2485 5073 2589 5145 qui
2647 5088 2786 5129 cum
2817 5075 3031 5150 Axrirnc
3057 5071 3388 5140 comparat.
3413 5084 3524 5150 pro

1861 5146 2225 5201 substantivo
2260 5143 2521 5218 accipio;
2565 5159 2703 5208 non,
2771 5147 2830 5199 ut
2881 5143 3190 5213 interpres,
3225 5155 3333 5210 pro
3363 5143 3524 5198 adie-

1862 5219 2040 5273 ctivo.

1932 5289 2044 5361 (73)
2065 5290 2148 5344 Ita
2175 5287 2524 5360 plerumque
2541 5286 3001 5358 Chrysostomus
3019 5288 3274 5346 oratorie
3293 5288 3521 5352 laudat,

1858 5360 2030 5414 Joan.
2066 5376 2224 5414 xvm.
2257 5363 2308 5422 6,
2333 5363 2516 5413 ἔπεσον
2547 5365 2746 5431 χαμαί.

1929 5431 2264 5496 (74)Γεννητῆ
2277 5451 2319 5492 ς.

1933 5501 2046 5571 (75)
2070 5505 2130 5554 Δὶ
2160 5502 2331 5559 abest
2371 5509 2436 5556 Α.
