4088 6450
178 342 317 400 1305

1260 343 1606 402 COMMENT
1645 345 1714 402 IN
1751 344 2101 402 JOANNEM.
2144 377 2212 388 -
2249 347 2405 402 CAP.
2450 344 2546 403 IX.

3399 348 3421 403 1
3434 349 3539 406 306

249 475 348 525 Καὶ
379 502 446 511 —
475 468 704 543 ἑώρακας
729 486 743 537 ;
770 469 957 543 ⁸’ῼοντο
983 471 1086 543 γὰρ
1117 469 1270 522 αὑτὸν
1301 469 1455 542 ἐγγὺς
1483 469 1612 524 εἶναι
1650 491 1755 524 πεν·

1952 472 2115 526 Vers.
2149 473 2237 526 57.
2265 471 2438 526 Et—
2488 471 2687 528 vidisti
2739 469 2768 526 ν
2821 471 3118 528 Putabant
3179 471 3338 528 enim
3395 489 3535 530 eum

175 565 400 618 τήκοντα
450 558 571 611 ἑτῶν
621 557 716 612 διὰ
765 565 859 616 τὴν
915 560 1252 632 πολυπειρίαν
1307 560 1487 614 αὑτοῦ.
1534 562 1662 613 Τινὰ
1711 556 1770 613 δὲ

177 658 272 702 τῶν
325 651 436 720 (7t)
491 648 816 724 ἀντιγράφων
855 651 1249 722 τεσσαράκοντα
1289 651 1602 724 γράφουσιν,
1645 651 1768 722 ὅπερ

179 734 320 792 δοκεί
346 738 726 812 ἀκριϐέστερον.

246 913 394 969 Εἶπεν
447 948 515 957 -
569 917 694 979 εἰμι.
745 916 834 978 Ὠς
899 921 1048 979 Θεὸς.
1105 922 1204 970 Καὶ
1261 916 1356 969 οὐκ
1414 913 1572 984 εἶπεν,
1634 915 1769 987 Ἐγώ

175 1008 332 1076 ἤμην,
411 1004 515 1057 ἀλλ’
577 1006 707 1076 Ἐγώ
759 1006 868 1078 εἰμι
909 1008 935 1058 ό
995 1005 1074 1058 ἀεὶ
1136 1010 1222 1057 ὧν.
1255 1009 1325 1058 Τό
1351 1008 1440 1072 μὶν
1489 1002 1576 1057 οὖν
1634 1009 1770 1076 γενέ-

177 1096 300 1146 σθαι
359 1102 576 1147 κτιστοῡ
610 1099 709 1147 ’τό
804 1091 862 1148 δε
928 1095 1048 1168 Εἰμὶ
1128 1093 1378 1147 ἀκτίστου
1427 1095 1445 1166 [
1501 1099 1590 1148 καὶ
1651 1095 1768 1165 (72)

173 1188 388 1236 κτίστου

244 1272 408 1348 Ἦραν
446 1300 500 1314 --
549 1273 727 1325 αὐτόν.
785 1276 850 1326 Οἱ
885 1281 1068 1345 ταχεῖς
1108 1277 1235 1346 πρὸς
1264 1278 1410 1345 φόνον
1442 1294 1454 1306 ο
1485 1272 1766 1346 Ἠγρίαναν

173 1364 272 1434 γὰρ
321 1359 566 1425 δόξαντες
615 1361 932 1434 ὑϐρισθῆναι
974 1366 1061 1414 τόν
1120 1361 1357 1437 ’Λϐραάμ
1400 1380 1411 1391 ’
1447 1363 1558 1434 ἅμα
1586 1359 1644 1415 δὲ
1677 1367 1766 1415 καὶ

172 1456 375 1522 γνόντες
403 1453 482 1505 ὅτι
513 1447 792 1510 ἀιδιότητα
830 1460 963 1506 Θεοῦ
988 1453 1317 1524 περιτίθησιν
1344 1452 1526 1522 ἑαυτῷ.

243 1629 449 1690 Ἰησοῦς
506 1627 565 1684 δε
612 1629 828 1704 ἐκρύϐη.
874 1631 1124 1704 Ἀόρατος
1181 1630 1360 1692 αὐτοῖς
1419 1635 1644 1689 κατέστη
1697 1639 1760 1702 τῇ

171 1719 383 1792 ἕξουσίᾳ
413 1727 503 1780 τῆς
543 1721 802 1781 θεότητος.

244 1813 342 1862 Καὶ
375 1811 534 1884 ἱεροῦ.
561 1815 671 1862 Ἵνα
698 1807 1003 1868 κατασταλῆ
1037 1811 1062 1861 ό
1097 1811 1260 1882 θυμός
1287 1809 1477 1864 αὐτῶν.

239 1986 453 2040 Διελθών
483 2019 552 2027 -
581 1987 770 2040 αὐτῶν.
826 1993 911 2046 Μὴ
957 1987 1256 2060 ἰσχυόντων
1288 1985 1416 2040 ἰδεῖν
1457 1988 1630 2044 αὐτόν.
1667 1995 1763 2045 Καὶ

167 2075 315 2130 διατί
365 2076 460 2128 οὐκ
517 2075 749 2140 ἐξελυσεν
779 2077 947 2130 αὐτῶν
987 2082 1080 2135 τὴν
1130 2074 1352 2149 δύναμιν
1395 2083 1485 2130 καὶ
1542 2087 1770 2150 φανερῶς

166 2165 471 2239 ἀνεχώρησε
491 2183 505 2232 ;
538 2172 680 2219 Διότι
696 2169 806 2219 οὔθ’
829 2168 988 2228 οὕτως
1010 2166 1212 2238 ἔμελλον
1242 2170 1524 2222 πιστεύειν.
1548 2170 1760 2240 Καὶγὰρ

166 2256 216 2308 ἐν
244 2264 313 2326 τῷ
341 2263 506 2330 καιρῷ
537 2263 630 2307 τοῦ
690 2258 895 2316 Πάθους
939 2258 1152 2317 ὑπτίους
1184 2256 1297 2325 (⁸73)
1349 2256 1533 2317 αὐτοὺς
1561 2256 1758 2330 ξόριψε,

164 2351 255 2398 καὶ
284 2348 378 2398 τὰς
399 2345 539 2415 ὄψεις
569 2345 736 2397 αὐτῶν
759 2344 1020 2408 ἕσκότισε,
1061 2351 1151 2398 καὶ
1181 2346 1274 2398 οὐκ
1304 2344 1635 2400 ἐπίστευσαν.
1658 2346 1758 2398 Οὐ-

165 2429 254 2485 δεν
282 2435 380 2506 γὰρ
413 2440 590 2505 χεῖρον
620 2432 808 2505 ψυχῆς
841 2432 1219 2504 ἀπεγνωκυίας.
1278 2432 1383 2487 Κάν
1430 2437 1531 2508 γὰρ
1566 2441 1760 2506 σημεῖα

161 2519 282 2595 ἴδη,
309 2521 403 2574 κάν
434 2527 642 2597 τέρατα,
672 2527 809 2595 μένει
838 2527 932 2582 τὴν
959 2523 1120 2582 αὐτὴν
1164 2528 1370 2596 ἔχουσα
1397 2523 1550 2576 πάλιν
1578 2523 1759 2576 ἀναισ-

158 2633 266 2684 χυν
276 2617 405 2666 τίαν.

239 2706 338 2754 Καὶ
366 2709 597 2774 παρῆγεν
619 2702 803 2764 οὕτως.
834 2701 1105 2766 Ἐϐάδιζεν
1145 2705 1321 2770 οὕτως,
1357 2709 1428 2777 μὴ
1463 2708 1758 2778 φαινόμενος

157 2789 360 2852 αὐτοῖς.

413 2885 558 2934 ΚΕΦ.
602 2878 654 2935 1’.
683 2885 806 2954 Περὶ
833 2889 925 2934 τοῦ
965 2881 1020 2935 ix
1056 2891 1261 2954 γενετῆς
1290 2882 1504 2955 τυφλοῦ.

235 2973 335 3022 Καὶ
364 3000 433 3009 --
460 2979 685 3040 γενετῆς.
712 2969 934 3024 Βεϐαιῶν
963 2971 998 3024 ἃ
1028 2968 1154 3037 εἶπε,
1186 2977 1276 3024 καὶ
1304 2975 1644 3044 πιστούμενος
1677 2974 1756 3024 ὅτι

1879 558 2063 616 ferme
2119 575 2252 616 esse
2301 561 2908 634 quinquagenarium,
2987 566 3229 632 propter
3282 561 3534 618 multam

1879 649 2012 722 ejus
2055 651 2328 721 peritiam
2378 656 2434 706 et
2478 651 2924 722 experientiam.
2995 650 3277 716 Quasdam
3333 657 3534 707 autem

1880 739 2246 810 exemplaria
2314 738 2554 805 habent,
2604 739 3033 811 quadraginta,
3077 739 3255 813 Lquod
3304 739 3536 796 videtur

1879 843 2006 884 esse
2037 829 2248 884 verius.

1950 917 2110 972 Vers.
2191 921 2275 973 58.
2330 918 2502 974 Dixit
2566 948 2636 957 —
2701 933 2850 972 sum.
2883 919 3194 990 Tanquam
3240 918 3413 972 Deus.
3471 919 3536 974 Et

1877 1020 1993 1061 non
2046 1006 2214 1070 dixit,
2277 1009 2396 1076 Ego
2437 1022 2602 1062 eram
2645 1006 2822 1077 ;sed,
2873 1007 2998 1077 Ego
3023 1022 3170 1074 sum,
3229 1007 3327 1078 qui
3382 1022 3538 1063 sem-

1876 1111 1983 1165 per
2013 1112 2170 1150 sum.
2202 1096 2340 1152 Pieri
2370 1095 2661 1168 siquidem
2692 1095 2774 1152 rei
2805 1101 3016 1152 creatae
3046 1099 3166 1164 est;
3195 1097 3339 1153 Sum
3372 1112 3532 1160 vero,

1874 1183 2151 1240 increataa
2213 1190 2268 1240 et
2295 1190 2526 1240 creatas.

1946 1275 2108 1329 Vers.
2145 1275 2229 1330 59.
2272 1275 2563 1330 Tulerunt
2599 1307 2661 1316 —
2695 1290 2842 1332 eum.
2868 1275 3114 1332 Veloces
3178 1274 3256 1331 ad
3286 1275 3530 1332 caedem.

1878 1364 2215 1434 Exasperati
2248 1369 2386 1420 sunt
2439 1365 2596 1420 enim
2647 1370 2925 1434 putantes
2971 1364 3189 1434 injuria
3252 1363 3531 1422 affectum

1876 1469 2008 1508 esse
2065 1453 2369 1510 Abraham
2421 1471 2435 1506 :
2478 1453 2652 1510 simul
2701 1454 2897 1519 etiam,
2957 1454 3058 1510 ubi
3111 1454 3534 1525 cognovissent

1875 1541 2040 1615 quod
2069 1543 2168 1597 Dei
2199 1543 2580 1598 aeternitatem
2615 1543 2725 1598 sibi
2758 1543 3104 1599 vindicaret.

1947 1632 2113 1687 Vers.
2144 1633 2234 1690 59.
2265 1635 2426 1687 Jews
2465 1639 2657 1688 autem
2681 1635 3010 1689 occultatus
3051 1639 3152 1688 est.
3183 1633 3292 1688 Per
3320 1633 3533 1690 divini-

1875 1723 2008 1779 tatis
2033 1723 2362 1795 potentiam
2393 1722 2701 1779 invisibilis
2753 1724 2838 1779 eis
2872 1723 3138 1780 effectus.

1800 1831 1842 1886 Β
1948 1813 2112 1867 Vers.
2139 1813 2228 1868 59.
2273 1813 2350 1868 Et
2381 1843 2446 1852 —
2495 1812 2721 1881 (empto.
2781 1815 2849 1868 Ut
2904 1812 3141 1868 illorum
3175 1813 3408 1869 sedaret
3440 1813 3528 1869 fu-

1876 1917 2070 1958 rorem
2081 1942 2093 1954 .

1948 1991 2112 2047 Vers.
2139 1996 2224 2048 59.
2260 1991 2658 2048 Pertransiens
2703 2021 2768 2032 —
2797 1991 3058 2048 illorum.
3094 1993 3235 2048 Cum
3269 1991 3350 2048 illi
3390 2007 3527 2048 eum

1874 2081 2073 2137 videre
2116 2097 2235 2136 non
2281 2085 2550 2153 possent.
2616 2083 2680 2136 Et
2720 2097 2906 2152 quare
2938 2096 3060 2136 non
3119 2081 3383 2137 dissolvit
3413 2081 3533 2136 illo-

1871 2186 2007 2226 rum
2037 2170 2335 2235 virtutem,
2369 2176 2426 2225 et
2487 2169 2801 2225 manifeste
2875 2170 3117 2226 recessit
3161 2169 3189 2224 ?
3235 2171 3379 2236 Quia
3423 2186 3532 2226 nec

1873 2259 1958 2315 sic
2005 2259 2283 2315 credituri
2356 2263 2545 2314 erant.
2623 2257 2847 2314 Etenim
2896 2264 3165 2330 tempore
3223 2259 3528 2330 passionis

1870 2349 2120 2421 supinos
2152 2349 2284 2405 illos
2313 2349 2544 2420 dejecit,
2594 2364 2925 2420 eorumque
2988 2354 3260 2420 aSpectus
3315 2348 3530 2405 obscu-

1867 2441 2039 2506 ravit,
2085 2446 2140 2496 et
2187 2455 2309 2494 non
2359 2438 2756 2494 crediderunt.
2812 2441 2958 2494 Nam
3015 2438 3218 2494 anima
3268 2438 3529 2510 reproba

1868 2529 2018 2585 nihil
2045 2534 2131 2585 est
2159 2530 2334 2601 pejus
2364 2545 2376 2583 :
2409 2527 2541 2584 licet
2569 2527 2728 2583 enim
2771 2528 2945 2597 signa
2987 2527 3187 2584 videat
3223 2543 3294 2583 ac
3327 2527 3527 2599 prodi-

1867 2619 1982 2689 gia,
2012 2635 2179 2674 suam
2212 2623 2410 2674 tamen
2443 2632 2682 2688 semper
2710 2617 2922 2672 retinet
2950 2616 3416 2689 impudentiam.

1937 2709 2101 2765 Vers.
2139 2709 2208 2765 59
2249 2709 2326 2764 Et
2356 2709 2443 2765 ita
2468 2707 2829 2779 praeteribat.
2873 2705 3241 2763 Ambulabat
3273 2707 3374 2773 ita,
3406 2721 3528 2762 non

1867 2814 2162 2872 apparens
2198 2797 2333 2854 illis.

2223 2889 2376 2945 CAP.
2407 2889 2472 2943 X.
2507 2888 2585 2942 De
2612 2902 2746 2941 creco
2775 2903 2814 2941 a
2839 2887 3167 2942 nativitate.

1937 2979 2076 3051 Cap.
2125 2979 2223 3034 IX.
2280 2979 2421 3034 Vers
2460 2983 2505 3032 t.
2557 2977 2633 3032 Et
2677 3006 2746 3016 —
2776 2976 3106 3030 nativitate.
3158 2973 3531 3030 Confirman-

157 3063 285 3119 Θεός
333 3057 494 3124 ἔστιν,
552 3059 701 3120 εὐθὺς
731 3061 945 3133 ἔρχεται
993 3059 1076 3113 ἐπὶ
1131 3062 1306 3132 θαῦμα
1357 3065 1626 3132 μέγιστον,
1667 3065 1754 3111 καὶ

1883 3066 1963 3131 in,
2013 3067 2177 3139 quod
2241 3067 2490 3130 dixerat,
2545 3065 2850 3136 ﬁdemque
2880 3064 3124 3129 faciens,
3163 3064 3328 3136 quod
3373 3064 3528 3120 Deus

156 3154 316 3216 μήπω
399 3152 564 3220 μέχρι
613 3153 728 3200 τότε
781 3153 1068 3220 γενόμενον.
1127 3147 1320 3221 Τυφλοὶ
1367 3153 1457 3221 μὲν
1508 3153 1610 3222 γὰρ
1667 3154 1755 3201 καὶ

156 3236 306 3289 ἄλλοι
364 3235 640 3306 ἀνέϐλεψαν
684 3252 696 3265 ’
740 3235 928 3307 τυφλός
983 3233 1042 3289 δε
1099 3235 1147 3288 ἓν
1194 3247 1401 3309 γενετῆς
1431 3240 1542 3308 (74)
1582 3233 1754 3298 οὐδεὶς

155 3328 291 3399 ἄχρι
311 3333 445 3379 τότε.
486 3328 572 3378 Διό
601 3330 690 3377 καὶ
717 3323 1006 3395 ἀναϐλέψας
1036 3325 1202 3397 ἔλεγεν

154 3415 248 3468 οὐκ
279 3416 516 3472 ἠκούσθη
542 3415 621 3465 ὅτι
668 3413 838 3476 ἣνοιξί
863 3433 938 3474 τις
976 3413 1269 3487 ὀφθαλμοὺς
1297 3416 1489 3487 τυφλοῦ
1517 3434 1753 3487 γεγεννη-

1253 3345 1265 3358 °
1301 3327 1388 3379 Ἐκ
1418 3335 1509 3378 τοῦ
1567 3327 1755 3387 αἰῶνος

155 3507 332 3576 μένου.

232 3774 332 3822 Καὶ
389 3801 456 3812 -
505 3773 724 3843 γεννηθῇ
757 3771 1083 3846 ςἘρωτῶσιν
1150 3773 1254 3845 οὐχ
1309 3775 1378 3834 ὡς
1426 3780 1580 3826 τοῦτο
1630 3775 1755 3826 ποίν-

153 3878 253 3919 τως
309 3860 338 3918 ἢ
399 3861 558 3912 έκεῖνο
622 3860 1086 3934 ὑπολαμϐάνοντες,
1142 3864 1374 3936 καθάπερ
1429 3865 1479 3915 οἱ
1543 3861 1754 3922 ἀνόητοι

155 3945 408 4002 Ἰουδαῖοι
435 3963 450 3978 ⁶
477 3953 534 4002 τό
562 3952 654 4020 μεν
703 3951 805 4024 γὰρ
864 3950 1111 4024 ἁμαρτεῖν
1162 3956 1261 4025 πρὸ
1322 3959 1414 4005 τοῦ
1443 3954 1754 4024 γεννηθῆναι

153 4033 434 4106 ἀδύνατον,
467 4042 524 4090 τὸ
556 4035 615 4091 δε
640 4040 767 4114 ὑπερ
799 4048 899 4091 τῶν
925 4045 1114 4111 γονέων
1159 4040 1475 4102 κολάζεσθαι
1526 4039 1712 4095 οἷδικον
1737 4059 1749 4072 ⁶

151 4125 260 4178 ἀλλ’
293 4130 436 4179 ἔστιν
469 4129 495 4180 ό
522 4132 718 4190 σκοπός
766 4136 858 4182 τοῦ
887 4128 1044 4200 λόγου
1067 4138 1321 4190 τοιοῦτος.
1378 4130 1437 4182 Ὀ
1461 4134 1550 4202 μὶν
1582 4134 1753 4205 παρά-

148 4215 302 4278 λυτος
333 4213 427 4269 διὰ
469 4219 562 4278 τὰς
606 4217 863 4290 ἁμαρτίας
915 4220 1074 4270 αὐτοῦ
1130 4219 1354 4286 ἠσθένει,
1414 4221 1586 4280 καθὼς
1652 4219 1756 4272 ἐκεῖ

149 4307 524 4378 μεμαθήκαμεν
575 4325 590 4340 ο
640 4311 758 4379 περὶ
808 4309 988 4359 τούτου
1030 4303 1088 4360 δὲ
1143 4307 1254 4374 (⁸75)
1295 4312 1348 4359 τί
1399 4307 1563 4378 λέγεις
1604 4325 1618 4374 ;
1669 4313 1754 4368 Τίς

1863 3162 2022 3210 esset
2061 3156 2259 3210 statim
2334 3155 2495 3210 venit
2547 3155 2622 3208 ad
2670 3152 3026 3208 miraculum
3081 3154 3436 3218 maximum,
3470 3159 3528 3208 et

1864 3261 2054 3316 usque
2085 3245 2159 3300 ad
2191 3244 2249 3298 id
2278 3245 2562 3315 temporis
2593 3257 2909 3312 nunquam
2943 3240 3185 3296 factum.
3218 3242 3526 3313 Siquidem

1863 3338 1920 3388 et
1965 3333 2061 3388 alii
2104 3332 2244 3388 eieci
2286 3332 2481 3387 visum
2536 3335 2904 3400 receperunt,
2947 3345 3152 3384 verum
3187 3329 3287 3402 qui
3339 3346 3374 3386 a
3421 3345 3526 3386 na-

1863 3421 2084 3477 tivitate
2137 3437 2330 3476 caecus
2383 3420 2608 3487 fuisset,
2661 3418 2860 3474 nullus
2928 3433 3118 3489 usque
3149 3417 3226 3472 ad
3273 3417 3331 3472 id
3386 3422 3530 3472 tem-

1863 3527 1996 3584 pus.
2032 3511 2169 3566 Ideo
2219 3510 2418 3574 etiam,
2479 3509 2581 3580 qui
2613 3507 2810 3562 visum
2869 3508 2938 3578 (1)
2969 3506 3207 3577 recepit,
3241 3505 3477 3562 dicebat
3509 3507 3524 3550 ³

1862 3602 1910 3656 Α
1944 3600 2157 3656 δασαιο
2195 3614 2310 3652 ηοη
2374 3603 2455 3654 ρει
2496 3597 2788 3660 auditum,
2843 3595 2999 3668 quod
3049 3594 3346 3664 aperuerit
3377 3596 3528 3667 quis-

1860 3689 2020 3760 piam
2055 3689 2246 3744 oculos
2269 3687 2402 3744 caeci
2453 3687 2585 3742 nati
2633 3687 2700 3739 ⁸ο.

1935 3781 2102 3833 Vers.
2176 3781 2228 3832 2.
2287 3777 2366 3833 Et
2414 3782 2740 3832 nasceretur
2786 3775 2814 3831 ?
2880 3772 3348 3845 lnterrogabant,
3403 3789 3524 3830 non

1863 3868 2028 3939 quod
2079 3867 2191 3922 hoc
2222 3871 2326 3922 aut
2353 3866 2502 3922 illud
2528 3864 2777 3921 omnino
2799 3863 3266 3936 suspicarentur,
3325 3879 3527 3936 quem-

1863 3955 2195 4012 admodum
2263 3955 2610 4027 insipientes
2682 3953 2919 4019 Judaei;
2971 3967 3113 4008 nam
3175 3951 3337 4008 hunc
3394 3967 3528 4023 pec-

1864 4060 2051 4108 casse,
2125 4049 2452 4116 antequam
2511 4048 2688 4099 natus
2757 4046 2929 4106 esset,
2982 4040 3356 4112 impossibile
3403 4045 3527 4096 erat

1864 4149 2042 4205 porro
2068 4149 2175 4205 pro
2221 4133 2572 4204 parentibus
2640 4131 2838 4203 puniri
2871 4130 3158 4200 injustam
3201 4145 3214 4193 ;
3258 4129 3359 4184 sed
3391 4129 3525 4184 ﬁnis

1864 4223 2159 4277 sermonis
2213 4221 2341 4276 talis
2399 4226 2506 4276 est.
2559 4219 2924 4289 Paralyticus
2981 4217 3225 4288 quidem
3284 4221 3526 4288 propter

1862 4314 2110 4381 peccata
2150 4326 2258 4364 sua
2305 4308 2658 4374 aegrotabat.
2719 4308 2868 4361 sicut
2907 4305 2987 4361 ibi
3032 4305 3354 4359 didicimus
3393 4320 3405 4360 :
3450 4305 3524 4360 de

152 4395 401 4467 ἥμαρτεν,
459 4393 604 4453 οὗτος
642 4393 672 4451 ἦ
724 4395 772 4445 οἱ
815 4401 984 4464 γονεῖς
1051 4394 1208 4446 αὐτοῦ
1265 4397 1458 4466 ςήμεῐς
1488 4397 1589 4468 γὰρ
1637 4396 1754 4448 οὔτε

1883 4415 1977 4453 10c
2010 4403 2230 4459 autem.
2301 4397 2443 4454 quid
2505 4396 2654 4450 dicis
2703 4395 2730 4450 ?
2777 4396 2913 4463 Quis
2959 4395 3240 4462 peccavit,
3299 4392 3416 4457 hic,
3447 4408 3521 4450 an

148 4487 306 4533 τοῦτο
327 4483 443 4533 όῦτε
473 4479 630 4533 ἐκεῖνο
662 4477 931 4554 δυνάμεθα
967 4481 1150 4553 λέγειν,
1186 4482 1438 4543 παντελῶς
1469 4482 1754 4557 ἐξαπορού-

148 4587 316 4642 μενοι.

222 4755 272 4792 ⁸ο
291 4755 466 4812 Joan.
496 4771 575 4825 ix,
609 4757 694 4812 32.

1859 4493 2129 4557 parentes
2160 4489 2286 4556 ejus
2325 4485 2354 4540 ἲ
2403 4501 2514 4541 nos
2545 4485 2705 4540 enim
2734 4499 2928 4554 neque
2967 4481 3098 4544 hoc.
3153 4496 3348 4553 neque
3379 4481 3524 4538 illud

1863 4575 2056 4631 dicere
2108 4591 2452 4648 possumus,
2503 4573 2754 4630 omnino
2784 4570 3115 4628 conturbati
3146 4569 3520 4643 consilioque

1862 4663 2145 4721 destituti.

1356 4859 1579 4928 Variae
1608 4859 1938 4929 lectiones
1973 4871 2037 4928 et
2078 4868 2280 4930 notae.

217 5000 330 5072 (it)
352 4998 584 5072 Scilicet
611 4997 1045 5072 Chrysostomi,
1070 5000 1173 5072 qui
1194 5000 1478 5057 audacter
1505 5003 1586 5059 ita
1615 5017 1738 5058 cor-

217 5015 330 5069 υι)
352 5015 584 5054 δοιιιοθι
611 5015 1045 5126 υοτζεοειοωι,
1070 5015 1173 5072 qui
1194 5015 1478 5057 audacter
1505 5015 1586 5059 ita
1615 5017 1738 5058 cor-

144 5070 331 5154 rexit.‘
363 5071 506 5127 Vide
547 5075 689 5126 tom.
774 5071 1203 5154 l‘l.l,'pag.._324.
1246 5073 1742 5154 Chrysostomum

144 5087 312 5151 rex“.
370 5087 506 5127 νιαθ
547 5087 689 5126 tom.
730 5087 1035 5198 v1|.|,_gag.
1074 5087 1203 5128 324.
1246 5087 1740 5154 unrysostomum

142 5144 412 5221 sequitur
430 5157 594 5226 unus
610 5157 681 5199 ex
698 5142 886 5226 codici
939 5159 1006 5226 us
1033 5143 1488 5226 Mosquensrbus
1512 5145 1740 5226 N.Te_s_t.

145 5225 202 5277 ιζ.
227 5213 329 5283 qui
363 5217 449 5267 est
472 5229 604 5268 cum
649 5213 913 5270 scholiis.
956 5213 1259 5282 Origenes,
1313 5215 1415 5288 qui
1447 5222 1594 5272 tom.
1639 5219 1740 5282 XX,

141 5283 203 5337 in
227 5283 516 5340 Joannem
549 5284 678 5341 hinc
707 5287 849 5341 data
884 5301 1067 5358 opera
1121 5287 1556 5357 interpretatur,
1580 5288 1743 5344 hunc

141 5370 386 5427 versum
444 5362 633 5412 totum
698 5358 1096 5427 prmtermisit.
1144 5363 1468 5416 Πεντήκοντα
1502 5366 1743 5415 servant

140 5423 342 5496 Cyl-ill.
379 5433 415 5481 t.
440 5427 566 5502 iV,
593 5443 648 5497 p.
684 5423 786 5483 585
813 5429 872 5502 C.
909 5430 1382 5502 ;ATheophylact.
1421 5447 1476 5502 p.
1518 5433 1623 5502 690
1659 5434 1695 5486 Ε
1727 5448 1740 5496 ;

141 5512 398 5625 geverus
436 5499 496 5552 in
528 5499 750 5554 Catena
803 5499 1082 5566 Corderii,
1126 5499 1184 5573 p.
1207 5499 1318 5556 ’243
1370 5519 1384 5570 ;
1420 5499 1476 5558 et
1503 5501 1740 5558 codices

184 5570 518 5625 robatiores
547 5584 774 5625 omnes.

184 5569 518 5625 robatiores
547 5584 774 5626 omnes.

214 5747 294 5818 (j)
327 5747 438 5817 Qui
468 5747 676 5804 visum.
713 5749 877 5805 Forte
907 5748 1071 5820 legit,
1103 5745 1188 5806 διὸ
1228 5754 1316 5802 καὶ
1345 5751 1370 5803 ό
1424 5749 1736 5828 ἀναϐλέψας.

1920 5005 2033 5076 (72)
2069 5003 2303 5061 Inclusa
2341 5002 2562 5076 absunt
2609 5005 2675 5058 A.
2711 5004 2965 5064 Κτίστης,
2997 4998 3308 5072 quomodo
3338 4999 3518 5076 etiam

1855 5075 2197 5132 Eustathius
2233 5075 2446 5139 scribit,
2478 5075 2583 5147 qui
2641 5091 2779 5131 cum
2840 5077 3025 5147 κτίτης
3051 5075 3383 5143 comparat.
3407 5087 3518 5147 pro

1854 5147 2218 5203 substantive
2253 5143 2515 5220 accipio,"
2559 5161 2697 5211 non.
2764 5150 2824 5201 ut
2875 5145 3184 5216 interpres,
3218 5157 3326 5213 pro
3357 5143 3518 5200 adie-

1855 5220 2034 5275 ctivo.

1925 5291 2038 5362 (73)
2057 5292 2141 5346 Ita
2167 5289 2329 5360 pleru
2341 5305 2518 5362 mque
2533 5288 2994 5360 Chrysostomus
3012 5291 3268 5349 oratorie
3286 5291 3514 5355 laudat,

1851 5361 2025 5434 Joan.
2059 5378 2217 5416 xvm.
2250 5365 2302 5424 6,
2326 5361 2509 5415 ἔπεσον
2540 5367 2738 5434 χαμαί.

1921 5438 1936 5498 (
1945 5433 2257 5497 ’74)Γεννητῆ
2269 5453 2312 5494 ς.

1926 5503 2038 5573 (75)
2063 5507 2122 5556 Δὶ
2152 5504 2324 5560 abest
2364 5511 2403 5558 A
2416 5545 2428 5557 .
