4088 6444
164 351 308 410 1305

1251 349 1596 407 COMMENT
1636 350 1705 407 IN
1742 348 2092 407 JOANNEM.
2135 380 2202 391 —
2239 350 2396 405 CAP.
2441 347 2537 405 IX.

3392 348 3531 405 1306

238 483 340 534 Καὶ
370 511 438 520 -
466 477 694 551 ἕώρακας
721 493 734 544 ;
761 476 948 550 ’ῼοντο
974 478 1076 550 ’γὰρ
1109 475 1260 529 αὑτὸν
1291 475 1446 548 ἐγγὺς
1473 474 1602 530 εἶναι
1641 495 1757 529 πεν-

1943 476 2107 531 Vers.
2141 477 2229 530 57.
2257 475 2429 528 Ει-
2479 473 2679 530 vidisti
2731 471 2760 528 7
2812 471 3110 528 Putabant
3171 471 3330 528 enim
3388 488 3527 528 eum

163 574 392 627 τήκοντα
441 567 562 620 ἐτῶν
613 564 707 620 διὰ
756 571 850 624 τήν
905 567 1242 638 πολυπειρίαν
1298 566 1478 620 αὑτοῦ.
1525 567 1654 618 Τινὰ
1702 561 1761 618 δε

165 667 264 710 τῶν
317 659 428 728 (71)
483 656 808 731 ἀντιγράφων
847 658 1241 729 τεσσαράκοντα
1281 657 1593 730 γράφουσιν,
1636 656 1760 727 ὅπερ

166 743 312 800 δοκεῖ
339 745 718 820 ἀκριϐέστερον.

237 922 387 977 Εἶπεν
439 955 507 965 -
563 924 687 986 εἰμι.
737 924 826 986 Ὠς
891 927 1040 986 Θεός.
1097 928 1197 977 Καὶ
1253 922 1348 975 οὑκ
1406 919 1564 989 εἶπεν,
1627 920 1762 992 Ἐγώ

164 1017 325 1085 ἤμην,
403 1012 508 1065 ἀλλ’
570 1014 700 1084 Ἐγώ
752 1013 860 1086 εἰμι
901 1015 927 1065 ὁ
988 1011 1067 1065 ἀεὶ
1129 1017 1215 1064 ὤν.
1248 1015 1318 1064 Τό
1343 1014 1432 1077 μὶν
1481 1007 1569 1062 οὖν
1626 1013 1762 1081 γενέ-

167 1105 293 1155 σθαι
352 1106 702 1156 κτιστοῠοτὸ
797 1099 856 1155 δε
921 1102 1041 1174 Εἰμὶ
1121 1099 1370 1153 ἀκτίστου
1420 1101 1438 1171 [
1493 1103 1583 1152 καὶ
1644 1100 1760 1171 (72)

163 1197 381 1245 κτίστου

237 1281 402 1357 Ἥραν
439 1309 494 1322 -σ
543 1280 721 1332 αὑτὸν.
779 1283 844 1334 Οἱ
878 1287 1061 1352 ταχεῖς
1101 1283 1228 1353 πρὸς
1257 1284 1404 1352 φόνον
1435 1299 1448 1312 ο
1478 1278 1758 1352 Ἠγρίαναν

164 1373 265 1443 γὰρ
315 1367 560 1433 δόξαντες
609 1368 926 1442 ὑϐρισθῆναι
968 1373 1054 1421 τὸν
1114 1367 1350 1444 Ἀϐραὰμ
1393 1385 1404 1397 ·
1441 1368 1551 1440 ἅμα
1580 1365 1638 1421 δὲ
1670 1372 1760 1420 καὶ

163 1465 369 1531 γνόντες
397 1461 477 1512 ὅτι
507 1455 786 1518 ἀιδιότητα
825 1467 957 1513 Θεοῦ
982 1459 1310 1531 περιτίθησιν
1338 1457 1520 1528 ἐαυτῷ.

237 1639 444 1699 Ἰησοῦς
501 1635 560 1692 δε
607 1637 823 1711 ἐκρύϐη.
869 1639 1119 1712 Ἀὸρατος
1176 1636 1354 1698 αὑτοῖς
1414 1640 1638 1694 κατέστη
1693 1643 1754 1707 τῇ

163 1727 378 1800 ἐξουσίᾳ
407 1736 498 1788 τῆς
538 1729 798 1788 θεότητος.

239 1821 338 1870 Καὶ
371 1820 530 1892 ἱερου.
555 1823 667 1870 Ἰνα
695 1815 998 1874 κατασταλῆ
1033 1817 1058 1868 ὁ
1093 1817 1255 1888 θυμὸς
1283 1815 1472 1870 αὐτῶν.

234 1995 449 2049 Διελθών
479 2027 548 2035 —
577 1995 766 2048 αὑτῶν.
822 2001 908 2054 Μὴ
953 1995 1251 2067 ἰσχυόντων
1283 1991 1412 2046 ἰδεῖν
1453 1993 1625 2050 αὑτὸν.
1663 2000 1759 2050 Καὶ

161 2084 311 2139 διατί
361 2085 456 2137 οὑκ
513 2083 745 2148 ἐξέλυσεν
775 2084 943 2137 αὐτῶν
983 2089 1076 2142 τήν
1127 2081 1348 2155 δύναμιν
1391 2089 1481 2136 καὶ
1538 2091 1765 2155 φανερῶς

161 2174 468 2248 ἀνεχώρησε
488 2191 502 2240 ;
535 2179 676 2227 Διότι
693 2176 802 2227 οὗθ’
825 2175 984 2235 οὑτως
1007 2173 1208 2246 ἔμελλον
1238 2176 1520 2227 πιστεύειν.
1545 2175 1756 2246 Καὶγὰρ

161 2265 212 2318 ἐν
240 2273 309 2335 τῷ
338 2271 503 2337 καιρῷ
535 2271 626 2315 τοῦ
687 2265 892 2324 ῐιάθους
937 2265 1149 2324 ὑπτίους
1181 2263 1293 2332 (73)
1346 2262 1529 2322 αὑτοὺς
1558 2261 1754 2336 ἔρριψε,

159 2359 252 2406 καὶ
281 2357 374 2406 τὰς
395 2353 536 2423 ὄψεις
567 2353 733 2405 αὐτῶν
757 2351 1017 2415 ἱσκότισε,
1059 2357 1148 2404 καὶ
1178 2352 1270 2404 οὐκ
1301 2350 1632 2405 ἐπίστευσαν.
1655 2351 1754 2403 0'3-

161 2439 250 2494 δεν
279 2444 378 2514 γὰρ
410 2449 588 2513 χεῖρον
617 2440 806 2512 ψυχῆς
839 2439 1216 2511 ἀπεγνωκυίας.
1275 2438 1380 2493 Κᾶν
1427 2443 1528 2514 γὰρ
1563 2447 1758 2511 σημεῖα

157 2528 279 2604 ἴδη,
306 2529 400 2583 κᾶν
431 2535 640 2605 τέρατα,
670 2535 807 2604 μένει
836 2534 930 2589 τήν
957 2530 1118 2589 αὑτήν
1161 2533 1367 2603 ἔχουσα
1394 2529 1547 2582 πάλιν
1575 2528 1757 2582 ἀναισ-

155 2625 402 2694 χυντίαν.

237 2715 336 2764 Καὶ
363 2717 596 2783 παρῆγεν
617 2710 801 2772 οὕτως.
832 2708 1103 2773 Ἐϐάδιζεν
1142 2711 1319 2777 οὑτως,
1354 2715 1426 2783 μὴ
1461 2713 1756 2783 φαινόμενος

155 2799 357 2861 αὑτοῖς.

411 2894 556 2942 ΚΕΦ.
601 2886 653 2943 Γ.
681 2893 804 2962 Περὶ
832 2897 924 2941 τοῦ
963 2888 1018 2942 ἔκ
1055 2898 1260 2961 γενετῆς
1289 2888 1503 2962 τυφλοῦ.

233 2982 333 3031 Καὶ
362 3009 432 3018 —
459 2987 684 3049 γενετῆς.
711 2977 933 3031 Βεϐαιῶν
962 2977 998 3030 ἁ
1027 2975 1154 3043 εἷπε,
1185 2983 1274 3030 καὶ
1303 2981 1642 3050 πιστούμενος
1675 2979 1754 3030 ὅτι

155 3072 284 3128 Θεὸς
331 3066 493 3132 ἇστιν,
551 3067 701 3127 εὐθὺς
731 3069 944 3140 ἔρχεται
992 3065 1076 3120 ἐπὶ
1130 3069 1306 3138 θαῦμα
1356 3071 1624 3138 μέγιστον,
1665 3071 1753 3116 καὶ
1787 3080 1826 3135 C

155 3163 315 3226 μήπω
398 3161 564 3228 μέχρι
612 3161 727 3208 τότε
781 3160 1068 3227 γενόμενον.
1127 3153 1320 3228 Τυφλοὶ
1367 3159 1456 3227 μὲν
1507 3159 1609 3228 γὰρ
1666 3159 1754 3206 καὶ

154 3245 305 3298 ἄλλοι
363 3244 640 3314 ἀνέϐλεψαν
684 3260 696 3272 ·
740 3243 928 3314 τυφλὸς
983 3240 1041 3296 δε
1099 3242 1147 3295 ἐν
1194 3253 1400 3315 γενετῆς
1431 3246 1541 3314 (74)
1581 3239 1753 3304 οὐδεὶς

154 3337 291 3408 ἄχρι
310 3341 444 3387 τότε.
485 3336 572 3386 Διό
601 3337 691 3384 καὶ
717 3330 1006 3402 ἀναϐλέψας
1037 3332 1202 3404 ἔλεγεν
1253 3352 1265 3364 ⁸
1302 3333 1388 3385 Ἐκ
1418 3341 1509 3384 τοῦ
1567 3332 1755 3392 αἰῶνος

153 3425 248 3477 οὑκ
278 3424 516 3481 ἠκούσθη
542 3423 622 3474 ὃτι
668 3420 839 3483 ἤνοιξε
863 3440 939 3481 τις
977 3420 1270 3493 ὀφθαλμοὺς
1297 3421 1490 3493 τυφλοῦ
1518 3439 1753 3492 γεγεννη-

156 3530 332 3586 μενου.

232 3782 332 3831 Καὶ
389 3809 457 3820 —
507 3780 725 3850 γεννηθῇ
758 3778 1085 3854 ςἘρωτῶσιν
1152 3779 1256 3851 οὑχ
1310 3781 1380 3840 ὡς
1427 3786 1582 3832 τοῦτο
1631 3781 1756 3831 πάν-

155 3887 254 3928 τως
309 3869 338 3927 ή
400 3870 559 3920 ἐκεῖνο
623 3867 1088 3941 ὑπολαμϐάνοντες,
1145 3870 1376 3942 καθάπερ
1431 3871 1480 3920 οἱ
1545 3866 1756 3927 ἀνόητοι

157 3954 410 4011 Ἰουδαῖοι
437 3971 451 3987 '
478 3961 536 4010 τὸ
564 3960 656 4028 μεν
705 3959 807 4031 γὰρ
866 3958 1114 4030 ἁμαρτεῖν
1165 3962 1263 4032 πρὸ
1324 3965 1416 4010 τοῦ
1445 3960 1756 4030 γεννηθῆναι

156 4043 435 4116 ἀδύνατον,
469 4051 526 4098 τὸ
558 4043 617 4100 δε
642 4049 769 4122 ὑπερ
801 4056 901 4098 τῶν
927 4052 1116 4118 γονέων
1161 4047 1477 4108 κολάζεσθαι
1528 4044 1714 4100 ἄδικον
1739 4064 1751 4078 ο

154 4135 262 4188 ἁλλ’
295 4139 438 4188 ἔστιν
471 4137 497 4189 ὁ
525 4141 720 4199 σκοπὸς
769 4143 860 4189 τοῦ
889 4136 1046 4208 λόγου
1070 4144 1324 4196 τοιοῦτος,
1381 4135 1439 4188 Ὀ
1463 4139 1553 4208 μεν
1585 4139 1755 4210 παράο

151 4225 305 4286 λυτος
336 4222 429 4278 διὰ
471 4228 564 4287 τὰς
609 4225 866 4298 ἁμαρτίας
917 4227 1078 4277 αὑτοῦ
1132 4227 1357 4292 ἠσθένει,
1417 4227 1590 4286 καθὼς
1655 4223 1759 4277 ἐκεῖ

152 4316 527 4387 μεμαθήκαμεν
577 4333 592 4348 ο
643 4319 761 4387 περὶ
811 4317 992 4366 τούτου
1033 4311 1091 4366 δὲ
1146 4314 1258 4381 (75l
1298 4318 1351 4365 τί
1403 4313 1566 4384 λέγεις
1607 4330 1621 4380 ;
1672 4318 1757 4374 Τίς

1872 563 2054 620 ferme
2111 578 2243 619 esse
2293 562 2900 636 quinquagenarium,
2979 565 3222 633 propter
3274 561 3526 617 multam

1871 654 2004 726 ejus
2047 654 2320 725 peritiam
2370 658 2426 708 et
2471 652 2916 724 experientiam.
2987 650 3270 716 Quaedam
3326 656 3526 706 autem

1872 742 2238 814 exemplaria
2306 741 2546 807 habent,
2596 740 3026 813 quadraginta,
3071 739 3248 813 lquod
3296 739 3530 796 videtur

1871 847 1998 887 esse
2029 832 2240 887 verius.

1942 921 2102 975 Vers.
2183 923 2268 976 58.
2323 920 2495 976 Dixit
2559 949 2629 959 —
2693 921 3187 990 sum.Tanquam
3233 918 3407 972 Deus.
3465 918 3530 973 Et

1869 1024 1986 1065 non
2039 1009 2206 1073 dixit,
2269 1012 2390 1078 Ego
2431 1024 2596 1064 eram
2638 1008 2816 1079 ;sed,
2865 1008 2992 1078 Ego
3015 1023 3164 1074 sum,
3222 1007 3320 1078 qui
3375 1022 3532 1062 sem-

1869 1115 1976 1170 per
2006 1115 2162 1154 sum.
2194 1099 2334 1155 Fieri
2363 1098 2654 1170 siquidem
2685 1097 2767 1153 rei
2799 1102 3010 1152 creatae
3039 1100 3159 1164 est;
3189 1097 3334 1153 Sum
3366 1111 3526 1160 vero,

1867 1188 2144 1244 iucreatae
2206 1193 2262 1244 et
2289 1193 2520 1243 creatas.

1939 1279 2102 1333 Vers.
2138 1278 2222 1334 59.
2266 1278 2556 1334 Tulerunt
2593 1309 2655 1318 —
2689 1292 2836 1333 eum.
2862 1276 3108 1332 Veloces
3173 1275 3250 1332 ad
3280 1275 3524 1332 caedem.

1871 1368 2209 1438 Exasperati
2242 1372 2380 1422 sunt
2433 1367 2590 1423 enim
2641 1371 2919 1436 putantes
2965 1365 3183 1435 injuria
3247 1363 3526 1422 affectum

1869 1473 2002 1512 esse
2059 1457 2362 1514 Abraham
2416 1456 2647 1512 :simul
2695 1457 2892 1521 etiam,
2951 1455 3052 1511 ubi
3106 1455 3530 1526 cognovissent

1869 1546 2034 1620 quod
2064 1547 2162 1601 Dei
2194 1545 2574 1602 aeternitatem
2609 1545 2720 1600 sibi
2753 1545 3098 1600 vindicaret.

1942 1637 2108 1691 Vers.
2138 1637 2229 1694 59.
2260 1638 2420 1690 ,Ιεειιε
2459 1641 2651 1690 autem
2676 1636 3006 1691 occultatus
3046 1640 3148 1690 est.
3179 1634 3288 1689 Per
3316 1634 3528 1689 divini-

1870 1727 2003 1783 tatis
2028 1727 2357 1800 potentiam
2388 1725 2696 1782 invisibilis
2747 1726 2834 1781 eis
2867 1725 3134 1781 effectus.

1796 1836 1836 1890 Β
1942 1817 2107 1871 Vers.
2134 1817 2223 1871 59.
2268 1817 2346 1872 Et
2375 1847 2442 1856 —
2490 1815 2716 1884 templo.
2777 1817 2844 1870 Ut
2899 1813 3136 1870 illorum
3170 1814 3404 1870 sedaret
3437 1813 3524 1869 fu-

1871 1921 2066 1962 rorem
2076 1946 2088 1958 .

1943 1995 2108 2051 Vers.
2135 2000 2220 2052 59.
2255 1994 2654 2052 Pertransiens
2699 2024 2764 2034 —
2793 1993 3054 2049 illorum.
3090 1994 3232 2049 Cum
3265 1991 3346 2048 illi
3387 2008 3523 2048 eum

1869 2085 2069 2141 videre
2112 2101 2231 2140 non
2278 2088 2546 2156 possent.
2612 2085 2676 2138 Et
2716 2099 2902 2154 quare
2934 2098 3056 2137 non
3115 2081 3379 2138 dissolvit
3410 2081 3530 2137 illo-

1867 2191 2003 2230 rum
2033 2174 2332 2238 virtutem,
2366 2180 2422 2228 et
2483 2171 2798 2228 manifeste
2872 2171 3114 2227 recessit
3158 2170 3186 2225 ?
3232 2171 3376 2237 Quia
3420 2186 3528 2226 nec

1870 2263 1954 2319 sic
2002 2263 2280 2318 credituri
2353 2266 2542 2317 erant.
2620 2259 2843 2316 Etenim
2892 2265 3162 2331 tempore
3220 2260 3526 2330 passionis

1867 2354 2116 2426 supinos
2149 2353 2281 2409 illos
2310 2352 2541 2423 dejecit,
2591 2365 2922 2421 eorumque
2985 2355 3257 2421 aspectus
3313 2348 3528 2405 obscu-

1865 2445 2036 2510 ravit,
2082 2450 2137 2500 et
2185 2459 2306 2498 non
2357 2441 2753 2496 crediderunt.
2809 2443 2956 2495 Nam
3012 2438 3215 2495 anima
3266 2438 3527 2510 reproba

1865 2533 2015 2589 nihil
2042 2539 2128 2589 est
2157 2534 2331 2606 pejus
2361 2548 2373 2586 :
2407 2531 2538 2587 licet
2567 2529 2725 2586 enim
2767 2529 2942 2599 signa
2985 2529 3185 2585 videat
3221 2544 3292 2584 ac
3325 2527 3525 2600 prodi-

1865 2624 1980 2694 gia,
2010 2639 2177 2678 suam
2210 2627 2407 2678 tamen
2441 2635 2679 2691 semper
2707 2619 2920 2674 retinet
2948 2617 3414 2690 impudentiam.

1935 2714 2100 2769 Vers.
2137 2713 2206 2769 59
2247 2713 2324 2768 Et
2354 2712 2441 2767 ita
2466 2709 2827 2782 praeteribat.
2871 2707 3239 2764 Ambulabat
3272 2707 3372 2773 ita,
3404 2721 3527 2762 non

1865 2819 2161 2876 apparens
2197 2801 2331 2857 illis.

2222 2893 2374 2948 CAP.
2405 2891 2470 2946 X.
2506 2891 2583 2945 De
2611 2905 2745 2944 caeco
2773 2905 2813 2943 a
2838 2888 3166 2944 nativitate.

1935 2984 2074 3055 Cap.
2124 2983 2222 3037 IX.
2279 2982 2420 3037 Vers
2459 2985 2504 3034 t.
2556 2980 2632 3035 Et
2675 3008 2745 3018 —
2775 2978 3105 3032 nativitate.
3157 2973 3530 3031 Conﬁrman-

1863 3071 1962 3136 dn,
2011 3070 2176 3144 quod
2241 3071 2490 3134 dixerat,
2545 3068 2848 3138 ﬁdemque
2879 3066 3122 3130 faciens,
3163 3064 3327 3137 quod
3372 3063 3528 3120 Deus

1863 3166 2021 3215 esset
2060 3160 2258 3214 statim
2333 3158 2494 3213 venit
2546 3157 2620 3211 ad
2670 3154 3025 3210 miraculum
3080 3154 3436 3218 maximum,
3470 3158 3528 3208 et

1863 3265 2053 3321 usque
2085 3249 2158 3304 ad
2191 3247 2248 3302 id
2277 3247 2562 3318 temporis
2592 3259 2909 3314 nunquam
2941 3242 3184 3297 factum.
3217 3242 3526 3314 Siquidem

1862 3343 1920 3393 et
1965 3337 2061 3392 alii
2103 3336 2244 3392 caeci
2286 3335 2481 3390 visum
2536 3336 2903 3403 receperunt,
2946 3346 3151 3386 verum
3186 3330 3286 3402 qui
3339 3346 3373 3386 a
3422 3344 3526 3385 na-

1863 3425 2084 3482 tivitate
2138 3441 2330 3480 caecus
2383 3423 2608 3490 fuisset,
2662 3420 2861 3475 nullus
2928 3433 3118 3490 usque
3149 3418 3226 3473 ad
3273 3418 3331 3473 id
3386 3422 3530 3472 tem-

1863 3531 1996 3588 pus.
2032 3515 2169 3570 ldeo
2219 3513 2419 3577 etiam,
2479 3512 2581 3584 qui
2613 3510 2810 3565 visum
2869 3509 2938 3579 (j)
2969 3507 3206 3578 recepit,
3241 3505 3478 3562 dicebat
3509 3506 3525 3549 ³

1862 3607 1910 3661 Α
1944 3604 2158 3660 sarculo
2196 3617 2311 3656 non
2374 3606 2456 3656 est
2496 3600 2789 3662 auditum,
2844 3596 3000 3669 quod
3049 3594 3346 3666 aperuerit
3377 3595 3528 3667 quis-

1861 3694 2022 3764 piam
2056 3693 2246 3748 oculos
2269 3691 2403 3747 caeci
2454 3689 2586 3745 nati
2633 3690 2702 3742 ⁸ο.

1936 3786 2102 3837 Vers.
2177 3785 2230 3836 2.
2289 3781 2367 3836 Et
2415 3785 2740 3835 nasceretur
2787 3777 2816 3833 7
2881 3773 3348 3845 Interrogabant,
3403 3789 3524 3830 non

1865 3873 2030 3944 quod
2081 3871 2192 3926 hoc
2223 3874 2327 3926 aut
2355 3869 2503 3924 illud
2529 3866 2778 3924 omnino
2801 3864 3267 3937 suspicarentur,
3326 3879 3528 3936 quem-

1865 3959 2196 4016 admodum
2264 3958 2611 4030 insipientes
2683 3955 2920 4019 Judaei;
2972 3969 3114 4009 nam
3177 3952 3338 4008 hunc
3395 3968 3530 4023 pec-

1866 4065 2053 4113 casse,
2127 4053 2453 4120 antequam
2513 4051 2690 4102 natus
2759 4047 2931 4108 esset,
2983 4041 3357 4113 impossibile
3405 4046 3528 4096 erat

1866 4154 2045 4210 porro
2070 4153 2177 4209 pro
2223 4135 2574 4207 parentibus
2641 4132 2840 4205 puniri
2872 4131 3161 4201 injustum
3203 4145 3216 4194 ;
3260 4129 3360 4184 sed
3393 4129 3526 4184 finis

1866 4226 2161 4282 sermonis
2215 4224 2343 4280 talis
2401 4229 2508 4279 est.
2562 4221 2926 4291 Paralyticus
2983 4218 3228 4290 quidem
3287 4222 3528 4289 propter

1865 4318 2113 4385 peccata
2152 4329 2261 4368 sua
2308 4311 2660 4378 aegrotabat.
2721 4309 2870 4364 sicut
2909 4307 2989 4362 ibi
3035 4306 3357 4360 didicimus
3395 4321 3407 4360 :
3452 4305 3526 4360 de

156 4404 404 4475 ἥμαρτεν,
462 4401 606 4461 οὗτος
645 4401 674 4459 ἣ
727 4403 775 4453 οἱ
819 4409 988 4472 γονεῖς
1054 4401 1212 4452 αὑτοῦ
1269 4403 1461 4472 ςὴμείς
1491 4403 1592 4474 γὰρ
1641 4402 1757 4453 οὔτε

1881 4420 1981 4458 ioc
2013 4408 2232 4463 autem.
2303 4400 2446 4458 quid
2509 4399 2656 4454 dicis
2705 4397 2733 4452 ?
2779 4398 2916 4465 Quis
2962 4396 3242 4462 peccavit,
3302 4393 3418 4457 hic,
3449 4409 3523 4450 an

153 4496 309 4542 τοῦτο
330 4492 446 4542 οὔτε
475 4488 634 4542 ἐκεῖνο
665 4485 934 4562 δυνάμεθα
971 4488 1153 4560 λέγειν,
1189 4489 1441 4549 παντελῶς
1473 4488 1757 4562 ἐξαπορού-

153 4597 320 4652 μενοι.

227 4765 276 4801 ⁸ο
295 4764 470 4821 Joan.
500 4779 579 4833 rx,
613 4765 699 4820 32.

1862 4498 2132 4562 parentes
2163 4493 2289 4560 ejus
2328 4488 2356 4544 ?
2406 4504 2516 4544 nos
2547 4487 2708 4543 enim
2737 4500 2932 4556 neque
2970 4483 3102 4546 hoc.
3157 4497 3351 4554 neque
3381 4481 3527 4538 illud

1866 4579 2059 4635 dicere
2111 4595 2456 4652 possumus,
2507 4576 2757 4633 omnino
2787 4571 3118 4630 conturbati
3149 4570 3524 4644 consilioque

1866 4668 2148 4725 destituti.

1361 4863 1584 4933 Variae
1613 4864 1942 4934 lectiones
1977 4875 2042 4933 et
2083 4872 2284 4933 notae.

222 5009 334 5079 (71)
357 5007 588 5063 Scilicet
617 5005 1050 5079 Cbrysostomi,
1075 5006 1178 5078 qui
1199 5006 1483 5062 audacter
1510 5008 1591 5064 ita
1620 5023 1744 5064 cor-

222 5023 334 5079 ιιι)
357 5023 588 5063 bellica!
617 5023 1050 5133 unrpsostoml,
1075 5023 1178 5078 qui
1199 5023 1483 5062 audacter
1510 5023 1591 5064 ua
1620 5023 1744 5064 cor-

151 5079 336 5160 rexit._
369 5079 510 5135 Vide
552 5083 694 5135 tom.
779 5079 1208 5160 l‘li,.pag.”324.
1252 5079 1747 5160 Chrysostomum

151 5094 317 5160 rem.
374 5094 510 5135 Viue
552 5094 694 5135 tom.
735 5094 1040 5205 vuugag.
1079 5094 1208 5134 32+.
1252 5094 1746 5160 unrysostomum

149 5154 417 5230 sequitur
436 5165 599 5232 Aunus
615 5166 686 5207 ex
703 5149 890 5232 codici
944 5167 1011 5232 us
1038 5149 1494 5232 Mosquensrbus
1517 5151 1746 5232 N.Te_s_t.

153 5234 209 5284 κ.
233 5221 334 5292 qui
367 5226 454 5276 est
477 5237 609 5276 cum
654 5221 918 5277 scholiis.
961 5221 1264 5289 Origenes,
1318 5221 1421 5293 qui
1452 5227 1600 5278 tom.
1644 5223 1746 5287 XX,

149 5292 210 5346 in
233 5293 522 5371 Joannem
555 5292 684 5348 haec
713 5295 854 5371 data
889 5308 1073 5371 opera
1126 5294 1562 5371 interpretatur,
1586 5293 1750 5349 hunc

150 5379 391 5434 versum
450 5369 639 5419 totum
704 5365 1102 5434 praetermisit.
1149 5369 1474 5422 Πεντήκοντα
1508 5371 1749 5419 servant

149 5433 348 5506 Cyrill.
385 5441 421 5490 ι.
448 5435 564 5508 ιν,
600 5451 655 5506 p.
691 5433 791 5490 585
819 5437 878 5489 C.
915 5436 1388 5508 ;7Theopbylact.
1427 5452 1483 5508 p.
1525 5437 1630 5508 699
1665 5438 1702 5490 E
1734 5452 1746 5500 ;

150 5521 404 5634 [Sieverus
442 5507 501 5561 in
534 5508 757 5562 Catena
809 5507 1089 5574 Corderii,
1131 5506 1190 5580 p.
1214 5506 1324 5563 '243
1376 5525 1390 5576 ;
1426 5506 1482 5564 et
1510 5506 1746 5563 codices

192 5579 524 5634 robatiores
554 5593 780 5634 omnes.

192 5578 524 5634 robatiores
554 5593 780 5634 omnes.

223 5756 302 5826 (j)
335 5755 445 5826 Qui
475 5755 682 5813 visum.
719 5757 884 5812 Forte
914 5755 1078 5827 legit,
1111 5752 1195 5812 διὸ
1235 5760 1323 5809 καὶ
1351 5757 1376 5809 ὁ
1431 5755 1742 5833 ἀναϐλέψας.

1925 5009 2038 5079 (72)
2073 5007 2307 5064 Inclusa
2347 5005 2581 5079 absunt
2614 5007 2679 5061 Α.
2715 5006 2970 5067 Κτίστης,
3001 4998 3312 5073 quomodo
3342 5000 3522 5079 etiam

1860 5075 2202 5136 Eustathius
2237 5078 2450 5141 scribit,
2483 5078 2588 5150 qui
2645 5093 2784 5133 cum
2845 5079 3029 5150 κτίτης
3055 5075 3387 5144 comparat.
3412 5087 3522 5150 pro

1859 5151 2224 5207 substantivo
2259 5143 2520 5223 accipio,"
2563 5164 2702 5213 non,
2768 5151 2828 5203 ut
2879 5147 3188 5217 interpres,
3223 5158 3331 5214 pro
3361 5143 3523 5201 adie-

1861 5225 2039 5278 cﬁvo.

1931 5295 2043 5366 (73)
2063 5295 2082 5349 Ι
2091 5299 2147 5349 ta
2173 5292 2523 5365 plerumque
2539 5291 3000 5362 Chrysostomus
3017 5291 3273 5350 oratorie
3291 5291 3519 5355 laudat,

1857 5365 2031 5420 Joan.’
2065 5381 2222 5419 xvm.
2256 5369 2307 5427 6,
2331 5368 2514 5418 ἔπεσον
2545 5369 2744 5436 χαμαί.

1928 5437 2318 5502 (74)Γεννητῆς.

1933 5507 2045 5577 (75)
2069 5511 2129 5559 Δὶ
2159 5507 2330 5564 abest
2370 5514 2409 5561 Α
2422 5548 2434 5560 .
