4088 6438
151 349 294 407 1305

1237 347 1582 404 COMMENT
1622 347 1691 404 IN
1729 346 2078 404 JOANNEM.
2121 377 2189 389 —
2226 347 2382 402 CAP.
2426 344 2524 402 IX.

3377 344 3517 402 1306

225 481 326 531 Καὶ
356 509 424 517 -
453 474 680 549 ἑώρακας
707 491 721 542 ;
747 474 935 548 ’ῼοντο
961 475 1063 548 γὰρ
1095 473 1247 526 αὑτὸν
1277 473 1432 546 ἐγγὺς
1460 472 1589 527 εἶναι
1627 493 1742 526 πεν-

1930 473 2093 528 Vers.
2128 474 2215 527 57.
2242 472 2416 526 Et—
2465 471 2665 527 vidisti
2717 467 2746 524 7
2798 468 3096 526 Putabant
3157 468 3317 524 enim
3373 485 3513 525 eum

150 571 378 625 τήκοντα
427 564 549 617 ἐτῶν
599 562 694 617 διὰ
742 569 836 622 την
892 564 1229 636 πολυπειρίαν
1284 563 1464 617 αὑτοῦ.
1511 565 1640 616 Τινὰ
1688 559 1748 615 δὲ

152 665 250 708 τῶν
304 657 415 726 (7t)
469 654 794 729 ἀντιγράφων
833 656 1228 727 τεσσαράκοντα
1267 654 1580 728 γράφουσιν,
1623 653 1746 724 ὅπερ

153 741 299 798 δοκεῖ
326 743 705 818 ἀκριϐέστερον.

224 920 374 975 Εἶπεν
426 953 494 962 -
549 921 674 984 εἰμι.
723 921 812 984 Ὠς
878 925 1026 983 Θεὸς.
1083 926 1183 974 Καὶ
1240 919 1334 972 οὐκ
1393 916 1550 987 εἶπεν,
1613 917 1748 989 Ἐγὼ

151 1014 312 1083 ἤμην,
391 1010 495 1063 ἀλλ’
557 1012 687 1082 Ἐγώ
739 1011 847 1083 εἰμι
888 1013 914 1062 ὁ
975 1009 1054 1063 ἀεὶ
1115 1014 1202 1061 ὧν.
1235 1013 1304 1061 Τὸ
1330 1012 1419 1075 μὲν
1467 1005 1556 1060 οὖν
1613 1011 1749 1078 γενέ-

154 1102 280 1152 σθαι
339 1107 556 1153 κτιστοῦ
590 1104 689 1152 ’τό
784 1097 842 1153 δε
907 1099 1028 1172 Εἰμὶ
1107 1097 1357 1150 ἁκτίστου
1407 1099 1425 1169 [
1480 1101 1570 1150 καὶ
1631 1098 1747 1168 (72)

149 1195 368 1242 κτίστου

223 1279 388 1354 Ἦραν
426 1307 481 1320 -ι
530 1278 708 1331 αὐτόν.
765 1281 831 1332 Οἱ
865 1285 1048 1350 ταχεῖς
1088 1281 1215 1350 πρὸς
1244 1281 1390 1349 φόνον
1422 1297 1434 1310 ·
1465 1276 1746 1350 Ἠγρίαναν

150 1371 252 1441 γὰρ
302 1365 546 1431 δόξαντες
597 1366 913 1440 ὑϐρισθῆναι
954 1371 1042 1419 τόν
1101 1365 1337 1442 Ἀϐραὰμ
1380 1383 1391 1394 ·
1427 1366 1537 1437 οἶμα
1566 1362 1625 1418 δὲ
1657 1369 1747 1417 καὶ

150 1463 356 1529 γνόντες
385 1459 464 1510 ὅτι
495 1453 774 1516 ἀιδιότητα
811 1465 944 1510 Θεοῦ
969 1457 1298 1529 περιτίθησιν
1324 1455 1506 1525 ἑαυτῷ.

224 1637 431 1697 Ἰησοῦς
489 1633 548 1689 δι
594 1635 810 1709 ἐκρύϐη.
856 1637 1106 1709 Ἀόρατος
1163 1634 1341 1696 αὐτοῖς
1401 1637 1624 1692 κατέστη
1679 1641 1741 1704 τῇ

150 1726 365 1799 ἐξουσίᾳ
394 1734 486 1786 τῆς
525 1727 784 1786 θεότητος.

226 1819 325 1869 Καὶ
358 1818 517 1890 ἱεροῦ.
543 1821 654 1868 Ἰνα
681 1813 985 1873 κατασταλῆ
1020 1816 1045 1866 ό
1080 1815 1242 1886 θυμός
1269 1813 1458 1868 αὐτῶν.

221 1993 437 2047 Διελθὼν
467 2025 535 2033 -
564 1993 754 2046 αὐτῶν.
809 1999 895 2052 Μὴ
941 1993 1238 2064 ἰσχυόντων
1271 1989 1398 2044 ἰδεῖν
1439 1991 1612 2047 αὐτόν.
1649 1997 1746 2048 Καὶ

148 2081 298 2137 διατί
349 2083 444 2135 οὐκ
501 2081 732 2146 ἐξέλυσεν
763 2081 930 2135 αὐτῶν
970 2087 1063 2140 τὴν
1113 2078 1334 2153 δύναμιν
1379 2086 1467 2134 καὶ
1525 2089 1752 2153 φανερῶς

148 2172 455 2246 ἀνεχώρησε
475 2189 489 2238 ;
523 2177 664 2225 Διότι
681 2173 789 2225 οὗθ’
813 2173 972 2232 οὕτως
994 2170 1196 2242 ἔμελλον
1225 2173 1508 2224 πιστεύειν.
1531 2173 1743 2243 Καὶγὰρ

147 2263 198 2315 ἐν
227 2271 297 2332 τῷ
325 2269 490 2336 καιρῷ
522 2269 614 2313 τοῦ
675 2263 879 2322 [Ιάθους
924 2263 1136 2321 ὑπτίους
1168 2261 1280 2329 (73)
1333 2260 1516 2320 αὐτοὺς
1544 2259 1740 2334 ἔρριψε,

146 2357 239 2404 καὶ
268 2355 362 2404 τὰς
383 2351 524 2422 ὄψεις
554 2351 721 2402 αὐτῶν
745 2349 1004 2414 ἔσκότισε,
1046 2355 1135 2401 καὶ
1166 2350 1257 2402 οὐκ
1288 2347 1618 2403 ἐπίστευσαν.
1642 2349 1742 2400 Οὗ-

148 2437 238 2492 δεν
267 2441 365 2512 γὰρ
397 2446 575 2511 χεῖρον
605 2437 794 2510 ψυχῆς
826 2437 1204 2509 ἀπεγνωκυίας.
1261 2436 1367 2490 Κᾶν
1414 2440 1515 2511 γὰρ
1550 2444 1744 2508 σημεῖα

144 2526 267 2602 ἴδη,
294 2527 388 2581 κᾶν
418 2533 627 2603 τέρατα,
657 2532 794 2601 μένει
824 2532 917 2587 τὴν
944 2528 1105 2586 αὐτὴν
1149 2531 1354 2600 ἔχουσα
1381 2527 1534 2580 πάλιν
1562 2525 1744 2579 ἀναισ-

142 2624 390 2693 χυντίαν.

225 2713 323 2762 Καὶ
351 2715 583 2781 παρῆγεν
605 2708 789 2770 οὕτως.
819 2706 1090 2770 Ἐϐάδιζεν
1129 2709 1306 2774 οὕτως,
1341 2712 1414 2780 μὴ
1448 2711 1744 2780 φαινόμενος

142 2797 344 2859 αὐτοῖς.

399 2892 544 2940 ΚΕΦ.
588 2884 641 2942 1’.
670 2891 792 2960 Περὶ
819 2894 911 2939 τοῦ
951 2886 1006 2940 ἔκ
1042 2896 1248 2959 γενετῆς
1275 2885 1490 2959 τυφλοῦ.

221 2980 321 3029 Καὶ
350 3007 420 3016 —
447 2985 671 3047 γενετῆς.
699 2975 920 3028 Βεϐαιῶν
950 2975 986 3028 ἂ
1015 2973 1141 3041 εἷπε,
1173 2981 1262 3028 καὶ
1290 2978 1630 3047 πιστούμενος
1663 2977 1742 3026 ὃτι

1857 560 2041 618 ferme
2097 575 2229 616 esse
2279 559 2886 633 quinquagenarium,
2965 562 3208 630 propter
3261 557 3512 614 multam

1857 651 1990 723 ejus
2033 651 2306 723 peritiam
2356 655 2413 706 et
2457 649 2902 722 experientiam.
2973 647 3256 713 Quaedam
3313 653 3513 703 autem

1859 740 2224 811 exemplaria
2293 738 2532 804 habent,
2583 737 3012 810 quadraginta,
3057 736 3234 810 ,quod
3283 736 3516 792 videtur

1857 845 1984 884 esse
2015 829 2227 884 verius.

1928 919 2089 972 Vers.
2169 921 2254 973 58.
2309 917 2481 974 Dixit
2546 947 2615 956 -——
2680 917 3174 988 sum.Tanquam
3219 915 3393 969 Deus.
3451 915 3516 970 Et

1857 1021 1972 1062 non
2025 1007 2193 1071 dixit,
2256 1009 2376 1075 Ego
2417 1021 2582 1062 eram
2625 1005 2802 1076 ;sed,
2852 1005 2978 1075 Ego
3003 1020 3150 1072 sum,
3209 1004 3307 1075 qui
3362 1019 3518 1059 sem-

1855 1112 1962 1166 per
1993 1113 2149 1152 sum.
2181 1097 2320 1152 Fieri
2350 1095 2641 1167 siquidem
2671 1094 2754 1150 rei
2785 1099 2996 1150 creatae
3026 1097 3146 1161 est;
3175 1095 3321 1150 Sum
3352 1109 3513 1157 vero,

1854 1185 2131 1241 increatae
2193 1190 2249 1240 et
2276 1190 2507 1241 creatas.

1926 1277 2089 1331 Vers.
2125 1276 2209 1331 59.
2252 1275 2543 1331 Tulerunt
2579 1306 2642 1315 —
2675 1289 2823 1330 eum.
2848 1273 3095 1330 Veloces
3159 1272 3236 1328 ad
3267 1271 3512 1329 caedem.

1857 1365 2196 1436 Exasperati
2229 1369 2367 1420 sunt
2419 1364 2578 1420 enim
2627 1369 2906 1433 putantes
2952 1362 3170 1433 injuria
3233 1361 3512 1419 affectum

1857 1471 1989 1509 esse
2047 1454 2350 1510 Abraham
2403 1471 2416 1506 :
2459 1453 2634 1508 simul
2682 1453 2879 1518 etiam,
2938 1452 3039 1508 ubi
3093 1451 3516 1523 cognovissent

1856 1543 2021 1616 quod
2051 1543 2149 1598 Dei
2181 1543 2562 1599 aeternitatem
2596 1542 2707 1597 sibi
2739 1542 3085 1597 vindicaret.

1928 1633 2094 1688 Vers.
2125 1635 2216 1690 59.
2247 1635 2407 1688 Jews
2446 1639 2639 1687 autem
2663 1633 2992 1688 occultatus
3033 1637 3134 1686 est.
3165 1631 3274 1685 Per
3303 1630 3515 1686 divini-

1857 1724 1990 1781 tatis
2015 1723 2343 1797 potentiam
2374 1722 2683 1778 invisibilis
2735 1722 2821 1778 eis
2855 1721 3121 1777 effectus.

1783 1833 1823 1888 Β
1929 1815 2093 1868 Vers.
2121 1814 2210 1868 59.
2255 1813 2332 1868 Et
2361 1844 2428 1853 —
2477 1811 2704 1881 templo.
2764 1814 2832 1867 Ut
2886 1810 3124 1866 illorum
3157 1810 3390 1867 sedaret
3423 1809 3511 1865 fu-

1858 1919 2053 1959 rorem
2063 1943 2075 1955 .

1930 1993 2095 2048 Vers.
2122 1997 2207 2048 59.
2242 1991 2642 2048 Pertransiens
2686 2020 2752 2032 --
2780 1990 3042 2046 illorum.
3077 1991 3218 2046 Cum
3253 1988 3334 2044 illi
3373 2005 3510 2044 eum

1857 2082 2056 2138 videre
2099 2097 2218 2137 non
2264 2084 2534 2154 possent.
2599 2082 2664 2135 Et
2703 2095 2890 2151 quare
2921 2095 3043 2134 non
3102 2078 3366 2134 dissolvit
3395 2077 3516 2133 illo-

1854 2188 1990 2227 rum
2021 2171 2319 2235 virtutem,
2353 2176 2410 2226 et
2470 2169 2785 2225 manifeste
2859 2168 3101 2223 recessit
3145 2167 3173 2221 ?
3219 2168 3363 2233 Quia
3407 2183 3515 2222 nec

1857 2261 1941 2316 sic
1989 2261 2268 2316 credituri
2340 2263 2528 2315 erant.
2607 2256 2830 2313 Etenim
2879 2262 3150 2328 tempore
3207 2256 3513 2327 passionis

1853 2351 2104 2423 supinos
2136 2350 2268 2406 illos
2297 2349 2528 2420 dejecit,
2579 2362 2910 2418 eorumque
2973 2351 3244 2418 aspectus
3300 2345 3514 2402 obscu-

1851 2442 2023 2507 ravit,
2069 2447 2124 2497 et
2171 2456 2293 2496 non
2344 2438 2741 2494 crediderunt.
2796 2439 2942 2492 Nam
2999 2435 3202 2492 anima
3253 2435 3514 2507 reproba

1853 2531 2002 2587 nihil
2029 2536 2115 2586 est
2144 2531 2318 2603 pejus
2349 2545 2360 2583 :
2394 2528 2526 2584 licet
2554 2526 2712 2582 enim
2755 2526 2930 2596 signa
2972 2525 3172 2582 videat
3209 2541 3280 2580 ac
3312 2523 3512 2596 prodi—

1852 2621 1967 2691 gia,
1997 2637 2164 2676 suam
2197 2623 2394 2676 tamen
2428 2631 2666 2688 semper
2695 2615 2907 2671 retinet
2935 2613 3401 2686 impudentiam.

1922 2711 2087 2766 Vers.
2124 2710 2193 2766 59
2233 2710 2312 2765 Et
2341 2709 2428 2765 ita
2452 2705 2814 2779 praeteribat.
2859 2704 3227 2761 Ambulabat
3259 2704 3360 2770 ita,
3391 2718 3514 2759 non

1853 2815 2148 2874 apparens
2183 2799 2318 2854 illis.

2209 2889 2361 2946 CAP.
2392 2889 2457 2943 X.
2493 2889 2570 2942 De
2598 2902 2732 2942 creco
2761 2902 2800 2940 a
2825 2885 3153 2940 nativitate.

1923 2981 2062 3052 Cap.
2111 2979 2209 3034 IX.
2266 2980 2408 3034 Vers
2446 2983 2492 3032 t.
2543 2977 2620 3032 Et
2663 3005 2732 3015 -—
2763 2974 3093 3030 nativitate.
3145 2971 3517 3027 Confirman-

143 3069 272 3126 Θεός
319 3063 481 3130 ἔστιν,
539 3065 688 3125 εὐθὺς
719 3067 932 3138 ἔρχεται
979 3063 1063 3117 ἐπὶ
1118 3066 1293 3136 θαῦμα
1344 3069 1612 3136 μέγιστον,
1652 3067 1741 3114 καὶ

1870 3068 1950 3133 in,
1999 3068 2164 3141 quod
2228 3068 2477 3130 dixerat,
2532 3065 2836 3135 ﬁdemque
2866 3063 3110 3127 faciens,
3151 3061 3316 3134 quod
3360 3061 3515 3116 Deus

142 3161 303 3224 μήπω
386 3158 552 3226 μέχρι
599 3159 715 3206 τότε
768 3157 1055 3225 γενόμενον.
1114 3151 1307 3225 Τυφλοὶ
1355 3156 1444 3225 μὲν
1495 3156 1596 3225 γὰρ
1654 3156 1742 3203 καὶ

142 3243 293 3296 ἄλλοι
351 3242 628 3312 ἀνέϐλεψαν
672 3258 684 3271 ’
727 3241 916 3312 τυφλὸς
971 3238 1029 3294 δι
1086 3240 1134 3293 ἐν
1181 3250 1388 3312 γενετῆς
1419 3243 1529 3312 (74)
1569 3236 1740 3301 οὐδεὶς

142 3335 279 3406 ἄχρι
298 3339 432 3385 τότε.
473 3334 560 3384 Διό
589 3336 678 3382 καὶ
705 3328 994 3400 ἀναϐλέψας
1025 3329 1189 3402 ἔλεγεν
1240 3350 1252 3362 ·
1289 3330 1375 3383 Ἐκ
1405 3338 1496 3382 τοῦ
1555 3329 1742 3390 αἰῶνος

141 3423 236 3476 οὐκ
267 3422 504 3479 ἠκούσθη
530 3421 610 3471 ὅτι
656 3418 826 3481 ἤνοιξε
851 3438 926 3479 τις
964 3418 1257 3491 ὀφθαλμοὺς
1285 3419 1476 3490 τυφλοῦ
1505 3437 1741 3490 γεγεννη-

144 3529 320 3584 μενον.

220 3781 320 3830 Καὶ
377 3807 445 3818 -
495 3778 713 3849 γεννηθῆ
746 3776 1072 3852 ;Ἐρωτῶσιν
1140 3777 1244 3848 οὐχ
1298 3778 1368 3838 ὡς
1415 3783 1569 3829 τοῦτο
1618 3778 1743 3830 πάν-

143 3885 242 3926 τως
297 3867 326 3925 ῆ
388 3867 547 3918 ἐκεῖνο
611 3865 1076 3939 ὑπολαμϐάνοντες,
1132 3868 1364 3940 καθάπερ
1419 3868 1468 3918 οἱ
1533 3864 1744 3925 ἀνόητοι

145 3952 398 4009 Ἰουδαῖοι
425 3969 440 3985 ⁸
465 3959 524 4008 τό
552 3958 644 4026 μὶν
693 3957 795 4029 γὰρ
854 3955 1101 4028 ἁμαρτεῖν
1152 3959 1251 4029 πρό
1311 3962 1404 4008 τοῦ
1433 3957 1743 4027 γεννηθῆναι

143 4041 424 4115 ἀδύνατον,
456 4048 514 4096 τὸ
546 4041 605 4097 δε
630 4046 756 4120 ὑπὲρ
789 4053 888 4096 τῶν
916 4049 1104 4116 γονέων
1149 4044 1465 4105 κολάζεσθαι
1516 4042 1702 4097 ἄδικον
1727 4061 1738 4075 ’

142 4133 250 4186 ἀλλ’
283 4137 426 4187 ἔστιν
459 4135 485 4186 ὁ
512 4138 709 4196 σκοπὸς
757 4141 848 4187 τοῦ
877 4133 1034 4206 λόγου
1058 4142 1312 4194 τοιοῦτος.
1368 4133 1427 4186 Ὀ
1451 4136 1540 4205 μὶν
1573 4137 1744 4208 παρά-

139 4223 293 4285 λυτος
324 4220 417 4276 διὰ
459 4226 552 4285 τὰς
597 4223 854 4296 ἁμαρτίας
905 4225 1066 4275 αὐτοῦ
1121 4223 1345 4290 ἠσθένει,
1405 4224 1577 4283 καθὼς
1643 4221 1747 4274 ἐκεῖ

141 4315 515 4386 μεμαθήκαμεν
566 4331 580 4346 ο
631 4317 749 4385 περὶ
799 4314 980 4364 τούτου
1021 4308 1079 4364 δὲ
1133 4311 1246 4378 (Ἲὸὶ
1286 4316 1339 4362 τί
1390 4311 1554 4382 λέγεις
1595 4327 1609 4378 ;
1660 4315 1744 4371 Τίς

1851 3163 2008 3212 esset
2047 3157 2246 3211 statim
2320 3155 2482 3210 venit
2533 3155 2609 3208 ad
2657 3151 3013 3208 miraculum
3068 3151 3424 3214 maximum,
3457 3155 3516 3204 et

1852 3262 2041 3318 usque
2072 3247 2146 3301 ad
2178 3245 2235 3299 id
2265 3244 2549 3315 temporis
2580 3256 2896 3312 nunquam
2929 3239 3172 3294 factum.
3205 3239 3513 3310 Siquidem

1851 3339 1908 3390 et
1953 3334 2048 3389 alii
2091 3333 2232 3389 caeci
2273 3332 2468 3387 visum
2523 3333 2891 3399 receperunt,
2934 3343 3139 3382 verum
3174 3327 3274 3399 qui
3326 3343 3361 3383 a
3409 3341 3514 3382 na-

1851 3423 2072 3479 tivitate
2125 3438 2318 3477 caecus
2371 3420 2596 3486 fuisset,
2649 3417 2848 3472 nullus
2916 3431 3105 3487 usque
3137 3415 3215 3470 ad
3261 3415 3319 3470 id
3373 3419 3517 3470 tem-

1851 3529 1984 3586 pus.
2020 3512 2156 3567 tdeo
2207 3510 2406 3575 etiam,
2467 3509 2569 3580 qui
2601 3507 2798 3562 visum
2857 3506 2926 3576 (j)
2957 3504 3194 3575 recepit,
3229 3503 3466 3559 dicebat
3497 3503 3512 3546 ἓ

1850 3604 1898 3658 A
1932 3601 2145 3657 seculo
2183 3614 2298 3653 non
2362 3603 2443 3654 est
2484 3597 2777 3659 auditum,
2833 3593 2988 3666 quod
3037 3591 3334 3663 aperuerit
3365 3593 3516 3664 quis-

1849 3691 2009 3762 piam
2044 3690 2234 3746 oculos
2257 3687 2390 3744 caeci
2441 3686 2574 3742 nati
2621 3687 2689 3738 ⁸ο.

1924 3783 2090 3834 Vers.
2165 3783 2217 3832 2.
2276 3778 2355 3833 Et
2401 3782 2728 3832 nasceretur
2775 3774 2804 3830 ‘i’
2870 3769 3336 3842 Interrogabant.
3391 3785 3513 3827 non

1853 3870 2017 3941 quod
2069 3868 2180 3924 hoc
2211 3871 2315 3923 aut
2342 3865 2492 3921 illud
2517 3863 2766 3921 omnino
2789 3861 3255 3934 suspicarentur,
3315 3875 3516 3932 quem-

1853 3957 2184 4014 admodum
2251 3955 2599 4027 insipientes
2671 3951 2908 4017 Judaai;
2960 3965 3102 4006 nam
3165 3949 3326 4005 hunc
3383 3964 3518 4020 pec-

1854 4062 2041 4110 casse,
2115 4050 2441 4117 antequam
2500 4047 2678 4099 natus
2747 4045 2919 4104 esset,
2971 4037 3345 4110 impossibile
3393 4042 3517 4092 erat

1854 4151 2033 4207 porro
2058 4151 2165 4206 pro
2210 4133 2562 4204 parentibus
2629 4130 2828 4202 puniri
2860 4129 3148 4198 injustum
3190 4143 3204 4191 ;
3248 4126 3348 4181 sed
3381 4125 3515 4181 ﬁnis

1854 4224 2150 4279 sermonis
2203 4221 2331 4277 talis
2389 4226 2496 4276 est.
2550 4218 2914 4289 Paralyticus
2972 4215 3215 4286 quidem
3275 4218 3517 4286 propter

1854 4316 2101 4382 peccata
2140 4327 2249 4365 sua
2296 4308 2648 4378 aagrotabat.
2709 4306 2859 4360 sicut
2897 4304 2978 4359 ibi
3023 4303 3344 4358 didicimus
3383 4317 3395 4357 :
3441 4301 3514 4356 de

143 4403 392 4474 ἥμαρτεν,
449 4400 595 4459 οὗτος
633 4399 663 4457 ἦ
715 4401 763 4451 οἱ
807 4406 976 4471 γονεῖς
1042 4399 1199 4450 αὐτοῦ
1257 4400 1449 4470 ;ὴμεῖς
1479 4400 1580 4471 γὰρ
1629 4399 1742 4450 οὔτε

1870 4417 1969 4455 ioc
2001 4404 2220 4460 autem.
2292 4397 2434 4455 quid
2497 4395 2645 4450 dicis
2693 4394 2721 4448 ‘P
2767 4395 2904 4462 Quis
2950 4393 3230 4460 peccavit,
3290 4390 3407 4455 hic,
3437 4406 3511 4447 an

141 4495 297 4540 τοῦτο
318 4490 434 4540 όῦτε
464 4486 622 4540 ἐκεῖνο
653 4483 923 4560 δυνάμεθα
959 4486 1141 4558 λέγειν,
1177 4486 1430 4547 παντελῶς
1461 4485 1746 4560 ἐξαπορού-

141 4595 308 4651 μενοι.

215 4763 264 4800 ⁸ο
283 4762 458 4819 Joan.
489 4778 567 4831 lx,
601 4763 687 4818 32.

1850 4494 2120 4559 parentes
2152 4490 2277 4558 ejus
2316 4485 2344 4541 ?
2394 4501 2504 4541 nos
2536 4484 2697 4540 enim
2725 4497 2920 4554 neque
2958 4480 3090 4543 hoc.
3145 4494 3340 4550 neque
3370 4478 3515 4534 illud

1855 4577 2048 4632 dicere
2099 4591 2444 4648 possumus,
2495 4573 2745 4630 omnino
2776 4569 3107 4627 conturbati
3138 4567 3512 4640 consilioque

1854 4665 2137 4722 destituti.

1349 4861 1572 4931 Variae
1601 4862 1931 4931 lectiones
1965 4873 2030 4930 et
2072 4869 2273 4931 notae.

211 5007 323 5077 (Ἠ)
345 5005 576 5061 Scilicet
605 5003 1038 5077 Chrysostomi,
1063 5004 1166 5076 qui
1187 5004 1472 5077 audacter
1498 5006 1579 5061 ita
1609 5020 1732 5060 cor-

211 5020 295 5077 (ιι
307 5020 323 5074 ›
345 5020 576 5061 δοιιιοθι
605 5020 1038 5131 υιιτῦςοειοωι,
1063 5020 1166 5076 qui
1187 5020 1472 5060 audacter
1498 5020 1579 5061 lla
1609 5020 1732 5060 cor-

140 5077 324 5157 rexit.
357 5077 499 5133 Vide
540 5081 682 5132 tom.
767 5077 1197 5157 ttl,_pag.__324.
1240 5076 1736 5157 Chrysostomum

140 5091 306 5158 rexit.
362 5091 499 5133 Viae
540 5091 682 5132 tom.
723 5091 1028 5202 vupgag.
1067 5091 1197 5132 524.
1240 5091 1734 5157 unrysostomum

138 5151 406 5228 sequitur
425 5163 587 5228 unus
603 5163 675 5205 ex
691 5147 878 5228 codici
933 5164 1000 5228 u‘s
1026 5147 1482 5228 {tiosquensrbus
1505 5147 1734 5228 N.Test.

140 5232 197 5285 ς.
221 5217 323 5290 qui
357 5223 443 5274 est
465 5235 597 5274 cum
642 5219 906 5275 scholiis.
949 5217 1252 5286 Origenes,
1307 5218 1409 5290 qui
1441 5224 1588 5275 tom.
1633 5220 1734 5284 XX,

138 5290 198 5344 in
222 5289 510 5345 JOannem
544 5289 672 5346 hinc
701 5292 843 5346 data
878 5305 1061 5363 opera
1115 5289 1550 5360 interpretatur,
1574 5290 1738 5346 hunc

138 5377 380 5432 versum
439 5367 628 5417 totum
692 5362 1089 5432 pratermisit.
1138 5366 1463 5419 Πεντήκοντα
1497 5367 1738 5416 servant

137 5431 338 5504 Cyrill.
373 5439 410 5488 t.
447 5433 552 5498 ιν,
587 5449 643 5503 p.
679 5431 780 5488 585
807 5434 866 5486 C.
903 5433 1376 5505 ;7Theophylact.
1415 5449 1471 5505 p.
1513 5435 1618 5505 699
1653 5435 1690 5488 E
1722 5449 1734 5497 ;

183 5503 392 5577 everus
431 5505 490 5558 in
522 5505 744 5560 Catena
797 5504 1077 5572 Corderii,
1120 5503 1312 5577 p.243
1363 5523 1378 5574 ;
1415 5503 1470 5561 et
1498 5503 1735 5560 codices

181 5575 513 5632 robatiores
542 5590 769 5631 omnes.

324 5753 433 5824 Qui.
463 5753 671 5811 visum.
707 5754 872 5810 Forte
902 5753 1066 5825 tegit,
1099 5749 1184 5810 διό
1223 5758 1311 5806 καὶ
1339 5755 1365 5806 ὁ
1419 5752 1731 5831 ἀναϐλέψας.

1914 5006 2027 5077 (72)
2061 5004 2296 5061 Inclusa
2335 5003 2570 5077 absunt
2602 5004 2668 5058 Α.
2703 5003 2958 5077 Κτίστης,
2989 4995 3301 5070 quomodo
3331 4996 3511 5077 etiam

1848 5071 2190 5133 Eustathius
2226 5075 2439 5139 scribit,
2471 5075 2577 5147 qui
2634 5090 2773 5130 cum
2833 5075 3018 5147 κτίτης
3044 5071 3376 5140 comparat.
3400 5083 3510 5147 pro

1848 5148 2212 5204 substantivo
2247 5140 2508 5221 accipio;
2552 5161 2690 5210 non,
2757 5149 2817 5200 ut
2867 5144 3177 5213 interpres,
3211 5155 3320 5211 pro
3350 5140 3511 5197 adie-

1849 5221 2028 5276 ctivo.

1943 5292 2032 5363 73)
2052 5293 2136 5347 Ita
2162 5289 2512 5362 plerumque
2527 5289 2988 5360 Chrysostomus
3006 5288 3261 5346 oratorie
3280 5287 3508 5351 laudat,

1845 5363 2018 5417 Joan.
2054 5379 2211 5417 xvm.
2245 5366 2296 5425 6,
2320 5365 2503 5416 ἔπεσον
2534 5367 2732 5433 χαμαί.

1917 5434 2252 5500 (74)Γεννητῆ
2265 5454 2307 5494 ς.

1921 5504 2034 5574 (⁸75)
2058 5508 2118 5557 Δὶ
2148 5504 2319 5561 abest
2359 5512 2398 5558 A
2411 5545 2423 5556 .
