4088 6430
687 319 710 378 Ι
721 321 826 377 303

2011 316 2368 377 EUTHYMII
2419 315 2746 374 ZIGABENI
3852 325 3941 388 4305

688 453 842 503 atur.
871 446 1009 503 Vult
1035 445 1190 504 enim
1220 449 1506 512 astruere,
1549 443 1716 518 quod
1773 444 1968 513 major
2008 446 2103 511 sit,
2153 460 2338 517 quam

2456 443 2806 518 Βούλεταιγὰρ
2820 444 3218 497 κατασκευάσαι
3237 445 3318 497 ὅτι
3337 445 3522 517 μείζων
3538 447 3641 499 εστὶ
3655 456 3732 500 τοῦ
3757 449 3939 526 Ἁϐραάμ.

688 536 988 592 Abraham
1026 552 1039 602 ;
1072 552 1213 592 nam
1246 536 1360 592 hoc
1409 535 1468 589 in
1515 534 1784 606 praesenti
1827 549 1948 590 non
2001 534 2171 601 dixit,
2214 550 2343 606 pro-

687 632 818 699 pter
843 625 1108 697 ipsorum
1142 624 1604 697 impudentiam.

760 715 1047 769 νομιῶ.
1110 715 1289 782 Quem
1356 745 1424 753 —
1484 713 1641 767 Vers.
1719 714 1809 769 55.
1873 728 2016 769 etim.
2087 743 2142 754 —
2212 713 2342 767 Non

687 804 1029 873 cognavistis
1069 819 1213 862 eum,
1253 808 1455 872 utpote
1491 800 1774 873 operibus
1829 801 1994 856 illum
2029 807 2338 867 negantes.

689 892 841 948 Dicit
891 892 1051 946 enim
1109 896 1164 946 et
1217 890 1538 962 Apostolus
1583 907 1597 944 :
1653 891 2016 957 Conﬁtentur
2077 905 2137 946 se
2189 905 2344 945 nosse

690 983 898 1044 Deum.
939 982 1111 1049 factis
1141 985 1336 1035 autem
1367 986 1583 1049 negant
1613 981 1684 1036 ⁷⁷.
1714 979 1814 1034 Vel
1849 980 2028 1034 etiam
2076 994 2148 1033 eo
2177 978 2342 1050 quod

688 1085 808 1124 non
839 1069 1180 1136 agnoscatis
1205 1067 1406 1123 Filium
1462 1069 1616 1138 ejus.
1679 1067 1903 1122 Dictum
1957 1071 2045 1121 est
2105 1066 2264 1122 enim
2326 1085 2338 1122 :

687 1159 753 1214 Si
787 1173 878 1214 me
905 1158 1339 1226 cognoscet-etis,
1373 1157 1430 1213 et
1465 1158 1703 1212 Patrem
1755 1172 1940 1211 meum
1993 1156 2196 1228 utique
2252 1171 2344 1212 co-

687 1250 1043 1318 gnosc-cretis
1099 1248 1168 1300 ⁷⁸.
1205 1246 1302 1302 Vel
1355 1262 1427 1301 eo
1483 1248 1649 1318 quod
1709 1260 1829 1300 non
1893 1244 2136 1300 servetis
2209 1245 2340 1315 ejus

690 1351 995 1391 sermones
1025 1355 1041 1406 ;
1075 1350 1218 1391 nam
1273 1335 1320 1390 si
1351 1334 1780 1406 cognosceretis
1809 1350 1969 1398 eum,
2001 1349 2339 1390 sermonem

689 1426 818 1497 ejus
848 1425 1177 1480 servaretis.

761 1514 921 1569 Vers.
955 1514 1043 1569 55.
1096 1515 1222 1583 Ego
1273 1518 1460 1569 autem
1517 1514 1661 1568 navi
1717 1528 1868 1568 eum.
1931 1516 2057 1568 Non
2116 1511 2337 1576 solum,

691 1619 827 1659 cum
858 1618 929 1658 ex
963 1603 1092 1674 ipso
1119 1604 1255 1665 sim,
1302 1611 1357 1657 et
1384 1601 1651 1671 ejusdem
1695 1601 2064 1664 substantias,
2111 1607 2340 1656 natura;

690 1698 746 1748 et
775 1692 1056 1757 scientiae,
1091 1694 1190 1747 sed
1239 1691 1416 1748 etiam
1469 1697 1759 1763 tanquam
1814 1705 2154 1745 sermonem
2212 1690 2341 1758 ejus
2373 1725 2415 1780 Β

691 1796 955 1838 servans.
984 1784 1128 1836 Nam
1159 1785 1216 1836 et
1245 1780 1520 1852 superius
1566 1779 1713 1834 dixit
1765 1796 1778 1834 :
1833 1780 1940 1835 Est
1995 1795 2189 1841 verax.
2240 1779 2342 1849 qui

690 1871 846 1926 misit
882 1885 988 1934 me,
1017 1885 1188 1940 quem
1219 1885 1312 1925 vos
1344 1884 1461 1925 non
1488 1868 1704 1924 nostis:
1743 1883 1846 1938 ego
1874 1882 2009 1923 vero
2032 1869 2170 1922 novi
2188 1884 2339 1935 eum,

691 1961 832 2032 quia
860 1960 935 2014 ab
961 1975 1025 2015 eo
1053 1975 1182 2014 sum
1203 1961 1275 2011 τ’.

761 2049 903 2103 Vers
958 2054 1044 2104 55.
1105 2050 1167 2103 Et
1227 2077 1296 2089 —
1343 2047 1618 2103 mendax.
1655 2047 1771 2102 Vos
1802 2047 1961 2102 enim
2011 2046 2343 2102 mentimini

691 2138 958 2194 dicentes
999 2138 1184 2192 Deum
1237 2142 1501 2192 vestrum
1552 2152 1704 2202 esse,
1758 2153 1894 2191 cum
1952 2152 2070 2191 non
2123 2152 2346 2204 cogno-

693 2228 871 2282 scatis
910 2243 1068 2286 eum.
1114 2233 1176 2281 ut
1234 2225 1584 2297 praedictum
1644 2233 1747 2279 est.
1808 2225 2078 2280 Notitiam
2140 2231 2341 2280 autem

691 2322 748 2372 et
776 2317 1177 2385 cognitionem
1210 2315 1369 2378 dicit,
1413 2330 1588 2369 nosse
1615 2315 1981 2386 simpliciter,
2026 2320 2081 2368 et
2125 2330 2342 2385 cogno-

692 2420 854 2460 scere
906 2404 1067 2476 quod
1127 2406 1197 2459 sit
1259 2404 1413 2458 Deus
1465 2409 1520 2457 et
1577 2403 1759 2464 Pater,
1819 2418 1934 2457 non
2023 2404 2170 2458 scire
2243 2406 2340 2458 Dei

690 2499 986 2549 naturam.
1021 2496 1163 2548 Nam
1192 2495 1324 2563 ipsa
1361 2507 1480 2546 non
1523 2492 1720 2545 solum
1784 2493 2064 2559 cognosci
2119 2493 2337 2562 nequit,

693 2599 894 2638 verum
925 2583 1099 2636 etiam
1131 2583 1377 2636 omnino
1435 2581 1880 2647 inintelligibilis
1929 2587 2016 2636 est
2067 2589 2121 2635 et
2176 2583 2340 2637 inac-

691 2671 1000 2736 cessibilis,
1030 2687 1137 2726 nec
1177 2676 1393 2724 tantum
1428 2668 1794 2734 hominibus,
1855 2671 1960 2724 sed
2011 2676 2066 2725 et
2095 2670 2344 2726 caelesti-

692 2760 802 2814 bus
840 2760 1172 2814 virtutibus.

764 2847 928 2903 Vers.
963 2849 1049 2903 56.
1110 2847 1221 2903 Sed
1274 2878 1338 2887 —-
1395 2862 1584 2903 servo.
1641 2846 1838 2911 Vides,
1872 2847 2032 2919 quod
2091 2848 2191 2904 Dei
2223 2864 2340 2903 ser-

690 2953 933 2993 monem
994 2953 1248 3000 servare,
1303 2936 1540 3005 signum
1597 2937 1666 2991 sit
1719 2936 1884 3008 quod
1947 2938 2083 3009 quis
2153 2940 2336 2993 Deum

690 3032 1031 3094 cognoscat.
1065 3026 1409 3081 Timeamus
1441 3026 1637 3091 igitur,
1686 3026 1850 3098 quod
1883 3027 1978 3081 Dei
2044 3035 2340 3096 praecepta

690 3130 810 3170 non
843 3131 1167 3179 servamus,
1224 3121 1509 3186 tanquam
1541 3131 1679 3170 cum
1736 3116 1821 3169 eis
1877 3117 2201 3186 constituti,
2233 3115 2338 3188 qui

691 3204 878 3259 Deum
912 3205 1206 3273 ignorant.
1241 3204 1460 3259 Deinde
1505 3204 1733 3276 probat,
1784 3204 1948 3276 quod
1995 3206 2188 3275 major
2241 3205 2335 3270 sit,

688 3308 874 3366 quam
903 3294 1226 3349 Abraham.

762 3382 922 3438 Vers.
1003 3387 1087 3438 56.
1131 3383 1436 3439 Abraham
1493 3413 1562 3423 —
1613 3398 1825 3439 meum.
1884 3412 1954 3427 —
2005 3384 2338 3441 Exsultavit

689 3471 816 3527 sive
868 3471 1227 3543 concupivit.
1262 3471 1422 3527 Diem
1463 3475 1655 3526 autem
1721 3487 1901 3526 suum
1979 3471 2125 3528 dicit
2175 3471 2338 3529 diem

687 3575 1006 3633 passionis.

759 3649 921 3705 Vers.
982 3653 1068 3704 56.
1123 3649 1196 3704 Et
1255 3649 1424 3713 vidit,
1484 3655 1539 3705 et
1607 3650 1845 3718 gavisus
1914 3656 2020 3706 est.
2079 3650 2337 3706 Gavisus

687 3743 775 3792 est
799 3744 1035 3808 propter
1088 3737 1333 3792 salutem
1389 3737 1619 3791 mundi.
1693 3738 2103 3806 Prsecognovit
2171 3755 2337 3795 nam-

686 3841 804 3897 que
845 3826 1196 3897 mysterium
1239 3827 1640 3882 crucitixionis
1684 3829 1917 3882 Christi.
1975 3829 2339 3885 Desideravit

687 3914 887 3969 videre
927 3915 1085 3968 diem
1150 3915 1336 3985 ipsius
1375 3923 1426 3969 et
1472 3917 1612 3969 vidit
1661 3916 1826 3970 illum
1881 3917 2332 3987 prteﬁguratum

686 4002 1212 4064 etadumbratum,
1265 4004 1321 4058 in
1373 4003 1466 4057 die
1520 4020 1643 4074 quo
1692 4004 1878 4059 tilium
1930 4022 2105 4060 suum
2169 4006 2335 4063 Isaac

685 4091 897 4147 obtulit
936 4093 993 4147 in
1020 4093 1458 4147 holocaustum.
1508 4093 1708 4147 Didicit
1750 4095 1929 4156 enim,
1977 4096 2133 4166 quod
2188 4098 2336 4153 sicut

686 4182 816 4252 ipse
866 4197 982 4235 non
1056 4183 1318 4252 pepercit
1365 4198 1475 4236 suo
1535 4184 1749 4236 dilecto
1823 4193 2064 4254 propter
2121 4186 2332 4251 Deum,

2455 539 2688 602 Φανερῶς
2744 537 2841 608 γὰρ
2869 541 2957 585 νῦν
2990 533 3083 586 ούκ
3114 530 3220 587 εἶπε
3251 543 3402 588 τοῦτο
3429 531 3463 587 δ
3469 539 3518 587 ιά
3546 540 3626 594 τὴν
3659 535 3942 611 ἀναισχυντίαν

2455 623 2623 674 αὐτῶν
2633 663 2645 676 .

2524 712 2617 763 ’ον
2677 743 2746 753 -
2801 711 2976 764 αὐτὸν.
3040 743 3106 753 -
3148 713 3260 765 Ούκ
3316 712 3560 785 ἐγνώκατε
3613 715 3766 781 αὐτὸν,
3800 721 3851 780 ὡς
3879 731 3943 783 τοῖς

2453 805 2620 875 ἔργοις
2667 800 2966 873 ἀρνούμενοι
3013 801 3185 854 αὑτὸν.
3243 808 3377 860 Φησὶ
3433 807 3532 875 γὰρ
3581 808 3663 854 καὶ
3711 807 3942 860 6"Aro'm.

2452 890 2532 948 λος
2615 892 2694 941 ὅτι
2740 896 2869 942 Θεὸν
2926 891 3268 963 ὁμολογοῦσιν
3325 888 3538 959 εἰδέναι,
3587 901 3686 956 τοῖς
3739 891 3787 948 δι
3838 901 3946 969 ἔργοις

2456 975 2749 1048 ἀρνοῦνται.
2815 979 2880 1032 Ἦ
2939 986 3024 1032 καὶ
3084 984 3149 1040 ὡς
3199 986 3270 1054 μὴ
3327 979 3593 1052 ὶγνωκότες
3639 987 3716 1034 τὸν
3764 987 3855 1036 Titii
3889 991 3944 1038 ir}-

2453 1075 2565 1120 τοῦ.
2621 1073 2902 1140 Προείρηκε
2966 1073 3068 1143 γὰρ
3132 1073 3210 1122 ὁτι
3269 1070 3328 1123 Εἰ
3403 1069 3489 1143 ipf:
3566 1068 3742 1143 ᾔδειτε,
3789 1081 3857 1127 καὶ
3895 1083 3941 1127 τυ

2455 1161 2661 1227 Πατέρα
2721 1177 2822 1227 μου
2881 1153 3055 1229 ᾔδειτε
3111 1159 3190 1211 ἂν.
3255 1158 3318 1212 Ἦ
3381 1162 3446 1220 ὡς
3502 1165 3572 1231 μὴ
3633 1169 3858 1231 τηροῦντες
3895 1171 3942 1216 τὰν

2452 1243 2603 1313 λόγον
2627 1246 2806 1298 αὐτοῦ·
2840 1247 2885 1299 εἱ
2905 1251 3007 1319 γὰρ
3041 1245 3216 1319 ᾔδειτε
3247 1248 3422 1313 αὐτὸν,
3447 1247 3664 1324 impii?!
3689 1250 3741 1301 ἄν
3763 1255 3829 1303 τὸν
3852 1253 3941 1324 ὶογπν

2454 1353 2636 1388 αυτοῦ.

2527 1512 2660 1583 Ἐγὼ
2692 1509 2751 1565 δι
2781 1509 2869 1565 οἶδ
2874 1533 2906 1565 α
2945 1515 3119 1570 αύτόν.
3167 1518 3243 1568 Ού
3273 1521 3425 1588 μόνον
3469 1518 3536 1578 ὡς
3565 1516 3614 1580 ἐξ
3642 1516 3779 1569 αὑτοῦ
3802 1526 3866 1570 καὶ
3891 1529 3943 1576 τῆς

2453 1602 2612 1662 αὐτῆς
2641 1602 2828 1663 ούσίας
2856 1609 2944 1654 καὶ
2971 1607 3171 1675 φύσεως
3199 1610 3288 1658 καὶ
3314 1613 3557 1677 γνώσεως
3585 1611 3668 1671 ὧν,
3696 1606 3802 1658 ἀλλά
3832 1613 3942 1667 suis;

2451 1690 2707 1761 τὸνλόγον
2733 1691 2893 1743 αὑτοῦ
2921 1703 3110 1763 τηρῶν.
3147 1699 3246 1747 Καὶ
3277 1694 3448 1748 ὀπίσω
3478 1693 3540 1748 δι
3571 1692 3714 1760 εἶπεν,
3750 1699 3812 1748 ὁτι
3833 1699 3944 1748 Ἔστιν

2452 1781 2651 1841 ἀληθὴς
2824 1783 2850 1832 ὁ
2873 1781 3081 1853 πεμψας
3117 1802 3200 1854 με,
3232 1784 3286 1835 ὃν
3331 1786 3476 1856 ὑμεῖς
3511 1785 3604 1837 ούκ
3627 1782 3798 1853 οἴδατε,
3828 1785 3892 1856 ἐγὼ
3912 1783 3943 1836 δε

2453 1865 2577 1921 οἶδα
2608 1869 2784 1940 αὑτὸν,
2819 1873 2896 1923 ὅτι
2929 1872 3051 1946 παρ’
3084 1872 3245 1926 αὐτοῦ
3275 1874 3408 1946 εἰμι,

2530 2052 2629 2100 Καὶ
2684 2078 2752 2089 -
2808 2048 3058 2119 ψεύστης.
3116 2047 3378 2104 Ψεύδεσθε
3438 2055 3545 2124 γὰρ
3616 2053 3747 2125 ὑμεῖς
3802 2053 3942 2122 mm;

2454 2137 2677 2206 6?:(67)
2731 2141 2855 2197 Θεὸς
2905 2140 3046 2210 ὑμῶν
3101 2138 3260 2202 ἔστιν,
3304 2141 3362 2192 ού
3414 2143 3520 2213 γὰρ
3584 2140 3805 2213 ἐγνώκατε
3839 2142 3938 2196 τὴν.

2455 2230 2524 2288 ὡς
2579 2234 2903 2301 προείρηται.
2965 2227 3186 2287 Είδησιν
3260 2227 3319 2283 δι
3383 2236 3473 2284 καὶ
3548 2237 3730 2304 γνῶσίν
3786 2251 3876 2303 φησι
3912 2251 3938 2280 τι

2455 2314 2646 2369 εἰδέναι
2671 2324 2759 2369 καὶ
2790 2325 3064 2388 γινώσκειν
3094 2319 3262 2379 ἁπλῶς
3293 2322 3371 2371 ὃτι
3401 2319 3520 2373 ἐστὶ
3563 2326 3683 2383 Θεὸς
3713 2328 3787 2372 καὶ
3824 2327 3935 2378 {in},

2453 2406 2512 2458 οὗ
2552 2410 2654 2476 μὴν
2694 2410 2788 2463 τὴν
2821 2407 2932 2476 (68)
2963 2415 3058 2467 τῆς
3088 2410 3288 2479 φύσεως
3335 2416 3427 2461 τοῦ
3478 2417 3634 2463 Θεοῦ.
3680 2411 3798 2468 Δύτε
3827 2410 3932 2480 opus;

2453 2500 2604 2567 μόνον
2653 2497 2935 2566 ἄγνωστος,
2992 2495 3118 2548 ἀλλὰ
3169 2503 3257 2549 καὶ
3309 2498 3574 2562 παντελῶς
3626 2497 3862 2556 ἀνεννόητος
3887 2518 3924 2545 xz

2455 2582 2876 2656 ἀνεπιχείρητος,
2907 2589 2997 2637 καὶ
3027 2585 3086 2637 ού
3117 2590 3270 2658 μόνον
3301 2585 3615 2661 ἀνθρώποις,
3657 2587 3774 2640 ἀλλά
3796 2595 3848 2639 κει
3869 2592 3922 2642 td;

2453 2672 2714 2745 οὐρανίαις
2755 2670 3060 2746 δυνάμεσιν.

2526 2850 2665 2904 Ἀλλ’
2689 2882 2757 2892 -
2786 2860 2947 2925 τηρῶ.
2972 2857 3123 2923 Ὁρᾷς
3140 2854 3220 2904 ὅτι
3240 2856 3298 2906 τὸ
3326 2855 3411 2906 τὸν
3431 2853 3588 2926 λόγον
3615 2863 3701 2908 τοῦ
3726 2861 3830 2909 Θεοῦ
3847 2859 3942 2924 τιρεῖτ

2456 2945 2669 3012 σημεῖόν
2697 2940 2813 2992 ὶοτι
2836 2949 2926 2992 τοῦ
2953 2937 3145 2993 εἰδέναι
3173 2941 3347 2994 αὐτόν.
3368 2942 3686 3017 Φαϐηθὼμεν
3711 2950 3843 2995 τοίνυν
3859 2945 3947 2992 οιτας

2454 3028 2653 3088 ὶντολάς
2682 3035 2772 3080 τοῦ
2809 3033 2936 3082 Θεοῦ
2967 3033 3038 3100 μὴ
3088 3029 3445 3101 φυλάττοντες,
3481 3034 3555 3094 ὡς
3585 3039 3846 3104 ταττόμενοι
3878 3047 3949 3100 μετα

2453 3127 2551 3169 τῶν
2584 3117 2902 3189 ἀγνοούντων
2948 3122 3033 3170 τὸν
3075 3124 3221 3173 Θεὸν.
3266 3117 3392 3173 Εἶτα
3427 3123 3794 3182 κατασκευάζει
3823 3125 3883 3170 καὶ
3910 3120 3950 3166 ὁτι

2451 3207 2642 3279 μείζων
2674 3206 2788 3259 ἐστὶ
2817 3215 2908 3258 τοῦ
2942 3206 3200 3280 Ἀϐραάμ.

2526 3294 2762 3370 Ἀϐραὰμ
2821 3327 2888 3336 -
2944 3294 3086 3368 ἀμήν.
3151 3327 3218 3337 -
3281 3297 3683 3369 ὐγαλλιοίσατο,
3730 3304 3856 3370 ἤγουν
3893 3295 3951 3345 ἑτι-

2452 3386 2704 3457 θύμησεν.
2780 3385 3025 3459 [Ἡμέραν
3096 3386 3210 3456 (69)
3265 3384 3322 3440 δι
3394 3388 3559 3442 αὐτοῦ
3617 3389 3742 3461 λέγει
3799 3391 3869 3445 τὴν
3906 3390 3953 3434 τεὲ

2452 3483 2703 3547 σταυροῦ.

2523 3657 2622 3706 Καὶ
2679 3649 2806 3715 εἶδε,
2857 3657 2942 3705 καὶ
2998 3652 3190 3728 ἐχάρη.
3252 3655 3453 3729 Ἐχάρη
3506 3653 3600 3710 διὰ
3646 3662 3733 3715 τὴν
3776 3657 3955 3724 σωτηρίαι

2446 3750 2538 3794 τοῦ
2587 3747 2809 3813 κόσμου.
2861 3747 3118 3814 Προγνούς
3159 3746 3259 3816 γὰρ
3312 3747 3370 3796 τὸ
3427 3751 3716 3820 μυστήριον
3764 3752 3957 3804 rigetur

2447 3837 2654 3904 ρὼσεως
2697 3839 2788 3882 τοῦ
2854 3839 3087 3903 Χριστοῦ
3139 3831 3485 3906 ίπεθύμησεν]
3545 3832 3671 3888 ἰδεῖν
3719 3839 3800 3891 τὴν
3832 3834 3957 3901 ἡμέρωι

2447 3921 2628 3984 αὐτοῦ,
2690 3925 2780 3972 καὶ
2829 3916 2962 3972 εἶδεν
3012 3921 3168 3978 αὐτὴν
3227 3920 3247 3993 [
3300 3925 3856 3998 προσκεαγραφηθείσαν
3893 3922 3958 3987 (ἴθι

2445 4008 2558 4080 καὶ]
2589 4004 3010 4061 διατυπωθείσαν
3042 4008 3089 4060 ἐν
3132 4017 3193 4081 τῇ
3241 4012 3410 4082 ἡμέρᾳ
3439 4013 3559 4064 καθ’
3592 4017 3651 4071 ἣν
3681 4011 3883 4079 ἀνήνεγκε
3914 4011 3958 4055 rs”-

2447 4102 2558 4150 υἱὸν
2598 4097 2757 4150 αὑτοῦ
2805 4115 2891 4148 τον
2921 4099 3106 4150 Ἰσαὰκ
3159 4099 3231 4159 εἰς
3283 4099 3664 4172 ὁλοκαρπωσιν.
3707 4100 3869 4170 Ἐμαθε
3901 4097 3958 4164 7i;

2448 4190 2549 4253 ὃτι,
2599 4189 2771 4255 ὥσπερ
2821 4185 2972 4246 αὐτὸς
3021 4186 3114 4239 ούκ
3154 4190 3391 4259 ἑφείσατς
3448 4199 3542 4242 τοῦ
3592 4192 3704 4242 υἱοῦ
3754 4189 3881 4240 αὑτοῦ
3910 4203 3960 4232 τω

685 4270 765 4325 ita
803 4285 998 4341 neque
1039 4271 1188 4324 Deus
1231 4272 1561 4341 parciturus
1615 4277 1770 4327 esset
1835 4272 1975 4327 Filio
2030 4290 2140 4328 suo
2190 4275 2337 4329 dile-

2451 4275 2724 4346 ἀγαπητοῦ
2761 4270 2853 4326 διὰ
2892 4279 2978 4326 τὸν
3018 4279 3166 4341 Θεὸν,
3219 4277 3378 4338 οὕτως
3421 4275 3547 4331 ούδε
3599 4280 3625 4330 ὁ
3662 4280 3770 4338 Θεὸς
3803 4281 3957 4348 prima

686 4367 780 4415 cto
811 4368 1050 4431 pmpter
1076 4360 1402 4415 hominem.
1440 4363 1503 4414 Et
1528 4361 2047 4432 quemadmodum
2080 4363 2177 4417 ille
2204 4380 2335 4433 por-

686 4451 826 4505 tavit
867 4449 1023 4520 ligna
1058 4449 1384 4504 holocauin
1452 4449 1560 4516 sui,
1629 4451 1706 4504 ita
1758 4456 1812 4504 et
1841 4451 1965 4521 ipse
1999 4459 2337 4522 portaturus

685 4543 838 4593 esset
874 4538 1106 4606 lignum
1148 4538 1351 4592 mortis
1390 4554 1531 4592 suas.
1579 4539 2016 4605 Verumtamen,
2051 4541 2200 4596 sicut
2239 4541 2336 4596 illo

685 4642 802 4681 non
845 4643 1026 4698 passo
1059 4627 1400 4698 suppositus
1432 4633 1516 4681 est
1555 4627 1708 4681 aries
1747 4644 1758 4681 :
1794 4627 1874 4683 ita
1932 4634 1988 4684 et
2040 4629 2154 4684 hoc
2206 4647 2338 4686 ma-

684 4722 861 4771 nente
892 4715 1267 4788 impassibili,
1299 4715 1646 4771 humanitas
1672 4718 1801 4787 ejus
1825 4717 2022 4772 occisa
2041 4719 2337 4783 εει.ουοά

689 4803 738 4857 si
763 4803 919 4859 diem
953 4806 1079 4874 ejus
1110 4804 1311 4860 videre
1341 4803 1716 4868 desideravit,
1759 4804 1965 4878 utique
2013 4806 2126 4862 hoc
2187 4813 2332 4878 erat,

687 4894 976 4963 tanquam
1018 4893 1290 4964 majoris.

758 5103 1103 5173 "Tit.l,16.
1205 5107 1712 5177 "Joan.vui,t9.
1791 5111 2150 5177 "Joan.vn,
2179 5115 2267 5168 26.

2449 4375 2539 4417 τοῦ
2571 4366 2693 4417 Υἰοῦ
2724 4364 2883 4416 αὐτοῦ
2922 4370 3013 4416 τοῦ
3043 4362 3318 4434 ἀγαπητοῦ
3360 4362 3454 4418 διὰ
3481 4371 3567 4419 τὸν
3612 4368 3866 4440 ἄνθρωπον.
3902 4367 3954 4412 [πε

2450 4458 2622 4524 ὥσπερ
2699 4453 2847 4514 οὗτος
2895 4451 3153 4505 ἐϐάστασε
3203 4457 3267 4506 τὰ
3313 4454 3440 4517 ξύλα
3493 4465 3594 4518 τῆς
3649 4455 3954 4526 ὁλοκαρπώςεως

2452 4544 2629 4606 αὐτοῦ,
2672 4543 2806 4593 οὕτω
2833 4540 3066 4603 κάκεῖνος
3115 4540 3374 4614 βαστάσει
3404 4548 3459 4596 τὸ
3486 4544 3637 4608 ξύλον
3678 4553 3762 4597 τοῦ
3811 4542 3952 4594 eum

2447 4633 2625 4684 αὐτοῦ.
2682 4630 2818 4688 Πλὴν
2870 4631 3103 4702 καθάπερ
3165 4635 3350 4684 τούτου
3415 4638 3678 4704 μείναντος
3732 4631 3949 4685 ἀπαθούςῖ

2445 4723 2591 4792 κριὸς
2642 4718 2820 4783 ἐτύθη,
2888 4720 3022 4771 οὕτω
3073 4718 3310 4773 κάκείνου
3381 4725 3621 4793 μένοντος
3687 4721 3882 4777 ἀπαθοῦς
3923 4716 3947 4762 τέ

2446 4808 2762 4883 ἀνθρώπινον
2829 4808 2989 4861 αὐτοῦ
3058 4811 3546 4880 σφηιασθήσεταε,
3625 4811 3685 4864 Εἰ
3753 4806 3805 4862 δι
3849 4805 3944 4858 ἑπεὲν

2445 4916 2610 4969 μησεν
2659 4893 2788 4950 ἰδεῖν
2840 4902 2933 4955 την
2991 4898 3186 4970 ἡμέραν
3249 4897 3429 4970 αὐτοῦ,
3493 4902 3565 4962 ὡς
3613 4900 3832 4973 μείζονος
3880 4913 3939 4946 πεν

2445 5007 2564 5048 τως.

1909 5288 2123 5356 Variae
2161 5288 2491 5358 lectiones
2535 5300 2599 5357 et
2642 5298 2841 5357 notae.

755 5445 866 5521 (66)
904 5446 966 5501 In
1010 5449 1308 5521 contextu,
1337 5446 1452 5521 illo
1482 5446 1540 5501 in
1578 5447 1706 5521 loco
1749 5447 1931 5521 codd.
1985 5450 2334 5521 Euthymius

685 5514 1273 5591 h‘abentwvulgatum
1329 5517 1608 5591 ἀληθινός.
1652 5519 1764 5591 Sed
1815 5514 2334 5591 Chrysost.'rel'ert

687 5586 1066 5662 magnam.
1102 5587 1239 5653 Vill,
1262 5604 1329 5662 _p.
1363 5590 1485 5659 294,
1510 5590 1635 5656 295,
1668 5586 1999 5662 aliquoties.

753 5661 867 5729 (67)
892 5657 951 5710 '0
981 5657 1299 5730 interponit
1328 5665 1394 5716 Α.

753 5729 866 5802 (68)
934 5736 1039 5788 Τήν
1121 5729 1289 5788 abest
1363 5737 1428 5786 A.
1519 5730 1787 5787 Refertur
1852 5731 1922 5788 ad
1990 5731 2194 5793 ιῖδησιν
2243 5740 2330 5789 καὶ

2444 5460 2656 5522 γνῶσιν.

2517 5524 2628 5597 ([59)
2670 5521 2898 5597 inclusa
2922 5520 3152 5597 absunt
3170 5522 3236 5597 Α.
3300 5593 3335 5597 __
3365 5594 3373 5597 _
3401 5594 3415 5597 _
3555 5595 3564 5597 _
3655 5596 3661 5597 γ
3885 5579 3897 5597 “

2517 5595 2627 5664 (70)
2670 5593 2907 5649 Inclusa
2938 5592 3161 5648 absunt
3199 5595 3264 5648 Α.
3300 5593 3518 5652 [bidem
3553 5595 3770 5668 legitur,
3804 5591 3935 5662 sed“
3986 5591 3987 5672 Ῐ

2447 5666 2793 5718 θυπωθεῖσαν.
3986 5681 3987 5696 ‘
