4088 6432
177 329 320 387 1305

1261 329 1608 388 COMMENT
1647 331 1715 388 IN
1753 330 2104 388 JOANNEM.
2146 363 2214 374 —
2251 333 2408 388 CAP.
2453 329 2549 388 IX.

3403 333 3424 388 1
3437 334 3542 391 306

250 461 351 512 Kal.
381 488 449 497 —
477 455 706 530 ἑώρακας
731 472 746 523 ;
771 455 959 530 ⁸’ῼοντο
985 457 1087 529 γὰρ
1119 455 1271 509 αὑτὸν
1301 455 1456 528 ἐγγὺς
1485 455 1614 510 εἶναι
1651 477 1758 510 πεν-

1954 457 2118 513 Vers.
2152 459 2240 512 57.
2269 457 2440 512 Et—
2490 456 2690 513 vidisti
2743 455 2771 511 7
2823 455 3121 513 Putabant
3183 456 3342 513 enim
3399 473 3538 514 eum

175 551 402 605 τήκοντα
452 545 573 598 ἐτῶν
623 543 717 598 διὰ
767 551 860 602 τὴν
916 546 1253 618 πολυπειρίαν
1309 546 1489 600 αὑτοῦ.
1535 548 1664 599 Τινά
1713 542 1772 598 δὲ

176 645 274 688 τῶν
327 637 439 706 (71)
493 635 818 710 ἀντιγράφων
857 637 1252 708 τεσσαράκοντα
1291 637 1604 710 γράφουσιν,
1647 637 1770 708 ὅπερ

178 721 323 778 δοκεῖ
349 724 728 798 ἀκριϐέστερον.

247 900 398 955 Εἶπεν
449 934 517 943 -
572 903 696 965 εἰμι.
747 902 836 965 Ὠς
901 907 1050 966 Θεὸς.
1107 908 1206 957 Καὶ
1263 902 1358 955 οὐκ
1416 899 1574 970 εἶπεν,
1637 901 1772 973 Ἐγώ

175 995 335 1064 ἤμην,
413 990 518 1044 ἀλλ’
579 992 710 1062 Ἐγώ
761 992 869 1064 εἰμι
911 995 936 1044 ὁ
998 991 1076 1045 ἀεὶ
1138 997 1224 1044 ὤν.
1258 995 1328 1044 Τό
1353 995 1442 1058 μεν
1491 989 1579 1044 οὖν
1636 995 1772 1062 γενέ-

177 1083 302 1134 σθαι
362 1085 712 1134 κτιστοῦ’τό
806 1077 865 1134 δε
930 1081 1050 1154 Εἰμὶ
1131 1079 1380 1133 ἀκτίστου
1430 1082 1447 1152 [
1503 1085 1593 1133 καὶ
1654 1082 1770 1151 (72)

172 1175 390 1223 κτίστου

246 1259 410 1334 Ἦραν
449 1287 503 1300 -ο
552 1259 730 1311 αὐτόν.
787 1262 853 1312 Οἱ
887 1267 1070 1332 ταχεῖς
1110 1263 1238 1333 πρός
1267 1265 1414 1332 φόνον
1444 1281 1457 1293 ο
1487 1259 1768 1333 Ἠγρίαναν

172 1351 275 1421 γὰρ
324 1345 568 1411 δόξαντες
618 1347 935 1421 ὑϐρισθῆναι
977 1353 1064 1401 τόν
1123 1348 1360 1424 Ἀϐραὰμ
1403 1367 1414 1378 ³
1450 1349 1560 1421 ἅμα
1589 1346 1647 1402 δὲ
1679 1353 1769 1401 καὶ

171 1443 377 1509 γνόντες
407 1440 485 1490 ὃτι
516 1434 795 1496 ἀιδιότητα
833 1446 966 1492 Θεοῦ
990 1440 1320 1511 περιτίθησιν
1347 1438 1528 1508 ἐαυτῷ.

245 1616 452 1678 Ἰησοῦς
509 1613 569 1670 δε
615 1615 831 1690 ἐκρύϐη.
877 1618 1127 1691 Ἀόρατος
1185 1616 1363 1678 αὐτοῖς
1423 1621 1646 1675 κατέστη
1701 1625 1762 1688 τῇ

172 1705 386 1779 ὶξουσίᾳ
415 1714 506 1766 τῆς
546 1708 806 1767 θεότητος.

246 1799 346 1849 Καὶ
379 1798 538 1870 ἱεροῦ.
563 1801 674 1848 Ἵνα
702 1795 1006 1855 κατασταλῆ
1041 1798 1066 1848 ὁ
1101 1798 1263 1868 θυμός
1291 1795 1480 1850 αὐτῶν.

241 1973 457 2027 Διελθών
487 2005 556 2014 --
584 1974 774 2027 αὐτῶν.
829 1980 916 2034 Μὴ
961 1974 1259 2047 ἰσχυόντων
1291 1971 1420 2027 ἰδεῖν
1460 1975 1632 2030 αὐτόν.
1670 1981 1766 2032 Καὶ

170 2061 318 2117 διατί
369 2063 463 2116 οὐκ
520 2062 752 2127 ἔξελυσεν
783 2063 950 2116 αὐτῶν
990 2069 1084 2122 τὴν
1133 2061 1355 2135 δύναμιν
1399 2069 1488 2117 καὶ
1546 2073 1772 2136 φανερῶς

171 2152 474 2225 ἀνεχώρησε
495 2169 508 2219 ;
542 2158 684 2206 Διότι
700 2156 809 2206 οὔθ’
832 2154 992 2214 οὕτως
1014 2152 1216 2225 ἔμελλον
1245 2156 1528 2207 πιστεύειν.
1552 2157 1763 2227 Καὶ-γὰρ

170 2242 218 2295 ἐν
247 2251 315 2313 τῷ
344 2249 510 2316 καιρῷ
541 2250 633 2293 τοῦ
694 2244 898 2304 Ῐιάθους
943 2245 1156 2304 ὑπτίους
1188 2243 1300 2312 (73)
1353 2243 1537 2303 αὐτοὺς
1565 2242 1760 2317 ξόῥιψε,

169 2337 258 2384 καὶ
287 2336 381 2384 τὰς
402 2331 542 2402 ὄψεις
573 2331 740 2384 αὐτῶν
763 2330 1024 2395 ἔσκότισε,
1065 2338 1154 2384 καὶ
1185 2333 1277 2384 οὐκ
1307 2331 1638 2386 ἐπίστευσαν.
1661 2333 1761 2384 Οὐ·

171 2416 256 2472 δεν
285 2422 384 2492 γὰρ
416 2427 594 2492 χεῖρον
624 2419 813 2492 ψυχῆς
845 2419 1223 2491 ἀπεγνωκυίας.
1281 2419 1387 2473 Κᾶν
1433 2424 1535 2495 γὰρ
1570 2428 1764 2492 σημεῖα

168 2506 286 2582 ἴδη,
313 2507 407 2560 κᾶν
438 2513 646 2584 τέρατα,
676 2514 813 2582 μένει
843 2514 936 2568 τὴν
963 2510 1124 2569 αὐτὴν
1168 2514 1373 2583 ἔχουσα
1401 2510 1553 2563 πάλιν
1581 2509 1762 2562 ἀναισ-

166 2603 408 2672 χυντίαν.

243 2693 342 2741 Καὶ
369 2696 602 2762 παρῆγεν
623 2689 806 2750 οὕτως.
838 2688 1109 2752 Ἐϐάδιζεν
1148 2691 1325 2757 οὕτως,
1359 2695 1432 2763 μὴ
1467 2694 1762 2764 φαινόμενος

166 2777 364 2839 αὐτοῖς.

417 2873 562 2921 ΚΕΦ.
607 2865 659 2922 1’.
687 2872 810 2941 Περὶ
837 2875 929 2921 τοῦ
969 2867 1024 2922 ίκ
1061 2878 1265 2941 γενετῆς
1294 2869 1508 2942 τυφλοῦ.

238 2960 339 3009 Καὶ
368 2987 437 2996 -
464 2965 689 3028 γενετῆς.
717 2956 938 3010 Βεϐαιῶν
968 2957 1003 3010 ἁ
1032 2955 1158 3023 εἷπε,
1190 2963 1280 3011 καὶ
1308 2961 1647 3030 πιστούμενος
1681 2960 1759 3010 ὅτι

1882 544 2065 602 ferme
2121 561 2254 601 esse
2304 546 2911 618 quinquagenarium,
2990 550 3233 618 propter
3285 546 3538 602 multam

1881 635 2014 708 ejus
2057 636 2331 707 peritiam
2381 641 2437 692 et
2481 636 2927 708 experientiam.
2998 635 3280 700 Quaedam
3337 642 3537 692 autem

1882 725 2249 796 exemplaria
2317 723 2557 790 habent,
2608 724 3036 796 quadraginta,
3081 724 3258 798 ,quod
3308 724 3540 782 videtur

1881 829 2008 869 esse
2039 814 2250 869 verius.

1952 903 2112 957 Vers.
2193 907 2278 959 58.
2332 903 2506 960 Dixit
2570 933 2639 942 —
2704 905 3197 974 sum.’l‘anquam
3243 903 3416 958 Deus.
3475 903 3540 959 Et

1879 1006 1995 1047 non
2049 991 2216 1056 dixit,
2279 995 2399 1061 Ego
2441 1007 2605 1048 eram
2649 991 2826 1062 ;sed,
2876 992 3001 1062 Ego
3026 1007 3174 1059 sum,
3231 993 3330 1063 qui
3385 1008 3543 1048 sem-

1878 1097 1985 1152 per
2015 1098 2172 1136 sum.
2204 1082 2344 1138 Fieri
2373 1081 2664 1154 siquidem
2695 1081 2778 1137 rei
2809 1086 3020 1137 creata
3049 1085 3169 1148 est;
3198 1083 3344 1138 Sum
3375 1097 3536 1146 vero,

1876 1169 2154 1226 iucreatze
2215 1176 2272 1226 et
2298 1176 2530 1227 creatae.

1949 1261 2111 1316 Vers.
2148 1261 2232 1316 59.
2275 1261 2566 1317 Tulerunt
2602 1292 2664 1301 —
2698 1276 2846 1317 eum.
2871 1260 3118 1317 Veloces
3182 1260 3259 1316 ad
3290 1260 3534 1317 caedem.

1880 1350 2218 1421 Exasperati
2251 1355 2389 1406 sunt
2441 1351 2600 1406 enim
2650 1355 2928 1420 putantes
2975 1349 3193 1420 injuria
3256 1349 3535 1407 affectum

1879 1455 2010 1494 esse
2068 1439 2372 1496 Abraham
2425 1457 2438 1492 :
2481 1439 2656 1495 simul
2704 1440 2901 1505 etiam,
2961 1439 3061 1496 ubi
3115 1440 3538 1511 cognovissent

1877 1528 2043 1601 quod
2073 1529 2171 1583 Dei
2203 1529 2583 1584 aeternitatem
2618 1529 2729 1584 sibi
2762 1529 3107 1585 vindicaret.

1951 1619 2116 1674 Vers.
2147 1620 2237 1676 59.
2268 1620 2428 1673 Jews
2467 1625 2660 1674 autem
2685 1620 3014 1675 occultatus
3055 1625 3156 1674 est.
3187 1619 3296 1674 Per
3324 1619 3537 1675 divini-

1878 1709 2012 1765 tatis
2037 1709 2364 1782 potentiam
2395 1709 2704 1765 invisibilis
2756 1710 2842 1765 eis
2877 1709 3142 1765 effectus.

1803 1818 1844 1872 Β
1951 1799 2114 1853 Vers.
2142 1799 2231 1854 59.
2275 1799 2353 1854 Et
2383 1830 2450 1839 —
2498 1798 2724 1867 templo.
2785 1801 2852 1854 Ut
2908 1797 3145 1854 illorum
3179 1799 3412 1855 sedaret
3444 1798 3532 1854 fu.

1879 1903 2073 1944 rorem
2084 1929 2096 1940 .

1951 1978 2115 2033 Vers.
2142 1982 2228 2034 59.
2263 1977 2662 2034 Pertransiens
2707 2007 2772 2018 —
2801 1977 3062 2034 illorum.
3098 1979 3239 2034 Cum
3273 1976 3354 2033 illi
3395 1993 3532 2034 eum

1877 2067 2076 2123 videre
2119 2083 2238 2122 non
2284 2071 2554 2140 possent.
2619 2069 2684 2121 Et
2723 2082 2909 2138 quare
2942 2082 3063 2122 non
3123 2067 3386 2122 dissolvit
3418 2067 3538 2122 illo-

1874 2172 2010 2212 rum
2041 2157 2339 2221 virtutem,
2373 2163 2430 2212 et
2490 2155 2805 2211 manifeste
2879 2156 3121 2211 recessit
3165 2155 3193 2210 ?
3239 2157 3383 2222 Quia
3427 2171 3536 2212 nec

1877 2245 1961 2301 sic
2009 2245 2288 2301 credituri
2359 2249 2548 2300 erant.
2627 2243 2851 2299 Etenim
2900 2250 3170 2315 tempore
3227 2245 3533 2316 passionis

1873 2337 2123 2408 supinos
2156 2336 2288 2391 illos
2317 2335 2548 2406 deiecit,
2598 2349 2929 2406 eorumque
2991 2339 3264 2405 aspectus
3320 2334 3534 2390 obscu-

1871 2427 2042 2492 ravit,
2088 2432 2143 2482 et
2190 2441 2312 2481 non
2363 2424 2760 2480 crediderunt.
2815 2427 2962 2480 Nam
3018 2423 3222 2480 anima
3272 2423 3534 2496 reproba

1873 2515 2021 2571 nihil
2048 2521 2134 2571 est
2163 2516 2337 2588 pejus
2367 2531 2379 2569 :
2413 2513 2545 2570 licet
2573 2513 2731 2569 enim
2774 2513 2950 2583 signa
2991 2513 3191 2570 videat
3228 2529 3298 2569 ac
3332 2513 3532 2584 prodi-

1871 2605 1986 2675 gia,
2016 2622 2183 2660 suam
2215 2609 2413 2661 tamen
2447 2618 2685 2674 semper
2714 2603 2926 2658 retinet
2954 2602 3420 2674 impudentiam.

1942 2695 2105 2750 Vers.
2143 2695 2212 2751 59
2252 2695 2330 2750 Et
2359 2695 2447 2750 ita
2472 2692 2833 2764 praeteribat.
2876 2691 3245 2749 Ambulabat
3278 2693 3378 2758 ita,
3411 2707 3533 2748 non

1871 2800 2166 2858 apparens
2202 2784 2337 2840 illis.

2227 2875 2379 2930 CAP.
2411 2874 2475 2929 X.
2511 2875 2589 2927 De
2615 2889 2750 2928 caeco
2779 2888 2818 2926 a
2843 2872 3171 2928 nativitate.

1941 2966 2080 3037 Cap.
2129 2965 2227 3019 IX.
2284 2965 2425 3019 Vers
2463 2969 2509 3018 1.
2560 2963 2638 3018 Ει
2681 2992 2750 3002 --
2781 2962 3110 3016 nativitate.
3163 2959 3535 3016 Conﬁrman-

165 3049 289 3105 Θεός
337 3044 498 3111 ἔστιν,
556 3045 706 3106 εὐθὺς
735 3049 949 3120 ἔρχεται
997 3045 1080 3099 ἰπὶ
1135 3049 1311 3118 θαῦμα
1361 3053 1630 3118 μέγιστον,
1671 3053 1758 3098 καὶ

1887 3053 1967 3118 in,
2017 3053 2181 3125 quod
2246 3053 2494 3116 dixerat,
2549 3051 2854 3122 ﬁdemque
2885 3051 3128 3115 faciens,
3168 3049 3333 3122 quod
3378 3049 3533 3106 Deus

163 3141 320 3203 μήπω
403 3139 568 3206 μέχρι
617 3140 732 3187 τότε
786 3139 1072 3207 γενόμενον.
1131 3133 1325 3208 Τυφλοὶ
1372 3140 1461 3207 μὲν
1513 3140 1614 3209 γὰρ
1671 3141 1759 3188 καὶ

162 3222 310 3275 ἄλλοι
367 3222 645 3293 ἀνέϐλεψαν
689 3239 701 3252 ⁶
744 3222 932 3294 τυφλὸς
987 3220 1046 3276 δὲ
1104 3223 1151 3276 ἓν
1199 3233 1405 3295 γενετῆς
1436 3226 1546 3295 (74)
1586 3220 1758 3285 οὐδεὶς

160 3315 296 3385 ἄχρι
315 3319 449 3366 τότε.
490 3315 576 3364 Διό
605 3316 695 3364 καὶ
722 3309 1010 3382 ἀναϐλέψας
1041 3311 1206 3384 ἔλεγεν
1257 3332 1270 3344 ο
1306 3313 1392 3366 Ἐκ
1423 3322 1513 3365 τοῦ
1571 3313 1759 3374 αἰῶνος

159 3401 252 3454 οὐκ
283 3403 520 3459 ἠκούσθη
546 3402 626 3452 ὅτι
673 3399 844 3463 ἤνοιξε
867 3419 942 3461 τις
981 3400 1273 3473 ὀφθαλμοὺς
1301 3403 1494 3474 τυφλοῦ
1522 3421 1758 3473 γεγεννη-

159 3508 336 3563 μενον.

237 3761 336 3809 Καὶ
393 3787 460 3798 —
510 3759 729 3830 γεννηθῇ
763 3758 1088 3833 ;Ἑρωτῶσιν
1155 3759 1259 3831 οὐχ
1314 3761 1383 3821 ὡς
1431 3767 1584 3813 τοῦτο
1634 3762 1759 3813 πάν-

159 3864 257 3906 τως
312 3847 342 3905 ἣ
404 3848 562 3898 έκεῖνο
627 3847 1092 3920 ὑπολαμϐάνοντες,
1147 3851 1379 3924 καθάπερ
1434 3852 1483 3902 οἰ
1548 3848 1759 3909 ἀνόητοι

161 3932 413 3989 Ἰουδαῖοι
441 3950 454 3966 ·
481 3940 538 3989 τὸ
567 3939 659 4007 μεν
708 3938 810 4010 γὰρ
869 3937 1116 4010 ἁμαρτεῖν
1167 3942 1266 4011 πρὸ
1327 3946 1419 3991 τοῦ
1448 3941 1759 4011 γεννηθῆναι

160 4021 438 4094 ἀδύνατον,
471 4029 529 4078 τό
561 4022 620 4078 δε
645 4027 772 4101 ὑπερ
803 4035 904 4078 τῶν
931 4032 1119 4098 γονέων
1164 4027 1480 4089 κολάζεσθαι
1531 4025 1716 4081 ἄδικον
1742 4046 1754 4059 ⁸

159 4112 265 4166 ἀλλ’
297 4117 440 4167 ἔστιν
474 4116 500 4167 ό
527 4119 723 4178 σκοπός
771 4123 862 4168 τοῦ
891 4115 1048 4187 λόγου
1073 4124 1326 4176 τοιοῦτος.
1383 4116 1442 4169 Ὁ
1466 4121 1555 4189 μὲν
1587 4121 1758 4192 παρά-

155 4202 307 4265 λυτος
339 4200 432 4256 διὰ
474 4207 566 4265 τὰς
611 4203 868 4277 ἁμαρτίας
920 4207 1080 4256 αὐτοῦ
1135 4206 1359 4272 ἠσθένει,
1419 4207 1591 4266 καθὼς
1657 4205 1761 4259 ἐκεῖ

157 4294 530 4365 μεμαθήκαμεν
580 4312 594 4327 ο
646 4298 762 4366 περὶ
813 4296 994 4346 τούτου
1035 4290 1093 4346 δὲ
1147 4295 1260 4361 (⁵75)
1299 4299 1353 4346 τί
1405 4293 1568 4365 λέγεις
1609 4311 1624 4361 ;
1674 4299 1758 4356 Τίς

1867 3147 2025 3197 esset
2065 3142 2263 3196 statim
2337 3141 2499 3196 venit
2551 3141 2625 3194 ad
2674 3139 3030 3194 miraculum
3085 3140 3442 3204 maximum,
3475 3144 3534 3194 et

1868 3247 2058 3303 usque
2089 3231 2163 3286 ad
2195 3230 2252 3285 id
2281 3231 2566 3302 temporis
2597 3243 2913 3299 nunquam
2947 3227 3189 3283 factum.
3223 3228 3531 3300 Siquidem

1867 3325 1924 3374 et
1970 3319 2065 3374 alii
2108 3319 2248 3375 caeci
2289 3318 2485 3373 visum
2540 3321 2908 3386 receperunt,
2951 3331 3156 3370 verum
3191 3316 3291 3388 qui
3344 3333 3378 3372 a
3427 3331 3532 3372 na-

1868 3407 2088 3464 tivitate
2142 3423 2335 3463 caseus
2389 3407 2613 3473 fuisset,
2665 3404 2865 3459 nullus
2933 3419 3122 3475 usque
3154 3404 3230 3458 ad
3277 3404 3335 3458 id
3391 3409 3534 3459 tem-

1867 3513 2000 3570 pus.
2035 3497 2173 3552 ldeo
2223 3496 2423 3561 etiam,
2483 3495 2586 3567 qui
2617 3494 2814 3549 visum
2874 3493 2942 3564 (j)
2974 3492 3211 3563 recepit,
3245 3491 3483 3548 dicebat
3513 3493 3529 3536 ε

1866 3588 1914 3642 Α
1948 3586 2162 3642 δασαιο
2199 3600 2315 3639 non
2379 3589 2459 3640 est
2500 3583 2794 3646 auditum,
2849 3581 3004 3653 quod
3053 3580 3350 3650 aperuerit
3381 3582 3532 3653 quis-

1865 3676 2025 3746 piam
2060 3675 2250 3731 oculos
2273 3674 2406 3730 cwci
2457 3673 2590 3728 nati
2637 3674 2705 3725 ⁸ο.

1940 3767 2106 3820 Vers.
2181 3768 2233 3818 2.
2292 3764 2371 3820 Et
2419 3768 2744 3818 nasceretur
2790 3761 2819 3817 ‘i
2886 3758 3352 3830 lnterrogabant,
3407 3775 3528 3816 non

1868 3855 2032 3926 quod
2084 3854 2195 3909 hoc
2226 3858 2330 3909 aut
2358 3853 2507 3908 illud
2532 3850 2782 3908 omnino
2804 3849 3270 3922 suspicarentur,
3329 3865 3531 3922 quem-

1867 3941 2200 3998 admodum
2266 3941 2614 4014 insipientes
2686 3939 2923 4005 Judmi;
2974 3953 3117 3994 nam
3180 3937 3340 3994 hunc
3397 3953 3532 4009 pec-

1869 4047 2056 4095 casse,
2129 4035 2456 4102 antequam
2515 4035 2693 4086 natus
2761 4031 2934 4092 esset,
2987 4026 3360 4098 impossibile
3408 4032 3531 4082 erat

1868 4136 2047 4192 porro
2072 4136 2179 4191 pro
2225 4119 2576 4190 parentibus
2644 4117 2842 4189 puniri
2875 4117 3163 4187 injustum
3205 4132 3218 4180 ;
3262 4115 3363 4170 sed
3395 4115 3530 4171 ﬁnis

1869 4209 2164 4263 sermonis
2218 4207 2346 4263 talis
2403 4213 2510 4262 est.
2565 4205 2929 4276 Paralyticus
2985 4203 3230 4274 quidem
3289 4208 3531 4274 propter

1867 4300 2115 4367 peccata
2154 4313 2263 4351 sua
2310 4295 2662 4361 aegrotabat,
2723 4294 2873 4348 sicut
2911 4292 2991 4348 ibi
3037 4291 3359 4346 didicimus
3397 4307 3409 4346 :
3455 4291 3528 4346 de

160 4382 406 4454 ἧμαρτεν,
464 4380 608 4440 οὗτος
647 4379 676 4438 ἢ
729 4383 776 4432 οἱ
821 4388 990 4452 γονεῖς
1056 4380 1214 4432 αὐτοῦ
1271 4383 1463 4453 ςὴμείς
1493 4383 1594 4455 γὰρ
1643 4383 1758 4434 οὔτε

1887 4402 1982 4440 loc
2015 4389 2234 4445 autem.
2305 4383 2448 4441 quid
2511 4382 2658 4437 dicis
2707 4381 2735 4436 ‘i
2781 4383 2918 4450 Quis
2964 4381 3244 4448 peccavit,
3304 4379 3420 4444 hic,
3451 4395 3525 4436 an

156 4474 311 4519 τοῦτο
333 4471 448 4520 όῦτε
478 4467 635 4520 ἐκεῖνο
667 4464 936 4542 δυνάμεθα
972 4467 1154 4540 λέγειν,
1191 4469 1444 4530 παντελῶς
1475 4468 1759 4544 ἐξαπορού-

157 4574 322 4629 μενοι.

229 4742 278 4778 ⁸ο
297 4742 470 4800 Joan.
501 4759 580 4812 ιχ,
614 4743 700 4800 32.

1864 4480 2134 4544 parentes
2165 4475 2291 4543 ejus
2330 4471 2358 4527 ‘i’
2407 4488 2518 4528 nos
2549 4471 2710 4526 enim
2739 4485 2934 4541 neque
2971 4468 3103 4530 hoc.
3158 4483 3352 4540 neque
3383 4467 3528 4524 illud

1867 4561 2060 4618 dicere
2112 4577 2458 4634 possumus,
2509 4559 2758 4616 omnino
2789 4557 3120 4615 conturbati
3151 4556 3525 4630 consilioque

1867 4650 2150 4707 destituti.

1362 4845 1584 4914 Variae
1614 4845 1943 4915 lectiones
1978 4857 2042 4915 et
2084 4855 2285 4916 notae.

223 4986 335 5059 (ἶί)
358 4985 588 5059 Scilicet
617 4984 1050 5059 Chrysostomi,
1075 4986 1179 5059 qui
1200 4987 1484 5043 audacter
1511 4989 1592 5045 ita
1620 5004 1744 5044 cor~

152 5057 318 5131 rexit.
370 5058 511 5114 Vide
552 5062 694 5113 tom.
726 5057 868 5131 Vlll,
901 5073 1040 5131 pag.
1074 5057 1209 5131 324.
1252 5059 1747 5131 Chrysostomum

152 5073 318 5113 rem.
375 5073 511 5114 V108
552 5073 694 5113 tom.
735 5073 868 5122 νιιι,
899 5073 1040 5185 Eag.
1079 5073 1209 5114 324.
1252 5073 1746 5131 uurysostomum

151 5128 418 5208 sequitur
436 5145 599 5211 unus
615 5145 686 5186 ex
703 5129 890 5211 codici
945 5146 1011 5211 UAS
1039 5129 1494 5211 Mosquens'rbus
1517 5132 1746 5211 N.Te_s_t.

153 5212 209 5274 ᾳ.
233 5200 334 5274 qui
368 5204 454 5254 est
477 5216 609 5274 cum
654 5200 918 5256 scholiis.
961 5200 1264 5269 Origenes,
1318 5201 1421 5274 qui
1452 5207 1600 5258 tom.
1645 5205 1745 5268 XX,

149 5269 210 5324 in
233 5269 521 5325 Joannem
555 5271 684 5327 haec
713 5273 854 5327 data
890 5288 1072 5345 opera
1127 5269 1562 5343 interpretatur,
1585 5274 1748 5330 hunc

150 5357 392 5413 versum
449 5347 639 5398 totum
704 5345 1100 5413 praetermisit.
1149 5349 1474 5402 Πεντήκοντα
1508 5352 1749 5400 servant

148 5411 348 5484 Cyrill.
385 5419 421 5468 t.
446 5413 569 5488 iV,
599 5430 654 5484 p.
690 5411 791 5470 585
819 5415 878 5468 C.
915 5416 1388 5488 ;_Theophylact.
1427 5433 1482 5488 p.
1525 5418 1629 5488 690
1664 5419 1701 5471 Ε
1733 5433 1746 5481 ;

149 5499 404 5560 peverus
442 5485 500 5539 in
533 5486 756 5541 Catena
809 5486 1088 5553 Corderii,
1129 5485 1323 5560 p.243
1375 5506 1389 5556 ;
1425 5485 1481 5544 et
1509 5487 1746 5544 codices

149 5556 524 5613 Srobatiores
553 5571 779 5612 omnes.

334 5733 444 5804 Qui
474 5733 682 5791 visum.
718 5735 882 5792 Forte
913 5734 1077 5806 legit,
1109 5731 1194 5792 διό
1233 5740 1321 5789 καὶ
1350 5737 1376 5789 ό
1430 5735 1741 5814 ἀναϐλέψας.

1925 4991 2039 5062 ('72)
2074 4989 2308 5046 Inclusa
2347 4989 2567 5062 absunt
2614 4990 2680 5045 Α.
2715 4991 2970 5051 Κτίστης,
3001 4984 3312 5058 quomodo
3343 4985 3523 5062 etiam

1861 5060 2202 5118 Eustathius
2238 5061 2451 5126 scribit,
2483 5062 2588 5134 qui
2646 5077 2785 5118 cum
2845 5064 3029 5118 κτίτης
3055 5060 3522 5184 οοωρδτει.ἑξτο

1861 5134 2224 5184 substantive
2259 5134 2507 5184 accipio.
2564 5147 2702 5184 non.
2769 5136 2828 5184 ut
2879 5132 3188 5184 interpres.
3223 5143 3332 5184 nro
3361 5143 3397 5184 a
3443 5144 3522 5184 le-

1859 5134 2224 5189 substantivo
2259 5132 2518 5207 accipio,
2564 5147 2702 5197 non,
2769 5136 2828 5187 ut
2879 5132 3188 5202 interpres,
3223 5143 3332 5199 pro
3361 5132 3523 5186 adie-

1861 5207 2039 5260 cﬁvo.

1931 5277 2043 5348 (73)
2063 5278 2147 5332 Ita
2173 5275 2524 5348 plerumque
2539 5275 3000 5346 Cbrysostomus
3017 5277 3273 5336 oratorie
3291 5277 3519 5341 laudat.

1857 5347 2030 5420 Joanﬁ.’
2065 5364 2222 5403 xvm.
2256 5352 2307 5410 6,
2332 5347 2514 5402 ἔπεσον
2545 5353 2744 5420 χαμαί.

1927 5419 2318 5484 (74)Γεννητῆς.

1932 5489 2044 5559 (75)
2068 5494 2128 5542 Δὶ
2159 5490 2329 5546 abest
2369 5497 2434 5544 Α.
