4088 6458
178 347 321 405 1305

1264 345 1609 403 COMMENT
1649 347 1718 403 IN
1755 345 2105 403 JOANNEM.
2147 377 2216 389 —
2253 347 2410 402 CAP.
2455 344 2550 402 IX.

3404 346 3426 401 1
3439 347 3544 403 306

252 479 353 528 Καὶ
382 506 451 515 -
479 472 708 547 ἑώρακας
734 489 748 540 ;
774 471 962 546 ’ῼοντο
987 473 1090 546 γὰρ
1122 472 1274 525 αὐτόν
1305 471 1459 544 ἐγγύς
1487 471 1616 526 εἶναι
1654 492 1765 525 πεν-

1956 473 2120 528 Vers.
2154 473 2242 526 57.
2270 471 2442 526 Et—
2491 471 2692 527 vidisti
2744 468 2773 525 7
2825 468 3123 526 Putabant
3184 469 3344 526 enim
3401 487 3540 527 eum

177 569 404 623 τήκοντα
454 563 575 615 ἐτῶν
626 560 720 615 διὰ
769 568 864 618 τὴν
919 563 1256 634 πολυπειρίαν
1311 561 1492 616 αύτοῦ.
1538 564 1667 615 Τινὰ
1715 557 1775 614 δε

179 662 277 706 τῶν
330 653 442 724 (71)
496 652 821 727 ἀντιγράφων
860 654 1254 725 τεσσαράκοντα
1294 653 1606 727 γράφουσιν,
1649 652 1772 723 ὅπερ

181 739 326 796 δοκεῖ
352 741 731 816 ἀκριϐέστερον.

251 917 400 972 Εἶπεν
452 951 519 960 -
575 919 700 982 εἰμι.
750 919 838 982 Ὠς
904 923 1053 982 Θεός.
1110 924 1209 973 Καὶ
1267 918 1361 971 οὐκ
1419 915 1576 986 εἶπεν,
1639 916 1774 988 Ἐγὼ

177 1012 338 1081 ἤμην,
417 1007 522 1060 ἀλλ’
583 1010 713 1080 Ἐγὼ
765 1008 873 1081 εἰμι
915 1011 940 1061 ό
1001 1008 1079 1061 ἀεὶ
1141 1013 1228 1060 ὧν.
1261 1011 1330 1060 Τὸ
1356 1011 1445 1074 μεν
1494 1003 1582 1059 οὖν
1639 1009 1775 1078 γενέ-

180 1100 306 1151 σθαι
365 1105 582 1151 κτιστοῦ
616 1101 715 1150 ’τό
809 1094 868 1150 δε
933 1098 1054 1171 Εἰμὶ
1133 1096 1383 1149 ἁκτίστου
1433 1097 1451 1168 [
1507 1101 1596 1149 καὶ
1657 1096 1773 1166 (72)

175 1192 394 1240 κτίστου

249 1276 414 1352 Ἦραν
452 1304 506 1317 —-
556 1276 734 1328 αὐτόν.
791 1279 856 1329 Οἱ
891 1284 1074 1348 ταχεῖς
1113 1279 1242 1349 πρὸς
1270 1280 1416 1347 φόνον
1448 1296 1460 1308 ο
1491 1274 1772 1348 Ἠγρίανοιν

176 1368 278 1439 γὰρ
328 1362 572 1429 δόξαντες
622 1364 939 1438 ὑϐρισθῆναι
981 1369 1068 1418 τόν
1127 1364 1363 1440 Ἀϐραὰμ
1406 1382 1417 1393 °
1453 1365 1564 1436 ἅμα
1593 1361 1651 1417 δὲ
1683 1369 1773 1416 καὶ

175 1461 381 1527 γνόντες
411 1457 490 1508 ὅτι
520 1451 799 1514 ἀιδιότητα
837 1463 970 1508 Θεοῦ
995 1456 1323 1527 περιτίθησιν
1350 1454 1532 1524 ἐαυτῷ.

250 1633 456 1694 Ἰησοῦς
513 1631 573 1687 δὲ
619 1632 836 1707 ἐκρύϐη.
881 1635 1131 1707 Ἀόρατος
1189 1632 1367 1694 αὐτοῖς
1427 1636 1650 1690 κατέστη
1704 1639 1766 1703 τῇ

176 1723 390 1796 ἐξουσίᾳ
420 1731 511 1784 τῆς
550 1724 810 1784 θεότητος.

251 1817 350 1866 Καὶ
383 1815 542 1888 ἱεροῦ.
568 1819 679 1865 ’Ίνα
706 1811 1011 1871 κατασταλῆ
1045 1814 1070 1864 ὁ
1105 1813 1266 1884 θυμὸς
1295 1811 1484 1866 αὐτῶν.

246 1990 462 2044 Διελθών
491 2023 560 2031 —
588 1991 779 2044 αὐτῶν.
834 1997 920 2049 Μὴ
965 1990 1264 2062 ἰσχυόντων
1295 1987 1424 2042 ἰδεῖν
1465 1990 1637 2046 αὐτόν.
1674 1996 1771 2046 Καὶ

175 2079 323 2134 διατί
373 2080 468 2132 οὐκ
525 2079 757 2144 ἐξέλυσεν
788 2080 955 2132 αὐτῶν
995 2085 1088 2138 τὴν
1139 2077 1360 2151 δύναμιν
1403 2084 1493 2132 καὶ
1551 2088 1777 2152 φανερῶς

175 2169 479 2242 ἀνεχώρησε
500 2187 513 2236 ;
547 2175 689 2222 Διότι
705 2171 814 2222 οὔθ’
837 2171 996 2230 οὕτως
1018 2168 1221 2241 ἔμελλον
1250 2171 1533 2223 πιστεύειν.
1556 2171 1768 2242 Καὶγὰρ

175 2260 224 2312 ἐν
251 2268 321 2330 τῷ
349 2267 516 2333 καιρῷ
547 2267 638 2310 τοῦ
699 2261 904 2320 ῐιάθους
949 2261 1161 2320 ὑπτίους
1193 2259 1305 2328 (73)
1357 2258 1541 2318 αὐτούς
1570 2257 1765 2332 ἓῤῥιψε,

174 2355 264 2401 καὶ
293 2353 386 2402 τὰς
407 2349 548 2419 ἅψεις
579 2349 745 2401 αὐτῶν
769 2347 1028 2410 ἓσκότισε,
1071 2353 1160 2400 καὶ
1190 2348 1282 2400 οὐκ
1313 2345 1644 2402 ἐπίστευσαν.
1667 2348 1767 2400 Οὔ-

176 2433 262 2489 δεν
291 2439 390 2509 γὰρ
421 2444 600 2509 χεῖρον
629 2435 818 2508 ψυχῆς
850 2435 1228 2507 ἁπεγνωκυίας.
1287 2434 1392 2489 Κᾶν
1439 2439 1540 2509 γὰρ
1575 2442 1769 2508 σημεῖα

173 2523 292 2600 ἴδη,
318 2524 412 2578 κᾶν
442 2531 652 2601 τέρατα,
682 2530 818 2599 μένει
848 2529 941 2584 τὴν
968 2526 1130 2585 αὐτὴν
1173 2530 1378 2599 ἔχουσα
1405 2525 1558 2579 πάλιν
1587 2524 1768 2578 ἀναισ-

147 2652 150 2653 ν
172 2621 414 2689 χυντίαν.

249 2710 348 2758 Καὶ
375 2713 607 2778 παρῆγεν
629 2705 812 2768 οὕτως.
844 2705 1114 2769 Ἐϐάδιζεν
1153 2707 1330 2772 οὕτως,
1365 2710 1437 2779 μὴ
1472 2709 1768 2779 φαινόμενος

173 2794 369 2856 αὐτοῖς.

423 2889 568 2938 ΚΕΦ.
612 2881 665 2939 Ι’.
693 2889 816 2958 Περὶ
843 2892 935 2937 τοῦ
975 2884 1030 2938 ἔκ
1066 2894 1271 2956 γενετῆς
1300 2884 1514 2957 τυφλοῦ.

245 2977 345 3026 Καὶ
374 3004 444 3012 —
470 2982 695 3044 γενετῆς.
722 2972 944 3026 Βεϐαιῶν
973 2973 1009 3026 ἃ
1038 2970 1164 3039 εἷπε,
1196 2979 1286 3026 καὶ
1314 2977 1653 3046 πιστούμενος
1687 2976 1766 3026 ὅτι

1885 559 2068 617 ferme
2123 575 2256 616 esse
2305 559 2913 633 quinquagenarium,
2992 563 3235 631 propter
3288 559 3540 615 multam

1883 650 2017 722 ejus
2060 651 2332 722 peritiam
2383 655 2439 706 et
2483 649 2930 721 experientiam.
3001 647 3282 714 Quaedam
3339 655 3539 704 autem

1885 739 2250 810 exemplaria
2319 737 2559 804 habent,
2609 738 3039 810 quadraginta,
3083 737 3261 810 .quod
3309 737 3543 793 videtur

1885 843 2011 884 esse
2041 828 2253 884 verius.

1955 918 2116 971 Vers.
2196 921 2280 973 58.
2334 917 2508 973 Dixit
2573 947 2642 956 —
2706 931 2856 971 sum.
2889 918 3200 988 Tanquam
3245 916 3420 970 Deus.
3477 916 3542 971 Et

1883 1021 1999 1062 non
2052 1006 2219 1070 dixit,
2281 1009 2402 1075 Ego
2443 1021 2609 1062 eram
2650 1024 2668 1076 ;
2703 1005 2828 1072 sed,
2879 1006 3004 1075 Ego
3029 1020 3177 1072 sum,
3235 1005 3333 1076 qui
3388 1019 3545 1060 sem-

1881 1111 1988 1166 per
2019 1113 2175 1151 sum.
2206 1096 2346 1152 Fieri
2375 1095 2667 1168 siquidem
2697 1095 2780 1151 rei
2812 1099 3022 1150 creatae
3053 1098 3172 1162 est;
3201 1095 3347 1151 Sum
3378 1110 3539 1158 vero,

1879 1185 2156 1241 increataa
2219 1190 2275 1240 et
2301 1191 2533 1242 creatas.

1953 1276 2114 1330 Vers.
2151 1275 2235 1330 59.
2277 1276 2568 1330 Tulerunt
2605 1306 2668 1316 --
2701 1290 2849 1331 eum.
2874 1274 3120 1330 Veloces
3186 1273 3263 1329 ad
3293 1273 3537 1330 caedem.

1884 1364 2221 1436 Exasperati
2255 1370 2393 1420 sunt
2445 1364 2604 1420 enim
2653 1369 2932 1433 putantes
2978 1363 3196 1433 injuria
3260 1362 3538 1420 affectum

1883 1470 2014 1509 esse
2071 1453 2375 1510 Abraham
2428 1471 2442 1507 :
2484 1453 2659 1509 simul
2707 1454 2904 1518 etiam,
2964 1453 3064 1509 ubi
3119 1452 3542 1524 cognovissent

1882 1543 2046 1616 quod
2077 1543 2174 1598 Dei
2206 1543 2586 1599 aeternitatem
2622 1543 2734 1598 sibi
2765 1542 3111 1598 vindicaret.

1953 1633 2120 1688 Vers.
2150 1634 2241 1690 59.
2272 1635 2432 1688 Jesm
2471 1639 2664 1688 autem
2689 1634 3018 1688 occultatus
3059 1638 3160 1687 est.
3190 1633 3300 1686 Per
3328 1631 3541 1687 divini-

1883 1724 2015 1780 tatis
2040 1723 2369 1796 potentiam
2400 1723 2708 1779 invisibilis
2760 1723 2846 1778 eis
2880 1722 3146 1778 effectus.

1808 1833 1848 1887 Β
1954 1814 2118 1868 Vers.
2147 1813 2236 1868 59.
2280 1814 2357 1868 Et
2387 1844 2454 1853 —
2502 1811 2728 1881 templo.
2789 1814 2857 1868 Ut
2911 1811 3149 1867 illorum
3183 1812 3416 1868 sedaret
3449 1811 3536 1866 fu-

1883 1918 2078 1958 rorem
2089 1943 2100 1954 .

1956 1992 2120 2047 Vers.
2147 1997 2232 2048 59.
2266 1991 2666 2048 Pertransiens
2711 2021 2776 2032 -
2806 1991 3067 2046 illorum.
3102 1992 3244 2047 Cum
3277 1989 3359 2045 illi
3399 2005 3536 2046 eum

1881 2082 2081 2138 videre
2123 2097 2243 2137 non
2289 2085 2558 2153 possent.
2623 2083 2688 2135 Et
2728 2096 2914 2152 quare
2946 2095 3069 2135 non
3127 2079 3391 2135 dissolvit
3423 2079 3542 2134 illo-

1879 2187 2015 2226 rum
2046 2171 2343 2235 virtutem,
2377 2176 2435 2225 et
2495 2169 2810 2224 manifeste
2884 2169 3126 2224 recessit
3170 2168 3198 2222 ?
3244 2169 3389 2234 Quia
3431 2183 3540 2224 nec

1881 2261 1966 2315 sic
2014 2260 2292 2315 credituri
2365 2263 2554 2314 erant.
2631 2257 2856 2313 Etenim
2905 2263 3174 2329 tempore
3231 2257 3538 2328 passionis

1878 2351 2128 2422 supinos
2161 2350 2293 2406 illos
2322 2349 2553 2420 dejecit,
2603 2363 2934 2419 eorumque
2997 2352 3268 2418 aspectus
3325 2346 3540 2403 obscu~

1876 2441 2047 2507 ravit,
2094 2447 2149 2496 et
2196 2456 2317 2495 non
2368 2438 2765 2494 crediderunt.
2821 2440 2967 2492 Nam
3024 2436 3226 2492 anima
3277 2436 3539 2508 reproba

1877 2530 2026 2586 nihil
2053 2535 2140 2586 est
2169 2531 2342 2602 pejus
2373 2545 2385 2584 :
2418 2528 2550 2584 licet
2579 2527 2737 2582 enim
2779 2527 2954 2596 signa
2997 2526 3196 2582 videat
3233 2542 3304 2581 ac
3337 2525 3536 2597 prodi-

1877 2620 1991 2690 gia,
2021 2636 2188 2675 suam
2222 2623 2418 2675 tamen
2452 2632 2690 2688 semper
2719 2615 2932 2671 retinet
2959 2614 3426 2687 impudentiam.

1947 2710 2111 2766 Vers.
2148 2710 2217 2766 59
2258 2709 2336 2764 Et
2365 2709 2452 2764 ita
2477 2705 2838 2779 praeteribat.
2882 2704 3251 2761 Ambulabat
3284 2705 3384 2771 ita,
3416 2719 3539 2760 non

1877 2815 2172 2873 apparens
2207 2797 2343 2854 illis.

2233 2889 2385 2945 CAP.
2416 2888 2481 2942 X.
2517 2888 2594 2942 De
2622 2902 2756 2941 cruce
2785 2902 2824 2940 α
2849 2885 3177 2941 nativitate.

1947 2980 2085 3052 Cap.
2135 2979 2233 3034 IX.
2289 2979 2431 3033 Vers
2470 2982 2515 3031 1.
2565 2977 2644 3031 Et
2687 3005 2756 3015 -—
2785 2975 3116 3030 nativitate.
3169 2971 3542 3028 Conﬁrman-

172 3067 296 3123 Θεὸς
343 3061 504 3128 ἔστιν,
563 3062 712 3123 εὐθὺς
743 3065 956 3136 ἔρχεται
1003 3061 1087 3115 ἐπὶ
1141 3065 1316 3134 θαῦμα
1367 3067 1636 3135 μέγιστον,
1677 3067 1765 3113 καὶ

1893 3068 1973 3132 in,
2023 3067 2188 3140 quod
2252 3067 2500 3130 dixerat,
2556 3065 2860 3135 ﬁdemque
2889 3063 3134 3128 faciens,
3174 3062 3340 3134 quod
3384 3062 3538 3118 Deus

171 3158 327 3220 μήπω
410 3155 576 3224 μέχρι
623 3156 739 3203 τότε
792 3156 1078 3222 γενόμενον.
1137 3149 1331 3224 Τυφλοὶ
1379 3156 1467 3223 μὲν
1519 3154 1620 3224 γὰρ
1677 3156 1766 3202 καὶ

169 3240 317 3292 ἄλλοι
374 3238 651 3310 ἀνέϐλεψαν
695 3255 708 3268 ⁸
751 3239 940 3310 τυφλός
994 3236 1053 3292 δε
1110 3238 1158 3292 ἐν
1205 3249 1411 3311 γενετῆς
1442 3242 1552 3311 (74)
1592 3235 1764 3300 οὐδεὶς

168 3332 302 3402 ἄχρι
322 3337 456 3382 τότε.
497 3331 583 3381 Διό
613 3333 702 3380 καὶ
729 3325 1017 3398 ἀναϐλέψας
1048 3327 1213 3400 ἔλεγεν

168 3418 259 3472 οὐκ
290 3419 527 3477 ἠκούσθη
553 3419 633 3469 ὅτι
680 3416 850 3480 ἧνοιξί
874 3436 950 3477 τις
988 3416 1280 3489 ὀφθαλμοὺς
1307 3419 1500 3490 τυφλοῦ
1529 3436 1764 3489 γεγεννη-

169 3511 343 3580 μένου.

1264 3348 1276 3361 ⁸
1313 3329 1398 3382 Ἐκ
1429 3337 1520 3381 τοῦ
1578 3329 1766 3389 αἰῶνος

245 3779 343 3827 Καὶ
401 3805 468 3815 -
518 3777 736 3847 γεννηθῇ
769 3774 1096 3850 ςἘρωτῶσιν
1163 3775 1266 3847 οὐχ
1321 3777 1390 3836 ὡς
1438 3782 1592 3828 τοῦτο
1641 3777 1766 3828 πείν-

167 3881 266 3924 τως
320 3865 350 3922 ῆ
412 3865 570 3916 ἐκεῖνο
635 3863 1099 3937 ὑπολαμϐάνοντες,
1155 3866 1386 3939 καθάπερ
1441 3867 1491 3916 οἱ
1556 3863 1766 3924 ἀνόητοι

169 3949 421 4006 Ἰουδαῖοι
449 3967 462 3982 ⁸
489 3957 546 4006 τὸ
575 3956 667 4024 μὶν
716 3955 818 4027 γὰρ
877 3954 1124 4026 ἁμαρτεῖν
1175 3957 1274 4027 πρό
1334 3961 1426 4007 τοῦ
1455 3956 1766 4026 γεννηθῆναι

169 4038 446 4112 ἀδύνατον,
479 4045 537 4094 τό
569 4039 628 4095 δὲ
653 4044 780 4117 ὑπὲρ
812 4051 911 4094 τῶν
939 4047 1127 4114 γονέων
1171 4043 1487 4104 κολάζεσθαι
1539 4041 1724 4096 οἰδικον
1749 4060 1761 4074 °

167 4129 273 4183 ἀλλ’
306 4135 449 4184 ἔστιν
483 4133 508 4184 ὁ
535 4135 731 4194 σκοπὸς
779 4139 871 4184 τοῦ
899 4131 1056 4204 λόγου
1081 4140 1334 4193 τοιοῦτος.
1390 4133 1449 4185 '0
1473 4135 1563 4204 μεν
1594 4136 1765 4208 παρά-

163 4219 316 4282 λυτος
347 4217 440 4273 διὰ
482 4223 575 4283 τὰς
619 4220 876 4294 ἁμαρτίας
928 4223 1088 4273 αὐτοῦ
1142 4222 1367 4289 ἠσθένει,
1427 4223 1599 4282 καθὼς
1664 4220 1768 4274 ἐκεῖ

166 4311 538 4382 μεμαθήκαμεν
588 4329 603 4344 ο
654 4315 771 4382 περὶ
821 4312 1002 4362 τούτου
1043 4306 1102 4362 δι
1156 4310 1268 4378 (75l
1308 4314 1361 4362 τί
1413 4309 1576 4381 λέγεις
1617 4327 1631 4377 ;
1682 4315 1766 4370 Τίς

1874 3162 2032 3212 esset
2071 3157 2269 3210 statim
2344 3155 2506 3210 venit
2557 3154 2632 3208 ad
2681 3151 3037 3208 miraculum
3092 3152 3448 3216 maximum,
3481 3156 3540 3207 et

1874 3261 2065 3317 usque
2095 3246 2170 3301 ad
2202 3245 2259 3299 id
2288 3244 2572 3315 temporis
2603 3256 2920 3312 nunquam
2953 3240 3195 3295 factum.
3229 3241 3536 3312 Siquidem

1874 3339 1931 3389 et
1977 3333 2073 3389 alii
2115 3333 2254 3390 caici
2296 3332 2491 3386 visum
2547 3335 2915 3400 receperunt,
2958 3344 3163 3383 verum
3198 3328 3298 3400 qui
3351 3345 3384 3384 a
3433 3343 3538 3384 na-

1875 3422 2095 3478 tivitate
2149 3438 2342 3477 caecus
2395 3421 2620 3486 fuisset,
2672 3417 2872 3473 nullus
2940 3431 3129 3488 usque
3161 3416 3238 3471 ad
3284 3416 3343 3471 id
3397 3420 3540 3471 tem-

1874 3529 2007 3585 pus.
2043 3512 2180 3567 ldeo
2230 3510 2430 3575 etiam,
2490 3509 2593 3581 qui
2624 3507 2822 3562 visum
2881 3507 2949 3577 (j)
2981 3505 3218 3575 recepit,
3252 3503 3490 3560 dicebat
3521 3505 3536 3548 ἒ

1872 3603 1921 3657 Α
1955 3601 2169 3656 saculo
2207 3615 2322 3653 non
2385 3603 2466 3654 est
2507 3597 2800 3660 auditum,
2855 3594 3011 3666 quod
3060 3592 3358 3663 aperuerit
3388 3594 3540 3665 quis-

1871 3690 2032 3761 piam
2067 3689 2257 3745 oculos
2279 3688 2414 3744 caci
2465 3687 2597 3742 nati
2645 3688 2712 3738 ⁸ο.

1947 3783 2113 3834 Vers.
2188 3781 2240 3832 2.
2299 3778 2378 3834 Et
2425 3781 2751 3832 nasceretur
2797 3775 2826 3831 7
2891 3771 3359 3843 lnterrogabant,
3415 3787 3536 3828 non

1875 3869 2040 3940 quod
2091 3868 2203 3923 hoc
2234 3872 2338 3923 aut
2365 3866 2513 3922 illud
2539 3863 2789 3921 omnino
2812 3862 3278 3934 suspicarentur,
3337 3877 3539 3934 quem-

1875 3956 2207 4013 admodum
2274 3955 2622 4027 insipientes
2694 3952 2931 4017 Judaei;
2982 3966 3125 4006 nam
3188 3950 3348 4006 hunc
3405 3966 3540 4021 pec-

1877 4061 2064 4110 casse,
2137 4049 2464 4117 antequam
2523 4047 2700 4100 natus
2769 4045 2942 4105 esset,
2993 4039 3368 4111 impossibile
3416 4044 3540 4094 erat

1877 4151 2055 4207 porro
2080 4150 2187 4206 pro
2232 4133 2584 4205 parentibus
2651 4130 2850 4203 puniri
2883 4130 3170 4199 injustum
3213 4144 3227 4192 ;
3270 4127 3372 4182 sed
3403 4127 3538 4182 ﬁnis

1877 4223 2172 4278 sermonis
2226 4222 2354 4278 talis
2411 4226 2518 4276 est.
2571 4219 2937 4290 Paralyticus
2994 4215 3238 4288 quidem
3297 4219 3539 4286 propter

1876 4315 2123 4382 peccata
2163 4327 2271 4365 sua
2318 4309 2670 4377 aegrotabat.
2731 4308 2881 4361 sicut
2919 4305 3000 4360 ibi
3045 4304 3366 4358 didicimus
3405 4318 3417 4358 :
3463 4303 3536 4358 de

169 4399 416 4470 ἥμαρτεν,
473 4397 617 4456 οὗτος
655 4396 684 4455 ἣ
737 4399 785 4448 οὶ
829 4405 998 4468 γονεῖς
1064 4396 1222 4448 αὐτοῦ
1279 4399 1472 4469 ςήμεῖς
1502 4399 1602 4470 γὰρ
1651 4398 1765 4449 οὔτε

1893 4417 1991 4455 ioc
2023 4405 2243 4459 autem.
2314 4397 2456 4455 quid
2519 4396 2666 4451 dicis
2715 4395 2743 4450 ?
2789 4396 2926 4462 Quis
2972 4394 3252 4461 peccavit,
3312 4391 3428 4456 hic,
3459 4407 3533 4448 an

165 4490 320 4536 τοῦτο
341 4487 458 4536 οὔτε
487 4483 644 4536 ἐκεῖνο
675 4481 944 4558 δυνάμεθα
981 4483 1163 4555 λέγειν,
1200 4485 1452 4545 παντελῶς
1483 4484 1767 4559 ἕξαπορού·

165 4591 331 4647 μενοι.

237 4759 286 4796 ⁸ο
305 4759 480 4816 Joan.
511 4775 589 4829 ix,
623 4759 709 4816 32.

1872 4494 2142 4558 parentes
2173 4490 2299 4557 ejus
2338 4485 2366 4541 ?
2415 4501 2526 4541 nos
2558 4485 2718 4540 enim
2747 4499 2941 4554 neque
2980 4481 3112 4544 hoc.
3167 4495 3360 4552 neque
3391 4479 3537 4536 illud

1876 4576 2069 4632 dicere
2121 4591 2466 4648 possumus,
2517 4573 2767 4630 omnino
2797 4569 3128 4628 conturbati
3159 4568 3534 4642 consilioque

1876 4664 2158 4722 destituti.

1370 4859 1594 4929 Variae
1624 4860 1952 4929 lectiones
1987 4871 2052 4929 et
2093 4868 2294 4930 notae.

232 5003 344 5073 (τί)
367 5001 598 5058 Scilicet
627 5000 1059 5074 Cbrysostomi,
1085 5002 1187 5074 qui
1209 5002 1492 5058 audacter
1519 5004 1601 5060 ita
1629 5019 1754 5059 cor-

161 5074 327 5147 rexit.
378 5074 520 5130 Vide
563 5078 704 5130 tom.
736 5074 1058 5147 Vl_ll,7pag.
1082 5077 1218 5147 3'24.
1261 5075 1757 5147 Chrysostomum

161 5089 327 5130 rent.
385 5089 520 5130 Viae
563 5089 704 5130 tom.
744 5089 877 5138 VIII,
908 5089 1050 5200 ξας.
1088 5089 1218 5130 324.
1261 5089 1756 5147 unrysostomum

159 5145 427 5225 sequitur
446 5161 608 5228 unus
625 5161 696 5202 ex
713 5145 901 5228 codici
955 5161 1021 5228 us
1047 5145 1503 5228 Mosquensibus
1526 5147 1756 5228 Nisi}.

161 5229 218 5282 κ.
242 5216 344 5287 qui
378 5221 464 5270 est
487 5233 618 5271 cum
664 5216 928 5272 scholiis.
971 5216 1274 5284 Origenes,
1328 5217 1430 5289 qui
1462 5223 1610 5273 tom.
1654 5220 1755 5283 XX,

158 5287 218 5342 in
243 5287 530 5367 Joannem
564 5287 693 5343 huic
722 5289 864 5367 data
899 5303 1083 5367 opera
1136 5290 1572 5367 interpretatur,
1595 5289 1758 5367 hunc

159 5374 402 5430 versum
459 5365 649 5414 totum
713 5360 1110 5430 prtetermisit.
1159 5365 1484 5418 Πεντήκοντα
1517 5366 1759 5416 servant

158 5428 358 5501 Cyrill.
395 5436 431 5484 t.
458 5431 573 5503 ιν,
609 5446 665 5501 ρ.
701 5428 800 5486 585
829 5431 888 5484 C.
925 5431 1398 5503 ;ATheophylact.
1436 5447 1492 5503 p.
1534 5433 1639 5503 690
1675 5434 1711 5486 E
1743 5448 1756 5497 ;

202 5517 414 5575 everus
451 5502 511 5556 in
543 5503 766 5558 Catena
818 5501 1098 5569 Corderii,
1140 5501 1199 5575 p.
1222 5501 1333 5559 ‘243
1385 5521 1399 5572 ;
1435 5501 1491 5560 et
1519 5502 1756 5559 codices

201 5573 534 5629 robatiores
563 5587 790 5629 omnes.

232 5750 311 5822 (j)
345 5750 454 5820 Qui
484 5750 692 5808 visum.
728 5752 893 5808 Forte
924 5750 1087 5823 legit,
1119 5747 1204 5807 διὸ
1243 5756 1332 5804 καὶ
1360 5752 1386 5804 ὁ
1440 5750 1752 5829 ἀναϐλέψας.

1935 5005 2048 5075 (72)
2083 5003 2317 5060 Inclusa
2356 5003 2576 5075 absunt
2623 5004 2688 5058 A.
2725 5004 2979 5063 Κτίστης,
3011 4996 3322 5070 quomodo
3352 4998 3532 5075 etiam

1869 5073 2211 5132 Eustathius
2247 5074 2460 5138 scribit,
2492 5075 2598 5147 qui
2655 5090 2794 5130 cum
2855 5077 3039 5147 κτίτης
3065 5073 3396 5141 comparat.
3421 5085 3531 5147 pro

1869 5148 2233 5203 substantivo
2268 5141 2530 5220 accipio;
2573 5161 2711 5210 non,
2779 5149 2838 5200 ut
2889 5145 3198 5214 interpres,
3232 5155 3341 5211 pro
3371 5141 3532 5199 adie-

1870 5221 2048 5275 cho.

1941 5291 2052 5363 (73)
2073 5292 2092 5346 Ι
2101 5295 2156 5346 ta
2183 5289 2533 5362 plerumque
2549 5288 3009 5359 Chrysostomus
3027 5289 3282 5348 oratorie
3301 5289 3529 5353 laudat,

1867 5362 2038 5416 Joan.
2075 5377 2232 5416 xvm.
2266 5365 2316 5424 6,
2341 5364 2524 5414 ἔπεσον
2555 5365 2754 5433 χαμαί.

1938 5433 2328 5498 (74)Γεννητῆς.

1942 5503 2054 5574 (75)
2079 5507 2138 5556 Δὶ
2169 5503 2339 5560 abest
2378 5511 2418 5558 A
2431 5545 2444 5556 .
