4088 6432
695 319 833 378 1303

2017 314 2375 375 summu
2426 313 2754 372 ZlGABENI
3855 323 3939 384 ηοξ

696 452 850 503 atur.
877 445 1017 502 Vult
1042 445 1198 503 enim
1227 449 1513 512 astruere,
1557 442 1723 517 quod
1780 443 1975 512 major
2015 444 2111 509 sit,
2160 459 2310 515 qua:

2323 459 2347 498 α
2381 441 2426 495 Δ
2463 440 2814 515 Βούλεταιγὰρ
2828 442 3226 494 κατασκευάσαι
3246 441 3327 494 ὅτι
3346 443 3529 514 μείζων
3545 443 3648 497 tari
3662 453 3738 497 τοῦ
3763 446 3937 522 ’Δεραάμ-

695 536 996 592 Abraham
1034 552 1047 602 ;
1079 552 1221 591 nam
1253 535 1367 591 hoc
1417 534 1475 588 in
1521 533 1792 605 praesenti
1835 548 1955 589 non
2008 533 2179 598 dixit,
2222 548 2351 603 pro-

695 631 826 699 pter
851 625 1115 696 ipsorum
1151 623 1612 697 impudentiam.

768 714 1055 769 Vers.5i.
1118 715 1297 781 Quem
1363 744 1432 752 —
1493 712 1649 766 Vers.
1726 712 1817 768 55.
1881 726 2024 767 eum.
2095 742 2150 752 —
2220 711 2349 765 Non

695 804 1037 874 eognovistis
1077 818 1221 864 eum,
1262 807 1463 871 utpote
1499 799 1781 872 operibus
1837 800 2001 854 illum
2037 806 2346 862 negantes.

698 892 849 947 Dicit
899 892 1059 946 enim
1117 896 1172 945 et
1226 889 1546 961 Apostolus
1591 907 1604 943 :
1661 890 2023 956 Conﬁtentur
2085 904 2146 944 se
2197 904 2352 943 nosse

699 983 906 1044 Deum,
947 981 1119 1048 factis
1149 984 1344 1034 autem
1376 985 1591 1048 negant
1622 981 1692 1035 ⁷⁷.
1721 978 1821 1033 Vel
1857 979 2036 1033 etiam
2084 993 2156 1032 eo
2185 977 2350 1048 quod

697 1085 816 1124 non
847 1068 1188 1131 agnoscatis
1213 1067 1415 1122 Filium
1470 1068 1624 1137 ejus.
1687 1066 1911 1121 Dictum
1966 1070 2053 1120 est
2114 1064 2273 1120 enim
2335 1083 2347 1120 :

695 1159 761 1213 Si
796 1173 887 1213 me
913 1157 1348 1226 cognoscet-etis,
1381 1157 1438 1213 et
1474 1157 1711 1212 Patrem
1764 1171 1948 1210 meum
2001 1155 2204 1226 utique
2260 1169 2353 1210 co-

695 1250 1052 1318 gnosceretis
1108 1248 1176 1300 ⁷⁸.
1213 1245 1311 1300 Vel
1364 1261 1436 1301 eo
1492 1248 1658 1317 quod
1717 1259 1837 1299 non
1901 1243 2144 1298 servetis
2217 1244 2348 1314 ejus

698 1351 1003 1390 sermones
1034 1354 1050 1405 ;
1084 1350 1227 1390 nam
1282 1334 1329 1389 si
1359 1333 1788 1405 cognosceretis
1817 1348 1977 1396 eum,
2010 1347 2348 1388 sermonem

698 1425 827 1496 ejus
857 1425 1186 1480 servaretis.

771 1513 930 1568 Vers.
964 1513 1052 1568 55.
1105 1514 1230 1582 Ego
1281 1517 1468 1568 autem
1527 1513 1670 1567 novi
1726 1526 1876 1566 eum.
1941 1515 2066 1566 Non
2125 1509 2346 1574 solum,

700 1619 836 1658 cum
867 1618 938 1657 ex
971 1602 1102 1674 ipso
1128 1603 1264 1664 sim,
1311 1609 1366 1656 et
1393 1600 1660 1670 ejusdem
1704 1600 2072 1660 substantias,
2120 1607 2349 1655 natura

699 1697 756 1748 et
785 1692 1065 1756 scientiae,
1100 1693 1200 1746 sed
1249 1691 1425 1746 etiam
1479 1696 1768 1762 tanquam
1823 1703 2162 1743 sermonem
2221 1689 2350 1778 ejus
2381 1723 2424 1778 Β

700 1796 964 1837 servans.
993 1783 1137 1835 Nam
1168 1784 1224 1835 et
1255 1779 1529 1850 superius
1576 1778 1722 1832 dixit
1775 1795 1788 1832 :
1845 1779 1949 1833 Est
2004 1793 2198 1840 verax,
2249 1777 2351 1847 qui

700 1871 855 1925 misit
891 1885 998 1933 me,
1027 1885 1198 1940 quem
1228 1884 1321 1924 vos
1353 1883 1470 1923 non
1498 1868 1677 1922 nostis
1701 1883 1713 1918 :
1752 1882 1856 1936 ego
1884 1881 2018 1921 vero
2041 1867 2179 1921 novi
2198 1882 2348 1932 eum,

701 1960 842 2031 quia
870 1959 944 2014 ab
971 1974 1034 2014 eo
1063 1974 1192 2013 sum
1213 1960 1285 2010 τ’.

770 2049 912 2103 Vers
968 2053 1054 2103 55.
1115 2049 1177 2102 Et
1237 2075 1306 2088 —
1352 2046 1627 2101 mendax.
1664 2046 1780 2100 Vos
1812 2046 1970 2100 enim
2021 2044 2352 2100 mentimini

701 2138 967 2193 dicentes
1008 2137 1194 2191 Deum
1247 2140 1510 2190 vestrum
1561 2151 1713 2200 esse,
1767 2151 1903 2189 cum
1961 2151 2080 2189 non
2133 2150 2356 2202 cogno-

703 2227 882 2281 scatis
920 2243 1078 2285 eum.
1124 2231 1186 2280 ut
1244 2224 1594 2295 prmdictum
1654 2231 1757 2277 est.
1817 2224 2088 2278 Notitiam
2149 2229 2350 2277 autem

702 2322 758 2371 et
787 2316 1187 2384 cognitionem
1220 2314 1379 2376 dicit,
1422 2329 1597 2368 nosse
1625 2313 1991 2384 simpliciter,
2036 2319 2091 2367 et
2135 2328 2352 2382 cogno-

703 2420 864 2459 scere
915 2403 1078 2476 quod
1137 2405 1207 2458 sit
1269 2403 1422 2456 Deus
1475 2408 1530 2455 et
1588 2402 1769 2462 Pater,
1829 2417 1944 2455 non
2034 2402 2180 2456 scire
2253 2404 2350 2456 Dei

700 2499 996 2548 naturam.
1031 2495 1173 2547 Nam
1202 2494 1335 2562 ipsa
1371 2507 1490 2545 non
1533 2491 1730 2544 solum
1793 2491 2074 2554 cognosci
2130 2492 2348 2560 nequit,

703 2598 905 2638 verum
935 2582 1109 2635 etiam
1141 2581 1388 2635 omnino
1446 2579 1890 2646 inintelligibilis
1940 2585 2026 2633 est
2077 2587 2131 2633 et
2187 2581 2350 2634 inac-

701 2671 1010 2736 cessibilis,
1041 2686 1147 2724 nec
1189 2675 1404 2723 tantum
1439 2667 1804 2733 hominibus,
1866 2669 1970 2722 sed
2021 2674 2077 2724 et
2105 2668 2354 2724 caelesti-

703 2760 812 2813 bus
851 2759 1182 2814 virtutibus.

775 2847 938 2902 Vers.
974 2848 1059 2902 56.
1121 2846 1231 2902 Sed
1285 2877 1350 2885 —
1406 2861 1594 2902 servo.
1652 2845 1848 2909 Vides,
1882 2845 2043 2918 quod
2103 2846 2201 2901 Dei
2234 2862 2351 2901 ser-

701 2952 944 2992 monem
1004 2952 1259 2998 servare,
1314 2935 1551 3004 signum
1608 2936 1676 2990 sit
1730 2935 1894 3006 quod
1958 2936 2094 3006 quis
2164 2938 2348 2991 Deum

701 3032 1042 3094 cognoscat.
1076 3025 1420 3080 Timeamus
1451 3024 1648 3090 igitur,
1697 3024 1860 3096 quod
1894 3025 1989 3079 Dei
2055 3033 2351 3094 praecepta

701 3130 821 3170 non
854 3131 1178 3179 servamus,
1235 3120 1520 3184 tanquam
1551 3130 1690 3169 cum
1747 3114 1832 3168 eis
1887 3114 2212 3183 constituti,
2245 3113 2350 3186 qui

703 3203 889 3259 Deum
923 3205 1217 3272 ignorant.
1251 3203 1472 3258 Deinde
1516 3203 1744 3275 probat,
1795 3202 1959 3274 quod
2006 3204 2199 3274 major
2253 3203 2346 3268 sit,

700 3308 885 3366 quam
914 3293 1237 3349 Abraham.

774 3382 933 3438 Vers.
1015 3387 1098 3437 56.
1142 3382 1447 3439 Abraham
1504 3412 1573 3422 —
1625 3397 1836 3438 meum.
1895 3411 1966 3426 —
2015 3383 2350 3439 Exsultavs't

701 3471 827 3526 sive
879 3471 1238 3542 concupivit.
1273 3470 1433 3526 Diem
1474 3474 1666 3525 autem
1732 3486 1912 3525 suum
1991 3469 2136 3527 dicit
2187 3469 2350 3527 diem

699 3560 1017 3633 passionis.

771 3649 932 3704 Vers.
994 3653 1079 3703 56.
1134 3649 1207 3703 Et
1266 3648 1435 3712 vidit,
1496 3654 1550 3704 et
1618 3649 1856 3717 gavisus
1926 3654 2031 3705 est.
2090 3648 2349 3704 Gavisus

699 3742 787 3791 est
811 3744 1046 3808 propter
1099 3736 1344 3791 salutem
1401 3736 1630 3790 mundi.
1703 3737 2115 3804 Praecognovit
2182 3754 2349 3793 nam-

699 3840 816 3896 que
857 3826 1209 3896 mysterium
1251 3825 1651 3880 crucitixionis
1695 3827 1928 3881 Christi.
1987 3827 2351 3883 Desideravit

700 3914 899 3968 videre
939 3914 1096 3967 diem
1163 3914 1348 3983 ipsius
1387 3922 1438 3968 et
1484 3915 1624 3968 vidit
1673 3915 1837 3969 illum
1893 3915 2345 3986 prteﬁguratum

699 4001 1224 4062 etadumbratum,
1277 4003 1332 4057 in
1385 4002 1478 4056 die
1532 4018 1654 4073 quo
1703 4003 1889 4058 tilium
1942 4021 2117 4059 suum
2181 4005 2348 4061 Isaac

697 4091 910 4146 obtulit
949 4092 1005 4146 in
1033 4091 1470 4146 holocaustum.
1520 4092 1720 4146 Diqlicit
1762 4095 1940 4154 enim,
1989 4095 2146 4164 quod
2200 4097 2349 4151 sicut

699 4181 829 4251 ipse
879 4196 996 4234 non
1069 4182 1330 4251 pepercit
1377 4197 1487 4235 suo
1548 4183 1761 4235 dilecto
1835 4191 2076 4253 propter
2134 4185 2345 4250 Deum,

2463 537 2696 600 Φανερῶς
2752 534 2849 605 γὰρ
2877 539 2965 583 νῦν
2998 530 3091 583 οὐκ
3123 527 3229 584 εἶπε
3259 540 3409 584 τοῦτο
3436 528 3469 584 δ
3474 536 3525 584 ιὰ
3552 537 3633 590 τὴν
3666 532 3941 608 ἀναισχυντίτν

2464 621 2631 672 αὐτῶν
2641 661 2652 673 .

2532 709 2625 761 ’ον
2685 740 2754 751 -
2809 709 2985 762 αύτὸν.
3048 741 3115 751 -
3156 709 3268 762 Ούκ
3325 709 3568 781 ἐγνώκατε
3620 711 3770 777 αὐτὸν,
3805 718 3941 778 ὼςτιῐς

2462 803 2628 873 ἔργοις
2675 797 2974 871 ἀρνούμενοι
3021 798 3193 851 αύτὸν.
3251 805 3385 858 Φησὶ
3441 804 3540 872 γὰρ
3588 805 3669 851 καὶ
3717 804 3941 856 61:673-

2460 888 2540 946 λος
2623 890 2702 939 ὅτι
2749 893 2877 940 Θεὸν
2935 888 3276 960 ὁμολογοῦσιν
3333 885 3546 956 εἰδέναι,
3595 897 3692 952 τοῖς
3745 888 3792 944 δι
3842 897 3944 964 {ay-ci;

2463 973 2757 1046 ἀρνοῦνται.
2823 977 2889 1030 Ἦ
2948 983 3033 1030 καὶ
3093 981 3157 1038 ὡς
3208 983 3279 1050 μή
3336 977 3600 1049 ὶγνωκὸτες
3647 984 3722 1030 τὸν
3770 984 3858 1033 Υἱὸν
3891 987 3942 1034 αὺ-

2461 1073 2573 1118 τοῦ.
2629 1071 2911 1138 Προείρηκε
2975 1070 3076 1141 γὰρ
3141 1070 3220 1119 ὅτι
3278 1068 3337 1120 Εἰ
3411 1067 3497 1139 ὶμε
3573 1065 3748 1140 ᾔδειτε,
3795 1077 3860 1123 καὶ
3897 1093 3940 1123 ra;

2463 1159 2670 1225 Πατέρα
2730 1175 2830 1225 μου
2889 1152 3064 1227 ᾔδειτε
3119 1157 3199 1208 ἄν.
3264 1156 3327 1209 Ἠ
3391 1159 3453 1217 ὡς
3510 1163 3580 1228 μὴ
3641 1166 3862 1228 τηροῦντες
3897 1169 3941 1212 ti:

2461 1241 2611 1312 λόγον
2636 1244 2815 1296 αὐτοῦ·
2850 1244 2893 1297 εἰ
2915 1248 3016 1316 γὰρ
3051 1243 3226 1316 ᾔδειτε
3256 1246 3430 1311 αὑτὸν,
3455 1245 3671 1320 ἐτηρεῑτι
3696 1247 3747 1298 ἄν
3769 1252 3834 1300 τὸν
3856 1250 3940 1320 λόγω

2463 1351 2644 1386 αυτοῦ.

2536 1509 2669 1581 Ἐγὼ
2701 1507 2759 1563 δι
2790 1507 2915 1562 οἶδα
2955 1512 3129 1567 αὐτὸν.
3177 1516 3252 1565 Ού
3282 1518 3433 1585 μόνον
3479 1515 3544 1574 ὡς
3573 1513 3622 1576 ἐξ
3650 1514 3785 1566 αύτού
3807 1522 3868 1566 ui
3893 1525 3941 1572 si;

2462 1600 2620 1659 αὐτῆς
2651 1600 2837 1661 οὐσίας
2866 1606 2954 1652 καὶ
2981 1605 3181 1672 φύσεως
3209 1608 3297 1655 καὶ
3324 1611 3565 1674 γνώσεως
3593 1608 3674 1667 ὦν,
3703 1603 3807 1654 ἀλλὰ
3836 1612 3942 1663 χιιι,

2461 1689 2716 1759 τὸνλόγον
2742 1689 2903 1740 αὑτοῦ
2930 1700 3119 1760 τηρῶν.
3157 1697 3256 1744 Καὶ
3287 1692 3458 1744 ὀπίσω
3491 1689 3548 1744 δι
3579 1689 3721 1756 εἶπεν,
3756 1696 3816 1744 ὅτι
3837 1695 3941 1744 Ἐςτιλ

2461 1779 2660 1838 ἀληθὴς
2834 1781 2859 1830 ὸ
2884 1779 3091 1851 πίμψας
3128 1799 3210 1851 με,
3241 1781 3296 1832 ὸν
3341 1783 3489 1852 ύμείς
3520 1782 3612 1833 οῦκ
3635 1779 3803 1849 οἴδατε,
3832 1783 3893 1852 ἐγὼ
3913 1779 3941 1832 δέ

2462 1864 2586 1919 οἶδα
2617 1867 2793 1937 αὑτὸν,
2829 1871 2906 1920 ὃτι
2938 1869 3061 1943 παρ’
3095 1870 3254 1923 αὑτοῦ
3285 1871 3417 1943 εἰμι.

2539 2050 2638 2097 Καὶ
2695 2076 2762 2087 -
2818 2045 3068 2116 ψεύστης.
3126 2044 3388 2101 Ψεύδεσθε
3449 2052 3554 2120 γὰρ
3625 2050 3753 2121 ὑμεῖς
3807 2049 3939 2118 λέγοντες

2464 2135 2686 2204 ὁτι(67)
2741 2138 2864 2195 Θεὸς
2915 2137 3056 2207 ὑμῶν
3111 2136 3269 2198 ἔστιν,
3313 2138 3372 2188 ού
3424 2141 3529 2210 γὰρ
3593 2137 3810 2209 ίγνώκατι
3843 2139 3934 2192 sitia,

2465 2229 2534 2285 ὡς
2589 2231 2913 2299 προείρηται.
2975 2224 3196 2284 Είδησιν
3270 2224 3329 2280 δι
3393 2234 3485 2281 καὶ
3556 2233 3737 2300 γνῶσίν
3791 2247 3934 2298 sum:

2465 2311 2656 2367 εἰδέναι
2681 2321 2769 2367 καὶ
2800 2323 3074 2386 γινώσκειν
3104 2316 3273 2376 ἁπλῶς
3303 2319 3381 2368 ὁτι
3411 2316 3530 2370 εστὶ
3573 2323 3691 2379 Θεὸς
3721 2324 3792 2369 καὶ
3827 2325 3932 2368 llam.

2463 2404 2522 2455 ού
2562 2407 2664 2474 μὴν
2705 2408 2798 2460 τὴν
2831 2405 2942 2473 (68)
2974 2413 3068 2464 τῆς
3099 2408 3298 2476 φύσεως
3345 2414 3439 2458 τοῦ
3490 2414 3643 2459 Θεοῦ.
3688 2408 3804 2464 Δῦτς
3831 2408 3929 2475 7i:

2464 2499 2615 2564 μόνον
2664 2495 2945 2564 ἄγνωστος,
3002 2492 3128 2545 ἀλλὰ
3179 2500 3267 2546 καὶ
3319 2495 3583 2558 παντελῶς
3634 2494 3920 2552 immersam

2466 2579 2886 2653 ἀνεπιχείρητος,
2918 2587 3007 2634 καὶ
3038 2582 3097 2634 ού
3127 2588 3279 2654 μόνον
3311 2582 3624 2658 ἀνθρώποις,
3666 2584 3780 2636 ἀλλὰ
3801 2589 3917 2636 uti;

2464 2671 2725 2742 οὐρανίαις
2766 2668 3070 2743 δυνάμεσιν.

2537 2848 2676 2902 Ἀλλ’
2699 2879 2768 2889 -
2797 2858 2958 2922 τηρῶ.
2982 2854 3134 2920 Ὁρᾷς
3151 2851 3230 2901 ὅτι
3251 2853 3309 2901 τὸ
3337 2852 3421 2902 τὸν
3443 2850 3599 2923 λόγον
3626 2860 3710 2905 τοῦ
3735 2857 3835 2905 Θεοῦ
3851 2855 3940 2918 tusi?

2468 2943 2680 3009 σημεῖον
2708 2937 2823 2989 ίοτι
2848 2946 2937 2989 τοῦ
2965 2935 3156 2990 εἰδέναι
3183 2938 3358 2990 αὐτὸν.
3378 2939 3696 3013 Φαϐηθώμεν
3720 2946 3848 2992 roum
3863 2941 3944 2988 θέτι

2465 3026 2665 3086 ἕντολάις
2693 3032 2783 3078 τοῦ
2820 3030 2947 3079 Θεοῦ
2978 3030 3049 3097 μὴ
3099 3026 3455 3097 φυλάττοντες,
3491 3031 3565 3090 ὡς
3596 3035 3850 3100 ταττόμενοι
3880 3044 3946 3096 μιττ

2465 3125 2562 3167 τῶν
2595 3114 2913 3187 ἀγνοούντων
2959 3119 3044 3167 τὸν
3086 3121 3232 3170 Θεὸν.
3277 3113 3402 3170 Εἶτα
3439 3119 3799 3178 κατασκευάζει
3828 3121 3886 3166 zsi
3911 3117 3948 3162 it:

2462 3205 2654 3276 μείζων
2686 3204 2799 3256 ἐστὶ
2828 3213 2920 3256 τοῦ
2954 3203 3211 3278 Ἀϐραάμ.

2537 3292 2773 3367 ’Λεραὰμ
2832 3324 2899 3334 -
2956 3293 3098 3365 ἀμήν.
3163 3325 3230 3334 -
3292 3295 3692 3366 ἰιγαλλιάσατο,
3737 3300 3860 3366 ἤγουν

2464 3385 2716 3455 θύμησεν.
2792 3382 3036 3456 [Ἡμέραν
3108 3384 3221 3454 (69)
3276 3381 3333 3437 δε
3405 3385 3570 3439 αὐτοῦ
3627 3386 3750 3458 λίγιι
3805 3388 3871 3440 τὴν
3906 3388 3950 3430 τω

2464 3480 2715 3545 σταυροῦ.

2535 3655 2634 3704 Καὶ
2692 3647 2819 3714 εἶδε,
2868 3655 2954 3703 καὶ
3009 3650 3202 3726 ίχάρη.
3263 3651 3463 3725 Ἐχάρη
3518 3650 3610 3707 διὰ
3656 3658 3740 3712 τὴν
3782 3657 3951 3718 smnpm

2458 3749 2550 3793 τοῦ
2600 3745 2821 3811 κόσμου.
2873 3744 3130 3812 Προγνούς
3170 3743 3272 3813 γὰρ
3324 3744 3382 3793 τὸ
3438 3748 3724 3816 μυστήριον
3770 3748 3954 3800 rigetur

2459 3835 2666 3902 ρὼσεως
2710 3837 2801 3880 τοῦ
2866 3836 3099 3901 Χριστοῦ
3151 3828 3497 3904 ἕπεθύμησεν]
3556 3829 3679 3884 ἰδεῖν
3727 3835 3804 3887 τὴν

2460 3919 2640 3982 αύτοῦ,
2703 3924 2792 3970 καί
2842 3915 2974 3970 εἶδεν
3025 3919 3180 3976 αὐτὴν
3239 3918 3260 3990 [
3312 3921 3858 3994 προσκιαγραφτθείσαν
3893 3918 3955 3978 (TU-

2457 4007 2570 4078 ειαὶ]
2601 4003 3022 4059 διατυπωθείσαν
3053 4005 3101 4058 ὶν
3145 4015 3205 4078 τῇ
3253 4010 3422 4079 ἡμέρα
3451 4010 3571 4061 καθ’
3602 4013 3660 4068 ἣν
3689 4008 3884 4076 ustas-{xi
3913 4021 3955 4050 ττι

2460 4101 2570 4148 υίὸν
2610 4095 2770 4147 αὑτοῦ
2818 4114 2904 4147 τον
2934 4097 3118 4148 Ἰσαὰκ
3171 4097 3244 4156 εἰς
3295 4096 3672 4169 ὸλοιιάρπωσιν.
3715 4096 3870 4166 Ἐμαὸε
3901 4093 3954 4159 γάῖ

2461 4189 2562 4251 ὃτι,
2612 4188 2784 4253 ὥσπερ
2834 4184 2984 4244 αύτὸς
3034 4184 3127 4237 οὐχ
3167 4188 3405 4256 ἐφείσατο
3461 4196 3554 4239 τοῦ
3603 4189 3712 4238 υἱοῦ
3760 4185 3955 4236 αᾶτούτει

698 4269 778 4324 ita
817 4285 1011 4340 neque
1051 4269 1200 4323 Deus
1244 4273 1573 4340 parciturus
1627 4277 1783 4326 esset
1847 4271 1987 4327 Filio
2042 4289 2152 4327 suo
2202 4274 2312 4327 dile

2338 4304 2350 4314 -
2387 4259 2428 4313 ί)
2464 4274 2736 4345 ἀγαπητοῦ
2774 4269 2866 4325 διὰ
2905 4277 2990 4324 τὸν
3030 4276 3179 4339 Θεὸν,
3231 4275 3391 4335 οὕτως
3433 4272 3560 4328 ούδε
3610 4277 3635 4327 ὁ
3671 4277 3776 4334 Θεὸς
3808 4275 3952 4343 quam:

700 4365 794 4414 cto
825 4367 1063 4430 propter
1089 4359 1415 4413 hominem.
1453 4362 1515 4413 Et
1541 4360 2059 4430 quemadmodum
2093 4362 2189 4416 ille
2217 4379 2348 4432 por-

699 4450 840 4504 tavit
879 4448 1036 4520 ligna
1071 4448 1397 4502 holocausli
1464 4448 1572 4516 sui,
1642 4450 1718 4503 ita
1771 4455 1824 4502 et
1854 4450 1978 4520 ipse
2012 4458 2350 4521 portaturus

699 4542 851 4592 esset
887 4537 1119 4605 lignum
1161 4537 1364 4591 mortis
1403 4552 1544 4591 suae.
1592 4539 2028 4603 Verumtamen,
2065 4540 2213 4594 sicut
2253 4540 2350 4595 illo

699 4641 815 4680 non
858 4643 1040 4697 passo
1072 4626 1413 4697 suppositus
1445 4632 1529 4679 est
1568 4626 1721 4680 aries
1761 4643 1771 4680 :
1807 4626 1887 4682 ita
1945 4634 2001 4682 et
2053 4628 2167 4682 hoc
2219 4646 2351 4685 ma-

698 4722 875 4770 nente
905 4715 1280 4788 impassibili,
1313 4714 1660 4769 humanitas
1685 4718 1814 4785 ejus
1838 4717 2035 4770 occisa
2055 4718 2350 4782 εει.οηοά

703 4802 752 4856 si
778 4802 933 4858 diem
967 4805 1093 4873 ejus
1123 4803 1324 4859 videre
1355 4803 1729 4867 desideravit,
1773 4803 1978 4876 utique
2025 4805 2138 4861 hoc
2201 4812 2345 4877 erat,

701 4894 990 4962 tanquam
1032 4893 1302 4963 majoris.

772 5103 1117 5173 "unus.
1219 5106 1726 5176 "Joan.vui,19.
1805 5109 2042 5166 "Joan.
2072 5127 2164 5175 vn,
2193 5113 2280 5167 26.

2462 4373 2552 4416 τοῦ
2585 4365 2706 4415 Υἰοῦ
2737 4362 2896 4414 αὐτοῦ
2935 4369 3026 4414 τοῦ
3056 4360 3330 4432 ἀγαπητοῦ
3373 4359 3406 4415 δ
3412 4367 3466 4415 ιὸι
3493 4367 3578 4416 τὸν
3622 4365 3867 4435 ἄνθρωπον.
3902 4363 3951 4406 Κε-

2463 4457 2635 4522 ὧσπερ
2712 4451 2860 4512 οὗτος
2909 4449 3166 4502 ἐϐάστασε
3216 4453 3281 4503 τὰ
3326 4451 3452 4514 ξύλα
3506 4462 3604 4514 τῆς
3658 4452 3950 4522 abnormis;

2466 4543 2642 4604 αύτού,
2685 4542 2820 4591 οῦτω
2847 4538 3079 4600 κακεῖνος
3128 4538 3386 4612 βαστάσει
3416 4545 3471 4593 τὸ
3499 4541 3646 4604 ξύλον
3687 4548 3768 4593 τοῦ
3815 4538 3947 4590 Θανάτςι

2461 4632 2638 4682 αὐτοῦ.
2695 4629 2831 4686 Πλὴν
2883 4629 3116 4700 καθάπερ
3178 4632 3363 4682 τούτου
3427 4635 3687 4701 μείναντος
3739 4627 3944 4680 haud:

2459 4721 2604 4790 κριὸς
2655 4716 2833 4780 ἐτύθη,
2901 4718 3036 4769 οὕτω
3087 4716 3323 4770 κάκείνου
3394 4722 3631 4790 μένοντος
3695 4717 3882 4771 ἀπαθοῦς
3920 4726 3943 4754 τ’

2459 4806 2776 4880 ἀνθρώπινον
2842 4806 3002 4858 αὑτοῦ
3071 4808 3558 4878 σφαγιασθήσεται.
3636 4807 3694 4860 Εἰ
3758 4801 3809 4858 d‘s
3850 4800 3940 4853 ἐπεξι-

2458 4915 2623 4968 μησεν
2673 4891 2802 4948 ἰδεῖν
2853 4899 2946 4953 τήν
3005 4896 3200 4967 ἡμέραν
3262 4895 3442 4966 αὐτοῦ,
3506 4899 3576 4959 ὡς
3624 4897 3834 4969 μείζονος
3880 4907 3935 4939 τιν

2459 5005 2578 5045 τως.

1923 5287 2137 5355 Variaa
2176 5287 2505 5356 lectiones
2549 5298 2612 5355 et
2655 5296 2854 5355 nota.

769 5443 882 5519 (_66)
919 5445 979 5501 ln
1023 5448 1322 5519 contextu,
1352 5445 1464 5519 illo
1495 5445 1555 5500 in
1592 5446 1720 5501 loco
1764 5447 1945 5519 codd.
1999 5448 2347 5519 Euthymius

699 5514 925 5589 habent
976 5516 1287 5589 vulgatum
1344 5516 1603 5578 ἀληθινὸς.
1667 5518 1778 5589 Sed
1830 5514 2348 5589 Chrymstfrefert

701 5585 1080 5661 annosam.
1116 5587 1254 5651 Vlll,
1277 5603 1343 5661 _p.
1377 5589 1500 5658 294,
1525 5590 1649 5655 295,
1682 5585 2014 5661 aliquoties.

768 5659 882 5728 (67)
907 5656 966 5710 Ὁ
996 5656 1314 5729 interponit
1342 5664 1408 5715 A.

769 5729 881 5801 (68)
949 5736 1054 5788 Τήν
1136 5729 1304 5786 abest
1378 5737 1443 5786 Α.
1534 5729 1800 5786 Refertur
1867 5730 1936 5786 ad
2004 5729 2209 5792 εἴδησιν
2257 5738 2345 5787 καὶ

2458 5458 2670 5520 γνῶσιν.

2531 5523 2642 5588 (69)
2685 5519 2912 5573 Inclusa
2937 5518 3157 5574 absunt
3183 5520 3250 5572 A.

2531 5574 2642 5662 (70}
2684 5591 2921 5647 Inclusa
2953 5590 3175 5646 absunt
3213 5593 3278 5645 Α.
3313 5591 3532 5650 Ibidem
3565 5592 3773 5664 legitur,
3805 5574 3931 5658 προδιε-

2461 5664 2808 5717 θυπωθεῑσαν.
