4088 6456
172 344 316 402 1305

1258 343 1604 401 COMMENT
1643 345 1713 401 ΙΝ
1749 343 2100 401 JOANNEM.
2142 375 2210 387 —
2247 345 2404 400 CAP.
2448 342 2545 400 IX.

3398 344 3421 398 1
3433 345 3538 401 306

245 475 348 526 Καὶ
377 503 446 512 -
474 469 702 544 ἑώρακας
728 487 742 537 ;
768 469 956 544 ’ῼοντο
982 471 1084 543 γὰρ
1116 469 1268 523 αὑτὸν
1298 469 1454 542 ἐγγὺς
1481 468 1610 524 εἶναι
1648 490 1758 523 πεν-

1951 471 2114 526 Vers.
2149 470 2436 524 57.Et—
2486 469 2686 526 vidisti
2738 466 2767 523 7
2819 467 3118 524 Putabant
3179 467 3338 524 enim
3395 485 3534 525 eum

171 566 399 620 τήκοντα
449 560 570 612 ἐτῶν
620 557 714 612 διὰ
764 565 858 616 τήν
913 560 1250 632 πολυπειρίαν
1305 560 1486 614 αὑτοῦ.
1533 562 1661 612 Τινὰ
1709 555 1769 612 δὲ

173 659 271 703 τῶν
325 651 436 721 (71)
490 649 815 724 ἀντιγράφων
855 652 1248 723 τεσσαράκοντα
1288 650 1600 724 γράφουσιν,
1644 650 1766 721 ὅπερ

174 736 320 793 δοκεί
346 739 726 813 ἀκριϐέστερον.

245 914 394 970 Εἶπεν
447 948 514 958 -
570 917 694 979 εἰμι.
744 916 833 979 Ὠς
898 921 1047 979 Θεός.
1103 922 1203 970 Καὶ
1261 916 1356 969 οὑκ
1413 913 1571 984 εἶπεν,
1633 914 1768 986 Ἐγὼ

172 1010 332 1078 ἥμην,
411 1005 515 1058 ἀλλ’
577 1007 707 1077 Ἐγώ
759 1006 868 1078 εἰμι
909 1008 934 1058 ό
995 1005 1073 1059 ἀεὶ
1135 1011 1222 1057 ὧν.
1255 1009 1324 1058 Τό
1351 1009 1440 1071 μεν
1488 1001 1576 1056 οὑν
1633 1007 1769 1076 γενέ-

174 1097 300 1148 σθαι
359 1102 577 1148 κτιστοῦ
611 1099 710 1147 ’τό
804 1091 862 1148 δε
927 1095 1048 1168 Εἰμὶ
1128 1093 1378 1147 ἁκτίστου
1427 1095 1445 1165 [
1501 1099 1591 1146 καὶ
1651 1094 1768 1165 (72)

169 1189 389 1238 κτίστου

244 1273 408 1349 Ἥραν
446 1301 500 1314 -ο
550 1273 728 1326 αὑτόν.
785 1276 850 1326 Οἱ
885 1281 1068 1346 ταχεῖς
1107 1277 1236 1347 πρός
1265 1277 1411 1345 φόνον
1443 1293 1454 1306 ·
1485 1272 1766 1346 Ἠγρίαναν

170 1365 272 1436 γὰρ
323 1359 566 1426 δόξαντες
616 1361 933 1435 ὑϐρισθῆναι
975 1367 1062 1414 τόν
1121 1361 1358 1437 Ἀϐραὰμ
1400 1379 1412 1390 ⁸
1447 1362 1558 1433 ἅμα
1587 1359 1645 1415 δε
1677 1366 1767 1414 καὶ

169 1457 375 1524 γνόντες
405 1454 484 1505 ὅτι
514 1448 793 1511 ἀιδιότητα
831 1460 964 1506 Θεοῦ
988 1453 1318 1525 περιτίθησιν
1344 1451 1527 1522 ἑαυτῷ.

244 1631 450 1692 Ἰησοῦς
507 1627 567 1684 δι
613 1629 829 1704 ἐκρύϐη.
875 1632 1126 1704 Ἀόρατος
1183 1630 1362 1692 αὑτοῖς
1421 1634 1644 1688 κατέστη
1699 1637 1760 1701 τῆ

170 1720 384 1794 ἐξουσίᾳ
415 1729 505 1781 τῆς
544 1722 804 1781 θεότητος.

245 1814 344 1864 Καὶ
377 1813 536 1886 ἱεροῦ.
562 1816 673 1863 Ἵνα
699 1809 1004 1868 κατασταλῆ
1039 1811 1064 1862 ό
1099 1811 1261 1882 θυμὸς
1289 1809 1478 1864 αὐτῶν.

240 1988 456 2042 Διελθών
485 2020 554 2028 -
583 1988 772 2041 αὐτῶν.
827 1994 914 2047 Μὴ
959 1988 1258 2060 ἰσχυόντων
1289 1984 1418 2040 ἰδεῖν
1459 1988 1631 2043 αὐτόν.
1668 1994 1765 2044 Καὶ

170 2076 317 2132 διατί
367 2077 462 2130 οὑκ
519 2076 751 2141 ἐξέλυσεν
782 2077 949 2130 αὑτῶν
989 2082 1082 2135 τήν
1133 2075 1354 2149 δύναμιν
1398 2082 1486 2130 καὶ
1545 2086 1771 2150 φανερῶς

170 2167 473 2240 ἀνεχώρησε
494 2184 507 2233 ;
541 2172 682 2220 Διότι
699 2169 808 2220 οὔθ’
831 2169 991 2228 οὑτως
1013 2166 1215 2239 ἔμελλον
1243 2169 1526 2221 πιστεύειν.
1550 2171 1646 2220 Καὶ
1661 2169 1762 2240 γὰρ

170 2257 218 2310 ἐν
246 2265 315 2327 τῷ
343 2264 509 2330 καιρῷ
541 2265 632 2308 τοῦ
693 2259 898 2318 ῐιάθους
943 2259 1155 2318 ὑπτίους
1187 2257 1299 2326 (73)
1351 2256 1534 2316 αὑτοὺς
1564 2256 1759 2330 ἔῤῥιῲε,

169 2352 258 2399 καὶ
287 2350 381 2399 τὰς
401 2346 542 2417 ὄψεις
573 2345 739 2398 αὑτῶν
763 2345 1022 2408 ἐσκότισε,
1065 2351 1154 2398 καὶ
1184 2346 1276 2398 οὑκ
1307 2343 1637 2400 ἐπίστευσαν.
1661 2346 1761 2398 Oﬁ-

171 2431 256 2486 δεν
285 2437 384 2507 γὰρ
415 2442 594 2506 χεῖρον
623 2433 812 2506 ψυχῆς
844 2433 1222 2505 ἀπεγνωκυίας.
1280 2432 1386 2487 Κᾶν
1432 2437 1534 2507 γὰρ
1569 2440 1763 2505 σημεῖα

168 2520 285 2597 ἴδη,
312 2521 406 2576 κᾶν
436 2528 646 2599 τέρατα,
676 2528 812 2596 μένει
842 2528 936 2582 τήν
962 2524 1124 2583 αὐτὴν
1167 2527 1372 2597 ἔχουσα
1400 2523 1552 2576 πάλιν
1581 2522 1762 2576 ἀναισ-

131 2651 136 2654 ρ
166 2618 408 2686 χυντίαν.

243 2707 342 2756 Καὶ
369 2711 601 2776 παρῆγεν
623 2703 806 2765 οὑτως.
838 2702 1108 2766 Ἐϐάδιξεν
1147 2705 1324 2770 οὕτως,
1359 2708 1431 2776 μή
1465 2707 1761 2777 φαινόμενος

167 2791 363 2853 αὐτοῖς.

417 2887 562 2935 ΚΕΦ.
606 2879 658 2937 Γ.
687 2887 810 2956 Περὶ
837 2889 929 2934 τοῦ
968 2881 1024 2936 ἐκ
1060 2891 1264 2954 γενετῆς
1293 2881 1508 2955 τυφλοῦ.

240 2974 339 3023 Καὶ
368 3001 437 3010 -
464 2980 688 3042 γενετῆς.
715 2970 938 3024 Βεϐαιῶν
967 2970 1002 3024 ἁ
1031 2968 1158 3036 εἶπε,
1190 2976 1279 3024 καὶ
1307 2974 1647 3043 πιστούμενος
1681 2973 1760 3022 ότι

1879 557 2062 615 ferme
2118 573 2251 614 esse
2301 558 2908 631 quinquagenarium,
2987 561 3230 629 propter
3282 557 3534 614 multam

1878 649 2011 720 ejus
2054 649 2327 720 peritiam
2377 653 2433 704 et
2477 648 2924 720 experientiam.
2995 646 3277 712 Quaedam
3333 653 3534 702 autem

1879 737 2245 808 exemplaria
2313 735 2553 802 habent,
2603 736 3033 808 quadraginta,
3078 735 3255 809 ,quod
3303 735 3537 792 videtur

1879 841 2006 882 esse
2036 827 2247 882 verius.

1950 915 2109 970 Vers.
2191 919 2274 971 58.
2329 915 2502 972 Dixit
2567 945 2636 954 —
2700 916 3194 986 sum.Tanquam
3240 914 3414 968 Deus.
3472 915 3537 970 Et

1877 1019 1993 1060 non
2046 1004 2214 1068 dixit,
2276 1007 2396 1073 Ego
2438 1019 2603 1060 eram
2645 1022 2662 1074 ;
2697 1003 2822 1070 sed,
2872 1004 2998 1074 Ego
3023 1019 3171 1071 sum,
3229 1003 3327 1074 qui
3382 1018 3539 1058 sem-

1875 1109 1982 1164 per
2013 1111 2170 1149 sum.
2201 1094 2340 1150 Fieri
2370 1093 2660 1165 siquidem
2691 1093 2774 1149 rei
2806 1098 3016 1149 creatae
3047 1096 3166 1160 est;
3195 1093 3342 1149 Sum
3372 1108 3533 1156 vero,

1874 1182 2151 1238 increataa
2213 1188 2269 1238 et
2296 1189 2527 1239 creatas.

1947 1274 2109 1328 Vers.
2145 1273 2229 1328 59.
2272 1274 2563 1328 Tulerunt
2600 1304 2662 1314 -—
2695 1287 2843 1329 eum.
2868 1272 3114 1328 Veloces
3179 1271 3257 1327 ad
3287 1271 3531 1328 caedem.

1879 1362 2215 1433 Exasperati
2249 1368 2387 1418 sunt
2439 1362 2598 1418 enim
2647 1367 2925 1431 putantes
2972 1361 3190 1431 injuria.
3254 1360 3532 1418 affectum

1877 1468 2008 1507 esse
2066 1451 2370 1508 Abraham
2422 1469 2436 1505 :
2478 1451 2653 1507 simul
2702 1452 2898 1517 etiam,
2958 1451 3058 1507 ubi
3112 1450 3535 1522 cognovissent

1876 1541 2041 1614 quod
2071 1541 2169 1596 Dei
2200 1541 2580 1597 aeternitatem
2616 1541 2728 1595 sibi
2759 1540 3105 1596 vindicaret.

1948 1631 2114 1686 Vers.
2145 1632 2235 1688 59.
2267 1633 2426 1685 Jews
2465 1637 2658 1686 autem
2682 1631 3012 1686 occultatus
3052 1636 3154 1686 est.
3184 1630 3294 1685 Per
3322 1630 3534 1686 divini-

1877 1722 2010 1778 tatis
2035 1721 2362 1794 potentiam
2394 1720 2702 1777 invisibilis
2753 1721 2840 1776 eis
2874 1720 3140 1776 effectus.

1802 1830 1842 1885 Β
1949 1811 2112 1865 Vers.
2141 1811 2230 1866 59.
2273 1811 2351 1866 Et
2381 1841 2448 1850 -
2496 1809 2722 1879 templo.
2782 1812 2850 1866 Ut
2905 1809 3143 1864 illorum
3176 1810 3410 1866 sedaret
3442 1809 3530 1865 fu-

1878 1915 2072 1956 rorem
2083 1941 2094 1952 .

1950 1990 2114 2046 Vers.
2141 1994 2226 2046 59.
2261 1989 2660 2046 Pertransiens
2705 2019 2770 2030 -—-
2799 1989 3060 2045 illorum.
3096 1990 3237 2045 Cum
3271 1987 3352 2044 illi
3393 2003 3530 2044 eum

1875 2079 2075 2136 videre
2118 2095 2237 2135 non
2283 2082 2552 2151 possent.
2616 2080 2682 2133 Et
2722 2094 2908 2150 quare
2939 2093 3062 2133 non
3121 2077 3384 2133 dissolvit
3416 2077 3535 2133 illo-

1873 2185 2009 2224 rum
2040 2169 2337 2234 virtutem,
2371 2175 2428 2223 et
2488 2167 2804 2222 manifeste
2877 2167 3120 2222 recessit
3164 2166 3192 2221 7
3237 2167 3382 2232 Quia
3425 2182 3534 2222 nec

1875 2259 1960 2314 sic
2008 2257 2286 2313 credituri
2358 2261 2547 2312 erant.
2625 2255 2850 2311 Etenim
2898 2261 3168 2327 tempore
3225 2256 3532 2326 passionis

1872 2349 2122 2420 supinos
2154 2348 2286 2404 illos
2315 2347 2547 2418 dejecit,
2597 2361 2928 2417 eorumque
2991 2351 3262 2416 aspectus
3319 2345 3534 2401 obscu-

1870 2439 2041 2505 ravit,
2088 2445 2143 2494 et
2189 2454 2310 2493 non
2362 2436 2758 2492 crediderunt.
2814 2438 2961 2490 Nam
3018 2434 3220 2490 anima
3271 2434 3532 2506 reproba

1871 2528 2020 2584 nihil
2047 2533 2133 2583 est
2162 2529 2336 2600 pejus
2367 2543 2378 2581 :
2411 2526 2543 2582 licet
2573 2524 2730 2580 enim
2773 2525 2948 2594 signa
2990 2524 3190 2581 videat
3227 2540 3298 2579 ac
3330 2523 3530 2595 prodi-

1870 2618 1984 2687 gia,
2015 2634 2182 2672 suam
2215 2621 2412 2673 tamen
2446 2630 2684 2686 semper
2713 2614 2925 2669 retinet
2953 2612 3420 2685 impudentiam.

1940 2708 2104 2763 Vers.
2141 2707 2210 2763 59
2251 2707 2330 2762 Et
2359 2707 2446 2762 ita
2471 2704 2832 2776 prateribat.
2876 2702 3244 2760 Ambulabat
3278 2703 3377 2769 ita,
3410 2717 3532 2758 non

1870 2813 2166 2870 apparens
2201 2795 2336 2852 illis.

2226 2887 2378 2942 CAP.
2409 2886 2475 2940 X.
2510 2886 2588 2940 De
2615 2900 2749 2938 meo
2779 2899 2817 2938 a
2843 2882 3170 2939 nativitate.

1940 2978 2079 3050 Cap.
2128 2977 2226 3031 IX.
2283 2976 2425 3031 Vers
2463 2980 2508 3029 l.
2559 2975 2637 3029 Et
2680 3003 2749 3013 —
2779 2973 3110 3028 nativitate.
3162 2969 3536 3026 Conﬁrman-

165 3064 289 3120 Θεός
337 3058 498 3125 ἔστιν,
556 3059 706 3120 εὑθὺς
736 3062 949 3134 ἔρχεται
997 3059 1080 3112 ἐπὶ
1135 3062 1310 3132 θαῦμα
1361 3065 1630 3132 μέγιστον,
1670 3064 1758 3110 καὶ

1887 3065 1966 3130 in,
2017 3065 2182 3138 quod
2245 3065 2494 3128 dixerat,
2549 3063 2853 3133 fidemque
2883 3061 3128 3125 faciens,
3167 3060 3334 3133 quod
3377 3060 3532 3116 Deus

164 3154 320 3217 μήπω
404 3153 568 3220 μέχρι
617 3153 732 3201 τότε
786 3153 1072 3220 γενόμενον.
1131 3147 1324 3221 Τυφλοὶ
1372 3153 1460 3221 μὲν
1513 3152 1614 3222 γὰρ
1671 3153 1758 3200 καὶ

163 3237 310 3290 ἄλλοι
368 3236 645 3307 ἀνέϐλεψαν
689 3253 701 3266 ⁸
744 3236 933 3308 τυφλός
987 3233 1046 3290 δε
1103 3235 1151 3289 ἐν
1199 3247 1404 3308 γενετῆς
1435 3240 1545 3308 (74)
1586 3233 1757 3298 οὐδεὶς

162 3329 296 3400 ἄχρι
316 3334 449 3380 τότε.
491 3328 577 3378 Διό
606 3330 696 3377 καὶ
723 3323 1010 3396 ἀναϐλέψας
1041 3325 1206 3397 ἔλεγεν
1257 3345 1270 3358 ο
1306 3327 1392 3379 Ἐκ
1423 3334 1513 3378 τοῦ
1572 3326 1759 3386 αἰῶνος

161 3415 253 3468 οὑκ
283 3416 520 3474 ἠκούσθη
547 3416 626 3466 ὅτι
673 3413 844 3476 ἤνοιξε
868 3433 943 3474 τις
981 3413 1274 3486 ὀφθαλμοὺς
1301 3416 1493 3487 τυφλοῦ
1522 3433 1758 3486 γεγεννη-

163 3508 337 3577 μένου.

239 3776 336 3824 Καὶ
394 3801 461 3812 —
511 3774 730 3844 γεννηθῇ
763 3771 1089 3847 ςἘρωτῶσιν
1156 3772 1260 3844 οὑχ
1314 3775 1384 3834 ὡς
1431 3779 1585 3826 τοῦτο
1633 3774 1760 3825 πάν-

161 3879 258 3920 τως
313 3861 343 3919 ή
405 3863 564 3913 ἐκεῖνο
628 3860 1092 3934 ὑπολαμϐάνοντες,
1148 3863 1380 3936 καθάπερ
1435 3865 1484 3914 οἱ
1549 3861 1760 3921 ἀνόητοι

163 3946 414 4003 Ἰουδαῖοι
442 3964 456 3980 ⁸
483 3953 540 4003 τό
569 3953 660 4021 μὶν
709 3953 811 4024 γὰρ
869 3951 1118 4024 ἁμαρτεῖν
1168 3955 1267 4024 πρὸ
1328 3959 1419 4004 τοῦ
1449 3954 1759 4023 γεννηθῆναι

163 4035 440 4108 ἀδύνατον,
473 4043 530 4091 τό
562 4036 621 4092 δὲ
646 4041 773 4114 ὑπὲρ
804 4049 905 4091 τῶν
931 4044 1120 4112 γονέων
1165 4040 1480 4102 κολάζεσθαι
1531 4038 1717 4094 οἷδικον
1742 4058 1754 4072 ⁸

161 4126 266 4180 ἀλλ’
299 4131 442 4181 ἔστιν
475 4130 501 4181 ό
529 4133 724 4191 σκοπός
772 4136 864 4182 τοῦ
893 4128 1050 4201 λόγου
1074 4137 1327 4190 τοιοῦτος.
1384 4129 1442 4182 Ὀ
1467 4133 1556 4201 μὲν
1587 4133 1759 4204 παρά-

157 4217 309 4279 λυτος
340 4214 433 4270 διὰ
475 4220 568 4280 τὰς
612 4218 869 4291 ἁμαρτίας
921 4221 1081 4270 αὑτοῦ
1136 4219 1360 4286 ἠσθένει,
1420 4220 1592 4279 καθὼς
1658 4217 1762 4271 ἐκεῖ

159 4309 531 4379 μεμαθήκαμεν
581 4325 596 4341 ο
647 4311 764 4379 περὶ
815 4309 994 4359 τούτου
1037 4303 1095 4359 δι
1149 4307 1260 4375 (75)
1301 4311 1354 4358 τί
1406 4307 1569 4378 λέγεις
1610 4323 1624 4374 ;
1675 4311 1760 4368 Τίς

1868 3160 2025 3209 esset
2065 3154 2263 3208 statim
2337 3152 2499 3208 venit
2550 3152 2626 3206 ad
2674 3150 3030 3206 miraculum
3085 3150 3442 3214 maximum,
3475 3154 3533 3205 et

1867 3259 2057 3315 usque
2089 3243 2164 3298 ad
2194 3242 2252 3297 id
2282 3242 2566 3313 temporis
2597 3254 2913 3309 nunquam
2946 3237 3188 3293 factum.
3223 3238 3530 3310 Siquidem

1867 3336 1924 3386 et
1970 3331 2066 3386 alii
2108 3331 2248 3386 caeci
2290 3330 2485 3384 visum
2540 3332 2908 3398 receperunt,
2951 3342 3157 3381 verum
3191 3326 3291 3398 qui
3344 3343 3378 3382 a
3426 3341 3531 3382 na-

1867 3419 2088 3476 tivitate
2142 3435 2335 3475 caecus
2388 3418 2613 3484 fuisset,
2665 3415 2865 3470 nullus
2933 3429 3122 3485 usque
3154 3414 3231 3469 ad
3277 3414 3336 3468 id
3390 3418 3534 3469 tem-

1867 3526 2000 3583 pus.
2036 3509 2173 3564 ldeo
2224 3507 2423 3572 etiam,
2483 3507 2586 3578 qui
2617 3505 2814 3560 visum
2875 3505 2942 3574 (j)
2974 3503 3211 3573 recepit,
3245 3502 3483 3558 dicebat
3514 3503 3529 3546 3

1865 3601 1914 3654 A
1948 3598 2162 3654 seculo
2200 3612 2315 3650 non
2379 3601 2460 3652 est
2501 3595 2793 3657 auditum,
2848 3592 3004 3664 quod
3053 3590 3350 3660 aperuerit
3381 3592 3533 3663 quis-

1865 3688 2026 3758 piam
2060 3687 2250 3743 oculos
2273 3685 2407 3742 caeci
2458 3685 2590 3739 nati
2638 3685 2705 3736 ³ο.

1940 3780 2106 3832 Vers.
2181 3779 2232 3830 2.
2292 3775 2370 3831 Et
2418 3779 2744 3830 nasceretur
2791 3773 2820 3829 7
2885 3769 3352 3841 lnterrogabant,
3407 3785 3529 3826 non

1869 3867 2033 3938 quod
2084 3865 2196 3921 hoc
2227 3869 2331 3921 aut
2357 3863 2506 3919 illud
2533 3861 2782 3918 omnino
2805 3860 3271 3932 suspicarentur,
3331 3875 3532 3932 quem-

1869 3954 2200 4011 admodum
2267 3953 2615 4025 insipientes
2687 3950 2924 4015 Judaai;
2974 3965 3118 4004 nam
3181 3948 3342 4004 hunc
3398 3964 3533 4019 pec-

1869 4059 2057 4107 casse,
2130 4047 2458 4115 antequam
2516 4045 2694 4097 natus
2763 4042 2935 4103 esset,
2987 4037 3361 4108 impossibile
3409 4041 3532 4092 erat

1870 4148 2048 4204 porro
2073 4148 2180 4203 pro
2225 4131 2577 4202 parentibus
2645 4127 2843 4200 puniri
2875 4127 3163 4197 injustum
3206 4142 3220 4190 ;
3263 4125 3364 4180 sed
3397 4125 3530 4181 finis

1870 4221 2164 4276 sermonis
2218 4219 2346 4275 talis
2404 4224 2511 4274 est.
2564 4216 2930 4287 Paralyticus
2987 4213 3231 4285 quidem
3290 4218 3532 4285 propter

1869 4313 2116 4380 peccata
2155 4324 2264 4362 sua
2311 4306 2663 4375 aegrotabat,
2724 4305 2873 4359 sicut
2912 4303 2993 4358 ibi
3038 4301 3359 4356 didicimus
3398 4317 3410 4356 :
3456 4301 3529 4356 de

162 4396 408 4468 ἥμαρτεν,
465 4394 610 4454 οὗτος
648 4393 678 4452 ἣ
731 4396 778 4446 οἰ
823 4401 991 4464 γονεῖς
1057 4393 1215 4445 αὑτοῦ
1272 4397 1464 4466 ςήμεῖς
1495 4396 1596 4468 γὰρ
1644 4395 1758 4446 οὔτε

1887 4414 1984 4452 10c
2016 4402 2236 4457 autem.
2307 4395 2448 4453 quid
2512 4393 2660 4449 dicis
2709 4392 2736 4447 ?
2782 4394 2919 4460 Quis
2965 4391 3245 4459 peccavit,
3305 4389 3421 4455 hic,
3453 4405 3526 4446 an

159 4488 312 4533 τοῦτο
333 4485 450 4534 όῦτε
479 4480 636 4534 ἐκεῖνο
668 4477 937 4554 δυνάμεθα
974 4480 1156 4553 λέγειν,
1193 4482 1445 4542 παντελῶς
1476 4481 1760 4556 ἐξαπορού-

158 4588 323 4643 μενοι.

231 4756 280 4792 ⁸ο
299 4756 472 4813 Joan.
503 4772 582 4826 ix,
615 4757 702 4813 32.

1865 4492 2135 4556 parentes
2166 4487 2292 4555 ejus
2330 4483 2359 4539 7
2408 4499 2519 4540 nos
2551 4482 2711 4538 enim
2740 4496 2934 4552 neque
2973 4479 3104 4542 hoc.
3160 4493 3354 4550 neque
3384 4477 3530 4534 illud

1869 4573 2062 4630 dicere
2115 4589 2458 4646 possumus,
2509 4571 2760 4628 omnino
2791 4567 3121 4626 conturbati
3152 4566 3527 4640 consilioque

1869 4662 2151 4719 destituti.

1363 4857 1587 4926 Variae
1616 4858 1946 4927 lectiones
1980 4869 2044 4926 et
2086 4865 2287 4928 notae.

225 5000 337 5070 (Ἠ)
360 4999 590 5055 Scilicet
619 4998 1052 5126 Chr‘qsostomi,
1077 4999 1180 5072 qui
1201 4999 1486 5055 audacter
1513 5002 1593 5058 ita
1622 5016 1746 5056 cor-

225 5072 320 5126 xit.
371 5071 513 5126 Vide
555 5075 696 5126 tom.
782 5072 870 5126 lll.
904 5087 1042 5126 nan.
1081 5074 1211 5126 324.
1254 5071 1746 5126 Chrvsostomum

154 5072 320 5144 rexit.
371 5071 513 5127 Vide
555 5075 696 5127 tom.
728 5071 870 5144 Vill,
903 5087 1051 5144 pag.
1074 5074 1211 5144 324.
1254 5071 1750 5144 Chrysostomum

153 5142 420 5214 sequitur
447 5158 601 5199 unus
618 5159 688 5199 ex
706 5142 1014 5199 codicibus
1039 5142 1496 5214 Mosquensibus
1519 5144 1748 5200 N.Test.

155 5226 212 5287 ᾳ.
235 5211 337 5287 gui
371 5218 457 5268 est
479 5230 610 5287 cum
657 5214 920 5270 scholiis.
963 5211 1266 5281 Origenes,
1321 5214 1423 5287 qui
1455 5220 1602 5287 tom.
1647 5217 1748 5280 ΧΧ,

151 5284 211 5338 in
235 5285 524 5339 Joannem
557 5285 686 5341 haec
715 5287 856 5341 data
892 5301 1076 5357 opera
1129 5284 1564 5356 interpretatur,
1589 5286 1751 5342 hunc

151 5371 394 5427 versum
452 5362 642 5412 totum
705 5357 1103 5427 praetermisit.
1151 5362 1477 5416 Πεντήκοντα
1511 5363 1752 5412 servant

150 5425 351 5499 Cyrill.
387 5433 424 5482 t.
450 5427 566 5500 ιν,
603 5443 657 5498 p.
693 5425 793 5484 585
821 5429 880 5482 C.
917 5429 1390 5500 ;7Theopbylact.
1428 5445 1485 5500 p.
1527 5430 1632 5500 690
1668 5431 1704 5483 Ε
1735 5445 1748 5495 ;

151 5514 406 5627 geverus
444 5499 504 5553 in
536 5500 759 5555 Catena
811 5499 1090 5566 Corderii,
1133 5499 1192 5572 p.
1215 5499 1326 5556 7243
1377 5519 1392 5569 ;
1429 5499 1484 5557 et
1511 5499 1748 5556 codices

193 5571 527 5627 robatiores
556 5585 782 5626 omnes.

193 5570 527 5627 robatiores
556 5585 782 5626 omnes.

224 5747 304 5819 (j)
337 5747 447 5818 Qui
477 5747 684 5805 visum.
721 5749 885 5805 Forte
916 5748 1080 5821 legit,
1112 5744 1196 5806 διό
1235 5753 1324 5802 καὶ
1353 5750 1378 5802 ό
1432 5748 1744 5827 ἀναϐλέψας.

1927 5003 2040 5074 (72)
2076 5001 2310 5058 Inclusa
2349 5000 2584 5074 absunt
2616 5001 2682 5056 Α.
2717 5002 2972 5062 Κτίστης,
3003 4994 3315 5068 quomodo
3345 4996 3525 5074 etiam

1862 5070 2204 5130 Eustathius
2240 5072 2453 5136 scribit,
2485 5073 2590 5144 qui
2648 5087 2786 5128 cum
2847 5074 3032 5144 κτίτης
3057 5070 3390 5139 comparat.
3414 5083 3524 5144 pro

1863 5083 2204 5130 Eustathius
2240 5083 2453 5136 scribit,
2485 5089 2590 5144 qui
2648 5087 2786 5128 cum
2847 5083 3032 5150 κτιτης
3057 5083 3524 5194 ϐοωρᾶΐᾶῐνὲφο

1861 5145 2226 5272 sttibstantivo
2261 5145 2510 5218 accipio,
2565 5159 2704 5208 non,
2771 5146 2831 5198 ut
2882 5146 3191 5212 interpres,
3225 5153 3334 5210 pro
3364 5154 3400 5194 a
3447 5154 3525 5197 ie-

1863 5231 1893 5272 c
1924 5233 2041 5272 ivo.

1863 5231 2041 5272 οῐινο.

1933 5289 2045 5360 (73)
2066 5290 2148 5344 Ita
2175 5287 2526 5360 plerumque
2541 5286 3002 5357 Chrysostomus
3019 5287 3275 5345 oratorie
3294 5287 3522 5352 laudat,

1859 5359 2033 5414 Joan.
2066 5375 2224 5414 xvm.
2258 5363 2309 5422 6,
2333 5362 2516 5412 ἔπεσον
2547 5363 2746 5430 χαμαί.

1931 5431 2320 5495 (74)Γεννητῆς.

1935 5501 2047 5571 (75)
2071 5505 2131 5554 A‘:
2161 5501 2331 5558 abest
2371 5508 2411 5555 A
2424 5543 2436 5554 .
