4088 6426
687 321 825 380 1303

2009 314 2366 376 EUTHYMII
2418 313 2746 372 ZIGABENI
3856 320 3941 382 m4

688 454 842 506 atur.
870 447 1009 505 Vult
1034 446 1190 505 enim
1219 451 1505 514 astruere,
1549 443 1716 518 quod
1772 444 1967 513 major
2007 445 2103 510 sit,
2152 459 2302 516 qua:

2326 459 2338 498 I
2372 441 2419 495 Α
2455 440 2806 515 Βούλεταιγὰρ
2820 441 3218 494 κατασκευάσαι
3237 441 3318 494 ὅτι
3337 442 3522 513 μείζων
3539 442 3643 495 ἐστὶ
3659 451 3736 495 τοῦ
3761 445 3940 521 Ἀϐραάμ.

688 539 988 595 Abraham
1026 554 1039 603 ;
1071 554 1212 593 nam
1245 537 1359 593 hoc
1409 536 1467 590 in
1513 534 1784 606 praesenti
1827 549 1947 590 non
2000 533 2171 599 dixit,
2214 548 2343 604 pro-

687 634 818 701 pter
843 627 1107 698 ipsorum
1142 625 1604 698 impudentiam.

760 716 1047 771 Vers.5!i.
1110 716 1290 783 Quem
1357 745 1424 753 —
1485 714 1641 767 Vers.
1719 713 1810 769 55.
1873 727 2016 768 eum.
2087 742 2143 752 —
2212 711 2342 766 Non

687 806 1029 875 cognovistis
1069 820 1213 866 eum,
1254 808 1455 873 utpote
1491 800 1774 873 operibus
1828 801 1994 856 illum
2029 805 2338 864 negantes.

690 894 841 950 Dicit
892 893 1052 948 enim
1109 897 1165 947 et
1218 891 1538 962 Apostolus
1584 908 1597 945 :
1653 891 2016 958 Conﬁtentur
2078 905 2138 944 se
2189 904 2344 944 nosse

691 985 898 1046 Deum,
940 983 1112 1051 factis
1142 986 1337 1036 autem
1368 987 1584 1049 negant
1614 981 1684 1036 ⁷⁷.
1714 979 1814 1033 Vel
1849 979 2030 1034 etiam
2077 993 2148 1032 eo
2178 977 2342 1049 quod

689 1087 810 1127 non
840 1070 1181 1137 agnoscatis
1205 1068 1407 1124 Filium
1463 1070 1618 1138 ejus.
1680 1067 1904 1121 Dictum
1958 1071 2046 1120 est
2106 1064 2265 1120 enim
2327 1083 2339 1120 :

688 1162 754 1216 Si
789 1175 880 1215 me
906 1159 1340 1228 cognoscentis,
1374 1158 1432 1214 et
1467 1158 1704 1213 Patrem
1757 1171 1941 1211 meum
1994 1155 2197 1226 utique
2253 1169 2345 1210 co-

688 1252 1045 1321 gnosceretis
1100 1249 1169 1302 7'.
1205 1247 1303 1302 Vel
1357 1262 1428 1302 eo
1485 1249 1650 1319 quod
1710 1260 1830 1300 non
1894 1244 2137 1299 servetis
2211 1244 2341 1314 ejus

691 1353 996 1393 sermones
1027 1356 1043 1407 ;
1077 1352 1220 1392 nam
1275 1336 1323 1391 si
1352 1334 1781 1407 cognosceretis
1811 1349 1970 1396 eum,
2003 1347 2341 1389 sermonem

691 1428 820 1499 ejus
851 1427 1179 1482 servaretis.

765 1516 923 1570 Vers.
957 1516 1045 1570 55.
1098 1515 1224 1584 Ego
1275 1519 1461 1570 autem
1519 1514 1663 1568 novi
1719 1527 1870 1568 eum.
1933 1515 2059 1567 Non
2118 1510 2339 1574 solum,

693 1621 829 1661 cum
861 1620 932 1660 ex
964 1605 1094 1676 ipso
1121 1605 1257 1666 sim,
1304 1611 1359 1658 et
1386 1602 1653 1672 ejusdem
1697 1601 2066 1662 substantiae,
2113 1607 2343 1656 natura;

693 1699 750 1751 et
778 1694 1058 1758 scientiae,
1094 1694 1193 1748 sed
1242 1692 1418 1748 etiam
1472 1698 1762 1763 tanquam
1816 1705 2156 1744 sermonem
2214 1689 2343 1757 ejus

693 1797 957 1840 servans.
986 1785 1130 1838 Nam
1161 1786 1218 1837 et
1248 1780 1522 1852 superius
1568 1780 1715 1834 dixit
1769 1796 1781 1834 :
1837 1780 1943 1834 Est
1997 1793 2192 1840 verax.
2242 1777 2345 1848 qui

693 1873 849 1928 misi!
885 1887 991 1936 me,
1020 1887 1190 1942 quem
1222 1886 1315 1925 vos
1347 1885 1464 1925 non
1491 1869 1670 1924 nostis
1694 1884 1707 1920 :
1745 1883 1849 1938 ego
1877 1882 2012 1923 vero
2034 1868 2173 1922 novi
2191 1882 2342 1933 eum,

694 1963 836 2034 quia
864 1962 938 2016 ab
965 1977 1028 2017 eo
1057 1977 1185 2016 sum
1206 1962 1278 2012 τ’.

764 2051 906 2106 Vers
961 2055 1048 2105 55.
1108 2052 1170 2105 Et
1230 2078 1299 2090 —
1346 2047 1621 2103 mendax.
1658 2047 1774 2102 Vos
1805 2047 1964 2102 enim
2015 2045 2346 2101 mentimini

694 2140 962 2196 dicentes
1002 2139 1187 2194 Deum
1241 2143 1503 2193 vestrum
1555 2152 1707 2202 esse,
1761 2152 1896 2191 cum
1955 2152 2074 2190 non
2126 2151 2349 2203 cogno-

697 2230 876 2284 scatis
914 2245 1072 2287 eum.
1118 2234 1180 2282 ut
1237 2226 1587 2298 praedictum
1647 2233 1752 2279 est.
1811 2225 2082 2280 Notitiam
2143 2229 2344 2278 autem

696 2325 752 2374 et
780 2318 1181 2386 cognitionem
1214 2316 1373 2379 dicit,
1417 2330 1591 2370 nosse
1619 2314 1985 2386 simpliciter.
2030 2320 2085 2368 et
2129 2329 2346 2384 cogno-

697 2422 858 2462 scere
910 2405 1072 2478 quod
1131 2407 1201 2460 sit
1263 2405 1416 2458 Deus
1469 2411 1524 2457 et
1581 2403 1763 2464 Pater,
1823 2418 1938 2456 non
2028 2403 2175 2458 scire
2247 2405 2344 2457 Dei

694 2501 990 2551 naturam.
1025 2497 1167 2550 Nam
1197 2496 1329 2564 ipsa
1365 2509 1483 2547 non
1527 2493 1724 2546 solum
1788 2493 2068 2559 cognosci
2124 2493 2341 2562 nequit,

697 2600 899 2640 verum
929 2584 1104 2638 etiam
1136 2583 1382 2637 omnino
1440 2580 1884 2648 inintelligibilis
1934 2587 2020 2635 est
2072 2588 2125 2634 et
2181 2582 2344 2635 inae-

696 2673 1005 2738 cessibilis,
1035 2688 1142 2726 nec
1183 2677 1399 2725 tantum
1433 2669 1798 2734 hominibus,
1860 2671 1964 2723 sed
2015 2675 2071 2725 et
2100 2669 2349 2725 coelesti-

696 2762 807 2816 bus
845 2761 1177 2816 virtutibus.

769 2849 934 2905 Vers.
968 2849 1055 2904 56.
1116 2848 1226 2904 Sed
1279 2879 1344 2888 —
1401 2863 1589 2904 servo.
1647 2846 1843 2911 Vides,
1877 2846 2037 2919 quod
2097 2847 2196 2902 Dei
2228 2863 2345 2902 ser-

696 2954 938 2994 monem
999 2953 1254 3001 servare,
1308 2936 1546 3006 signum
1603 2937 1671 2991 sit
1725 2936 1889 3008 quod
1952 2937 2089 3007 quis
2158 2939 2342 2992 Deum

696 3034 1037 3097 cognoscat.
1071 3027 1414 3082 Timeamus
1447 3026 1642 3090 igitur,
1692 3025 1855 3097 quod
1889 3026 1984 3080 Dei
2049 3033 2346 3095 praecepta

695 3132 816 3172 non
849 3133 1173 3181 servamus,
1230 3121 1515 3186 tanquam
1547 3131 1685 3170 cum
1742 3115 1827 3169 eis
1882 3115 2207 3184 constituti,
2239 3114 2344 3186 qui

697 3205 884 3261 Deum
918 3207 1212 3274 ignorant.
1246 3204 1466 3260 Deinde
1511 3204 1739 3276 probat,
1789 3203 1954 3275 quod
2001 3205 2194 3274 major
2247 3204 2342 3269 sit,

695 3310 880 3368 quam
909 3295 1233 3351 Abraham.

769 3384 929 3440 Vers.
1009 3388 1094 3439 56.
1137 3384 1442 3440 Abraham
1499 3413 1568 3423 —
1620 3398 1831 3439 meum.
1890 3411 1961 3426 —
2011 3383 2345 3439 Exsultavit

696 3473 822 3529 sive
875 3473 1234 3544 concupivit.
1269 3472 1428 3528 Diem
1470 3475 1662 3526 autem
1728 3486 1908 3526 suum
1987 3471 2131 3528 dicit
2182 3470 2346 3528 diem

694 3577 1013 3635 passionis.

767 3651 928 3706 Vers.
989 3654 1075 3705 56.
1129 3650 1203 3704 Et
1261 3649 1431 3714 vidit,
1491 3655 1546 3706 et
1614 3650 1853 3718 gavisus
1921 3655 2027 3706 est.
2086 3649 2344 3705 Gavisus

695 3744 782 3794 est
807 3745 1042 3810 propter
1095 3738 1340 3792 salutem
1397 3737 1627 3791 mundi.
1699 3738 2111 3805 Praecognovit
2177 3754 2345 3794 nam-

694 3842 812 3899 que
853 3827 1205 3898 mysterium
1247 3827 1647 3881 crucitixionis
1692 3828 1925 3882 Christi.
1983 3828 2347 3884 Desideravit

695 3915 896 3970 videre
935 3915 1093 3969 diem
1158 3916 1344 3986 ipsius
1383 3923 1435 3969 et
1480 3916 1620 3970 vidit
1669 3915 1834 3970 illum
1888 3916 2341 3987 praeﬁguratum

694 4003 1220 4065 etadumbratum,
1273 4005 1329 4058 in
1381 4004 1474 4058 die
1529 4019 1651 4074 quo
1700 4004 1885 4060 tilium
1938 4022 2113 4060 suum
2177 4005 2344 4062 Isaac

693 4093 907 4148 obtulit
945 4093 1002 4148 in
1028 4093 1466 4148 holocaustum.
1516 4093 1716 4148 Diilicit
1758 4096 1938 4156 enim,
1985 4096 2142 4165 quod
2196 4097 2345 4152 sicut

695 4183 824 4254 ipse
875 4198 991 4237 non
1065 4183 1326 4253 pepercit
1373 4199 1483 4236 suo
1544 4184 1758 4237 dilecto
1831 4193 2073 4254 propter
2130 4185 2341 4251 Deum,

2455 537 2688 600 Φανερῶς
2744 533 2841 605 γὰρ
2869 538 2957 582 νῦν
2990 529 3084 583 ούκ
3115 527 3221 584 εἶπε
3251 539 3401 583 τοῦτο
3427 527 3460 583 δ
3466 535 3518 583 ιὰ
3545 535 3628 589 τήν
3663 530 3943 606 ἀναισχυντεῖν

2455 621 2623 672 αύτῶν
2632 661 2645 673 .

2524 709 2617 761 ’ον
2677 740 2746 751 —
2801 709 2977 761 αὐτόν.
3041 740 3107 750 -
3149 709 3261 762 Ούκ
3316 708 3562 780 ἕγνώκατε
3615 710 3770 776 αὐτὸν,
3805 716 3944 776 ὡςτοίς

2454 804 2620 873 ἔργοις
2667 797 2966 870 ἀρνούμενοι
3014 798 3185 851 αὐτόν.
3243 805 3377 856 Φησὶ
3434 803 3533 871 γὰρ
3583 804 3666 850 καὶ
3715 803 3944 854 61:67::-

2452 888 2533 946 λος
2615 890 2695 939 ὃτι
2741 892 2870 939 Θεὸν
2927 887 3268 960 ὁμολογοῦσιν
3326 884 3540 955 εἰδέναι,
3589 896 3690 951 τοῖς
3744 887 3792 942 δ⁸ι
3842 896 3947 963 ἔργοις

2456 973 2750 1046 ἀρνοῦνται.
2816 975 2882 1029 Ἦ
2941 983 3026 1029 καὶ
3086 980 3150 1037 ὡς
3201 981 3272 1050 μὴ
3329 975 3596 1048 ὶγνωκότες
3643 983 3720 1029 τὸν
3770 982 3860 1032 Υἱὸν
3893 986 3946 1032 ir;-

2453 1073 2566 1118 τοῦ.
2622 1070 2904 1137 Προείρηκε
2967 1070 3068 1140 γὰρ
3133 1069 3213 1119 ὅτι
3271 1067 3330 1119 Ei
3404 1065 3490 1138 ίμε
3568 1063 3746 1138 ᾔδειτε,
3795 1076 3862 1121 καὶ
3899 1091 3944 1121 τω

2456 1159 2663 1224 Ιιατίρα
2723 1174 2824 1225 μου
2881 1151 3057 1227 ᾔδειτε
3112 1156 3192 1207 ἄν.
3256 1154 3320 1208 Ἦ
3383 1157 3447 1216 ὡς
3503 1161 3575 1227 μή
3638 1165 3864 1226 τηροῦντες
3900 1181 3944 1210 τι,

2453 1241 2604 1311 λόγον
2628 1243 2808 1296 αύτοῦ·
2842 1244 2886 1296 εἰ
2907 1247 3009 1316 γὰρ
3043 1242 3218 1316 ᾔδειτε
3249 1245 3423 1309 αύτὸν,
3448 1243 3668 1319 ἐτηρείτε
3695 1245 3747 1296 ἄν
3769 1249 3835 1298 τὸν
3858 1247 3944 1320 ὶογςι

2455 1351 2637 1386 αυτου.

2530 1509 2663 1581 Ἐγὼ
2694 1506 2752 1563 δι
2784 1507 2871 1562 οἶδ
2876 1530 2909 1562 α
2948 1512 3122 1566 αὑτὸν.
3169 1515 3244 1565 Οῦ
3275 1517 3427 1584 μόνον
3472 1514 3539 1573 ὡς
3568 1512 3618 1575 ἐξ
3647 1512 3786 1564 αὐτοῦ
3808 1520 3870 1564 καὶ
3895 1524 3945 1571 τῆς

2455 1600 2614 1660 αὐτῆς
2643 1600 2831 1661 ούσίας
2859 1605 2946 1651 καὶ
2974 1604 3173 1672 φύσεως
3201 1607 3290 1654 καὶ
3317 1609 3560 1673 γνώσεως
3589 1606 3672 1666 ὧν,
3701 1601 3808 1654 ἀλλὰ
3837 1608 3945 1662 uiri;

2455 1688 2710 1759 τὸνλόγον
2736 1689 2896 1740 αὐτοῦ
2923 1699 3112 1760 τηρῶν.
3150 1696 3249 1744 Καὶ
3280 1691 3451 1744 ὀπίσω
3484 1688 3544 1744 δι
3574 1688 3719 1756 εἶπεν,
3755 1694 3817 1743 ὁτι
3839 1693 3945 1743 Ἐστι)

2455 1779 2654 1839 ἀληθὴς
2827 1780 2853 1830 ὁ
2877 1779 3083 1850 πέμψας
3121 1799 3203 1850 με,
3235 1780 3289 1832 ὃν
3333 1783 3482 1852 ὑμεῖς
3514 1780 3608 1833 ούκ
3632 1777 3805 1848 οἰδατε,
3834 1781 3896 1851 ἐγὼ
3916 1777 3945 1831 ξε

2456 1864 2580 1920 οἶδα
2611 1867 2787 1938 αὐτὸν,
2822 1871 2899 1920 ὁτι
2932 1869 3054 1943 παρ’
3087 1869 3247 1922 αὐτοῦ
3278 1869 3410 1942 εἰμι,

2533 2050 2632 2098 Καὶ
2688 2076 2755 2087 -
2811 2045 3061 2116 ψεύστης.
3120 2044 3382 2100 Ψεύδεσθε
3443 2051 3549 2120 γὰρ
3622 2049 3753 2120 ύμεῑς
3808 2048 3944 2118 λέγειτπς

2458 2135 2680 2204 ὃτι(67)
2734 2138 2859 2195 Θεὸς
2908 2137 3050 2208 ὑμῶν
3105 2135 3264 2199 ἔστιν,
3307 2137 3366 2188 ού
3418 2139 3524 2210 γὰρ
3589 2136 3812 2208 ὶγνώκατε
3845 2138 3938 2190 αἰτεῖ.

2459 2229 2528 2285 ὡς
2583 2231 2908 2299 προείρηται.
2969 2223 3190 2284 Εῑδησιν
3264 2223 3323 2280 δι
3387 2233 3480 2280 καὶ
3552 2233 3736 2300 γνῶσίν
3793 2247 3881 2297 φηςι
3916 2247 3939 2275 ττ

2459 2312 2650 2367 εἰδέναι
2675 2321 2762 2367 καὶ
2794 2323 3068 2386 γινώσκειν
3098 2316 3266 2376 ἁπλῶς
3296 2318 3376 2368 ὅτι
3405 2315 3525 2370 ἐστὶ
3569 2321 3690 2379 Θεὸς
3721 2323 3795 2368 καὶ
3829 2324 3938 2382 Πττπς.

2457 2405 2516 2456 ού
2556 2408 2659 2475 μὴν
2699 2409 2792 2460 τὴν
2825 2405 2936 2474 (68)
2967 2413 3062 2464 τῆς
3092 2407 3292 2475 φύσεως
3339 2413 3432 2457 τοῦ
3480 2414 3642 2459 Θεοῦ.
3688 2407 3806 2463 Δύτη

2458 2499 2609 2565 μόνον
2658 2495 2939 2564 ἄγνωστος,
2996 2492 3123 2545 ἀλλὰ
3173 2499 3261 2546 καὶ
3314 2494 3580 2558 παντελῶς
3633 2494 3867 2552 ἀνεννόητος
3891 2513 3926 2540 ιε

2460 2580 2880 2654 ἀνεπιχείρητος,
2912 2587 3001 2634 καὶ
3032 2582 3091 2634 ού
3122 2588 3274 2654 μόνον
3305 2582 3622 2657 ἀνθρώποις,
3665 2583 3782 2636 ἀλλὰ
3804 2590 3854 2635 κη
3873 2589 3922 2636 ait

2458 2671 2719 2743 οὐρανίαις
2760 2668 3065 2744 δυνάμεσιν.

2531 2849 2670 2903 Ἀλλ’
2694 2879 2762 2889 -
2791 2858 2952 2923 τηρῶ.
2977 2854 3128 2921 Ὁρᾷς
3145 2851 3225 2902 ὅτι
3246 2853 3303 2902 τὸ
3332 2852 3416 2902 τὸν
3437 2849 3595 2922 λόγον
3622 2859 3709 2904 τοῦ
3734 2857 3838 2905 Θεοῦ
3853 2855 3944 2921 πρέ)

2462 2943 2675 3010 σημεῖον
2703 2938 2818 2990 ὶοτι
2842 2946 2931 2990 τοῦ
2959 2934 3151 2990 εἰδέναι
3178 2938 3352 2991 αύτὸν.
3373 2939 3520 2998 Φαϐη
3532 2942 3695 3012 Θῶμεν
3719 2945 3850 2992 τοίνυν
3866 2941 3948 2990 om;

2459 3026 2659 3087 ἐντολὰς
2688 3033 2778 3078 τοῦ
2815 3031 2942 3079 Θεοῦ
2972 3030 3044 3098 μὴ
3093 3026 3450 3097 φυλάττοντες,
3485 3030 3561 3090 ὡς
3592 3034 3854 3100 ταττόμενοι
3883 3043 3952 3094 tu?!

2459 3125 2557 3168 τῶν
2591 3115 2909 3187 ἀγνοούντων
2954 3120 3040 3167 τὸν
3081 3121 3227 3170 Θεὸν.
3272 3113 3397 3170 Εἶτα
3434 3119 3802 3178 κατασκευάζει
3831 3121 3890 3166 καὶ
3915 3116 3953 3162 ἀτί

2457 3205 2648 3277 μείζων
2681 3204 2794 3257 ἐστὶ
2823 3213 2915 3256 τοῦ
2948 3203 3206 3278 Ἀϐραάμ.

2532 3293 2769 3367 Ἀϐραὰμ
2827 3324 2894 3334 -
2951 3293 3093 3365 ἕμιήν.
3158 3325 3225 3334 -
3287 3294 3691 3366 ὐγαλλιοὲσατο,
3737 3300 3864 3365 ἤγουν
3899 3291 3955 3341 ιτς

2460 3385 2712 3456 θύμησεν.
2787 3382 3032 3457 [Ἡμίραν
3103 3383 3216 3454 (69)
3271 3381 3328 3436 δε
3400 3385 3566 3438 αύτοῦ
3625 3385 3751 3458 λέγει
3807 3389 3875 3440 τὴν
3910 3387 3954 3430 Ti”;

2459 3481 2711 3546 σταυροῦ.

2531 3656 2629 3705 Καὶ
2687 3647 2814 3714 εἶδε,
2865 3655 2950 3703 καὶ
3005 3650 3197 3726 ἐχάρη.
3259 3652 3459 3725 Ἐχάρη
3513 3649 3608 3706 διὰ
3654 3658 3741 3711 τὴν
3783 3654 3958 3719 compto

2453 3749 2546 3793 τοῦ
2595 3745 2816 3811 κόσμου.
2868 3745 3125 3812 Προγνούς
3166 3743 3267 3813 γὰρ
3319 3743 3378 3793 τὸ
3434 3747 3724 3816 μυστήριον
3772 3748 3960 3800 τῆςστπν

2455 3836 2662 3903 ρώσεως
2706 3836 2796 3880 τοῦ
2861 3836 3095 3901 Χριστοῦ
3146 3828 3492 3903 ἐπεθύμησεν]
3552 3829 3680 3884 ἰδεῖν
3727 3836 3808 3887 τὴν
3839 3830 3960 3897 ἡμέραν

2456 3919 2636 3985 αὑτοῦ,
2699 3923 2788 3970 καὶ
2838 3914 2970 3970 εἶδεν
3021 3918 3176 3976 αὐτὴν
3235 3917 3256 3990 [
3308 3921 3862 3994 προσκιαγραφηθεῐσαν
3898 3918 3962 3980 (itit

2453 4006 2567 4079 καὶ]
2597 4003 2632 4058 δ
2638 4008 3018 4058 ιατυπωθεῑσαν
3050 4005 3098 4058 ἐν
3140 4015 3201 4078 τῇ
3249 4009 3418 4079 ἡμέρᾳ
3447 4010 3567 4060 καθ’
3600 4013 3660 4067 ἦν
3689 4007 3889 4075 ἀνήνεγκε
3919 4006 3962 4051 τὲῡ

2456 4101 2567 4148 υἱὸν
2607 4095 2766 4148 αὐτοῦ
2814 4114 2900 4147 τον
2930 4097 3115 4148 Ἰσαὰκ
3167 4096 3240 4156 εἰς
3291 4096 3672 4168 ὁλοκάρπωσιν.
3714 4096 3875 4166 "Ejus:
3907 4092 3962 4159 γὰρ

2457 4189 2558 4252 ὅτι,
2608 4187 2780 4254 ὥσπερ
2830 4183 2981 4244 αὐτὸς
3030 4184 3123 4236 οῦκ
3163 4187 3400 4256 ἐφείσατο
3457 4195 3550 4238 τοῦ
3600 4188 3713 4238 υἱοῦ
3762 4185 3886 4236 αὐτοῦ
3916 4198 3962 4228 re:

694 4272 774 4327 ita
813 4287 1007 4342 neque
1047 4272 1197 4326 Deus
1240 4273 1570 4342 parciturus
1624 4277 1780 4328 esset
1843 4272 1984 4327 Filio
2039 4289 2149 4328 suo
2199 4274 2308 4328 dite

2383 4259 2424 4314 ί)
2460 4274 2733 4345 ἀγαπητοῦ
2770 4269 2804 4325 δ
2812 4276 2862 4324 ιὰ
2901 4276 2987 4324 τόν
3027 4276 3176 4338 Θεὸν,
3227 4274 3388 4334 οὕτως
3430 4271 3555 4328 οὐδε
3608 4276 3634 4326 ὁ
3671 4276 3778 4334 Θεὸς
3811 4274 3960 4343 φείσεται

695 4368 790 4417 cto
821 4369 1060 4432 propter
1085 4361 1411 4416 hominem.
1450 4363 1512 4416 Et
1537 4361 2056 4432 quemadmodum
2089 4363 2186 4417 ille
2213 4379 2344 4432 por-

695 4452 836 4507 tavit
876 4450 1033 4521 ligna
1067 4450 1394 4504 holocausti
1461 4450 1569 4517 sui,
1638 4451 1715 4504 ita
1767 4456 1822 4504 et
1851 4451 1975 4521 ipse
2007 4458 2346 4522 portaturus

695 4545 848 4594 esset
884 4539 1116 4608 lignum
1158 4539 1360 4594 mortis
1399 4554 1541 4593 suae.
1589 4540 2025 4605 Verumtamen,
2061 4541 2210 4595 sicut
2249 4541 2346 4596 illo

696 4644 813 4683 non
855 4644 1036 4700 passo
1069 4628 1410 4700 suppositus
1441 4633 1526 4682 est
1565 4627 1718 4682 aries
1758 4644 1768 4682 :
1804 4628 1884 4683 ita
1942 4634 1998 4683 et
2049 4629 2164 4684 hoc
2217 4646 2348 4685 ma-

695 4724 872 4773 nente
902 4717 1277 4790 impassibili,
1309 4716 1657 4771 humanitas
1682 4719 1811 4786 ejus
1835 4718 2033 4772 occisa
2051 4719 2347 4783 est.Uuod

699 4805 749 4859 si
775 4805 930 4860 diem
963 4807 1090 4875 ejus
1119 4805 1321 4861 videre
1351 4804 1726 4869 desideravit,
1770 4804 1975 4877 utique
2023 4806 2136 4862 hoc
2198 4813 2342 4878 erat,

698 4896 988 4964 tanquam
1028 4894 1300 4965 majoris.

769 5106 814 5141 ⁷⁷
845 5107 950 5165 'l‘it.
977 5108 1114 5176 1,16.
1216 5108 1460 5166 "Joan.
1487 5124 1600 5178 vui,
1640 5110 1724 5165 t9.
1802 5111 2039 5167 "Joan.
2069 5128 2161 5176 vn,
2190 5114 2278 5168 26.

2458 4373 2548 4416 τοῦ
2581 4365 2703 4416 Υίοῦ
2733 4362 2892 4414 αὐτοῦ
2932 4368 3022 4414 τοῦ
3053 4360 3327 4432 ἀγαπητοῦ
3369 4359 3462 4414 διὰ
3489 4367 3575 4416 τὸν
3621 4364 3873 4436 ἄνθρωπον.
3907 4363 3958 4408 K1:

2460 4457 2632 4523 ὥσπερ
2709 4451 2857 4512 οὗτος
2905 4449 3162 4502 ἱϐοὶστασε
3212 4454 3277 4502 τὰ
3322 4451 3448 4514 ξύλα
3503 4461 3602 4514 τῆς
3657 4451 3957 4523 ὁλοκαρπὼσεως

2462 4543 2639 4605 αὑτοῦ,
2682 4542 2816 4592 οὕτω
2843 4538 3076 4600 κάκεῖνος
3124 4537 3383 4612 βαστάσει
3412 4544 3468 4593 τὸ
3495 4541 3645 4603 ξύλον
3687 4548 3770 4593 τοῦ
3819 4538 3953 4590 Θυίῃ.

2457 4633 2635 4683 αὐτοῦ.
2692 4628 2828 4686 Πλὴν
2880 4629 3113 4700 καθάπερ
3175 4631 3359 4681 τούτου
3423 4634 3687 4700 μείναντος
3740 4626 3951 4680 amiciti

2456 4722 2601 4791 κριὸς
2652 4717 2830 4780 ἐτύθη,
2899 4718 3033 4769 οὕτω
3083 4715 3320 4770 κάκείνου
3391 4721 3630 4790 μένοντος
3695 4717 3886 4772 ἀπαθοῦς
3925 4725 3950 4756 τε

2457 4807 2773 4882 ἀνθρώπινον
2839 4806 2999 4859 αὑτοῦ
3067 4807 3554 4878 σφαγιασθησεται.
3635 4806 3694 4860 Εἰ
3761 4801 3812 4858 δε
3855 4800 3947 4853 issi?

2455 4915 2620 4969 μησεν
2669 4891 2799 4948 ἰδεῖν
2850 4899 2943 4954 την
3001 4896 3196 4967 ἡμέραν
3259 4894 3439 4966 αὐτοῦ,
3503 4899 3574 4958 ὡς
3622 4897 3838 4969 μείζονος
3885 4908 3942 4940 τεν

2456 5005 2575 5046 τως.

1921 5287 2134 5356 Variae
2173 5287 2502 5357 lectiones
2546 5299 2610 5356 et
2652 5296 2852 5355 notaa.

767 5446 880 5521 (_66)
917 5448 978 5503 ln
1021 5450 1320 5521 contextu,
1349 5446 1464 5521 illo
1494 5446 1553 5502 in
1590 5447 1718 5521 loco
1761 5448 1943 5521 _cod‘d.
1997 5449 2345 5521 Euthymius

696 5517 923 5591 habent
975 5518 1285 5591 vulgatum
1342 5517 1601 5591 ἀληθινός.
1665 5519 1776 5591 Sed
1828 5517 2346 5591 Chrysostfrefert

699 5589 1078 5662 ulnGn;_Tom.
1114 5588 1252 5653 Vlll,
1275 5605 1341 5662 _p.
1375 5590 1498 5660 294,
1523 5591 1647 5656 295,
1680 5588 2012 5662 aliquoties.

766 5663 880 5730 (67)
905 5659 964 5713 '0
993 5660 1311 5732 interponit
1341 5665 1406 5717 A.

767 5733 880 5804 (68)
947 5738 1052 5790 Τήν
1134 5730 1302 5788 abest
1376 5739 1441 5787 Α.
1533 5730 1799 5788 Refertur
1865 5731 1934 5788 ad
2002 5730 2207 5793 ιῖδησιν
2255 5739 2342 5788 καὶ

2456 5459 2668 5521 γνῶσιν.

2529 5523 2640 5590 (69)
2682 5519 2910 5574 Inclusa
2934 5517 3154 5590 absunt
3181 5520 3247 5572 A.

2529 5575 2640 5662 {70}
2683 5591 2919 5647 Inclusa
2950 5589 3172 5646 absunt
3211 5593 3276 5645 Α.
3311 5590 3530 5648 [bidem
3562 5591 3776 5664 legitur,
3809 5575 3937 5659 πρεὲιτ
3986 5579 3987 5604 δ

2459 5665 2805 5716 θυπωθείσαν.
