4088 6438
180 335 324 393 1305

1267 335 1612 394 COMMENT
1652 337 1721 394 IN
1758 336 2108 394 JOANNEM.
2151 368 2219 380 --
2256 339 2413 394 CAP.
2457 335 2554 394 IX.

3407 339 3429 394 1
3442 339 3547 396 306

255 467 356 518 Καὶ
385 494 454 504 —-
482 461 710 536 ἑώρακας
737 479 750 530 ;
777 461 964 536 "(lauro
990 463 1092 535 γὰρ
1124 461 1276 515 αὑτὸν
1307 461 1462 534 ἐγγὺς
1489 461 1618 516 εἶναι
1656 483 1763 516 πεν·

1959 464 2123 518 Vers.
2157 465 2244 518 5‘7.
2274 463 2445 517 Et—
2495 462 2695 519 vidisti
2747 460 2776 517 7
2828 461 3126 518 Putabant
3187 461 3347 518 enim
3404 479 3543 519 eum

179 558 408 611 τήκοντα
457 551 578 604 ἑτῶν
629 549 723 604 διὰ
772 557 866 608 τὴν
921 552 1258 624 πολυπειρίαν
1313 552 1494 606 αὑτοῦ.
1541 555 1669 606 Τινὰ
1717 548 1777 604 δὲ

181 651 280 694 τῶν
333 643 444 712 (7t)
498 641 824 716 ἀντιγράφων
863 644 1256 715 τεσσαράκοντα
1296 643 1608 717 γράφουσιν,
1652 643 1775 714 ὅπερ

183 727 328 784 δοκεῖ
354 731 733 805 ἀκριϐέστερον.

253 906 402 962 Εἶπεν
455 940 522 950 -
577 909 702 971 εἰμι.
752 909 840 971 Ὠς
906 913 1055 972 Θεός.
1112 914 1211 963 Καὶ
1268 908 1363 961 οὐκ
1421 905 1578 976 εἶπεν,
1642 907 1776 979 Ἐγὼ

180 1001 340 1070 ἤμην,
418 996 523 1050 ἀλλ’
585 999 715 1069 Ἐγώ
767 998 875 1070 εἰμι
917 1001 942 1050 ό
1003 997 1081 1051 ἀεὶ
1143 1003 1229 1050 ὧν.
1263 1002 1332 1050 Τό
1358 1001 1447 1064 μὶν
1495 994 1584 1049 οὖν
1641 1000 1777 1068 γενέ-

181 1089 308 1139 σθαι
367 1094 584 1140 κτιστοῦ
618 1091 717 1139 ’τό
811 1084 870 1140 δὲ
935 1087 1056 1160 Εἰμὶ
1135 1086 1385 1139 ἁκτίστου
1435 1088 1452 1158 [
1508 1091 1598 1140 καὶ
1659 1087 1775 1157 (72)

177 1181 396 1228 κτίστου

252 1265 416 1340 Ἥραν
454 1293 508 1306 -ο
557 1265 735 1318 αὑτόν.
793 1268 858 1318 Οἱ
893 1273 1076 1338 ταχεῖς
1115 1269 1242 1339 πρὸς
1271 1270 1418 1337 φόνον
1449 1286 1462 1298 ο
1492 1265 1774 1339 Ἠγρίαναν

177 1356 280 1427 γὰρ
329 1351 574 1417 δόξαντες
623 1353 940 1427 ὑϐρισθῆναι
982 1359 1069 1406 τόν
1128 1354 1364 1430 Ἀϐραὰμ
1407 1372 1418 1384 ⁸
1454 1355 1565 1426 ἅμα
1594 1351 1652 1408 δὲ
1684 1359 1774 1407 καὶ

177 1449 382 1515 γνόντες
412 1445 490 1496 ὅτι
521 1440 800 1502 ἀιδιότητα
838 1452 971 1498 Θεοῦ
996 1445 1324 1517 περιτίθησιν
1351 1444 1534 1514 ἑαυτῷ.

251 1622 458 1684 Ἰησοῦς
515 1619 574 1676 δε
620 1621 836 1696 ἐκρύϐη.
882 1624 1132 1696 Ἀόρατος
1189 1623 1368 1684 αὑτοῖς
1427 1627 1651 1681 κατέστη
1705 1630 1767 1694 τῇ

177 1711 392 1785 ἐξουσίᾳ
421 1720 512 1773 τῆς
551 1714 811 1774 θεότητος.

251 1806 351 1854 Καὶ
384 1804 543 1876 ἱεροῦ.
569 1808 680 1854 Ἵνα
707 1801 1011 1861 κατασταλῆ
1046 1804 1071 1854 ό
1105 1803 1268 1874 θυμὸς
1295 1802 1484 1856 αὐτῶν.

247 1979 462 2032 Διελθὼν
492 2011 560 2020 --
589 1980 779 2032 αὐτῶν.
834 1986 920 2039 Μὴ
966 1980 1264 2052 ἰσχυόντων
1296 1977 1424 2033 ἰδεῖν
1465 1981 1638 2036 αὐτόν.
1675 1987 1772 2037 Καὶ

176 2067 324 2122 διατί
374 2069 469 2121 οὑκ
526 2067 758 2132 ἐξέλυσεν
789 2069 956 2122 αὑτῶν
995 2075 1088 2128 τήν
1139 2067 1360 2141 δύναμιν
1403 2075 1492 2122 καὶ
1550 2079 1778 2142 φανερῶς

176 2157 480 2231 ἀνεχώρησε
501 2175 514 2224 ;
548 2164 689 2212 Διότι
705 2161 814 2212 οὗθ’
838 2160 997 2220 οὑτως
1019 2158 1221 2231 ἔμελλον
1251 2162 1533 2214 πιστεύειν.
1556 2162 1768 2233 Καὶγὰρ

175 2248 224 2300 ἐν
252 2257 321 2318 τῷ
350 2255 516 2322 καιρῷ
547 2255 639 2299 τοῦ
700 2250 904 2310 Πάθους
949 2251 1161 2309 ὑπτίους
1193 2249 1305 2317 (73)
1357 2249 1541 2309 αὑτοὺς
1570 2248 1766 2323 ἕῤῥιῲε,

175 2343 264 2390 καὶ
293 2341 387 2390 τὰς
407 2337 548 2408 ὄψεις
579 2337 746 2389 αὐτῶν
769 2336 1029 2400 ἕσκότισε,
1071 2343 1160 2390 καὶ
1190 2338 1282 2390 οὐκ
1313 2336 1643 2392 ἐπίστευσαν.
1667 2339 1767 2390 Οὐ·

176 2421 262 2478 δεν
291 2427 390 2498 γὰρ
422 2433 600 2498 χεῖρον
629 2424 818 2497 ψυχῆς
850 2424 1228 2497 ἀπεγνωκυίας.
1287 2425 1391 2479 Κᾶν
1438 2429 1539 2500 γὰρ
1575 2433 1769 2498 σημεῖα

173 2511 291 2588 ἴδη,
318 2513 412 2567 κᾶν
443 2519 652 2590 τέρατα,
682 2519 818 2588 μένει
848 2519 941 2574 τὴν
968 2515 1129 2574 αὐτὴν
1173 2519 1378 2589 ἔχουσα
1406 2515 1558 2569 πάλιν
1586 2515 1768 2568 ἀναισ-

171 2610 414 2677 χυντίαν.

248 2699 348 2747 Καὶ
375 2702 606 2767 παρῆγεν
628 2695 812 2756 οὕτως.
843 2694 1114 2758 Ἐὄάδιζεν
1153 2697 1330 2763 οὑτως,
1365 2701 1436 2769 μὴ
1471 2700 1767 2770 φαινόμενος

171 2783 368 2845 αὐτοῖς.

423 2878 568 2926 ΚΕΦ.
611 2871 664 2928 ι’.
693 2878 815 2947 Περὶ
843 2881 934 2926 τοῦ
974 2873 1030 2927 ἔκ
1066 2884 1270 2946 γενετῆς
1299 2874 1513 2947 τυφλοῦ.

245 2965 344 3014 Καὶ
373 2993 443 3002 —
470 2971 694 3034 γενετῆς.
721 2962 943 3016 Βεϐαιῶν
973 2962 1008 3016 ἃ
1037 2960 1164 3028 εἶπε,
1196 2969 1285 3016 καὶ
1313 2967 1652 3036 πιστούμενος
1686 2966 1764 3016 ότι

1887 550 2070 608 ferme
2127 566 2259 607 esse
2309 551 2916 624 quinquagenarium,
2995 555 3238 622 propter
3290 551 3542 608 multam

1886 641 2019 713 ejus
2062 642 2335 713 peritiam
2385 647 2441 697 et
2485 641 2932 713 experientiam.
3003 640 3286 706 Quaedam
3341 647 3542 697 autem

1888 730 2253 802 exemplaria
2321 729 2562 796 habent,
2612 730 3041 802 quadraginta,
3086 730 3264 803 ,quod
3312 729 3545 787 videtur

1887 835 2014 875 esse
2044 820 2256 875 verius.

1957 909 2117 963 Vers.
2198 912 2282 964 58.
2337 909 2510 964 Dixit
2575 939 2644 948 —
2709 923 2858 963 sum.
2891 910 3202 980 Tanquam
3248 909 3422 963 Deus.
3480 909 3545 964 Et

1885 1011 2000 1053 non
2053 997 2221 1062 dixit,
2284 1000 2404 1067 Ego
2446 1013 2611 1053 eram
2653 1015 2670 1068 ;
2705 997 2830 1064 sed,
2881 998 3006 1068 Ego
3031 1013 3179 1065 sum,
3237 998 3335 1069 qui
3390 1013 3547 1053 sem-

1883 1102 1990 1157 per
2021 1104 2177 1142 sum.
2208 1088 2348 1144 Fieri
2378 1087 2669 1159 siquidem
2699 1087 2782 1143 rei
2814 1092 3025 1143 creatas
3054 1090 3174 1154 est;
3203 1088 3350 1144 Sum
3381 1103 3541 1151 vero,

1881 1175 2158 1232 increatte
2220 1182 2276 1232 et
2303 1182 2534 1233 creataa.

1955 1267 2116 1321 Vers.
2153 1267 2236 1322 59.
2279 1267 2570 1322 Tulerunt
2607 1299 2670 1308 -
2703 1282 2851 1322 eum.
2876 1266 3122 1322 Veloces
3187 1265 3265 1322 ad
3295 1265 3539 1322 caedem.

1885 1356 2222 1426 Exasperati
2256 1362 2394 1411 sunt
2447 1356 2605 1412 enim
2656 1361 2933 1425 putantes
2980 1355 3198 1426 injuria
3261 1355 3540 1413 affectum

1884 1461 2016 1500 esse
2073 1445 2377 1502 Abraham
2430 1463 2443 1498 :
2485 1445 2660 1501 simul
2709 1446 2906 1511 etiam,
2965 1445 3066 1502 ubi
3120 1445 3543 1516 cognovissent

1883 1533 2048 1606 quod
2079 1535 2176 1589 Dei
2208 1535 2588 1590 aeternitatem
2623 1535 2734 1589 sibi
2767 1535 3112 1590 vindicaret.

1955 1624 2121 1680 Vers.
2152 1625 2242 1681 59.
2273 1626 2434 1679 Jesuc
2473 1631 2666 1680 autem
2689 1626 3019 1681 occultatus
3059 1631 3161 1680 est.
3191 1625 3301 1680 Per
3329 1625 3542 1680 divini-

1884 1715 2016 1771 tatis
2042 1715 2370 1786 potentiam
2401 1714 2709 1770 invisibilis
2761 1715 2847 1770 eis
2881 1714 3147 1770 effectus.

1809 1823 1850 1878 Β
1956 1805 2120 1859 Vers.
2147 1805 2236 1859 59.
2281 1805 2358 1860 Et
2389 1835 2455 1844 —
2503 1803 2730 1873 templo.
2789 1806 2858 1860 Ut
2913 1803 3150 1859 illorum
3183 1805 3417 1861 sedaret
3449 1803 3538 1860 fu-

1884 1909 2016 1949 rore
2023 1910 2079 1948 ω
2089 1934 2101 1946 .

1957 1983 2120 2038 Vers.
2148 1988 2233 2040 59.
2267 1983 2667 2040 Pertransiens
2712 2013 2777 2024 -—
2807 1983 3068 2039 illorum.
3103 1985 3244 2039 Cum
3279 1982 3359 2039 illi
3399 1998 3536 2039 eum

1882 2073 2082 2129 videre
2125 2089 2244 2128 non
2290 2077 2559 2144 possent.
2624 2074 2689 2127 Et
2728 2088 2915 2144 quare
2947 2088 3068 2127 non
3128 2072 3391 2128 dissolvit
3423 2071 3542 2128 illo-

1880 2178 2015 2218 rum
2047 2162 2344 2227 virtutem,
2378 2168 2435 2217 et
2495 2161 2810 2217 manifeste
2885 2161 3126 2216 recessit
3171 2161 3198 2215 ‘P
3244 2161 3389 2227 Quia
3432 2177 3541 2217 nec

1882 2251 1966 2306 sic
2014 2251 2292 2306 credituri
2365 2255 2554 2306 erant.
2632 2249 2856 2304 Etenim
2905 2255 3174 2321 tempore
3231 2251 3538 2321 passionis

1879 2342 2128 2414 supinos
2161 2341 2293 2397 illos
2322 2341 2553 2412 dejecit,
2604 2355 2934 2411 eorumque
2997 2345 3269 2411 aspectus
3325 2339 3540 2395 obscu-

1876 2433 2047 2498 ravit,
2094 2438 2149 2487 et
2196 2447 2317 2486 non
2369 2430 2764 2485 crediderunt.
2821 2432 2967 2485 Nam
3024 2429 3226 2485 anima
3277 2429 3539 2501 reproba

1877 2521 2026 2576 nihil
2053 2527 2140 2576 est
2169 2521 2342 2593 pejus
2373 2536 2385 2575 :
2419 2519 2550 2576 licet
2579 2518 2737 2574 enim
2779 2519 2954 2588 signa
2997 2518 3197 2575 videat
3233 2534 3304 2574 ac
3336 2517 3537 2590 prodi-

1876 2611 1990 2680 gia,
2021 2627 2188 2666 suam
2222 2615 2418 2666 tamen
2452 2623 2690 2680 semper
2719 2608 2931 2663 retinet
2959 2607 3426 2679 impudentiam.

1946 2701 2111 2756 Vers.
2148 2701 2217 2757 59
2258 2701 2336 2756 Et
2365 2701 2452 2756 ita
2477 2697 2838 2770 prateribat.
2882 2696 3250 2754 Ambulabat
3284 2697 3383 2764 ita,
3416 2711 3538 2753 non

1876 2806 2172 2864 apparens
2207 2789 2342 2845 illis.

2232 2881 2385 2936 CAP.
2416 2880 2480 2934 X.
2516 2880 2594 2934 De
2621 2894 2756 2933 cmco
2784 2894 2823 2932 a
2848 2877 3176 2933 nativitate.

1946 2971 2085 3042 Cap.
2134 2970 2232 3024 IX.
2289 2970 2430 3024 Vers
2469 2974 2514 3023 t.
2565 2968 2642 3023 Et
2686 2997 2755 3007 —-
2785 2967 3116 3022 nativitate.
3168 2963 3541 3021 Conﬁrman-

170 3055 295 3111 Θεὸς
342 3049 504 3116 ἇστιν,
561 3051 711 3112 εὐθὺς
741 3054 955 3125 ἔρχεται
1003 3051 1086 3104 ἐπὶ
1141 3054 1316 3124 θαῦμα
1366 3058 1635 3124 μέγιστον,
1676 3058 1763 3104 καὶ

1893 3059 1972 3123 in,
2022 3058 2187 3131 quod
2251 3059 2500 3122 dixerat,
2555 3057 2859 3127 ﬁdemque
2889 3055 3133 3120 faciens,
3173 3055 3338 3127 quod
3383 3055 3538 3111 Deus

169 3146 326 3208 μήπω
409 3145 574 3212 μέχρι
623 3145 738 3193 τότε
791 3145 1078 3212 γενόμενον.
1137 3139 1330 3213 Τυφλοὶ
1377 3145 1466 3212 μεν
1517 3145 1618 3215 γὰρ
1676 3147 1764 3193 καὶ

167 3228 316 3281 ἄλλοι
373 3228 650 3299 ἀνέϐλεψαν
694 3245 706 3258 ’
750 3228 938 3300 τυφλός
993 3226 1052 3282 δὲ
1109 3228 1157 3281 ἐν
1204 3239 1410 3300 γενετῆς
1441 3232 1550 3300 (74)
1591 3226 1762 3291 οὐδεὶς

166 3320 301 3391 ἄχρι
321 3326 455 3371 τότε.
496 3321 582 3370 Διό
611 3322 701 3369 καὶ
727 3315 1016 3388 ἀναϐλέψας
1046 3317 1212 3389 ἔλεγεν
1263 3338 1275 3350 ·
1311 3319 1397 3372 Ἐκ
1428 3327 1518 3371 τοῦ
1577 3319 1764 3380 αἰῶνος

165 3407 258 3460 οὐκ
289 3408 526 3465 ἠκούσθη
552 3408 632 3458 ὃτι
679 3405 849 3468 ἤνοιξε
873 3425 948 3466 τις
987 3405 1279 3479 ὀφθαλμοὺς
1306 3408 1499 3480 τυφλοῦ
1527 3426 1762 3479 γεγεννηο

167 3513 342 3568 μενου.

243 3767 341 3816 Καὶ
399 3793 466 3804 -—
515 3765 734 3836 γεννηθῇ
767 3763 1094 3839 ;Ἐρωτῶσιν
1161 3765 1264 3836 οὑχ
1319 3767 1388 3826 ὡς
1436 3772 1590 3818 τοῦτο
1639 3767 1764 3818 πάν-

166 3870 263 3912 τως
318 3853 347 3911 ἣ
409 3855 568 3904 ἐκεῖνο
632 3852 1097 3926 ὑπολαμϐάνοντες,
1153 3856 1384 3929 καθάπερ
1439 3857 1489 3907 οἱ
1554 3853 1764 3914 ἀνόητοι

167 3938 418 3995 Ἰουδαῖοι
446 3956 460 3972 ⁸
487 3945 544 3995 τὸ
572 3945 664 4013 μεν
714 3944 816 4016 γὰρ
875 3943 1122 4016 ἁμαρτεῖν
1173 3947 1272 4016 πρό
1332 3951 1424 3997 τοῦ
1453 3947 1764 4016 γεννηθῆναι

166 4027 444 4100 ἀδύνατον,
477 4035 534 4083 τό
566 4028 625 4084 δε
650 4033 777 4106 ὑπερ
809 4041 909 4083 τῶν
936 4037 1124 4104 γονέων
1169 4033 1485 4094 κολάζεσθαι
1537 4031 1722 4087 ἄδικον
1747 4051 1759 4064 ·

165 4117 270 4172 ἀλλ’
303 4123 446 4173 ἔστιν
479 4122 505 4173 ό
532 4125 728 4184 σκοπός
776 4128 868 4174 τοῦ
897 4121 1054 4194 λόγου
1078 4129 1332 4182 τοιοῦτος.
1389 4122 1446 4174 Ὀ
1471 4126 1560 4194 μεν
1592 4126 1763 4198 παρά-

161 4207 313 4270 λυτος
344 4206 437 4261 διὰ
479 4212 572 4271 τὰς
616 4210 874 4282 ἁμαρτίας
925 4213 1085 4262 αὑτοῦ
1140 4211 1365 4279 ἠσθένει,
1424 4213 1597 4272 καθὼς
1662 4210 1766 4264 ἐκεῖ

162 4300 534 4371 μεμαθήκαμεν
585 4318 600 4333 ο
650 4304 768 4372 περὶ
818 4301 999 4351 τούτου
1041 4296 1099 4351 δι
1153 4300 1264 4367 (75)
1305 4304 1358 4350 τί
1410 4299 1573 4371 λέγεις
1614 4317 1628 4366 ;
1679 4305 1764 4360 Τίς

1873 3153 2031 3202 esset
2070 3147 2268 3202 statim
2343 3146 2504 3202 venit
2556 3145 2631 3200 ad
2679 3144 3036 3200 miraculum
3091 3145 3447 3209 maximum,
3481 3149 3539 3200 et

1873 3253 2063 3308 usque
2095 3237 2169 3292 ad
2201 3236 2258 3290 id
2288 3236 2571 3307 temporis
2603 3248 2918 3303 nunquam
2952 3232 3194 3288 factum.
3228 3233 3536 3304 Siquidem

1872 3329 1929 3380 et
1975 3325 2072 3380 alii
2113 3324 2253 3380 caeci
2295 3324 2490 3378 visum
2546 3327 2914 3392 receperunt,
2956 3336 3162 3376 verum
3197 3321 3296 3393 qui
3349 3338 3383 3377 a
3432 3336 3536 3378 na-

1873 3413 2094 3469 tivitate
2147 3429 2340 3468 caecus
2393 3412 2618 3478 fuisset,
2671 3409 2870 3464 nullus
2939 3424 3127 3480 usque
3159 3409 3236 3464 ad
3282 3409 3341 3463 id
3396 3413 3539 3464 tem-

1872 3519 2006 3576 pus.
2041 3503 2178 3558 ldeo
2229 3501 2428 3566 etiam,
2489 3501 2591 3573 qui
2623 3499 2820 3554 visum
2879 3499 2948 3568 (j)
2979 3497 3216 3568 recepit,
3251 3497 3488 3553 dicebat
3519 3498 3534 3541 ³

1871 3594 1919 3648 Α
1953 3592 2167 3648 saeculo
2205 3606 2320 3644 non
2384 3595 2465 3646 est
2505 3589 2798 3651 auditum,
2853 3587 3009 3658 quod
3058 3585 3356 3655 aperuerit
3386 3587 3538 3658 quis-

1870 3681 2031 3752 piam
2065 3681 2255 3736 oculos
2278 3679 2412 3736 caci
2463 3679 2595 3734 nati
2643 3679 2710 3731 ⁸ο.

1946 3773 2112 3825 Vers.
2186 3773 2238 3824 2.
2297 3769 2376 3825 Et
2423 3773 2749 3824 nasceretur
2796 3766 2824 3823 ?
2890 3763 3358 3836 Interrogabant,
3412 3780 3534 3821 non

1873 3860 2038 3931 quod
2089 3859 2201 3914 hoc
2232 3863 2336 3914 aut
2362 3857 2511 3914 illud
2537 3855 2787 3912 omnino
2810 3854 3276 3926 suspicarentur,
3335 3870 3536 3926 quem-

1873 3947 2204 4004 admodum
2272 3947 2619 4018 insipientes
2691 3944 2929 4009 Judaai;
2980 3959 3123 3998 nam
3185 3942 3346 3998 hunc
3403 3959 3538 4014 pec-

1874 4052 2061 4100 casse,
2135 4041 2462 4108 antequam
2520 4040 2698 4090 natus
2767 4036 2939 4097 esset,
2991 4031 3366 4103 impossibile
3413 4037 3537 4088 erat

1874 4141 2052 4197 porro
2078 4141 2184 4196 pro
2230 4125 2582 4196 parentibus
2649 4122 2847 4195 puniri
2880 4121 3168 4192 injustum
3210 4136 3224 4184 ;
3267 4120 3368 4175 sed
3402 4120 3535 4176 finis

1874 4214 2169 4269 sermonis
2223 4212 2351 4268 talis
2408 4218 2516 4267 est.
2569 4211 2934 4281 Paralyticus
2991 4207 3235 4280 quidem
3294 4213 3537 4279 propter

1873 4306 2120 4372 peccata
2160 4317 2268 4356 sua
2315 4300 2668 4368 aegrotabat,
2728 4299 2877 4353 sicut
2916 4297 2996 4352 ibi
3042 4296 3364 4350 didicimus
3402 4311 3414 4351 :
3460 4296 3534 4351 de

165 4387 412 4459 ἥμαρτεν,
469 4386 614 4446 οὗτος
652 4385 682 4444 ἢ
734 4388 782 4438 οί
825 4394 995 4458 γονεῖς
1061 4385 1219 4438 αὑτοῦ
1276 4389 1468 4458 ςὴμεῖς
1499 4389 1600 4460 γὰρ
1648 4388 1763 4439 οὕτε

1893 4407 1988 4445 mc
2020 4396 2240 4450 autem.
2311 4389 2453 4447 quid
2516 4387 2664 4442 dicis
2712 4387 2740 4441 ‘P
2786 4388 2923 4455 Quis
2969 4386 3249 4453 peccavit,
3309 4383 3426 4449 hic,
3457 4400 3530 4441 an

162 4479 317 4525 τοῦτο
337 4476 454 4525 όῦτε
483 4472 640 4526 ἐκεῖνο
671 4469 942 4547 δυνάμεθα
978 4473 1160 4545 λέγειν,
1197 4475 1448 4535 παντελῶς
1480 4473 1764 4549 ἐξαπορού-

161 4580 327 4635 μενοι.

234 4748 283 4784 ⁸ο
302 4748 476 4805 Joan.
507 4764 585 4818 lx,
619 4749 704 4805 32.

1869 4485 2139 4549 parentes
2171 4481 2296 4548 ejus
2335 4477 2364 4532 ?
2413 4493 2524 4533 nos
2555 4477 2715 4531 enim
2744 4490 2938 4546 neque
2977 4473 3109 4536 hoc.
3164 4488 3358 4544 neque
3389 4471 3534 4529 illud

1873 4567 2066 4623 dicere
2119 4583 2463 4640 possumus,
2514 4565 2764 4622 omnino
2794 4562 3124 4620 conturbati
3156 4561 3530 4635 consilioque

1873 4655 2155 4713 destituti.

1366 4849 1590 4919 Variae
1620 4851 1949 4920 lectiones
1983 4863 2048 4920 et
2090 4860 2291 4921 notae.

229 4992 341 5062 (τι)
363 4991 594 5047 Scilicet
622 4989 1056 5118 Chrgsostomi,
1081 4992 1183 5064 qui
1205 4992 1489 5048 audacter
1515 4995 1597 5050 ita
1625 5009 1750 5050 cor-

229 5063 323 5118 xit.
375 5063 516 5118 Vide
558 5067 699 5118 tom.
785 5064 873 5118 Ill.
908 5079 1046 5118 nam
1084 5067 1214 5118 324.
1257 5065 1750 5118 Chrvsostomum

157 5063 323 5136 rexit.
375 5063 516 5119 Vide
558 5067 699 5119 tom.
731 5063 873 5136 Vl‘lil,
906 5079 1046 5136 pag.
1078 5063 1214 5136 324.
1257 5065 1752 5136 Chrysostomum

155 5134 423 5206 sequitur
451 5150 604 5191 unus
621 5149 691 5191 ex
708 5134 1017 5206 codicibus
1043 5134 1498 5206 Mosquensibus
1522 5137 1751 5193 N.Test.

158 5218 215 5279 ᾳ.
239 5203 340 5279 qui
374 5210 460 5260 est
483 5221 614 5279 cum
659 5205 924 5261 scholiis.
967 5203 1269 5274 Origenes,
1323 5207 1426 5279 qui
1457 5213 1606 5264 tom.
1650 5210 1750 5273 ΧΧ,

154 5275 214 5330 in
239 5275 526 5331 Joannem
559 5276 689 5332 haac
717 5279 859 5333 data
896 5293 1078 5350 opera
1131 5275 1567 5348 interpretatur,
1591 5279 1754 5335 hunc

155 5363 397 5419 versum
454 5353 644 5404 totum
708 5350 1106 5419 praetermisit.
1155 5355 1479 5408 Πεντήκοντα
1513 5357 1754 5406 servant

153 5417 354 5489 Cyrill.
390 5425 426 5474 t.
451 5420 482 5494 _l
498 5419 576 5494 V1
604 5435 660 5490 p.
695 5417 796 5475 585
824 5421 884 5494 Ο.
921 5421 1392 5494 ;_Theophylact.
1431 5437 1487 5494 p.
1529 5423 1634 5494 690
1671 5425 1706 5476 E
1738 5439 1751 5487 ;

155 5505 409 5618 geverus
446 5491 507 5545 in
539 5492 762 5547 Catena
814 5491 1093 5558 Corderii,
1136 5491 1195 5565 p.
1218 5491 1328 5549 ’243
1380 5511 1394 5562 ;
1431 5491 1486 5550 et
1514 5492 1751 5550 codices

197 5563 529 5618 robatiores
558 5577 785 5618 omnes.

197 5562 529 5618 robatiores
558 5577 785 5618 omnes.

227 5739 306 5810 (j)
339 5739 449 5809 Qui
479 5739 687 5797 visum.
724 5741 888 5797 Forte
919 5740 1082 5812 legit,
1115 5737 1199 5797 διὸ
1239 5746 1327 5794 καὶ
1355 5742 1380 5794 ό
1435 5741 1747 5820 ἀναϐλέψας.

1931 4996 2044 5067 (72)
2079 4995 2313 5052 Inclusa
2352 4994 2573 5067 absunt
2620 4996 2685 5050 Α.
2721 4996 2975 5056 Κτίστης,
3007 4989 3318 5063 quomodo
3348 4991 3528 5067 etiam

1866 5065 2208 5123 Eustathius
2243 5066 2456 5130 scribit,
2488 5067 2594 5138 qui
2651 5082 2790 5122 cum
2850 5069 3035 5138 κτίτης
3061 5065 3393 5134 comparat.
3418 5078 3528 5138 pro

1865 5139 2230 5194 substantivo
2264 5134 2526 5212 accipio;
2569 5153 2707 5203 non,
2774 5141 2834 5193 ut
2885 5136 3194 5206 interpres,
3228 5149 3337 5204 pro
3367 5134 3528 5192 adie-

1866 5212 2045 5266 ctivo.

1936 5282 2048 5354 (73)
2069 5283 2152 5337 Ita
2179 5280 2529 5353 plerumque
2545 5280 3005 5351 Chrysostomus
3023 5282 3278 5340 oratorie
3297 5282 3524 5347 laudat,

1863 5353 2034 5425 Joan.
2070 5369 2228 5408 xvul.
2261 5357 2312 5415 6,
2336 5356 2519 5406 ἔπεσον
2550 5358 2749 5425 χαμαί.

1933 5424 2323 5489 (74)Γεννητῆς.

1938 5494 2050 5564 (75)
2075 5498 2134 5547 Δὶ
2165 5495 2335 5552 abest
2374 5502 2439 5549 Α.
