4088 6436
175 335 319 392 1305

1261 335 1606 393 COMMENT
1646 337 1714 394 IN
1752 335 2102 394 JOANNEM.
2145 368 2213 380 —-
2250 339 2407 393 CAP.
2452 335 2548 394 IX.

3401 339 3423 394 1
3436 339 3541 396 306

249 467 350 516 Καὶ
380 494 448 503 -—
476 460 704 535 ἑώρακας
731 478 744 529 ;
771 461 958 536 ”ῼ.οντο
984 463 1086 535 γὰρ
1118 461 1270 514 αὐτὸν
1301 461 1456 534 ἐγγὺς
1483 460 1612 516 εἶναι
1650 482 1757 516 πεν-

1953 463 2117 518 Vers.
2151 465 2238 518 57.
2267 463 2439 517 Et—
2489 462 2689 519 vidisti
2741 461 2770 517 7
2822 461 3120 518 Putabant
3181 462 3341 518 enim
3398 479 3537 520 eum

174 557 402 610 τήκοντα
451 550 572 603 ἐτῶν
623 549 717 604 διὰ
766 556 860 608 τὴν
915 552 1252 623 πολυπειρίαν
1307 551 1488 606 αὐτοῦ.
1535 554 1664 605 Τινὰ
1711 547 1770 604 δὲ

176 650 274 693 τῶν
327 642 438 712 (71)
493 640 818 716 ἀντιγράφων
857 643 1250 714 τεσσαράκοντα
1290 643 1602 716 γράφουσιν,
1645 642 1768 714 ὅπερ

178 726 322 784 δοκεί
348 729 727 804 ἀκριϐέστερον.

247 905 396 960 Εἶπεν
449 939 516 948 -
571 908 696 970 εἰμι.
746 908 834 970 Ὠς
900 912 1049 971 Θεὸς.
1105 914 1204 962 Καὶ
1262 908 1356 961 οὐκ
1415 905 1572 976 εἶπεν,
1635 907 1770 979 Ἐγώ

175 1000 334 1068 ἤμην,
412 995 517 1048 ἀλλ’
579 998 709 1068 Ἐγώ
761 997 869 1070 εἰμι
911 1000 936 1050 ὁ
997 997 1075 1050 ἀεὶ
1137 1002 1223 1049 ὤν.
1257 1000 1326 1049 T6
1351 1000 1441 1063 μεν
1489 994 1578 1049 οὖν
1635 999 1771 1068 γενέ-

177 1087 301 1139 σθαι
361 1091 711 1139 κτιστοῦοτὸ
805 1083 864 1139 δε
929 1087 1050 1160 Εἰμὶ
1129 1085 1379 1138 ἀκτίστου
1428 1087 1445 1157 [
1501 1091 1592 1139 καὶ
1653 1087 1769 1157 (72)

173 1180 390 1228 κτίστου

246 1264 410 1340 Ἥραν
448 1293 502 1305 —-
551 1264 729 1317 αὐτόν.
787 1267 852 1318 Οἱ
886 1273 1069 1337 ταχεῖς
1109 1269 1236 1338 πρὸς
1265 1269 1412 1337 φόνον
1443 1286 1455 1298 ο
1486 1265 1766 1338 Ἠγρίαναν

173 1356 274 1426 γὰρ
323 1350 567 1417 δόξαντες
617 1353 934 1426 ὑϐρισθῆναι
976 1359 1063 1406 τὸν
1121 1353 1358 1430 Ἀϐραὰμ
1401 1372 1412 1383 ·
1448 1355 1558 1426 ἅμα
1587 1351 1646 1407 δὲ
1677 1359 1767 1406 καὶ

171 1449 376 1514 γνόντες
405 1444 484 1496 ὃτι
515 1439 794 1502 ἀιδιότητα
831 1452 964 1497 Θεοῦ
989 1445 1318 1516 περιτίθησιν
1345 1443 1527 1514 ἑαυτῷ.

245 1621 451 1682 Ἰησοῦς
508 1619 567 1675 δε
614 1621 830 1696 ἕκρύϐη.
876 1623 1126 1696 Ἀὁρατος
1183 1622 1361 1684 αὐτοῖς
1421 1627 1645 1680 κατεστη
1699 1630 1761 1694 τῇ

173 1710 385 1784 ἐξουσίᾳ
415 1719 505 1772 τῆς
545 1713 804 1773 θεότητος.

246 1805 344 1854 Καὶ
378 1803 536 1876 ἱεροῦ.
563 1807 674 1854 Ἵνα
700 1800 1005 1860 κατασταλῆ
1040 1803 1064 1853 ὁ
1099 1803 1262 1873 θυμὸς
1289 1801 1478 1856 αὐτῶν.

241 1978 456 2032 Διελθών
485 2011 554 2019 -
583 1979 773 2032 αὐτῶν.
827 1985 914 2038 Μὴ
959 1979 1258 2052 ἰσχυόντων
1289 1976 1418 2032 ἰδεῖν
1459 1980 1631 2036 αὐτόν.
1669 1987 1765 2037 Καὶ

171 2067 317 2122 διατι
367 2069 462 2120 οὐκ
519 2067 750 2132 ἐξέλυσεν
781 2069 949 2122 αὐτῶν
989 2074 1082 2127 τήν
1132 2066 1354 2140 δύναμιν
1397 2074 1486 2122 καὶ
1544 2078 1771 2142 φανερῶς

172 2157 472 2231 ἀνεχώρησε
493 2175 507 2223 ;
541 2163 682 2211 Διότι
699 2161 808 2211 οὔθ’
831 2160 990 2220 οὕτως
1012 2157 1214 2230 ἔμελλον
1244 2161 1526 2213 πιστεύειν.
1550 2163 1646 2212 Καὶ
1661 2162 1762 2232 γὰρ

171 2247 219 2300 ἐν
247 2256 314 2318 τῷ
343 2255 509 2321 καιρῷ
540 2255 632 2299 τοῦ
693 2249 897 2309 Πάθους
942 2250 1154 2308 ὑπτίους
1186 2248 1298 2317 (⁸73)
1351 2248 1534 2308 αὐτοὺς
1563 2247 1759 2322 ἔῤῥιψε,

171 2343 258 2389 καὶ
287 2340 380 2389 τὰς
400 2337 541 2407 ὄψεις
572 2337 739 2389 αὐτῶν
762 2335 1022 2400 ὶσκότισε,
1064 2343 1153 2389 καὶ
1183 2338 1276 2390 οὐκ
1306 2336 1637 2392 ἐπίστευσαν.
1660 2338 1760 2389 Οὐ-

172 2421 256 2477 δεν
285 2427 382 2498 γὰρ
415 2432 593 2497 χεῖρον
623 2423 811 2496 ψυχῆς
843 2424 1221 2496 ἀπεγνωκυίας.
1280 2424 1385 2479 Κᾶν
1432 2429 1532 2499 γὰρ
1568 2433 1762 2498 σημεῖα

169 2511 284 2587 ἴδη,
311 2512 405 2566 κᾶν
435 2519 644 2589 τέρατα,
675 2519 811 2588 μένει
841 2519 934 2574 τὴν
961 2515 1122 2574 αὐτὴν
1166 2519 1371 2588 ἔχουσα
1399 2515 1552 2569 πάλιν
1580 2514 1761 2568 ἀναισ-

167 2609 407 2676 χυντίαν.

243 2698 340 2746 Καὶ
368 2701 600 2766 παρῆγεν
622 2694 805 2756 οὕτως.
837 2693 1107 2758 Ἐϐάδιζεν
1147 2697 1323 2763 οὕτως,
1358 2701 1430 2768 μὴ
1465 2700 1760 2770 φαινόμενος

167 2781 361 2844 αὐτοῖς.

416 2878 561 2926 ΚΕΦ.
605 2870 657 2927 Ι’.
685 2877 808 2947 Περὶ
835 2881 928 2926 τοῦ
967 2873 1022 2927 ἔκ
1059 2883 1263 2946 γενετῆς
1292 2874 1506 2947 τυφλοῦ.

239 2965 337 3014 Καὶ
366 2992 436 3000 -
463 2971 687 3032 γενετῆς.
714 2961 936 3015 meme»
966 2962 1001 3015 ἃ
1031 2960 1157 3028 εἷπε,
1189 2968 1278 3016 καὶ
1306 2966 1646 3035 πιστούμενος
1679 2966 1758 3016 ὅτι

1881 550 2064 608 ferme
2121 567 2252 606 esse
2303 551 2910 624 quinquagenarium,
2989 555 3232 623 propter
3284 551 3537 608 multam

1879 641 2013 713 ejus
2056 641 2330 712 peritiam
2379 647 2435 697 et
2480 641 2926 713 experientiam.
2997 641 3280 706 Quaedam
3335 647 3535 697 autem

1881 730 2247 801 exemplaria
2316 729 2556 796 habent,
2606 730 3035 802 quadraginta,
3080 729 3258 803 ,quod
3306 730 3538 787 videtur

1880 834 2007 875 esse
2038 819 2249 874 verius.

1951 909 2111 962 Vers.
2192 911 2276 964 58.
2331 908 2504 965 Dixit
2569 939 2638 948 —
2703 924 2852 963 sum.
2885 911 3196 980 Tanquam
3242 909 3416 964 Deus.
3473 909 3538 964 Et

1878 1011 1994 1052 non
2047 997 2215 1062 dixit,
2278 1000 2398 1067 Ego
2440 1013 2604 1053 eram
2648 997 2824 1068 ;sed,
2875 997 3000 1068 Ego
3025 1013 3173 1065 sum,
3231 997 3329 1069 qui
3384 1013 3541 1054 sem-

1877 1102 1984 1157 per
2014 1103 2171 1142 sum.
2203 1087 2342 1143 Fieri
2372 1087 2662 1159 siquidem
2693 1087 2776 1142 rei
2807 1092 3018 1142 creatas
3048 1091 3168 1154 est;
3197 1088 3343 1144 Sum
3375 1103 3535 1151 vero,

1875 1175 2152 1232 increataa
2214 1182 2270 1232 et
2297 1182 2528 1232 creatae.

1949 1267 2110 1321 Vers.
2146 1267 2231 1322 59.
2273 1267 2564 1322 Tulerunt
2601 1298 2663 1307 —
2697 1281 2844 1322 eum.
2870 1266 3116 1323 Veloces
3181 1265 3258 1322 ad
3288 1265 3533 1323 caedem.

1879 1356 2216 1426 Exasperati
2249 1361 2388 1411 sunt
2440 1356 2598 1411 enim
2649 1361 2927 1426 putantes
2973 1355 3192 1425 injuria
3255 1355 3534 1412 affectum

1877 1461 2009 1500 esse
2067 1445 2370 1502 Abraham
2423 1463 2437 1498 :
2479 1445 2655 1501 simul
2703 1446 2899 1511 etiam,
2959 1445 3060 1501 ubi
3113 1446 3536 1517 cognovissent

1877 1534 2041 1606 quod
2071 1535 2170 1589 Dei
2201 1535 2582 1590 aeternitatem
2617 1535 2728 1590 sibi
2760 1534 3106 1590 vindicaret.

1949 1624 2114 1679 Vers.
2145 1625 2236 1681 59.
2267 1626 2427 1678 Jesm
2466 1631 2659 1680 autem
2683 1626 3013 1680 occultatus
3053 1631 3154 1680 est.
3186 1625 3294 1680 Per
3323 1625 3536 1681 divini-

1877 1715 2010 1771 tatis
2035 1714 2363 1786 potentiam
2394 1714 2702 1770 invisibilis
2755 1715 2841 1770 eis
2875 1715 3141 1771 effectus.

1802 1823 1843 1878 Β
1949 1805 2113 1858 Vers.
2141 1805 2230 1859 59.
2274 1805 2352 1860 Et
2382 1835 2448 1844 -—
2497 1803 2723 1873 tempto.
2783 1807 2851 1860 Ut
2907 1803 3143 1859 illorum
3177 1805 3410 1860 sedaret
3443 1804 3531 1860 fu-

1877 1908 2072 1949 rorem
2083 1934 2094 1945 .

1949 1983 2114 2038 Vers.
2141 1988 2226 2039 59.
2261 1982 2660 2040 Pertransiens
2706 2013 2771 2024 --
2799 1983 3061 2039 illorum.
3097 1984 3238 2039 Cum
3272 1982 3353 2039 illi
3393 1999 3530 2039 eum

1876 2072 2074 2128 videre
2117 2088 2236 2128 non
2283 2077 2552 2144 possent.
2618 2074 2682 2127 Et
2722 2088 2908 2144 quare
2940 2087 3062 2127 non
3121 2072 3384 2128 dissolvit
3416 2072 3536 2128 illo-

1873 2177 2008 2217 rum
2039 2161 2338 2227 virtutem,
2371 2168 2428 2217 et
2489 2160 2804 2217 manifeste
2878 2161 3120 2216 recessit
3164 2161 3192 2215 ?
3237 2161 3382 2227 Quia
3425 2177 3534 2217 nec

1875 2251 1959 2306 sic
2007 2251 2285 2306 credituri
2358 2255 2547 2306 erant.
2625 2249 2850 2304 Etenim
2899 2255 3168 2320 tempore
3225 2250 3531 2321 passionis

1872 2341 2122 2413 supinos
2154 2341 2286 2396 illos
2315 2341 2547 2412 dejecit,
2597 2355 2928 2411 eorumque
2991 2345 3262 2411 aspectus
3319 2339 3533 2396 obscu-

1869 2433 2040 2498 ravit,
2087 2437 2142 2487 et
2189 2447 2310 2487 non
2361 2429 2758 2485 crediderunt.
2814 2432 2960 2485 Nam
3017 2429 3220 2485 anima
3271 2429 3532 2501 reproba

1870 2521 2019 2576 nihil
2047 2527 2133 2576 est
2162 2521 2336 2593 pejus
2366 2537 2378 2574 :
2412 2519 2544 2576 licet
2572 2518 2730 2574 enim
2773 2519 2948 2588 signa
2990 2519 3190 2575 videat
3227 2535 3298 2574 ac
3330 2518 3530 2590 prodi-

1869 2611 1984 2680 gia,
2014 2627 2181 2666 suam
2215 2614 2411 2666 tamen
2445 2623 2684 2680 semper
2712 2608 2924 2663 retinet
2952 2607 3419 2680 impudentiam.

1939 2701 2104 2756 Vers.
2141 2701 2210 2757 59
2251 2701 2328 2756 Et
2358 2701 2446 2756 ita
2470 2697 2831 2770 praeteribat.
2875 2697 3244 2754 Ambulabat
3277 2698 3376 2764 ita,
3409 2712 3531 2754 non

1869 2806 2164 2863 apparens
2200 2789 2336 2845 illis.

2225 2881 2378 2936 CAP.
2409 2879 2474 2934 X.
2508 2880 2587 2933 De
2614 2894 2748 2933 meo
2777 2894 2816 2932 a
2842 2877 3170 2933 nativitate.

1939 2971 2078 3042 Cap.
2127 2970 2226 3024 IX.
2282 2970 2424 3025 Vers
2462 2974 2507 3023 I.
2558 2968 2635 3023 Et
2679 2997 2748 3007 -—
2779 2967 3109 3022 nativitate.
3161 2964 3534 3021 Conﬁrman-

165 3054 288 3110 Θεὸς
335 3049 497 3116 ἔστιν,
555 3051 704 3111 εὐθὺς
734 3053 948 3124 ἔρχεται
995 3051 1078 3104 ἐπὶ
1133 3054 1309 3124 θαῦμα
1359 3057 1628 3124 μέγιστον,
1669 3057 1757 3103 καὶ

1886 3059 1965 3123 lo,
2015 3058 2180 3131 quod
2245 3059 2492 3122 dixerat,
2547 3057 2852 3128 ﬁdemque
2882 3055 3126 3120 faciens,
3166 3055 3331 3128 quod
3376 3055 3531 3111 Deus

164 3145 319 3208 μήπω
402 3143 566 3212 μέχρι
615 3145 730 3192 τότε
784 3145 1070 3212 γενόμενον.
1129 3139 1323 3213 Τυφλοὶ
1370 3145 1458 3212 μεν
1511 3145 1612 3214 γὰρ
1669 3146 1757 3192 καὶ

163 3227 308 3280 ἄλλοι
366 3227 643 3298 ἀνέϐλεψαν
687 3244 699 3257 ·
743 3227 931 3300 τυφλὸς
985 3225 1044 3281 δε
1102 3227 1150 3280 ἕν
1197 3239 1402 3300 γενετῆς
1434 3232 1544 3300 (74)
1584 3226 1756 3290 οὐδεὶς

161 3319 294 3390 ἄχρι
314 3325 448 3371 τοτε.
489 3320 575 3369 Διό
604 3321 694 3368 καὶ
720 3314 1008 3387 ἀναϐλέψας
1039 3317 1205 3389 ἔλεγεν
1255 3337 1268 3350 ο
1304 3319 1390 3371 Ἐκ
1421 3327 1512 3370 τοῦ
1570 3319 1757 3379 αἰῶνος

161 3406 251 3460 οὐκ
282 3407 518 3464 ἠκούσθη
545 3407 625 3457 ὅτι
671 3405 842 3468 ἤνοιξέ
866 3425 941 3466 τις
979 3405 1272 3478 ὀφθαλμοὺς
1299 3408 1492 3479 τυφλοῦ
1520 3426 1756 3478 γεγεννη-

162 3513 313 3568 μενου
323 3535 334 3548 ο

237 3766 334 3814 Καὶ
392 3792 458 3803 -
509 3765 728 3835 γεννηθῇ
761 3763 1086 3838 ;Ἐρωτῶσιν
1153 3764 1258 3836 οὐχ
1312 3767 1381 3826 ὡς
1429 3772 1582 3818 τοῦτο
1632 3767 1758 3818 πάν-

161 3869 256 3911 τως
311 3852 340 3910 ἦ
402 3854 561 3904 έκεῖνο
625 3851 1090 3926 ὑπολαμϐάνοντες,
1145 3855 1377 3928 καθάπερ
1432 3857 1482 3906 οἱ
1546 3853 1756 3914 ἀνόητοι

163 3937 412 3994 Ἰουδαῖοι
439 3955 453 3970 ⁸
480 3945 536 3994 τὸ
565 3944 658 4012 μεν
707 3943 808 4016 γὰρ
867 3942 1115 4015 ἁμαρτεῖν
1165 3947 1264 4016 πρὸ
1325 3951 1416 3996 τοῦ
1446 3946 1757 4016 γεννηθῆναι

161 4026 437 4099 ἀδύνατον,
470 4034 527 4082 τὸ
559 4027 618 4083 δε
643 4033 770 4106 ὑπὲρ
802 4040 902 4083 τῶν
929 4036 1117 4103 γονέων
1161 4032 1478 4094 κολάζεσθαι
1529 4030 1714 4086 ἄδικον
1739 4051 1752 4064 ⁸

159 4117 264 4171 ἀλλ’
296 4123 439 4172 ἔστιν
473 4121 498 4172 ὁ
525 4124 721 4183 σκοπὸς
769 4127 861 4173 τοῦ
889 4119 1047 4193 λόγου
1071 4129 1324 4182 τοιοῦτος.
1381 4122 1440 4174 Ὀ
1464 4125 1553 4194 μεν
1584 4126 1756 4197 παρά-

155 4207 306 4270 λυτος
337 4205 430 4260 διὰ
472 4211 565 4270 τὰς
609 4208 866 4282 ἁμαρτίας
918 4212 1078 4262 αὐτοῦ
1133 4211 1358 4278 ἠσθένει,
1417 4213 1590 4272 καθὼς
1655 4210 1759 4264 ἐκεῖ

155 4299 528 4370 μεμαθήκαμεν
578 4317 593 4332 ο
644 4303 761 4371 περὶ
811 4301 992 4350 τούτου
1033 4295 1092 4350 δε
1146 4299 1258 4367 ('75l
1298 4304 1351 4350 τί
1403 4299 1566 4370 λέγεις
1607 4316 1621 4366 ;
1673 4304 1756 4360 Τίς

1866 3153 2024 3202 esset
2063 3147 2261 3202 statim
2336 3147 2497 3201 venit
2549 3146 2624 3200 ad
2673 3144 3029 3200 miraculum
3083 3145 3440 3209 maximum,
3473 3150 3532 3200 et

1866 3252 2056 3308 usque
2087 3237 2162 3292 ad
2193 3236 2250 3290 id
2281 3236 2564 3306 temporis
2596 3249 2912 3304 nunquam
2945 3232 3187 3288 factum.
3221 3233 3528 3305 Siquidem

1865 3330 1922 3380 et
1968 3324 2064 3380 alii
2106 3323 2246 3380 caeci
2288 3324 2483 3378 visum
2539 3327 2906 3392 receperunt,
2949 3336 3155 3376 verum
3189 3321 3290 3393 qui
3342 3338 3376 3378 a
3425 3336 3529 3377 na-

1865 3413 2087 3469 tivitate
2140 3429 2333 3468 caecus
2386 3412 2611 3478 fuisset,
2664 3409 2864 3465 nullus
2931 3424 3120 3480 usque
3152 3409 3229 3464 ad
3275 3409 3334 3464 id
3389 3414 3532 3464 tem-

1865 3519 1998 3576 pus.
2035 3503 2171 3558 Ideo
2221 3501 2422 3566 etiam,
2481 3501 2584 3572 qui
2615 3499 2812 3554 visum
2873 3499 2941 3569 (j)
2972 3497 3209 3568 recepit,
3243 3497 3481 3554 dicebat
3512 3499 3527 3541 ε

1864 3593 1912 3648 Α
1947 3591 2160 3647 εασαίο
2197 3606 2313 3644 non
2377 3595 2458 3646 est
2499 3589 2792 3652 auditum,
2847 3587 3002 3658 quod
3051 3586 3348 3656 aperuerit
3379 3587 3531 3658 quis-

1862 3681 2024 3751 piam
2059 3681 2248 3736 oculos
2271 3679 2405 3736 caeci
2456 3679 2588 3734 nati
2636 3679 2704 3731 ⁸ο.

1939 3773 2104 3825 Vers.
2179 3773 2231 3824 2.
2290 3769 2368 3824 Et
2416 3774 2742 3823 nasceretur
2789 3766 2818 3823 7
2883 3763 3350 3836 Interrogabant,
3405 3780 3526 3822 non

1866 3860 2030 3931 quod
2082 3859 2194 3914 hoc
2225 3863 2329 3914 aut
2356 3857 2504 3913 illud
2531 3855 2780 3913 omnino
2803 3854 3268 3927 suspicarentur,
3328 3871 3530 3927 quem-

1865 3947 2198 4004 admodum
2265 3946 2612 4018 insipientes
2684 3944 2922 4010 Judaei;
2973 3959 3116 3999 nam
3179 3943 3339 3999 hunc
3396 3959 3530 4014 pec-

1867 4051 2054 4100 casse,
2128 4040 2455 4108 antequam
2513 4040 2691 4090 natus
2760 4037 2932 4097 esset,
2985 4031 3358 4103 impossibile
3405 4037 3530 4088 erat

1867 4141 2045 4197 porro
2071 4141 2178 4196 pro
2223 4125 2574 4196 parentibus
2642 4122 2840 4195 puniri
2873 4122 3160 4191 injustum
3203 4137 3217 4184 ;
3261 4120 3360 4175 sed
3394 4120 3528 4176 ﬁnis

1867 4214 2162 4268 sermonis
2216 4212 2344 4268 talis
2401 4218 2509 4267 est.
2563 4211 2927 4281 Paralyticus
2984 4208 3228 4280 quidem
3287 4213 3529 4280 propter

1866 4305 2113 4372 peccata
2153 4317 2261 4356 sua
2308 4300 2660 4366 aegrotabat,
2721 4299 2871 4352 sicut
2909 4297 2990 4352 ibi
3035 4296 3356 4351 didicimus
3395 4311 3407 4351 :
3453 4296 3526 4352 de

159 4387 404 4458 ἥμαρτεν,
462 4385 607 4445 οὗτος
645 4385 674 4443 ἣ
727 4387 775 4437 οἱ
819 4393 988 4456 γονεῖς
1054 4385 1212 4437 αὐτοῦ
1269 4389 1461 4458 ςὴμείς
1491 4389 1592 4460 γὰρ
1641 4388 1757 4439 οὔτε

1886 4407 1980 4444 10c
2013 4395 2233 4450 autem.
2304 4389 2446 4447 quid
2509 4387 2657 4442 dicis
2706 4386 2733 4441 Τ
2779 4388 2916 4454 Quis
2962 4386 3242 4452 peccavit,
3302 4383 3418 4449 hic,
3449 4400 3523 4442 an

155 4479 309 4524 τοῦτο
330 4475 446 4524 οὔτε
476 4471 634 4526 ἐκεῖνο
665 4469 934 4546 δυνάμεθα
971 4472 1152 4545 λέγειν,
1189 4474 1442 4535 παντελῶς
1473 4473 1757 4549 ἐξαπορού-

154 4579 320 4634 μενοι.

226 4747 276 4784 ⁸ο
294 4747 469 4804 Joan.
499 4763 578 4817 Ix,
612 4748 698 4804 32.

1861 4485 2132 4549 parentes
2163 4480 2289 4548 ejus
2328 4476 2356 4532 ?
2406 4493 2517 4533 nos
2548 4476 2708 4531 enim
2737 4490 2931 4546 neque
2970 4473 3101 4536 hoc.
3157 4488 3350 4544 neque
3381 4472 3526 4529 illud

1866 4566 2059 4622 dicere
2111 4583 2456 4639 possumus,
2507 4565 2756 4621 omnino
2787 4562 3118 4620 conturbati
3149 4561 3523 4635 consilioque

1865 4655 2148 4712 destituti.

1359 4849 1582 4919 Variae
1612 4850 1942 4920 lectiones
1976 4862 2041 4920 et
2083 4859 2283 4921 notae.

220 4991 333 5061 (1|)
355 4990 587 5046 Scilicet
615 4989 1048 5062 Cbrysostomi,
1073 4991 1176 5063 qui
1198 4991 1482 5048 audacter
1509 4994 1590 5050 ita
1619 5009 1742 5050 cor-

148 5063 315 5135 rexit.
367 5063 509 5118 Vide
551 5066 692 5118 tom.
724 5063 866 5135 VIII,
899 5078 1038 5135 pag.
1077 5066 1207 5120 324.
1250 5064 1745 5135 Chrysostomum

148 5078 315 5118 rem.
373 5078 509 5118 Viue
551 5078 692 5118 tom.
733 5078 866 5127 VIII,
897 5078 1038 5190 Sag.
1077 5078 1207 5120 324.
1250 5078 1744 5135 unrysostomum

146 5133 415 5214 sequitur
433 5149 597 5217 ‘unus
613 5149 684 5190 ex
701 5133 889 5217 codici
943 5151 1009 5217 us
1035 5135 1492 5217 tuosquensibus
1515 5136 1744 5217 N.Te_s_t.

147 5217 206 5266 κ.
229 5205 332 5275 qui
366 5209 452 5259 est
475 5221 606 5259 cum
652 5205 916 5260 scholiis.
959 5205 1262 5273 Origenes,
1316 5206 1418 5278 qui
1451 5213 1598 5263 tom.
1642 5209 1743 5273 XX,

144 5275 205 5329 in
229 5275 521 5356 Joannem,
552 5276 681 5332 haec
710 5279 852 5356 data
888 5293 1070 5356 opera
1124 5279 1560 5356 interpretatur,
1583 5279 1746 5335 hunc

145 5362 389 5418 versum
446 5353 637 5403 totum
701 5349 1099 5418 praetermisit.
1148 5354 1472 5408 Πεντήκοντα
1506 5356 1747 5405 servant

143 5416 346 5489 Cyrill.
382 5424 419 5473 t.
443 5419 568 5493 IV1
597 5435 652 5489 p.
688 5416 789 5475 585
817 5421 876 5473 Ο.
913 5421 1386 5493 ;_Theophylact.
1424 5437 1480 5493 p.
1523 5423 1627 5493 690
1663 5424 1699 5476 Ε
1731 5438 1744 5487 ;

143 5504 401 5618 ἓενθευε
439 5491 499 5544 in
531 5491 754 5546 Catena
806 5491 1086 5558 Corderii,
1129 5491 1187 5564 p.
1212 5491 1321 5548 ’243
1372 5511 1387 5561 ;
1423 5491 1480 5549 et
1507 5491 1744 5549 codices

187 5562 522 5617 robatiores
551 5576 777 5618 omnes.

187 5561 522 5617 robatiores
551 5576 777 5618 omnes.

332 5739 442 5808 Qui
472 5739 679 5796 visum.
716 5741 880 5796 Forte
911 5740 1074 5812 legit,
1107 5736 1192 5797 διὸ
1231 5745 1320 5794 καὶ
1348 5742 1373 5794 ὀ
1428 5741 1739 5820 ἀναϐλέψας.

1923 4996 2037 5066 (72)
2072 4994 2306 5052 Inclusa
2345 4993 2565 5050 absunt
2613 4996 2678 5050 A.
2713 4996 2968 5056 Κτίστης,
2999 4989 3311 5063 quomodo
3341 4991 3521 5066 etiam

1858 5065 2200 5123 Eustathius
2236 5066 2449 5130 scribit,
2481 5067 2586 5138 qui
2643 5082 2782 5122 cum
2843 5069 3028 5138 κτίτης
3053 5065 3386 5134 comparat.
3410 5078 3520 5138 pro

1857 5139 2222 5194 substantive
2257 5134 2518 5212 accipio;
2561 5153 2700 5203 non,
2766 5141 2827 5193 ut
2878 5136 3187 5207 interpres,
3220 5148 3329 5204 pro
3360 5134 3520 5191 adie-

1859 5212 1932 5264 cti
1942 5227 2037 5266 vo.

1929 5281 2041 5353 (73)
2061 5283 2144 5336 Ita
2171 5279 2522 5353 plerumque
2537 5279 2998 5351 Chrysostomus
3015 5282 3270 5340 oratorie
3289 5282 3517 5346 laudat,

1855 5352 2028 5425 Joan.
2062 5368 2220 5407 XVIII.
2253 5356 2305 5415 6,
2330 5352 2512 5406 ἔπεσον
2543 5358 2742 5425 χαμαί.

1926 5423 2316 5488 (74)Γεννητῆς.

1930 5494 2042 5563 (75)
2067 5498 2126 5546 Δὶ
2157 5495 2327 5552 abest
2367 5502 2432 5549 A.
