4088 6440
172 342 316 400 1305

1257 340 1603 398 COMMENT
1643 342 1711 398 IN
1749 340 2099 398 JOANNEM.
2141 372 2209 383 —
2247 342 2404 397 CAP.
2448 339 2544 397 IX.

3397 340 3420 395 1
3433 341 3538 397 306

246 474 347 524 Καὶ
376 501 445 510 -
473 467 701 542 ίὼρακας
727 485 741 535 ;
767 467 955 542 ’ῼοντο
981 469 1083 541 γὰρ
1115 467 1267 520 αὐτὸν
1297 466 1452 539 ἐγγὺς
1481 465 1610 521 εἶναι
1647 487 1762 520 πεν-

1950 467 2114 523 Vers.
2148 468 2236 522 57.
2264 466 2436 520 Et—
2485 465 2686 522 vidisti
2737 463 2766 520 ν
2819 463 3117 521 Putabant
3178 464 3338 520 enim
3394 481 3534 521 eum

171 565 398 618 τήκοντα
448 557 569 610 ἐτῶν
619 555 714 610 διὰ
763 563 857 614 τὴν
912 557 1249 629 πολυπειρίαν
1305 557 1485 611 αὐτοῦ.
1532 559 1660 610 Τινὰ
1709 552 1768 609 δε

173 658 271 701 τῶν
324 649 435 719 (71)
489 647 814 722 ἀντιγράφων
854 649 1247 720 τεσσαράκοντα
1287 648 1600 721 γράφουσιν,
1643 647 1766 718 ὅπερ

175 734 320 791 δοκεῖ
345 737 724 811 ἀκριϐέστερον.

245 913 394 968 Εἶπεν
446 946 514 956 -
569 915 694 977 εἰμι.
743 914 832 977 Ὡς
897 918 1046 977 Θεός.
1103 919 1202 968 Καὶ
1259 913 1354 966 οὐκ
1412 910 1570 981 εἶπεν,
1633 912 1768 984 Ἐγώ

173 1007 332 1076 ἥμην,
410 1003 514 1056 ἀλλ’
577 1005 706 1075 Ἐγὼ
758 1003 866 1076 εἰμι
908 1006 934 1056 6
994 1003 1073 1056 ἀεὶ
1135 1008 1221 1055 ὤν.
1254 1006 1324 1055 Τὸ
1349 1005 1438 1069 μὶν
1487 999 1576 1054 οὖν
1632 1005 1769 1073 γενέ-

175 1095 299 1146 σθαι
359 1097 709 1146 κτιστοῦ·τό
803 1089 862 1146 δε
927 1093 1048 1165 Εἰμὶ
1127 1091 1377 1144 ἀκτίστου
1427 1093 1444 1162 [
1500 1096 1590 1144 καὶ
1651 1092 1766 1162 (72)

171 1188 388 1235 κτίστου

244 1271 408 1346 Ἦραν
446 1299 500 1312 -ο
549 1271 727 1324 αὐτόν.
785 1273 850 1324 Οἱ
884 1279 1068 1344 ταχεῖς
1107 1274 1235 1344 πρὸς
1263 1275 1410 1342 φόνον
1441 1291 1454 1303 ο
1484 1269 1765 1344 Ἠγρίαναν

171 1363 272 1434 γὰρ
322 1357 566 1424 δόξαντες
615 1359 933 1433 ὑϐρισθῆναι
975 1364 1061 1412 τόν
1119 1359 1357 1435 Ἀϐραὰμ
1399 1377 1411 1388 ·
1447 1360 1557 1431 ἅμα
1586 1356 1644 1412 δὲ
1676 1363 1766 1411 καὶ

170 1455 375 1522 γνόντες
405 1451 483 1503 ὃτι
514 1445 792 1508 ἀιδιότητα
831 1458 963 1504 Θεοῦ
988 1451 1316 1522 περιτίθησιν
1344 1449 1526 1519 ἐαυτῷ.

244 1629 450 1690 Ἰησοῦς
507 1625 566 1682 δε
613 1627 829 1702 ἐκρύϐη.
875 1629 1125 1702 Ἀόρατος
1182 1627 1360 1689 αὐτοῖς
1420 1631 1644 1685 κατέστη
1698 1635 1760 1698 τῇ

171 1718 384 1792 ἐξουσίᾳ
414 1726 504 1779 τῆς
544 1719 804 1779 θεότητος.

245 1812 344 1861 Καὶ
377 1811 536 1883 ἱεροῦ.
561 1813 673 1861 Ἵνα
700 1805 1004 1866 κατασταλῆ
1039 1809 1064 1859 ό
1099 1809 1260 1879 θυμός
1289 1806 1478 1861 αὐτῶν.

240 1985 455 2039 Διελθών
485 2017 553 2026 ——
582 1986 773 2039 αὐτῶν.
827 1991 913 2044 Μὴ
959 1985 1257 2058 ἰσχυόντων
1289 1982 1418 2038 ἰδεῖν
1459 1985 1631 2040 αὐτόν.
1668 1991 1764 2041 Καὶ

170 2074 317 2129 διατί
367 2076 462 2127 οὐκ
519 2073 751 2138 ὶξίλυσεν
781 2075 949 2128 αὐτῶν
989 2080 1082 2133 τὴν
1133 2071 1354 2146 δύναμιν
1397 2079 1486 2127 καὶ
1544 2083 1771 2146 φανερῶς

171 2164 472 2238 ἀνεχώρησε
493 2181 507 2230 ;
541 2170 682 2218 Διότι
699 2167 808 2218 οὔθ’
831 2166 990 2226 οὕτως
1012 2163 1214 2236 ἔμελλον
1244 2167 1526 2218 πιστεύειν.
1550 2168 1647 2217 Καὶ
1661 2166 1762 2237 γὰρ

170 2255 218 2308 ἐν
245 2263 315 2325 τῷ
343 2262 509 2328 καιρῷ
540 2262 632 2306 τοῦ
693 2256 897 2315 ῐΙάθους
942 2256 1155 2315 ὑπτίους
1187 2254 1299 2323 (73)
1351 2253 1534 2314 αὐτοὺς
1564 2253 1759 2327 ἔῤῥιψε,

170 2350 258 2396 καὶ
287 2348 380 2396 τὰς
401 2343 541 2414 ὄψεις
573 2343 740 2396 αὐτῶν
763 2341 1022 2406 ἑσκότισε,
1065 2348 1154 2395 καὶ
1184 2343 1276 2395 οὐκ
1307 2341 1637 2396 ἐπίστευσαν.
1661 2343 1760 2394 0'3-

171 2429 256 2484 δεν
285 2434 384 2505 γὰρ
415 2439 594 2504 χεῖρον
623 2430 812 2503 ψυχῆς
844 2430 1222 2502 ἀπεγνωκυίας.
1281 2429 1386 2484 Κᾶν
1433 2434 1533 2505 γὰρ
1569 2438 1763 2502 σημεῖα

168 2518 285 2594 ἴδῃ,
312 2520 406 2573 κᾶν
437 2526 646 2596 τέρατα,
676 2525 812 2594 μένει
841 2525 935 2580 τὴν
962 2521 1124 2580 αὐτὴν
1167 2525 1372 2594 ἔχουσα
1400 2521 1552 2574 πάλιν
1580 2519 1762 2573 ἀναισ-

167 2616 408 2684 χυντίαν.

243 2705 341 2754 Καὶ
369 2708 601 2774 παρῆγεν
623 2701 806 2762 οὕτως.
837 2699 1108 2763 Ἐϐάδιζεν
1147 2703 1324 2768 οὕτως,
1360 2705 1431 2774 μὴ
1465 2704 1762 2774 φαινόμενος

167 2789 362 2851 αὐτοῖς.

417 2885 562 2932 ΚΕΦ.
606 2877 658 2934 1’.
686 2883 810 2953 Περὶ
837 2887 930 2932 τοῦ
969 2879 1024 2933 ix
1061 2889 1265 2952 γενετῆς
1294 2879 1508 2952 τυφλοῦ.

240 2972 339 3021 Καὶ
367 2999 437 3008 --
464 2977 689 3040 γενετῆς.
715 2967 938 3022 Βεϐαιῶν
968 2968 1003 3021 ἆ
1032 2966 1159 3034 εἶπε,
1190 2974 1280 3022 καὶ
1307 2971 1647 3040 πιστούμενος
1681 2971 1760 3020 ὅτι

167 3061 289 3118 Θεός
337 3056 498 3123 ἇστιν,
557 3057 706 3118 εὐθὺς
737 3060 950 3131 ἔρχεται
997 3057 1081 3110 ἐπὶ
1135 3059 1310 3129 θαῦμα
1361 3062 1630 3129 μέγιστον,
1670 3062 1759 3108 καὶ
1792 3071 1830 3126 C

165 3153 320 3215 μήπω
404 3151 568 3218 μέχρι
617 3151 733 3199 τότε
786 3151 1073 3218 γενόμενον.
1132 3144 1325 3219 Τυφλοὶ
1373 3150 1461 3218 μεν
1513 3150 1614 3220 γὰρ
1671 3150 1759 3197 καὶ

164 3235 310 3288 ἄλλοι
368 3234 646 3305 ἀνέϐλεψαν
689 3251 702 3264 ⁸
745 3234 933 3306 τυφλός
988 3231 1046 3288 δε
1104 3233 1152 3286 ἕν
1199 3244 1405 3306 γενετῆς
1436 3237 1546 3305 (74)
1587 3231 1758 3295 οὐδεὶς

163 3327 296 3398 ἄχρι
316 3332 450 3378 τότε.
491 3327 577 3376 Διὸ
607 3328 696 3375 καὶ
723 3321 1011 3393 ἀναϐλέψας
1042 3323 1207 3394 ἔλεγεν
1258 3343 1270 3355 ο
1307 3324 1392 3376 Ἐκ
1423 3332 1514 3376 τοῦ
1572 3324 1760 3384 αἰῶνος

162 3414 253 3467 οὐκ
284 3415 521 3472 ἠκούσθη
547 3414 627 3464 ὅτι
674 3411 844 3474 ἤνοιξε
868 3431 943 3472 τις
982 3411 1274 3484 ὀφθαλμοὺς
1302 3413 1494 3484 τυφλοῦ
1523 3431 1758 3484 γεγεννη-

163 3519 316 3575 μενου
325 3543 337 3555 .

239 3774 337 3822 Καὶ
395 3799 462 3810 -
512 3771 730 3842 γεννηθῇ
763 3769 1090 3844 ;Ἐρωτῶσιν
1157 3770 1260 3841 οὐχ
1315 3771 1384 3832 ὡς
1432 3777 1586 3822 τοῦτο
1635 3771 1761 3823 πάν·

163 3876 259 3918 τως
315 3859 344 3917 ἣ
405 3861 564 3910 έκεῖνο
629 3858 1094 3932 ὑπολαμϐάνοντες,
1149 3861 1380 3934 καθάπερ
1435 3862 1485 3912 οἱ
1550 3858 1760 3918 ἀνόητοι

165 3945 415 4001 Ἰουδαῖοι
443 3962 456 3978 ·
483 3951 540 4001 τὸ
569 3951 661 4019 μὶν
710 3951 812 4022 γὰρ
871 3949 1118 4021 ἁμαρτεῖν
1169 3953 1268 4022 πρό
1328 3956 1420 4002 τοῦ
1449 3951 1760 4021 γεννηθῆναι

164 4033 440 4106 ἀδύνατον,
473 4041 531 4089 τό
563 4033 622 4090 δὲ
647 4039 774 4112 ὑπὲρ
805 4046 906 4089 τῶν
933 4042 1121 4109 γονέων
1165 4037 1482 4099 κολάξεσθαι
1533 4035 1718 4091 ἄδικον
1743 4055 1755 4068 ·

162 4124 267 4178 ἀλλ’
300 4130 443 4178 ἔστιν
477 4127 502 4179 ό
529 4131 725 4189 σκοπός
773 4134 865 4180 τοῦ
893 4126 1050 4199 λόγου
1075 4134 1328 4187 τοιοῦτος,
1385 4127 1444 4179 Ὀ
1468 4130 1557 4199 μὶν
1588 4130 1760 4202 παροί-

158 4215 310 4277 λυτος
341 4212 434 4268 διὰ
476 4218 569 4277 τὰς
613 4215 870 4289 ἁμαρτίας
922 4218 1082 4268 αὐτοῦ
1137 4217 1362 4283 ἠσθένει,
1421 4217 1594 4276 καθὼς
1659 4215 1763 4268 ἐκεῖ

159 4306 532 4377 μεμαθήκαμεν
582 4323 597 4339 ο
648 4309 765 4378 περὶ
815 4307 996 4357 τούτου
1037 4301 1096 4356 δε
1150 4305 1262 4372 (⁸75)
1302 4309 1355 4356 τί
1407 4304 1570 4375 λέγεις
1611 4321 1626 4370 ;
1677 4309 1760 4364 Τίς

1878 555 2061 612 ferme
2117 570 2250 610 esse
2299 554 2907 628 quinquagenarium,
2987 557 3229 626 propter
3281 553 3533 610 multam

1877 645 2010 718 ejus
2053 645 2327 717 peritiam
2377 649 2432 700 et
2477 644 2923 716 experientiam.
2994 643 3276 708 Quaedam
3333 649 3532 699 autem

1879 734 2244 805 exemplaria
2313 733 2553 798 habent,
2603 732 3032 805 quadraginta,
3077 731 3255 805 .quod
3303 731 3536 788 videtur

1877 839 2005 879 esse
2036 824 2247 878 verius.

1949 913 2108 966 Vers.
2190 915 2274 968 58.
2329 911 2502 968 Dixit
2566 941 2636 951 —
2701 913 3194 982 sum.Tanquam
3239 911 3413 965 Deus.
3471 911 3536 966 Et

1876 1015 1991 1057 non
2045 1001 2213 1065 dixit,
2275 1003 2396 1070 Ego
2437 1016 2602 1056 eram
2645 1000 2822 1071 ;sed,
2872 1000 2998 1070 Ego
3023 1015 3171 1067 sum,
3228 1000 3327 1070 qui
3382 1015 3538 1055 sem-

1875 1107 1982 1161 per
2012 1107 2169 1146 sum.
2201 1091 2340 1147 Fieri
2370 1090 2660 1162 siquidem
2692 1089 2774 1145 rei
2806 1094 3016 1145 creatae
3047 1092 3166 1156 est;
3195 1090 3340 1146 Sum
3372 1104 3533 1153 vero,

1873 1179 2151 1236 increatte
2213 1185 2268 1236 et
2295 1185 2526 1235 creatae.

1947 1271 2108 1325 Vers.
2144 1271 2229 1325 59.
2272 1271 2563 1326 Tulerunt
2599 1301 2662 1310 —
2695 1284 2842 1325 eum.
2868 1269 3115 1324 Veloces
3179 1267 3256 1324 ad
3287 1267 3531 1324 caedem.

1877 1359 2214 1430 Exasperati
2248 1365 2386 1414 sunt
2439 1359 2597 1414 enim
2647 1364 2925 1428 putantes
2972 1357 3190 1428 injuria
3253 1356 3532 1414 affectum

1876 1465 2008 1504 esse
2066 1448 2369 1505 Abraham
2422 1466 2435 1502 :
2478 1447 2654 1504 simul
2701 1448 2898 1514 etiam,
2958 1447 3058 1504 ubi
3112 1447 3535 1518 cognovissent

1875 1537 2040 1611 quod
2070 1538 2169 1593 Dei
2200 1538 2580 1593 aeternitatem
2616 1537 2727 1592 sibi
2759 1537 3104 1593 vindicaret.

1948 1628 2114 1683 Vers.
2145 1629 2235 1684 59.
2266 1629 2426 1682 Jesm
2465 1634 2658 1682 autem
2682 1628 3012 1683 occultatus
3052 1632 3154 1682 est.
3185 1627 3294 1681 Per
3322 1626 3535 1682 divini-

1876 1719 2010 1775 tatis
2035 1718 2362 1790 potentiam
2393 1717 2702 1773 invisibilis
2754 1718 2840 1772 eis
2874 1717 3140 1773 eﬂ‘ectus.

1801 1827 1842 1882 Β
1949 1809 2112 1862 Vers.
2140 1808 2229 1862 59.
2273 1808 2351 1863 Et
2381 1839 2448 1847 —
2496 1806 2722 1876 templo.
2783 1809 2850 1862 Ut
2906 1805 3142 1862 illorum
3177 1806 3410 1862 sedaret
3442 1805 3530 1861 fu-

1877 1912 2072 1953 rorem
2082 1937 2094 1949 .

1949 1987 2113 2042 Vers.
2141 1991 2226 2043 59.
2261 1985 2660 2044 Pertransiens
2706 2015 2770 2026 —-
2799 1985 3060 2041 illorum.
3096 1986 3238 2042 Cum
3272 1983 3353 2040 illi
3393 2000 3530 2040 eum

1875 2077 2074 2132 videre
2117 2092 2236 2131 non
2283 2079 2552 2148 possent.
2618 2077 2682 2130 Et
2722 2091 2909 2146 quare
2940 2090 3062 2130 non
3121 2074 3384 2130 dissolvit
3415 2073 3536 2129 illo-

1873 2182 2008 2221 rum
2040 2166 2338 2230 virtutem,
2371 2171 2428 2220 et
2489 2163 2804 2220 manifeste
2877 2163 3120 2219 recessit
3163 2163 3192 2217 ?
3238 2163 3382 2228 Quia
3425 2178 3535 2218 nec

1875 2255 1960 2311 sic
2007 2255 2286 2310 credituri
2359 2258 2547 2309 erant.
2625 2251 2850 2308 Etenim
2899 2258 3168 2323 tempore
3225 2252 3532 2323 passionis

1872 2346 2122 2417 supinos
2154 2345 2286 2400 illos
2316 2344 2547 2415 dejecit,
2597 2358 2928 2414 eorumque
2991 2347 3262 2413 aspectus
3319 2341 3534 2397 obscu-

1870 2437 2041 2502 ravit,
2088 2441 2143 2491 et
2189 2451 2311 2490 non
2363 2433 2759 2488 crediderunt.
2815 2434 2962 2488 Nam
3018 2431 3221 2487 anima
3271 2430 3533 2502 reproba

1871 2525 2020 2580 nihil
2047 2531 2134 2580 est
2163 2525 2336 2597 pejus
2367 2540 2378 2578 :
2413 2523 2544 2579 licet
2573 2521 2731 2578 enim
2773 2521 2949 2590 signa
2991 2521 3191 2577 videat
3227 2536 3298 2576 ac
3331 2519 3531 2592 prodi-

1871 2615 1985 2684 gia,
2015 2631 2182 2670 suam
2216 2618 2412 2670 tamen
2446 2626 2684 2683 semper
2713 2611 2926 2666 retinet
2953 2609 3420 2682 impudentiam.

1940 2705 2105 2760 Vers.
2142 2705 2211 2760 59
2252 2705 2329 2760 Et
2359 2704 2447 2759 ita
2471 2701 2832 2773 prateribat.
2876 2699 3245 2756 Ambulabat
3277 2700 3378 2765 ita,
3410 2713 3533 2754 non

1870 2810 2166 2868 apparens
2202 2793 2337 2848 illis.

2227 2884 2379 2940 CAP.
2410 2883 2475 2937 X.
2510 2883 2588 2936 De
2615 2896 2750 2936 caeco
2779 2897 2818 2935 a
2843 2879 3171 2935 nativitate.

1941 2975 2080 3046 Cap.
2129 2974 2227 3028 IX.
2284 2973 2425 3028 Vers
2463 2977 2509 3026 t.
2561 2971 2637 3026 Et
2680 3000 2750 3010 —
2781 2970 3111 3024 nativitate.
3163 2965 3536 3023 Conﬁrman-

1869 3062 1967 3127 dn,
2017 3062 2182 3135 quod
2246 3062 2494 3125 dixerat,
2549 3060 2854 3130 fidemque
2884 3058 3128 3122 faciens,
3168 3056 3333 3130 quod
3377 3057 3533 3112 Deus

1868 3157 2026 3206 esset
2065 3151 2263 3206 statim
2338 3149 2500 3204 venit
2551 3149 2626 3202 ad
2675 3147 3031 3202 miraculum
3085 3147 3442 3210 maximum,
3476 3151 3534 3201 et

1869 3256 2058 3312 usque
2089 3241 2164 3296 ad
2195 3239 2253 3294 id
2283 3239 2566 3310 temporis
2598 3251 2914 3306 nunquam
2947 3234 3189 3289 factum.
3223 3235 3530 3306 Siquidem

1868 3334 1925 3384 et
1971 3328 2066 3383 alii
2109 3327 2249 3384 caeci
2291 3327 2486 3381 visum
2541 3328 2908 3394 receperunt,
2952 3338 3157 3378 verum
3191 3323 3292 3395 qui
3345 3339 3378 3379 a
3428 3337 3532 3378 na-

1868 3417 2090 3473 tivitate
2143 3433 2336 3472 caecus
2389 3415 2614 3481 fuisset,
2666 3411 2866 3467 nullus
2933 3426 3123 3482 usque
3155 3411 3232 3466 ad
3277 3410 3337 3465 id
3391 3415 3535 3466 tem-

1868 3523 2001 3580 pus.
2037 3506 2174 3562 Ideo
2224 3505 2424 3570 etiam,
2484 3503 2586 3575 qui
2618 3501 2815 3556 visum
2875 3501 2943 3571 (j)
2975 3499 3212 3570 recepit,
3246 3498 3484 3554 dicebat
3515 3499 3530 3542 ἓ

1867 3597 1915 3652 Α
1949 3595 2163 3651 seculo
2201 3609 2316 3648 non
2379 3598 2461 3649 est
2501 3592 2794 3654 auditum,
2849 3589 3005 3661 quod
3054 3587 3352 3658 aperuerit
3382 3589 3534 3659 quis-

1865 3685 2027 3756 piam
2061 3684 2251 3740 oculos
2274 3682 2408 3739 cmi
2459 3681 2591 3736 nati
2639 3682 2706 3734 ⁸ο.

1941 3777 2107 3829 Vers.
2182 3777 2234 3826 2.
2293 3773 2372 3828 Et
2419 3776 2745 3826 nasceretur
2791 3769 2820 3825 ?
2886 3765 3353 3837 lnterrogabant,
3408 3781 3529 3822 non

1869 3864 2034 3935 quod
2085 3862 2197 3918 hoc
2228 3867 2332 3918 aut
2359 3860 2508 3916 illud
2534 3858 2783 3916 omnino
2805 3857 3272 3929 suspicarentur,
3331 3871 3533 3928 quem-

1869 3951 2201 4008 admodum
2269 3950 2616 4022 insipientes
2688 3947 2925 4012 Judasi;
2976 3961 3119 4001 nam
3181 3945 3342 4001 hunc
3399 3960 3534 4016 pec-

1871 4055 2058 4104 casse,
2132 4044 2458 4112 antequam
2517 4042 2694 4094 natus
2764 4039 2936 4100 esset,
2988 4033 3362 4105 impossibile
3409 4037 3533 4089 erat

1871 4145 2049 4201 porro
2075 4145 2181 4200 pro
2227 4127 2578 4199 parentibus
2646 4125 2844 4197 puniri
2876 4124 3164 4193 injustum
3207 4138 3220 4187 ;
3264 4121 3364 4176 sed
3397 4121 3532 4177 finis

1871 4218 2166 4273 sermonis
2220 4216 2348 4272 talis
2405 4221 2512 4270 est.
2567 4213 2930 4284 Paralyticus
2987 4211 3233 4282 quidem
3291 4214 3533 4281 propter

1870 4309 2117 4376 peccata
2157 4321 2265 4360 sua
2313 4303 2664 4371 mgrotabat.
2725 4301 2875 4355 sicut
2913 4299 2994 4354 ibi
3039 4298 3361 4352 didicimus
3399 4313 3412 4352 :
3457 4297 3530 4352 de

163 4394 409 4465 ἥμαρτεν,
467 4392 611 4452 οὗτος
649 4391 679 4450 ἣ
731 4393 779 4444 οἱ
823 4399 992 4462 γονεῖς
1058 4391 1216 4443 αὐτοῦ
1273 4394 1466 4463 ςήμεῖς
1496 4393 1596 4465 γὰρ
1645 4393 1762 4444 οὔτε

1887 4411 1985 4449 mc
2017 4399 2237 4453 autem.
2308 4391 2450 4450 quid
2513 4391 2661 4445 dicis
2710 4389 2737 4444 Τ
2783 4390 2920 4457 Quis
2966 4389 3246 4454 peccavit,
3306 4385 3423 4450 hic,
3454 4401 3528 4442 an

159 4486 314 4532 τοῦτο
335 4482 451 4532 όῦτε
481 4478 638 4532 έκεῖνο
669 4475 939 4553 δυνάμεθα
975 4478 1157 4551 λέγειν,
1194 4479 1446 4540 παντελῶς
1477 4478 1761 4553 ἐξαπορού-

159 4587 325 4642 μενοι.

231 4755 281 4791 ⁸ο
300 4754 474 4812 Joan.
505 4770 584 4824 ix,
617 4755 703 4811 32.

1866 4489 2136 4553 parentes
2168 4484 2293 4552 ejus
2333 4480 2360 4535 ?
2410 4497 2521 4536 nos
2552 4479 2713 4534 enim
2742 4492 2936 4548 neque
2974 4475 3105 4539 hoc.
3161 4489 3355 4546 neque
3386 4473 3530 4530 illud

1871 4570 2064 4626 dicere
2116 4586 2460 4643 possumus,
2511 4567 2761 4624 omnino
2791 4564 3122 4622 conturbati
3154 4563 3528 4636 consilioque

1870 4659 2153 4716 destituti.

1365 4854 1588 4924 Variae
1618 4855 1947 4924 lectiones
1981 4867 2046 4924 et
2087 4863 2288 4924 notaa.

227 4999 339 5069 (Ἠ)
361 4997 592 5054 Scilicet
621 4995 1054 5068 Chrysostomi,
1079 4996 1181 5069 qui
1203 4997 1487 5053 audacter
1514 4999 1595 5055 ita
1624 5013 1748 5054 cor-

155 5070 322 5141 rexit.
374 5069 514 5125 Vide
557 5073 698 5125 tom.
730 5069 872 5141 νιιι,
905 5085 1044 5141 pag.
1079 5071 1212 5141 324.
1255 5069 1751 5141 Chrysostomum

155 5085 322 5125 rexu.
379 5085 514 5125 Viae
557 5085 698 5125 tom.
739 5085 872 5133 vm,
903 5085 1044 5196 εδδ.
1083 5085 1212 5125 624.
1255 5085 1750 5141 unrysostomum

153 5140 422 5220 sequitur
440 5157 603 5223 ‘unus
619 5157 690 5197 ex
707 5140 895 5223 codici
949 5157 1015 5223 us
1041 5140 1498 5223 Mosquens'rbus
1521 5141 1750 5223 N.Test.

155 5225 212 5274 κ.
236 5211 338 5282 qui
372 5215 458 5266 est
482 5228 613 5266 cum
658 5211 922 5267 scholiis.
965 5211 1268 5279 Origenes,
1322 5211 1425 5284 qui
1456 5218 1604 5268 tom.
1649 5214 1749 5278 XX,

151 5282 213 5337 in
237 5283 525 5362 Joannem
558 5283 687 5338 haec
717 5285 858 5362 data
894 5299 1076 5362 opera
1130 5284 1566 5362 interpretatur,
1589 5284 1752 5362 hunc

153 5369 396 5424 versum
452 5360 644 5409 totum
707 5355 1105 5424 praetermisit.
1153 5359 1478 5413 Πεντήκοντα
1512 5361 1753 5410 servant

151 5423 353 5496 Cyrill.
389 5431 425 5480 t.
452 5425 567 5498 71V,
603 5441 659 5495 p.
695 5423 795 5481 585
823 5427 882 5479 C.
919 5427 1392 5498 ;_Theophy|act.
1431 5442 1486 5498 p.
1529 5428 1634 5498 69f)
1669 5429 1706 5481 E
1737 5443 1750 5491 ;

195 5512 408 5570 everus
445 5497 506 5551 in
538 5498 761 5553 Catena
813 5496 1092 5564 Corderii,
1134 5496 1194 5570 p.
1217 5496 1328 5553 ’243
1379 5516 1393 5566 ;
1430 5496 1486 5554 et
1513 5497 1750 5554 codices

195 5569 528 5624 robatiores
558 5583 784 5624 omnes.

225 5746 306 5816 (j)
339 5745 449 5816 Qui
479 5745 686 5803 visum.
723 5747 888 5803 Forte
918 5745 1082 5818 legit,
1114 5742 1199 5802 διό
1238 5750 1326 5800 καὶ
1355 5747 1380 5800 ό
1434 5745 1746 5825 ἀναϐλέψας.

1929 5000 2042 5070 (72)
2077 4998 2312 5055 Inclusa
2351 4997 2571 5070 absunt
2617 4998 2683 5052 A.
2719 4998 2973 5058 Κτίστης,
3005 4991 3316 5065 quomodo
3347 4992 3526 5070 etiam

1863 5067 2206 5127 Eustathius
2242 5069 2455 5133 scribit,
2487 5070 2592 5141 qui
2649 5084 2788 5125 cum
2849 5071 3033 5124 κτίτης
3059 5067 3526 5190 comparaugro

1863 5143 2228 5190 substantivn
2263 5142 2511 5190 accinio.
2567 5156 2705 5190 non.
2773 5143 2832 5190 ul
2883 5139 3192 5190 interpres.
3226 5150 3335 5190 ι)το
3365 5150 3401 5190 a
3447 5150 3526 5190 1e-

1863 5143 2228 5198 substantivo
2263 5142 2512 5215 accipio,
2567 5156 2706 5205 non,
2773 5143 2832 5195 ut
2883 5142 3192 5209 interpres,
3226 5150 3335 5206 pro
3365 5142 3500 5193 adie

1864 5215 2043 5270 ctivo.

1935 5285 2047 5357 (73)
2068 5287 2151 5340 [ta
2177 5283 2527 5356 plerumque
2543 5283 3004 5354 Chrysostomus
3021 5284 3276 5342 oratorie
3295 5283 3522 5348 laudat,

1861 5357 2032 5411 Joan.
2068 5372 2226 5411 xvm.
2260 5360 2311 5419 6,
2336 5360 2518 5410 ἔπεσον
2549 5361 2748 5428 χαμαί.

1932 5428 2322 5492 (74)Γεννητῆς.

1937 5498 2049 5568 (75)
2073 5502 2133 5550 Δὶ
2163 5498 2333 5555 abest
2373 5506 2438 5552 A.
