4088 6432
690 321 829 380 {303

2014 316 2371 377 EUTHYMII
2422 315 2749 374 ZIGABENI
3852 324 3935 387 43ὑὲ

692 454 846 505 atur.
875 447 1013 505 Vult
1037 447 1193 505 enim
1223 451 1509 515 astruere,
1553 443 1720 519 quod
1777 444 1972 514 major
2011 447 2107 510 sit,
2156 461 2306 518 qua:

2319 461 2342 500 α
2376 443 2422 497 Α
2459 442 2810 518 Βούλεταιγάρ
2824 443 3222 497 κατασκευάσαι
3242 443 3322 497 ὅτι
3342 445 3526 516 μείζων
3543 446 3646 498 ἐστὶ
3660 455 3736 499 τοῦ
3761 449 3933 525 ’Δεραάξμ

691 538 992 594 Abraham
1029 554 1042 604 ;
1075 554 1217 594 nam
1249 537 1363 593 hoc
1413 537 1471 590 in
1517 535 1789 607 pr.esenti
1832 550 1951 591 non
2004 535 2175 601 dixit,
2219 550 2348 606 pro-

690 633 822 701 pter
846 627 1111 698 ipsorum
1146 626 1608 699 impudentiam.

763 716 1051 772 Vers.5l.
1114 717 1293 783 Quem
1360 746 1428 754 —
1489 715 1645 768 Vers.
1723 715 1814 770 55.
1877 729 2020 769 eum.
2091 744 2147 754 —
2216 713 2345 768 Non

691 806 1033 876 cognovistis
1073 820 1217 866 eum,
1257 809 1459 874 utpote
1495 801 1778 874 operibus
1832 802 1997 857 illum
2033 807 2342 867 negantes.

694 894 845 950 Dicit
895 894 1055 948 enim
1113 898 1168 948 et
1222 892 1542 962 Apostolus
1588 908 1601 946 :
1657 892 2020 958 Conﬁtentur
2081 906 2142 946 se
2192 905 2348 945 nosse

694 985 902 1046 Deum,
943 983 1115 1051 factis
1145 987 1341 1037 autem
1372 987 1588 1051 negant
1618 983 1688 1037 ⁷⁷.
1718 979 1818 1035 Vel
1854 981 2033 1035 etiam
2081 995 2152 1034 eo
2181 978 2346 1051 quod

693 1087 812 1127 non
843 1071 1184 1137 agnoscatis
1209 1069 1411 1125 Filium
1466 1071 1621 1140 ejus.
1684 1068 1908 1123 Dictum
1962 1072 2049 1122 est
2110 1066 2269 1122 enim
2331 1085 2343 1122 :

692 1162 757 1216 Si
792 1175 883 1216 me
909 1159 1344 1228 cognoscentis,
1377 1159 1436 1215 et
1471 1159 1708 1214 Patrem
1760 1173 1944 1212 meum
1997 1156 2200 1228 utique
2256 1171 2348 1212 co-

691 1252 1047 1320 gnosceretis
1104 1250 1172 1303 ⁷⁸.
1209 1248 1306 1303 Vel
1360 1263 1432 1303 eo
1489 1250 1654 1320 quod
1713 1261 1834 1301 non
1897 1245 2140 1300 servetis
2213 1246 2344 1316 ejus

694 1353 1000 1393 sermones
1030 1357 1046 1408 ;
1080 1352 1223 1393 nam
1278 1337 1326 1391 si
1355 1336 1784 1408 cognosceretis
1814 1351 1973 1398 eum,
2006 1349 2344 1390 sermonem

694 1428 823 1499 ejus
853 1427 1182 1482 servaretis.

767 1516 926 1571 Vers.
960 1516 1048 1571 55.
1101 1516 1226 1585 Ego
1278 1519 1464 1571 autem
1522 1515 1666 1569 novi
1722 1528 1872 1568 etim.
1936 1516 2062 1568 Non
2121 1511 2342 1574 solum,

695 1621 832 1660 cum
863 1620 934 1659 ex
967 1604 1097 1676 ipso
1124 1605 1260 1668 sim,
1307 1612 1362 1658 et
1389 1602 1656 1673 ejusdem
1700 1602 2068 1662 substantias,
2116 1608 2345 1656 natura

696 1699 752 1750 et
781 1694 1061 1758 scientias,
1096 1695 1196 1748 sed
1244 1692 1422 1749 etiam
1475 1698 1763 1764 tanquam
1819 1705 2158 1745 sermonem
2217 1690 2346 1780 ejus
2377 1725 2420 1780 Β

696 1798 960 1839 servans.
989 1785 1132 1838 Nam
1163 1786 1220 1837 et
1251 1781 1525 1852 superius
1571 1781 1718 1834 dixit
1772 1796 1784 1834 :
1841 1781 1945 1835 Est
2001 1795 2194 1841 verax.
2244 1778 2347 1849 qui

696 1873 851 1928 misit
888 1887 994 1935 me,
1023 1887 1194 1942 quem
1224 1886 1318 1926 vos
1349 1885 1466 1925 non
1494 1869 1709 1924 nostis:
1747 1884 1851 1938 ego
1879 1883 2014 1923 vero
2036 1868 2175 1922 novi
2194 1883 2344 1934 eum,

697 1962 838 2033 quia
866 1961 940 2016 ab
966 1976 1030 2017 eo
1059 1976 1188 2015 sum
1209 1961 1280 2012 τ’.

767 2051 909 2104 Vers
964 2055 1050 2104 55.
1110 2051 1172 2104 Et
1232 2077 1301 2090 —
1348 2047 1623 2103 mendax.
1660 2047 1776 2102 Vos
1808 2047 1967 2102 enim
2016 2045 2348 2101 mentimini

697 2140 964 2195 dicentes
1004 2139 1189 2193 Deum
1243 2142 1506 2192 vestrum
1557 2153 1709 2202 esse,
1763 2152 1899 2191 cum
1957 2152 2076 2191 non
2128 2151 2351 2204 cogno-

699 2229 878 2283 scatis
916 2245 1074 2286 eum.
1120 2234 1182 2282 ut
1239 2226 1590 2298 praedictum
1649 2233 1752 2279 est.
1813 2225 2083 2280 Notitiam
2145 2230 2346 2279 autem

698 2324 754 2373 et
783 2318 1183 2386 cognitionem
1216 2316 1375 2378 dicit,
1419 2331 1593 2369 nosse
1621 2315 1987 2386 simpliciter,
2031 2320 2086 2369 et
2131 2329 2348 2385 cogno-

699 2421 860 2461 scere
911 2405 1074 2478 quod
1133 2407 1203 2460 sit
1265 2406 1418 2459 Deus
1471 2411 1526 2458 et
1582 2403 1765 2465 Pater,
1824 2419 1940 2457 non
2029 2404 2176 2458 scire
2248 2406 2346 2458 Dei

696 2501 992 2551 naturam.
1027 2497 1169 2550 Nam
1198 2496 1330 2564 ipsa
1367 2509 1486 2547 non
1529 2493 1726 2546 solum
1789 2494 2070 2558 cognosci
2125 2494 2343 2563 nequit,

699 2600 901 2640 verum
931 2584 1105 2638 etiam
1137 2583 1383 2637 omnino
1442 2581 1886 2648 inintelligibilis
1935 2588 2022 2635 est
2073 2589 2126 2635 et
2182 2583 2347 2636 inac-

697 2672 1006 2738 cessibilis,
1037 2688 1144 2726 nec
1185 2677 1400 2725 tantum
1434 2669 1799 2735 hominibus,
1862 2671 1965 2723 sed
2017 2676 2072 2725 et
2101 2670 2350 2726 caelesti-

699 2762 809 2815 bus
847 2761 1179 2815 virtutibus.

771 2848 934 2904 Vers.
970 2850 1056 2904 56.
1117 2848 1227 2904 Sed
1281 2879 1345 2888 —
1401 2863 1590 2904 servo.
1648 2847 1844 2911 Vides,
1878 2846 2038 2919 quod
2098 2848 2198 2903 Dei
2229 2863 2347 2903 ser-

697 2953 940 2994 monem
1000 2953 1256 3001 servare,
1309 2936 1547 3006 signum
1604 2937 1672 2991 sit
1726 2936 1890 3008 quod
1953 2937 2090 3008 quis
2159 2939 2343 2993 Deum

697 3034 1038 3096 cognoscat.
1072 3027 1416 3082 Timeamus
1446 3026 1643 3092 igitur,
1693 3025 1856 3098 quod
1889 3027 1984 3081 Dei
2051 3035 2347 3096 praecepta

696 3131 817 3172 non
850 3132 1174 3181 servamus,
1231 3122 1516 3186 tanquam
1547 3132 1686 3170 cum
1715 3163 1718 3166 .
1743 3115 1828 3169 eis
1883 3117 2208 3186 constituti,
2240 3115 2346 3188 qui

699 3205 884 3260 Deum
919 3206 1212 3275 ignorant.
1247 3205 1467 3260 Deinde
1512 3204 1740 3276 probat,
1790 3204 1955 3276 quod
2002 3206 2195 3275 major
2249 3205 2342 3271 sit,

696 3310 881 3368 quam
910 3295 1234 3350 Abraham.

770 3384 929 3440 Vers.
1010 3389 1094 3439 56.
1138 3384 1443 3440 Abraham
1501 3414 1568 3424 —
1620 3399 1832 3440 meum.
1891 3412 1962 3428 —
2012 3385 2346 3441 Exsullavit

697 3473 824 3528 sive
875 3472 1234 3544 concupivit.
1268 3472 1429 3528 Diem
1470 3476 1662 3527 autem
1729 3488 1909 3527 suum
1987 3472 2132 3529 dicit
2183 3472 2346 3529 diem

695 3576 1013 3634 passionis.

767 3651 928 3706 Vers.
990 3655 1075 3705 56.
1131 3651 1203 3704 Et
1261 3650 1432 3715 vidit,
1492 3656 1547 3706 et
1614 3651 1853 3719 gavisus
1922 3656 2027 3707 est.
2086 3650 2345 3707 Gavisus

695 3743 783 3793 est
807 3745 1042 3810 propter
1095 3737 1340 3793 salutem
1397 3738 1626 3792 mundi.
1699 3739 2111 3806 Priecognovit
2179 3756 2345 3795 nam-

694 3842 813 3898 que
853 3827 1205 3898 mysterium
1247 3827 1647 3882 crucitixionis
1692 3829 1925 3883 Christi.
1983 3829 2347 3885 Desideravit

695 3916 896 3970 videre
935 3915 1093 3969 diem
1158 3916 1344 3986 ipsius
1383 3924 1435 3970 et
1480 3917 1620 3970 vidit
1669 3917 1834 3971 illum
1889 3917 2341 3988 prteﬁguratum

695 4003 1220 4066 etadumbratum,
1274 4005 1329 4059 in
1381 4004 1475 4058 die
1529 4020 1651 4075 quo
1700 4004 1886 4060 tilium
1938 4023 2114 4061 suum
2177 4007 2344 4064 Isaac

693 4093 906 4149 obtulit
945 4094 1002 4148 in
1027 4093 1466 4148 holocaustum.
1516 4094 1716 4148 Didicit
1758 4097 1937 4158 enim,
1985 4097 2142 4166 quod
2196 4099 2345 4153 sicut

694 4183 824 4254 ipse
875 4198 991 4236 non
1065 4184 1327 4254 pepercit
1373 4199 1484 4237 suo
1544 4185 1758 4238 dilecto
1831 4193 2073 4255 propter
2130 4187 2341 4252 Deum,

2459 539 2692 602 Φανερῶς
2748 536 2845 607 γὰρ
2873 540 2961 585 νῦν
2994 532 3087 586 ούκ
3119 529 3225 586 εἶπε
3255 541 3405 587 τοῦτο
3431 531 3522 587 διά
3549 539 3630 594 τὴν
3664 534 3936 610 ἀναίσχυντα)

2460 623 2649 675 αὐτῶν.

2528 712 2621 763 ’ον
2681 742 2750 754 -
2805 711 2981 764 αὐτόν.
3044 743 3112 753 -
3153 711 3264 764 Ούκ
3320 711 3564 784 ἐγνώκατε
3617 714 3768 780 αὐτὸν,
3802 721 3936 782 «Larti;

2457 805 2624 876 ἔργοις
2671 800 2970 873 ἀρνούμενοι
3017 801 3189 853 αὑτὸν.
3247 807 3381 860 Φησὶ
3436 806 3538 874 γὰρ
3586 808 3667 853 καὶ
3715 806 3936 859 illam.

2455 890 2537 948 λος
2619 892 2698 941 ὅτι
2745 895 2874 942 Θεὸν
2931 890 3272 962 ὁμολογοῦσιν
3330 887 3543 959 εἰδέναι,
3592 899 3690 954 τοίς
3743 890 3790 946 δε
3839 900 3940 966 ἔργοις

2460 975 2754 1047 ἀρνοῦνται.
2819 979 2885 1032 Ἦ
2944 986 3029 1032 καὶ
3089 984 3153 1040 ὡς
3205 985 3276 1053 μή
3332 979 3598 1051 ἐγνωκότες
3644 986 3720 1032 τὸν
3769 985 3855 1036 rita
3888 991 3937 1036 αι-

2457 1075 2569 1120 τοῦ.
2625 1073 2908 1140 Προείρηκε
2971 1072 3072 1144 γὰρ
3136 1073 3216 1122 ὃτι
3274 1070 3333 1122 Εἰ
3407 1068 3494 1142 ἐμὲ
3571 1066 3745 1142 ᾔδειτε,
3792 1079 3857 1125 καὶ
3894 1095 3936 1125 τιν

2459 1161 2666 1226 Πατέρα
2726 1176 2826 1226 μου
2885 1154 3060 1229 ᾔδειτε
3115 1159 3195 1210 οἶν.
3260 1157 3322 1211 Ἦ
3386 1161 3450 1219 ὡς
3507 1165 3577 1230 μὴ
3639 1168 3859 1229 τηροῦντες
3894 1184 3937 1214 τεν

2457 1243 2608 1314 λόγον
2632 1246 2812 1298 αύτοῡο
2845 1246 2889 1298 εί
2910 1250 3012 1318 γὰρ
3047 1244 3222 1318 ᾔδειτε
3252 1248 3426 1312 αύτὸν,
3451 1246 3669 1321 ἕτηρεῖτε
3695 1248 3745 1299 ἄν
3767 1253 3831 1301 τὸν
3853 1251 3935 1322 ὶογτι

2459 1353 2640 1388 αυτοῦ.

2533 1511 2665 1582 ἐγὼ
2697 1508 2755 1564 δε
2787 1508 2874 1564 οἶδ
2879 1531 2911 1564 α
2951 1514 3124 1568 αὐτόν.
3172 1517 3248 1566 Ού
3278 1519 3430 1586 μόνον
3476 1516 3541 1576 ὡς
3571 1515 3619 1577 ἐξ
3648 1515 3782 1567 αὐτοῦ
3804 1523 3864 1567 καὶ
3889 1527 3936 1574 τξς

2457 1602 2616 1660 αὐτῆς
2647 1601 2832 1662 οὐσίας
2861 1607 2949 1652 καί
2977 1606 3176 1674 φύσεως
3205 1609 3293 1656 καὶ
3319 1611 3563 1675 γνώσεως
3590 1609 3672 1668 ὧν,
3701 1604 3805 1655 ἀλλὰ
3833 1611 3936 1664 uis;

2457 1694 2542 1741 τὸν
2565 1689 2712 1760 λόγον
2739 1689 2898 1742 αὑτοῦ
2925 1701 3115 1762 τηρῶν.
3153 1698 3252 1745 Καὶ
3283 1693 3456 1746 ὀπίσω
3487 1691 3546 1746 δέ
3576 1691 3718 1758 εἶπεν,
3753 1697 3812 1746 ὅτι
3834 1697 3935 1745 ’[ςτελ

2457 1779 2656 1839 ἀληθὴς
2830 1781 2855 1831 ὁ
2879 1779 3087 1851 πέμψας
3123 1800 3206 1852 με,
3237 1782 3292 1833 ὃν
3337 1784 3486 1854 ὑμεῖς
3517 1783 3609 1835 ούκ
3632 1780 3800 1852 οἴδατε,
3829 1783 3889 1854 ἐπὸ
3908 1780 3935 1833 ἐξ

2458 1864 2582 1920 οἶδα
2613 1868 2789 1938 αὑτὸν,
2825 1871 2901 1922 ὅτι
2934 1871 3057 1945 παρ’
3090 1871 3250 1924 αὑτοῦ
3281 1871 3414 1944 εἰμι.

2535 2050 2635 2099 Καὶ
2689 2078 2758 2088 -
2813 2047 3064 2118 ψεύστης.
3122 2046 3384 2103 Ψεύδεσθε
3446 2053 3550 2123 γὰρ
3622 2051 3751 2123 ὑμεῖς
3804 2051 3932 2120 λέγοντες

2460 2136 2540 2187 ὃτι
2565 2136 2682 2205 (67)
2737 2140 2861 2196 Θεὸς
2911 2139 3052 2209 ὑμῶν
3107 2137 3266 2200 ἔστιν,
3309 2140 3368 2190 ού
3422 2142 3527 2211 γὰρ
3591 2139 3807 2211 ἐγνώκατε
3839 2141 3928 2192 αἰτεῖ.

2461 2230 2530 2287 ὡς
2585 2233 2910 2301 προείρηται.
2971 2225 3192 2287 Εἰδησιν
3266 2226 3326 2282 δι
3389 2236 3482 2283 καὶ
3554 2235 3734 2302 γνῶσίν
3788 2249 3928 2300 prrit:

2460 2313 2652 2369 εἰδέναι
2677 2323 2764 2369 καὶ
2796 2325 3070 2388 γινώσκειν
3101 2318 3268 2378 ἁπλῶς
3299 2321 3377 2370 ὃτι
3408 2318 3527 2372 ἐστὶ
3570 2324 3688 2382 Θεὸς
3718 2325 3790 2370 καὶ
3824 2326 3926 2384 Hm},

2459 2405 2517 2458 ού
2558 2410 2660 2477 μὴν
2701 2409 2794 2462 τὴν
2827 2407 2938 2475 (68)
2969 2415 3064 2466 τῆς
3094 2409 3294 2478 φύσεως
3341 2415 3436 2460 τοῦ
3487 2416 3640 2462 Θεοῦ.
3685 2409 3800 2465 Δῦτς
3827 2412 3921 2479 :.

2459 2500 2611 2566 μόνον
2660 2497 2941 2566 ἄγνωστος,
2998 2494 3124 2547 ἀλλά
3174 2501 3263 2547 καὶ
3315 2497 3581 2560 παντελῶς
3631 2496 3914 2554 inmotam.

2462 2581 2882 2656 ἀνεπιχείρητος,
2914 2589 3003 2636 καὶ
3034 2584 3093 2636 ού
3123 2589 3275 2657 μόνον
3307 2584 3621 2660 ἀνθρώποις,
3663 2586 3777 2639 ἀλλά
3798 2595 3846 2637 χε
3864 2590 3910 2638 7:5;

2460 2673 2721 2745 οὐρανίαις
2763 2670 3067 2746 δυνάμεσιν,

2533 2850 2672 2905 Ἀλλ’
2695 2881 2764 2891 -
2793 2860 2954 2925 τηρῶ.
2979 2857 3130 2923 Ὁρᾷς
3147 2853 3226 2904 ὅτι
3247 2855 3305 2904 τὸ
3333 2854 3420 2905 τὸν
3441 2853 3595 2925 λόγον
3621 2862 3706 2906 τοῦ
3731 2857 3933 2920 Θεοῡττρὲι

2463 2945 2676 3011 σημεῖον
2704 2939 2820 2991 ίοτι
2844 2949 2933 2992 τοῦ
2961 2937 3152 2992 εἰδέναι
3179 2940 3354 2993 αύτὸν.
3374 2942 3693 3016 Φαϐηθώμεν
3717 2949 3844 2994 τοίνυν
3860 2943 3937 2992 siti-1

2461 3028 2660 3088 ἐντολὰς
2689 3034 2779 3080 τοῦ
2816 3033 2944 3081 Θεοῦ
2975 3032 3045 3100 μὴ
3095 3029 3451 3100 φυλάττοντες,
3490 3033 3562 3092 ὡς
3593 3038 3846 3102 ταττόμενοι
3876 3045 3939 3096 μπι

2460 3126 2558 3169 τῶν
2591 3117 2910 3189 ἀγνοούντων
2955 3121 3041 3170 τὸν
3082 3124 3228 3173 Θεόν.
3273 3116 3399 3172 Εἶτα
3435 3121 3796 3181 κατασκευάζει
3824 3124 3881 3168 ui
3906 3119 3940 3165 in

2459 3207 2650 3279 μείζων
2682 3206 2795 3259 ἐστὶ
2825 3215 2916 3258 τοῦ
2950 3206 3207 3280 Ἀϐραάμ.

2533 3294 2769 3370 ’Λεραὰμ
2828 3326 2896 3335 -
2952 3295 3094 3367 ἕμήν.
3159 3327 3226 3336 -
3289 3297 3688 3368 ἰιγαλλιοίσατο,
3734 3302 3855 3368 ἤγουν

2460 3386 2712 3457 θύμησεν.
2788 3384 3033 3459 [Ἠμίραν
3104 3386 3217 3456 (69)
3273 3383 3329 3439 δε
3401 3387 3567 3441 αύτοῦ
3624 3387 3746 3460 λέγει
3800 3391 3866 3442 τὴν
3901 3390 3943 3432 τνέ

2460 3483 2711 3547 σταυροῦ.

2531 3657 2630 3706 Καὶ
2687 3649 2815 3715 εἶδε,
2864 3657 2951 3705 καὶ
3005 3652 3198 3728 ἕχάρη.
3259 3654 3461 3728 Ἐχάρη
3515 3651 3607 3708 διὰ
3652 3660 3736 3714 τὴν
3778 3657 3944 3720 cuneis)

2455 3750 2546 3795 τοῦ
2595 3747 2817 3814 κόσμου.
2869 3747 3126 3814 Προγνοὺς
3166 3745 3267 3816 γὰρ
3320 3745 3378 3796 τὸ
3434 3751 3719 3819 μυστήριον
3765 3751 3947 3802 fit”???

2455 3838 2662 3904 ρώσεως
2706 3839 2797 3882 τοῦ
2861 3839 3095 3903 Χριστοῦ
3147 3829 3493 3906 ἐπεθύμησεν]
3553 3831 3676 3886 ἰδεῖν
3723 3837 3800 3889 τὴν
3830 3833 3946 3899 ἡμέρα]

2456 3922 2636 3987 αὐτοῦ,
2699 3926 2789 3972 καὶ
2838 3917 2970 3972 εἶδεν
3021 3921 3176 3978 αύτην
3235 3920 3256 3993 [
3308 3923 3852 3997 προσκεαγραφηθεῖσαν
3886 3919 3946 3980 (Titi

2453 4008 2567 4080 καὶ]
2597 4005 3019 4061 διατυπωθείσαν
3049 4008 3097 4060 ἐν
3140 4017 3202 4080 τῇ
3250 4012 3418 4082 ἡμέρα
3447 4013 3568 4063 καθ’
3599 4016 3656 4070 ἦν
3685 4010 3878 4077 ἀνήνεγκε
3907 4022 3948 4052 τε)

2456 4103 2566 4151 υἱὸν
2606 4097 2766 4150 αὑτοῦ
2814 4115 2900 4150 τον
2930 4099 3114 4150 Ἰσαὰκ
3167 4099 3240 4159 εἰς
3291 4099 3669 4171 ὀλοκοίρπωσιν.
3713 4099 3865 4168 Ἐμαὸε
3895 4097 3946 4162 7i:

2457 4191 2558 4253 ὃτι,
2608 4189 2780 4256 ὥσπερ
2830 4186 2981 4247 αύτὸς
3030 4187 3123 4239 ούκ
3163 4191 3399 4259 ἐφείσατο
3457 4198 3551 4242 τοῦ
3599 4191 3708 4241 υἱοῦ
3756 4188 3875 4238 ώτοὺ
3903 4200 3946 4230 τε)

694 4272 774 4326 ita
812 4287 1007 4342 neque
1047 4272 1197 4326 Deus
1240 4274 1570 4343 parciturus
1624 4279 1779 4328 esset
1843 4274 1984 4329 Filio
2039 4291 2148 4330 suo
2199 4276 2308 4330 dile

2331 4306 2346 4316 -
2383 4261 2424 4315 ί)
2460 4276 2733 4347 ἀγαπητοῦ
2770 4271 2804 4327 δ
2812 4278 2863 4326 ιά
2901 4279 2987 4327 τὸν
3027 4278 3175 4342 Θεὸν,
3227 4277 3386 4337 οὕτως
3429 4275 3555 4331 ούδε
3607 4279 3632 4329 ὁ
3667 4278 3771 4336 Θεὸς
3803 4278 3945 4345 suam:

695 4368 789 4417 cto
821 4369 1059 4432 propter
1085 4362 1411 4416 hominem.
1449 4365 1512 4416 Et
1537 4362 2056 4433 quemadmodum
2089 4364 2186 4418 ille
2213 4381 2344 4434 por-

695 4452 836 4507 tavit
876 4450 1033 4521 ligna
1067 4450 1393 4506 holocausti
1461 4451 1569 4518 sui,
1638 4452 1714 4506 ita
1767 4458 1821 4505 et
1851 4453 1974 4522 ipse
2007 4460 2346 4523 portaturus

695 4545 847 4594 esset
883 4540 1115 4608 lignum
1157 4540 1360 4594 mortis
1399 4555 1541 4593 suae.
1588 4541 2025 4606 Verumtamen,
2061 4543 2209 4597 sicut
2249 4543 2346 4597 illo

695 4643 812 4683 non
854 4644 1036 4700 passo
1069 4629 1409 4700 suppositus
1441 4635 1525 4682 est
1565 4628 1718 4683 aries
1757 4644 1767 4683 :
1804 4628 1883 4684 ita
1941 4636 1998 4685 et
2050 4630 2163 4686 hoc
2216 4648 2347 4687 ma-

694 4723 871 4773 nente
902 4717 1277 4790 impassibili,
1309 4716 1656 4772 humanitas
1681 4719 1810 4788 ejus
1834 4719 2031 4773 occisa
2051 4720 2346 4785 est.Qu0d

699 4805 748 4860 si
773 4805 929 4860 diem
963 4807 1089 4876 ejus
1120 4806 1320 4861 videre
1351 4805 1725 4870 desideravit,
1769 4805 1974 4878 utique
2022 4807 2135 4863 hoc
2197 4814 2341 4879 erat,

697 4896 986 4964 tanquam
1028 4895 1298 4965 majoris.

768 5106 1113 5176 "ruma.
1215 5109 1722 5178 "Joan.viu,-t9.
1801 5112 2038 5168 "Joan.
2068 5129 2160 5178 vn,
2189 5116 2276 5169 26.

2458 4375 2548 4418 τοῦ
2581 4367 2702 4417 Υίοῦ
2733 4364 2892 4416 αὐτοῦ
2932 4371 3022 4416 τοῦ
3052 4363 3326 4434 ἀγαπητοῦ
3368 4361 3402 4417 δ
3408 4368 3462 4417 ιά
3489 4370 3574 4418 τὸν
3618 4367 3860 4438 ἄνθρωπον.
3895 4365 3942 4408 κί’

2459 4459 2631 4525 ὥσπερ
2708 4453 2856 4514 οὗτος
2905 4452 3162 4505 ἐϐάστασε
3212 4456 3276 4505 τὰ
3322 4453 3447 4516 ξύλα
3503 4464 3601 4517 τῆς
3654 4455 3943 4525 ὁλοκαρπώσεείς

2461 4545 2639 4608 αὑτοῦ,
2682 4544 2816 4594 οὕτω
2843 4540 3075 4602 κάκεῖνος
3124 4540 3382 4614 βαστάσει
3411 4546 3466 4595 τὸ
3495 4543 3642 4606 ξύλον
3683 4551 3763 4596 τοῦ
3809 4541 3938 4592 ﬂans??-

2457 4634 2634 4685 αὑτοῦ.
2691 4630 2827 4688 Πλὴν
2879 4632 3112 4702 καθάπερ
3174 4634 3358 4684 τούτου
3423 4637 3683 4703 μείναντος
3734 4629 3937 4682 manu

2455 4723 2600 4793 κριὸς
2652 4719 2829 4782 ἐτύθη,
2898 4719 3032 4771 οὕτω
3083 4717 3318 4773 κάκείνου
3390 4724 3626 4792 μένοντος
3690 4719 3874 4772 ἀπαθοῦς
3912 4728 3935 4758 τ’

2455 4809 2772 4883 ἀνθρώπινον
2839 4808 2998 4861 αὐτοῦ
3067 4810 3554 4880 σφαγιασθησεται.
3633 4809 3689 4862 Εἰ
3753 4803 3802 4860 δε
3844 4803 3932 4855 ἐπάν

2454 4917 2619 4970 μησεν
2669 4893 2798 4950 ἰδεῖν
2849 4902 2942 4955 τὴν
3001 4898 3196 4969 ἡμέραν
3258 4897 3438 4969 αὐτοῦ,
3501 4901 3572 4962 ὡς
3620 4898 3827 4972 μείζονος
3873 4909 3926 4940 se

2455 5007 2574 5048 τως.

1919 5289 2133 5358 Varia:
2172 5289 2501 5358 lectiones
2545 5300 2609 5358 et
2651 5298 2850 5357 notae.

766 5446 878 5522 (‘66)
916 5447 976 5503 ln
1020 5451 1319 5522 contextu,
1348 5447 1462 5522 illo?
1492 5446 1551 5503 in
1588 5448 1716 5522 loco
1759 5449 1942 5522 codd.
1995 5451 2344 5522 Eutliymius

695 5517 950 5592 habenti
973 5519 1284 5592 vulgatum
1340 5518 1600 5592 ἀληθινός.
1663 5519 1774 5592 Sed
1826 5517 2345 5592 Chrysostfrefert

698 5589 1076 5663 magnoin.
1112 5589 1250 5654 Vill,
1273 5605 1339 5663 pp.
1373 5591 1496 5660 294,
1521 5592 1646 5657 295,
1678 5589 2010 5663 aliquoties.

764 5662 879 5732 (67)
904 5659 962 5712 '0
991 5659 1310 5732 interponit
1339 5667 1404 5718 Α.

765 5731 878 5804 (68)
946 5739 1050 5791 Τήν
1132 5731 1300 5788 abest
1374 5739 1439 5789 Α.
1530 5731 1797 5788 Refertur
1863 5733 1932 5789 ad
2000 5731 2206 5795 εἴδησιν
2254 5741 2342 5790 καὶ

2454 5460 2666 5523 γνῶσιν.

2527 5525 2639 5590 (69)
2679 5521 2908 5576 Inclusa
2933 5520 3153 5576 absunt
3179 5522 3245 5575 Α.

2527 5576 2638 5664 (703
2680 5594 2917 5649 Inclusa
2948 5592 3171 5649 absunt
3209 5596 3274 5648 Α.
3309 5593 3528 5651 Ibidem
3561 5594 3766 5666 legitur,
3798 5576 3919 5659 προίσ-

2457 5667 2804 5719 θυπωθείσαν.
