4088 6436
178 337 316 395 1305
1257 337 1602 395 COMMENT
1642 338 1711 395 IN
1748 337 2099 395 JOANNEM.
2141 369 2209 380 --
2246 339 2403 394 CAP.
2448 336 2544 394 IX.
3397 338 3537 395 1306

249 469 346 519 Kal
376 496 445 505 —
473 463 701 537 ἑώρακας
727 480 741 531 ;
767 463 955 538 ’ᾨοντο
981 464 1083 537 γὰρ
1115 463 1267 516 αὐτὸν
1297 463 1452 536 ἔγγὺς
1480 461 1608 518 εἶναι
1647 484 1764 517 πεν-
1796 463 1841 518 Α

1949 464 2113 520 Vers.
2147 465 2235 519 57.
2264 463 2436 518 Et—
2485 463 2686 520 vidisti
2737 461 2766 517 ν
2819 461 3116 519 Putabant
3178 461 3337 518 enim
3394 479 3532 519 eum

177 560 398 613 τήκοντα
448 553 568 606 ἑτῶν
619 551 714 606 διὰ
763 558 856 610 τὴν
912 553 1249 625 πολυπειρίαν
1305 553 1484 608 αὐτοῦ,
1531 556 1660 607 Τινὰ
1708 549 1767 606 δὲ

1917 569 2061 609 arma
2117 567 2249 608 esse
2299 552 2906 625 quinquagenm-ium,
2986 555 3228 623 propter
3280 551 3531 608 multam

178 654 272 696 τῶν
324 645 435 714 (71)
489 642 814 718 ἀντιγράφων
854 645 1247 716 τεσσαράκοντα
1287 645 1600 718 γράφουσιν,
1642 645 1766 715 ὅπερ

1917 643 2010 715 jus
2053 643 2326 714 peritiam
2376 647 2432 698 et
2477 642 2922 714 experientiam.
2993 640 3275 706 Quasdam
3332 647 3531 696 autem

180 729 320 786 δοκεῖ
345 732 724 806 ἀκριϐέστερον.

1921 731 2244 802 xemplaria
2312 730 2552 796 habent,
2603 729 3032 802 quadraginta,
3076 729 3254 802 .quod
3302 729 3535 786 videtur

1877 835 2004 876 esse
2035 837 2246 876 verius.

248 908 393 963 Εἶπεν
445 941 513 951 —
569 910 693 973 εἰμι.
743 910 832 972 Ὠς
897 914 1046 973 Θεὸς.
1103 915 1202 964 Καὶ
1259 909 1354 962 οὐκ
1411 906 1570 977 εἶπεν,
1633 908 1767 980 Ἐγὼ

1947 909 2108 964 Vers.
2189 912 2273 965 58.
2328 909 2501 966 Dixit
2565 939 2634 948 —
2699 910 3193 980 sum.Tanquam
3238 908 3412 963 Deus.
3470 909 3534 964 Et

177 1003 332 1071 ἥμην,
409 998 514 1051 ἀλλ’
576 1001 706 1071 Ἐγώ
757 999 865 1072 εἰμι
907 1002 933 1052 ὁ
994 999 1072 1052 ἀεὶ
1134 1004 1220 1051 ὧν.
1253 1003 1323 1051 Τό
1349 1002 1438 1065 μεν
1486 995 1574 1050 οὖν
1632 1001 1768 1069 γενέ-

1923 1014 1991 1054 οη
2044 997 2212 1062 dixit,
2275 1001 2395 1067 Ego
2436 1013 2601 1054 eram
2644 997 2821 1068 ;sed,
2872 997 2998 1068 Ego
3021 1013 3170 1064 sum,
3227 998 3326 1068 qui
3381 1013 3537 1053 sem-

179 1090 299 1141 σθαι
358 1092 708 1141 κτιστοῦ’τό
803 1085 861 1141 δε
927 1089 1047 1161 Εἰμὶ
1127 1087 1376 1140 ἁκτίστου
1426 1089 1444 1159 [
1499 1092 1589 1140 καὶ
1649 1089 1766 1158 (72)

1918 1103 1980 1144 er
2011 1104 2168 1142 sum.
2199 1089 2339 1144 Fieri
2369 1087 2660 1159 siquidem
2691 1087 2774 1143 rei
2805 1092 3015 1142 creatas
3045 1090 3164 1154 est;
3194 1088 3339 1144 Sum
3371 1102 3531 1151 vero,

175 1183 387 1230 κτίστου

1872 1175 2150 1233 ἱῑιοτθᾶῐεθ
2211 1181 2267 1232 et
2294 1182 2524 1233 creatas.

245 1267 408 1342 Ἥραν
445 1295 499 1308 --
549 1266 726 1319 αὐτόν.
784 1269 849 1320 Οἱ
883 1274 1067 1339 ταχεῖς
1106 1269 1234 1340 πρὸς
1263 1271 1410 1338 φόνον
1441 1287 1452 1300 ·
1483 1266 1764 1340 Ἠγρίαναν

1945 1268 2107 1322 Vers.
2143 1267 2228 1322 59.
2271 1268 2561 1323 Tulerunt
2598 1298 2660 1308 —-
2693 1282 2842 1323 eum.
2867 1266 3113 1322 Veloces
3178 1265 3255 1322 ad
3285 1265 3529 1322 caedem.

175 1358 273 1429 γὰρ
321 1353 565 1419 δόξαντες
615 1355 932 1428 ὑϐρισθῆναι
974 1360 1060 1408 τόν
1119 1355 1356 1431 Ἀϐραὰμ.
1399 1373 1410 1384 ’
1445 1356 1556 1427 ἅμα
1584 1352 1643 1408 δὲ
1675 1360 1765 1407 καὶ

1921 1357 2214 1427 xasperati
2247 1361 2385 1412 sunt
2437 1356 2596 1411 enim
2646 1361 2924 1425 putantes
2971 1355 3189 1426 injuria
3252 1355 3530 1412 affectum

174 1451 374 1517 γνόντες
403 1447 482 1498 ὃτι
513 1441 792 1504 ἀιδιότητα
830 1453 962 1499 Θεοῦ
987 1447 1316 1518 περιτίθησιν
1343 1445 1524 1516 ἐαυτῷ.

1919 1462 2006 1500 sse
2064 1445 2368 1502 Abraham
2421 1463 2434 1498 :
2477 1445 2652 1501 simul
2700 1446 2897 1510 etiam,
2956 1445 3058 1501 ubi
3111 1445 3533 1516 cognovissent

1874 1534 2039 1608 quod
2069 1535 2168 1589 Dei
2199 1535 2579 1590 aeternitatem
2615 1535 2726 1590 sibi
2758 1535 3103 1590 vindicaret.

245 1624 449 1685 Ἰησοῦς
505 1621 565 1678 δε
612 1623 828 1698 ἐκρύϐη.
874 1625 1124 1698 Ἀόρατος
1181 1623 1359 1686 αὐτοῖς
1419 1628 1642 1682 κατέστη
1697 1631 1758 1695 τῇ

1947 1625 2112 1680 Vers.
2143 1626 2233 1682 59.
2265 1627 2425 1680 Jews
2463 1631 2656 1680 autem
2681 1625 3010 1680 occultatus
3051 1630 3152 1680 est.
3183 1625 3292 1679 Per
3321 1624 3533 1681 divini-

175 1713 383 1787 ἐξουσίᾳ
413 1722 504 1775 τῆς
543 1716 802 1775 θεότητος.

1874 1716 2008 1772 tatis
2032 1715 2361 1788 potentiam
2392 1714 2700 1770 invisibilis
2753 1715 2838 1770 eis
2873 1714 3138 1770 effectus.

246 1808 342 1857 Καὶ
376 1806 534 1879 ἱεροῦ.
560 1809 672 1856 Ἰνα
698 1802 1002 1862 κατασταλῆ
1038 1805 1062 1856 6
1097 1805 1259 1876 θυμὸς
1287 1803 1476 1858 αὐτῶν.
1800 1824 1841 1879 Β

1947 1805 2110 1860 Vers.
2138 1805 2228 1860 59.
2272 1805 2350 1860 Et
2380 1836 2446 1844 —
2495 1803 2721 1873 templo.
2781 1807 2849 1860 Ut
2905 1803 3141 1859 illorum
3175 1804 3409 1860 sedaret
3441 1803 3529 1859 fu-

1876 1909 2070 1950 rorem
2080 1935 2092 1946 .

241 1981 454 2034 Διελθὼν
483 2013 552 2022 -—
581 1982 771 2034 αὐτῶν.
826 1987 912 2041 Μὴ
958 1982 1256 2054 ἰσχυόντων
1287 1978 1416 2034 ἰδεῖν
1457 1982 1629 2037 αὐτόν.
1666 1988 1763 2038 Καὶ

1947 1984 2112 2039 Vers.
2139 1989 2224 2040 59.
2259 1983 2659 2041 Pertransiens
2704 2013 2769 2024 —
2797 1983 3059 2038 illorum.
3094 1984 3236 2039 Cum
3271 1982 3352 2038 illi
3391 1999 3527 2038 eum

173 2069 315 2124 διατί
365 2071 460 2123 οὐκ
517 2069 749 2134 ἐξέλυσεν
780 2071 948 2124 αὐτῶν
987 2077 1080 2129 τῆν
1131 2068 1352 2142 δύναμιν
1395 2076 1484 2124 καὶ
1542 2079 1769 2143 φανερῶς

1919 2073 2072 2129 idere
2115 2089 2235 2128 non
2281 2077 2550 2146 possent.
2616 2075 2681 2127 Et
2721 2088 2907 2144 quare
2939 2087 3061 2128 non
3119 2072 3383 2128 dissolvit
3413 2071 3533 2127 illo-

173 2159 471 2234 ὰνεχώρησε
492 2177 505 2226 ;
539 2166 681 2214 Διότι
697 2163 806 2214 οὔθ’
829 2162 989 2222 οὕτως
1011 2160 1212 2232 ἔμελλον
1242 2163 1524 2214 πιστεύειν.
1548 2165 1644 2214 Καὶ
1659 2163 1760 2234 γὰρ

1918 2179 2006 2218 .im
2038 2163 2336 2227 virtutem,
2369 2168 2426 2217 et
2487 2161 2802 2218 manifeste
2876 2161 3118 2216 recessit
3162 2161 3190 2215 ‘i’
3236 2161 3381 2227 Quia
3423 2177 3532 2216 nec

173 2251 220 2303 ίν
247 2259 313 2321 τῷ
341 2258 507 2324 καιρῷ
539 2258 630 2302 τοῦ
691 2252 896 2311 [Ιάθους
941 2253 1152 2311 ὑπτίους
1185 2250 1296 2319 (73)
1349 2250 1532 2310 αὐτοὺς
1561 2249 1757 2324 ἔρριψε,

1915 2252 1957 2308 ic
2005 2252 2284 2307 credituri
2356 2255 2545 2306 erant.
2624 2249 2848 2305 Etenim
2897 2255 3167 2321 tempore
3223 2250 3529 2321 passionis

172 2346 258 2392 καὶ
285 2343 379 2392 τὰς
399 2339 540 2410 ὄψεις
571 2339 738 2392 αὐτῶν
761 2338 1020 2402 ἐσκότισε,
1063 2345 1152 2391 καὶ
1182 2340 1274 2392 οὐκ
1305 2337 1635 2393 ἐπίστευσαν.
1658 2339 1758 2391 Οὐ·

1917 2343 2120 2414 .ipinos
2153 2341 2284 2397 illos
2313 2341 2545 2412 dejecit,
2595 2355 2926 2411 eorumque
2989 2345 3261 2410 aspectus
3317 2339 3531 2395 obscu-

173 2424 256 2480 δεν
284 2430 382 2500 γὰρ
413 2435 592 2500 χεῖρον
621 2426 810 2499 ψυχῆς
842 2426 1220 2498 ἀπεγνωκυίας.
1279 2426 1383 2480 Κᾶν
1430 2431 1531 2501 γὰρ
1566 2435 1760 2499 σημεῖα

1916 2433 2039 2499 ivit,
2086 2438 2140 2488 et
2187 2447 2309 2487 non
2360 2430 2757 2486 crediderunt.
2813 2432 2960 2485 Nam
3016 2429 3219 2485 anima
3270 2428 3530 2500 reproba

171 2513 284 2590 ἴδη,
310 2515 404 2569 κᾶν
434 2522 643 2592 τέρατα,
673 2521 810 2590 μένει
839 2521 933 2576 τῆν
960 2517 1122 2576 αὐτὴν
1165 2520 1370 2590 ἔχουσα
1397 2517 1549 2570 πάλιν
1578 2516 1759 2570 ἀναισ-

1914 2521 2017 2578 ihil
2045 2527 2132 2577 est
2160 2522 2334 2594 pejus
2365 2537 2377 2575 :
2409 2519 2542 2576 licet
2571 2519 2729 2576 enim
2771 2519 2946 2588 signa
2989 2518 3188 2575 videat
3225 2535 3296 2574 ac
3329 2517 3528 2590 prodi-

169 2611 406 2680 χυντίαν.
1868 2612 1982 2682 gia,
2013 2627 2180 2666 suam
2214 2615 2410 2667 tamen
2444 2624 2683 2681 semper
2712 2608 2923 2663 retinet
2951 2607 3418 2679 impudentiam.

243 2701 340 2750 Καὶ
367 2704 598 2769 παρῆγεν
620 2697 804 2758 οὕτως.
835 2695 1106 2759 Ἐϐάδιζεν
1145 2699 1322 2764 οὕτως,
1357 2702 1429 2770 μὴ
1463 2701 1759 2771 φαινόμενος

1937 2702 2102 2757 Vers.
2139 2701 2209 2756 59
2249 2701 2327 2756 Et
2357 2701 2444 2756 ita
2469 2698 2830 2771 praeteribat.
2874 2696 3243 2754 Ambulabat
3276 2698 3375 2764 ita,
3408 2712 3529 2752 non

169 2785 360 2846 αὐτοῖς.

1868 2807 2164 2864 apparens
2199 2790 2333 2846 illis.

415 2880 560 2928 ΚΕΦ.
604 2872 656 2929 1’.
684 2879 807 2948 Περὶ
835 2883 926 2928 τοῦ
966 2875 1021 2928 ίκ
1058 2885 1262 2947 γενετῆς
1291 2875 1505 2949 τυφλοῦ.

2224 2881 2377 2937 CAP.
2408 2881 2473 2934 X.
2508 2879 2586 2934 De
2613 2894 2747 2933 creco
2777 2894 2815 2932 a
2841 2877 3168 2933 nativitate.

240 2968 337 3016 Καὶ
365 2994 435 3003 -
461 2973 686 3035 γενετῆς.
713 2963 935 3017 Βεϐαιῶν
965 2964 1000 3017 ἃ
1029 2962 1156 3029 εἷπε,
1187 2970 1277 3018 καὶ
1305 2968 1644 3038 πιστούμενος
1678 2968 1757 3018 ὅτι

1937 2973 2076 3043 Cap.
2126 2971 2224 3026 IX.
2282 2971 2423 3025 Vers
2461 2975 2506 3023 ί.
2559 2969 2634 3023 Et
2678 2997 2747 3007 —
2778 2967 3108 3022 nativitate.
3161 2963 3531 3020 Conﬁrman-

168 3057 287 3113 Θεός
335 3051 496 3118 ἔστιν,
553 3053 703 3114 εὐθὺς
733 3055 947 3126 ἔρχεται
995 3052 1078 3106 ἐπὶ
1133 3056 1308 3126 θαῦμα
1359 3059 1628 3126 μέγιστον,
1668 3059 1756 3105 καὶ

1915 3077 1964 3124 n,
2013 3059 2178 3132 quod
2243 3059 2492 3122 dixerat,
2547 3057 2851 3128 ﬁdemque
2882 3055 3126 3120 faciens,
3165 3054 3331 3127 quod
3375 3054 3529 3110 Deus

166 3148 318 3210 μήπω
401 3146 566 3214 μέχρι
614 3147 730 3194 τότε
783 3147 1070 3214 γενόμενον.
1129 3140 1322 3215 Τυφλοὶ
1370 3146 1458 3214 μὲν
1510 3147 1612 3217 γὰρ
1668 3148 1756 3194 καὶ

1916 3154 2022 3203 sset
2061 3148 2260 3202 statim
2335 3147 2497 3202 venit
2548 3146 2623 3200 ad
2672 3144 3028 3200 miraculum
3083 3144 3439 3209 maximum,
3473 3149 3530 3198 et

165 3230 308 3283 ἄλλοι
365 3229 642 3300 ἀνέϐλεψαν
686 3246 698 3259 ·
742 3229 931 3301 τυφλός
985 3227 1044 3283 δὲ
1102 3229 1149 3282 ἐν
1197 3241 1403 3302 γενετῆς
1434 3234 1544 3302 (74)
1584 3227 1754 3292 οὐδεὶς

1912 3253 2054 3308 sque
2087 3237 2161 3292 ad
2192 3236 2250 3290 id
2280 3236 2564 3307 temporis
2596 3248 2911 3304 nunquam
2944 3232 3186 3287 factum.
3220 3232 3526 3304 Siquidem

163 3322 294 3393 ἄχρι
314 3327 447 3373 τότε.
488 3322 574 3372 Διό
603 3324 693 3371 καὶ
720 3317 1008 3389 ἀναϐλέψας
1039 3319 1204 3391 ἔλεγεν
1255 3339 1268 3352 °
1304 3320 1390 3372 Ἐκ
1421 3329 1511 3372 τοῦ
1569 3320 1756 3380 αἰῶνος

1913 3341 1921 3380 ;
1966 3325 2063 3380 alii
2105 3324 2246 3380 caeci
2288 3324 2482 3378 visum
2538 3326 2906 3392 receperunt,
2949 3336 3154 3375 verum
3189 3320 3289 3392 qui
3342 3337 3376 3376 a
3424 3335 3527 3376 na-

162 3409 252 3462 οὐκ
282 3410 518 3467 ἠκούσθη
545 3409 624 3460 ὅτι
671 3407 841 3470 ῆνοιξί
865 3427 941 3468 τις
979 3407 1272 3480 ὀφθαλμοὺς
1299 3410 1492 3481 τυφλοῦ
1520 3427 1754 3480 γεγεννη-

1917 3413 2086 3469 vilate
2139 3429 2332 3468 caseus
2385 3412 2611 3478 fuisset,
2663 3409 2863 3465 nullus
2931 3423 3120 3480 usque
3151 3408 3228 3463 ad
3275 3408 3334 3463 id
3388 3413 3531 3463 tem-

163 3501 334 3570 μένου.
1863 3519 1997 3576 pus.
2033 3503 2170 3558 Ideo
2221 3501 2421 3567 etiam,
2481 3501 2583 3572 qui
2615 3499 2812 3554 visum
2872 3499 2940 3569 (j)
2972 3496 3208 3568 recepit,
3243 3496 3480 3552 dicebat
3511 3497 3527 3540 ἓ

1863 3594 1910 3648 Α
1945 3592 2159 3648 sarculo
2197 3605 2313 3644 non
2377 3595 2458 3646 est
2498 3589 2791 3651 auditum,
2846 3586 3002 3658 quod
3051 3585 3348 3655 aperuerit
3379 3586 3530 3658 quis-

1861 3682 2022 3752 piam
2057 3681 2248 3736 oculos
2271 3680 2404 3736 caeci
2455 3678 2588 3734 nati
2635 3679 2703 3730 ⁸ο.

237 3769 334 3817 Καὶ
392 3795 459 3806 —
509 3767 727 3837 γεννηθῇ
760 3765 1086 3840 ;Ἐρωτῶσιν
1153 3766 1258 3838 οὐχ
1312 3767 1381 3828 ὡς
1429 3773 1582 3819 τοῦτο
1631 3768 1756 3819 πάν-

1937 3774 2104 3825 Vers.
2179 3773 2230 3824 2.
2290 3769 2368 3825 Et
2416 3773 2742 3824 nasceretur
2789 3766 2817 3822 7
2883 3763 3350 3835 lnterrogabant,
3405 3779 3525 3820 non

159 3872 257 3914 τως
312 3855 340 3912 ῆ
403 3856 560 3906 ἐκεῖνο
626 3853 1090 3927 ὑπολαμϐάνοντες,
1146 3857 1377 3930 καθάπερ
1432 3858 1482 3908 οἱ
1547 3853 1756 3915 ἀνόητοι

1915 3861 2029 3916 uod
2082 3859 2194 3915 hoc
2225 3863 2328 3914 aut
2356 3857 2504 3913 illud
2531 3855 2780 3913 omnino
2802 3854 3268 3926 suspicarentur,
3328 3869 3529 3926 quem-

161 3940 412 3996 Ὶουδαῖοι
439 3957 454 3973 ⁸
480 3947 537 3996 τὸ
566 3946 658 4014 μεν
707 3946 808 4017 γὰρ
867 3944 1115 4017 ἁμαρτεῖν
1166 3949 1264 4018 πρό
1325 3952 1416 3998 τοῦ
1446 3947 1756 4017 γεννηθῆναι

1915 3948 2197 4004 imodum
2264 3947 2613 4018 insipientes
2685 3943 2922 4010 Judasi;
2973 3958 3116 3998 nam
3178 3942 3339 3998 hunc
3395 3958 3529 4013 pec-

159 4028 437 4101 ἀδύνατον,
470 4036 528 4084 τό
559 4029 618 4085 δὲ
643 4035 770 4107 ὑπερ
802 4042 902 4084 τῶν
929 4038 1118 4104 γονέων
1162 4033 1478 4095 κολάζεσθαι
1529 4031 1714 4088 ἄδικον
1739 4052 1751 4065 ⁸

1915 4052 2054 4100 isse,
2127 4041 2454 4108 antequam
2514 4040 2691 4090 natus
2760 4037 2932 4097 esset,
2985 4031 3358 4102 impossibile
3406 4036 3529 4087 erat

158 4119 264 4173 ἀλλ’
296 4125 439 4174 ἔστιν
473 4123 499 4174 6
526 4127 722 4184 σκοπός
770 4129 862 4175 τοῦ
890 4121 1048 4194 λόγου
1071 4131 1326 4183 τοιοῦτος.
1381 4123 1440 4175 Ὀ
1465 4127 1553 4194 μεν
1585 4126 1755 4198 παρά-

1913 4142 2044 4182 orro
2071 4141 2178 4197 pro
2223 4124 2574 4196 parentibus
2642 4122 2841 4194 puniri
2873 4121 3162 4191 injustum
3203 4135 3217 4184 ;
3261 4119 3362 4174 sed
3393 4119 3527 4175 ﬁnis

153 4209 306 4272 λυτος
338 4207 431 4262 διὰ
472 4213 565 4272 τὰς
610 4210 867 4284 ἁμαρτίας
919 4213 1079 4263 αὑτοῦ
1133 4213 1358 4280 ἠσθένει,
1417 4213 1590 4272 καθὼς
1654 4211 1758 4264 ἐκεῖ

1915 4215 2162 4269 ετωοῐιίε
2216 4213 2344 4268 talis
2401 4218 2509 4267 est.
2563 4210 2927 4280 Paralyticus
2984 4208 3229 4279 quidem
3287 4212 3529 4279 propter

154 4301 528 4372 μεμαθήκαμεν
579 4319 594 4334 ο
644 4305 762 4372 περὶ
812 4303 992 4352 τούτου
1035 4297 1093 4352 δὲ
1147 4301 1258 4367 (75l
1298 4305 1352 4352 τί
1403 4300 1566 4371 λέγεις
1607 4317 1621 4366 ;
1672 4306 1756 4360 Τίς

1912 4306 2113 4357 eccata
2153 4318 2261 4356 sua
2309 4300 2661 4367 aegrotabat.
2721 4298 2872 4352 sicut
2910 4297 2990 4352 ibi
3035 4295 3357 4350 didicimus
3395 4311 3408 4350 :
3453 4295 3526 4350 de

157 4389 406 4460 ἥμαρτεν,
463 4387 608 4447 οὗτος
646 4387 676 4445 ῆ
728 4389 776 4439 οἱ
820 4395 989 4458 γονεῖς
1055 4387 1212 4438 αὐτοῦ
1269 4389 1462 4459 ςὴμεῖς
1492 4389 1592 4461 γὰρ
1641 4388 1756 4440 οὔτε

1909 4407 1980 4445 oc
2013 4395 2233 4450 autem.
2304 4388 2446 4447 quid
2509 4387 2657 4442 dicis
2706 4386 2734 4441 Τ
2780 4387 2916 4454 Quis
2963 4385 3243 4452 peccavit,
3303 4383 3419 4448 hic,
3450 4399 3523 4440 an

153 4481 310 4526 τοῦτο
331 4477 448 4527 όῦτε
477 4473 634 4528 έκεῖνο
665 4471 936 4548 δυνάμεθα
971 4474 1154 4546 λέγειν,
1190 4475 1442 4536 παντελῶς
1473 4474 1756 4549 ἐξαπορού-

1912 4485 2132 4534 arentes
2163 4481 2289 4549 ejus
2328 4477 2357 4532 ?
2406 4493 2517 4533 nos
2549 4477 2709 4532 enim
2738 4489 2932 4546 neque
2970 4473 3102 4536 hoc.
3157 4487 3352 4544 neque
3381 4471 3526 4528 illud

151 4581 321 4637 μενοι.
1866 4566 2059 4623 dicere
2111 4583 2457 4639 possumus,
2507 4565 2757 4622 omnino
2788 4561 3118 4620 conturbati
3150 4560 3524 4634 consilioque

1865 4655 2148 4713 destituti.

226 4750 277 4786 ⁸ο
296 4749 470 4807 Joan.
501 4765 579 4819 lx,
613 4751 699 4806 32.

1361 4850 1582 4920 Variae
1612 4851 1942 4921 lectiones
1977 4863 2041 4921 et
2083 4861 2284 4922 notae.

219 4994 335 5068 (fit)
357 4992 588 5068 Scilicet
617 4991 1050 5068 Chrzsostomi,
1074 4992 1178 5068 qui
1199 4992 1482 5068 audacter
1509 4995 1590 5051 ita
1619 5010 1743 5050 cor-
1860 5066 1894 5068 ξ
1924 4997 2038 5068 (72)
2071 4995 2307 5068 Inclusa
2346 4994 2581 5068 absunt
2613 4996 2679 5050 A.
2715 4995 2969 5056 Κτίστης,
3001 4988 3312 5062 quomodo
3342 4990 3522 5068 etiam

144 5065 336 5146 rexit;
370 5065 510 5120 Vide
552 5069 694 5120 tom.
726 5065 1207 5146 Vl‘l.l,.pag.__32/s.
1251 5065 1746 5146 Cbrysostomum
1860 5065 2201 5146 Eustathius
2237 5066 2450 5146 scribit,
2483 5067 2588 5138 qui
2645 5081 2784 5122 cum
2813 5069 3028 5146 artius
3055 5065 3386 5133 comparat.
3411 5077 3521 5146 pro

144 5080 318 5145 rent.
375 5080 510 5120 Vlde
552 5080 694 5120 tom.
735 5080 1039 5192 vnngag.
1078 5080 1207 5121 δυ.
1251 5080 1746 5146 unrysostomum
1861 5080 2201 5124 Eustathius
2237 5080 2450 5130 scribit,
2483 5083 2588 5138 qui
2645 5081 2784 5122 cum
2844 5081 3028 5144 κτιτης
3055 5080 3386 5133 comparat.
3400 5080 3521 5188 Ero

141 5135 890 5216 sequiturunusexcodicl
944 5153 1010 5216 u_s
1037 5135 1492 5216 Mosquensrbus
1516 5137 1745 5216 N.Te_s_t.
1859 5139 2223 5216 substantivo
2258 5139 2507 5212 accipio,
2563 5153 2701 5202 non,
2768 5141 2828 5192 ut
2879 5140 3188 5206 interpres,
3222 5148 3330 5204 pro
3361 5148 3396 5188 a
3443 5148 3522 5190 ie-

144 5206 334 5280 g.gui
368 5211 455 5261 est
477 5223 608 5280 cum
653 5207 918 5262 scholiis.
960 5206 1263 5274 Origenes,
1317 5207 1420 5280 qui
1451 5213 1599 5280 tom.
1643 5210 1744 5274 XX,
1860 5212 2038 5266 ctivo.

140 5277 204 5332 in
229 5277 520 5333 Joannem
555 5278 683 5334 haec
713 5281 853 5334 data
889 5294 1072 5353 opera
1126 5277 1561 5349 interpretatur,
1585 5279 1748 5336 hunc
1930 5282 2042 5353 (‘73)
2062 5283 2146 5338 lta
2173 5280 2522 5353 plerumque
2539 5279 2999 5350 Cbrysostomus
3017 5281 3272 5340 oratorie
3291 5281 3518 5346 laudat,

141 5364 392 5424 versum
448 5355 639 5424 t_o_t_um
703 5351 1100 5424 praetermisit.
1148 5355 1473 5424 Πεντήκοντα
1507 5358 1748 5406 servant

1148 5355 1473 5424 Πεντήκοντα
1507 5358 1748 5406 servant
1856 5351 2031 5408 Joan.
2065 5351 2222 5408 xvnl.
2255 5357 2306 5415 6,
2331 5351 2513 5406 ἔπεσον
2545 5358 2742 5424 χαμαί.

137 5418 348 5490 Cyrill.
384 5427 421 5475 t.
447 5421 562 5494 71V,
598 5437 654 5490 p.
690 5418 791 5477 585
819 5422 877 5475 C.
915 5422 1386 5494 ;7Theopbylact.
1425 5439 1481 5494 p.
1523 5424 1628 5494 690
1663 5425 1700 5477 Ε
1732 5439 1744 5486 ;

702 5418 791 5477 ἰ85
819 5422 877 5475 C.
915 5422 1386 5494 ;7Theopbylact.
1425 5439 1481 5494 p.
1523 5424 1628 5494 690
1663 5425 1700 5477 Ε
1732 5439 1744 5486 ;
1927 5424 2316 5489 (74)Γιννητῆς.

138 5506 404 5619 geverus
442 5493 502 5546 in
533 5493 756 5548 Catena
808 5493 1088 5559 Corderii,
1130 5509 1188 5566 p.
1214 5493 1322 5550 243
1374 5512 1388 5562 ;
1425 5493 1480 5550 et
1507 5493 1745 5550 codices

184 5564 524 5619 robatiores
553 5577 779 5619 omnes.

818 5493 1088 5559 Corderii,
1130 5509 1188 5566 p.
1214 5493 1322 5550 243
1374 5512 1388 5562 ;
1425 5493 1480 5550 et
1507 5493 1745 5550 codices
1931 5495 2044 5565 (‘75)
2068 5499 2128 5547 Δὶ
2158 5495 2328 5552 abest
2369 5503 2432 5550 A.

184 5563 524 5619 robatiores
553 5577 779 5620 omnes.

215 5741 300 5812 (j)
334 5740 444 5811 Qui
474 5741 681 5798 visum.
717 5742 882 5798 Forte
913 5741 1076 5813 legit,
1108 5737 1194 5798 διὸ
1233 5747 1321 5796 καὶ
1349 5743 1374 5795 ὁ
1429 5742 1741 5821 ἀναϐλέψας.
