4088 6432
693 321 831 380 1303

2016 316 2373 377 summu
2424 315 2751 374 ZIGABENI
3856 324 3938 387 ,ωὲ

694 453 849 505 atur.
876 447 1015 504 Vult
1040 446 1196 505 enim
1225 451 1511 515 astruere,
1554 444 1721 519 quod
1778 445 1973 514 major
2013 447 2108 510 sit,
2157 461 2308 517 qua:

2322 461 2345 500 1
2378 443 2424 497 A
2460 442 2812 518 Βούλεταιγὰρ
2826 444 3223 496 κατασκευάσαι
3243 444 3325 496 ὅτι
3343 445 3528 516 μείζων
3545 446 3648 498 ἔστὶ
3662 455 3739 499 τοῦ
3764 449 3936 525 Ἀεραάξμ

694 538 994 594 Abraham
1031 553 1045 604 ;
1077 554 1218 593 nam
1251 537 1365 593 hoc
1415 536 1473 590 in
1519 535 1790 607 presenti
1833 550 1953 591 non
2005 534 2176 602 dixit,
2219 550 2348 606 pro-

692 633 824 701 pter
849 627 1113 699 ipsorum
1149 625 1610 699 impudentiam.

765 716 1053 772 Vers.5-i.
1116 717 1296 783 Quem
1362 746 1430 754 —
1491 714 1647 768 Vers.
1725 715 1815 770 55.
1878 728 2022 769 eum.
2093 744 2148 754 —
2218 713 2347 768 Non

693 806 1035 876 cognovistis
1075 820 1219 866 eum,
1260 809 1461 873 utpote
1496 801 1780 874 operibus
1834 802 2000 856 illum
2034 808 2344 868 negantes.

696 895 847 950 Dicit
897 894 1057 948 enim
1115 898 1170 948 et
1223 891 1544 963 Apostolus
1589 908 1602 946 :
1659 891 2021 958 Conﬁtentur
2083 906 2144 946 se
2195 905 2350 946 nosse

697 985 904 1046 Deum,
945 983 1117 1051 factis
1147 987 1342 1037 autem
1373 988 1589 1050 negant
1619 983 1690 1037 ⁷⁷.
1719 979 1819 1035 Vel
1855 981 2035 1035 etiam
2082 995 2153 1034 eo
2183 979 2348 1051 quod

695 1087 815 1127 non
845 1071 1186 1138 agnoscatis
1210 1069 1412 1125 Filium
1468 1071 1623 1140 ejus.
1685 1068 1909 1123 Dictum
1964 1072 2051 1122 est
2111 1066 2270 1122 enim
2332 1085 2344 1122 :

694 1162 759 1216 Si
794 1176 885 1215 me
911 1160 1346 1228 cognoscet-etis,
1379 1159 1437 1215 et
1472 1159 1709 1214 Patrem
1761 1173 1945 1212 meum
1999 1157 2202 1228 utique
2258 1171 2351 1212 co-

693 1252 1049 1321 gnosc-cretis
1105 1250 1174 1303 ⁷³.
1211 1248 1308 1303 Vel
1362 1263 1433 1304 eo
1490 1250 1656 1320 quod
1715 1261 1836 1301 non
1899 1245 2142 1301 servetis
2215 1246 2346 1316 ejus

696 1353 1001 1393 sermones
1032 1356 1048 1408 ;
1082 1352 1224 1393 nam
1280 1337 1327 1391 i
1357 1336 1786 1408 cognosceretis
1815 1351 1975 1398 eum,
2008 1350 2346 1390 sermonem

697 1428 825 1499 ejus
856 1427 1184 1482 servaretis.

769 1516 928 1571 Vers.
962 1517 1050 1571 55.
1102 1516 1228 1585 Ego
1279 1519 1466 1571 autem
1524 1516 1668 1569 novi
1723 1528 1874 1569 eum.
1938 1517 2064 1569 Non
2123 1512 2344 1576 solum,

697 1621 834 1661 cum
865 1620 936 1660 ex
969 1605 1099 1676 ipso
1126 1606 1262 1667 sim,
1308 1612 1364 1658 et
1390 1603 1658 1673 ejusdem
1701 1602 2070 1664 substantiae,
2118 1609 2347 1657 natura:

698 1700 754 1751 et
782 1694 1063 1759 scientiae,
1098 1695 1197 1748 sed
1246 1693 1423 1749 etiam
1477 1698 1765 1764 tanquam
1821 1706 2160 1746 sermonem
2219 1691 2348 1781 ejus
2379 1726 2423 1781 Β

698 1798 962 1840 servans.
991 1786 1134 1838 Nam
1166 1787 1222 1838 et
1253 1781 1527 1853 superius
1573 1781 1720 1835 dixit
1773 1797 1786 1834 :
1841 1781 1947 1836 Est
2001 1795 2196 1842 verax,
2247 1779 2349 1850 qui

698 1873 854 1928 misit
889 1887 996 1935 me,
1025 1887 1196 1942 quem
1226 1886 1320 1926 vos
1351 1885 1468 1926 non
1496 1870 1711 1925 nostis:
1749 1884 1853 1939 ego
1881 1884 2016 1924 vero
2039 1870 2177 1923 novi
2196 1884 2346 1935 eum,

699 1963 840 2034 quia
868 1962 942 2016 ab
969 1977 1032 2017 eo
1061 1977 1189 2016 sum
1211 1962 1282 2013 τ’.

769 2051 911 2105 Vers
966 2055 1052 2105 55.
1111 2052 1174 2105 Et
1235 2079 1303 2090 —
1351 2049 1625 2104 mendax.
1662 2048 1778 2103 Vos
1810 2049 1968 2103 enim
2019 2047 2350 2102 mentimini

699 2140 966 2195 dicentes
1006 2140 1192 2194 Deum
1245 2143 1508 2193 vestrum
1559 2153 1711 2203 esse,
1765 2154 1900 2192 cum
1959 2153 2078 2192 non
2130 2152 2353 2204 cogno-

702 2229 879 2284 scatis
918 2245 1076 2288 eum,
1122 2234 1184 2283 ut
1242 2227 1592 2298 praedictum
1652 2234 1754 2279 est.
1815 2226 2085 2281 Notitiam
2147 2231 2348 2280 autem

700 2324 756 2373 et
785 2318 1185 2386 cognitionem
1218 2317 1377 2378 dicit,
1421 2331 1595 2370 nosse
1623 2315 1989 2386 simpliciter.
2033 2320 2089 2369 et
2133 2330 2350 2385 cogno-

701 2422 862 2462 scere
913 2406 1076 2478 quod
1135 2407 1205 2460 sit
1267 2406 1421 2459 Deus
1473 2411 1528 2458 et
1584 2404 1767 2465 Pater.
1826 2420 1942 2457 non
2031 2405 2178 2458 scire
2251 2406 2348 2458 Dei

698 2501 994 2552 naturam.
1029 2498 1171 2550 Nam
1200 2496 1332 2564 ipsa
1369 2509 1488 2548 non
1531 2494 1728 2546 solum
1792 2494 2072 2558 cognosci
2127 2494 2345 2563 nequit,

701 2600 903 2640 verum
933 2585 1107 2638 etiam
1140 2583 1385 2638 omnino
1443 2581 1889 2649 inintelligibilis
1937 2588 2024 2636 est
2075 2589 2129 2636 et
2184 2584 2349 2637 inae-

699 2673 1008 2738 cessibilis,
1039 2688 1146 2727 nec
1187 2678 1402 2726 tantum
1437 2669 1802 2735 hominibus,
1864 2672 1968 2724 sed
2019 2676 2074 2726 et
2103 2671 2352 2727 caelesti-

701 2762 811 2816 bus
849 2761 1181 2816 virtutibus.

773 2849 937 2904 Vers.
972 2850 1058 2904 56.
1119 2848 1230 2904 Sed
1282 2880 1348 2888 ——
1404 2863 1592 2905 servo.
1650 2847 1846 2912 Vides,
1880 2847 2040 2920 quod
2101 2849 2200 2904 Dei
2231 2865 2349 2904 ser-

699 2954 942 2994 monem
1003 2954 1257 3001 servare,
1311 2937 1548 3006 signum
1606 2938 1675 2992 sit
1728 2937 1892 3009 quod
1956 2938 2092 3009 quis
2162 2940 2345 2993 Deum

699 3034 1040 3097 cognoscat.
1074 3027 1418 3083 Timeamus
1449 3027 1645 3092 igitur,
1695 3027 1858 3099 quod
1892 3028 1986 3082 Dei
2053 3035 2350 3096 praecepta

699 3132 820 3172 non
852 3132 1176 3181 servamus,
1233 3123 1518 3186 tanquam
1550 3132 1688 3171 cum
1745 3116 1830 3170 eis
1885 3117 2210 3186 constituti,
2243 3115 2348 3188 qui

701 3205 888 3261 Deum
921 3207 1215 3275 ignorant.
1249 3205 1470 3261 Deinde
1514 3205 1742 3277 probat,
1793 3205 1957 3276 quod
2004 3207 2198 3275 major
2251 3205 2344 3271 sit,

698 3310 882 3368 quam
912 3295 1236 3351 Abraham.

772 3384 932 3440 Vers.
1012 3388 1096 3439 56.
1141 3385 1445 3440 Abraham
1503 3414 1571 3424 —
1623 3399 1834 3440 meum.
1893 3413 1964 3428 —
2013 3385 2348 3441 Exsultavit

699 3473 826 3528 sive
877 3473 1236 3545 concupivit.
1272 3473 1431 3529 Diem
1473 3476 1664 3527 autem
1731 3488 1910 3527 suum
1989 3472 2134 3529 dicit
2185 3472 2348 3529 diem

696 3562 1015 3635 passionis.

770 3651 930 3706 Vers.
992 3655 1077 3705 56.
1131 3651 1206 3705 Et
1264 3650 1434 3715 vidit,
1494 3656 1548 3706 et
1616 3651 1855 3719 gavisus
1924 3656 2029 3707 est.
2088 3650 2347 3707 Gavisus

697 3744 785 3794 est
809 3746 1045 3810 propter
1097 3738 1343 3793 salutem
1400 3738 1628 3792 mundi.
1701 3739 2113 3806 Praecognovit
2180 3756 2347 3796 nam-

697 3843 814 3899 que
855 3827 1207 3899 mysterium
1249 3828 1649 3882 crucitixionis
1694 3829 1927 3883 Christi.
1985 3829 2349 3885 Desideravit

697 3916 897 3970 videre
938 3916 1095 3970 diem
1160 3917 1347 3986 ipsius
1385 3924 1437 3970 et
1482 3917 1622 3970 vidit
1672 3917 1836 3971 illum
1891 3917 2343 3988 praeﬁguratum

696 4003 1223 4067 etadumbratum,
1276 4005 1331 4059 in
1383 4004 1477 4058 die
1531 4021 1653 4075 quo
1702 4005 1888 4060 tilium
1940 4023 2115 4061 suum
2179 4007 2346 4064 Isaac

695 4093 908 4149 obtulit
947 4094 1004 4148 in
1030 4093 1468 4148 holocaustum.
1518 4094 1719 4149 Didicit
1760 4096 1939 4158 enim,
1987 4097 2144 4166 quod
2199 4099 2347 4153 sicut

697 4183 827 4254 ipse
877 4198 994 4236 non
1067 4184 1329 4254 pepercit
1375 4199 1485 4237 suo
1546 4185 1760 4238 dilecto
1833 4193 2074 4255 prapter
2133 4187 2343 4252 Deum,

2460 539 2694 602 ψανερώς
2749 536 2847 607 γὰρ
2875 541 2962 585 νῦν
2996 532 3088 586 ούκ
3121 529 3226 586 εἶπε
3257 542 3406 586 τοῦτο
3432 531 3524 587 διὰ
3552 539 3633 593 τὴν
3666 534 3940 611 ἀναισχυντίαν

2461 623 2629 674 αὐτῶν
2638 663 2650 676 .

2529 712 2623 763 ’ον
2683 742 2752 754 -
2807 711 2983 763 αὐτὸν.
3046 743 3113 753 -
3154 712 3266 765 Ούκ
3322 711 3567 784 ἐγνώκατε
3620 714 3772 780 αὐτὸν,
3806 721 3855 778 ὡς
3881 731 3940 783 τοῖς

2459 805 2626 875 ἔργοις
2673 800 2972 874 ἀρνούμενοι
3019 801 3191 854 αύτόν.
3249 807 3383 860 Φησὶ
3438 805 3539 874 γὰρ
3588 807 3670 853 καὶ
3717 807 3740 854 ὁ
3771 806 3939 859 'Am'm.

2457 890 2538 948 λος
2621 892 2700 941 ὅτι
2747 895 2876 942 Θεόν
2933 890 3274 962 ὁμολογοῦσιν
3331 888 3546 959 εἰδέναι,
3594 899 3693 954 τοῖς
3747 890 3793 946 δε
3842 900 3943 967 ἔργοις

2461 975 2755 1048 ἀρνοῦνται.
2821 979 2886 1032 Ἦ
2946 985 3031 1032 καὶ
3091 984 3154 1041 ὡς
3206 985 3277 1053 μὴ
3333 979 3600 1052 ἐγνωκότες
3646 986 3723 1033 τὸν
3771 986 3858 1036 Υἱὸν
3891 991 3941 1036 αξ-

2459 1075 2571 1120 τοῦ.
2627 1074 2909 1140 Προείρηκε
2973 1072 3074 1144 γὰρ
3139 1073 3217 1122 ὅτι
3277 1070 3334 1123 Εἰ
3409 1069 3496 1142 ἐμε
3573 1067 3748 1142 ᾔδειτε,
3795 1081 3860 1125 καὶ
3897 1095 3939 1126 τε)

2461 1161 2668 1227 Πατίρα
2728 1177 2828 1227 μου
2887 1154 3062 1229 ᾔδειτε
3118 1159 3197 1210 ἄν.
3262 1158 3324 1212 Ἠ
3388 1161 3452 1219 ὡς
3509 1165 3580 1230 μὴ
3642 1169 3862 1230 τηροῦντες
3897 1172 3940 1214 τιν

2459 1243 2610 1314 λόγον
2634 1246 2813 1298 αύτοῦο
2847 1246 2891 1299 εἰ
2912 1251 3014 1319 γὰρ
3049 1245 3223 1319 ᾔδειτε
3253 1248 3428 1313 αύτόν,
3454 1247 3672 1323 ἐτηρεῖτε
3697 1248 3749 1300 ἄν
3770 1254 3834 1302 τὸν
3857 1252 3939 1323 ὶοσρι

2461 1353 2642 1389 αυτοῦ.

2535 1511 2667 1583 Ἐγὼ
2699 1509 2758 1565 δε
2789 1509 2876 1565 οἶδ
2881 1532 2913 1564 α
2953 1514 3127 1569 αὐτόν.
3174 1518 3249 1568 Ού
3279 1520 3432 1588 μόνον
3478 1518 3544 1576 ὡς
3573 1516 3622 1579 ἐξ
3651 1516 3786 1568 αὐτοῦ
3807 1525 3868 1568 καὶ
3892 1527 3940 1574 ri;

2459 1602 2618 1662 αὐτῆς
2649 1603 2835 1663 οὐσίας
2864 1608 2952 1654 και
2979 1607 3178 1675 φύσεως
3206 1610 3295 1657 καὶ
3321 1612 3565 1676 γνώσεως
3593 1610 3676 1670 ὦν,
3703 1605 3808 1657 ἀλλὰ
3836 1611 3938 1665 uis;

2458 1691 2714 1762 τὸνλόγον
2741 1691 2901 1743 αὐτοῦ
2928 1702 3116 1763 τηρῶν.
3154 1699 3254 1746 Καὶ
3285 1694 3457 1747 ὀπίσω
3489 1692 3548 1748 δι
3579 1691 3721 1759 εἶπεν,
3756 1698 3816 1746 ὅτι
3837 1698 3939 1747 Ἐςτεκ

2459 1781 2658 1841 ἀληθὴς
2832 1783 2858 1832 ὁ
2881 1781 3088 1853 πέμψας
3126 1801 3208 1853 με,
3239 1783 3293 1834 ὃν
3339 1785 3488 1855 ὑμεῖς
3519 1784 3612 1836 ούκ
3635 1781 3804 1852 οἰδατε,
3832 1785 3893 1854 ἐγὼ
3912 1782 3938 1834 is

2460 1866 2584 1922 οῖδα
2616 1869 2791 1940 αὑτὸν,
2827 1874 2903 1922 ὃτι
2936 1872 3059 1946 παρ’
3092 1872 3252 1925 αὑτοῦ
3282 1872 3416 1945 εἰμι.

2538 2052 2636 2100 καὶ
2692 2078 2760 2089 -
2815 2048 3065 2119 ψεύστης.
3124 2047 3386 2103 Ψεύδεσθε
3449 2053 3553 2124 γὰρ
3625 2053 3754 2124 ὑμεῖς
3807 2052 3936 2121 )_.-‘-/¢=,-_~,;

2462 2137 2542 2188 ὃτι
2567 2137 2684 2206 (67)
2738 2141 2862 2197 Θεὸς
2913 2139 3054 2210 ὑμῶν
3109 2138 3267 2200 ἐστιν,
3311 2140 3369 2191 ού
3423 2143 3528 2212 γὰρ
3593 2139 3810 2211 ἐγνώκατε
3843 2140 3932 2192 rita.

2463 2231 2533 2287 ὡς
2587 2233 2912 2301 προείρηται.
2973 2226 3193 2287 Εῐδησιν
3268 2227 3328 2283 6":
3391 2236 3484 2284 καὶ
3556 2236 3737 2302 γνῶσίν
3791 2249 3931 2300 sunt:

2463 2314 2654 2369 εἰδέναι
2679 2323 2767 2369 καί
2798 2324 3072 2388 γινώσκειν
3102 2318 3271 2379 ἁπλῶς
3300 2321 3379 2371 ὁτι
3409 2319 3529 2372 ἐστὶ
3572 2325 3690 2382 Θεὸς
3720 2326 3792 2371 καὶ
3827 2327 3929 2373 lim.

2461 2406 2520 2458 ού
2560 2410 2662 2477 μὴν
2702 2411 2796 2463 τήν
2829 2407 2939 2476 (68)
2971 2415 3066 2467 τῆς
3097 2410 3296 2478 φύσεως
3343 2416 3438 2460 τοῦ
3489 2416 3642 2462 Θεοῦ.
3687 2410 3803 2466 Ait:
3830 2428 3924 2479 72;:

2462 2501 2613 2567 μόνον
2662 2497 2943 2566 ἄγνωστος,
3000 2494 3126 2548 ἀλλὰ
3177 2502 3265 2548 καὶ
3317 2497 3583 2560 παντελῶς
3634 2497 3861 2554 ἀνεννοετα
3884 2517 3917 2542 ιε

2464 2582 2884 2655 ἀνεπιχείρητος,
2916 2590 3005 2636 καὶ
3035 2585 3095 2636 ού
3125 2590 3277 2658 μόνον
3309 2585 3624 2660 ἀνθρώποις,
3665 2587 3780 2639 ἀλλὰ
3801 2606 3848 2638 κε
3867 2591 3913 2640 τίς

2461 2673 2723 2745 οὐρανίαις
2764 2670 3068 2746 δυνάμεσιν.

2535 2851 2674 2905 Ἀλλ’
2697 2882 2765 2892 -
2795 2860 2956 2925 τηρῶ.
2980 2857 3132 2923 Ὁρᾷς
3149 2854 3228 2904 ὅτι
3249 2856 3307 2904 τὸ
3335 2855 3422 2905 τὸν
3443 2853 3597 2925 λόγον
3624 2862 3709 2907 τοῦ
3734 2860 3834 2908 Θεοῦ
3849 2857 3936 2920 tua?!

2465 2946 2678 3012 σημεῖον
2706 2939 2822 2992 ἐστι
2845 2949 2935 2992 τοῦ
2963 2937 3155 2992 εἰδέναι
3181 2941 3356 2993 αὐτόν.
3376 2942 3696 3016 Φαϐηθῶμεν
3719 2949 3846 2994 τοίνυν
3863 2956 3940 2992 οιτεζ

2463 3029 2662 3088 ἐντολὰς
2691 3035 2781 3080 τοῦ
2818 3033 2946 3082 Θεοῦ
2976 3033 3048 3100 μὴ
3096 3029 3452 3100 φυλάττοντες,
3492 3033 3564 3092 ὡς
3596 3038 3848 3102 ταττόμενοι
3879 3046 3942 3096 an

2463 3127 2560 3169 τῶν
2593 3117 2912 3189 ἀγνοούντων
2957 3122 3042 3170 τὸν
3084 3124 3230 3173 Θεὸν.
3275 3116 3400 3172 Εἶτα
3436 3122 3799 3182 κατασκευάζει
3828 3124 3884 3168 ιιι
3909 3119 3944 3165 ir:

2461 3207 2651 3279 μείζων
2684 3206 2797 3258 ἐστὶ
2827 3215 2918 3259 τοῦ
2952 3206 3210 3280 Ἀϐραάμ.

2535 3295 2771 3370 Ἀϐραὰμ
2831 3326 2898 3336 -
2954 3295 3096 3368 ἐμήν.
3161 3327 3228 3337 -
3290 3297 3691 3368 Ἢγαλλιάσατο,
3737 3303 3858 3368 ἤγουν
3893 3295 3944 3343 ir'r

2462 3387 2713 3458 θύμησεν.
2790 3385 3035 3459 [Ἠμέραν
3106 3386 3219 3457 (69)
3274 3383 3331 3439 δε
3403 3387 3570 3442 αὐτοῦ
3627 3388 3749 3460 λέγει
3803 3391 3868 3442 τὴν
3903 3391 3945 3432 τεέ

2462 3483 2713 3548 σταυροῦ.

2533 3657 2632 3706 Καὶ
2689 3649 2817 3715 εἶδε,
2867 3657 2952 3705 καὶ
3007 3652 3200 3728 ἐχάρη.
3261 3654 3463 3728 Ἐχάρη
3517 3652 3610 3708 διὰ
3655 3661 3739 3715 τὴν
3781 3657 3947 3721 comptu

2456 3751 2548 3794 τοῦ
2597 3747 2819 3813 κόσμου.
2871 3747 3128 3814 Προγνοῦς
3168 3746 3269 3816 γὰρ
3322 3746 3380 3796 τὸ
3436 3751 3722 3819 μυστήριον
3769 3751 3950 3802 ricam

2457 3837 2665 3904 ρώσεως
2708 3839 2798 3882 τοῦ
2864 3839 3097 3903 Χριστοῦ
3148 3830 3495 3906 ἐπεθύμησεν]
3555 3831 3678 3887 ἰδεῖν
3725 3838 3802 3890 τὴν
3833 3833 3948 3899 ἡμέρω

2458 3921 2638 3986 αὐτοῦ,
2701 3926 2790 3972 καὶ
2840 3917 2972 3972 εἶδεν
3023 3921 3178 3978 αὐτὴν
3237 3920 3257 3993 [
3310 3923 3856 3997 προσκιαγραφηθεὶσαν
3889 3921 3939 3982 (ἷο

2455 4008 2569 4080 καὶ]
2599 4005 3020 4061 διατυπωθεῖσαν
3052 4008 3099 4060 ἐν
3142 4017 3204 4081 τῇ
3252 4012 3420 4081 ἡμέρᾳ
3448 4013 3569 4064 καθ’
3601 4016 3659 4070 ἠν
3688 4010 3880 4077 ἀνήνεγκε
3909 4023 3950 4052 τε)

2458 4102 2568 4150 υἱὸν
2608 4097 2768 4150 αὑτοῦ
2816 4115 2901 4149 τον
2932 4099 3116 4151 Ἰσαὰκ
3169 4099 3242 4159 εἰς
3293 4099 3671 4171 ὀλοκάρπωσιν,
3715 4099 3867 4168 Ἐμαθι
3898 4110 3948 4162 72:

2459 4191 2559 4253 ὅτι,
2610 4189 2782 4255 ὥσπερ
2832 4186 2982 4246 αὐτὸς
3032 4187 3125 4239 οῦκ
3165 4190 3402 4258 ἐφείσατο
3459 4199 3553 4242 τοῦ
3601 4191 3710 4241 υἱοῦ
3758 4187 3878 4238 αὐτοῦ
3906 4199 3948 4231 ττι

697 4272 776 4327 ita
814 4287 1009 4342 neque
1049 4272 1198 4326 Deus
1242 4274 1572 4342 parciturus
1626 4278 1781 4328 esset
1846 4274 1986 4328 Filio
2040 4291 2150 4330 suo
2201 4276 2311 4330 dile

2334 4306 2348 4316 -
2384 4261 2426 4315 ί)
2461 4276 2734 4347 ἀγαπητοῦ
2772 4271 2864 4327 διὰ
2903 4278 2989 4327 τὸν
3029 4279 3177 4342 Θεὸν,
3229 4276 3389 4337 οὕτως
3432 4275 3558 4330 ούδε
3608 4280 3634 4329 ὁ
3669 4279 3773 4336 Θεὸς
3805 4278 3948 4345 sum:

697 4368 791 4417 cto
822 4369 1061 4432 propter
1087 4361 1413 4416 hominem.
1451 4364 1513 4416 Et
1539 4362 2058 4433 quemadmodum
2091 4364 2188 4418 ille
2215 4381 2346 4434 por-

697 4452 838 4507 tavit
878 4450 1034 4522 ligna
1069 4450 1395 4505 holocauin
1462 4451 1571 4518 sui,
1639 4452 1716 4505 ita
1769 4457 1823 4505 et
1853 4452 1976 4522 ipse
2010 4460 2348 4523 portaturus

697 4545 849 4594 esset
885 4539 1117 4608 lignum
1159 4540 1362 4594 mortis
1401 4555 1543 4593 suas.
1590 4541 2027 4606 Verumtamen,
2063 4542 2211 4596 sicut
2250 4542 2348 4597 illo

697 4643 814 4683 non
856 4645 1038 4700 passo
1070 4628 1411 4700 suppositus
1443 4634 1527 4682 est
1567 4628 1720 4683 aries
1759 4645 1770 4683 :
1805 4628 1885 4684 ita
1943 4635 2000 4685 et
2051 4630 2165 4685 hoc
2218 4648 2349 4687 ma-

696 4723 873 4772 nente
904 4717 1278 4790 impassibili,
1310 4716 1658 4772 humanitas
1683 4720 1812 4788 ejus
1836 4719 2034 4773 occisa
2053 4720 2348 4784 est.()uod

700 4805 750 4859 si
775 4804 932 4860 diem
965 4807 1091 4876 eju
1121 4805 1322 4861 videre
1353 4805 1727 4870 desideravit,
1770 4805 1977 4878 utique
2024 4807 2137 4863 hoc
2199 4814 2343 4879 erat,

699 4896 988 4964 tanquam
1030 4895 1300 4966 majoris.

770 5106 1115 5175 “Tit.l,t6.
1217 5109 1460 5166 "Joan.
1488 5124 1602 5178 Vill,
1641 5111 1724 5166 19.
1802 5112 2162 5178 "Joan.vn,
2191 5116 2279 5169 26.

2460 4375 2550 4418 τοῦ
2583 4367 2704 4417 Υὶοῦ
2735 4364 2894 4416 αὐτοῦ
2933 4371 3024 4416 τοῦ
3054 4363 3328 4434 ἀγαπητοῦ
3370 4362 3464 4418 διὰ
3491 4370 3577 4418 τὸν
3621 4367 3864 4438 ἄνθρωπον.
3897 4365 3944 4409 Si:

2461 4458 2633 4525 ὡσπερ
2710 4453 2859 4514 οὗτος
2906 4452 3164 4505 ἐϐάστασε
3214 4457 3279 4505 τὰ
3324 4453 3450 4516 ξύλα
3505 4464 3603 4516 τῆς
3657 4454 3944 4525 alonge-usis;

2463 4544 2640 4607 αὐτοῦ,
2684 4544 2818 4594 οὕτω
2844 4540 3077 4602 κάκεῖνος
3126 4540 3384 4614 βαστάσει
3414 4547 3468 4595 τὸ
3497 4543 3644 4606 ξύλον
3685 4551 3765 4596 τοῦ
3812 4541 3941 4592 θυέτω

2459 4634 2636 4685 αὐτοῦ.
2693 4631 2829 4688 Πλὴν
2881 4631 3114 4702 καθάπερ
3176 4634 3360 4684 τούτου
3424 4637 3686 4703 μείναντος
3737 4629 3939 4682 innata-JH

2457 4723 2602 4792 κριὸς
2654 4718 2831 4782 ἐτύθη,
2899 4719 3034 4771 οὕτω
3084 4718 3320 4772 κάκείνου
3391 4724 3630 4792 μένοντος
3693 4719 3876 4773 ἀπαθοῦς
3915 4729 3937 4758 τί

2458 4809 2774 4882 ἀνθρώπινον
2841 4809 3000 4861 αύτοῦ
3069 4810 3556 4880 σφηιασθήσεται.
3635 4808 3691 4862 Εἰ
3756 4804 3805 4860 δι
3846 4803 3934 4855 ἐπεξι-

2456 4917 2621 4970 una"
2671 4893 2800 4950 ἰδεῖν
2851 4902 2944 4955 τὴν
3002 4898 3198 4970 ἡμέραν
3259 4897 3439 4969 αύτοῦ⁹
3504 4901 3575 4961 ὠς
3622 4898 3830 4971 μείζονος
3875 4909 3928 4941 πω·

2457 5007 2576 5048 τως.

1921 5289 2135 5358 Variae
2173 5289 2503 5359 lectiones
2547 5301 2610 5358 et
2653 5298 2852 5357 notae.

767 5446 880 5522 (66)
918 5446 978 5502 lu
1021 5450 1320 5522 contextu,
1349 5447 1464 5522 iiloi
1494 5447 1554 5502 in
1590 5448 1718 5522 loco
1761 5449 1944 5522 codd.
1997 5451 2346 5522 Eutliymius

697 5516 952 5592 habenti
975 5519 1286 5592 vulgatum
1342 5519 1601 5592 ἀληθινός·
1664 5520 1776 5592 Sed
1828 5516 2347 5592 Chrysost.'refert

699 5588 1078 5664 aln6§;_'l‘om.
1114 5589 1252 5654 Vlll,
1274 5606 1341 5664 _p.
1375 5591 1498 5660 294,
1523 5592 1648 5658 295,
1680 5588 2012 5664 aliquoties.

766 5663 880 5731 (6‘7)
905 5659 964 5712 Ὀ
994 5659 1311 5732 interponit
1341 5667 1406 5718 Α.

767 5731 880 5804 (68)
947 5738 1052 5790 Τήν
1134 5731 1302 5789 ἐώθει
1376 5739 1441 5789 Α.
1533 5731 1799 5789 Refertur
1865 5733 1934 5790 ad
2002 5731 2207 5796 εἴδησιν
2256 5741 2344 5789 καὶ

2456 5461 2668 5523 γνῶσιν.

2529 5525 2640 5591 (69)
2683 5521 2911 5575 Inclusa
2934 5520 3155 5576 absunt
3182 5522 3247 5574 A.

2529 5576 2640 5664 {70}
2683 5593 2919 5649 Inclusa
2950 5592 3173 5648 absunt
3211 5596 3276 5648 Α.
3311 5593 3531 5651 [bidem
3564 5595 3768 5666 legitur,
3800 5576 3921 5659 πρθδιῖί

2459 5667 2806 5718 θνπωθεῖσαν.

3968 5849 3969 5888 l

3968 5893 3969 5908 ι

3967 6313 3969 6333 l
