4088 6432
167 331 313 390 1305

1255 331 1600 389 COMMENT
1640 333 1708 390 [Ν
1746 331 2097 390 JOANNEM.
2139 363 2207 375 —
2244 333 2400 389 CAP.
2445 330 2542 389 IX.

3396 332 3418 388 1
3429 333 3535 390 306

242 464 344 514 Καὶ
374 491 442 500 --
471 457 698 532 ἑώρακας
725 475 738 525 ;
765 457 952 532 ’ᾨοντο
978 459 1080 531 γὰρ
1112 457 1264 511 αὐτὸν
1295 457 1450 530 ἔγγὺς
1478 456 1606 512 εἶναι
1645 478 1757 512 πεν-

1948 459 2110 514 Vers.
2145 460 2233 514 57.
2262 458 2434 512 Et—
2483 457 2683 514 vidisti
2735 455 2764 511 7
2816 455 3114 513 Putabant
3175 455 3334 512 enim
3392 473 3531 514 eum

166 554 396 608 τήκοντα
446 547 566 600 ἐτῶν
617 545 711 600 διὰ
760 553 854 604 τήν
909 548 1246 620 πολυπειρίαν
1302 547 1482 602 αὑτοῦ.
1529 549 1658 601 Τινὰ
1706 544 1765 600 δὲ

167 647 268 690 τῶν
321 639 432 709 (71)
487 637 812 712 ἀντιγράφων
851 640 1245 710 τεσσαράκοντα
1284 639 1597 712 γράφουσιν,
1640 639 1763 709 ὅπερ

169 723 317 780 δοκεί
343 726 722 801 ἀκριϐέστερον.

242 902 391 958 Εἶπεν
443 936 510 945 -
566 905 690 967 εἰμι.
740 904 829 967 Ὠς
895 909 1043 967 Θεός.
1100 910 1200 958 Καὶ
1257 904 1351 957 οὐκ
1409 901 1567 971 εἶπεν,
1630 903 1765 974 Ἐγώ

167 997 329 1066 ἥμην,
407 993 512 1045 ἀλλ’
573 995 703 1065 Ἐγὼ
755 994 862 1066 εἰμι
905 996 930 1046 6
991 992 1070 1047 ἀεὶ
1131 998 1218 1045 ὧν.
1251 997 1321 1046 T6
1346 996 1436 1059 μεν
1484 990 1572 1044 οὖν
1629 995 1765 1064 γενέ-

169 1085 296 1136 σθαι
356 1090 573 1136 κτιστοῦ
607 1087 706 1135 ’τό
800 1079 859 1136 δε
924 1083 1044 1156 Εἰμὶ
1124 1081 1374 1135 ἀκτίστου
1423 1083 1441 1153 [
1497 1087 1587 1135 καὶ
1647 1083 1764 1152 (72)

166 1177 385 1225 κτίστου

241 1261 405 1336 Ἦραν
442 1289 497 1302 -
546 1261 724 1314 αὐτόν.
781 1264 846 1314 Οἱ
881 1268 1064 1334 ταχεῖς
1104 1264 1232 1334 πρὸς
1260 1266 1407 1333 φόνον
1438 1282 1450 1294 ·
1481 1260 1762 1334 Ἠγρίανοιν

165 1352 268 1423 γὰρ
319 1347 562 1414 δόξαντες
613 1349 929 1422 ὑϐρισθῆναι
971 1355 1058 1402 τόν
1116 1349 1354 1426 Ἀϐρααμ
1396 1368 1408 1379 ·
1443 1351 1554 1422 ἅμα
1582 1347 1641 1403 δὲ
1673 1355 1763 1402 καὶ

165 1445 372 1511 γνόντες
401 1441 480 1492 ὅτι
511 1435 789 1498 ἀιδιότητα
827 1448 959 1494 Θεοῦ
984 1441 1313 1512 περιτίθησιν
1340 1439 1522 1510 ἑαυτῷ.

240 1618 446 1679 Ἰησοῦς
503 1615 563 1672 δι
609 1618 826 1692 ἐκρύϐη.
871 1620 1122 1692 Ἀόρατος
1179 1618 1356 1680 αὐτοῖς
1417 1622 1640 1676 κατέστη
1695 1625 1756 1689 τῇ

166 1707 380 1781 ἕξουσίᾳ
410 1716 502 1769 τῆς
540 1710 800 1769 θεότητος.

240 1802 340 1851 Καὶ
373 1800 532 1872 ἱεροῦ.
558 1803 669 1851 Ἱνα
696 1796 1000 1857 κατασταλῆ
1035 1799 1060 1849 6
1095 1799 1257 1870 θυμὸς
1285 1797 1474 1852 αὐτῶν.

236 1975 452 2029 Διελθὼν
481 2007 549 2016 -
579 1976 768 2029 αὐτῶν.
824 1981 910 2035 Μὴ
955 1976 1253 2048 ἰσχυόντων
1285 1973 1414 2028 ἰδεῖν
1455 1976 1627 2032 αὐτόν.
1664 1982 1760 2032 Καὶ

166 2063 312 2119 διατί
363 2066 458 2117 οὐκ
515 2064 746 2128 ἔξελυσεν
778 2065 945 2118 αὐτῶν
984 2071 1077 2123 τὴν
1128 2062 1350 2137 δύναμιν
1393 2070 1482 2118 καὶ
1540 2073 1767 2137 φανερῶς

166 2154 468 2228 ἀνεχώρησε
489 2171 503 2220 ;
537 2160 678 2208 Διότι
695 2157 804 2208 οὔθ’
827 2156 987 2216 οὕτως
1008 2153 1210 2227 ἔμελλον
1240 2157 1522 2208 πιστεύειν.
1546 2157 1758 2228 Καὶγὰρ

166 2245 214 2298 ἄν
242 2253 310 2315 τῷ
339 2252 505 2318 καιρῷ
536 2252 628 2296 τοῦ
689 2246 893 2305 nam;
938 2246 1150 2305 ὑπτίους
1182 2245 1294 2313 (73)
1347 2244 1530 2304 αὐτοὺς
1560 2243 1755 2318 ἔρριψε,

165 2340 253 2386 καὶ
283 2338 376 2386 τὰς
397 2333 537 2404 ὄψεις
568 2333 735 2386 αὐτῶν
758 2332 1018 2397 ἔσκότισε,
1060 2339 1149 2386 καὶ
1179 2334 1272 2386 οὐκ
1303 2332 1633 2388 ἐπίστευσαν.
1656 2334 1756 2385 Οὐ·

167 2419 252 2474 δεν
281 2424 379 2494 γὰρ
411 2429 589 2494 χεῖρον
619 2421 807 2493 ψυχῆς
839 2421 1218 2493 ἀπεγνωκυίας.
1276 2420 1381 2474 Κᾶν
1428 2425 1529 2495 γὰρ
1564 2429 1758 2493 σημεῖα

164 2508 281 2584 ἴδη,
307 2509 402 2563 κᾶν
432 2516 641 2586 τέρατα,
671 2515 808 2584 μένει
837 2515 930 2570 τὴν
958 2511 1119 2570 αὐτὴν
1163 2515 1368 2584 ἔχουσα
1395 2511 1548 2564 πάλιν
1576 2510 1757 2564 ἀναισ-

163 2606 404 2674 χυντίαν.

239 2695 337 2743 Καὶ
364 2698 596 2764 παρῆγεν
618 2691 802 2752 οὕτως.
833 2689 1104 2753 Ἐϐάδιζεν
1143 2693 1320 2758 οὕτως,
1355 2697 1426 2765 μὴ
1461 2695 1757 2765 φαινόμενος

164 2779 358 2841 αὐτοῖς.

412 2874 557 2922 ΚΕΦ.
602 2867 654 2923 ι’.
682 2873 805 2942 Περὶ
833 2877 924 2922 τοῦ
964 2869 1019 2923 ἐκ
1056 2879 1260 2942 γενετῆς
1289 2870 1503 2943 τυφλοῦ.

236 2962 334 3011 Καὶ
363 2989 432 2998 -—
459 2967 684 3030 γενετῆς.
711 2957 933 3012 Βεϐαιῶν
963 2959 998 3012 ἃ
1027 2957 1154 3024 εἶπε,
1185 2965 1274 3012 καὶ
1303 2963 1642 3032 πιστούμενος
1675 2962 1755 3011 ὅτι

163 3051 284 3108 Θεός
333 3046 494 3112 ἔστιν,
551 3047 701 3108 εὐθὺς
731 3050 945 3121 ἔρχεται
992 3047 1076 3101 ἐπὶ
1131 3050 1306 3120 θαῦμα
1356 3053 1625 3120 μέγιστον,
1665 3053 1754 3098 καὶ
1787 3062 1826 3117 C

161 3142 315 3204 μήπω
399 3140 564 3208 μέχρι
612 3141 728 3189 τότε
781 3141 1068 3208 γενόμενον.
1127 3135 1320 3209 Τυφλοὶ
1367 3140 1456 3208 μὲν
1508 3141 1609 3210 γὰρ
1666 3141 1754 3188 καὶ

161 3224 305 3278 ἄλλοι
363 3224 640 3295 ἀνέϐλεψαν
684 3241 696 3254 ’
740 3224 928 3296 τυφλός
983 3221 1042 3277 δὲ
1099 3224 1147 3277 ἐν
1194 3235 1400 3296 γενετῆς
1431 3228 1541 3296 (74)
1581 3221 1753 3286 οὐδεὶς

159 3317 291 3388 ἄχρι
311 3322 445 3368 τότε.
486 3317 572 3366 Διό
601 3318 691 3365 καὶ
717 3311 1006 3384 ἀναϐλέψας
1037 3313 1202 3385 ἔλεγεν

159 3403 248 3456 οὐκ
279 3404 516 3461 ἠκούσθη
542 3404 622 3454 ὅτι
669 3401 839 3464 ἤνοιξε
863 3421 938 3462 τις
976 3401 1269 3474 ὀφθαλμοὺς
1297 3404 1489 3475 τυφλοῦ
1517 3421 1753 3475 γεγεννη-

1253 3333 1265 3346 ⁶
1301 3315 1387 3367 Ἐκ
1417 3323 1509 3366 τοῦ
1567 3314 1755 3374 αἰῶνος

160 3496 310 3565 μένου
320 3533 332 3544 .

234 3763 331 3812 Καὶ
389 3789 456 3800 --
506 3761 725 3832 γεννηθῇ
758 3759 1084 3834 ;Ἐρωτῶσιν
1151 3760 1254 3832 οὐχ
1309 3762 1378 3822 ὡς
1426 3767 1580 3814 τοῦτο
1630 3763 1755 3813 πάν-

159 3866 254 3908 τως
309 3849 338 3907 ἦ
400 3850 558 3900 ἐκεῖνο
623 3848 1087 3922 ὑπολαμϐάνοντες,
1143 3851 1374 3924 καθάπερ
1430 3853 1479 3902 οἱ
1544 3849 1754 3909 ἀνόητοι

160 3934 409 3991 Ἰουδαῖοι
437 3952 451 3968 ⁸
477 3941 534 3991 τὸ
563 3941 655 4009 μὶν
704 3941 806 4012 γὰρ
865 3939 1112 4012 ἁμαρτεῖν
1163 3943 1262 4012 πρὸ
1322 3946 1414 3992 τοῦ
1443 3942 1754 4011 γεννηθῆναι

158 4023 434 4096 ἀδύνατον,
467 4031 525 4079 τό
557 4023 616 4080 δὲ
641 4029 768 4102 ὑπερ
800 4036 900 4079 τῶν
927 4033 1115 4099 γονέων
1159 4028 1476 4090 κολάζεσθαι
1527 4026 1712 4082 οἰδικον
1737 4047 1750 4059 ο

157 4114 262 4168 ἀλλ’
294 4119 436 4168 ἔστιν
471 4117 496 4169 6
523 4121 719 4179 σκοπὸς
767 4124 859 4170 τοῦ
887 4116 1045 4188 λόγου
1069 4125 1322 4178 τοιοῦτος.
1379 4117 1437 4170 Ὀ
1461 4121 1551 4189 μεν
1582 4121 1754 4193 παρά-

153 4205 304 4267 λυτος
335 4202 428 4258 διὰ
469 4208 563 4267 τὰς
607 4205 864 4279 ἁμαρτίας
916 4208 1076 4257 αὑτοῦ
1131 4207 1355 4274 ἠσθένει,
1415 4208 1587 4267 καθὼς
1652 4205 1757 4259 ἐκεῖ

154 4296 526 4366 μεμαθήκαμεν
577 4313 591 4329 ο
642 4299 759 4367 περὶ
809 4297 989 4347 τούτου
1031 4291 1090 4347 δε
1143 4295 1255 4362 ('75l
1296 4300 1349 4346 τί
1401 4295 1564 4366 λέγεις
1605 4312 1619 4361 ;
1670 4300 1754 4356 Τίς

1875 545 2059 603 ferme
2115 562 2247 602 esse
2297 546 2904 620 quinquagenarium,
2983 550 3226 618 propter
3278 546 3530 602 multam

1874 637 2007 709 ejus
2050 637 2324 708 peritiam
2373 642 2430 692 et
2474 636 2920 708 experientiam.
2991 635 3273 701 Quaedam
3329 641 3530 691 autem

1876 725 2241 796 exemplaria
2310 724 2550 791 habent,
2599 725 3030 796 quadraginta,
3074 724 3251 798 .quod
3300 724 3533 780 videtur

1875 829 2001 870 esse
2032 815 2244 870 verius.

1945 904 2106 958 Vers.
2187 907 2271 960 58.
2326 903 2499 960 Dixit
2563 934 2632 943 —
2697 905 3191 975 sum.Tanquam
3236 903 3410 958 Deus.
3468 903 3533 958 Et

1873 1007 1989 1048 non
2042 992 2210 1056 dixit,
2273 995 2392 1061 Ego
2434 1008 2599 1048 eram
2641 991 2819 1063 ;sed,
2869 993 2995 1062 Ego
3019 1007 3167 1059 sum,
3225 992 3323 1063 qui
3379 1007 3535 1048 sem-

1871 1098 1978 1152 per
2009 1099 2166 1137 sum.
2197 1083 2337 1138 Fieri
2367 1082 2658 1154 siquidem
2688 1082 2771 1137 rei
2802 1087 3013 1137 creatae
3043 1085 3162 1149 est;
3192 1083 3337 1138 Sum
3368 1097 3530 1145 vero,

1870 1170 2148 1227 increatas
2209 1176 2265 1227 et
2292 1177 2523 1228 creatas.

1943 1263 2104 1316 Vers.
2141 1262 2226 1316 59.
2269 1262 2558 1317 Tulerunt
2595 1293 2658 1302 —
2691 1276 2839 1317 eum.
2864 1261 3110 1317 Veloces
3175 1259 3253 1316 ad
3283 1259 3528 1317 caedem.

1873 1351 2211 1422 Exasperati
2245 1356 2382 1406 sunt
2435 1351 2594 1406 enim
2644 1356 2922 1420 putantes
2968 1350 3186 1420 injuria
3249 1349 3529 1407 affectum

1872 1456 2004 1495 esse
2062 1440 2365 1496 Abraham
2418 1458 2432 1493 :
2474 1439 2649 1495 simul
2697 1440 2894 1504 etiam,
2954 1439 3055 1496 ubi
3109 1439 3532 1510 cognovissent

1871 1529 2036 1602 quod
2066 1529 2165 1584 Dei
2196 1529 2576 1585 aeternitatem
2612 1529 2724 1584 sibi
2755 1529 3100 1585 vindicaret.

1945 1619 2110 1674 Vers.
2141 1621 2231 1676 59.
2262 1621 2422 1674 Jews
2461 1625 2654 1674 autem
2678 1620 3008 1674 occultatus
3049 1625 3150 1674 est.
3181 1619 3290 1674 Per
3318 1619 3530 1674 divini-

1873 1710 2006 1766 tatis
2031 1709 2358 1782 potentiam
2389 1709 2698 1765 invisibilis
2750 1709 2836 1764 eis
2870 1708 3136 1765 effectus.

1797 1819 1838 1873 Β
1945 1800 2108 1854 Vers.
2136 1800 2225 1854 59.
2269 1800 2347 1854 Et
2377 1831 2444 1839 —
2492 1798 2718 1867 templo.
2778 1801 2846 1854 Ut
2902 1797 3138 1854 illorum
3173 1798 3406 1854 sedaret
3439 1797 3526 1854 fu-

1873 1903 2067 1944 rorem
2078 1929 2090 1940 .

1945 1978 2110 2034 Vers.
2137 1983 2222 2034 59.
2257 1978 2656 2035 Pertransiens
2701 2008 2766 2018 —
2795 1977 3056 2033 illorum.
3092 1979 3234 2034 Cum
3268 1976 3348 2032 illi
3388 1993 3526 2032 eum

1871 2067 2070 2124 videre
2113 2083 2232 2122 non
2279 2071 2548 2140 possent.
2614 2069 2678 2122 Et
2718 2083 2904 2138 quare
2936 2082 3058 2122 non
3117 2066 3381 2122 dissolvit
3411 2066 3532 2121 illo-

1868 2173 2004 2213 rum
2035 2157 2334 2222 virtutem,
2367 2163 2424 2212 et
2485 2155 2800 2212 manifeste
2873 2155 3115 2211 recessit
3160 2155 3188 2210 ?
3233 2156 3378 2222 Quia
3421 2171 3530 2211 nec

1871 2247 1956 2302 sic
2003 2246 2282 2302 credituri
2354 2250 2543 2301 erant.
2621 2243 2846 2300 Etenim
2893 2249 3164 2315 tempore
3221 2245 3527 2315 passionis

1867 2337 2118 2408 supinos
2150 2336 2282 2392 illos
2311 2335 2542 2406 dejecit,
2593 2349 2924 2405 eorumque
2987 2339 3258 2405 aspectus
3314 2333 3529 2389 obscu-

1865 2428 2036 2493 ravit,
2083 2433 2138 2482 et
2185 2442 2307 2482 non
2357 2425 2754 2480 crediderunt.
2810 2426 2957 2480 Nam
3013 2423 3216 2479 anima
3267 2423 3528 2495 reproba

1867 2516 2015 2572 nihil
2043 2521 2129 2572 est
2158 2517 2332 2589 pejus
2362 2531 2374 2570 :
2408 2514 2539 2571 licet
2568 2513 2727 2569 enim
2769 2513 2944 2582 signa
2986 2513 3186 2569 videat
3223 2529 3293 2568 ac
3326 2511 3526 2583 prodi-

1866 2607 1980 2676 gia,
2011 2622 2178 2661 suam
2211 2609 2408 2661 tamen
2442 2618 2680 2675 semper
2709 2603 2920 2658 retinet
2949 2601 3415 2674 impudentiam.

1935 2696 2100 2752 Vers.
2137 2696 2206 2752 59
2247 2696 2325 2751 Et
2354 2696 2442 2751 ita
2467 2692 2828 2765 praeteﬁbat.
2871 2691 3240 2748 Ambulabat
3273 2692 3373 2758 ita,
3405 2705 3528 2747 non

1865 2801 2161 2859 apparens
2196 2784 2332 2840 illis.

2222 2875 2374 2931 CAP.
2405 2875 2470 2929 X.
2505 2874 2584 2928 De
2610 2888 2745 2927 cruce
2774 2888 2814 2926 a
2839 2871 3166 2927 nativitate.

1936 2967 2075 3038 Cap.
2124 2965 2222 3020 IX.
2279 2965 2420 3020 Vers
2458 2969 2504 3018 t.
2556 2963 2631 3018 Et
2675 2992 2745 3002 -—
2775 2961 3106 3016 nativitate.
3158 2958 3530 3015 Conﬁrman-

1863 3053 1962 3118 do,
2012 3053 2176 3126 quod
2241 3054 2489 3116 dixerat,
2545 3051 2848 3122 ﬁdemque
2879 3050 3123 3114 faciens,
3163 3049 3328 3122 quod
3373 3049 3528 3104 Deus

1863 3147 2021 3198 esset
2060 3142 2258 3197 statim
2333 3141 2494 3196 venit
2545 3141 2620 3194 ad
2669 3138 3025 3194 miraculum
3080 3139 3436 3203 maximum,
3470 3143 3528 3193 et

1864 3248 2053 3303 usque
2085 3232 2159 3286 ad
2190 3230 2248 3284 id
2277 3230 2561 3301 temporis
2593 3242 2909 3298 nunquam
2941 3227 3184 3282 factum.
3218 3227 3525 3298 Siquidem

1863 3325 1920 3375 et
1965 3320 2060 3374 alii
2103 3319 2244 3375 caeci
2285 3318 2480 3373 visum
2535 3321 2903 3386 receperunt,
2947 3330 3151 3370 verum
3187 3314 3286 3387 qui
3339 3331 3373 3371 a
3422 3330 3526 3371 na-

1863 3407 2084 3464 tivitate
2137 3424 2330 3463 caseus
2383 3407 2608 3473 fuisset,
2661 3403 2861 3459 nullus
2928 3418 3118 3474 usque
3149 3403 3226 3458 ad
3272 3403 3332 3457 id
3386 3407 3529 3458 tem-

1863 3514 1996 3571 pus.
2031 3497 2168 3553 ldeo
2219 3496 2418 3561 etiam,
2478 3495 2581 3568 qui
2612 3493 2810 3548 visum
2870 3493 2938 3564 (j)
2969 3491 3206 3562 recepit,
3241 3490 3478 3547 dicebat
3509 3492 3524 3534 ε

1862 3589 1909 3643 Α
1944 3587 2157 3642 seculo
2195 3600 2311 3639 non
2374 3589 2455 3640 est
2496 3583 2789 3646 auditum,
2843 3581 2999 3652 quod
3049 3579 3346 3650 aperuerit
3377 3581 3528 3652 quis-

1859 3677 2021 3746 piam
2055 3675 2246 3730 oculos
2268 3674 2402 3730 caci
2453 3673 2585 3728 nati
2633 3674 2700 3724 ⁸ο.

1935 3768 2102 3820 Vers.
2177 3768 2228 3818 2.
2288 3764 2366 3820 Et
2414 3768 2740 3818 nasceretur
2786 3761 2814 3817 7
2881 3757 3348 3830 lnterrogabant,
3403 3773 3524 3815 non

1864 3855 2028 3926 quod
2080 3853 2191 3909 hoc
2222 3857 2326 3909 aut
2353 3852 2502 3908 illud
2528 3849 2777 3907 omnino
2800 3848 3266 3921 suspicarentur,
3326 3864 3527 3920 quem-

1863 3942 2195 3998 admodum
2263 3941 2610 4013 insipientes
2682 3938 2919 4004 Judtni;
2970 3953 3113 3993 nam
3176 3937 3336 3993 hunc
3393 3953 3528 4008 pec-

1865 4046 2052 4095 casse,
2125 4035 2452 4103 antequam
2511 4034 2689 4085 natus
2757 4031 2930 4092 esset,
2983 4025 3356 4097 impossibile
3403 4031 3527 4082 erat

1865 4137 2043 4192 porro
2068 4136 2175 4192 pro
2221 4119 2572 4190 parentibus
2640 4116 2838 4188 puniri
2871 4116 3159 4186 injustum
3201 4131 3215 4179 ;
3259 4114 3360 4169 sed
3391 4114 3526 4170 finis

1865 4209 2160 4264 sermonis
2214 4207 2342 4264 talis
2399 4213 2506 4262 est.
2561 4205 2925 4275 Paralyticus
2981 4202 3226 4274 quidem
3285 4206 3527 4273 propter

1863 4301 2111 4368 peccata
2151 4313 2259 4350 sua
2306 4295 2658 4362 aegrotabat.
2719 4293 2869 4347 sicut
2907 4291 2988 4346 ibi
3033 4290 3354 4344 didicimus
3393 4305 3405 4345 :
3451 4289 3524 4344 de

158 4384 403 4454 ἥμαρτεν,
460 4382 605 4442 οὗτος
643 4382 673 4440 ἡ
725 4383 773 4433 οἱ
817 4389 986 4453 γονεῖς
1052 4381 1210 4433 αὐτοῦ
1267 4384 1459 4454 ςήμείς
1489 4384 1590 4456 γὰρ
1639 4383 1756 4435 οὔτε

1882 4402 1979 4440 ioc
2011 4390 2230 4445 autem.
2302 4383 2444 4441 quid
2507 4382 2655 4436 dicis
2704 4381 2731 4435 ‘P
2777 4382 2914 4448 Quis
2960 4380 3240 4447 peccavit,
3300 4377 3416 4442 hic,
3447 4393 3522 4435 an

153 4476 308 4521 τοῦτο
329 4472 445 4521 όῦτε
474 4468 632 4522 ἐκεῖνο
663 4465 932 4543 δυνάμεθα
968 4468 1150 4541 λέγειν,
1187 4470 1439 4530 παντελῶς
1471 4469 1755 4544 ἐξαπορού-

153 4576 318 4632 μενοι.

225 4744 275 4781 ³ο
293 4744 467 4801 Joan.
498 4760 576 4814 lx,
611 4745 696 4801 32.

1860 4480 2130 4544 parentes
2162 4475 2287 4543 ejus
2326 4471 2354 4526 ?
2403 4487 2515 4527 nos
2546 4471 2707 4526 enim
2735 4484 2930 4540 neque
2968 4467 3100 4529 hoc.
3155 4481 3349 4538 neque
3379 4466 3524 4523 illud

1864 4561 2057 4618 dicere
2109 4577 2454 4634 possumus,
2505 4559 2755 4616 omnino
2785 4555 3116 4614 conturbati
3147 4554 3522 4628 consilioque

1863 4650 2146 4707 destituti.

1359 4845 1581 4914 Variae
1611 4846 1940 4915 lectiones
1975 4857 2039 4916 et
2081 4855 2282 4916 notas.

220 4988 332 5058 (7t)
355 4987 586 5043 Scilicet
613 4985 1047 5058 Chrysostomi,
1072 4987 1175 5059 qui
1197 4987 1480 5044 audacter
1507 4990 1588 5045 ita
1617 5004 1741 5045 cor-

149 5060 315 5132 rexit.
367 5059 508 5115 Vide
549 5063 691 5115 tom.
723 5059 865 5132 Vlll,
897 5075 1045 5132 pag.
1069 5062 1206 5132 32/1.
1249 5060 1744 5132 Chrysostomum

149 5075 315 5114 rexit.
372 5075 508 5115 Viae
549 5075 691 5115 tom.
732 5075 865 5124 Vlll,
896 5075 1037 5186 pag.
1076 5075 1206 5115 ὅτε.
1249 5075 1742 5132 unrysostomum

147 5130 415 5210 sequitur
433 5146 596 5213 Aunus
613 5145 684 5186 ex
700 5129 888 5213 codici
941 5147 1008 5213 us
1035 5130 1490 5213 Mosquensibus
1515 5132 1742 5213 N.Te_s_t.

149 5214 206 5264 κ.
229 5201 332 5272 qui
365 5205 452 5256 est
475 5218 606 5256 cum
651 5201 915 5257 scholiis.
958 5201 1261 5270 Origenes,
1315 5202 1419 5274 qui
1449 5208 1597 5258 tom.
1641 5205 1742 5269 XX,

145 5271 206 5326 in
229 5272 518 5352 Joannem
552 5272 681 5328 haec
709 5275 851 5352 data
887 5289 1070 5352 opera
1124 5275 1559 5352 interpretatur,
1583 5274 1746 5330 hunc

147 5359 389 5414 versum
445 5349 636 5399 totum
701 5345 1098 5414 prastermisit.
1146 5350 1471 5403 Πεντήκοντα
1505 5352 1746 5401 servant

144 5413 346 5486 Cyrill.
381 5421 418 5470 t.
443 5415 566 5489 iV,
595 5431 652 5485 p.
687 5413 788 5470 585
816 5417 875 5469 C.
913 5417 1385 5489 ;_Theophylact.
1424 5433 1479 5489 p.
1521 5419 1626 5489 690
1661 5420 1698 5472 Ε
1730 5433 1743 5481 ;

145 5501 401 5614 ξενθτυβ
438 5487 498 5541 in
531 5488 753 5542 Catena
805 5487 1085 5554 Corderii,
1128 5503 1186 5560 p.
1212 5487 1320 5544 243
1372 5507 1386 5557 ;
1423 5487 1478 5545 et
1507 5488 1743 5544 codices

188 5559 521 5614 robatiores
550 5572 777 5614 omnes.

188 5558 521 5614 robatiores
550 5572 777 5614 omnes.

218 5736 298 5806 (j)
331 5735 441 5805 Qui
471 5735 679 5793 visum.
715 5737 880 5793 Forte
910 5736 1074 5808 legit,
1106 5732 1192 5793 διὸ
1231 5742 1319 5790 καὶ
1347 5738 1373 5790 ὁ
1427 5737 1739 5815 ἀναϐλέψας.

1923 4991 2036 5062 (72)
2071 4989 2305 5046 Inclusa
2343 4989 2579 5062 absunt
2611 4990 2676 5044 Α.
2712 4990 2966 5050 Κτίστης,
2998 4983 3310 5057 quomodo
3339 4984 3520 5062 etiam

1857 5059 2199 5118 Eustathius
2235 5061 2448 5125 scribit,
2480 5061 2585 5133 qui
2643 5076 2782 5116 cum
2842 5063 3026 5116 κτίτης
3052 5059 3519 5183 οοωρθτεῐἙῙΟ

1857 5133 2221 5183 substantive
2255 5134 2504 5183 accinio.
2561 5147 2698 5183 non.
2766 5135 2825 5183 ut
2876 5131 3186 5183 interpres.
3219 5142 3328 5183 nro
3358 5143 3394 5183 8.
3441 5143 3519 5183 1e-

1856 5133 2221 5189 substantivo
2255 5134 2504 5206 accipio,
2561 5147 2698 5196 non,
2766 5135 2825 5186 ut
2876 5133 3186 5200 interpres,
3219 5142 3328 5198 pro
3358 5133 3520 5185 adie-

1858 5207 2036 5261 ctivo.

1928 5276 2040 5348 (73)
2061 5278 2144 5332 Ita
2170 5275 2520 5348 plerumque
2536 5274 2997 5345 Chrysostomus
3014 5276 3270 5334 oratorie
3288 5275 3516 5340 laudat,

1854 5347 2027 5402 Joan.
2062 5363 2219 5402 xvm.
2253 5351 2304 5410 6,
2329 5347 2511 5401 ἔπεσον
2542 5352 2741 5419 χαμαί.

1925 5419 2315 5484 (74)Γεννητῆς.

1929 5489 2042 5559 (75)
2066 5493 2126 5542 Ai
2156 5489 2326 5546 abest
2366 5497 2431 5544 Α.
