4088 6432
686 324 824 383 i303

2009 316 2366 378 EUTHYMII
2418 315 2745 374 ZIGABENI
3849 321 3931 384 {30;

687 457 841 508 atur.
869 449 1008 507 Vult
1033 448 1190 506 enim
1219 452 1504 516 astruere,
1548 445 1715 520 quod
1771 446 1967 514 major
2006 447 2102 511 sit,
2151 461 2301 518 qua:

2315 461 2338 500 1
2372 443 2418 497 A
2455 443 2806 517 Βούλεταιγὰρ
2819 443 3217 496 κατασκευάσαι
3237 442 3318 496 ὅτι
3337 443 3521 515 μείζων
3538 444 3641 496 ἔστι
3655 453 3732 497 τοῦ
3757 446 3929 522 ’Δεραάμ

687 541 988 597 Abraham
1025 556 1038 606 ;
1071 556 1213 595 nam
1245 539 1359 595 hoc
1408 537 1467 592 in
1513 535 1784 608 praesenti
1827 550 1947 592 non
1999 535 2171 601 dixit,
2214 550 2342 606 pro-

686 637 816 704 pter
841 629 1107 701 ipsorum
1141 627 1603 701 impudentiam.

759 719 1046 774 Vers.“.
1110 719 1289 786 Quem
1356 748 1424 756 —
1484 716 1640 770 Vers.
1718 715 1808 771 55.
1872 729 2016 770 eum.
2087 744 2142 754 —-
2212 713 2340 768 Non

687 808 1028 877 cognovistis
1069 822 1213 868 eum,
1253 811 1454 875 utpote
1491 803 1774 875 operibus
1829 803 1994 857 illum
2028 807 2338 868 negantes.

690 897 841 952 Dicit
891 896 1051 950 enim
1109 900 1164 949 et
1217 893 1537 964 Apostolus
1583 909 1596 947 :
1653 893 2015 959 Conﬁtentur
2077 906 2137 946 se
2189 905 2344 946 nosse

691 987 898 1047 Deum,
939 985 1111 1052 factis
1142 988 1336 1038 autem
1367 989 1583 1051 negant
1613 984 1684 1038 ⁷⁷.
1714 981 1813 1035 Vel
1849 981 2028 1035 etiam
2077 995 2148 1034 eo
2177 978 2342 1051 quod

689 1089 809 1128 non
839 1072 1180 1138 agnoscatis
1205 1070 1407 1125 Filium
1463 1072 1617 1141 ejus.
1680 1069 1903 1124 Dictum
1958 1072 2046 1122 est
2106 1066 2264 1122 enim
2327 1085 2339 1122 :

687 1163 753 1218 Si
788 1177 879 1217 me
905 1161 1340 1229 cognoscentis,
1373 1160 1432 1216 et
1466 1161 1704 1214 Patrem
1755 1173 1941 1212 meum
1993 1157 2196 1228 utique
2253 1172 2345 1212 co-

688 1253 1044 1322 gnosceretis
1100 1251 1169 1304 ⁷³.
1205 1249 1303 1304 Vel
1356 1264 1428 1304 eo
1485 1250 1650 1320 quod
1709 1262 1830 1301 non
1894 1246 2137 1301 servetis
2210 1246 2341 1316 ejus

691 1355 996 1394 sermones
1027 1358 1042 1409 ;
1077 1353 1219 1394 nam
1275 1338 1322 1392 si
1352 1336 1781 1408 cognosceretis
1810 1351 1970 1398 eum,
2002 1349 2340 1390 sermonem

691 1430 741 1500 ej
753 1446 820 1483 us
850 1428 1179 1484 servaretis.

763 1517 922 1572 Vers.
956 1517 1044 1572 55.
1097 1517 1223 1586 Ego
1274 1520 1461 1571 autem
1519 1516 1662 1570 novi
1718 1529 1869 1569 eum.
1933 1517 2058 1568 Non
2118 1511 2338 1575 solum,

693 1623 829 1662 cum
860 1621 931 1661 ex
964 1606 1094 1677 ipso
1121 1606 1257 1668 sim,
1303 1613 1359 1659 et
1385 1603 1652 1673 ejusdem
1696 1602 2066 1664 substantiae,
2113 1609 2342 1657 natura

692 1701 749 1752 et
777 1695 1058 1760 scientiae,
1093 1696 1192 1749 sed
1241 1694 1418 1749 etiam
1471 1699 1760 1764 tanquam
1816 1706 2155 1746 sermonem
2214 1691 2342 1759 ejus
2374 1725 2417 1780 Β

693 1799 957 1842 servans.
986 1787 1130 1839 Nam
1161 1788 1217 1838 et
1248 1782 1522 1853 superius
1568 1781 1715 1835 dixit
1768 1797 1780 1835 :
1837 1781 1942 1836 Est
1997 1795 2192 1842 verax,
2241 1780 2344 1849 qui

692 1875 848 1930 misit
884 1889 991 1937 me,
1020 1888 1190 1943 quem
1221 1887 1315 1927 vos
1347 1886 1463 1926 non
1491 1870 1670 1925 nostis
1694 1885 1706 1921 :
1745 1884 1848 1939 ego
1877 1884 2012 1924 vero
2034 1869 2172 1923 novi
2191 1884 2341 1935 eum,

693 1964 836 2036 quia
863 1963 938 2018 ab
964 1978 1028 2019 eo
1056 1978 1185 2017 sum
1206 1963 1278 2014 τ’.

763 2053 906 2107 Vera
961 2057 1047 2107 55.
1107 2053 1170 2106 Et
1230 2079 1299 2091 —
1345 2049 1621 2105 mendax.
1657 2049 1773 2103 Vos
1805 2049 1964 2103 enim
2014 2046 2345 2102 mentimini

694 2142 961 2197 dicentes
1001 2141 1187 2196 Deum
1241 2144 1504 2194 vestrum
1555 2154 1706 2202 esse,
1761 2154 1896 2192 cum
1955 2154 2073 2192 non
2126 2153 2348 2204 cogno-

697 2231 875 2285 scatis
913 2247 1072 2290 eum,
1117 2236 1180 2284 ut
1237 2228 1587 2299 praedictum
1647 2235 1750 2280 est.
1811 2227 2081 2281 Notitiam
2143 2231 2343 2280 autem

695 2326 752 2375 et
779 2321 1180 2388 cognitionem
1213 2318 1373 2380 dicit,
1416 2332 1591 2371 nosse
1619 2316 1984 2387 simpliciter.
2029 2321 2084 2370 et
2129 2330 2346 2385 cogno-

696 2424 857 2464 scere
909 2408 1071 2480 quod
1131 2409 1201 2462 sit
1263 2407 1416 2461 Deus
1468 2411 1524 2459 et
1581 2405 1763 2464 Pater,
1823 2419 1938 2458 non
2027 2405 2174 2458 scire
2247 2406 2343 2458 Dei

694 2503 990 2553 naturam.
1025 2499 1166 2552 Nam
1195 2499 1328 2566 ipsa
1365 2510 1483 2549 non
1526 2495 1725 2547 solum
1788 2494 2068 2560 cognosci
2123 2494 2341 2563 nequit,

697 2602 898 2642 verum
929 2586 1103 2640 etiam
1136 2585 1381 2639 omnino
1439 2582 1885 2650 inintelligibilis
1933 2588 2020 2636 est
2071 2590 2125 2636 et
2180 2584 2344 2637 inac-

695 2674 1004 2740 cessibilis,
1035 2690 1142 2728 nec
1182 2679 1397 2727 tantum
1432 2671 1798 2736 hominibus,
1860 2672 1964 2725 sed
2015 2676 2070 2726 et
2099 2670 2347 2726 caelesti-

697 2764 807 2818 bus
845 2763 1177 2818 virtutibus.

769 2851 933 2906 Vers.
968 2851 1054 2906 56.
1116 2850 1226 2906 Sed
1279 2880 1344 2889 —
1400 2864 1588 2905 servo.
1646 2848 1842 2912 Vides,
1876 2847 2037 2920 quod
2097 2849 2196 2903 Dei
2228 2864 2345 2903 ser~

696 2956 938 2996 monem
999 2955 1254 3002 servare,
1308 2938 1545 3007 signum
1602 2939 1670 2992 sit
1724 2937 1889 3009 quod
1952 2938 2088 3009 quis
2158 2940 2342 2993 Deum

696 3036 1036 3098 cognoscat.
1071 3028 1415 3083 Timeamus
1446 3027 1642 3093 igitur,
1691 3027 1855 3099 quod
1888 3027 1983 3081 Dei
2049 3035 2346 3096 praecepta

695 3133 816 3174 non
848 3134 1173 3182 servamus,
1230 3123 1514 3187 tanquam
1546 3133 1685 3171 cum
1741 3116 1826 3170 eis
1881 3117 2206 3186 constituti,
2239 3115 2344 3188 qui

697 3207 883 3262 Deum
918 3208 1211 3276 ignorant.
1246 3206 1466 3261 Deinde
1511 3205 1738 3278 probat,
1789 3204 1953 3276 quod
2000 3206 2194 3275 major
2247 3205 2341 3270 sit,

694 3312 880 3369 quam
909 3297 1232 3352 Abraham.

769 3386 928 3441 Vers.
1009 3390 1093 3440 56.
1137 3386 1442 3441 Abraham
1499 3415 1567 3425 —
1619 3399 1830 3440 meum.
1890 3413 1960 3428 —
2011 3385 2345 3441 Ezsultavit

696 3475 822 3530 sive
874 3474 1233 3546 concupivit.
1268 3474 1427 3530 Diem
1469 3477 1661 3528 autem
1727 3488 1907 3527 suum
1986 3472 2131 3529 dicit
2182 3472 2345 3529 diem

693 3563 1012 3636 passionis.

767 3653 928 3708 Vers.
989 3656 1074 3706 56.
1129 3652 1203 3706 Et
1261 3651 1431 3716 vidit,
1491 3657 1546 3707 et
1613 3652 1852 3720 gavisus
1921 3657 2026 3707 est.
2085 3650 2344 3707 Gavisus

694 3746 782 3795 est
806 3747 1042 3812 propter
1095 3739 1340 3794 salutem
1397 3739 1625 3793 mundi.
1699 3740 2111 3806 Praecognovit
2178 3756 2344 3795 nam-

693 3844 812 3901 que
853 3829 1205 3900 mysterium
1246 3829 1647 3883 crucitixionis
1691 3830 1924 3884 Christi.
1982 3830 2346 3885 Desideravit

694 3917 895 3972 videre
935 3917 1093 3971 diem
1157 3918 1344 3987 ipsius
1383 3925 1434 3971 et
1480 3918 1619 3971 vidit
1669 3918 1833 3972 illum
1888 3918 2340 3989 praeﬁguratum

694 4005 1220 4068 etadumbratum,
1273 4006 1328 4060 in
1381 4005 1474 4059 die
1528 4022 1650 4076 quo
1699 4005 1884 4061 tilium
1937 4024 2113 4061 suum
2177 4007 2343 4063 Isaac

693 4095 906 4150 obtulit
945 4095 1002 4149 in
1029 4095 1465 4149 holocaustum.
1516 4095 1716 4149 Didicit
1758 4097 1936 4156 enim,
1984 4097 2141 4166 quod
2196 4098 2345 4153 sicut

695 4185 824 4255 ipse
875 4200 992 4238 non
1065 4185 1326 4255 pepercit
1373 4200 1483 4238 suo
1544 4186 1757 4237 dilecto
1831 4193 2072 4255 prOpter
2129 4187 2340 4252 Deum,

2454 539 2688 601 Φανερῶς
2743 536 2841 606 γὰρ
2869 541 2956 584 νῦν
2989 531 3083 585 ούκ
3115 529 3220 585 εἷπε
3250 540 3401 585 τοῦτο
3427 529 3460 586 δ
3466 537 3517 585 ta
3545 538 3626 591 τὴν
3660 531 3934 608 animm”

2455 622 2622 674 αύτὼν
2632 662 2644 675 .

2524 711 2617 763 ’ον
2677 741 2746 752 —
2801 710 2977 763 αύτὸν.
3040 742 3107 752 -
3148 711 3260 764 Ούκ
3315 710 3560 783 ἐγνώκατε
3613 711 3765 778 αὐτὸν,
3799 718 3935 778 unci;

2453 805 2620 875 ἔργοις
2667 799 2966 872 ἀρνούμενοι
3014 799 3185 852 αὐτὸν.
3243 806 3377 858 Φησὶ
3432 804 3532 872 γὰρ
3581 806 3664 851 καὶ
3711 804 3935 856 61:67:5-

2452 890 2532 948 λος
2614 891 2694 940 ὅτι
2741 894 2869 941 Θεὸν
2927 889 3268 961 ὁμολογοῦσιν
3325 885 3538 956 εἰδέναι,
3588 897 3686 952 τοῖς
3740 888 3787 944 δέ
3837 898 3939 965 ἔργοις

2456 975 2749 1047 ἀρνοῦνται.
2816 978 2881 1030 Ἦ
2941 984 3025 1030 καὶ
3085 982 3149 1039 ὡς
3200 984 3271 1051 μὴ
3329 978 3594 1050 ὶγνωκὸτες
3640 984 3717 1030 τὸν
3765 983 3854 1033 ritu
3887 988 3938 1033 αᾴ-

2453 1074 2565 1119 τοῦ.
2621 1072 2903 1139 Προείρηκε
2968 1071 3068 1142 γὰρ
3133 1071 3212 1120 ὁτι
3271 1069 3329 1121 Εἰ
3403 1067 3489 1140 ἔμε
3567 1065 3743 1140 ᾔδειτε,
3791 1079 3856 1123 καὶ
3892 1092 3935 1123 tr.

2456 1161 2662 1226 Πατέρα
2722 1175 2823 1226 μου
2881 1152 3057 1228 ᾔδειτε
3112 1158 3191 1208 οἷν.
3256 1156 3319 1210 Ἦ
3382 1160 3446 1217 ὡς
3503 1162 3574 1229 μη
3636 1165 3858 1228 τηροῦντες
3893 1167 3937 1212 si:

2453 1243 2604 1313 λόγον
2627 1245 2808 1297 αύτοῦ·
2843 1245 2886 1298 εἰ
2907 1249 3009 1317 γὰρ
3043 1243 3218 1317 ᾔδειτε
3249 1247 3423 1312 αύτὸν,
3447 1245 3666 1320 ίτηρεῖτε
3693 1247 3744 1298 ἄν
3765 1251 3830 1300 τὸν
3852 1249 3937 1320 λης,

2455 1352 2636 1388 αυτοῦ.

2529 1511 2661 1583 Ἐγὼ
2693 1508 2753 1564 δε
2783 1508 2871 1563 οἶδ
2876 1531 2908 1564 α
2948 1513 3121 1568 αὑτὸν.
3169 1517 3244 1566 Ού
3274 1518 3426 1586 μόνον
3472 1516 3538 1575 ὡς
3568 1513 3617 1576 ἐξ
3646 1514 3782 1566 αὑτοῦ
3804 1521 3865 1566 καὶ
3890 1525 3938 1573 fi;

2454 1601 2613 1661 αὐτῆς
2643 1601 2829 1662 οὐσίας
2859 1607 2947 1652 καὶ
2974 1606 3173 1673 φύσεως
3201 1609 3290 1656 καὶ
3316 1611 3559 1675 γνώσεως
3588 1608 3670 1667 ὧν,
3699 1602 3804 1654 ἀλλὰ
3833 1611 3938 1662 nis;

2454 1690 2708 1761 τὸνλόγον
2735 1690 2896 1742 αύτοῦ
2923 1700 3112 1762 τηρῶν.
3149 1697 3249 1745 Καὶ
3279 1692 3450 1745 ὀπίσω
3484 1690 3543 1745 δέ
3574 1689 3718 1756 εἶπεν,
3753 1696 3812 1744 ὃτι
3835 1695 3939 1744 ‘Erz'

2454 1781 2652 1840 ἀληθὴς
2827 1782 2852 1831 ὀ
2877 1779 3084 1851 πεμψας
3121 1799 3203 1851 με,
3234 1781 3288 1833 ὃν
3333 1784 3482 1853 ὑμεῖς
3514 1782 3608 1834 οῦκ
3631 1779 3801 1850 οἴδατε,
3830 1779 3939 1852 ιγοὲε

2455 1865 2579 1921 οἶδα
2610 1869 2786 1939 αὐτὸν,
2822 1871 2898 1921 ὅτι
2932 1870 3054 1945 παρ’
3087 1870 3247 1924 αὑτοῦ
3278 1871 3410 1943 εἰμι,

2532 2051 2631 2099 Καὶ
2686 2078 2754 2088 -
2810 2047 3061 2118 ψεύστης.
3119 2045 3382 2102 Ψεύδεσθε
3442 2052 3549 2121 γὰρ
3621 2050 3752 2122 ὑμεῖς
3805 2050 3937 2118 λέγοντες

2457 2136 2679 2206 5:1(67)
2734 2140 2857 2197 Θεὸς
2908 2139 3050 2209 ὑμῶν
3105 2137 3263 2200 ἐστιν,
3306 2138 3365 2190 ού
3417 2141 3524 2210 γὰρ
3589 2137 3809 2209 ἐγνώκατε
3843 2139 3934 2190 rita.

2458 2231 2527 2287 ὡς
2583 2233 2906 2301 προείρηται.
2969 2225 3189 2286 Είδησιν
3263 2225 3322 2281 δὲ
3387 2234 3479 2282 καὶ
3552 2234 3735 2301 γνῶσίν
3790 2248 3933 2298 φεειττ

2458 2313 2649 2368 εἰδέναι
2675 2323 2762 2369 καὶ
2793 2325 3067 2388 γινώσκειν
3097 2317 3266 2378 ἁπλῶς
3296 2320 3375 2370 ὃτι
3404 2317 3524 2371 ἐστὶ
3568 2323 3688 2380 Θεὸς
3719 2324 3792 2369 καὶ
3827 2325 3932 2372 llr;

2457 2405 2515 2457 ού
2555 2410 2658 2476 μὴν
2698 2409 2791 2462 τὴν
2824 2406 2935 2474 (68)
2967 2414 3062 2466 τῆς
3092 2409 3291 2477 φύσεως
3339 2415 3432 2459 τοῦ
3484 2415 3640 2460 Θεοῦ.
3686 2409 3803 2464 Αὕτη
3831 2413 3928 2478 7-1;;

2457 2500 2608 2566 μόνον
2657 2496 2938 2565 ἄγνωστος,
2996 2493 3122 2546 ἀλλὰ
3173 2501 3260 2547 καὶ
3313 2496 3579 2559 παντελῶς
3631 2495 3863 2554 ἀνεννόητος
3887 2515 3920 2542 ιε

2459 2581 2880 2655 ἀνεπιχείρητος,
2911 2589 3001 2635 καὶ
3032 2583 3091 2636 ού
3121 2589 3273 2656 μόνον
3304 2583 3621 2659 ἀνθρώποις,
3663 2585 3780 2638 ἀλλὰ
3801 2592 3852 2636 κε
3870 2590 3918 2638 τιέξ

2457 2672 2719 2745 οὐρανίαις
2759 2669 3064 2745 δυνάμεσιν.

2531 2850 2670 2904 Ἀλλ’
2693 2881 2761 2891 -
2790 2859 2952 2924 τηρῶ.
2976 2856 3128 2922 Ὁρᾷς
3145 2852 3225 2903 ὅτι
3245 2854 3303 2903 τὸ
3330 2853 3416 2904 τὸν
3438 2851 3594 2923 λόγον
3621 2861 3708 2906 τοῦ
3733 2859 3835 2906 Θεοῦ
3851 2856 3942 2920 turb

2461 2945 2674 3011 σημεῖὸν
2702 2939 2817 2991 ίοτι
2841 2948 2931 2991 τοῦ
2959 2936 3151 2991 εἰδέναι
3178 2939 3352 2992 αὑτὸν.
3373 2941 3693 3014 Φαϐηθὼμεν
3718 2943 3946 2993 τοίνυνοέτες

2459 3028 2658 3088 ίντολὰς
2687 3034 2777 3080 τοῦ
2814 3032 2942 3081 Θεοῦ
2973 3032 3044 3098 μὴ
3093 3027 3452 3099 φυλάττοντες,
3487 3031 3560 3091 ὡς
3592 3036 3851 3101 ταττόμενοι
3883 3045 3948 3096 sm

2459 3126 2556 3169 τῶν
2590 3116 2908 3188 ἀγνοούντων
2953 3121 3039 3169 τὸν
3081 3122 3227 3172 Θεὸν.
3272 3115 3397 3171 Εἶτα
3436 3121 3800 3180 κατασκευάζει
3829 3122 3888 3167 καὶ
3913 3117 3950 3164 ὁτι

2457 3207 2648 3278 μείζων
2680 3205 2793 3258 ίστὶ
2823 3215 2914 3258 τοῦ
2948 3205 3206 3280 Ἀϐραάμ.

2532 3294 2768 3369 Ἀϐραὰμ
2826 3326 2894 3335 -
2951 3294 3092 3367 ἀμήν.
3158 3326 3225 3336 —
3287 3296 3692 3367 Ἢγαλλεάσατο,
3738 3302 3863 3367 ἤγουν
3899 3293 3954 3342 ὲττ

2459 3387 2710 3457 θύμησεν.
2787 3383 3032 3458 [Ἠμίραν
3103 3385 3216 3456 (69)
3271 3382 3328 3438 δε
3399 3386 3568 3440 αύτοῦ
3626 3386 3751 3459 λέγει
3807 3389 3875 3441 τὴν
3911 3389 3954 3431 fr;

2459 3482 2710 3547 σταυροῦ.

2530 3658 2629 3706 Καὶ
2687 3649 2814 3715 εἶδε,
2863 3657 2949 3704 καὶ
3005 3651 3198 3727 ίχοίρη.
3259 3653 3458 3727 Ἐχάρη
3514 3650 3609 3708 διὰ
3656 3660 3742 3713 τήν
3785 3657 3957 3720 aurasin

2454 3751 2546 3794 τοῦ
2594 3747 2816 3813 κόσμου.
2867 3746 3125 3814 Προγνούς
3166 3745 3266 3815 γὰρ
3319 3745 3377 3794 τὸ
3433 3749 3725 3817 μυστήριον
3773 3750 3960 3801 signa?

2454 3837 2662 3904 ρώσεως
2705 3838 2796 3882 τοῦ
2861 3838 3094 3902 Χριστοῦ
3146 3829 3491 3904 ίπεθύμησεν]
3553 3830 3680 3886 ἰδεῖν
3728 3836 3808 3888 τὴν
3839 3832 3960 3898 tif-15'?!)

2455 3921 2635 3986 αὑτοῦ,
2698 3925 2788 3972 καὶ
2837 3916 2969 3971 εἶδεν
3020 3920 3176 3977 αὐτὴν
3235 3918 3254 3991 [
3307 3923 3864 3995 προσκεαγριιφηθείσαν
3899 3922 3962 3984 (tu

2452 4008 2566 4080 καὶ]
2597 4005 3018 4060 διατυπωθεῐσαν
3049 4007 3097 4059 ἐν
3140 4016 3201 4080 τῇ
3249 4011 3417 4080 ἡμέρᾳ
3445 4011 3568 4062 καθ’
3601 4014 3660 4069 ἦν
3691 4009 3890 4077 ἀνήνεγκε
3919 4022 3963 4052 τε]

2456 4102 2566 4150 υἱὸν
2606 4097 2766 4150 αὑτοῦ
2814 4115 2899 4148 τον
2929 4098 3114 4150 Ἰσαὰκ
3167 4098 3240 4157 εἰς
3291 4097 3672 4169 ὁλοκάρπωσιν,
3717 4097 3876 4168 Ἐμαθε
3909 4097 3962 4160 γὲι

2457 4190 2558 4253 ὃτι,
2608 4189 2780 4254 ὥσπερ
2830 4186 2980 4245 αὐτὸς
3030 4186 3123 4238 ούκ
3163 4189 3399 4257 ἐφείσατο
3455 4197 3551 4240 τοῦ
3601 4190 3713 4240 υἱοῦ
3763 4187 3887 4237 αὑτοῦ
3917 4200 3962 4229 rs.

694 4273 773 4328 ita
812 4289 1007 4344 neque
1047 4273 1196 4327 Deus
1239 4275 1569 4343 parciturus
1623 4279 1779 4328 esset
1843 4273 1982 4329 Filio
2038 4291 2148 4329 suo
2199 4276 2308 4330 (lile

2382 4261 2423 4314 ί)
2460 4276 2733 4347 ἀγαπητοῦ
2770 4270 2862 4326 διὰ
2900 4278 2986 4326 τὸν
3026 4278 3175 4340 Θεὸν,
3227 4275 3387 4336 οὕτως
3429 4273 3556 4329 ούδε
3608 4278 3634 4328 ὁ
3671 4278 3779 4335 Θεὸς
3812 4279 3961 4345 quam:

696 4369 789 4418 cto
821 4371 1059 4434 propter
1085 4363 1410 4417 hominem.
1449 4365 1511 4416 Et
1537 4362 2056 4433 quemadmodum
2088 4364 2185 4418 ille
2213 4380 2345 4434 por-

695 4454 836 4508 tavit
876 4452 1033 4523 ligna
1067 4451 1393 4506 holocausti
1460 4451 1568 4518 sui,
1637 4452 1714 4506 ita
1767 4457 1821 4505 et
1850 4452 1974 4522 ipse
2007 4459 2346 4523 portaturus

695 4546 847 4595 esset
883 4541 1115 4608 lignum
1157 4540 1360 4595 mortis
1399 4555 1541 4594 suae.
1588 4541 2025 4606 Verumtamen,
2061 4542 2209 4597 sicut
2249 4542 2346 4597 illo

695 4645 812 4684 non
855 4645 1036 4701 passo
1068 4629 1410 4701 suppositus
1441 4634 1526 4683 est
1565 4629 1718 4683 aries
1757 4645 1767 4683 :
1804 4629 1883 4684 ita
1941 4635 1998 4684 et
2050 4629 2164 4685 hoc
2217 4648 2347 4687 ma-

695 4725 872 4773 nente
902 4718 1277 4791 impassibili,
1309 4717 1656 4772 humanitas
1681 4720 1810 4788 ejus
1834 4719 2032 4773 occisa
2051 4720 2346 4784 est.0uod

699 4806 749 4860 si
774 4806 930 4862 diem
963 4809 1090 4876 ejus
1120 4806 1320 4862 videre
1351 4805 1725 4870 desideravit,
1769 4806 1975 4879 utique
2022 4807 2136 4863 hoc
2198 4814 2341 4878 erat,

698 4897 987 4965 tanquam
1028 4896 1300 4967 majoris.

769 5107 814 5142 ⁷⁷
845 5108 949 5166 Tit.
977 5110 1114 5176 [,16.
1215 5109 1723 5179 "Joan.vui,19.
1801 5112 2038 5168 "Joan.
2068 5129 2160 5177 vn,
2190 5116 2277 5169 26.

2458 4374 2548 4418 τοῦ
2581 4367 2702 4417 Υίοῦ
2733 4363 2892 4416 αὐτοῦ
2932 4370 3022 4415 τοῦ
3052 4361 3326 4433 ἀγαπητοῦ
3368 4361 3461 4416 διὰ
3489 4369 3576 4416 τὸν
3622 4366 3874 4436 ἄνθρωπον.
3909 4364 3959 4409 lix:

2459 4458 2632 4524 ὡσπερ
2708 4453 2856 4514 οὗτος
2905 4451 3162 4504 ἐϐάστασε
3212 4454 3277 4504 τὰ
3322 4452 3448 4515 ξύλα
3502 4462 3604 4515 τῆς
3659 4453 3959 4524 ὁλοκαρπὼπως

2462 4544 2639 4606 αύτου,
2682 4543 2816 4593 οὕτω
2843 4539 3076 4602 κάκεῖνος
3124 4539 3382 4613 βαστάσει
3412 4545 3466 4594 τὸ
3495 4542 3646 4605 ξύλον
3688 4550 3772 4595 τοῦ
3820 4542 3955 4591 Θανάτῖη

2457 4634 2634 4684 αὐτοῦ.
2692 4630 2827 4688 Πλὴν
2879 4630 3113 4701 καθάπερ
3174 4633 3358 4682 τούτου
3423 4635 3689 4702 μείναντος
3742 4629 3953 4682 amem:

2455 4723 2600 4792 κριὸς
2652 4718 2830 4783 ἐτύθη,
2898 4719 3032 4770 ούτω
3083 4717 3318 4771 κάκείνου
3390 4722 3631 4791 μένοντος
3697 4718 3889 4773 ἀπαθοῦς
3929 4728 3952 4756 ττ

2456 4808 2773 4882 ἀνθρώπινον
2839 4807 2999 4860 αύτοῦ
3067 4809 3556 4878 σφαγιασθησεταε.
3637 4808 3696 4862 Εἰ
3763 4803 3814 4859 δε
3858 4802 3949 4855 ὶπεέν

2455 4916 2620 4970 μησεν
2669 4893 2798 4949 ἰδεῖν
2851 4901 2943 4954 τὴν
3001 4897 3196 4968 ἡμέραν
3259 4895 3438 4967 αὐτοῦ,
3502 4900 3575 4960 ὡς
3624 4898 3841 4970 μείζονος
3888 4909 3945 4942 πθ

2455 5006 2574 5047 τως.

1920 5289 2134 5358 Varia:
2172 5289 2502 5358 lectiones
2545 5299 2610 5357 et
2653 5298 2852 5356 notae.

767 5448 879 5522 (66)
916 5449 978 5504 In
1021 5451 1319 5522 contextu,
1348 5448 1462 5522 illo
1493 5448 1552 5504 in
1589 5449 1717 5504 loco
1761 5449 1942 5522 codd.
1997 5451 2345 5522 Eutliymius

697 5518 922 5592 habent
974 5519 1285 5592 vulgatum
1341 5520 1600 5581 ἀληθινός.
1663 5521 1775 5592 Sed
1827 5518 2346 5592 Chrysostfrefert

699 5589 1078 5664 ἁληθήςῄτοω.
1113 5589 1252 5656 Vill,
1275 5607 1341 5664 p.
1374 5592 1497 5661 294,
1522 5593 1647 5659 295,
1679 5589 2011 5664 aliquoties.

767 5665 880 5733 (67)
904 5661 963 5714 '0
993 5662 1311 5733 interponit
1339 5668 1406 5718 Α.

767 5731 879 5805 (68)
947 5740 1052 5793 Τήν
1134 5731 1301 5791 abest
1375 5739 1440 5790 Α.
1532 5732 1798 5790 Refertur
1864 5733 1934 5790 ad
2001 5731 2206 5795 εἴδησιν
2255 5741 2343 5790 καὶ

2455 5460 2668 5523 γνῶσιν.

2529 5525 2640 5592 (69)
2681 5521 2910 5576 Inclusa
2934 5519 3154 5592 absunt
3181 5521 3248 5573 Α.

2528 5576 2639 5665 ζῖοᾶ
2681 5593 2918 5649 Inclusa
2949 5591 3173 5648 absunt
3211 5595 3276 5646 A.
3310 5591 3530 5650 Ibidem
3565 5593 3780 5665 legitur,
3814 5576 3943 5660 «9956'

2459 5667 2805 5718 θυπωθεῖσαν.
