4088 6440
178 347 320 404 1305

1262 346 1608 404 COMMENT
1647 347 1716 404 IN
1753 346 2104 404 JOANNEM.
2146 378 2214 390 --
2251 348 2408 404 CAP.
2452 345 2548 404 IX.

3227 28 3538 43 ο-ή-ν-υ-ν-η-ιπ
3551 35 3578 41 ν

3401 347 3424 402 1
3437 348 3542 404 306

251 479 351 528 Καὶ
381 505 449 515 --
477 472 706 547 ἕώρακας
732 490 746 540 ;
772 471 960 546 ’ᾨοντο
985 474 1088 546 γὰρ
1119 472 1271 525 αὐτόν
1303 472 1457 544 ἐγγὺς
1485 471 1614 526 εἶναι
1651 493 1764 526 πεν-

1954 473 2118 528 Vers.
2152 475 2240 528 57.
2268 473 2441 527 Et—
2490 472 2690 528 vidisti
2742 469 2771 526 7
2823 469 3120 528 Putabant
3183 470 3342 527 enim
3399 488 3537 528 eum

175 569 403 623 τήκοντα
453 563 574 615 ἐτῶν
624 560 719 616 διὰ
767 567 861 620 τήν
917 563 1254 634 πολυπειρίαν
1309 563 1489 616 αὐτοῦ.
1536 564 1664 615 Τινά
1712 558 1772 614 δὲ

177 663 274 706 τῶν
329 654 440 724 (7t)
494 651 819 727 ἀντιγράφων
858 655 1252 726 τεσσαράκοντα
1292 653 1604 728 γράφουσιν,
1647 653 1770 724 ὅπερ

179 739 324 796 δοκεί
350 741 729 815 ἀκριϐέστερον.

249 917 398 972 Εἶπεν
451 951 518 960 -
573 919 698 982 εἰμι.
748 919 836 982 Ὠς
902 923 1050 982 Θεός.
1107 925 1207 974 Καὶ
1264 919 1358 972 οὑκ
1417 915 1574 986 εἶπεν,
1637 917 1772 989 Ἐγώ

175 1012 336 1080 ἤμην,
415 1008 520 1060 ἀλλ’
581 1010 711 1080 Ἐγώ
763 1009 871 1082 εἰμι
913 1011 938 1062 ό
999 1007 1076 1062 ἀεὶ
1139 1013 1225 1060 ὤν.
1258 1012 1328 1060 Τό
1353 1011 1442 1074 μὶν
1491 1004 1579 1059 οὑν
1637 1010 1772 1078 γενέ-

177 1100 304 1150 σθαι
363 1103 714 1151 κτιστοῦντό
807 1095 866 1151 δε
932 1098 1051 1171 Εἰμὶ
1131 1096 1381 1150 ἀκτίστου
1430 1098 1448 1168 [
1503 1101 1594 1150 καὶ
1655 1098 1771 1168 (72)

174 1192 392 1240 κτίστου

248 1276 413 1352 Ἦραν
450 1305 504 1318 -
554 1276 731 1328 αὐτόν.
789 1279 854 1329 Οἱ
888 1283 1071 1348 ταχεῖς
1111 1279 1238 1349 πρὸς
1267 1281 1414 1348 φόνον
1445 1297 1457 1309 ·
1488 1275 1769 1349 Ἠγρίαναν

173 1368 276 1438 γὰρ
326 1363 570 1428 δόξαντες
620 1364 936 1438 ὑϐρισθῆναι
978 1369 1064 1417 τόν
1123 1364 1360 1440 Ἀϐραὰμ
1403 1383 1415 1394 '
1451 1365 1561 1436 ἅμα
1589 1361 1648 1418 δὲ
1679 1369 1770 1416 καὶ

172 1460 380 1526 γνόντες
409 1456 487 1508 ὅτι
518 1451 796 1514 ἀιδιότητα
834 1463 967 1509 Θεοῦ
992 1456 1320 1527 περιτίθησιν
1347 1454 1529 1524 ἑαυτῷ.

248 1633 454 1694 Ἰησοῦς
511 1630 570 1687 δε
617 1632 832 1707 ἐκρύϐη.
879 1635 1128 1707 Ἀόρατος
1185 1633 1364 1694 αὐτοῖς
1424 1637 1647 1691 κατέστη
1701 1640 1764 1704 τῇ

173 1723 388 1796 ὶξουσίᾳ
417 1731 508 1784 τῆς
547 1725 806 1784 θεότητος.

249 1817 347 1866 Καὶ
381 1816 540 1888 ἱεροῦ.
565 1818 677 1866 Ἵνα
703 1811 1008 1871 κατασταλῆ
1042 1814 1067 1864 ό
1102 1814 1264 1884 θυμός
1292 1812 1481 1866 αὐτῶν.

243 1990 459 2044 Διελθών
489 2022 557 2030 -
586 1991 776 2044 αὐτῶν.
831 1997 917 2050 Μὴ
963 1991 1261 2063 ἰσχυόντων
1293 1987 1422 2043 ἰδεῖν
1462 1990 1634 2046 αὐτόν.
1671 1997 1768 2047 Καὶ

170 2079 320 2134 διατί
371 2080 466 2132 οὐκ
522 2079 754 2144 ἐξέλυσεν
785 2080 952 2133 αὐτῶν
992 2085 1086 2138 τῆν
1135 2077 1357 2151 δύναμιν
1401 2085 1489 2133 καὶ
1547 2088 1774 2152 φανερῶς

170 2169 477 2243 ἀνεχώρησε
497 2186 510 2235 ;
545 2175 686 2222 Διότι
702 2172 812 2222 οὔθ’
835 2170 994 2231 οὕτως
1015 2168 1218 2241 ἔμελλον
1247 2172 1529 2223 πιστεύειν.
1553 2172 1765 2242 Καὶγὰρ

169 2259 220 2312 ἐν
249 2268 318 2330 τῷ
347 2267 512 2332 καιρῷ
543 2267 635 2310 τοῦ
697 2261 900 2320 [Ιάθους
945 2261 1158 2320 ὑπτίους
1190 2259 1302 2328 (73)
1355 2259 1538 2319 αὐτοὺς
1567 2258 1762 2333 ἔρριψε,

168 2354 260 2401 καὶ
290 2352 383 2401 τὰς
404 2349 545 2419 ὄψεις
575 2348 743 2400 αὐτῶν
766 2347 1026 2410 ὶσκότισε,
1067 2353 1156 2400 καὶ
1187 2349 1279 2400 οὐκ
1310 2346 1640 2402 ἆπίστευσαν.
1663 2349 1763 2400 Οὐ·

170 2433 259 2489 δεν
288 2439 386 2509 γὰρ
419 2443 597 2508 χεῖρον
626 2435 815 2508 ψυχῆς
847 2435 1225 2507 ἀπεγνωκυίας.
1284 2435 1389 2489 Κάν
1435 2440 1536 2510 γὰρ
1571 2444 1766 2508 σημεῖα

165 2523 288 2599 ἴδη,
315 2525 409 2578 κάν
440 2530 648 2601 τέρατα,
679 2530 815 2598 μένει
845 2530 938 2585 τὴν
965 2526 1126 2585 αὐτὴν
1170 2529 1375 2599 ἔχουσα
1402 2525 1555 2579 πάλιν
1583 2525 1764 2578 ἀναισ-

164 2637 273 2688 χυν
283 2620 412 2670 τίαν.

245 2710 344 2758 Καὶ
372 2713 604 2778 παρῆγεν
625 2705 810 2767 οὑτως.
841 2705 1112 2768 Ἐϐάδιζεν
1150 2707 1327 2773 οὑτως,
1362 2711 1434 2779 μὴ
1469 2709 1764 2780 φαινόμενος

163 2793 366 2856 αὐτοῖς.

420 2889 564 2937 ΚΕΦ.
609 2881 662 2938 1’.
690 2888 812 2957 Περὶ
840 2892 932 2937 τοῦ
971 2884 1026 2938 ἕκ
1063 2894 1268 2957 γενετῆς
1297 2884 1510 2957 τυφλοῦ.

242 2977 342 3026 Καὶ
371 3003 440 3012 -
467 2982 692 3044 γενετῆς.
718 2973 941 3026 Βεϐαιῶν
971 2973 1006 3026 ἂ
1035 2971 1162 3039 εἶπε,
1193 2979 1282 3027 καὶ
1311 2977 1650 3046 πιστούμενος
1683 2976 1762 3026 ὅτι

163 3066 292 3122 Θεός
340 3061 501 3127 ἔστιν,
559 3061 709 3122 εὐθὺς
739 3064 953 3136 ἔρχεται
1000 3061 1083 3115 ἐπὶ
1138 3065 1314 3134 θαῦμα
1364 3067 1632 3135 μέγιστον,
1673 3067 1761 3114 καὶ
1795 3076 1833 3131 C

161 3157 322 3220 μήπω
407 3156 572 3223 μέχρι
620 3156 735 3203 τότε
789 3155 1075 3223 γενόμενον.
1134 3149 1328 3224 Τυφλοὶ
1375 3156 1464 3224 μὲν
1515 3155 1616 3224 γὰρ
1673 3156 1762 3203 καὶ

161 3239 313 3292 ἄλλοι
371 3238 648 3309 ἀνέϐλεψαν
692 3255 704 3268 ·
747 3239 936 3310 τυφλός
991 3236 1049 3292 δε
1107 3238 1154 3292 ἐν
1201 3249 1408 3311 γενετῆς
1439 3242 1549 3311 (74)
1589 3236 1760 3300 οὐδεὶς

161 3331 298 3403 ἄχρι
318 3336 452 3382 τότε.
493 3331 580 3381 Διό
609 3333 698 3380 καὶ
725 3325 1014 3398 ἀναϐλέψας
1045 3327 1210 3400 ἔλεγεν
1261 3348 1273 3360 ο
1309 3329 1395 3382 Ἐκ
1426 3337 1517 3381 τοῦ
1575 3329 1762 3389 αἰῶνος

161 3419 256 3471 οὐκ
286 3419 523 3476 ἠκούσθη
550 3419 630 3469 ὅτι
677 3416 846 3480 ἤνοιξε
871 3436 946 3477 τις
984 3416 1276 3489 ὀφθαλμοὺς
1304 3418 1497 3490 τυφλοῦ
1525 3436 1760 3489 γεγεννη-

163 3511 340 3580 μένου.

241 3777 340 3826 Καὶ
397 3803 464 3814 -
514 3775 732 3846 γεννηθῇ
765 3773 1092 3849 ςἘρωτῶσιν
1159 3775 1262 3846 οὐχ
1317 3777 1386 3836 ὡς
1434 3782 1588 3828 τοῦτο
1637 3777 1762 3828 πάν-

162 3881 261 3923 τως
316 3863 346 3922 ῆ
407 3865 566 3915 έκεῖνο
631 3862 1095 3936 ὑπολαμϐάνοντες,
1150 3866 1382 3939 καθάπερ
1438 3867 1486 3917 οἱ
1552 3863 1762 3924 ἀνόητοι

164 3949 418 4006 Ἰουδαῖοι
445 3966 459 3982 ⁸
486 3956 542 4005 τὸ
571 3955 663 4023 μὶν
712 3955 814 4026 γὰρ
873 3953 1120 4026 ἁμαρτεῖν
1171 3957 1270 4027 πρὸ
1330 3961 1422 4006 τοῦ
1451 3956 1762 4026 γεννηθῆναι

163 4038 442 4111 ἀδύνατον,
476 4045 533 4094 τὸ
565 4038 624 4094 δε
648 4043 775 4117 ὑπερ
807 4051 908 4094 τῶν
934 4047 1123 4114 γονέων
1167 4043 1483 4104 κολάξεσθαι
1535 4041 1720 4096 ἄδικον
1745 4061 1757 4074 ο

161 4129 269 4182 ἀλλ’
301 4133 445 4183 ἔστιν
478 4132 504 4183 ό
531 4135 727 4194 σκοπός
775 4138 866 4184 τοῦ
895 4131 1052 4203 λόγου
1076 4140 1330 4192 τοιοῦτος,
1387 4132 1445 4184 Ὀ
1469 4135 1558 4204 μεν
1590 4136 1761 4207 παροξ-

157 4219 311 4281 λυτος
343 4216 436 4272 διὰ
478 4223 570 4282 τὰς
615 4219 872 4293 ἁμαρτίας
924 4223 1084 4272 αὑτοῦ
1138 4221 1364 4288 ἠσθένει,
1423 4223 1596 4282 καθὼς
1661 4220 1765 4274 ὶκεῖ

159 4310 534 4381 μεμαθήκαμεν
584 4327 599 4343 ο
650 4314 766 4382 περὶ
817 4312 998 4362 τούτου
1039 4306 1098 4362 δὲ
1152 4310 1263 4377 (75)
1303 4315 1357 4361 τί
1409 4309 1572 4380 λέγεις
1613 4326 1627 4376 ;
1678 4314 1762 4370 Τίς

1883 560 2066 618 ferme
2121 576 2254 617 esse
2304 561 2911 634 quinquagenarium,
2990 564 3232 632 propter
3285 560 3537 617 multam

1881 651 2014 723 ejus
2058 651 2331 722 peritiam
2380 656 2437 707 et
2481 651 2927 723 experientiam.
2998 649 3280 715 Quaedam
3337 656 3536 706 autem

1883 740 2248 811 exemplaria
2317 739 2557 804 habent,
2607 739 3036 812 quadraginta,
3081 739 3258 812 .quod
3307 739 3540 795 videtur

1882 845 2008 885 esse
2040 830 2250 884 verius.

1952 919 2113 972 Vers.
2193 922 2278 974 58.
2333 918 2506 974 Dixit
2570 948 2639 957 —
2704 919 3198 990 sum.’l‘anquam
3244 918 3417 972 Deus.
3475 918 3540 973 Et

1879 1021 1995 1062 non
2049 1007 2216 1071 dixit,
2279 1010 2400 1076 Ego
2441 1022 2606 1062 eram
2648 1007 2826 1078 ;sed,
2877 1007 3002 1077 Ego
3027 1022 3174 1074 sum,
3232 1007 3331 1078 qui
3385 1022 3542 1062 sem-

1878 1113 1986 1167 per
2016 1114 2172 1152 sum.
2204 1097 2344 1153 Fieri
2373 1097 2664 1168 siquidem
2695 1096 2778 1152 rei
2809 1101 3020 1152 creatae
3050 1099 3170 1164 est;
3199 1097 3344 1153 Sum
3375 1111 3536 1160 vero,

1877 1185 2154 1242 increatte
2216 1191 2272 1242 et
2299 1192 2530 1242 creatae.

1950 1277 2112 1331 Vers.
2148 1276 2232 1331 59.
2275 1277 2566 1332 Tulerunt
2603 1307 2665 1316 —
2699 1291 2846 1332 eum.
2872 1275 3118 1331 Veloces
3183 1274 3260 1331 ad
3291 1274 3534 1331 caedem.

1881 1366 2218 1436 Exasperati
2252 1371 2390 1421 sunt
2442 1365 2601 1420 enim
2651 1371 2928 1434 putantes
2976 1364 3193 1434 injuria
3257 1363 3535 1422 affectum

1879 1471 2011 1510 esse
2068 1455 2372 1511 Abraham
2425 1472 2438 1508 :
2482 1454 2656 1510 simul
2705 1455 2902 1520 etiam,
2961 1454 3062 1510 ubi
3116 1455 3538 1525 cognovissent

1879 1543 2044 1617 quod
2074 1544 2171 1599 Dei
2203 1543 2584 1599 aeternitatem
2619 1544 2730 1598 sibi
2763 1543 3108 1600 vindicaret.

1952 1634 2117 1690 Vers.
2147 1635 2238 1691 59.
2269 1636 2430 1688 Jesus
2469 1640 2661 1689 autem
2685 1635 3016 1689 occultatus
3055 1639 3157 1689 est.
3188 1633 3297 1688 Per
3325 1633 3538 1689 divini-

1880 1725 2012 1781 tatis
2038 1724 2366 1796 potentiam
2397 1723 2705 1780 invisibilis
2757 1725 2843 1779 eis
2877 1723 3143 1780 effectus.

1805 1833 1846 1888 Β
1952 1815 2116 1869 Vers.
2143 1814 2232 1868 59.
2276 1815 2354 1869 Et
2384 1845 2451 1854 —-
2499 1813 2726 1882 templo.
2786 1816 2854 1869 Ut
2909 1812 3146 1868 illorum
3180 1813 3413 1869 sedaret
3445 1812 3534 1868 fu-

1880 1918 2074 1959 rorem
2085 1944 2097 1955 .

1952 1993 2116 2048 Vers.
2144 1998 2229 2049 59.
2264 1992 2664 2050 Pertransiens
2709 2022 2773 2032 —
2803 1992 3064 2047 illorum.
3099 1993 3240 2048 Cum
3275 1990 3355 2047 illi
3396 2007 3532 2047 eum

1878 2082 2077 2138 videre
2120 2098 2240 2138 non
2286 2086 2555 2154 possent.
2621 2083 2686 2136 Et
2725 2097 2911 2152 quare
2943 2097 3065 2136 non
3124 2081 3388 2136 dissolvit
3418 2080 3539 2136 illo-

1876 2188 2011 2227 rum
2043 2172 2340 2236 virtutem,
2375 2177 2431 2226 et
2492 2170 2807 2226 manifeste
2881 2170 3123 2225 recessit
3167 2169 3195 2224 ?
3241 2170 3385 2236 Quia
3428 2185 3537 2226 nec

1878 2261 1962 2316 sic
2011 2261 2288 2316 credituri
2361 2264 2550 2315 erant.
2628 2258 2852 2314 Etenim
2901 2264 3171 2329 tempore
3229 2259 3534 2329 passionis

1875 2351 2125 2423 supinos
2157 2351 2290 2406 illos
2319 2350 2550 2421 dejecit,
2600 2363 2931 2420 eorumque
2994 2353 3266 2420 aspectus
3322 2347 3536 2404 obscu-

1873 2442 2044 2507 ravit,
2091 2447 2146 2497 et
2192 2457 2314 2496 non
2365 2439 2762 2494 crediderunt.
2817 2441 2964 2494 Nam
3021 2438 3223 2494 anima
3274 2437 3535 2509 reproba

1874 2531 2023 2586 nihil
2051 2536 2136 2586 est
2166 2531 2339 2603 pejus
2370 2546 2382 2584 :
2415 2528 2546 2585 licet
2575 2527 2734 2584 enim
2776 2527 2951 2597 signa
2993 2527 3193 2584 videat
3230 2543 3300 2582 ac
3334 2526 3533 2598 prodi-

1873 2621 1988 2690 gia,
2018 2637 2185 2676 suam
2218 2624 2415 2676 tamen
2449 2633 2687 2689 semper
2716 2617 2928 2672 retinet
2956 2615 3422 2688 impudentiam.

1943 2711 2108 2766 Vers.
2145 2711 2214 2766 59
2255 2710 2333 2765 Et
2362 2710 2449 2766 ita
2474 2707 2834 2780 praeteribat.
2879 2705 3247 2763 Ambulabat
3280 2706 3380 2772 ita,
3412 2720 3536 2762 non

1873 2815 2168 2873 apparens
2204 2799 2339 2855 illis.

2229 2890 2382 2946 CAP.
2413 2889 2477 2944 X.
2513 2889 2591 2942 De
2618 2903 2752 2942 caeco
2781 2903 2820 2941 a
2846 2886 3173 2942 nativitate.

1943 2981 2082 3052 Cap.
2131 2979 2229 3034 IX.
2287 2980 2428 3034 Vers
2465 2983 2511 3032 t.
2563 2977 2639 3032 Et
2683 3007 2752 3016 —-
2783 2976 3112 3031 nativitate.
3165 2972 3538 3030 Conﬁrman-

1870 3068 1970 3132 dn,
2019 3068 2183 3140 quod
2248 3068 2497 3131 dixerat,
2551 3066 2856 3137 ﬁdemque
2886 3064 3130 3128 faciens,
3170 3063 3335 3136 quod
3380 3063 3535 3119 Deus

1871 3163 2028 3212 esset
2067 3157 2266 3212 statim
2339 3155 2502 3210 venit
2553 3155 2628 3209 ad
2677 3153 3033 3209 miraculum
3088 3154 3444 3218 maximum,
3478 3158 3536 3208 et

1871 3262 2061 3317 usque
2093 3246 2166 3301 ad
2198 3245 2255 3300 id
2284 3245 2569 3316 temporis
2600 3257 2915 3313 nunquam
2949 3241 3191 3296 factum.
3225 3242 3532 3313 Siquidem

1870 3339 1928 3389 et
1973 3334 2068 3389 alii
2111 3333 2252 3390 caeci
2293 3333 2488 3387 visum
2543 3336 2911 3401 receperunt,
2953 3345 3159 3384 verum
3193 3329 3294 3402 qui
3346 3346 3380 3385 a
3430 3344 3534 3385 na-

1871 3423 2092 3479 tivitate
2145 3438 2338 3478 caecus
2391 3421 2616 3486 fuisset,
2668 3418 2868 3474 nullus
2935 3433 3124 3489 usque
3157 3417 3234 3472 ad
3280 3417 3339 3472 id
3393 3422 3537 3472 tem-

1870 3529 2004 3586 pus.
2039 3512 2176 3567 Ideo
2227 3511 2426 3576 etiam,
2486 3510 2589 3582 qui
2620 3508 2816 3563 visum
2877 3508 2945 3578 (λ)
2977 3506 3214 3576 recepit,
3248 3505 3486 3562 dicebat
3516 3507 3532 3549 ε

1869 3603 1917 3658 Α
1951 3601 2165 3657 seculo
2203 3615 2318 3654 non
2381 3604 2462 3655 est
2503 3598 2796 3660 auditum,
2851 3595 3007 3668 quod
3056 3593 3353 3664 aperuerit
3384 3595 3536 3666 quis-

1867 3691 2029 3762 piam
2063 3690 2253 3745 oculos
2276 3688 2410 3745 caeci
2461 3687 2593 3743 nati
2641 3689 2708 3739 ⁸ο.

1943 3783 2109 3835 Vers.
2184 3782 2236 3833 2.
2294 3778 2374 3834 Et
2421 3783 2747 3832 nasceretur
2793 3775 2822 3831 7
2888 3772 3355 3844 lnterrogabant,
3410 3788 3531 3829 non

1871 3869 2036 3941 quod
2087 3868 2199 3924 hoc
2230 3872 2334 3924 aut
2361 3867 2508 3922 illud
2536 3864 2784 3922 omnino
2808 3863 3274 3936 suspicarentur,
3333 3878 3534 3935 quem-

1871 3957 2202 4014 admodum
2271 3956 2618 4028 insipientes
2689 3953 2926 4018 Judaei;
2977 3967 3120 4008 nam
3183 3951 3344 4008 hunc
3401 3967 3536 4022 pec-

1872 4061 2060 4110 casse,
2133 4050 2459 4118 antequam
2519 4049 2696 4100 natus
2765 4045 2938 4106 esset,
2990 4040 3364 4112 impossibile
3411 4045 3535 4096 erat

1872 4151 2050 4207 porro
2076 4150 2182 4206 pro
2228 4134 2580 4204 parentibus
2647 4131 2846 4203 puniri
2879 4131 3166 4200 injustum
3209 4145 3222 4193 ;
3266 4129 3368 4184 sed
3399 4129 3533 4184 ﬁnis

1872 4224 2167 4278 sermonis
2221 4221 2349 4277 talis
2407 4227 2514 4276 est.
2569 4219 2932 4289 Paralyticus
2989 4217 3234 4288 quidem
3293 4221 3535 4288 propter

1871 4315 2119 4382 peccata
2158 4327 2267 4365 sua
2314 4309 2666 4374 aegrotabat,
2727 4307 2877 4361 sicut
2914 4305 2995 4360 ibi
3041 4305 3362 4359 didicimus
3401 4320 3413 4359 :
3459 4305 3532 4360 de

162 4399 410 4470 ἥμαρτεν,
468 4396 613 4456 οὗτος
651 4396 680 4454 ῆ
733 4398 781 4448 οἰ
825 4404 993 4467 γονεῖς
1060 4396 1218 4448 αὑτοῦ
1275 4399 1467 4468 ςὴμείς
1497 4399 1598 4470 γὰρ
1647 4398 1763 4449 οὗτε

1889 4417 1986 4454 ioc
2019 4404 2238 4459 autem.
2309 4397 2452 4455 quid
2515 4396 2662 4451 dicis
2711 4395 2739 4450 ‘2
2785 4397 2922 4463 Quis
2968 4395 3248 4461 peccavit,
3308 4392 3424 4457 hic,
3455 4408 3529 4450 an

158 4490 316 4536 τοῦτο
337 4486 452 4536 όῦτε
482 4483 640 4537 ἐκεῖνο
671 4480 940 4557 δυνάμεθα
977 4483 1159 4556 λέγειν,
1196 4485 1448 4545 παντελῶς
1479 4483 1763 4559 ἔξαπορού·

158 4591 326 4646 μενοι.

233 4759 282 4795 ⁸ο
301 4759 476 4816 Joan.
506 4774 585 4828 ιχ,
619 4759 704 4816 32.

1868 4495 2138 4558 parentes
2169 4489 2294 4557 ejus
2333 4485 2362 4541 ἲ
2411 4502 2522 4542 nos
2554 4485 2714 4540 enim
2743 4499 2937 4554 neque
2976 4481 3108 4545 hoc,
3162 4497 3356 4553 neque
3387 4481 3532 4538 illud

1871 4576 2065 4632 dicere
2117 4591 2462 4648 possumus,
2513 4573 2762 4630 omnino
2793 4570 3124 4628 conturbati
3155 4569 3530 4643 consilioque

1871 4665 2154 4722 destituti.

1365 4859 1589 4929 Varia;
1619 4860 1948 4929 lectiones
1983 4872 2047 4930 et
2089 4869 2290 4930 notae.

227 5003 340 5073 (71)
363 5001 594 5058 Scilicet
621 5000 1055 5072 Cbrysostomi,
1080 5002 1183 5074 qui
1205 5002 1488 5058 audacter
1516 5004 1596 5060 ita
1625 5019 1749 5059 cor-

156 5075 323 5146 rexit.
375 5074 516 5130 Vide
558 5078 699 5129 tom.
731 5073 872 5146 νιμιίι,
906 5089 1045 5146 pag.
1078 5073 1214 5146 324.
1257 5075 1752 5146 Chrysostomum

156 5089 323 5129 rent.
380 5089 516 5130 Viae
558 5089 699 5129 tom.
740 5089 872 5138 νιιι,
904 5089 1045 5200 Eag.
1083 5089 1214 5130 324.
1257 5089 1751 5146 unrysostomum

154 5144 423 5225 sequitur
442 5161 604 5225 unus
620 5161 692 5202 ex
708 5144 896 5225 codici
949 5161 1016 5225 uAs
1043 5145 1498 5225 illosquensibus
1522 5146 1751 5225 N.Te_s_t.

157 5215 340 5289 g.qui
373 5220 614 5289 estcum
659 5216 923 5272 scholiis.
966 5215 1269 5284 Origenes,
1323 5216 1426 5289 qui
1457 5222 1605 5273 tom.
1649 5219 1750 5282 ΧΧ,

154 5286 215 5341 in
238 5287 526 5342 Joannem
560 5287 689 5343 haec
717 5289 859 5343 data
895 5303 1077 5360 opera
1132 5286 1567 5358 interpretatur,
1591 5289 1754 5344 hunc

155 5373 397 5429 versum
454 5364 644 5414 totum
709 5360 1106 5429 praetermisit.
1154 5365 1479 5417 Πεντήκοντα
1513 5366 1754 5415 servant

153 5427 354 5500 Cyl-ill.
390 5436 426 5484 t.
451 5430 568 5503 _lV,
604 5446 660 5500 p.
695 5427 796 5485 585
824 5431 882 5484 C.
919 5431 1392 5503 ;‘Theophylact.
1431 5447 1487 5503 p.
1529 5433 1634 5503 69C)
1670 5434 1706 5486 Ε
1738 5447 1751 5497 ;

154 5516 409 5628 geverus
447 5501 507 5556 in
539 5503 761 5557 Catena
813 5501 1093 5569 Corderii,
1135 5501 1194 5575 p.
1218 5501 1328 5559 243
1380 5521 1394 5572 ;
1431 5501 1486 5560 et
1515 5502 1751 5558 codices

197 5573 530 5628 robatiores
559 5587 785 5628 omnes.

197 5572 530 5628 robatiores
559 5587 785 5628 omnes.

227 5750 306 5821 (j)
340 5749 450 5820 Qui
480 5750 687 5807 visum.
723 5751 888 5807 Forte
918 5750 1082 5822 legit,
1114 5746 1200 5808 διὸ
1239 5756 1327 5805 καὶ
1355 5753 1380 5804 ό
1435 5750 1747 5829 ἀναϐλέψας.

1930 5006 2044 5076 (72)
2078 5003 2312 5061 Inclusa
2351 5003 2572 5076 absunt
2619 5005 2684 5058 A.
2720 5004 2975 5064 Κτίστης,
3006 4997 3318 5071 quomodo
3348 4999 3528 5076 etiam

1865 5074 2206 5132 Eustathius
2243 5075 2456 5139 scribit,
2488 5075 2593 5148 qui
2651 5091 2790 5131 cum
2850 5078 3034 5148 κτίτης
3061 5074 3392 5142 comparat.
3417 5087 3527 5148 pro

1866 5087 2206 5132 Eustathius
2243 5087 2456 5139 scribit,
2488 5091 2593 5148 qui
2651 5091 2790 5131 cum
2850 5091 3034 5131 κτιτης
3061 5087 3527 5198 comparaugro

1865 5148 2228 5274 sitibstantivo
2263 5148 2512 5220 accipio,
2568 5161 2707 5211 non,
2774 5150 2834 5201 ut
2885 5145 3194 5215 interpres,
3228 5157 3336 5212 pro
3367 5157 3402 5198 a
3447 5143 3528 5200 ie-

1865 5233 1896 5274 c
1927 5235 2044 5274 nvo.

1865 5233 2044 5275 οιινο.

1936 5290 2048 5362 (73)
2069 5292 2152 5346 Ita
2178 5289 2528 5362 plerumque
2544 5288 3004 5360 Chrysostomus
3022 5290 3278 5348 oratorie
3297 5290 3524 5354 laudat,

1862 5361 2036 5416 Joan.
2069 5378 2228 5416 XVIII.
2261 5365 2312 5424 6,
2336 5361 2519 5415 ἔπεσον
2550 5367 2749 5433 χαμαί.

1933 5433 2268 5498 (74)Γεννητῆ
2280 5453 2323 5494 ς.

1937 5503 2050 5573 (75)
2074 5507 2134 5556 Δὶ
2163 5503 2334 5560 abest
2374 5511 2439 5558 A.
