4088 6450
164 342 308 400 1305

1249 341 1594 400 COMMENT
1634 343 1703 400 IN
1741 341 2090 400 JOANNEM.
2133 374 2201 385 —
2238 344 2395 399 CAP.
2439 341 2536 399 IX.

3389 343 3411 398 1
3424 343 3529 400 306

237 475 339 524 Kal
368 501 437 510 —
465 467 693 542 ἑώρακας
719 485 733 536 ;
759 467 946 542 ’ῼοντο
973 469 1074 542 γὰρ
1107 467 1259 521 αὑτὸν
1290 467 1444 540 ίγγὺς
1471 466 1601 522 εἶναι
1639 489 1749 522 πεν-

1941 469 2105 524 Vers.
2139 468 2427 524 57.Et—
2477 467 2677 524 vidisti
2729 465 2758 522 ?
2810 465 3108 523 Putabant
3169 465 3329 523 enim
3386 483 3526 524 eum

161 565 390 618 τήκοντα
440 558 561 611 ἐτῶν
611 556 705 610 διὰ
754 563 848 615 τὴν
903 559 1241 630 πολυπειρίαν
1296 558 1476 612 αὑτοῦ.
1523 560 1652 611 Τινὰ
1700 554 1759 610 δὲ

163 658 262 701 τῶν
316 649 427 719 (7i)
481 647 806 723 ἀντιγράφων
845 650 1239 721 τεσσαράκοντα
1279 649 1591 723 γράφουσιν,
1634 649 1757 720 ὅπερ

166 733 312 791 δοκεῖ
337 737 716 811 ἀκριϐέστερον.

236 913 385 968 Εἶπεν
438 947 506 956 -
560 915 685 978 εἰμι.
735 915 824 978 Ὠς
889 919 1037 978 Θεός.
1095 921 1194 969 Kal
1251 914 1346 968 οῦκ
1403 910 1561 982 εἶπεν,
1623 912 1759 985 Ἐγὼ

163 1007 193 1063 ἦ
200 1025 324 1076 μην,

165 1096 291 1146 σθαι
350 1097 700 1146 κτιστοῦ·τὸ
795 1090 853 1146 δὲ
918 1094 1038 1166 Εἰμὶ
1118 1091 1368 1145 ἁκτίστου
1418 1093 1435 1164 [
1490 1097 1581 1145 καὶ
1642 1093 1758 1164 (72)

162 1188 380 1236 κτίστου

235 1271 400 1348 Ἦραν
437 1299 492 1312 -ι
541 1271 718 1324 αὑτόν.
776 1275 841 1325 Οἱ
875 1279 1058 1344 ταχεῖς
1097 1275 1226 1345 πρὸς
1254 1276 1400 1344 φόνον
1433 1292 1444 1304 ·
1475 1270 1756 1344 Ἠγρίαναν

162 1363 263 1434 γὰρ
313 1358 557 1424 δόξαντες
607 1359 923 1434 ὑϐρισθῆναι
965 1365 1052 1413 τόν
1111 1360 1348 1436 Ἀϐραὰμ
1390 1378 1402 1390 ⁸
1437 1361 1548 1432 ἅμα
1577 1357 1635 1413 δὲ
1667 1365 1757 1412 καὶ

161 1456 366 1522 γνόντες
395 1452 474 1504 ὅτι
505 1447 784 1509 ἀιδιότητα
821 1458 954 1504 Θεοῦ
978 1452 1308 1523 περιτίθησιν
1334 1450 1517 1520 ἑαυτῷ.

235 1629 441 1690 Ἰησοῦς
498 1626 558 1682 δι
604 1628 820 1703 ἐκρύϐη.
866 1631 1116 1702 Ἀόρατος
1173 1628 1352 1690 αὐτοῖς
1411 1632 1634 1686 κατέστη
1689 1636 1751 1700 τῇ

161 1719 375 1792 ἐξουσίᾳ
404 1727 496 1780 τῆς
535 1721 794 1780 θεότητος.

235 1812 334 1862 Καὶ
368 1811 526 1883 ἱεροῦ.
553 1814 664 1861 Ἵνα
691 1807 995 1866 κατασταλῆ
1030 1809 1054 1860 ό
1089 1809 1252 1880 θυμὸς
1279 1807 1468 1862 αὐτῶν.

231 1986 446 2040 Διελθὼν
476 2018 544 2026 —
573 1987 763 2040 αὑτῶν.
818 1992 904 2045 Μὴ
950 1986 1248 2058 ἰσχυόντων
1279 1983 1408 2038 ἰδεῖν
1449 1986 1621 2042 αὐτόν.
1658 1993 1755 2043 Καὶ

155 2074 308 2130 διατί
358 2076 452 2128 οὐκ
509 2075 741 2139 ἐξέλυσεν
772 2075 940 2128 αὐτῶν
979 2081 1072 2134 τῆν
1123 2072 1344 2147 δύναμιν
1387 2080 1476 2128 καὶ
1534 2083 1761 2148 φανερῶς

154 2164 497 2238 ἀνεχώρησα
531 2170 673 2218 Διότι
689 2167 798 2218 οὔθ’
821 2167 982 2226 οὕτως
1003 2165 1205 2237 ἔμελλον
1234 2167 1516 2219 πιστεύειν.
1541 2168 1752 2238 Kal-7&9

153 2255 208 2308 ἐν
236 2264 305 2326 τῷ
334 2262 499 2328 καιρῷ
530 2263 622 2306 τοῦ
683 2257 888 2316 Πάθους
933 2257 1145 2316 ὑπτίους
1177 2255 1289 2324 (73)
1341 2254 1525 2314 αὐτοὺς
1553 2253 1749 2328 ἔρριψε,

151 2350 248 2397 καὶ
277 2348 370 2397 τὰς
391 2344 532 2414 ὄψεις
563 2344 730 2396 αὐτῶν
753 2342 1013 2407 ἐσκότισε,
1055 2349 1144 2396 καὶ
1174 2344 1266 2396 οὐκ
1297 2342 1627 2398 ἐπίστευσαν.
1651 2344 1750 2396 Οὑ-

151 2429 246 2485 δεν
275 2435 374 2504 γὰρ
406 2439 584 2504 χεῖρον
613 2431 802 2504 ψυχῆς
834 2431 1212 2503 ἁπεγνωκυίας.
1271 2430 1376 2484 Κᾶν
1423 2435 1524 2506 γὰρ
1559 2439 1753 2503 σημεῖα

146 2519 275 2594 ἴδη,
303 2520 396 2574 κᾶν
427 2526 636 2596 τέρατα,
666 2525 803 2594 μένει
832 2526 926 2581 τῆν
953 2522 1114 2581 αὐτὴν
1157 2525 1362 2594 ἔχουσα
1390 2521 1542 2574 πάλιν
1571 2520 1752 2574 ἀναισ-

139 2616 398 2685 χυντίαν.

233 2705 331 2754 Kal
359 2708 591 2774 παρῆγεν
613 2701 796 2762 οὕτως.
827 2699 1098 2764 Ἐϐάδιζεν
1137 2703 1314 2768 οὕτως,
1349 2707 1421 2775 μὴ
1455 2705 1751 2775 φαινόμενος

135 2789 353 2851 αὐτοῖς.

407 2885 552 2933 ΚΕΦ.
596 2877 648 2934 ι’.
677 2884 800 2953 Περὶ
827 2887 919 2932 τοῦ
958 2879 1014 2934 ἐκ
1050 2889 1255 2952 γενετῆς
1283 2880 1498 2953 τυφλοῦ.

224 2972 329 3022 Καὶ
358 2999 428 3008 -
455 2977 679 3040 γενετῆς.
706 2968 928 3022 Βεϐαιῶν
957 2969 992 3022 ἁ
1021 2966 1148 3034 εἶπε,
1180 2975 1269 3022 καὶ
1297 2972 1637 3042 πιστούμενος
1670 2971 1749 3021 ὅτι

402 1003 506 1056 ἀλλ’
568 1005 698 1076 Ἐγώ
751 1005 858 1077 εἰμι
899 1007 925 1057 ό
985 1003 1064 1057 ἀεὶ
1126 1009 1212 1056 ὢν.
1245 1007 1315 1056 Τό
1341 1006 1430 1070 μὶν
1479 1000 1566 1055 οὖν
1624 1006 1760 1074 γενέ-

1869 556 2053 614 ferme
2109 572 2241 612 esse
2291 556 2898 630 quinquagenm-ium,
2977 560 3220 628 propter
3273 556 3524 612 multam

1868 647 2001 719 ejus
2045 647 2318 718 peritiam
2368 651 2424 702 et
2468 646 2914 718 experientiam.
2985 645 3267 711 Quaedam
3324 651 3524 702 autem

1870 735 2236 807 exemplaria
2303 734 2544 800 habent,
2594 735 3024 807 quadraginta,
3068 734 3246 808 .quod
3294 734 3527 791 videtur

1869 840 1996 881 esse
2027 825 2238 880 verius.

1940 914 2100 968 Vers.
2181 917 2265 970 58.
2321 913 2492 970 Dixit
2557 944 2627 953 —
2691 915 3185 985 sum.'l‘anquam
3230 913 3404 967 Deus.
3462 913 3527 968 Et

1867 1017 1982 1058 non
2036 1003 2204 1067 dixit,
2266 1005 2387 1072 Ego
2428 1018 2593 1058 eram
2635 1002 2813 1073 ;sed,
2864 1002 2990 1072 Ego
3013 1017 3162 1069 sum,
3219 1002 3318 1073 qui
3373 1017 3530 1057 sem-

1866 1108 1973 1162 per
2003 1109 2160 1148 sum.
2191 1093 2330 1149 Fieri
2361 1092 2651 1164 siquidem
2682 1091 2765 1147 rei
2797 1097 3007 1147 creatae
3037 1095 3157 1159 est;
3186 1092 3331 1148 Sum
3363 1107 3524 1155 vero,

1864 1181 2141 1237 increatae
2203 1187 2259 1237 et
2286 1187 2517 1237 creatae.

1937 1273 2099 1326 Vers.
2135 1272 2219 1327 59.
2262 1273 2553 1327 Tulerunt
2589 1303 2652 1312 —
2685 1286 2834 1327 eum.
2859 1270 3105 1327 Veloces
3170 1270 3247 1326 ad
3277 1269 3521 1326 caedem.

1867 1361 2206 1432 Exasperati
2239 1367 2377 1416 sunt
2429 1361 2588 1416 enim
2638 1365 2916 1430 putantes
2963 1360 3181 1430 injuria
3244 1359 3523 1417 affectum

1866 1466 1998 1505 esse
2056 1450 2359 1506 Abraham
2412 1468 2426 1503 :
2469 1449 2644 1506 simul
2692 1450 2889 1514 etiam,
2949 1450 3050 1506 ubi
3103 1449 3526 1520 cognovissent

1866 1539 2030 1612 quod
2061 1540 2159 1594 Dei
2191 1539 2570 1595 aeternitatem
2606 1539 2717 1594 sibi
2750 1539 3095 1595 vindicaret.

1939 1629 2104 1685 Vers.
2135 1631 2225 1687 59.
2256 1631 2416 1684 Jews
2456 1636 2648 1684 autem
2673 1630 3002 1685 occultatus
3043 1634 3144 1684 est.
3175 1629 3284 1684 Per
3312 1628 3525 1684 divini-

1867 1720 2000 1776 tatis
2025 1719 2353 1793 potentiam
2383 1719 2692 1775 invisibilis
2744 1720 2830 1775 eis
2864 1719 3130 1774 effectus.

1792 1829 1833 1883 Β
1940 1810 2102 1864 Vers.
2131 1810 2220 1864 59.
2263 1810 2342 1865 Et
2371 1841 2438 1849 —
2487 1808 2712 1878 templo.
2773 1811 2841 1864 Ut
2896 1807 3133 1864 illorum
3167 1809 3400 1864 sedaret
3433 1807 3520 1863 fu-

1867 1914 2061 1954 rorem
2073 1939 2084 1950 .

1939 1988 2104 2044 Vers.
2131 1993 2216 2044 59.
2251 1987 2650 2045 Pertransiens
2695 2017 2760 2028 —
2790 1987 3051 2043 illorum.
3086 1989 3228 2043 Cum
3262 1986 3342 2042 illi
3383 2002 3520 2043 eum

1866 2077 2065 2134 videre
2108 2093 2227 2132 non
2273 2081 2542 2150 possent.
2608 2079 2672 2132 Et
2712 2092 2898 2148 quare
2931 2092 3053 2132 non
3112 2076 3375 2132 dissolvit
3405 2075 3526 2131 illo-

1863 2183 1999 2222 rum
2030 2167 2328 2231 virtutem,
2362 2173 2418 2221 et
2479 2165 2794 2221 manifeste
2868 2165 3110 2220 recessit
3154 2165 3182 2219 ‘i
3228 2166 3372 2231 Quia
3416 2181 3524 2221 nec

1865 2257 1950 2312 sic
1998 2256 2275 2312 credituri
2349 2259 2537 2311 erant.
2615 2253 2840 2309 Etenim
2888 2259 3158 2325 tempore
3215 2254 3522 2325 passionis

1862 2347 2112 2419 supinos
2144 2346 2276 2402 illos
2306 2345 2537 2416 dejecit,
2587 2359 2918 2415 eorumque
2981 2349 3252 2415 aspectus
3309 2343 3524 2400 obscu-

1859 2438 2030 2503 ravit,
2078 2443 2133 2492 et
2179 2452 2301 2491 non
2352 2435 2749 2490 crediderunt.
2804 2436 2952 2489 Nam
3007 2433 3211 2489 anima
3261 2433 3523 2505 reproba

1861 2526 2010 2582 nihil
2037 2531 2124 2582 est
2153 2527 2326 2599 pejus
2356 2541 2368 2579 :
2402 2524 2534 2580 licet
2563 2523 2720 2579 enim
2763 2523 2939 2593 signa
2981 2523 3181 2579 videat
3217 2539 3288 2578 ac
3321 2521 3521 2594 prodi-

1861 2617 1975 2686 gia,
2005 2632 2172 2671 suam
2205 2619 2403 2672 tamen
2436 2628 2674 2684 semper
2703 2612 2915 2668 retinet
2943 2611 3410 2684 impudentiam.

1931 2706 2095 2762 Vers.
2131 2706 2201 2762 59
2241 2705 2320 2761 Et
2348 2706 2436 2761 ita
2461 2702 2822 2775 praeteribat.
2865 2701 3234 2758 Ambulabat
3268 2702 3367 2768 ita,
3400 2715 3523 2758 non

1860 2811 2156 2869 apparens
2191 2794 2326 2850 illis.

2217 2885 2369 2941 CAP.
2399 2885 2465 2939 X.
2499 2884 2578 2938 De
2605 2899 2739 2938 cwco
2768 2899 2807 2936 α
2832 2882 3160 2937 nativitate.

1931 2977 2069 3047 Cap.
2118 2975 2216 3030 IX.
2274 2975 2414 3030 Vers
2453 2979 2498 3028 l.
2550 2973 2626 3028 Et
2670 3002 2739 3012 —
2770 2972 3100 3026 nativitate.
3152 2968 3525 3025 Conﬁrman-

147 3062 279 3118 Θεός
327 3056 488 3122 ἔστιν,
547 3057 696 3118 εὐθὺς
726 3060 940 3131 ἔρχεται
987 3057 1070 3110 ἐπὶ
1125 3060 1300 3130 θαῦμα
1351 3063 1620 3130 μέγιστον,
1660 3063 1748 3109 καὶ

1877 3064 1956 3128 in,
2007 3063 2172 3136 quod
2235 3064 2484 3126 dixerat,
2538 3062 2842 3132 ﬁdemque
2873 3060 3118 3124 faciens,
3157 3059 3324 3132 quod
3367 3059 3523 3114 Deus

145 3154 310 3217 μήπω
394 3150 566 3218 μέχρι.
607 3151 722 3199 τότε
775 3151 1062 3219 γενόμενον.
1121 3145 1314 3218 Τυφλοὶ
1362 3151 1451 3218 μὲν
1503 3151 1604 3220 γὰρ
1661 3151 1749 3198 καὶ

145 3236 300 3290 ἄλλοι
358 3234 634 3305 ἀνέϐλεψαν
679 3251 692 3263 ⁸
734 3234 922 3306 τυφλὸς
978 3232 1036 3287 δε
1094 3234 1142 3286 ἐν
1189 3245 1395 3306 γενετῆς
1426 3237 1536 3306 (74)
1576 3231 1748 3296 οὐδεὶς

145 3329 286 3398 ἄχρι
306 3332 440 3378 τότε.
480 3327 567 3376 Διό
596 3328 686 3375 καὶ
712 3321 1001 3394 ἀναϐλέψας
1031 3323 1197 3395 ἔλεγεν

145 3415 242 3468 οῦκ
274 3415 511 3472 ἠκούσθη
537 3414 616 3464 ὃτι
664 3411 833 3474 ῆνοιξέ
858 3431 933 3472 τις
971 3411 1264 3485 ὀφθαλμοὺς
1292 3414 1484 3485 τυφλοῦ
1513 3431 1748 3485 γεγεννη-

148 3521 326 3576 μενον.

1248 3343 1260 3355 ⁸
1297 3325 1382 3377 Ἐκ
1413 3332 1504 3376 τοῦ
1562 3325 1750 3384 αἰῶνος

228 3773 327 3822 Kal
384 3799 451 3810 —-
501 3771 720 3841 γεννηθῇ
753 3769 1078 3845 ;Ἐρωτῶσιν
1146 3770 1250 3842 οὐχ
1304 3773 1373 3832 ὡς
1421 3777 1575 3823 τοῦτο
1624 3772 1750 3824 πάν-

149 3877 248 3919 τως
304 3859 332 3917 ῆ
395 3859 553 3910 ἐκεῖνο
618 3858 1082 3932 ὑπολαμϐάνοντες,
1138 3862 1370 3934 καθάπερ
1425 3863 1474 3912 οἱ
1539 3858 1750 3919 ἀνόητοι

151 3945 404 4001 Ἰουδαῖοι
431 3962 446 3978 ’
473 3952 530 4001 τό
558 3951 650 4019 μὲν
699 3950 800 4022 γὰρ
860 3948 1106 4021 ἁμαρτεῖν
1158 3953 1257 4022 πρὸ
1317 3957 1409 4002 τοῦ
1439 3951 1750 4021 γεννηθῆναι

149 4033 429 4106 ἀδύνατον,
463 4041 520 4089 τό
552 4033 611 4090 δὲ
636 4039 762 4113 ὑπερ
795 4047 894 4090 τῶν
921 4043 1110 4110 γονέων
1154 4038 1470 4100 κολάζεσθαι
1522 4036 1707 4092 ἄδικον
1732 4056 1744 4070 ·

147 4125 256 4179 ἀλλ’
288 4129 432 4179 ἔστιν
465 4127 491 4179 ὁ
519 4131 714 4190 σκοπὸς
762 4134 854 4180 τοῦ
883 4127 1040 4198 λόγου
1063 4135 1317 4188 τοιοῦτος.
1373 4127 1432 4180 Ὁ
1457 4131 1546 4200 μὲν
1578 4131 1748 4202 παροί-

143 4215 299 4277 λυτος
330 4212 423 4268 διὰ
465 4218 558 4278 τὰς
602 4215 859 4289 ἁμαρτίας
911 4218 1071 4268 αὑτοῦ
1125 4217 1350 4284 ἠσθένει,
1410 4218 1582 4277 καθὼς
1647 4215 1752 4269 ἐκεῖ

143 4307 521 4377 μεμαθήκαμεν
571 4323 586 4339 ο
636 4309 754 4378 περὶ
804 4308 984 4357 τούτου
1026 4301 1084 4358 δὲ
1139 4305 1251 4373 (⁸75)
1291 4310 1344 4356 τί
1396 4305 1558 4376 λέγεις
1600 4322 1614 4372 ;
1665 4309 1750 4366 Τίς

1858 3158 2015 3208 esset
2055 3152 2253 3207 statim
2328 3151 2489 3206 venit
2540 3150 2615 3204 ad
2664 3148 3020 3204 miraculum
3075 3149 3431 3213 maximum,
3465 3153 3523 3203 et

1859 3257 2048 3313 usque
2079 3241 2153 3296 ad
2185 3240 2242 3295 id
2272 3241 2556 3311 temporis
2587 3253 2904 3308 nunquam
2935 3236 3179 3292 factum.
3213 3237 3520 3308 Siquidem

1857 3335 1915 3385 et
1960 3329 2057 3384 alii
2099 3329 2238 3385 creci
2281 3328 2475 3383 visum
2531 3331 2898 3396 receperunt,
2941 3340 3146 3380 verum
3181 3325 3281 3397 qui
3334 3341 3368 3380 a
3417 3340 3521 3380 na-

1857 3418 2079 3474 tivitate
2132 3434 2325 3473 caecus
2378 3417 2603 3482 fuisset,
2655 3413 2856 3469 nullus
2923 3428 3112 3484 usque
3144 3413 3221 3468 ad
3267 3413 3326 3467 id
3381 3417 3524 3468 tem-

1857 3524 1991 3581 pus.
2027 3507 2163 3562 ldeo
2213 3506 2414 3571 etiam,
2473 3505 2576 3577 qui
2607 3503 2804 3558 visum
2865 3503 2932 3573 (j)
2964 3501 3201 3572 recepit,
3235 3500 3472 3556 dicebat
3504 3502 3519 3544 3

1857 3599 1904 3653 A
1939 3596 2152 3652 sarculo
2190 3610 2306 3649 non
2369 3599 2449 3650 est
2491 3593 2784 3656 auditum,
2839 3591 2994 3663 quod
3043 3589 3341 3660 aperuerit
3371 3590 3523 3662 quis-

1855 3687 2016 3757 piam
2050 3685 2241 3740 oculos
2263 3684 2398 3740 caci
2448 3683 2580 3738 nati
2628 3683 2696 3735 ⁸ο.

1930 3778 2096 3830 Vers.
2171 3777 2223 3828 2.
2282 3774 2362 3830 Et
2409 3777 2734 3828 nasceretur
2781 3771 2809 3827 ?
2876 3767 3343 3840 lnterrogabant,
3398 3783 3520 3825 non

1859 3865 2023 3936 quod
2074 3863 2186 3919 hoc
2217 3867 2321 3919 aut
2349 3861 2497 3918 illud
2523 3860 2772 3917 omnino
2795 3858 3261 3930 suspicarentur,
3320 3874 3522 3930 quem-

1859 3952 2190 4009 admodum
2257 3951 2605 4023 insipientes
2677 3948 2914 4014 Judaei;
2964 3963 3108 4003 nam
3170 3947 3331 4003 hunc
3389 3963 3523 4018 pec-

1859 4057 2047 4105 casse,
2121 4045 2447 4113 antequam
2506 4043 2683 4095 natus
2753 4041 2925 4101 esset,
2976 4035 3351 4107 impossibile
3399 4040 3523 4091 erat

1859 4146 2038 4202 porro
2063 4146 2170 4201 pro
2216 4129 2567 4200 parentibus
2635 4126 2833 4198 puniri
2866 4125 3153 4196 injustum
3196 4140 3210 4190 ;
3253 4124 3355 4179 sed
3387 4123 3521 4179 finis

1859 4219 2154 4274 sermonis
2209 4217 2336 4273 talis
2394 4222 2501 4272 est.
2554 4215 2920 4284 Paralyticus
2977 4212 3221 4284 quidem
3281 4216 3522 4283 propter

1858 4311 2106 4377 peccata
2146 4322 2254 4361 sua
2301 4304 2653 4372 aegrotabat.
2714 4303 2864 4357 sicut
2902 4301 2984 4356 ibi
3029 4300 3350 4354 didicimus
3388 4315 3400 4354 :
3447 4299 3520 4354 de

146 4395 398 4465 ἥμαρτεν,
455 4392 600 4452 οὗτος
638 4392 668 4450 in
720 4394 768 4444 οἱ
812 4399 980 4463 γονεῖς
1047 4392 1205 4444 αὑτοῦ
1262 4395 1454 4464 ςήμείς
1485 4394 1586 4466 γὰρ
1635 4393 1749 4444 οὔτε

1877 4412 1974 4450 100
2007 4400 2226 4455 autem.
2297 4393 2439 4451 quid
2502 4391 2650 4446 dicis
2699 4390 2726 4445 ?
2773 4391 2909 4458 Quis
2955 4390 3236 4456 peccavit,
3295 4387 3412 4452 hic,
3443 4403 3517 4445 an

143 4486 302 4532 τοῦτο
324 4483 440 4532 όῦτε
469 4478 626 4532 έκεῖνο
658 4475 927 4553 δυνάμεθα
964 4479 1146 4552 λέγειν,
1183 4480 1434 4541 παντελῶς
1466 4479 1750 4554 ἐξαπορού-

145 4587 313 4642 μενοι.

219 4755 269 4791 ⁸ο
288 4754 463 4811 Joan.
494 4770 572 4824 ix,
606 4755 692 4811 32.

1855 4490 2125 4554 parentes
2157 4485 2282 4553 ejus
2321 4481 2350 4536 ἵ
2399 4497 2510 4537 nos
2541 4481 2702 4535 enim
2731 4494 2925 4550 neque
2963 4477 3095 4539 hoc.
3150 4491 3344 4548 neque
3375 4475 3520 4532 illud

1859 4571 2052 4628 dicere
2104 4587 2448 4644 possumus,
2500 4569 2750 4625 omnino
2781 4565 3112 4624 conturbati
3143 4564 3517 4638 consilioque

1859 4660 2142 4718 destituti.

1354 4855 1577 4924 Variae
1606 4856 1936 4925 lectiones
1970 4867 2034 4926 et
2076 4865 2277 4926 notae.

214 4999 327 5070 (Τί)
350 4997 581 5054 Scilicet
609 4995 1042 5070 Chrysostomi,
1067 4997 1170 5069 qui
1192 4997 1476 5054 audacter
1502 5000 1584 5056 ita
1612 5015 1736 5054 cor-

214 5013 327 5070 υι)
350 5013 581 5054 δοιιιοοῑ
609 5013 1042 5124 υητῧεοειοωι,
1067 5013 1170 5069 qui
1192 5013 1476 5054 audacter
1502 5013 1584 5056 ita
1612 5015 1736 5054 cor-

143 5070 310 5142 rexit.
361 5070 503 5125 Vide
545 5073 686 5125 tom.
771 5069 860 5142 lli,
892 5085 1032 5142 pag.
1064 5072 1201 5142 324.
1244 5070 1740 5142 Chrysostomum

142 5141 410 5221 sequitur
429 5156 591 5223 unus
607 5157 678 5198 ex
695 5139 1003 5223 codicibus
1029 5139 1486 5223 illosquensibus
1509 5142 1738 5223 N.Tgs_t_..

144 5224 200 5277 ς.
225 5212 326 5282 qui
361 5216 447 5266 est
470 5228 601 5266 cum
646 5212 910 5267 scholiis.
953 5212 1256 5279 Origenes,
1310 5212 1414 5284 qui
1445 5218 1592 5269 tom.
1637 5215 1737 5278 XX,

141 5281 202 5336 in
225 5283 513 5362 Joannem
547 5283 676 5339 haec
705 5285 846 5362 data
882 5299 1065 5362 opera
1118 5285 1554 5362 interpretatur,
1577 5285 1741 5340 hunc

142 5369 384 5425 versum
441 5360 632 5410 totum
695 5355 1093 5425 praetermisit.
1141 5360 1466 5413 Πεντήκοντα
1500 5361 1742 5411 servant

142 5423 340 5496 Cyl-ill.
376 5431 414 5480 t.
439 5426 555 5499 iV,
591 5441 646 5496 p.
683 5423 783 5481 585
811 5427 870 5479 C.
907 5427 1380 5499 ;_Theophylact.
1419 5443 1475 5499 p.
1517 5429 1621 5499 690
1656 5430 1694 5482 Ε
1726 5444 1738 5492 ;

142 5511 396 5570 peverus
434 5497 494 5551 in
526 5498 748 5552 Catena
801 5497 1080 5564 Corderii,
1123 5497 1182 5570 p.
1206 5497 1316 5555 243
1366 5517 1382 5567 ;
1418 5497 1474 5555 et
1501 5498 1738 5554 codices

143 5568 516 5624 Srobatiores
546 5583 772 5624 omnes.

215 5745 294 5817 (j)
327 5745 437 5816 Qui
466 5746 674 5804 visum.
710 5747 875 5803 Forte
905 5746 1069 5819 legit,
1101 5743 1186 5804 διὸ
1226 5752 1314 5801 καὶ
1343 5748 1368 5800 ό
1421 5747 1734 5825 ἀναϐλέψας.

1918 5001 2031 5072 (72)
2065 4999 2300 5057 Inclusa
2339 4999 2575 5072 absunt
2605 4999 2672 5054 Α.
2708 5000 2962 5060 Κτίστης,
2993 4992 3305 5066 quomodo
3335 4994 3515 5072 etiam

1851 5069 2194 5147 Eustathius
2230 5071 2443 5147 scribit,
2475 5071 2581 5143 qui
2638 5086 2777 5126 cum
2808 5072 3022 5147 Δδιτίτηις
3048 5069 3380 5138 comparat.
3404 5081 3514 5147 pro

1852 5144 2216 5199 substantivo
2251 5141 2511 5216 accipio;
2556 5157 2694 5207 non,
2761 5144 2821 5196 ut
2871 5141 3181 5210 interpres,
3215 5151 3324 5207 pro
3354 5141 3515 5194 adie-

1853 5217 2031 5270 ctivo.

1923 5287 2035 5359 (73)
2056 5288 2074 5342 Ι
2083 5291 2139 5342 ta
2165 5285 2516 5358 plerumque
2532 5284 2992 5355 Chrysostomus
3009 5285 3265 5343 oratorie
3284 5285 3512 5350 laudat,

1849 5357 2023 5412 Joan.
2057 5373 2215 5412 XVIII.
2248 5361 2300 5421 6,
2323 5361 2506 5411 ἔπεσον
2537 5363 2736 5429 χαμαί.

1920 5433 1935 5494 (
1943 5429 2256 5494 74)Γεννητῆ
2268 5450 2310 5490 ς.

1925 5499 2037 5569 (75)
2061 5503 2121 5552 Al
2151 5499 2322 5556 abest
2361 5507 2427 5554 A.
