  <div class='ocr_page' id='page_1' title='image "/cluster/home/n/w/nwhite01/storage/ocr_20150623/129/hvd.32044019208511/810.png"; bbox 0 0 4088 6436; ppageno 0'>
   <div class='ocr_carea' id='block_1_1' title="bbox 164 343 305 401">
    <p class='ocr_par' dir='ltr' id='par_1_1' title="bbox 164 343 305 401">
     <span class='ocr_line' id='line_1_1' title="bbox 164 343 305 401; baseline -0.014 -1"><span class='ocrx_word' id='word_1_1' title='bbox 164 343 305 401; x_wconf 79' lang='grc'><strong>1305</strong></span> 
     </span>
    </p>
   </div>
   <div class='ocr_carea' id='block_1_2' title="bbox 1247 339 2534 400">
    <p class='ocr_par' dir='ltr' id='par_1_2' title="bbox 1247 339 2534 400">
     <span class='ocr_line' id='line_1_2' title="bbox 1247 339 2534 400; baseline 0 -2"><span class='ocrx_word' id='word_1_2' title='bbox 1247 341 1594 400; x_wconf 81' lang='lat' dir='ltr'>COMMENT</span> <span class='ocrx_word' id='word_1_3' title='bbox 1633 343 1702 400; x_wconf 86' lang='lat' dir='ltr'><strong>IN</strong></span> <span class='ocrx_word' id='word_1_4' title='bbox 1739 341 2089 400; x_wconf 83' lang='lat' dir='ltr'>JOANNEM.</span> <span class='ocrx_word' id='word_1_5' title='bbox 2131 373 2200 384; x_wconf 90' lang='lat'><strong><em>—</em></strong></span> <span class='ocrx_word' id='word_1_6' title='bbox 2237 343 2394 398; x_wconf 83' lang='lat' dir='ltr'>CAP.</span> <span class='ocrx_word' id='word_1_7' title='bbox 2438 339 2534 398; x_wconf 88' lang='lat' dir='ltr'>IX.</span> 
     </span>
    </p>
   </div>
   <div class='ocr_carea' id='block_1_3' title="bbox 3388 341 3528 398">
    <p class='ocr_par' dir='ltr' id='par_1_3' title="bbox 3388 341 3528 398">
     <span class='ocr_line' id='line_1_3' title="bbox 3388 341 3528 398; baseline 0.029 -3"><span class='ocrx_word' id='word_1_8' title='bbox 3388 341 3409 395; x_wconf 79' lang='grc'>1</span> <span class='ocrx_word' id='word_1_9' title='bbox 3422 341 3528 398; x_wconf 87' lang='grc'>306</span> 
     </span>
    </p>
   </div>
   <div class='ocr_carea' id='block_1_4' title="bbox 236 464 1750 544">
    <p class='ocr_par' dir='ltr' id='par_1_4' title="bbox 236 466 1750 544">
     <span class='ocr_line' id='line_1_4' title="bbox 236 466 1750 544; baseline -0.003 -20"><span class='ocrx_word' id='word_1_10' title='bbox 236 475 337 525; x_wconf 78' lang='grc' dir='ltr'>Καὶ</span> <span class='ocrx_word' id='word_1_11' title='bbox 367 503 436 512; x_wconf 91' lang='grc'><strong>-</strong></span> <span class='ocrx_word' id='word_1_12' title='bbox 463 469 692 544; x_wconf 71' lang='grc' dir='ltr'>ἑώρακας</span> <span class='ocrx_word' id='word_1_13' title='bbox 717 486 732 537; x_wconf 88' lang='grc'>;</span> <span class='ocrx_word' id='word_1_14' title='bbox 757 469 945 543; x_wconf 81' lang='grc' dir='ltr'>’ᾩοντο</span> <span class='ocrx_word' id='word_1_15' title='bbox 971 470 1073 542; x_wconf 80' lang='grc' dir='ltr'>γὰρ</span> <span class='ocrx_word' id='word_1_16' title='bbox 1105 469 1257 522; x_wconf 88' lang='grc' dir='ltr'>αύτόν</span> <span class='ocrx_word' id='word_1_17' title='bbox 1288 467 1443 541; x_wconf 75' lang='grc' dir='ltr'>ἐγγύς</span> <span class='ocrx_word' id='word_1_18' title='bbox 1470 466 1599 522; x_wconf 85' lang='grc' dir='ltr'>εἶναι</span> <span class='ocrx_word' id='word_1_19' title='bbox 1637 489 1750 522; x_wconf 81' lang='grc' dir='ltr'>πεν-</span> 
     </span>
    </p>
   </div>
   <div class='ocr_carea' id='block_1_5' title="bbox 1877 464 3524 544">
    <p class='ocr_par' dir='ltr' id='par_1_5' title="bbox 1940 464 3524 524">
     <span class='ocr_line' id='line_1_5' title="bbox 1940 464 3524 524; baseline 0.001 -4"><span class='ocrx_word' id='word_1_20' title='bbox 1940 469 2104 524; x_wconf 85' lang='lat' dir='ltr'>Vers.</span> <span class='ocrx_word' id='word_1_21' title='bbox 2138 470 2225 523; x_wconf 84' lang='lat'>57.</span> <span class='ocrx_word' id='word_1_22' title='bbox 2254 468 2426 522; x_wconf 84' lang='lat' dir='ltr'>Et—</span> <span class='ocrx_word' id='word_1_23' title='bbox 2476 466 2676 523; x_wconf 80' lang='lat' dir='ltr'>vidisti</span> <span class='ocrx_word' id='word_1_24' title='bbox 2727 464 2757 521; x_wconf 73' lang='lat'><strong>7</strong></span> <span class='ocrx_word' id='word_1_25' title='bbox 2809 464 3107 522; x_wconf 79' lang='lat' dir='ltr'>Putabant</span> <span class='ocrx_word' id='word_1_26' title='bbox 3168 465 3327 521; x_wconf 89' lang='lat' dir='ltr'>enim</span> <span class='ocrx_word' id='word_1_27' title='bbox 3385 481 3524 522; x_wconf 89' lang='lat' dir='ltr'>eum</span> 
     </span>
    </p>
   </div>
   <div class='ocr_carea' id='block_1_6' title="bbox 162 554 1758 630">
    <p class='ocr_par' dir='ltr' id='par_1_6' title="bbox 162 554 1758 630">
     <span class='ocr_line' id='line_1_6' title="bbox 162 554 1758 630; baseline -0.002 -17"><span class='ocrx_word' id='word_1_28' title='bbox 162 565 389 619; x_wconf 80' lang='grc' dir='ltr'>τήκοντα</span> <span class='ocrx_word' id='word_1_29' title='bbox 439 559 560 612; x_wconf 72' lang='grc' dir='ltr'>ἐτῶν</span> <span class='ocrx_word' id='word_1_30' title='bbox 609 557 704 612; x_wconf 74' lang='grc' dir='ltr'>διὰ</span> <span class='ocrx_word' id='word_1_31' title='bbox 753 564 846 616; x_wconf 73' lang='grc' dir='ltr'>τὴν</span> <span class='ocrx_word' id='word_1_32' title='bbox 902 559 1239 630; x_wconf 76' lang='grc' dir='ltr'>πολυπειρίαν</span> <span class='ocrx_word' id='word_1_33' title='bbox 1295 559 1475 612; x_wconf 68' lang='grc' dir='ltr'>αὐτοῦ.</span> <span class='ocrx_word' id='word_1_34' title='bbox 1522 560 1651 611; x_wconf 83' lang='grc' dir='ltr'>Τινὰ</span> <span class='ocrx_word' id='word_1_35' title='bbox 1698 554 1758 610; x_wconf 75' lang='grc' dir='ltr'>δε</span> 
     </span>
    </p>
   </div>
   <div class='ocr_carea' id='block_1_7' title="bbox 164 649 1756 724">
    <p class='ocr_par' dir='ltr' id='par_1_7' title="bbox 164 649 1756 724">
     <span class='ocr_line' id='line_1_7' title="bbox 164 649 1756 724; baseline -0.001 -23"><span class='ocrx_word' id='word_1_36' title='bbox 164 659 261 701; x_wconf 78' lang='grc' dir='ltr'>τῶν</span> <span class='ocrx_word' id='word_1_37' title='bbox 315 651 426 720; x_wconf 78' lang='grc'>(71)</span> <span class='ocrx_word' id='word_1_38' title='bbox 480 649 804 724; x_wconf 72' lang='grc' dir='ltr'>ἀντιγράφων</span> <span class='ocrx_word' id='word_1_39' title='bbox 844 651 1238 722; x_wconf 89' lang='grc' dir='ltr'>τεσσαράκοντα</span> <span class='ocrx_word' id='word_1_40' title='bbox 1277 649 1590 723; x_wconf 74' lang='grc' dir='ltr'>γράφουσιν,</span> <span class='ocrx_word' id='word_1_41' title='bbox 1633 649 1756 720; x_wconf 84' lang='grc' dir='ltr'>ὅπερ</span> 
     </span>
    </p>
   </div>
   <div class='ocr_carea' id='block_1_8' title="bbox 165 735 715 812">
    <p class='ocr_par' dir='ltr' id='par_1_8' title="bbox 165 735 715 812">
     <span class='ocr_line' id='line_1_8' title="bbox 165 735 715 812; baseline -0.002 -21"><span class='ocrx_word' id='word_1_42' title='bbox 165 735 310 792; x_wconf 81' lang='grc' dir='ltr'>δοκεῖ</span> <span class='ocrx_word' id='word_1_43' title='bbox 336 738 715 812; x_wconf 67' lang='grc' dir='ltr'>ἀκριϐέστερον.</span> 
     </span>
    </p>
   </div>
   <div class='ocr_carea' id='block_1_9' title="bbox 236 911 1758 985">
    <p class='ocr_par' dir='ltr' id='par_1_9' title="bbox 236 911 1758 985">
     <span class='ocr_line' id='line_1_9' title="bbox 236 911 1758 985; baseline -0.003 -16"><span class='ocrx_word' id='word_1_44' title='bbox 236 913 384 969; x_wconf 84' lang='grc' dir='ltr'>Εἶπεν</span> <span class='ocrx_word' id='word_1_45' title='bbox 436 947 504 957; x_wconf 94' lang='grc'><strong>-</strong></span> <span class='ocrx_word' id='word_1_46' title='bbox 559 916 684 978; x_wconf 78' lang='grc' dir='ltr'>εἰμι.</span> <span class='ocrx_word' id='word_1_47' title='bbox 734 916 822 978; x_wconf 87' lang='grc' dir='ltr'>Ὠς</span> <span class='ocrx_word' id='word_1_48' title='bbox 888 920 1036 978; x_wconf 88' lang='grc' dir='ltr'>Θεός.</span> <span class='ocrx_word' id='word_1_49' title='bbox 1093 921 1193 970; x_wconf 83' lang='grc' dir='ltr'>Καὶ</span> <span class='ocrx_word' id='word_1_50' title='bbox 1250 915 1344 968; x_wconf 85' lang='grc' dir='ltr'>ούκ</span> <span class='ocrx_word' id='word_1_51' title='bbox 1403 911 1560 982; x_wconf 83' lang='grc' dir='ltr'>εἶπεν,</span> <span class='ocrx_word' id='word_1_52' title='bbox 1623 913 1758 985; x_wconf 84' lang='grc' dir='ltr'>Ἐγώ</span> 
     </span>
    </p>
   </div>
   <div class='ocr_carea' id='block_1_10' title="bbox 162 1000 1759 1078">
    <p class='ocr_par' dir='ltr' id='par_1_10' title="bbox 162 1000 1759 1078">
     <span class='ocr_line' id='line_1_10' title="bbox 162 1000 1759 1078; baseline -0.001 -22"><span class='ocrx_word' id='word_1_53' title='bbox 162 1008 323 1077; x_wconf 80' lang='grc' dir='ltr'>ἤμην,</span> <span class='ocrx_word' id='word_1_54' title='bbox 401 1004 505 1057; x_wconf 78' lang='grc' dir='ltr'>ἀλλ’</span> <span class='ocrx_word' id='word_1_55' title='bbox 567 1006 696 1076; x_wconf 78' lang='grc' dir='ltr'>Ἐγώ</span> <span class='ocrx_word' id='word_1_56' title='bbox 749 1005 856 1078; x_wconf 88' lang='grc' dir='ltr'>εἰμι</span> <span class='ocrx_word' id='word_1_57' title='bbox 899 1007 924 1058; x_wconf 86' lang='grc' dir='ltr'><strong><em>ὁ</em></strong></span> <span class='ocrx_word' id='word_1_58' title='bbox 985 1003 1063 1058; x_wconf 82' lang='grc' dir='ltr'>ἀεὶ</span> <span class='ocrx_word' id='word_1_59' title='bbox 1125 1009 1212 1056; x_wconf 83' lang='grc' dir='ltr'>ὧν.</span> <span class='ocrx_word' id='word_1_60' title='bbox 1244 1008 1314 1057; x_wconf 87' lang='grc' dir='ltr'>Τὸ</span> <span class='ocrx_word' id='word_1_61' title='bbox 1340 1007 1428 1071; x_wconf 71' lang='grc' dir='ltr'>μὶν</span> <span class='ocrx_word' id='word_1_62' title='bbox 1477 1000 1565 1055; x_wconf 80' lang='grc' dir='ltr'>οὖν</span> <span class='ocrx_word' id='word_1_63' title='bbox 1623 1005 1759 1074; x_wconf 87' lang='grc' dir='ltr'>γενέ-</span> 
     </span>
    </p>
   </div>
   <div class='ocr_carea' id='block_1_11' title="bbox 164 1091 1757 1167">
    <p class='ocr_par' dir='ltr' id='par_1_11' title="bbox 164 1091 1757 1167">
     <span class='ocr_line' id='line_1_11' title="bbox 164 1091 1757 1167; baseline -0.001 -20"><span class='ocrx_word' id='word_1_64' title='bbox 164 1096 290 1147; x_wconf 88' lang='grc' dir='ltr'>σθαι</span> <span class='ocrx_word' id='word_1_65' title='bbox 349 1102 566 1147; x_wconf 85' lang='grc' dir='ltr'>κτιστοῡ</span> <span class='ocrx_word' id='word_1_66' title='bbox 600 1098 699 1146; x_wconf 82' lang='grc' dir='ltr'>’τὸ</span> <span class='ocrx_word' id='word_1_67' title='bbox 793 1091 852 1147; x_wconf 77' lang='grc' dir='ltr'>δε</span> <span class='ocrx_word' id='word_1_68' title='bbox 917 1094 1038 1167; x_wconf 78' lang='grc' dir='ltr'>Εἰμὶ</span> <span class='ocrx_word' id='word_1_69' title='bbox 1117 1092 1367 1146; x_wconf 81' lang='grc' dir='ltr'>ἀκτίστου</span> <span class='ocrx_word' id='word_1_70' title='bbox 1417 1094 1434 1164; x_wconf 97' lang='grc'><strong>[</strong></span> <span class='ocrx_word' id='word_1_71' title='bbox 1489 1097 1580 1146; x_wconf 86' lang='grc' dir='ltr'>καὶ</span> <span class='ocrx_word' id='word_1_72' title='bbox 1641 1093 1757 1164; x_wconf 76' lang='lat'>(72)</span> 
     </span>
    </p>
   </div>
   <div class='ocr_carea' id='block_1_12' title="bbox 159 1183 440 1257">
    <p class='ocr_par' dir='ltr' id='par_1_12' title="bbox 159 1183 440 1257">
     <span class='ocr_line' id='line_1_12' title="bbox 159 1183 440 1257; baseline -0.014 -21"><span class='ocrx_word' id='word_1_73' title='bbox 159 1188 378 1236; x_wconf 79' lang='grc' dir='ltr'>κτίστου</span> 
     </span>
    </p>
   </div>
   <div class='ocr_carea' id='block_1_13' title="bbox 232 1271 1756 1348">
    <p class='ocr_par' dir='ltr' id='par_1_13' title="bbox 232 1271 1756 1348">
     <span class='ocr_line' id='line_1_13' title="bbox 232 1271 1756 1348; baseline -0.002 -24"><span class='ocrx_word' id='word_1_74' title='bbox 232 1272 398 1348; x_wconf 84' lang='grc' dir='ltr'>Ἦραν</span> <span class='ocrx_word' id='word_1_75' title='bbox 436 1301 490 1314; x_wconf 75' lang='grc' dir='ltr'>-ο</span> <span class='ocrx_word' id='word_1_76' title='bbox 540 1272 718 1325; x_wconf 73' lang='grc' dir='ltr'>αὐτόν.</span> <span class='ocrx_word' id='word_1_77' title='bbox 775 1275 840 1325; x_wconf 83' lang='grc' dir='ltr'><strong>Οἱ</strong></span> <span class='ocrx_word' id='word_1_78' title='bbox 875 1280 1058 1345; x_wconf 82' lang='grc' dir='ltr'>ταχεῖς</span> <span class='ocrx_word' id='word_1_79' title='bbox 1097 1275 1225 1345; x_wconf 88' lang='grc' dir='ltr'>πρὸς</span> <span class='ocrx_word' id='word_1_80' title='bbox 1254 1277 1400 1344; x_wconf 88' lang='grc' dir='ltr'>φόνον</span> <span class='ocrx_word' id='word_1_81' title='bbox 1432 1292 1444 1305; x_wconf 86' lang='grc'><strong>·</strong></span> <span class='ocrx_word' id='word_1_82' title='bbox 1475 1271 1756 1345; x_wconf 86' lang='grc' dir='ltr'>Ἠγρίαναν</span> 
     </span>
    </p>
   </div>
   <div class='ocr_carea' id='block_1_14' title="bbox 159 1357 1756 1436">
    <p class='ocr_par' dir='ltr' id='par_1_14' title="bbox 159 1357 1756 1436">
     <span class='ocr_line' id='line_1_14' title="bbox 159 1357 1756 1436; baseline -0.001 -22"><span class='ocrx_word' id='word_1_83' title='bbox 159 1364 262 1435; x_wconf 84' lang='grc' dir='ltr'>γὰρ</span> <span class='ocrx_word' id='word_1_84' title='bbox 311 1359 556 1425; x_wconf 84' lang='grc' dir='ltr'>δόξαντες</span> <span class='ocrx_word' id='word_1_85' title='bbox 607 1361 922 1434; x_wconf 82' lang='grc' dir='ltr'>ὑϐρισθῆναι</span> <span class='ocrx_word' id='word_1_86' title='bbox 965 1366 1051 1414; x_wconf 86' lang='grc' dir='ltr'>τόν</span> <span class='ocrx_word' id='word_1_87' title='bbox 1110 1361 1347 1436; x_wconf 73' lang='grc' dir='ltr'>Ἀϐραὰμ</span> <span class='ocrx_word' id='word_1_88' title='bbox 1389 1378 1401 1390; x_wconf 75' lang='grc'><strong><em>⁸</em></strong></span> <span class='ocrx_word' id='word_1_89' title='bbox 1437 1361 1547 1432; x_wconf 85' lang='grc' dir='ltr'>οἶμα</span> <span class='ocrx_word' id='word_1_90' title='bbox 1576 1357 1634 1414; x_wconf 74' lang='grc' dir='ltr'>δὲ</span> <span class='ocrx_word' id='word_1_91' title='bbox 1667 1365 1756 1412; x_wconf 85' lang='grc' dir='ltr'>καὶ</span> 
     </span>
    </p>
   </div>
   <div class='ocr_carea' id='block_1_15' title="bbox 160 1447 1516 1524">
    <p class='ocr_par' dir='ltr' id='par_1_15' title="bbox 160 1447 1516 1524">
     <span class='ocr_line' id='line_1_15' title="bbox 160 1447 1516 1524; baseline 0.001 -20"><span class='ocrx_word' id='word_1_92' title='bbox 160 1457 365 1523; x_wconf 83' lang='grc' dir='ltr'>γνόντες</span> <span class='ocrx_word' id='word_1_93' title='bbox 395 1453 474 1504; x_wconf 81' lang='grc' dir='ltr'>ὅτι</span> <span class='ocrx_word' id='word_1_94' title='bbox 504 1447 783 1510; x_wconf 77' lang='grc' dir='ltr'>ἀιδιότητα</span> <span class='ocrx_word' id='word_1_95' title='bbox 821 1459 953 1505; x_wconf 83' lang='grc' dir='ltr'>Θεοῦ</span> <span class='ocrx_word' id='word_1_96' title='bbox 977 1452 1306 1524; x_wconf 78' lang='grc' dir='ltr'>περιτίθησιν</span> <span class='ocrx_word' id='word_1_97' title='bbox 1333 1451 1516 1520; x_wconf 75' lang='grc' dir='ltr'>ἐαυτῷ.</span> 
     </span>
    </p>
   </div>
   <div class='ocr_carea' id='block_1_16' title="bbox 234 1627 1750 1704">
    <p class='ocr_par' dir='ltr' id='par_1_16' title="bbox 234 1627 1750 1704">
     <span class='ocr_line' id='line_1_16' title="bbox 234 1627 1750 1704; baseline -0.003 -19"><span class='ocrx_word' id='word_1_98' title='bbox 234 1630 441 1691; x_wconf 80' lang='grc' dir='ltr'>Ἰησοῦς</span> <span class='ocrx_word' id='word_1_99' title='bbox 497 1627 557 1683; x_wconf 67' lang='grc' dir='ltr'>δὲ</span> <span class='ocrx_word' id='word_1_100' title='bbox 603 1629 820 1704; x_wconf 70' lang='grc' dir='ltr'>ἐκρύϐη.</span> <span class='ocrx_word' id='word_1_101' title='bbox 865 1631 1116 1703; x_wconf 84' lang='grc' dir='ltr'>Ἀόρατος</span> <span class='ocrx_word' id='word_1_102' title='bbox 1172 1629 1351 1690; x_wconf 85' lang='grc' dir='ltr'>αύτοίς</span> <span class='ocrx_word' id='word_1_103' title='bbox 1411 1633 1634 1687; x_wconf 76' lang='grc' dir='ltr'>κατέστη</span> <span class='ocrx_word' id='word_1_104' title='bbox 1689 1636 1750 1699; x_wconf 76' lang='grc' dir='ltr'>τῇ</span> 
     </span>
    </p>
   </div>
   <div class='ocr_carea' id='block_1_17' title="bbox 161 1720 794 1793">
    <p class='ocr_par' dir='ltr' id='par_1_17' title="bbox 161 1720 794 1793">
     <span class='ocr_line' id='line_1_17' title="bbox 161 1720 794 1793; baseline -0.002 -20"><span class='ocrx_word' id='word_1_105' title='bbox 161 1720 375 1793; x_wconf 72' lang='grc' dir='ltr'>ἐξουσίᾳ</span> <span class='ocrx_word' id='word_1_106' title='bbox 404 1728 495 1781; x_wconf 84' lang='grc' dir='ltr'>τῆς</span> <span class='ocrx_word' id='word_1_107' title='bbox 535 1721 794 1780; x_wconf 88' lang='grc' dir='ltr'>θεότητος.</span> 
     </span>
    </p>
   </div>
   <div class='ocr_carea' id='block_1_18' title="bbox 235 1807 1468 1884">
    <p class='ocr_par' dir='ltr' id='par_1_18' title="bbox 235 1807 1468 1884">
     <span class='ocr_line' id='line_1_18' title="bbox 235 1807 1468 1884; baseline -0.001 -21"><span class='ocrx_word' id='word_1_108' title='bbox 235 1814 334 1863; x_wconf 82' lang='grc' dir='ltr'>Καὶ</span> <span class='ocrx_word' id='word_1_109' title='bbox 368 1812 526 1884; x_wconf 79' lang='grc' dir='ltr'>ἱεροῦ.</span> <span class='ocrx_word' id='word_1_110' title='bbox 553 1815 664 1862; x_wconf 83' lang='grc' dir='ltr'>Ἵνα</span> <span class='ocrx_word' id='word_1_111' title='bbox 690 1807 994 1868; x_wconf 84' lang='grc' dir='ltr'>κατασταλῆ</span> <span class='ocrx_word' id='word_1_112' title='bbox 1029 1810 1054 1861; x_wconf 91' lang='grc' dir='ltr'>ό</span> <span class='ocrx_word' id='word_1_113' title='bbox 1089 1810 1251 1880; x_wconf 85' lang='grc' dir='ltr'>θυμὸς</span> <span class='ocrx_word' id='word_1_114' title='bbox 1279 1807 1468 1862; x_wconf 73' lang='grc' dir='ltr'>αὐτῶν.</span> 
     </span>
    </p>
   </div>
   <div class='ocr_carea' id='block_1_19' title="bbox 231 1983 1755 2059">
    <p class='ocr_par' dir='ltr' id='par_1_19' title="bbox 231 1983 1755 2059">
     <span class='ocr_line' id='line_1_19' title="bbox 231 1983 1755 2059; baseline -0.002 -19"><span class='ocrx_word' id='word_1_115' title='bbox 231 1987 446 2041; x_wconf 83' lang='grc' dir='ltr'>Διελθών</span> <span class='ocrx_word' id='word_1_116' title='bbox 475 2019 544 2028; x_wconf 94' lang='lat'>--</span> <span class='ocrx_word' id='word_1_117' title='bbox 573 1987 763 2040; x_wconf 85' lang='grc' dir='ltr'>αύτῶν.</span> <span class='ocrx_word' id='word_1_118' title='bbox 818 1993 904 2046; x_wconf 78' lang='grc' dir='ltr'>Μὴ</span> <span class='ocrx_word' id='word_1_119' title='bbox 949 1987 1248 2059; x_wconf 82' lang='grc' dir='ltr'>ἰσχυόντων</span> <span class='ocrx_word' id='word_1_120' title='bbox 1280 1983 1408 2039; x_wconf 80' lang='grc' dir='ltr'>ἰδεῖν</span> <span class='ocrx_word' id='word_1_121' title='bbox 1449 1986 1621 2042; x_wconf 66' lang='grc' dir='ltr'>αὐτόν.</span> <span class='ocrx_word' id='word_1_122' title='bbox 1658 1993 1755 2042; x_wconf 77' lang='grc' dir='ltr'>Καὶ</span> 
     </span>
    </p>
   </div>
   <div class='ocr_carea' id='block_1_20' title="bbox 155 2073 1761 2148">
    <p class='ocr_par' dir='ltr' id='par_1_20' title="bbox 155 2073 1761 2148">
     <span class='ocr_line' id='line_1_20' title="bbox 155 2073 1761 2148; baseline -0.003 -17"><span class='ocrx_word' id='word_1_123' title='bbox 155 2075 307 2131; x_wconf 83' lang='grc' dir='ltr'>διατί</span> <span class='ocrx_word' id='word_1_124' title='bbox 358 2077 452 2129; x_wconf 80' lang='grc' dir='ltr'>ούκ</span> <span class='ocrx_word' id='word_1_125' title='bbox 509 2075 741 2140; x_wconf 73' lang='grc' dir='ltr'>ἐξέλυσεν</span> <span class='ocrx_word' id='word_1_126' title='bbox 772 2077 940 2130; x_wconf 78' lang='grc' dir='ltr'>αὐτῶν</span> <span class='ocrx_word' id='word_1_127' title='bbox 979 2081 1072 2134; x_wconf 79' lang='grc' dir='ltr'>τὴν</span> <span class='ocrx_word' id='word_1_128' title='bbox 1123 2073 1344 2148; x_wconf 86' lang='grc' dir='ltr'>δύναμιν</span> <span class='ocrx_word' id='word_1_129' title='bbox 1387 2081 1476 2128; x_wconf 77' lang='grc' dir='ltr'>καὶ</span> <span class='ocrx_word' id='word_1_130' title='bbox 1534 2084 1761 2148; x_wconf 83' lang='grc' dir='ltr'>φανερῶς</span> 
     </span>
    </p>
   </div>
   <div class='ocr_carea' id='block_1_21' title="bbox 155 2165 1752 2239">
    <p class='ocr_par' dir='ltr' id='par_1_21' title="bbox 155 2165 1752 2239">
     <span class='ocr_line' id='line_1_21' title="bbox 155 2165 1752 2239; baseline -0.002 -20"><span class='ocrx_word' id='word_1_131' title='bbox 155 2166 396 2239; x_wconf 79' lang='grc' dir='ltr'>ἁνεχώρη</span> <span class='ocrx_word' id='word_1_132' title='bbox 407 2183 497 2232; x_wconf 71' lang='lat' dir='ltr'>at;</span> <span class='ocrx_word' id='word_1_133' title='bbox 531 2171 673 2219; x_wconf 90' lang='grc' dir='ltr'>Διότι</span> <span class='ocrx_word' id='word_1_134' title='bbox 689 2168 799 2219; x_wconf 74' lang='grc' dir='ltr'>οὔθ’</span> <span class='ocrx_word' id='word_1_135' title='bbox 821 2167 981 2227; x_wconf 75' lang='grc' dir='ltr'>οὕτως</span> <span class='ocrx_word' id='word_1_136' title='bbox 1003 2165 1204 2238; x_wconf 76' lang='grc' dir='ltr'>ἔμελλον</span> <span class='ocrx_word' id='word_1_137' title='bbox 1234 2168 1516 2219; x_wconf 81' lang='grc' dir='ltr'>πιστεύειν.</span> <span class='ocrx_word' id='word_1_138' title='bbox 1541 2168 1752 2238; x_wconf 78' lang='grc' dir='ltr'>Καὶγὰρ</span> 
     </span>
    </p>
   </div>
   <div class='ocr_carea' id='block_1_22' title="bbox 154 2254 1750 2330">
    <p class='ocr_par' dir='ltr' id='par_1_22' title="bbox 154 2254 1750 2330">
     <span class='ocr_line' id='line_1_22' title="bbox 154 2254 1750 2330; baseline -0.003 -21"><span class='ocrx_word' id='word_1_139' title='bbox 154 2257 208 2309; x_wconf 74' lang='grc' dir='ltr'>ἐν</span> <span class='ocrx_word' id='word_1_140' title='bbox 237 2265 305 2327; x_wconf 79' lang='grc' dir='ltr'>τῷ</span> <span class='ocrx_word' id='word_1_141' title='bbox 333 2263 499 2330; x_wconf 81' lang='grc' dir='ltr'>καιρῷ</span> <span class='ocrx_word' id='word_1_142' title='bbox 530 2264 622 2307; x_wconf 85' lang='grc' dir='ltr'>τοῦ</span> <span class='ocrx_word' id='word_1_143' title='bbox 683 2258 888 2316; x_wconf 84' lang='grc' dir='ltr'>[Ιάθους</span> <span class='ocrx_word' id='word_1_144' title='bbox 933 2257 1145 2316; x_wconf 77' lang='grc' dir='ltr'>ὑπτίους</span> <span class='ocrx_word' id='word_1_145' title='bbox 1177 2256 1289 2325; x_wconf 86' lang='grc'>(73)</span> <span class='ocrx_word' id='word_1_146' title='bbox 1341 2255 1525 2314; x_wconf 83' lang='grc' dir='ltr'>αύτούς</span> <span class='ocrx_word' id='word_1_147' title='bbox 1554 2254 1750 2329; x_wconf 73' lang='grc' dir='ltr'>ἔρριψε,</span> 
     </span>
    </p>
   </div>
   <div class='ocr_carea' id='block_1_23' title="bbox 151 2342 1751 2416">
    <p class='ocr_par' dir='ltr' id='par_1_23' title="bbox 151 2342 1751 2416">
     <span class='ocr_line' id='line_1_23' title="bbox 151 2342 1751 2416; baseline -0.002 -19"><span class='ocrx_word' id='word_1_148' title='bbox 151 2351 248 2398; x_wconf 84' lang='grc' dir='ltr'>καὶ</span> <span class='ocrx_word' id='word_1_149' title='bbox 277 2350 371 2398; x_wconf 79' lang='grc' dir='ltr'>τὰς</span> <span class='ocrx_word' id='word_1_150' title='bbox 391 2345 532 2416; x_wconf 63' lang='grc' dir='ltr'>ὄψεις</span> <span class='ocrx_word' id='word_1_151' title='bbox 563 2345 730 2397; x_wconf 68' lang='grc' dir='ltr'>αὐτῶν</span> <span class='ocrx_word' id='word_1_152' title='bbox 753 2343 1013 2408; x_wconf 78' lang='grc' dir='ltr'>ὶσκότισε,</span> <span class='ocrx_word' id='word_1_153' title='bbox 1055 2350 1144 2396; x_wconf 86' lang='grc' dir='ltr'>καὶ</span> <span class='ocrx_word' id='word_1_154' title='bbox 1174 2345 1266 2396; x_wconf 77' lang='grc' dir='ltr'>οὐκ</span> <span class='ocrx_word' id='word_1_155' title='bbox 1297 2342 1628 2398; x_wconf 71' lang='grc' dir='ltr'>ἐπίστευσαν.</span> <span class='ocrx_word' id='word_1_156' title='bbox 1651 2344 1751 2396; x_wconf 66' lang='lat'>0&#39;3-</span> 
     </span>
    </p>
   </div>
   <div class='ocr_carea' id='block_1_24' title="bbox 152 2430 1753 2506">
    <p class='ocr_par' dir='ltr' id='par_1_24' title="bbox 152 2430 1753 2506">
     <span class='ocr_line' id='line_1_24' title="bbox 152 2430 1753 2506; baseline -0.001 -21"><span class='ocrx_word' id='word_1_157' title='bbox 152 2430 246 2486; x_wconf 70' lang='grc' dir='ltr'>διν</span> <span class='ocrx_word' id='word_1_158' title='bbox 275 2435 374 2506; x_wconf 75' lang='grc' dir='ltr'>γὰρ</span> <span class='ocrx_word' id='word_1_159' title='bbox 405 2441 584 2505; x_wconf 86' lang='grc' dir='ltr'>χεῖρον</span> <span class='ocrx_word' id='word_1_160' title='bbox 613 2432 802 2504; x_wconf 75' lang='grc' dir='ltr'>ψυχῆς</span> <span class='ocrx_word' id='word_1_161' title='bbox 835 2432 1212 2504; x_wconf 79' lang='grc' dir='ltr'>ἁπεγνωκυίας.</span> <span class='ocrx_word' id='word_1_162' title='bbox 1271 2431 1376 2485; x_wconf 74' lang='grc' dir='ltr'>Κᾶν</span> <span class='ocrx_word' id='word_1_163' title='bbox 1423 2435 1524 2506; x_wconf 79' lang='grc' dir='ltr'>γὰρ</span> <span class='ocrx_word' id='word_1_164' title='bbox 1560 2439 1753 2504; x_wconf 86' lang='grc' dir='ltr'>σημεῖα</span> 
     </span>
    </p>
   </div>
   <div class='ocr_carea' id='block_1_25' title="bbox 147 2520 1752 2598">
    <p class='ocr_par' dir='ltr' id='par_1_25' title="bbox 147 2520 1752 2598">
     <span class='ocr_line' id='line_1_25' title="bbox 147 2520 1752 2598; baseline -0.001 -23"><span class='ocrx_word' id='word_1_165' title='bbox 147 2520 276 2596; x_wconf 79' lang='grc' dir='ltr'>ἴδη,</span> <span class='ocrx_word' id='word_1_166' title='bbox 303 2521 396 2575; x_wconf 76' lang='grc' dir='ltr'>κᾶν</span> <span class='ocrx_word' id='word_1_167' title='bbox 427 2527 636 2598; x_wconf 76' lang='grc' dir='ltr'>τέρατα,</span> <span class='ocrx_word' id='word_1_168' title='bbox 666 2527 803 2596; x_wconf 81' lang='grc' dir='ltr'>μένει</span> <span class='ocrx_word' id='word_1_169' title='bbox 833 2527 926 2582; x_wconf 73' lang='grc' dir='ltr'>την</span> <span class='ocrx_word' id='word_1_170' title='bbox 953 2523 1114 2582; x_wconf 79' lang='grc' dir='ltr'>αύτήν</span> <span class='ocrx_word' id='word_1_171' title='bbox 1157 2525 1363 2596; x_wconf 73' lang='grc' dir='ltr'>ἔχουσα</span> <span class='ocrx_word' id='word_1_172' title='bbox 1390 2521 1542 2574; x_wconf 83' lang='grc' dir='ltr'>πάλιν</span> <span class='ocrx_word' id='word_1_173' title='bbox 1571 2520 1752 2574; x_wconf 77' lang='grc' dir='ltr'>ἀναισ-</span> 
     </span>
    </p>
   </div>
   <div class='ocr_carea' id='block_1_26' title="bbox 141 2617 399 2685">
    <p class='ocr_par' dir='ltr' id='par_1_26' title="bbox 141 2617 399 2685">
     <span class='ocr_line' id='line_1_26' title="bbox 141 2617 399 2685; baseline 0.012 -21"><span class='ocrx_word' id='word_1_174' title='bbox 141 2617 399 2685; x_wconf 73' lang='grc' dir='ltr'>χυντίαν.</span> 
     </span>
    </p>
   </div>
   <div class='ocr_carea' id='block_1_27' title="bbox 233 2701 1752 2775">
    <p class='ocr_par' dir='ltr' id='par_1_27' title="bbox 233 2701 1752 2775">
     <span class='ocr_line' id='line_1_27' title="bbox 233 2701 1752 2775; baseline -0.001 -20"><span class='ocrx_word' id='word_1_175' title='bbox 233 2707 332 2755; x_wconf 77' lang='grc' dir='ltr'>Καὶ</span> <span class='ocrx_word' id='word_1_176' title='bbox 359 2709 592 2775; x_wconf 87' lang='grc' dir='ltr'>παρῆγεν</span> <span class='ocrx_word' id='word_1_177' title='bbox 613 2702 797 2763; x_wconf 77' lang='grc' dir='ltr'>οὕτως.</span> <span class='ocrx_word' id='word_1_178' title='bbox 828 2701 1099 2764; x_wconf 78' lang='grc' dir='ltr'>Ἐϐάδιζεν</span> <span class='ocrx_word' id='word_1_179' title='bbox 1138 2703 1315 2769; x_wconf 78' lang='grc' dir='ltr'>οὕτως,</span> <span class='ocrx_word' id='word_1_180' title='bbox 1350 2707 1422 2775; x_wconf 83' lang='grc' dir='ltr'>μὴ</span> <span class='ocrx_word' id='word_1_181' title='bbox 1456 2706 1752 2775; x_wconf 77' lang='grc' dir='ltr'>φαινόμενος</span> 
     </span>
    </p>
   </div>
   <div class='ocr_carea' id='block_1_28' title="bbox 137 2790 354 2853">
    <p class='ocr_par' dir='ltr' id='par_1_28' title="bbox 137 2790 354 2853">
     <span class='ocr_line' id='line_1_28' title="bbox 137 2790 354 2853; baseline 0.005 -9"><span class='ocrx_word' id='word_1_182' title='bbox 137 2790 354 2853; x_wconf 76' lang='grc' dir='ltr'>οεύτοίς.</span> 
     </span>
    </p>
   </div>
   <div class='ocr_carea' id='block_1_29' title="bbox 407 2878 1498 2954">
    <p class='ocr_par' dir='ltr' id='par_1_29' title="bbox 407 2878 1498 2954">
     <span class='ocr_line' id='line_1_29' title="bbox 407 2878 1498 2954; baseline 0.002 -20"><span class='ocrx_word' id='word_1_183' title='bbox 407 2886 552 2934; x_wconf 70' lang='grc' dir='ltr'>ΚΕΦ.</span> <span class='ocrx_word' id='word_1_184' title='bbox 597 2878 648 2935; x_wconf 77' lang='grc' dir='ltr'>Γ.</span> <span class='ocrx_word' id='word_1_185' title='bbox 677 2885 800 2954; x_wconf 82' lang='grc' dir='ltr'>Περὶ</span> <span class='ocrx_word' id='word_1_186' title='bbox 828 2888 920 2934; x_wconf 83' lang='grc' dir='ltr'>τοῦ</span> <span class='ocrx_word' id='word_1_187' title='bbox 959 2880 1014 2934; x_wconf 68' lang='lat' dir='ltr'>ix</span> <span class='ocrx_word' id='word_1_188' title='bbox 1051 2890 1256 2953; x_wconf 83' lang='grc' dir='ltr'>γενετῆς</span> <span class='ocrx_word' id='word_1_189' title='bbox 1284 2880 1498 2954; x_wconf 84' lang='grc' dir='ltr'>τυφλοῦ.</span> 
     </span>
    </p>
   </div>
   <div class='ocr_carea' id='block_1_30' title="bbox 225 2967 1750 3042">
    <p class='ocr_par' dir='ltr' id='par_1_30' title="bbox 225 2967 1750 3042">
     <span class='ocr_line' id='line_1_30' title="bbox 225 2967 1750 3042; baseline -0.001 -20"><span class='ocrx_word' id='word_1_190' title='bbox 225 2974 330 3023; x_wconf 80' lang='grc' dir='ltr'>Καὶ</span> <span class='ocrx_word' id='word_1_191' title='bbox 359 3001 428 3010; x_wconf 90' lang='grc'><strong>-</strong></span> <span class='ocrx_word' id='word_1_192' title='bbox 455 2979 680 3040; x_wconf 84' lang='grc' dir='ltr'>γενετῆς.</span> <span class='ocrx_word' id='word_1_193' title='bbox 706 2969 928 3023; x_wconf 80' lang='grc' dir='ltr'>Βεϐαιῶν</span> <span class='ocrx_word' id='word_1_194' title='bbox 958 2969 994 3023; x_wconf 86' lang='grc' dir='ltr'>ἀ</span> <span class='ocrx_word' id='word_1_195' title='bbox 1022 2967 1149 3035; x_wconf 84' lang='grc' dir='ltr'>εἶπε,</span> <span class='ocrx_word' id='word_1_196' title='bbox 1180 2975 1270 3023; x_wconf 85' lang='grc' dir='ltr'>καὶ</span> <span class='ocrx_word' id='word_1_197' title='bbox 1298 2973 1638 3042; x_wconf 74' lang='grc' dir='ltr'>πιστούμενος</span> <span class='ocrx_word' id='word_1_198' title='bbox 1671 2972 1750 3021; x_wconf 87' lang='grc' dir='ltr'>ὃτι</span> 
     </span>
    </p>
   </div>
   <div class='ocr_carea' id='block_1_31' title="bbox 1868 554 3522 629">
    <p class='ocr_par' dir='ltr' id='par_1_31' title="bbox 1868 554 3522 629">
     <span class='ocr_line' id='line_1_31' title="bbox 1868 554 3522 629; baseline -0.002 -17"><span class='ocrx_word' id='word_1_199' title='bbox 1868 556 2051 614; x_wconf 84' lang='lat' dir='ltr'>ferme</span> <span class='ocrx_word' id='word_1_200' title='bbox 2107 572 2240 612; x_wconf 91' lang='lat' dir='ltr'>esse</span> <span class='ocrx_word' id='word_1_201' title='bbox 2290 556 2897 629; x_wconf 69' lang='lat' dir='ltr'>quinquagenarium,</span> <span class='ocrx_word' id='word_1_202' title='bbox 2976 559 3218 627; x_wconf 80' lang='lat' dir='ltr'>propter</span> <span class='ocrx_word' id='word_1_203' title='bbox 3271 554 3522 610; x_wconf 87' lang='lat' dir='ltr'>multam</span> 
     </span>
    </p>
   </div>
   <div class='ocr_carea' id='block_1_32' title="bbox 1867 643 3523 719">
    <p class='ocr_par' dir='ltr' id='par_1_32' title="bbox 1867 643 3523 719">
     <span class='ocr_line' id='line_1_32' title="bbox 1867 643 3523 719; baseline -0.002 -17"><span class='ocrx_word' id='word_1_204' title='bbox 1867 647 2000 719; x_wconf 86' lang='lat' dir='ltr'>ejus</span> <span class='ocrx_word' id='word_1_205' title='bbox 2043 647 2317 718; x_wconf 89' lang='lat' dir='ltr'>peritiam</span> <span class='ocrx_word' id='word_1_206' title='bbox 2367 651 2423 702; x_wconf 91' lang='lat' dir='ltr'>et</span> <span class='ocrx_word' id='word_1_207' title='bbox 2467 645 2913 718; x_wconf 80' lang='lat' dir='ltr'>experientiam.</span> <span class='ocrx_word' id='word_1_208' title='bbox 2984 643 3266 710; x_wconf 69' lang='lat' dir='ltr'>Quaedam</span> <span class='ocrx_word' id='word_1_209' title='bbox 3323 650 3523 700; x_wconf 90' lang='lat' dir='ltr'>autem</span> 
     </span>
    </p>
   </div>
   <div class='ocr_carea' id='block_1_33' title="bbox 1869 732 3526 807">
    <p class='ocr_par' dir='ltr' id='par_1_33' title="bbox 1869 732 3526 807">
     <span class='ocr_line' id='line_1_33' title="bbox 1869 732 3526 807; baseline -0.002 -16"><span class='ocrx_word' id='word_1_210' title='bbox 1869 735 2234 807; x_wconf 82' lang='lat' dir='ltr'>exemplaria</span> <span class='ocrx_word' id='word_1_211' title='bbox 2303 734 2543 800; x_wconf 83' lang='lat' dir='ltr'>habent,</span> <span class='ocrx_word' id='word_1_212' title='bbox 2593 734 3022 806; x_wconf 85' lang='lat' dir='ltr'>quadraginta,</span> <span class='ocrx_word' id='word_1_213' title='bbox 3067 732 3244 806; x_wconf 44' lang='lat' dir='ltr'>.quod</span> <span class='ocrx_word' id='word_1_214' title='bbox 3293 732 3526 789; x_wconf 89' lang='lat' dir='ltr'>videtur</span> 
     </span>
    </p>
   </div>
   <div class='ocr_carea' id='block_1_34' title="bbox 1868 825 2236 880">
    <p class='ocr_par' dir='ltr' id='par_1_34' title="bbox 1868 825 2236 880">
     <span class='ocr_line' id='line_1_34' title="bbox 1868 825 2236 880; baseline -0.005 0"><span class='ocrx_word' id='word_1_215' title='bbox 1868 840 1995 880; x_wconf 89' lang='lat' dir='ltr'>esse</span> <span class='ocrx_word' id='word_1_216' title='bbox 2025 825 2236 880; x_wconf 87' lang='lat' dir='ltr'>verius.</span> 
     </span>
    </p>
   </div>
   <div class='ocr_carea' id='block_1_35' title="bbox 1939 911 3526 984">
    <p class='ocr_par' dir='ltr' id='par_1_35' title="bbox 1939 911 3526 984">
     <span class='ocr_line' id='line_1_35' title="bbox 1939 911 3526 984; baseline -0.001 -17"><span class='ocrx_word' id='word_1_217' title='bbox 1939 914 2099 968; x_wconf 85' lang='lat' dir='ltr'>Vers.</span> <span class='ocrx_word' id='word_1_218' title='bbox 2180 917 2264 969; x_wconf 87' lang='lat'>58.</span> <span class='ocrx_word' id='word_1_219' title='bbox 2320 913 2492 970; x_wconf 73' lang='lat' dir='ltr'>Dixit</span> <span class='ocrx_word' id='word_1_220' title='bbox 2556 943 2626 952; x_wconf 93' lang='lat'>-—</span> <span class='ocrx_word' id='word_1_221' title='bbox 2690 914 3184 984; x_wconf 84' lang='lat' dir='ltr'>sum.Tanquam</span> <span class='ocrx_word' id='word_1_222' title='bbox 3229 911 3404 966; x_wconf 89' lang='lat' dir='ltr'>Deus.</span> <span class='ocrx_word' id='word_1_223' title='bbox 3461 911 3526 966; x_wconf 87' lang='lat' dir='ltr'>Et</span> 
     </span>
    </p>
   </div>
   <div class='ocr_carea' id='block_1_36' title="bbox 1866 1000 3528 1072">
    <p class='ocr_par' dir='ltr' id='par_1_36' title="bbox 1866 1000 3528 1072">
     <span class='ocr_line' id='line_1_36' title="bbox 1866 1000 3528 1072; baseline -0.002 -14"><span class='ocrx_word' id='word_1_224' title='bbox 1866 1017 1982 1058; x_wconf 90' lang='lat' dir='ltr'>non</span> <span class='ocrx_word' id='word_1_225' title='bbox 2035 1003 2203 1066; x_wconf 79' lang='lat' dir='ltr'>dixit,</span> <span class='ocrx_word' id='word_1_226' title='bbox 2265 1005 2386 1071; x_wconf 82' lang='lat' dir='ltr'>Ego</span> <span class='ocrx_word' id='word_1_227' title='bbox 2427 1017 2592 1058; x_wconf 90' lang='lat' dir='ltr'>eram</span> <span class='ocrx_word' id='word_1_228' title='bbox 2634 1020 2652 1072; x_wconf 82' lang='grc'>;</span> <span class='ocrx_word' id='word_1_229' title='bbox 2687 1001 2812 1068; x_wconf 91' lang='lat' dir='ltr'>sed,</span> <span class='ocrx_word' id='word_1_230' title='bbox 2863 1001 2988 1072; x_wconf 87' lang='lat' dir='ltr'>Ego</span> <span class='ocrx_word' id='word_1_231' title='bbox 3013 1017 3161 1068; x_wconf 84' lang='lat' dir='ltr'>sum,</span> <span class='ocrx_word' id='word_1_232' title='bbox 3219 1000 3317 1072; x_wconf 90' lang='lat' dir='ltr'>qui</span> <span class='ocrx_word' id='word_1_233' title='bbox 3372 1015 3528 1055; x_wconf 78' lang='lat' dir='ltr'>sem-</span> 
     </span>
    </p>
   </div>
   <div class='ocr_carea' id='block_1_37' title="bbox 1865 1091 3523 1163">
    <p class='ocr_par' dir='ltr' id='par_1_37' title="bbox 1865 1091 3523 1163">
     <span class='ocr_line' id='line_1_37' title="bbox 1865 1091 3523 1163; baseline -0.002 -15"><span class='ocrx_word' id='word_1_234' title='bbox 1865 1108 1972 1162; x_wconf 86' lang='lat' dir='ltr'>per</span> <span class='ocrx_word' id='word_1_235' title='bbox 2003 1109 2159 1147; x_wconf 84' lang='lat' dir='ltr'>sum.</span> <span class='ocrx_word' id='word_1_236' title='bbox 2191 1093 2330 1148; x_wconf 78' lang='lat' dir='ltr'>Fieri</span> <span class='ocrx_word' id='word_1_237' title='bbox 2359 1091 2650 1163; x_wconf 81' lang='lat' dir='ltr'>siquidem</span> <span class='ocrx_word' id='word_1_238' title='bbox 2681 1091 2764 1146; x_wconf 89' lang='lat' dir='ltr'>rei</span> <span class='ocrx_word' id='word_1_239' title='bbox 2796 1096 3006 1146; x_wconf 62' lang='lat' dir='ltr'>creatae</span> <span class='ocrx_word' id='word_1_240' title='bbox 3037 1094 3156 1158; x_wconf 90' lang='lat' dir='ltr'>est;</span> <span class='ocrx_word' id='word_1_241' title='bbox 3185 1091 3330 1147; x_wconf 87' lang='lat' dir='ltr'>Sum</span> <span class='ocrx_word' id='word_1_242' title='bbox 3362 1105 3523 1154; x_wconf 89' lang='lat' dir='ltr'>vero,</span> 
     </span>
    </p>
   </div>
   <div class='ocr_carea' id='block_1_38' title="bbox 1863 1181 2516 1237">
    <p class='ocr_par' dir='ltr' id='par_1_38' title="bbox 1863 1181 2516 1237">
     <span class='ocr_line' id='line_1_38' title="bbox 1863 1181 2516 1237; baseline -0.005 0"><span class='ocrx_word' id='word_1_243' title='bbox 1863 1181 2140 1237; x_wconf 74' lang='lat' dir='ltr'>increatas</span> <span class='ocrx_word' id='word_1_244' title='bbox 2203 1186 2258 1237; x_wconf 90' lang='lat' dir='ltr'>et</span> <span class='ocrx_word' id='word_1_245' title='bbox 2285 1187 2516 1237; x_wconf 74' lang='lat' dir='ltr'>creatas.</span> 
     </span>
    </p>
   </div>
   <div class='ocr_carea' id='block_1_39' title="bbox 1936 1268 3521 1327">
    <p class='ocr_par' dir='ltr' id='par_1_39' title="bbox 1936 1268 3521 1327">
     <span class='ocr_line' id='line_1_39' title="bbox 1936 1268 3521 1327; baseline 0.001 -4"><span class='ocrx_word' id='word_1_246' title='bbox 1936 1273 2098 1326; x_wconf 89' lang='lat' dir='ltr'>Vers.</span> <span class='ocrx_word' id='word_1_247' title='bbox 2135 1272 2219 1327; x_wconf 89' lang='lat'>59.</span> <span class='ocrx_word' id='word_1_248' title='bbox 2262 1272 2553 1327; x_wconf 83' lang='lat' dir='ltr'>Tulerunt</span> <span class='ocrx_word' id='word_1_249' title='bbox 2590 1302 2652 1312; x_wconf 90' lang='lat'><strong><em>—</em></strong></span> <span class='ocrx_word' id='word_1_250' title='bbox 2685 1286 2833 1326; x_wconf 80' lang='lat' dir='ltr'>eum.</span> <span class='ocrx_word' id='word_1_251' title='bbox 2858 1269 3104 1326; x_wconf 90' lang='lat' dir='ltr'>Veloces</span> <span class='ocrx_word' id='word_1_252' title='bbox 3169 1269 3246 1325; x_wconf 93' lang='lat' dir='ltr'>ad</span> <span class='ocrx_word' id='word_1_253' title='bbox 3277 1268 3521 1325; x_wconf 66' lang='lat' dir='ltr'>caedem.</span> 
     </span>
    </p>
   </div>
   <div class='ocr_carea' id='block_1_40' title="bbox 1867 1357 3522 1432">
    <p class='ocr_par' dir='ltr' id='par_1_40' title="bbox 1867 1357 3522 1432">
     <span class='ocr_line' id='line_1_40' title="bbox 1867 1357 3522 1432; baseline -0.001 -16"><span class='ocrx_word' id='word_1_254' title='bbox 1867 1361 2205 1432; x_wconf 83' lang='lat' dir='ltr'>Exasperati</span> <span class='ocrx_word' id='word_1_255' title='bbox 2239 1366 2377 1416; x_wconf 87' lang='lat' dir='ltr'>sunt</span> <span class='ocrx_word' id='word_1_256' title='bbox 2429 1360 2588 1416; x_wconf 90' lang='lat' dir='ltr'>enim</span> <span class='ocrx_word' id='word_1_257' title='bbox 2638 1365 2915 1429; x_wconf 75' lang='lat' dir='ltr'>putantes</span> <span class='ocrx_word' id='word_1_258' title='bbox 2962 1359 3180 1429; x_wconf 82' lang='lat' dir='ltr'>injuria</span> <span class='ocrx_word' id='word_1_259' title='bbox 3243 1357 3522 1416; x_wconf 76' lang='lat' dir='ltr'>affectum</span> 
     </span>
    </p>
   </div>
   <div class='ocr_carea' id='block_1_41' title="bbox 1866 1448 3525 1519">
    <p class='ocr_par' dir='ltr' id='par_1_41' title="bbox 1866 1448 3525 1519">
     <span class='ocr_line' id='line_1_41' title="bbox 1866 1448 3525 1519; baseline -0.001 -14"><span class='ocrx_word' id='word_1_260' title='bbox 1866 1466 1998 1505; x_wconf 90' lang='lat' dir='ltr'>esse</span> <span class='ocrx_word' id='word_1_261' title='bbox 2056 1450 2359 1506; x_wconf 83' lang='lat' dir='ltr'>Abraham</span> <span class='ocrx_word' id='word_1_262' title='bbox 2412 1467 2426 1502; x_wconf 90' lang='lat'><strong>:</strong></span> <span class='ocrx_word' id='word_1_263' title='bbox 2468 1449 2643 1505; x_wconf 89' lang='lat' dir='ltr'>simul</span> <span class='ocrx_word' id='word_1_264' title='bbox 2692 1449 2888 1514; x_wconf 89' lang='lat' dir='ltr'>etiam,</span> <span class='ocrx_word' id='word_1_265' title='bbox 2948 1449 3049 1505; x_wconf 90' lang='lat' dir='ltr'>ubi</span> <span class='ocrx_word' id='word_1_266' title='bbox 3103 1448 3525 1519; x_wconf 80' lang='lat' dir='ltr'>cognovissent</span> 
     </span>
    </p>
   </div>
   <div class='ocr_carea' id='block_1_42' title="bbox 1865 1538 3094 1612">
    <p class='ocr_par' dir='ltr' id='par_1_42' title="bbox 1865 1538 3094 1612">
     <span class='ocr_line' id='line_1_42' title="bbox 1865 1538 3094 1612; baseline -0.002 -18"><span class='ocrx_word' id='word_1_267' title='bbox 1865 1539 2030 1612; x_wconf 87' lang='lat' dir='ltr'>quod</span> <span class='ocrx_word' id='word_1_268' title='bbox 2061 1539 2159 1594; x_wconf 91' lang='lat' dir='ltr'>Dei</span> <span class='ocrx_word' id='word_1_269' title='bbox 2191 1539 2570 1595; x_wconf 65' lang='lat' dir='ltr'>mternitatem</span> <span class='ocrx_word' id='word_1_270' title='bbox 2606 1539 2717 1593; x_wconf 90' lang='lat' dir='ltr'>sibi</span> <span class='ocrx_word' id='word_1_271' title='bbox 2749 1538 3094 1594; x_wconf 87' lang='lat' dir='ltr'>vindicaret.</span> 
     </span>
    </p>
   </div>
   <div class='ocr_carea' id='block_1_43' title="bbox 1938 1627 3524 1686">
    <p class='ocr_par' dir='ltr' id='par_1_43' title="bbox 1938 1627 3524 1686">
     <span class='ocr_line' id='line_1_43' title="bbox 1938 1627 3524 1686; baseline 0.001 -4"><span class='ocrx_word' id='word_1_272' title='bbox 1938 1629 2104 1685; x_wconf 85' lang='lat' dir='ltr'>Vers.</span> <span class='ocrx_word' id='word_1_273' title='bbox 2135 1630 2225 1686; x_wconf 88' lang='lat'>59.</span> <span class='ocrx_word' id='word_1_274' title='bbox 2256 1631 2416 1684; x_wconf 76' lang='lat' dir='ltr'>Jesus</span> <span class='ocrx_word' id='word_1_275' title='bbox 2455 1635 2648 1683; x_wconf 80' lang='lat' dir='ltr'>autem</span> <span class='ocrx_word' id='word_1_276' title='bbox 2673 1629 3002 1684; x_wconf 79' lang='lat' dir='ltr'>occultatus</span> <span class='ocrx_word' id='word_1_277' title='bbox 3043 1633 3144 1683; x_wconf 88' lang='lat' dir='ltr'>est.</span> <span class='ocrx_word' id='word_1_278' title='bbox 3175 1627 3284 1682; x_wconf 85' lang='lat' dir='ltr'>Per</span> <span class='ocrx_word' id='word_1_279' title='bbox 3312 1627 3524 1683; x_wconf 87' lang='lat' dir='ltr'>divini-</span> 
     </span>
    </p>
   </div>
   <div class='ocr_carea' id='block_1_44' title="bbox 1867 1718 3130 1792">
    <p class='ocr_par' dir='ltr' id='par_1_44' title="bbox 1867 1718 3130 1792">
     <span class='ocr_line' id='line_1_44' title="bbox 1867 1718 3130 1792; baseline -0.002 -18"><span class='ocrx_word' id='word_1_280' title='bbox 1867 1720 2000 1776; x_wconf 89' lang='lat' dir='ltr'>tatis</span> <span class='ocrx_word' id='word_1_281' title='bbox 2025 1719 2352 1792; x_wconf 88' lang='lat' dir='ltr'>potentiam</span> <span class='ocrx_word' id='word_1_282' title='bbox 2383 1718 2692 1774; x_wconf 89' lang='lat' dir='ltr'>invisibilis</span> <span class='ocrx_word' id='word_1_283' title='bbox 2744 1719 2830 1774; x_wconf 88' lang='lat' dir='ltr'>eis</span> <span class='ocrx_word' id='word_1_284' title='bbox 2864 1718 3130 1774; x_wconf 82' lang='lat' dir='ltr'>eﬂ&#39;ectus.</span> 
     </span>
    </p>
   </div>
   <div class='ocr_carea' id='block_1_45' title="bbox 1792 1806 3520 1883">
    <p class='ocr_par' dir='ltr' id='par_1_45' title="bbox 1792 1806 3520 1883">
     <span class='ocr_line' id='line_1_45' title="bbox 1792 1806 3520 1883; baseline -0.001 -19"><span class='ocrx_word' id='word_1_285' title='bbox 1792 1829 1832 1883; x_wconf 80' lang='grc' dir='ltr'>Β</span> <span class='ocrx_word' id='word_1_286' title='bbox 1940 1810 2102 1864; x_wconf 89' lang='lat' dir='ltr'>Vers.</span> <span class='ocrx_word' id='word_1_287' title='bbox 2131 1810 2220 1864; x_wconf 84' lang='lat'>59.</span> <span class='ocrx_word' id='word_1_288' title='bbox 2263 1809 2341 1864; x_wconf 86' lang='lat' dir='ltr'>Et</span> <span class='ocrx_word' id='word_1_289' title='bbox 2371 1840 2438 1849; x_wconf 93' lang='lat'><strong><em>—</em></strong></span> <span class='ocrx_word' id='word_1_290' title='bbox 2487 1807 2712 1877; x_wconf 79' lang='lat' dir='ltr'>templo.</span> <span class='ocrx_word' id='word_1_291' title='bbox 2773 1810 2840 1863; x_wconf 90' lang='lat' dir='ltr'>Ut</span> <span class='ocrx_word' id='word_1_292' title='bbox 2896 1807 3133 1862; x_wconf 89' lang='lat' dir='ltr'>illorum</span> <span class='ocrx_word' id='word_1_293' title='bbox 3167 1807 3400 1863; x_wconf 88' lang='lat' dir='ltr'>sedaret</span> <span class='ocrx_word' id='word_1_294' title='bbox 3433 1806 3520 1862; x_wconf 86' lang='lat' dir='ltr'>fu-</span> 
     </span>
    </p>
   </div>
   <div class='ocr_carea' id='block_1_46' title="bbox 1867 1913 2084 1954">
    <p class='ocr_par' dir='ltr' id='par_1_46' title="bbox 1867 1913 2084 1954">
     <span class='ocr_line' id='line_1_46' title="bbox 1867 1913 2084 1954; baseline -0.018 0"><span class='ocrx_word' id='word_1_295' title='bbox 1867 1913 2062 1954; x_wconf 87' lang='lat' dir='ltr'>rorem</span> <span class='ocrx_word' id='word_1_296' title='bbox 2073 1939 2084 1950; x_wconf 92' lang='lat'>.</span> 
     </span>
    </p>
   </div>
   <div class='ocr_carea' id='block_1_47' title="bbox 1939 1985 3520 2044">
    <p class='ocr_par' dir='ltr' id='par_1_47' title="bbox 1939 1985 3520 2044">
     <span class='ocr_line' id='line_1_47' title="bbox 1939 1985 3520 2044; baseline -0.001 -2"><span class='ocrx_word' id='word_1_297' title='bbox 1939 1989 2104 2044; x_wconf 90' lang='lat' dir='ltr'>Vers.</span> <span class='ocrx_word' id='word_1_298' title='bbox 2131 1993 2216 2044; x_wconf 86' lang='lat'>59.</span> <span class='ocrx_word' id='word_1_299' title='bbox 2251 1987 2650 2044; x_wconf 82' lang='lat' dir='ltr'>Pertransiens</span> <span class='ocrx_word' id='word_1_300' title='bbox 2695 2017 2761 2027; x_wconf 92' lang='lat'>—</span> <span class='ocrx_word' id='word_1_301' title='bbox 2790 1986 3051 2042; x_wconf 83' lang='lat' dir='ltr'>illorum.</span> <span class='ocrx_word' id='word_1_302' title='bbox 3087 1987 3228 2042; x_wconf 88' lang='lat' dir='ltr'>Cum</span> <span class='ocrx_word' id='word_1_303' title='bbox 3263 1985 3343 2041; x_wconf 89' lang='lat' dir='ltr'>illi</span> <span class='ocrx_word' id='word_1_304' title='bbox 3383 2001 3520 2041; x_wconf 91' lang='lat' dir='ltr'>eum</span> 
     </span>
    </p>
   </div>
   <div class='ocr_carea' id='block_1_48' title="bbox 1866 2074 3526 2149">
    <p class='ocr_par' dir='ltr' id='par_1_48' title="bbox 1866 2074 3526 2149">
     <span class='ocr_line' id='line_1_48' title="bbox 1866 2074 3526 2149; baseline -0.002 -17"><span class='ocrx_word' id='word_1_305' title='bbox 1866 2078 2065 2134; x_wconf 89' lang='lat' dir='ltr'>videre</span> <span class='ocrx_word' id='word_1_306' title='bbox 2108 2093 2227 2132; x_wconf 91' lang='lat' dir='ltr'>non</span> <span class='ocrx_word' id='word_1_307' title='bbox 2274 2081 2542 2149; x_wconf 91' lang='lat' dir='ltr'>possent.</span> <span class='ocrx_word' id='word_1_308' title='bbox 2607 2078 2672 2130; x_wconf 90' lang='lat' dir='ltr'>Et</span> <span class='ocrx_word' id='word_1_309' title='bbox 2713 2091 2898 2147; x_wconf 88' lang='lat' dir='ltr'>quare</span> <span class='ocrx_word' id='word_1_310' title='bbox 2931 2091 3053 2130; x_wconf 93' lang='lat' dir='ltr'>non</span> <span class='ocrx_word' id='word_1_311' title='bbox 3112 2075 3376 2130; x_wconf 89' lang='lat' dir='ltr'>dissolvit</span> <span class='ocrx_word' id='word_1_312' title='bbox 3406 2074 3526 2130; x_wconf 90' lang='lat' dir='ltr'>illo-</span> 
     </span>
    </p>
   </div>
   <div class='ocr_carea' id='block_1_49' title="bbox 1863 2163 3524 2231">
    <p class='ocr_par' dir='ltr' id='par_1_49' title="bbox 1863 2163 3524 2231">
     <span class='ocr_line' id='line_1_49' title="bbox 1863 2163 3524 2231; baseline -0.001 -10"><span class='ocrx_word' id='word_1_313' title='bbox 1863 2183 1999 2222; x_wconf 87' lang='lat' dir='ltr'>rum</span> <span class='ocrx_word' id='word_1_314' title='bbox 2030 2167 2328 2231; x_wconf 82' lang='lat' dir='ltr'>virtutem,</span> <span class='ocrx_word' id='word_1_315' title='bbox 2362 2172 2419 2221; x_wconf 88' lang='lat' dir='ltr'>et</span> <span class='ocrx_word' id='word_1_316' title='bbox 2479 2165 2794 2220; x_wconf 86' lang='lat' dir='ltr'>manifeste</span> <span class='ocrx_word' id='word_1_317' title='bbox 2868 2164 3110 2219; x_wconf 87' lang='lat' dir='ltr'>recessit</span> <span class='ocrx_word' id='word_1_318' title='bbox 3154 2163 3182 2218; x_wconf 74' lang='lat' dir='ltr'>i’</span> <span class='ocrx_word' id='word_1_319' title='bbox 3229 2165 3373 2230; x_wconf 88' lang='lat' dir='ltr'>Quia</span> <span class='ocrx_word' id='word_1_320' title='bbox 3417 2179 3524 2220; x_wconf 93' lang='lat' dir='ltr'>nec</span> 
     </span>
    </p>
   </div>
   <div class='ocr_carea' id='block_1_50' title="bbox 1865 2253 3522 2324">
    <p class='ocr_par' dir='ltr' id='par_1_50' title="bbox 1865 2253 3522 2324">
     <span class='ocr_line' id='line_1_50' title="bbox 1865 2253 3522 2324; baseline -0.001 -15"><span class='ocrx_word' id='word_1_321' title='bbox 1865 2257 1950 2312; x_wconf 89' lang='lat' dir='ltr'>sic</span> <span class='ocrx_word' id='word_1_322' title='bbox 1998 2255 2275 2311; x_wconf 84' lang='lat' dir='ltr'>credituri</span> <span class='ocrx_word' id='word_1_323' title='bbox 2349 2259 2538 2310; x_wconf 86' lang='lat' dir='ltr'>erant.</span> <span class='ocrx_word' id='word_1_324' title='bbox 2616 2253 2840 2308; x_wconf 88' lang='lat' dir='ltr'>Etenim</span> <span class='ocrx_word' id='word_1_325' title='bbox 2889 2258 3159 2324; x_wconf 89' lang='lat' dir='ltr'>tempore</span> <span class='ocrx_word' id='word_1_326' title='bbox 3216 2253 3522 2324; x_wconf 88' lang='lat' dir='ltr'>passionis</span> 
     </span>
    </p>
   </div>
   <div class='ocr_carea' id='block_1_51' title="bbox 1863 2341 3524 2419">
    <p class='ocr_par' dir='ltr' id='par_1_51' title="bbox 1863 2341 3524 2419">
     <span class='ocr_line' id='line_1_51' title="bbox 1863 2341 3524 2419; baseline -0.004 -17"><span class='ocrx_word' id='word_1_327' title='bbox 1863 2347 2112 2419; x_wconf 88' lang='lat' dir='ltr'>supinos</span> <span class='ocrx_word' id='word_1_328' title='bbox 2144 2345 2277 2402; x_wconf 91' lang='lat' dir='ltr'>illos</span> <span class='ocrx_word' id='word_1_329' title='bbox 2307 2345 2538 2416; x_wconf 87' lang='lat' dir='ltr'>dejecit,</span> <span class='ocrx_word' id='word_1_330' title='bbox 2587 2359 2919 2414; x_wconf 86' lang='lat' dir='ltr'>eorumque</span> <span class='ocrx_word' id='word_1_331' title='bbox 2981 2348 3254 2414; x_wconf 88' lang='lat' dir='ltr'>aspectus</span> <span class='ocrx_word' id='word_1_332' title='bbox 3310 2341 3524 2398; x_wconf 89' lang='lat' dir='ltr'>obscu-</span> 
     </span>
    </p>
   </div>
   <div class='ocr_carea' id='block_1_52' title="bbox 1860 2431 3523 2504">
    <p class='ocr_par' dir='ltr' id='par_1_52' title="bbox 1860 2431 3523 2504">
     <span class='ocr_line' id='line_1_52' title="bbox 1860 2431 3523 2504; baseline -0.004 -12"><span class='ocrx_word' id='word_1_333' title='bbox 1860 2438 2031 2503; x_wconf 87' lang='lat' dir='ltr'>ravit,</span> <span class='ocrx_word' id='word_1_334' title='bbox 2078 2443 2133 2492; x_wconf 90' lang='lat' dir='ltr'>et</span> <span class='ocrx_word' id='word_1_335' title='bbox 2180 2451 2302 2491; x_wconf 91' lang='lat' dir='ltr'>non</span> <span class='ocrx_word' id='word_1_336' title='bbox 2353 2433 2749 2489; x_wconf 87' lang='lat' dir='ltr'>crediderunt.</span> <span class='ocrx_word' id='word_1_337' title='bbox 2805 2435 2952 2488; x_wconf 83' lang='lat' dir='ltr'>Nam</span> <span class='ocrx_word' id='word_1_338' title='bbox 3008 2432 3211 2488; x_wconf 90' lang='lat' dir='ltr'>anima</span> <span class='ocrx_word' id='word_1_339' title='bbox 3262 2431 3523 2504; x_wconf 90' lang='lat' dir='ltr'>reproba</span> 
     </span>
    </p>
   </div>
   <div class='ocr_carea' id='block_1_53' title="bbox 1861 2519 3522 2598">
    <p class='ocr_par' dir='ltr' id='par_1_53' title="bbox 1861 2519 3522 2598">
     <span class='ocr_line' id='line_1_53' title="bbox 1861 2519 3522 2598; baseline -0.004 -16"><span class='ocrx_word' id='word_1_340' title='bbox 1861 2526 2010 2582; x_wconf 90' lang='lat' dir='ltr'>nihil</span> <span class='ocrx_word' id='word_1_341' title='bbox 2038 2531 2124 2582; x_wconf 89' lang='lat' dir='ltr'>est</span> <span class='ocrx_word' id='word_1_342' title='bbox 2153 2527 2326 2598; x_wconf 90' lang='lat' dir='ltr'>pejus</span> <span class='ocrx_word' id='word_1_343' title='bbox 2357 2541 2369 2579; x_wconf 93' lang='lat'><strong>:</strong></span> <span class='ocrx_word' id='word_1_344' title='bbox 2402 2523 2534 2580; x_wconf 90' lang='lat' dir='ltr'>licet</span> <span class='ocrx_word' id='word_1_345' title='bbox 2563 2522 2721 2579; x_wconf 90' lang='lat' dir='ltr'>enim</span> <span class='ocrx_word' id='word_1_346' title='bbox 2764 2522 2939 2591; x_wconf 82' lang='lat' dir='ltr'>signa</span> <span class='ocrx_word' id='word_1_347' title='bbox 2982 2521 3182 2578; x_wconf 85' lang='lat' dir='ltr'>videat</span> <span class='ocrx_word' id='word_1_348' title='bbox 3218 2537 3289 2577; x_wconf 90' lang='lat' dir='ltr'>ac</span> <span class='ocrx_word' id='word_1_349' title='bbox 3321 2519 3522 2592; x_wconf 86' lang='lat' dir='ltr'>prodi-</span> 
     </span>
    </p>
   </div>
   <div class='ocr_carea' id='block_1_54' title="bbox 1861 2609 3411 2686">
    <p class='ocr_par' dir='ltr' id='par_1_54' title="bbox 1861 2609 3411 2686">
     <span class='ocr_line' id='line_1_54' title="bbox 1861 2609 3411 2686; baseline -0.002 -16"><span class='ocrx_word' id='word_1_350' title='bbox 1861 2616 1976 2686; x_wconf 81' lang='lat' dir='ltr'>gia,</span> <span class='ocrx_word' id='word_1_351' title='bbox 2005 2632 2173 2671; x_wconf 91' lang='lat' dir='ltr'>suam</span> <span class='ocrx_word' id='word_1_352' title='bbox 2206 2619 2404 2671; x_wconf 90' lang='lat' dir='ltr'>tamen</span> <span class='ocrx_word' id='word_1_353' title='bbox 2437 2627 2675 2684; x_wconf 90' lang='lat' dir='ltr'>semper</span> <span class='ocrx_word' id='word_1_354' title='bbox 2703 2611 2916 2666; x_wconf 88' lang='lat' dir='ltr'>retinet</span> <span class='ocrx_word' id='word_1_355' title='bbox 2944 2609 3411 2682; x_wconf 89' lang='lat' dir='ltr'>impudentiam.</span> 
     </span>
    </p>
   </div>
   <div class='ocr_carea' id='block_1_55' title="bbox 1931 2700 3523 2774">
    <p class='ocr_par' dir='ltr' id='par_1_55' title="bbox 1931 2700 3523 2774">
     <span class='ocr_line' id='line_1_55' title="bbox 1931 2700 3523 2774; baseline -0.004 -14"><span class='ocrx_word' id='word_1_356' title='bbox 1931 2706 2096 2762; x_wconf 90' lang='lat' dir='ltr'>Vers.</span> <span class='ocrx_word' id='word_1_357' title='bbox 2132 2705 2202 2761; x_wconf 85' lang='lat'><strong>59</strong></span> <span class='ocrx_word' id='word_1_358' title='bbox 2242 2706 2320 2760; x_wconf 83' lang='lat' dir='ltr'>Et</span> <span class='ocrx_word' id='word_1_359' title='bbox 2349 2705 2437 2760; x_wconf 86' lang='lat' dir='ltr'>ita</span> <span class='ocrx_word' id='word_1_360' title='bbox 2461 2701 2822 2774; x_wconf 72' lang='lat' dir='ltr'>praeteribat.</span> <span class='ocrx_word' id='word_1_361' title='bbox 2867 2700 3236 2756; x_wconf 79' lang='lat' dir='ltr'>Ambulabat</span> <span class='ocrx_word' id='word_1_362' title='bbox 3269 2701 3368 2766; x_wconf 90' lang='lat' dir='ltr'>ita,</span> <span class='ocrx_word' id='word_1_363' title='bbox 3400 2713 3523 2756; x_wconf 90' lang='lat' dir='ltr'>non</span> 
     </span>
    </p>
   </div>
   <div class='ocr_carea' id='block_1_56' title="bbox 1861 2793 2327 2868">
    <p class='ocr_par' dir='ltr' id='par_1_56' title="bbox 1861 2793 2327 2868">
     <span class='ocr_line' id='line_1_56' title="bbox 1861 2793 2327 2868; baseline -0.009 -15"><span class='ocrx_word' id='word_1_364' title='bbox 1861 2811 2156 2868; x_wconf 88' lang='lat' dir='ltr'>apparens</span> <span class='ocrx_word' id='word_1_365' title='bbox 2191 2793 2327 2850; x_wconf 91' lang='lat' dir='ltr'>illis.</span> 
     </span>
    </p>
   </div>
   <div class='ocr_carea' id='block_1_57' title="bbox 2217 2880 3162 2941">
    <p class='ocr_par' dir='ltr' id='par_1_57' title="bbox 2217 2880 3162 2941">
     <span class='ocr_line' id='line_1_57' title="bbox 2217 2880 3162 2941; baseline -0.006 0"><span class='ocrx_word' id='word_1_366' title='bbox 2217 2885 2369 2941; x_wconf 90' lang='lat' dir='ltr'>CAP.</span> <span class='ocrx_word' id='word_1_367' title='bbox 2400 2884 2466 2938; x_wconf 85' lang='lat' dir='ltr'>X.</span> <span class='ocrx_word' id='word_1_368' title='bbox 2500 2883 2578 2937; x_wconf 79' lang='lat' dir='ltr'>De</span> <span class='ocrx_word' id='word_1_369' title='bbox 2606 2897 2740 2937; x_wconf 74' lang='lat' dir='ltr'>(3ch</span> <span class='ocrx_word' id='word_1_370' title='bbox 2769 2897 2808 2936; x_wconf 88' lang='lat' dir='ltr'>a</span> <span class='ocrx_word' id='word_1_371' title='bbox 2833 2880 3162 2936; x_wconf 82' lang='lat' dir='ltr'>nativitate.</span> 
     </span>
    </p>
   </div>
   <div class='ocr_carea' id='block_1_58' title="bbox 1931 2967 3526 3047">
    <p class='ocr_par' dir='ltr' id='par_1_58' title="bbox 1931 2967 3526 3047">
     <span class='ocr_line' id='line_1_58' title="bbox 1931 2967 3526 3047; baseline -0.004 -17"><span class='ocrx_word' id='word_1_372' title='bbox 1931 2976 2070 3047; x_wconf 87' lang='lat' dir='ltr'>Cap.</span> <span class='ocrx_word' id='word_1_373' title='bbox 2119 2975 2218 3029; x_wconf 70' lang='grc' dir='ltr'>ιχ.</span> <span class='ocrx_word' id='word_1_374' title='bbox 2275 2975 2415 3029; x_wconf 87' lang='lat' dir='ltr'>Vers</span> <span class='ocrx_word' id='word_1_375' title='bbox 2454 2979 2499 3026; x_wconf 87' lang='lat' dir='ltr'>t.</span> <span class='ocrx_word' id='word_1_376' title='bbox 2551 2973 2627 3028; x_wconf 85' lang='lat' dir='ltr'>Et</span> <span class='ocrx_word' id='word_1_377' title='bbox 2671 3001 2740 3010; x_wconf 88' lang='lat'><strong>—</strong></span> <span class='ocrx_word' id='word_1_378' title='bbox 2771 2971 3101 3025; x_wconf 79' lang='lat' dir='ltr'>nativitate.</span> <span class='ocrx_word' id='word_1_379' title='bbox 3153 2967 3526 3024; x_wconf 84' lang='lat' dir='ltr'>Conﬁrman-</span> 
     </span>
    </p>
   </div>
   <div class='ocr_carea' id='block_1_59' title="bbox 147 3057 1750 3136">
    <p class='ocr_par' dir='ltr' id='par_1_59' title="bbox 147 3057 1750 3132">
     <span class='ocr_line' id='line_1_59' title="bbox 147 3057 1750 3132; baseline -0.003 -19"><span class='ocrx_word' id='word_1_380' title='bbox 147 3063 280 3119; x_wconf 80' lang='grc' dir='ltr'>Θεὸς</span> <span class='ocrx_word' id='word_1_381' title='bbox 328 3057 490 3124; x_wconf 73' lang='grc' dir='ltr'>ἔστιν,</span> <span class='ocrx_word' id='word_1_382' title='bbox 547 3059 696 3119; x_wconf 85' lang='grc' dir='ltr'>εύθύς</span> <span class='ocrx_word' id='word_1_383' title='bbox 727 3061 940 3132; x_wconf 82' lang='grc' dir='ltr'>ἔρχεται</span> <span class='ocrx_word' id='word_1_384' title='bbox 988 3058 1071 3112; x_wconf 76' lang='grc' dir='ltr'>ἐπὶ</span> <span class='ocrx_word' id='word_1_385' title='bbox 1126 3061 1302 3130; x_wconf 83' lang='grc' dir='ltr'>θαῦμα</span> <span class='ocrx_word' id='word_1_386' title='bbox 1352 3063 1621 3131; x_wconf 80' lang='grc' dir='ltr'>μέγιστον,</span> <span class='ocrx_word' id='word_1_387' title='bbox 1661 3063 1750 3109; x_wconf 87' lang='grc' dir='ltr'>καὶ</span> 
     </span>
    </p>
   </div>
   <div class='ocr_carea' id='block_1_60' title="bbox 1877 3057 3524 3136">
    <p class='ocr_par' dir='ltr' id='par_1_60' title="bbox 1877 3057 3524 3136">
     <span class='ocr_line' id='line_1_60' title="bbox 1877 3057 3524 3136; baseline -0.004 -18"><span class='ocrx_word' id='word_1_388' title='bbox 1877 3064 1958 3128; x_wconf 80' lang='lat' dir='ltr'>in,</span> <span class='ocrx_word' id='word_1_389' title='bbox 2007 3063 2172 3136; x_wconf 87' lang='lat' dir='ltr'>quod</span> <span class='ocrx_word' id='word_1_390' title='bbox 2237 3063 2485 3126; x_wconf 84' lang='lat' dir='ltr'>dixerat,</span> <span class='ocrx_word' id='word_1_391' title='bbox 2541 3061 2844 3131; x_wconf 84' lang='lat' dir='ltr'>ﬁdemque</span> <span class='ocrx_word' id='word_1_392' title='bbox 2874 3059 3119 3123; x_wconf 87' lang='lat' dir='ltr'>faciens,</span> <span class='ocrx_word' id='word_1_393' title='bbox 3159 3057 3324 3130; x_wconf 90' lang='lat' dir='ltr'>quod</span> <span class='ocrx_word' id='word_1_394' title='bbox 3369 3057 3524 3112; x_wconf 87' lang='lat' dir='ltr'>Deus</span> 
     </span>
    </p>
   </div>
   <div class='ocr_carea' id='block_1_61' title="bbox 147 3145 1750 3220">
    <p class='ocr_par' dir='ltr' id='par_1_61' title="bbox 147 3145 1750 3220">
     <span class='ocr_line' id='line_1_61' title="bbox 147 3145 1750 3220; baseline -0.001 -20"><span class='ocrx_word' id='word_1_395' title='bbox 147 3155 311 3218; x_wconf 81' lang='grc' dir='ltr'>μήπω</span> <span class='ocrx_word' id='word_1_396' title='bbox 395 3152 560 3220; x_wconf 78' lang='grc' dir='ltr'>μέχρι</span> <span class='ocrx_word' id='word_1_397' title='bbox 608 3152 723 3200; x_wconf 90' lang='grc' dir='ltr'>τότε</span> <span class='ocrx_word' id='word_1_398' title='bbox 777 3152 1063 3219; x_wconf 86' lang='grc' dir='ltr'>γενόμενον.</span> <span class='ocrx_word' id='word_1_399' title='bbox 1123 3145 1316 3220; x_wconf 85' lang='grc' dir='ltr'>Τυφλοὶ</span> <span class='ocrx_word' id='word_1_400' title='bbox 1363 3151 1452 3219; x_wconf 70' lang='grc' dir='ltr'>μὲν</span> <span class='ocrx_word' id='word_1_401' title='bbox 1503 3151 1604 3220; x_wconf 83' lang='grc' dir='ltr'>γὰρ</span> <span class='ocrx_word' id='word_1_402' title='bbox 1662 3151 1750 3198; x_wconf 82' lang='grc' dir='ltr'>καὶ</span> 
     </span>
    </p>
   </div>
   <div class='ocr_carea' id='block_1_62' title="bbox 147 3231 1749 3307">
    <p class='ocr_par' dir='ltr' id='par_1_62' title="bbox 147 3231 1749 3307">
     <span class='ocr_line' id='line_1_62' title="bbox 147 3231 1749 3307; baseline -0.001 -19"><span class='ocrx_word' id='word_1_403' title='bbox 147 3237 301 3291; x_wconf 84' lang='grc' dir='ltr'>ἄλλοι</span> <span class='ocrx_word' id='word_1_404' title='bbox 359 3235 636 3306; x_wconf 68' lang='grc' dir='ltr'>ἀνέϐλεψαν</span> <span class='ocrx_word' id='word_1_405' title='bbox 680 3252 692 3264; x_wconf 93' lang='grc'><strong>·</strong></span> <span class='ocrx_word' id='word_1_406' title='bbox 735 3235 924 3306; x_wconf 85' lang='grc' dir='ltr'>τυφλὸς</span> <span class='ocrx_word' id='word_1_407' title='bbox 979 3233 1037 3288; x_wconf 72' lang='grc' dir='ltr'>δε</span> <span class='ocrx_word' id='word_1_408' title='bbox 1095 3235 1143 3287; x_wconf 78' lang='grc' dir='ltr'>ἓν</span> <span class='ocrx_word' id='word_1_409' title='bbox 1190 3245 1396 3307; x_wconf 83' lang='grc' dir='ltr'>γενετῆς</span> <span class='ocrx_word' id='word_1_410' title='bbox 1427 3237 1536 3306; x_wconf 79' lang='grc'>(74)</span> <span class='ocrx_word' id='word_1_411' title='bbox 1577 3231 1749 3295; x_wconf 69' lang='grc' dir='ltr'>οὐδεὶς</span> 
     </span>
    </p>
   </div>
   <div class='ocr_carea' id='block_1_63' title="bbox 147 3322 1750 3400">
    <p class='ocr_par' dir='ltr' id='par_1_63' title="bbox 147 3322 1750 3400">
     <span class='ocr_line' id='line_1_63' title="bbox 147 3322 1750 3400; baseline -0.006 -20"><span class='ocrx_word' id='word_1_412' title='bbox 147 3331 286 3400; x_wconf 80' lang='grc' dir='ltr'>ἄχρι</span> <span class='ocrx_word' id='word_1_413' title='bbox 307 3333 440 3379; x_wconf 82' lang='grc' dir='ltr'>τότε.</span> <span class='ocrx_word' id='word_1_414' title='bbox 481 3329 568 3378; x_wconf 82' lang='grc' dir='ltr'>Διὸ</span> <span class='ocrx_word' id='word_1_415' title='bbox 597 3329 687 3376; x_wconf 84' lang='grc' dir='ltr'>καὶ</span> <span class='ocrx_word' id='word_1_416' title='bbox 713 3322 1002 3394; x_wconf 69' lang='grc' dir='ltr'>ἀναϐλέψας</span> <span class='ocrx_word' id='word_1_417' title='bbox 1032 3324 1198 3396; x_wconf 76' lang='grc' dir='ltr'>ἔλεγεν</span> <span class='ocrx_word' id='word_1_418' title='bbox 1249 3344 1261 3356; x_wconf 83' lang='grc'><strong><em>⁸</em></strong></span> <span class='ocrx_word' id='word_1_419' title='bbox 1297 3325 1384 3377; x_wconf 79' lang='grc' dir='ltr'>Ἐκ</span> <span class='ocrx_word' id='word_1_420' title='bbox 1413 3333 1505 3376; x_wconf 80' lang='grc' dir='ltr'>τοῦ</span> <span class='ocrx_word' id='word_1_421' title='bbox 1563 3325 1750 3384; x_wconf 80' lang='grc' dir='ltr'>αἰῶνος</span> 
     </span>
    </p>
   </div>
   <div class='ocr_carea' id='block_1_64' title="bbox 147 3412 1749 3485">
    <p class='ocr_par' dir='ltr' id='par_1_64' title="bbox 147 3412 1749 3485">
     <span class='ocr_line' id='line_1_64' title="bbox 147 3412 1749 3485; baseline -0.004 -17"><span class='ocrx_word' id='word_1_422' title='bbox 147 3417 244 3470; x_wconf 84' lang='grc' dir='ltr'>ούκ</span> <span class='ocrx_word' id='word_1_423' title='bbox 275 3416 512 3473; x_wconf 83' lang='grc' dir='ltr'>ἠκούσθη</span> <span class='ocrx_word' id='word_1_424' title='bbox 538 3415 618 3466; x_wconf 87' lang='grc' dir='ltr'>ὃτι</span> <span class='ocrx_word' id='word_1_425' title='bbox 665 3412 835 3476; x_wconf 70' lang='grc' dir='ltr'>ἤνοιξε</span> <span class='ocrx_word' id='word_1_426' title='bbox 859 3432 934 3473; x_wconf 89' lang='grc' dir='ltr'>τις</span> <span class='ocrx_word' id='word_1_427' title='bbox 972 3413 1265 3485; x_wconf 82' lang='grc' dir='ltr'>ὀφθαλμούς</span> <span class='ocrx_word' id='word_1_428' title='bbox 1293 3414 1485 3485; x_wconf 75' lang='grc' dir='ltr'>τυφλοῦ</span> <span class='ocrx_word' id='word_1_429' title='bbox 1513 3431 1749 3485; x_wconf 82' lang='grc' dir='ltr'>γεγεννη-</span> 
     </span>
    </p>
   </div>
   <div class='ocr_carea' id='block_1_65' title="bbox 149 3508 328 3578">
    <p class='ocr_par' dir='ltr' id='par_1_65' title="bbox 149 3508 328 3578">
     <span class='ocr_line' id='line_1_65' title="bbox 149 3508 328 3578; baseline -0.006 -21"><span class='ocrx_word' id='word_1_430' title='bbox 149 3508 328 3578; x_wconf 73' lang='grc' dir='ltr'>μένου.</span> 
     </span>
    </p>
   </div>
   <div class='ocr_carea' id='block_1_66' title="bbox 229 3770 1751 3845">
    <p class='ocr_par' dir='ltr' id='par_1_66' title="bbox 229 3770 1751 3845">
     <span class='ocr_line' id='line_1_66' title="bbox 229 3770 1751 3845; baseline 0 -22"><span class='ocrx_word' id='word_1_431' title='bbox 229 3775 329 3823; x_wconf 85' lang='grc' dir='ltr'>Καὶ</span> <span class='ocrx_word' id='word_1_432' title='bbox 385 3800 452 3811; x_wconf 91' lang='grc'><strong><em>-</em></strong></span> <span class='ocrx_word' id='word_1_433' title='bbox 502 3773 721 3842; x_wconf 83' lang='grc' dir='ltr'>γεννηθῇ</span> <span class='ocrx_word' id='word_1_434' title='bbox 754 3770 1080 3845; x_wconf 81' lang='grc' dir='ltr'>;Ἐρωτῶσιν</span> <span class='ocrx_word' id='word_1_435' title='bbox 1147 3771 1252 3843; x_wconf 76' lang='grc' dir='ltr'>οὐχ</span> <span class='ocrx_word' id='word_1_436' title='bbox 1305 3773 1375 3832; x_wconf 83' lang='grc' dir='ltr'>ὡς</span> <span class='ocrx_word' id='word_1_437' title='bbox 1423 3778 1576 3824; x_wconf 84' lang='grc' dir='ltr'>τοῦτο</span> <span class='ocrx_word' id='word_1_438' title='bbox 1625 3772 1751 3824; x_wconf 86' lang='grc' dir='ltr'>πάν-</span> 
     </span>
    </p>
   </div>
   <div class='ocr_carea' id='block_1_67' title="bbox 151 3859 1751 3934">
    <p class='ocr_par' dir='ltr' id='par_1_67' title="bbox 151 3859 1751 3934">
     <span class='ocr_line' id='line_1_67' title="bbox 151 3859 1751 3934; baseline 0.001 -22"><span class='ocrx_word' id='word_1_439' title='bbox 151 3878 250 3920; x_wconf 90' lang='grc' dir='ltr'>τως</span> <span class='ocrx_word' id='word_1_440' title='bbox 305 3860 334 3918; x_wconf 75' lang='grc' dir='ltr'>ἡ</span> <span class='ocrx_word' id='word_1_441' title='bbox 396 3860 554 3911; x_wconf 78' lang='grc' dir='ltr'>έκεῖνο</span> <span class='ocrx_word' id='word_1_442' title='bbox 620 3859 1084 3932; x_wconf 77' lang='grc' dir='ltr'>ὑπολαμϐάνοντες,</span> <span class='ocrx_word' id='word_1_443' title='bbox 1139 3862 1371 3934; x_wconf 85' lang='grc' dir='ltr'>καθάπερ</span> <span class='ocrx_word' id='word_1_444' title='bbox 1426 3863 1476 3913; x_wconf 82' lang='grc' dir='ltr'>οἱ</span> <span class='ocrx_word' id='word_1_445' title='bbox 1541 3859 1751 3919; x_wconf 79' lang='grc' dir='ltr'>ἀνόητοι</span> 
     </span>
    </p>
   </div>
   <div class='ocr_carea' id='block_1_68' title="bbox 153 3945 1751 4023">
    <p class='ocr_par' dir='ltr' id='par_1_68' title="bbox 153 3945 1751 4023">
     <span class='ocr_line' id='line_1_68' title="bbox 153 3945 1751 4023; baseline -0.001 -21"><span class='ocrx_word' id='word_1_446' title='bbox 153 3945 406 4002; x_wconf 86' lang='grc' dir='ltr'>Ἰουδαῖοι</span> <span class='ocrx_word' id='word_1_447' title='bbox 433 3963 448 3978; x_wconf 86' lang='lat'><strong>&#39;</strong></span> <span class='ocrx_word' id='word_1_448' title='bbox 474 3953 531 4002; x_wconf 90' lang='grc' dir='ltr'>τὸ</span> <span class='ocrx_word' id='word_1_449' title='bbox 560 3951 652 4020; x_wconf 70' lang='grc' dir='ltr'>μὶν</span> <span class='ocrx_word' id='word_1_450' title='bbox 701 3951 803 4023; x_wconf 81' lang='grc' dir='ltr'>γὰρ</span> <span class='ocrx_word' id='word_1_451' title='bbox 861 3949 1108 4022; x_wconf 83' lang='grc' dir='ltr'>ἁμαρτεῖν</span> <span class='ocrx_word' id='word_1_452' title='bbox 1160 3953 1258 4023; x_wconf 85' lang='grc' dir='ltr'>πρὸ</span> <span class='ocrx_word' id='word_1_453' title='bbox 1319 3957 1411 4003; x_wconf 80' lang='grc' dir='ltr'>τοῦ</span> <span class='ocrx_word' id='word_1_454' title='bbox 1440 3952 1751 4021; x_wconf 79' lang='grc' dir='ltr'>γεννηθῆναι</span> 
     </span>
    </p>
   </div>
   <div class='ocr_carea' id='block_1_69' title="bbox 151 4034 1746 4113">
    <p class='ocr_par' dir='ltr' id='par_1_69' title="bbox 151 4034 1746 4113">
     <span class='ocr_line' id='line_1_69' title="bbox 151 4034 1746 4113; baseline 0 -23"><span class='ocrx_word' id='word_1_455' title='bbox 151 4034 431 4107; x_wconf 77' lang='grc' dir='ltr'>ἀδύνατον,</span> <span class='ocrx_word' id='word_1_456' title='bbox 464 4041 522 4090; x_wconf 81' lang='grc' dir='ltr'>τό</span> <span class='ocrx_word' id='word_1_457' title='bbox 554 4034 613 4091; x_wconf 76' lang='grc' dir='ltr'>δε</span> <span class='ocrx_word' id='word_1_458' title='bbox 637 4040 764 4113; x_wconf 76' lang='grc' dir='ltr'>ὑπερ</span> <span class='ocrx_word' id='word_1_459' title='bbox 796 4047 896 4090; x_wconf 87' lang='grc' dir='ltr'>τῶν</span> <span class='ocrx_word' id='word_1_460' title='bbox 923 4043 1112 4110; x_wconf 80' lang='grc' dir='ltr'>γονέων</span> <span class='ocrx_word' id='word_1_461' title='bbox 1157 4038 1472 4100; x_wconf 75' lang='grc' dir='ltr'>κολάζεσθαι</span> <span class='ocrx_word' id='word_1_462' title='bbox 1523 4037 1709 4092; x_wconf 80' lang='grc' dir='ltr'>οἰδικον</span> <span class='ocrx_word' id='word_1_463' title='bbox 1734 4056 1746 4069; x_wconf 86' lang='grc'><strong>·</strong></span> 
     </span>
    </p>
   </div>
   <div class='ocr_carea' id='block_1_70' title="bbox 149 4125 1750 4203">
    <p class='ocr_par' dir='ltr' id='par_1_70' title="bbox 149 4125 1750 4203">
     <span class='ocr_line' id='line_1_70' title="bbox 149 4125 1750 4203; baseline 0 -23"><span class='ocrx_word' id='word_1_464' title='bbox 149 4125 258 4180; x_wconf 80' lang='grc' dir='ltr'>ἀλλ’</span> <span class='ocrx_word' id='word_1_465' title='bbox 290 4130 433 4180; x_wconf 84' lang='grc' dir='ltr'>ἔστιν</span> <span class='ocrx_word' id='word_1_466' title='bbox 467 4129 492 4180; x_wconf 88' lang='grc' dir='ltr'>ό</span> <span class='ocrx_word' id='word_1_467' title='bbox 520 4132 716 4190; x_wconf 83' lang='grc' dir='ltr'>σκοπὸς</span> <span class='ocrx_word' id='word_1_468' title='bbox 764 4135 855 4180; x_wconf 85' lang='grc' dir='ltr'>τοῦ</span> <span class='ocrx_word' id='word_1_469' title='bbox 885 4127 1041 4200; x_wconf 81' lang='grc' dir='ltr'>λόγου</span> <span class='ocrx_word' id='word_1_470' title='bbox 1065 4136 1319 4188; x_wconf 78' lang='grc' dir='ltr'>τοιοῦτος.</span> <span class='ocrx_word' id='word_1_471' title='bbox 1375 4128 1434 4180; x_wconf 67' lang='lat'>&#39;0</span> <span class='ocrx_word' id='word_1_472' title='bbox 1459 4131 1548 4200; x_wconf 68' lang='grc' dir='ltr'>μεν</span> <span class='ocrx_word' id='word_1_473' title='bbox 1579 4131 1750 4203; x_wconf 85' lang='grc' dir='ltr'>παρά-</span> 
     </span>
    </p>
   </div>
   <div class='ocr_carea' id='block_1_71' title="bbox 145 4213 1754 4289">
    <p class='ocr_par' dir='ltr' id='par_1_71' title="bbox 145 4213 1754 4289">
     <span class='ocr_line' id='line_1_71' title="bbox 145 4213 1754 4289; baseline 0 -22"><span class='ocrx_word' id='word_1_474' title='bbox 145 4216 301 4278; x_wconf 85' lang='grc' dir='ltr'>λυτος</span> <span class='ocrx_word' id='word_1_475' title='bbox 332 4213 425 4269; x_wconf 76' lang='grc' dir='ltr'>διὰ</span> <span class='ocrx_word' id='word_1_476' title='bbox 467 4219 559 4278; x_wconf 78' lang='grc' dir='ltr'>τὰς</span> <span class='ocrx_word' id='word_1_477' title='bbox 604 4217 861 4289; x_wconf 83' lang='grc' dir='ltr'>ἁμαρτίας</span> <span class='ocrx_word' id='word_1_478' title='bbox 913 4219 1073 4268; x_wconf 72' lang='grc' dir='ltr'>αὑτοῦ</span> <span class='ocrx_word' id='word_1_479' title='bbox 1127 4218 1352 4285; x_wconf 80' lang='grc' dir='ltr'>ἠσθένει,</span> <span class='ocrx_word' id='word_1_480' title='bbox 1411 4219 1584 4278; x_wconf 83' lang='grc' dir='ltr'>καθὼς</span> <span class='ocrx_word' id='word_1_481' title='bbox 1649 4215 1754 4270; x_wconf 71' lang='grc' dir='ltr'>ἐκεῖ</span> 
     </span>
    </p>
   </div>
   <div class='ocr_carea' id='block_1_72' title="bbox 145 4302 1752 4378">
    <p class='ocr_par' dir='ltr' id='par_1_72' title="bbox 145 4302 1752 4378">
     <span class='ocr_line' id='line_1_72' title="bbox 145 4302 1752 4378; baseline -0.001 -21"><span class='ocrx_word' id='word_1_482' title='bbox 145 4307 523 4378; x_wconf 83' lang='grc' dir='ltr'>μεμαθήκαμεν</span> <span class='ocrx_word' id='word_1_483' title='bbox 573 4324 588 4340; x_wconf 76' lang='grc' dir='ltr'><strong>ο</strong></span> <span class='ocrx_word' id='word_1_484' title='bbox 639 4310 756 4378; x_wconf 87' lang='grc' dir='ltr'>περὶ</span> <span class='ocrx_word' id='word_1_485' title='bbox 806 4309 987 4358; x_wconf 82' lang='grc' dir='ltr'>τούτου</span> <span class='ocrx_word' id='word_1_486' title='bbox 1029 4302 1086 4358; x_wconf 75' lang='grc' dir='ltr'>δὲ</span> <span class='ocrx_word' id='word_1_487' title='bbox 1141 4306 1252 4372; x_wconf 69' lang='grc'>(⁵75)</span> <span class='ocrx_word' id='word_1_488' title='bbox 1293 4311 1346 4357; x_wconf 86' lang='grc' dir='ltr'>τί</span> <span class='ocrx_word' id='word_1_489' title='bbox 1398 4305 1560 4376; x_wconf 79' lang='grc' dir='ltr'>λέγεις</span> <span class='ocrx_word' id='word_1_490' title='bbox 1602 4322 1616 4372; x_wconf 91' lang='grc'>;</span> <span class='ocrx_word' id='word_1_491' title='bbox 1667 4310 1752 4366; x_wconf 88' lang='grc' dir='ltr'>Τίς</span> 
     </span>
    </p>
   </div>
   <div class='ocr_carea' id='block_1_73' title="bbox 1858 3147 3524 3211">
    <p class='ocr_par' dir='ltr' id='par_1_73' title="bbox 1858 3147 3524 3211">
     <span class='ocr_line' id='line_1_73' title="bbox 1858 3147 3524 3211; baseline -0.005 -3"><span class='ocrx_word' id='word_1_492' title='bbox 1858 3158 2016 3208; x_wconf 85' lang='lat' dir='ltr'>esset</span> <span class='ocrx_word' id='word_1_493' title='bbox 2056 3152 2254 3206; x_wconf 79' lang='lat' dir='ltr'>statim</span> <span class='ocrx_word' id='word_1_494' title='bbox 2329 3151 2490 3205; x_wconf 90' lang='lat' dir='ltr'>venit</span> <span class='ocrx_word' id='word_1_495' title='bbox 2541 3149 2616 3203; x_wconf 90' lang='lat' dir='ltr'>ad</span> <span class='ocrx_word' id='word_1_496' title='bbox 2665 3147 3021 3203; x_wconf 87' lang='lat' dir='ltr'>miraculum</span> <span class='ocrx_word' id='word_1_497' title='bbox 3076 3148 3432 3211; x_wconf 85' lang='lat' dir='ltr'>maximum,</span> <span class='ocrx_word' id='word_1_498' title='bbox 3466 3151 3524 3202; x_wconf 89' lang='lat' dir='ltr'>et</span> 
     </span>
    </p>
   </div>
   <div class='ocr_carea' id='block_1_74' title="bbox 1859 3235 3521 3313">
    <p class='ocr_par' dir='ltr' id='par_1_74' title="bbox 1859 3235 3521 3313">
     <span class='ocr_line' id='line_1_74' title="bbox 1859 3235 3521 3313; baseline -0.003 -18"><span class='ocrx_word' id='word_1_499' title='bbox 1859 3257 2049 3313; x_wconf 87' lang='lat' dir='ltr'>usque</span> <span class='ocrx_word' id='word_1_500' title='bbox 2081 3241 2154 3296; x_wconf 90' lang='lat' dir='ltr'>ad</span> <span class='ocrx_word' id='word_1_501' title='bbox 2187 3240 2243 3295; x_wconf 91' lang='lat' dir='ltr'>id</span> <span class='ocrx_word' id='word_1_502' title='bbox 2273 3239 2557 3311; x_wconf 88' lang='lat' dir='ltr'>temporis</span> <span class='ocrx_word' id='word_1_503' title='bbox 2588 3252 2904 3307; x_wconf 85' lang='lat' dir='ltr'>nunquam</span> <span class='ocrx_word' id='word_1_504' title='bbox 2937 3235 3180 3290; x_wconf 86' lang='lat' dir='ltr'>factum.</span> <span class='ocrx_word' id='word_1_505' title='bbox 3213 3235 3521 3307; x_wconf 87' lang='lat' dir='ltr'>Siquidem</span> 
     </span>
    </p>
   </div>
   <div class='ocr_carea' id='block_1_75' title="bbox 1858 3323 3522 3396">
    <p class='ocr_par' dir='ltr' id='par_1_75' title="bbox 1858 3323 3522 3396">
     <span class='ocr_line' id='line_1_75' title="bbox 1858 3323 3522 3396; baseline -0.003 -12"><span class='ocrx_word' id='word_1_506' title='bbox 1858 3335 1916 3385; x_wconf 84' lang='lat' dir='ltr'>et</span> <span class='ocrx_word' id='word_1_507' title='bbox 1961 3329 2058 3384; x_wconf 86' lang='lat' dir='ltr'>alii</span> <span class='ocrx_word' id='word_1_508' title='bbox 2099 3329 2239 3385; x_wconf 61' lang='lat' dir='ltr'>eieci</span> <span class='ocrx_word' id='word_1_509' title='bbox 2282 3328 2476 3382; x_wconf 89' lang='lat' dir='ltr'>visum</span> <span class='ocrx_word' id='word_1_510' title='bbox 2531 3330 2900 3395; x_wconf 90' lang='lat' dir='ltr'>receperunt,</span> <span class='ocrx_word' id='word_1_511' title='bbox 2943 3339 3147 3379; x_wconf 92' lang='lat' dir='ltr'>verum</span> <span class='ocrx_word' id='word_1_512' title='bbox 3182 3323 3282 3396; x_wconf 85' lang='lat' dir='ltr'>qui</span> <span class='ocrx_word' id='word_1_513' title='bbox 3335 3340 3370 3379; x_wconf 91' lang='lat' dir='ltr'>a</span> <span class='ocrx_word' id='word_1_514' title='bbox 3419 3338 3522 3379; x_wconf 86' lang='lat' dir='ltr'>na-</span> 
     </span>
    </p>
   </div>
   <div class='ocr_carea' id='block_1_76' title="bbox 1859 3411 3526 3483">
    <p class='ocr_par' dir='ltr' id='par_1_76' title="bbox 1859 3411 3526 3483">
     <span class='ocr_line' id='line_1_76' title="bbox 1859 3411 3526 3483; baseline -0.005 -9"><span class='ocrx_word' id='word_1_515' title='bbox 1859 3418 2080 3474; x_wconf 89' lang='lat' dir='ltr'>tivitate</span> <span class='ocrx_word' id='word_1_516' title='bbox 2133 3433 2326 3472; x_wconf 69' lang='lat' dir='ltr'>caecus</span> <span class='ocrx_word' id='word_1_517' title='bbox 2379 3416 2604 3481; x_wconf 80' lang='lat' dir='ltr'>fuisset,</span> <span class='ocrx_word' id='word_1_518' title='bbox 2657 3413 2856 3468; x_wconf 87' lang='lat' dir='ltr'>nullus</span> <span class='ocrx_word' id='word_1_519' title='bbox 2925 3427 3113 3483; x_wconf 91' lang='lat' dir='ltr'>usque</span> <span class='ocrx_word' id='word_1_520' title='bbox 3145 3411 3223 3466; x_wconf 91' lang='lat' dir='ltr'>ad</span> <span class='ocrx_word' id='word_1_521' title='bbox 3269 3411 3327 3466; x_wconf 91' lang='lat' dir='ltr'>id</span> <span class='ocrx_word' id='word_1_522' title='bbox 3382 3416 3526 3466; x_wconf 86' lang='lat' dir='ltr'>tem-</span> 
     </span>
    </p>
   </div>
   <div class='ocr_carea' id='block_1_77' title="bbox 1859 3499 3520 3581">
    <p class='ocr_par' dir='ltr' id='par_1_77' title="bbox 1859 3499 3520 3581">
     <span class='ocr_line' id='line_1_77' title="bbox 1859 3499 3520 3581; baseline -0.005 -19"><span class='ocrx_word' id='word_1_523' title='bbox 1859 3524 1992 3581; x_wconf 92' lang='lat' dir='ltr'>pus.</span> <span class='ocrx_word' id='word_1_524' title='bbox 2027 3507 2164 3562; x_wconf 88' lang='lat' dir='ltr'>ldeo</span> <span class='ocrx_word' id='word_1_525' title='bbox 2215 3505 2414 3571; x_wconf 91' lang='lat' dir='ltr'>etiam,</span> <span class='ocrx_word' id='word_1_526' title='bbox 2475 3504 2577 3576; x_wconf 90' lang='lat' dir='ltr'>qui</span> <span class='ocrx_word' id='word_1_527' title='bbox 2609 3503 2806 3558; x_wconf 88' lang='lat' dir='ltr'>visum</span> <span class='ocrx_word' id='word_1_528' title='bbox 2866 3503 2934 3572; x_wconf 88' lang='lat' dir='ltr'>(j)</span> <span class='ocrx_word' id='word_1_529' title='bbox 2965 3500 3202 3571; x_wconf 91' lang='lat' dir='ltr'>recepit,</span> <span class='ocrx_word' id='word_1_530' title='bbox 3237 3499 3474 3555; x_wconf 87' lang='lat' dir='ltr'>dicebat</span> <span class='ocrx_word' id='word_1_531' title='bbox 3505 3500 3520 3542; x_wconf 72' lang='grc' dir='ltr'><strong>ε</strong></span> 
     </span>
    </p>
   </div>
   <div class='ocr_carea' id='block_1_78' title="bbox 1858 3588 3524 3662">
    <p class='ocr_par' dir='ltr' id='par_1_78' title="bbox 1858 3588 3524 3662">
     <span class='ocr_line' id='line_1_78' title="bbox 1858 3588 3524 3662; baseline -0.007 -9"><span class='ocrx_word' id='word_1_532' title='bbox 1858 3599 1906 3653; x_wconf 84' lang='grc' dir='ltr'><em>Α</em></span> <span class='ocrx_word' id='word_1_533' title='bbox 1940 3596 2153 3652; x_wconf 75' lang='lat' dir='ltr'>saculo</span> <span class='ocrx_word' id='word_1_534' title='bbox 2192 3610 2308 3648; x_wconf 81' lang='lat' dir='ltr'>non</span> <span class='ocrx_word' id='word_1_535' title='bbox 2370 3599 2451 3650; x_wconf 79' lang='lat' dir='ltr'>est</span> <span class='ocrx_word' id='word_1_536' title='bbox 2492 3593 2785 3655; x_wconf 83' lang='lat' dir='ltr'>auditum,</span> <span class='ocrx_word' id='word_1_537' title='bbox 2840 3590 2995 3662; x_wconf 85' lang='lat' dir='ltr'>quod</span> <span class='ocrx_word' id='word_1_538' title='bbox 3045 3588 3342 3658; x_wconf 82' lang='lat' dir='ltr'>aperuerit</span> <span class='ocrx_word' id='word_1_539' title='bbox 3373 3589 3524 3660; x_wconf 83' lang='lat' dir='ltr'>quis-</span> 
     </span>
    </p>
   </div>
   <div class='ocr_carea' id='block_1_79' title="bbox 1856 3682 2697 3757">
    <p class='ocr_par' dir='ltr' id='par_1_79' title="bbox 1856 3682 2697 3757">
     <span class='ocr_line' id='line_1_79' title="bbox 1856 3682 2697 3757; baseline -0.01 -15"><span class='ocrx_word' id='word_1_540' title='bbox 1856 3687 2017 3757; x_wconf 81' lang='lat' dir='ltr'>piam</span> <span class='ocrx_word' id='word_1_541' title='bbox 2051 3685 2242 3740; x_wconf 83' lang='lat' dir='ltr'>oculos</span> <span class='ocrx_word' id='word_1_542' title='bbox 2265 3683 2398 3740; x_wconf 77' lang='lat' dir='ltr'>caeci</span> <span class='ocrx_word' id='word_1_543' title='bbox 2449 3682 2582 3737; x_wconf 83' lang='lat' dir='ltr'>nati</span> <span class='ocrx_word' id='word_1_544' title='bbox 2629 3683 2697 3734; x_wconf 73' lang='grc'>⁸⁸.</span> 
     </span>
    </p>
   </div>
   <div class='ocr_carea' id='block_1_80' title="bbox 1932 3766 3521 3838">
    <p class='ocr_par' dir='ltr' id='par_1_80' title="bbox 1932 3766 3521 3838">
     <span class='ocr_line' id='line_1_80' title="bbox 1932 3766 3521 3838; baseline -0.003 -10"><span class='ocrx_word' id='word_1_545' title='bbox 1932 3778 2098 3830; x_wconf 91' lang='lat' dir='ltr'>Vers.</span> <span class='ocrx_word' id='word_1_546' title='bbox 2173 3777 2224 3828; x_wconf 90' lang='lat'>2.</span> <span class='ocrx_word' id='word_1_547' title='bbox 2284 3774 2363 3829; x_wconf 79' lang='lat' dir='ltr'>Et</span> <span class='ocrx_word' id='word_1_548' title='bbox 2411 3777 2736 3828; x_wconf 81' lang='lat' dir='ltr'>nasceretur</span> <span class='ocrx_word' id='word_1_549' title='bbox 2782 3770 2811 3826; x_wconf 82' lang='lat'><strong>?</strong></span> <span class='ocrx_word' id='word_1_550' title='bbox 2878 3766 3344 3838; x_wconf 80' lang='lat' dir='ltr'>lnterrogabant,</span> <span class='ocrx_word' id='word_1_551' title='bbox 3399 3782 3521 3824; x_wconf 91' lang='lat' dir='ltr'>non</span> 
     </span>
    </p>
   </div>
   <div class='ocr_carea' id='block_1_81' title="bbox 1860 3857 3523 3936">
    <p class='ocr_par' dir='ltr' id='par_1_81' title="bbox 1860 3857 3523 3936">
     <span class='ocr_line' id='line_1_81' title="bbox 1860 3857 3523 3936; baseline -0.004 -19"><span class='ocrx_word' id='word_1_552' title='bbox 1860 3864 2024 3936; x_wconf 91' lang='lat' dir='ltr'>quod</span> <span class='ocrx_word' id='word_1_553' title='bbox 2076 3863 2188 3918; x_wconf 86' lang='lat' dir='ltr'>hoc</span> <span class='ocrx_word' id='word_1_554' title='bbox 2219 3867 2322 3919; x_wconf 88' lang='lat' dir='ltr'>aut</span> <span class='ocrx_word' id='word_1_555' title='bbox 2350 3861 2498 3917; x_wconf 90' lang='lat' dir='ltr'>illud</span> <span class='ocrx_word' id='word_1_556' title='bbox 2525 3859 2774 3917; x_wconf 90' lang='lat' dir='ltr'>omnino</span> <span class='ocrx_word' id='word_1_557' title='bbox 2797 3857 3262 3930; x_wconf 88' lang='lat' dir='ltr'>suspicarentur,</span> <span class='ocrx_word' id='word_1_558' title='bbox 3322 3873 3523 3929; x_wconf 91' lang='lat' dir='ltr'>quem-</span> 
     </span>
    </p>
   </div>
   <div class='ocr_carea' id='block_1_82' title="bbox 1860 3945 3525 4022">
    <p class='ocr_par' dir='ltr' id='par_1_82' title="bbox 1860 3945 3525 4022">
     <span class='ocr_line' id='line_1_82' title="bbox 1860 3945 3525 4022; baseline -0.004 -14"><span class='ocrx_word' id='word_1_559' title='bbox 1860 3951 2191 4008; x_wconf 89' lang='lat' dir='ltr'>admodum</span> <span class='ocrx_word' id='word_1_560' title='bbox 2259 3950 2606 4022; x_wconf 89' lang='lat' dir='ltr'>insipientes</span> <span class='ocrx_word' id='word_1_561' title='bbox 2679 3947 2916 4012; x_wconf 70' lang='lat' dir='ltr'>Judaai;</span> <span class='ocrx_word' id='word_1_562' title='bbox 2967 3962 3110 4002; x_wconf 89' lang='lat' dir='ltr'>nam</span> <span class='ocrx_word' id='word_1_563' title='bbox 3172 3945 3333 4002; x_wconf 91' lang='lat' dir='ltr'>hunc</span> <span class='ocrx_word' id='word_1_564' title='bbox 3391 3961 3525 4016; x_wconf 91' lang='lat' dir='ltr'>pec-</span> 
     </span>
    </p>
   </div>
   <div class='ocr_carea' id='block_1_83' title="bbox 1861 4034 3524 4112">
    <p class='ocr_par' dir='ltr' id='par_1_83' title="bbox 1861 4034 3524 4112">
     <span class='ocr_line' id='line_1_83' title="bbox 1861 4034 3524 4112; baseline -0.003 -17"><span class='ocrx_word' id='word_1_565' title='bbox 1861 4057 2048 4105; x_wconf 89' lang='lat' dir='ltr'>casse,</span> <span class='ocrx_word' id='word_1_566' title='bbox 2122 4045 2449 4112; x_wconf 90' lang='lat' dir='ltr'>antequam</span> <span class='ocrx_word' id='word_1_567' title='bbox 2508 4043 2685 4094; x_wconf 88' lang='lat' dir='ltr'>natus</span> <span class='ocrx_word' id='word_1_568' title='bbox 2754 4040 2926 4100; x_wconf 87' lang='lat' dir='ltr'>esset,</span> <span class='ocrx_word' id='word_1_569' title='bbox 2978 4034 3353 4106; x_wconf 86' lang='lat' dir='ltr'>impossibile</span> <span class='ocrx_word' id='word_1_570' title='bbox 3401 4039 3524 4090; x_wconf 88' lang='lat' dir='ltr'>erat</span> 
     </span>
    </p>
   </div>
   <div class='ocr_carea' id='block_1_84' title="bbox 1861 4122 3522 4202">
    <p class='ocr_par' dir='ltr' id='par_1_84' title="bbox 1861 4122 3522 4202">
     <span class='ocr_line' id='line_1_84' title="bbox 1861 4122 3522 4202; baseline -0.006 -16"><span class='ocrx_word' id='word_1_571' title='bbox 1861 4146 2039 4202; x_wconf 90' lang='lat' dir='ltr'>porro</span> <span class='ocrx_word' id='word_1_572' title='bbox 2065 4145 2172 4201; x_wconf 87' lang='lat' dir='ltr'>pro</span> <span class='ocrx_word' id='word_1_573' title='bbox 2218 4129 2569 4200; x_wconf 86' lang='lat' dir='ltr'>parentibus</span> <span class='ocrx_word' id='word_1_574' title='bbox 2637 4125 2835 4198; x_wconf 90' lang='lat' dir='ltr'>puniri</span> <span class='ocrx_word' id='word_1_575' title='bbox 2867 4125 3155 4195; x_wconf 89' lang='lat' dir='ltr'>injustum</span> <span class='ocrx_word' id='word_1_576' title='bbox 3198 4139 3212 4188; x_wconf 92' lang='lat'>;</span> <span class='ocrx_word' id='word_1_577' title='bbox 3255 4123 3356 4177; x_wconf 91' lang='lat' dir='ltr'>sed</span> <span class='ocrx_word' id='word_1_578' title='bbox 3388 4122 3522 4178; x_wconf 81' lang='lat' dir='ltr'>ﬁnis</span> 
     </span>
    </p>
   </div>
   <div class='ocr_carea' id='block_1_85' title="bbox 1861 4211 3524 4284">
    <p class='ocr_par' dir='ltr' id='par_1_85' title="bbox 1861 4211 3524 4284">
     <span class='ocr_line' id='line_1_85' title="bbox 1861 4211 3524 4284; baseline -0.005 -12"><span class='ocrx_word' id='word_1_579' title='bbox 1861 4219 2156 4274; x_wconf 88' lang='lat' dir='ltr'>sermonis</span> <span class='ocrx_word' id='word_1_580' title='bbox 2211 4217 2338 4272; x_wconf 89' lang='lat' dir='ltr'>talis</span> <span class='ocrx_word' id='word_1_581' title='bbox 2396 4222 2503 4272; x_wconf 90' lang='lat' dir='ltr'>est.</span> <span class='ocrx_word' id='word_1_582' title='bbox 2557 4214 2922 4284; x_wconf 84' lang='lat' dir='ltr'>Paralyticus</span> <span class='ocrx_word' id='word_1_583' title='bbox 2979 4211 3223 4282; x_wconf 89' lang='lat' dir='ltr'>quidem</span> <span class='ocrx_word' id='word_1_584' title='bbox 3282 4215 3524 4282; x_wconf 88' lang='lat' dir='ltr'>propter</span> 
     </span>
    </p>
   </div>
   <div class='ocr_carea' id='block_1_86' title="bbox 1860 4298 3522 4378">
    <p class='ocr_par' dir='ltr' id='par_1_86' title="bbox 1860 4298 3522 4378">
     <span class='ocr_line' id='line_1_86' title="bbox 1860 4298 3522 4378; baseline -0.005 -16"><span class='ocrx_word' id='word_1_585' title='bbox 1860 4310 2108 4378; x_wconf 86' lang='lat' dir='ltr'>peccata</span> <span class='ocrx_word' id='word_1_586' title='bbox 2147 4322 2256 4360; x_wconf 89' lang='lat' dir='ltr'>sua</span> <span class='ocrx_word' id='word_1_587' title='bbox 2303 4304 2656 4372; x_wconf 69' lang='lat' dir='ltr'>aegrotabat,</span> <span class='ocrx_word' id='word_1_588' title='bbox 2716 4302 2866 4356; x_wconf 91' lang='lat' dir='ltr'>sicut</span> <span class='ocrx_word' id='word_1_589' title='bbox 2904 4300 2985 4355; x_wconf 90' lang='lat' dir='ltr'>ibi</span> <span class='ocrx_word' id='word_1_590' title='bbox 3030 4299 3352 4353; x_wconf 89' lang='lat' dir='ltr'>didicimus</span> <span class='ocrx_word' id='word_1_591' title='bbox 3390 4313 3402 4353; x_wconf 91' lang='lat'>:</span> <span class='ocrx_word' id='word_1_592' title='bbox 3449 4298 3522 4353; x_wconf 92' lang='lat' dir='ltr'>de</span> 
     </span>
    </p>
   </div>
   <div class='ocr_carea' id='block_1_87' title="bbox 147 4386 1750 4473">
    <p class='ocr_par' dir='ltr' id='par_1_87' title="bbox 147 4393 1750 4466">
     <span class='ocr_line' id='line_1_87' title="bbox 147 4393 1750 4466; baseline 0 -22"><span class='ocrx_word' id='word_1_593' title='bbox 147 4397 400 4466; x_wconf 70' lang='grc' dir='ltr'>ἥμαρτεν,</span> <span class='ocrx_word' id='word_1_594' title='bbox 457 4393 602 4452; x_wconf 74' lang='grc' dir='ltr'>οὗτος</span> <span class='ocrx_word' id='word_1_595' title='bbox 640 4393 670 4451; x_wconf 72' lang='grc' dir='ltr'><strong><em>ἦ</em></strong></span> <span class='ocrx_word' id='word_1_596' title='bbox 722 4395 770 4444; x_wconf 83' lang='grc' dir='ltr'>οἱ</span> <span class='ocrx_word' id='word_1_597' title='bbox 814 4401 982 4464; x_wconf 86' lang='grc' dir='ltr'>γονεῖς</span> <span class='ocrx_word' id='word_1_598' title='bbox 1049 4393 1207 4444; x_wconf 68' lang='grc' dir='ltr'>αὐτοῦ</span> <span class='ocrx_word' id='word_1_599' title='bbox 1263 4395 1456 4464; x_wconf 73' lang='grc' dir='ltr'>ςημείς</span> <span class='ocrx_word' id='word_1_600' title='bbox 1487 4395 1587 4466; x_wconf 81' lang='grc' dir='ltr'>γὰρ</span> <span class='ocrx_word' id='word_1_601' title='bbox 1636 4393 1750 4444; x_wconf 78' lang='grc' dir='ltr'>οὔτε</span> 
     </span>
    </p>
   </div>
   <div class='ocr_carea' id='block_1_88' title="bbox 1877 4386 3519 4473">
    <p class='ocr_par' dir='ltr' id='par_1_88' title="bbox 1877 4386 3519 4458">
     <span class='ocr_line' id='line_1_88' title="bbox 1877 4386 3519 4458; baseline -0.005 -8"><span class='ocrx_word' id='word_1_602' title='bbox 1877 4412 1976 4450; x_wconf 81' lang='lat' dir='ltr'>mc</span> <span class='ocrx_word' id='word_1_603' title='bbox 2008 4400 2228 4454; x_wconf 89' lang='lat' dir='ltr'>autem.</span> <span class='ocrx_word' id='word_1_604' title='bbox 2299 4392 2442 4450; x_wconf 90' lang='lat' dir='ltr'>auid</span> <span class='ocrx_word' id='word_1_605' title='bbox 2504 4391 2652 4446; x_wconf 92' lang='lat' dir='ltr'>dicis</span> <span class='ocrx_word' id='word_1_606' title='bbox 2701 4389 2728 4444; x_wconf 80' lang='lat'><strong>?</strong></span> <span class='ocrx_word' id='word_1_607' title='bbox 2775 4391 2911 4458; x_wconf 72' lang='lat' dir='ltr'>Quis</span> <span class='ocrx_word' id='word_1_608' title='bbox 2957 4389 3238 4456; x_wconf 79' lang='lat' dir='ltr'>peccavit,</span> <span class='ocrx_word' id='word_1_609' title='bbox 3297 4386 3414 4451; x_wconf 79' lang='lat' dir='ltr'>hic,</span> <span class='ocrx_word' id='word_1_610' title='bbox 3445 4401 3519 4443; x_wconf 85' lang='lat' dir='ltr'>an</span> 
     </span>
    </p>
   </div>
   <div class='ocr_carea' id='block_1_89' title="bbox 145 4477 1752 4555">
    <p class='ocr_par' dir='ltr' id='par_1_89' title="bbox 145 4477 1752 4555">
     <span class='ocr_line' id='line_1_89' title="bbox 145 4477 1752 4555; baseline -0.001 -22"><span class='ocrx_word' id='word_1_611' title='bbox 145 4487 304 4533; x_wconf 85' lang='grc' dir='ltr'>τοῦτο</span> <span class='ocrx_word' id='word_1_612' title='bbox 325 4484 442 4533; x_wconf 80' lang='grc' dir='ltr'>οὔτε</span> <span class='ocrx_word' id='word_1_613' title='bbox 471 4479 629 4534; x_wconf 74' lang='grc' dir='ltr'>έκεῖνο</span> <span class='ocrx_word' id='word_1_614' title='bbox 660 4477 929 4554; x_wconf 81' lang='grc' dir='ltr'>δυνάμεθα</span> <span class='ocrx_word' id='word_1_615' title='bbox 966 4479 1148 4552; x_wconf 77' lang='grc' dir='ltr'>λέγειν,</span> <span class='ocrx_word' id='word_1_616' title='bbox 1185 4480 1436 4541; x_wconf 82' lang='grc' dir='ltr'>παντελῶς</span> <span class='ocrx_word' id='word_1_617' title='bbox 1468 4479 1752 4555; x_wconf 74' lang='grc' dir='ltr'>ἐξαπορούο</span> 
     </span>
    </p>
   </div>
   <div class='ocr_carea' id='block_1_90' title="bbox 147 4588 316 4643">
    <p class='ocr_par' dir='ltr' id='par_1_90' title="bbox 147 4588 316 4643">
     <span class='ocr_line' id='line_1_90' title="bbox 147 4588 316 4643; baseline 0.012 -22"><span class='ocrx_word' id='word_1_618' title='bbox 147 4588 316 4643; x_wconf 80' lang='grc' dir='ltr'>μενοι.</span> 
     </span>
    </p>
   </div>
   <div class='ocr_carea' id='block_1_91' title="bbox 221 4755 694 4825">
    <p class='ocr_par' dir='ltr' id='par_1_91' title="bbox 221 4755 694 4825">
     <span class='ocr_line' id='line_1_91' title="bbox 221 4755 694 4825; baseline 0.002 -16"><span class='ocrx_word' id='word_1_619' title='bbox 221 4757 272 4792; x_wconf 79' lang='grc' dir='ltr'>⁸ο</span> <span class='ocrx_word' id='word_1_620' title='bbox 290 4755 465 4812; x_wconf 82' lang='lat' dir='ltr'>Joan.</span> <span class='ocrx_word' id='word_1_621' title='bbox 496 4771 574 4825; x_wconf 76' lang='lat' dir='ltr'>ix,</span> <span class='ocrx_word' id='word_1_622' title='bbox 608 4757 694 4812; x_wconf 73' lang='lat'>32.</span> 
     </span>
    </p>
   </div>
   <div class='ocr_carea' id='block_1_92' title="bbox 1857 4474 3522 4554">
    <p class='ocr_par' dir='ltr' id='par_1_92' title="bbox 1857 4474 3522 4554">
     <span class='ocr_line' id='line_1_92' title="bbox 1857 4474 3522 4554; baseline -0.004 -16"><span class='ocrx_word' id='word_1_623' title='bbox 1857 4490 2127 4554; x_wconf 81' lang='lat' dir='ltr'>parentes</span> <span class='ocrx_word' id='word_1_624' title='bbox 2159 4485 2284 4552; x_wconf 83' lang='lat' dir='ltr'>ejus</span> <span class='ocrx_word' id='word_1_625' title='bbox 2323 4481 2352 4536; x_wconf 79' lang='lat'><strong><em>?</em></strong></span> <span class='ocrx_word' id='word_1_626' title='bbox 2401 4497 2512 4536; x_wconf 91' lang='lat' dir='ltr'>nos</span> <span class='ocrx_word' id='word_1_627' title='bbox 2543 4480 2704 4535; x_wconf 88' lang='lat' dir='ltr'>enim</span> <span class='ocrx_word' id='word_1_628' title='bbox 2733 4493 2927 4550; x_wconf 90' lang='lat' dir='ltr'>neque</span> <span class='ocrx_word' id='word_1_629' title='bbox 2965 4476 3097 4538; x_wconf 90' lang='lat' dir='ltr'>hoc.</span> <span class='ocrx_word' id='word_1_630' title='bbox 3152 4490 3346 4547; x_wconf 90' lang='lat' dir='ltr'>neque</span> <span class='ocrx_word' id='word_1_631' title='bbox 3377 4474 3522 4531; x_wconf 89' lang='lat' dir='ltr'>illud</span> 
     </span>
    </p>
   </div>
   <div class='ocr_carea' id='block_1_93' title="bbox 1861 4563 3519 4644">
    <p class='ocr_par' dir='ltr' id='par_1_93' title="bbox 1861 4563 3519 4644">
     <span class='ocr_line' id='line_1_93' title="bbox 1861 4563 3519 4644; baseline -0.005 -16"><span class='ocrx_word' id='word_1_632' title='bbox 1861 4571 2054 4628; x_wconf 87' lang='lat' dir='ltr'>dicere</span> <span class='ocrx_word' id='word_1_633' title='bbox 2107 4587 2451 4644; x_wconf 88' lang='lat' dir='ltr'>possumus,</span> <span class='ocrx_word' id='word_1_634' title='bbox 2503 4568 2752 4625; x_wconf 88' lang='lat' dir='ltr'>omnino</span> <span class='ocrx_word' id='word_1_635' title='bbox 2783 4564 3114 4623; x_wconf 89' lang='lat' dir='ltr'>conturbati</span> <span class='ocrx_word' id='word_1_636' title='bbox 3145 4563 3519 4637; x_wconf 90' lang='lat' dir='ltr'>consilioque</span> 
     </span>
    </p>
   </div>
   <div class='ocr_carea' id='block_1_94' title="bbox 1861 4661 2144 4717">
    <p class='ocr_par' dir='ltr' id='par_1_94' title="bbox 1861 4661 2144 4717">
     <span class='ocr_line' id='line_1_94' title="bbox 1861 4661 2144 4717; baseline -0.011 -1"><span class='ocrx_word' id='word_1_637' title='bbox 1861 4661 2144 4717; x_wconf 86' lang='lat' dir='ltr'>destituti.</span> 
     </span>
    </p>
   </div>
   <div class='ocr_carea' id='block_1_95' title="bbox 1356 4855 2280 4926">
    <p class='ocr_par' dir='ltr' id='par_1_95' title="bbox 1356 4855 2280 4926">
     <span class='ocr_line' id='line_1_95' title="bbox 1356 4855 2280 4926; baseline -0.001 -1"><span class='ocrx_word' id='word_1_638' title='bbox 1356 4855 1579 4925; x_wconf 72' lang='lat' dir='ltr'>Varias</span> <span class='ocrx_word' id='word_1_639' title='bbox 1608 4856 1938 4925; x_wconf 87' lang='lat' dir='ltr'>lectiones</span> <span class='ocrx_word' id='word_1_640' title='bbox 1972 4867 2037 4925; x_wconf 89' lang='lat' dir='ltr'>et</span> <span class='ocrx_word' id='word_1_641' title='bbox 2078 4864 2280 4926; x_wconf 74' lang='lat' dir='ltr'>notae.</span> 
     </span>
    </p>
   </div>
   <div class='ocr_carea' id='block_1_96' title="bbox 217 4997 1738 5124">
    <p class='ocr_par' dir='ltr' id='par_1_96' title="bbox 217 4997 1738 5124">
     <span class='ocr_line' id='line_1_96' title="bbox 217 4997 1738 5124; baseline 0.001 -72"><span class='ocrx_word' id='word_1_642' title='bbox 217 5000 330 5071; x_wconf 79' lang='grc' dir='ltr'>(τί)</span> <span class='ocrx_word' id='word_1_643' title='bbox 352 4998 584 5054; x_wconf 85' lang='lat' dir='ltr'>Scilicet</span> <span class='ocrx_word' id='word_1_644' title='bbox 611 4997 1045 5124; x_wconf 41' lang='lat' dir='ltr'>Chr;sostomi,</span> <span class='ocrx_word' id='word_1_645' title='bbox 1069 4998 1173 5070; x_wconf 90' lang='lat' dir='ltr'>qui</span> <span class='ocrx_word' id='word_1_646' title='bbox 1195 4997 1478 5054; x_wconf 88' lang='lat' dir='ltr'>audacter</span> <span class='ocrx_word' id='word_1_647' title='bbox 1505 5000 1586 5056; x_wconf 90' lang='lat' dir='ltr'>ita</span> <span class='ocrx_word' id='word_1_648' title='bbox 1615 5014 1738 5055; x_wconf 90' lang='lat' dir='ltr'>cor-</span> 
     </span>
     <span class='ocr_line' id='line_1_97' title="bbox 217 5071 1738 5124; baseline 0 0"><span class='ocrx_word' id='word_1_649' title='bbox 217 5071 312 5124; x_wconf 77' lang='lat' dir='ltr'>xit.</span> <span class='ocrx_word' id='word_1_650' title='bbox 364 5071 506 5124; x_wconf 88' lang='lat' dir='ltr'>Vide</span> <span class='ocrx_word' id='word_1_651' title='bbox 548 5075 689 5124; x_wconf 91' lang='lat' dir='ltr'>tom.</span> <span class='ocrx_word' id='word_1_652' title='bbox 774 5071 862 5124; x_wconf 88' lang='grc' dir='ltr'><strong>ΙΙΙ.</strong></span> <span class='ocrx_word' id='word_1_653' title='bbox 897 5085 1034 5124; x_wconf 67' lang='grc' dir='ltr'>οδε.</span> <span class='ocrx_word' id='word_1_654' title='bbox 1073 5073 1204 5124; x_wconf 66' lang='grc'><strong>324.</strong></span> <span class='ocrx_word' id='word_1_655' title='bbox 1246 5071 1738 5124; x_wconf 83' lang='lat' dir='ltr'>Chrvsostomum</span> 
     </span>
    </p>
   </div>
   <div class='ocr_carea' id='block_1_97' title="bbox 146 5071 1742 5142">
    <p class='ocr_par' dir='ltr' id='par_1_97' title="bbox 146 5071 1742 5142">
     <span class='ocr_line' id='line_1_98' title="bbox 146 5071 1742 5142; baseline 0.001 -16"><span class='ocrx_word' id='word_1_656' title='bbox 146 5071 312 5126; x_wconf 80' lang='lat' dir='ltr'>rexit.</span> <span class='ocrx_word' id='word_1_657' title='bbox 364 5071 506 5127; x_wconf 89' lang='lat' dir='ltr'>Vide</span> <span class='ocrx_word' id='word_1_658' title='bbox 548 5075 689 5127; x_wconf 91' lang='lat' dir='ltr'>tom.</span> <span class='ocrx_word' id='word_1_659' title='bbox 721 5071 862 5142; x_wconf 81' lang='lat' dir='ltr'>Vlll,</span> <span class='ocrx_word' id='word_1_660' title='bbox 896 5085 1034 5142; x_wconf 84' lang='lat' dir='ltr'>pag.</span> <span class='ocrx_word' id='word_1_661' title='bbox 1070 5073 1204 5142; x_wconf 55' lang='lat'>32/9.</span> <span class='ocrx_word' id='word_1_662' title='bbox 1246 5071 1742 5142; x_wconf 83' lang='lat' dir='ltr'>Chrysostomum</span> 
     </span>
    </p>
   </div>
   <div class='ocr_carea' id='block_1_98' title="bbox 145 5085 1740 5222">
    <p class='ocr_par' dir='ltr' id='par_1_98' title="bbox 145 5085 1740 5222">
     <span class='ocr_line' id='line_1_99' title="bbox 146 5085 1740 5197; baseline 0.001 -71"><span class='ocrx_word' id='word_1_663' title='bbox 146 5085 312 5126; x_wconf 73' lang='lat' dir='ltr'>rent.</span> <span class='ocrx_word' id='word_1_664' title='bbox 370 5085 506 5127; x_wconf 80' lang='grc' dir='ltr'>νιαθ</span> <span class='ocrx_word' id='word_1_665' title='bbox 548 5085 689 5127; x_wconf 87' lang='lat' dir='ltr'>tom.</span> <span class='ocrx_word' id='word_1_666' title='bbox 730 5085 862 5135; x_wconf 87' lang='lat' dir='ltr'>Vlll,</span> <span class='ocrx_word' id='word_1_667' title='bbox 893 5085 1034 5197; x_wconf 58' lang='grc' dir='ltr'>ἔας.</span> <span class='ocrx_word' id='word_1_668' title='bbox 1073 5085 1204 5126; x_wconf 57' lang='grc'>324.</span> <span class='ocrx_word' id='word_1_669' title='bbox 1246 5085 1740 5142; x_wconf 72' lang='lat' dir='ltr'>unrysostomum</span> 
     </span>
     <span class='ocr_line' id='line_1_100' title="bbox 145 5141 1740 5222; baseline 0.001 -27"><span class='ocrx_word' id='word_1_670' title='bbox 145 5142 413 5222; x_wconf 73' lang='lat' dir='ltr'>sequitur</span> <span class='ocrx_word' id='word_1_671' title='bbox 432 5157 594 5222; x_wconf 81' lang='lat' dir='ltr'>unus</span> <span class='ocrx_word' id='word_1_672' title='bbox 610 5157 681 5198; x_wconf 82' lang='lat' dir='ltr'>ex</span> <span class='ocrx_word' id='word_1_673' title='bbox 698 5141 886 5222; x_wconf 64' lang='lat' dir='ltr'>codici</span> <span class='ocrx_word' id='word_1_674' title='bbox 939 5158 1006 5222; x_wconf 79' lang='lat' dir='ltr'>u_s</span> <span class='ocrx_word' id='word_1_675' title='bbox 1032 5141 1488 5222; x_wconf 46' lang='lat' dir='ltr'>alasquensi&#39;bus</span> <span class='ocrx_word' id='word_1_676' title='bbox 1512 5142 1740 5222; x_wconf 71' lang='lat' dir='ltr'>N.Te_s_t.</span> 
     </span>
    </p>
   </div>
   <div class='ocr_carea' id='block_1_99' title="bbox 147 5211 1740 5284">
    <p class='ocr_par' dir='ltr' id='par_1_99' title="bbox 147 5211 1740 5284">
     <span class='ocr_line' id='line_1_101' title="bbox 147 5211 1740 5284; baseline 0.002 -18"><span class='ocrx_word' id='word_1_677' title='bbox 147 5226 204 5284; x_wconf 66' lang='grc' dir='ltr'>ετ.</span> <span class='ocrx_word' id='word_1_678' title='bbox 228 5211 330 5284; x_wconf 79' lang='lat' dir='ltr'>qui</span> <span class='ocrx_word' id='word_1_679' title='bbox 363 5217 450 5268; x_wconf 88' lang='lat' dir='ltr'>est</span> <span class='ocrx_word' id='word_1_680' title='bbox 473 5229 604 5268; x_wconf 90' lang='lat' dir='ltr'>cum</span> <span class='ocrx_word' id='word_1_681' title='bbox 649 5213 912 5268; x_wconf 84' lang='lat' dir='ltr'>scholiis.</span> <span class='ocrx_word' id='word_1_682' title='bbox 955 5211 1259 5280; x_wconf 74' lang='lat' dir='ltr'>Origenes,</span> <span class='ocrx_word' id='word_1_683' title='bbox 1313 5213 1416 5284; x_wconf 90' lang='lat' dir='ltr'>qui</span> <span class='ocrx_word' id='word_1_684' title='bbox 1448 5218 1595 5269; x_wconf 89' lang='lat' dir='ltr'>tom.</span> <span class='ocrx_word' id='word_1_685' title='bbox 1639 5215 1740 5278; x_wconf 87' lang='lat' dir='ltr'>XX,</span> 
     </span>
    </p>
   </div>
   <div class='ocr_carea' id='block_1_100' title="bbox 144 5283 1744 5356">
    <p class='ocr_par' dir='ltr' id='par_1_100' title="bbox 144 5283 1744 5356">
     <span class='ocr_line' id='line_1_102' title="bbox 144 5283 1744 5356; baseline 0.001 -18"><span class='ocrx_word' id='word_1_686' title='bbox 144 5283 204 5338; x_wconf 89' lang='lat' dir='ltr'>in</span> <span class='ocrx_word' id='word_1_687' title='bbox 229 5283 516 5339; x_wconf 82' lang='lat' dir='ltr'>JOannem</span> <span class='ocrx_word' id='word_1_688' title='bbox 550 5284 679 5340; x_wconf 66' lang='lat' dir='ltr'>haec</span> <span class='ocrx_word' id='word_1_689' title='bbox 707 5285 849 5339; x_wconf 88' lang='lat' dir='ltr'>data</span> <span class='ocrx_word' id='word_1_690' title='bbox 885 5299 1068 5356; x_wconf 62' lang='lat' dir='ltr'>opera</span> <span class='ocrx_word' id='word_1_691' title='bbox 1121 5283 1557 5354; x_wconf 75' lang='lat' dir='ltr'>interpretatur,</span> <span class='ocrx_word' id='word_1_692' title='bbox 1581 5284 1744 5340; x_wconf 88' lang='lat' dir='ltr'>hunc</span> 
     </span>
    </p>
   </div>
   <div class='ocr_carea' id='block_1_101' title="bbox 145 5357 1744 5426">
    <p class='ocr_par' dir='ltr' id='par_1_101' title="bbox 145 5357 1744 5426">
     <span class='ocr_line' id='line_1_103' title="bbox 145 5357 1744 5426; baseline 0 -17"><span class='ocrx_word' id='word_1_693' title='bbox 145 5371 387 5426; x_wconf 80' lang='lat' dir='ltr'>versum</span> <span class='ocrx_word' id='word_1_694' title='bbox 443 5361 634 5411; x_wconf 91' lang='lat' dir='ltr'>totum</span> <span class='ocrx_word' id='word_1_695' title='bbox 698 5357 1096 5426; x_wconf 69' lang='lat' dir='ltr'>praetermisit.</span> <span class='ocrx_word' id='word_1_696' title='bbox 1144 5361 1469 5414; x_wconf 76' lang='grc' dir='ltr'>Πεντήκοντα</span> <span class='ocrx_word' id='word_1_697' title='bbox 1503 5361 1744 5411; x_wconf 85' lang='lat' dir='ltr'>servant</span> 
     </span>
    </p>
   </div>
   <div class='ocr_carea' id='block_1_102' title="bbox 144 5424 1741 5499">
    <p class='ocr_par' dir='ltr' id='par_1_102' title="bbox 144 5424 1741 5499">
     <span class='ocr_line' id='line_1_104' title="bbox 144 5424 1741 5499; baseline 0.001 -18"><span class='ocrx_word' id='word_1_698' title='bbox 144 5424 344 5497; x_wconf 83' lang='lat' dir='ltr'>Cyrill.</span> <span class='ocrx_word' id='word_1_699' title='bbox 379 5433 416 5481; x_wconf 91' lang='lat' dir='ltr'>t.</span> <span class='ocrx_word' id='word_1_700' title='bbox 443 5427 558 5499; x_wconf 10' lang='lat' dir='ltr'>71V,</span> <span class='ocrx_word' id='word_1_701' title='bbox 593 5442 650 5497; x_wconf 95' lang='lat' dir='ltr'>p.</span> <span class='ocrx_word' id='word_1_702' title='bbox 685 5424 786 5482; x_wconf 87' lang='lat'><strong>585</strong></span> <span class='ocrx_word' id='word_1_703' title='bbox 813 5428 873 5480; x_wconf 92' lang='lat' dir='ltr'>C.</span> <span class='ocrx_word' id='word_1_704' title='bbox 910 5427 1383 5499; x_wconf 14' lang='lat' dir='ltr'>;7Theopbylact.</span> <span class='ocrx_word' id='word_1_705' title='bbox 1421 5443 1478 5499; x_wconf 93' lang='lat' dir='ltr'>p.</span> <span class='ocrx_word' id='word_1_706' title='bbox 1519 5429 1624 5499; x_wconf 82' lang='lat'>690</span> <span class='ocrx_word' id='word_1_707' title='bbox 1660 5430 1696 5482; x_wconf 88' lang='lat' dir='ltr'><strong>E</strong></span> <span class='ocrx_word' id='word_1_708' title='bbox 1729 5443 1741 5492; x_wconf 91' lang='lat'>;</span> 
     </span>
    </p>
   </div>
   <div class='ocr_carea' id='block_1_103' title="bbox 145 5498 1741 5626">
    <p class='ocr_par' dir='ltr' id='par_1_103' title="bbox 145 5498 1741 5626">
     <span class='ocr_line' id='line_1_105' title="bbox 145 5498 1741 5626; baseline 0 -74"><span class='ocrx_word' id='word_1_709' title='bbox 145 5513 399 5626; x_wconf 63' lang='lat' dir='ltr'>geverus</span> <span class='ocrx_word' id='word_1_710' title='bbox 437 5498 496 5552; x_wconf 91' lang='lat' dir='ltr'>in</span> <span class='ocrx_word' id='word_1_711' title='bbox 529 5499 751 5554; x_wconf 86' lang='lat' dir='ltr'>Catena</span> <span class='ocrx_word' id='word_1_712' title='bbox 803 5498 1083 5565; x_wconf 87' lang='lat' dir='ltr'>Corderii,</span> <span class='ocrx_word' id='word_1_713' title='bbox 1126 5498 1184 5571; x_wconf 89' lang='lat' dir='ltr'>p.</span> <span class='ocrx_word' id='word_1_714' title='bbox 1209 5498 1318 5555; x_wconf 74' lang='grc'>243</span> <span class='ocrx_word' id='word_1_715' title='bbox 1370 5516 1384 5567; x_wconf 89' lang='grc'><strong>;</strong></span> <span class='ocrx_word' id='word_1_716' title='bbox 1421 5498 1476 5556; x_wconf 88' lang='lat' dir='ltr'>et</span> <span class='ocrx_word' id='word_1_717' title='bbox 1505 5498 1741 5554; x_wconf 88' lang='lat' dir='ltr'>codices</span> 
     </span>
     <span class='ocr_line' id='line_1_106' title="bbox 188 5571 774 5626; baseline 0.002 -2"><span class='ocrx_word' id='word_1_718' title='bbox 188 5571 520 5626; x_wconf 78' lang='lat' dir='ltr'>robattores</span> <span class='ocrx_word' id='word_1_719' title='bbox 549 5584 774 5626; x_wconf 87' lang='lat' dir='ltr'>omnes.</span> 
     </span>
    </p>
   </div>
   <div class='ocr_carea' id='block_1_104' title="bbox 188 5569 774 5626">
    <p class='ocr_par' dir='ltr' id='par_1_104' title="bbox 188 5569 774 5626">
     <span class='ocr_line' id='line_1_107' title="bbox 188 5569 774 5626; baseline 0.002 -2"><span class='ocrx_word' id='word_1_720' title='bbox 188 5569 520 5626; x_wconf 86' lang='lat' dir='ltr'>robatiores</span> <span class='ocrx_word' id='word_1_721' title='bbox 549 5584 774 5626; x_wconf 87' lang='lat' dir='ltr'>omnes.</span> 
     </span>
    </p>
   </div>
   <div class='ocr_carea' id='block_1_105' title="bbox 218 5743 1737 5825">
    <p class='ocr_par' dir='ltr' id='par_1_105' title="bbox 218 5743 1737 5825">
     <span class='ocr_line' id='line_1_108' title="bbox 218 5743 1737 5825; baseline -0.002 -21"><span class='ocrx_word' id='word_1_722' title='bbox 330 5747 440 5818; x_wconf 85' lang='lat' dir='ltr'>Qui</span> <span class='ocrx_word' id='word_1_723' title='bbox 470 5747 678 5805; x_wconf 76' lang='lat' dir='ltr'>visum.</span> <span class='ocrx_word' id='word_1_724' title='bbox 713 5748 878 5804; x_wconf 81' lang='lat' dir='ltr'>Forte</span> <span class='ocrx_word' id='word_1_725' title='bbox 909 5747 1072 5819; x_wconf 81' lang='lat' dir='ltr'>legit,</span> <span class='ocrx_word' id='word_1_726' title='bbox 1105 5743 1189 5804; x_wconf 81' lang='grc' dir='ltr'>διὸ</span> <span class='ocrx_word' id='word_1_727' title='bbox 1229 5752 1317 5800; x_wconf 84' lang='grc' dir='ltr'>καὶ</span> <span class='ocrx_word' id='word_1_728' title='bbox 1345 5748 1371 5801; x_wconf 86' lang='grc' dir='ltr'>ό</span> <span class='ocrx_word' id='word_1_729' title='bbox 1425 5747 1737 5825; x_wconf 65' lang='grc' dir='ltr'>ἀναϐλέψας.</span> 
     </span>
    </p>
   </div>
   <div class='ocr_carea' id='block_1_106' title="bbox 1920 4991 3518 5072">
    <p class='ocr_par' dir='ltr' id='par_1_106' title="bbox 1920 4991 3518 5072">
     <span class='ocr_line' id='line_1_109' title="bbox 1920 4991 3518 5072; baseline -0.004 -17"><span class='ocrx_word' id='word_1_730' title='bbox 1920 5001 2033 5072; x_wconf 80' lang='grc'>(72)</span> <span class='ocrx_word' id='word_1_731' title='bbox 2068 4999 2302 5056; x_wconf 84' lang='lat' dir='ltr'>Inclusa</span> <span class='ocrx_word' id='word_1_732' title='bbox 2341 4998 2578 5072; x_wconf 85' lang='lat' dir='ltr'>absunt</span> <span class='ocrx_word' id='word_1_733' title='bbox 2609 4999 2675 5053; x_wconf 86' lang='lat' dir='ltr'>A.</span> <span class='ocrx_word' id='word_1_734' title='bbox 2710 4999 2964 5059; x_wconf 83' lang='grc' dir='ltr'>Κτίστης,</span> <span class='ocrx_word' id='word_1_735' title='bbox 2996 4991 3308 5065; x_wconf 91' lang='lat' dir='ltr'>quomodo</span> <span class='ocrx_word' id='word_1_736' title='bbox 3338 4993 3518 5072; x_wconf 82' lang='lat' dir='ltr'>etiam</span> 
     </span>
    </p>
   </div>
   <div class='ocr_carea' id='block_1_107' title="bbox 1854 5067 3517 5190">
    <p class='ocr_par' dir='ltr' id='par_1_107' title="bbox 1854 5067 3517 5190">
     <span class='ocr_line' id='line_1_110' title="bbox 1854 5067 3517 5190; baseline -0.004 -63"><span class='ocrx_word' id='word_1_737' title='bbox 1854 5067 2196 5128; x_wconf 82' lang='lat' dir='ltr'>Eustathius</span> <span class='ocrx_word' id='word_1_738' title='bbox 2233 5071 2446 5134; x_wconf 88' lang='lat' dir='ltr'>scribit,</span> <span class='ocrx_word' id='word_1_739' title='bbox 2478 5070 2583 5142; x_wconf 88' lang='lat' dir='ltr'>qui</span> <span class='ocrx_word' id='word_1_740' title='bbox 2641 5085 2780 5126; x_wconf 89' lang='lat' dir='ltr'>cum</span> <span class='ocrx_word' id='word_1_741' title='bbox 2840 5071 3024 5125; x_wconf 84' lang='grc' dir='ltr'>κτίτης</span> <span class='ocrx_word' id='word_1_742' title='bbox 3051 5067 3517 5190; x_wconf 55' lang='grc' dir='ltr'>οοωρδτδι.ἆξιδο</span> 
     </span>
     <span class='ocr_line' id='line_1_111' title="bbox 1854 5140 3517 5190; baseline 0 0"><span class='ocrx_word' id='word_1_743' title='bbox 1854 5143 2218 5190; x_wconf 71' lang='lat' dir='ltr'>mihsiantivn</span> <span class='ocrx_word' id='word_1_744' title='bbox 2253 5143 2502 5190; x_wconf 76' lang='lat' dir='ltr'>anninio.</span> <span class='ocrx_word' id='word_1_745' title='bbox 2559 5156 2697 5190; x_wconf 88' lang='lat' dir='ltr'>non-</span> <span class='ocrx_word' id='word_1_746' title='bbox 2764 5144 2823 5190; x_wconf 88' lang='lat' dir='ltr'>ut</span> <span class='ocrx_word' id='word_1_747' title='bbox 2874 5140 3184 5190; x_wconf 79' lang='lat' dir='ltr'>interpres.</span> <span class='ocrx_word' id='word_1_748' title='bbox 3218 5150 3326 5190; x_wconf 88' lang='lat' dir='ltr'>nro</span> <span class='ocrx_word' id='word_1_749' title='bbox 3357 5151 3392 5190; x_wconf 88' lang='lat' dir='ltr'>a</span> <span class='ocrx_word' id='word_1_750' title='bbox 3439 5150 3517 5190; x_wconf 77' lang='lat' dir='ltr'>1e-</span> 
     </span>
    </p>
   </div>
   <div class='ocr_carea' id='block_1_108' title="bbox 1854 5140 3491 5216">
    <p class='ocr_par' dir='ltr' id='par_1_108' title="bbox 1854 5140 3491 5216">
     <span class='ocr_line' id='line_1_112' title="bbox 1854 5140 3491 5216; baseline -0.004 -18"><span class='ocrx_word' id='word_1_751' title='bbox 1854 5143 2218 5198; x_wconf 87' lang='lat' dir='ltr'>substantivo</span> <span class='ocrx_word' id='word_1_752' title='bbox 2253 5140 2514 5216; x_wconf 68' lang='lat' dir='ltr'>accipio,</span> <span class='ocrx_word' id='word_1_753' title='bbox 2559 5156 2697 5206; x_wconf 90' lang='lat' dir='ltr'>non,</span> <span class='ocrx_word' id='word_1_754' title='bbox 2764 5144 2824 5196; x_wconf 90' lang='lat' dir='ltr'>ut</span> <span class='ocrx_word' id='word_1_755' title='bbox 2874 5140 3184 5208; x_wconf 84' lang='lat' dir='ltr'>interpres,</span> <span class='ocrx_word' id='word_1_756' title='bbox 3218 5150 3326 5206; x_wconf 87' lang='lat' dir='ltr'>pro</span> <span class='ocrx_word' id='word_1_757' title='bbox 3357 5140 3491 5193; x_wconf 87' lang='lat' dir='ltr'>adie</span> 
     </span>
    </p>
   </div>
   <div class='ocr_carea' id='block_1_109' title="bbox 1855 5216 2034 5270">
    <p class='ocr_par' dir='ltr' id='par_1_109' title="bbox 1855 5216 2034 5270">
     <span class='ocr_line' id='line_1_113' title="bbox 1855 5216 2034 5270; baseline -0.006 0"><span class='ocrx_word' id='word_1_758' title='bbox 1855 5216 2034 5270; x_wconf 88' lang='lat' dir='ltr'>ctivo.</span> 
     </span>
    </p>
   </div>
   <div class='ocr_carea' id='block_1_110' title="bbox 1926 5283 3514 5358">
    <p class='ocr_par' dir='ltr' id='par_1_110' title="bbox 1926 5283 3514 5358">
     <span class='ocr_line' id='line_1_114' title="bbox 1926 5283 3514 5358; baseline 0.003 -21"><span class='ocrx_word' id='word_1_759' title='bbox 1926 5287 2038 5358; x_wconf 85' lang='lat'>(73)</span> <span class='ocrx_word' id='word_1_760' title='bbox 2059 5287 2142 5341; x_wconf 86' lang='lat' dir='ltr'>Ita</span> <span class='ocrx_word' id='word_1_761' title='bbox 2168 5284 2518 5357; x_wconf 86' lang='lat' dir='ltr'>plerumque</span> <span class='ocrx_word' id='word_1_762' title='bbox 2535 5283 2995 5354; x_wconf 83' lang='lat' dir='ltr'>Chrysostomus</span> <span class='ocrx_word' id='word_1_763' title='bbox 3013 5284 3268 5342; x_wconf 88' lang='lat' dir='ltr'>oratorie</span> <span class='ocrx_word' id='word_1_764' title='bbox 3287 5283 3514 5348; x_wconf 67' lang='lat' dir='ltr'>laudat,</span> 
     </span>
    </p>
   </div>
   <div class='ocr_carea' id='block_1_111' title="bbox 1852 5357 2739 5428">
    <p class='ocr_par' dir='ltr' id='par_1_111' title="bbox 1852 5357 2739 5428">
     <span class='ocr_line' id='line_1_115' title="bbox 1852 5357 2739 5428; baseline -0.006 -17"><span class='ocrx_word' id='word_1_765' title='bbox 1852 5357 2025 5412; x_wconf 81' lang='lat' dir='ltr'>Joan.</span> <span class='ocrx_word' id='word_1_766' title='bbox 2060 5373 2218 5412; x_wconf 80' lang='lat' dir='ltr'>xvui.</span> <span class='ocrx_word' id='word_1_767' title='bbox 2251 5361 2302 5419; x_wconf 89' lang='lat'>6,</span> <span class='ocrx_word' id='word_1_768' title='bbox 2326 5360 2510 5410; x_wconf 82' lang='grc' dir='ltr'>ἔπεσον</span> <span class='ocrx_word' id='word_1_769' title='bbox 2541 5361 2739 5428; x_wconf 87' lang='grc' dir='ltr'>χαμαί.</span> 
     </span>
    </p>
   </div>
   <div class='ocr_carea' id='block_1_112' title="bbox 1923 5429 2313 5494">
    <p class='ocr_par' dir='ltr' id='par_1_112' title="bbox 1923 5429 2313 5494">
     <span class='ocr_line' id='line_1_116' title="bbox 1923 5429 2313 5494; baseline -0.003 -10"><span class='ocrx_word' id='word_1_770' title='bbox 1923 5429 2258 5494; x_wconf 76' lang='grc' dir='ltr'>(74)Γεννητῆ</span> <span class='ocrx_word' id='word_1_771' title='bbox 2271 5449 2313 5490; x_wconf 87' lang='grc' dir='ltr'><strong>ς.</strong></span> 
     </span>
    </p>
   </div>
   <div class='ocr_carea' id='block_1_113' title="bbox 1927 5499 2430 5569">
    <p class='ocr_par' dir='ltr' id='par_1_113' title="bbox 1927 5499 2430 5569">
     <span class='ocr_line' id='line_1_117' title="bbox 1927 5499 2430 5569; baseline -0.002 -16"><span class='ocrx_word' id='word_1_772' title='bbox 1927 5499 2040 5569; x_wconf 80' lang='lat'>(75)</span> <span class='ocrx_word' id='word_1_773' title='bbox 2064 5503 2124 5552; x_wconf 72' lang='grc' dir='ltr'>Δὶ</span> <span class='ocrx_word' id='word_1_774' title='bbox 2154 5499 2325 5556; x_wconf 85' lang='lat' dir='ltr'>abest</span> <span class='ocrx_word' id='word_1_775' title='bbox 2364 5506 2430 5553; x_wconf 86' lang='lat' dir='ltr'>A.</span> 
     </span>
    </p>
   </div>
  </div>
