4088 6442
169 339 311 397 1305

1253 339 1600 398 COMMENT
1639 342 1708 398 IN
1745 341 2095 399 JOANNEM.
2137 373 2205 384 -
2243 343 2399 398 CAP.
2443 340 2540 399 IX.

3394 343 3415 398 l
3429 343 3534 400 306

242 471 342 521 Kal
372 499 441 508 —
469 465 696 540 έὼρακας
723 483 737 533 ;
763 465 950 540 ’ῼοντο
977 467 1079 540 γὰρ
1111 466 1263 520 αὐτὸν
1294 466 1448 538 ἐγγυς
1477 465 1605 521 εἶναι
1644 487 1750 520 mv-

1946 469 2109 523 Vers.
2144 470 2231 523 57.
2259 468 2432 522 Et—
2481 467 2682 524 vidisti
2733 465 2762 522 7
2815 465 3112 523 Putabant
3174 466 3333 523 enim
3390 483 3530 524 eum

167 562 394 615 τήκοντα
444 555 565 608 ἐτῶν
615 553 709 608 διὰ
759 561 852 612 τὴν
907 556 1245 628 πολυπειρίαν
1300 556 1480 610 αὐτοῦ.
1527 559 1656 610 Τινὰ
1704 553 1764 609 δε

169 655 266 697 τῶν
319 647 431 716 (71)
485 645 810 720 ἀντιγράφων
849 648 1243 719 τεσσαράκοντα
1283 647 1595 721 γράφουσιν,
1638 647 1761 718 ὅπερ

171 730 315 788 δοκεῖ
341 734 720 808 ἀκριϐέστερον.

240 909 389 965 Εἶπεν
441 944 509 953 -
564 913 688 975 εἰμι.
739 913 827 975 Ὠς
893 917 1040 976 Θεός.
1098 919 1198 967 Καὶ
1255 912 1349 966 οὐκ
1407 909 1565 981 εἶπεν,
1628 911 1763 984 Ἐγὼ

167 1004 327 1074 ἤμην,
405 1000 510 1054 ἀλλ’
572 1002 701 1073 Ἐγώ
754 1002 861 1075 εἰμι
903 1005 928 1054 ὁ
989 1001 1068 1055 ἀεὶ
1129 1007 1216 1054 ὤν.
1249 1005 1319 1054 T6
1344 1005 1434 1068 μὶν
1483 998 1570 1053 οὖν
1627 1005 1764 1072 γενέ-

169 1092 294 1143 σθαι
354 1098 571 1143 κτιστοῦ
605 1095 704 1143 ’τὸ
798 1088 857 1144 δε
922 1091 1042 1164 Εἰμὶ
1121 1089 1372 1143 ἁκτίστου
1421 1092 1438 1162 [
1494 1095 1584 1144 καὶ
1645 1092 1762 1162 (72)

165 1184 383 1232 κτίστου

238 1268 403 1344 Ἥραν
440 1297 494 1310 -·
544 1269 722 1322 αὐτόν.
779 1272 844 1322 Οἱ
879 1277 1062 1342 ταχεῖς
1101 1273 1229 1343 πρός
1257 1274 1404 1342 φόνον
1436 1290 1448 1303 ο
1479 1269 1760 1343 Ἠγρίαναν

165 1360 267 1430 γὰρ
316 1355 560 1421 δόξαντες
611 1357 926 1431 ὑϐρισθῆναι
969 1363 1055 1411 τόν
1114 1358 1351 1434 Ἀϐραὰμ.
1393 1377 1405 1388 ’
1441 1359 1551 1431 ἅμα
1580 1355 1760 1412 δὲκαὶ

164 1452 370 1518 γνόντες
399 1449 478 1500 ὅτι
508 1444 787 1506 ἁίδιότητα
824 1456 957 1502 Θεοῦ
981 1450 1310 1521 περιτίθησιν
1337 1448 1520 1519 ἑαυτῷ.

237 1626 444 1687 Ἰησοῦς
501 1623 560 1680 δε
607 1626 822 1701 ἐκρύϐη,
869 1629 1119 1700 Ἀόρατος
1175 1626 1354 1688 αὐτοῖς
1414 1631 1638 1685 κατέστη
1692 1635 1754 1698 τῇ

163 1715 378 1789 ἐξουσία
407 1724 498 1777 τῆς
537 1718 797 1778 θεότητος.

238 1809 337 1858 Καὶ
371 1808 529 1880 ἱεροῦ.
556 1811 666 1859 Ἰνα
694 1805 998 1865 κατασταλῆ
1032 1807 1058 1858 6
1092 1807 1254 1878 θυμὸς
1282 1805 1472 1860 αὐτῶν.

233 1983 449 2036 Διελθὼν
478 2015 547 2024 -—
575 1984 766 2037 αὐτῶν.
821 1990 907 2043 Μὴ
952 1984 1250 2056 ἰσχυόντων
1283 1981 1411 2036 ἰδεῖν
1451 1984 1624 2040 αὐτόν.
1661 1991 1758 2041 Καὶ

157 2071 310 2127 διατί
361 2073 455 2125 οὐκ
512 2072 744 2136 ἐξέλυσεν
775 2073 942 2126 αὐτῶν
981 2079 1074 2131 την
1125 2070 1346 2145 δύναμιν
1390 2079 1479 2127 καὶ
1537 2083 1764 2146 φανερῶς

157 2161 466 2235 ἀνεχώρησε
487 2179 500 2228 ;
533 2167 676 2215 Διότι
692 2165 801 2216 οὗθ’
823 2164 983 2224 οὕτως
1005 2163 1207 2235 ἔμελλον
1236 2166 1519 2218 πιστεύειν.
1543 2167 1640 2217 Καὶ
1653 2166 1755 2237 γὰρ

155 2252 210 2304 έν
238 2261 307 2322 τῷ
336 2259 502 2325 καιρῷ
533 2260 625 2303 τοῦ
686 2254 890 2313 Πείθους
935 2255 1147 2313 ὑπτίους
1179 2253 1291 2322 (73)
1344 2253 1528 2313 αὐτοὺς
1557 2252 1752 2327 ἔρριψε,

153 2347 250 2394 καὶ
279 2345 372 2394 τὰς
393 2341 534 2412 ἅψεις
565 2341 732 2393 αὐτῶν
755 2340 1015 2405 ἔσκότισε,
1056 2347 1146 2394 καὶ
1176 2342 1268 2394 οὐκ
1299 2340 1630 2396 ἐπίστευσαν.
1653 2343 1753 2394 Οὖ-

153 2425 248 2482 δεν
277 2431 376 2502 γὰρ
408 2436 586 2501 χεῖρον
615 2428 804 2501 ψυχῆς
837 2429 1214 2501 ἁπεγνωκυίας.
1273 2429 1378 2483 Κᾶν
1425 2433 1526 2504 γὰρ
1561 2438 1756 2502 σημεῖα

148 2515 277 2591 ἴδη,
304 2517 398 2570 κᾶν
429 2523 638 2594 τέρατα,
667 2523 805 2592 μένει
834 2524 927 2578 την
955 2520 1116 2579 αὐτὴν
1159 2523 1364 2592 ἔχουσα
1393 2519 1544 2572 πάλιν
1573 2519 1754 2572 ἀναισ-

142 2613 400 2681 χυντίαν.

235 2702 333 2751 Καὶ
361 2705 593 2771 παρῆγεν
615 2699 798 2760 οὕτως.
829 2697 1100 2762 Ἐϐάδιζεν
1139 2701 1316 2766 οὕτως,
1351 2705 1423 2773 μὴ
1458 2704 1753 2774 φαινόμενος

137 2786 355 2848 αὐτοῖς.

409 2882 554 2930 ΚΕΦ.
597 2875 650 2932 Ι’.
678 2882 801 2951 Περὶ
829 2885 920 2930 τοῦ
960 2877 1015 2932 ἐκ
1052 2888 1256 2950 γενετῆς
1285 2878 1500 2951 τυφλοῦ.

226 2969 330 3019 Καὶ
359 2996 429 3005 --
456 2975 680 3036 γενετῆς.
707 2966 929 3019 Βεϐαιών
959 2966 994 3020 ἃ
1023 2964 1150 3032 εἶπε,
1181 2973 1270 3020 καὶ
1299 2971 1638 3040 πιστούμενος
1672 2971 1751 3020 ὅτι

1874 555 2057 612 ferme
2113 571 2245 611 esse
2295 556 2902 630 quinquagenarium,
2981 560 3224 628 propter
3277 556 3528 612 multam

1873 646 2006 718 ejus
2049 647 2322 718 peritiam
2371 651 2428 702 et
2472 646 2918 718 experientiam.
2989 645 3272 711 Quaedam
3328 652 3529 702 autem

1874 735 2240 806 exemplaria
2307 734 2548 800 habent,
2598 735 3027 807 quadraginta,
3072 734 3250 808 .quod
3298 734 3532 791 videtur

1873 839 2000 880 esse
2031 824 2242 880 verius.

1944 913 2104 967 Vers.
2185 917 2269 969 58.
2324 913 2496 970 Dixit
2561 943 2630 952 —
2695 915 3189 985 sum.Tanquam
3235 913 3408 968 Deus.
3466 913 3532 969 Et

1871 1017 1986 1057 non
2040 1002 2208 1066 dixit,
2270 1005 2390 1071 Ego
2431 1017 2597 1058 eram
2639 1021 2656 1073 ;
2691 1002 2816 1069 sed,
2867 1002 2993 1072 Ego
3017 1017 3166 1069 sum,
3223 1002 3322 1074 qui
3377 1017 3534 1058 sem-

1869 1107 1976 1162 per
2007 1108 2164 1147 sum.
2195 1092 2334 1148 Fieri
2364 1091 2655 1164 siquidem
2686 1091 2768 1147 rei
2799 1097 3010 1147 creatae
3041 1095 3160 1159 est;
3189 1093 3334 1149 Sum
3367 1107 3528 1156 vero,

1868 1179 2144 1237 increataa
2207 1186 2263 1236 et
2289 1187 2520 1237 creatae.

1941 1271 2103 1326 Vers.
2139 1271 2223 1327 59.
2266 1272 2556 1326 Tulerunt
2593 1303 2656 1312 —
2689 1286 2837 1327 eum.
2862 1270 3108 1328 Veloces
3173 1271 3250 1327 ad
3281 1270 3525 1328 caedem.

1871 1361 2209 1431 Exasperati
2242 1366 2380 1416 sunt
2433 1361 2591 1416 enim
2641 1365 2919 1430 putantes
2966 1360 3184 1430 injuria
3247 1359 3526 1417 affectum

1870 1465 2002 1504 esse
2059 1449 2362 1506 Abraham
2416 1467 2429 1503 :
2472 1449 2647 1505 simul
2695 1450 2892 1515 etiam,
2952 1450 3052 1506 ubi
3106 1450 3530 1521 cognovissent

1869 1538 2034 1612 quod
2064 1539 2162 1594 Dei
2193 1539 2574 1594 aeternitatem
2609 1539 2720 1594 sibi
2753 1539 3098 1595 vindicaret.

1942 1629 2107 1684 Vers.
2138 1630 2228 1686 59.
2259 1631 2420 1683 Jesus
2459 1636 2651 1684 autem
2676 1631 3006 1685 occultatus
3046 1635 3147 1685 est.
3178 1629 3287 1684 Per
3315 1629 3528 1685 divini-

1870 1719 2002 1775 tatis
2029 1719 2356 1792 potentiam
2387 1719 2695 1775 invisibilis
2747 1720 2833 1775 eis
2867 1719 3133 1775 effectus.

1795 1827 1836 1882 Β
1943 1809 2106 1863 Vers.
2133 1809 2222 1864 59.
2266 1809 2344 1864 Et
2374 1840 2440 1849 —
2489 1808 2716 1878 (empto.
2776 1811 2844 1864 Ut
2899 1807 3136 1864 illorum
3169 1809 3403 1865 sedaret
3436 1809 3524 1864 fu-

1871 1913 2064 1954 rorem
2075 1939 2087 1949 .

1942 1987 2106 2043 Vers.
2133 1993 2219 2044 59.
2254 1987 2653 2044 Pertransiens
2698 2017 2764 2028 --
2793 1987 3054 2044 illorum.
3089 1989 3230 2044 Cum
3265 1987 3345 2043 illi
3386 2003 3523 2044 eum

1869 2077 2067 2133 videre
2111 2093 2230 2132 non
2275 2081 2545 2149 possent.
2611 2079 2676 2132 Et
2715 2092 2901 2148 quare
2934 2092 3055 2132 non
3114 2077 3377 2133 dissolvit
3408 2077 3528 2132 illo-

1866 2182 2001 2222 rum
2033 2166 2330 2232 virtutem,
2364 2172 2421 2221 et
2481 2165 2796 2221 manifeste
2871 2166 3112 2221 recessit
3156 2165 3184 2220 i’
3231 2167 3375 2232 Quia
3419 2182 3527 2222 nec

1869 2255 1952 2310 sic
2000 2255 2278 2311 credituri
2351 2260 2540 2310 erant.
2619 2253 2843 2309 Etenim
2891 2259 3161 2325 tempore
3218 2255 3524 2326 passionis

1865 2347 2114 2418 supinos
2147 2345 2278 2401 illos
2308 2345 2540 2416 dejecit,
2589 2359 2921 2416 eorumque
2983 2350 3255 2415 aspectus
3311 2344 3526 2400 obscu-

1862 2437 2033 2502 ravit,
2080 2442 2135 2491 et
2182 2451 2304 2491 non
2354 2434 2751 2489 crediderunt.
2807 2437 2954 2490 Nam
3011 2433 3213 2490 anima
3264 2434 3525 2506 reproba

1863 2525 2012 2581 nihil
2039 2531 2126 2581 est
2155 2526 2328 2598 pejus
2358 2541 2370 2578 :
2404 2523 2536 2580 licet
2565 2523 2723 2579 enim
2766 2523 2941 2592 signa
2983 2523 3183 2580 videat
3220 2539 3290 2579 ac
3323 2523 3522 2594 prodi-

1863 2615 1977 2685 gia,
2007 2631 2174 2670 suam
2207 2619 2405 2670 tamen
2438 2628 2676 2684 semper
2705 2612 2918 2668 retinet
2945 2611 3412 2684 impudentiam.

1933 2705 2096 2761 Vers.
2133 2705 2203 2760 59
2243 2705 2321 2760 Et
2351 2705 2438 2760 ita
2463 2702 2824 2775 praeteribat.
2868 2701 3237 2758 Ambulabat
3270 2702 3369 2768 ita,
3402 2716 3524 2758 non

1862 2810 2157 2868 apparens
2193 2793 2328 2849 illis.

2218 2885 2370 2940 CAP.
2401 2884 2466 2938 X.
2501 2884 2580 2937 De
2607 2898 2741 2937 casco
2770 2898 2809 2936 a
2835 2882 3162 2937 nativitate.

1932 2975 2070 3046 Cap.
2120 2975 2218 3029 1X.
2275 2974 2416 3029 Vers
2455 2978 2500 3027 l.
2551 2973 2628 3027 Et
2672 3001 2741 3011 —
2771 2971 3102 3026 nativitate.
3155 2968 3526 3026 Confirman-

147 3059 280 3114 Θεός
329 3053 490 3120 ἐστιν,
548 3055 697 3116 εὐθὺς
728 3058 941 3129 ἔρχεται
989 3055 1072 3108 ἐπὶ
1127 3058 1302 3128 θαῦμα
1353 3062 1622 3128 μέγιστον,
1662 3062 1750 3108 καὶ

1879 3063 1958 3127 in,
2007 3062 2172 3135 quod
2237 3063 2485 3126 dixerat,
2540 3061 2845 3132 ﬁdemque
2875 3060 3120 3124 faciens,
3159 3059 3325 3131 quod
3369 3059 3524 3115 Deus

147 3151 311 3214 μήπω
395 3148 560 3216 μέχρι
608 3149 724 3196 τότε
777 3149 1064 3216 γενόμενον.
1123 3143 1316 3217 Τυφλοὶ
1363 3149 1452 3216 μὶν
1504 3149 1605 3219 γὰρ
1662 3150 1750 3197 καὶ

146 3233 301 3286 ἄλλοι
359 3231 636 3302 ἀνέϐλεψαν
680 3248 692 3261 ⁶
736 3232 924 3303 τυφλός
979 3229 1038 3285 δε
1095 3232 1143 3284 ἐν
1190 3243 1396 3304 γενετῆς
1427 3236 1537 3304 (74)
1577 3230 1750 3295 οὐδεὶς

145 3326 286 3396 ἄχρι
307 3329 440 3375 τότε.
481 3325 568 3374 Διὸ
597 3325 687 3372 καὶ
713 3318 1002 3391 ἀναϐλέψας
1032 3321 1198 3393 ἔλεγεν
1249 3341 1261 3354 ⁸
1298 3323 1384 3375 Ἐκ
1414 3331 1505 3374 τοῦ
1563 3323 1751 3383 αἰῶνος

145 3412 244 3466 οὐκ
274 3411 512 3469 ἠκούσθη
538 3411 618 3462 ὅτι
665 3409 834 3472 ἤνοιξέ
859 3429 934 3470 τις
972 3409 1265 3483 ὀφθαλμοὺς
1293 3412 1485 3483 τυφλοῦ
1514 3430 1749 3483 γεγεννη-

148 3517 328 3573 μένου.

229 3771 327 3819 Καὶ
385 3797 452 3808 --
501 3769 720 3839 γεννηθῇ
753 3767 1080 3842 ςἘρωτῶσιν
1147 3769 1250 3840 οὐχ
1305 3771 1374 3830 ὡς
1422 3776 1576 3822 τοῦτο
1625 3771 1750 3822 πάν-

148 3874 249 3916 τως
304 3856 333 3914 ἢ
395 3857 554 3908 έκεῖνο
619 3856 1083 3930 ὑπολαμϐάνοντες,
1139 3860 1370 3932 καθάπερ
1426 3861 1475 3911 οἱ
1539 3857 1750 3918 ἀνόητοι

150 3941 404 3998 Ἰουδαῖοι
432 3959 446 3975 '
473 3949 530 3998 τὸ
559 3948 650 4016 μεν
700 3948 802 4020 γὰρ
860 3946 1108 4019 ἁμαρτεῖν
1159 3951 1257 4021 πρό
1318 3955 1410 4000 τοῦ
1439 3951 1750 4020 γεννηθῆναι

147 4030 430 4103 ἀδύνατον,
463 4038 520 4086 τὸ
553 4031 611 4088 δε
636 4037 763 4110 ὑπερ
795 4044 895 4087 τῶν
922 4041 1110 4107 γονέων
1155 4036 1471 4098 κολάζεσθαι
1522 4035 1708 4090 οἰδικον
1733 4055 1744 4068 ·

145 4121 256 4176 ἀλλ’
288 4126 432 4176 ἔστιν
465 4125 491 4176 ό
519 4129 714 4187 σκοπὸς
763 4132 854 4178 τοῦ
883 4125 1040 4197 λόγου
1064 4133 1318 4186 τοιοῦτος,
1374 4126 1432 4178 Ὀ
1457 4130 1546 4198 μεν
1578 4130 1748 4202 παρά-

141 4212 299 4274 λυτος
330 4209 423 4265 διὰ
465 4215 558 4275 τὰς
603 4213 860 4286 ἁμαρτίας
911 4217 1071 4266 αὐτοῦ
1126 4215 1350 4282 ἠσθένει,
1410 4217 1583 4276 καθὼς
1647 4214 1752 4268 ἐκεῖ

143 4303 521 4374 μεμαθήκαμεν
571 4321 586 4336 ο
637 4307 754 4375 περὶ
805 4306 985 4355 τούτου
1027 4299 1085 4356 δε
1139 4304 1251 4370 (⁸751
1291 4308 1344 4354 τί
1396 4303 1559 4374 λέγεις
1600 4321 1614 4370 ;
1665 4308 1750 4364 Τίς

1859 3157 2016 3206 esset
2056 3152 2254 3206 statim
2329 3151 2490 3206 venit
2541 3150 2616 3204 ad
2666 3148 3022 3204 miraculum
3077 3149 3432 3213 maximum,
3466 3154 3524 3204 et

1860 3257 2049 3312 usque
2080 3241 2154 3296 ad
2187 3240 2243 3294 id
2273 3239 2557 3311 temporis
2589 3252 2904 3308 nunquam
2938 3236 3180 3292 factum.
3214 3237 3521 3308 Siquidem

1858 3334 1916 3384 et
1961 3329 2057 3384 alii
2099 3328 2239 3384 caeci
2282 3328 2476 3382 visum
2532 3331 2900 3396 receperunt,
2943 3340 3148 3380 verum
3183 3325 3282 3397 qui
3335 3341 3369 3381 a
3419 3340 3522 3381 na-

1858 3417 2080 3474 tivitate
2133 3433 2326 3472 caecus
2379 3416 2604 3482 fuisset,
2657 3413 2857 3469 nullus
2925 3428 3114 3484 usque
3145 3413 3223 3468 ad
3268 3413 3327 3467 id
3382 3418 3525 3468 tem-

1859 3523 1992 3580 pus.
2027 3507 2164 3562 Ideo
2214 3506 2414 3571 etiam,
2474 3505 2577 3576 qui
2609 3503 2806 3558 visum
2866 3503 2934 3573 (j)
2965 3501 3202 3572 recepit,
3237 3501 3474 3557 dicebat
3504 3502 3520 3544 ³

1857 3598 1905 3652 Α
1939 3595 2152 3652 seculo
2191 3610 2306 3649 non
2369 3599 2450 3650 est
2491 3593 2784 3656 auditum,
2839 3591 2995 3663 quod
3044 3589 3342 3660 aperuerit
3372 3591 3524 3662 quis-

1856 3685 2016 3756 piam
2051 3685 2241 3740 oculos
2264 3683 2398 3740 caeci
2449 3682 2581 3738 nati
2629 3683 2697 3735 ⁸ο.

1931 3777 2097 3829 Vers.
2172 3777 2223 3828 2.
2283 3773 2362 3829 Et
2410 3777 2735 3828 nasceretur
2781 3771 2810 3827 ?
2877 3767 3343 3840 lnterrogabant,
3399 3783 3520 3825 non

1859 3864 2023 3935 quod
2075 3863 2186 3918 hoc
2217 3867 2321 3918 aut
2349 3861 2497 3917 illud
2523 3860 2773 3917 omnino
2795 3859 3262 3931 suspicarentur,
3321 3875 3522 3931 quem-

1859 3951 2190 4008 admodum
2257 3951 2605 4022 insipientes
2677 3949 2914 4014 Judaai;
2966 3963 3108 4003 nam
3171 3947 3332 4003 hunc
3389 3963 3524 4018 pec-

1859 4055 2047 4104 casse,
2121 4045 2447 4112 antequam
2506 4044 2684 4094 natus
2753 4041 2925 4102 esset,
2977 4035 3351 4107 impossibile
3399 4041 3523 4091 erat

1859 4145 2038 4201 porro
2064 4145 2170 4200 pro
2216 4129 2567 4200 parentibus
2635 4127 2833 4198 puniri
2867 4126 3153 4196 injustum
3196 4141 3210 4189 ;
3253 4124 3355 4179 sed
3387 4123 3521 4180 finis

1859 4218 2154 4273 sermonis
2209 4217 2336 4272 talis
2394 4222 2501 4271 est.
2555 4215 2920 4285 Paralyticus
2977 4212 3221 4284 quidem
3280 4217 3523 4284 propter

1858 4310 2106 4376 peccata
2145 4322 2254 4360 sua
2301 4304 2654 4372 aegrotabat,
2714 4303 2864 4357 sicut
2902 4301 2984 4356 ibi
3028 4300 3350 4354 didicimus
3388 4316 3401 4355 :
3446 4300 3520 4355 de

147 4392 398 4462 ἥμαρτεν,
455 4389 600 4449 οὗτος
639 4389 668 4448 ἦ
721 4392 768 4441 οἱ
813 4398 981 4460 γονεῖς
1048 4390 1205 4442 αὐτοῦ
1262 4393 1454 4462 ςήμιίς
1485 4393 1586 4464 γὰρ
1634 4392 1750 4443 οὔτε

1879 4411 1974 4449 ιοο
2006 4400 2226 4454 autem.
2297 4393 2439 4450 quid
2502 4391 2650 4446 dicis
2699 4390 2726 4445 7
2773 4392 2909 4458 Quis
2955 4391 3235 4457 peccavit,
3295 4387 3412 4453 hic,
3443 4404 3517 4446 an

143 4483 302 4529 τοῦτο
323 4479 440 4529 οὔτε
469 4475 627 4530 έκεῖνο
658 4473 927 4550 δυνάμεθα
964 4477 1146 4549 λέγειν,
1183 4478 1434 4540 παντελῶς
1466 4477 1750 4553 ἐξαπορού-

143 4584 313 4639 μενοι.

219 4752 269 4788 ⁸ο
288 4751 462 4809 Joan.
493 4767 572 4821 ix,
605 4753 692 4808 32.

1855 4489 2125 4553 parentes
2157 4485 2282 4552 ejus
2321 4481 2350 4536 ?
2399 4497 2510 4537 nos
2541 4481 2702 4536 enim
2730 4494 2924 4550 neque
2963 4477 3095 4540 hoc.
3150 4492 3344 4549 neque
3375 4476 3519 4533 illud

1859 4571 2052 4626 dicere
2104 4587 2448 4643 possumus,
2499 4569 2750 4626 omnino
2780 4566 3111 4624 conturbati
3142 4565 3516 4639 consilioque

1858 4659 2141 4717 destituti.

1353 4853 1576 4923 Variae
1605 4855 1935 4924 lectiones
1969 4867 2033 4924 et
2075 4864 2276 4926 notae.

213 4995 327 5066 (τι)
349 4994 580 5051 Scilicet
608 4993 1042 5121 Chrgsostomi,
1067 4995 1170 5067 qui
1191 4995 1475 5052 audacter
1501 4998 1583 5054 ita
1612 5013 1735 5054 cor-

213 5067 309 5121 xit.
361 5067 502 5121 Vide
545 5071 686 5121 tom.
771 5067 859 5121 Ill.
895 5083 1032 5121 nam
1071 5070 1200 5121 324.
1243 5068 1735 5121 Chrvsostomum

139 5067 309 5140 rexit.
361 5067 502 5123 Vide
545 5071 686 5122 tom.
718 5067 859 5140 Vlll,
892 5083 1041 5140 pag.
1064 5070 1200 5140 324.
1243 5068 1738 5140 Chrysostomum

138 5137 410 5210 sequitur
437 5154 590 5194 unus
607 5154 678 5194 ex
695 5137 1003 5210 codicibus
1029 5137 1484 5210 Mosquensi‘bus
1508 5141 1737 5196 N.Test.

139 5223 200 5282 g.
224 5207 326 5282 ςιιὶ
359 5213 446 5263 est
469 5225 600 5282 cum
646 5209 910 5264 scholiis.
952 5207 1256 5277 Origenes,
1309 5211 1413 5282 qui
1444 5216 1591 5267 tom.
1636 5213 1736 5277 XX,

136 5280 200 5334 in
224 5280 512 5335 Joannem
546 5280 675 5336 haec
704 5282 845 5336 data
881 5297 1064 5353 opera
1117 5280 1553 5351 interpretatur,
1577 5283 1740 5338 hunc

136 5367 384 5422 versum
440 5357 630 5407 totum
694 5353 1092 5422 prastermisit.
1141 5359 1466 5411 Πεντήκοντα
1499 5360 1740 5409 servant

135 5421 340 5493 Cyrill.
376 5429 412 5477 ι.
437 5423 556 5497 _lV,
590 5438 646 5493 p.
682 5421 782 5478 585
810 5425 869 5476 C.
906 5425 1379 5497 ;_Theophylact.
1417 5441 1474 5497 p.
1515 5427 1620 5497 690
1655 5428 1692 5480 Ε
1725 5442 1737 5491 ;

136 5509 395 5622 geverus
434 5495 492 5548 in
525 5495 748 5550 Catena
799 5495 1080 5562 Corderii,
1122 5495 1181 5568 p.
1205 5495 1314 5552 243
1366 5514 1380 5565 ;
1417 5495 1472 5553 et
1500 5496 1737 5553 codices

182 5566 516 5621 robatiores
544 5580 770 5622 omnes.

182 5565 516 5621 robatiores
544 5580 770 5622 omnes.

213 5743 292 5814 (j)
325 5742 435 5813 Qui.
465 5743 673 5800 visum.
710 5744 874 5800 Forte
905 5743 1068 5816 legit,
1100 5740 1185 5801 διὸ
1225 5750 1312 5798 καὶ
1341 5746 1366 5799 ὁ
1421 5745 1732 5822 ἀναϐλέψας.

1917 5000 2030 5071 (72)
2065 4999 2299 5056 inclusa
2338 4998 2558 5071 absunt
2605 4999 2671 5054 Α.
2707 4999 2961 5060 Κτίστης,
2992 4993 3304 5066 quomodo
3334 4994 3514 5071 etiam

1851 5069 2193 5127 Eustathius
2229 5070 2442 5134 scribit,
2474 5071 2579 5142 qui
2637 5086 2776 5126 cum
2836 5073 3020 5142 κτίτης
3047 5069 3378 5138 comparat.
3403 5082 3513 5142 pro

1851 5143 2215 5198 substantivo
2250 5138 2512 5216 accipio,
2555 5156 2693 5206 non,
2760 5145 2820 5196 ut
2870 5141 3180 5210 interpres,
3214 5152 3322 5208 pro
3353 5138 3514 5196 adie-

1852 5216 2030 5269 ctivo.

1945 5285 2034 5357 73)
2055 5287 2138 5340 lta
2164 5284 2514 5357 plerumque
2530 5283 2990 5354 Chrysostomus
3008 5285 3264 5344 oratorie
3282 5285 3510 5350 laudat,

1848 5355 2022 5428 Joanr.‘
2055 5372 2213 5411 XVIII.
2247 5361 2298 5419 6,
2322 5355 2505 5410 ἔπεσον
2536 5362 2735 5428 χαμαί.

1919 5427 2309 5493 (74)Γιννητῆς.

1923 5497 2036 5567 (75)
2059 5502 2120 5550 Δὶ
2149 5499 2320 5555 abest
2361 5506 2425 5552 Δ.
