4088 6434
174 333 316 391 1305

1259 333 1604 392 COMMENT
1644 336 1713 392 [Ν
1750 335 2100 393 JOANNEM.
2143 367 2210 378 --
2247 337 2404 392 CAP.
2449 335 2545 393 IX.

3399 338 3421 393 1
3433 338 3539 395 306

247 465 348 515 Kal
377 492 446 502 —
474 459 702 534 ἑώρακας
728 476 742 528 ;
768 459 956 534 ’ῼοντο
982 461 1084 534 γὰρ
1116 460 1268 514 αὑτὸν
1299 460 1453 533 ἐγγὺς
1481 459 1610 515 εἶναι
1649 481 1754 514 πεν-

1951 463 2114 517 Vers.
2149 464 2236 517 57.
2264 462 2436 516 Et—
2487 461 2686 518 vidisti
2739 459 2768 516 7
2819 460 3118 518 Putabant
3179 461 3338 518 enim
3395 478 3535 519 eum

171 555 399 609 τήκοντα
449 549 570 602 ἐτῶν
620 547 714 602 διὰ
764 555 858 607 τὴν
913 550 1250 622 πολυπειρίαν
1305 551 1486 604 αὑτοῦ.
1533 553 1661 604 Τινὰ
1709 547 1768 603 δε

172 649 271 691 τῶν
324 641 436 710 (7|)
490 639 815 714 ἀντιγράφων
854 642 1248 713 τεσσαράκοντα
1288 641 1600 715 γράφουσιν,
1643 642 1766 712 ὅπερ

175 724 320 782 δοκεί
345 728 725 802 ἀκριϐέστερον.

245 903 394 959 Εἶπεν
446 937 514 947 -
569 907 694 970 εἰμι.
744 907 832 969 Ὠς
898 911 1046 970 Θεός.
1103 913 1202 961 Kal
1260 907 1354 960 οὑκ
1412 903 1570 975 εἶπεν,
1632 905 1768 978 Ἐγὼ

171 998 332 1067 ἤμην,
410 994 514 1048 ἀλλ’
576 997 706 1067 Ἐγώ
759 996 866 1068 εἰμι
908 999 933 1048 ό
994 995 1073 1049 ἀεὶ
1135 1001 1221 1048 ὤν.
1254 999 1323 1048 Τό
1349 999 1438 1062 μεν
1487 993 1575 1047 οὖν
1633 998 1768 1066 γενέ-

173 1086 298 1137 σθαι
359 1089 709 1137 κτιστοῦ’τό
803 1082 862 1138 δε
927 1085 1047 1158 Εἰμὶ
1127 1083 1376 1137 ἆκτίστου
1426 1086 1443 1156 [
1499 1089 1590 1138 καὶ
1650 1086 1766 1156 (72)

169 1178 388 1226 κτίστου

242 1262 407 1338 Ἦραν
445 1290 499 1304 --
549 1263 726 1316 αὑτόν.
784 1266 850 1316 Οἱ
883 1271 1066 1336 ταχεῖς
1106 1267 1234 1337 πρὸς
1262 1268 1409 1336 φόνον
1441 1284 1453 1296 ·
1483 1263 1764 1337 Ἠγρίαναν

170 1354 272 1424 γὰρ
321 1349 565 1415 δόξαντες
615 1351 931 1425 ὑϐρισθῆναι
974 1357 1060 1404 τόν
1119 1352 1356 1428 Ἀϐραὰμ
1398 1371 1410 1382 ·
1445 1353 1556 1425 ἅμα
1585 1350 1765 1406 δὲκαὶ

169 1447 374 1512 γνόντες
403 1443 482 1494 ὃτι
513 1438 791 1501 ἀιδιότητα
829 1450 962 1496 Θεοῦ
986 1443 1316 1515 περιτίθησιν
1342 1442 1524 1512 ἑαυτῷ.

243 1619 448 1681 Ἰησοῦς
505 1617 564 1674 δε
611 1619 827 1694 ἐκρύϐη.
873 1622 1124 1694 Ἀόρατος
1180 1620 1359 1682 αὑτοῖς
1419 1625 1642 1679 κατέστη
1697 1629 1758 1692 τῇ

168 1709 382 1782 ἐξουσίᾳ
412 1718 503 1770 τῆς
542 1711 802 1771 θεότητος.

243 1803 342 1852 Καὶ
375 1802 534 1874 ἱεροῦ.
560 1805 671 1852 ἰνα
698 1798 1002 1858 κατασταλῆ
1037 1801 1062 1852 ὁ
1097 1801 1258 1872 θυμός
1287 1799 1476 1854 αὑτῶν.

238 1977 453 2030 Διελθών
483 2009 551 2018 -
580 1978 770 2030 αὑτῶν.
825 1983 911 2037 Μὴ
957 1978 1255 2050 ἰσχυόντων
1287 1975 1416 2030 ἰδεῖν
1456 1979 1628 2034 αὑτόν.
1665 1985 1762 2036 Καὶ

162 2065 314 2120 διατί
365 2067 460 2118 οὑκ
516 2065 748 2130 ἐξέλυσεν
779 2067 946 2120 αὑτῶν
986 2073 1079 2125 τὴν
1130 2064 1351 2139 δύναμιν
1395 2073 1484 2121 καὶ
1541 2077 1768 2140 φανερῶς

161 2155 470 2228 ἀνεχώρησε
491 2173 504 2222 ;
538 2162 680 2209 Διότι
697 2159 805 2209 οὗθ’
828 2157 988 2218 οὑτως
1009 2157 1212 2229 ἔμελλον
1241 2160 1523 2211 πιστεύειν.
1547 2161 1759 2231 Kal-7&9

160 2245 214 2298 ἐν
243 2254 312 2316 τῷ
340 2253 506 2319 καιρῷ
537 2254 629 2297 τοῦ
690 2248 894 2307 Πάθους
939 2248 1152 2307 ὑπτίους
1184 2247 1296 2316 (73)
1348 2247 1532 2307 αὑτοὺς
1560 2246 1756 2321 ἔρριψε,

157 2341 254 2388 καὶ
283 2339 377 2388 τὰς
397 2335 538 2405 ὄψεις
569 2335 736 2387 αὑτῶν
759 2333 1020 2398 ἱσκότισε,
1061 2341 1150 2388 καὶ
1181 2336 1273 2388 οὑκ
1303 2334 1634 2390 ἐπίστευσαν.
1657 2337 1756 2388 Οὑ-

157 2419 252 2475 δεν
281 2425 380 2496 γὰρ
412 2430 590 2495 χεῖρον
619 2422 808 2495 ψυχῆς
841 2422 1219 2494 ἁπεγνωκυίας.
1278 2422 1382 2477 Κᾶν
1429 2427 1530 2498 γὰρ
1565 2432 1759 2496 σημεῖα

152 2509 281 2585 ἴδη,
308 2511 402 2564 κᾶν
433 2517 642 2587 τέρατα,
672 2517 809 2586 μένει
839 2518 932 2572 τὴν
959 2513 1120 2572 αὑτὴν
1163 2517 1369 2586 ἔχουσα
1397 2513 1549 2566 πάλιν
1577 2512 1758 2566 ἀναισ-

146 2607 404 2675 χυντίαν.

239 2696 337 2744 Καὶ
365 2699 597 2765 παρῆγεν
619 2692 802 2754 οὕτως.
834 2691 1104 2756 Ἐϐάδιζιν
1143 2695 1320 2760 οὕτως,
1355 2699 1427 2767 μὴ
1462 2697 1757 2767 φαινόμενος

141 2779 359 2842 αὐτοῖς.

413 2876 557 2924 ΚΕΦ.
601 2868 654 2925 Ι’.
682 2875 806 2944 Περὶ
833 2879 925 2924 τοῦ
964 2871 1020 2926 ἔκ
1056 2881 1261 2944 γενετῆς
1289 2872 1504 2945 τυφλοῦ.

230 2963 334 3012 Kal
363 2990 433 2999 —
460 2969 684 3030 γενετῆς.
711 2960 933 3013 Βεϐαιῶν
963 2960 998 3013 ἃ
1027 2958 1154 3026 εἶπε,
1185 2966 1275 3014 καὶ
1304 2965 1642 3034 πιστούμενος
1676 2964 1754 3014 ὅτι

1879 549 2062 607 ferme
2118 565 2250 606 esse
2300 550 2907 624 quinquagenarium,
2987 555 3229 622 propter
3281 551 3533 607 multam

1877 640 2010 712 ejus
2053 641 2327 712 peritiam
2377 645 2433 696 et
2477 640 2923 712 experientiam.
2994 639 3277 706 Quaedam
3333 647 3533 696 autem

1879 729 2244 800 exemplaria
2312 727 2553 793 habent,
2603 729 3033 801 quadraginta,
3077 729 3255 802 .quod
3303 729 3536 786 videtur

1877 833 2004 874 esse
2035 819 2246 874 verius.

1949 907 2108 961 Vers.
2189 911 2274 963 58.
2329 907 2502 964 Dixit
2566 937 2635 947 —
2700 909 3194 980 sum.Tanquam
3239 908 3413 962 Deus.
3471 908 3536 963 Et

1875 1011 1990 1051 non
2045 996 2212 1060 dixit,
2274 998 2395 1066 Ego
2436 1011 2601 1052 eram
2643 1015 2661 1067 ;
2697 996 2822 1063 sed,
2873 997 2998 1067 Ego
3022 1012 3170 1064 sum,
3228 997 3326 1068 qui
3381 1012 3538 1052 sem-

1874 1101 1981 1156 per
2011 1102 2168 1141 sum.
2199 1086 2339 1142 Fieri
2369 1085 2660 1158 siquidem
2691 1086 2774 1142 rei
2805 1091 3016 1141 creatae
3045 1089 3166 1154 est;
3195 1087 3340 1143 Sum
3371 1102 3533 1150 vero,

1872 1173 2149 1230 increatse
2211 1180 2267 1230 et
2294 1181 2526 1231 creatae.

1945 1265 2107 1320 Vers.
2143 1265 2227 1320 59.
2270 1266 2561 1321 Tulerunt
2598 1297 2661 1306 —
2694 1281 2842 1322 eum.
2868 1265 3114 1322 Veloces
3178 1265 3255 1321 ad
3285 1265 3530 1322 caedem.

1875 1355 2213 1425 Exasperati
2247 1360 2385 1410 sunt
2437 1355 2596 1410 enim
2646 1360 2924 1424 putantes
2971 1355 3189 1424 injuria
3252 1353 3531 1412 affectum

1874 1459 2006 1498 esse
2063 1444 2367 1500 Abraham
2421 1462 2434 1497 :
2477 1443 2652 1500 simul
2700 1445 2896 1510 etiam,
2957 1444 3057 1500 ubi
3111 1444 3534 1515 cognovissent

1873 1532 2038 1606 quod
2069 1533 2166 1588 Dei
2198 1533 2579 1589 mternitatem
2614 1533 2725 1588 sibi
2758 1533 3103 1589 vindicaret.

1946 1623 2111 1678 Vers.
2142 1624 2233 1680 59.
2264 1625 2424 1678 Jews
2463 1630 2656 1678 autem
2681 1625 3010 1679 occultatus
3051 1629 3152 1678 est.
3183 1623 3292 1678 Per
3320 1623 3533 1679 divini-

1874 1713 2007 1769 tatis
2033 1713 2360 1786 potentiam
2391 1713 2700 1769 invisibilis
2752 1715 2838 1769 eis
2872 1713 3138 1769 eﬂ'ectus.

1799 1822 1840 1876 Β
1947 1803 2110 1858 Vers.
2138 1803 2227 1858 59.
2271 1803 2349 1858 Et
2379 1835 2445 1843 —
2494 1802 2720 1872 templo.
2781 1806 2848 1858 Ut
2903 1802 3140 1858 illorum
3174 1803 3408 1859 sedaret
3440 1803 3528 1858 fu-

1875 1907 2068 1948 rorem
2080 1933 2091 1944 .

1946 1982 2111 2037 Vers.
2138 1987 2223 2038 59.
2258 1981 2657 2039 Pertransiens
2703 2012 2768 2023 —
2797 1982 3058 2038 illorum.
3093 1983 3235 2038 Cum
3269 1981 3350 2037 illi
3390 1997 3527 2038 eum

1873 2071 2071 2127 videre
2115 2087 2234 2126 non
2280 2075 2550 2143 possent.
2615 2073 2680 2126 Et
2719 2087 2905 2142 quare
2937 2086 3059 2126 non
3119 2071 3382 2127 dissolvit
3413 2071 3533 2126 illo-

1870 2176 2005 2216 rum
2037 2161 2334 2225 virtutem,
2369 2167 2426 2215 et
2486 2159 2800 2215 manifeste
2875 2160 3116 2215 recessit
3161 2159 3189 2214 ?
3235 2161 3379 2226 Quia
3423 2176 3532 2216 nec

1872 2249 1956 2305 sic
2004 2249 2282 2305 credituri
2355 2254 2544 2304 erant.
2623 2247 2846 2303 Etenim
2895 2254 3165 2319 tempore
3222 2249 3528 2320 passionis

1869 2341 2118 2412 supinos
2151 2339 2282 2395 illos
2313 2339 2544 2410 dejecit,
2594 2354 2924 2409 eorumque
2987 2344 3259 2409 aspectus
3315 2338 3530 2394 obscu-

1866 2431 2037 2496 ravit,
2084 2436 2139 2486 et
2186 2445 2308 2485 non
2359 2428 2755 2483 crediderunt.
2810 2430 2958 2484 Nam
3014 2427 3217 2483 anima
3268 2427 3529 2500 reproba

1867 2519 2016 2575 nihil
2043 2525 2130 2574 est
2159 2520 2332 2592 pejus
2363 2535 2375 2573 :
2408 2517 2540 2574 licet
2569 2517 2726 2573 enim
2770 2517 2945 2586 signa
2987 2517 3187 2574 videat
3224 2533 3294 2573 ac
3327 2516 3528 2588 prodi-

1867 2609 1981 2679 gia,
2011 2625 2178 2664 suam
2212 2613 2409 2665 tamen
2442 2622 2680 2678 semper
2709 2607 2921 2662 retinet
2949 2605 3416 2678 impudentiam.

1937 2699 2100 2755 Vers.
2137 2699 2207 2755 59
2247 2699 2326 2754 Et
2355 2699 2442 2754 ita
2467 2696 2828 2769 praeteribat.
2871 2695 3240 2752 Ambulabat
3273 2696 3373 2762 ita,
3406 2710 3528 2752 non

1866 2804 2161 2862 apparens
2197 2787 2332 2844 illis.

2223 2879 2374 2934 CAP.
2405 2878 2470 2932 X.
2505 2878 2584 2932 De
2611 2892 2745 2931 meo
2774 2893 2813 2930 a
2838 2876 3166 2931 nativitate.

1936 2969 2074 3040 Cap.
2124 2969 2222 3023 IX.
2279 2969 2420 3024 Vers
2459 2973 2504 3021 l.
2556 2967 2632 3022 Et
2675 2995 2745 3006 —-
2775 2966 3105 3020 nativitate.
3158 2962 3530 3020 Conﬁrman-

152 3053 284 3108 Θεός
333 3047 494 3114 ἔστιν,
552 3048 701 3109 εὐθὺς
732 3051 945 3122 ἔρχεται
993 3049 1076 3102 ἐπὶ
1131 3052 1306 3122 θαῦμα
1357 3055 1626 3122 μέγιστον,
1666 3056 1754 3102 καὶ

1883 3057 1962 3121 ln,
2012 3056 2176 3129 quod
2241 3057 2489 3120 dixerat,
2543 3055 2848 3126 fidemque
2879 3054 3123 3118 faciens,
3163 3053 3329 3126 quod
3373 3053 3528 3109 Deus

151 3145 315 3207 μήπω
399 3141 564 3210 μέχρι
612 3142 728 3190 τότε
781 3142 1068 3210 γενόμενον.
1127 3136 1320 3210 Τυφλοὶ
1367 3143 1456 3210 μὶν
1508 3143 1609 3212 γὰρ
1666 3144 1754 3191 καὶ

151 3227 305 3280 ἄλλοι
363 3225 640 3296 ἀνέϐλεψαν
684 3242 696 3254 ·
740 3225 928 3297 τυφλός
983 3223 1042 3279 δε
1100 3225 1147 3278 ἐν
1194 3236 1400 3298 γενετῆς
1431 3230 1541 3299 (74)
1581 3223 1753 3288 οὐδεὶς

150 3320 290 3390 ἄχρι
311 3323 444 3369 τότε.
485 3319 572 3368 Διὸ
601 3319 690 3366 καὶ
717 3312 1006 3385 ἀναϐλέψας
1036 3315 1202 3387 ἔλεγεν
1253 3335 1265 3348 ·
1302 3317 1388 3369 Ἐκ
1418 3325 1509 3368 τοῦ
1567 3317 1755 3377 αἰῶνος

150 3406 247 3459 οὐκ
278 3405 516 3463 ἠκούσθη
542 3406 622 3455 ὅτι
668 3403 838 3466 ἧνοιξί
863 3423 938 3464 τις
977 3403 1269 3476 ὀφθαλμοὺς
1297 3406 1489 3477 τυφλοῦ
1517 3424 1753 3477 γεγεννη-

152 3511 331 3567 μενον.

232 3765 331 3813 Καὶ
389 3791 455 3801 -
505 3763 724 3833 γεννηθῇ
757 3761 1083 3836 ;Ἐρωτῶσιν
1151 3762 1254 3834 οὑχ
1309 3765 1378 3824 ὡς
1426 3770 1580 3816 τοῦτο
1629 3765 1754 3816 πάν-

153 3868 252 3910 τως
308 3850 337 3908 ἣ
399 3851 558 3902 ἐκεῖνο
622 3849 1086 3924 ὑπολαμϐάνοντες,
1143 3853 1374 3926 καθάπερ
1429 3855 1478 3905 οἱ
1543 3851 1754 3912 ἀνόητοι

154 3935 408 3992 Ἰουδαῖοι
435 3953 450 3968 ⁹
476 3943 534 3992 τό
562 3942 654 4010 μεν
703 3941 805 4013 γὰρ
864 3939 1111 4013 ἁμαρτεῖν
1162 3945 1261 4014 πρό
1322 3949 1413 3994 τοῦ
1443 3944 1754 4013 γεννηθῆναι

153 4024 433 4096 ἀδύνατον,
467 4031 524 4080 τό
556 4025 615 4081 δε
639 4030 766 4104 ὑπερ
798 4038 898 4081 τῶν
925 4035 1114 4101 γονέων
1159 4030 1474 4092 κολάξεσθαι
1525 4029 1712 4084 οἰδικον
1736 4049 1748 4062 ⁸

151 4115 259 4169 ἀλλ’
292 4120 435 4170 ἔστιν
469 4118 494 4170 ὁ
522 4123 718 4181 σκοπός
766 4126 857 4172 τοῦ
887 4118 1044 4190 λόγου
1067 4127 1321 4180 τοιοῦτος.
1378 4120 1436 4172 ⁸0
1461 4124 1550 4192 μεν
1582 4124 1752 4196 παρά-

147 4205 302 4268 λυτος
333 4203 427 4258 διὰ
469 4209 561 4268 τὰς
606 4207 863 4280 ἁμαρτίας
915 4210 1075 4260 αὑτοῦ
1129 4209 1354 4276 ἠσθένει,
1414 4211 1586 4270 καθὼς
1651 4208 1756 4262 ἐκεῖ

148 4297 524 4368 μεμαθήκαμεν
575 4315 590 4330 ο
641 4301 758 4368 περὶ
807 4300 988 4348 τούτου
1030 4293 1088 4349 δὲ
1143 4297 1254 4364 (75ὶ
1295 4302 1348 4348 τί
1400 4297 1562 4368 λέγεις
1604 4315 1618 4364 ;
1669 4303 1753 4358 Τίς

1863 3151 2020 3200 esset
2060 3146 2258 3200 statim
2333 3145 2494 3200 venit
2545 3144 2620 3198 ad
2669 3142 3025 3198 miraculum
3080 3144 3436 3207 maximum,
3470 3148 3528 3198 et

1864 3250 2053 3306 usque
2085 3235 2159 3290 ad
2190 3234 2247 3288 id
2277 3234 2561 3305 temporis
2593 3247 2907 3302 nunquam
2941 3231 3184 3286 factum.
3217 3231 3525 3303 Siquidem

1862 3327 1920 3378 et
1965 3323 2062 3378 alii
2103 3322 2243 3378 caeci
2285 3322 2480 3376 visum
2536 3325 2903 3390 receperunt,
2946 3334 3151 3374 verum
3186 3319 3286 3392 qui
3339 3336 3373 3376 a
3422 3335 3526 3376 na-

1863 3411 2084 3467 tivitate
2137 3427 2330 3466 caecus
2383 3410 2608 3476 fuisset,
2661 3407 2860 3463 nullus
2928 3423 3117 3478 usque
3149 3407 3226 3463 ad
3272 3407 3331 3462 id
3385 3412 3529 3463 tem-

1863 3517 1996 3574 pus.
2032 3500 2168 3555 ldeo
2218 3499 2418 3564 etiam,
2478 3499 2581 3570 qui
2612 3497 2809 3552 visum
2869 3497 2937 3568 (j)
2969 3496 3206 3567 recepit,
3240 3495 3478 3552 dicebat
3508 3497 3524 3539 ἓ

1861 3591 1909 3646 Α
1943 3589 2156 3645 seculo
2195 3603 2310 3642 non
2373 3593 2454 3644 est
2495 3587 2788 3650 auditum,
2843 3585 2999 3657 quod
3048 3584 3346 3654 aperuerit
3376 3585 3528 3657 quis-

1859 3679 2020 3750 piam
2055 3679 2246 3734 oculos
2267 3677 2402 3734 caici
2453 3676 2585 3732 nati
2632 3677 2700 3729 ⁸ο.

1935 3771 2101 3823 Vers.
2175 3771 2228 3821 2.
2287 3767 2366 3823 Et
2413 3772 2739 3822 nasceretur
2785 3765 2814 3821 ?
2880 3762 3346 3834 lnterrogabant,
3402 3779 3524 3820 non

1863 3858 2027 3929 quod
2078 3857 2190 3912 hoc
2221 3861 2325 3912 aut
2353 3855 2501 3911 illud
2527 3854 2776 3911 omnino
2799 3853 3265 3925 suspicarentur,
3324 3869 3526 3925 quem-

1862 3945 2194 4002 admodum
2261 3944 2609 4016 insipientes
2681 3943 2918 4008 Judaei;
2969 3957 3112 3998 nam
3175 3941 3335 3998 hunc
3393 3958 3527 4012 pec-

1863 4050 2051 4098 casse,
2125 4039 2451 4106 antequam
2510 4038 2688 4089 natus
2757 4035 2928 4096 esset,
2981 4030 3355 4102 impossibile
3403 4035 3527 4086 erat

1863 4140 2041 4195 porro
2067 4139 2174 4195 pro
2220 4123 2570 4194 parentibus
2639 4121 2837 4193 puniri
2869 4120 3157 4190 injustum
3199 4135 3213 4184 ;
3257 4119 3358 4174 sed
3390 4118 3524 4174 ﬁnis

1863 4212 2158 4267 sermonis
2213 4211 2340 4266 talis
2398 4216 2505 4266 est.
2558 4209 2923 4279 Paralyticus
2980 4207 3224 4278 quidem
3284 4211 3526 4278 propter

1862 4304 2110 4370 peccata
2149 4316 2258 4354 sua
2305 4299 2658 4366 aegrotabat,
2718 4297 2868 4351 sicut
2906 4295 2987 4350 ibi
3032 4295 3353 4349 didicimus
3391 4310 3404 4350 :
3449 4295 3523 4350 de

152 4386 401 4456 ἥμαρτεν,
459 4383 604 4442 οὗτος
641 4383 671 4442 ἦ
723 4385 772 4435 οἱ
815 4391 984 4454 γονεῖς
1051 4383 1208 4436 αὑτοῦ
1265 4387 1458 4456 ςὴμεῖς
1488 4387 1589 4458 γὰρ
1638 4386 1754 4437 οὔτε

1883 4405 1977 4443 ioc
2010 4393 2229 4448 autem.
2301 4387 2442 4444 quid
2505 4385 2653 4440 dicis
2702 4384 2730 4440 ?
2776 4386 2912 4452 Quis
2959 4385 3239 4452 peccavit,
3299 4382 3415 4448 hic,
3446 4399 3520 4440 an

148 4477 305 4522 τοῦτο
327 4473 443 4522 όῦτε
473 4469 630 4523 ἐκεῖνο
661 4467 930 4544 δυνάμεθα
967 4470 1149 4543 λέγειν,
1186 4472 1438 4534 παντελῶς
1469 4471 1754 4547 ἆξαποροὺ-

148 4577 316 4632 μενοι.

222 4745 272 4781 ⁸ο
291 4745 466 4802 Joan.
497 4761 575 4815 ix,
609 4746 694 4802 32.

1858 4483 2128 4547 parentes
2161 4479 2286 4546 ejus
2324 4475 2353 4530 ‘l
2402 4491 2513 4531 nos
2544 4475 2705 4530 enim
2733 4488 2928 4544 neque
2966 4471 3098 4534 hoc.
3153 4487 3347 4543 neque
3378 4471 3523 4528 illud

1863 4565 2056 4620 dicere
2108 4581 2452 4637 possumus,
2503 4563 2753 4620 omnino
2783 4560 3114 4618 conturbati
3145 4559 3520 4634 consilioque

1862 4653 2145 4711 destituti.

1357 4847 1580 4917 Varia;
1609 4849 1938 4918 lectiones
1973 4861 2037 4918 et
2079 4857 2280 4919 notae.

217 4989 330 5069 ('lt)
353 4988 584 5044 Scilicet
611 4987 1045 5115 Chrzsostomi,
1069 4989 1173 5061 qui
1195 4989 1478 5046 audacter
1505 4992 1586 5048 ita
1615 5007 1739 5047 cor-

217 5065 312 5115 ut.
364 5061 505 5115 Vide
548 5064 688 5115 tom.
774 5061 862 5115 lll.
897 5076 1034 5115 οδε.
1074 5064 1203 5115 324.
1246 5062 1739 5115 Chrvsostomum

145 5060 312 5134 rexit.
364 5061 505 5116 Vide
548 5064 688 5116 tom.
721 5060 862 5134 Vill,
895 5076 1043 5134 pag.
1067 5060 1203 5134 32/9.
1246 5062 1742 5134 Chrysostomum

145 5076 312 5115 rem.
370 5076 505 5116 Viue
548 5076 688 5116 tom.
730 5076 862 5125 vm,
893 5076 1034 5188 pag.
1074 5076 1203 5117 32/9.
1246 5076 1740 5134 unrysostomum

143 5131 412 5211 sequitur
431 5147 593 5215 Aunus
610 5148 680 5188 ex
698 5131 886 5215 codici
939 5149 1006 5215 uas
1032 5132 1488 5215 alasquensibus
1511 5135 1740 5215 N.Tgs_i.

145 5215 203 5265 ir.
227 5203 329 5273 qui
363 5207 450 5257 est
473 5219 603 5257 cum
649 5203 912 5258 scholiis.
955 5203 1259 5271 Origenes,
1313 5204 1416 5276 qui
1447 5210 1594 5261 tom.
1639 5207 1740 5271 ΧΧ,

142 5273 204 5327 in
227 5273 516 5353 Joannem
549 5274 678 5330 haec
707 5276 848 5353 data
885 5291 1067 5353 opera
1120 5276 1556 5353 interpretatur,
1579 5277 1744 5333 hunc

143 5360 387 5416 versum
444 5351 634 5401 totum
697 5347 1096 5416 praetermisit.
1143 5352 1468 5405 Πεντήκοντα
1503 5354 1743 5403 servant

142 5414 343 5487 Cyrill.
379 5423 416 5471 t.
440 5417 472 5496 .1
488 5417 567 5496 V1
593 5432 649 5496 p.
685 5414 785 5472 585
812 5418 872 5496 ς.
909 5418 1382 5496 ;_Theophvlact.
1420 5435 1477 5490 p.
1519 5421 1634 5496 699
1659 5422 1696 5474 Ε
1728 5436 1740 5485 ;

143 5503 398 5616 ἓθνθιιυβ
437 5488 495 5542 in
528 5489 750 5544 Catena
803 5488 1082 5556 Corderii,
1124 5488 1183 5562 p.
1207 5488 1318 5546 ’243
1369 5508 1383 5559 ;
1420 5488 1476 5547 et
1503 5490 1740 5547 codices

186 5560 518 5615 robatiores
547 5574 774 5616 omnes.

186 5559 518 5615 robatiores
547 5574 774 5616 omnes.

217 5737 296 5808 (j)
329 5736 438 5807 Qui
468 5736 676 5794 visum.
713 5738 876 5794 Forte
907 5737 1071 5810 legit,
1103 5734 1188 5794 διὸ
1227 5744 1316 5792 καὶ
1344 5740 1370 5792 ὁ
1424 5739 1736 5817 ἀναϐλέψας.

1920 4994 2034 5065 (72)
2068 4993 2302 5050 Inclusa
2341 4992 2562 5065 absunt
2609 4993 2674 5048 A.
2710 4994 2964 5054 Κτίστης,
2995 4987 3308 5061 quomodo
3337 4989 3518 5065 etiam

1855 5063 2196 5121 Eustathius
2233 5064 2446 5128 scribit,
2477 5065 2583 5136 qui
2641 5080 2780 5120 cum
2839 5067 3024 5136 κτίτης
3050 5063 3382 5132 comparat.
3407 5076 3517 5136 pro

1854 5137 2218 5210 substantivo
2253 5132 2515 5210 accipio,
2558 5151 2696 5200 non,
2764 5139 2823 5190 ut
2874 5135 3183 5204 interpres,
3217 5146 3326 5202 pro
3356 5132 3518 5190 adie-

1855 5209 2034 5263 ctivo.

1925 5280 2038 5351 (73)
2057 5281 2141 5335 Ita
2167 5278 2518 5351 plerumque
2533 5277 2994 5349 Chrysostomus
3011 5280 3267 5338 oratorie
3286 5280 3514 5345 laudat,

1851 5350 2025 5405 Joan.
2059 5367 2217 5405 xvnl.
2251 5355 2302 5413 6,
2326 5350 2508 5404 ἔπεσον
2539 5356 2738 5422 χαμαί.

1922 5421 2312 5487 (74)Γεννητῆς.

1927 5492 2039 5562 (75)
2063 5496 2123 5544 Δὶ
2153 5493 2324 5549 abest
2363 5500 2428 5547 A.
