4088 6432
686 322 824 380 {303

2009 314 2366 376 EUTHYMII
2417 312 2744 372 ZlGABENI
3851 320 3932 382 {30$

687 455 842 505 atur.
870 447 1008 504 Vult
1033 446 1189 504 enim
1219 451 1504 514 astruere,
1547 442 1715 518 quod
1771 443 1966 512 major
2006 445 2102 510 sit,
2151 459 2301 516 qua:

2315 459 2338 498 τι
2371 440 2418 495 Δ
2454 440 2805 515 Βοῦλεταιγὰρ
2819 441 3217 494 κατασκευάσαι
3236 441 3317 494 ὅτι
3337 442 3522 512 μιίζων
3539 442 3643 494 ἔστὶ
3657 450 3733 494 τοῦ
3759 444 3929 520 Ἁϐραάμ.

688 539 987 595 Abraham
1025 553 1038 603 ;
1070 554 1212 593 nam
1245 537 1358 592 hoc
1408 535 1466 590 in
1512 533 1784 606 prmsenti
1827 548 1947 590 non
1999 533 2170 599 dixit,
2213 548 2342 604 pro-

686 634 817 702 pter
842 627 1106 698 ipsorum
1141 625 1602 698 impudentiam.

759 717 1046 771 Vers.“.
1110 716 1288 782 Quem
1355 745 1424 753 —
1484 713 1640 767 Vers.
1718 713 1809 769 55.
1872 727 2016 768 eum.
2086 742 2142 752 —
2211 711 2340 766 Non

687 805 1029 876 cognovistis
1068 819 1212 864 eum,
1253 808 1454 872 utpote
1489 800 1773 873 operibus
1828 800 1993 855 illum
2028 805 2338 864 negantes.

690 894 841 950 Dicit
891 893 1051 948 enim
1109 897 1164 946 et
1217 890 1537 962 Apostolus
1583 907 1596 944 :
1652 890 2015 956 Conﬁtentur
2077 905 2137 944 se
2189 904 2344 943 nosse

690 985 898 1045 Deum,
939 983 1111 1050 factis
1141 985 1336 1036 autem
1367 986 1583 1049 negant
1613 981 1684 1036 ⁷⁷.
1713 978 1813 1033 Vel
1849 979 2028 1033 etiam
2076 993 2148 1032 eo
2177 976 2342 1049 quod

689 1087 808 1127 non
839 1070 1180 1138 agnoscatis
1204 1068 1406 1124 Filium
1462 1069 1616 1138 ejus.
1679 1067 1903 1121 Dictum
1958 1070 2045 1120 est
2106 1064 2264 1120 enim
2326 1083 2339 1120 :

688 1161 753 1216 Si
787 1175 879 1215 me
905 1158 1340 1227 cognosreretis,
1373 1158 1431 1214 et
1466 1158 1703 1212 Patrem
1756 1171 1940 1210 meum
1993 1155 2196 1226 utique
2253 1170 2345 1210 co-

687 1252 1044 1320 gnoscerem
1100 1249 1168 1302 ⁷⁸.
1205 1247 1302 1302 Vel
1356 1262 1428 1301 eo
1484 1248 1650 1318 quod
1709 1260 1830 1299 non
1894 1244 2137 1299 servetis
2210 1244 2340 1314 ejus

691 1353 995 1393 sermones
1027 1356 1042 1407 ;
1076 1351 1219 1392 nam
1274 1336 1321 1390 si
1351 1334 1780 1406 cognosceretis
1810 1349 1969 1396 eum,
2002 1347 2340 1389 sermonem

691 1427 819 1498 ejus
849 1427 1178 1482 servaretis.

763 1515 922 1571 Vers.
956 1516 1044 1570 55.
1097 1515 1222 1584 Ego
1273 1518 1460 1570 autem
1518 1514 1663 1568 novi
1718 1527 1869 1567 eum.
1933 1515 2058 1567 Non
2118 1510 2338 1574 solum,

692 1621 828 1661 cum
860 1620 931 1659 ex
963 1604 1093 1676 ipso
1120 1605 1256 1666 sim,
1303 1611 1358 1658 et
1385 1601 1652 1672 ejusdem
1696 1600 2066 1662 substantiae,
2113 1605 2342 1655 natura

692 1699 749 1750 et
777 1694 1058 1758 scientias,
1092 1694 1192 1748 sed
1241 1692 1417 1748 etiam
1472 1697 1760 1763 tanquam
1815 1704 2156 1744 sermonem
2214 1689 2343 1757 ejus
2373 1723 2417 1778 Β

693 1785 1128 1840 servans.Nam
1160 1786 1217 1837 et
1247 1780 1521 1852 superius
1568 1779 1714 1834 dixit
1768 1795 1780 1833 :
1837 1779 1942 1834 Est
1997 1793 2192 1840 verax,
2242 1778 2344 1848 qui

692 1873 848 1928 misit
885 1887 990 1935 me,
1019 1887 1189 1942 quem
1221 1886 1314 1925 vos
1346 1884 1463 1925 non
1490 1869 1669 1923 nostis
1693 1884 1706 1919 :
1745 1883 1848 1937 ego
1876 1882 2011 1923 vero
2034 1868 2173 1921 novi
2191 1882 2342 1933 eum,

694 1962 835 2033 quia
863 1961 937 2016 ab
963 1976 1027 2016 eo
1055 1976 1184 2016 sum
1205 1961 1277 2012 τ’.

763 2051 905 2105 Vers
961 2055 1047 2105 55.
1107 2051 1169 2104 Et
1229 2077 1298 2090 —
1345 2047 1620 2103 mendax.
1658 2047 1773 2102 Vos
1805 2047 1964 2101 enim
2014 2044 2345 2100 mentimini

694 2140 960 2195 dicentes
1001 2139 1186 2194 Daum
1239 2142 1503 2192 vestrum
1554 2152 1706 2201 esse,
1760 2152 1896 2190 cum
1955 2151 2074 2190 non
2126 2151 2348 2202 cogno-

697 2230 874 2284 scatis
913 2245 1071 2286 eum.
1117 2233 1179 2282 ut
1237 2226 1586 2297 praedictum
1647 2233 1750 2278 est.
1811 2225 2081 2280 Notitiam
2143 2229 2343 2278 autem

695 2324 751 2373 et
779 2318 1180 2386 cognitionem
1213 2316 1372 2378 dicit,
1415 2330 1590 2369 nosse
1618 2314 1984 2385 simpliciter.
2029 2319 2084 2368 et
2128 2328 2346 2384 cogno-

696 2421 857 2461 scere
909 2405 1071 2477 quod
1130 2406 1200 2460 sit
1263 2405 1415 2458 Deus
1468 2410 1524 2457 et
1580 2403 1763 2464 Pater.
1822 2418 1937 2456 non
2027 2402 2174 2457 scire
2247 2404 2344 2456 Dei

693 2501 989 2550 naturam.
1025 2497 1166 2549 Nam
1195 2495 1328 2564 ipsa
1365 2508 1483 2546 non
1526 2493 1724 2545 solum
1787 2493 2068 2558 cognosci
2123 2492 2341 2561 nequit,

697 2600 898 2640 verum
928 2584 1103 2637 etiam
1135 2582 1381 2637 omnino
1439 2580 1884 2648 inintelligibilis
1933 2586 2020 2634 est
2071 2588 2125 2634 et
2180 2582 2344 2634 inae-

695 2672 1004 2738 cessibilis,
1034 2687 1141 2726 nec
1182 2677 1398 2725 tantum
1432 2668 1798 2734 hominibus,
1860 2670 1964 2722 sed
2015 2675 2070 2724 et
2099 2668 2348 2724 cmlesti-

697 2762 806 2815 bus
845 2761 1176 2815 virtutibus.

769 2849 933 2904 Vers.
968 2849 1054 2903 56.
1115 2848 1225 2904 Sed
1278 2878 1344 2887 —
1400 2862 1588 2903 servo.
1646 2845 1842 2910 Vides,
1876 2845 2037 2918 quod
2097 2847 2196 2902 Dei
2228 2862 2345 2901 ser-

695 2953 938 2994 monem
999 2953 1254 3000 servare,
1308 2936 1545 3005 signum
1602 2937 1670 2991 sit
1724 2935 1889 3008 quod
1952 2936 2088 3007 quis
2158 2939 2342 2991 Deum

696 3033 1036 3097 cognoscat.
1070 3027 1414 3082 Timeamus
1445 3025 1641 3092 igitur,
1691 3025 1854 3097 quod
1888 3026 1983 3080 Dei
2049 3033 2345 3095 praecepta

695 3132 816 3172 non
849 3132 1172 3180 servamus,
1230 3122 1514 3185 tanquam
1546 3131 1684 3170 cum
1713 3163 1716 3166 .
1741 3115 1826 3169 eis
1882 3115 2206 3184 constituti,
2239 3113 2344 3186 qui

698 3205 883 3260 Deum
917 3206 1211 3274 ignorant.
1245 3204 1466 3260 Deinde
1511 3204 1738 3276 probat,
1789 3203 1953 3275 quod
2000 3205 2194 3274 major
2247 3203 2341 3268 sit,

694 3309 879 3367 quam
908 3295 1232 3350 Abraham.

769 3383 928 3440 Vers.
1009 3389 1093 3439 56.
1137 3383 1442 3440 Abraham
1499 3413 1567 3423 —
1619 3398 1830 3439 meum.
1889 3411 1961 3426 —
2010 3383 2345 3439 Exsultavit

695 3473 822 3528 sive
874 3472 1233 3544 concupivit.
1268 3472 1427 3528 Diem
1469 3475 1661 3526 autem
1727 3486 1907 3526 suum
1986 3471 2131 3527 dicit
2182 3470 2345 3527 diem

693 3577 1012 3634 passionis.

766 3651 928 3706 Vers.
989 3654 1074 3704 56.
1129 3650 1202 3704 Et
1261 3649 1430 3713 vidit,
1491 3655 1545 3705 et
1613 3650 1852 3718 gavisus
1921 3655 2026 3705 est.
2086 3649 2344 3705 Gavisus

694 3743 782 3793 est
806 3745 1041 3810 propter
1094 3737 1340 3792 salutem
1396 3737 1625 3791 mundi.
1697 3737 2110 3805 Praecognovit
2178 3754 2344 3793 nam-

694 3842 812 3898 que
852 3827 1204 3898 mysterium
1246 3827 1647 3881 crucitixionis
1690 3827 1924 3882 Christi.
1982 3827 2346 3883 Desideravit

694 3916 895 3970 videre
935 3915 1092 3969 diem
1157 3916 1344 3985 ipsius
1382 3923 1434 3969 et
1479 3916 1619 3969 vidit
1669 3915 1833 3970 illum
1888 3916 2340 3986 praeﬁguratum

693 4003 1220 4066 etadumbratum,
1272 4004 1328 4058 in
1380 4003 1474 4057 die
1528 4019 1650 4074 quo
1699 4003 1884 4058 tilium
1938 4022 2113 4059 suum
2177 4005 2343 4061 Isaac

693 4093 906 4148 obtulit
944 4094 1000 4148 in
1028 4093 1465 4147 holocaustum.
1516 4093 1716 4147 Didicit
1758 4095 1937 4156 enim,
1985 4095 2141 4164 quod
2196 4097 2344 4151 sicut

693 4183 824 4254 ipse
874 4198 990 4236 non
1064 4183 1326 4253 pepercit
1372 4199 1482 4236 suo
1543 4184 1757 4236 dilecto
1831 4192 2072 4253 prOpter
2129 4185 2340 4250 Deum,

2454 536 2687 600 Φανερῶς
2743 534 2840 604 γὰρ
2869 538 2956 582 νῦν
2989 529 3082 582 οῦκ
3115 526 3220 583 εἷπε
3250 538 3400 583 τοῦτο
3427 527 3460 583 δ
3467 535 3518 582 ιὰ
3546 535 3628 589 τὴν
3661 530 3934 605 ἀναισχυντώ

2455 621 2622 672 αὐτῶν
2632 661 2644 673 .

2523 709 2617 761 ’ον
2677 739 2746 751 -—
2801 709 2977 761 αὐτόν.
3040 740 3107 750 -
3149 708 3260 761 Οὐκ
3315 708 3562 780 ἐγνώκατε
3615 709 3768 775 αὐτὸν,
3801 717 3850 774 ὡς
3876 725 3935 776 τοῖς

2453 803 2620 873 ἔργοις
2666 797 2966 870 ἀρνούμενοι
3013 798 3185 850 αὐτόν.
3243 804 3378 857 Φησὶ
3433 802 3534 870 γὰρ
3583 804 3665 849 καὶ
3713 801 3935 854 61:67::-

2451 888 2533 946 λος
2615 889 2694 938 ὅτι
2741 892 2869 939 Θεόν
2927 887 3268 959 ὁμολογοῦσιν
3325 884 3540 954 εἰδέναι,
3590 895 3688 950 τοῖς
3741 886 3789 942 δι
3838 895 3938 963 ἔργοις

2456 973 2749 1045 ἀρνοῦνται.
2816 976 2881 1029 Ἠ
2940 982 3025 1028 καὶ
3085 980 3149 1037 ὡς
3200 981 3271 1050 μὴ
3327 975 3596 1048 ἕγνωκότες
3642 982 3719 1028 τὸν
3766 982 3854 1032 Tia:
3887 985 3936 1032 tr.-

2453 1073 2565 1117 τοῦ.
2621 1071 2903 1137 Προείρηκε
2967 1069 3068 1140 γὰρ
3132 1069 3212 1118 ὅτι
3271 1067 3330 1119 Εἰ
3403 1065 3491 1138 ius
3569 1062 3744 1138 ᾔδειτε,
3791 1074 3856 1120 καὶ
3892 1091 3934 1121 τι]

2455 1159 2662 1224 Πατέρα
2722 1174 2823 1224 μου
2881 1151 3057 1226 ᾔδειτε
3112 1156 3191 1208 ἄν.
3256 1155 3318 1208 Ἠ
3382 1158 3447 1216 ὡς
3504 1161 3574 1227 μή
3637 1164 3858 1225 τηροῦντες
3893 1167 3935 1210 τάν

2453 1241 2603 1311 λόγον
2627 1243 2807 1295 αὐτοῦ·
2842 1243 2885 1296 εί
2907 1247 3008 1316 γὰρ
3043 1241 3218 1316 ᾔδειτε
3248 1245 3423 1309 αὐτὸν,
3448 1242 3667 1318 ἐτηρεῖτι
3693 1245 3744 1296 ἄν
3766 1249 3830 1297 τὸν
3853 1248 3935 1319 iul-ai

2455 1351 2636 1386 αυτ-ου.

2529 1509 2662 1581 ἐγὼ
2693 1506 2752 1562 δε
2783 1507 2908 1562 οἶδα
2947 1512 3122 1566 αὐτόν.
3169 1515 3244 1564 Οῦ
3275 1517 3427 1584 μόνον
3473 1514 3539 1573 ὡς
3568 1511 3618 1574 ἐξ
3647 1512 3782 1564 αὑτοῦ
3804 1521 3864 1564 και
3889 1523 3936 1570 τις

2454 1600 2613 1659 αὐτῆς
2643 1600 2829 1660 οῦσίας
2858 1605 2946 1651 καὶ
2974 1604 3173 1672 φύσεως
3201 1606 3290 1654 καὶ
3316 1609 3560 1672 γνώσεως
3588 1607 3671 1665 ὧν,
3700 1600 3804 1652 ἀλλὰ
3833 1610 3936 1662 uis;

2453 1689 2709 1759 τὸνλόγον
2736 1689 2896 1740 αὑτοῦ
2923 1699 3112 1761 τηρῶν.
3150 1696 3249 1743 Καὶ
3279 1691 3452 1743 ὀπίσω
3484 1688 3544 1743 δι
3574 1687 3717 1754 εἶπεν,
3753 1694 3812 1742 ὁτι
3834 1694 3936 1742 Ἒττῖῖ

2454 1779 2653 1838 ἀληθὴς
2827 1780 2852 1829 ὁ
2876 1778 3083 1850 πέμψας
3121 1798 3203 1850 με,
3234 1780 3288 1831 ὃν
3334 1782 3482 1851 ὑμεῖς
3515 1780 3608 1832 οῦκ
3631 1777 3801 1848 οἰδατι,
3830 1780 3889 1849 ἐγὼ
3908 1777 3934 1830 ii

2455 1864 2579 1919 οἶδα
2610 1867 2786 1937 αὑτὸν,
2821 1871 2898 1920 ὃτι
2931 1869 3054 1942 παρ’
3087 1869 3247 1922 αὐτοῦ
3277 1869 3411 1942 εἰμι,

2532 2050 2632 2097 Καὶ
2687 2076 2754 2086 -
2810 2045 3061 2116 ψεύστης.
3119 2043 3380 2100 Ψεύδεσθε
3444 2050 3549 2119 γὰρ
3621 2048 3750 2120 ὑμεῖς
3803 2047 3933 2116 λέγοντες

2457 2134 2680 2203 ὃτι(67)
2734 2138 2857 2194 Θεὸς
2908 2136 3050 2207 ὑμῶν
3105 2135 3263 2198 ἔστιν,
3306 2137 3365 2188 οῦ
3419 2139 3524 2208 γὰρ
3589 2135 3807 2207 ἕγνὼκατι
3840 2138 3928 2188 the,

2459 2229 2527 2285 ὡς
2583 2230 2906 2298 προείρηται.
2969 2223 3189 2284 Εῖδησιν
3263 2223 3322 2279 δε
3386 2233 3480 2280 καὶ
3552 2232 3734 2298 γνῶσίν
3788 2245 3928 2296 φιτιττ

2458 2311 2650 2367 εἰδέναι
2675 2321 2762 2366 καὶ
2793 2322 3068 2386 γινώσκειν
3097 2315 3266 2376 ἁπλῶς
3295 2318 3374 2368 ὃτι
3405 2315 3525 2369 εστὶ
3568 2320 3687 2378 Θεὸς
3718 2322 3790 2366 καὶ
3824 2323 3927 2368 llnz.

2457 2404 2515 2456 οὗ
2555 2408 2658 2474 μὴν
2698 2407 2791 2460 τὴν
2824 2404 2936 2472 (68)
2967 2412 3062 2464 τῆς
3092 2407 3291 2475 φύσεως
3339 2412 3433 2456 τοῦ
3484 2413 3639 2458 Θεοῦ.
3685 2406 3801 2462 Αὕτη
3828 2424 3922 2475 Ta;

2457 2498 2609 2565 μόνον
2657 2495 2938 2563 ἄγνωστος,
2996 2492 3122 2545 ἀλλὰ
3173 2499 3261 2545 καὶ
3313 2494 3578 2556 παντελῶς
3631 2493 3860 2550 ismara
3882 2512 3915 2540 τε

2459 2580 2879 2653 ἀνεπιχείρητος,
2912 2587 3001 2633 καὶ
3031 2581 3090 2633 οῦ
3121 2587 3273 2654 μόνον
3304 2581 3621 2657 ἀνθρώποις,
3663 2582 3777 2635 ἀλλά
3799 2601 3846 2634 κε
3865 2587 3910 2636 si;

2457 2670 2718 2743 οὐρανίαις
2759 2667 3064 2743 δυνάμεσιν.

2531 2848 2670 2902 Ἀλλ’
2693 2879 2762 2889 -
2791 2857 2952 2922 τηρῶ.
2976 2854 3128 2920 Ὁρᾷς
3145 2850 3225 2901 ὃτι
3245 2852 3303 2901 τὸ
3331 2851 3416 2902 τὸν
3437 2849 3595 2921 λόγον
3622 2859 3707 2903 τοῦ
3732 2854 3935 2918 Θιοῦτιρὼ

2462 2943 2674 3009 σημεῖον
2702 2937 2818 2989 ὶοτι
2841 2946 2931 2989 τοῦ
2959 2935 3150 2990 εἰδέναι
3178 2937 3352 2990 αὐτόν.
3372 2939 3520 2997 tltan
3532 2942 3693 3012 θῶμεν
3717 2940 3939 2990 reis-acia;

2459 3026 2658 3086 ἕντο).ὰς
2688 3032 2777 3078 τοῦ
2814 3030 2942 3079 Θεοῦ
2972 3029 3043 3096 μὴ
3093 3025 3448 3097 φυλάττοντες,
3488 3030 3561 3089 ὡς
3592 3034 3847 3098 ταττόμενοι
3877 3043 3941 3095 sm

2459 3125 2556 3167 τῶν
2590 3114 2908 3186 ἀγνοούντων
2953 3119 3038 3166 τὸν
3080 3120 3227 3170 Θεόν.
3271 3113 3397 3169 Εἶτα
3433 3118 3797 3178 κατασκευάζει
3826 3123 3883 3165 ut
3907 3130 3942 3160 ατε

2457 3205 2648 3276 μείζων
2681 3204 2794 3256 ἐστὶ
2823 3212 2914 3256 τοῦ
2948 3203 3206 3277 Ἀϐραάμ.

2532 3292 2768 3367 Ἁϐραάμ
2826 3324 2894 3333 -
2950 3292 3092 3364 ἕμήν.
3158 3324 3225 3334 —
3286 3294 3689 3364 Ἦγαλλιοὲσατο,
3734 3299 3857 3364 ἤγουν

2459 3384 2710 3455 θύμησεν.
2786 3381 3031 3455 [Ἑμίραν
3103 3383 3216 3453 (69)
3270 3380 3328 3436 δε
3399 3384 3566 3438 αὑτοῦ
3624 3384 3747 3456 λέγει
3802 3386 3868 3438 τὴν
3902 3386 3943 3428 ft?

2459 3480 2710 3545 σταυροῦ.

2530 3655 2629 3704 Καὶ
2687 3646 2814 3713 εἶδε,
2863 3654 2949 3702 καὶ
3004 3649 3198 3725 ἐχάρη.
3258 3651 3459 3724 Ἐχάρη
3513 3647 3607 3705 διὰ
3652 3657 3737 3711 τήν
3779 3652 3947 3716 aurigis

2453 3748 2546 3792 τοῦ
2595 3744 2816 3811 κόσμου.
2867 3744 3125 3812 Προγνοὺς
3166 3743 3266 3812 γὰρ
3319 3743 3376 3792 τὸ
3432 3747 3720 3815 μυστήριον
3767 3747 3950 3798 sigma

2454 3835 2662 3902 ρώσεως
2705 3836 2796 3880 τοῦ
2861 3835 3094 3900 Χριστοῦ
3146 3827 3492 3902 ίπεθῦμησεν]
3552 3827 3676 3883 ἰδεῖν
3723 3833 3802 3885 τὴν
3832 3829 3949 3895 ἡμεῦαῖ

2455 3919 2636 3985 αὑτοῦ,
2699 3923 2788 3969 καὶ
2837 3914 2969 3969 εἶδεν
3020 3918 3175 3975 αὐτὴν
3234 3917 3254 3990 [
3308 3920 3855 3993 προσκιαγραφηθεῐσαν
3889 3914 3951 3978 ιῖῡδ

2453 4006 2566 4077 καὶ]
2597 4003 3018 4058 διατυπωθείσαν
3049 4004 3096 4056 ἐν
3140 4014 3200 4078 τῇ
3249 4009 3416 4078 ἡμέρᾳ
3446 4009 3567 4060 καθ’
3599 4011 3657 4065 ἣν
3686 4006 3880 4073 ἀνήνεγκε
3909 4019 3950 4048 τεἱ

2455 4100 2566 4148 υίόν
2606 4095 2765 4147 αὑτοῦ
2813 4113 2899 4146 τον
2929 4096 3114 4147 Ἰσαὰκ
3167 4095 3239 4155 είς
3291 4095 3669 4167 ὁλοκάρπωσιν.
3711 4095 3867 4164 Ἐμαθι
3897 4090 3949 4156 Ἱέτ

2456 4188 2557 4251 ὅτι,
2608 4187 2780 4252 ὥσπερ
2830 4183 2980 4243 αὐτὸς
3029 4184 3123 4236 οῦκ
3163 4187 3399 4255 ἐφείσατο
3456 4194 3551 4238 τοῦ
3600 4187 3709 4237 υἱοῦ
3757 4183 3877 4234 αὐτοῦ
3906 4196 3951 4226 rw

694 4272 773 4327 ita
812 4287 1006 4342 neque
1047 4271 1196 4326 Deus
1240 4274 1569 4341 parciturus
1623 4277 1779 4327 esset
1843 4272 1983 4327 Filio
2038 4289 2148 4327 suo
2198 4274 2308 4327 tlile

2334 4303 2346 4314 -
2382 4258 2423 4312 ί)
2460 4273 2732 4345 ἀγαπητοῦ
2769 4268 2804 4324 δ
2811 4275 2862 4324 ιὰ
2900 4276 2986 4324 τόν
3026 4275 3175 4338 Θεὸν,
3226 4273 3387 4334 οῦτως
3428 4270 3555 4327 οὐδε
3607 4275 3632 4325 ὁ
3668 4275 3772 4332 Θεὸς
3804 4273 3948 4341 prima:

695 4367 789 4417 cto
820 4369 1058 4432 propter
1085 4361 1410 4415 hominem.
1449 4363 1511 4415 Et
1537 4360 2055 4432 quemadmodum
2088 4362 2186 4416 ille
2213 4378 2344 4432 por-

694 4452 836 4506 tavit
875 4450 1032 4521 ligna
1066 4449 1392 4504 holocausti
1460 4449 1568 4517 sui,
1637 4451 1714 4504 ita
1767 4456 1820 4503 et
1850 4450 1974 4520 ipse
2007 4457 2346 4521 portaturus

695 4544 846 4594 esset
883 4539 1114 4607 lignum
1157 4539 1359 4593 mortis
1399 4553 1541 4592 sum.
1587 4539 2025 4604 Verumtamen,
2061 4540 2209 4594 sicut
2248 4540 2346 4595 illo

695 4643 811 4682 non
854 4644 1035 4699 passo
1068 4627 1409 4699 suppositus
1441 4633 1526 4681 est
1565 4627 1717 4681 aries
1757 4643 1768 4681 :
1804 4627 1883 4682 ita
1941 4633 1998 4683 et
2049 4627 2163 4683 hoc
2216 4646 2347 4685 ma-

694 4723 871 4772 nente
901 4716 1277 4789 impassibili,
1308 4715 1656 4770 humanitas
1682 4719 1810 4786 ejus
1834 4717 2031 4770 occisa
2051 4717 2346 4782 est.Uuod

699 4804 748 4858 si
774 4804 929 4859 diem
962 4807 1089 4874 ejus
1119 4804 1320 4860 videre
1351 4803 1726 4868 desideravit,
1769 4803 1975 4876 utique
2022 4805 2135 4861 hoc
2197 4811 2341 4876 erat,

698 4895 987 4963 tanquam
1028 4894 1300 4965 majoris.

769 5105 814 5140 ⁷⁷
845 5106 949 5164 Tit.
977 5108 1114 5174 1,16.
1215 5107 1600 5177 "Joan.v1u,
1639 5110 1723 5165 t9.
1801 5110 2039 5166 "Joan.
2068 5127 2160 5175 vn,
2190 5114 2278 5166 26.

2458 4371 2548 4415 τοῦ
2581 4365 2702 4414 Υὶοῦ
2733 4361 2892 4414 αὑτοῦ
2931 4367 3021 4413 τοῦ
3052 4359 3326 4431 ἀγαπητοῦ
3368 4358 3462 4414 διὰ
3489 4366 3575 4414 τὸν
3619 4363 3864 4434 ἄνθρωπον.
3897 4361 3946 4405 lic-

2459 4456 2632 4522 ὥσπερ
2708 4451 2856 4512 οὗτος
2905 4448 3160 4502 ἐϐάστασε
3212 4453 3277 4502 τὰ
3321 4449 3448 4513 ξύλα
3502 4460 3601 4512 τῆς
3655 4450 3945 4519 ὁλοκαρτὼτιωε

2461 4542 2638 4604 αὐτοῦ,
2682 4541 2816 4591 οὕτω
2843 4537 3075 4599 κάκαίνος
3123 4537 3382 4611 βαστάσει
3412 4543 3466 4592 τό
3494 4539 3643 4603 ξύλον
3683 4545 3765 4591 τοῦ
3811 4535 3942 4587 θινιὲτεε

2457 4632 2635 4682 αὑτοῦ.
2691 4628 2827 4685 Πλὴν
2879 4629 3112 4699 καθάπερ
3173 4631 3358 4680 τοῦτον
3422 4633 3684 4699 μείναντος
3736 4625 3940 4677 ἀπαθοὺςε

2456 4721 2600 4790 κριὸς
2652 4716 2830 4780 ἐτύθη,
2898 4716 3032 4768 οὕτω
3082 4715 3318 4769 κάκείνου
3389 4720 3628 4789 μένοντος
3692 4715 3938 4768 ἀπαθοῦς

2456 4806 2772 4880 ἀνθρώπινον
2839 4805 2998 4858 αὑτοῦ
3067 4806 3554 4876 σφηιασθήσεται,
3633 4805 3690 4859 Εἰ
3755 4799 3806 4856 δὴ
3846 4798 3935 4851 ἐπέ.-

2455 4914 2620 4968 μησεν
2669 4891 2798 4947 ἰδεῖν
2850 4899 2942 4952 τὴν
3001 4895 3196 4966 ἡμέραν
3258 4893 3437 4965 αὐτοῦ,
3501 4898 3573 4957 ὡς
3621 4895 3830 4967 μείζονος
3875 4905 3929 4938 εῖν

2456 5005 2574 5045 τως.

1920 5287 2134 5356 Variae
2172 5287 2502 5356 lectiones
2545 5297 2610 5354 et
2652 5295 2851 5354 notae.

768 5445 879 5520 (66)
916 5447 978 5502 In
1021 5449 1319 5520 contextu,
1348 5446 1461 5520 illo
1492 5446 1552 5501 in
1589 5447 1717 5502 loco
1761 5447 1942 5520 codd.
1995 5448 2344 5520 Euthymius

697 5515 922 5590 habent
974 5516 1285 5590 vulgatum
1341 5517 1600 5579 ἀληθινός.
1663 5518 1774 5590 sed
1827 5515 2346 5590 Cbrymstfrefert

699 5586 1078 5662 ulneag‘Tom.
1113 5588 1251 5654 Vlll,
1274 5604 1340 5662 Ap.
1374 5590 1496 5660 294,
1521 5591 1646 5657 295,
1679 5586 2011 5662 aliquoties.

766 5662 880 5730 (67)
904 5657 964 5711 Ὀ
993 5657 1311 5730 interponit
1339 5665 1406 5716 Α.

767 5730 879 5803 (68)
947 5737 1052 5789 Τήν
1133 5729 1301 5788 abest
1375 5737 1440 5787 Α.
1531 5730 1798 5787 Refertur
1863 5731 1933 5788 ad
2001 5729 2206 5792 εἴδησιν
2255 5738 2342 5788 καὶ

2455 5457 2667 5520 γνῶσιν.

2529 5522 2639 5588 (69)
2681 5518 2909 5572 inclusa
2933 5516 3154 5572 absunt
3181 5519 3247 5571 A.

2528 5571 2639 5662 {to}
2681 5571 2918 5646 massa
2941 5571 3172 5645 absunt
3210 5592 3276 5644 Α.
3309 5589 3529 5648 ibidem
3563 5590 3769 5662 legitur,
3801 5571 3924 5654 προδσ·

2459 5664 2805 5716 θυπωθείσαν.
