4088 6434
155 334 298 392 1305

1241 333 1586 392 COMMENT
1626 335 1695 392 IN
1732 333 2082 392 JOANNEM.
2125 365 2192 377 -
2229 336 2386 391 CAP.
2431 333 2527 392 IX.

3381 335 3402 390 1
3415 335 3521 392 306

229 467 330 516 Καὶ
360 493 428 502 -
456 460 684 534 ἕώρακας
711 477 724 528 ;
751 460 938 534 ’ῼοντο
964 461 1066 534 γὰρ
1098 460 1250 513 αὐτὸν
1281 459 1436 532 ὶγγῦς
1463 458 1592 514 εἶναι
1630 481 1741 514 πεν-

1933 461 2097 516 Vers.
2131 462 2218 515 57.
2247 460 2419 514 Et—
2469 459 2668 516 vidisti
2721 457 2750 514 7
2802 457 3100 515 Putabant
3161 458 3320 515 enim
3377 475 3517 516 eum

154 557 382 610 τήκοντα
431 550 552 603 ἐτῶν
603 548 696 603 διὰ
746 555 840 607 τὴν
895 550 1232 622 πολυπειρίαν
1288 550 1468 604 αὐτοῦ.
1515 552 1644 603 Τινὰ
1691 545 1751 602 δε

155 651 254 693 τῶν
307 641 419 711 (7t)
473 639 797 715 ἀντιγράφων
836 642 1230 713 τεσσαράκοντα
1271 641 1582 715 γράφουσιν,
1626 641 1749 712 ὅπερ

157 726 303 783 δοκεῖ
328 729 708 803 ἀκριϐέστερον.

227 905 377 960 Εἶπεν
429 939 497 948 -
551 907 676 969 εἰμι.
727 907 814 969 Ὠς
881 911 1029 970 Θεός.
1086 912 1186 961 Καὶ
1243 906 1337 959 οὐκ
1395 903 1553 974 εἶπεν,
1615 904 1750 977 Ἐγώ

153 999 315 1068 ἤμην,
393 995 498 1048 ἀλλ’
559 997 689 1067 Ἐγώ
741 997 849 1069 εἰμι
891 999 916 1049 6
977 995 1056 1049 ἀεὶ
1117 1001 1204 1047 ὤν.
1237 999 1306 1048 Τὸ
1332 998 1421 1061 μεν
1470 992 1558 1046 οὖν
1615 998 1752 1066 γενέ-

156 1087 282 1138 σθαι
342 1089 692 1138 κτιστοῦθτό
786 1082 845 1138 δε
910 1085 1030 1158 Εἰμὶ
1110 1083 1359 1137 ἀκτίστου
1409 1085 1426 1156 [
1482 1089 1572 1137 καὶ
1633 1086 1750 1156 (72)

152 1179 371 1227 κτίστου

225 1264 391 1339 Ἦραν
428 1291 483 1304 -
532 1263 710 1316 αὐτόν.
767 1267 833 1317 Οἱ
867 1272 1050 1336 ταχεῖς
1090 1267 1218 1337 πρὸς
1246 1268 1392 1335 φόνον
1424 1284 1436 1296 ο
1467 1262 1748 1336 Ἠγρίαναν

153 1355 254 1426 γὰρ
305 1349 548 1416 δόξαντες
599 1351 914 1425 ὑϐρισθῆναι
957 1357 1044 1405 τόν
1102 1352 1339 1428 Ἀϐραὰμ
1382 1370 1394 1382 ⁸
1429 1353 1540 1424 ἄμα
1568 1349 1749 1405 δὲκαὶ

151 1447 358 1514 γνόντες
387 1444 466 1495 ὅτι
497 1439 775 1501 ἀιδιότητα
813 1450 946 1496 Θεοῦ
970 1443 1299 1515 περιτίθησιν
1326 1441 1508 1512 ἑαυτῷ.

226 1621 432 1682 Ἰησοῦς
489 1617 548 1674 δε
595 1620 812 1695 ἐκρύϐη.
857 1623 1108 1694 Ἀόρατος
1164 1620 1342 1682 αὐτοῖς
1403 1625 1626 1679 κατέστη
1681 1628 1742 1692 τῇ

151 1711 367 1784 ὶξουσίᾳ
396 1719 487 1772 τῆς
526 1713 786 1772 θεότητος.

227 1804 326 1854 Καὶ
359 1803 518 1875 ἱεροῦ.
545 1806 656 1854 Ἵνα
683 1799 986 1859 κατασταλῆ
1021 1801 1046 1852 6
1081 1801 1243 1872 θυμός
1271 1799 1460 1854 αὐτῶν.

222 1978 438 2032 Διελθὼν
467 2010 536 2018 -
565 1979 754 2032 αὐτῶν.
810 1984 896 2037 Μὴ
941 1979 1239 2050 ἰσχυόντων
1271 1975 1400 2031 ἰδεῖν
1441 1978 1612 2034 αὐτόν.
1649 1985 1747 2035 Καὶ

149 2066 299 2122 διατι
349 2068 444 2120 οῦκ
501 2067 733 2131 ἐξέλυσεν
764 2068 931 2120 αὐτῶν
971 2073 1064 2126 τὴν
1115 2064 1336 2139 δύναμιν
1379 2073 1468 2120 καὶ
1526 2076 1753 2140 φανερῶς

149 2157 455 2230 ἀνεχώρησε
476 2174 489 2223 ;
523 2163 665 2210 Διότι
681 2159 790 2210 οὔθ’
813 2159 973 2218 οὕτως
995 2157 1197 2229 ἔμελλον
1226 2160 1508 2211 πιστεύειν.
1533 2160 1744 2230 Καὶγάρ

149 2247 200 2300 ἐν
228 2255 297 2318 τῷ
325 2254 491 2320 καιρῷ
522 2255 614 2298 τοῦ
675 2249 879 2308 Πάθους
924 2249 1138 2308 ὑπτίους
1169 2248 1280 2316 (⁸73)
1333 2246 1517 2306 αὐτοὺς
1545 2246 1741 2321 ἔρριψε,

147 2343 240 2389 καὶ
269 2340 362 2389 τὰς
383 2336 523 2406 ὄψεις
554 2336 722 2388 αὐτῶν
745 2334 1004 2399 ὶσκότισε,
1047 2341 1136 2388 καὶ
1166 2336 1258 2388 οὐκ
1289 2333 1619 2390 ἐπίστευσαν,
1643 2336 1742 2388 06-

150 2421 238 2477 δεν
267 2426 365 2496 γὰρ
397 2431 576 2496 χεῖρον
605 2423 794 2496 ψυχῆς
826 2423 1204 2495 ἀπεγνωκυίας.
1263 2422 1368 2476 Κᾶν
1414 2427 1516 2498 γὰρ
1551 2431 1745 2496 σημεῖα

146 2511 267 2587 ἴδη,
294 2512 388 2566 κᾶν
419 2518 627 2588 τέρατα,
657 2518 794 2586 μένει
824 2518 917 2572 τὴν
944 2514 1105 2572 αὐτὴν
1149 2517 1354 2587 ἔχουσα
1382 2513 1534 2567 πάλιν
1563 2513 1744 2566 αναισ-

145 2608 390 2676 χυντίαν.

225 2697 322 2746 Καὶ
351 2701 583 2766 παρῆγεν
604 2693 788 2754 οὕτως.
819 2692 1090 2756 Ἐϐάδιζεν
1129 2695 1306 2760 οὕτως,
1341 2699 1413 2767 μὴ
1447 2697 1743 2767 φαινόμενος

145 2782 344 2844 αὐτοῖς.

399 2877 544 2925 ΚΕΦ.
587 2869 640 2926 Ι’.
668 2877 791 2945 Περὶ
819 2879 910 2925 τοῦ
950 2871 1005 2926 ἔκ
1042 2882 1247 2944 γενετῆς
1275 2871 1490 2945 τυφλοῦ.

220 2965 321 3014 Καὶ
350 2991 419 3000 —
446 2969 670 3032 γενετῆς.
698 2960 920 3014 Βεϐαιῶν
949 2961 985 3014 ἀ
1013 2958 1140 3026 εἷπε,
1171 2967 1261 3014 καὶ
1290 2964 1628 3034 πιστούμενος
1662 2964 1741 3013 ὃτι

1861 548 2044 606 ferme
2101 563 2233 604 esse
2283 548 2890 622 quinquagenarium,
2969 552 3212 620 propter
3264 548 3516 604 multam

1860 639 1993 711 ejus
2036 639 2310 710 peritiam
2359 643 2416 694 et
2459 638 2906 710 experientiam.
2977 637 3259 703 Quaedam
3316 644 3516 694 autem

1861 727 2227 799 exemplaria
2295 726 2536 792 habent,
2585 727 3016 799 quadraginta,
3060 726 3237 800 .quod
3286 726 3519 783 videtur

1861 832 1988 872 esse
2018 817 2229 872 verius.

1931 906 2092 960 Vers.
2173 909 2257 962 58.
2312 905 2484 962 Dixit
2549 936 2618 945 —
2683 920 2832 960 sum.
2865 907 3178 977 Tanquam
3222 905 3396 960 Deus.
3454 905 3519 960 Et

1859 1009 1974 1050 non
2028 995 2196 1059 dixit,
2258 997 2378 1064 Ego
2420 1010 2584 1050 eram
2627 994 2805 1065 ;sed,
2855 994 2981 1064 Ego
3005 1009 3154 1061 sum,
3211 994 3310 1065 qui
3365 1009 3522 1050 sem-

1857 1100 1964 1154 per
1995 1101 2151 1139 sum.
2183 1085 2322 1141 Fieri
2352 1084 2644 1156 siquidem
2674 1083 2756 1139 rei
2788 1089 2999 1139 creatas
3029 1087 3148 1152 est;
3177 1085 3323 1140 Sum
3355 1099 3516 1147 vero,

1856 1172 2133 1229 increatae
2195 1179 2251 1229 et
2278 1179 2509 1229 creatas.

1929 1265 2091 1318 Vers.
2127 1264 2211 1319 59.
2254 1265 2544 1319 Tulerunt
2582 1295 2644 1304 —
2677 1279 2826 1319 eum.
2851 1262 3097 1319 Veloces
3161 1262 3238 1318 ad
3269 1261 3513 1319 caedem.

1859 1353 2197 1424 Exasperati
2231 1359 2369 1408 sunt
2421 1353 2580 1408 enim
2630 1358 2908 1422 putantes
2955 1352 3172 1422 injuria
3235 1351 3515 1409 affectum

1858 1458 1990 1498 esse
2048 1443 2351 1499 Abraham
2404 1460 2418 1495 :
2461 1442 2636 1498 simul
2684 1442 2880 1507 etiam,
2940 1442 3042 1498 ubi
3095 1441 3517 1513 cognovissent

1857 1531 2022 1604 quod
2053 1533 2151 1586 Dei
2183 1531 2563 1587 aeternitatem
2598 1532 2709 1586 sibi
2741 1531 3087 1587 vindicaret.

1931 1621 2096 1677 Vers.
2127 1623 2217 1679 59.
2248 1623 2408 1676 Jesus
2447 1628 2640 1676 autem
2665 1623 2994 1677 occultatus
3035 1627 3136 1676 est.
3167 1621 3276 1676 Per
3304 1621 3516 1676 divini-

1859 1713 1991 1768 tatis
2017 1711 2345 1785 potentiam
2375 1711 2684 1767 invisibilis
2736 1712 2822 1767 eis
2856 1711 3122 1767 effectus.

1783 1821 1824 1876 Β
1932 1803 2094 1856 Vers.
2123 1802 2211 1856 59.
2255 1802 2333 1857 Et
2363 1833 2430 1842 —
2479 1800 2704 1870 templo.
2765 1803 2832 1856 Ut
2888 1800 3124 1856 illorum
3159 1801 3392 1856 sedaret
3425 1799 3512 1856 fu-

1859 1906 2053 1947 rorem
2065 1931 2076 1942 .

1931 1981 2095 2036 Vers.
2123 1985 2208 2036 59.
2243 1979 2642 2037 Pertransiens
2687 2009 2752 2020 -—
2782 1979 3042 2035 illorum.
3077 1980 3219 2035 Cum
3253 1978 3334 2034 illi
3375 1994 3512 2034 eum

1858 2070 2056 2126 videre
2100 2086 2219 2125 non
2265 2074 2534 2142 possent.
2600 2071 2664 2124 Et
2704 2085 2890 2140 quare
2922 2084 3044 2124 non
3103 2068 3366 2124 dissolvit
3398 2067 3517 2124 illo-

1855 2175 1990 2215 rum
2021 2159 2319 2223 virtutem,
2353 2165 2410 2214 et
2471 2157 2786 2213 manifeste
2860 2157 3102 2213 recessit
3145 2157 3174 2211 i’
3219 2158 3364 2223 Quia
3407 2173 3516 2213 nec

1857 2249 1941 2304 sic
1989 2248 2267 2304 credituri
2340 2252 2529 2303 erant.
2607 2245 2831 2301 Etenim
2880 2251 3150 2317 tempore
3207 2246 3513 2317 passionis

1854 2339 2104 2411 supinos
2136 2338 2268 2394 illos
2298 2337 2529 2408 deiecit,
2579 2351 2910 2407 eorumque
2973 2341 3244 2407 aspectus
3301 2335 3515 2391 obscu-

1852 2430 2023 2495 ravit,
2069 2435 2125 2484 et
2171 2444 2293 2484 non
2344 2427 2740 2482 crediderunt.
2796 2428 2944 2481 Nam
2999 2425 3202 2481 anima
3253 2425 3514 2497 reproba

1853 2519 2002 2574 nihil
2029 2524 2115 2574 est
2145 2519 2318 2591 pejus
2348 2533 2360 2572 :
2394 2516 2525 2572 licet
2554 2515 2712 2572 enim
2755 2515 2930 2584 signa
2973 2515 3172 2571 videat
3209 2531 3280 2570 ac
3312 2513 3512 2586 prodi—

1853 2609 1967 2678 gia,
1997 2625 2164 2663 suam
2198 2611 2395 2664 tamen
2428 2620 2666 2677 semper
2695 2604 2907 2659 retinet
2935 2602 3401 2675 impudentiam.

1923 2698 2087 2754 Vers.
2123 2698 2193 2754 59
2234 2698 2312 2753 Et
2341 2698 2428 2753 ita
2453 2694 2814 2767 praeteribat.
2857 2693 3226 2750 Ambulabat
3259 2693 3359 2760 ita,
3391 2707 3514 2749 non

1851 2803 2148 2861 apparens
2183 2786 2318 2842 illis.

2209 2877 2360 2933 CAP.
2391 2877 2456 2930 Χ.
2491 2876 2570 2930 De
2597 2890 2731 2929 caeco
2760 2890 2798 2928 a
2824 2873 3152 2929 nativitate.

1922 2969 2061 3039 Cap.
2111 2967 2208 3022 IX.
2266 2967 2406 3022 Vers
2445 2971 2490 3020 1.
2542 2965 2618 3019 Et
2662 2993 2732 3004 -—-
2762 2963 3091 3018 nativitate.
3144 2960 3517 3017 Confirman-

146 3054 271 3110 Θεός
319 3049 480 3114 ἐστιν,
538 3050 687 3110 εὐθὺς
718 3052 931 3123 ἔρχεται
979 3049 1062 3102 ἐπὶ
1117 3053 1292 3122 θαῦμα
1343 3055 1612 3122 μέγιστον,
1652 3055 1740 3101 καὶ

1869 3056 1948 3120 in,
1998 3055 2163 3128 quod
2227 3056 2476 3118 dixerat,
2531 3053 2834 3124 ﬁdemque
2865 3052 3109 3116 faciens,
3149 3051 3314 3123 quod
3359 3051 3514 3106 Deus

145 3145 302 3207 μήπω
385 3143 558 3211 μέχρι.
598 3143 714 3191 τότε
767 3143 1054 3211 γενόμενον.
1113 3137 1306 3211 Τυφλοὶ
1354 3143 1443 3210 μὲν
1494 3143 1596 3212 γὰρ
1653 3143 1741 3190 καὶ

145 3227 292 3280 ἄλλοι
349 3226 626 3297 ἀνέϐλεψαν
671 3243 683 3256 ⁸
726 3226 915 3298 τυφλός
969 3224 1028 3280 δε
1086 3226 1133 3279 ἐν
1181 3237 1387 3298 γενετῆς
1418 3230 1528 3298 (74)
1568 3223 1740 3288 οὐδεὶς

143 3319 277 3390 ἄχρι
297 3324 431 3370 τότε.
471 3319 558 3368 Διὸ
587 3320 677 3367 καὶ
704 3313 992 3386 ἀναϐλέψας
1023 3315 1188 3387 ἔλεγεν
1239 3335 1252 3348 ·
1289 3317 1374 3369 Ἐκ
1405 3325 1495 3368 τοῦ
1554 3317 1742 3376 αἰῶνος

142 3407 234 3459 οὐκ
265 3407 502 3464 ἠκούσθη
529 3406 608 3456 ὅτι
655 3404 826 3466 ἤνοιξε
849 3423 925 3465 τις
963 3404 1256 3477 ὀφθαλμοὺς
1283 3406 1476 3477 τυφλοῦ
1504 3423 1740 3477 γεγεννη-

143 3498 318 3568 μένου.

220 3766 318 3814 Καὶ
376 3791 443 3802 -
493 3763 711 3833 γεννηθῇ
745 3761 1071 3837 ;Ἐρωτῶσιν
1137 3762 1241 3834 οὐχ
1296 3764 1365 3824 ὡς
1413 3769 1567 3815 τοῦτο
1616 3764 1742 3815 πάν-

141 3869 240 3911 τως
295 3851 324 3910 ἡ
386 3851 545 3902 ἐκεῖνο
610 3850 1074 3924 ὑπολαμϐάνοντες,
1129 3853 1362 3926 καθάπερ
1417 3854 1466 3904 οἱ
1531 3850 1741 3911 ἀνόητοι

143 3937 396 3993 Ἰουδαῖοι
423 3954 438 3969 ⁹
464 3944 521 3993 τὸ
550 3943 642 4011 μὶν
691 3942 792 4014 γὰρ
851 3941 1099 4014 ἁμαρτεῖν
1150 3945 1248 4014 πρὸ
1309 3948 1401 3994 τοῦ
1430 3943 1741 4013 γεννηθῆναι

141 4025 421 4097 ἀδύνατον,
454 4033 512 4081 τό
543 4025 603 4082 δὲ
627 4031 754 4104 ὑπερ
786 4038 886 4082 τῶν
913 4035 1102 4101 γονέων
1146 4029 1462 4092 κολάζεσθαι
1513 4027 1699 4084 ἄδικον
1724 4047 1736 4061 ο

139 4117 248 4170 ἀλλ’
280 4121 423 4170 ἔστιν
457 4119 482 4171 6
510 4123 706 4181 σκοπός
754 4126 845 4172 τοῦ
874 4118 1031 4190 λόγου
1055 4127 1309 4180 τοιοῦτος.
1366 4119 1424 4172 Ὀ
1449 4123 1538 4192 μεν
1570 4123 1740 4194 παροξ-

136 4207 290 4269 λυτος
321 4204 415 4260 διὰ
457 4210 549 4269 τὰς
594 4207 851 4280 ἁμαρτίας
903 4210 1062 4260 αὐτοῦ
1117 4209 1342 4276 ἠσθένει,
1401 4210 1574 4269 καθὼς
1639 4207 1744 4261 ἐκεῖ

137 4298 512 4369 μεμαθήκαμεν
563 4315 578 4331 σ
628 4301 746 4369 περὶ
796 4300 976 4349 τούτου
1018 4293 1076 4349 δὲ
1131 4297 1242 4365 (⁸75)
1283 4302 1336 4348 τί
1387 4297 1550 4368 λέγεις
1592 4313 1606 4363 ;
1657 4301 1742 4358 Τίς

1849 3150 2006 3200 esset
2046 3144 2244 3198 statim
2319 3143 2480 3198 venit
2532 3142 2607 3196 ad
2656 3140 3011 3196 miraculum
3066 3141 3422 3204 maximum,
3457 3145 3514 3195 et

1850 3249 2040 3305 usque
2071 3233 2145 3288 ad
2177 3233 2234 3287 id
2263 3232 2548 3303 temporis
2579 3244 2894 3300 nunquam
2927 3228 3170 3284 factum.
3204 3229 3511 3300 Siquidem

1849 3327 1906 3377 et
1951 3321 2048 3376 alii
2090 3321 2230 3376 caeci
2272 3320 2466 3375 visum
2523 3323 2890 3388 receperunt,
2933 3332 3137 3372 verum
3173 3317 3273 3389 qui
3325 3333 3359 3372 a
3409 3331 3512 3372 na-

1849 3409 2071 3467 tivitate
2124 3426 2316 3465 caecus
2370 3409 2595 3474 fuisset,
2647 3405 2847 3461 nullus
2914 3421 3104 3476 usque
3135 3405 3212 3460 ad
3259 3405 3318 3459 id
3372 3409 3516 3460 tem-

1849 3516 1982 3573 pus.
2018 3499 2155 3554 ldeo
2205 3498 2405 3563 etiam,
2465 3497 2568 3569 qui
2599 3495 2796 3550 visum
2856 3495 2924 3565 (j)
2955 3493 3192 3564 recepit,
3227 3493 3464 3548 dicebat
3495 3493 3510 3536 ε

1848 3591 1896 3645 Α
1931 3588 2144 3644 saeculo
2182 3602 2298 3641 non
2361 3591 2441 3642 est
2483 3585 2775 3648 auditum,
2830 3583 2986 3654 quod
3035 3581 3332 3652 aperuerit
3363 3582 3515 3654 quis-

1847 3678 2008 3748 piam
2042 3677 2232 3732 oculos
2255 3675 2389 3732 θεοί
2440 3675 2572 3730 ηαιί
2619 3675 2687 3727 ⁸ο.

1922 3770 2088 3822 Vers.
2163 3769 2214 3820 2.
2274 3766 2353 3822 Et
2401 3769 2726 3820 nasceretur
2772 3762 2801 3819 ?
2867 3759 3334 3831 Interrogabant,
3389 3775 3510 3817 non

1850 3856 2015 3928 quod
2066 3855 2178 3911 hoc
2209 3860 2312 3911 aut
2340 3853 2488 3909 illud
2515 3851 2764 3909 omnino
2787 3850 3252 3922 suspicarentur,
3311 3866 3514 3922 quem-

1850 3944 2182 4001 admodum
2249 3943 2596 4014 insipientes
2669 3940 2906 4005 Judaei;
2956 3955 3100 3995 nam
3162 3939 3322 3995 hunc
3380 3955 3514 4010 pec-

1851 4049 2038 4097 casse,
2112 4037 2439 4104 antequam
2497 4035 2675 4087 natus
2744 4033 2916 4093 esset,
2968 4027 3342 4098 impossibile
3390 4032 3514 4083 erat

1851 4138 2029 4194 porro
2055 4137 2162 4193 pro
2207 4121 2558 4192 parentibus
2626 4118 2824 4190 puniri
2856 4117 3146 4187 injustum
3187 4132 3201 4180 ;
3245 4115 3346 4170 sed
3378 4115 3512 4172 ﬁnis

1851 4211 2146 4266 sermonis
2200 4209 2328 4264 talis
2385 4214 2493 4264 est.
2547 4206 2911 4276 Paralyticus
2968 4203 3212 4275 quidem
3272 4209 3514 4275 propter

1850 4303 2098 4370 peccata
2137 4314 2246 4352 sua
2293 4296 2645 4364 aegrotabat,
2705 4295 2855 4348 sicut
2894 4292 2974 4347 ibi
3020 4291 3341 4346 didicimus
3379 4307 3392 4346 :
3437 4291 3511 4346 de

140 4386 390 4457 ἥμαρτεν,
447 4384 592 4444 οὗτος
629 4384 659 4442 ἦ
712 4386 760 4436 οἱ
803 4391 972 4454 γονεῖς
1039 4383 1196 4435 αὐτοῦ
1253 4386 1446 4456 ςήμεῖς
1476 4386 1578 4457 γὰρ
1626 4385 1741 4436 οὔτε

1869 4403 1966 4442 10c
1998 4392 2218 4446 autem.
2289 4385 2431 4442 quid
2493 4383 2642 4438 dicis
2690 4382 2718 4437 ?
2764 4383 2901 4450 Quis
2947 4382 3227 4449 peccavit,
3287 4379 3403 4444 hic,
3435 4395 3508 4437 an

137 4477 294 4523 τοῦτο
315 4474 432 4523 όῦτε
461 4470 618 4524 ἐκεῖνο
650 4467 919 4544 δυνάμεθα
956 4471 1138 4543 λέγειν,
1174 4471 1426 4532 παντελῶς
1458 4470 1742 4546 ἔξαποροῦο

137 4578 305 4634 μενοι.

212 4746 262 4782 ’θ
280 4745 455 4803 Joan.
486 4761 564 4816 Ix,
597 4747 683 4802 32.

1847 4482 2116 4546 parentes
2149 4477 2274 4544 ejus
2312 4473 2341 4528 ?
2390 4489 2501 4529 nos
2532 4472 2693 4527 enim
2722 4485 2916 4542 neque
2955 4469 3086 4531 hoc.
3141 4483 3336 4540 neque
3366 4467 3511 4524 illud

1851 4563 2044 4620 dicere
2096 4579 2440 4636 possumus,
2491 4560 2742 4617 omnino
2772 4557 3103 4616 conturbati
3134 4556 3508 4630 consilioque

1851 4653 2133 4710 destituti.

1345 4847 1568 4916 Variae
1598 4847 1928 4917 lectiones
1961 4860 2026 4917 et
2067 4857 2268 4918 notae.

207 4989 320 5060 (Τί)
342 4988 572 5045 Scilicet
601 4987 1034 5115 Cbrzsostomi,
1059 4989 1162 5061 qui
1183 4989 1467 5046 audacter
1494 4991 1576 5047 ita
1604 5006 1728 5046 cor-

207 5061 302 5115 xit.
354 5061 494 5115 Vide
537 5065 678 5115 tom.
763 5061 852 5115 Ill.
887 5076 1024 5115 οειίτ.
1063 5064 1192 5115 324.
1235 5062 1728 5115 Cherostomum

135 5061 302 5134 rexit.
354 5061 494 5117 Vide
537 5065 678 5117 tom.
710 5061 852 5134 νιιι,
884 5064 1192 5134 pag._324.
1235 5062 1731 5134 Chrysostomum

133 5131 402 5204 sequitur
429 5148 583 5189 unus
599 5148 670 5189 ex
687 5131 996 5204 codicibus
1021 5131 1478 5204 Mosquensibus
1501 5134 1730 5190 N.Test.

136 5201 319 5276 mgni
353 5207 439 5258 est
461 5219 592 5276 cum
638 5203 902 5259 scholiis.
945 5201 1248 5270 Origenes,
1302 5204 1405 5276 qui
1437 5209 1584 5260 tom.
1629 5207 1729 5270 ΧΧ,

133 5273 194 5328 in
217 5273 505 5329 Joannem
539 5274 668 5330 haec
697 5276 838 5330 data
874 5291 1057 5347 opera
1110 5273 1546 5345 interpretatur,
1570 5276 1733 5332 hunc

134 5361 376 5400 versum
433 5351 623 5401 totum
687 5347 1085 5416 praetermisit.
1133 5352 1458 5404 Πεντήκοντα
1492 5353 1733 5402 servant

133 5414 333 5473 Cvrill.
369 5423 406 5472 t.
442 5417 547 5473 1V.
583 5433 638 5473 ο.
675 5418 775 5472 585
803 5419 862 5471 Ο.
899 5434 912 5473 2
947 5418 1372 5473 Theoohvlact.
1409 5434 1466 5473 ο.
1508 5421 1613 5473 690
1649 5421 1686 5473 Ε
1717 5435 1730 5473 :

177 5423 333 5488 yrill.
369 5423 406 5472 t.
442 5423 547 5482 1V,

177 5503 388 5562 everus
427 5489 485 5543 in
518 5490 740 5544 Catena
792 5488 1072 5556 Corderii,
1114 5488 1307 5562 p.243

176 5559 508 5616 robatiores
538 5574 763 5616 omnes.

583 5433 638 5487 p.
675 5418 775 5472 585
803 5419 862 5471 C.
899 5434 912 5483 ;
947 5418 1372 5490 Theophylact.
1409 5434 1466 5490 p.
1508 5421 1613 5474 690
1649 5421 1686 5473 E
1717 5435 1730 5483 ;

583 5494 740 5544 Ltena
792 5488 1072 5546 Corderii.
1116 5505 1173 5546 ο.
1206 5490 1307 5546 243
1361 5508 1372 5546 :
1410 5495 1465 5546 et
1493 5489 1730 5546 codices

206 5737 286 5808 (j)
319 5737 429 5807 Qui
458 5737 666 5795 visum.
703 5739 866 5795 Forte
897 5737 1060 5810 legit,
1093 5734 1178 5795 διὸ
1217 5743 1306 5792 καὶ
1334 5739 1360 5792 6
1414 5738 1726 5816 ἀναϐλέψας.

1909 4993 2022 5063 (72)
2057 4991 2291 5049 Inclusa
2331 4990 2551 5063 absunt
2597 4991 2663 5046 Α.
2699 4991 2953 5052 Κτίστης,
2985 4984 3296 5058 quomodo
3327 4986 3506 5063 etiam

1844 5060 2186 5119 Eustathius
2221 5062 2434 5127 scribit,
2467 5063 2572 5134 qui
2629 5077 2769 5118 cum
2829 5065 3013 5134 κτίτης
3039 5060 3371 5129 comparat.
3395 5073 3506 5134 pro

1843 5135 2208 5190 substantivo
2243 5129 2504 5208 accipio;
2546 5149 2685 5198 non,
2753 5137 2812 5188 ut
2863 5133 3172 5202 interpres,
3207 5143 3316 5199 pro
3345 5129 3506 5186 adie-

1845 5209 2023 5262 ctivo.

1915 5279 1965 5349 (‘7
1974 5278 2027 5350 3)
2047 5280 2066 5333 Ι
2075 5283 2131 5334 ta
2157 5276 2507 5349 plerumque
2523 5275 2983 5346 Chrysostomus
3001 5277 3256 5335 oratorie
3275 5277 3503 5341 laudat,

1841 5349 2014 5404 Joan.
2049 5365 2206 5404 xvm.
2240 5353 2292 5411 6,
2315 5352 2498 5402 ἔπεσον
2529 5354 2728 5420 χαμαί.

1912 5421 2247 5486 (74)Γεννητῆ
2259 5441 2302 5481 ς.

1916 5491 2028 5561 (75)
2053 5495 2113 5544 Δὶ
2143 5491 2313 5548 abest
2353 5498 2418 5545 Α.
