4088 6438
173 345 316 403 1305

1258 344 1604 403 COMMENT
1643 346 1712 403 IN
1749 345 2099 403 JOANNEM.
2141 377 2210 388 -
2247 347 2404 402 CAP.
2448 343 2544 402 IX.

3397 345 3419 400 1
3432 345 3538 402 306

246 477 347 527 Καὶ
377 504 446 513 -
473 471 702 545 ἕὼρακας
728 488 742 539 ;
767 471 955 546 ⁸’ῼνοντο
981 473 1084 544 γὰρ
1115 471 1268 524 αὑτὸν
1298 470 1453 543 ἐγγὺς
1481 469 1610 525 εἶναι
1648 491 1758 525 πεν-

1950 472 2114 526 Vers.
2148 473 2236 527 57.
2264 471 2436 525 Et—
2486 470 2686 527 vidisti
2738 468 2766 525 7
2819 468 3116 526 Putabant
3178 468 3337 525 enim
3394 485 3534 526 eum

172 567 399 622 τήκοντα
449 561 570 614 ἐτῶν
620 559 714 614 διὰ
763 566 857 618 τὴν
912 561 1249 633 πολυπειρίαν
1305 561 1485 615 αὐτοῦ.
1532 563 1660 614 Τινὰ
1709 557 1768 613 δε

173 661 271 704 τῶν
325 653 436 722 (7t)
490 651 814 726 ἀντιγράφων
854 653 1248 724 τεσσαράκοντα
1287 652 1600 726 γράφουσιν,
1643 652 1766 722 ὅπερ

175 737 320 794 δοκεῖ
345 740 725 814 ἀκριϐέστερον.

245 916 394 971 Εἶπεν
446 949 514 959 -
569 919 694 981 εἰμι.
743 918 832 980 Ὠς
898 922 1046 980 Θεός.
1103 923 1202 972 Καὶ
1260 917 1354 970 οὐκ
1412 913 1570 985 εἶπεν,
1633 915 1768 988 Ἐγὼ

171 1010 332 1079 ἤμην,
410 1006 515 1060 ἀλλ’
577 1008 706 1078 Ἐγώ
759 1007 866 1080 εἰμι
908 1010 934 1060 ὁ
994 1006 1073 1060 ἀεὶ
1135 1012 1221 1058 ὧν.
1254 1010 1324 1059 Τό
1349 1009 1438 1073 μεν
1487 1003 1575 1058 οὖν
1633 1009 1769 1077 γενί-

173 1098 299 1148 σθαι
359 1101 709 1149 κτιστοῦ·τό
803 1093 862 1150 δε
927 1097 1048 1169 Εἰμὶ
1127 1094 1377 1148 ἀκτίστου
1427 1097 1444 1167 [
1499 1099 1589 1148 καὶ
1651 1096 1767 1166 (72)

170 1191 388 1238 κτίστου

243 1274 408 1350 Ἦραν
446 1302 500 1315 --
550 1274 726 1327 αὐτόν.
785 1278 850 1328 Οἱ
884 1282 1068 1348 ταχεῖς
1107 1278 1235 1348 πρὸς
1263 1279 1410 1346 φόνον
1441 1295 1453 1308 ο
1484 1273 1765 1348 Ἠγρίαναν

170 1366 272 1437 γὰρ
322 1361 566 1427 δόξαντες
617 1363 932 1436 ὑϐρισθῆναι
974 1369 1060 1416 τόν
1120 1363 1356 1438 Ἀϐραὰμ
1399 1381 1410 1392 ⁸
1446 1364 1557 1435 οἶμα
1585 1360 1644 1416 δὲ
1677 1367 1766 1416 καὶ

169 1458 375 1525 γνόντες
405 1455 483 1506 ὅτι
513 1449 792 1512 ἀιδιότητα
830 1461 963 1507 Θεοῦ
987 1455 1316 1526 περιτίθησιν
1343 1453 1526 1523 ἑαυτῷ,

243 1632 450 1693 Ἰησοῦς
507 1629 566 1686 δε
613 1631 828 1706 ἐκρύϐη.
875 1633 1125 1706 Ἀόρατος
1182 1631 1360 1693 αὐτοῖς
1420 1635 1643 1690 κατέστη
1698 1639 1760 1702 τῇ

169 1722 384 1794 ἐξουσίᾳ
413 1730 504 1782 τῆς
543 1723 803 1782 θεότητος.

244 1815 343 1864 Καὶ
377 1813 535 1886 ἱεροῦ.
561 1817 672 1864 Ἵνα
699 1809 1004 1870 κατασταλῆ
1039 1813 1064 1863 ὁ
1098 1813 1260 1882 θυμός
1288 1810 1478 1865 αὐτῶν.

239 1989 455 2042 Διελθών
484 2021 553 2029 -
581 1989 772 2042 αὐτῶν.
827 1995 913 2048 Μὴ
959 1989 1257 2062 ἰσχυόντων
1289 1986 1417 2042 ἰδεῖν
1458 1989 1630 2045 αὐτόν.
1667 1995 1764 2046 Καὶ

166 2077 316 2133 διατί
367 2079 462 2131 οὐκ
518 2077 750 2142 ἐξέλυσεν
781 2079 948 2132 αὐτῶν
988 2084 1081 2137 τὴν
1132 2075 1353 2150 δύναμιν
1397 2083 1485 2132 καὶ
1543 2087 1770 2151 φανερῶς

165 2168 472 2241 ἀνεχώρησε
493 2185 506 2234 ;
540 2173 682 2221 Διότι
699 2170 808 2222 οὔθ’
830 2169 990 2229 οὕτως
1011 2167 1214 2240 ἔμελλον
1243 2170 1525 2222 πιστεύειν.
1550 2171 1761 2241 Καὶγὰρ

166 2258 217 2311 ἐν
245 2267 314 2329 τῷ
343 2265 508 2331 καιρῷ
539 2265 632 2310 τοῦ
693 2259 896 2319 [Ιοίθους
941 2260 1154 2318 ὑπτίους
1187 2258 1298 2327 (73)
1351 2257 1534 2318 αὐτοὺς
1563 2257 1758 2332 ξόῥιψε,

164 2353 256 2400 καὶ
286 2351 379 2400 τὰς
400 2347 540 2418 ὄψεις
572 2347 738 2399 αὐτῶν
762 2345 1022 2411 ὶσκότισε,
1063 2352 1153 2399 καὶ
1183 2347 1275 2399 οὐκ
1306 2345 1636 2401 ἐπίστευσαν.
1660 2347 1759 2399 Οὖ-

167 2432 255 2488 δεν
284 2438 382 2508 γὰρ
415 2442 592 2507 χεῖρον
622 2434 811 2506 ψυχῆς
843 2434 1221 2506 ἁπεγνωκυίας.
1280 2433 1385 2488 Κᾶν
1431 2438 1533 2508 γὰρ
1568 2442 1762 2507 σημεῖα

162 2522 284 2597 ἴδη,
311 2523 405 2577 κᾶν
436 2529 644 2600 τέρατα,
675 2529 812 2598 μένει
841 2529 934 2584 τὴν
961 2525 1123 2584 αὐτὴν
1166 2528 1371 2598 ἔχουσα
1399 2524 1551 2578 πάλιν
1579 2523 1761 2577 ἀναισ-

161 2635 269 2687 χυν
278 2619 407 2669 τίαν.

241 2708 340 2757 Καὶ
368 2711 600 2777 παρῆγεν
622 2704 806 2766 οὕτως.
837 2703 1107 2767 Ἐϐάδιςεν
1147 2706 1323 2771 οὕτως,
1358 2710 1430 2778 μὴ
1465 2709 1760 2778 φαινόμενος

161 2793 362 2854 αὐτοῖς.

416 2888 561 2936 ΚΕΦ.
605 2880 657 2937 1’.
686 2887 809 2956 Περὶ
837 2891 928 2936 τοῦ
967 2883 1023 2936 ἐκ
1059 2893 1264 2955 γενετῆς
1292 2883 1506 2956 τυφλοῦ.

237 2975 338 3025 Καὶ
367 3002 436 3011 -
463 2981 688 3042 γενετῆς.
715 2971 936 3024 Βεϐαιών
966 2971 1002 3024 ἃ
1031 2969 1158 3037 εἶπε,
1189 2977 1278 3025 καὶ
1306 2975 1646 3044 πιστούμενος
1679 2975 1758 3024 ὅτι

1878 559 2062 616 ferme
2117 574 2250 615 esse
2299 559 2907 632 quinquagenarium,
2985 563 3228 630 propter
3281 558 3533 615 multam

1877 650 2010 722 ejus
2053 650 2327 721 peritiam
2377 654 2433 705 et
2477 649 2923 721 experientiam.
2994 647 3276 714 Quaedam
3332 654 3533 704 autem

1879 739 2245 810 exemplaria
2313 737 2553 803 habent,
2603 737 3032 810 quadraginta,
3077 737 3254 810 .quod
3303 737 3536 794 videtur

1878 843 2005 884 esse
2035 828 2246 883 verius.

1948 917 2109 971 Vers.
2190 920 2274 972 58.
2329 917 2502 973 Dixit
2566 947 2635 956 —
2700 918 3194 988 sum.Tanquam
3239 915 3413 970 Deus.
3471 915 3536 971 Et

1875 1020 1991 1061 non
2045 1006 2212 1070 dixit,
2276 1008 2396 1075 Ego
2437 1021 2602 1060 eram
2644 1005 2822 1076 ;sed,
2872 1005 2998 1075 Ego
3022 1020 3170 1072 sum,
3228 1005 3327 1076 qui
3381 1019 3538 1060 sem-

1874 1111 1982 1166 per
2012 1112 2168 1150 sum.
2200 1096 2340 1151 Fieri
2369 1095 2660 1167 siquidem
2691 1094 2774 1150 rei
2805 1100 3016 1150 creatas
3046 1098 3165 1162 est;
3195 1095 3340 1151 Sum
3372 1109 3533 1158 vero,

1873 1183 2150 1240 increatte
2212 1189 2268 1240 et
2295 1190 2526 1240 creatas.

1946 1275 2108 1329 Vers.
2144 1275 2228 1330 59.
2271 1275 2562 1330 Tulerunt
2599 1305 2661 1315 —
2694 1289 2842 1330 eum.
2868 1273 3114 1330 Veloces
3178 1273 3256 1329 ad
3286 1273 3530 1330 caedem.

1877 1364 2214 1434 Exasperati
2248 1369 2386 1419 sunt
2438 1363 2597 1419 enim
2647 1369 2924 1432 putantes
2971 1363 3190 1432 injuria
3253 1361 3532 1420 atl‘ectum

1875 1469 2007 1508 esse
2065 1453 2368 1509 Abraham
2422 1471 2434 1506 :
2478 1452 2652 1508 simul
2701 1453 2898 1518 etiam,
2957 1452 3058 1509 ubi
3112 1452 3534 1523 cognovissent

1875 1542 2040 1615 quod
2070 1543 2168 1597 Dei
2200 1542 2580 1598 aeternitatem
2615 1542 2726 1597 sibi
2759 1542 3104 1598 vindicaret.

1947 1633 2113 1688 Vers.
2144 1633 2234 1689 59.
2265 1634 2426 1687 Jews
2465 1639 2657 1687 autem
2682 1633 3012 1688 occultatus
3052 1637 3153 1687 est.
3184 1632 3293 1686 Per
3321 1631 3534 1687 divini-

1876 1723 2008 1779 tatis
2034 1723 2362 1795 potentiam
2393 1722 2701 1778 invisibilis
2753 1723 2839 1778 eis
2873 1721 3139 1778 effectus.

1801 1832 1842 1886 Β
1948 1813 2112 1867 Vers.
2139 1813 2228 1867 59.
2273 1813 2350 1868 Et
2381 1843 2447 1852 —
2495 1811 2722 1880 (empto.
2782 1814 2850 1867 Ut
2905 1811 3142 1866 illorum
3176 1811 3409 1867 sedaret
3442 1811 3530 1866 fu-

1876 1917 2070 1958 rorem
2081 1942 2093 1953 .

1948 1991 2113 2047 Vers.
2140 1996 2225 2048 59.
2260 1990 2660 2048 Pertransiens
2704 2021 2770 2031 —
2799 1990 3060 2046 illorum.
3095 1991 3237 2046 Cum
3271 1989 3351 2045 illi
3392 2005 3529 2046 eum

1875 2081 2074 2137 videre
2117 2097 2236 2136 non
2283 2084 2551 2152 possent.
2616 2081 2682 2134 Et
2721 2095 2907 2151 quare
2940 2095 3062 2134 non
3121 2079 3384 2135 dissolvit
3415 2079 3534 2134 illo-

1872 2187 2008 2226 rum
2039 2170 2336 2234 virtutem,
2371 2176 2428 2224 et
2488 2168 2803 2224 manifeste
2877 2168 3119 2223 recessit
3163 2167 3191 2222 ?
3237 2169 3381 2234 Quia
3425 2183 3534 2224 nec

1875 2259 1958 2315 sic
2007 2259 2284 2314 credituri
2357 2263 2546 2314 erant.
2625 2256 2849 2312 Etenim
2897 2262 3168 2328 tempore
3224 2257 3530 2328 passionis

1871 2351 2121 2422 supinos
2153 2349 2285 2405 illos
2315 2348 2546 2420 dejecit,
2597 2362 2927 2418 eorumque
2990 2352 3262 2418 aspectus
3318 2346 3532 2402 obscu-

1869 2441 2040 2506 ravit,
2087 2446 2142 2495 et
2189 2455 2311 2494 non
2361 2437 2758 2493 crediderunt.
2813 2439 2960 2492 Nam
3017 2436 3220 2492 anima
3271 2435 3532 2508 reproba

1870 2529 2019 2585 nihil
2047 2535 2133 2585 est
2161 2530 2336 2602 pejus
2366 2544 2378 2582 :
2411 2527 2543 2584 licet
2571 2526 2729 2582 enim
2773 2526 2947 2596 signa
2990 2526 3190 2582 videat
3226 2541 3297 2581 ac
3329 2524 3530 2597 prodi-

1870 2620 1984 2689 gia,
2014 2635 2181 2674 suam
2215 2622 2412 2674 tamen
2445 2631 2684 2688 semper
2712 2615 2924 2670 retinet
2952 2614 3419 2687 impudentiam.

1940 2709 2104 2765 Vers.
2141 2709 2210 2764 59
2251 2709 2329 2764 Et
2358 2709 2445 2764 ita
2470 2705 2831 2778 praeteribat.
2874 2704 3244 2761 Ambulabat
3277 2705 3376 2771 ita,
3409 2718 3531 2760 non

1869 2814 2164 2872 apparens
2199 2797 2336 2853 illis.

2226 2888 2378 2944 CAP.
2409 2887 2474 2942 X.
2508 2887 2587 2941 De
2614 2902 2748 2941 casco
2777 2901 2816 2940 a
2841 2885 3169 2940 nativitate.

1939 2979 2078 3050 Cap.
2128 2979 2226 3032 IX.
2283 2978 2423 3033 Vers
2462 2982 2507 3030 1.
2559 2976 2635 3031 Et
2679 3005 2748 3015 -
2779 2975 3109 3030 nativitate.
3161 2971 3534 3028 Conﬁrman-

162 3065 288 3121 Θεὸς
337 3060 497 3126 ἔστιν,
555 3061 704 3121 εὐθὺς
735 3063 949 3134 ἔρχεται
996 3060 1080 3113 ἐπὶ
1135 3063 1310 3132 θαῦμα
1360 3066 1629 3133 μέγιστον,
1669 3066 1758 3112 καὶ

1886 3067 1966 3132 in,
2015 3066 2181 3139 quod
2245 3067 2493 3130 dixerat,
2547 3065 2852 3135 fidemque
2881 3063 3126 3127 faciens,
3166 3062 3332 3134 quod
3376 3062 3531 3118 Deus

161 3156 319 3218 μήπω
403 3154 574 3222 μέχρι.
616 3154 731 3202 τότε
785 3154 1072 3221 γενόμενον.
1131 3147 1324 3222 Τυφλοὶ
1371 3153 1460 3221 μὲν
1511 3154 1613 3223 γὰρ
1670 3155 1758 3202 καὶ

161 3239 309 3291 ἄλλοι
367 3237 644 3308 ἀνέϐλεψαν
688 3254 700 3267 ·
744 3237 932 3309 τυφλός
987 3235 1045 3291 δε
1103 3237 1151 3290 ἐν
1198 3247 1404 3309 γενετῆς
1435 3240 1545 3310 (74)
1585 3234 1757 3299 οὐδεὶς

160 3330 294 3400 ἄχρι
315 3335 448 3381 τότε.
489 3331 576 3380 Διό
605 3331 695 3378 καὶ
721 3324 1010 3397 ἀναϐλέψας
1041 3327 1206 3398 ἔλεγεν
1257 3347 1269 3359 ·
1306 3328 1391 3380 Ἐκ
1422 3336 1513 3380 τοῦ
1571 3327 1759 3388 αἰῶνος

159 3417 252 3470 οὐκ
283 3417 520 3475 ἠκούσθη
546 3418 626 3467 ὅτι
673 3415 842 3478 ἤνοιξε
867 3434 942 3476 τις
980 3415 1273 3488 ὀφθαλμοὺς
1301 3417 1493 3488 τυφλοῦ
1522 3435 1757 3488 γεγεννηο

160 3524 336 3578 μενον.

237 3776 336 3825 Καὶ
393 3802 460 3813 -
510 3774 729 3844 γεννηθῇ
762 3773 1088 3848 ;Ἑρωτῶσιν
1155 3773 1259 3845 οὐχ
1313 3776 1382 3835 ὡς
1430 3781 1584 3826 τοῦτο
1633 3776 1758 3826 πάν-

157 3881 258 3922 τως
313 3862 342 3920 ἣ
403 3862 562 3914 έκεῖνο
627 3861 1091 3935 ὑπολαμϐάνοντες,
1147 3865 1378 3938 καθάπερ
1434 3866 1483 3916 οἱ
1548 3861 1758 3922 ἀνόητοι

159 3947 414 4004 Ἰουδαῖοι
441 3965 455 3981 '
482 3955 538 4004 τὸ
568 3953 660 4022 μὶν
708 3953 810 4026 γὰρ
869 3952 1116 4024 ἁμαρτεῖν
1167 3956 1266 4025 πρὸ
1326 3960 1418 4006 τοῦ
1448 3955 1758 4024 γεννηθῆναι

158 4036 439 4109 ἀδύνατον,
472 4044 529 4092 τό
561 4037 620 4093 δε
645 4042 772 4116 ὑπερ
804 4049 904 4092 τῶν
931 4046 1119 4113 γονέων
1163 4041 1480 4103 κολάζεσθαι
1531 4039 1716 4095 ἄδικον
1741 4059 1753 4073 ⁸

156 4128 265 4182 ἀλλ’
297 4132 441 4182 ἔστιν
475 4130 500 4182 ὁ
527 4134 723 4192 σκοπός
771 4137 862 4183 τοῦ
891 4129 1049 4202 λόγου
1072 4138 1326 4191 τοιοῦτος.
1383 4130 1441 4183 Ὀ
1466 4135 1555 4203 μὲν
1587 4135 1758 4206 παροξ-

153 4219 308 4280 λυτος
339 4215 432 4271 διὰ
474 4221 567 4280 τὰς
612 4219 868 4292 ἁμαρτίας
920 4221 1080 4271 αὑτοῦ
1135 4221 1359 4287 ἠσθένει,
1419 4222 1591 4281 καθὼς
1657 4219 1761 4272 ἐκεῖ

154 4309 530 4380 μεμαθήκαμεν
581 4326 595 4342 ο
646 4312 763 4380 περὶ
813 4311 994 4360 τούτου
1035 4305 1094 4361 δὲ
1149 4309 1260 4376 (75ὶ
1300 4313 1353 4360 τί
1405 4308 1568 4380 λέγεις
1609 4325 1624 4375 ;
1674 4313 1758 4369 Τίς

1867 3161 2024 3210 esset
2063 3155 2262 3210 statim
2337 3155 2498 3209 venit
2549 3153 2624 3207 ad
2673 3151 3028 3208 miraculum
3084 3153 3440 3216 maximum,
3474 3156 3532 3206 et

1867 3261 2057 3316 usque
2088 3245 2162 3300 ad
2194 3243 2251 3298 id
2281 3243 2565 3314 temporis
2596 3256 2912 3312 nunquam
2944 3239 3187 3295 factum.
3221 3240 3529 3311 Siquidem

1866 3338 1924 3388 et
1969 3333 2066 3388 alii
2107 3331 2247 3388 caeci
2290 3331 2484 3386 visum
2540 3334 2907 3399 receperunt,
2951 3343 3154 3383 verum
3189 3327 3290 3400 qui
3343 3345 3376 3384 a
3426 3343 3530 3384 na-

1866 3421 2088 3478 tivitate
2141 3437 2334 3476 caecus
2387 3420 2612 3484 fuisset,
2665 3416 2864 3472 nullus
2932 3431 3121 3487 usque
3153 3416 3230 3471 ad
3277 3416 3335 3470 id
3389 3420 3533 3471 tem-

1867 3527 2000 3584 pus.
2036 3511 2172 3566 Ideo
2223 3509 2423 3574 etiam,
2482 3508 2586 3580 qui
2617 3506 2814 3561 visum
2874 3506 2942 3576 (j)
2973 3505 3210 3576 recepit,
3244 3503 3482 3560 dicebat
3512 3505 3528 3547 3

1865 3602 1914 3656 A
1948 3599 2161 3656 saeculo
2199 3613 2315 3652 non
2378 3602 2458 3653 est
2500 3596 2792 3659 auditum,
2847 3594 3003 3666 quod
3052 3592 3350 3663 aperuerit
3380 3593 3532 3665 quis-

1864 3689 2025 3760 piam
2059 3689 2250 3744 oculos
2273 3687 2406 3743 caci
2457 3685 2589 3741 nati
2637 3687 2705 3738 ⁸ο.

1939 3781 2106 3833 Vers.
2181 3781 2232 3831 2.
2291 3777 2370 3832 Et
2418 3781 2744 3831 nasceretur
2790 3774 2818 3830 ?
2885 3770 3352 3842 Interrogabant,
3407 3787 3528 3828 non

1867 3867 2032 3939 quod
2083 3867 2195 3922 hoc
2226 3871 2330 3922 aut
2358 3865 2506 3920 illud
2532 3863 2781 3920 omnino
2804 3861 3270 3934 suspicarentur,
3329 3877 3531 3934 quem-

1867 3955 2199 4012 admodum
2266 3954 2614 4026 insipientes
2686 3951 2923 4016 Judaei;
2974 3966 3117 4006 nam
3180 3949 3340 4006 hunc
3397 3965 3532 4020 pec-

1868 4060 2056 4108 casse,
2130 4048 2457 4116 antequam
2515 4047 2692 4098 natus
2761 4044 2934 4104 esset,
2986 4038 3360 4110 impossibile
3408 4043 3532 4094 erat

1868 4149 2047 4206 porro
2073 4149 2179 4205 pro
2225 4132 2576 4203 parentibus
2644 4129 2842 4202 puniri
2875 4129 3163 4198 injustum
3205 4143 3218 4192 ;
3262 4127 3363 4182 sed
3396 4126 3529 4182 ﬁnis

1869 4222 2164 4277 sermonis
2217 4221 2345 4276 talis
2403 4225 2510 4275 est.
2564 4218 2929 4288 Paralyticus
2986 4215 3230 4286 quidem
3289 4219 3531 4286 propter

1867 4314 2116 4381 peccata
2155 4325 2263 4364 sua
2310 4308 2662 4375 tegrotabat.
2723 4306 2873 4360 sicut
2911 4304 2992 4359 ibi
3037 4303 3359 4357 didicimus
3397 4318 3410 4357 :
3455 4303 3528 4358 de

157 4398 407 4468 ἧμαρτεν,
464 4395 610 4454 οὗτος
648 4395 677 4453 ἣ
729 4397 778 4447 οἱ
821 4403 990 4466 γονεῖς
1057 4395 1214 4447 αὐτοῦ
1271 4398 1464 4467 ςὴμείς
1493 4398 1595 4469 γὰρ
1643 4397 1758 4448 οὔτε

1886 4415 1983 4453 ioc
2015 4404 2235 4457 autem.
2306 4396 2448 4454 quid
2511 4395 2659 4450 dicis
2707 4393 2735 4448 ?
2781 4395 2918 4461 Quis
2964 4393 3244 4460 peccavit,
3304 4390 3421 4455 hic,
3452 4406 3525 4448 an

154 4489 312 4534 τοῦτο
333 4485 449 4534 όῦτε
479 4481 636 4535 έκεῖνο
667 4479 936 4556 δυνάμεθα
973 4482 1155 4555 λέγειν,
1192 4483 1444 4544 παντελῶς
1475 4482 1760 4558 ἆξαπορουο

155 4589 322 4644 μενοι.

229 4757 279 4794 ⁸ο
297 4757 472 4814 Joan.
503 4773 582 4827 ix,
615 4758 701 4814 32.

1864 4493 2134 4557 parentes
2166 4488 2291 4556 ejus
2330 4484 2358 4539 ?
2408 4501 2519 4540 nos
2550 4484 2710 4539 enim
2740 4497 2934 4553 neque
2972 4480 3104 4542 hoc.
3159 4495 3353 4551 neque
3384 4478 3528 4535 illud

1868 4575 2061 4631 dicere
2113 4590 2458 4647 possumus,
2509 4572 2759 4628 omnino
2789 4569 3120 4627 conturbati
3151 4567 3526 4642 consilioque

1868 4663 2150 4721 destituti.

1363 4859 1586 4928 Variae
1615 4859 1944 4928 lectiones
1979 4871 2043 4928 et
2085 4867 2286 4929 notas.

224 5001 336 5072 (τί)
359 4999 590 5056 Scilicet
618 4999 1052 5072 Chrysostomi,
1077 5000 1180 5072 qui
1201 5000 1484 5057 audacter
1511 5003 1592 5059 ita
1621 5017 1745 5058 cor-

152 5072 319 5145 rexit.
370 5072 512 5128 Vide
555 5076 696 5128 tom.
728 5072 869 5145 Vill,
901 5088 1042 5145 pag.
1075 5075 1210 5145 324.
1253 5073 1748 5145 Chrysostomum

151 5143 419 5224 sequitur
438 5159 600 5226 unus
617 5159 688 5200 ex
705 5143 1013 5226 codicibus
1039 5143 1494 5226 Mosquensibus
1519 5145 1747 5226 N.Te_s_t.

153 5227 211 5279 ς.
235 5215 336 5285 qui
369 5219 456 5268 est
479 5231 610 5269 cum
655 5215 919 5270 scholiis.
963 5215 1266 5282 Origenes,
1320 5215 1423 5288 qui
1454 5221 1601 5272 tom.
1646 5218 1746 5281 XX,

150 5285 211 5339 in
235 5285 523 5365 Joannem
557 5285 685 5342 haec
714 5287 856 5365 data
891 5301 1075 5365 opera
1127 5287 1563 5365 interpretatur,
1587 5287 1750 5343 hunc

151 5372 393 5428 versum
451 5363 641 5412 totum
705 5358 1103 5428 praetermisit.
1151 5363 1475 5416 Πεντήκοντα
1509 5364 1750 5414 servant

150 5425 350 5499 Cyrill.
386 5435 423 5483 ι.
448 5429 565 5502 iV,
601 5444 656 5499 p.
692 5425 792 5484 585
820 5430 880 5482 C.
917 5430 1390 5502 ;_Theopby|act.
1427 5446 1484 5502 p.
1525 5432 1630 5502 690
1666 5433 1703 5485 E
1735 5447 1747 5495 ;

151 5515 406 5628 geverus
444 5500 503 5554 in
535 5501 758 5556 Catena
810 5500 1090 5567 Corderii,
1133 5500 1192 5573 p.
1216 5500 1325 5557 ⁷243
1377 5519 1391 5570 ;
1427 5500 1483 5558 et
1511 5501 1747 5558 codices

194 5572 526 5627 robatiores
555 5586 781 5627 omnes.

194 5571 526 5627 robatiores
555 5586 781 5627 omnes.

337 5748 446 5819 Qui
476 5748 684 5806 visum.
720 5749 885 5806 Forte
915 5749 1079 5821 legit,
1111 5745 1196 5806 διὸ
1236 5755 1324 5803 καὶ
1352 5751 1378 5804 ὁ
1432 5749 1743 5828 ἀναϐλέψας.

1926 5004 2040 5075 (7'2)
2074 5002 2309 5060 Inclusa
2348 5001 2583 5075 absunt
2615 5002 2681 5057 A.
2716 5003 2970 5063 Κτίστης,
3003 4995 3314 5069 quomodo
3344 4997 3524 5075 etiam

1861 5072 2203 5131 Eustathius
2239 5073 2452 5138 scribit,
2484 5074 2590 5146 qui
2647 5089 2786 5129 cum
2846 5075 3030 5146 κτίτης
3057 5072 3388 5140 comparat.
3413 5084 3523 5146 pro

1861 5146 2225 5202 substantivo
2260 5140 2521 5219 accipio,"
2565 5160 2703 5210 non,
2771 5148 2830 5199 ut
2880 5143 3190 5213 interpres,
3224 5155 3333 5210 pro
3363 5140 3524 5198 adie-

1861 5220 2040 5273 ctivo.

1932 5290 2044 5361 (73)
2065 5291 2148 5344 Ita
2174 5287 2524 5360 plerumque
2541 5287 3001 5358 Chrysostomus
3019 5289 3274 5346 oratorie
3293 5288 3520 5352 laudat,

1858 5360 2031 5415 Joan.
2066 5376 2224 5415 xvm.
2257 5364 2308 5422 6,
2332 5363 2516 5414 ἔπεσον
2547 5365 2745 5432 χαμαί.

1929 5437 1944 5496 (
1952 5432 2265 5497 74)Γιννητῆ
2277 5452 2319 5492 ς.

1933 5502 2046 5572 (75)
2070 5506 2130 5555 Δὶ
2160 5503 2330 5559 abest
2371 5509 2436 5556 A.
