4088 6434
694 321 832 380 1303

2017 317 2374 378 EUTHYMII
2425 315 2753 375 ZIGABENI

2333 317 2374 375 [ῐ
2425 315 2753 375 ZIGABENI
3866 325 3947 388 uo;

695 454 849 504 atur.
877 447 1016 504 Vult
1041 447 1196 505 enim
1227 451 1512 515 astruere,
1555 444 1723 519 quod
1779 445 1974 514 major
2014 447 2110 512 sit,
2159 461 2309 518 qua:

2333 461 2346 500 ι
2379 443 2425 498 Α
2462 443 2812 518 Βούλεταιγάρ
2826 445 3225 498 κατασκευάσαι
3244 444 3324 498 ὅτι
3344 447 3532 518 μείζων
3549 447 3655 500 ἑστι
3669 456 3747 500 τοῦ
3773 450 3947 525 Ἁϐραάμ.

695 538 995 594 Abraham
1033 553 1046 603 ;
1078 553 1219 593 nam
1252 537 1366 593 hoc
1416 536 1474 590 in
1520 535 1791 607 praesenti
1834 550 1955 591 non
2007 535 2178 602 dixit,
2221 550 2350 606 pro-

693 633 825 700 pter
849 626 1114 698 ipsorum
1149 625 1611 699 impudentiam.

766 716 1054 771 γεδειλῇ.
1117 716 1296 783 Quem
1363 746 1431 754 —
1491 714 1648 768 Vers.
1725 715 1816 770 55.
1879 729 2023 770 eum.
2093 745 2150 754 —
2218 713 2348 768 Non

694 806 1036 875 cognovistis
1075 820 1220 867 eum,
1260 808 1462 873 utpote
1497 801 1780 874 operibus
1835 802 2000 857 illum
2035 808 2345 870 negantes.

697 894 848 949 Dicit
898 893 1058 948 enim
1115 897 1171 947 et
1224 891 1544 963 Apostolus
1590 909 1603 945 :
1660 892 2022 959 Conﬁtentur
2084 906 2144 947 se
2195 907 2350 946 nosse

698 984 904 1046 Deum,
946 983 1118 1050 factis
1148 986 1343 1036 autem
1374 988 1590 1050 negant
1620 983 1690 1037 ⁷⁷.
1720 980 1820 1035 Vel
1856 981 2035 1035 etiam
2083 995 2154 1035 eo
2183 979 2349 1052 quod

695 1086 815 1126 non
846 1070 1186 1137 agnoscatis
1211 1069 1413 1124 Filium
1469 1071 1623 1139 ejus.
1686 1068 1910 1123 Dictum
1965 1073 2052 1123 est
2112 1067 2271 1123 enim
2333 1086 2346 1123 :

694 1161 760 1215 Si
794 1174 886 1215 me
912 1159 1346 1227 cognoscentis,
1379 1159 1437 1214 et
1472 1159 1710 1214 Patrem
1762 1173 1946 1212 meum
2000 1157 2203 1228 utique
2259 1172 2351 1213 co-

693 1251 1050 1320 gnosceretis
1106 1249 1175 1302 τι.
1211 1247 1308 1303 Vel
1362 1263 1434 1303 eo
1490 1249 1656 1320 quod
1715 1261 1836 1301 non
1900 1246 2142 1301 servetis
2216 1247 2347 1317 ejus

697 1352 1002 1392 sermones
1031 1355 1048 1407 ;
1083 1351 1226 1392 nam
1280 1337 1327 1391 si
1357 1335 1786 1407 cognosceretis
1815 1351 1975 1400 eum,
2008 1350 2346 1391 sermonem

697 1427 826 1498 ejus
855 1426 1184 1482 servaretis.

769 1515 928 1570 Vers.
962 1515 1050 1570 55.
1102 1516 1228 1585 Ego
1279 1519 1466 1571 autem
1524 1515 1668 1569 novi
1724 1528 1874 1569 eum.
1938 1517 2064 1569 Non
2123 1512 2344 1576 solum,

697 1621 834 1660 cum
865 1619 936 1659 ex
969 1603 1099 1676 ipso
1126 1605 1262 1667 sim,
1309 1611 1364 1659 et
1391 1602 1658 1673 ejusdem
1702 1603 2071 1662 substantias,
2118 1609 2348 1658 naturis

697 1694 1063 1758 etscientim,
1098 1695 1198 1748 sed
1247 1692 1423 1749 etiam
1477 1698 1766 1764 tanquam
1821 1706 2161 1746 sermonem
2219 1691 2348 1760 ejus

698 1797 962 1839 servans.
990 1785 1134 1838 Nam
1165 1786 1222 1837 et
1252 1781 1527 1852 superius
1573 1781 1719 1835 dixit
1773 1797 1785 1835 :
1841 1781 1947 1836 Est
2002 1796 2196 1843 verax,
2246 1780 2350 1850 qui

697 1873 853 1927 misit
889 1887 995 1935 me,
1025 1887 1195 1942 quem
1226 1887 1319 1926 vos
1351 1885 1468 1926 non
1495 1870 1711 1924 nostis:
1749 1884 1854 1939 ego
1881 1884 2016 1924 vero
2039 1870 2178 1924 novi
2196 1885 2346 1936 eum,

699 1961 840 2033 quia
868 1961 942 2016 ab
969 1976 1032 2016 eo
1061 1977 1190 2015 sum
1210 1962 1282 2012 τ’.

768 2050 910 2104 Vers
966 2055 1052 2105 55.
1112 2051 1175 2104 Et
1234 2078 1303 2090 —
1350 2048 1625 2104 mendax.
1662 2048 1778 2103 Vos
1809 2048 1969 2103 enim
2019 2047 2350 2103 mentimini

699 2139 966 2195 dicentes
1006 2139 1191 2193 Deum
1244 2143 1508 2193 vestrum
1559 2153 1711 2203 esse,
1765 2154 1901 2192 cum
1959 2153 2078 2192 non
2130 2153 2353 2206 cogno-

701 2229 879 2283 scatis
917 2244 1076 2288 eum,
1122 2233 1183 2282 ut
1241 2226 1591 2298 praedictum
1651 2234 1754 2280 est.
1815 2227 2085 2281 Notitiam
2147 2231 2348 2280 autem

699 2323 756 2373 et
784 2318 1184 2386 cognitionem
1217 2316 1377 2379 dicit,
1420 2331 1594 2370 nosse
1622 2315 1988 2387 simpliciter,
2033 2322 2088 2370 et
2133 2331 2349 2386 cOgno-

700 2421 861 2461 scere
913 2405 1075 2478 quod
1134 2407 1205 2460 sit
1267 2405 1420 2459 Deus
1472 2411 1528 2458 et
1585 2404 1766 2466 Pater,
1825 2420 1941 2458 non
2031 2405 2178 2459 scire
2251 2407 2347 2459 Dei

697 2501 993 2552 naturam.
1029 2497 1170 2549 Nam
1199 2496 1332 2564 ipsa
1369 2509 1487 2548 non
1530 2494 1728 2547 solum
1791 2495 2071 2560 cognosci
2127 2494 2345 2563 nequit,

701 2600 901 2640 verum
932 2584 1107 2638 etiam
1139 2583 1384 2638 omnino
1443 2581 1888 2649 inintelligibilis
1937 2588 2024 2636 est
2075 2589 2128 2636 et
2184 2584 2348 2637 inac-

699 2673 1007 2738 cessibilis,
1038 2688 1145 2726 nec
1185 2677 1401 2726 tantum
1436 2669 1801 2736 hominibus,
1863 2672 1967 2725 sed
2018 2677 2074 2726 et
2102 2670 2352 2727 caelesti-

700 2761 810 2815 bus
848 2760 1180 2815 virtutibus.

772 2848 936 2904 Vers.
971 2850 1057 2904 56.
1119 2849 1229 2904 Sed
1282 2879 1347 2887 —
1403 2863 1592 2904 servo.
1649 2847 1845 2912 Vides,
1879 2847 2040 2920 quod
2100 2849 2199 2904 Dei
2231 2865 2348 2904 ser-

698 2953 942 2994 monem
1002 2953 1257 3001 servare,
1311 2937 1548 3006 signum
1605 2938 1674 2992 sit
1727 2937 1892 3009 quod
1954 2938 2091 3009 quis
2161 2941 2345 2994 Deum

698 3034 1039 3096 cognoscat.
1073 3027 1417 3082 Timeamus
1448 3026 1644 3092 igitur,
1694 3027 1857 3098 quod
1891 3028 1986 3082 Dei
2051 3035 2348 3097 praecepta

697 3131 818 3172 non
851 3132 1175 3181 servamus,
1232 3122 1516 3186 tanquam
1549 3132 1687 3171 cum
1715 3165 1718 3168 .
1744 3117 1829 3170 eis
1884 3117 2208 3186 constituti,
2241 3115 2348 3188 qui

700 3204 886 3260 Deum
920 3206 1214 3274 ignorant.
1247 3205 1468 3260 Deinde
1513 3205 1741 3277 probat,
1791 3204 1956 3276 quod
2003 3207 2196 3276 major
2249 3206 2344 3271 sit,

697 3309 881 3366 quam
910 3295 1234 3350 Abraham.

770 3383 930 3440 Vers.
1011 3388 1095 3439 56.
1139 3384 1443 3440 Abraham
1501 3414 1570 3424 —
1621 3399 1833 3440 meum.
1892 3413 1962 3428 —
2012 3385 2347 3441 Ezsuttavit

697 3471 824 3527 sive
876 3472 1235 3544 concupivit.
1269 3472 1430 3528 Diem
1471 3476 1663 3527 autem
1729 3488 1908 3527 suum
1988 3472 2132 3529 dicit
2184 3472 2347 3529 diem

695 3576 1014 3634 passionis.

767 3650 929 3706 Vers.
990 3654 1076 3705 56.
1131 3650 1204 3704 Et
1262 3649 1432 3715 vidit,
1491 3656 1547 3706 et
1614 3651 1853 3719 gavisus
1922 3656 2028 3707 est.
2087 3650 2345 3707 Gavisus

696 3742 783 3792 est
807 3745 1043 3809 propter
1095 3737 1341 3793 salutem
1397 3737 1627 3792 mundi.
1699 3739 2112 3807 Prtecognovit
2178 3756 2345 3796 nam-

694 3841 813 3898 que
853 3826 1205 3898 mysterium
1247 3828 1648 3882 crucitixiouis
1691 3829 1925 3883 Christi.
1983 3829 2347 3886 Desideravit

695 3915 896 3970 videre
936 3915 1094 3969 diem
1158 3916 1345 3986 ipsius
1383 3924 1435 3970 et
1480 3917 1621 3970 vidit
1669 3917 1834 3971 illum
1889 3917 2341 3988 praeﬁguratum

694 4002 1220 4065 etadumbratum,
1274 4004 1329 4058 in
1381 4004 1475 4058 die
1529 4020 1651 4075 quo
1700 4004 1886 4060 tilium
1938 4023 2113 4061 suum
2177 4008 2343 4064 Isaac

693 4092 906 4148 obtulit
945 4093 1002 4147 in
1028 4092 1466 4148 holocaustum.
1516 4094 1717 4148 Didicit
1759 4097 1937 4158 enim,
1985 4097 2142 4167 quod
2196 4099 2344 4154 sicut

694 4182 825 4252 ipse
875 4197 992 4236 non
1065 4183 1327 4253 pepercit
1373 4199 1483 4237 suo
1544 4184 1758 4238 dilecto
1831 4194 2072 4256 propter
2129 4187 2341 4253 Deum,

2462 539 2694 603 Φανερῶς
2751 537 2848 608 γὰρ
2876 541 2964 586 νῦν
2997 533 3090 586 ούκ
3121 531 3227 588 εἶπε
3258 543 3409 588 τοῦτο
3434 532 3468 588 δ
3475 539 3528 588 ιὰ
3556 540 3640 594 τὴν
3673 535 3951 611 ἀναισχυντίπ

2462 623 2630 675 αὐτῶν
2639 663 2651 676 .

2530 712 2624 764 ’ον
2683 743 2753 754 —
2808 713 2984 764 αὐτὸν.
3047 744 3114 754 —
3155 713 3267 766 Ούκ
3322 713 3572 785 ἕγνώκατε
3626 715 3780 781 αὐτὸν,
3815 721 3864 779 ὡς
3891 731 3949 782 τοῖς

2460 806 2627 876 ἔργοις
2673 800 2973 875 ἀρνούμενοι
3021 802 3192 855 αὐτὸν.
3249 809 3384 861 Φησὶ
3439 807 3543 876 γὰρ
3593 809 3677 855 καὶ
3725 807 3950 860 plrim-

2458 891 2539 950 λος
2621 893 2701 942 ὃτι
2747 895 2876 943 Θεὸν
2933 891 3275 964 ὁμολογοῦσιν
3331 889 3548 960 εἰδέναι,
3599 901 3699 956 τοῖς
3753 891 3801 948 δι
3851 901 3953 968 ἔργοις

2462 976 2756 1049 ἀρνοῦνται.
2823 980 2888 1033 ’Ἡ
2947 986 3032 1033 καὶ
3092 985 3155 1042 ὡς
3207 986 3278 1054 μὴ
3335 981 3605 1053 ἕγνωκὸτες
3653 988 3730 1034 τὸν
3779 987 3868 1037 Υἰὸν
3901 991 3951 1038 ε.-

2459 1076 2572 1121 τοῦ.
2627 1074 2910 1141 Προείρηκε
2974 1074 3075 1145 γὰρ
3139 1074 3218 1123 ὃτι
3276 1071 3335 1124 Εἰ
3410 1071 3498 1144 ὶμε
3577 1068 3755 1143 ᾔδειτε,
3803 1081 3869 1127 καὶ
3905 1097 3948 1127 τεν

2462 1162 2668 1228 Πατέρα
2728 1178 2829 1228 μου
2887 1155 3063 1231 ᾔδειτε
3119 1161 3197 1212 ἄν.
3262 1159 3326 1213 Ἦ
3389 1163 3453 1221 ὡς
3511 1166 3583 1232 μή
3647 1170 3870 1232 τηροῦντες
3905 1186 3948 1216 τςι

2459 1244 2610 1314 λόγον
2634 1247 2814 1300 αὐτοῦ·
2848 1247 2892 1300 εἰ
2913 1252 3014 1320 γὰρ
3049 1246 3223 1321 ᾔδειτε
3255 1250 3430 1314 αὐτὸν,
3454 1248 3677 1324 ἄτηρείτε
3703 1250 3756 1301 ἄν
3777 1255 3842 1303 τὸν
3865 1254 3948 1324 λης-ι

2461 1354 2642 1389 αυτοῦ.

2535 1512 2668 1584 Ἐγὼ
2699 1509 2758 1566 δε
2789 1511 2876 1566 οἶδ
2881 1533 2914 1566 α
2953 1515 3127 1571 αὐτόν.
3175 1520 3250 1569 Ού
3280 1522 3434 1589 μόνον
3479 1519 3546 1578 ὡς
3575 1517 3626 1580 ἐξ
3655 1517 3791 1570 αὐτοῦ
3814 1527 3875 1570 καὶ
3900 1530 3947 1577 re;

2460 1602 2619 1662 αὐτῆς
2649 1603 2835 1664 ούσίας
2864 1609 2952 1655 καὶ
2979 1608 3179 1676 φύσεως
3206 1612 3295 1658 καί
3322 1614 3567 1678 γνώσεως
3597 1612 3679 1671 ὢν,
3709 1607 3815 1658 ἀλλὰ
3843 1613 3947 1667 me;

2459 1696 2545 1744 τὸν
2567 1691 2714 1763 λόγον
2741 1693 2901 1744 αὑτοῦ
2928 1703 3117 1765 τηρῶν.
3154 1700 3254 1747 Καὶ
3285 1695 3457 1748 ὀπίσω
3490 1693 3550 1748 δὶ
3581 1693 3726 1760 εἶπεν,
3762 1699 3822 1748 ὁτι
3844 1699 3945 1748 Ἒςτίλ

2459 1782 2658 1842 ἀληθής
2832 1784 2857 1833 ὁ
2881 1782 3088 1854 πεμψας
3126 1802 3208 1854 με,
3239 1784 3294 1836 ὃν
3339 1787 3488 1856 ὑμεῖς
3521 1785 3615 1837 οὐκ
3639 1782 3810 1853 οῖδατε,
3839 1787 3900 1856 ἐγὼ
3918 1783 3946 1835 ξι

2460 1867 2584 1922 οἶδα
2615 1870 2791 1941 αὐτὸν,
2826 1874 2903 1924 ὃτι
2937 1873 3059 1947 παρ’
3092 1873 3252 1926 αὑτοῦ
3282 1874 3416 1946 εἰμι,

2537 2053 2636 2101 Καὶ
2692 2079 2759 2090 -
2815 2049 3066 2120 ψεύστης.
3123 2047 3387 2104 Ψεύδεσθε
3449 2055 3554 2124 γὰρ
3627 2053 3758 2125 ὑμεῖς
3812 2053 3941 2122 imm;

2461 2137 2684 2207 ὃτι(67)
2737 2142 2863 2198 Θεὸς
2912 2140 3054 2211 ὑμῶν
3109 2139 3267 2203 ἔστιν,
3311 2141 3369 2192 ού
3424 2144 3530 2213 γὰρ
3596 2141 3816 2212 ἐγνώκατε
3849 2143 3939 2198 trita,

2463 2232 2532 2288 ὡς
2587 2234 2911 2302 προείρηται.
2972 2227 3193 2288 Εἰδησιν
3267 2228 3327 2284 δε
3391 2238 3485 2284 καὶ
3559 2237 3742 2305 γνῶσίν
3797 2252 3937 2303 sint:

2462 2315 2653 2370 εἰδέναι
2679 2324 2766 2370 καὶ
2797 2326 3072 2389 γινώσκειν
3101 2319 3270 2380 ἁπλῶς
3300 2322 3379 2372 ὅτι
3409 2320 3530 2374 ἐστὶ
3575 2326 3695 2384 Θεὸς
3725 2328 3798 2372 καὶ
3832 2328 3934 2389 nm;

2460 2407 2519 2458 ού
2559 2411 2662 2478 μὴν
2701 2411 2795 2464 τὴν
2828 2408 2939 2477 (68)
2971 2416 3065 2468 τῆς
3096 2411 3295 2479 φύσεως
3342 2417 3435 2461 τοῦ
3489 2418 3646 2463 Θεοῦ.
3692 2411 3808 2467 Αὕτη
3836 2411 3931 2480 72;:

2461 2501 2612 2567 μόνον
2661 2497 2942 2567 ἄγνωστος,
2999 2495 3126 2548 ἀλλὰ
3176 2504 3264 2550 καὶ
3317 2499 3584 2562 παντελῶς
3636 2498 3922 2557 «Etyma:er

2463 2582 2883 2656 ἀνεπιχείρητος,
2915 2591 3004 2638 καὶ
3034 2585 3094 2638 ού
3124 2591 3276 2659 μόνον
3308 2586 3626 2661 ἀνθρώποις,
3668 2588 3784 2640 ἀλλὰ
3806 2597 3854 2639 κε
3872 2592 3918 2642 ’ές

2461 2673 2722 2745 οὐρανίαις
2763 2671 2797 2727 δ
2801 2677 3067 2747 υνάμεσιν.

2534 2851 2673 2906 Ἀλλ’
2697 2883 2764 2892 -
2793 2861 2955 2926 τηρῶ.
2979 2858 3131 2924 Ὁρᾷς
3148 2855 3227 2906 ὅτι
3247 2857 3306 2906 τὸ
3333 2857 3418 2906 τὸν
3439 2854 3598 2928 λόγον
3625 2864 3711 2909 τοῦ
3736 2860 3940 2926 ese-5:19:11

2464 2946 2677 3013 σημεῖὸν
2705 2941 2820 2993 ίοτι
2844 2950 2934 2993 τοῦ
2961 2938 3153 2994 εἰδέναι
3180 2942 3354 2995 αὐτόν.
3375 2944 3696 3018 Φαϐηθῶμεν
3721 2951 3850 2996 τοίνυν
3865 2946 3944 2996 sin;

2461 3029 2661 3089 ἐντολὰς
2690 3036 2779 3081 τοῦ
2817 3034 2944 3083 Θεοῦ
2975 3034 3046 3101 μὴ
3095 3030 3453 3102 γυλάττοντες,
3490 3035 3563 3094 ὡς
3595 3039 3851 3105 ταττόμενοι
3881 3048 3945 3101 ac:

2461 3127 2559 3170 τῶν
2592 3117 2910 3190 ἀγνοούντων
2955 3123 3041 3171 τὸν
3083 3125 3230 3174 Θεὸν.
3274 3117 3398 3174 Εἶτα
3435 3124 3802 3184 κατασκευάζει
3830 3125 3887 3171 καὶ
3912 3121 3947 3167 ἑτι

2459 3208 2650 3279 μείζων
2683 3207 2796 3260 ἐστὶ
2825 3216 2916 3260 τοῦ
2950 3207 3208 3281 Ἀϐραάμ.

2534 3295 2770 3370 Ἀϐραὰμ
2829 3327 2896 3336 -
2952 3295 3094 3368 ἐμήν.
3160 3329 3227 3338 -
3289 3298 3692 3370 Ἠγαλλιοίσατο,
3738 3304 3860 3370 ἤγουν
3895 3295 3947 3346 ἔτι

2461 3387 2712 3457 θύμησεν.
2788 3385 3033 3459 [Ἡμέραν
3105 3387 3218 3458 (69)
3273 3385 3330 3440 δε
3401 3388 3569 3442 αύτοῦ
3626 3390 3750 3462 λέγει
3805 3392 3871 3445 τὴν
3906 3404 3947 3434 τεέ

2461 3483 2712 3548 σταυροῦ.

2531 3658 2630 3707 Καὶ
2688 3649 2815 3717 εἶδε⁹
2865 3658 2950 3706 καὶ
3006 3653 3199 3730 ἐχάρη.
3259 3655 3461 3729 Ἐχάρη
3515 3653 3609 3710 διὰ
3655 3663 3739 3716 τὴν
3781 3659 3948 3724 σωτηρίη

2454 3750 2546 3795 τοῦ
2595 3747 2817 3814 κόσμου.
2869 3748 3127 3815 Προγνούς
3167 3747 3268 3816 γὰρ
3320 3747 3378 3797 τὸ
3434 3752 3722 3820 μυστήριον
3769 3752 3951 3804 rigetri-

2455 3838 2663 3905 ρώσεως
2706 3840 2796 3883 τοῦ
2862 3839 3096 3904 Χριστοῦ
3148 3831 3494 3908 ίπεθύμησεν]
3553 3833 3678 3888 ἰδεῖν
3725 3840 3803 3891 τήν
3834 3835 3950 3902 ἡμέραν

2456 3921 2636 3988 αὐτοῦ,
2699 3926 2789 3973 καὶ
2837 3917 2970 3973 εἶδεν
3021 3921 3176 3979 αύτὴν
3236 3921 3256 3994 [
3308 3925 3856 3998 προσκιαγραφηθείσαν
3889 3923 3950 3986 (TUI

2453 4009 2567 4081 καὶ]
2597 4006 3019 4062 διατυπωοείσαν
3050 4008 3098 4061 εν
3141 4018 3202 4082 τῇ
3250 4013 3417 4083 ήμίρᾳ
3448 4013 3567 4065 καθ’
3599 4017 3658 4072 ἧν
3687 4011 3881 4080 ἀνήνεγκε
3909 4025 3952 4055 τευ

2456 4102 2566 4151 υἱὸν
2607 4098 2766 4151 αὑτοῦ
2814 4117 2900 4150 τον
2929 4099 3115 4151 Ἰσαὰκ
3167 4100 3240 4160 εἰς
3291 4100 3670 4172 ὀλοκάρπωσιν,
3711 4101 3867 4170 Ἐμαθε
3897 4097 3951 4165 Ὶάἒ

2456 4191 2557 4254 ὃτι,
2608 4191 2780 4257 ὥσπερ
2830 4186 2980 4247 αύτὸς
3030 4188 3124 4240 οῦκ
3163 4192 3399 4260 ἑφείσατε
3458 4199 3550 4243 τοῦ
3600 4193 3709 4243 υἱοῦ
3757 4189 3877 4240 αὐτοῦ
3906 4203 3950 4232 τω

694 4271 773 4326 ita
812 4286 1007 4342 neque
1047 4271 1196 4326 Deus
1240 4273 1570 4342 parciturus
1624 4278 1779 4328 esset
1843 4274 1984 4329 Filio
2038 4291 2148 4330 suo
2198 4276 2308 4330 dile

2333 4306 2346 4316 -
2382 4261 2424 4316 ί)
2459 4276 2732 4348 ἀγαπητοῦ
2769 4271 2803 4328 δ
2811 4279 2862 4327 ιὰ
2900 4279 2986 4328 τὸν
3026 4279 3176 4343 Θεὸν,
3227 4277 3387 4338 οὕτως
3430 4275 3556 4332 ούδέ
3606 4281 3632 4330 ὁ
3668 4281 3772 4338 Θεὸς
3804 4280 3947 4348 etiam:

695 4367 789 4416 cto
820 4368 1059 4432 pr0pter
1085 4361 1411 4415 hominem.
1449 4363 1511 4416 Et
1537 4361 2055 4432 quemadmodum
2088 4365 2185 4418 ille
2212 4381 2344 4434 por-

695 4451 835 4506 tavit
876 4449 1032 4521 ligna
1066 4449 1393 4504 bolocausti
1460 4450 1568 4518 sui,
1637 4451 1715 4505 ita
1766 4457 1821 4505 et
1849 4452 1973 4522 ipse
2007 4460 2345 4523 portaturus

695 4544 847 4593 esset
883 4538 1115 4607 lignum
1157 4539 1360 4593 mortis
1399 4554 1541 4593 sum.
1588 4541 2024 4606 Verumtamen,
2060 4542 2209 4596 sicut
2247 4543 2345 4597 illo

694 4643 812 4682 non
854 4644 1035 4698 passo
1068 4628 1409 4700 suppositus
1441 4634 1525 4682 est
1565 4628 1717 4682 aries
1756 4645 1767 4682 :
1803 4628 1882 4684 ita
1941 4634 1997 4684 et
2049 4629 2163 4685 hoc
2215 4648 2347 4687 ma-

693 4722 871 4771 nente
901 4717 1276 4789 impassibili,
1307 4715 1656 4771 humanitas
1681 4719 1810 4787 ejus
1833 4718 2031 4773 occisa
2050 4720 2346 4784 est.Quod

698 4804 748 4858 si
773 4803 928 4858 diem
962 4806 1088 4875 ejus
1118 4805 1320 4860 videre
1350 4805 1724 4870 desideravit,
1768 4805 1974 4878 utique
2021 4807 2134 4863 hoc
2197 4814 2340 4879 erat,

697 4895 986 4962 tanquam
1027 4894 1298 4965 majoris.

767 5104 812 5139 ⁷⁷
843 5105 948 5164 Tit.
974 5108 1113 5175 1,16.
1214 5108 1458 5166 "Joan.
1485 5124 1598 5178 νιιι,
1637 5111 1721 5166 t9.
1800 5112 2037 5168 "Joan.
2067 5129 2159 5178 vn,
2188 5116 2276 5169 26.

2457 4375 2548 4418 τοῦ
2581 4368 2702 4418 Υίοῦ
2733 4365 2891 4417 αὑτοῦ
2931 4371 3021 4417 τοῦ
3052 4363 3326 4436 ἀγαπητοῦ
3368 4363 3463 4418 διὰ
3490 4371 3575 4419 τὸν
3619 4369 3862 4439 ἄνθρωπον.
3896 4367 3944 4412 K2

2458 4459 2631 4526 ὥσπερ
2708 4454 2856 4515 οὗτος
2904 4452 3162 4506 ἐϐάστασε
3211 4458 3277 4506 τὰ
3322 4455 3448 4518 ξύλα
3502 4465 3601 4518 τῆς
3655 4455 3977 4526 ὁλοκαρπὼεινς,

2461 4544 2638 4607 αὐτοῦ,
2681 4544 2815 4594 οὕτω
2841 4540 3075 4604 κάκεῖνος
3123 4541 3382 4615 βαστάσει
3412 4548 3466 4597 τὸ
3494 4544 3642 4608 ξύλον
3682 4552 3763 4598 τοῦ
3809 4542 3939 4593 eam

2456 4634 2633 4685 αὐτοῦ.
2690 4631 2826 4689 Πλὴν
2878 4632 3112 4703 καθάπερ
3173 4635 3359 4685 τούτου
3423 4638 3683 4704 μείναντος
3735 4622 3938 4683 innuis-3:5

2454 4724 2599 4793 κριὸς
2651 4719 2829 4784 ἐτύθη,
2897 4720 3032 4772 οὕτω
3083 4719 3318 4774 κάκείνου
3390 4725 3626 4794 μένοντος
3691 4721 3874 4775 ἀπαθοῦς
3912 4715 3934 4760 τέ

2455 4809 2771 4883 ἀνθρώπινον
2838 4809 2998 4862 αὐτοῦ
3067 4811 3553 4881 σφαγιασθησεται.
3631 4811 3689 4865 Εἰ
3753 4805 3803 4862 δι
3845 4804 3932 4858 ἔπιέ)

2453 4917 2618 4971 μησεν
2668 4894 2797 4951 ἰδεῖν
2849 4903 2942 4957 τὴν
2999 4899 3196 4971 ἡμέραν
3258 4897 3438 4970 αὐτοῦ,
3502 4902 3572 4963 ὡς
3619 4901 3826 4973 μείζονος
3872 4895 3926 4944 εῖν

2454 5007 2573 5048 τως.

1918 5288 2132 5357 Varia:
2170 5289 2500 5358 lectiones
2543 5300 2608 5358 et
2650 5299 2849 5358 notae.

765 5445 878 5521 (_66)
915 5445 975 5502 In
1019 5449 1317 5521 contextu,
1346 5446 1460 5521 illo
1491 5445 1550 5502 in
1587 5447 1715 5502 loco
1759 5448 1940 5521 codd.
1993 5450 2342 5521 Euthymius

695 5515 1282 5591 habentﬁvulgatum
1337 5517 1598 5580 ἀληθινός.
1661 5519 1773 5591 Sed
1825 5515 2343 5591 Chrysost.'refert

697 5587 1076 5663 ἀληθῄςξιόω.
1111 5587 1248 5654 Vill,
1271 5605 1338 5663 _p.
1371 5591 1494 5660 294,
1519 5591 1644 5657 295,
1677 5587 2008 5663 aliquoties.

763 5661 878 5731 (67)
902 5657 961 5711 '0
990 5657 1308 5731 interponit
1337 5665 1403 5717 Α.

764 5729 876 5802 (68)
945 5736 1049 5789 Τήν
1131 5729 1299 5788 abest
1372 5739 1437 5788 Α.
1528 5731 1795 5788 Refertur
1861 5732 1930 5789 ad
1998 5731 2204 5794 εἴδησιν
2252 5741 2339 5790 καὶ

2453 5460 2666 5523 γνῶσιν.

2525 5525 2637 5594 (69)
2678 5521 2908 5576 Inclusa
2931 5521 3152 5594 absunt
3178 5523 3245 5576 A.

2525 5578 2636 5664 (703
2679 5593 2916 5650 Inclusa
2947 5593 3170 5649 absunt
3208 5597 3273 5649 A.
3308 5594 3527 5652 Ibidem
3560 5595 3765 5667 legitur,
3796 5578 3918 5660 suae

2456 5667 2802 5719 θυπωθεῖσαν.
