4088 6446
166 347 308 406 1305

1249 346 1596 405 COMMENT
1635 349 1704 405 IN
1741 347 2092 405 JOANNEM.
2134 379 2202 390 —
2239 349 2396 404 CAP.
2440 345 2536 404 IX.

3389 347 3412 401 1
3425 347 3530 403 306

238 480 339 530 Καὶ
369 507 438 516 -
465 473 694 548 ἇὼρακας
720 490 734 542 ;
760 473 948 548 ’ῼοντο
973 475 1076 547 γὰρ
1107 473 1260 526 αὑτὸν
1291 473 1445 546 ἔγγὺς
1473 471 1602 528 εἶναι
1639 494 1751 526 πεν-

1942 475 2106 529 Vers.
2141 475 2228 528 57.
2256 473 2428 527 Et—
2478 471 2678 528 vidisti
2730 469 2759 526 ?
2811 470 3109 527 Putabant
3170 470 3330 527 enim
3387 487 3526 527 eum

164 571 391 624 τήκοντα
441 563 562 616 ἐτῶν
612 561 706 616 διὰ
755 569 849 620 τήν
904 564 1242 636 πολυπειρίαν
1297 563 1477 617 αὑτοῦ.
1524 565 1652 616 Τινὰ
1701 559 1760 615 δε

165 664 263 706 τῶν
317 655 428 725 (7t)
482 653 807 728 ἀντιγράφων
846 655 1240 726 τεσσαράκοντα
1280 655 1592 728 γράφουσιν,
1635 654 1758 725 ὅπερ

167 739 312 797 δοκεῖ
338 743 718 817 ἀκριϐέστερον.

237 919 386 974 Εἶπεν
439 952 506 962 -
561 921 686 983 εἰμι.
736 921 825 983 Ὠς
891 924 1038 983 Θεός.
1096 925 1195 974 Καὶ
1252 919 1346 972 οὑκ
1405 915 1562 987 εἶπεν,
1625 918 1760 990 Ἐγὼ

164 1013 325 1082 ἤμην,
403 1009 507 1062 ἀλλ’
569 1011 699 1081 Ἐγώ
751 1010 859 1082 εἰμι
901 1012 926 1062 6
987 1009 1065 1062 ἀεὶ
1127 1014 1213 1061 ὤν.
1247 1013 1316 1061 Τὸ
1342 1011 1430 1074 μὶν
1480 1005 1568 1060 οὖν
1625 1011 1761 1079 γενέ-

166 1101 292 1152 σθαι
351 1107 568 1152 κτιστοῦ
602 1103 701 1151 ’τό
796 1095 855 1152 δε
920 1099 1040 1172 Εἰμὶ
1119 1097 1369 1150 ἁκτίστου
1419 1099 1436 1169 [
1492 1102 1583 1150 καὶ
1643 1098 1760 1169 (72)

163 1194 380 1241 κτίστου

236 1277 400 1353 Ἦραν
438 1305 492 1318 —-
542 1277 720 1330 αὑτόν.
777 1280 842 1330 Οἱ
877 1285 1060 1350 ταχεῖς
1099 1280 1227 1350 πρὸς
1256 1281 1403 1349 φόνον
1434 1297 1446 1310 ·
1477 1276 1758 1350 Ἠγρίαναν

163 1369 264 1440 γὰρ
314 1363 558 1429 δόξαντες
609 1365 924 1439 ὑϐρισθῆναι
967 1371 1053 1418 τόν
1112 1365 1349 1441 Ἀϐραὰμ
1392 1383 1404 1394 ⁸
1439 1366 1550 1437 ἅμα
1578 1362 1758 1418 δὲκαὶ

161 1460 368 1528 γνόντες
397 1457 476 1509 ὅτι
506 1453 785 1515 ἀιδιότητα
823 1463 956 1510 Θεοῦ
980 1457 1310 1528 περιτίθησιν
1336 1455 1518 1525 ἑαυτῷ,

236 1635 443 1696 Ἰησοῦς
500 1631 559 1688 δε
606 1634 821 1708 ἐκρύϐη.
867 1636 1117 1708 Ἀόρατος
1175 1634 1353 1695 αὑτοῖς
1413 1637 1636 1691 κατέστη
1691 1641 1752 1704 τῇ

161 1725 377 1798 ἕξουσίᾳ
406 1733 497 1785 τῆς
537 1726 796 1785 θεότητος.

237 1819 336 1868 Kal
369 1817 528 1889 ἱεροῦ.
555 1819 665 1867 Ἵνα
692 1812 996 1872 κατασταλῆ
1031 1815 1056 1866 6
1091 1815 1253 1885 θυμὸς
1281 1812 1470 1867 αὑτῶν.

232 1992 448 2046 Διελθών
477 2023 546 2032 -
575 1992 765 2045 αὑτῶν.
820 1997 906 2051 Μὴ
951 1991 1250 2064 ἰσχυόντων
1282 1987 1410 2044 ἰδεῖν
1451 1991 1623 2047 αὐτόν,
1660 1997 1757 2048 Καὶ

159 2080 309 2136 διατί
359 2082 454 2134 οὐκ
511 2080 743 2144 ἒξίλυσεν
774 2081 941 2134 αὐτῶν
981 2086 1074 2139 τήν
1125 2078 1346 2152 δύναμιν
1390 2085 1478 2134 καὶ
1536 2088 1763 2152 φανερῶς

159 2171 465 2244 ἀνεχώρησε
486 2188 499 2237 ;
533 2176 675 2224 Διότι
691 2173 800 2224 οὗθ’
823 2172 983 2232 οὑτως
1005 2169 1207 2242 ἔμελλον
1236 2173 1518 2224 πιστεύειν.
1543 2173 1754 2243 Kal-7&9

159 2261 210 2314 ἐν
238 2270 307 2331 τῷ
335 2268 501 2334 καιρῷ
532 2269 624 2312 τοῦ
685 2262 889 2321 [Ιάθους
934 2262 1148 2321 ὑπτίους
1179 2260 1292 2329 (73)
1344 2259 1527 2319 αὑτοὺς
1556 2259 1752 2333 ἓρῥιφε,

157 2356 249 2403 καὶ
279 2354 372 2403 τὰς
393 2350 534 2420 ὄψεις
564 2349 732 2402 αὑτῶν
755 2348 1015 2412 ἐσκότισε,
1057 2354 1146 2401 καὶ
1176 2349 1268 2401 οὑκ
1299 2347 1629 2402 ἐπίστευσαν.
1653 2349 1753 2401 Οὑ-

160 2435 248 2491 δεν
277 2440 376 2510 γὰρ
407 2445 586 2510 χεῖρον
615 2437 804 2509 ψυχῆς
837 2436 1215 2508 ἀπεγνωκυίας.
1273 2435 1378 2490 Κᾶν
1425 2440 1526 2510 γὰρ
1561 2443 1755 2508 σημεῖα

156 2525 277 2600 ἴδη,
304 2526 398 2579 κᾶν
429 2532 638 2602 τέρατα,
668 2531 805 2600 μένει
834 2531 928 2586 τήν
955 2527 1116 2586 αὑτήν
1159 2531 1364 2600 ἔχουσα
1393 2526 1544 2579 πάλιν
1573 2525 1754 2578 ἀναισ-

154 2622 401 2690 χυντίαν.

235 2711 333 2760 Kal
361 2714 593 2780 παρῆγεν
615 2707 798 2768 οὕτως.
830 2705 1101 2770 Ἐϐάδιζεν
1140 2708 1316 2773 οὕτως,
1351 2712 1423 2780 μὴ
1458 2711 1753 2780 φαινόμενος

155 2795 355 2857 αὐτοῖς.

409 2891 554 2939 ΚΕΦ.
598 2883 650 2940 Ῑ’.
679 2890 802 2959 Περὶ
829 2893 921 2938 τοῦ
961 2885 1016 2940 ix
1053 2895 1258 2958 γενετῆς
1286 2885 1500 2958 τυφλοῦ.

230 2978 331 3028 Καὶ
360 3005 430 3014 -
456 2983 682 3045 γενετῆς.
708 2974 930 3027 Βεϐαιῶν
959 2974 995 3028 ἁ
1024 2972 1151 3041 εἷπε,
1182 2980 1272 3028 καὶ
1300 2978 1639 3047 πιστούμενος
1673 2977 1752 3026 ὅτι

1871 561 2054 618 ferme
2110 577 2242 617 esse
2292 561 2899 634 quinquagenarium,
2978 563 3221 632 propter
3273 560 3524 616 multam

1869 651 2002 724 ejus
2046 651 2320 723 peritiam
2369 656 2426 707 et
2469 650 2915 723 experientiam.
2986 649 3268 715 Quasdam
3325 655 3525 705 autem

1871 740 2237 812 exemplaria
2305 738 2545 804 habent,
2595 739 3025 811 quadraginta,
3069 738 3247 811 .quod
3295 738 3528 794 videtur

1870 845 1997 885 esse
2028 830 2239 885 verius.

1941 919 2101 972 Vers.
2182 922 2266 974 58.
2321 918 2494 974 Dixit
2559 948 2628 957 —
2692 919 3186 989 sum.Tanquam
3232 917 3406 972 Deus.
3463 917 3528 972 Et

1868 1022 1984 1063 non
2037 1007 2205 1071 dixit,
2268 1009 2388 1076 Ego
2429 1022 2594 1062 eram
2636 1025 2654 1077 ;
2689 1006 2814 1073 sed,
2865 1006 2990 1076 Ego
3015 1021 3163 1073 sum,
3221 1006 3319 1077 qui
3375 1021 3530 1061 sem-

1867 1113 1974 1168 per
2005 1113 2161 1152 sum.
2193 1097 2332 1153 Fieri
2362 1096 2653 1168 siquidem
2684 1095 2766 1151 rei
2798 1101 3008 1151 creatas
3039 1099 3158 1163 est;
3187 1096 3333 1152 Sum
3364 1110 3525 1159 vero,

1865 1186 2142 1242 increatze
2205 1191 2260 1241 et
2287 1191 2518 1242 creatae.

1938 1277 2100 1332 Vers.
2137 1277 2220 1331 59.
2264 1277 2554 1332 Tulerunt
2591 1307 2654 1316 —
2687 1291 2835 1331 cum.
2860 1275 3107 1331 Veloces
3171 1274 3248 1330 ad
3279 1273 3523 1330 caedem.

1869 1366 2207 1436 Exasperati
2241 1371 2378 1421 sunt
2431 1365 2590 1420 enim
2640 1370 2918 1434 putantes
2965 1364 3182 1434 injuria
3245 1362 3525 1421 affectum

1868 1471 2000 1510 esse
2058 1455 2361 1511 Abraham
2414 1473 2428 1508 :
2470 1454 2645 1510 simul
2694 1454 2890 1519 etiam,
2950 1453 3051 1510 ubi
3105 1453 3528 1524 cognovissent

1867 1543 2032 1617 quod
2063 1545 2160 1599 Dei
2193 1544 2573 1600 aeternitatem
2608 1544 2719 1598 sibi
2752 1543 3097 1599 vindicaret.

1940 1634 2106 1689 Vers.
2136 1635 2227 1691 59.
2258 1635 2418 1688 Jesus
2457 1640 2650 1688 autem
2675 1635 3004 1689 occultatus
3045 1639 3146 1688 est.
3177 1633 3286 1688 Per
3314 1632 3527 1688 divini-

1869 1725 2002 1781 tatis
2027 1724 2354 1797 potentiam
2385 1723 2694 1780 invisibilis
2746 1724 2832 1779 eis
2866 1723 3132 1779 effectus.

1794 1833 1835 1888 Β
1941 1815 2104 1868 Vers.
2133 1815 2221 1869 59.
2265 1815 2343 1869 Et
2373 1845 2440 1854 —
2489 1812 2715 1882 (empto.
2775 1815 2842 1868 Ut
2898 1811 3135 1868 illorum
3169 1813 3402 1868 sedaret
3435 1811 3522 1867 fu-

1870 1919 2063 1960 rorem
2075 1944 2086 1955 .

1941 1993 2106 2049 Vers.
2133 1998 2218 2049 59.
2253 1992 2652 2049 Pertransiens
2697 2022 2763 2032 —
2792 1991 3053 2047 illorum.
3088 1993 3230 2047 Cum
3264 1990 3344 2046 illi
3385 2006 3522 2046 eum

1868 2083 2066 2139 videre
2110 2099 2229 2138 non
2275 2086 2544 2154 possent.
2610 2083 2674 2136 Et
2715 2097 2901 2152 quare
2933 2096 3055 2136 non
3113 2080 3377 2136 dissolvit
3408 2079 3528 2135 illo-

1865 2188 2001 2228 rum
2032 2172 2330 2236 virtutem,
2364 2178 2421 2226 et
2481 2169 2796 2226 manifeste
2870 2169 3112 2225 recessit
3156 2169 3184 2224 ?
3230 2170 3374 2235 Quia
3418 2185 3527 2224 nec

1867 2262 1952 2317 sic
1999 2261 2277 2316 credituri
2351 2264 2540 2316 erant.
2617 2257 2842 2314 Etenim
2891 2263 3160 2329 tempore
3218 2258 3524 2329 passionis

1865 2352 2114 2424 supinos
2147 2350 2279 2406 illos
2308 2350 2540 2421 dejecit,
2589 2363 2921 2419 eorumque
2983 2353 3255 2419 aspectus
3312 2347 3526 2404 obscu-

1862 2443 2033 2508 ravit,
2080 2447 2135 2497 et
2182 2457 2304 2496 non
2355 2439 2751 2494 crediderunt.
2807 2441 2954 2494 Nam
3010 2437 3213 2493 anima
3264 2437 3525 2509 reproba

1863 2531 2012 2586 nihil
2039 2536 2126 2586 est
2155 2531 2329 2603 pejus
2359 2546 2371 2584 :
2404 2529 2536 2585 licet
2565 2527 2722 2584 enim
2766 2527 2941 2597 signa
2983 2527 3183 2583 videat
3220 2543 3291 2582 ac
3323 2525 3524 2598 prodi-

1863 2621 1978 2691 gia,
2007 2637 2174 2676 suam
2208 2623 2406 2676 tamen
2439 2633 2676 2689 semper
2705 2617 2918 2672 retinet
2945 2615 3412 2688 impudentiam.

1933 2711 2097 2767 Vers.
2134 2710 2204 2766 59
2244 2710 2322 2765 Et
2352 2710 2438 2766 ita
2462 2707 2824 2779 praeteribat.
2868 2705 3237 2762 Ambulabat
3270 2706 3370 2772 ita,
3402 2719 3525 2761 non

1863 2816 2158 2874 apparens
2193 2798 2329 2855 illis.

2219 2890 2371 2946 CAP.
2402 2889 2467 2943 X.
2502 2889 2581 2942 De
2608 2903 2742 2942 οίεοο
2771 2903 2809 2941 a
2835 2885 3163 2942 nativitate.

1933 2981 2072 3052 Cap.
2121 2980 2219 3034 1X.
2277 2979 2417 3034 Vers
2455 2983 2501 3032 t.
2553 2977 2630 3032 Et
2673 3006 2742 3016 —
2773 2976 3103 3030 nativitate.
3155 2972 3528 3029 Conﬁrman-

156 3067 282 3124 Θεός
329 3062 491 3128 ἔστιν,
549 3063 698 3124 εὑθὺς
728 3066 942 3137 ἔρχεται
989 3063 1073 3116 ἐπὶ
1128 3066 1303 3136 θαῦμα
1354 3069 1622 3135 μέγιστον,
1663 3068 1751 3114 καὶ

1879 3069 1959 3133 in,
2009 3067 2173 3141 quod
2238 3069 2486 3131 dixerat,
2543 3066 2846 3136 ﬁdemque
2876 3064 3120 3128 faciens,
3160 3063 3326 3136 quod
3370 3063 3525 3118 Deus

156 3160 312 3221 μήπω
396 3156 566 3225 μέχρι.
609 3157 725 3204 τότε
778 3157 1065 3224 γενόμενον.
1124 3150 1317 3224 Τυφλοὶ
1365 3156 1453 3224 μὲν
1505 3156 1606 3226 γὰρ
1663 3157 1751 3204 καὶ

682 3257 694 3270 ⁸
737 3240 926 3312 τυφλός
980 3237 1039 3294 δε
1097 3240 1144 3292 ἐν
1192 3250 1398 3312 γενετῆς
1428 3243 1538 3312 (74)
1579 3237 1750 3301 οὐδεὶς

1250 3349 1263 3361 ’
1299 3330 1385 3382 Ἐκ
1415 3338 1506 3382 τοῦ
1565 3329 1752 3390 αἰῶνος

155 3241 302 3294 ἄλλοι
361 3240 571 3311 ἁνέϐλεψ
579 3261 637 3292 αν

154 3333 288 3404 ἄχρι
308 3338 442 3384 τότε.
483 3333 569 3382 Διὸ
599 3334 688 3381 καὶ
715 3327 1003 3400 ἀναϐλέψας
1034 3329 1200 3400 ἔλεγεν

153 3421 245 3473 οὑκ
276 3421 514 3478 ἠκούσθη
539 3421 619 3470 ότι
666 3417 836 3480 ἤνοιξε
861 3437 936 3478 τις
974 3417 1266 3490 ὀφθαλμοὺς
1295 3419 1486 3490 τυφλοῦ
1515 3437 1750 3490 γεγεννη-

154 3527 329 3582 μενου.

231 3779 330 3828 Καὶ
387 3805 454 3816 -—
504 3777 723 3847 γεννηθῇ
755 3775 1082 3850 ;“Ερωτῶσιν
1149 3776 1253 3848 οὑχ
1307 3778 1376 3838 ὡς
1424 3783 1578 3829 τοῦτο
1627 3777 1753 3828 ποίν-

151 3883 251 3925 τως
306 3865 336 3923 ἦ
397 3866 556 3916 έκεῖνο
621 3864 1086 3938 ὑπολαμϐάνοντες,
1141 3867 1372 3940 καθάπερ
1428 3868 1477 3918 οἱ
1542 3864 1753 3924 ἀνόητοι

153 3951 407 4008 Ἰουδαῖοι
434 3968 449 3984 ⁸
475 3958 532 4007 τό
561 3957 653 4025 μεν
702 3956 804 4028 γὰρ
863 3954 1110 4027 ἁμαρτεῖν
1161 3958 1260 4028 πρὸ
1320 3962 1412 4008 τοῦ
1442 3957 1752 4027 γεννηθῆναι

152 4039 432 4112 ἀδύνατον,
465 4047 522 4095 τό
555 4039 614 4096 δε
639 4045 766 4118 ὑπερ
798 4052 898 4095 τῶν
925 4049 1113 4115 γονέων
1158 4043 1474 4105 κολάζεσθαι
1525 4041 1710 4097 ἄδικον
1735 4061 1748 4075 ⁸

150 4131 258 4184 ἀλλ’
291 4135 434 4185 ἔστιν
469 4133 494 4185 6
521 4137 718 4195 σκοπός
765 4140 856 4186 τοῦ
886 4132 1043 4204 λόγου
1067 4140 1320 4194 τοιοῦτος.
1377 4133 1436 4185 Ὀ
1460 4136 1549 4205 μεν
1581 4137 1752 4208 παρά-

147 4221 302 4283 λυτος
333 4218 426 4274 διὰ
468 4224 560 4284 τὰς
606 4221 862 4294 ἁμαρτίας
914 4224 1074 4273 αὑτοῦ
1129 4223 1354 4289 ἠσθένει,
1413 4223 1586 4282 καθὼς
1651 4221 1755 4274 ἐκεῖ

148 4313 524 4383 μεμαθήκαμεν
575 4329 589 4345 ο
640 4315 757 4383 περὶ
807 4314 988 4363 τούτου
1029 4307 1088 4363 δὲ
1143 4311 1254 4378 ('75l
1294 4315 1347 4362 τί
1399 4311 1562 4381 λέγεις
1603 4327 1618 4377 ;
1669 4315 1753 4371 Τίς

1860 3163 2018 3212 esset
2057 3157 2256 3212 statim
2330 3155 2492 3210 venit
2543 3155 2618 3208 ad
2667 3153 3022 3209 miraculum
3078 3153 3434 3217 maximum,
3468 3157 3526 3207 et

1861 3263 2050 3318 usque
2082 3246 2156 3302 ad
2188 3245 2244 3300 id
2275 3245 2559 3316 temporis
2590 3257 2906 3313 nunquam
2939 3241 3182 3296 factum.
3215 3241 3523 3312 Siquidem

1860 3340 1918 3390 et
1963 3335 2059 3390 alii
2101 3333 2241 3390 caeci
2284 3333 2478 3388 visum
2534 3335 2901 3400 receperunt,
2945 3345 3148 3384 verum
3184 3329 3284 3401 qui
3337 3345 3371 3385 a
3420 3343 3524 3384 na-

1860 3423 2082 3480 tivitate
2135 3439 2328 3478 caecus
2381 3421 2606 3486 fuisset,
2659 3418 2858 3474 nullus
2927 3433 3115 3488 usque
3147 3417 3225 3472 ad
3271 3417 3329 3471 id
3383 3421 3527 3472 tem-

1860 3529 1994 3586 pus.
2029 3513 2166 3567 ldeo
2216 3511 2416 3575 etiam,
2476 3509 2579 3582 qui
2610 3507 2807 3563 visum
2867 3507 2936 3578 (j)
2967 3506 3204 3577 recepit,
3238 3504 3476 3560 dicebat
3507 3505 3522 3548 ἓ

1859 3604 1908 3658 Α
1942 3601 2154 3658 saculo
2193 3615 2309 3654 non
2372 3604 2452 3655 est
2493 3598 2786 3661 auditum,
2842 3595 2998 3667 quod
3047 3593 3344 3664 aperuerit
3374 3594 3526 3666 quis-

1858 3692 2019 3762 piam
2053 3690 2244 3746 oculos
2266 3689 2400 3745 caci
2451 3687 2583 3743 nati
2631 3688 2699 3740 ⁸ο.

1934 3783 2099 3835 Vers.
2175 3783 2226 3833 2.
2285 3779 2364 3834 Et
2412 3782 2737 3832 nasceretur
2784 3775 2813 3832 ?
2879 3772 3346 3844 lnterrogabant,
3401 3787 3522 3829 non

1861 3870 2026 3941 quod
2078 3869 2189 3924 hoc
2220 3873 2324 3924 aut
2351 3866 2500 3922 illud
2526 3864 2775 3922 omnino
2798 3863 3264 3935 suspicarentur,
3323 3877 3525 3934 quem-

1861 3957 2193 4014 admodum
2260 3956 2608 4027 insipientes
2680 3953 2917 4018 Judaei;
2968 3967 3112 4007 nam
3174 3951 3334 4007 hunc
3391 3966 3526 4022 pec-

1863 4061 2050 4110 casse,
2124 4050 2451 4117 antequam
2509 4048 2686 4100 natus
2756 4045 2928 4106 esset,
2981 4039 3354 4111 impossibile
3402 4044 3526 4095 erat

1862 4151 2041 4207 porro
2067 4151 2173 4206 pro
2219 4134 2570 4204 parentibus
2638 4130 2836 4203 puniri
2869 4130 3157 4200 injustum
3199 4144 3213 4193 ;
3256 4128 3358 4183 sed
3390 4127 3524 4184 ﬁnis

1863 4224 2158 4279 sermonis
2212 4222 2340 4278 talis
2397 4227 2505 4277 est.
2559 4219 2923 4289 Paralyticus
2980 4216 3224 4288 quidem
3283 4220 3526 4287 propter

1861 4315 2110 4382 peccata
2149 4327 2258 4365 sua
2305 4309 2657 4377 aegrotabat,
2718 4307 2867 4362 sicut
2906 4305 2987 4360 ibi
3031 4304 3353 4358 didicimus
3391 4319 3404 4358 :
3449 4303 3522 4358 de

151 4401 401 4472 ἥμαρτεν,
459 4398 603 4458 οὗτος
641 4397 671 4456 ή
723 4399 772 4449 οἱ
815 4405 984 4468 γονεῖς
1051 4397 1208 4449 αὑτοῦ
1265 4400 1458 4469 ςὴμείς
1488 4399 1589 4471 γὰρ
1638 4399 1751 4450 οὔτε

1879 4417 1977 4455 ioc
2009 4405 2229 4459 autem.
2300 4398 2442 4455 quid
2505 4396 2654 4452 dicis
2702 4395 2730 4450 ?
2776 4396 2912 4463 Quis
2959 4395 3239 4461 peccavit,
3299 4391 3415 4456 hic,
3447 4407 3520 4449 an

148 4492 306 4538 τοῦτο
327 4488 443 4538 όὺ⁸τε
473 4484 630 4538 ἐκεῖνο
661 4481 930 4558 δυνάμεθα
967 4484 1150 4557 λέγειν,
1186 4485 1438 4546 παντελῶς
1469 4484 1754 4560 ἐξαπορού-

149 4593 317 4648 μενοι.

223 4761 273 4797 ⁸ο
292 4760 466 4817 Joan.
497 4776 575 4830 ιχ,
609 4761 695 4817 32.

1859 4495 2128 4559 parentes
2160 4490 2286 4558 ejus
2324 4486 2353 4541 ?
2402 4502 2513 4542 nos
2545 4485 2705 4540 enim
2734 4498 2928 4555 neque
2967 4481 3098 4544 hoc.
3153 4496 3348 4552 neque
3378 4479 3523 4536 illud

1863 4577 2056 4633 dicere
2108 4592 2452 4649 possumus,
2503 4574 2754 4630 omnino
2784 4569 3115 4628 conturbati
3146 4568 3520 4642 consilioque

1863 4665 2145 4723 destituti.

1357 4861 1580 4930 Variae
1609 4861 1939 4931 lectiones
1973 4873 2038 4930 et
2079 4869 2280 4931 notae.

219 5004 331 5075 (Ἠ)
354 5003 584 5059 Scilicet
613 5001 1046 5129 Chr$sostomi,
1071 5003 1174 5075 qui
1196 5003 1479 5060 audacter
1507 5005 1588 5061 ita
1616 5019 1740 5060 cor-

219 5076 314 5129 xit.
365 5075 506 5129 Vide
549 5079 690 5129 tom.
775 5075 864 5129 Ill.
899 5091 1036 5129 nea.
1075 5078 1204 5129 324.
1248 5075 1740 5129 Chrvsostomum

147 5076 314 5147 rexit.
365 5075 506 5131 Vide
549 5079 690 5131 tom.
722 5075 864 5147 Vill,
897 5091 1036 5147 pag.
1071 5078 1204 5147 324.
1248 5075 1744 5147 Chrysostomum

146 5146 414 5217 sequitur
441 5162 595 5203 unus
611 5162 682 5203 ex
699 5145 1008 5202 codicibus
1034 5145 1490 5217 Mosquensibus
1513 5147 1742 5203 N.Test.

148 5229 205 5290 ᾳ.
229 5215 331 5290 qui
365 5221 451 5272 est
474 5233 604 5290 cum
650 5217 914 5273 scholiis.
957 5215 1260 5284 Origenes,
1315 5218 1418 5290 qui
1449 5223 1596 5274 tom.
1641 5220 1742 5283 XX,

145 5287 206 5342 in
229 5287 517 5344 JOannem
551 5288 680 5344 haec
709 5290 850 5344 data
886 5305 1070 5361 opera
1122 5287 1558 5358 interpretatur,
1582 5289 1745 5345 hunc

146 5375 388 5431 versum
445 5365 636 5416 totum
699 5361 1098 5431 prmtermisit.
1145 5365 1470 5418 Πεντήκοντα
1505 5366 1745 5416 servant

145 5429 345 5502 Cyl-ill.
381 5437 418 5486 t.
444 5431 560 5504 71V,
596 5447 651 5502 p.
687 5429 787 5486 585
815 5432 874 5485 C.
911 5432 1384 5504 ;7Theophylact.
1422 5448 1479 5504 p.
1521 5434 1626 5504 690
1661 5435 1698 5486 E
1730 5449 1742 5497 ;

189 5517 400 5576 everus
439 5503 498 5557 in
531 5504 753 5558 Catena
805 5503 1085 5570 Corderii,
1127 5519 1186 5576 p.
1212 5503 1320 5559 21:3
1371 5521 1385 5572 ;
1422 5503 1478 5560 et
1505 5503 1742 5559 codices

189 5574 521 5630 robatiores
550 5588 776 5630 omnes.

219 5752 298 5823 (j)
331 5751 441 5822 Qui.
471 5751 678 5809 visum.
715 5753 879 5809 Forte
910 5751 1074 5824 legit,
1106 5748 1190 5808 διὸ
1230 5757 1318 5805 καὶ
1347 5753 1372 5806 ὁ
1426 5751 1738 5830 ἀναϐλέψας.

1921 5006 2035 5077 (72)
2069 5004 2303 5061 Inclusa
2343 5003 2578 5077 absunt
2610 5004 2676 5059 A.
2711 5005 2966 5064 Κτίστης,
2997 4997 3308 5071 quomodo
3339 4998 3519 5077 etiam

1856 5073 2198 5133 Eustathius
2234 5075 2447 5140 scribit,
2479 5075 2584 5147 qui
2642 5091 2781 5131 cum
2841 5077 3025 5147 κτίτης
3051 5073 3384 5142 comparat.
3408 5085 3518 5147 pro

1855 5148 2220 5204 substantivo
2255 5141 2516 5221 accipio;
2559 5161 2698 5211 non,
2765 5149 2825 5200 ut
2875 5141 3328 5214 interpres,’pro
3357 5141 3519 5198 adie-

1857 5222 2036 5275 ctivo.

1927 5291 2039 5363 (73)
2059 5292 2143 5346 Ita
2169 5289 2520 5362 plerumque
2535 5289 2996 5360 Chrysostomus
3013 5289 3269 5348 oratorie
3288 5289 3516 5354 laudat,

1853 5362 2026 5417 Joan.
2061 5378 2219 5417 xvnl.
2252 5366 2304 5424 6,
2327 5365 2510 5415 ἔπεσον
2541 5366 2740 5433 χαμαί.

1924 5433 2314 5499 (74)Γεννητῆς.

1929 5504 2042 5574 (75)
2065 5508 2126 5556 Δὶ
2155 5504 2326 5560 abest
2367 5511 2430 5558 Α.
