4088 6432
699 319 838 378 1303

2023 315 2380 377 summa
2431 314 2758 374 ZIGABENI
3863 323 3944 387 m;

701 452 855 503 atur.
882 445 1021 503 Vult
1047 444 1202 504 enim
1232 449 1518 513 astruere,
1561 443 1728 518 quod
1785 443 1980 513 major
2019 446 2115 510 sit,
2165 460 2315 517 qua:

2328 460 2351 499 ει
2385 442 2431 496 Α
2468 442 2818 518 Βούλεταιγὰρ
2832 443 3230 497 κατασκευάσαι
3250 443 3330 497 ὅτι
3349 445 3536 517 μείζων
3552 446 3656 498 ἔστὶ
3670 455 3746 499 τοὺ
3772 449 3942 526 ’Δίραάέμ

701 536 1000 592 Abraham
1038 552 1052 602 ;
1084 552 1226 592 nam
1258 535 1372 592 hoc
1422 535 1480 589 in
1525 533 1797 606 presenti
1840 549 1960 590 non
2012 533 2183 600 dixit,
2227 549 2356 605 pro-

699 631 830 699 pter
855 625 1119 697 ipsorum
1154 624 1616 697 impudentiam.

772 715 1060 770 Vers.55.
1122 715 1302 782 Quem
1368 744 1436 753 —
1497 713 1653 767 Vers.
1731 713 1821 769 55.
1884 727 2028 768 eum.
2099 743 2155 753 —
2224 712 2354 767 Non

699 804 1041 874 cognovisti:
1081 818 1225 865 eum,
1266 807 1467 872 utpote
1502 799 1786 873 operibus
1840 800 2006 856 illum
2041 807 2350 868 negantes.

702 892 853 948 Dicit
903 892 1063 946 enim
1121 896 1177 946 et
1229 890 1549 961 Apostolus
1595 907 1609 944 :
1665 890 2028 956 Conﬁtentur
2089 905 2150 945 se
2201 905 2356 945 nosse

702 983 909 1044 Deum.
951 981 1124 1048 factis
1153 985 1348 1035 autem
1380 986 1595 1049 negant
1625 981 1696 1036 ⁷⁷.
1725 978 1825 1033 Vel
1861 979 2040 1034 etiam
2089 994 2160 1033 eo
2189 978 2354 1050 quod

701 1085 820 1124 non
851 1068 1192 1136 agnoscatis
1216 1067 1418 1122 Filium
1474 1069 1628 1138 ejus.
1691 1066 1915 1122 Dictum
1970 1071 2058 1121 est
2117 1065 2276 1121 enim
2338 1085 2351 1121 :

700 1159 765 1213 Si
799 1173 891 1213 me
917 1158 1351 1226 cognoscentis,
1385 1157 1442 1213 et
1477 1158 1716 1212 Patrem
1767 1171 1952 1211 meum
2005 1156 2208 1227 utique
2265 1171 2357 1211 co-

699 1250 1055 1318 gnoscerelis
1111 1248 1180 1301 ⁷⁸.
1216 1246 1314 1302 Vel
1368 1261 1439 1301 eo
1495 1248 1661 1318 quod
1720 1260 1842 1300 non
1905 1245 2148 1299 servetis
2221 1245 2352 1315 ejus

702 1351 1007 1391 sermones
1037 1354 1053 1405 ;
1088 1350 1231 1390 nam
1285 1335 1332 1389 si
1362 1333 1792 1406 cognoscentis
1821 1349 1981 1398 eum,
2014 1348 2352 1389 sermonem

701 1425 831 1496 ejus
860 1425 1189 1480 servaretis.

773 1513 934 1568 Vers.
967 1514 1056 1568 55.
1107 1514 1234 1583 Ego
1285 1517 1471 1569 autem
1529 1514 1673 1567 navi
1729 1527 1880 1567 eum.
1944 1515 2070 1568 Non
2129 1511 2349 1574 solum,

703 1619 839 1659 cum
871 1618 942 1658 ex
973 1602 1104 1674 ipso
1131 1603 1268 1665 sim,
1314 1610 1370 1657 et
1396 1601 1663 1671 ejusdem
1707 1600 2076 1662 substantiae,
2123 1607 2353 1656 natur

703 1697 759 1748 et
787 1692 1069 1757 scientiae,
1103 1693 1202 1746 sed
1251 1691 1428 1747 etiam
1482 1697 1771 1762 tanquam
1826 1705 2166 1744 sermonem
2224 1690 2353 1758 ejus
2384 1725 2427 1780 Β

703 1795 967 1838 servans.
996 1784 1140 1836 Nam
1170 1784 1227 1835 et
1257 1779 1532 1851 superius
1578 1779 1725 1833 dixit
1778 1795 1790 1833 :
1847 1779 1953 1834 Est
2007 1794 2202 1841 verax.
2252 1779 2355 1849 qui

703 1871 858 1926 misit
893 1885 1000 1934 me,
1029 1885 1200 1940 quem
1231 1885 1324 1924 vos
1356 1883 1473 1924 non
1501 1868 1716 1923 nostis:
1754 1883 1858 1937 ego
1887 1882 2021 1923 vero
2044 1868 2183 1922 novi
2201 1883 2352 1934 eum,

704 1960 846 2032 quia
873 1960 947 2014 ab
973 1975 1037 2015 eo
1065 1975 1194 2014 sum
1215 1960 1287 2011 τ’.

773 2049 915 2103 Vers
970 2054 1057 2103 55.
1117 2050 1179 2103 Et
1239 2077 1308 2088 —
1354 2047 1630 2102 mendax.
1667 2046 1782 2102 Vos
1815 2047 1974 2102 enim
2024 2046 2355 2102 mentimini

703 2138 970 2193 dicentes
1010 2137 1196 2192 Deum
1249 2141 1513 2191 vestrum
1564 2152 1716 2201 esse,
1770 2152 1906 2191 cum
1964 2151 2083 2190 non
2135 2152 2358 2204 cogno-

706 2227 884 2281 scatis
922 2243 1080 2286 enim,
1126 2232 1188 2281 ut
1246 2225 1596 2296 praedictum
1656 2233 1760 2278 est.
1820 2225 2090 2280 Notitiam
2152 2230 2353 2279 autem

704 2322 760 2371 et
789 2316 1188 2385 cognitionem
1222 2315 1381 2378 dicit,
1425 2329 1599 2368 nosse
1627 2314 1994 2385 simpliciter.
2038 2320 2094 2368 et
2138 2329 2355 2385 cogno-

705 2420 866 2459 scere
918 2404 1080 2476 quod
1139 2405 1209 2458 sit
1271 2403 1424 2457 Deus
1477 2408 1533 2457 et
1589 2403 1772 2464 Pater.
1831 2418 1946 2456 non
2036 2403 2183 2458 scire
2255 2406 2352 2458 Dei

702 2499 998 2550 naturam.
1033 2496 1175 2548 Nam
1203 2494 1336 2563 ipsa
1373 2507 1492 2546 non
1535 2492 1732 2545 solum
1796 2493 2076 2560 cognosci
2132 2492 2350 2562 nequit,

705 2598 906 2638 verum
937 2583 1111 2636 etiam
1143 2582 1389 2636 omnino
1447 2580 1892 2647 inintelligibilis
1941 2587 2028 2635 est
2079 2589 2134 2635 et
2189 2582 2354 2636 inac-

703 2671 1012 2736 cessibilis,
1043 2686 1149 2725 nec
1189 2676 1406 2724 tantum
1440 2668 1806 2734 hominibus,
1868 2670 1973 2723 sed
2023 2675 2079 2725 et
2107 2669 2356 2725 coelesti-

705 2759 814 2813 bus
853 2759 1184 2813 virtutibus.

777 2846 940 2902 Vers.
975 2848 1062 2902 56.
1123 2847 1233 2902 Sed
1286 2878 1351 2886 —
1407 2861 1596 2902 servo.
1653 2846 1850 2912 Vides,
1884 2846 2045 2919 quod
2105 2848 2203 2902 Dei
2236 2863 2353 2903 ser-

702 2951 946 2992 monem
1006 2952 1262 3000 servare,
1315 2935 1552 3005 signum
1610 2936 1678 2991 sit
1732 2935 1896 3007 quod
1959 2937 2096 3008 quis
2165 2939 2349 2993 Deum

703 3031 1044 3094 cognoscat.
1078 3025 1422 3080 Timeamus
1453 3024 1649 3090 igitur,
1698 3025 1862 3097 quod
1896 3026 1990 3081 Dei
2057 3034 2353 3095 praecepta

701 3129 823 3170 non
855 3130 1180 3179 servamus,
1237 3120 1521 3184 tanquam
1553 3131 1691 3170 cum
1748 3115 1833 3169 eis
1889 3116 2214 3185 constituti,
2246 3114 2352 3188 qui

704 3202 890 3258 Deum
925 3204 1218 3273 ignorant.
1252 3203 1473 3258 Deinde
1517 3203 1745 3275 probat,
1795 3203 1960 3275 quod
2007 3205 2201 3274 major
2255 3205 2348 3270 sit,

701 3307 886 3365 quam
915 3293 1239 3349 Abraham.

774 3381 934 3438 Vers.
1015 3387 1100 3438 56.
1143 3383 1448 3439 Abraham
1505 3412 1574 3422 —
1625 3397 1837 3439 meum.
1896 3412 1967 3427 —
2017 3384 2352 3440 Ezsultavit

702 3470 829 3526 sive
880 3471 1240 3543 concupivit.
1274 3471 1434 3527 Diem
1475 3475 1667 3526 autem
1733 3486 1913 3526 suum
1993 3471 2137 3529 dicit
2188 3471 2352 3528 diem

699 3559 1018 3633 passionis.

772 3649 934 3704 Vers.
995 3653 1080 3703 56.
1135 3649 1208 3703 Et
1267 3649 1436 3714 vidit,
1496 3654 1551 3705 el
1619 3649 1858 3718 gavisus
1927 3655 2032 3706 est.
2092 3649 2350 3706 Gavisus

700 3742 788 3791 est
812 3743 1047 3808 propter
1100 3736 1345 3792 salutem
1402 3736 1631 3790 mundi.
1703 3737 2117 3806 Prmcognovit
2183 3755 2350 3795 nam-

699 3840 817 3896 que
858 3825 1209 3896 mysterium
1251 3826 1652 3880 crucitixionis
1696 3828 1930 3882 Christi.
1988 3829 2352 3884 Desideravit

699 3913 900 3968 videre
940 3913 1098 3967 diem
1162 3915 1349 3984 ipsius
1387 3922 1440 3968 et
1485 3915 1624 3968 vidit
1674 3915 1838 3970 illum
1894 3917 2346 3988 praeﬁguratum

699 4001 1224 4064 etadumbratum,
1278 4003 1333 4057 in
1385 4003 1479 4057 die
1533 4019 1655 4073 quo
1704 4003 1890 4059 tilium
1943 4022 2119 4060 suum
2181 4006 2348 4063 Isaac

698 4091 911 4146 obtulit
949 4091 1006 4146 in
1032 4091 1470 4146 holocaustum.
1520 4093 1721 4147 Didicit
1763 4095 1942 4156 enim,
1989 4096 2147 4166 quod
2201 4097 2349 4152 sicut

699 4181 829 4251 ipse
879 4196 996 4234 non
1069 4182 1331 4252 pepercit
1377 4197 1487 4235 suo
1548 4183 1762 4236 dilecto
1835 4192 2077 4254 prOpter
2135 4186 2345 4252 Deum,

2467 538 2700 601 Φανερῶς
2756 536 2854 607 γὰρ
2881 541 2969 585 νῦν
3002 532 3096 586 οῦκ
3128 530 3233 587 εἶπε
3263 542 3412 587 τοῦτο
3439 531 3474 587 δ
3480 538 3532 587 ιὰι
3559 539 3641 593 τὴν
3674 534 3946 610 ἀναισχυντίπ

2468 622 2636 674 αὐτῶν
2645 662 2657 676 .

2536 711 2630 763 ’ον
2689 742 2759 753 -
2813 711 2989 764 αὐτόν.
3053 743 3119 754 -
3161 712 3272 765 Ούκ
3327 712 3574 784 ίγνώκατε
3627 714 3779 780 αὐτὸν,
3813 721 3862 779 ὡς
3888 730 3946 782 τοῖς

2466 804 2632 876 ἔργοις
2679 799 2979 873 ἀρνούμενοι
3025 801 3197 854 αὐτόν.
3255 808 3390 860 Φησὶ
3444 806 3547 875 γὰρ
3595 808 3678 855 καὶ
3725 806 3946 859 alain».-

2464 889 2545 948 λος
2627 892 2706 941 ὅτι
2753 895 2882 942 Θεὸν
2939 890 3280 963 ὁμολογοῦσιν
3337 888 3552 959 εἰδέναι,
3602 901 3700 955 τοῖς
3753 891 3800 947 δέ
3849 901 3948 968 ἔργοις

2468 975 2762 1048 ἀρνοῦνται.
2828 978 2894 1032 Ἦ
2952 985 3038 1032 καὶ
3097 984 3160 1041 ὡς
3212 985 3283 1053 μὴ
3340 980 3607 1052 ἕγνωκότες
3655 987 3730 1033 τὸν
3778 987 3865 1036 Υἱὸν
3898 990 3947 1038 τᾴ-

2465 1075 2577 1119 τοῦ.
2633 1073 2916 1140 Προείρηκε
2979 1073 3080 1144 γὰρ
3144 1073 3224 1122 ὅτι
3282 1071 3340 1123 Εἰ
3415 1069 3503 1143 ἔμε
3581 1067 3756 1142 ᾔδειτε,
3803 1081 3867 1126 καὶ
3902 1097 3944 1126 τεν

2468 1160 2675 1227 Πατέρα
2734 1176 2834 1226 μου
2893 1153 3069 1229 ᾔδειτε
3123 1159 3203 1210 οἶν.
3267 1157 3330 1212 Ἦ
3393 1162 3458 1220 ὡς
3516 1165 3586 1231 μή
3649 1169 3868 1231 τηροῦντες
3902 1186 3944 1215 τῇ

2465 1243 2616 1313 λόγον
2639 1245 2819 1298 αὐτοῦ·
2854 1246 2897 1298 εί
2918 1249 3020 1319 γὰρ
3055 1245 3229 1319 ᾔδειτε
3259 1249 3435 1313 αὐτὸν,
3460 1247 3679 1323 ἐτηρείτε
3705 1250 3756 1300 ἄν
3776 1255 3840 1302 τὸν
3862 1253 3943 1324 ὶητι

2466 1353 2648 1388 αυτοῦ.

2540 1511 2673 1582 Ἐγὼ
2705 1508 2764 1565 δε
2794 1509 2882 1564 οἶδ
2887 1532 2919 1565 α
2958 1515 3132 1570 αύτόν.
3180 1518 3255 1568 Ού
3285 1520 3439 1588 μόνον
3485 1518 3550 1577 ὡς
3579 1517 3629 1579 ἐξ
3657 1517 3791 1569 αὐτοῦ
3813 1527 3874 1569 καὶ
3898 1529 3943 1574 re;

2465 1601 2624 1661 αὐτῆς
2654 1602 2840 1663 οὐσίας
2869 1608 2957 1654 καὶ
2985 1607 3184 1674 φύσεως
3212 1610 3300 1658 καὶ
3327 1612 3571 1676 γνώσεως
3599 1611 3681 1670 ὧν,
3710 1605 3813 1657 ἀλλὰ
3841 1612 3944 1666 me;

2464 1690 2720 1761 τὸνλόγον
2746 1691 2906 1743 αὐτοῦ
2933 1702 3122 1763 τηρῶν.
3161 1699 3260 1746 Καὶ
3290 1694 3463 1747 ὀπίσω
3495 1692 3554 1747 δι
3585 1692 3727 1759 εἶπεν,
3762 1698 3821 1747 ὃτι
3842 1698 3942 1747 Ἐςτιλ

2465 1780 2664 1840 ἀληθής
2837 1782 2863 1832 ὁ
2887 1781 3094 1853 πέμψας
3131 1801 3214 1853 με,
3245 1783 3299 1834 ὃν
3344 1785 3493 1855 ύμείς
3525 1784 3618 1836 οὐκ
3641 1781 3809 1852 οἴδατε,
3837 1782 3942 1855 ἀερςέ

2465 1865 2590 1921 οἶδα
2621 1869 2797 1939 αὑτὸν,
2832 1873 2908 1922 ὅτι
2942 1872 3064 1945 παρ’
3098 1872 3257 1925 αὑτοῦ
3288 1873 3422 1945 εἰμι,

2542 2051 2642 2099 καί
2697 2078 2765 2088 -
2820 2047 3071 2119 ψεύστης.
3129 2047 3391 2104 Ψεύδεσθι
3453 2054 3558 2123 ’γὰρ
3630 2053 3759 2124 ὑμεῖς
3811 2052 3938 2122 λέγοιτξς

2467 2137 2546 2187 ὃτι
2572 2136 2690 2206 (67)
2743 2140 2868 2197 Θεὸς
2917 2139 3059 2210 ὑμῶν
3114 2137 3272 2201 ἔστιν,
3316 2140 3375 2191 ού
3429 2143 3534 2212 γὰρ
3599 2140 3815 2212 ἐγνώκατε
3847 2142 3935 2192 '35.,

2468 2230 2537 2287 ὡς
2592 2233 2916 2301 προείρηται.
2977 2226 3199 2287 Είδησιν
3273 2227 3332 2283 δε
3397 2237 3489 2284 καὶ
3561 2236 3742 2303 γνῶσίν
3795 2251 3878 2302 φηςι
3913 2251 3933 2278 τε

2467 2313 2659 2368 εἰδέναι
2684 2323 2772 2369 καί
2803 2325 3077 2388 γινώσκειν
3107 2319 3275 2379 ἁπλῶς
3305 2321 3385 2372 ὄτι
3416 2319 3535 2374 ἆστὶ
3577 2325 3696 2382 Θεὸς
3725 2327 3797 2371 καὶ
3831 2327 3931 2388 Hm}.

2465 2405 2524 2457 οὗ
2565 2410 2667 2476 μὴν
2707 2410 2800 2463 τήν
2833 2407 2944 2476 (68)
2977 2415 3071 2467 τῆς
3101 2410 3301 2478 φύσεως
3347 2417 3443 2460 τοῦ
3494 2417 3648 2463 Θεοῦ.
3693 2411 3807 2467 Δύτε
3834 2410 3928 2480 71a:

2466 2500 2618 2566 μόνον
2667 2497 2948 2566 ἄγνωστος,
3005 2495 3132 2548 ἀλλὰ
3181 2503 3270 2549 καὶ
3322 2497 3587 2561 παντελῶς
3638 2497 3865 2556 ﬁrmans—5;
3887 2518 3918 2545 ιε

2468 2581 2888 2655 ἀνεπιχείρητος,
2920 2589 3010 2636 καὶ
3041 2585 3100 2637 ού
3130 2590 3282 2658 μόνον
3313 2585 3628 2660 ἀνθρώποις,
3669 2587 3784 2640 ἀλλὰ
3805 2592 3916 2640 κε

2466 2673 2728 2745 οὐρανίαις
2769 2670 2803 2726 δ
2806 2676 3072 2746 υνάμεσιν.

2539 2850 2678 2904 Ἀλλ’
2701 2882 2770 2891 -
2799 2860 2960 2925 τηρῶ.
2984 2857 3136 2923 Ὁρᾷς
3153 2853 3233 2905 ὃτι
3253 2855 3311 2905 τὸ
3338 2855 3424 2905 τὸν
3445 2853 3602 2926 λόγον
3629 2863 3714 2908 τοῦ
3738 2861 3837 2908 Θεοῦ
3852 2858 3937 2924 ags

2470 2945 2682 3011 σημεῖον
2710 2939 2826 2991 ἆοτι
2849 2949 2939 2992 τοῦ
2967 2937 3158 2992 εἰδέναι
3185 2941 3359 2993 αὐτόν.
3380 2942 3699 3016 Φαϐηθῶμεν
3722 2949 3849 2995 τοίνυν
3864 2945 3941 2991 sit:

2466 3028 2666 3088 ἐντολὰς
2696 3035 2785 3080 τοῦ
2822 3033 2949 3082 Θεοῦ
2979 3033 3051 3100 μὴ
3101 3029 3460 3100 φυλάττοντες,
3496 3033 3569 3092 ὡς
3599 3037 3851 3103 ταττόμενοι
3880 3047 3942 3096 sit:

2465 3126 2564 3169 τῶν
2597 3116 2915 3188 ἀγνοούντων
2960 3122 3046 3170 τὸν
3087 3124 3234 3173 Θεὸν.
3278 3116 3404 3172 Εἶτα
3441 3122 3802 3182 κατασκευάζει
3830 3123 3886 3169 καὶ
3909 3119 3944 3165 ἐτι

2464 3207 2656 3278 μείζων
2688 3205 2801 3258 ἕστὶ
2830 3215 2921 3258 τοῦ
2955 3205 3213 3280 Ἁϐραάμ.

2539 3294 2776 3369 ’Λεραὰμ
2833 3326 2900 3336 ——
2957 3294 3099 3367 ἐμήν.
3165 3327 3232 3337 —
3294 3297 3694 3368 Ἦγαλλιάσατο,
3740 3303 3860 3368 ἑγοω

2466 3387 2716 3457 θύμησεν.
2793 3384 3038 3458 [Ἡμέραν
3110 3386 3223 3457 (69)
3278 3383 3335 3440 δε
3406 3388 3573 3442 αὐτοῦ
3629 3388 3751 3461 λέγει
3805 3390 3870 3444 τὴν
3904 3402 3945 3432 τεδ

2465 3482 2716 3547 σταυροῦ.

2536 3657 2635 3706 Καὶ
2693 3648 2820 3716 εἶδε,
2869 3657 2955 3705 καὶ
3011 3652 3204 3728 ἕχάρη.
3265 3654 3466 3728 Ἐχάρη
3520 3652 3613 3709 διὰ
3657 3661 3740 3714 τὴν
3783 3657 3947 3722 σωτηρίῃ

2459 3750 2551 3794 τοῦ
2600 3746 2822 3813 κόσμου.
2873 3747 3131 3814 Προγνοὺς
3172 3745 3272 3816 γὰρ
3325 3747 3383 3796 τὸ
3439 3751 3724 3819 μυστήριον
3769 3751 3948 3802 vim?”

2460 3837 2667 3903 ρώσεως
2711 3839 2801 3882 τοῦ
2866 3838 3100 3903 Χριστοῦ
3152 3830 3499 3906 ἕπεθύμησεν]
3558 3832 3680 3887 ἰδεῖν
3727 3838 3803 3890 τὴν
3834 3833 3948 3900 fuit?”

2461 3921 2640 3984 αὑτοῦ,
2703 3925 2793 3972 καὶ
2842 3916 2975 3972 εἶδεν
3025 3921 3181 3978 αὐτὴν
3240 3920 3260 3993 [
3313 3924 3856 3997 προσκιαγραφηθεῐσαν
3888 3919 3948 3984 (TUI

2458 4008 2571 4080 καὶ]
2601 4004 3023 4061 διατυπωθείσαν
3055 4008 3102 4060 εν
3145 4017 3206 4081 τῇ
3255 4012 3422 4082 ἡμέρᾳ
3452 4013 3572 4064 καθ’
3603 4015 3660 4071 ἡν
3689 4010 3880 4078 ἀνήνεγκε
3908 4023 3949 4054 τω

2460 4101 2570 4150 υἱὸν
2611 4097 2770 4150 αὐτοῦ
2819 4116 2904 4148 τον
2934 4099 3120 4150 Ἰσαὰκ
3172 4099 3245 4159 εἰς
3295 4099 3672 4172 ὁλοκοίρπωσιν,
3715 4099 3866 4170 "Eucti:
3896 4097 3949 4163 7i;-

2461 4190 2562 4253 ὃτι,
2612 4189 2784 4256 ὥσπερ
2834 4185 2985 4246 αὐτὸς
3035 4186 3128 4238 οῦκ
3168 4191 3404 4259 ἐφείσατε
3461 4199 3555 4242 τοῦ
3604 4192 3711 4242 υἱοῦ
3758 4188 3876 4238 αὑτοῦ
3904 4201 3948 4230 πυ

698 4269 777 4324 ita
816 4284 1011 4340 neque
1051 4269 1201 4324 Deus
1244 4272 1574 4340 parciturus
1628 4277 1783 4327 esset
1847 4272 1988 4328 Filio
2043 4290 2153 4328 suo
2203 4275 2312 4329 dile

2331 4305 2350 4316 -
2387 4260 2428 4314 ί)
2464 4275 2737 4346 ἀγαπητοῦ
2774 4271 2866 4327 διὰ
2904 4278 2991 4327 τὸν
3031 4279 3180 4342 Θεὸν,
3232 4277 3392 4338 οὕτως
3433 4275 3560 4332 add":
3610 4279 3635 4330 ὁ
3670 4279 3774 4336 Θεὸς
3804 4278 3945 4347 etiam!

699 4365 793 4414 cto
824 4367 1063 4430 prOpter
1089 4359 1414 4414 hominem.
1453 4362 1515 4414 Et
1541 4361 2060 4431 quemadmodum
2093 4363 2190 4417 ille
2217 4379 2348 4433 por-

698 4450 840 4504 tavit
879 4447 1037 4519 ligna
1069 4448 1397 4503 holocausti
1464 4449 1572 4516 sui,
1641 4450 1718 4504 ita
1771 4456 1825 4504 et
1854 4451 1978 4520 ipse
2011 4459 2350 4522 portaturus

698 4542 851 4591 esset
887 4536 1119 4606 lignum
1161 4537 1364 4592 mortis
1403 4553 1545 4592 suae.
1592 4539 2028 4604 Verumtamen,
2065 4541 2213 4596 sicut
2253 4541 2350 4596 illo

698 4641 815 4680 non
858 4642 1040 4697 passo
1072 4627 1413 4698 suppositus
1445 4632 1529 4680 est
1569 4626 1721 4681 aries
1760 4644 1771 4681 :
1807 4627 1887 4682 ita
1945 4634 2001 4683 et
2053 4628 2167 4684 hoc
2219 4647 2351 4686 ma-

697 4721 874 4770 nente
905 4715 1280 4788 impassibili,
1312 4714 1660 4770 humanitas
1685 4718 1814 4786 ejus
1838 4717 2035 4772 occisa
2054 4719 2350 4784 est.Uuod

701 4803 751 4857 si
777 4802 933 4858 diem
966 4805 1093 4874 ejus
1123 4803 1324 4860 videre
1354 4803 1729 4869 desideravit,
1773 4803 1978 4877 utique
2026 4806 2138 4862 hoc
2200 4813 2344 4878 erat,

700 4894 989 4962 tanquam
1031 4893 1302 4964 majoris.

771 5103 817 5137 ⁷⁷
847 5103 952 5162 Tit.
978 5106 1116 5173 1,16.
1218 5106 1461 5165 "Joan.
1488 5123 1603 5177 vui,
1641 5110 1725 5165 19.
1803 5111 2041 5167 "Joan.
2071 5129 2163 5176 vn,
2192 5115 2280 5168 26.

2462 4374 2552 4417 τοῦ
2586 4366 2706 4417 Υἱοῦ
2737 4363 2896 4416 αὑτοῦ
2936 4370 3026 4416 τοῦ
3056 4363 3330 4434 ἀγαπητοῦ
3373 4363 3406 4418 δ
3412 4369 3467 4418 ιὰ
3493 4370 3579 4419 τόν
3622 4368 3862 4438 ἄνθρωπον.
3895 4365 3942 4410 ἱεέ

2463 4457 2635 4525 ὥσπερ
2712 4453 2860 4514 οὗτος
2909 4452 3166 4505 ἐϐάστασε
3216 4457 3280 4506 τὰ
3326 4454 3452 4517 ξύλα
3507 4464 3604 4518 τῆς
3658 4454 3942 4525 ὀλοκαρπώτενέ

2465 4544 2643 4607 αὑτοῦ,
2686 4544 2820 4594 ούτω
2847 4540 3080 4603 κακεῖνος
3128 4541 3386 4615 βαστάσει
3416 4548 3470 4596 τὸ
3498 4544 3645 4607 ξύλον
3685 4551 3764 4596 τοῦ
3810 4543 3937 4592 6am:-

2461 4634 2639 4684 αὐτοῦ.
2695 4631 2832 4689 Πλὴν
2883 4632 3116 4702 καθάπερ
3178 4634 3362 4684 τούτου
3427 4637 3686 4704 μείναντος
3736 4630 3935 4682 «inﬁmi

2459 4723 2604 4793 κριὸς
2656 4718 2833 4784 ἐτύθη,
2901 4720 3036 4772 οὕτω
3086 4718 3322 4773 κάκείνου
3393 4724 3630 4793 μένοντος
3693 4720 3874 4774 ἀπαθοῦς
3910 4728 3933 4757 ⁷³

2460 4808 2776 4883 ἀνθρώπινον
2843 4808 3002 4861 αὑτοῦ
3070 4810 3558 4880 σφηιασθὴσεται.
3635 4809 3692 4864 Εἰ
3754 4804 3804 4860 δι
3844 4802 3930 4856 ἐπεάν

2458 4917 2623 4970 μησεν
2673 4893 2802 4950 ἰδεῖν
2853 4902 2946 4955 τὴν
3004 4898 3200 4970 ἡμέραν
3262 4897 3441 4970 αὐτοῦ,
3505 4901 3576 4962 ὡς
3622 4899 3828 4972 μείζονος
3872 4909 3924 4940 εῖτ

2458 5007 2578 5047 τως.

1922 5288 2136 5357 Varia:
2174 5288 2504 5358 lectiones
2548 5300 2613 5357 et
2655 5298 2854 5357 notae.

769 5442 882 5522 (_66)
909 5443 980 5522 _ln
1023 5448 1321 5522 contextu,
1350 5445 1467 5522 illo
1495 5445 1554 5501 in
1591 5446 1719 5522 loco
1762 5448 1944 5522 codd.
1997 5449 2347 5522 Euthymius

698 5513 1286 5591 h_abernt_vulg_a_t_u_m
1342 5517 1622 5591 ἀληθινός.
1665 5518 1778 5591 Sed
1829 5513 2348 5591 Chrysost.'refert

701 5585 1080 5662 alaejg_'l‘om.
1115 5585 1253 5652 Vill,
1275 5604 1342 5662 _p.
1375 5589 1498 5658 294,
1523 5590 1648 5656 295,
1680 5585 2012 5662 aliquoties.

767 5659 881 5728 (6‘7)
905 5655 964 5710 Ὁ
995 5655 1312 5729 interponit
1341 5665 1408 5715 Α.

767 5729 880 5800 (68)
948 5735 1053 5788 Τήν
1135 5729 1303 5786 abest
1376 5737 1441 5786 A.
1533 5729 1800 5787 Refertur
1865 5731 1934 5788 ad
2002 5731 2208 5794 εῖδησιν
2256 5741 2344 5790 καὶ

2457 5471 2670 5523 γνωσιν.

2530 5525 2642 5592 (69)
2683 5521 2911 5575 Inclusa
2935 5519 3156 5576 absunt
3182 5523 3248 5575 Α.
3871 5575 3883 5592 ,

2530 5595 2641 5664 (70)
2683 5593 2920 5649 Inclusa
2951 5591 3174 5648 absunt
3212 5596 3277 5648 A.
3311 5593 3531 5652 Ibidem
3564 5593 3766 5666 legitur,
3797 5591 3917 5658 πρθςίιε·

2461 5666 2806 5718 θυπωθείσαν.
