4088 6456
174 341 320 399 1305

1262 340 1608 399 COMMENT
1647 342 1717 399 IN
1754 341 2104 399 JOANNEM.
2146 373 2214 384 —
2251 343 2408 398 CAP.
2453 341 2549 399 IX.

3401 342 3424 396 1
3437 342 3542 399 306

251 473 352 522 Καὶ
382 500 450 509 -
478 467 706 541 ἑώρακας
732 483 746 535 ;
772 466 960 541 ’ᾩοντο
986 468 1088 541 γὰρ
1120 467 1272 520 αὐτὸν
1303 466 1458 539 ἐγγὺς
1485 465 1614 521 εἶναι
1652 488 1762 520 πεν-

1955 469 2118 523 Vers.
2153 470 2240 523 57.
2268 467 2440 522 Et—
2490 466 2690 523 vidisti
2742 464 2771 521 ν
2823 465 3121 522 Putabant
3183 465 3342 522 enim
3399 482 3538 523 eum

172 563 404 617 τήκοντα
453 557 574 609 ἐτῶν
625 555 719 610 διὰ
767 562 862 613 τήν
917 557 1254 629 πολυπειρίαν
1309 557 1489 611 αὐτοῦ.
1536 559 1665 610 Τινὰ
1713 553 1773 609 δὲ

174 656 275 700 τῶν
329 648 440 718 (Ti)
495 646 819 722 ἀντιγράφων
859 649 1252 720 τεσσαράκοντα
1292 649 1604 722 γράφουσιν,
1647 647 1770 719 ὅπερ

176 732 324 790 δοκεῖ
350 735 730 810 ἀκριϐέστερον.

248 912 398 967 Εἶπεν
451 945 518 955 -
574 914 698 976 εἰμι.
748 914 836 976 Ὠς
903 918 1050 976 Θεός.
1108 919 1207 968 Καὶ
1264 913 1358 966 οὐκ
1417 909 1574 981 εἶπεν,
1637 912 1772 984 Ἐγώ

173 1006 336 1075 ἤμην,
415 1002 519 1055 ἀλλ’
581 1004 711 1074 Ἐγώ
763 1003 871 1076 εἰμι
913 1005 938 1055 ό
999 1002 1078 1056 ἀεὶ
1139 1007 1226 1054 ὤν.
1259 1007 1328 1055 T6
1354 1005 1443 1069 μὶν
1491 999 1580 1054 οὖν
1637 1005 1773 1072 γενέ-

175 1094 304 1144 σθαι
363 1100 580 1145 κτιστοῦ
614 1096 714 1144 ’τό
807 1089 866 1145 δε
931 1093 1052 1165 Εἰμὶ
1131 1090 1381 1144 ἀκτίστου
1431 1093 1448 1163 [
1504 1096 1594 1144 καὶ
1655 1093 1771 1162 (72)

171 1186 393 1234 κτίστου

246 1270 412 1346 Ἦραν
450 1298 504 1311 --
554 1270 731 1323 αὐτόν.
789 1273 854 1324 Οἱ
888 1277 1072 1343 ταχεῖς
1111 1273 1239 1344 πρὸς
1268 1275 1414 1342 φόνον
1446 1291 1458 1303 ·
1488 1269 1769 1343 Ἠγρίαναν

172 1361 276 1432 γὰρ
327 1357 570 1423 δόξαντες
621 1358 936 1432 ὑϐρισθῆναι
979 1364 1065 1412 τόν
1124 1359 1361 1435 Ἀϐραὰμ
1403 1377 1415 1388 ⁸
1451 1360 1561 1431 ἅμα
1590 1356 1648 1412 δὲ
1681 1364 1770 1412 καὶ

171 1453 380 1520 γνόντες
409 1451 487 1502 ὅτι
518 1445 797 1508 ἀίδιότητα
834 1457 967 1503 Θεοῦ
992 1451 1320 1522 περιτίθησιν
1348 1449 1530 1519 ἑαυτῷ.

247 1627 454 1688 Ἰησοῦς
511 1625 570 1681 δε
617 1627 833 1702 ἐκρύϐη.
879 1629 1129 1701 Ἀόρατος
1186 1627 1364 1689 αὐτοῖς
1424 1631 1647 1685 κατέστη
1702 1635 1764 1698 τῇ

171 1717 388 1790 ἐξουσίᾳ
417 1725 509 1778 τῆς
548 1719 807 1778 θεότητος.

248 1811 348 1860 Καὶ
381 1809 540 1882 ἱεροῦ.
566 1813 677 1860 Ἵνα
704 1806 1008 1866 κατασταλῆ
1043 1808 1068 1859 ὁ
1103 1808 1264 1878 θυμός
1292 1806 1482 1861 αὐτῶν.

243 1984 459 2038 Διελθών
488 2017 557 2025 -
586 1985 776 2038 αὐτῶν.
831 1991 917 2044 Μὴ
963 1985 1260 2057 ἰσχυόντων
1293 1982 1422 2037 ἰδεῖν
1462 1985 1634 2041 αὐτόν.
1671 1991 1768 2042 Καὶ

169 2073 320 2128 διατί
371 2074 466 2126 οὐκ
522 2073 754 2138 ἐξέλυσεν
785 2075 952 2128 αὐτῶν
992 2079 1085 2132 τῆν
1136 2071 1357 2146 δύναμιν
1401 2079 1490 2127 καὶ
1547 2082 1774 2147 φανερῶς

169 2163 476 2237 ἀνεχώρησε
498 2181 510 2230 ;
544 2169 686 2217 Διότι
703 2166 811 2217 οὔθ’
834 2165 994 2225 οὕτως
1016 2163 1218 2236 ἔμελλον
1247 2166 1530 2218 πιστεύειν.
1554 2167 1765 2237 Καὶγὰρ

169 2253 220 2306 ἐν
249 2262 318 2324 τῷ
347 2261 512 2327 καιρῷ
543 2261 636 2305 τοῦ
697 2255 900 2314 Πάθους
945 2255 1158 2314 ὑπτίους
1190 2254 1302 2323 (73)
1355 2253 1538 2313 αὐτοὺς
1567 2252 1762 2328 ἦόῥιψε,

167 2349 261 2396 καὶ
290 2347 384 2396 τὰς
404 2343 545 2413 ἅψεις
575 2343 742 2395 αὐτῶν
766 2341 1026 2407 ἕσκότισε,
1067 2348 1157 2394 καὶ
1187 2343 1279 2395 οὐκ
1310 2341 1640 2397 ἐπίστευσαν.
1664 2343 1763 2395 Οὐ·

170 2427 259 2483 δεν
288 2433 386 2504 γὰρ
419 2438 597 2503 χεῖρον
626 2429 815 2502 ψυχῆς
847 2430 1225 2502 ἁπεγνωκυίας.
1284 2429 1389 2484 Κᾶν
1435 2434 1537 2504 γὰρ
1572 2438 1766 2503 σημεῖα

166 2517 288 2593 ἴδῃ,
315 2519 409 2572 κᾶν
439 2525 648 2595 τέρατα,
679 2525 816 2593 μένει
845 2525 938 2580 τὴν
965 2521 1126 2580 αὐτὴν
1170 2524 1375 2594 ἔχουσα
1403 2520 1555 2574 πάλιν
1583 2519 1766 2573 ἀναισ-

164 2615 411 2683 χυντίαν.

246 2704 344 2753 Καὶ
372 2707 604 2773 παρῆγεν
625 2700 810 2762 οὕτως.
841 2699 1110 2763 Ἐϐάδιζεν
1150 2702 1326 2768 οὕτως,
1362 2705 1434 2774 μὴ
1469 2704 1764 2774 φαινόμενος

165 2788 366 2850 αὐτοῖς.

420 2884 565 2932 ΚΕΦ.
609 2876 661 2933 1’.
690 2883 812 2952 Περὶ
840 2886 932 2932 τοῦ
971 2878 1026 2933 ἐκ
1063 2889 1268 2951 γενετῆς
1296 2879 1510 2952 τυφλοῦ.

240 2971 342 3020 Καὶ
371 2998 440 3008 -
467 2976 692 3038 γενετῆς.
718 2967 940 3021 Βεϐαιῶν
970 2968 1006 3021 ἃ
1035 2965 1161 3034 εἷπε,
1193 2974 1282 3022 καὶ
1310 2971 1649 3041 πιστούμενος
1683 2971 1762 3020 ὅτι

1883 555 2066 612 ferme
2123 571 2254 612 esse
2304 556 2911 629 quinquagenarium,
2990 559 3233 627 propter
3285 555 3537 612 multam

1882 646 2015 718 ejus
2059 646 2331 718 peritiam
2381 651 2437 702 et
2481 645 2927 718 experientiam.
2998 644 3280 710 Quaedam
3337 650 3537 701 autem

1883 735 2249 806 exemplaria
2317 733 2557 800 habent,
2607 734 3037 806 quadraginta,
3081 733 3258 806 gquod
3307 733 3540 790 videtur

1882 840 2009 880 esse
2039 825 2251 880 verius.

1953 914 2113 968 Vers.
2194 917 2278 969 58.
2333 913 2506 969 Dixit
2571 943 2639 952 —
2704 927 2854 967 sum.
2886 914 3198 984 Tanquam
3243 912 3418 967 Deus.
3474 912 3540 968 Et

1880 1017 1996 1057 non
2049 1002 2217 1066 dixit,
2280 1004 2399 1071 Ego
2441 1017 2606 1057 eram
2647 1001 2826 1072 ;sed,
2876 1001 3002 1071 Ego
3026 1017 3174 1068 sum,
3232 1001 3331 1072 qui
3386 1016 3542 1056 sem-

1879 1107 1986 1162 per
2016 1108 2172 1146 sum.
2204 1092 2344 1148 Fieri
2373 1091 2664 1163 siquidem
2695 1091 2778 1146 rei
2809 1096 3020 1146 creatae
3051 1093 3169 1159 est;
3199 1091 3345 1147 Sum
3376 1106 3537 1155 vero,

1877 1180 2154 1236 increataa
2216 1186 2272 1236 et
2299 1186 2530 1237 creatae.

1950 1272 2112 1326 Vers.
2148 1271 2232 1326 59.
2275 1271 2566 1326 Tulerunt
2603 1302 2665 1311 —
2699 1286 2846 1326 eum.
2872 1269 3118 1326 Veloces
3183 1269 3260 1326 ad
3290 1269 3535 1326 caedem.

1881 1361 2219 1431 Exasperati
2252 1365 2390 1416 sunt
2442 1360 2601 1415 enim
2650 1365 2928 1429 putantes
2975 1359 3194 1429 injuria
3257 1358 3536 1416 affectum

1880 1465 2012 1504 esse
2069 1449 2372 1506 Abraham
2425 1467 2438 1502 :
2481 1449 2656 1505 simul
2705 1449 2902 1514 etiam,
2961 1449 3063 1505 ubi
3116 1449 3539 1520 cognovissent

1879 1538 2044 1611 quod
2074 1539 2172 1593 Dei
2203 1538 2584 1594 aeternitatem
2619 1539 2730 1594 sibi
2763 1538 3108 1594 vindicaret.

1952 1629 2117 1684 Vers.
2148 1629 2238 1686 59.
2269 1630 2429 1683 Jews
2469 1635 2662 1683 autem
2686 1630 3015 1684 occultatus
3056 1634 3157 1683 est.
3187 1629 3297 1683 Per
3325 1628 3538 1684 divini-

1880 1719 2012 1775 tatis
2038 1719 2366 1792 potentiam
2396 1718 2705 1774 invisibilis
2757 1719 2843 1774 eis
2877 1718 3143 1774 effectus.

1805 1828 1846 1882 Β
1951 1809 2115 1863 Vers.
2143 1809 2232 1863 59.
2276 1809 2354 1864 Et
2384 1840 2450 1849 —
2499 1807 2726 1877 templo.
2786 1811 2854 1864 Ut
2909 1807 3146 1863 illorum
3180 1808 3413 1864 sedaret
3446 1807 3534 1863 fu-

1880 1913 2074 1954 rorem
2085 1938 2096 1950 .

1952 1988 2116 2043 Vers.
2143 1993 2229 2044 59.
2264 1987 2663 2044 Pertransiens
2708 2017 2774 2028 —
2803 1987 3064 2043 illorum.
3099 1988 3240 2043 Cum
3275 1985 3356 2042 illi
3396 2002 3533 2042 eum

1878 2077 2077 2133 videre
2120 2093 2240 2132 non
2286 2081 2555 2149 possent.
2620 2079 2686 2131 Et
2725 2092 2911 2148 quare
2943 2091 3066 2131 non
3125 2076 3388 2131 dissolvit
3419 2075 3538 2131 illo-

1876 2183 2012 2222 rum
2043 2166 2340 2231 virtutem,
2374 2172 2432 2220 et
2492 2165 2807 2221 manifeste
2881 2165 3122 2220 recessit
3167 2164 3194 2219 ?
3241 2166 3385 2231 Quia
3428 2181 3537 2220 nec

1878 2256 1963 2311 sic
2011 2255 2288 2311 credituri
2361 2259 2550 2310 erant.
2627 2253 2853 2309 Etenim
2901 2259 3171 2325 tempore
3228 2254 3534 2324 passionis

1875 2347 2125 2418 supinos
2157 2345 2289 2401 illos
2319 2345 2550 2416 dejecit,
2600 2359 2931 2414 eorumque
2993 2349 3265 2414 aspectus
3322 2343 3536 2399 obscu-

1873 2437 2044 2502 ravit,
2091 2442 2146 2492 et
2192 2451 2315 2491 non
2365 2433 2762 2489 crediderunt.
2817 2436 2965 2489 Nam
3021 2433 3224 2488 anima
3274 2432 3536 2505 reproba

1874 2525 2022 2581 nihil
2050 2531 2136 2581 est
2165 2526 2338 2598 pejus
2369 2541 2381 2578 :
2415 2523 2546 2580 licet
2575 2522 2733 2579 enim
2776 2523 2951 2592 signa
2994 2522 3193 2579 videat
3230 2538 3301 2578 ac
3333 2521 3533 2594 prodi-

1873 2615 1988 2685 gia,
2018 2631 2185 2670 suam
2219 2618 2416 2670 tamen
2449 2627 2687 2684 semper
2715 2612 2928 2667 retinet
2956 2610 3422 2684 impudentiam.

1943 2705 2108 2761 Vers.
2145 2705 2214 2760 59
2254 2705 2333 2760 Et
2361 2705 2449 2760 ita
2473 2702 2834 2774 praeteribat.
2878 2701 3247 2758 Ambulabat
3280 2701 3380 2767 ita,
3412 2715 3535 2757 non

1873 2810 2168 2868 apparens
2204 2793 2340 2850 illis.

2229 2884 2382 2940 CAP.
2413 2884 2477 2938 X.
2512 2883 2590 2937 De
2618 2898 2752 2937 creoo
2781 2898 2820 2936 a
2845 2881 3173 2937 nativitate.

1943 2975 2081 3046 Cap.
2131 2975 2229 3029 IX.
2285 2974 2427 3028 Vers
2465 2978 2511 3026 1.
2563 2973 2640 3027 Et
2682 3001 2752 3010 —
2783 2971 3112 3026 nativitate.
3165 2967 3538 3025 Confirman-

167 3060 292 3116 Θεός
341 3055 501 3122 ἔστιν,
559 3057 708 3117 εὐθὺς
739 3059 952 3130 ἔρχεται
1000 3056 1083 3110 ἐπὶ
1138 3059 1314 3129 θαῦμα
1364 3062 1632 3130 μέγιστον,
1673 3063 1761 3108 καὶ

1889 3063 1970 3128 lo,
2019 3062 2184 3135 quod
2248 3063 2496 3126 dixerat,
2551 3061 2855 3131 ﬁdemque
2885 3059 3130 3123 faciens,
3169 3059 3335 3131 quod
3380 3058 3534 3114 Deus

166 3152 323 3214 μήπω
407 3149 572 3217 μέχρι
620 3150 735 3198 τότε
788 3150 1075 3217 γενόμενον.
1134 3144 1327 3219 Τυφλοὶ
1375 3150 1464 3218 μὲν
1515 3150 1616 3220 γὰρ
1673 3151 1762 3198 καὶ

165 3234 313 3286 ἄλλοι
371 3233 648 3304 ἀνέϐλεψαν
692 3250 704 3262 ·
747 3233 936 3305 τυφλὸς
990 3231 1049 3287 δε
1107 3233 1154 3286 ἐν
1202 3244 1408 3306 γενετῆς
1439 3237 1548 3306 (74)
1589 3230 1760 3295 οὐδεὶς

165 3326 298 3396 ἄχρι
319 3331 452 3376 τότε.
493 3326 580 3375 Διό
609 3327 699 3374 καὶ
725 3320 1013 3393 ἀναϐλέψας
1044 3323 1210 3394 ἔλεγεν
1260 3343 1272 3355 ο
1309 3324 1395 3376 Ἐκ
1425 3332 1516 3376 τοῦ
1574 3324 1762 3384 αἰῶνος

164 3413 256 3466 οὐκ
287 3413 524 3471 ἠκούσθη
550 3413 630 3463 ὅτι
676 3410 846 3474 ἧνοιξί
871 3430 946 3471 τις
984 3411 1276 3484 ὀφθαλμοὺς
1304 3413 1496 3484 τυφλοῦ
1524 3431 1760 3484 γεγεννη-

164 3519 318 3574 μενου
327 3542 339 3554 .

241 3772 340 3821 Καὶ
397 3798 464 3809 -
514 3770 732 3840 γεννηθῇ
765 3768 1091 3843 ;“Ερωτῶσιν
1159 3769 1263 3841 οὐχ
1317 3771 1386 3831 ὡς
1434 3777 1588 3822 τοῦτο
1636 3771 1762 3822 πάν-

163 3876 261 3918 τως
316 3858 345 3916 ἡ
407 3858 566 3909 έκεῖνο
631 3857 1094 3930 ὑπολαμϐάνοντες,
1151 3861 1382 3933 καθάπερ
1437 3861 1487 3911 οἱ
1552 3858 1762 3918 ἀνόητοι

164 3943 417 4000 Ἰουδαῖοι
444 3961 459 3976 ⁸
485 3951 542 4000 τό
571 3950 662 4018 μὶν
711 3949 814 4021 γὰρ
872 3947 1120 4020 ἁμαρτεῖν
1170 3951 1269 4021 πρό
1329 3956 1421 4001 τοῦ
1451 3950 1762 4020 γεννηθῆναι

163 4032 442 4105 ἀδύνατον,
475 4039 532 4088 τό
565 4032 624 4089 δε
648 4038 775 4111 ὑπερ
807 4045 906 4088 τῶν
934 4041 1122 4108 γονέων
1167 4037 1482 4098 κολάξεσθαι
1534 4035 1720 4090 ἄδικον
1745 4055 1756 4069 ’

161 4123 268 4177 ἀλλ’
300 4128 444 4178 ἔστιν
478 4126 504 4178 ό
531 4130 726 4188 σκοπός
775 4133 866 4178 τοῦ
895 4125 1052 4198 λόγου
1076 4133 1330 4186 τοιοῦτος.
1386 4126 1444 4178 Ὁ
1469 4129 1558 4198 μεν
1591 4130 1760 4202 παρά-

158 4213 311 4276 λυτος
343 4211 436 4266 διὰ
477 4217 570 4276 τὰς
615 4215 872 4287 ἁμαρτίας
923 4217 1083 4266 αὑτοῦ
1138 4216 1362 4283 ἠσθένει,
1422 4217 1595 4276 καθὼς
1660 4214 1764 4268 ἒκεῖ

160 4305 534 4376 μεμαθήκαμεν
583 4322 598 4338 ο
649 4308 766 4376 περὶ
817 4307 997 4356 τούτου
1039 4300 1097 4356 δὲ
1151 4304 1263 4371 (75)
1303 4309 1356 4355 τί
1409 4303 1571 4374 λέγεις
1613 4321 1627 4370 ;
1678 4309 1762 4364 Τίς

1870 3158 2028 3207 esset
2067 3151 2266 3206 statim
2340 3151 2502 3205 venit
2553 3150 2628 3203 ad
2677 3147 3032 3204 miraculum
3087 3149 3444 3213 maximum,
3477 3152 3536 3203 et

1871 3257 2060 3312 usque
2092 3241 2166 3296 ad
2197 3240 2255 3294 id
2284 3239 2569 3310 temporis
2600 3252 2915 3307 nunquam
2948 3235 3191 3290 factum.
3225 3236 3532 3308 Siquidem

1869 3334 1927 3384 et
1973 3329 2069 3384 alii
2111 3328 2250 3384 caeci
2293 3328 2488 3382 visum
2543 3330 2910 3396 receperunt,
2954 3339 3158 3379 verum
3194 3324 3294 3396 qui
3346 3341 3380 3380 a
3429 3339 3533 3380 na-

1869 3417 2091 3474 tivitate
2145 3433 2338 3472 caecus
2391 3416 2616 3481 fuisset,
2669 3413 2868 3468 nullus
2936 3427 3125 3483 usque
3157 3412 3233 3467 ad
3279 3412 3339 3466 id
3393 3416 3536 3467 tem-

1870 3523 2003 3580 pus.
2039 3507 2176 3562 Ideo
2226 3505 2426 3570 etiam,
2486 3504 2589 3576 qui
2620 3503 2817 3557 visum
2877 3502 2945 3573 (j)
2977 3501 3214 3572 recepit,
3248 3500 3486 3556 dicebat
3516 3501 3532 3544 ἓ

1869 3598 1917 3652 A
1951 3596 2164 3652 saculo
2202 3610 2318 3649 non
2381 3598 2462 3650 est
2503 3593 2796 3656 auditum,
2851 3590 3006 3662 quod
3055 3589 3353 3659 aperuerit
3384 3590 3535 3662 quis-

1867 3686 2028 3756 piam
2062 3685 2253 3740 oculos
2275 3683 2410 3740 caci
2461 3682 2593 3737 nali
2640 3683 2708 3734 ⁸ο.

1942 3777 2108 3829 Vers.
2184 3777 2236 3827 2.
2295 3773 2374 3829 Et
2421 3777 2747 3828 nasceretur
2793 3770 2822 3826 ‘i'
2888 3767 3354 3838 Interrogabant,
3410 3783 3531 3824 non

1871 3864 2035 3935 quod
2085 3863 2198 3918 hoc
2229 3867 2333 3918 aut
2361 3861 2509 3917 illud
2535 3859 2784 3916 omnino
2807 3858 3273 3930 suspicarentur,
3333 3873 3535 3930 quem-

1871 3951 2202 4008 admodum
2269 3950 2617 4022 insipientes
2689 3948 2926 4013 Judazi;
2977 3962 3121 4002 nam
3183 3946 3344 4002 hunc
3401 3962 3536 4018 pec-

1872 4056 2059 4104 casse,
2133 4045 2460 4112 antequam
2518 4043 2696 4094 natus
2765 4040 2937 4100 esset,
2989 4035 3363 4106 impossibile
3411 4040 3535 4091 erat

1871 4145 2050 4201 porro
2076 4145 2182 4201 pro
2227 4129 2579 4199 parentibus
2647 4125 2845 4198 puniri
2877 4125 3166 4195 injustum
3208 4139 3222 4188 ;
3266 4123 3367 4178 sed
3399 4123 3533 4179 ﬁnis

1872 4218 2166 4273 sermonis
2221 4216 2348 4272 talis
2406 4221 2513 4271 est.
2567 4214 2932 4284 Paralyticus
2989 4212 3233 4283 quidem
3292 4215 3534 4283 propter

1871 4309 2119 4377 peccata
2158 4321 2266 4359 sua
2313 4303 2666 4371 aegrotabat,
2726 4302 2876 4356 sicut
2914 4300 2995 4355 ibi
3041 4299 3362 4354 didicimus
3400 4315 3413 4354 :
3459 4299 3532 4354 de

163 4393 410 4464 ἥμαρτεν,
468 4391 613 4450 οὗτος
650 4391 680 4448 ἢ
733 4393 781 4442 οἱ
824 4398 993 4462 γονεῖς
1059 4391 1217 4442 αὐτοῦ
1274 4393 1466 4463 ςήμείς
1497 4393 1598 4464 γὰρ
1647 4392 1762 4443 οὔτε

1889 4411 1986 4449 10c
2018 4399 2238 4454 autem.
2309 4392 2451 4450 quid
2514 4391 2662 4446 dicis
2711 4390 2738 4444 Τ
2785 4391 2921 4458 Quis
2967 4389 3248 4456 peccavit,
3308 4387 3424 4452 hic,
3455 4403 3528 4445 an

159 4484 315 4530 τοῦτο
336 4481 453 4530 όῦτε
482 4476 639 4530 ἐκεῖνο
671 4474 940 4551 δυνάμεθα
976 4477 1158 4550 λέγειν,
1195 4479 1447 4540 παντελῶς
1478 4478 1763 4553 ἐξαπορού-

160 4585 326 4640 μενοι.

233 4753 282 4789 ⁸ο
300 4753 476 4810 Joan.
507 4768 584 4822 ix,
618 4753 704 4810 32.

1868 4489 2138 4553 parentes
2169 4484 2294 4552 ejus
2333 4480 2362 4536 ?
2411 4497 2522 4536 nos
2553 4480 2714 4535 enim
2743 4493 2937 4549 neque
2975 4476 3106 4539 hoc.
3161 4491 3356 4548 neque
3387 4475 3532 4532 illud

1871 4570 2064 4627 dicere
2116 4586 2461 4643 possumus,
2512 4568 2762 4625 omnino
2793 4565 3124 4623 conturbati
3155 4563 3529 4638 consilioque

1871 4659 2154 4717 destituti.

1366 4854 1589 4923 Variae
1618 4855 1947 4924 lectiones
1982 4867 2046 4924 et
2087 4863 2289 4924 notae.

227 4996 339 5068 (7t)
362 4995 593 5052 Scilicet
621 4994 1054 5068 Cbrysostomi,
1079 4996 1183 5068 qui
1204 4996 1488 5052 audacter
1515 4999 1596 5054 ita
1625 5013 1748 5054 cor-

158 5068 322 5141 rexit.
373 5068 515 5123 Vide
557 5071 698 5123 tom.
731 5067 889 5141 Vill,
904 5083 1054 5141 pag.
1077 5067 1213 5141 324.
1256 5069 1752 5141 Chrysostomum

158 5083 322 5123 rexu.
379 5083 515 5123 Viae
557 5083 698 5123 tom.
740 5083 872 5132 Vlll,
903 5083 1044 5194 pag.
1083 5083 1213 5124 324.
1256 5083 1750 5141 unrysostomum

156 5139 422 5219 sequitur
441 5155 604 5222 unus
620 5155 691 5195 ex
708 5138 896 5222 codici
949 5155 1016 5222 us
1042 5139 1498 5222 Mosquensibus
1521 5141 1750 5222 N.Te_s_t.

159 5222 214 5275 κ.
238 5210 339 5280 qui
373 5214 459 5264 est
482 5226 613 5265 cum
659 5210 922 5266 scholiis.
965 5210 1268 5278 Origenes,
1323 5211 1427 5283 qui
1457 5217 1604 5268 tom.
1649 5213 1750 5277 XX,

156 5280 215 5334 in
238 5281 525 5360 Joannem
559 5281 688 5337 haec
717 5283 859 5360 data
894 5297 1077 5360 opera
1130 5283 1566 5360 interpretatur,
1591 5283 1754 5338 hunc

157 5367 397 5423 versum
453 5358 644 5408 totum
707 5353 1106 5423 praetermisit.
1153 5359 1479 5412 Πεντήκοντα
1513 5360 1754 5409 servant

156 5421 353 5494 Cyrill.
389 5430 426 5478 t.
452 5424 568 5497 _lV,
603 5439 658 5494 p.
695 5421 795 5479 585
823 5425 882 5478 Ο.
920 5425 1392 5497 ;fl‘heophylact.
1430 5442 1487 5497 p.
1529 5427 1634 5497 690
1669 5428 1706 5480 E
1738 5443 1750 5491 ;

157 5509 408 5569 peverus
447 5495 506 5549 in
538 5496 761 5551 Catena
813 5495 1093 5563 Corderii,
1134 5495 1328 5569 p.243
1379 5515 1394 5566 ;
1430 5495 1486 5553 et
1514 5496 1750 5553 codices

158 5566 529 5622 Srobatiores
558 5581 784 5623 omnes.

228 5744 306 5814 (j)
339 5743 449 5814 Qui.
478 5743 686 5801 visum.
723 5745 887 5801 Forte
918 5744 1082 5816 legit,
1114 5741 1198 5802 διὸ
1238 5751 1326 5798 καὶ
1355 5746 1380 5799 ὁ
1434 5745 1746 5824 ἀναϐλέψας.

1929 5000 2042 5070 (72)
2077 4998 2312 5056 Inclusa
2351 4997 2571 5054 absunt
2617 4998 2684 5054 Α.
2719 4999 2974 5060 Κτίστης,
3005 4992 3317 5066 quomodo
3347 4993 3527 5070 etiam

1864 5068 2206 5127 Eustathius
2242 5070 2455 5134 scribit,
2487 5070 2592 5142 qui
2650 5085 2789 5126 cum
2849 5072 3034 5142 κτίτης
3060 5068 3392 5136 comparat.
3416 5080 3526 5142 pro

1864 5143 2228 5198 substantivo
2263 5137 2525 5215 accipio;
2567 5156 2706 5206 non,
2773 5144 2833 5196 ut
2883 5140 3193 5209 interpres,
3226 5151 3336 5207 pro
3365 5137 3527 5194 adie-

1865 5215 2043 5269 ctivo.

1935 5285 2047 5357 (73)
2068 5287 2151 5340 [ta
2177 5283 2527 5356 plerumque
2543 5283 3004 5354 Chrysostomus
3021 5285 3277 5343 oratorie
3295 5285 3524 5349 laudat,

1861 5355 2035 5428 Joan.
2068 5372 2227 5411 xvnl.
2260 5361 2312 5419 6,
2335 5355 2518 5410 ἔπεσον
2549 5362 2748 5428 χαμαί.

1932 5427 2322 5493 (74)Γεννητῆς.

1937 5497 2049 5568 (75)
2073 5502 2133 5551 Δὶ
2163 5499 2334 5555 abest
2373 5505 2438 5552 A.
