4088 6434
701 323 840 382 1303

2025 315 2382 377 EUTHYMII
2433 314 2760 373 ZIGABENI
3861 323 3934 384 13ὒὲ

703 456 856 506 atur.
885 448 1023 506 Vult
1048 447 1204 506 enim
1234 452 1520 515 astruere,
1563 444 1730 519 quod
1787 444 1982 514 major
2022 446 2118 511 sit,
2167 460 2317 517 qua:

2319 460 2354 499 n
2388 442 2433 496 Α
2471 441 2821 517 Βούλεταιγὰρ
2835 442 3233 495 κατασκευάσαι
3252 443 3335 495 ὅτι
3354 443 3540 515 μείζων
3557 443 3660 496 εστὶ
3675 453 3750 496 τοῦ
3774 446 3933 522 ’Δερπιφ

703 540 1002 596 Abraham
1040 554 1053 604 ;
1085 555 1228 594 nam
1260 538 1374 594 hoc
1424 537 1482 591 in
1528 535 1800 607 praesenti
1842 550 1963 591 non
2015 534 2186 601 dixit,
2228 549 2358 605 pro-

701 635 832 702 pter
857 628 1121 700 ipsorum
1157 626 1618 699 impudentiam.

774 717 1062 772 Vers.55.
1125 717 1304 784 Quem
1371 747 1439 755 —
1499 715 1656 768 Vers.
1734 714 1824 770 55.
1887 728 2031 769 eum.
2102 744 2158 754 —
2227 713 2357 767 Non

702 807 1044 876 cognovistis
1083 821 1228 864 eum.
1269 810 1469 874 utpote
1505 801 1789 874 operibus
1844 801 2009 856 illum
2044 807 2354 867 negantes.

705 895 856 951 Dicit
906 895 1067 949 enim
1123 898 1180 948 et
1233 892 1553 964 Apostolus
1599 909 1612 945 :
1668 891 2030 958 Conﬁtentur
2093 906 2153 946 se
2204 905 2359 945 nosse

706 986 912 1047 Deum,
954 984 1126 1051 factis
1157 987 1351 1037 autem
1383 987 1598 1050 negant
1629 983 1699 1037 ⁷⁷.
1728 979 1828 1034 Vel
1865 980 2044 1034 etiam
2092 995 2164 1034 eo
2193 977 2358 1050 quod

704 1088 824 1128 non
854 1071 1196 1138 agnoscatis
1220 1069 1422 1125 Filium
1478 1070 1632 1139 ejus.
1695 1068 1919 1122 Dictum
1973 1071 2061 1121 est
2121 1065 2280 1121 enim
2342 1084 2355 1121 :

703 1163 768 1217 Si
803 1176 894 1216 me
920 1160 1355 1229 cognosc-eratis,
1389 1159 1446 1215 et
1482 1159 1720 1214 Patrem
1771 1172 1956 1212 meum
2009 1156 2212 1227 utique
2268 1171 2360 1212 co-

703 1253 1059 1321 gnosc-cretis
1115 1251 1184 1303 τ’.
1219 1248 1318 1303 Vel
1372 1263 1443 1303 eo
1500 1249 1665 1320 quod
1725 1261 1845 1300 non
1909 1245 2152 1300 servetis
2225 1245 2356 1315 ejus

706 1354 1011 1394 sermones
1041 1357 1058 1408 ;
1091 1353 1234 1393 nam
1290 1337 1337 1392 si
1367 1335 1796 1408 cognosceretis
1825 1350 1985 1398 eum,
2018 1349 2356 1390 sermonem

706 1429 835 1500 ejus
865 1427 1194 1483 servaretis.

779 1516 938 1572 Vers.
972 1517 1060 1571 55.
1112 1517 1238 1585 Ego
1289 1519 1476 1571 autem
1534 1515 1678 1569 novi
1734 1528 1884 1568 eum.
1949 1516 2074 1568 Non
2134 1511 2354 1574 solum,

707 1622 844 1662 cum
875 1621 946 1660 ex
980 1605 1109 1676 ipso
1136 1606 1272 1668 sim,
1319 1613 1374 1658 et
1401 1602 1668 1673 ejusdem
1712 1602 2081 1664 substantiae,
2128 1608 2358 1656 natura

707 1700 764 1752 et
792 1695 1073 1759 scientias,
1108 1695 1208 1749 sed
1257 1693 1433 1749 etiam
1487 1698 1776 1764 tanquam
1831 1705 2171 1745 sermonem
2229 1690 2358 1758 ejus

708 1799 972 1841 servans.
1001 1787 1145 1838 Nam
1175 1787 1232 1838 et
1263 1781 1537 1853 superius
1584 1780 1730 1834 dixit
1784 1796 1796 1834 :
1852 1781 1958 1835 Est
2012 1795 2207 1841 verax,
2257 1779 2360 1849 qui

708 1874 864 1929 misit
899 1888 1006 1936 me,
1035 1888 1205 1942 quem
1236 1887 1330 1926 vos
1362 1885 1478 1926 non
1506 1869 1685 1924 nostis
1709 1885 1721 1921 :
1760 1883 1864 1939 ego
1892 1883 2026 1923 vero
2049 1869 2188 1923 novi
2206 1883 2357 1934 eum,

709 1963 851 2034 quia
878 1962 952 2016 ab
979 1977 1042 2017 eo
1071 1977 1200 2016 sum
1221 1962 1292 2013 ⁷⁸.

779 2052 921 2105 Vers
976 2056 1062 2106 55.
1123 2052 1185 2105 Et
1245 2079 1314 2090 —
1361 2048 1636 2104 mendax.
1673 2047 1789 2103 Vos
1821 2048 1980 2102 enim
2030 2045 2361 2101 mentimini

709 2141 976 2196 dicentes
1017 2140 1202 2194 Deum
1256 2143 1519 2193 vestrum
1570 2153 1722 2202 esse,
1776 2153 1912 2191 cum
1970 2152 2088 2191 non
2141 2152 2364 2204 cogno-

712 2230 890 2284 scatis
929 2245 1087 2288 eum,
1133 2234 1194 2283 ut
1252 2227 1603 2298 prmdictum
1663 2233 1766 2279 est.
1826 2226 2097 2280 Notitiam
2159 2230 2360 2279 autem

710 2325 766 2374 et
795 2319 1195 2388 cognitionem
1228 2316 1388 2379 dicit,
1431 2331 1606 2370 nosse
1634 2315 2000 2386 simpliciter.
2045 2320 2100 2369 et
2144 2329 2361 2384 cogno-

711 2423 872 2462 scere
924 2406 1086 2478 qiiod
1145 2407 1216 2460 sit
1278 2406 1431 2459 Deus
1484 2411 1539 2458 et
1595 2404 1778 2464 Pater.
1838 2418 1952 2457 non
2042 2404 2190 2458 scire
2263 2405 2360 2457 Dei

708 2502 1005 2552 naturam.
1040 2498 1182 2550 Nam
1211 2497 1344 2565 ipsa
1380 2509 1499 2548 non
1542 2494 1739 2546 solum
1803 2493 2083 2558 cognosci
2139 2493 2357 2562 nequit,

711 2601 914 2641 verum
944 2585 1118 2638 etiam
1151 2583 1396 2638 omnino
1454 2581 1900 2648 inintelligibilis
1949 2587 2035 2635 est
2087 2588 2140 2635 et
2196 2583 2361 2636 inae-

710 2673 1020 2738 cessibilis,
1050 2688 1157 2727 nec
1197 2678 1413 2726 tantum
1447 2669 1814 2735 hominibus,
1875 2671 1980 2724 sed
2031 2676 2086 2726 et
2115 2670 2363 2726 ccnlesti-

712 2763 822 2816 bus
861 2762 1192 2816 virtutibus.

785 2849 949 2905 Vers.
984 2851 1070 2904 56.
1131 2849 1241 2905 Sed
1295 2879 1359 2888 —
1415 2863 1604 2904 servo.
1662 2847 1858 2912 Vides,
1892 2847 2053 2919 quod
2113 2848 2212 2903 Dei
2243 2863 2361 2902 ser-

711 2954 954 2995 monem
1015 2954 1270 3001 servare,
1324 2937 1561 3007 signum
1618 2938 1686 2992 sit
1740 2937 1905 3008 quod
1967 2937 2104 3008 quis
2174 2939 2357 2993 Deum

711 3034 1052 3097 cognoscat.
1086 3027 1430 3082 Timeamus
1461 3026 1658 3092 igitur,
1707 3026 1870 3098 quod
1904 3027 1999 3081 Dei
2065 3034 2361 3096 praecepta

710 3133 831 3173 non
863 3133 1188 3181 servamus,
1245 3123 1530 3186 tanquam
1562 3132 1700 3171 cum
1729 3163 1732 3168 .
1757 3116 1842 3170 eis
1897 3116 2222 3185 constituti,
2255 3114 2360 3187 qui

713 3205 898 3262 Deum
933 3207 1227 3275 ignorant.
1261 3205 1481 3261 Deinde
1527 3205 1754 3277 probat,
1805 3204 1968 3276 quod
2015 3205 2210 3275 major
2263 3204 2357 3269 sit,

709 3311 895 3368 quam
924 3296 1248 3351 Abraham.

783 3385 943 3441 Vers.
1025 3389 1108 3440 56.
1153 3385 1457 3441 Abraham
1515 3414 1583 3424 —
1635 3399 1846 3440 meum.
1905 3412 1976 3427 —
2026 3384 2360 3440 Ezsuttavit

711 3474 837 3529 sive
889 3473 1249 3545 concupivit.
1284 3473 1443 3529 Diem
1485 3477 1676 3527 autem
1743 3487 1922 3526 suum
2002 3472 2147 3528 dicit
2197 3471 2361 3528 diem

709 3578 1028 3636 passionis.

782 3652 943 3706 Vers.
1005 3655 1090 3706 56.
1145 3651 1218 3705 Et
1276 3650 1446 3714 vidit,
1507 3656 1561 3706 et
1629 3651 1867 3719 gavisus
1937 3656 2042 3706 est.
2101 3650 2360 3706 Gavisus

710 3744 798 3794 est
822 3746 1057 3810 propter
1110 3738 1356 3793 salutem
1411 3738 1641 3792 mundi.
1715 3739 2126 3806 Prsecognovit
2193 3755 2360 3794 nam-

709 3843 828 3899 que
868 3827 1220 3899 mysterium
1262 3827 1663 3882 crucitixionis
1707 3829 1940 3883 Christi.
1998 3829 2362 3884 Desideravit

710 3917 911 3971 videre
951 3916 1108 3970 diem
1173 3916 1360 3986 ipsius
1398 3924 1450 3970 et
1495 3917 1635 3970 vidit
1685 3917 1849 3971 illum
1904 3917 2356 3988 praeﬁguratum

709 4004 1236 4066 etadumbratum,
1289 4005 1344 4059 in
1396 4004 1490 4058 die
1544 4020 1666 4075 quo
1715 4004 1901 4060 tilium
1954 4023 2129 4060 suum
2193 4007 2359 4063 Isaac

708 4094 922 4150 obtulit
960 4094 1017 4148 in
1044 4094 1481 4148 holocaustum.
1532 4094 1732 4148 Didicit
1773 4096 1953 4158 enim,
2000 4097 2157 4166 quod
2211 4098 2360 4152 sicut

709 4184 840 4255 ipse
889 4199 1006 4237 non
1080 4184 1342 4254 pepercit
1388 4199 1499 4237 suo
1559 4185 1773 4238 dilecto
1847 4193 2088 4255 propter
2145 4187 2356 4251 Deum,

2470 538 2703 601 Φανερῶς
2759 535 2856 606 γὰρ
2885 540 2972 584 νῦν
3005 531 3098 584 ούκ
3130 528 3236 584 εἶπε
3266 540 3417 584 τοῦτο
3443 529 3478 584 δ
3484 536 3536 584 id:
3563 537 3645 590 τὴν
3678 531 3936 607 armari-nm

2471 622 2638 673 αὐτῶν
2648 661 2660 674 .

2539 711 2633 762 ’ον
2693 741 2761 752 -
2817 710 2993 762 αὑτὸν.
3056 741 3123 751 -
3164 710 3276 763 Οὐκ
3332 709 3580 782 ἐγνώκατε
3633 711 3781 776 αὑτὸν,
3814 717 3937 776 igni;

2469 804 2636 874 ἔργοις
2682 798 2982 872 ἀρνούμενοι
3029 799 3201 852 αὐτόν.
3259 806 3394 858 Φησὶ
3449 804 3551 872 γὰρ
3601 805 3682 851 καὶ
3729 803 3937 856 61:52:-

2467 889 2548 947 λος
2630 891 2710 940 ὃτι
2757 893 2885 941 Θεόν
2943 889 3284 960 ὁμολογοῦσιν
3341 886 3558 956 εἰδέναι,
3607 897 3704 952 τοῖς
3757 888 3802 943 δε
3849 898 3940 965 ἔργα

2472 974 2765 1047 ἀρνοῦνται.
2832 977 2898 1030 Ἦ
2957 984 3041 1030 καὶ
3101 982 3165 1039 ὡς
3216 983 3287 1051 μὴ
3344 977 3613 1049 ὶγνωκότες
3659 985 3734 1030 τὸν
3781 984 3864 1033 Tir:
3896 1005 3940 1033 1-.-

2469 1074 2581 1119 τοῦ.
2637 1072 2919 1139 Προείρηκε
2983 1071 3084 1142 γὰρ
3149 1071 3228 1120 ὃτι
3287 1069 3345 1121 Εἰ
3420 1067 3508 1140 ἔμε
3586 1065 3759 1139 ᾔδειτε,
3805 1076 3937 1122 me.

2472 1160 2678 1225 Πατίρα
2738 1175 2839 1226 μου
2897 1152 3073 1228 ᾔδειτε
3128 1158 3207 1208 οἶν.
3272 1157 3335 1210 Ἠ
3399 1160 3464 1217 ὡς
3522 1162 3592 1228 μὴ
3654 1166 3938 1226 τηροῦντεςττ.

2469 1242 2620 1312 λόγον
2643 1244 2823 1297 αὑτοῦ·
2858 1246 2902 1298 εί
2923 1249 3024 1317 γὰρ
3058 1243 3234 1317 ᾔδειτε
3264 1247 3439 1310 αὑτὸν,
3465 1245 3684 1320 ἑτηρείτε
3710 1246 3760 1297 ἄν
3781 1252 3842 1299 τὸν
3864 1249 3938 1318 337:.

2470 1333 2652 1387 αὑτοῦ.

2545 1511 2678 1582 ἐγὼ
2709 1507 2768 1564 δε
2799 1508 2886 1563 οἶδ
2891 1531 2924 1563 α
2963 1513 3138 1567 αὐτόν.
3185 1516 3260 1566 Ού
3290 1518 3443 1586 μόνον
3491 1516 3557 1574 ὡς
3586 1514 3635 1576 ἐξ
3664 1515 3796 1566 αὐτοῦ
3817 1522 3874 1566 και
3897 1525 3939 1566 .-:‘:

2470 1601 2629 1660 αὐτῆς
2659 1601 2845 1662 οὐσίας
2874 1607 2962 1652 καί
2989 1605 3189 1673 φύσεως
3217 1609 3306 1655 καὶ
3332 1610 3578 1674 γνώσεως
3606 1608 3688 1666 ὧν,
3717 1603 3818 1654 ἀλλὰ
3845 1613 3938 1654 κως

2469 1689 2724 1761 τὸνλόγον
2751 1690 2911 1742 αὐτοῦ
2938 1701 3128 1762 τηρῶν.
3166 1697 3265 1744 Καὶ
3295 1692 3469 1745 ὀπίσω
3502 1689 3562 1745 δι
3593 1689 3734 1756 εἶπεν,
3768 1696 3825 1744 ὁτι
3845 1695 3938 1744 Ἐπτι

2470 1780 2668 1839 ἀληθὴς
2843 1781 2868 1831 ό
2893 1779 3099 1851 πέμψας
3137 1800 3218 1851 με,
3250 1781 3305 1833 ὃν
3350 1784 3500 1853 ύμεῖς
3533 1782 3626 1834 οὐκ
3649 1779 3814 1849 οἰδατε,
3841 1780 3937 1850 ἐμὲ

2470 1865 2595 1920 οἶδα
2626 1868 2802 1938 αὐτὸν,
2837 1872 2914 1921 ὃτι
2947 1870 3070 1944 παρ’
3103 1870 3263 1924 αὐτοῦ
3294 1871 3426 1943 εἰμι,

2548 2051 2647 2098 Καὶ
2703 2077 2770 2088 -
2826 2046 3077 2117 ψεύστης.
3135 2045 3397 2102 Ψεύδεσθε
3460 2052 3567 2121 γὰρ
3638 2051 3765 2121 ύμιῐς
3817 2049 3934 2118 λέγω

2473 2136 2695 2205 ὃτι(67)
2749 2140 2874 2196 Θεὸς
2924 2137 3066 2208 ὑμῶν
3121 2136 3279 2200 ἐστιν,
3322 2138 3381 2189 ού
3434 2141 3542 2210 γὰρ
3607 2137 3820 2208 ἐγνώκατε
3851 2139 3931 2187 περ,

2474 2230 2543 2286 ὡς
2598 2232 2922 2300 προείρηται.
2985 2224 3205 2285 Εῐδησιν
3279 2225 3338 2281 δε
3402 2235 3496 2281 καὶ
3570 2234 3749 2300 γνῶσίν
3802 2248 3928 2298 ξεττ-ς

2474 2313 2665 2368 εἰδέναι
2690 2322 2778 2368 καί
2809 2323 3083 2387 γινώσκειν
3114 2317 3282 2377 ἁπλῶς
3311 2320 3390 2369 ὅτι
3421 2317 3542 2370 ἐστὶ
3586 2322 3704 2380 Θεὸς
3733 2325 3802 2368 ιιι
3835 2324 3922 2368 llrr.

2472 2405 2531 2457 ού
2571 2409 2674 2475 μὴν
2713 2409 2807 2461 τὴν
2840 2405 2951 2474 (68)
2983 2413 3077 2465 τῆς
3108 2409 3307 2476 φύσεως
3354 2415 3450 2458 τοῦ
3501 2414 3656 2460 Θεοῦ.
3701 2408 3814 2463 Δῦτε
3839 2426 3923 2475 72;;

2473 2499 2624 2566 μόνον
2673 2496 2954 2565 ἄγνωστος,
3011 2493 3138 2546 ἀλλὰ
3188 2500 3276 2546 καί
3328 2495 3595 2558 παντελῶς
3647 2494 3916 2552 damma-1:

2475 2580 2895 2654 ἀνεπιχείρητος,
2927 2588 3016 2635 καὶ
3047 2583 3106 2635 ού
3137 2588 3289 2655 μόνον
3321 2583 3637 2658 ἀνθρώποις,
3679 2584 3790 2636 ἀλλὰ
3812 2604 3856 2635 κε
3871 2591 3912 2636 τέζ

2473 2672 2735 2744 οὐρανίαις
2775 2669 3080 2745 δυνάμεσιν.

2546 2849 2686 2903 Ἀλλ’
2709 2880 2777 2890 -
2807 2859 2968 2924 τηρῶ.
2992 2855 3144 2921 Ὁρᾷς
3160 2852 3240 2902 ὃτι
3261 2854 3318 2902 τὸ
3346 2853 3434 2903 τὸν
3455 2851 3610 2923 λόγον
3637 2860 3720 2905 τοῦ
3745 2858 3841 2905 Θεοῦ

2477 2944 2690 3010 σημεῖον
2718 2938 2833 2990 ἕοτι
2857 2947 2946 2991 τοῦ
2975 2936 3166 2991 εἰδέναι
3193 2939 3368 2991 αὐτόν.
3388 2940 3706 3014 Φαϐηθῶμεν
3731 2946 3939 2992 minim.

2475 3027 2674 3087 ἐντολὰς
2703 3033 2793 3079 τοῦ
2830 3032 2958 3080 Θεοῦ
2988 3031 3059 3098 μὴ
3109 3027 3469 3098 φυλάττοντες,
3503 3031 3576 3090 ὡς
3607 3036 3855 3100 ταττόμενοι
3883 3043 3939 3093 μὴ

2474 3126 2572 3168 τῶν
2605 3115 2924 3188 ἀγνοούντων
2969 3120 3054 3168 τὸν
3096 3122 3243 3171 Θεὸν.
3287 3114 3413 3170 Εἶτα
3452 3119 3808 3178 κατασκευάζει
3835 3122 3888 3166 ut
3912 3131 3934 3160 ετ

2473 3206 2664 3278 μείζων
2696 3205 2809 3257 ἐστὶ
2839 3214 2930 3257 τοῦ
2964 3204 3222 3278 ’Λϐραάμ.

2547 3293 2784 3368 Ἁϐραάμ
2842 3325 2910 3334 -
2966 3293 3108 3366 ius».
3173 3325 3240 3334 —
3302 3295 3703 3366 Ἦγαλλιάσατο,
3747 3301 3865 3365 ἤγουν

2475 3386 2726 3456 θύμησιν.
2802 3383 3047 3457 [Ἡμέραν
3118 3384 3231 3455 (69)
3286 3381 3343 3437 δε
3417 3385 3581 3439 αὐτοῦ
3639 3385 3758 3458 λέγει
3812 3388 3874 3439 τὴν
3907 3399 3944 3428 7%"-

2475 3482 2726 3546 σταυροῦ.

2546 3656 2645 3705 Καὶ
2703 3647 2830 3714 εἶδε,
2879 3656 2964 3703 καὶ
3020 3650 3212 3727 ὶχάρη.
3274 3652 3476 3726 Ἐχάρη
3529 3650 3622 3706 διὰ
3667 3658 3749 3711 τὴν
3790 3666 3947 3718 συπρα)

2469 3749 2561 3794 τοῦ
2610 3745 2832 3812 κόσμου.
2883 3745 3140 3813 Προγνοῦς
3181 3744 3282 3814 γὰρ
3335 3744 3394 3794 τὸ
3449 3748 3733 3817 μυστήριον
3778 3748 3950 3798 trita?”

2470 3837 2677 3903 ρώσεως
2721 3837 2812 3881 τοῦ
2876 3837 3110 3902 Χριστοῦ
3161 3828 3508 3904 ίπεθύμησεν]
3568 3829 3690 3884 ἰδεῖν
3736 3835 3812 3886 τὴν
3840 3830 3949 3897 ἡμέξεπ

2471 3920 2651 3986 αὐτοῦ,
2714 3925 2803 3971 καὶ
2853 3915 2985 3971 εἶδεν
3035 3919 3190 3976 αὐτὴν
3250 3917 3270 3991 [
3322 3921 3861 3994 προσκιαγραφηθείσω
3894 3919 3950 3978 ιῗυν

2468 4007 2582 4079 καὶ]
2612 4004 3034 4060 διατυπωθείσαν
3065 4006 3112 4059 εν
3155 4016 3216 4079 τῇ
3265 4010 3433 4080 ἡμέρᾳ
3461 4010 3582 4061 καθ’
3613 4012 3670 4068 ἣν
3699 4007 3885 4074 ἀνήνεγκε
3913 4019 3950 4048 7':-

2471 4101 2582 4149 υἱον
2622 4097 2781 4149 αὑτοῦ
2830 4115 2915 4148 τον
2945 4098 3129 4149 Ἰσαὰκ
3182 4097 3255 4157 εἰς
3306 4096 3682 4169 ὀλοιιάρπωσιν.
3725 4095 3872 4165 Ἐμαὸε
3902 4107 3948 4156 7⁵⁷⁵

2472 4190 2573 4252 ὅτι,
2623 4189 2796 4255 ὥσπερ
2845 4185 2996 4245 αὐτὸς
3045 4185 3138 4238 οῦκ
3178 4189 3415 4257 ίφείσατς
3472 4196 3565 4239 τοῦ
3614 4188 3720 4238 υἱοῦ
3768 4184 3882 4235 αὐτοῦ
3909 4197 3948 4226 ττι

709 4273 788 4328 ita
827 4289 1022 4343 neque
1063 4272 1212 4326 Deus
1255 4274 1585 4343 parciturus
1639 4278 1794 4328 esset
1859 4273 1999 4328 Filio
2054 4290 2164 4329 suo
2214 4275 2323 4329 dile

2331 4305 2362 4316 -
2398 4260 2439 4314 θ
2475 4275 2748 4346 ἀγαπητοῦ
2785 4269 2819 4326 δ
2827 4277 2878 4325 ιὰ
2916 4277 3002 4325 τὸν
3041 4277 3191 4340 Θεὸν,
3242 4274 3402 4336 οὕτως
3445 4273 3570 4328 ούδε
3621 4277 3645 4327 ὁ
3681 4277 3782 4333 θεὸς
3813 4275 3945 4342 etiam.

710 4369 804 4418 cto
835 4370 1074 4434 propter
1100 4362 1426 4416 hominem.
1465 4364 1527 4416 Et
1553 4362 2071 4433 quemadmodum
2104 4363 2201 4418 ille
2229 4380 2360 4433 por-

709 4453 851 4508 tavit
891 4451 1048 4523 ligna
1081 4451 1408 4505 holocausti
1476 4451 1584 4519 sui,
1652 4452 1730 4506 ita
1782 4457 1837 4505 et
1865 4452 1989 4522 ipse
2023 4459 2361 4522 portaturus

710 4545 862 4594 esset
899 4540 1131 4608 lignum
1172 4540 1376 4594 mortis
1415 4555 1556 4594 suae.
1604 4541 2040 4605 Verumtamen,
2077 4542 2225 4596 sicut
2264 4542 2361 4596 illo

710 4644 827 4684 non
870 4645 1051 4700 passo
1083 4628 1425 4700 suppositus
1457 4634 1541 4682 est
1581 4629 1733 4683 aries
1772 4645 1783 4683 :
1819 4628 1898 4684 ita
1956 4634 2013 4684 et
2065 4629 2179 4684 hoc
2231 4647 2363 4686 ma-

709 4724 887 4772 nente
917 4718 1292 4790 impassibili,
1324 4716 1671 4772 humanitas
1697 4720 1825 4787 ejus
1849 4718 2047 4772 occisa
2066 4719 2362 4783 est.Uuod

714 4805 763 4860 si
789 4805 945 4860 diem
977 4808 1104 4876 ejus
1135 4806 1336 4861 videre
1366 4805 1740 4870 desideravit,
1784 4805 1990 4878 utique
2037 4806 2151 4862 hoc
2213 4813 2357 4878 erat,

713 4897 1002 4964 tanquam
1043 4895 1314 4966 majoris.

784 5106 1130 5175 "Tit.l,16.
1231 5109 1738 5178 "Joan.vui,19.
1816 5111 2054 5168 "Joan.
2084 5129 2176 5176 vii,
2205 5115 2293 5168 26.

2473 4373 2564 4417 τοῦ
2597 4366 2718 4416 Υίοῦ
2749 4363 2907 4415 αύτοῦ
2947 4369 3037 4414 τοῦ
3067 4361 3342 4434 ἀγαπητοῦ
3384 4360 3418 4416 δ
3424 4367 3477 4416 id:
3504 4368 3589 4416 τόν
3633 4365 3869 4435 ἄνθρωπον.
3900 4361 3946 4405 £2:

2475 4457 2647 4524 ὥσπερ
2723 4452 2872 4513 οὗτος
2920 4450 3178 4503 εϐάστασε
3227 4455 3292 4504 τὰ
3337 4452 3464 4515 ξύλα
3518 4462 3615 4514 τῆς
3668 4451 3945 4520 ὁλοκαρρτώπεέ

2477 4544 2654 4606 αύτού,
2697 4542 2831 4592 οὕτω
2858 4539 3091 4601 κάκεῖνος
3139 4538 3397 4612 βαστάσει
3428 4545 3482 4593 τὸ
3510 4541 3656 4604 ξύλον
3695 4547 3774 4592 τοῦ
3818 4539 3939 4588 eam.

2473 4633 2650 4683 αὐτοῦ.
2707 4629 2842 4687 Πλὴν
2895 4630 3128 4700 καθάπερ
3189 4631 3374 4682 τούτου
3439 4635 3696 4701 μείναντος
3746 4626 3938 4679 autﬁin

2471 4722 2616 4792 κριὸς
2667 4717 2845 4781 ἐτύθη,
2913 4718 3047 4770 οὕτω
3098 4717 3334 4771 κάκείνου
3405 4722 3641 4790 μένοντος
3703 4716 3880 4770 ἀπαθοῦς
3915 4724 3935 4753 π

2472 4807 2788 4881 ἀνθρώπινον
2855 4807 3014 4859 αὐτοῦ
3082 4808 3568 4878 σφηιασθήσεται.
3646 4806 3701 4860 Εἰ
3764 4800 3812 4856 δε
3852 4798 3933 4851 ἐξόν

2470 4915 2635 4969 μησεν
2684 4892 2814 4948 ἰδεῖν
2865 4900 2958 4954 τὴν
3017 4897 3211 4968 ἡμέραν
3274 4895 3453 4967 αὐτοῦ,
3517 4899 3586 4958 ὡς
3633 4895 3834 4968 μείζονος
3877 4904 3927 4938 πθ

2471 5006 2590 5047 τως.

1935 5288 2149 5357 Varia:
2187 5288 2517 5358 lectiones
2561 5299 2625 5356 et
2668 5297 2866 5356 notae.

783 5446 895 5521 (66)
931 5447 993 5503 in
1037 5451 1334 5521 contextu,
1364 5447 1462 5521 illo
1508 5447 1567 5502 in
1603 5448 1732 5502 loco
1776 5448 1958 5521 codd.
2011 5450 2360 5521 Eutliymius

713 5516 938 5591 habent
989 5517 1300 5591 vulgatum
1355 5518 1616 5580 ἀληθινός.
1679 5519 1791 5591 Sed
1842 5516 2361 5591 Chrymstfrefert

715 5587 1094 5663 alaerig_'l‘om.
1130 5589 1267 5654 Vlll,
1289 5606 1356 5663 pp.
1389 5591 1512 5660 294,
1537 5591 1662 5657 295,
1694 5587 2026 5663 aliquoties.

807 5663 895 5731 67)
920 5659 978 5713 Ὀ
1009 5659 1326 5732 interponit
1355 5666 1421 5717 A.

808 5735 894 5801 68)
963 5738 1068 5790 Τήν
1149 5731 1316 5789 abest
1390 5739 1455 5788 Α.
1546 5731 1814 5788 Refertur
1879 5732 1949 5789 ad
2017 5731 2221 5794 εἴδησιν
2270 5740 2357 5789 καὶ

2471 5459 2683 5522 γνῶσιν.

2567 5524 2655 5589 69)
2697 5520 2925 5574 Inclusa
2949 5518 3170 5574 absunt
3196 5520 3262 5572 A.

2568 5571 2654 5656 ibi
2697 5571 2933 5648 iaéidsi
2953 5571 3290 5647 Iasi—nia.
3325 5591 3543 5649 ibidem
3575 5591 3774 5662 legitur,
3806 5571 3920 5654 mw

2474 5666 2820 5717 θυπωθείσαν.
