4088 6452
157 343 188 400 1
199 343 310 401 305

1252 342 1598 401 COMMENT
1636 345 1706 401 IN
1743 343 2093 401 JOANNEM.
2135 375 2203 386 -—-
2240 345 2397 400 CAP.
2443 342 2538 401 IX.

3392 344 3414 399 i
3426 345 3531 402 306

241 475 341 525 Καὶ
371 502 440 512 --
467 469 696 544 ἑώρακας
722 486 736 537 ;
762 468 949 543 ’ῼοντο
975 470 1078 542 γὰρ
1109 469 1262 522 αὐτὸν
1293 469 1447 541 ἔγγὺς
1475 467 1604 523 εἶναι
1642 490 1751 523 πεν-

1942 471 2107 525 Vers.
2143 472 2230 525 57.
2257 469 2430 523 Et—
2479 468 2680 525 vidisti
2732 467 2761 523 7
2813 467 3111 524 Putabant
3173 467 3332 524 enim
3389 485 3527 525 eum

153 565 393 619 τήκοντα
442 559 563 612 ἐτῶν
613 557 708 612 διὰ
757 564 851 616 τήν
907 560 1243 631 πολυπειρίαν
1299 559 1479 613 αὐτοῦ.
1527 561 1655 612 Τινὰ
1703 555 1762 611 δὲ

153 658 265 701 τῶν
318 650 429 720 (7t)
484 649 809 724 ἀντιγράφων
848 651 1242 722 τεσσαράκοντα
1282 650 1594 724 γράφουσιν,
1637 650 1760 721 ὅπερ

153 735 314 792 δοκεί
339 738 719 812 ἀκριϐέστερον.

239 914 388 969 Εἶπεν
440 948 508 957 -
563 917 688 978 εἰμι.
737 916 826 978 Ὠς
891 920 1040 978 Θεός.
1097 921 1197 970 Καὶ
1254 915 1348 968 οὐκ
1406 912 1564 983 εἶπεν,
1627 913 1762 986 Ἐγὼ

142 1009 326 1079 ἤμην,
404 1004 508 1057 ἀλλ’
570 1006 700 1076 Ἐγώ
752 1006 860 1078 εἰμι
902 1007 927 1058 ὁ
989 1004 1067 1058 ἀεὶ
1129 1010 1215 1056 ὧν.
1249 1008 1317 1057 Τό
1343 1007 1432 1071 μὲν
1481 1001 1569 1056 οὖν
1626 1007 1763 1074 γενέ-

142 1096 293 1148 σθαι
353 1102 570 1148 κτιστοῦ
604 1099 703 1146 ’τὸ
797 1091 856 1147 δε
920 1095 1041 1168 Εἰμὶ
1121 1093 1371 1146 ἁκτίστου
1420 1094 1438 1164 [
1493 1098 1583 1146 καὶ
1645 1093 1760 1164 (72)

145 1188 382 1236 κτίστου

237 1273 402 1348 Ἦραν
440 1300 494 1313 -ο
543 1272 721 1325 αὐτόν.
779 1275 844 1326 Οἱ
878 1279 1061 1345 ταχεῖς
1101 1276 1228 1347 πρὸς
1257 1277 1404 1344 φόνον
1435 1293 1447 1305 ·
1478 1271 1759 1346 Ἠγρίαναν

156 1365 266 1434 γὰρ
316 1359 559 1425 δόξαντες
609 1360 926 1435 ὑϐρισθῆναι
967 1366 1054 1414 τόν
1113 1361 1350 1437 Ἀϐραὰμ
1393 1379 1404 1390 ·
1440 1362 1550 1434 ἅμα
1579 1358 1638 1414 δὲ
1670 1366 1760 1413 καὶ

156 1457 369 1522 γνόντες
398 1453 477 1504 ὅτι
507 1447 786 1510 ἀιδιότητα
824 1459 957 1505 Θεοῦ
981 1453 1310 1524 περιτίθησιν
1337 1451 1519 1521 ἐαυτῷ.

237 1629 444 1691 Ἰησοῦς
501 1627 560 1683 δὲ
607 1629 822 1703 ἐκρύϐη.
868 1631 1118 1704 Ἀόρατος
1175 1629 1354 1691 αὐτοῖς
1414 1633 1637 1688 κατέστη
1691 1637 1753 1701 τῇ

156 1719 378 1792 ἐξουσίᾳ
407 1728 498 1780 τῆς
537 1721 796 1780 θεότητος.

237 1813 337 1862 Καὶ
371 1812 529 1884 ἱεροῦ.
555 1815 667 1862 Ἵνα
693 1807 998 1867 κατασταλῆ
1033 1811 1057 1860 ό
1092 1811 1254 1881 θυμὸς
1282 1809 1471 1863 αὐτῶν.

229 1986 448 2040 Διελθὼν
478 2019 547 2027 —
575 1987 766 2040 αὐτῶν.
821 1993 907 2046 Μὴ
952 1987 1250 2059 ἰσχυόντων
1283 1984 1411 2040 ἰδεῖν
1451 1987 1624 2042 αὐτόν.
1661 1993 1758 2044 Καὶ

151 2074 310 2130 διατί
360 2076 455 2128 οὐκ
512 2075 744 2140 ἐξέλυσεν
775 2077 942 2130 αὐτῶν
982 2081 1075 2134 τὴν
1125 2073 1346 2148 δύναμιν
1390 2081 1479 2129 καὶ
1537 2085 1763 2149 φανερῶς

151 2165 500 2239 ἀνεχώρησε;
534 2168 801 2219 Διότιοῦθ²
824 2167 984 2227 οὕτως
1005 2165 1208 2238 ἔμελλον
1236 2168 1519 2220 πιστεύειν.
1543 2169 1754 2239 Καὶγὰρ

149 2256 203 2308 ἐν
235 2264 308 2326 τῷ
336 2263 501 2329 καιρῷ
533 2263 625 2307 τοῦ
686 2257 890 2317 [Ιάθους
935 2257 1148 2316 ὑπτίους
1179 2255 1292 2326 (⁸73)
1344 2255 1527 2315 αὐτοὺς
1557 2254 1752 2329 ἔρῥιψε,

148 2351 249 2397 καὶ
280 2349 372 2398 τὰς
393 2345 534 2415 ὄψεις
565 2344 732 2396 αὐτῶν
755 2343 1015 2409 ἐσκότισε,
1057 2350 1146 2396 καὶ
1176 2345 1269 2396 οὐκ
1299 2343 1630 2399 ἐπίστευσαν.
1653 2345 1753 2397 Οὗ-

149 2429 247 2485 δεν
278 2435 376 2505 γὰρ
408 2440 586 2505 χεῖρον
615 2431 804 2504 ψυχῆς
837 2432 1214 2504 ἀπηνωκυίας.
1274 2431 1378 2486 Κᾶν
1425 2435 1526 2506 γὰρ
1561 2440 1755 2504 σημεῖα

144 2519 278 2596 ἴδῃ,
305 2521 398 2574 κᾶν
429 2527 638 2597 τέρατα,
668 2527 805 2595 μένει
835 2527 928 2581 τὴν
955 2523 1116 2581 αὐτὴν
1159 2526 1365 2596 ἔχουσα
1392 2522 1544 2575 πάλιν
1573 2521 1754 2575 ἀναισ-

115 2648 118 2650 ~
141 2617 400 2685 χυντίαν.

229 2706 333 2754 Καὶ
361 2709 593 2775 παρῆγεν
615 2702 799 2764 οὕτως.
831 2701 1101 2765 Ἐϐάδιζεν
1140 2704 1316 2769 οὕτως,
1352 2707 1424 2776 μὴ
1458 2706 1754 2776 φαινόμενος

140 2790 355 2852 αὐτοῖς.

409 2885 554 2933 ΚΕΦ.
598 2877 651 2934 Ι’.
678 2885 802 2954 Περὶ
829 2888 921 2933 τοῦ
961 2881 1015 2934 ἐκ
1052 2891 1257 2953 γενετῆς
1285 2881 1500 2954 τυφλοῦ.

223 2973 331 3022 Καὶ
360 3000 430 3009 -
456 2979 681 3040 γενετῆς.
707 2969 930 3022 Βεϐαιῶν
959 2969 995 3022 ἂ
1023 2967 1150 3036 εἷπε,
1183 2975 1272 3024 καὶ
1300 2973 1639 3042 πιστούμενος
1673 2972 1751 3022 ὅτι

1872 557 2056 614 ferme
2111 573 2244 614 esse
2293 558 2901 631 quinquagenarium,
2981 561 3223 629 propter
3275 557 3527 614 multam

1871 649 2004 720 ejus
2047 648 2321 720 peritiam
2370 653 2427 704 et
2471 647 2916 720 experientiam.
2988 646 3270 712 Quasdam
3326 652 3527 703 autem

1873 737 2238 808 exemplaria
2307 736 2546 802 habent,
2597 736 3026 808 quadraginta,
3071 735 3248 808 ,quod
3296 735 3530 792 videtur

1872 841 1999 881 esse
2029 826 2240 882 verius.

1943 915 2102 969 Vers.
2183 918 2268 971 58.
2323 915 2495 972 Dixit
2560 945 2630 954 —
2694 917 3188 986 sum.Tanquam
3233 914 3407 969 Deus.
3464 915 3530 970 Et

1870 1018 1986 1059 non
2039 1004 2206 1068 dixit,
2270 1007 2389 1073 Ego
2431 1019 2595 1060 eram
2638 1003 2816 1074 ;sed,
2866 1003 2992 1073 Ego
3016 1019 3164 1070 sum,
3222 1003 3320 1074 qui
3375 1018 3532 1059 sem-

1869 1109 1976 1164 per
2006 1110 2162 1148 sum.
2194 1094 2333 1150 Fieri
2363 1093 2654 1165 siquidem
2685 1093 2768 1148 rei
2799 1097 3010 1148 creataa
3039 1096 3158 1160 est;
3188 1094 3334 1149 Sum
3366 1108 3526 1157 vero,

1867 1182 2144 1238 increatte
2206 1188 2262 1238 et
2289 1188 2520 1239 creatas.

1939 1273 2102 1328 Vers.
2138 1273 2222 1328 59.
2264 1273 2556 1328 Tulerunt
2592 1304 2656 1313 —
2688 1287 2836 1329 eum.
2861 1271 3108 1328 Veloces
3172 1271 3250 1328 ad
3280 1271 3524 1328 caedem.

1870 1362 2208 1433 Exasperati
2242 1367 2380 1418 sunt
2432 1362 2590 1417 enim
2641 1367 2918 1431 putantes
2965 1361 3183 1431 injuria
3247 1360 3525 1418 affectum

1869 1467 2001 1506 esse
2059 1451 2362 1508 Abraham
2415 1469 2428 1504 :
2471 1450 2646 1507 simul
2695 1452 2891 1516 etiam,
2951 1450 3051 1507 ubi
3106 1451 3528 1522 cognovissent

1869 1540 2033 1613 quod
2063 1541 2162 1595 Dei
2193 1541 2573 1596 aeternitatem
2609 1541 2720 1595 sibi
2752 1540 3097 1596 vindicaret.

1941 1631 2106 1686 Vers.
2137 1631 2228 1687 59.
2259 1632 2419 1685 Jesus
2458 1636 2650 1685 autem
2675 1631 3004 1686 occultatus
3045 1636 3147 1685 est.
3177 1630 3286 1684 Per
3315 1630 3527 1686 divini-

1869 1721 2002 1777 tatis
2028 1720 2355 1794 potentiam
2386 1720 2695 1776 invisibilis
2747 1721 2832 1776 eis
2867 1720 3132 1776 effectus.

1794 1830 1835 1884 Β
1941 1811 2105 1865 Vers.
2133 1811 2222 1865 59.
2266 1811 2344 1866 Et
2374 1841 2440 1850 —
2489 1809 2715 1879 templo.
2775 1812 2843 1865 Ut
2898 1809 3135 1865 illorum
3169 1810 3402 1865 sedaret
3435 1809 3523 1864 fu-

1870 1915 2064 1956 rorem
2075 1940 2087 1951 .

1941 1990 2106 2045 Vers.
2133 1994 2219 2046 59.
2253 1989 2652 2046 Pertransiens
2698 2019 2763 2029 -
2792 1989 3053 2044 illorum.
3089 1990 3230 2045 Cum
3264 1987 3345 2044 illi
3385 2004 3522 2044 eum

1868 2079 2067 2135 videre
2111 2095 2229 2134 non
2276 2083 2545 2150 possent.
2610 2080 2675 2132 Et
2715 2093 2900 2149 quare
2933 2093 3054 2133 non
3114 2077 3377 2133 dissolvit
3409 2077 3528 2133 illo-

1865 2184 2002 2223 rum
2032 2168 2330 2232 virtutem,
2364 2173 2421 2223 et
2481 2166 2796 2222 manifeste
2870 2167 3112 2222 recessit
3156 2166 3184 2220 ?
3230 2167 3374 2232 Quia
3417 2182 3527 2222 nec

1868 2258 1952 2313 sic
2000 2257 2278 2312 credituri
2351 2261 2539 2312 erant.
2617 2255 2842 2311 Etenim
2891 2261 3161 2326 tempore
3218 2256 3524 2326 passionis

1865 2348 2114 2420 supinos
2147 2347 2278 2402 illos
2308 2346 2539 2418 dejecit,
2589 2361 2920 2416 eorumque
2983 2350 3255 2416 aspectus
3311 2344 3525 2401 obscu-

1863 2439 2034 2503 ravit,
2079 2444 2135 2494 et
2181 2453 2303 2493 non
2355 2435 2751 2491 crediderunt.
2807 2438 2954 2490 Nam
3010 2434 3213 2490 anima
3263 2434 3524 2506 reproba

1863 2527 2012 2584 nihil
2039 2533 2125 2583 est
2154 2527 2328 2600 pejus
2359 2542 2371 2581 :
2404 2525 2536 2582 licet
2564 2524 2723 2580 enim
2766 2524 2941 2594 signa
2983 2524 3183 2580 videat
3219 2539 3290 2580 ac
3323 2523 3523 2595 prodi-

1863 2617 1977 2687 gia,
2007 2633 2174 2672 suam
2207 2621 2404 2672 tamen
2438 2629 2677 2686 semper
2705 2614 2918 2669 retinet
2945 2612 3412 2685 impudentiam.

1932 2707 2096 2763 Vers.
2133 2707 2202 2762 59
2244 2707 2322 2762 Et
2351 2707 2438 2762 ita
2462 2703 2824 2777 praten‘bat.
2867 2702 3236 2759 Ambulabat
3270 2703 3370 2769 ita,
3402 2717 3525 2758 non

1862 2812 2158 2870 apparens
2193 2795 2328 2852 illis.

2219 2887 2370 2942 CAP.
2401 2886 2466 2940 X.
2502 2885 2580 2940 De
2607 2899 2741 2939 creco
2771 2899 2809 2937 a
2834 2883 3162 2938 nativitate.

1932 2977 2071 3048 Cap.
2120 2977 2218 3030 IX.
2276 2976 2416 3031 Vers
2454 2981 2500 3029 l.
2552 2975 2629 3029 Et
2671 3003 2741 3012 —
2772 2973 3102 3027 nativitate.
3154 2969 3527 3026 Conﬁrman-

138 3063 281 3118 Θεὸς
329 3057 490 3124 ἔστιν,
548 3058 698 3118 εὐθὺς
728 3061 942 3133 ᾔοχεται
989 3058 1072 3112 ἐπὶ
1128 3061 1303 3131 θαῦμα
1353 3064 1622 3131 μέγιστον,
1663 3063 1751 3110 καὶ

1879 3065 1959 3129 in,
2008 3065 2172 3137 quod
2237 3065 2486 3128 dixerat,
2541 3063 2844 3133 ﬁdemque
2875 3061 3119 3126 faciens,
3159 3059 3325 3132 quod
3369 3060 3524 3115 Deus

137 3156 312 3218 μήπω
396 3151 562 3219 μέχρι
609 3152 724 3200 τότε
778 3152 1065 3218 γενόμενον.
1124 3146 1317 3220 Τυφλοὶ
1365 3152 1453 3220 μὲν
1505 3152 1606 3221 γὰρ
1663 3153 1752 3200 καὶ

681 3252 694 3264 ·
737 3235 926 3307 τυφλὸς
980 3233 1038 3289 δὲ
1096 3235 1144 3288 ἐν
1191 3246 1398 3308 γενετῆς
1429 3238 1538 3308 (74)
1579 3232 1750 3297 οὐδεὶς

1250 3345 1262 3357 ’
1299 3326 1385 3378 Ἐκ
1415 3334 1506 3377 τοῦ
1564 3326 1752 3386 αἰῶνος

138 3237 302 3290 ἄλλοι
360 3235 571 3306 ἀνέϐλεψ
579 3255 637 3286 αν

138 3329 288 3400 ἄχρι
307 3332 442 3379 τότε.
483 3327 569 3377 Διό
599 3329 688 3376 καὶ
714 3321 1003 3395 ἀναϐλέψας
1034 3324 1199 3396 ἔλεγεν

139 3416 245 3470 οὐκ
276 3415 513 3472 ἠκούσθη
539 3415 619 3465 ὅτι
666 3412 836 3476 ἤνοιξέ
860 3432 936 3474 τις
973 3413 1266 3486 ὀφθαλμοὺς
1294 3415 1486 3486 τυφλοῦ
1515 3432 1750 3486 γεγεννη-

145 3521 329 3578 μενον.

230 3774 329 3822 Καὶ
387 3800 453 3811 -
503 3773 722 3842 γεννηθῇ
755 3770 1080 3846 ;⁶Ερωτῶσιν
1148 3771 1252 3843 οὐχ
1307 3773 1376 3833 ὡς
1423 3779 1577 3825 τοῦτο
1626 3773 1752 3825 πάν-

149 3878 250 3920 τως
306 3860 335 3918 ἧ
397 3861 555 3912 ἐκεῖνο
620 3859 1084 3933 ὑπολαμϐάνοντες,
1141 3863 1372 3936 καθάπερ
1427 3863 1476 3914 οἱ
1541 3860 1751 3920 ἀνόητοι

150 3945 406 4002 Ἰουδαῖοι
433 3963 448 3978 ⁹
474 3953 532 4002 τὸ
560 3952 652 4021 μεν
701 3952 803 4024 γὰρ
862 3950 1109 4023 ἁμαρτεῖν
1160 3954 1258 4024 πρὸ
1319 3958 1411 4003 τοῦ
1440 3953 1751 4022 γεννηθῆναι

149 4034 431 4107 ἀδύνατον,
465 4042 522 4090 τὸ
554 4035 613 4091 δὲ
638 4041 764 4114 ὑπὲρ
797 4047 897 4090 τῶν
923 4044 1112 4110 γονέων
1156 4039 1472 4101 κολάζεσθαι
1524 4037 1709 4093 ἄδικον
1735 4057 1746 4071 ’

148 4125 258 4180 ἀλλ’
291 4129 434 4180 ἔστιν
468 4128 492 4180 ὁ
521 4132 716 4190 σκοπός
764 4135 856 4181 τοῦ
884 4127 1042 4200 λόγου
1065 4136 1319 4189 τοιοῦτος.
1375 4129 1434 4181 Ὀ
1458 4132 1548 4201 μὲν
1579 4133 1750 4204 παροξ-

144 4216 301 4277 λυτος
332 4213 426 4268 διὰ
467 4219 560 4278 τὰς
604 4217 861 4289 ἁμαρτίας
913 4220 1072 4269 αὐτοῦ
1127 4218 1352 4286 ἠσθένει,
1412 4219 1585 4279 καθὼς
1649 4217 1753 4270 ἐκεῖ

145 4307 523 4378 μεμαθήκαμεν
573 4324 588 4340 ο
639 4310 756 4378 περὶ
806 4309 986 4358 τούτου
1029 4303 1086 4359 δὲ
1141 4307 1252 4374 (75l
1292 4311 1346 4358 τί
1397 4306 1561 4378 λέγεις
1602 4323 1616 4373 ;
1667 4311 1751 4367 Τίς

1860 3159 2017 3209 esset
2057 3153 2254 3208 statim
2329 3152 2491 3207 venit
2542 3151 2617 3205 ad
2666 3149 3022 3205 miraculum
3077 3150 3433 3214 maximum,
3467 3154 3525 3204 et

1861 3259 2050 3314 usque
2081 3243 2156 3298 ad
2186 3242 2244 3296 id
2274 3241 2558 3312 temporis
2588 3253 2906 3310 nunquam
2937 3237 3181 3293 factum.
3214 3238 3522 3309 Siquidem

1859 3336 1917 3386 et
1962 3331 2059 3386 alii
2100 3330 2240 3386 eieci
2282 3329 2477 3384 visum
2532 3331 2900 3397 receperunt,
2943 3342 3149 3381 verum
3183 3326 3282 3398 qui
3335 3342 3370 3382 a
3417 3341 3523 3382 na-

1859 3419 2081 3476 tivitate
2134 3435 2327 3474 caecus
2380 3418 2605 3484 fuisset,
2657 3415 2857 3470 nullus
2925 3429 3114 3486 usque
3146 3414 3222 3469 ad
3268 3413 3328 3468 id
3382 3417 3526 3469 tem-

1860 3525 1993 3582 pus.
2028 3509 2166 3564 ldeo
2215 3507 2415 3573 etiam,
2476 3507 2578 3578 qui
2609 3505 2806 3560 visum
2867 3505 2934 3574 (j)
2966 3503 3203 3574 recepit,
3237 3501 3475 3558 dicebat
3505 3503 3521 3545 ε

1859 3600 1907 3654 Α
1941 3598 2154 3654 εασιιιο
2191 3611 2308 3650 non
2371 3601 2452 3652 est
2493 3595 2785 3657 auditum,
2841 3592 2996 3664 quod
3045 3590 3342 3661 aperuerit
3373 3592 3525 3663 quis-

1857 3687 2018 3758 piam
2052 3687 2242 3742 oculos
2265 3685 2398 3741 caeci
2450 3684 2582 3740 nati
2630 3685 2698 3736 ⁸ο.

1933 3779 2098 3831 Vers.
2173 3779 2225 3830 2.
2284 3775 2362 3831 Et
2410 3779 2736 3829 nasceretur
2782 3772 2811 3828 ?
2876 3769 3344 3841 Interrogabant,
3399 3784 3521 3826 non

1861 3866 2024 3937 quod
2077 3865 2188 3920 hoc
2219 3868 2322 3920 aut
2350 3863 2498 3919 illud
2525 3861 2774 3918 omnino
2797 3859 3263 3932 suspicarentur,
3322 3875 3523 3932 quem-

1860 3953 2192 4010 admodum
2259 3952 2606 4024 insipientes
2679 3949 2915 4015 Judaai;
2966 3964 3109 4004 nam
3172 3947 3333 4004 hunc
3389 3964 3524 4019 pec-

1861 4058 2048 4107 casse,
2122 4046 2448 4114 antequam
2507 4045 2685 4096 natus
2754 4042 2926 4103 esset,
2979 4036 3352 4108 impossibile
3400 4041 3524 4092 erat

1861 4148 2040 4204 porro
2065 4147 2172 4202 pro
2217 4130 2568 4201 parentibus
2637 4127 2834 4200 puniri
2867 4127 3155 4196 injustum
3197 4142 3211 4190 ;
3255 4125 3356 4180 sed
3388 4125 3522 4180 ﬁnis

1861 4221 2156 4276 sermonis
2211 4218 2338 4274 talis
2395 4224 2503 4273 est.
2556 4216 2921 4286 Paralyticus
2979 4214 3223 4285 quidem
3281 4218 3524 4285 propter

1860 4312 2108 4379 peccata
2147 4323 2256 4362 sua
2303 4305 2655 4374 aegrotabat,
2716 4305 2865 4358 sicut
2904 4302 2984 4357 ibi
3029 4301 3351 4356 didicimus
3390 4316 3402 4356 :
3447 4301 3521 4356 de

149 4395 400 4466 ἥμαρτεν,
457 4393 602 4452 οὗτος
641 4393 670 4451 ἣ
723 4395 770 4444 οἱ
814 4401 983 4464 γονεῖς
1049 4393 1206 4445 αὐτοῦ
1264 4396 1456 4465 ςήμείς
1487 4395 1588 4467 γὰρ
1636 4395 1751 4446 οὔτε

1879 4413 1975 4452 ioc
2008 4401 2227 4457 autem.
2299 4394 2441 4452 quid
2503 4393 2651 4448 dicis
2700 4391 2728 4446 ‘i
2774 4393 2910 4460 Quis
2957 4392 3236 4458 peccavit,
3297 4389 3413 4454 hic,
3445 4405 3518 4446 an

145 4487 304 4532 τοῦτο
326 4483 442 4532 οὔτε
471 4479 629 4533 ἐκεῖνο
660 4476 929 4554 δυνάμεθα
965 4480 1148 4552 λέγειν,
1184 4481 1436 4542 παντελῶς
1467 4480 1752 4556 ἐξαπορούο

146 4587 316 4642 μενοι.

221 4755 272 4792 ³ο
291 4755 465 4813 Joan.
495 4771 574 4825 Ix,
608 4756 694 4812 32.

1857 4491 2127 4556 parentes
2158 4487 2284 4554 ejus
2323 4482 2351 4538 ?
2401 4499 2511 4538 nos
2543 4482 2704 4537 enim
2732 4495 2926 4552 neque
2965 4478 3096 4542 hoc.
3151 4493 3345 4550 neque
3376 4477 3522 4534 illud

1861 4573 2054 4629 dicere
2107 4589 2450 4645 possumus,
2502 4570 2752 4627 omnino
2782 4567 3113 4625 conturbati
3144 4566 3518 4640 consilioque

1860 4662 2143 4719 destituti.

1355 4856 1578 4926 Variae
1608 4857 1937 4927 lectiones
1971 4869 2036 4926 et
2077 4865 2278 4927 notae.

217 4999 330 5070 (Ἠ)
352 4998 582 5055 Scilicet
611 4997 1044 5125 Chr¥sostomi,
1069 4999 1172 5070 qui
1193 4999 1477 5077 audacter
1504 5001 1585 5057 ita
1614 5015 1738 5056 cor-

217 5071 312 5125 xit.
365 5071 504 5125 Vide
547 5074 688 5125 tom.
773 5071 861 5125 lll.
896 5086 1034 5125 nae.
1073 5073 1202 5125 324.
1246 5071 1738 5125 Chrvsostomum

146 5071 312 5143 rexit.
365 5071 504 5127 Vide
547 5074 688 5126 tom.
720 5071 861 5143 Vill,
895 5086 1034 5143 pag.
1068 5073 1202 5143 324.
1246 5071 1741 5143 Chrysostomum

144 5142 412 5222 sequitur
431 5157 593 5225 unus
609 5157 681 5198 ex
697 5141 1005 5225 codicibus
1031 5141 1488 5225 Mosquensibus
1510 5143 1739 5225 N.Te.s_t.

147 5212 329 5291 g.qui
363 5217 449 5267 est
471 5229 602 5268 cum
648 5212 912 5268 scholiis.
955 5212 1258 5296 Origenes,
1312 5214 1416 5286 qui
1446 5219 1593 5270 tom.
1638 5216 1739 5279 XX,

144 5298 204 5336 lt]
228 5283 515 5363 Joannem
548 5283 678 5340 haec
707 5285 848 5363 data
883 5300 1067 5363 opera
1120 5291 1555 5363 interpretatur,
1580 5285 1743 5363 hunc

144 5370 386 5426 versum
443 5361 633 5410 totum
697 5357 1095 5426 prmtermisit.
1143 5361 1468 5414 Πεντήκοντα
1502 5362 1743 5412 servant

143 5423 342 5496 Cyrill.
378 5431 415 5480 t.
440 5426 564 5500 iV,
592 5442 648 5496 p.
684 5423 785 5482 585
813 5428 872 5480 C.
909 5428 1382 5500 ;ATheophylact.
1420 5445 1476 5500 p.
1518 5430 1622 5500 690
1658 5431 1695 5483 E
1727 5445 1740 5493 ;

187 5512 398 5572 everus
435 5498 496 5552 in
528 5499 750 5554 Catena
803 5498 1082 5566 Corderii,
1125 5498 1184 5572 p.
1207 5498 1317 5555 243
1369 5518 1383 5568 ;
1419 5498 1475 5556 et
1503 5499 1740 5556 codices

186 5569 518 5624 robatiores
547 5583 774 5624 omnes.

328 5745 438 5817 Qui
469 5745 676 5804 visum.
712 5748 877 5804 Forte
908 5747 1072 5819 legit,
1104 5743 1188 5804 διὸ
1227 5752 1316 5801 καὶ
1344 5749 1369 5802 ὁ
1423 5747 1736 5826 ἁναϐλόψας.

1919 5003 2032 5074 (72)
2066 5001 2301 5074 Inclusa
2341 5000 2577 5074 absunt
2608 5001 2673 5056 Α.
2709 5001 2964 5061 Κτίστης,
2995 4994 3306 5068 quomodo
3336 4995 3516 5074 etiam

1854 5070 2195 5129 Eustathius
2231 5072 2445 5136 scribit,
2477 5072 2582 5144 qui
2640 5087 2778 5128 cum
2839 5074 3023 5144 κτίτης
3049 5070 3381 5139 comparat.
3405 5083 3516 5144 pro

1853 5145 2217 5200 substantivo
2253 5139 2514 5217 accipio;
2557 5159 2696 5208 non,
2763 5146 2823 5197 ut
2873 5142 3182 5212 interpres,
3216 5153 3325 5209 pro
3355 5139 3516 5196 adie-

1854 5217 2033 5272 cﬁvo.

1925 5287 2036 5359 (73)
2057 5289 2140 5343 Ita
2167 5286 2517 5359 plerumque
2533 5285 2994 5356 Chrysostomus
3011 5287 3266 5345 oratorie
3285 5286 3513 5352 laudat,

1851 5359 2022 5414 Joan.
2057 5375 2216 5413 xvm.
2249 5362 2301 5421 6,
2325 5362 2508 5412 ἔπεσον
2539 5363 2738 5430 χαμαί.

1922 5435 1936 5495 (
1945 5431 2257 5495 ’74)Γεννητῆ
2269 5450 2312 5491 ς.

1927 5501 2038 5571 (75)
2063 5504 2122 5554 Δὶ
2153 5501 2323 5558 abest
2363 5508 2428 5555 A.
