4088 6434
695 326 833 385 {303

2018 320 2376 382 EUTHYMII
2427 319 2754 378 ZIGABENI
3864 327 3941 389 13ῦὲ

696 459 851 510 atur.
878 452 1017 510 Vult
1042 451 1198 510 enim
1227 456 1514 519 astruere,
1557 448 1724 524 quod
1781 449 1975 519 major
2015 451 2111 516 sit,
2160 465 2310 522 qua:

2327 465 2348 504 ι
2380 446 2427 501 Δ
2464 446 2706 500 Βούλεται
2716 449 2814 521 γὰρ
2828 447 3227 500 κατασκευάσαι
3246 447 3328 500 ὅτε
3347 448 3535 519 μείζων
3552 448 3657 500 ἑστι
3672 457 3748 501 τοῦ
3774 451 3941 527 Ἀϐραάμ.

696 543 996 600 Abraham
1033 559 1046 608 ;
1079 559 1221 598 nam
1253 542 1368 598 hoc
1417 541 1476 595 in
1522 539 1793 612 praesenti
1836 555 1956 595 non
2009 539 2179 606 dixit,
2222 554 2352 610 pro-

695 639 826 706 pter
851 631 1115 704 ipsorum
1150 630 1612 704 imprudentiam.

768 721 1056 776 Vers.“.
1118 721 1297 788 Quem
1364 751 1432 759 —
1493 719 1649 773 Vers.
1727 719 1818 775 55.
1880 733 2025 774 eum.
2095 748 2151 758 —
2221 717 2350 772 Non

695 811 1037 881 cognovistis
1077 825 1222 870 eum,
1262 813 1463 878 utpote
1499 806 1782 878 operibus
1837 806 2002 861 illum
2038 811 2347 870 negantes.

698 899 850 955 Dicit
900 898 1060 953 enim
1117 903 1173 952 et
1225 896 1546 967 Apostolus
1592 913 1605 950 :
1661 896 2024 962 Conﬁtentur
2086 910 2146 950 se
2198 909 2352 950 noue

699 990 906 1051 Deum.
947 988 1120 1055 factis
1150 991 1345 1042 autem
1376 992 1592 1054 negant
1622 987 1693 1042 ⁷⁷.
1722 984 1822 1038 Vel
1858 984 2037 1039 etiam
2085 999 2156 1038 eo
2186 982 2351 1054 quod

697 1092 816 1132 non
847 1075 1189 1143 agnoscatis
1213 1073 1415 1129 Filium
1471 1074 1625 1143 ejus.
1688 1071 1912 1126 Dictum
1967 1075 2054 1126 est
2115 1070 2274 1126 enim
2335 1089 2348 1126 :

696 1167 762 1221 Si
796 1180 888 1220 me
914 1164 1348 1232 cognoscentis,
1381 1163 1439 1219 et
1475 1164 1712 1218 Patrem
1764 1176 1949 1216 meum
2001 1161 2205 1232 utique
2261 1175 2353 1216 co-

695 1257 1053 1326 gnosceretis
1108 1254 1177 1307 ⁷⁸.
1213 1252 1311 1308 Vel
1365 1267 1436 1307 eo
1493 1254 1659 1324 quod
1718 1265 1838 1304 non
1902 1249 2146 1304 servetis
2219 1250 2349 1320 ejus

699 1358 1004 1398 sermones
1035 1361 1051 1413 ;
1085 1356 1228 1397 nam
1283 1341 1330 1396 si
1360 1339 1789 1411 cognosceretis
1818 1354 1978 1402 eum,
2011 1353 2349 1394 sermonem

699 1433 827 1503 ejus
858 1431 1187 1487 servaretis.

771 1521 931 1576 Vers.
965 1521 1053 1576 55.
1105 1521 1231 1590 Ego
1282 1524 1469 1576 autem
1527 1519 1671 1573 navi
1727 1532 1878 1573 eum.
1941 1521 2068 1573 Non
2127 1515 2347 1580 solum,

700 1626 837 1666 cum
868 1624 939 1664 ex
972 1609 1102 1681 ipso
1129 1610 1265 1673 sim,
1311 1616 1368 1663 et
1393 1607 1661 1678 ejusdem
1705 1606 2074 1669 substantiae,
2121 1613 2351 1661 natura

700 1704 757 1756 et
785 1698 1066 1764 scientiae,
1101 1700 1200 1753 sed
1249 1697 1426 1753 etiam
1479 1702 1769 1768 tanquam
1824 1710 2164 1750 sermonem
2222 1694 2425 1794 ejus.B

701 1802 965 1845 servans.
993 1790 1137 1843 Nam
1168 1791 1225 1842 et
1255 1786 1530 1857 superius
1576 1785 1723 1840 dixit
1777 1801 1789 1839 :
1845 1785 1950 1840 Est
2005 1799 2200 1847 verax.
2250 1785 2353 1854 qui

701 1878 856 1933 misit
892 1892 998 1941 me,
1027 1891 1198 1946 quem
1229 1891 1323 1931 vos
1354 1890 1471 1931 non
1498 1874 1678 1929 nostis
1702 1890 1714 1926 :
1753 1889 1857 1943 ego
1885 1888 2020 1928 vero
2042 1873 2181 1928 novi
2199 1888 2350 1939 eum,

702 1967 844 2038 quia
871 1966 946 2022 ab
972 1981 1036 2022 eo
1064 1981 1193 2021 sum
1213 1967 1286 2017 τ’.

771 2055 914 2110 Vers
969 2060 1055 2110 55.
1115 2057 1178 2110 Et
1237 2083 1306 2095 —
1353 2053 1629 2109 mendax.
1665 2053 1781 2108 Vos
1813 2052 1973 2107 enim
2022 2050 2354 2106 mentimini

702 2145 969 2200 dicentes
1009 2145 1195 2198 Deum
1247 2148 1511 2198 vestrum
1562 2157 1714 2207 esse,
1769 2158 1904 2196 cum
1963 2158 2082 2196 non
2134 2157 2356 2209 cogno-

704 2234 883 2289 scatis
921 2250 1080 2293 eum,
1125 2239 1187 2288 ut
1244 2231 1595 2303 prmdictum
1655 2237 1758 2284 est.
1818 2230 2089 2286 Notitiam
2151 2235 2352 2284 autem

703 2329 760 2378 et
788 2323 1188 2392 cognitionem
1221 2321 1380 2384 dicit,
1424 2335 1598 2375 nosse
1626 2319 1992 2391 simpliciter.
2037 2325 2092 2374 et
2136 2334 2353 2390 cogno-

703 2427 866 2467 scere
917 2410 1080 2483 quod
1138 2411 1209 2465 sit
1270 2411 1424 2464 Deus
1476 2415 1532 2463 et
1588 2409 1770 2469 Pater,
1830 2424 1946 2462 non
2035 2409 2182 2462 scire
2254 2410 2352 2462 Dei

701 2506 997 2556 naturam.
1032 2503 1175 2555 Nam
1203 2501 1336 2570 ipsa
1372 2514 1491 2552 non
1534 2498 1732 2551 solum
1795 2498 2076 2564 cognosci
2131 2498 2349 2567 nequit,

704 2605 906 2645 verum
936 2589 1111 2643 etiam
1143 2588 1389 2642 omnino
1446 2586 1892 2653 inintelligibilis
1941 2592 2028 2640 est
2079 2594 2132 2640 et
2187 2587 2352 2641 inac-

703 2677 1012 2744 cessibilis,
1042 2693 1150 2732 nec
1189 2682 1406 2730 tantum
1440 2674 1806 2740 hominibus,
1867 2676 1972 2728 sed
2023 2681 2078 2730 et
2107 2674 2355 2731 ccelesti-

704 2767 815 2821 bus
852 2766 1185 2821 virtutibus.

777 2854 941 2910 Vers.
976 2855 1062 2909 56.
1123 2853 1233 2909 Sed
1286 2884 1352 2893 —
1408 2867 1596 2909 servo.
1654 2851 1850 2917 Vides,
1884 2852 2045 2924 quod
2104 2853 2204 2908 Dei
2235 2868 2352 2908 ser-

702 2959 946 3000 monem
1007 2959 1262 3006 servare,
1316 2942 1554 3011 signum
1610 2942 1679 2997 sit
1732 2941 1897 3014 quod
1960 2942 2096 3013 quis
2165 2945 2349 2998 Deum

703 3038 1044 3102 cognoscat.
1079 3032 1422 3087 Timeamus
1453 3031 1650 3098 igitur,
1699 3031 1863 3103 quod
1896 3032 1992 3086 Dei
2057 3039 2353 3101 praecepta

702 3137 824 3177 non
856 3137 1180 3186 servamus,
1237 3127 1522 3191 tanquam
1553 3136 1693 3176 cum
1721 3167 1724 3172 .
1749 3120 1834 3174 eis
1889 3121 2214 3190 constituti,
2246 3119 2352 3192 qui

705 3210 891 3266 Deum
924 3211 1219 3280 ignorant.
1253 3210 1474 3266 Deinde
1518 3209 1746 3282 probat,
1797 3209 1961 3280 quod
2008 3211 2201 3280 major
2255 3209 2348 3274 sit,

701 3315 887 3372 quam
915 3300 1240 3356 Abraham.

775 3389 935 3446 Vers.
1016 3394 1100 3444 56.
1144 3389 1449 3445 Abraham
1506 3419 1574 3429 —
1626 3403 1838 3445 meum.
1897 3417 1968 3432 —
2018 3389 2352 3445 Ezsuttavit

703 3478 829 3534 sive
881 3478 1241 3550 concupivit.
1275 3477 1435 3534 Diem
1477 3481 1668 3532 autem
1735 3492 1914 3532 suum
1994 3476 2138 3533 dicit
2189 3476 2352 3533 diem

701 3567 1020 3640 passionis.

774 3656 935 3711 Vers.
996 3659 1082 3710 56.
1136 3656 1210 3710 Et
1268 3655 1438 3719 vidit,
1498 3661 1552 3711 et
1620 3655 1860 3724 gavisus
1929 3660 2034 3711 est.
2093 3654 2351 3711 Gavisus

702 3749 790 3798 est
814 3751 1049 3815 propter
1101 3743 1347 3798 salutem
1404 3742 1633 3797 mundi.
1705 3743 2118 3811 Praecognovit
2184 3760 2351 3799 nam-

701 3847 819 3904 que
860 3832 1212 3904 mysterium
1253 3832 1654 3886 crucitixionis
1698 3833 1932 3887 Christi.
1989 3833 2353 3889 Desideravit

701 3921 903 3975 videre
943 3921 1100 3974 diem
1165 3921 1351 3991 ipsius
1390 3929 1442 3974 et
1487 3921 1627 3975 vidit
1675 3921 1840 3975 illum
1895 3922 2347 3992 praefiguratum

701 4008 1228 4072 etadumbratum,
1280 4009 1336 4064 in
1388 4008 1482 4063 die
1535 4025 1658 4079 quo
1707 4009 1892 4064 tilium
1945 4027 2120 4065 suum
2183 4011 2350 4067 Isaac

700 4098 913 4153 obtulit
951 4098 1009 4153 in
1035 4098 1473 4153 holocaustum.
1523 4098 1724 4153 Didicit
1764 4100 1944 4161 euim,
1992 4101 2148 4170 quod
2202 4103 2351 4157 sicut

701 4188 831 4259 ipse
881 4203 998 4241 non
1071 4188 1333 4258 pepercit
1380 4204 1490 4242 suo
1551 4189 1764 4242 dilecto
1837 4197 2079 4260 propter
2137 4191 2347 4256 Deum,

2463 543 2696 606 ψανερῶς
2752 539 2850 611 γὰρ
2878 544 2966 588 νῦν
2999 535 3092 589 οὐκ
3124 533 3229 590 εἶπε
3260 545 3411 590 τοῦτο
3437 534 3471 590 δ
3477 541 3531 589 ιά
3559 542 3642 596 τὴν
3676 536 3944 612 ἀναισχυντίτν

2464 626 2631 678 αὐτῶν
2641 666 2653 679 .

2532 715 2626 767 ’ον
2686 745 2755 756 -
2810 715 2986 767 αὑτὸν.
3049 746 3116 756 -
3158 715 3269 768 Ούκ
3325 715 3574 787 ἐγνώκατε
3629 716 3782 782 αὐτὸν,
3815 723 3863 780 ὡς
3889 733 3944 776 τςῐς

2462 809 2629 879 ἔργοις
2675 803 2975 877 ἀρνούμενοι
3023 804 3194 857 αῦτὸν.
3252 811 3386 863 Φησὶ
3442 809 3547 877 γὰρ
3597 810 3679 856 καὶ
3727 809 3750 856 ὁ
3781 808 3945 860 Ἀποττςι

2460 893 2542 952 λος
2623 895 2703 944 ὅτι
2750 897 2878 946 Θεὸν
2936 893 3277 966 ὁμολογοῦσιν
3334 891 3552 961 εἰδέναι,
3603 901 3702 956 τοίς
3756 893 3802 948 δε
3851 901 3947 969 ingeni;

2464 978 2758 1051 ἀρνοῦνται.
2825 982 2891 1035 Ἦ
2949 989 3034 1035 καὶ
3095 986 3158 1044 ὡς
3209 988 3280 1056 μὴ
3337 982 3608 1055 ἕγνωκὸτες
3655 989 3733 1034 τὸν
3780 988 3868 1037 Υἱὸν
3899 993 3945 1038 εξ-

2462 1078 2574 1123 τοῦ.
2630 1077 2912 1143 Προείρηκε
2977 1075 3077 1147 γὰρ
3142 1076 3221 1125 ὅτι
3280 1073 3338 1125 Ei
3414 1072 3502 1144 ὶμὶ
3580 1069 3758 1144 ᾔδειτε,
3805 1082 3869 1126 καὶ
3904 1097 3944 1128 τει

2464 1165 2671 1231 Πατέρα
2731 1179 2832 1230 μου
2890 1157 3066 1232 ᾔδειτε
3121 1162 3200 1214 οἶν.
3265 1161 3329 1214 Ἦ
3392 1164 3458 1222 ὡς
3515 1168 3587 1234 μὴ
3650 1171 3871 1232 τηροῦντες
3905 1187 3944 1216 rs

2461 1247 2613 1318 λόγον
2637 1249 2817 1301 αὐτοῦ·
2851 1250 2895 1302 εἰ
2916 1253 3018 1322 γὰρ
3051 1248 3228 1322 ᾔδειτε
3258 1251 3434 1316 αὐτὸν,
3459 1250 3681 1325 ἑτηρείτε
3707 1251 3758 1302 ἄν
3779 1257 3842 1304 τὸν
3865 1255 3944 1324 197:.

2464 1337 2646 1392 αύτοῦ.

2537 1515 2671 1587 Ἐγώ
2703 1512 2761 1569 δε
2792 1513 2918 1568 οἶδα
2956 1518 3130 1572 αὐτὸν.
3178 1521 3254 1570 Ού
3283 1523 3435 1591 μόνον
3484 1520 3552 1579 ὡς
3581 1518 3631 1581 ἐξ
3660 1519 3796 1570 αὑτοῦ
3817 1528 3877 1571 ni
3901 1530 3945 1574 si:

2463 1606 2622 1665 αὐτῆς
2652 1606 2838 1667 ούσίας
2867 1611 2955 1658 καὶ
2983 1610 3182 1678 φύσεως
3210 1613 3299 1660 καὶ
3325 1615 3573 1679 γνώσεως
3601 1613 3684 1672 ὧν,
3715 1607 3818 1659 ἀλλὰ
3846 1617 3945 1668 ως

2462 1698 2548 1746 τὸν
2569 1694 2717 1766 λόγον
2744 1695 2905 1747 αὑτοῦ
2931 1705 3120 1767 τηρῶν.
3157 1702 3258 1750 Καὶ
3289 1697 3461 1750 ὀπίσω
3495 1695 3556 1750 δι
3587 1694 3731 1762 εἶπεν,
3766 1701 3826 1750 ὁτι
3847 1701 3944 1749 Ἐστςί

2463 1785 2661 1844 ἀληθὴς
2835 1786 2861 1836 ὀ
2885 1784 3092 1857 πέμψας
3129 1804 3211 1856 με,
3244 1786 3298 1838 ὸν
3342 1788 3494 1858 ὑμεῖς
3525 1787 3622 1839 οῦκ
3645 1784 3814 1855 οἴδατε,
3843 1787 3900 1856 rp.
3920 1785 3943 1837 ἔξ

2463 1869 2588 1925 οἶδα
2619 1873 2795 1944 αὑτὸν,
2830 1876 2907 1926 ὅτι
2940 1875 3062 1949 παρ’
3095 1875 3256 1928 αὑτοῦ
3287 1875 3419 1948 εἰμι.

2541 2056 2640 2103 Καὶ
2696 2082 2763 2092 -
2819 2051 3069 2122 ψεύστης.
3127 2050 3390 2106 Ψεύδεσθε
3451 2057 3561 2126 γὰρ
3634 2055 3764 2126 ὑμεῖς
3817 2055 3941 2123 iam;

2465 2140 2688 2210 5?:(67)
2742 2144 2867 2201 Θεὸς
2916 2143 3058 2214 ὑμῶν
3113 2141 3272 2202 ἔστιν,
3315 2143 3374 2194 οῦ
3426 2146 3536 2216 γὰρ
3601 2142 3821 2215 ἐγνώκατε
3853 2145 3936 2194 sitsi.

2467 2235 2536 2291 ὡς
2591 2236 2915 2305 προείρηται.
2976 2229 3198 2290 Εῖδησιν
3272 2230 3331 2286 δε
3395 2240 3489 2286 καὶ
3564 2239 3747 2306 γνῶσίν
3801 2253 3936 2303 sunt:

2466 2317 2658 2373 εἰδέναι
2682 2327 2770 2373 καὶ
2801 2328 3076 2393 γινώσκειν
3105 2321 3275 2382 ἁπλῶς
3305 2325 3384 2374 ὅτι
3413 2321 3535 2376 ἐστὶ
3580 2327 3700 2386 Θεὸς
3731 2330 3803 2374 καὶ
3837 2330 3935 2376 [Im

2465 2409 2524 2462 οῦ
2563 2414 2666 2480 μὴν
2706 2414 2800 2467 τὴν
2833 2411 2944 2480 (68)
2975 2418 3069 2470 τῆς
3100 2413 3300 2482 φύσεως
3347 2419 3441 2463 τοῦ
3494 2420 3652 2465 Θεοῦ.
3698 2414 3813 2470 Δύτι
3840 2431 3891 2483 71;
3912 2432 3929 2459 :.

2465 2504 2617 2571 μόνον
2665 2500 2946 2570 ἄγνωστος,
3004 2498 3131 2551 ἀλλὰ
3181 2505 3269 2552 καὶ
3321 2501 3590 2564 παντελῶς
3643 2500 3922 2558 inmergi:

2467 2586 2888 2660 ἀνεπιχείρητος,
2919 2594 3009 2640 καὶ
3040 2588 3098 2640 ού
3129 2593 3282 2661 μόνον
3313 2588 3632 2663 ἀνθρώποις,
3675 2589 3790 2643 ἀλλὰ
3811 2599 3858 2641 κε
3874 2595 3918 2642 τίς

2465 2676 2727 2749 οὐρανίαις
2768 2674 3072 2750 δυνάμεσιν.

2539 2854 2678 2909 Ἀλλ’
2702 2886 2770 2896 -
2799 2864 2960 2929 τηρῶ.
2984 2860 3136 2927 Ὁρᾷς
3153 2857 3232 2908 ὅτι
3253 2858 3311 2908 τὸ
3338 2858 3424 2909 τὸν
3447 2856 3605 2928 λόγον
3631 2866 3718 2911 τοῦ
3743 2864 3843 2911 Θεοῦ
3858 2861 3940 2926 tua

2469 2949 2682 3016 σημεῖὸν
2710 2943 2826 2996 ἕοτι
2850 2953 2939 2996 τοῦ
2967 2941 3158 2996 εἰδέναι
3185 2944 3360 2997 αὐτὸν.
3380 2946 3704 3019 Φαϐηθῶμεν
3728 2947 3945 2999 τοίτντοέτι

2467 3032 2667 3092 ἐντολὰς
2696 3038 2786 3084 τοῦ
2822 3037 2950 3085 Θεοῦ
2980 3036 3052 3104 μὴ
3101 3032 3460 3104 φυλάττοντες,
3495 3037 3569 3096 ὡς
3601 3040 3856 3106 ταττόμενοι
3886 3050 3946 3098 ac!

2466 3131 2564 3174 τῶν
2597 3121 2916 3194 ἀγνοούντων
2961 3126 3047 3174 τὸν
3088 3127 3234 3176 Θεὸν.
3278 3119 3404 3176 Εἶτα
3443 3126 3808 3184 κατασκευάζει
3836 3142 3891 3171 ιιι
3916 3138 3948 3167 :71

2465 3212 2656 3283 μείζων
2688 3210 2802 3263 εστὶ
2831 3218 2922 3262 τοῦ
2956 3210 3213 3284 Ἀϐραάμ.

2539 3299 2776 3374 Ἀϐραὰμ
2834 3330 2902 3340 -
2959 3298 3100 3371 ὶμήν.
3165 3331 3232 3340 -
3294 3301 3699 3372 Ἥγαλλιάσατο,
3745 3306 3866 3372 ἤγουν
3900 3297 3950 3347 ἐςτν

2466 3391 2718 3461 θύμησεν.
2794 3388 3039 3462 [Ἠμέραν
3110 3389 3223 3460 (69)
3278 3387 3335 3442 δε
3407 3391 3575 3445 αῦτοῦ
3633 3391 3757 3464 λέγει
3811 3395 3877 3446 τὴν
3910 3405 3949 3435 τί·

2467 3487 2717 3551 σταυροῦ.

2537 3661 2637 3710 Καὶ
2694 3652 2821 3720 εἶδε,
2870 3661 2956 3708 καὶ
3012 3655 3204 3731 ἐχάρη.
3265 3657 3468 3731 Ἐχάρη
3521 3655 3616 3711 διὰ
3661 3663 3747 3717 τὴν
3789 3659 3953 3725 σωτηρίη

2461 3754 2552 3798 τοῦ
2601 3750 2824 3817 κόσμον.
2874 3750 3132 3818 Προγνούς
3173 3749 3274 3819 γὰρ
3327 3750 3385 3799 τὸ
3442 3753 3730 3821 μυστήριον
3776 3754 3955 3805 firm-

2461 3841 2669 3908 ρώσεως
2712 3842 2803 3886 τοῦ
2868 3842 3101 3906 Χριστοῦ
3152 3833 3499 3909 ἕπεθύμησεν]
3560 3834 3685 3890 ἰδεῖν
3733 3841 3810 3893 τὴν
3841 3837 3956 3903 itii?”

2462 3925 2643 3990 αῦτοῦ,
2706 3929 2795 3976 καὶ
2844 3920 2976 3975 εἶδεν
3027 3924 3182 3981 αὐτὴν
3241 3923 3263 3996 [
3315 3927 3863 4000 προσκιαγραερηθεῖσαν
3897 3926 3953 3984 (71."

2459 4012 2573 4085 καὶ]
2604 4008 2638 4064 δ
2645 4013 3025 4064 ιατυπωθεῑσαν
3056 4011 3104 4063 ἐν
3146 4020 3208 4084 τῇ
3256 4015 3425 4085 ἡμέρᾳ
3454 4016 3575 4066 καθ’
3607 4019 3666 4073 ἦν
3695 4013 3888 4081 ἀνήνεγκε
3916 4026 3956 4056 τεῖ

2462 4106 2573 4154 υἱὸν
2613 4101 2772 4153 αὐτοῦ
2821 4119 2906 4152 τον
2936 4102 3120 4154 Ἰσαάκ
3173 4102 3246 4162 εἰς
3297 4101 3678 4174 ὸλοκάρπωσιν,
3723 4102 3874 4172 Ἐμαόε
3905 4099 3955 4166 γάε

2463 4194 2564 4258 ὃτι,
2615 4193 2786 4259 ὥσπερ
2836 4189 2987 4250 αὐτὸς
3037 4190 3130 4242 οῦκ
3169 4193 3406 4262 ἐφείσατς
3464 4201 3558 4244 τοῦ
3608 4194 3718 4244 υἱοῦ
3766 4191 3885 4242 αὐτοῦ

701 4276 780 4332 ita
819 4292 1013 4348 neque
1053 4277 1203 4331 Deus
1246 4279 1576 4347 parciturus
1631 4283 1786 4332 esset
1850 4277 1990 4333 Filio
2045 4295 2155 4334 suo
2205 4279 2315 4333 (lile

2340 4310 2352 4320 -
2389 4265 2430 4319 D
2466 4279 2739 4351 ἀγαπητοῦ
2776 4274 2869 4330 διὰ
2907 4282 2993 4330 τὸν
3033 4282 3182 4344 Θεὸν,
3233 4280 3394 4340 οὕτως
3437 4277 3563 4334 ούδὶ
3614 4282 3640 4332 ὁ
3676 4282 3781 4340 Θεὸς
3812 4281 3954 4349 suam:

702 4372 796 4422 cto
827 4374 1066 4438 propter
1091 4366 1417 4420 hominem.
1456 4369 1518 4420 Et
1544 4367 2062 4437 quemadmodum
2094 4368 2192 4422 ille
2219 4384 2351 4438 por-

702 4457 843 4512 tavit
882 4455 1040 4527 ligna
1073 4455 1400 4510 holocausli
1467 4455 1575 4522 sui,
1644 4456 1721 4510 ita
1773 4462 1828 4509 et
1857 4457 1981 4526 ipse
2013 4464 2352 4528 portaturus

701 4549 854 4598 esset
890 4544 1122 4613 lignum
1164 4544 1366 4598 mortis
1405 4559 1548 4598 sum.
1594 4545 2031 4610 Verumtamen,
2067 4547 2215 4601 sicut
2255 4546 2352 4601 illo

701 4648 818 4687 non
861 4649 1042 4704 passo
1074 4632 1416 4704 suppositus
1448 4638 1532 4686 est
1572 4632 1725 4687 aries
1764 4649 1775 4687 :
1810 4633 1890 4688 ita
1948 4639 2004 4688 et
2056 4634 2169 4689 hoc
2221 4652 2354 4692 ma-

700 4728 878 4777 nente
909 4721 1284 4794 impassibili,
1315 4720 1662 4776 humanitas
1688 4723 1817 4792 ejus
1841 4722 2038 4776 occisa
2057 4724 2353 4788 εει.ουοά

705 4809 754 4864 si
780 4809 936 4865 diem
969 4812 1096 4880 ejus
1126 4810 1327 4866 videre
1357 4809 1732 4874 desideravit,
1776 4808 1981 4882 utique
2029 4811 2141 4867 hoc
2204 4818 2348 4883 erat,

704 4901 994 4968 tanquam
1034 4899 1306 4970 majoris.

776 5110 1121 5180 "Tit.l,to.
1222 5113 1730 5182 "Joan.vui,t9.
1807 5115 2045 5172 "Joan.
2074 5133 2167 5180 vn,
2196 5119 2283 5172 26.

2464 4378 2555 4422 τοῦ
2586 4371 2709 4421 Υἰοῦ
2739 4367 2898 4420 αὐτοῦ
2938 4374 3028 4419 τοῦ
3059 4365 3333 4438 ἀγαπητοῦ
3375 4365 3470 4421 διὰ
3495 4373 3582 4422 τὸν
3626 4370 3871 4441 ἄνθρωπον.
3904 4369 3949 4413 Er

2466 4461 2638 4529 ὥσπερ
2715 4457 2863 4518 οὗτος
2911 4455 3169 4508 ἐϐάστασε
3218 4459 3284 4508 τὰ
3329 4456 3455 4520 ξύλα
3509 4467 3608 4520 τῆς
3663 4457 3950 4526 aiatait-raras;

2468 4548 2645 4611 αὐτοῦ,
2688 4547 2822 4597 ούτω
2849 4543 3082 4606 κάκεῖνος
3130 4543 3389 4618 βαστάσει
3419 4550 3473 4599 τὸ
3501 4547 3651 4610 ξύλον
3690 4553 3772 4599 τοῦ
3818 4544 3945 4594 Garat:

2464 4638 2640 4688 αὐτοῦ.
2697 4634 2833 4692 Πλὴν
2886 4635 3119 4706 καθάπερ
3181 4637 3365 4687 τούτου
3430 4639 3692 4707 μείναντος
3743 4633 3944 4685 imam-'6‘

2461 4727 2606 4796 κριὸς
2658 4722 2836 4787 ἐτύθη,
2904 4722 3038 4774 οὕτω
3089 4721 3325 4776 κάκείνου
3397 4727 3635 4795 μένοντος
3700 4722 3882 4776 ἀπαθοῦς
3920 4731 3941 4760 τθ

2462 4812 2778 4887 ἀνθρώπινον
2845 4811 3005 4864 αὐτοῦ
3073 4813 3561 4883 σφηιασθήσεται.
3641 4812 3698 4866 Εἰ
3762 4806 3812 4863 δε

2461 4920 2625 4974 μησεν
2675 4897 2804 4953 ἰδεῖν
2856 4905 2949 4959 τὴν
3006 4901 3203 4973 ἡμέραν
3265 4900 3444 4972 αὐτοῦ,
3507 4904 3580 4964 ὡς
3627 4901 3836 4974 μείζονος
3880 4912 3932 4944 περ

2461 5010 2580 5051 τως.

1926 5292 2140 5362 Varia:
2178 5293 2508 5362 lectiones
2551 5303 2616 5361 et
2658 5301 2857 5360 notae.

775 5450 885 5526 (_66)
922 5452 984 5508 In
1027 5455 1325 5526 contextu,
1354 5451 1468 5526 illo?
1498 5451 1558 5507 in
1595 5452 1723 5526 loco
1767 5452 1948 5526 _cod_d.
2002 5454 2351 5526 Euthymius

703 5520 928 5596 habent
981 5522 1291 5596 vulgatum
1346 5523 1607 5596 ἀληθινός.
1669 5524 1782 5596 sed
1833 5520 2352 5596 Chrysostfrefert

706 5591 1257 5667 alneiig_Tom.'Vlll,
1280 5610 1346 5667 _p.
1380 5595 1502 5664 294,
1527 5596 1652 5662 295,
1685 5591 2017 5667 aliquoties.

773 5667 886 5735 (67)
910 5664 969 5718 '0
998 5665 1317 5736 interponit
1345 5671 1412 5721 Α.

773 5735 885 5808 (68)
953 5743 1057 5796 Τήν
1139 5735 1307 5793 abest
1381 5743 1446 5792 A.
1537 5735 1804 5792 Refertur
1869 5736 1940 5793 ad
2007 5735 2212 5798 εἴδησιν
2260 5744 2349 5794 καὶ

2461 5463 2673 5526 γνῶσιν.

2557 5528 2646 5594 69)
2687 5524 2916 5579 Inclusa
2940 5523 3160 5579 absunt
3187 5525 3252 5578 Α.

2558 5579 2644 5659 7ὸὶ
2686 5597 2924 5652 Inclusa
2955 5595 3178 5652 absunt
3216 5599 3280 5651 Α.
3315 5595 3534 5653 Ibidem
3567 5597 3774 5668 legitur,
3806 5579 3926 5663 πρσδιῒ

2464 5670 2810 5722 θυπωθεῑσαν.
