4088 6450
147 341 290 399 1305

1231 340 1577 398 COMMENT
1616 342 1686 398 IN
1723 340 2072 398 JOANNEM.
2115 372 2183 383 —
2220 342 2376 397 CAP.
2421 339 2518 398 IX.

3371 341 3394 396 1
3406 341 3511 398 306

220 473 320 523 Καὶ
350 500 419 510 -
447 467 675 542 ἑώρακας
701 484 715 535 ;
742 466 929 541 ’ῼοντο
955 468 1057 541 γὰρ
1089 467 1240 520 αὐτὸν
1271 466 1426 539 ἐγγὺς
1455 465 1583 521 εἶναι
1621 487 1732 521 πεν-

1922 468 2087 522 Vers.
2122 469 2209 522 57.
2237 467 2410 520 Ει-
2458 465 2660 522 vidisti
2711 463 2740 520 7
2793 463 3090 521 Putabant
3151 464 3311 521 enim
3368 481 3508 522 eum

143 563 372 617 τήκοντα
422 557 543 610 ἐτῶν
593 555 688 610 διὰ
737 563 831 614 τὴν
886 557 1223 628 πολυπειρίαν
1278 557 1459 611 αὑτοῦ.
1505 559 1634 610 Τινὰ
1683 553 1742 609 δὲ

142 657 245 700 τῶν
298 648 410 718 (71)
464 647 789 722 ἀντιγράφων
828 649 1221 720 τεσσαράκοντα
1261 648 1573 722 γράφουσιν,
1617 647 1740 718 ὅπερ

141 733 294 790 δοκεῖ
320 736 699 810 ἀκριϐέστερον.

219 912 368 967 Εἶπεν
420 946 488 955 -
543 914 668 976 εἰμι.
717 914 806 976 Ὠς
872 918 1020 977 Θεός.
1077 919 1177 968 Καὶ
1234 913 1328 966 οὐκ
1386 910 1543 981 εἶπεν,
1607 911 1742 983 Ἐγώ

130 1008 306 1077 ἤμην,
384 1002 488 1055 ἀλλ’
550 1004 680 1074 Ἐγὼ
732 1003 840 1076 εἰμι
882 1005 907 1056 ό
969 1002 1047 1056 ἀεὶ
1109 1007 1195 1054 ὧν.
1229 1005 1298 1054 Τό
1323 1005 1412 1068 μὶν
1461 999 1548 1054 οὖν
1606 1005 1742 1072 γενέ-

131 1094 274 1146 σθαι
333 1100 550 1146 κτιστοῦ
584 1097 683 1144 ’τό
777 1089 836 1145 δε
901 1092 1022 1165 Εἰμὶ
1100 1090 1351 1144 ἆκτίστου
1400 1092 1418 1162 [
1473 1095 1563 1144 καὶ
1624 1091 1740 1162 (72)

134 1186 362 1235 κτίστου

217 1271 382 1346 Ἥραν
420 1298 475 1311 -ο
523 1270 701 1323 αὐτόν.
759 1273 824 1324 Οἱ
858 1278 1041 1343 ταχεῖς
1081 1274 1209 1344 πρὸς
1237 1275 1384 1342 φόνον
1415 1291 1427 1303 ·
1458 1269 1738 1344 Ἠγρίαναν

145 1363 246 1433 γὰρ
296 1357 540 1423 δόξαντες
589 1358 906 1433 ὑϐρισθῆναι
948 1364 1035 1412 τὸν
1093 1359 1330 1435 Ἀϐραὰμ
1373 1377 1384 1388 ·
1420 1359 1530 1431 ἅμα
1559 1356 1739 1412 δὲκαὶ

144 1455 349 1520 γνόντες
378 1451 457 1503 ὅτι
487 1445 766 1508 ἀιδιότητα
804 1457 937 1503 Θεοῦ
962 1450 1290 1522 περιτίθησιν
1317 1449 1499 1519 ἑαυτῷ.

218 1627 424 1689 Ἰησοῦς
481 1625 540 1681 δε
587 1627 803 1702 ἐκρύϐη,
849 1629 1098 1702 Ἀόρατος
1156 1627 1334 1689 αὐτοῖς
1394 1631 1617 1685 κατέστη
1671 1634 1733 1698 τῇ

143 1717 358 1790 ἐξουσίᾳ
387 1726 478 1778 τῆς
518 1719 777 1778 θεότητος.

218 1811 318 1860 Καὶ
351 1810 509 1882 ἱεροῦ.
536 1813 647 1860 Ἵνα
673 1805 978 1865 κατασταλῆ
1013 1808 1038 1859 ὁ
1073 1809 1234 1879 θυμός
1262 1806 1451 1861 αὐτῶν.

211 1985 429 2038 Διελθών
459 2017 527 2025 -
556 1985 746 2038 αὐτῶν.
801 1991 888 2044 Μὴ
933 1985 1231 2057 ἰσχυόντων
1263 1981 1391 2037 ἰδεῖν
1432 1985 1604 2040 αὐτόν.
1641 1991 1738 2041 Καὶ

138 2073 290 2128 διατί
341 2075 436 2127 οὐκ
493 2073 724 2138 ἐξέλυσεν
755 2074 923 2127 αὐτῶν
963 2079 1056 2132 τὴν
1106 2071 1327 2145 δύναμιν
1371 2079 1459 2127 καὶ
1517 2082 1744 2146 φανερῶς

137 2164 480 2237 ἀνεχώρησα
515 2166 782 2217 Διότιοῦθ⁹
805 2165 965 2225 οὕτως
986 2163 1188 2236 ἔμελλον
1217 2166 1499 2217 πιστεύειν.
1523 2166 1735 2236 Καὶγὰρ

136 2255 185 2306 ἐν
216 2263 288 2324 τῷ
317 2261 482 2328 καιρῷ
513 2261 606 2305 τοῦ
666 2255 871 2314 Πάθους
916 2255 1128 2314 ὑπτίους
1161 2253 1272 2323 (³73)
1325 2253 1508 2313 αὐτοὺς
1537 2251 1732 2327 ἔρῥιψε,

134 2350 230 2396 καὶ
261 2347 353 2396 τὰς
374 2343 515 2414 ὄψεις
545 2342 713 2394 αὐτῶν
736 2341 996 2407 ἐσκότισε,
1038 2347 1127 2394 καὶ
1157 2343 1249 2394 οὐκ
1280 2341 1610 2396 ἐπίστευσαν.
1633 2343 1733 2394 Οὐ-

134 2428 228 2484 δὲν
259 2434 356 2504 γὰρ
388 2439 567 2503 χεῖρον
597 2430 785 2502 ψυχῆς
817 2429 1195 2502 ἀπεγνωκυίας.
1254 2429 1359 2483 Κᾶν
1406 2433 1506 2504 γὰρ
1542 2437 1736 2502 σημεῖα

130 2518 259 2594 ἴδῃ,
286 2519 379 2573 κᾶν
409 2525 619 2595 τέρατα,
649 2525 786 2593 μένει
815 2525 909 2579 τὴν
935 2521 1096 2579 αὐτὴν
1140 2523 1345 2593 ἔχουσα
1373 2519 1526 2573 πάλιν
1553 2518 1734 2572 ἀναισ-

125 2615 381 2684 χυντίαν.

210 2704 314 2753 Καὶ
342 2707 574 2773 παρῆγεν
596 2700 779 2762 οὕτως.
811 2699 1081 2763 Ἐϐάδιζεν
1121 2702 1297 2767 οὕτως,
1333 2705 1404 2773 μὴ
1439 2703 1735 2774 φαινόμενος

124 2789 336 2851 αὐτοῖς.

389 2884 535 2932 ΚΕΦ.
579 2876 632 2933 ι’.
659 2883 783 2952 Περὶ
810 2886 902 2931 τοῦ
942 2878 996 2932 ἐκ
1033 2888 1238 2951 γενετῆς
1266 2879 1480 2952 τυφλοῦ.

204 2971 312 3021 Καὶ
341 2999 410 3008 --
437 2977 662 3038 γενετῆς.
688 2967 910 3020 Βεϐαιῶν
940 2967 976 3020 ἀ
1005 2965 1132 3034 εἶπε,
1163 2973 1252 3021 καὶ
1281 2971 1620 3040 πιστούμενος
1653 2970 1732 3020 ὃτι

1852 555 2035 612 ferme
2091 571 2222 611 esse
2273 555 2880 628 quinquagenarium,
2959 558 3202 626 propter
3254 554 3506 610 multam

1851 646 1984 718 ejus
2026 645 2300 717 peritiam
2350 650 2406 701 et
2450 645 2896 717 experientiam.
2967 643 3250 709 Quaedam
3306 649 3507 700 autem

1853 734 2218 806 exemplaria
2287 733 2526 799 habent,
2576 733 3006 805 quadraginta,
3051 732 3228 806 ,quod
3276 732 3509 789 videtur

1851 839 1978 879 esse
2009 823 2220 879 verius.

1922 912 2082 967 Vers.
2163 916 2247 968 58.
2303 912 2475 968 Dixit
2540 942 2609 951 —
2673 913 3168 983 sum.Tanquam
3213 911 3386 966 Deus.
3444 911 3509 966 Et

1849 1015 1965 1056 non
2019 1001 2186 1065 dixit,
2249 1004 2368 1070 Ego
2410 1016 2575 1056 eram
2617 1000 2796 1072 ,sed,
2846 1001 2971 1071 Ego
2996 1015 3144 1067 sum,
3201 1001 3300 1071 qui
3355 1015 3512 1056 sem'

1849 1107 1955 1161 per
1986 1107 2142 1146 sum.
2173 1091 2313 1147 Fieri
2343 1090 2634 1162 siquidem
2664 1090 2747 1146 rei
2779 1094 2989 1146 creatae
3019 1093 3138 1157 est;
3168 1091 3314 1146 Sum
3346 1105 3506 1154 vero,

1847 1179 2124 1235 increatae
2185 1185 2241 1235 et
2268 1185 2499 1236 creatae.

1919 1271 2081 1325 Vers.
2117 1270 2202 1324 59.
2244 1270 2536 1325 Tulerunt
2572 1301 2636 1310 —
2668 1285 2816 1326 eum.
2841 1269 3088 1325 Veloces
3152 1268 3230 1325 ad
3260 1267 3504 1325 credam.

1850 1359 2188 1430 Exasperati
2221 1364 2360 1415 sunt
2412 1359 2570 1414 enim
2620 1364 2898 1428 putantes
2945 1357 3162 1428 injuria
3227 1357 3505 1415 affectum

1849 1465 1980 1504 esse
2038 1448 2342 1505 Abraham
2395 1466 2408 1502 :
2451 1448 2626 1504 simul
2675 1449 2871 1513 etiam,
2931 1447 3031 1504 ubi
3085 1447 3508 1518 cognovissent

1848 1537 2013 1610 quod
2043 1538 2141 1593 Dei
2173 1538 2553 1593 aeternitatem
2589 1537 2700 1592 sibi
2732 1537 3078 1592 vindicaret.

1921 1628 2086 1683 Vers.
2117 1629 2207 1685 59.
2239 1630 2399 1682 Jesus
2438 1633 2631 1682 autem
2655 1628 2984 1683 occultatus
3025 1632 3126 1682 est.
3157 1627 3266 1681 Per
3295 1627 3507 1683 divini-

1849 1719 1982 1774 tatis
2006 1718 2336 1791 potentiam
2366 1717 2675 1773 invisibilis
2727 1718 2812 1773 eis
2847 1717 3112 1772 effectus.

1774 1827 1815 1882 Β
1921 1809 2085 1862 Vers.
2113 1809 2202 1862 59.
2246 1808 2324 1863 Et
2354 1839 2420 1848 -—
2469 1806 2695 1876 templo.
2755 1809 2823 1862 Ut
2878 1805 3116 1862 illorum
3149 1807 3383 1862 sedaret
3415 1805 3503 1861 fu-

1849 1912 2044 1953 rorem
2055 1937 2066 1949 .

1921 1987 2086 2042 Vers.
2113 1991 2198 2043 59.
2234 1985 2633 2043 Pertransiens
2678 2016 2743 2026 —
2771 1985 3033 2041 illorum.
3069 1987 3210 2042 Cum
3244 1983 3325 2040 illi
3365 2000 3502 2040 eum

1848 2076 2047 2132 videre
2091 2092 2209 2131 non
2256 2080 2524 2148 possent.
2590 2077 2655 2130 Et
2695 2091 2881 2146 quare
2913 2090 3035 2130 non
3094 2074 3357 2130 dissolvit
3389 2073 3509 2130 illo-

1845 2182 1982 2221 rum
2012 2165 2310 2230 virtutem,
2345 2171 2401 2220 et
2461 2163 2777 2220 manifeste
2851 2163 3092 2218 recessit
3136 2163 3164 2217 ?
3210 2164 3355 2229 Quia
3397 2179 3508 2218 nec

1848 2255 1932 2310 sic
1981 2255 2259 2310 credituri
2331 2258 2520 2309 erant.
2597 2252 2822 2308 Etenim
2871 2257 3141 2323 tempore
3199 2253 3504 2323 passionis

1845 2345 2094 2417 supinos
2127 2345 2259 2400 illos
2289 2344 2520 2415 dejecit,
2570 2357 2900 2413 eorumque
2963 2347 3235 2413 aspectus
3291 2341 3506 2398 obscu-

1843 2436 2014 2500 ravit,
2060 2441 2115 2491 et
2162 2450 2284 2490 non
2335 2433 2732 2488 crediderunt.
2787 2435 2934 2488 Nam
2991 2431 3194 2487 anima
3244 2431 3505 2503 reproba

1844 2525 1992 2581 nihil
2020 2530 2106 2580 est
2134 2525 2309 2597 pejus
2339 2540 2351 2578 :
2384 2522 2516 2578 licet
2545 2521 2703 2578 enim
2746 2521 2921 2591 signa
2963 2521 3163 2577 videat
3200 2537 3270 2576 ac
3303 2520 3503 2592 prodi-

1843 2615 1958 2684 gia,
1988 2630 2155 2670 suam
2187 2618 2384 2670 tamen
2419 2626 2656 2682 semper
2685 2610 2898 2666 retinet
2926 2609 3392 2682 impudentiam.

1913 2705 2077 2760 Vers.
2114 2704 2184 2760 59
2224 2704 2302 2760 Et
2332 2704 2419 2759 ita
2443 2700 2804 2774 praeteribat.
2848 2699 3217 2756 Ambulabat
3250 2700 3350 2766 ita,
3381 2713 3506 2755 non

1843 2809 2138 2867 apparens
2173 2793 2309 2848 illis.

2199 2884 2351 2939 CAP.
2382 2883 2447 2937 X.
2483 2882 2560 2936 De
2587 2896 2722 2936 amco
2751 2896 2790 2934 a
2815 2879 3143 2935 nativitate.

1913 2975 2052 3046 Cap.
2101 2974 2199 3028 IX.
2256 2973 2398 3028 Vers
2435 2977 2480 3026 l.
2533 2971 2610 3026 Et
2652 3000 2722 3010 ——-
2752 2969 3082 3024 nativitate.
3135 2966 3508 3023 Conﬁrman-

122 3061 262 3116 Θεός
310 3055 471 3122 ἔστιν,
529 3056 679 3116 εὐθὺς
709 3059 923 3131 ἔρχεται
970 3056 1054 3110 ἐπὶ
1109 3059 1284 3128 θαῦμα
1334 3062 1602 3129 μέγιστον,
1643 3061 1731 3107 καὶ

1860 3062 1940 3127 in,
1989 3061 2154 3134 quod
2219 3062 2466 3125 dixerat,
2521 3060 2825 3130 ﬁdemque
2855 3057 3100 3123 faciens,
3140 3056 3305 3130 quod
3350 3057 3505 3112 Deus

121 3154 292 3216 μήπω
376 3149 542 3218 μέχρι
590 3150 705 3198 τότε
759 3150 1046 3216 γενόμενον.
1105 3143 1298 3218 Τυφλοὶ
1345 3149 1434 3217 μὲν
1485 3149 1586 3218 γὰρ
1643 3150 1732 3197 καὶ

121 3235 283 3288 ἄλλοι
341 3233 618 3304 ἀνέϐλεψαν
662 3250 674 3262 ·
718 3233 906 3304 τυφλὸς
961 3230 1020 3286 δε
1077 3232 1124 3286 ἐν
1172 3243 1378 3305 γενετῆς
1409 3236 1519 3305 (74)
1559 3229 1731 3294 οὐδεὶς

121 3328 268 3398 ἄχρι
288 3330 422 3377 τότε.
464 3326 550 3376 Διὸ
579 3327 669 3374 καὶ
695 3320 984 3392 ἀναϐλέψας
1015 3322 1180 3394 ἔλεγεν
1231 3342 1243 3354 ’
1279 3323 1366 3376 Ἐκ
1396 3331 1486 3374 τοῦ
1545 3323 1733 3383 αἰῶνος

122 3415 226 3468 οὐκ
256 3414 494 3471 ἠκούσθη
521 3413 600 3463 ὅτι
647 3410 817 3473 ἤνοιξε
841 3430 916 3471 τις
955 3411 1246 3484 ὀφθαλμοὺς
1275 3412 1467 3484 τυφλοῦ
1495 3430 1731 3483 γεγεννη-

127 3520 310 3576 μενου.

211 3772 310 3820 Καὶ
367 3798 434 3809 -
484 3771 703 3840 γεννηθῇ
736 3768 1062 3844 ;Ἐρωτῶσιν
1129 3769 1233 3841 οὐχ
1287 3771 1356 3831 ὡς
1405 3776 1558 3822 τοῦτο
1607 3771 1732 3822 πάν-

129 3876 232 3918 τως
287 3858 316 3916 ἦ
378 3859 536 3909 ἐκεῖνο
601 3857 1065 3930 ὑπολαμϐάνοντες,
1121 3860 1353 3933 καθάπερ
1408 3861 1457 3911 οἱ
1522 3857 1732 3918 ἀνόητοι

131 3943 388 4000 Ἰουδαῖοι
415 3961 429 3976 ⁹
456 3951 512 4000 τό
541 3949 633 4018 μεν
682 3949 784 4021 γὰρ
843 3947 1090 4020 ἁμαρτεῖν
1141 3951 1240 4021 πρό
1301 3955 1392 4000 τοῦ
1421 3950 1732 4020 γεννηθῆναι

129 4032 412 4105 ἀδύνατον,
445 4039 503 4088 τό
535 4032 594 4089 δὲ
619 4038 746 4111 ὑπὲρ
777 4045 878 4088 τῶν
905 4041 1093 4108 γονέων
1138 4037 1454 4098 κολάζεσθαι
1505 4035 1690 4090 ἄδικον
1715 4055 1728 4068 ο

127 4124 239 4178 ἀλλ’
272 4128 414 4178 ἔστιν
449 4126 474 4178 ό
501 4130 697 4188 σκοπός
745 4133 837 4178 τοῦ
866 4125 1023 4197 λόγου
1047 4133 1300 4186 τοιοῦτος,
1357 4126 1415 4178 Ὀ
1440 4129 1529 4198 μὲν
1560 4129 1731 4201 παρά-

124 4214 282 4275 λυτος
314 4211 406 4266 διὰ
448 4217 540 4276 τὰς
585 4214 842 4287 ἁμαρτίας
894 4217 1054 4266 αὐτοῦ
1109 4215 1334 4283 ἠσθένει,
1393 4217 1566 4276 καθὼς
1631 4214 1735 4268 ἐκεῖ

125 4305 504 4376 μεμαθήκαμεν
554 4322 568 4338 ο
619 4308 737 4376 περὶ
787 4306 968 4356 τούτου
1010 4299 1068 4356 δε
1122 4304 1234 4371 (⁵75)
1273 4308 1328 4355 τί
1379 4303 1542 4375 λέγεις
1583 4320 1597 4370 ;
1648 4308 1733 4364 Τίς

1841 3157 1998 3206 esset
2037 3151 2235 3205 statim
2309 3149 2472 3204 venit
2523 3149 2598 3202 ad
2647 3146 3002 3202 miraculum
3057 3147 3414 3210 maximum,
3447 3151 3506 3200 et

1841 3256 2031 3312 usque
2063 3240 2137 3295 ad
2167 3239 2226 3293 id
2255 3238 2538 3310 temporis
2569 3250 2886 3306 nunquam
2919 3234 3162 3289 factum.
3195 3234 3503 3306 Siquidem

1840 3333 1898 3384 et
1943 3327 2040 3383 alii
2081 3327 2221 3383 caeci
2264 3326 2458 3381 visum
2513 3328 2881 3394 receperunt,
2924 3338 3130 3378 verum
3164 3323 3264 3395 qui
3317 3339 3351 3378 a
3399 3337 3504 3378 na-

1840 3416 2062 3473 tivitate
2115 3432 2308 3471 caecus
2361 3415 2586 3481 fuisset,
2638 3411 2838 3467 nullus
2906 3426 3096 3482 usque
3127 3411 3204 3465 ad
3249 3410 3309 3465 id
3363 3414 3507 3465 tem-

1841 3523 1974 3580 pus.
2009 3506 2146 3561 ldeo
2196 3504 2396 3570 etiam,
2457 3503 2558 3575 qui
2590 3501 2787 3556 visum
2847 3501 2916 3571 (j)
2947 3499 3184 3570 recepit,
3218 3498 3456 3554 dicebat
3487 3499 3502 3542 ε

1840 3597 1887 3652 Α
1922 3595 2135 3651 seculo
2173 3609 2289 3647 non
2352 3597 2433 3648 est
2473 3591 2766 3654 auditum,
2821 3589 2977 3661 quod
3026 3587 3324 3658 aperuerit
3355 3589 3506 3660 quis-

1837 3685 1999 3755 piam
2033 3684 2224 3740 oculos
2247 3682 2380 3738 caci
2431 3681 2563 3736 nati
2611 3681 2678 3733 ⁸ο.

1914 3777 2079 3828 Vers.
2154 3776 2206 3826 2.
2265 3772 2344 3828 Et
2391 3775 2718 3826 nasceretur
2764 3769 2792 3825 i'
2857 3765 3325 3838 Interrogabant,
3381 3781 3503 3823 non

1841 3863 2006 3934 quod
2057 3862 2169 3917 hoc
2200 3865 2304 3918 aut
2331 3860 2478 3915 illud
2506 3858 2754 3915 omnino
2777 3856 3244 3929 suspicarentur,
3303 3872 3505 3928 quem-

1841 3950 2172 4007 admodum
2240 3949 2588 4021 insipientes
2659 3946 2897 4012 Judaai;
2948 3961 3092 4000 nam
3154 3944 3314 4000 hunc
3371 3960 3507 4016 pec-

1842 4055 2030 4104 casse,
2103 4043 2429 4110 antequam
2489 4042 2666 4093 natus
2735 4039 2908 4099 esset,
2960 4033 3334 4105 impossibile
3382 4038 3506 4088 erat

1842 4145 2020 4201 porro
2046 4144 2153 4200 pro
2198 4127 2550 4198 parentibus
2618 4124 2816 4197 puniri
2849 4124 3136 4193 injustum
3179 4138 3193 4187 ;
3237 4122 3338 4176 sed
3370 4121 3504 4177 ﬁnis

1843 4217 2138 4272 sermonis
2192 4215 2319 4271 talis
2377 4221 2484 4270 est.
2538 4213 2902 4283 Paralyticus
2960 4211 3204 4282 quidem
3263 4214 3505 4281 propter

1841 4309 2089 4376 peccata
2128 4320 2237 4359 sua
2284 4303 2637 4370 aegrotabat,
2697 4301 2847 4355 sicut
2886 4299 2966 4354 ibi
3011 4298 3333 4352 didicimus
3371 4313 3384 4352 :
3429 4297 3503 4352 de

129 4394 381 4464 ἦμαρτεν,
438 4390 583 4450 οὗτος
621 4390 650 4448 ἦ
703 4392 752 4442 οἱ
795 4398 964 4462 γονεῖς
1031 4390 1188 4442 αὐτοῦ
1245 4393 1438 4463 ςήμεῐς
1468 4393 1568 4464 γὰρ
1617 4392 1732 4443 οὔτε

1860 4410 1957 4448 10c
1989 4398 2209 4454 autem.
2280 4391 2422 4450 quid
2485 4390 2633 4445 dicis
2682 4389 2709 4443 ?
2755 4390 2892 4456 Quis
2939 4388 3219 4455 peccavit,
3279 4385 3395 4450 hic,
3427 4401 3499 4442 an

124 4485 286 4530 τοῦτο
308 4481 424 4530 οὔτε
453 4477 610 4530 έκεῖνο
641 4474 911 4552 δυνάμεθα
947 4477 1129 4550 λέγειν,
1166 4479 1418 4539 παντελῶς
1449 4477 1733 4553 ἐξαπορού-

124 4585 297 4641 μενοι.

203 4753 253 4789 ³ο
272 4753 446 4810 Joan.
476 4769 555 4822 Ix,
589 4753 675 4809 32.

1839 4488 2108 4552 parentes
2140 4483 2265 4551 ejus
2304 4479 2332 4534 ?
2382 4495 2492 4535 nos
2524 4479 2685 4534 enim
2714 4492 2908 4548 neque
2947 4475 3078 4538 hoc.
3133 4489 3328 4546 neque
3358 4473 3504 4530 illud

1842 4570 2036 4626 dicere
2088 4585 2432 4642 possumus,
2483 4567 2733 4624 omnino
2763 4564 3095 4622 conturbati
3126 4563 3500 4636 consilioque

1842 4659 2124 4716 destituti.

1336 4853 1560 4923 Variae
1589 4854 1919 4924 lectiones
1953 4866 2018 4923 et
2058 4862 2260 4924 notae.

197 4997 311 5067 (Tt)
334 4995 564 5052 Scilicet
592 4994 1026 5066 Chrysostomi,
1051 4995 1154 5068 qui
1175 4996 1459 5052 audacter
1486 4998 1567 5054 ita
1596 5013 1720 5053 cor-

122 5068 294 5140 rexit.
345 5068 486 5124 Vide
528 5071 670 5123 tom.
702 5067 843 5140 Vlll,
877 5083 1016 5140 pag.
1049 5067 1184 5140 324.
1227 5068 1723 5140 Chrysostomum

122 5083 294 5124 rexit.
351 5083 486 5124 νιαθ
528 5083 670 5123 tom.
710 5083 843 5132 Vlll,
874 5083 1016 5194 ἕξις.
1055 5083 1184 5124 324.
1227 5083 1722 5140 unrysostomum

120 5139 393 5220 sequitur
412 5154 575 5222 unus
591 5155 662 5196 ex
679 5138 867 5222 codici
921 5156 988 5222 us
1013 5139 1470 5222 Mosquensibus
1492 5140 1722 5222 N.Te.s_t.

123 5224 184 5276 κ.
208 5210 310 5282 qui
344 5215 430 5264 est
454 5227 584 5265 cum
629 5210 894 5266 scholiis.
937 5210 1240 5278 Origenes,
1294 5211 1397 5283 qui
1428 5217 1576 5267 tom.
1620 5213 1721 5277 XX,

120 5282 184 5336 in
209 5282 496 5360 Joannem
530 5281 659 5338 haec
688 5283 830 5360 data
865 5297 1048 5360 opera
1102 5283 1538 5360 interpretatur,
1562 5283 1725 5338 hunc

120 5368 368 5424 versum
425 5359 614 5408 totum
679 5354 1078 5424 prwtermisit.
1125 5359 1450 5412 Πεντήκοντα
1484 5359 1725 5409 servant

118 5423 324 5494 Cyrill.
360 5429 397 5478 t.
422 5424 545 5498 ιν.
574 5440 630 5494 p.
666 5423 767 5480 585
795 5426 854 5478 C.
891 5426 1364 5498 ;_Theophylact.
1402 5442 1458 5498 p.
1500 5427 1605 5498 θος)
1641 5428 1677 5480 Ε
1709 5442 1722 5490 ;

118 5511 380 5569 peverus
417 5496 478 5550 in
510 5497 732 5552 Catena
785 5496 1064 5563 Corderii,
1107 5512 1166 5569 p.
1189 5496 1299 5553 243
1351 5516 1365 5566 ;
1401 5496 1457 5554 et
1485 5496 1722 5553 codices

120 5567 500 5624 Srobatiores
529 5581 756 5623 omnes.

310 5743 420 5815 Qui
450 5744 658 5801 visum.
694 5746 859 5802 Forte
890 5744 1054 5817 legit,
1086 5741 1170 5802 διὸ
1209 5750 1298 5799 καὶ
1326 5747 1352 5799 ὁ
1405 5745 1718 5823 ἀναϐλέψας.

1901 4999 2014 5070 (72)
2049 4998 2283 5055 Inclusa
2322 4997 2557 5070 absunt
2589 4998 2655 5052 Α.
2691 4998 2946 5057 Κτίστης,
2977 4990 3288 5064 quomodo
3318 4992 3499 5070 etiam

1836 5066 2177 5126 Eustathius
2213 5069 2427 5133 scribit,
2459 5069 2564 5140 qui
2621 5084 2760 5124 cum
2820 5071 3005 5124 κτίτης
3031 5066 3498 5190 οοωρδτιιῐ,ιρτο

1836 5142 2199 5190 substantivn
2234 5142 2483 5190 accinio.
2539 5155 2677 5190 non.
2744 5143 2804 5190 ut
2855 5139 3164 5190 interpres.
3198 5149 3307 5190 nro
3337 5149 3373 5190 a
3419 5149 3498 5190 1e-

1835 5142 2199 5197 substantivo
2234 5139 2495 5214 accipio,
2539 5155 2677 5204 non,
2744 5143 2804 5194 ut
2855 5139 3164 5208 interpres,
3198 5149 3307 5205 pro
3337 5139 3472 5192 adie

1836 5215 2015 5269 ctivo.

1907 5285 2019 5356 (73)
2038 5286 2122 5340 Ita
2149 5283 2310 5354 pleru
2322 5298 2499 5356 mque
2515 5282 2975 5353 Chrysostomus
2993 5283 3249 5341 oratorie
3267 5282 3495 5348 laudat,

1833 5355 2006 5411 Joan.
2040 5371 2198 5410 xvm.
2231 5359 2283 5418 6,
2307 5355 2490 5409 ἔπεσον
2521 5359 2719 5426 χαμαί,

1904 5427 2294 5492 (74)Γεννητῆς.

1909 5497 2021 5568 (75)
2045 5501 2105 5550 Δὶ
2135 5498 2305 5554 abest
2344 5505 2410 5552 Α.

3525 22 3737 38 δεκέτις-...ω
