4088 6436
706 322 845 380 {303

2029 318 2387 379 EUTHYMII
2437 317 2765 376 ZIGABENI
3861 327 3936 390 {30;

707 454 862 506 atur.
890 448 1028 505 Vult
1053 447 1209 506 enim
1239 451 1524 515 astruere,
1568 445 1735 520 quod
1791 446 1986 515 major
2026 448 2122 513 sit,
2171 463 2321 519 qua:

2321 463 2358 502 n
2391 444 2437 499 Α
2474 444 2825 520 Βοῦλεταιγὰρ
2839 446 3238 499 κατασκευάσαι
3257 447 3339 499 ὅτι
3357 448 3544 519 μείζων
3560 448 3662 500 ἑστὶ
3675 457 3750 501 τοῦ
3773 451 3935 528 Ἀίραάμ.

707 539 1006 595 Abraham
1044 554 1058 603 ;
1090 554 1232 594 nam
1264 538 1378 594 hoc
1428 537 1486 592 in
1533 536 1803 608 praesenti
1846 552 1966 592 non
2019 536 2190 603 dixit,
2233 551 2362 608 pro-

706 634 837 702 pter
861 627 1126 699 ipsorum
1161 627 1622 700 impudentiam.

778 717 1066 772 Vers.5$.
1129 717 1308 784 Quem
1375 747 1444 755 —
1505 715 1660 769 Vers.
1738 715 1828 771 55.
1891 730 2034 770 eum.
2105 746 2161 756 —
2230 715 2360 769 Non

706 806 1048 876 cognovisti:
1087 820 1232 867 eum,
1272 810 1474 874 utpote
1509 802 1793 875 operibus
1847 803 2012 858 illum
2047 809 2357 870 negantes.

708 895 860 950 Dicit
910 894 1070 949 enim
1127 899 1183 948 et
1236 892 1557 964 Apostolus
1603 909 1616 946 :
1672 893 2034 959 Conﬁtentur
2096 908 2156 948 se
2207 907 2362 948 nosse

709 985 917 1046 Deum,
958 984 1130 1052 factis
1160 987 1354 1038 autem
1386 989 1602 1051 negant
1632 983 1703 1038 ⁷⁷.
1733 981 1832 1036 Vel
1868 981 2046 1036 etiam
2095 996 2166 1035 eo
2196 980 2361 1052 quod

708 1087 827 1127 non
857 1071 1199 1139 agnoscatis
1223 1070 1426 1125 Filium
1481 1071 1636 1140 ejus.
1698 1069 1922 1124 Dictum
1977 1073 2064 1124 est
2124 1067 2283 1124 enim
2345 1087 2357 1124 :

706 1162 772 1217 Si
806 1175 897 1216 me
923 1160 1358 1229 cognosc-eratis,
1391 1159 1450 1216 et
1484 1160 1722 1215 Patrem
1774 1173 1959 1213 meum
2012 1158 2214 1230 utique
2271 1173 2363 1214 co-

706 1253 1062 1321 gnoscerem
1118 1250 1187 1303 ⁷⁸.
1222 1249 1321 1304 Vel
1375 1264 1446 1304 eo
1503 1250 1668 1320 quod
1728 1262 1848 1302 non
1912 1247 2155 1302 servetis
2228 1247 2358 1318 ejus

709 1353 1014 1393 sermones
1044 1357 1060 1408 ;
1094 1353 1237 1393 nam
1293 1337 1340 1392 si
1370 1337 1798 1408 cognosceretis
1828 1352 1987 1400 eum,
2020 1351 2358 1392 sermonem

709 1428 837 1499 ejus
867 1427 1196 1482 servaretis.

781 1516 940 1571 Vers.
974 1516 1062 1571 55.
1115 1517 1240 1586 Ego
1291 1520 1479 1572 autem
1536 1516 1680 1570 novi
1736 1529 1887 1570 eum.
1950 1518 2077 1570 Non
2135 1513 2356 1578 solum,

710 1622 846 1662 cum
877 1620 949 1660 ex
981 1605 1111 1677 ipso
1138 1605 1274 1668 sim,
1321 1613 1377 1659 et
1403 1603 1670 1674 ejusdem
1714 1603 2083 1666 substantiae,
2130 1611 2359 1658 natura

710 1699 766 1751 et
794 1694 1075 1760 scientiie,
1110 1695 1210 1749 sed
1259 1693 1435 1750 etiam
1489 1699 1778 1782 tanquam
1833 1707 2173 1747 sermonem
2231 1692 2359 1782 ejus
2391 1727 2434 1782 Β

710 1798 974 1840 servans.
1003 1786 1146 1839 Nam
1177 1787 1234 1838 et
1265 1782 1539 1854 superius
1585 1781 1732 1836 dixit
1785 1798 1798 1836 :
1853 1782 1959 1837 Est
2013 1797 2208 1844 verax,
2259 1781 2361 1851 qui

709 1873 864 1928 misit
901 1887 1008 1936 me,
1036 1887 1207 1942 quem
1238 1887 1332 1927 vos
1363 1886 1480 1927 non
1507 1871 1723 1926 nostis:
1762 1885 1866 1940 ego
1893 1885 2028 1925 vero
2051 1871 2190 1924 novi
2208 1885 2358 1937 eum,

711 1963 853 2034 quia
880 1962 954 2016 ab
981 1977 1044 2018 eo
1072 1977 1202 2016 sum
1222 1963 1294 2013 τ’.

780 2051 922 2105 Vers
977 2056 1064 2106 55.
1123 2053 1187 2106 Et
1246 2079 1315 2091 —
1362 2049 1637 2105 mendax.
1673 2049 1790 2104 Vos
1822 2049 1981 2104 enim
2031 2048 2362 2104 mentimini

710 2140 977 2196 dicentes
1018 2140 1203 2194 Deum
1256 2144 1519 2194 vestrum
1571 2154 1722 2204 esse,
1777 2155 1913 2193 cum
1971 2154 2090 2193 non
2142 2154 2364 2206 cogno-

713 2229 891 2284 scatis
929 2245 1088 2288 eum,
1133 2234 1196 2283 ut
1253 2227 1604 2299 praedictum
1663 2235 1766 2280 est.
1827 2227 2097 2282 Notitiam
2159 2232 2360 2282 autem

711 2324 768 2373 et
795 2319 1196 2387 cognitionem
1229 2317 1389 2380 dicit,
1432 2331 1607 2371 nosse
1634 2316 2000 2388 simpliciter.
2046 2322 2100 2371 et
2144 2331 2362 2387 cogno-

712 2422 873 2462 scere
925 2406 1087 2478 quod
1146 2407 1217 2461 sit
1278 2406 1432 2460 Deus
1484 2411 1540 2459 et
1597 2405 1779 2466 Pater,
1837 2421 1954 2459 non
2043 2405 2190 2460 scire
2262 2408 2360 2460 Dei

709 2502 1005 2552 naturam.
1040 2498 1182 2550 Nam
1210 2497 1344 2565 ipsa
1381 2509 1499 2548 non
1542 2494 1740 2547 solum
1803 2495 2083 2561 cognosci
2139 2495 2357 2564 nequit,

712 2600 914 2640 verum
944 2585 1118 2639 etiam
1151 2584 1397 2638 omnino
1455 2582 1900 2650 inintelligibilis
1949 2589 2035 2637 est
2087 2591 2140 2637 et
2195 2585 2360 2638 inac-

711 2673 1020 2739 cessibilis,
1049 2689 1157 2727 nec
1197 2677 1413 2726 tantum
1447 2670 1814 2736 hominibus,
1875 2673 1979 2726 sed
2031 2678 2086 2727 et
2114 2672 2363 2728 caelesti-

712 2763 822 2816 bus
860 2761 1192 2816 virtutibus.

784 2849 948 2904 Vers.
983 2850 1069 2905 56.
1130 2849 1241 2905 Sed
1294 2880 1359 2888 —
1415 2863 1604 2906 servo.
1661 2848 1858 2913 Vides,
1892 2849 2052 2921 quod
2112 2850 2211 2905 Dei
2243 2866 2360 2905 ser-

710 2954 953 2995 monem
1013 2954 1269 3001 servare,
1323 2937 1561 3007 signum
1618 2938 1686 2993 sit
1739 2938 1904 3010 quod
1967 2939 2103 3010 quis
2172 2941 2356 2995 Deum

710 3034 1051 3097 cognoscat.
1085 3027 1429 3084 Timeamus
1460 3027 1657 3094 igitur,
1707 3028 1870 3100 quod
1903 3029 1999 3082 Dei
2063 3037 2360 3098 praecepta

709 3132 830 3172 non
863 3132 1187 3182 servamus,
1244 3123 1529 3187 tanquam
1561 3133 1699 3172 cum
1727 3163 1730 3168 .
1756 3117 1841 3171 eis
1896 3118 2221 3188 constituti,
2253 3117 2358 3190 qui

711 3206 897 3261 Deum
932 3207 1226 3275 ignorant.
1260 3206 1481 3262 Deinde
1525 3206 1753 3278 probat,
1803 3206 1968 3277 quod
2015 3208 2209 3277 major
2261 3207 2355 3272 sit,

708 3310 894 3368 quam
922 3296 1246 3352 Abraham.

781 3384 942 3440 Vers.
1023 3389 1107 3440 56.
1150 3385 1456 3441 Abraham
1513 3415 1581 3425 —
1633 3400 1845 3441 meum.
1903 3414 1974 3429 —
2025 3386 2358 3442 Ezsuttavit

709 3473 836 3528 sive
888 3473 1247 3545 concupivit.
1282 3473 1442 3530 Diem
1483 3477 1675 3528 autem
1741 3489 1920 3528 suum
2000 3473 2144 3530 dicit
2195 3473 2358 3530 diem

707 3577 1026 3635 passionis.

779 3651 941 3707 Vers.
1003 3655 1088 3705 56.
1142 3651 1216 3705 Et
1274 3651 1444 3715 vidit,
1504 3657 1559 3707 et
1626 3651 1865 3720 gavisus
1935 3657 2040 3708 est.
2099 3651 2357 3708 Gavisus

708 3743 796 3793 est
820 3746 1055 3810 propter
1107 3738 1353 3793 salutem
1409 3738 1639 3793 mundi.
1711 3739 2124 3808 Prascognovit
2190 3757 2357 3796 nam-

707 3842 826 3898 que
866 3828 1218 3898 mysterium
1259 3828 1660 3883 crucitixionis
1704 3830 1938 3884 Christi.
1995 3830 2359 3886 Desideravit

707 3916 908 3970 videre
948 3916 1106 3970 diem
1170 3917 1357 3987 ipsius
1396 3924 1447 3970 et
1493 3917 1633 3971 vidit
1681 3917 1846 3972 illum
1901 3918 2353 3989 praefiguratum

707 4003 1233 4068 etadumbratum,
1285 4005 1341 4060 in
1393 4004 1487 4059 die
1541 4021 1663 4075 quo
1712 4005 1898 4061 lilium
1950 4024 2126 4062 suum
2188 4008 2355 4064 Isaac

705 4093 919 4149 obtulit
957 4094 1015 4148 in
1040 4093 1478 4148 holocaustum.
1528 4094 1729 4149 Didicit
1770 4097 1949 4159 enim,
1997 4098 2154 4167 quod
2207 4099 2356 4154 sicut

706 4183 837 4254 ipse
887 4198 1003 4236 non
1077 4183 1338 4254 pepercit
1385 4199 1495 4237 suo
1555 4184 1770 4238 dilecto
1843 4194 2084 4256 prOpter
2141 4188 2352 4254 Deum,

2474 541 2706 604 Φανερῶς
2763 538 2860 609 γὰρ
2888 543 2976 587 νῦν
3009 534 3103 588 οῦκ
3135 532 3240 589 εἶπε
3270 545 3420 588 τοῦτο
3447 533 3482 589 δ
3488 540 3540 589 ιὰ
3566 542 3646 596 τήν
3679 537 3938 612 horiola-nm

2474 624 2642 676 αὐτῶν
2651 665 2664 677 .

2542 713 2636 765 ’ον
2696 744 2765 755 -
2821 713 2996 766 αὐτὸν.
3059 745 3127 756 -
3168 714 3280 767 Οὐκ
3335 713 3581 787 ἐγνώκατε
3634 717 3781 782 αὐτὸν,
3814 723 3939 785 ὼςτιῖς

2472 807 2639 877 ἔργοις
2685 801 2985 875 ἀρνούμενοι
3033 803 3204 856 αὐτὸν.
3263 810 3396 862 Φησὶ
3452 808 3554 877 γὰρ
3602 810 3682 856 καὶ
3729 808 3940 861 61:67:;-

2470 891 2551 950 λος
2633 894 2713 943 ὅτι
2760 897 2889 944 Θεὸν
2946 893 3287 965 ὁμολογοῦσιν
3345 891 3560 961 εἰδέναι,
3608 901 3705 958 τοῖς
3757 893 3802 949 δι
3849 903 3941 969 ἓργςις

2474 977 2768 1050 ἀρνοῦνται.
2835 981 2901 1034 Ἦ
2959 988 3044 1035 καὶ
3104 987 3168 1043 ὡς
3219 987 3290 1056 μὴ
3347 981 3614 1054 ὶγνωκὸτες
3659 990 3734 1035 τὸν
3781 989 3865 1038 Υἱὸν
3895 993 3940 1039 ε.-

2472 1077 2584 1122 τοῦ.
2639 1076 2922 1142 Προείρηκε
2986 1075 3087 1146 γὰρ
3151 1075 3230 1124 ὅτι
3289 1073 3348 1124 Εἰ
3423 1071 3510 1144 ίμὶ
3587 1069 3759 1145 ᾔδειτε,
3804 1082 3867 1128 καὶ
3901 1099 3939 1128 τεν

2474 1163 2681 1229 Πατέρα
2741 1179 2841 1229 μου
2900 1155 3075 1232 ᾔδειτε
3131 1162 3210 1213 οἷν.
3274 1160 3338 1214 Ἦ
3401 1164 3467 1222 ὡς
3523 1168 3593 1233 μὴ
3655 1171 3868 1233 τηροῦντες
3901 1188 3939 1217 τε.

2471 1245 2622 1316 λόγον
2645 1247 2826 1300 αὐτοῦ’
2860 1249 2904 1301 εἰ
2925 1252 3026 1321 γὰρ
3061 1247 3236 1321 ᾔδειτε
3267 1250 3443 1315 αὐτὸν,
3468 1249 3684 1325 ἐτηρεῖτο
3709 1251 3759 1303 ἄν
3780 1257 3841 1305 τὸν
3863 1255 3939 1325 ἆορ.

2473 1355 2655 1390 αυτοῦ.

2547 1513 2680 1585 Ἐγὼ
2711 1510 2770 1567 δι
2801 1511 2926 1567 οῖδα
2965 1516 3139 1572 αὐτὸν.
3187 1520 3263 1570 Οῦ
3293 1523 3447 1590 μόνον
3492 1519 3558 1579 ὡς
3587 1518 3636 1580 ίξ
3663 1519 3794 1570 αᾶτοῦ
3816 1528 3873 1571 ut
3896 1531 3940 1576 τξς

2471 1604 2631 1664 αὐτῆς
2661 1604 2847 1665 οὐσίας
2876 1609 2964 1656 καὶ
2991 1609 3191 1677 φύσεως
3219 1613 3308 1660 καὶ
3334 1615 3578 1679 γνώσεως
3606 1613 3686 1672 ὧν,
3715 1607 3816 1659 ἀλλὰ
3843 1614 3940 1668 uis;

2471 1696 2557 1744 τὸν
2578 1692 2726 1764 λόγον
2753 1693 2914 1746 αὐτοῦ
2940 1704 3130 1766 τηρῶν.
3167 1701 3266 1749 Καὶ
3297 1696 3471 1749 ὀπίσω
3503 1695 3562 1750 δι
3592 1694 3732 1761 εἶπεν,
3767 1701 3824 1750 ὁτι
3844 1701 3939 1749 Ἔστιν

2471 1783 2671 1843 ἀληθὴς
2844 1785 2870 1834 ὁ
2893 1783 3101 1855 πέμψας
3138 1803 3220 1856 με,
3253 1786 3307 1837 ὃν
3351 1788 3502 1857 ὑμεῖς
3533 1787 3626 1838 οῦκ
3649 1783 3813 1855 οἴδατε,
3840 1784 3938 1857 ἔρεξε

2471 1867 2596 1924 οἰδα
2627 1871 2803 1942 αὑτὸν,
2839 1875 2915 1925 ὃτι
2948 1874 3071 1948 παρ’
3104 1874 3265 1928 αὐτοῦ
3295 1875 3427 1948 εἰμι,

2549 2054 2648 2102 Καὶ
2704 2081 2771 2091 -
2827 2050 3078 2121 ψεύστης.
3135 2049 3398 2106 Ψεῦδεσθε
3461 2057 3567 2125 γὰρ
3638 2055 3764 2125 ὑμεῖς
3816 2054 3936 2124 irati;

2473 2139 2553 2190 ὅτι
2579 2139 2696 2208 (67)
2750 2143 2874 2200 Θεὸς
2924 2141 3066 2212 ὑμῶν
3121 2140 3280 2200 ἔστιν,
3323 2143 3382 2194 οῦ
3433 2145 3542 2215 γὰρ
3606 2142 3819 2214 ίγνώκατε
3849 2145 3932 2194 the,

2474 2233 2544 2289 ὡς
2599 2235 2923 2304 προείρηται.
2983 2228 3206 2289 Εἰδησιν
3280 2229 3339 2285 δὲ
3403 2239 3497 2286 καὶ
3570 2239 3748 2305 γνῶσίν
3800 2253 3930 2304 μοι-τ

2474 2315 2665 2371 εἰδέναι
2691 2325 2778 2371 καὶ
2809 2326 3083 2391 γινώσκειν
3113 2320 3283 2382 ἁπλῶς
3312 2324 3391 2374 ὅτι
3420 2321 3542 2375 ὶστὶ
3585 2327 3702 2384 Θεὸς
3731 2330 3802 2373 καὶ
3835 2329 3928 2374 lin-

2473 2408 2531 2460 οῦ
2571 2412 2674 2478 μὴν
2713 2413 2808 2464 τὴν
2841 2409 2951 2478 (68)
2982 2417 3078 2469 τῆς
3108 2412 3308 2480 φύσεως
3355 2418 3448 2462 τοῦ
3502 2419 3655 2464 Θεοῦ.
3700 2413 3812 2469 Αὖτς
3838 2431 3888 2482 71;-
3908 2431 3924 2459 :.

2473 2502 2624 2568 μόνον
2673 2498 2954 2568 ἄγνωστος,
3011 2496 3138 2550 ἀλλὰ
3188 2504 3277 2550 καὶ
3329 2500 3595 2563 παντελῶς
3646 2499 3916 2556 mmor?“th

2475 2583 2895 2657 ἀνεπιχείρητος,
2927 2591 3016 2639 καὶ
3047 2586 3106 2639 οῦ
3136 2592 3289 2660 μόνον
3321 2587 3636 2662 ἀνθρώποις,
3677 2589 3789 2642 ἀλλὰ
3809 2609 3854 2640 ιι
3871 2595 3913 2641 1‘;

2473 2675 2734 2746 οὐρανίαις
2775 2672 3080 2748 δυνάμεσιν.

2546 2852 2685 2906 Ἀλλ’
2709 2884 2777 2893 -
2805 2862 2967 2928 τηρῶ.
2991 2859 3143 2925 Ὁρᾷς
3160 2856 3240 2907 ὅτι
3260 2858 3319 2906 τὸ
3345 2857 3431 2908 τὸν
3454 2855 3609 2928 λόγον
3635 2865 3719 2910 τοῦ
3743 2863 3841 2910 Θεοῦ
3855 2860 3936 2906 mih

2476 2947 2689 3014 σημεῖόν
2717 2941 2832 2994 ὶοτι
2856 2950 2946 2994 τοῦ
2973 2939 3166 2994 εἰδέναι
3192 2943 3367 2996 αὐτὸν.
3387 2945 3705 3018 Φαϐηθώμεν
3728 2952 3852 2998 τοίνυν
3868 2946 3940 2993 sm;

2473 3030 2673 3090 ἐντολὰς
2702 3037 2792 3082 τοῦ
2829 3035 2956 3083 Θεοῦ
2987 3035 3058 3102 μὴ
3107 3031 3467 3103 φυλάττοντες,
3502 3035 3574 3095 ὡς
3605 3040 3854 3105 ταττόμενοι
3883 3049 3942 3098 an

2472 3129 2570 3171 τῶν
2604 3118 2922 3191 ἀγνοούντων
2967 3124 3053 3172 τὸν
3095 3125 3242 3175 Θεὸν.
3285 3118 3411 3174 Εἶτα
3450 3124 3807 3184 κατασκευάζει
3835 3131 3888 3171 zsi
3913 3137 3944 3166 :7:

2471 3209 2662 3280 μείζων
2695 3208 2808 3261 ὶστὶ
2837 3217 2928 3260 τοῦ
2962 3208 3220 3282 Ἀϐραάμ.

2546 3296 2782 3372 ’Λϐραὰμ
2840 3328 2908 3338 -
2964 3297 3106 3370 ἕμήν.
3171 3329 3238 3339 -
3301 3299 3701 3370 Ἠγαλλιοὲσατο,
3747 3305 3864 3371 ἤγουν
3897 3296 3946 3346 ὲττ

2472 3389 2724 3459 θύμησεν.
2800 3386 3045 3461 [Ἠμίραν
3116 3389 3229 3459 (69)
3284 3385 3342 3442 δε
3413 3390 3580 3444 αὑτοῦ
3637 3391 3758 3463 λέγει
3810 3394 3874 3445 τὴν
3907 3393 3945 3435 τελ

2472 3484 2724 3550 σταυροῦ.

2543 3659 2642 3708 Καὶ
2699 3650 2827 3718 εἶδε,
2876 3659 2962 3707 καὶ
3017 3654 3210 3730 ἕχάρη.
3271 3656 3474 3730 Ἐχάρη
3527 3654 3620 3711 διὰ
3664 3662 3748 3716 τὴν
3788 3658 3949 3722 aurasin

2466 3752 2558 3796 τοῦ
2607 3748 2829 3815 κόσμου.
2880 3748 3138 3816 Προγνοὺς
3179 3748 3279 3818 γὰρ
3332 3749 3390 3798 τὸ
3448 3753 3730 3821 μυστήριον
3776 3753 3950 3804 rigata.-

2467 3838 2674 3906 ρώσεως
2717 3841 2808 3884 τοῦ
2873 3840 3107 3905 Χριστοῦ
3158 3832 3505 3909 ἐπεθύμησεν]
3564 3834 3688 3890 ἰδεῖν
3733 3841 3810 3892 τήν
3839 3835 3951 3902 indm

2467 3922 2648 3989 αὑτοῦ,
2710 3927 2800 3974 καὶ
2849 3918 2981 3974 εἶδεν
3032 3923 3188 3980 αὐτὴν
3247 3922 3268 3995 [
3321 3927 3861 4000 προσκιαγραφηθείσαν
3893 3925 3949 3983 {70‘

2465 4009 2578 4082 καὶ]
2609 4006 2643 4062 δ
2650 4012 3030 4062 ιατνπωθείσαν
3062 4010 3109 4062 ἐν
3151 4019 3213 4084 τῇ
3262 4015 3431 4084 ἡμέρᾳ
3460 4016 3579 4066 καθ’
3610 4018 3667 4073 ἦν
3697 4013 3884 4081 ἀνήνεγκε
3913 4024 3952 4054 ττι

2467 4103 2578 4152 υἱὸν
2618 4099 2777 4151 αὐτοῦ
2826 4118 2912 4151 τον
2942 4101 3126 4153 Ἰσαὰκ
3179 4101 3252 4162 εἰς
3303 4102 3679 4174 ὀλοκάρπωσιν,
3721 4101 3872 4171 Ἐμαόε
3900 4099 3951 4163 7i:

2468 4192 2569 4255 ὃτι,
2619 4191 2792 4257 ὥσπερ
2841 4188 2993 4249 αὐτὸς
3042 4189 3135 4241 οὐκ
3175 4192 3412 4261 ἐφείσατο
3470 4201 3563 4244 τοῦ
3610 4194 3718 4244 υἱοῦ
3765 4189 3881 4241 αὖτοῦ
3909 4203 3950 4232 τε)

706 4271 785 4327 ita
824 4287 1018 4343 neque
1058 4272 1208 4326 Deus
1251 4274 1581 4342 parciturus
1636 4279 1791 4329 esset
1855 4274 1995 4330 Filio
2050 4292 2160 4330 suo
2210 4277 2320 4331 dite

2333 4307 2358 4318 -
2393 4262 2435 4316 ί)
2471 4277 2744 4349 ἀγαπητοῦ
2781 4273 2815 4329 δ
2823 4280 2874 4328 ιὰ
2912 4281 2998 4329 τὸν
3038 4281 3187 4344 Θεὸν,
3239 4279 3399 4340 οὕτως
3442 4277 3567 4333 οὐδε
3617 4281 3642 4332 ὸ
3678 4281 3780 4339 Θεὸς
3810 4280 3947 4348 otism?

707 4367 801 4417 cto
832 4370 1070 4433 propter
1096 4362 1422 4416 hominem.
1460 4364 1524 4416 Et
1549 4362 2067 4433 quemadmodum
2099 4365 2198 4419 ille
2224 4381 2355 4436 por-

706 4452 848 4507 tavit
887 4450 1044 4522 ligna
1078 4450 1405 4505 holocausli
1471 4451 1580 4518 sui,
1648 4453 1726 4506 ita
1778 4458 1832 4506 et
1861 4453 1985 4522 ipse
2019 4460 2357 4524 portaturus

706 4544 858 4594 esset
895 4539 1126 4608 lignum
1168 4539 1371 4594 mortis
1410 4555 1552 4594 suae.
1599 4541 2036 4607 Verumtamen,
2072 4543 2221 4598 sicut
2260 4544 2357 4599 illo

705 4643 822 4682 non
865 4645 1047 4699 passo
1079 4628 1420 4700 suppositus
1452 4634 1536 4683 est
1576 4629 1729 4684 aries
1768 4646 1779 4684 :
1815 4629 1894 4685 ita
1952 4635 2009 4686 et
2061 4630 2174 4686 hoc
2227 4649 2358 4688 ma-

704 4723 882 4772 nente
912 4717 1288 4790 impassibili,
1319 4716 1667 4772 humanitas
1692 4720 1822 4788 ejus
1845 4719 2043 4773 occisa
2062 4721 2358 4785 εει.ουοά

709 4804 759 4858 si
784 4804 941 4860 diem
973 4807 1100 4875 ejus
1131 4805 1331 4861 videre
1361 4805 1736 4871 desideravit,
1780 4805 1986 4879 utique
2033 4808 2146 4864 hoc
2208 4815 2352 4880 erat,

708 4895 998 4964 tanquam
1038 4894 1310 4966 majoris.

779 5105 1125 5175 "Tit.l,16.
1225 5109 1733 5179 "Joan.viu,19.
1811 5113 2049 5169 1|'Joan.
2078 5130 2171 5178 vn,
2200 5117 2287 5170 26.

2469 4375 2560 4419 τοῦ
2592 4369 2714 4419 Υἱοῦ
2745 4366 2904 4418 αὑτοῦ
2943 4373 3034 4418 τοῦ
3064 4364 3338 4437 ἀγαπητοῦ
3380 4364 3474 4420 διὰ
3501 4373 3586 4420 τὸν
3629 4370 3868 4440 ἄνθρωπον.
3900 4367 3946 4411 [ε’

2471 4459 2642 4527 ὥσπερ
2719 4455 2868 4516 οὗτος
2915 4453 3174 4507 ierim-am
3223 4458 3289 4508 τὰ
3334 4455 3460 4519 ξύλα
3513 4466 3612 4519 τῆς
3665 4457 3944 4525 atumem;

2472 4546 2650 4609 αὑτοῦ,
2693 4545 2826 4595 οὕτω
2854 4542 3087 4605 κάκεῖνος
3135 4542 3394 4616 βαστάσει
3424 4549 3478 4598 τὸ
3505 4545 3653 4609 ξύλον
3691 4552 3771 4598 τοῦ
3816 4542 3942 4593 θανάτῖί

2468 4635 2645 4686 αὐτοῦ.
2702 4633 2838 4690 Πλὴν
2890 4634 3123 4704 καθάπερ
3185 4636 3370 4686 τούτου
3435 4639 3693 4706 μείναντος
3743 4631 3940 4684 «inﬁcit?

2466 4725 2611 4794 κριὸς
2662 4720 2840 4785 ἐτύθη,
2908 4722 3042 4773 οὕτω
3093 4720 3330 4775 κάκείνου
3401 4726 3637 4794 μένοντος
3701 4721 3879 4774 ἀπαθοῦς
3916 4729 3937 4758 π

2467 4810 2782 4884 ἀνθρώπινον
2850 4810 3009 4863 αὐτοῦ
3077 4812 3564 4882 σφαγιασθήσεται.
3643 4811 3699 4865 Εἰ
3761 4805 3810 4862 οδε
3851 4804 3935 4856 ἐπείπ-

2465 4918 2630 4972 μησεν
2680 4895 2808 4952 ἰδεῖν
2860 4904 2952 4957 τὴν
3011 4900 3207 4972 ἡμέραν
3269 4899 3449 4971 αὐτοῦ,
3511 4903 3583 4963 ὡς
3629 4899 3834 4973 μείζονος
3877 4911 3929 4941 τεν

2465 5008 2585 5049 τως.

1929 5289 2144 5358 Varia:
2182 5290 2512 5360 lectiones
2555 5301 2619 5358 et
2662 5300 2860 5358 nota.

777 5445 889 5523 (_66)
927 5446 988 5502 in
1031 5450 1329 5523 contextu,
1358 5447 1473 5523 illo
1501 5447 1562 5503 in
1598 5448 1726 5523 loco
1770 5450 1952 5523 codd.
2005 5452 2354 5523 Eutliymius

706 5515 962 5593 b_abent_
984 5516 1294 5593 vulgatum
1350 5518 1610 5593 ἀληθινὸς.
1673 5520 1785 5593 sed
1836 5515 2355 5593 Chrysost.'refert

709 5586 1088 5664 aluej;_'l‘om.
1122 5589 1260 5654 Vill,
1283 5605 1350 5664 _p.
1384 5591 1506 5661 294,
1531 5592 1656 5658 295,
1688 5586 2020 5664 aliquoties.

776 5661 889 5732 (67)
914 5658 972 5712 '0
1002 5658 1320 5732 interponit
1349 5666 1415 5717 Α.

776 5730 888 5803 (68)
956 5737 1060 5790 Τήν
1142 5730 1310 5789 abest
1384 5739 1449 5789 Α.
1540 5731 1807 5789 Refertur
1872 5733 1941 5790 ad
2010 5732 2215 5795 εἴδησιν
2263 5742 2352 5792 καὶ

2464 5460 2677 5524 γνῶσιν.

2538 5526 2649 5594 (69)
2690 5522 2919 5577 Inclusa
2943 5521 3164 5578 absunt
3190 5524 3255 5576 Α.

2537 5577 2648 5665 i703
2689 5595 2927 5650 Inclusa
2959 5594 3181 5650 absunt
3219 5597 3284 5649 Α.
3318 5595 3538 5652 Ibidem
3570 5595 3772 5668 legitur,
3804 5577 3922 5661 πρςὸυν

2467 5668 2813 5720 θυπωθεῑσαν.
3629 5665 3649 5668 v
3964 5665 3965 5676 ¹
