4088 6444
158 347 314 405 1305

1257 347 1602 405 COMMENT
1642 349 1711 406 IN
1748 347 2098 406 JOANNEM.
2141 379 2209 390 —
2245 350 2402 405 CAP.
2448 347 2544 405 IX.

3397 349 3536 406 1306

239 479 346 529 Καὶ
376 506 444 515 -
473 472 701 548 ἕώρακας
727 490 741 541 ;
767 473 954 547 ’ῼοντο
980 475 1082 547 γὰρ
1115 473 1266 526 αὑτὸν
1297 473 1452 546 ἔγγὺς
1480 472 1608 528 εἶναι
1647 494 1754 528 πεν·

1948 475 2112 530 Vers.
2148 476 2234 529 57.
2263 474 2435 528 Et—
2484 473 2685 530 vidisti
2737 471 2765 528 7
2818 472 3116 529 Putabant
3177 472 3336 529 enim
3393 489 3533 530 eum

157 569 398 622 τήκοντα
448 563 569 615 ἐτῶν
619 561 713 616 διὰ
762 569 856 620 τὴν
911 564 1248 635 πολυπειρίαν
1304 563 1484 618 αὐτοῦ.
1531 566 1660 617 Τινὰ
1707 559 1767 616 δὲ

159 663 266 706 τῶν
324 654 435 724 (7i)
489 653 814 728 ἀντιγράφων
853 655 1246 726 τεσσαράκοντα
1287 655 1598 728 γράφουσιν,
1641 655 1765 725 ὅπερ

161 739 319 796 δοκεῖ
345 741 724 816 ἀκριϐέστερον.

239 917 393 973 Εἶπεν
445 951 513 960 -
568 920 692 982 εἰμι.
742 919 831 982 Ὠς
897 925 1045 983 Θεὸς.
1102 925 1202 974 Καὶ
1259 919 1353 972 οὐκ
1411 917 1568 988 εἶπεν,
1631 918 1766 990 Ἐγώ

159 1012 330 1081 ἤμην,
409 1008 514 1061 ἀλλ’
575 1010 705 1080 Ἐγὼ
757 1009 865 1082 εἰμι
907 1011 932 1062 6
994 1008 1072 1062 ἀεὶ
1133 1014 1220 1060 ὧν.
1253 1013 1322 1061 Τὸ
1348 1012 1437 1075 μεν
1486 1006 1574 1060 οὖν
1631 1011 1767 1080 γενέ-

161 1100 298 1150 σθαι
358 1103 708 1151 κτιστοῠ·τὸ
802 1095 860 1151 δὲ
926 1099 1046 1172 Εἰμὶ
1126 1097 1376 1150 ἁκτίστου
1425 1099 1442 1169 [
1498 1103 1588 1150 καὶ
1649 1099 1765 1168 (72)

157 1192 386 1240 κτίστου

237 1276 407 1352 Ἦραν
445 1304 499 1317 -ο
548 1277 726 1329 αὐτόν.
783 1279 848 1330 Οἱ
883 1284 1066 1349 ταχεῖς
1106 1280 1233 1350 πρὸς
1262 1281 1408 1349 φόνον
1440 1297 1452 1310 ο
1483 1275 1763 1350 Ἠγρίαναν

158 1368 268 1438 γὰρ
319 1363 564 1429 δόξαντες
614 1364 931 1438 ὑϐρισθῆναι
973 1370 1060 1418 τόν
1118 1365 1355 1441 Ἀϐρααμ
1398 1383 1409 1394 ·
1445 1366 1555 1438 ἅμα
1583 1363 1642 1418 δὲ
1674 1370 1764 1417 καὶ

157 1461 374 1526 γνόντες
403 1456 482 1508 ὅτι
512 1451 791 1514 ἀιδιότητα
829 1463 961 1509 Θεοῦ
986 1457 1314 1528 περιτίθησιν
1341 1455 1524 1526 ἐαυτῷ.

238 1633 448 1695 Ἰησοῦς
505 1631 564 1687 δε
611 1633 827 1707 ἐκρύϐη.
873 1635 1122 1708 Ἀόρατος
1180 1633 1358 1696 αὐτοῖς
1418 1638 1641 1692 κατέστη
1696 1641 1757 1705 τῇ

156 1723 382 1796 ἐξουσίᾳ
411 1731 502 1784 τῆς
542 1725 801 1784 θεότητος.

239 1817 342 1866 Καὶ
375 1815 533 1888 ἱεροῦ.
559 1819 671 1866 Ἵνα
698 1811 1002 1872 κατασταλῆ
1037 1815 1062 1865 6
1096 1815 1258 1885 θυμὸς
1286 1813 1475 1867 αὐτῶν.

235 1991 453 2044 Διελθών
483 2023 551 2031 -
580 1991 770 2044 αὐτῶν.
825 1997 912 2050 Μὴ
957 1991 1255 2063 ἰσχυόντων
1287 1988 1415 2044 ἰδεῖν
1456 1991 1628 2047 αὐτόν.
1665 1998 1762 2048 Καὶ

155 2078 314 2134 διατί
364 2080 459 2132 οὐκ
516 2079 748 2144 ἐξέλυσεν
779 2081 946 2133 αὐτῶν
986 2085 1080 2138 τὴν
1129 2077 1350 2152 δύναμιν
1395 2085 1483 2134 καὶ
1541 2089 1768 2153 φανερῶς

157 2169 470 2242 ἀνεχώρησε
491 2187 504 2236 ;
538 2175 680 2223 Διότι
696 2172 805 2223 οὗθ’
828 2171 988 2231 οὕτως
1010 2169 1211 2242 ἔμελλον
1240 2173 1523 2224 πιστεύειν.
1547 2173 1759 2244 Καὶγὰρ

157 2259 212 2312 ἐν
241 2268 312 2329 τῷ
340 2267 506 2333 καιρῷ
537 2267 630 2311 τοῦ
690 2261 894 2320 [Ιάθους
939 2261 1152 2320 ὑπτίους
1184 2260 1296 2329 (73)
1348 2259 1532 2320 αὐτοὺς
1561 2259 1756 2334 ἔρριψε,

157 2355 254 2401 καὶ
283 2353 377 2401 τὰς
398 2349 538 2419 ὄψεις
569 2348 736 2400 αὐτῶν
759 2347 1019 2412 ὶσκότισε,
1061 2354 1150 2401 καὶ
1181 2349 1272 2401 οὐκ
1303 2347 1634 2403 ἐπίστευσαν.
1657 2349 1757 2401 Οὖ-

159 2433 253 2489 δεν
282 2439 380 2509 γὰρ
412 2444 590 2509 χεῖρον
620 2435 808 2508 ψυχῆς
841 2435 1218 2508 ἁπεγνωκυίας.
1278 2435 1382 2489 Κᾶν
1429 2440 1530 2510 γὰρ
1565 2444 1759 2508 σημεῖα

156 2523 282 2599 ἴδῃ,
309 2524 402 2578 κᾶν
433 2531 642 2601 τέρατα,
672 2531 808 2599 μένει
839 2531 932 2585 τὴν
959 2527 1120 2585 αὐτὴν
1163 2530 1368 2600 ἔχουσα
1396 2526 1549 2580 πάλιν
1577 2525 1758 2579 ἀναισ-

155 2620 404 2689 χυντὶαν.

239 2710 338 2758 Καὶ
365 2713 597 2778 παρῆγεν
619 2706 802 2768 οὕτως.
834 2705 1104 2769 Ἐϐάδιζεν
1143 2708 1320 2773 οὕτως,
1355 2711 1427 2780 μὴ
1462 2710 1758 2780 φαινόμενος

157 2793 359 2856 αὐτοῖς.

413 2889 558 2937 ΚΕΦ.
602 2882 654 2938 ι’.
682 2889 805 2958 Περὶ
833 2892 925 2937 τοῦ
964 2885 1019 2938 ix
1056 2895 1260 2957 γενετῆς
1289 2885 1504 2958 τυφλοῦ.

234 2977 334 3026 Καὶ
363 3004 433 3013 —
460 2982 684 3044 γενετῆς.
711 2973 934 3026 Βεϐαιῶν
963 2973 998 3027 ἃ
1027 2971 1154 3040 εἷπε,
1186 2979 1275 3028 καὶ
1304 2977 1643 3047 πιστούμενος
1676 2976 1755 3027 ὅτι

1877 562 2060 619 ferme
2116 578 2249 618 esse
2299 563 2906 636 quinquagenarium,
2985 566 3227 634 propter
3280 563 3532 619 multam

1876 653 2009 725 ejus
2051 653 2326 724 peritiam
2375 658 2431 708 et
2476 652 2922 725 experientiam.
2993 651 3276 717 Quadam
3331 657 3532 708 autem

1877 741 2243 813 exemplaria
2312 741 2552 807 habent,
2601 741 3031 813 quadraginta,
3076 740 3253 814 Aquod
3302 740 3534 798 videtur

1876 846 2004 886 esse
2033 831 2245 886 verius.

1948 920 2108 974 Vers.
2188 923 2272 975 58.
2328 919 2500 976 Dixit
2565 949 2633 958 —
2698 934 2848 974 sum.
2881 921 3193 991 Tanquam
3238 919 3412 974 Deus.
3469 920 3534 975 Et

1875 1023 1990 1064 non
2043 1009 2211 1072 dixit,
2275 1011 2394 1078 Ego
2435 1024 2600 1064 eram
2644 1008 2820 1079 ;sed,
2871 1009 2996 1078 Ego
3021 1023 3169 1075 sum,
3227 1009 3326 1080 qui
3380 1023 3536 1064 sem-

1873 1113 1980 1168 per
2010 1115 2167 1153 sum.
2199 1099 2338 1154 Fieri
2367 1098 2658 1170 siquidem
2690 1098 2771 1153 rei
2803 1103 3014 1154 creatas
3044 1101 3164 1165 est;
3193 1099 3338 1154 Sum
3371 1113 3531 1162 vero,

1871 1187 2148 1243 increatae
2210 1193 2266 1243 et
2293 1193 2524 1244 creatas.

1944 1278 2106 1332 Vers.
2143 1278 2226 1332 59.
2269 1278 2560 1333 Tulerunt
2597 1309 2660 1318 —
2693 1293 2840 1334 eum.
2866 1277 3112 1334 Veloces
3177 1276 3254 1333 ad
3285 1276 3528 1333 caadem.

1875 1367 2212 1438 Exasperati
2246 1372 2384 1422 sunt
2437 1367 2595 1422 enim
2645 1372 2922 1436 putantes
2970 1366 3188 1436 injuria
3251 1365 3530 1423 affectum

1873 1472 2005 1511 esse
2063 1456 2366 1512 Abraham
2420 1474 2432 1510 :
2476 1455 2650 1512 simul
2699 1457 2896 1522 etiam,
2955 1456 3056 1512 ubi
3111 1456 3532 1527 cognovissent

1873 1545 2038 1618 quod
2068 1545 2166 1600 Dei
2197 1545 2577 1600 aeternitatem
2613 1545 2724 1600 sibi
2757 1545 3102 1601 vindicaret.

1945 1635 2111 1690 Vers.
2141 1636 2232 1692 59.
2263 1637 2423 1690 Jesm
2462 1641 2655 1690 autem
2679 1636 3009 1691 occultatus
3049 1641 3151 1690 est.
3181 1635 3291 1690 Per
3319 1635 3532 1691 divini-

1873 1726 2006 1782 tatis
2032 1725 2360 1798 potentiam
2391 1725 2699 1782 invisibilis
2751 1727 2837 1781 eis
2871 1725 3137 1781 effectus.

1798 1835 1839 1889 Β
1946 1816 2109 1870 Vers.
2137 1815 2226 1870 59.
2270 1816 2349 1870 Et
2378 1847 2444 1856 —
2493 1814 2719 1883 (empto.
2780 1817 2847 1870 Ut
2903 1813 3140 1870 illorum
3173 1815 3407 1871 sedaret
3439 1814 3528 1870 fu-

1874 1919 2068 1960 rorem
2079 1945 2091 1956 .

1946 1995 2110 2050 Vers.
2137 1999 2222 2050 59.
2258 1993 2656 2050 Pertransiens
2702 2024 2767 2034 —
2795 1993 3058 2050 illorum.
3093 1995 3234 2050 Cum
3268 1992 3349 2049 illi
3390 2009 3526 2050 eum

1872 2083 2071 2140 videre
2115 2099 2233 2139 non
2280 2087 2549 2156 possent.
2615 2085 2679 2138 Et
2719 2099 2904 2154 quare
2937 2098 3058 2138 non
3118 2083 3381 2138 dissolvit
3413 2082 3532 2138 illo-

1869 2189 2006 2228 rum
2036 2173 2334 2237 virtutem,
2368 2179 2425 2228 et
2485 2171 2800 2227 manifeste
2875 2171 3116 2227 recessit
3160 2171 3188 2226 ?
3234 2173 3379 2238 Quia
3422 2187 3531 2227 nec

1872 2262 1956 2318 sic
2004 2262 2282 2317 credituri
2355 2266 2544 2316 erant.
2622 2259 2846 2316 Etenim
2895 2265 3164 2331 tempore
3222 2261 3528 2331 passionis

1869 2353 2118 2424 supinos
2151 2352 2283 2408 illos
2312 2351 2544 2422 dejecit,
2593 2366 2924 2421 eorumque
2987 2355 3259 2421 aspectus
3315 2349 3530 2406 obscu-

1867 2443 2037 2507 ravit,
2084 2448 2139 2498 et
2186 2458 2307 2497 non
2359 2441 2755 2496 crediderunt.
2811 2442 2958 2496 Nam
3014 2439 3217 2495 anima
3268 2439 3528 2511 reproba

1867 2531 2016 2588 nihil
2043 2537 2130 2588 est
2158 2532 2332 2604 pejus
2363 2547 2375 2585 :
2409 2530 2540 2586 licet
2568 2529 2726 2585 enim
2769 2529 2944 2598 signa
2987 2529 3186 2585 videat
3223 2545 3294 2584 ac
3327 2528 3527 2600 prodi-

1867 2622 1981 2691 gia,
2011 2638 2179 2676 suam
2211 2625 2408 2677 tamen
2442 2634 2680 2690 semper
2709 2618 2921 2673 retinet
2949 2617 3416 2690 impudentiam.

1936 2711 2101 2767 Vers.
2137 2711 2206 2767 59
2248 2711 2326 2766 Et
2356 2711 2442 2766 ita
2467 2708 2828 2782 praeteribat.
2871 2707 3240 2764 Ambulabat
3273 2708 3373 2774 ita,
3405 2722 3528 2764 non

1866 2817 2162 2874 apparens
2197 2800 2332 2856 illis.

2222 2891 2374 2946 CAP.
2406 2891 2470 2945 X.
2506 2890 2584 2944 De
2611 2904 2745 2944 caeco
2774 2904 2812 2942 α
2838 2888 3166 2943 nativitate.

1936 2982 2075 3053 Cap.
2124 2981 2222 3035 IX.
2279 2981 2420 3036 Vers
2458 2985 2504 3034 l.
2555 2979 2632 3034 Et
2675 3008 2744 3018 -—
2775 2977 3106 3032 nativitate.
3158 2974 3531 3031 Conﬁrman-

159 3066 285 3122 Θεὸς
333 3061 494 3127 ἔστιν,
552 3062 701 3122 εὐθὺς
732 3065 945 3136 ἔρχεται
993 3062 1076 3116 ἐπὶ
1131 3065 1306 3135 θαῦμα
1357 3068 1625 3135 μέγιστον,
1666 3068 1754 3114 καὶ

1883 3069 1962 3134 in,
2012 3069 2176 3142 quod
2241 3069 2490 3132 dixerat,
2544 3067 2848 3138 ﬁdemque
2879 3065 3123 3130 faciens,
3163 3065 3328 3137 quod
3373 3065 3528 3120 Deus

159 3158 316 3220 μήπω
399 3155 564 3223 μέχρι
613 3156 728 3204 τότε
781 3156 1068 3223 γενόμενον.
1127 3150 1320 3224 Τυφλοὶ
1368 3156 1456 3224 μὲν
1508 3156 1609 3226 γὰρ
1666 3157 1755 3204 καὶ

159 3239 306 3292 ἄλλοι
363 3239 640 3310 ἀνέϐλεψαν
685 3255 697 3268 ⁸
740 3239 929 3310 τυφλὸς
983 3237 1042 3293 δὲ
1099 3239 1147 3292 ἐν
1194 3250 1401 3312 γενετῆς
1432 3242 1542 3312 (74)
1581 3237 1754 3301 οὐδεὶς

158 3331 292 3402 ἄχρι
311 3336 445 3382 τότε.
486 3331 573 3381 Διὸ
601 3333 691 3380 καὶ
718 3326 1006 3398 ἀναϐλέψας
1037 3328 1202 3400 ἔλεγεν
1253 3349 1266 3361 ο
1302 3330 1388 3382 Ἐκ
1419 3338 1509 3382 τοῦ
1567 3330 1756 3390 αἰῶνος

158 3419 249 3472 οὐκ
279 3419 516 3476 ἠκούσθη
543 3419 622 3469 ὃτι
669 3417 840 3479 ἤνοιξὲ
863 3436 938 3477 τις
977 3417 1269 3490 ὀφθαλμοὺς
1297 3419 1490 3490 τυφλοῦ
1518 3437 1754 3490 γεγεννη-

159 3525 332 3580 μενου.

235 3778 332 3826 Καὶ
390 3803 457 3815 -
506 3776 725 3846 γεννηθῇ
758 3774 1084 3849 ;Ἐρωτῶσιν
1151 3775 1255 3847 οὐχ
1309 3777 1379 3837 ὡς
1427 3783 1580 3829 τοῦτο
1630 3778 1755 3829 πάν-

159 3881 254 3923 τως
309 3863 338 3922 ἦ
400 3864 558 3915 έκεῖνο
623 3863 1087 3937 ὑπολαμϐάνοντες,
1143 3867 1375 3940 καθάπερ
1430 3868 1479 3918 οἱ
1545 3864 1754 3924 ἀνόητοι

160 3949 409 4005 Ἰουδαῖοι
437 3967 451 3982 ⁸
478 3957 535 4006 τὸ
563 3955 655 4024 μεν
704 3955 806 4027 γὰρ
865 3953 1112 4026 ἁμαρτεῖν
1164 3958 1262 4028 πρὸ
1323 3962 1414 4007 τοῦ
1443 3957 1755 4026 γεννηθῆναι

159 4037 434 4110 ἀδύνατον,
467 4045 525 4094 τό
557 4038 616 4095 δὲ
641 4044 768 4117 ὑπὲρ
799 4051 900 4094 τῶν
927 4047 1115 4114 γονέων
1159 4043 1476 4104 κολάζεσθαι
1527 4042 1712 4097 ἄδικον
1737 4062 1749 4074 ·

158 4129 262 4182 ἀλλ’
294 4134 436 4183 ἔστιν
470 4132 496 4184 ό
523 4136 719 4194 σκοπὸς
767 4139 859 4184 τοῦ
888 4131 1044 4204 λόγου
1069 4140 1322 4193 τοιοῦτος,
1379 4133 1437 4186 Ὀ
1462 4136 1550 4204 μὲν
1583 4137 1753 4208 παρά-

155 4219 304 4281 λυτος
335 4217 428 4272 διὰ
469 4223 562 4282 τὰς
607 4220 864 4293 ἁμαρτίας
916 4223 1076 4273 αὐτοῦ
1131 4222 1355 4289 ἠσθένει,
1415 4223 1588 4282 καθὼς
1653 4221 1757 4274 ἐκεῖ

156 4311 525 4382 μεμαθήκαμεν
576 4328 590 4344 ο
642 4315 759 4382 περὶ
809 4313 989 4362 τούτου
1031 4307 1089 4363 δὲ
1143 4311 1256 4377 (75)
1295 4315 1349 4361 τί
1401 4310 1564 4382 λέγεις
1605 4327 1619 4377 ;
1670 4315 1755 4371 Τίς

1863 3164 2021 3213 esset
2061 3158 2258 3212 statim
2333 3157 2494 3212 venit
2546 3156 2621 3210 ad
2669 3154 3025 3210 miraculum
3080 3155 3437 3219 maximum,
3471 3159 3528 3209 et

1865 3263 2054 3319 usque
2085 3247 2159 3302 ad
2190 3246 2247 3301 id
2278 3246 2562 3317 temporis
2593 3259 2909 3315 nunquam
2941 3242 3184 3298 factum.
3218 3243 3526 3314 Siquidem

1863 3341 1920 3390 et
1965 3335 2062 3390 alii
2104 3334 2244 3390 caeci
2286 3334 2480 3389 visum
2536 3337 2904 3402 receperunt,
2946 3347 3151 3386 verum
3186 3331 3286 3403 qui
3339 3347 3374 3386 a
3422 3346 3526 3387 na-

1863 3423 2084 3480 tivitate
2138 3439 2330 3479 caecus
2384 3423 2609 3489 fuisset,
2661 3419 2860 3475 nullus
2928 3434 3118 3490 usque
3149 3418 3226 3474 ad
3273 3419 3331 3473 id
3386 3423 3530 3474 tem-

1863 3530 1996 3586 pus.
2031 3513 2169 3568 ldeo
2219 3512 2418 3577 etiam,
2479 3511 2581 3583 qui
2613 3509 2810 3564 visum
2870 3509 2938 3579 (j)
2969 3507 3206 3579 recepit,
3241 3507 3479 3563 dicebat
3509 3508 3525 3550 ε

1862 3605 1910 3659 Α
1944 3602 2158 3658 seculo
2195 3616 2311 3654 non
2374 3605 2455 3656 est
2496 3599 2789 3662 auditum,
2843 3597 3000 3668 quod
3049 3595 3346 3666 aperuerit
3377 3597 3528 3668 quis-

1860 3692 2021 3762 piam
2055 3691 2246 3746 oculos
2269 3690 2402 3746 caeci
2453 3689 2586 3744 nati
2633 3690 2701 3742 ⁸ο.

1936 3784 2102 3836 Vers.
2177 3783 2228 3834 2.
2287 3780 2366 3835 Et
2413 3783 2740 3834 nasceretur
2786 3777 2815 3833 ?
2880 3773 3347 3846 lnterrogabant,
3403 3789 3524 3831 non

1864 3870 2027 3942 quod
2080 3869 2191 3924 hoc
2223 3873 2326 3924 aut
2354 3868 2501 3923 illud
2528 3865 2777 3923 omnino
2799 3864 3266 3937 suspicarentur,
3325 3880 3527 3937 quem-

1863 3957 2194 4014 admodum
2262 3957 2610 4028 insipientes
2682 3954 2919 4020 Judaai;
2970 3969 3113 4009 nam
3176 3953 3336 4009 hunc
3393 3969 3528 4024 pec-

1864 4062 2052 4110 casse,
2125 4051 2451 4118 antequam
2511 4049 2688 4101 natus
2757 4047 2930 4108 esset,
2982 4041 3356 4113 impossibile
3403 4047 3528 4097 erat

1864 4152 2042 4208 porro
2069 4151 2175 4206 pro
2221 4135 2572 4206 parentibus
2639 4133 2838 4205 puniri
2871 4132 3158 4201 injustum
3201 4146 3215 4196 ;
3258 4130 3359 4185 sed
3392 4130 3525 4186 ﬁnis

1865 4224 2160 4280 sermonis
2213 4223 2342 4279 talis
2399 4228 2506 4278 est.
2560 4221 2924 4291 Paralyticus
2981 4219 3226 4290 quidem
3285 4223 3527 4290 propter

1863 4316 2111 4383 peccata
2150 4328 2259 4366 sua
2306 4311 2658 4377 aegrotabat,
2719 4309 2868 4363 sicut
2907 4307 2988 4362 ibi
3033 4306 3354 4361 didicimus
3393 4321 3406 4361 :
3451 4306 3524 4361 de

159 4399 402 4469 ἥμαρτεν,
460 4397 605 4456 οὗτος
643 4397 672 4455 ἦ
725 4399 773 4448 οἱ
817 4405 986 4468 γονεῖς
1052 4397 1209 4449 αὐτοῦ
1267 4400 1459 4469 ςημεῖς
1489 4399 1590 4471 γὰρ
1639 4399 1754 4450 οὔτε

1883 4418 1978 4456 loc
2011 4405 2231 4461 autem.
2301 4399 2444 4457 quid
2507 4397 2654 4452 dicis
2703 4397 2731 4451 i’
2777 4398 2914 4464 Quis
2960 4397 3240 4463 peccavit,
3300 4393 3416 4459 hic,
3447 4410 3521 4451 an

156 4490 308 4536 τοῦτο
329 4487 444 4536 οὔτε
473 4483 631 4537 έκεῖνο
663 4480 932 4558 δυνάμεθα
969 4483 1150 4556 λέγειν,
1187 4485 1439 4546 παντελῶς
1471 4484 1755 4560 ἐξαπορούο

157 4591 318 4646 μενοι.

227 4759 275 4795 ⁸ο
293 4759 467 4816 Joan.
497 4775 576 4828 ιι,
610 4760 696 4815 32.

1860 4496 2130 4560 parentes
2161 4491 2287 4558 ejus
2326 4487 2354 4542 ‘i’
2404 4503 2514 4543 nos
2545 4487 2706 4541 enim
2735 4500 2929 4556 neque
2968 4483 3099 4546 hoc.
3155 4498 3349 4555 neque
3380 4482 3524 4539 illud

1864 4577 2057 4633 dicere
2110 4593 2454 4650 possumus,
2505 4575 2754 4631 omnino
2785 4572 3116 4630 conturbati
3147 4571 3521 4645 consilioque

1863 4666 2146 4723 destituti.

1357 4860 1581 4930 Variae
1611 4861 1940 4930 lectiones
1975 4873 2039 4931 et
2081 4870 2281 4931 notas.

221 5003 332 5073 ('lt)
354 5001 585 5058 Scilicet
613 5001 1046 5074 Chrysostomi,
1072 5003 1175 5074 qui
1196 5003 1480 5060 audacter
1507 5005 1588 5061 ita
1617 5019 1740 5060 cor-

155 5074 333 5156 rexit.
367 5074 507 5130 Vide
549 5077 690 5129 tom.
723 5073 1205 5156 Vill,.pag._-3’24.
1248 5075 1744 5156 Chrysostomum

154 5145 414 5217 sequitur
442 5161 596 5201 unus
612 5161 683 5202 ex
700 5145 1008 5217 codicibus
1034 5145 1490 5217 Mosquensibus
1513 5147 1742 5203 N.Test.

156 5214 331 5290 angui
365 5221 451 5270 est
474 5232 605 5290 cum
650 5216 914 5290 scholiis.
957 5214 1260 5284 Origenes,
1315 5217 1417 5290 qui
1449 5223 1596 5290 tom.
1641 5220 1742 5283 XX,

154 5286 208 5340 in
231 5286 518 5342 Joannem
551 5287 680 5343 haec
709 5289 850 5344 data
886 5303 1069 5360 opera
1123 5286 1558 5358 interpretatur,
1583 5289 1745 5346 hunc

154 5373 388 5429 versum
445 5365 635 5414 totum
700 5361 1097 5429 prartermisit.
1146 5365 1470 5418 Πεντήκοντα
1504 5367 1745 5416 servant

153 5428 345 5500 Cyrill.
381 5436 418 5484 ί.
442 5429 567 5504 Δ1κῖζ
595 5446 651 5500 ρ.
687 5428 787 5485 585
815 5432 874 5484 C.
912 5431 1384 5504 ;_Theophylact.
1422 5448 1479 5504 p.
1521 5434 1626 5504 690
1661 5435 1698 5487 E
1729 5449 1742 5497 ;

193 5516 400 5576 everus
438 5501 498 5556 in
530 5503 752 5558 Catena
805 5502 1084 5569 Corderii,
1126 5501 1320 5576 p.243
1371 5522 1385 5572 ;
1422 5501 1478 5560 et
1505 5503 1742 5560 codices

193 5572 521 5628 robatiores
549 5587 776 5629 omnes.

221 5750 297 5821 0')
331 5749 440 5820 Qui
471 5750 678 5807 visum.
715 5752 880 5808 Forte
910 5751 1074 5823 legit,
1106 5747 1190 5808 διό
1230 5757 1318 5805 καὶ
1346 5753 1372 5805 ὀ
1426 5752 1738 5830 ἀναϐλέψας.

1922 5007 2035 5077 (72)
2070 5005 2304 5062 Inclusa
2343 5004 2564 5077 absunt
2611 5005 2676 5060 A.
2711 5005 2966 5065 Κτίστης,
2997 4999 3309 5073 quomodo
3339 5001 3519 5077 etiam

1857 5075 2198 5133 Eustathius
2235 5076 2448 5140 scribit,
2479 5077 2585 5148 qui
2642 5092 2780 5132 cum
2841 5079 3026 5148 κτίτης
3051 5075 3384 5144 comparat.
3408 5088 3518 5148 pro

1856 5149 2220 5204 substantivo
2255 5144 2517 5222 accipio;
2560 5163 2698 5212 non,
2765 5151 2825 5202 ut
2876 5147 3185 5217 interpres,
3219 5158 3328 5214 pro
3358 5144 3519 5202 adie-

1857 5221 2036 5276 ctivo.

1927 5292 2040 5363 (73)
2060 5293 2143 5347 Ita
2170 5290 2331 5362 pleru
2343 5306 2520 5363 mque
2535 5290 2996 5361 Chrysostomus
3013 5292 3269 5350 oratorie
3287 5291 3515 5357 laudat,

1853 5363 2025 5418 Joan.
2060 5379 2219 5418 xvm.
2252 5367 2303 5426 6,
2328 5366 2510 5416 ἔπεσον
2542 5368 2740 5434 χαμαί.

1924 5435 2314 5499 (74)Γεννητῆς.

1929 5505 2041 5576 (75)
2065 5508 2125 5558 Δὶ
2155 5505 2326 5562 abest
2366 5512 2430 5559 Α.
