4088 6432
697 323 836 382 {303

2021 318 2378 379 summu
2429 317 2756 376 ZIGABENI
3868 327 3947 389 m4

698 456 853 507 atur.
881 449 1020 507 Vult
1045 449 1201 507 enim
1230 453 1515 516 astruere,
1559 446 1726 521 quod
1783 446 1978 516 major
2018 449 2113 513 sit,
2162 463 2312 520 qua:

2332 463 2350 502 ι
2383 445 2429 499 Α
2465 445 2816 520 Βούλεταιγὰρ
2829 446 3228 500 κατασκευάσαι
3248 447 3330 499 ὅτι
3349 447 3536 519 μείζων
3553 447 3660 500 ἐστὶ
3675 457 3752 501 τοῦ
3777 450 3818 502 ’Δ
3827 451 3946 527 εραάμ.

699 541 998 596 Abraham
1036 555 1223 605 ;nam
1256 539 1370 595 hoc
1419 539 1478 592 in
1524 537 1794 609 praesenti
1838 552 1958 593 non
2011 537 2181 604 dixit,
2224 552 2353 608 pro-

697 635 828 703 pter
853 629 1117 700 ipsorum
1152 628 1614 701 impudentiam.

770 718 1058 773 Vers.5t.
1121 718 1299 785 Quem
1367 748 1435 756 —
1495 716 1651 770 Vers.
1729 716 1820 772 55.
1883 730 2027 772 eum.
2097 746 2153 756 —
2222 715 2352 770 Non

698 808 1040 877 cognovisti:
1079 821 1224 868 eum,
1264 811 1465 876 utpote
1501 803 1784 876 operibus
1838 804 2004 859 illum
2039 810 2349 871 negantes.

700 896 851 951 Dicit
902 895 1062 950 enim
1119 900 1175 949 et
1228 893 1548 964 Apostolus
1593 910 1607 948 :
1663 893 2026 960 Conﬁtentur
2088 909 2148 949 se
2199 908 2354 948 nosse

701 987 909 1048 Deum,
949 985 1122 1052 factis
1152 988 1346 1038 autem
1378 989 1594 1052 negant
1624 985 1694 1039 ⁷⁷.
1724 981 1823 1036 Vel
1859 982 2038 1037 etiam
2087 997 2158 1036 eo
2188 981 2353 1053 quod

699 1089 819 1128 non
849 1072 1191 1139 agnoscatis
1215 1071 1417 1126 Filium
1473 1072 1627 1141 ejus.
1690 1070 1914 1124 Dictum
1969 1073 2056 1124 est
2116 1068 2275 1124 enim
2337 1087 2349 1124 :

698 1163 764 1218 Si
798 1177 890 1217 me
915 1161 1350 1230 eognosceretis,
1383 1161 1441 1216 et
1476 1161 1714 1215 Patrem
1766 1174 1950 1214 meum
2003 1159 2206 1230 utique
2263 1174 2354 1214 eo-

697 1253 1054 1322 gnosceretis
1109 1251 1179 1304 ⁷⁸.
1214 1249 1313 1304 Vel
1367 1265 1438 1304 eo
1494 1251 1660 1321 quod
1719 1263 1840 1302 non
1904 1247 2147 1302 ervetis
2220 1248 2350 1318 ejus

701 1354 1006 1394 sermones
1036 1358 1052 1409 ;
1087 1353 1229 1394 nam
1284 1338 1332 1393 si
1361 1337 1790 1409 cognosceretis
1820 1352 1979 1400 eum,
2012 1351 2350 1392 sermonem

701 1429 829 1500 ejus
859 1428 1188 1484 servaretis.

772 1517 932 1572 Vers.
966 1517 1054 1572 55.
1106 1517 1232 1586 Ego
1283 1520 1470 1572 autem
1528 1516 1672 1571 navi
1728 1530 1879 1570 eum.
1943 1519 2068 1570 Non
2128 1513 2348 1578 solum,

701 1623 838 1663 cum
869 1622 941 1661 ex
973 1606 1103 1678 ipso
1130 1607 1266 1669 sim,
1313 1613 1369 1660 et
1395 1604 1662 1675 ejusdem
1706 1603 2075 1666 substantias,
2123 1610 2352 1659 natura

701 1696 1067 1760 etscientire,
1102 1696 1202 1750 sed
1250 1694 1427 1750 etiam
1481 1699 1770 1766 tanquam
1825 1707 2165 1747 sermonem
2223 1692 2352 1761 ejus

702 1799 966 1842 servans.
994 1787 1139 1840 Nam
1169 1788 1226 1839 et
1256 1783 1531 1854 superius
1577 1782 1724 1836 dixit
1777 1799 1790 1836 :
1845 1783 1951 1837 Est
2005 1797 2201 1844 verax,
2251 1781 2354 1852 qui

701 1875 857 1930 misit
893 1889 999 1938 me,
1029 1888 1199 1944 quem
1230 1888 1324 1928 vos
1355 1887 1473 1928 non
1499 1871 1715 1926 nostis:
1754 1885 1857 1941 ego
1885 1885 2020 1926 vero
2043 1871 2182 1925 novi
2200 1886 2350 1936 eum,

703 1964 845 2035 quia
872 1963 946 2018 ab
973 1978 1036 2019 eo
1064 1978 1194 2018 sum
1215 1964 1286 2014 τ’.

772 2052 914 2107 Vers
969 2057 1056 2107 55.
1115 2053 1179 2107 Et
1238 2079 1307 2092 —
1354 2050 1629 2106 mendax.
1666 2050 1782 2105 Vos
1814 2049 1973 2104 enim
2023 2048 2355 2104 mentimini

703 2141 969 2197 dicentes
1010 2141 1196 2195 Deum
1249 2144 1512 2195 vestrum
1563 2155 1715 2204 esse,
1769 2155 1905 2194 cum
1963 2155 2082 2193 non
2134 2154 2357 2207 cogno-

705 2231 883 2285 scatis
921 2246 1080 2290 eum,
1125 2235 1188 2284 ut
1245 2227 1596 2300 praedictum
1655 2235 1759 2281 est.
1819 2228 2089 2282 Notitiam
2151 2232 2352 2281 autem

703 2325 759 2375 et
788 2319 1188 2388 cognitionem
1221 2318 1381 2381 dicit,
1424 2332 1599 2372 nosse
1627 2317 1993 2388 simpliciter,
2038 2323 2093 2371 et
2136 2331 2354 2387 cogno-

704 2423 865 2463 scere
917 2407 1079 2480 quod
1139 2408 1209 2462 sit
1269 2407 1424 2460 Deus
1476 2411 1532 2459 et
1589 2405 1771 2466 Pater,
1829 2421 1946 2458 non
2035 2406 2183 2460 scire
2255 2408 2352 2460 Dei

701 2503 997 2553 naturam.
1032 2499 1175 2552 Nam
1203 2497 1336 2566 ipsa
1373 2510 1491 2549 non
1535 2495 1732 2548 solum
1795 2495 2075 2562 cognosci
2131 2495 2349 2565 nequit,

704 2601 906 2642 verum
936 2586 1111 2640 etiam
1143 2585 1389 2639 omnino
1447 2582 1892 2650 inintelligibilis
1941 2590 2028 2638 est
2079 2591 2132 2638 et
2188 2585 2353 2638 inac-

703 2674 1012 2740 cessibilis,
1042 2689 1150 2728 nec
1189 2678 1406 2727 tantum
1440 2671 1806 2738 hominibus,
1867 2673 1972 2726 sed
2023 2678 2078 2728 et
2107 2672 2356 2728 caelesti-

704 2763 814 2818 bus
853 2762 1184 2817 virtutibus.

776 2851 941 2906 Vers.
975 2851 1062 2906 56.
1123 2850 1233 2906 Sed
1286 2881 1351 2889 —
1407 2865 1596 2906 servo.
1653 2849 1850 2914 Vides,
1884 2849 2045 2922 quod
2104 2851 2204 2906 Dei
2235 2866 2353 2906 ser-

702 2955 946 2996 monem
1006 2955 1261 3004 servare,
1315 2939 1553 3008 signum
1609 2939 1678 2994 sit
1732 2938 1897 3011 quod
1959 2939 2096 3011 quis
2165 2942 2349 2995 Deum

702 3035 1044 3098 cognoscat.
1078 3029 1422 3084 Timeamus
1453 3028 1649 3095 igitur,
1699 3028 1862 3100 quod
1895 3029 1991 3084 Dei
2056 3037 2353 3098 praecepta

701 3133 823 3174 non
855 3134 1180 3183 servamus,
1237 3124 1521 3188 tanquam
1553 3134 1692 3173 cum
1721 3165 1724 3168 .
1749 3118 1834 3172 eis
1889 3118 2213 3189 constituti,
2246 3117 2352 3190 qui

704 3207 890 3262 Deum
925 3208 1218 3276 ignorant.
1253 3207 1473 3262 Deinde
1518 3206 1746 3279 probat,
1796 3206 1960 3278 quod
2007 3208 2201 3278 major
2254 3207 2348 3273 sit,

701 3311 886 3369 quam
914 3297 1239 3352 Abraham.

774 3385 934 3442 Vers.
1015 3390 1099 3441 56.
1143 3386 1448 3442 Abraham
1506 3416 1574 3426 —
1626 3401 1837 3442 meum.
1896 3415 1967 3429 —
2017 3386 2352 3443 Exsultavit

701 3474 828 3530 sive
880 3474 1240 3546 concupivit.
1274 3474 1435 3530 Diem
1476 3478 1668 3529 autem
1734 3489 1914 3529 suum
1993 3474 2137 3531 dicit
2188 3473 2352 3531 diem

699 3579 1018 3636 passionis.

771 3652 933 3708 Vers.
994 3656 1080 3707 56.
1135 3652 1208 3706 Et
1266 3651 1437 3716 vidit,
1497 3657 1552 3707 et
1620 3652 1858 3720 gavisus
1927 3658 2033 3709 est.
2092 3652 2350 3709 Gavisus

700 3745 788 3794 est
812 3747 1047 3812 propter
1100 3739 1346 3795 salutem
1403 3739 1632 3794 mundi.
1704 3741 2116 3808 Prtecognovit
2183 3758 2350 3797 nam-

699 3843 817 3900 que
858 3829 1211 3900 mysterium
1252 3829 1652 3884 crucitixionis
1697 3831 1930 3885 Christi.
1988 3831 2352 3887 Desideravit

700 3917 901 3971 videre
940 3917 1098 3971 diem
1163 3917 1350 3988 ipsius
1389 3925 1440 3972 et
1485 3918 1626 3972 vidit
1675 3918 1839 3973 illum
1894 3919 2346 3990 prmﬁguratum

699 4005 1226 4068 etadumhratum,
1278 4006 1334 4061 in
1386 4005 1480 4060 die
1533 4022 1656 4076 quo
1705 4006 1891 4062 tilium
1943 4025 2119 4063 suum
2181 4009 2349 4066 Isaac

698 4094 911 4150 obtulit
949 4095 1007 4149 in
1033 4094 1471 4150 holocaustum.
1521 4095 1722 4150 Didicit
1763 4098 1943 4160 enim,
1990 4099 2148 4168 quod
2201 4100 2350 4155 sicut

699 4185 828 4255 ipse
879 4199 996 4238 non
1070 4185 1332 4255 pepercit
1378 4201 1488 4238 suo
1549 4186 1763 4239 dilecto
1836 4195 2078 4257 pr0pter
2135 4189 2346 4255 Deum,

2465 541 2698 604 Φανερώς
2754 539 2851 609 γὰρ
2879 543 2967 587 νῦν
3000 535 3093 588 οὐκ
3125 532 3230 589 εἶπε
3261 544 3412 589 τοῦτο
3439 533 3472 589 δ
3478 541 3532 590 ια
3561 542 3644 596 τὴν
3678 537 3950 612 ἁναισχυντίτι

2466 625 2633 676 αὐτῶν
2643 665 2655 677 .

2534 713 2628 766 ’ον
2688 744 2756 756 -
2812 713 2988 766 αὑτὸν.
3050 745 3118 756 -
3159 714 3270 767 Οὐκ
3327 714 3576 787 ἐγνώκατε
3630 717 3785 782 αὐτὸν,
3819 723 3950 784 iamsi;

2463 807 2630 877 ἔργοις
2677 802 2976 875 ἀρνούμενοι
3024 803 3196 856 αὐτόν.
3253 810 3387 863 Φησὶ
3444 808 3548 877 γὰρ
3598 810 3682 856 καὶ
3730 808 3950 860 614mm-

2462 892 2543 950 λος
2625 894 2704 943 ὅτι
2751 897 2880 944 Θεόν
2937 893 3279 965 ὁμολογοῦσιν
3335 891 3553 961 εἰδέναι,
3604 901 3705 957 τοῖς
3759 893 3806 949 δε
3855 903 3952 970 ἓργςις

2466 977 2760 1050 ἀρνοῦνται.
2826 981 2892 1034 Ἦ
2950 987 3035 1034 καὶ
3096 986 3160 1043 ὡς
3211 987 3282 1056 μὴ
3339 982 3610 1054 ὶγνωκότες
3657 990 3736 1035 τὸν
3784 989 3872 1038 Υἱόν
3904 1009 3951 1038 πμ

2463 1077 2576 1122 τοῦ.
2631 1076 2914 1142 Προείρηκε
2977 1075 3079 1146 γὰρ
3143 1075 3222 1124 ὃτι
3280 1073 3339 1125 Ei
3414 1071 3502 1145 ἔμε
3581 1069 3761 1145 ᾔδειτε,
3808 1083 3874 1128 καὶ
3909 1098 3949 1128 ττι

2465 1163 2672 1229 Πατέρα
2732 1179 2833 1229 μου
2891 1156 3067 1232 ᾔδειτε
3122 1161 3201 1213 οἷν.
3266 1161 3330 1214 Ἦ
3393 1164 3458 1222 ὡς
3516 1168 3588 1233 μὴ
3652 1171 3875 1233 τηροῦντες
3909 1175 3950 1217 τῇ

2463 1245 2614 1316 λόγον
2637 1248 2818 1300 αὐτοῦ·
2852 1248 2896 1301 τί
2917 1252 3018 1321 γὰρ
3053 1247 3228 1321 ᾔδειτε
3258 1251 3433 1315 αὐτὸν,
3458 1249 3683 1325 ἓτηρείτε
3709 1251 3762 1303 ἄν
3783 1257 3848 1305 τὸν
3870 1255 3949 1326 ialm-

2465 1355 2646 1391 αυτου.

2538 1514 2672 1585 Ἐγὼ
2703 1511 2762 1567 δε
2793 1512 2918 1567 οῖδα
2957 1517 3131 1572 αὐτόν.
3179 1520 3254 1570 Οῦ
3284 1523 3436 1590 μόνον
3483 1520 3552 1579 ὡς
3581 1518 3633 1581 ἐξ
3662 1519 3798 1570 αὑτοῦ
3820 1528 3881 1571 καὶ
3905 1531 3951 1575 re;

2464 1604 2623 1664 αὐτῆς
2652 1604 2839 1666 οὐσίας
2867 1610 2956 1656 καὶ
2983 1609 3182 1678 φύσεως
3211 1613 3300 1660 καὶ
3326 1614 3573 1679 γνώσεως
3602 1613 3686 1672 ὦν,
3716 1607 3821 1660 ἀλλὰ
3850 1614 3950 1668 ms;

2463 1697 2549 1744 τόν
2570 1693 2718 1764 λόγον
2745 1693 2905 1745 αὐτοῦ
2932 1704 3121 1765 τηρῶν.
3159 1701 3258 1749 Καὶ
3289 1697 3461 1749 ὀπίσω
3495 1695 3556 1750 δι
3588 1694 3734 1762 εἶπεν,
3769 1701 3829 1750 ὁτι
3851 1701 3949 1749 Ἕςτςν

2464 1783 2662 1842 ἀληθὴς
2836 1785 2862 1834 ὁ
2885 1783 3093 1855 πέμψας
3129 1803 3212 1856 με,
3244 1786 3298 1837 ὃν
3343 1787 3492 1857 ὑμεῖς
3526 1786 3622 1839 οῦκ
3645 1784 3817 1856 οἴδατε,
3846 1785 3948 1857 ipsa

2464 1867 2588 1924 οἶδα
2620 1871 2795 1942 αὑτὸν,
2831 1874 2907 1924 ὅτι
2940 1874 3064 1947 παρ’
3096 1874 3256 1928 αὑτοῦ
3287 1875 3420 1948 εἰμι,

2541 2054 2640 2101 Καὶ
2696 2080 2764 2091 -
2820 2050 3070 2121 ψεύστης.
3128 2049 3390 2106 Ψεύδεσθε
3451 2057 3561 2125 γὰρ
3635 2055 3766 2126 ὑμεῖς
3820 2055 3946 2124 irjsrz;

2466 2139 2688 2208 6?:(67)
2743 2143 2867 2199 Θεὸς
2917 2141 3059 2212 ὑμῶν
3114 2140 3272 2202 ἔστιν,
3316 2143 3374 2194 οῦ
3425 2145 3535 2215 γὰρ
3602 2142 3824 2214 Eruantur;
3855 2145 3941 2194 altu.

2467 2232 2536 2289 ὡς
2591 2235 2916 2304 προείρηται.
2977 2228 3198 2289 Είδησιν
3273 2229 3332 2285 δε
3396 2239 3489 2286 καὶ
3563 2239 3750 2306 γνῶσίν
3804 2254 3940 2304 τεςιττ

2467 2316 2658 2371 εἰδέναι
2683 2325 2770 2372 καὶ
2801 2327 3076 2390 γινώσκειν
3106 2321 3275 2382 ἁπλῶς
3305 2324 3384 2374 ὅτι
3413 2321 3534 2375 ἐστὶ
3580 2327 3702 2385 Θεὸς
3732 2331 3806 2373 καὶ
3840 2330 3940 2376 [1m

2465 2407 2524 2460 οὐ
2564 2412 2666 2478 μὴν
2707 2413 2800 2465 τὴν
2833 2409 2944 2478 (68)
2975 2417 3070 2469 τῆς
3101 2412 3300 2481 φύσεως
3347 2417 3440 2462 τοῦ
3493 2419 3653 2465 Θεοῦ.
3699 2414 3816 2469 Αὕτη
3844 2432 3934 2483 71;;

2466 2502 2617 2568 μόνον
2666 2498 2947 2568 ἄγνωστος,
3004 2497 3131 2550 ἀλλὰ
3181 2505 3269 2551 καὶ
3321 2500 3590 2564 παντελῶς
3643 2499 3926 2557 immersit!

2467 2583 2888 2658 ἀνεπιχείρητος,
2920 2592 3009 2638 καὶ
3040 2587 3099 2638 ού
3129 2592 3282 2659 μόνον
3313 2587 3633 2662 ἀνθρώποις,
3677 2589 3792 2643 ἀλλὰ
3813 2599 3862 2641 κε
3879 2596 3922 2643 7i;

2466 2674 2727 2747 οὐρανίαις
2768 2672 3072 2748 δυνάμεσιν.

2539 2852 2678 2907 Ἀλλ’
2701 2884 2770 2894 -
2798 2862 2960 2928 τηρῶ.
2984 2859 3136 2925 Ὁρᾷς
3153 2856 3232 2906 ὃτι
3253 2857 3311 2906 τὸ
3339 2857 3424 2908 τὸν
3447 2855 3605 2928 λόγον
3632 2865 3719 2910 τοῦ
3745 2864 3846 2911 Θεοῦ
3861 2861 3946 2926 tisi)

2469 2947 2682 3014 σημεῖον
2709 2942 2825 2994 ίοτι
2849 2951 2938 2994 τοῦ
2967 2939 3158 2995 εἰδέναι
3185 2943 3360 2996 αὐτόν.
3380 2945 3705 3019 Φαϐηθῶμεν
3729 2948 3950 2998 τοίνντςέτι.

2466 3031 2666 3091 ἐντολὰς
2695 3037 2785 3082 τοῦ
2822 3035 2949 3084 Θεοῦ
2979 3035 3051 3102 μὴ
3100 3031 3460 3102 φυλάττοντες,
3494 3036 3569 3095 ὡς
3601 3039 3860 3106 ταττόμενοι
3890 3050 3951 3098 gn?!

2465 3129 2564 3172 τῶν
2597 3119 2915 3192 ἀγνοούντων
2960 3124 3046 3172 τὸν
3087 3126 3234 3175 Θεὸν.
3279 3119 3404 3175 Εἶτα
3443 3125 3811 3185 κατασκευάζει
3839 3133 3895 3172 ut
3921 3123 3954 3168 ir:

2464 3210 2655 3281 μείζων
2688 3209 2801 3261 ἐστὶ
2830 3217 2921 3261 τοῦ
2955 3208 3213 3283 Ἁϐραάμ..

2539 3297 2775 3372 Ἀϐραὰμ
2833 3329 2901 3338 -
2957 3297 3099 3370 ἀμήν.
3164 3330 3232 3339 -
3293 3299 3700 3372 Ἥγαλλιοίσατο,
3748 3306 3870 3372 ἤγοω
3904 3297 3956 3348 ire

2465 3389 2718 3459 θύμησεν.
2793 3386 3038 3461 [Ἠμίραν
3109 3389 3222 3459 (69)
3277 3386 3335 3442 δε
3407 3390 3574 3444 αὑτοῦ
3633 3391 3760 3464 λέγει
3815 3395 3881 3447 τὴν
3915 3395 3954 3437 tu;

2466 3484 2717 3550 σταυροῦ.

2536 3660 2635 3709 Καὶ
2693 3651 2820 3718 εἶδε,
2869 3660 2956 3707 καὶ
3010 3655 3203 3730 ἕχοίρη.
3264 3656 3466 3731 Ἐχάρη
3519 3654 3616 3711 διὰ
3662 3663 3749 3718 τὴν
3791 3660 3959 3725 suntin

2459 3753 2552 3797 τοῦ
2600 3749 2822 3816 κόσμου.
2873 3749 3131 3817 Προγνούς
3172 3748 3272 3818 γὰρ
3325 3749 3384 3798 τὸ
3440 3753 3731 3821 μυστήριον
3779 3755 3961 3805 ticam-

2460 3839 2668 3906 ρώσεως
2711 3841 2802 3884 τοῦ
2867 3841 3100 3906 Χριστοῦ
3151 3832 3496 3908 ἇπεθύμησεν]
3558 3834 3686 3890 ἰδεῖν
3735 3842 3814 3893 τήν
3844 3837 3961 3904 ὴμιίι

2461 3923 2642 3988 αὐτοῦ,
2704 3927 2794 3975 καὶ
2843 3919 2975 3975 εἶδεν
3025 3923 3180 3981 αὐτὴν
3240 3922 3260 3995 [
3313 3927 3867 4000 προσαιαγραφηθεῑσαν
3901 3925 3952 3987 (Tt!

2459 4011 2572 4083 καὶ]
2602 4007 3024 4063 διατυπωθεῑσαν
3055 4010 3102 4062 ἄν
3145 4019 3206 4083 τῇ
3255 4015 3423 4084 ἡμέρᾳ
3452 4015 3573 4066 καθ’
3606 4019 3666 4073 ἣν
3696 4013 3892 4082 ἀνήνεγκε

2461 4104 2572 4152 υίόν
2612 4100 2771 4152 αὐτοῦ
2819 4119 2905 4151 τον
2935 4101 3119 4153 Ἰσαὰκ
3172 4101 3245 4161 εἰς
3295 4100 3678 4174 όλοκάρπωσιν.
3723 4102 3878 4172 Ἐμαθε
3909 4101 3961 4166 νέω

2462 4193 2563 4256 ὅτι,
2613 4192 2785 4258 ὧσπερ
2835 4188 2985 4249 αὐτὸς
3035 4189 3128 4241 οὐκ
3167 4192 3404 4261 ἐφείσατς
3461 4201 3556 4244 τοῦ
3606 4194 3718 4244 υἱοῦ
3767 4191 3960 4242 circite.

698 4273 778 4328 ita
816 4288 1011 4344 neque
1051 4273 1201 4328 Deus
1245 4275 1574 4344 parciturus
1629 4280 1784 4330 esset
1848 4275 1989 4331 Filio
2043 4293 2154 4332 suo
2204 4278 2312 4332 dile

2345 4308 2351 4318 -
2387 4263 2428 4317 D
2465 4278 2738 4349 ἀγαπητοῦ
2775 4273 2867 4329 διὰ
2906 4281 2991 4329 τόν
3031 4280 3180 4344 Θεὸν,
3231 4279 3392 4340 οὕτως
3434 4277 3561 4334 οὐδε
3613 4281 3639 4332 ὁ
3676 4282 3783 4340 Θεὸς
3815 4282 3959 4349 quam:

699 4369 793 4418 cto
825 4371 1064 4434 propter
1089 4363 1415 4418 hominem.
1454 4365 1517 4418 Et
1542 4363 2061 4434 quemadmodum
2093 4366 2191 4420 ille
2218 4383 2349 4436 por-

698 4453 841 4508 tavit
880 4451 1037 4523 ligna
1071 4451 1398 4506 holocausli
1465 4452 1573 4520 sui,
1642 4454 1719 4507 ita
1771 4459 1826 4507 et
1855 4455 1979 4524 ipse
2013 4461 2351 4525 portaturus

698 4546 852 4595 esset
887 4541 1120 4610 lignum
1161 4541 1364 4596 mortis
1403 4556 1546 4595 sum.
1592 4543 2030 4608 Verumtamen,
2066 4544 2214 4599 sicut
2253 4544 2350 4599 illo

698 4645 815 4684 non
858 4646 1040 4701 passo
1073 4629 1414 4701 suppositus
1446 4635 1530 4684 est
1570 4630 1722 4685 aries
1761 4647 1772 4685 :
1808 4630 1888 4686 ita
1946 4636 2003 4687 et
2054 4631 2168 4687 hoc
2220 4650 2352 4689 ma-

697 4724 876 4773 nente
906 4718 1281 4791 impassibili,
1312 4717 1660 4774 humanitas
1686 4721 1815 4789 ejus
1839 4720 2036 4775 occisa
2055 4722 2351 4786 εει.ουοά

702 4806 752 4860 si
777 4805 934 4862 diem
966 4808 1094 4877 ejus
1123 4807 1325 4862 videre
1355 4806 1730 4872 desideravit,
1773 4807 1980 4880 utique
2027 4809 2140 4865 hoc
2202 4816 2346 4881 erat,

701 4897 991 4965 tanquam
1032 4896 1304 4966 majoris.

773 5107 1118 5176 "Tit.l,16.
1219 5109 1727 5180 "Joan.vui,19.
1805 5113 2165 5179 "Joan.vn,
2194 5118 2281 5171 26.

2463 4376 2553 4420 τοῦ
2586 4369 2708 4419 Υἰοῦ
2738 4366 2896 4418 αὐτοῦ
2936 4373 3026 4418 τοῦ
3056 4364 3331 4437 ἀγαπητοῦ
3373 4364 3466 4420 διὰ
3493 4372 3580 4421 τὸν
3626 4370 3874 4441 ἄνθρωπον.
3908 4369 3955 4414 Er

2464 4460 2636 4527 ὥσπερ
2713 4455 2861 4516 οὗτος
2909 4453 3166 4507 ἐϐάστασε
3216 4459 3281 4507 τὰ
3327 4456 3452 4519 ξύλα
3507 4466 3608 4520 τῆς
3662 4457 3955 4528 clamarem;

2466 4547 2643 4609 αὑτοῦ,
2686 4546 2820 4596 οὕτω
2847 4542 3080 4605 κάκεῖνος
3128 4542 3387 4616 βαστάσει
3417 4549 3470 4598 τὸ
3499 4546 3650 4609 ξύλον
3691 4554 3773 4599 τοῦ
3820 4545 3950 4595 θανετει

2461 4636 2638 4687 αὐτοῦ.
2696 4633 2831 4690 Πλὴν
2884 4634 3117 4704 καθάπερ
3178 4636 3363 4686 Ψούτου
3427 4639 3692 4706 μείναντος
3744 4633 3948 4687 intericit:

2460 4725 2604 4794 κριὸς
2656 4720 2834 4786 ἐτύθη,
2902 4721 3036 4773 οὕτω
3087 4720 3323 4775 κάκείνου
3394 4727 3634 4794 μένοντος
3699 4723 3886 4777 ἀπαθοῦς
3924 4733 3946 4762 π

2461 4811 2776 4885 ἀνθρώπινον
2843 4810 3002 4863 αὑτοῦ
3071 4812 3558 4882 σφαγιασθήσεται.
3640 4813 3698 4866 Εἰ
3763 4808 3814 4864 δι
3856 4807 3944 4860 isti?

2459 4919 2624 4972 μησεν
2673 4895 2802 4952 ἰδεῖν
2853 4904 2946 4958 τήν
3005 4900 3200 4972 ἡμέραν
3262 4899 3442 4971 αὑτοῦ,
3505 4904 3578 4964 ὡς
3626 4902 3838 4974 μείζονος
3883 4914 3937 4946 τεν

2459 5009 2578 5050 τως.

1923 5290 2138 5360 Variae
2176 5291 2505 5360 lectiones
2549 5302 2614 5360 et
2656 5300 2854 5359 nota.

771 5447 883 5524 (66)
919 5447 982 5504 In
1025 5451 1323 5524 contextu,
1352 5447 1468 5524 illo;
1496 5448 1556 5504 in
1592 5449 1720 5524 loco
1764 5450 1946 5524 codd.
1999 5452 2348 5524 Eutliymius

700 5517 954 5594 habenti
978 5518 1288 5594 vulgatum
1343 5519 1623 5594 ἀληθινός.
1666 5522 1778 5594 Sed
1830 5517 2349 5594 Chrysost.'refert

703 5589 1081 5665 ἀληθῄςριηοω.
1116 5590 1254 5656 vm,
1277 5607 1344 5665 _p.
1377 5593 1500 5662 294,
1525 5593 1650 5660 295,
1683 5589 2014 5665 aliquoties.

769 5663 883 5732 (67)
907 5660 966 5714 '0
995 5660 1314 5733 interponit
1343 5668 1409 5718 Δ.

770 5733 882 5805 (68)
949 5739 1054 5792 Τήν
1136 5732 1304 5790 abest
1378 5740 1443 5790 A.
1534 5732 1801 5790 Refertur
1866 5734 1936 5791 ad
2004 5733 2209 5796 εἴδησιν
2258 5742 2346 5792 καὶ

2458 5461 2670 5525 γνῶσιν.

2531 5526 2643 5594 (69)
2685 5523 2913 5578 Inclusa
2937 5522 3157 5578 absunt
3184 5524 3250 5576 Α.

2531 5580 2642 5666 (70}
2684 5595 2921 5651 Inclusa
2953 5594 3175 5651 absunt
3213 5598 3278 5650 Α.
3313 5595 3531 5652 Ibidem
3564 5596 3774 5668 legitur,
3807 5580 3929 5664 suis

2461 5668 2807 5720 θυπωθείσαν.
