4088 6444
153 348 313 406 1305
1256 347 1602 405 COMMENT
1641 349 1710 405 IN
1747 387 1755 402 .

1886 349 2097 405 NNEM.
2139 379 2207 390 —
2244 349 2401 404 CAP.
2446 346 2542 405 IX.
3396 348 3535 406 1306

236 481 345 530 Καὶ
375 507 444 516 —-
471 473 700 548 ἕὼρακας
725 491 740 542 ;
766 473 953 548 ’ῼοντο
979 475 1082 548 γὰρ
1113 474 1266 527 αὑτὸν
1297 473 1452 546 ἔγγὺς
1479 471 1608 528 εἶναι
1647 494 1755 527 πεν·

1948 475 2111 529 Vers.
2146 476 2233 529 57.
2261 473 2434 528 Et—
2483 473 2684 530 vidisti
2736 471 2765 528 7
2817 471 3114 528 Putabant
3177 471 3336 528 enim
3393 489 3532 529 eum

153 571 398 624 τήκοντα
447 564 568 616 ἐτῶν
618 561 712 617 διὰ
761 569 855 621 τὴν
911 564 1247 636 πολυπειρίαν
1303 564 1484 618 αὐτοῦ.
1530 565 1659 617 Τινὰ
1707 559 1755 615 δὲ

1886 561 2059 619 ferme
2115 577 2247 618 esse
2297 562 2905 635 quinquagenarium,
2985 565 3226 633 propter
3279 561 3531 618 multam

1875 653 2008 724 ejus
2051 653 2324 724 peritiam
2375 657 2430 708 et
2475 652 2920 724 experientiam.
2992 651 3275 716 Quaedam
3331 657 3531 707 autem

1877 741 2242 813 exemplaria
2311 740 2550 806 habent,
2601 740 3030 812 quadraginta,
3075 739 3252 813 .quod
3301 740 3534 796 videtur

1875 845 2003 886 esse
2033 831 2244 886 verius.

1947 919 2107 974 Vers.
2187 923 2272 975 58.
2328 919 2499 975 Dixit
2564 949 2633 958 -—
2698 921 3192 990 sum.Tanquam
3238 919 3411 973 Deus.
3469 919 3534 974 Et

1874 1023 1990 1064 non
2043 1008 2210 1072 dixit,
2274 1011 2394 1078 Ego
2435 1023 2599 1064 eram
2642 1008 2819 1079 ;sed,
2870 1008 2996 1078 Ego
3020 1023 3168 1075 sum,
3226 1008 3325 1078 qui
3379 1023 3536 1063 sem-

1872 1113 1980 1168 per
2010 1115 2166 1153 sum.
2198 1099 2338 1154 Fieri
2367 1098 2658 1170 siquidem
2689 1098 2771 1153 rei
2803 1102 3014 1153 creatas
3044 1101 3163 1164 est;
3193 1098 3338 1154 Sum
3370 1113 3531 1161 vero,

1871 1186 2148 1243 increatae
2210 1193 2266 1242 et
2293 1193 2524 1243 creatm.

1944 1278 2106 1332 Vers.
2142 1277 2226 1332 59.
2269 1278 2560 1333 Tuterunt
2597 1309 2660 1317 —
2692 1292 2840 1332 eum.
2865 1276 3112 1333 Veloces
3176 1275 3254 1332 ad
3284 1275 3528 1332 caedem.

1874 1367 2212 1437 Exasperati
2245 1372 2384 1422 sunt
2436 1367 2594 1422 enim
2645 1372 2922 1435 putantes
2969 1365 3187 1435 injuria
3251 1364 3529 1422 affectum

1873 1472 2005 1511 esse
2062 1456 2366 1512 Abraham
2419 1473 2432 1509 :
2475 1455 2650 1511 simul
2699 1456 2895 1521 etiam,
2955 1455 3056 1511 ubi
3110 1455 3532 1526 cognovissent

1873 1545 2038 1618 quod
2068 1545 2166 1600 Dei
2197 1545 2577 1600 aeternitatem
2613 1545 2724 1600 sibi
2756 1545 3102 1600 vindicaret.

1945 1635 2110 1690 Vers.
2141 1636 2232 1692 59.
2263 1637 2423 1690 Jesus
2462 1641 2655 1690 autem
2679 1635 3009 1690 occultatus
3049 1640 3151 1689 est.
3181 1634 3291 1689 Per
3319 1634 3532 1690 divini-

1873 1726 2006 1782 tatis
2032 1725 2360 1798 potentiam
2390 1725 2699 1780 invisibilis
2751 1725 2836 1780 eis
2871 1724 3137 1780 eﬂ‘ectus.

1798 1835 1840 1889 Β
1945 1815 2110 1870 Vers.
2137 1816 2226 1870 59.
2270 1815 2348 1870 Et
2378 1846 2444 1855 —
2493 1813 2720 1883 templo.
2779 1817 2847 1870 Ut
2902 1813 3140 1869 illorum
3173 1814 3407 1870 sedaret
3439 1813 3527 1869 fu-

1874 1919 2068 1960 rorem
2079 1945 2091 1956 .

1946 1995 2110 2050 Vers.
2137 1999 2222 2050 59.
2258 1993 2657 2050 Pertransiens
2702 2023 2768 2034 -
2796 1993 3058 2048 illorum.
3093 1994 3234 2049 Cum
3269 1991 3349 2048 illi
3389 2008 3526 2048 eum

1872 2083 2071 2139 videre
2115 2099 2233 2138 non
2280 2087 2549 2155 possent.
2615 2084 2679 2137 Et
2719 2098 2905 2154 quare
2937 2097 3058 2137 non
3118 2082 3382 2138 dissolvit
3413 2081 3532 2137 illo-

1870 2188 2006 2228 rum
2037 2173 2334 2237 virtutem,
2369 2178 2425 2227 et
2485 2170 2801 2227 manifeste
2875 2171 3116 2226 recessit
3161 2171 3189 2225 Ῡ
3235 2171 3379 2236 Quia
3422 2186 3531 2226 nec

1872 2262 1956 2317 sic
2005 2261 2282 2317 credituri
2355 2265 2544 2316 erant.
2622 2259 2846 2315 Etenim
2895 2265 3165 2330 tempore
3223 2260 3528 2330 passionis

1869 2352 2118 2424 supinos
2151 2351 2283 2407 illos
2313 2351 2544 2422 dejecit,
2594 2365 2925 2420 eorumque
2987 2354 3260 2420 aspectus
3316 2349 3530 2405 obscu-

1867 2443 2038 2507 ravit,
2084 2448 2140 2498 et
2186 2457 2308 2497 non
2359 2440 2756 2495 crediderunt.
2811 2442 2958 2495 Nam
3015 2438 3218 2494 anima
3268 2438 3529 2510 reproba

1868 2531 2016 2588 nihil
2044 2537 2130 2587 est
2159 2532 2332 2604 pejus
2363 2547 2375 2585 :
2407 2529 2541 2586 licet
2569 2529 2727 2585 enim
2770 2529 2945 2598 signa
2987 2528 3187 2584 videat
3224 2544 3294 2584 ac
3327 2527 3527 2600 prodi-

155 664 264 707 τῶν
323 655 434 725 (7t)
488 653 812 728 ἀντιγράφων
852 655 1246 726 τεσσαράκοντα
1285 655 1598 728 γράφουσιν,
1641 654 1764 725 ὅπερ

157 740 318 796 δοκεῖ
343 743 723 817 ἀκριϐέστερον.

235 919 392 974 Εἶπεν
445 953 512 962 -
567 921 692 983 εἰμι.
741 921 830 983 Ὠς
896 925 1044 984 Θεός.
1101 926 1201 975 Καὶ
1258 920 1352 973 οὐκ
1411 917 1568 988 εἶπεν,
1631 918 1766 990 Ἐγὼ

157 1013 329 1082 ἤμην,
408 1009 513 1062 ἀλλ’
575 1011 704 1081 Ἐγώ
757 1011 864 1083 εἰμι
906 1013 932 1062 ό
993 1009 1071 1062 ἀεὶ
1133 1015 1220 1061 ὧν.
1253 1013 1322 1062 Τό
1348 1012 1437 1075 μὲν
1485 1006 1574 1060 οὖν
1631 1012 1767 1079 γενέ-

159 1101 296 1152 σθαι
357 1103 707 1152 κτιστοῡ’τό
801 1096 860 1152 δε
925 1099 1045 1172 Εἰμὶ
1125 1097 1376 1151 ἁκτίστου
1425 1099 1442 1170 [
1498 1103 1587 1151 καὶ
1649 1099 1764 1169 (⁸72)

155 1193 386 1241 κτίστου

235 1277 406 1353 Ἦραν
444 1305 498 1318 --
547 1277 725 1329 αὐτόν.
783 1280 848 1330 Οἱ
883 1284 1066 1350 ταχεῖς
1105 1280 1232 1350 πρὸς
1261 1281 1408 1349 φόνον
1439 1298 1451 1310 ·
1483 1276 1763 1350 Ἠγρίαναν

155 1369 267 1439 γὰρ
319 1363 564 1430 δόξαντες
614 1365 930 1439 ὑϐρισθῆναι
972 1371 1059 1418 τόν
1118 1365 1354 1441 Ἀϐρααμ
1397 1383 1409 1394 ⁸
1444 1366 1554 1438 ἅμα
1583 1363 1642 1419 δὲ
1674 1370 1763 1418 καὶ

155 1462 373 1526 γνόντες
402 1457 481 1509 ὅτι
511 1451 790 1514 ἀιδιότητα
829 1464 961 1510 Θεοῦ
986 1457 1314 1529 περιτίθησιν
1341 1455 1524 1526 ἑαυτῷ.

237 1634 448 1696 Ἰησοῦς
505 1631 564 1688 δε
611 1633 826 1708 ἐκρύϐη.
873 1635 1122 1708 Ἀόρατος
1180 1633 1358 1695 αὐτοῖς
1418 1637 1641 1692 κατέστη
1696 1641 1757 1705 τῇ

155 1724 382 1797 ἐξουσίᾳ
411 1732 502 1785 τῆς
541 1726 801 1785 θεότητος.

238 1817 341 1867 Καὶ
375 1816 533 1888 ἱεροῦ.
559 1819 670 1866 Ἵνα
697 1812 1002 1872 κατασταλῆ
1037 1815 1062 1866 ὁ
1096 1815 1258 1885 θυμός
1286 1813 1475 1868 αὐτῶν.

234 1991 453 2044 Διελθὼν
483 2023 551 2032 --
580 1992 770 2044 αὐτῶν.
825 1997 911 2051 Μὴ
957 1991 1255 2064 ἰσχυόντων
1287 1988 1416 2044 ἰδεῖν
1456 1991 1628 2046 αὐτόν.
1666 1998 1762 2048 Καὶ

155 2079 314 2135 διατί
365 2081 459 2133 οὐκ
516 2080 748 2144 ἕξέλυσεν
779 2081 946 2134 αὐτῶν
986 2086 1080 2139 την
1130 2077 1351 2152 δύναμιν
1395 2085 1484 2134 καὶ
1541 2089 1768 2153 φανερῶς

156 2169 470 2243 ἀνεχώρησε
491 2187 504 2236 ;
539 2176 680 2223 Διότι
696 2173 805 2223 οὔθ’
829 2171 988 2232 οὕτως
1010 2169 1212 2242 ἔμελλον
1241 2172 1524 2224 πιστεύειν.
1547 2173 1760 2243 Καὶγὰρ

156 2261 211 2313 ἐν
241 2269 312 2330 τῷ
340 2268 506 2334 καιρῷ
537 2268 630 2312 τοῦ
690 2262 894 2321 ῐιάθους
939 2262 1152 2320 ὑπτίους
1184 2261 1296 2329 (73)
1349 2259 1532 2320 αὐτοὺς
1561 2259 1756 2334 ἔρριψε,

156 2356 254 2402 καὶ
283 2353 378 2402 τὰς
398 2349 538 2420 ὄψεις
569 2349 737 2401 αὐτῶν
759 2347 1020 2413 ὶσκότισε,
1061 2354 1150 2401 καὶ
1181 2349 1273 2401 οὐκ
1304 2347 1634 2403 ἐπίστευσαν.
1657 2349 1758 2401 Οὗ-

159 2434 252 2490 δεν
282 2440 380 2510 γὰρ
412 2445 590 2510 χεῖρον
620 2436 809 2509 ψυχῆς
841 2436 1219 2508 ἀπεγνωκυίας.
1278 2435 1383 2490 Κᾶν
1430 2440 1530 2510 γὰρ
1566 2444 1760 2508 σημεῖα

155 2523 282 2600 ἴδη,
309 2525 403 2579 κᾶν
433 2531 642 2602 τέρατα,
673 2531 809 2600 μένει
839 2531 932 2586 τὴν
959 2527 1120 2585 αὐτὴν
1164 2530 1369 2600 ἔχουσα
1397 2526 1550 2580 πάλιν
1577 2525 1758 2579 ἀναισ-

154 2621 405 2690 χυντίαν.
1867 2622 1982 2691 gia,
2011 2637 2179 2676 suam
2212 2625 2408 2677 tamen
2443 2634 2681 2690 semper
2710 2617 2922 2673 retinet
2950 2617 3416 2689 impudentiam.

239 2711 338 2759 Καὶ
365 2714 598 2780 παρῆγεν
619 2706 803 2768 οὕτως.
835 2705 1105 2769 Ἐϐάδιζεν
1144 2708 1321 2773 οὕτως,
1356 2712 1428 2780 μὴ
1463 2711 1755 2781 φαινόμενος

1937 2712 2102 2767 Vers.
2138 2711 2208 2766 59
2248 2711 2326 2766 Et
2356 2711 2442 2766 ita
2467 2707 2829 2780 praeteribat.
2872 2706 3240 2763 Ambulabat
3274 2707 3374 2773 ita,
3406 2721 3529 2762 non

157 2795 360 2857 αὐτοῖς.

1886 2817 2162 2874 ipparens
2197 2799 2333 2856 illis.

413 2890 558 2938 ΚΕΦ.
603 2883 655 2939 1’.
683 2889 806 2958 Περὶ
834 2893 926 2938 τοῦ
965 2885 1020 2938 ix
1057 2895 1262 2958 γενετῆς
1290 2885 1504 2958 τυφλοῦ.

2223 2891 2375 2946 CAP.
2406 2890 2471 2944 X.
2507 2890 2584 2944 De
2611 2903 2746 2943 cruce
2775 2904 2814 2942 a
2839 2887 3166 2942 nativitate.

235 2977 336 3026 Καὶ
365 3005 434 3013 -
461 2983 685 3045 γενετῆς.
713 2973 934 3027 Βεϐαιών
964 2974 1000 3027 ἂ
1029 2972 1156 3040 εἶπε,
1187 2980 1276 3028 καὶ
1305 2977 1644 3046 πιστούμενος
1677 2977 1755 3027 ὅτι

1937 2981 2075 3053 Cap.
2125 2981 2223 3035 IX.
2281 2980 2422 3035 Vers
2459 2985 2505 3033 l.
2557 2979 2633 3033 Et
2676 3007 2746 3017 --
2776 2977 3106 3032 nativitate.
3159 2973 3531 3030 Conﬁrman~

159 3067 286 3123 Θεὸς
334 3061 495 3128 ἔστιν,
553 3063 702 3123 εὐθὺς
732 3065 946 3137 ἔρχεται
993 3063 1077 3116 ἐπὶ
1132 3065 1308 3135 θαῦμα
1358 3068 1627 3135 μέγιστον,
1667 3068 1755 3114 καὶ

1886 3069 1964 3133 lo,
2013 3068 2178 3141 quod
2242 3069 2490 3132 dixerat,
2545 3067 2849 3137 ﬁdemque
2879 3065 3124 3130 faciens,
3163 3063 3329 3136 quod
3373 3064 3529 3119 Deus

159 3159 316 3220 μήπω
400 3156 566 3224 μέχρι
614 3157 729 3204 τότε
782 3157 1069 3224 γενόμενον.
1128 3150 1322 3224 Τυφλοὶ
1369 3156 1458 3224 μὶν
1509 3156 1610 3226 γὰρ
1667 3157 1755 3204 καὶ

1886 3163 2022 3213 esset
2061 3158 2259 3212 statim
2333 3157 2496 3212 venit
2547 3156 2621 3210 ad
2670 3153 3026 3209 miraculum
3081 3154 3437 3217 maximum,
3471 3158 3530 3208 et

160 3240 306 3293 ἄλλοι
365 3239 642 3310 ἀνέϐλεψαν
686 3256 698 3269 ·
741 3239 930 3311 τυφλός
984 3237 1043 3293 δὲ
1101 3239 1148 3292 ἐν
1195 3250 1402 3312 γενετῆς
1433 3242 1543 3311 (74)
1583 3237 1754 3301 οὐδεὶς

1886 3263 2055 3318 isque
2086 3247 2160 3302 ad
2192 3246 2248 3300 id
2279 3245 2563 3317 temporis
2593 3257 2910 3313 nunquam
2943 3241 3185 3297 factum.
3219 3241 3526 3313 Siquidem

159 3332 293 3403 ἄχρι
312 3337 446 3384 τότε.
487 3333 574 3382 Διό
603 3333 692 3380 καὶ
719 3327 1007 3399 ἀναϐλέψας
1038 3328 1204 3400 ἔλεγεν
1255 3349 1267 3361 ·
1303 3330 1389 3382 Ἐκ
1420 3337 1510 3382 τοῦ
1569 3330 1755 3390 αἰῶνος

1886 3340 1922 3390 rt
1967 3335 2064 3390 alii
2105 3334 2245 3390 caeci
2287 3334 2482 3388 visum
2537 3336 2905 3401 receperunt,
2947 3346 3153 3385 verum
3187 3329 3287 3402 qui
3340 3346 3374 3385 a
3423 3345 3527 3386 na-

159 3420 250 3472 οὐκ
281 3420 518 3477 ἠκούσθη
543 3419 624 3470 ὅτι
670 3417 840 3480 ἤνοιξὲ
865 3437 940 3478 τις
978 3417 1271 3490 ὀφθαλμοὺς
1299 3419 1491 3490 τυφλοῦ
1519 3437 1754 3490 γεγεννη-

1887 3423 2086 3479 ivitate
2139 3439 2332 3479 caecus
2385 3423 2610 3488 fuisset,
2662 3419 2862 3474 nullus
2929 3433 3119 3490 usque
3151 3417 3227 3472 ad
3273 3417 3332 3472 id
3387 3421 3530 3473 tem-

1865 3530 1998 3586 pus.
2033 3513 2170 3568 ldeo
2220 3511 2420 3577 etiam,
2480 3511 2582 3582 qui
2615 3509 2811 3564 visum
2871 3508 2939 3578 (j)
2970 3507 3208 3578 recepit,
3242 3505 3479 3562 dicebat
3510 3507 3526 3549 ε

1864 3605 1912 3658 Α
1945 3601 2158 3658 saculo
2197 3616 2312 3654 non
2375 3605 2457 3655 est
2497 3599 2790 3661 auditum,
2845 3596 3001 3668 quod
3050 3594 3348 3665 aperuerit
3378 3595 3530 3667 quis.

1861 3692 2022 3762 piam
2057 3691 2247 3746 oculos
2270 3689 2404 3745 caci
2455 3688 2587 3743 nati
2634 3689 2702 3740 ⁸ο.

1937 3783 2103 3836 Vers.
2178 3783 2230 3834 2.
2289 3779 2368 3834 Et
2415 3783 2741 3833 nasceretur
2787 3775 2816 3832 ?
2881 3772 3349 3845 lnterrogabant,
3404 3788 3525 3830 non

1865 3870 2029 3942 quod
2081 3869 2192 3924 hoc
2224 3873 2327 3924 aut
2355 3867 2502 3922 illud
2530 3865 2778 3922 omnino
2801 3863 3268 3936 suspicarentur,
3327 3879 3528 3935 quem-

1865 3957 2196 4014 admodum
2264 3956 2611 4028 insipientes
2683 3953 2920 4019 Judazi;
2971 3968 3115 4008 nam
3177 3951 3338 4008 hunc
3395 3967 3530 4022 pec-

1866 4062 2053 4110 casse,
2127 4050 2453 4118 antequam
2513 4049 2690 4100 natus
2759 4046 2931 4107 esset,
2984 4040 3357 4112 impossibile
3405 4045 3529 4096 erat

1867 4152 2044 4207 porro
2070 4151 2176 4206 pro
2222 4134 2573 4205 parentibus
2641 4131 2839 4204 puniri
2873 4131 3160 4200 injustum
3202 4145 3216 4194 ;
3260 4129 3361 4184 sed
3393 4129 3527 4184 ﬁnis

157 4220 306 4282 λυτος
337 4217 430 4273 διὰ
472 4223 564 4282 τὰς
609 4221 866 4294 ἁμαρτίας
917 4223 1078 4273 αὐτοῦ
1132 4222 1357 4289 ἠσθένει,
1417 4223 1589 4282 καθὼς
1654 4221 1755 4275 ἐκεῖ

1886 4224 2161 4279 ιθνωοοίε
2215 4222 2343 4278 talis
2401 4227 2508 4277 est.
2562 4220 2926 4290 Paralyticus
2983 4217 3227 4288 quidem
3286 4221 3528 4288 propter

159 4311 528 4382 μεμαθήκαμεν
578 4329 593 4344 ο
644 4315 760 4382 περὶ
811 4313 991 4362 τούτου
1033 4307 1091 4362 δὲ
1145 4311 1257 4377 (75ὶ
1297 4315 1351 4362 τί
1402 4310 1565 4382 λέγεις
1607 4327 1621 4377 ;
1672 4315 1755 4371 Τίς

1886 4316 2113 4366 )eccata
2152 4327 2261 4366 sua
2307 4310 2660 4377 aegrotabat,
2721 4308 2870 4362 sicut
2909 4306 2990 4361 ibi
3035 4305 3356 4359 didicimus
3395 4320 3407 4360 :
3453 4304 3526 4360 de

163 4399 404 4470 ἥμαρτεν,
461 4397 607 4457 οὗτος
645 4397 675 4455 ἣ
727 4399 775 4448 οἱ
819 4405 988 4468 γονεῖς
1054 4397 1211 4448 αὐτοῦ
1269 4400 1461 4469 ςήμεῖς
1491 4399 1592 4471 γὰρ
1641 4399 1755 4450 οὔτε

1886 4417 1980 4456 loc
2013 4405 2232 4460 autem.
2303 4398 2446 4456 quid
2509 4397 2656 4452 dicis
2705 4395 2733 4450 ?
2779 4397 2916 4464 Quis
2962 4395 3242 4461 peccavit,
3302 4392 3418 4457 hic,
3449 4408 3522 4450 an

160 4491 310 4536 τοῦτο
331 4487 446 4536 όῦτε
476 4483 634 4537 ἐκεῖνο
665 4481 934 4558 δυνάμεθα
971 4483 1152 4556 λέγειν,
1189 4485 1441 4546 παντελῶς
1473 4484 1755 4560 ἐξαπορού-

1886 4495 2132 4545 verentes
2163 4491 2289 4558 ejus
2328 4486 2356 4542 ?
2406 4503 2516 4542 nos
2548 4486 2708 4540 enim
2737 4499 2931 4555 neque
2969 4482 3101 4545 hoc.
3156 4497 3351 4553 neque
3381 4480 3526 4537 illud

161 4591 320 4646 μενοι·
1866 4577 2059 4633 dicere
2112 4593 2456 4649 possumus,
2507 4574 2756 4630 omnino
2787 4570 3118 4629 conturbati
3149 4569 3523 4644 consilioque

1865 4666 2148 4723 destituti.

161 3512 334 3581 μένου.

237 3779 334 3827 Καὶ
391 3804 458 3816 —-
508 3777 727 3847 γεννηθῇ
760 3775 1086 3850 ;Ἐρωτῶσιν
1153 3775 1257 3848 οὐχ
1311 3777 1380 3837 ὡς
1429 3783 1582 3829 τοῦτο
1631 3778 1756 3829 πάν-

161 3882 256 3924 τως
311 3865 340 3922 ia
401 3865 560 3916 ἐκεῖνο
625 3863 1089 3937 ὑπολαμϐάνοντες,
1145 3867 1376 3940 καθάπερ
1432 3867 1480 3918 οἱ
1546 3864 1756 3924 ἀνόητοι

162 3949 411 4006 Ἰουδαῖοι
438 3967 453 3983 ⁸
480 3957 536 4006 τό
565 3956 657 4025 μὶν
706 3955 808 4028 γὰρ
867 3954 1114 4027 ἁμαρτεῖν
1165 3958 1264 4028 πρὸ
1325 3962 1416 4007 τοῦ
1445 3957 1756 4026 γεννηθῆναι

162 4039 436 4111 ἀδύνατον,
469 4046 526 4095 τὸ
559 4039 618 4096 δὲ
643 4045 770 4118 ὑπὲρ
801 4052 901 4094 τῶν
928 4048 1116 4114 γονέων
1161 4043 1477 4105 κολάζεσθαι
1528 4041 1714 4097 ἄδικον
1739 4061 1751 4074 ⁸

161 4130 264 4184 ἀλλ’
296 4135 438 4184 ἔστιν
472 4133 498 4184 ὀ
525 4137 721 4194 σκοπός
769 4139 860 4185 τοῦ
889 4131 1046 4204 λόγου
1070 4140 1324 4193 τοιοῦτος,
1380 4133 1438 4185 Ὀ
1463 4136 1552 4204 μὶν
1584 4137 1755 4208 παρά-

230 4759 278 4796 ⁶ο
296 4759 469 4816 Joan.
500 4775 579 4828 ix,
613 4760 698 4816 32.

1360 4860 1583 4930 Varia;
1613 4861 1942 4930 lectiones
1977 4873 2041 4930 et
2082 4869 2284 4931 notae.

225 5004 334 5074 (71)
357 5001 587 5058 Scilicet
615 5001 1049 5074 Chrysostomi,
1074 5003 1177 5074 qui
1199 5003 1482 5060 audacter
1510 5005 1590 5061 ita
1619 5019 1743 5060 cor-

161 5075 317 5147 rexit.
369 5074 509 5130 Vide
551 5078 693 5130 tom.
725 5075 866 5147 Vill,
900 5090 1039 5147 pag.
1072 5077 1208 5147 324.
1251 5075 1746 5147 Chrysostomum

159 5145 417 5217 sequitur
444 5161 598 5202 unus
615 5161 685 5202 ex
702 5145 1011 5202 codicibus
1036 5145 1493 5217 Mosquensibus
1516 5147 1745 5203 N.Test.

162 5229 214 5290 g.
235 5214 334 5290 qui
368 5221 454 5271 est
477 5233 608 5290 cum
653 5217 917 5272 scholiis.
960 5214 1263 5284 Origenes,
1317 5217 1420 5290 qui
1452 5223 1599 5290 tom.
1644 5220 1744 5283 XX,

159 5287 213 5341 in
236 5287 520 5342 Joannem
553 5287 682 5344 haec
711 5290 853 5344 data
889 5304 1072 5361 opera
1125 5287 1561 5358 interpretatur,
1585 5289 1748 5344 hunc

160 5374 391 5430 versum
448 5365 638 5414 totum
703 5361 1100 5430 prmtermisit.
1149 5365 1473 5418 Πεντήκοντα
1507 5367 1748 5415 servant

159 5428 348 5500 Cyrill.
384 5436 420 5484 t.
446 5430 569 5504 iV,
597 5446 653 5500 p.
689 5428 790 5486 585
818 5432 876 5484 C.
914 5431 1387 5504 ;_Theophylact.
1425 5448 1482 5504 p.
1523 5433 1628 5504 690
1663 5434 1700 5486 E
1732 5448 1745 5496 ;

199 5517 403 5576 everus
441 5502 501 5556 in
533 5503 755 5558 Catena
807 5502 1088 5569 Corderii,
1130 5502 1188 5576 p.
1213 5502 1322 5559 ⁷243
1374 5521 1388 5572 ;
1425 5502 1480 5560 et
1508 5502 1745 5560 codices

199 5573 523 5629 robatiores
553 5587 778 5629 omnes.

1924 5007 2037 5077 (72)
2073 5005 2306 5062 Inclusa
2345 5003 2581 5077 absunt
2613 5005 2678 5058 Δ.
2714 5004 2968 5064 Κτίστης,
2999 4997 3311 5071 quomodo
3341 4999 3522 5077 etiam

1859 5074 2200 5133 Eustathius
2237 5075 2450 5139 scribit,
2481 5076 2587 5148 qui
2644 5091 2783 5131 cum
2843 5077 3028 5148 κτίτης
3054 5074 3386 5142 comparat.
3410 5086 3521 5148 pro

1859 5149 2222 5204 substantive
2257 5142 2519 5220 accipio;
2562 5162 2700 5211 non,
2767 5150 2827 5201 ut
2878 5145 3187 5215 interpres,
3221 5157 3330 5212 pro
3361 5142 3521 5200 adie-

1859 5221 2038 5276 ctivo.

1930 5291 2042 5363 (73)
2062 5293 2146 5346 lta
2172 5289 2333 5360 pleru
2345 5305 2522 5362 mque
2538 5289 2998 5360 Chrysostomus
3016 5290 3272 5348 oratorie
3290 5289 3518 5355 laudat,

1856 5362 2028 5417 Joan.
2063 5378 2221 5417 xvm.
2255 5366 2306 5424 6,
2330 5365 2513 5415 ἔπεσον
2544 5367 2742 5433 χαμαί.

1927 5433 2317 5499 (74)Γεννητῆς.

1932 5504 2044 5575 (75)
2068 5507 2128 5556 Δὶ
2157 5504 2328 5561 abest
2368 5511 2433 5558 Α.

226 5751 300 5822 (j)
333 5750 444 5821 Qui.
474 5749 681 5807 visum.
717 5752 882 5808 Forte
913 5751 1076 5823 legit,
1109 5747 1193 5808 διό
1233 5757 1321 5805 καὶ
1349 5753 1374 5805 ό
1429 5751 1741 5830 ἀναϐλέψας.

3585 34 3762 45 ---μα-η..
