  <div class='ocr_page' id='page_1' title='image "/cluster/home/n/w/nwhite01/storage/ocr_20150623/129/hvd.32044019208511/831.png"; bbox 0 0 4088 6432; ppageno 0'>
   <div class='ocr_carea' id='block_1_1' title="bbox 709 322 848 381">
    <p class='ocr_par' dir='ltr' id='par_1_1' title="bbox 709 322 848 381">
     <span class='ocr_line' id='line_1_1' title="bbox 709 322 848 381; baseline -0.007 0"><span class='ocrx_word' id='word_1_1' title='bbox 709 322 732 381; x_wconf 74' lang='grc' dir='ltr'><strong>Ι</strong></span> <span class='ocrx_word' id='word_1_2' title='bbox 743 324 848 380; x_wconf 88' lang='grc'><strong>303</strong></span> 
     </span>
    </p>
   </div>
   <div class='ocr_carea' id='block_1_2' title="bbox 2033 275 3967 389">
    <p class='ocr_par' dir='ltr' id='par_1_2' title="bbox 2033 275 3967 389">
     <span class='ocr_line' id='line_1_2' title="bbox 2033 275 3967 389; baseline 0.006 -14"><span class='ocrx_word' id='word_1_3' title='bbox 2033 317 2390 379; x_wconf 77' lang='lat' dir='ltr'><strong>EUTHYMII</strong></span> <span class='ocrx_word' id='word_1_4' title='bbox 2441 316 2768 376; x_wconf 82' lang='lat' dir='ltr'><strong>ZIGABENI</strong></span> <span class='ocrx_word' id='word_1_5' title='bbox 3865 326 3939 389; x_wconf 74' lang='grc' dir='ltr'><strong>13ὓὲ</strong></span> <span class='ocrx_word' id='word_1_6' title='bbox 3966 275 3967 278; x_wconf 7' lang='grc' dir='ltr'>Ἴ</span> 
     </span>
    </p>
   </div>
   <div class='ocr_carea' id='block_1_3' title="bbox 710 444 2324 527">
    <p class='ocr_par' dir='ltr' id='par_1_3' title="bbox 710 445 2324 520">
     <span class='ocr_line' id='line_1_3' title="bbox 710 445 2324 520; baseline -0.003 -14"><span class='ocrx_word' id='word_1_7' title='bbox 710 455 864 506; x_wconf 90' lang='lat' dir='ltr'><strong>atur.</strong></span> <span class='ocrx_word' id='word_1_8' title='bbox 893 448 1032 506; x_wconf 90' lang='lat' dir='ltr'><strong>Vult</strong></span> <span class='ocrx_word' id='word_1_9' title='bbox 1056 448 1212 506; x_wconf 92' lang='lat' dir='ltr'><strong>enim</strong></span> <span class='ocrx_word' id='word_1_10' title='bbox 1242 452 1528 516; x_wconf 79' lang='lat' dir='ltr'><strong>astruere,</strong></span> <span class='ocrx_word' id='word_1_11' title='bbox 1571 445 1739 520; x_wconf 88' lang='lat' dir='ltr'><strong>quod</strong></span> <span class='ocrx_word' id='word_1_12' title='bbox 1795 446 1990 516; x_wconf 83' lang='lat' dir='ltr'><strong>major</strong></span> <span class='ocrx_word' id='word_1_13' title='bbox 2030 448 2125 512; x_wconf 90' lang='lat' dir='ltr'><strong>sit,</strong></span> <span class='ocrx_word' id='word_1_14' title='bbox 2175 462 2324 519; x_wconf 74' lang='lat' dir='ltr'><strong>qua:</strong></span> 
     </span>
    </p>
   </div>
   <div class='ocr_carea' id='block_1_4' title="bbox 2325 444 3939 527">
    <p class='ocr_par' dir='ltr' id='par_1_4' title="bbox 2325 444 3939 527">
     <span class='ocr_line' id='line_1_4' title="bbox 2325 444 3939 527; baseline 0.001 -29"><span class='ocrx_word' id='word_1_15' title='bbox 2325 462 2362 502; x_wconf 86' lang='lat' dir='ltr'><strong>n</strong></span> <span class='ocrx_word' id='word_1_16' title='bbox 2395 444 2441 499; x_wconf 78' lang='grc' dir='ltr'>Α</span> <span class='ocrx_word' id='word_1_17' title='bbox 2477 444 2828 519; x_wconf 81' lang='grc' dir='ltr'>Βούλεταιγάρ</span> <span class='ocrx_word' id='word_1_18' title='bbox 2842 445 3241 498; x_wconf 75' lang='grc' dir='ltr'>κατασκευάσαι</span> <span class='ocrx_word' id='word_1_19' title='bbox 3260 446 3341 498; x_wconf 84' lang='grc' dir='ltr'>ὅτι</span> <span class='ocrx_word' id='word_1_20' title='bbox 3360 447 3547 518; x_wconf 79' lang='grc' dir='ltr'>μείζων</span> <span class='ocrx_word' id='word_1_21' title='bbox 3563 447 3665 500; x_wconf 75' lang='grc' dir='ltr'>ἐστὶ</span> <span class='ocrx_word' id='word_1_22' title='bbox 3679 456 3754 500; x_wconf 79' lang='grc' dir='ltr'><strong>τοῦ</strong></span> <span class='ocrx_word' id='word_1_23' title='bbox 3778 450 3939 527; x_wconf 57' lang='grc' dir='ltr'>Ἀϐραάμ.</span> 
     </span>
    </p>
   </div>
   <div class='ocr_carea' id='block_1_5' title="bbox 710 536 2366 608">
    <p class='ocr_par' dir='ltr' id='par_1_5' title="bbox 710 536 2366 608">
     <span class='ocr_line' id='line_1_5' title="bbox 710 536 2366 608; baseline -0.002 -12"><span class='ocrx_word' id='word_1_24' title='bbox 710 539 1010 596; x_wconf 81' lang='lat' dir='ltr'><strong>Abraham</strong></span> <span class='ocrx_word' id='word_1_25' title='bbox 1048 555 1061 605; x_wconf 91' lang='lat'><strong>;</strong></span> <span class='ocrx_word' id='word_1_26' title='bbox 1093 555 1235 594; x_wconf 89' lang='lat' dir='ltr'><strong>nam</strong></span> <span class='ocrx_word' id='word_1_27' title='bbox 1268 539 1382 594; x_wconf 89' lang='lat' dir='ltr'><strong>hoc</strong></span> <span class='ocrx_word' id='word_1_28' title='bbox 1432 537 1490 592; x_wconf 95' lang='lat' dir='ltr'><strong>in</strong></span> <span class='ocrx_word' id='word_1_29' title='bbox 1536 536 1807 608; x_wconf 69' lang='lat' dir='ltr'><strong>praesenti</strong></span> <span class='ocrx_word' id='word_1_30' title='bbox 1850 552 1970 592; x_wconf 89' lang='lat' dir='ltr'><strong>non</strong></span> <span class='ocrx_word' id='word_1_31' title='bbox 2023 536 2193 603; x_wconf 78' lang='lat' dir='ltr'><strong>dixit,</strong></span> <span class='ocrx_word' id='word_1_32' title='bbox 2236 551 2366 608; x_wconf 89' lang='lat' dir='ltr'><strong>pro-</strong></span> 
     </span>
    </p>
   </div>
   <div class='ocr_carea' id='block_1_6' title="bbox 709 627 1626 702">
    <p class='ocr_par' dir='ltr' id='par_1_6' title="bbox 709 627 1626 702">
     <span class='ocr_line' id='line_1_6' title="bbox 709 627 1626 702; baseline -0.004 -18"><span class='ocrx_word' id='word_1_33' title='bbox 709 635 840 702; x_wconf 88' lang='lat' dir='ltr'><strong>pter</strong></span> <span class='ocrx_word' id='word_1_34' title='bbox 865 627 1129 700; x_wconf 92' lang='lat' dir='ltr'><strong>ipsorum</strong></span> <span class='ocrx_word' id='word_1_35' title='bbox 1165 627 1626 700; x_wconf 90' lang='lat' dir='ltr'><strong>impudentiam.</strong></span> 
     </span>
    </p>
   </div>
   <div class='ocr_carea' id='block_1_7' title="bbox 781 715 2364 785">
    <p class='ocr_par' dir='ltr' id='par_1_7' title="bbox 781 715 2364 785">
     <span class='ocr_line' id='line_1_7' title="bbox 781 715 2364 785; baseline -0.002 -14"><span class='ocrx_word' id='word_1_36' title='bbox 781 717 1069 772; x_wconf 43' lang='grc' dir='ltr'>νοτίδι,</span> <span class='ocrx_word' id='word_1_37' title='bbox 1133 718 1312 785; x_wconf 82' lang='lat' dir='ltr'><strong>Quem</strong></span> <span class='ocrx_word' id='word_1_38' title='bbox 1378 747 1447 756; x_wconf 92' lang='lat'><strong>—</strong></span> <span class='ocrx_word' id='word_1_39' title='bbox 1507 716 1663 770; x_wconf 88' lang='lat' dir='ltr'><strong>Vers.</strong></span> <span class='ocrx_word' id='word_1_40' title='bbox 1741 716 1832 772; x_wconf 77' lang='grc'><strong>55.</strong></span> <span class='ocrx_word' id='word_1_41' title='bbox 1895 729 2038 770; x_wconf 84' lang='lat' dir='ltr'><strong>eum.</strong></span> <span class='ocrx_word' id='word_1_42' title='bbox 2109 745 2166 756; x_wconf 89' lang='lat'>—</span> <span class='ocrx_word' id='word_1_43' title='bbox 2234 715 2364 770; x_wconf 84' lang='lat' dir='ltr'><strong>Non</strong></span> 
     </span>
    </p>
   </div>
   <div class='ocr_carea' id='block_1_8' title="bbox 709 803 2360 877">
    <p class='ocr_par' dir='ltr' id='par_1_8' title="bbox 709 803 2360 877">
     <span class='ocr_line' id='line_1_8' title="bbox 709 803 2360 877; baseline -0.003 -15"><span class='ocrx_word' id='word_1_44' title='bbox 709 807 1051 877; x_wconf 81' lang='lat' dir='ltr'><strong>cognovistis</strong></span> <span class='ocrx_word' id='word_1_45' title='bbox 1091 821 1235 868; x_wconf 87' lang='lat' dir='ltr'><strong>eum,</strong></span> <span class='ocrx_word' id='word_1_46' title='bbox 1275 810 1477 875; x_wconf 92' lang='lat' dir='ltr'><strong>utpote</strong></span> <span class='ocrx_word' id='word_1_47' title='bbox 1513 803 1796 876; x_wconf 80' lang='lat' dir='ltr'><strong>operibus</strong></span> <span class='ocrx_word' id='word_1_48' title='bbox 1850 803 2016 858; x_wconf 92' lang='lat' dir='ltr'><strong>illum</strong></span> <span class='ocrx_word' id='word_1_49' title='bbox 2051 809 2360 870; x_wconf 74' lang='lat' dir='ltr'><strong>negantes.</strong></span> 
     </span>
    </p>
   </div>
   <div class='ocr_carea' id='block_1_9' title="bbox 712 893 2366 964">
    <p class='ocr_par' dir='ltr' id='par_1_9' title="bbox 712 893 2366 964">
     <span class='ocr_line' id='line_1_9' title="bbox 712 893 2366 964; baseline -0.002 -13"><span class='ocrx_word' id='word_1_50' title='bbox 712 895 863 951; x_wconf 82' lang='lat' dir='ltr'><strong>Dicit</strong></span> <span class='ocrx_word' id='word_1_51' title='bbox 913 894 1074 949; x_wconf 90' lang='lat' dir='ltr'><strong>enim</strong></span> <span class='ocrx_word' id='word_1_52' title='bbox 1131 899 1187 948; x_wconf 89' lang='lat' dir='ltr'><strong>et</strong></span> <span class='ocrx_word' id='word_1_53' title='bbox 1239 893 1560 964; x_wconf 79' lang='lat' dir='ltr'><strong>Apostolus</strong></span> <span class='ocrx_word' id='word_1_54' title='bbox 1606 909 1619 947; x_wconf 93' lang='lat'><strong>:</strong></span> <span class='ocrx_word' id='word_1_55' title='bbox 1675 893 2038 960; x_wconf 80' lang='lat' dir='ltr'><strong>Conﬁtentur</strong></span> <span class='ocrx_word' id='word_1_56' title='bbox 2100 907 2160 948; x_wconf 83' lang='lat' dir='ltr'><strong>se</strong></span> <span class='ocrx_word' id='word_1_57' title='bbox 2211 907 2366 947; x_wconf 75' lang='lat' dir='ltr'><strong>nosse</strong></span> 
     </span>
    </p>
   </div>
   <div class='ocr_carea' id='block_1_10' title="bbox 713 980 2364 1052">
    <p class='ocr_par' dir='ltr' id='par_1_10' title="bbox 713 980 2364 1052">
     <span class='ocr_line' id='line_1_10' title="bbox 713 980 2364 1052; baseline -0.004 -12"><span class='ocrx_word' id='word_1_58' title='bbox 713 986 920 1047; x_wconf 84' lang='lat' dir='ltr'><strong>Deum,</strong></span> <span class='ocrx_word' id='word_1_59' title='bbox 961 985 1133 1052; x_wconf 83' lang='lat' dir='ltr'><strong>factis</strong></span> <span class='ocrx_word' id='word_1_60' title='bbox 1163 987 1358 1038; x_wconf 84' lang='lat' dir='ltr'><strong>autem</strong></span> <span class='ocrx_word' id='word_1_61' title='bbox 1390 989 1605 1052; x_wconf 81' lang='lat' dir='ltr'><strong>negant</strong></span> <span class='ocrx_word' id='word_1_62' title='bbox 1636 984 1706 1038; x_wconf 77' lang='grc'><strong>⁷⁷.</strong></span> <span class='ocrx_word' id='word_1_63' title='bbox 1736 981 1835 1036; x_wconf 88' lang='lat' dir='ltr'><strong>Vel</strong></span> <span class='ocrx_word' id='word_1_64' title='bbox 1872 982 2051 1036; x_wconf 91' lang='lat' dir='ltr'><strong>etiam</strong></span> <span class='ocrx_word' id='word_1_65' title='bbox 2099 996 2170 1036; x_wconf 90' lang='lat' dir='ltr'><strong>eo</strong></span> <span class='ocrx_word' id='word_1_66' title='bbox 2200 980 2364 1052; x_wconf 91' lang='lat' dir='ltr'><strong>quod</strong></span> 
     </span>
    </p>
   </div>
   <div class='ocr_carea' id='block_1_11' title="bbox 711 1067 2361 1140">
    <p class='ocr_par' dir='ltr' id='par_1_11' title="bbox 711 1067 2361 1140">
     <span class='ocr_line' id='line_1_11' title="bbox 711 1067 2361 1140; baseline -0.002 -13"><span class='ocrx_word' id='word_1_67' title='bbox 711 1088 830 1128; x_wconf 89' lang='lat' dir='ltr'><strong>non</strong></span> <span class='ocrx_word' id='word_1_68' title='bbox 861 1071 1203 1138; x_wconf 79' lang='lat' dir='ltr'><strong>agnoscatis</strong></span> <span class='ocrx_word' id='word_1_69' title='bbox 1227 1070 1429 1125; x_wconf 82' lang='lat' dir='ltr'><strong>Filium</strong></span> <span class='ocrx_word' id='word_1_70' title='bbox 1485 1071 1639 1140; x_wconf 84' lang='lat' dir='ltr'><strong>ejus.</strong></span> <span class='ocrx_word' id='word_1_71' title='bbox 1702 1069 1926 1124; x_wconf 89' lang='lat' dir='ltr'><strong>Dictum</strong></span> <span class='ocrx_word' id='word_1_72' title='bbox 1980 1073 2068 1123; x_wconf 64' lang='lat' dir='ltr'><strong>est</strong></span> <span class='ocrx_word' id='word_1_73' title='bbox 2128 1067 2286 1124; x_wconf 91' lang='lat' dir='ltr'><strong>enim</strong></span> <span class='ocrx_word' id='word_1_74' title='bbox 2349 1087 2361 1123; x_wconf 93' lang='lat'><strong>:</strong></span> 
     </span>
    </p>
   </div>
   <div class='ocr_carea' id='block_1_12' title="bbox 710 1158 2367 1230">
    <p class='ocr_par' dir='ltr' id='par_1_12' title="bbox 710 1158 2367 1230">
     <span class='ocr_line' id='line_1_12' title="bbox 710 1158 2367 1230; baseline -0.002 -14"><span class='ocrx_word' id='word_1_75' title='bbox 710 1163 775 1217; x_wconf 85' lang='lat' dir='ltr'><strong>Si</strong></span> <span class='ocrx_word' id='word_1_76' title='bbox 810 1176 901 1216; x_wconf 91' lang='lat' dir='ltr'><strong>me</strong></span> <span class='ocrx_word' id='word_1_77' title='bbox 927 1161 1362 1229; x_wconf 69' lang='lat' dir='ltr'><strong>cognoscentis,</strong></span> <span class='ocrx_word' id='word_1_78' title='bbox 1395 1160 1453 1216; x_wconf 77' lang='lat' dir='ltr'><strong>et</strong></span> <span class='ocrx_word' id='word_1_79' title='bbox 1488 1160 1726 1215; x_wconf 91' lang='lat' dir='ltr'><strong>Patrem</strong></span> <span class='ocrx_word' id='word_1_80' title='bbox 1778 1174 1962 1214; x_wconf 83' lang='lat' dir='ltr'><strong>meum</strong></span> <span class='ocrx_word' id='word_1_81' title='bbox 2016 1158 2218 1230; x_wconf 85' lang='lat' dir='ltr'><strong>utique</strong></span> <span class='ocrx_word' id='word_1_82' title='bbox 2275 1173 2367 1214; x_wconf 89' lang='lat' dir='ltr'><strong>co-</strong></span> 
     </span>
    </p>
   </div>
   <div class='ocr_carea' id='block_1_13' title="bbox 709 1247 2363 1321">
    <p class='ocr_par' dir='ltr' id='par_1_13' title="bbox 709 1247 2363 1321">
     <span class='ocr_line' id='line_1_13' title="bbox 709 1247 2363 1321; baseline -0.003 -16"><span class='ocrx_word' id='word_1_83' title='bbox 709 1253 1065 1321; x_wconf 68' lang='lat' dir='ltr'><strong>gnoscentis</strong></span> <span class='ocrx_word' id='word_1_84' title='bbox 1121 1251 1190 1303; x_wconf 78' lang='grc'><strong>⁷⁸.</strong></span> <span class='ocrx_word' id='word_1_85' title='bbox 1227 1249 1324 1304; x_wconf 91' lang='lat' dir='ltr'><strong>Vel</strong></span> <span class='ocrx_word' id='word_1_86' title='bbox 1378 1264 1450 1304; x_wconf 88' lang='lat' dir='ltr'><strong>eo</strong></span> <span class='ocrx_word' id='word_1_87' title='bbox 1506 1250 1672 1321; x_wconf 88' lang='lat' dir='ltr'><strong>quod</strong></span> <span class='ocrx_word' id='word_1_88' title='bbox 1731 1262 1852 1302; x_wconf 92' lang='lat' dir='ltr'><strong>non</strong></span> <span class='ocrx_word' id='word_1_89' title='bbox 1915 1247 2158 1302; x_wconf 84' lang='lat' dir='ltr'><strong>servetis</strong></span> <span class='ocrx_word' id='word_1_90' title='bbox 2232 1248 2363 1318; x_wconf 90' lang='lat' dir='ltr'><strong>ejus</strong></span> 
     </span>
    </p>
   </div>
   <div class='ocr_carea' id='block_1_14' title="bbox 712 1337 2362 1408">
    <p class='ocr_par' dir='ltr' id='par_1_14' title="bbox 712 1337 2362 1408">
     <span class='ocr_line' id='line_1_14' title="bbox 712 1337 2362 1408; baseline -0.002 -14"><span class='ocrx_word' id='word_1_91' title='bbox 712 1354 1018 1394; x_wconf 83' lang='lat' dir='ltr'><strong>sermones</strong></span> <span class='ocrx_word' id='word_1_92' title='bbox 1047 1357 1064 1408; x_wconf 88' lang='lat'>;</span> <span class='ocrx_word' id='word_1_93' title='bbox 1098 1353 1241 1393; x_wconf 92' lang='lat' dir='ltr'><strong>nam</strong></span> <span class='ocrx_word' id='word_1_94' title='bbox 1296 1337 1344 1392; x_wconf 88' lang='lat' dir='ltr'><strong>si</strong></span> <span class='ocrx_word' id='word_1_95' title='bbox 1373 1337 1802 1408; x_wconf 79' lang='lat' dir='ltr'><strong>cognosceretis</strong></span> <span class='ocrx_word' id='word_1_96' title='bbox 1831 1352 1991 1400; x_wconf 91' lang='lat' dir='ltr'><strong>eum,</strong></span> <span class='ocrx_word' id='word_1_97' title='bbox 2024 1351 2362 1392; x_wconf 86' lang='lat' dir='ltr'><strong>sermonem</strong></span> 
     </span>
    </p>
   </div>
   <div class='ocr_carea' id='block_1_15' title="bbox 712 1428 1200 1500">
    <p class='ocr_par' dir='ltr' id='par_1_15' title="bbox 712 1428 1200 1500">
     <span class='ocr_line' id='line_1_15' title="bbox 712 1428 1200 1500; baseline -0.006 -15"><span class='ocrx_word' id='word_1_98' title='bbox 712 1429 841 1500; x_wconf 85' lang='lat' dir='ltr'><strong>ejus</strong></span> <span class='ocrx_word' id='word_1_99' title='bbox 871 1428 1200 1483; x_wconf 82' lang='lat' dir='ltr'><strong>servaretis.</strong></span> 
     </span>
    </p>
   </div>
   <div class='ocr_carea' id='block_1_16' title="bbox 783 1513 2360 1586">
    <p class='ocr_par' dir='ltr' id='par_1_16' title="bbox 783 1513 2360 1586">
     <span class='ocr_line' id='line_1_16' title="bbox 783 1513 2360 1586; baseline -0.002 -16"><span class='ocrx_word' id='word_1_100' title='bbox 783 1517 944 1572; x_wconf 86' lang='lat' dir='ltr'><strong>Vers.</strong></span> <span class='ocrx_word' id='word_1_101' title='bbox 977 1517 1066 1572; x_wconf 83' lang='lat'><strong>55.</strong></span> <span class='ocrx_word' id='word_1_102' title='bbox 1118 1517 1244 1586; x_wconf 85' lang='lat' dir='ltr'><strong>Ego</strong></span> <span class='ocrx_word' id='word_1_103' title='bbox 1295 1519 1482 1572; x_wconf 79' lang='lat' dir='ltr'><strong>autem</strong></span> <span class='ocrx_word' id='word_1_104' title='bbox 1540 1516 1684 1570; x_wconf 81' lang='lat' dir='ltr'><strong>navi</strong></span> <span class='ocrx_word' id='word_1_105' title='bbox 1740 1530 1891 1570; x_wconf 87' lang='lat' dir='ltr'><strong>eum.</strong></span> <span class='ocrx_word' id='word_1_106' title='bbox 1955 1518 2080 1570; x_wconf 84' lang='lat' dir='ltr'><strong>Non</strong></span> <span class='ocrx_word' id='word_1_107' title='bbox 2139 1513 2360 1578; x_wconf 88' lang='lat' dir='ltr'><strong>solum,</strong></span> 
     </span>
    </p>
   </div>
   <div class='ocr_carea' id='block_1_17' title="bbox 713 1603 2363 1677">
    <p class='ocr_par' dir='ltr' id='par_1_17' title="bbox 713 1603 2363 1677">
     <span class='ocr_line' id='line_1_17' title="bbox 713 1603 2363 1677; baseline -0.002 -16"><span class='ocrx_word' id='word_1_108' title='bbox 713 1622 849 1662; x_wconf 93' lang='lat' dir='ltr'><strong>cum</strong></span> <span class='ocrx_word' id='word_1_109' title='bbox 881 1621 953 1660; x_wconf 85' lang='lat' dir='ltr'><strong>ex</strong></span> <span class='ocrx_word' id='word_1_110' title='bbox 985 1605 1115 1677; x_wconf 92' lang='lat' dir='ltr'><strong>ipso</strong></span> <span class='ocrx_word' id='word_1_111' title='bbox 1142 1606 1278 1668; x_wconf 90' lang='lat' dir='ltr'><strong>sim,</strong></span> <span class='ocrx_word' id='word_1_112' title='bbox 1325 1613 1380 1660; x_wconf 91' lang='lat' dir='ltr'><strong>et</strong></span> <span class='ocrx_word' id='word_1_113' title='bbox 1406 1603 1674 1674; x_wconf 88' lang='lat' dir='ltr'><strong>ejusdem</strong></span> <span class='ocrx_word' id='word_1_114' title='bbox 1717 1603 2086 1666; x_wconf 64' lang='lat' dir='ltr'><strong>substantiae,</strong></span> <span class='ocrx_word' id='word_1_115' title='bbox 2134 1610 2363 1658; x_wconf 62' lang='lat' dir='ltr'><strong>natura</strong></span> 
     </span>
    </p>
   </div>
   <div class='ocr_carea' id='block_1_18' title="bbox 713 1692 2438 1782">
    <p class='ocr_par' dir='ltr' id='par_1_18' title="bbox 713 1692 2438 1782">
     <span class='ocr_line' id='line_1_18' title="bbox 713 1692 2438 1782; baseline -0.004 -31"><span class='ocrx_word' id='word_1_116' title='bbox 713 1700 770 1751; x_wconf 90' lang='lat' dir='ltr'><strong>et</strong></span> <span class='ocrx_word' id='word_1_117' title='bbox 798 1695 1079 1760; x_wconf 66' lang='lat' dir='ltr'><strong>scientiae,</strong></span> <span class='ocrx_word' id='word_1_118' title='bbox 1113 1696 1214 1750; x_wconf 87' lang='lat' dir='ltr'><strong>sed</strong></span> <span class='ocrx_word' id='word_1_119' title='bbox 1262 1694 1439 1750; x_wconf 90' lang='lat' dir='ltr'><strong>etiam</strong></span> <span class='ocrx_word' id='word_1_120' title='bbox 1493 1699 1781 1765; x_wconf 88' lang='lat' dir='ltr'><strong>tanquam</strong></span> <span class='ocrx_word' id='word_1_121' title='bbox 1837 1707 2177 1747; x_wconf 84' lang='lat' dir='ltr'><strong>sermonem</strong></span> <span class='ocrx_word' id='word_1_122' title='bbox 2235 1692 2364 1782; x_wconf 86' lang='lat' dir='ltr'><strong>ejus</strong></span> <span class='ocrx_word' id='word_1_123' title='bbox 2395 1727 2438 1782; x_wconf 76' lang='grc' dir='ltr'>Β</span> 
     </span>
    </p>
   </div>
   <div class='ocr_carea' id='block_1_19' title="bbox 713 1781 2366 1854">
    <p class='ocr_par' dir='ltr' id='par_1_19' title="bbox 713 1781 2366 1854">
     <span class='ocr_line' id='line_1_19' title="bbox 713 1781 2366 1854; baseline -0.004 -13"><span class='ocrx_word' id='word_1_124' title='bbox 713 1799 978 1841; x_wconf 86' lang='lat' dir='ltr'><strong>servans.</strong></span> <span class='ocrx_word' id='word_1_125' title='bbox 1007 1786 1150 1839; x_wconf 82' lang='lat' dir='ltr'><strong>Nam</strong></span> <span class='ocrx_word' id='word_1_126' title='bbox 1181 1788 1238 1838; x_wconf 90' lang='lat' dir='ltr'><strong>et</strong></span> <span class='ocrx_word' id='word_1_127' title='bbox 1268 1781 1542 1854; x_wconf 86' lang='lat' dir='ltr'><strong>superius</strong></span> <span class='ocrx_word' id='word_1_128' title='bbox 1589 1782 1736 1836; x_wconf 80' lang='lat' dir='ltr'><strong>dixit</strong></span> <span class='ocrx_word' id='word_1_129' title='bbox 1789 1798 1802 1836; x_wconf 88' lang='lat'><strong>:</strong></span> <span class='ocrx_word' id='word_1_130' title='bbox 1857 1782 1963 1837; x_wconf 84' lang='lat' dir='ltr'><strong>Est</strong></span> <span class='ocrx_word' id='word_1_131' title='bbox 2017 1796 2212 1844; x_wconf 68' lang='lat' dir='ltr'><strong>verax,</strong></span> <span class='ocrx_word' id='word_1_132' title='bbox 2263 1781 2366 1851; x_wconf 86' lang='lat' dir='ltr'><strong>qui</strong></span> 
     </span>
    </p>
   </div>
   <div class='ocr_carea' id='block_1_20' title="bbox 713 1871 2362 1943">
    <p class='ocr_par' dir='ltr' id='par_1_20' title="bbox 713 1871 2362 1943">
     <span class='ocr_line' id='line_1_20' title="bbox 713 1871 2362 1943; baseline -0.002 -15"><span class='ocrx_word' id='word_1_133' title='bbox 713 1874 869 1928; x_wconf 88' lang='lat' dir='ltr'><strong>misit</strong></span> <span class='ocrx_word' id='word_1_134' title='bbox 905 1888 1011 1937; x_wconf 87' lang='lat' dir='ltr'><strong>me,</strong></span> <span class='ocrx_word' id='word_1_135' title='bbox 1040 1888 1211 1943; x_wconf 87' lang='lat' dir='ltr'><strong>quem</strong></span> <span class='ocrx_word' id='word_1_136' title='bbox 1242 1888 1335 1927; x_wconf 85' lang='lat' dir='ltr'><strong>vos</strong></span> <span class='ocrx_word' id='word_1_137' title='bbox 1367 1887 1484 1927; x_wconf 85' lang='lat' dir='ltr'><strong>non</strong></span> <span class='ocrx_word' id='word_1_138' title='bbox 1512 1871 1690 1926; x_wconf 83' lang='lat' dir='ltr'><strong>nostis</strong></span> <span class='ocrx_word' id='word_1_139' title='bbox 1714 1886 1726 1922; x_wconf 93' lang='lat'>:</span> <span class='ocrx_word' id='word_1_140' title='bbox 1766 1885 1869 1940; x_wconf 88' lang='lat' dir='ltr'><strong>ego</strong></span> <span class='ocrx_word' id='word_1_141' title='bbox 1897 1884 2032 1926; x_wconf 86' lang='lat' dir='ltr'><strong>vero</strong></span> <span class='ocrx_word' id='word_1_142' title='bbox 2054 1871 2193 1925; x_wconf 83' lang='lat' dir='ltr'><strong>novi</strong></span> <span class='ocrx_word' id='word_1_143' title='bbox 2212 1886 2362 1936; x_wconf 83' lang='lat' dir='ltr'><strong>eum,</strong></span> 
     </span>
    </p>
   </div>
   <div class='ocr_carea' id='block_1_21' title="bbox 714 1963 1298 2034">
    <p class='ocr_par' dir='ltr' id='par_1_21' title="bbox 714 1963 1298 2034">
     <span class='ocr_line' id='line_1_21' title="bbox 714 1963 1298 2034; baseline -0.007 -16"><span class='ocrx_word' id='word_1_144' title='bbox 714 1963 856 2034; x_wconf 84' lang='lat' dir='ltr'><strong>quia</strong></span> <span class='ocrx_word' id='word_1_145' title='bbox 883 1963 958 2017; x_wconf 85' lang='lat' dir='ltr'><strong>ab</strong></span> <span class='ocrx_word' id='word_1_146' title='bbox 984 1977 1048 2018; x_wconf 91' lang='lat' dir='ltr'><strong>eo</strong></span> <span class='ocrx_word' id='word_1_147' title='bbox 1076 1977 1205 2016; x_wconf 88' lang='lat' dir='ltr'><strong>sum</strong></span> <span class='ocrx_word' id='word_1_148' title='bbox 1226 1963 1298 2014; x_wconf 76' lang='grc'><strong>⁷⁸.</strong></span> 
     </span>
    </p>
   </div>
   <div class='ocr_carea' id='block_1_22' title="bbox 784 2048 2366 2106">
    <p class='ocr_par' dir='ltr' id='par_1_22' title="bbox 784 2048 2366 2106">
     <span class='ocr_line' id='line_1_22' title="bbox 784 2048 2366 2106; baseline -0.003 0"><span class='ocrx_word' id='word_1_149' title='bbox 784 2052 926 2106; x_wconf 91' lang='lat' dir='ltr'><strong>Vers</strong></span> <span class='ocrx_word' id='word_1_150' title='bbox 981 2056 1068 2106; x_wconf 83' lang='lat'><strong>55.</strong></span> <span class='ocrx_word' id='word_1_151' title='bbox 1127 2053 1190 2106; x_wconf 85' lang='lat' dir='ltr'><strong>Et</strong></span> <span class='ocrx_word' id='word_1_152' title='bbox 1249 2079 1319 2091; x_wconf 94' lang='lat'><strong><em>—</em></strong></span> <span class='ocrx_word' id='word_1_153' title='bbox 1366 2049 1641 2105; x_wconf 73' lang='lat' dir='ltr'><strong>mendax.</strong></span> <span class='ocrx_word' id='word_1_154' title='bbox 1678 2049 1794 2104; x_wconf 91' lang='lat' dir='ltr'><strong>Vos</strong></span> <span class='ocrx_word' id='word_1_155' title='bbox 1826 2049 1984 2104; x_wconf 89' lang='lat' dir='ltr'><strong>enim</strong></span> <span class='ocrx_word' id='word_1_156' title='bbox 2035 2048 2366 2104; x_wconf 89' lang='lat' dir='ltr'><strong>mentimini</strong></span> 
     </span>
    </p>
   </div>
   <div class='ocr_carea' id='block_1_23' title="bbox 714 2141 2369 2206">
    <p class='ocr_par' dir='ltr' id='par_1_23' title="bbox 714 2141 2369 2206">
     <span class='ocr_line' id='line_1_23' title="bbox 714 2141 2369 2206; baseline -0.002 -10"><span class='ocrx_word' id='word_1_157' title='bbox 714 2141 981 2196; x_wconf 84' lang='lat' dir='ltr'><strong>dicentes</strong></span> <span class='ocrx_word' id='word_1_158' title='bbox 1021 2141 1207 2195; x_wconf 83' lang='lat' dir='ltr'><strong>Deum</strong></span> <span class='ocrx_word' id='word_1_159' title='bbox 1260 2143 1524 2194; x_wconf 88' lang='lat' dir='ltr'><strong>vestrum</strong></span> <span class='ocrx_word' id='word_1_160' title='bbox 1575 2155 1727 2204; x_wconf 89' lang='lat' dir='ltr'><strong>esse,</strong></span> <span class='ocrx_word' id='word_1_161' title='bbox 1781 2155 1917 2193; x_wconf 92' lang='lat' dir='ltr'><strong>cum</strong></span> <span class='ocrx_word' id='word_1_162' title='bbox 1975 2154 2093 2193; x_wconf 88' lang='lat' dir='ltr'><strong>non</strong></span> <span class='ocrx_word' id='word_1_163' title='bbox 2146 2154 2369 2206; x_wconf 74' lang='lat' dir='ltr'><strong>cogno-</strong></span> 
     </span>
    </p>
   </div>
   <div class='ocr_carea' id='block_1_24' title="bbox 717 2227 2364 2299">
    <p class='ocr_par' dir='ltr' id='par_1_24' title="bbox 717 2227 2364 2299">
     <span class='ocr_line' id='line_1_24' title="bbox 717 2227 2364 2299; baseline -0.002 -15"><span class='ocrx_word' id='word_1_164' title='bbox 717 2230 894 2285; x_wconf 90' lang='lat' dir='ltr'><strong>scatis</strong></span> <span class='ocrx_word' id='word_1_165' title='bbox 933 2245 1091 2288; x_wconf 90' lang='lat' dir='ltr'><strong>eum,</strong></span> <span class='ocrx_word' id='word_1_166' title='bbox 1137 2235 1199 2284; x_wconf 90' lang='lat' dir='ltr'><strong>ut</strong></span> <span class='ocrx_word' id='word_1_167' title='bbox 1257 2228 1607 2299; x_wconf 70' lang='lat' dir='ltr'><strong>praedictum</strong></span> <span class='ocrx_word' id='word_1_168' title='bbox 1667 2235 1771 2281; x_wconf 89' lang='lat' dir='ltr'><strong>est.</strong></span> <span class='ocrx_word' id='word_1_169' title='bbox 1830 2227 2101 2282; x_wconf 83' lang='lat' dir='ltr'><strong>Notitiam</strong></span> <span class='ocrx_word' id='word_1_170' title='bbox 2163 2232 2364 2281; x_wconf 89' lang='lat' dir='ltr'><strong>autem</strong></span> 
     </span>
    </p>
   </div>
   <div class='ocr_carea' id='block_1_25' title="bbox 715 2316 2366 2388">
    <p class='ocr_par' dir='ltr' id='par_1_25' title="bbox 715 2316 2366 2388">
     <span class='ocr_line' id='line_1_25' title="bbox 715 2316 2366 2388; baseline -0.002 -15"><span class='ocrx_word' id='word_1_171' title='bbox 715 2325 771 2374; x_wconf 92' lang='lat' dir='ltr'><strong>et</strong></span> <span class='ocrx_word' id='word_1_172' title='bbox 799 2319 1200 2388; x_wconf 82' lang='lat' dir='ltr'><strong>cognitionem</strong></span> <span class='ocrx_word' id='word_1_173' title='bbox 1233 2317 1392 2381; x_wconf 90' lang='lat' dir='ltr'><strong>dicit,</strong></span> <span class='ocrx_word' id='word_1_174' title='bbox 1436 2332 1611 2371; x_wconf 85' lang='lat' dir='ltr'><strong>nosse</strong></span> <span class='ocrx_word' id='word_1_175' title='bbox 1638 2316 2005 2388; x_wconf 87' lang='lat' dir='ltr'><strong>simpliciter.</strong></span> <span class='ocrx_word' id='word_1_176' title='bbox 2049 2322 2105 2371; x_wconf 86' lang='lat' dir='ltr'><strong>et</strong></span> <span class='ocrx_word' id='word_1_177' title='bbox 2149 2331 2366 2387; x_wconf 76' lang='lat' dir='ltr'><strong>cogno-</strong></span> 
     </span>
    </p>
   </div>
   <div class='ocr_carea' id='block_1_26' title="bbox 716 2405 2364 2478">
    <p class='ocr_par' dir='ltr' id='par_1_26' title="bbox 716 2405 2364 2478">
     <span class='ocr_line' id='line_1_26' title="bbox 716 2405 2364 2478; baseline -0.001 -16"><span class='ocrx_word' id='word_1_178' title='bbox 716 2422 877 2462; x_wconf 87' lang='lat' dir='ltr'><strong>scere</strong></span> <span class='ocrx_word' id='word_1_179' title='bbox 929 2406 1091 2478; x_wconf 89' lang='lat' dir='ltr'><strong>quod</strong></span> <span class='ocrx_word' id='word_1_180' title='bbox 1150 2408 1220 2461; x_wconf 92' lang='lat' dir='ltr'><strong>sit</strong></span> <span class='ocrx_word' id='word_1_181' title='bbox 1281 2407 1436 2460; x_wconf 90' lang='lat' dir='ltr'><strong>Deus</strong></span> <span class='ocrx_word' id='word_1_182' title='bbox 1488 2411 1544 2459; x_wconf 89' lang='lat' dir='ltr'><strong>et</strong></span> <span class='ocrx_word' id='word_1_183' title='bbox 1600 2405 1783 2466; x_wconf 86' lang='lat' dir='ltr'><strong>Pater.</strong></span> <span class='ocrx_word' id='word_1_184' title='bbox 1841 2420 1957 2458; x_wconf 91' lang='lat' dir='ltr'><strong>non</strong></span> <span class='ocrx_word' id='word_1_185' title='bbox 2047 2405 2194 2460; x_wconf 84' lang='lat' dir='ltr'><strong>scire</strong></span> <span class='ocrx_word' id='word_1_186' title='bbox 2267 2407 2364 2460; x_wconf 89' lang='lat' dir='ltr'><strong>Dei</strong></span> 
     </span>
    </p>
   </div>
   <div class='ocr_carea' id='block_1_27' title="bbox 713 2495 2361 2566">
    <p class='ocr_par' dir='ltr' id='par_1_27' title="bbox 713 2495 2361 2566">
     <span class='ocr_line' id='line_1_27' title="bbox 713 2495 2361 2566; baseline -0.002 -15"><span class='ocrx_word' id='word_1_187' title='bbox 713 2502 1009 2552; x_wconf 89' lang='lat' dir='ltr'><strong>naturam.</strong></span> <span class='ocrx_word' id='word_1_188' title='bbox 1044 2498 1186 2551; x_wconf 81' lang='lat' dir='ltr'><strong>Nam</strong></span> <span class='ocrx_word' id='word_1_189' title='bbox 1214 2497 1347 2566; x_wconf 89' lang='lat' dir='ltr'><strong>ipsa</strong></span> <span class='ocrx_word' id='word_1_190' title='bbox 1384 2510 1503 2548; x_wconf 92' lang='lat' dir='ltr'><strong>non</strong></span> <span class='ocrx_word' id='word_1_191' title='bbox 1546 2495 1744 2548; x_wconf 90' lang='lat' dir='ltr'><strong>solum</strong></span> <span class='ocrx_word' id='word_1_192' title='bbox 1807 2495 2087 2562; x_wconf 76' lang='lat' dir='ltr'><strong>cognosci</strong></span> <span class='ocrx_word' id='word_1_193' title='bbox 2143 2495 2361 2565; x_wconf 88' lang='lat' dir='ltr'><strong>nequit,</strong></span> 
     </span>
    </p>
   </div>
   <div class='ocr_carea' id='block_1_28' title="bbox 716 2582 2364 2650">
    <p class='ocr_par' dir='ltr' id='par_1_28' title="bbox 716 2582 2364 2650">
     <span class='ocr_line' id='line_1_28' title="bbox 716 2582 2364 2650; baseline 0.001 -13"><span class='ocrx_word' id='word_1_194' title='bbox 716 2601 918 2640; x_wconf 79' lang='lat' dir='ltr'><strong>verum</strong></span> <span class='ocrx_word' id='word_1_195' title='bbox 948 2585 1122 2639; x_wconf 87' lang='lat' dir='ltr'><strong>etiam</strong></span> <span class='ocrx_word' id='word_1_196' title='bbox 1155 2585 1401 2639; x_wconf 87' lang='lat' dir='ltr'><strong>omnino</strong></span> <span class='ocrx_word' id='word_1_197' title='bbox 1459 2582 1904 2650; x_wconf 79' lang='lat' dir='ltr'><strong>inintelligibilis</strong></span> <span class='ocrx_word' id='word_1_198' title='bbox 1953 2589 2040 2637; x_wconf 89' lang='lat' dir='ltr'><strong>est</strong></span> <span class='ocrx_word' id='word_1_199' title='bbox 2091 2591 2145 2637; x_wconf 86' lang='lat' dir='ltr'><strong>et</strong></span> <span class='ocrx_word' id='word_1_200' title='bbox 2200 2585 2364 2638; x_wconf 89' lang='lat' dir='ltr'><strong>inac-</strong></span> 
     </span>
    </p>
   </div>
   <div class='ocr_carea' id='block_1_29' title="bbox 714 2670 2368 2739">
    <p class='ocr_par' dir='ltr' id='par_1_29' title="bbox 714 2670 2368 2739">
     <span class='ocr_line' id='line_1_29' title="bbox 714 2670 2368 2739; baseline 0 -11"><span class='ocrx_word' id='word_1_201' title='bbox 714 2673 1023 2739; x_wconf 76' lang='lat' dir='ltr'><strong>cessibilis,</strong></span> <span class='ocrx_word' id='word_1_202' title='bbox 1053 2689 1161 2727; x_wconf 90' lang='lat' dir='ltr'><strong>nec</strong></span> <span class='ocrx_word' id='word_1_203' title='bbox 1201 2678 1418 2727; x_wconf 90' lang='lat' dir='ltr'><strong>tantum</strong></span> <span class='ocrx_word' id='word_1_204' title='bbox 1451 2670 1817 2736; x_wconf 88' lang='lat' dir='ltr'><strong>hominibus,</strong></span> <span class='ocrx_word' id='word_1_205' title='bbox 1879 2673 1984 2726; x_wconf 89' lang='lat' dir='ltr'><strong>sed</strong></span> <span class='ocrx_word' id='word_1_206' title='bbox 2035 2677 2090 2727; x_wconf 90' lang='lat' dir='ltr'><strong>et</strong></span> <span class='ocrx_word' id='word_1_207' title='bbox 2119 2671 2368 2728; x_wconf 66' lang='lat' dir='ltr'><strong>calesti-</strong></span> 
     </span>
    </p>
   </div>
   <div class='ocr_carea' id='block_1_30' title="bbox 715 2761 1196 2817">
    <p class='ocr_par' dir='ltr' id='par_1_30' title="bbox 715 2761 1196 2817">
     <span class='ocr_line' id='line_1_30' title="bbox 715 2761 1196 2817; baseline -0.004 0"><span class='ocrx_word' id='word_1_208' title='bbox 715 2763 826 2817; x_wconf 87' lang='lat' dir='ltr'><strong>bus</strong></span> <span class='ocrx_word' id='word_1_209' title='bbox 864 2761 1196 2817; x_wconf 85' lang='lat' dir='ltr'><strong>virtutibus.</strong></span> 
     </span>
    </p>
   </div>
   <div class='ocr_carea' id='block_1_31' title="bbox 788 2848 2364 2921">
    <p class='ocr_par' dir='ltr' id='par_1_31' title="bbox 788 2848 2364 2921">
     <span class='ocr_line' id='line_1_31' title="bbox 788 2848 2364 2921; baseline 0.003 -20"><span class='ocrx_word' id='word_1_210' title='bbox 788 2850 952 2905; x_wconf 89' lang='lat' dir='ltr'><strong>Vers.</strong></span> <span class='ocrx_word' id='word_1_211' title='bbox 987 2850 1073 2905; x_wconf 89' lang='lat'><strong>56.</strong></span> <span class='ocrx_word' id='word_1_212' title='bbox 1135 2849 1245 2906; x_wconf 87' lang='lat' dir='ltr'><strong>Sed</strong></span> <span class='ocrx_word' id='word_1_213' title='bbox 1297 2880 1363 2888; x_wconf 96' lang='lat'><strong><em>—</em></strong></span> <span class='ocrx_word' id='word_1_214' title='bbox 1419 2864 1608 2905; x_wconf 85' lang='lat' dir='ltr'><strong>servo.</strong></span> <span class='ocrx_word' id='word_1_215' title='bbox 1665 2848 1862 2914; x_wconf 89' lang='lat' dir='ltr'><strong>Vides,</strong></span> <span class='ocrx_word' id='word_1_216' title='bbox 1895 2849 2056 2921; x_wconf 92' lang='lat' dir='ltr'><strong>quod</strong></span> <span class='ocrx_word' id='word_1_217' title='bbox 2116 2850 2215 2905; x_wconf 92' lang='lat' dir='ltr'><strong>Dei</strong></span> <span class='ocrx_word' id='word_1_218' title='bbox 2247 2865 2364 2905; x_wconf 87' lang='lat' dir='ltr'><strong>ser-</strong></span> 
     </span>
    </p>
   </div>
   <div class='ocr_carea' id='block_1_32' title="bbox 714 2938 2361 3010">
    <p class='ocr_par' dir='ltr' id='par_1_32' title="bbox 714 2938 2361 3010">
     <span class='ocr_line' id='line_1_32' title="bbox 714 2938 2361 3010; baseline 0 -15"><span class='ocrx_word' id='word_1_219' title='bbox 714 2955 957 2995; x_wconf 90' lang='lat' dir='ltr'><strong>monem</strong></span> <span class='ocrx_word' id='word_1_220' title='bbox 1018 2955 1273 3002; x_wconf 86' lang='lat' dir='ltr'><strong>servare,</strong></span> <span class='ocrx_word' id='word_1_221' title='bbox 1327 2938 1565 3008; x_wconf 79' lang='lat' dir='ltr'><strong>signum</strong></span> <span class='ocrx_word' id='word_1_222' title='bbox 1621 2939 1690 2993; x_wconf 90' lang='lat' dir='ltr'><strong>sit</strong></span> <span class='ocrx_word' id='word_1_223' title='bbox 1744 2938 1909 3010; x_wconf 89' lang='lat' dir='ltr'><strong>quod</strong></span> <span class='ocrx_word' id='word_1_224' title='bbox 1971 2939 2108 3010; x_wconf 86' lang='lat' dir='ltr'><strong>quis</strong></span> <span class='ocrx_word' id='word_1_225' title='bbox 2177 2941 2361 2995; x_wconf 89' lang='lat' dir='ltr'><strong>Deum</strong></span> 
     </span>
    </p>
   </div>
   <div class='ocr_carea' id='block_1_33' title="bbox 714 3027 2365 3100">
    <p class='ocr_par' dir='ltr' id='par_1_33' title="bbox 714 3027 2365 3100">
     <span class='ocr_line' id='line_1_33' title="bbox 714 3027 2365 3100; baseline 0 -17"><span class='ocrx_word' id='word_1_226' title='bbox 714 3034 1055 3098; x_wconf 79' lang='lat' dir='ltr'><strong>cognoscat.</strong></span> <span class='ocrx_word' id='word_1_227' title='bbox 1089 3027 1433 3083; x_wconf 84' lang='lat' dir='ltr'><strong>Timeamus</strong></span> <span class='ocrx_word' id='word_1_228' title='bbox 1465 3027 1661 3094; x_wconf 73' lang='lat' dir='ltr'><strong>igitur,</strong></span> <span class='ocrx_word' id='word_1_229' title='bbox 1711 3028 1874 3100; x_wconf 89' lang='lat' dir='ltr'><strong>quod</strong></span> <span class='ocrx_word' id='word_1_230' title='bbox 1907 3029 2003 3082; x_wconf 90' lang='lat' dir='ltr'><strong>Dei</strong></span> <span class='ocrx_word' id='word_1_231' title='bbox 2067 3037 2365 3098; x_wconf 71' lang='lat' dir='ltr'><strong>praecepta</strong></span> 
     </span>
    </p>
   </div>
   <div class='ocr_carea' id='block_1_34' title="bbox 713 3117 2364 3190">
    <p class='ocr_par' dir='ltr' id='par_1_34' title="bbox 713 3117 2364 3190">
     <span class='ocr_line' id='line_1_34' title="bbox 713 3117 2364 3190; baseline 0.001 -18"><span class='ocrx_word' id='word_1_232' title='bbox 713 3132 834 3172; x_wconf 88' lang='lat' dir='ltr'><strong>non</strong></span> <span class='ocrx_word' id='word_1_233' title='bbox 867 3133 1191 3182; x_wconf 81' lang='lat' dir='ltr'><strong>servamus,</strong></span> <span class='ocrx_word' id='word_1_234' title='bbox 1248 3123 1533 3188; x_wconf 88' lang='lat' dir='ltr'><strong>tanquam</strong></span> <span class='ocrx_word' id='word_1_235' title='bbox 1565 3133 1704 3172; x_wconf 89' lang='lat' dir='ltr'><strong>cum</strong></span> <span class='ocrx_word' id='word_1_236' title='bbox 1731 3165 1736 3168; x_wconf 93' lang='lat'><strong>.</strong></span> <span class='ocrx_word' id='word_1_237' title='bbox 1760 3117 1846 3171; x_wconf 91' lang='lat' dir='ltr'><strong>eis</strong></span> <span class='ocrx_word' id='word_1_238' title='bbox 1901 3118 2225 3188; x_wconf 90' lang='lat' dir='ltr'><strong>constituti,</strong></span> <span class='ocrx_word' id='word_1_239' title='bbox 2257 3117 2364 3190; x_wconf 92' lang='lat' dir='ltr'><strong>qui</strong></span> 
     </span>
    </p>
   </div>
   <div class='ocr_carea' id='block_1_35' title="bbox 715 3206 2360 3278">
    <p class='ocr_par' dir='ltr' id='par_1_35' title="bbox 715 3206 2360 3278">
     <span class='ocr_line' id='line_1_35' title="bbox 715 3206 2360 3278; baseline 0.001 -18"><span class='ocrx_word' id='word_1_240' title='bbox 715 3206 902 3261; x_wconf 86' lang='lat' dir='ltr'><strong>Deum</strong></span> <span class='ocrx_word' id='word_1_241' title='bbox 936 3207 1230 3275; x_wconf 82' lang='lat' dir='ltr'><strong>ignorant.</strong></span> <span class='ocrx_word' id='word_1_242' title='bbox 1264 3206 1485 3262; x_wconf 89' lang='lat' dir='ltr'><strong>Deinde</strong></span> <span class='ocrx_word' id='word_1_243' title='bbox 1530 3206 1758 3278; x_wconf 87' lang='lat' dir='ltr'><strong>probat,</strong></span> <span class='ocrx_word' id='word_1_244' title='bbox 1808 3206 1972 3278; x_wconf 92' lang='lat' dir='ltr'><strong>quod</strong></span> <span class='ocrx_word' id='word_1_245' title='bbox 2019 3208 2212 3277; x_wconf 85' lang='lat' dir='ltr'><strong>major</strong></span> <span class='ocrx_word' id='word_1_246' title='bbox 2265 3207 2360 3272; x_wconf 86' lang='lat' dir='ltr'><strong>sit,</strong></span> 
     </span>
    </p>
   </div>
   <div class='ocr_carea' id='block_1_36' title="bbox 712 3296 1250 3368">
    <p class='ocr_par' dir='ltr' id='par_1_36' title="bbox 712 3296 1250 3368">
     <span class='ocr_line' id='line_1_36' title="bbox 712 3296 1250 3368; baseline -0.002 -17"><span class='ocrx_word' id='word_1_247' title='bbox 712 3310 898 3368; x_wconf 91' lang='lat' dir='ltr'><strong>quam</strong></span> <span class='ocrx_word' id='word_1_248' title='bbox 926 3296 1250 3351; x_wconf 80' lang='lat' dir='ltr'><strong>Abraham.</strong></span> 
     </span>
    </p>
   </div>
   <div class='ocr_carea' id='block_1_37' title="bbox 786 3384 2363 3443">
    <p class='ocr_par' dir='ltr' id='par_1_37' title="bbox 786 3384 2363 3443">
     <span class='ocr_line' id='line_1_37' title="bbox 786 3384 2363 3443; baseline 0.001 -4"><span class='ocrx_word' id='word_1_249' title='bbox 786 3384 946 3441; x_wconf 89' lang='lat' dir='ltr'><strong>Vers.</strong></span> <span class='ocrx_word' id='word_1_250' title='bbox 1027 3390 1112 3440; x_wconf 80' lang='lat'><strong>56.</strong></span> <span class='ocrx_word' id='word_1_251' title='bbox 1155 3385 1460 3442; x_wconf 83' lang='lat' dir='ltr'><strong>Abraham</strong></span> <span class='ocrx_word' id='word_1_252' title='bbox 1517 3415 1586 3425; x_wconf 93' lang='lat'><strong>—</strong></span> <span class='ocrx_word' id='word_1_253' title='bbox 1637 3400 1849 3442; x_wconf 86' lang='lat' dir='ltr'><strong>meum.</strong></span> <span class='ocrx_word' id='word_1_254' title='bbox 1908 3414 1979 3429; x_wconf 93' lang='lat'><strong><em>—</em></strong></span> <span class='ocrx_word' id='word_1_255' title='bbox 2028 3386 2363 3443; x_wconf 72' lang='lat' dir='ltr'><strong>Ezsultavit</strong></span> 
     </span>
    </p>
   </div>
   <div class='ocr_carea' id='block_1_38' title="bbox 713 3473 2363 3545">
    <p class='ocr_par' dir='ltr' id='par_1_38' title="bbox 713 3473 2363 3545">
     <span class='ocr_line' id='line_1_38' title="bbox 713 3473 2363 3545; baseline 0.001 -17"><span class='ocrx_word' id='word_1_256' title='bbox 713 3473 840 3529; x_wconf 85' lang='lat' dir='ltr'><strong>sive</strong></span> <span class='ocrx_word' id='word_1_257' title='bbox 892 3473 1252 3545; x_wconf 92' lang='lat' dir='ltr'><strong>concupivit.</strong></span> <span class='ocrx_word' id='word_1_258' title='bbox 1286 3473 1446 3530; x_wconf 86' lang='lat' dir='ltr'><strong>Diem</strong></span> <span class='ocrx_word' id='word_1_259' title='bbox 1487 3478 1679 3528; x_wconf 87' lang='lat' dir='ltr'><strong>autem</strong></span> <span class='ocrx_word' id='word_1_260' title='bbox 1746 3489 1925 3529; x_wconf 90' lang='lat' dir='ltr'><strong>suum</strong></span> <span class='ocrx_word' id='word_1_261' title='bbox 2004 3473 2149 3530; x_wconf 89' lang='lat' dir='ltr'><strong>dicit</strong></span> <span class='ocrx_word' id='word_1_262' title='bbox 2200 3473 2363 3530; x_wconf 90' lang='lat' dir='ltr'><strong>diem</strong></span> 
     </span>
    </p>
   </div>
   <div class='ocr_carea' id='block_1_39' title="bbox 711 3562 1030 3636">
    <p class='ocr_par' dir='ltr' id='par_1_39' title="bbox 711 3562 1030 3636">
     <span class='ocr_line' id='line_1_39' title="bbox 711 3562 1030 3636; baseline -0.003 -17"><span class='ocrx_word' id='word_1_263' title='bbox 711 3562 1030 3636; x_wconf 87' lang='lat' dir='ltr'><strong>passionis.</strong></span> 
     </span>
    </p>
   </div>
   <div class='ocr_carea' id='block_1_40' title="bbox 783 3651 2362 3720">
    <p class='ocr_par' dir='ltr' id='par_1_40' title="bbox 783 3651 2362 3720">
     <span class='ocr_line' id='line_1_40' title="bbox 783 3651 2362 3720; baseline 0.002 -15"><span class='ocrx_word' id='word_1_264' title='bbox 783 3651 945 3707; x_wconf 93' lang='lat' dir='ltr'><strong>Vers.</strong></span> <span class='ocrx_word' id='word_1_265' title='bbox 1007 3655 1092 3706; x_wconf 79' lang='lat'><strong>56.</strong></span> <span class='ocrx_word' id='word_1_266' title='bbox 1146 3651 1220 3706; x_wconf 81' lang='lat' dir='ltr'><strong>Et</strong></span> <span class='ocrx_word' id='word_1_267' title='bbox 1278 3651 1448 3715; x_wconf 81' lang='lat' dir='ltr'><strong>vidit,</strong></span> <span class='ocrx_word' id='word_1_268' title='bbox 1509 3657 1563 3707; x_wconf 85' lang='lat' dir='ltr'><strong>et</strong></span> <span class='ocrx_word' id='word_1_269' title='bbox 1631 3652 1870 3720; x_wconf 82' lang='lat' dir='ltr'><strong>gavisus</strong></span> <span class='ocrx_word' id='word_1_270' title='bbox 1939 3658 2044 3708; x_wconf 80' lang='lat' dir='ltr'><strong>est.</strong></span> <span class='ocrx_word' id='word_1_271' title='bbox 2103 3652 2362 3708; x_wconf 84' lang='lat' dir='ltr'><strong>Gavisus</strong></span> 
     </span>
    </p>
   </div>
   <div class='ocr_carea' id='block_1_41' title="bbox 712 3739 2362 3811">
    <p class='ocr_par' dir='ltr' id='par_1_41' title="bbox 712 3739 2362 3811">
     <span class='ocr_line' id='line_1_41' title="bbox 712 3739 2362 3811; baseline 0.001 -17"><span class='ocrx_word' id='word_1_272' title='bbox 712 3744 800 3794; x_wconf 90' lang='lat' dir='ltr'><strong>est</strong></span> <span class='ocrx_word' id='word_1_273' title='bbox 823 3746 1059 3811; x_wconf 88' lang='lat' dir='ltr'><strong>propter</strong></span> <span class='ocrx_word' id='word_1_274' title='bbox 1112 3739 1358 3794; x_wconf 89' lang='lat' dir='ltr'><strong>salutem</strong></span> <span class='ocrx_word' id='word_1_275' title='bbox 1414 3739 1644 3793; x_wconf 91' lang='lat' dir='ltr'><strong>mundi.</strong></span> <span class='ocrx_word' id='word_1_276' title='bbox 1715 3740 2128 3808; x_wconf 70' lang='lat' dir='ltr'><strong>Priecognovit</strong></span> <span class='ocrx_word' id='word_1_277' title='bbox 2195 3757 2362 3796; x_wconf 91' lang='lat' dir='ltr'><strong>nam-</strong></span> 
     </span>
    </p>
   </div>
   <div class='ocr_carea' id='block_1_42' title="bbox 711 3828 2364 3899">
    <p class='ocr_par' dir='ltr' id='par_1_42' title="bbox 711 3828 2364 3899">
     <span class='ocr_line' id='line_1_42' title="bbox 711 3828 2364 3899; baseline 0.003 -18"><span class='ocrx_word' id='word_1_278' title='bbox 711 3843 830 3899; x_wconf 86' lang='lat' dir='ltr'><strong>que</strong></span> <span class='ocrx_word' id='word_1_279' title='bbox 869 3828 1222 3899; x_wconf 88' lang='lat' dir='ltr'><strong>mysterium</strong></span> <span class='ocrx_word' id='word_1_280' title='bbox 1263 3828 1664 3883; x_wconf 81' lang='lat' dir='ltr'><strong>crucitixionis</strong></span> <span class='ocrx_word' id='word_1_281' title='bbox 1709 3830 1942 3884; x_wconf 88' lang='lat' dir='ltr'><strong>Christi.</strong></span> <span class='ocrx_word' id='word_1_282' title='bbox 1999 3831 2364 3886; x_wconf 89' lang='lat' dir='ltr'><strong>Desideravit</strong></span> 
     </span>
    </p>
   </div>
   <div class='ocr_carea' id='block_1_43' title="bbox 712 3915 2358 3989">
    <p class='ocr_par' dir='ltr' id='par_1_43' title="bbox 712 3915 2358 3989">
     <span class='ocr_line' id='line_1_43' title="bbox 712 3915 2358 3989; baseline 0.003 -19"><span class='ocrx_word' id='word_1_283' title='bbox 712 3916 913 3970; x_wconf 87' lang='lat' dir='ltr'><strong>videre</strong></span> <span class='ocrx_word' id='word_1_284' title='bbox 952 3915 1111 3970; x_wconf 90' lang='lat' dir='ltr'><strong>diem</strong></span> <span class='ocrx_word' id='word_1_285' title='bbox 1175 3917 1362 3987; x_wconf 89' lang='lat' dir='ltr'><strong>ipsius</strong></span> <span class='ocrx_word' id='word_1_286' title='bbox 1400 3925 1452 3971; x_wconf 90' lang='lat' dir='ltr'><strong>et</strong></span> <span class='ocrx_word' id='word_1_287' title='bbox 1497 3918 1638 3972; x_wconf 86' lang='lat' dir='ltr'><strong>vidit</strong></span> <span class='ocrx_word' id='word_1_288' title='bbox 1687 3917 1850 3973; x_wconf 89' lang='lat' dir='ltr'><strong>illum</strong></span> <span class='ocrx_word' id='word_1_289' title='bbox 1905 3919 2358 3989; x_wconf 74' lang='lat' dir='ltr'><strong>praeﬁguratum</strong></span> 
     </span>
    </p>
   </div>
   <div class='ocr_carea' id='block_1_44' title="bbox 711 4003 2360 4076">
    <p class='ocr_par' dir='ltr' id='par_1_44' title="bbox 711 4003 2360 4076">
     <span class='ocr_line' id='line_1_44' title="bbox 711 4003 2360 4076; baseline 0.004 -17"><span class='ocrx_word' id='word_1_290' title='bbox 711 4003 1238 4066; x_wconf 81' lang='lat' dir='ltr'><strong>etadumbratum.</strong></span> <span class='ocrx_word' id='word_1_291' title='bbox 1290 4006 1346 4060; x_wconf 91' lang='lat' dir='ltr'><strong>in</strong></span> <span class='ocrx_word' id='word_1_292' title='bbox 1398 4005 1492 4059; x_wconf 91' lang='lat' dir='ltr'><strong>die</strong></span> <span class='ocrx_word' id='word_1_293' title='bbox 1545 4021 1668 4076; x_wconf 92' lang='lat' dir='ltr'><strong>quo</strong></span> <span class='ocrx_word' id='word_1_294' title='bbox 1717 4006 1902 4061; x_wconf 87' lang='lat' dir='ltr'><strong>tilium</strong></span> <span class='ocrx_word' id='word_1_295' title='bbox 1955 4024 2130 4062; x_wconf 89' lang='lat' dir='ltr'><strong>suum</strong></span> <span class='ocrx_word' id='word_1_296' title='bbox 2193 4009 2360 4065; x_wconf 88' lang='lat' dir='ltr'><strong>Isaac</strong></span> 
     </span>
    </p>
   </div>
   <div class='ocr_carea' id='block_1_45' title="bbox 710 4093 2361 4168">
    <p class='ocr_par' dir='ltr' id='par_1_45' title="bbox 710 4093 2361 4168">
     <span class='ocr_line' id='line_1_45' title="bbox 710 4093 2361 4168; baseline 0.004 -19"><span class='ocrx_word' id='word_1_297' title='bbox 710 4093 923 4149; x_wconf 90' lang='lat' dir='ltr'><strong>obtulit</strong></span> <span class='ocrx_word' id='word_1_298' title='bbox 961 4094 1019 4148; x_wconf 88' lang='lat' dir='ltr'><strong>in</strong></span> <span class='ocrx_word' id='word_1_299' title='bbox 1045 4094 1483 4149; x_wconf 85' lang='lat' dir='ltr'><strong>holocaustum.</strong></span> <span class='ocrx_word' id='word_1_300' title='bbox 1533 4095 1734 4150; x_wconf 78' lang='lat' dir='ltr'><strong>Didicit</strong></span> <span class='ocrx_word' id='word_1_301' title='bbox 1775 4097 1954 4159; x_wconf 88' lang='lat' dir='ltr'><strong>enim,</strong></span> <span class='ocrx_word' id='word_1_302' title='bbox 2001 4098 2159 4168; x_wconf 90' lang='lat' dir='ltr'><strong>quod</strong></span> <span class='ocrx_word' id='word_1_303' title='bbox 2213 4100 2361 4155; x_wconf 83' lang='lat' dir='ltr'><strong>sicut</strong></span> 
     </span>
    </p>
   </div>
   <div class='ocr_carea' id='block_1_46' title="bbox 710 4183 2357 4257">
    <p class='ocr_par' dir='ltr' id='par_1_46' title="bbox 710 4183 2357 4257">
     <span class='ocr_line' id='line_1_46' title="bbox 710 4183 2357 4257; baseline 0.003 -19"><span class='ocrx_word' id='word_1_304' title='bbox 710 4183 841 4254; x_wconf 90' lang='lat' dir='ltr'><strong>ipse</strong></span> <span class='ocrx_word' id='word_1_305' title='bbox 891 4199 1008 4237; x_wconf 85' lang='lat' dir='ltr'><strong>non</strong></span> <span class='ocrx_word' id='word_1_306' title='bbox 1081 4184 1343 4254; x_wconf 89' lang='lat' dir='ltr'><strong>pepercit</strong></span> <span class='ocrx_word' id='word_1_307' title='bbox 1390 4200 1500 4238; x_wconf 89' lang='lat' dir='ltr'><strong>suo</strong></span> <span class='ocrx_word' id='word_1_308' title='bbox 1561 4186 1774 4238; x_wconf 87' lang='lat' dir='ltr'><strong>dilecto</strong></span> <span class='ocrx_word' id='word_1_309' title='bbox 1847 4195 2089 4257; x_wconf 84' lang='lat' dir='ltr'><strong>prOpter</strong></span> <span class='ocrx_word' id='word_1_310' title='bbox 2147 4189 2357 4254; x_wconf 85' lang='lat' dir='ltr'><strong>Deum,</strong></span> 
     </span>
    </p>
   </div>
   <div class='ocr_carea' id='block_1_47' title="bbox 2477 531 3942 612">
    <p class='ocr_par' dir='ltr' id='par_1_47' title="bbox 2477 531 3942 612">
     <span class='ocr_line' id='line_1_47' title="bbox 2477 531 3942 612; baseline 0.004 -24"><span class='ocrx_word' id='word_1_311' title='bbox 2477 540 2710 603; x_wconf 70' lang='grc' dir='ltr'>Φανερῶς</span> <span class='ocrx_word' id='word_1_312' title='bbox 2766 538 2864 609; x_wconf 85' lang='grc' dir='ltr'><strong>γὰρ</strong></span> <span class='ocrx_word' id='word_1_313' title='bbox 2892 542 2979 586; x_wconf 91' lang='grc' dir='ltr'><strong>νῦν</strong></span> <span class='ocrx_word' id='word_1_314' title='bbox 3012 534 3106 587; x_wconf 75' lang='grc' dir='ltr'>οὐκ</span> <span class='ocrx_word' id='word_1_315' title='bbox 3138 531 3244 588; x_wconf 85' lang='grc' dir='ltr'>εἶπε</span> <span class='ocrx_word' id='word_1_316' title='bbox 3274 544 3424 588; x_wconf 82' lang='grc' dir='ltr'>τοῦτο</span> <span class='ocrx_word' id='word_1_317' title='bbox 3450 532 3486 589; x_wconf 85' lang='grc' dir='ltr'><em>δ</em></span> <span class='ocrx_word' id='word_1_318' title='bbox 3491 540 3543 588; x_wconf 76' lang='grc' dir='ltr'><strong>ιὰ</strong></span> <span class='ocrx_word' id='word_1_319' title='bbox 3570 542 3650 594; x_wconf 78' lang='grc' dir='ltr'>τὴν</span> <span class='ocrx_word' id='word_1_320' title='bbox 3683 536 3942 612; x_wconf 71' lang='grc' dir='ltr'>ἀναισχνιτέτι</span> 
     </span>
    </p>
   </div>
   <div class='ocr_carea' id='block_1_48' title="bbox 2478 624 2667 677">
    <p class='ocr_par' dir='ltr' id='par_1_48' title="bbox 2478 624 2667 677">
     <span class='ocr_line' id='line_1_48' title="bbox 2478 624 2667 677; baseline 0.005 -1"><span class='ocrx_word' id='word_1_321' title='bbox 2478 624 2667 677; x_wconf 85' lang='grc' dir='ltr'>αύτῶν.</span> 
     </span>
    </p>
   </div>
   <div class='ocr_carea' id='block_1_49' title="bbox 2546 713 3943 786">
    <p class='ocr_par' dir='ltr' id='par_1_49' title="bbox 2546 713 3943 786">
     <span class='ocr_line' id='line_1_49' title="bbox 2546 713 3943 786; baseline 0.006 -22"><span class='ocrx_word' id='word_1_322' title='bbox 2546 713 2640 765; x_wconf 85' lang='grc' dir='ltr'>’ον</span> <span class='ocrx_word' id='word_1_323' title='bbox 2699 744 2768 754; x_wconf 90' lang='grc'><strong><em>-</em></strong></span> <span class='ocrx_word' id='word_1_324' title='bbox 2823 713 3000 765; x_wconf 71' lang='grc' dir='ltr'>αὐτόν.</span> <span class='ocrx_word' id='word_1_325' title='bbox 3063 745 3130 755; x_wconf 88' lang='grc'><strong>-</strong></span> <span class='ocrx_word' id='word_1_326' title='bbox 3171 713 3283 767; x_wconf 79' lang='grc' dir='ltr'><strong>Ούκ</strong></span> <span class='ocrx_word' id='word_1_327' title='bbox 3339 713 3586 786; x_wconf 73' lang='grc' dir='ltr'><strong>ἐγνώκατε</strong></span> <span class='ocrx_word' id='word_1_328' title='bbox 3637 716 3785 781; x_wconf 71' lang='grc' dir='ltr'>αὐτὸν,</span> <span class='ocrx_word' id='word_1_329' title='bbox 3818 723 3943 780; x_wconf 49' lang='lat' dir='ltr'><strong>iam;</strong></span> 
     </span>
    </p>
   </div>
   <div class='ocr_carea' id='block_1_50' title="bbox 2475 801 3943 877">
    <p class='ocr_par' dir='ltr' id='par_1_50' title="bbox 2475 801 3943 877">
     <span class='ocr_line' id='line_1_50' title="bbox 2475 801 3943 877; baseline 0.003 -22"><span class='ocrx_word' id='word_1_330' title='bbox 2475 806 2643 877; x_wconf 79' lang='grc' dir='ltr'>ἔργοις</span> <span class='ocrx_word' id='word_1_331' title='bbox 2689 801 2988 875; x_wconf 73' lang='grc' dir='ltr'><strong>ἀρνούμενοι</strong></span> <span class='ocrx_word' id='word_1_332' title='bbox 3036 802 3208 856; x_wconf 67' lang='grc' dir='ltr'>αὐτὸν.</span> <span class='ocrx_word' id='word_1_333' title='bbox 3266 809 3400 862; x_wconf 71' lang='grc' dir='ltr'>Φησὶ</span> <span class='ocrx_word' id='word_1_334' title='bbox 3457 808 3558 877; x_wconf 78' lang='grc' dir='ltr'><strong>γὰρ</strong></span> <span class='ocrx_word' id='word_1_335' title='bbox 3606 809 3686 855; x_wconf 83' lang='grc' dir='ltr'><strong>καὶ</strong></span> <span class='ocrx_word' id='word_1_336' title='bbox 3733 808 3943 860; x_wconf 51' lang='lat'><strong>61:67::-</strong></span> 
     </span>
    </p>
   </div>
   <div class='ocr_carea' id='block_1_51' title="bbox 2474 889 3946 968">
    <p class='ocr_par' dir='ltr' id='par_1_51' title="bbox 2474 889 3946 968">
     <span class='ocr_line' id='line_1_51' title="bbox 2474 889 3946 968; baseline 0.005 -26"><span class='ocrx_word' id='word_1_337' title='bbox 2474 891 2555 950; x_wconf 91' lang='grc' dir='ltr'><strong>λος</strong></span> <span class='ocrx_word' id='word_1_338' title='bbox 2637 894 2716 942; x_wconf 86' lang='grc' dir='ltr'>ὃτι</span> <span class='ocrx_word' id='word_1_339' title='bbox 2763 896 2892 944; x_wconf 88' lang='grc' dir='ltr'>Θεὸν</span> <span class='ocrx_word' id='word_1_340' title='bbox 2949 892 3291 964; x_wconf 72' lang='grc' dir='ltr'><strong>ὁμολογοῦσιν</strong></span> <span class='ocrx_word' id='word_1_341' title='bbox 3348 889 3564 960; x_wconf 72' lang='grc' dir='ltr'>εἰδέναι,</span> <span class='ocrx_word' id='word_1_342' title='bbox 3613 901 3709 956; x_wconf 84' lang='grc' dir='ltr'>τοῖς</span> <span class='ocrx_word' id='word_1_343' title='bbox 3761 892 3806 948; x_wconf 68' lang='grc' dir='ltr'><strong>δὲ</strong></span> <span class='ocrx_word' id='word_1_344' title='bbox 3852 901 3946 968; x_wconf 53' lang='grc' dir='ltr'>ἔργει,</span> 
     </span>
    </p>
   </div>
   <div class='ocr_carea' id='block_1_52' title="bbox 2478 977 3945 1055">
    <p class='ocr_par' dir='ltr' id='par_1_52' title="bbox 2478 977 3945 1055">
     <span class='ocr_line' id='line_1_52' title="bbox 2478 977 3945 1055; baseline 0.006 -26"><span class='ocrx_word' id='word_1_345' title='bbox 2478 977 2771 1050; x_wconf 85' lang='grc' dir='ltr'>ἀρνοῦνται.</span> <span class='ocrx_word' id='word_1_346' title='bbox 2837 980 2904 1033; x_wconf 80' lang='grc' dir='ltr'><strong>Ἦ</strong></span> <span class='ocrx_word' id='word_1_347' title='bbox 2962 987 3048 1034; x_wconf 81' lang='grc' dir='ltr'>καὶ</span> <span class='ocrx_word' id='word_1_348' title='bbox 3108 985 3171 1042; x_wconf 83' lang='grc' dir='ltr'>ὡς</span> <span class='ocrx_word' id='word_1_349' title='bbox 3223 987 3294 1055; x_wconf 75' lang='grc' dir='ltr'><strong>μὴ</strong></span> <span class='ocrx_word' id='word_1_350' title='bbox 3350 981 3618 1053; x_wconf 76' lang='grc' dir='ltr'>ἆγνωκὸτες</span> <span class='ocrx_word' id='word_1_351' title='bbox 3663 988 3738 1034; x_wconf 81' lang='grc' dir='ltr'><strong>τὸν</strong></span> <span class='ocrx_word' id='word_1_352' title='bbox 3785 988 3868 1037; x_wconf 72' lang='grc' dir='ltr'>Υἱὸτ</span> <span class='ocrx_word' id='word_1_353' title='bbox 3899 992 3945 1038; x_wconf 58' lang='lat' dir='ltr'><strong>tt;-</strong></span> 
     </span>
    </p>
   </div>
   <div class='ocr_carea' id='block_1_53' title="bbox 2475 1069 3942 1145">
    <p class='ocr_par' dir='ltr' id='par_1_53' title="bbox 2475 1069 3942 1145">
     <span class='ocr_line' id='line_1_53' title="bbox 2475 1069 3942 1145; baseline 0.005 -25"><span class='ocrx_word' id='word_1_354' title='bbox 2475 1076 2587 1122; x_wconf 89' lang='grc' dir='ltr'>τοῦ.</span> <span class='ocrx_word' id='word_1_355' title='bbox 2644 1075 2926 1142; x_wconf 84' lang='grc' dir='ltr'>Προείρηκε</span> <span class='ocrx_word' id='word_1_356' title='bbox 2989 1074 3090 1145; x_wconf 79' lang='grc' dir='ltr'>γὰρ</span> <span class='ocrx_word' id='word_1_357' title='bbox 3155 1074 3235 1124; x_wconf 86' lang='grc' dir='ltr'>ὃτι</span> <span class='ocrx_word' id='word_1_358' title='bbox 3292 1073 3351 1124; x_wconf 80' lang='grc' dir='ltr'><strong>Εἰ</strong></span> <span class='ocrx_word' id='word_1_359' title='bbox 3427 1071 3514 1144; x_wconf 74' lang='grc' dir='ltr'><strong>ἔμε</strong></span> <span class='ocrx_word' id='word_1_360' title='bbox 3591 1069 3762 1144; x_wconf 69' lang='grc' dir='ltr'>ᾔδειτε,</span> <span class='ocrx_word' id='word_1_361' title='bbox 3809 1082 3870 1127; x_wconf 70' lang='lat' dir='ltr'><strong>ut</strong></span> <span class='ocrx_word' id='word_1_362' title='bbox 3904 1097 3942 1127; x_wconf 61' lang='lat'><strong>2-.-</strong></span> 
     </span>
    </p>
   </div>
   <div class='ocr_carea' id='block_1_54' title="bbox 2477 1155 3943 1233">
    <p class='ocr_par' dir='ltr' id='par_1_54' title="bbox 2477 1155 3943 1233">
     <span class='ocr_line' id='line_1_54' title="bbox 2477 1155 3943 1233; baseline 0.004 -25"><span class='ocrx_word' id='word_1_363' title='bbox 2477 1162 2684 1229; x_wconf 74' lang='grc' dir='ltr'>Πατέρα</span> <span class='ocrx_word' id='word_1_364' title='bbox 2744 1179 2845 1229; x_wconf 83' lang='grc' dir='ltr'>μου</span> <span class='ocrx_word' id='word_1_365' title='bbox 2903 1155 3079 1231; x_wconf 75' lang='grc' dir='ltr'>ᾔδειτε</span> <span class='ocrx_word' id='word_1_366' title='bbox 3134 1161 3213 1212; x_wconf 83' lang='grc' dir='ltr'>οἶν.</span> <span class='ocrx_word' id='word_1_367' title='bbox 3278 1159 3341 1213; x_wconf 82' lang='grc' dir='ltr'><strong>Ἦ</strong></span> <span class='ocrx_word' id='word_1_368' title='bbox 3406 1163 3471 1221; x_wconf 82' lang='grc' dir='ltr'>ὡς</span> <span class='ocrx_word' id='word_1_369' title='bbox 3527 1166 3597 1233; x_wconf 75' lang='grc' dir='ltr'><strong>μὴ</strong></span> <span class='ocrx_word' id='word_1_370' title='bbox 3659 1171 3872 1232; x_wconf 79' lang='grc' dir='ltr'>τηροῦντες</span> <span class='ocrx_word' id='word_1_371' title='bbox 3905 1172 3943 1216; x_wconf 52' lang='grc' dir='ltr'><strong>τέ.</strong></span> 
     </span>
    </p>
   </div>
   <div class='ocr_carea' id='block_1_55' title="bbox 2474 1245 3942 1326">
    <p class='ocr_par' dir='ltr' id='par_1_55' title="bbox 2474 1245 3942 1326">
     <span class='ocr_line' id='line_1_55' title="bbox 2474 1245 3942 1326; baseline 0.012 -29"><span class='ocrx_word' id='word_1_372' title='bbox 2474 1245 2626 1315; x_wconf 82' lang='grc' dir='ltr'>λόγον</span> <span class='ocrx_word' id='word_1_373' title='bbox 2649 1247 2830 1300; x_wconf 70' lang='grc' dir='ltr'>αὐτοῦ·</span> <span class='ocrx_word' id='word_1_374' title='bbox 2864 1248 2908 1300; x_wconf 83' lang='grc' dir='ltr'>εἰ</span> <span class='ocrx_word' id='word_1_375' title='bbox 2929 1252 3030 1320; x_wconf 76' lang='grc' dir='ltr'>γὰρ</span> <span class='ocrx_word' id='word_1_376' title='bbox 3065 1247 3240 1320; x_wconf 69' lang='grc' dir='ltr'>ᾔδειτε</span> <span class='ocrx_word' id='word_1_377' title='bbox 3270 1250 3446 1315; x_wconf 70' lang='grc' dir='ltr'>αὑτὸν,</span> <span class='ocrx_word' id='word_1_378' title='bbox 3472 1249 3688 1324; x_wconf 78' lang='grc' dir='ltr'>ἐτηρεῖτι</span> <span class='ocrx_word' id='word_1_379' title='bbox 3713 1251 3763 1302; x_wconf 78' lang='grc' dir='ltr'>οἷν</span> <span class='ocrx_word' id='word_1_380' title='bbox 3784 1256 3845 1304; x_wconf 65' lang='grc' dir='ltr'><strong>τὸν</strong></span> <span class='ocrx_word' id='word_1_381' title='bbox 3866 1254 3942 1326; x_wconf 54' lang='lat'><strong>157%:</strong></span> 
     </span>
    </p>
   </div>
   <div class='ocr_carea' id='block_1_56' title="bbox 2476 1355 2659 1390">
    <p class='ocr_par' dir='ltr' id='par_1_56' title="bbox 2476 1355 2659 1390">
     <span class='ocr_line' id='line_1_56' title="bbox 2476 1355 2659 1390; baseline 0.016 -3"><span class='ocrx_word' id='word_1_382' title='bbox 2476 1355 2659 1390; x_wconf 81' lang='grc' dir='ltr'>αυτου.</span> 
     </span>
    </p>
   </div>
   <div class='ocr_carea' id='block_1_57' title="bbox 2551 1510 3944 1590">
    <p class='ocr_par' dir='ltr' id='par_1_57' title="bbox 2551 1510 3944 1590">
     <span class='ocr_line' id='line_1_57' title="bbox 2551 1510 3944 1590; baseline 0.002 -23"><span class='ocrx_word' id='word_1_383' title='bbox 2551 1513 2683 1584; x_wconf 78' lang='grc' dir='ltr'><strong>Ἐγὼ</strong></span> <span class='ocrx_word' id='word_1_384' title='bbox 2715 1510 2774 1567; x_wconf 66' lang='grc' dir='ltr'>δι</span> <span class='ocrx_word' id='word_1_385' title='bbox 2805 1511 2892 1567; x_wconf 82' lang='grc' dir='ltr'><strong>οἶδ</strong></span> <span class='ocrx_word' id='word_1_386' title='bbox 2897 1534 2930 1566; x_wconf 90' lang='grc' dir='ltr'><strong>α</strong></span> <span class='ocrx_word' id='word_1_387' title='bbox 2968 1516 3143 1571; x_wconf 71' lang='grc' dir='ltr'>αὐτόν.</span> <span class='ocrx_word' id='word_1_388' title='bbox 3191 1519 3266 1570; x_wconf 77' lang='grc' dir='ltr'>Ού</span> <span class='ocrx_word' id='word_1_389' title='bbox 3297 1523 3450 1590; x_wconf 82' lang='grc' dir='ltr'>μόνον</span> <span class='ocrx_word' id='word_1_390' title='bbox 3497 1519 3562 1578; x_wconf 75' lang='grc' dir='ltr'>ὡς</span> <span class='ocrx_word' id='word_1_391' title='bbox 3591 1518 3640 1580; x_wconf 77' lang='grc' dir='ltr'><strong>ἐξ</strong></span> <span class='ocrx_word' id='word_1_392' title='bbox 3667 1519 3799 1570; x_wconf 70' lang='grc' dir='ltr'>αὐτοῦ</span> <span class='ocrx_word' id='word_1_393' title='bbox 3820 1528 3877 1570; x_wconf 75' lang='grc' dir='ltr'>και</span> <span class='ocrx_word' id='word_1_394' title='bbox 3901 1530 3944 1570; x_wconf 66' lang='grc' dir='ltr'>τις</span> 
     </span>
    </p>
   </div>
   <div class='ocr_carea' id='block_1_58' title="bbox 2475 1603 3944 1678">
    <p class='ocr_par' dir='ltr' id='par_1_58' title="bbox 2475 1603 3944 1678">
     <span class='ocr_line' id='line_1_58' title="bbox 2475 1603 3944 1678; baseline 0.003 -23"><span class='ocrx_word' id='word_1_395' title='bbox 2475 1603 2635 1664; x_wconf 68' lang='grc' dir='ltr'>αὐτῆς</span> <span class='ocrx_word' id='word_1_396' title='bbox 2664 1603 2851 1665; x_wconf 78' lang='grc' dir='ltr'>ούσίας</span> <span class='ocrx_word' id='word_1_397' title='bbox 2880 1610 2968 1656; x_wconf 74' lang='grc' dir='ltr'><strong>και</strong></span> <span class='ocrx_word' id='word_1_398' title='bbox 2995 1609 3195 1676; x_wconf 71' lang='grc' dir='ltr'>φύσεως</span> <span class='ocrx_word' id='word_1_399' title='bbox 3223 1612 3311 1660; x_wconf 84' lang='grc' dir='ltr'>καὶ</span> <span class='ocrx_word' id='word_1_400' title='bbox 3337 1615 3583 1678; x_wconf 78' lang='grc' dir='ltr'>γνώσεως</span> <span class='ocrx_word' id='word_1_401' title='bbox 3611 1611 3692 1672; x_wconf 83' lang='grc' dir='ltr'>ὦν,</span> <span class='ocrx_word' id='word_1_402' title='bbox 3720 1607 3821 1659; x_wconf 70' lang='grc' dir='ltr'>ἀλλὰ</span> <span class='ocrx_word' id='word_1_403' title='bbox 3847 1613 3944 1668; x_wconf 60' lang='lat' dir='ltr'><strong>uis;</strong></span> 
     </span>
    </p>
   </div>
   <div class='ocr_carea' id='block_1_59' title="bbox 2475 1692 3943 1765">
    <p class='ocr_par' dir='ltr' id='par_1_59' title="bbox 2475 1692 3943 1765">
     <span class='ocr_line' id='line_1_59' title="bbox 2475 1692 3943 1765; baseline -0.002 -16"><span class='ocrx_word' id='word_1_404' title='bbox 2475 1697 2561 1744; x_wconf 85' lang='grc' dir='ltr'><strong>τὸν</strong></span> <span class='ocrx_word' id='word_1_405' title='bbox 2583 1692 2730 1763; x_wconf 73' lang='grc' dir='ltr'>λόγον</span> <span class='ocrx_word' id='word_1_406' title='bbox 2757 1693 2917 1745; x_wconf 69' lang='grc' dir='ltr'>αὑτοῦ</span> <span class='ocrx_word' id='word_1_407' title='bbox 2944 1704 3133 1765; x_wconf 75' lang='grc' dir='ltr'>τηρῶν.</span> <span class='ocrx_word' id='word_1_408' title='bbox 3172 1701 3271 1748; x_wconf 82' lang='grc' dir='ltr'><strong>Καὶ</strong></span> <span class='ocrx_word' id='word_1_409' title='bbox 3301 1696 3475 1749; x_wconf 81' lang='grc' dir='ltr'><strong><em>ὀπίσω</em></strong></span> <span class='ocrx_word' id='word_1_410' title='bbox 3507 1693 3566 1749; x_wconf 69' lang='grc' dir='ltr'>δι</span> <span class='ocrx_word' id='word_1_411' title='bbox 3597 1694 3737 1761; x_wconf 81' lang='grc' dir='ltr'>εἶπεν,</span> <span class='ocrx_word' id='word_1_412' title='bbox 3771 1701 3828 1748; x_wconf 79' lang='grc' dir='ltr'><strong>ὁτι</strong></span> <span class='ocrx_word' id='word_1_413' title='bbox 3849 1700 3943 1748; x_wconf 65' lang='grc' dir='ltr'>Ἒςττλ</span> 
     </span>
    </p>
   </div>
   <div class='ocr_carea' id='block_1_60' title="bbox 2475 1783 3942 1857">
    <p class='ocr_par' dir='ltr' id='par_1_60' title="bbox 2475 1783 3942 1857">
     <span class='ocr_line' id='line_1_60' title="bbox 2475 1783 3942 1857; baseline 0.001 -22"><span class='ocrx_word' id='word_1_414' title='bbox 2475 1783 2674 1842; x_wconf 78' lang='grc' dir='ltr'>ἀληθὴς</span> <span class='ocrx_word' id='word_1_415' title='bbox 2704 1783 2818 1852; x_wconf 87' lang='grc'>(66)</span> <span class='ocrx_word' id='word_1_416' title='bbox 2848 1784 2874 1834; x_wconf 85' lang='grc' dir='ltr'><strong>ὁ</strong></span> <span class='ocrx_word' id='word_1_417' title='bbox 2897 1783 3104 1855; x_wconf 73' lang='grc' dir='ltr'>πέμψας</span> <span class='ocrx_word' id='word_1_418' title='bbox 3141 1803 3224 1855; x_wconf 76' lang='grc' dir='ltr'>με,</span> <span class='ocrx_word' id='word_1_419' title='bbox 3256 1785 3310 1836; x_wconf 86' lang='grc' dir='ltr'>ὃν</span> <span class='ocrx_word' id='word_1_420' title='bbox 3355 1787 3506 1857; x_wconf 78' lang='grc' dir='ltr'>ὑμεῖς</span> <span class='ocrx_word' id='word_1_421' title='bbox 3537 1786 3630 1838; x_wconf 71' lang='grc' dir='ltr'>οὐκ</span> <span class='ocrx_word' id='word_1_422' title='bbox 3653 1783 3818 1854; x_wconf 79' lang='grc' dir='ltr'>οἰδατε,</span> <span class='ocrx_word' id='word_1_423' title='bbox 3845 1783 3942 1856; x_wconf 49' lang='lat' dir='ltr'><strong>api:</strong></span> 
     </span>
    </p>
   </div>
   <div class='ocr_carea' id='block_1_61' title="bbox 2476 1867 3432 1948">
    <p class='ocr_par' dir='ltr' id='par_1_61' title="bbox 2476 1867 3432 1948">
     <span class='ocr_line' id='line_1_61' title="bbox 2476 1867 3432 1948; baseline 0.004 -25"><span class='ocrx_word' id='word_1_424' title='bbox 2476 1867 2600 1923; x_wconf 85' lang='grc' dir='ltr'>οῖδα</span> <span class='ocrx_word' id='word_1_425' title='bbox 2631 1871 2807 1942; x_wconf 76' lang='grc' dir='ltr'>αὐτὸν,</span> <span class='ocrx_word' id='word_1_426' title='bbox 2843 1875 2919 1924; x_wconf 68' lang='grc' dir='ltr'>ὃτι</span> <span class='ocrx_word' id='word_1_427' title='bbox 2952 1873 3074 1948; x_wconf 83' lang='grc' dir='ltr'>παρ’</span> <span class='ocrx_word' id='word_1_428' title='bbox 3109 1873 3268 1927; x_wconf 75' lang='grc' dir='ltr'>αὐτοῦ</span> <span class='ocrx_word' id='word_1_429' title='bbox 3299 1875 3432 1947; x_wconf 75' lang='grc' dir='ltr'>εἰμι.</span> 
     </span>
    </p>
   </div>
   <div class='ocr_carea' id='block_1_62' title="bbox 2552 2049 3940 2126">
    <p class='ocr_par' dir='ltr' id='par_1_62' title="bbox 2552 2049 3940 2126">
     <span class='ocr_line' id='line_1_62' title="bbox 2552 2049 3940 2126; baseline 0.003 -26"><span class='ocrx_word' id='word_1_430' title='bbox 2552 2053 2653 2101; x_wconf 76' lang='grc' dir='ltr'><strong>Καὶ</strong></span> <span class='ocrx_word' id='word_1_431' title='bbox 2708 2080 2775 2090; x_wconf 90' lang='grc'><strong>-</strong></span> <span class='ocrx_word' id='word_1_432' title='bbox 2831 2050 3081 2120; x_wconf 73' lang='grc' dir='ltr'>ψεύστης.</span> <span class='ocrx_word' id='word_1_433' title='bbox 3140 2049 3401 2105; x_wconf 81' lang='grc' dir='ltr'>Ψεύδεσθι</span> <span class='ocrx_word' id='word_1_434' title='bbox 3466 2056 3571 2125; x_wconf 77' lang='grc' dir='ltr'><strong>γὰρ</strong></span> <span class='ocrx_word' id='word_1_435' title='bbox 3642 2055 3769 2126; x_wconf 71' lang='grc' dir='ltr'>ὑμεῖς</span> <span class='ocrx_word' id='word_1_436' title='bbox 3820 2055 3940 2122; x_wconf 51' lang='lat' dir='ltr'><strong>ialm;</strong></span> 
     </span>
    </p>
   </div>
   <div class='ocr_carea' id='block_1_63' title="bbox 2477 2138 3936 2214">
    <p class='ocr_par' dir='ltr' id='par_1_63' title="bbox 2477 2138 3936 2214">
     <span class='ocr_line' id='line_1_63' title="bbox 2477 2138 3936 2214; baseline 0.003 -24"><span class='ocrx_word' id='word_1_437' title='bbox 2477 2138 2558 2190; x_wconf 85' lang='grc' dir='ltr'>ὅτι</span> <span class='ocrx_word' id='word_1_438' title='bbox 2583 2139 2700 2208; x_wconf 84' lang='lat'><strong>(67)</strong></span> <span class='ocrx_word' id='word_1_439' title='bbox 2754 2143 2878 2199; x_wconf 84' lang='grc' dir='ltr'><strong>Θεὸς</strong></span> <span class='ocrx_word' id='word_1_440' title='bbox 2928 2141 3070 2212; x_wconf 79' lang='grc' dir='ltr'><strong>ὑμῶν</strong></span> <span class='ocrx_word' id='word_1_441' title='bbox 3125 2139 3284 2202; x_wconf 75' lang='grc' dir='ltr'>ἔστιν,</span> <span class='ocrx_word' id='word_1_442' title='bbox 3327 2142 3386 2193; x_wconf 80' lang='grc' dir='ltr'><strong>ού</strong></span> <span class='ocrx_word' id='word_1_443' title='bbox 3440 2145 3546 2214; x_wconf 79' lang='grc' dir='ltr'>γὰρ</span> <span class='ocrx_word' id='word_1_444' title='bbox 3611 2141 3823 2213; x_wconf 49' lang='lat' dir='ltr'><strong>ipsum</strong></span> <span class='ocrx_word' id='word_1_445' title='bbox 3855 2143 3936 2194; x_wconf 58' lang='lat' dir='ltr'><strong>trita.</strong></span> 
     </span>
    </p>
   </div>
   <div class='ocr_carea' id='block_1_64' title="bbox 2479 2227 3936 2305">
    <p class='ocr_par' dir='ltr' id='par_1_64' title="bbox 2479 2227 3936 2305">
     <span class='ocr_line' id='line_1_64' title="bbox 2479 2227 3936 2305; baseline 0.002 -25"><span class='ocrx_word' id='word_1_446' title='bbox 2479 2232 2548 2288; x_wconf 79' lang='grc' dir='ltr'>ὡς</span> <span class='ocrx_word' id='word_1_447' title='bbox 2603 2235 2927 2303; x_wconf 77' lang='grc' dir='ltr'>προείρηται.</span> <span class='ocrx_word' id='word_1_448' title='bbox 2989 2227 3210 2288; x_wconf 79' lang='grc' dir='ltr'>Εῖδησιν</span> <span class='ocrx_word' id='word_1_449' title='bbox 3284 2229 3344 2285; x_wconf 74' lang='grc' dir='ltr'>δε</span> <span class='ocrx_word' id='word_1_450' title='bbox 3407 2238 3502 2285; x_wconf 81' lang='grc' dir='ltr'>καὶ</span> <span class='ocrx_word' id='word_1_451' title='bbox 3573 2239 3752 2305; x_wconf 80' lang='grc' dir='ltr'>γνῶσίν</span> <span class='ocrx_word' id='word_1_452' title='bbox 3805 2253 3936 2302; x_wconf 52' lang='lat' dir='ltr'><strong>sint:</strong></span> 
     </span>
    </p>
   </div>
   <div class='ocr_carea' id='block_1_65' title="bbox 2478 2315 3935 2390">
    <p class='ocr_par' dir='ltr' id='par_1_65' title="bbox 2478 2315 3935 2390">
     <span class='ocr_line' id='line_1_65' title="bbox 2478 2315 3935 2390; baseline 0.004 -20"><span class='ocrx_word' id='word_1_453' title='bbox 2478 2315 2670 2371; x_wconf 73' lang='grc' dir='ltr'>εἰδέναι</span> <span class='ocrx_word' id='word_1_454' title='bbox 2695 2325 2782 2371; x_wconf 80' lang='grc' dir='ltr'>καὶ</span> <span class='ocrx_word' id='word_1_455' title='bbox 2813 2326 3087 2390; x_wconf 76' lang='grc' dir='ltr'>γινώσκειν</span> <span class='ocrx_word' id='word_1_456' title='bbox 3117 2320 3287 2381; x_wconf 76' lang='grc' dir='ltr'>ἀτελῶς</span> <span class='ocrx_word' id='word_1_457' title='bbox 3316 2323 3395 2373; x_wconf 84' lang='grc' dir='ltr'>ὅτι</span> <span class='ocrx_word' id='word_1_458' title='bbox 3426 2321 3546 2374; x_wconf 73' lang='grc' dir='ltr'><strong>ἐστὶ</strong></span> <span class='ocrx_word' id='word_1_459' title='bbox 3589 2326 3708 2384; x_wconf 85' lang='grc' dir='ltr'>Θεὸς</span> <span class='ocrx_word' id='word_1_460' title='bbox 3736 2327 3806 2372; x_wconf 80' lang='grc' dir='ltr'>καὶ</span> <span class='ocrx_word' id='word_1_461' title='bbox 3839 2328 3935 2388; x_wconf 57' lang='lat' dir='ltr'><strong>{In}.</strong></span> 
     </span>
    </p>
   </div>
   <div class='ocr_carea' id='block_1_66' title="bbox 2477 2407 3929 2480">
    <p class='ocr_par' dir='ltr' id='par_1_66' title="bbox 2477 2407 3929 2480">
     <span class='ocr_line' id='line_1_66' title="bbox 2477 2407 3929 2480; baseline -0.001 -21"><span class='ocrx_word' id='word_1_462' title='bbox 2477 2407 2535 2459; x_wconf 82' lang='grc' dir='ltr'><strong>ού</strong></span> <span class='ocrx_word' id='word_1_463' title='bbox 2576 2411 2678 2478; x_wconf 76' lang='grc' dir='ltr'><strong>μὴν</strong></span> <span class='ocrx_word' id='word_1_464' title='bbox 2718 2412 2812 2464; x_wconf 76' lang='grc' dir='ltr'>τὴν</span> <span class='ocrx_word' id='word_1_465' title='bbox 2844 2409 2956 2478; x_wconf 86' lang='grc'>(68)</span> <span class='ocrx_word' id='word_1_466' title='bbox 2987 2417 3082 2468; x_wconf 79' lang='grc' dir='ltr'>τῆς</span> <span class='ocrx_word' id='word_1_467' title='bbox 3112 2412 3312 2480; x_wconf 73' lang='grc' dir='ltr'>φύσεως</span> <span class='ocrx_word' id='word_1_468' title='bbox 3359 2417 3455 2462; x_wconf 86' lang='grc' dir='ltr'><strong>τοῦ</strong></span> <span class='ocrx_word' id='word_1_469' title='bbox 3506 2417 3660 2464; x_wconf 87' lang='grc' dir='ltr'>Θεοῦ.</span> <span class='ocrx_word' id='word_1_470' title='bbox 3704 2413 3816 2468; x_wconf 70' lang='grc' dir='ltr'>Δῦτι</span> <span class='ocrx_word' id='word_1_471' title='bbox 3843 2430 3929 2479; x_wconf 67' lang='lat' dir='ltr'><strong>Tm.</strong></span> 
     </span>
    </p>
   </div>
   <div class='ocr_carea' id='block_1_67' title="bbox 2477 2496 3923 2568">
    <p class='ocr_par' dir='ltr' id='par_1_67' title="bbox 2477 2496 3923 2568">
     <span class='ocr_line' id='line_1_67' title="bbox 2477 2496 3923 2568; baseline 0.007 -21"><span class='ocrx_word' id='word_1_472' title='bbox 2477 2502 2628 2568; x_wconf 79' lang='grc' dir='ltr'>μόνον</span> <span class='ocrx_word' id='word_1_473' title='bbox 2677 2499 2959 2568; x_wconf 75' lang='grc' dir='ltr'>ἄγνωστος,</span> <span class='ocrx_word' id='word_1_474' title='bbox 3016 2496 3142 2549; x_wconf 84' lang='grc' dir='ltr'><strong>ἀλλά</strong></span> <span class='ocrx_word' id='word_1_475' title='bbox 3192 2504 3280 2550; x_wconf 83' lang='grc' dir='ltr'>καὶ</span> <span class='ocrx_word' id='word_1_476' title='bbox 3332 2499 3600 2563; x_wconf 81' lang='grc' dir='ltr'>παντελῶς</span> <span class='ocrx_word' id='word_1_477' title='bbox 3651 2499 3923 2557; x_wconf 57' lang='lat' dir='ltr'><strong>aber:</strong></span> 
     </span>
    </p>
   </div>
   <div class='ocr_carea' id='block_1_68' title="bbox 2479 2583 3918 2662">
    <p class='ocr_par' dir='ltr' id='par_1_68' title="bbox 2479 2583 3918 2662">
     <span class='ocr_line' id='line_1_68' title="bbox 2479 2583 3918 2662; baseline 0.002 -26"><span class='ocrx_word' id='word_1_478' title='bbox 2479 2583 2900 2657; x_wconf 75' lang='grc' dir='ltr'>ἀνεπιχείρητος,</span> <span class='ocrx_word' id='word_1_479' title='bbox 2931 2591 3021 2638; x_wconf 80' lang='grc' dir='ltr'>καὶ</span> <span class='ocrx_word' id='word_1_480' title='bbox 3051 2586 3110 2638; x_wconf 84' lang='grc' dir='ltr'><strong>ού</strong></span> <span class='ocrx_word' id='word_1_481' title='bbox 3140 2591 3293 2659; x_wconf 84' lang='grc' dir='ltr'>μόνον</span> <span class='ocrx_word' id='word_1_482' title='bbox 3324 2586 3641 2662; x_wconf 81' lang='grc' dir='ltr'>ἀνθρώποις,</span> <span class='ocrx_word' id='word_1_483' title='bbox 3682 2589 3794 2641; x_wconf 72' lang='grc' dir='ltr'>ἀλλὰ</span> <span class='ocrx_word' id='word_1_484' title='bbox 3814 2609 3860 2639; x_wconf 74' lang='grc' dir='ltr'>ιιι</span> <span class='ocrx_word' id='word_1_485' title='bbox 3876 2595 3918 2640; x_wconf 46' lang='lat' dir='ltr'><strong>si;</strong></span> 
     </span>
    </p>
   </div>
   <div class='ocr_carea' id='block_1_69' title="bbox 2477 2672 3084 2748">
    <p class='ocr_par' dir='ltr' id='par_1_69' title="bbox 2477 2672 3084 2748">
     <span class='ocr_line' id='line_1_69' title="bbox 2477 2672 3084 2748; baseline 0.007 -21"><span class='ocrx_word' id='word_1_486' title='bbox 2477 2674 2739 2746; x_wconf 71' lang='grc' dir='ltr'>οὐρανίαις</span> <span class='ocrx_word' id='word_1_487' title='bbox 2779 2672 3084 2748; x_wconf 74' lang='grc' dir='ltr'>δυνάμεσιν.</span> 
     </span>
    </p>
   </div>
   <div class='ocr_carea' id='block_1_70' title="bbox 2550 2852 3941 2927">
    <p class='ocr_par' dir='ltr' id='par_1_70' title="bbox 2550 2852 3941 2927">
     <span class='ocr_line' id='line_1_70' title="bbox 2550 2852 3941 2927; baseline -0.003 -21"><span class='ocrx_word' id='word_1_488' title='bbox 2550 2852 2690 2906; x_wconf 81' lang='grc' dir='ltr'>Ἀλλ’</span> <span class='ocrx_word' id='word_1_489' title='bbox 2713 2883 2781 2893; x_wconf 90' lang='grc'><strong><em>-</em></strong></span> <span class='ocrx_word' id='word_1_490' title='bbox 2810 2862 2972 2927; x_wconf 82' lang='grc' dir='ltr'>τηρῶ.</span> <span class='ocrx_word' id='word_1_491' title='bbox 2995 2859 3147 2925; x_wconf 80' lang='grc' dir='ltr'>Ὁρᾷς</span> <span class='ocrx_word' id='word_1_492' title='bbox 3164 2855 3243 2906; x_wconf 86' lang='grc' dir='ltr'>ὃτι</span> <span class='ocrx_word' id='word_1_493' title='bbox 3264 2857 3322 2906; x_wconf 88' lang='grc' dir='ltr'><strong>τὸ</strong></span> <span class='ocrx_word' id='word_1_494' title='bbox 3350 2857 3437 2907; x_wconf 81' lang='grc' dir='ltr'><strong>τὸν</strong></span> <span class='ocrx_word' id='word_1_495' title='bbox 3459 2854 3614 2927; x_wconf 84' lang='grc' dir='ltr'>λόγον</span> <span class='ocrx_word' id='word_1_496' title='bbox 3640 2864 3724 2909; x_wconf 87' lang='grc' dir='ltr'><strong>τοῦ</strong></span> <span class='ocrx_word' id='word_1_497' title='bbox 3748 2863 3845 2909; x_wconf 74' lang='grc' dir='ltr'>Θεοῦ</span> <span class='ocrx_word' id='word_1_498' title='bbox 3859 2859 3941 2925; x_wconf 50' lang='lat' dir='ltr'><strong>nisi»</strong></span> 
     </span>
    </p>
   </div>
   <div class='ocr_carea' id='block_1_71' title="bbox 2481 2939 3944 3018">
    <p class='ocr_par' dir='ltr' id='par_1_71' title="bbox 2481 2939 3944 3018">
     <span class='ocr_line' id='line_1_71' title="bbox 2481 2939 3944 3018; baseline -0.001 -24"><span class='ocrx_word' id='word_1_499' title='bbox 2481 2947 2694 3014; x_wconf 82' lang='grc' dir='ltr'>σημεῖον</span> <span class='ocrx_word' id='word_1_500' title='bbox 2721 2941 2837 2993; x_wconf 81' lang='grc' dir='ltr'>ίοτι</span> <span class='ocrx_word' id='word_1_501' title='bbox 2861 2951 2950 2994; x_wconf 91' lang='grc' dir='ltr'><strong>τοῦ</strong></span> <span class='ocrx_word' id='word_1_502' title='bbox 2977 2939 3169 2994; x_wconf 70' lang='grc' dir='ltr'>εἰδέναι</span> <span class='ocrx_word' id='word_1_503' title='bbox 3196 2942 3371 2995; x_wconf 76' lang='grc' dir='ltr'>αὐτόν.</span> <span class='ocrx_word' id='word_1_504' title='bbox 3391 2945 3710 3018; x_wconf 73' lang='grc' dir='ltr'>Φαϐηθὼμεν</span> <span class='ocrx_word' id='word_1_505' title='bbox 3734 2947 3944 2997; x_wconf 62' lang='lat' dir='ltr'><strong>miras-3T1:</strong></span> 
     </span>
    </p>
   </div>
   <div class='ocr_carea' id='block_1_72' title="bbox 2478 3030 3946 3105">
    <p class='ocr_par' dir='ltr' id='par_1_72' title="bbox 2478 3030 3946 3105">
     <span class='ocr_line' id='line_1_72' title="bbox 2478 3030 3946 3105; baseline -0.001 -23"><span class='ocrx_word' id='word_1_506' title='bbox 2478 3030 2678 3090; x_wconf 74' lang='grc' dir='ltr'>ἐντολὰς</span> <span class='ocrx_word' id='word_1_507' title='bbox 2707 3037 2796 3082; x_wconf 91' lang='grc' dir='ltr'><strong>τοῦ</strong></span> <span class='ocrx_word' id='word_1_508' title='bbox 2833 3035 2961 3083; x_wconf 82' lang='grc' dir='ltr'>Θεοῦ</span> <span class='ocrx_word' id='word_1_509' title='bbox 2991 3035 3062 3101; x_wconf 76' lang='grc' dir='ltr'><strong>μὴ</strong></span> <span class='ocrx_word' id='word_1_510' title='bbox 3112 3031 3472 3102; x_wconf 73' lang='grc' dir='ltr'>φυλάττοντες,</span> <span class='ocrx_word' id='word_1_511' title='bbox 3507 3035 3579 3095; x_wconf 78' lang='grc' dir='ltr'>ὡς</span> <span class='ocrx_word' id='word_1_512' title='bbox 3609 3039 3859 3105; x_wconf 71' lang='grc' dir='ltr'>ταττόμενοι</span> <span class='ocrx_word' id='word_1_513' title='bbox 3888 3048 3946 3098; x_wconf 57' lang='lat' dir='ltr'><strong>an</strong></span> 
     </span>
    </p>
   </div>
   <div class='ocr_carea' id='block_1_73' title="bbox 2477 3118 3949 3191">
    <p class='ocr_par' dir='ltr' id='par_1_73' title="bbox 2477 3118 3949 3191">
     <span class='ocr_line' id='line_1_73' title="bbox 2477 3118 3949 3191; baseline -0.001 -20"><span class='ocrx_word' id='word_1_514' title='bbox 2477 3128 2575 3171; x_wconf 81' lang='grc' dir='ltr'>τῶν</span> <span class='ocrx_word' id='word_1_515' title='bbox 2608 3118 2926 3191; x_wconf 72' lang='grc' dir='ltr'>ἀγνοούντων</span> <span class='ocrx_word' id='word_1_516' title='bbox 2972 3123 3058 3171; x_wconf 80' lang='grc' dir='ltr'><strong>τὸν</strong></span> <span class='ocrx_word' id='word_1_517' title='bbox 3099 3125 3245 3175; x_wconf 88' lang='grc' dir='ltr'>Θεὸν.</span> <span class='ocrx_word' id='word_1_518' title='bbox 3289 3118 3416 3174; x_wconf 82' lang='grc' dir='ltr'>Εἶτα</span> <span class='ocrx_word' id='word_1_519' title='bbox 3455 3124 3812 3184; x_wconf 73' lang='grc' dir='ltr'>κατασκευάζει</span> <span class='ocrx_word' id='word_1_520' title='bbox 3839 3126 3893 3171; x_wconf 74' lang='lat' dir='ltr'><strong>nt</strong></span> <span class='ocrx_word' id='word_1_521' title='bbox 3916 3120 3949 3167; x_wconf 65' lang='grc' dir='ltr'>ἑτι</span> 
     </span>
    </p>
   </div>
   <div class='ocr_carea' id='block_1_74' title="bbox 2475 3208 3224 3282">
    <p class='ocr_par' dir='ltr' id='par_1_74' title="bbox 2475 3208 3224 3282">
     <span class='ocr_line' id='line_1_74' title="bbox 2475 3208 3224 3282; baseline 0.001 -22"><span class='ocrx_word' id='word_1_522' title='bbox 2475 3209 2667 3280; x_wconf 71' lang='grc' dir='ltr'>μείζων</span> <span class='ocrx_word' id='word_1_523' title='bbox 2699 3208 2812 3260; x_wconf 74' lang='grc' dir='ltr'><strong>ἔστὶ</strong></span> <span class='ocrx_word' id='word_1_524' title='bbox 2841 3216 2932 3260; x_wconf 89' lang='grc' dir='ltr'><strong>τοῦ</strong></span> <span class='ocrx_word' id='word_1_525' title='bbox 2967 3208 3224 3282; x_wconf 72' lang='grc' dir='ltr'><strong>’Λϐραοὶμη</strong></span> 
     </span>
    </p>
   </div>
   <div class='ocr_carea' id='block_1_75' title="bbox 2550 3295 3951 3371">
    <p class='ocr_par' dir='ltr' id='par_1_75' title="bbox 2550 3295 3951 3371">
     <span class='ocr_line' id='line_1_75' title="bbox 2550 3295 3951 3371; baseline -0.009 -13"><span class='ocrx_word' id='word_1_526' title='bbox 2550 3296 2787 3371; x_wconf 76' lang='grc' dir='ltr'>Ἀϐραὰμ</span> <span class='ocrx_word' id='word_1_527' title='bbox 2845 3328 2912 3337; x_wconf 87' lang='grc'><strong>--</strong></span> <span class='ocrx_word' id='word_1_528' title='bbox 2968 3296 3110 3369; x_wconf 76' lang='grc' dir='ltr'><strong>ὶμήν.</strong></span> <span class='ocrx_word' id='word_1_529' title='bbox 3175 3329 3243 3339; x_wconf 89' lang='grc'><strong>-</strong></span> <span class='ocrx_word' id='word_1_530' title='bbox 3305 3299 3706 3371; x_wconf 77' lang='grc' dir='ltr'>Ἢγαλλιάσατο,</span> <span class='ocrx_word' id='word_1_531' title='bbox 3751 3304 3869 3370; x_wconf 71' lang='grc' dir='ltr'>ξγονν</span> <span class='ocrx_word' id='word_1_532' title='bbox 3901 3295 3951 3345; x_wconf 46' lang='lat'><strong>£11”</strong></span> 
     </span>
    </p>
   </div>
   <div class='ocr_carea' id='block_1_76' title="bbox 2477 3385 3951 3462">
    <p class='ocr_par' dir='ltr' id='par_1_76' title="bbox 2477 3385 3951 3462">
     <span class='ocr_line' id='line_1_76' title="bbox 2477 3385 3951 3462; baseline -0.001 -17"><span class='ocrx_word' id='word_1_533' title='bbox 2477 3389 2728 3459; x_wconf 80' lang='grc' dir='ltr'>θύμησεν.</span> <span class='ocrx_word' id='word_1_534' title='bbox 2805 3386 3050 3460; x_wconf 72' lang='grc' dir='ltr'>[Ἡμέραν</span> <span class='ocrx_word' id='word_1_535' title='bbox 3121 3388 3234 3459; x_wconf 83' lang='grc'>(69)</span> <span class='ocrx_word' id='word_1_536' title='bbox 3289 3385 3346 3441; x_wconf 82' lang='grc' dir='ltr'>δε</span> <span class='ocrx_word' id='word_1_537' title='bbox 3420 3389 3585 3444; x_wconf 75' lang='grc' dir='ltr'>αὐτοῦ</span> <span class='ocrx_word' id='word_1_538' title='bbox 3641 3390 3762 3462; x_wconf 73' lang='grc' dir='ltr'>λέγει</span> <span class='ocrx_word' id='word_1_539' title='bbox 3815 3393 3878 3444; x_wconf 70' lang='grc' dir='ltr'>τὶν</span> <span class='ocrx_word' id='word_1_540' title='bbox 3911 3403 3951 3434; x_wconf 50' lang='lat' dir='ltr'><strong>se</strong></span> 
     </span>
    </p>
   </div>
   <div class='ocr_carea' id='block_1_77' title="bbox 2477 3484 2728 3549">
    <p class='ocr_par' dir='ltr' id='par_1_77' title="bbox 2477 3484 2728 3549">
     <span class='ocr_line' id='line_1_77' title="bbox 2477 3484 2728 3549; baseline 0.012 -21"><span class='ocrx_word' id='word_1_541' title='bbox 2477 3484 2728 3549; x_wconf 83' lang='grc' dir='ltr'>σταυροῦ.</span> 
     </span>
    </p>
   </div>
   <div class='ocr_carea' id='block_1_78' title="bbox 2547 3651 3954 3730">
    <p class='ocr_par' dir='ltr' id='par_1_78' title="bbox 2547 3651 3954 3730">
     <span class='ocr_line' id='line_1_78' title="bbox 2547 3651 3954 3730; baseline -0.005 -22"><span class='ocrx_word' id='word_1_542' title='bbox 2547 3659 2647 3708; x_wconf 74' lang='grc' dir='ltr'><strong>Καὶ</strong></span> <span class='ocrx_word' id='word_1_543' title='bbox 2705 3651 2832 3717; x_wconf 86' lang='grc' dir='ltr'>εἶδε,</span> <span class='ocrx_word' id='word_1_544' title='bbox 2881 3659 2967 3707; x_wconf 75' lang='grc' dir='ltr'>καὶ</span> <span class='ocrx_word' id='word_1_545' title='bbox 3022 3654 3214 3730; x_wconf 74' lang='grc' dir='ltr'>ἄχοὶρη.</span> <span class='ocrx_word' id='word_1_546' title='bbox 3276 3656 3478 3730; x_wconf 78' lang='grc' dir='ltr'>Ἐχάρη</span> <span class='ocrx_word' id='word_1_547' title='bbox 3531 3654 3625 3710; x_wconf 76' lang='grc' dir='ltr'><strong>διὰ</strong></span> <span class='ocrx_word' id='word_1_548' title='bbox 3669 3662 3753 3716; x_wconf 70' lang='grc' dir='ltr'>τὴν</span> <span class='ocrx_word' id='word_1_549' title='bbox 3793 3657 3954 3722; x_wconf 51' lang='lat' dir='ltr'><strong>curatio</strong></span> 
     </span>
    </p>
   </div>
   <div class='ocr_carea' id='block_1_79' title="bbox 2471 3747 3955 3820">
    <p class='ocr_par' dir='ltr' id='par_1_79' title="bbox 2471 3747 3955 3820">
     <span class='ocr_line' id='line_1_79' title="bbox 2471 3747 3955 3820; baseline -0.002 -24"><span class='ocrx_word' id='word_1_550' title='bbox 2471 3752 2563 3796; x_wconf 86' lang='grc' dir='ltr'><strong>τοῦ</strong></span> <span class='ocrx_word' id='word_1_551' title='bbox 2612 3749 2834 3815; x_wconf 78' lang='grc' dir='ltr'>κόσμου.</span> <span class='ocrx_word' id='word_1_552' title='bbox 2885 3749 3143 3816; x_wconf 82' lang='grc' dir='ltr'>Προγνούς</span> <span class='ocrx_word' id='word_1_553' title='bbox 3183 3747 3284 3818; x_wconf 81' lang='grc' dir='ltr'><strong>γὰρ</strong></span> <span class='ocrx_word' id='word_1_554' title='bbox 3336 3748 3395 3798; x_wconf 90' lang='grc' dir='ltr'><strong>τὸ</strong></span> <span class='ocrx_word' id='word_1_555' title='bbox 3451 3753 3736 3820; x_wconf 79' lang='grc' dir='ltr'>μυστήριον</span> <span class='ocrx_word' id='word_1_556' title='bbox 3781 3753 3955 3803; x_wconf 60' lang='lat' dir='ltr'><strong>riga-rw</strong></span> 
     </span>
    </p>
   </div>
   <div class='ocr_carea' id='block_1_80' title="bbox 2471 3832 3956 3908">
    <p class='ocr_par' dir='ltr' id='par_1_80' title="bbox 2471 3832 3956 3908">
     <span class='ocr_line' id='line_1_80' title="bbox 2471 3832 3956 3908; baseline 0.003 -24"><span class='ocrx_word' id='word_1_557' title='bbox 2471 3839 2679 3906; x_wconf 80' lang='grc' dir='ltr'>ρώσεως</span> <span class='ocrx_word' id='word_1_558' title='bbox 2722 3840 2814 3884; x_wconf 85' lang='grc' dir='ltr'><strong>τοῦ</strong></span> <span class='ocrx_word' id='word_1_559' title='bbox 2878 3841 3112 3905; x_wconf 78' lang='grc' dir='ltr'>Χριστοῦ</span> <span class='ocrx_word' id='word_1_560' title='bbox 3163 3832 3510 3908; x_wconf 77' lang='grc' dir='ltr'>ἐπεθύμησεν]</span> <span class='ocrx_word' id='word_1_561' title='bbox 3570 3833 3692 3889; x_wconf 83' lang='grc' dir='ltr'>ἰδεῖν</span> <span class='ocrx_word' id='word_1_562' title='bbox 3739 3840 3815 3890; x_wconf 67' lang='grc' dir='ltr'>τὶν</span> <span class='ocrx_word' id='word_1_563' title='bbox 3844 3835 3956 3901; x_wconf 57' lang='grc' dir='ltr'><strong>ὑμεῖν</strong></span> 
     </span>
    </p>
   </div>
   <div class='ocr_carea' id='block_1_81' title="bbox 2473 3918 3947 3998">
    <p class='ocr_par' dir='ltr' id='par_1_81' title="bbox 2473 3918 3947 3998">
     <span class='ocr_line' id='line_1_81' title="bbox 2473 3918 3947 3998; baseline -0.001 -25"><span class='ocrx_word' id='word_1_564' title='bbox 2473 3922 2653 3988; x_wconf 85' lang='grc' dir='ltr'>αύτοῦ,</span> <span class='ocrx_word' id='word_1_565' title='bbox 2715 3927 2805 3974; x_wconf 75' lang='grc' dir='ltr'>καὶ</span> <span class='ocrx_word' id='word_1_566' title='bbox 2854 3918 2987 3974; x_wconf 79' lang='grc' dir='ltr'>εἶδεν</span> <span class='ocrx_word' id='word_1_567' title='bbox 3037 3923 3193 3980; x_wconf 67' lang='grc' dir='ltr'>αὐτὴν</span> <span class='ocrx_word' id='word_1_568' title='bbox 3252 3922 3272 3995; x_wconf 94' lang='grc'>[</span> <span class='ocrx_word' id='word_1_569' title='bbox 3325 3926 3866 3998; x_wconf 68' lang='grc' dir='ltr'>προσκιαγραφηθεῑσιιν</span> <span class='ocrx_word' id='word_1_570' title='bbox 3898 3922 3947 3978; x_wconf 64' lang='lat' dir='ltr'><strong>(TD</strong></span> 
     </span>
    </p>
   </div>
   <div class='ocr_carea' id='block_1_82' title="bbox 2469 4006 3958 4083">
    <p class='ocr_par' dir='ltr' id='par_1_82' title="bbox 2469 4006 3958 4083">
     <span class='ocr_line' id='line_1_82' title="bbox 2469 4006 3958 4083; baseline -0.007 -22"><span class='ocrx_word' id='word_1_571' title='bbox 2469 4010 2583 4082; x_wconf 81' lang='grc' dir='ltr'>καὶ]</span> <span class='ocrx_word' id='word_1_572' title='bbox 2614 4006 3035 4062; x_wconf 81' lang='grc' dir='ltr'>διατυπωθεῖσαν</span> <span class='ocrx_word' id='word_1_573' title='bbox 3067 4009 3114 4062; x_wconf 71' lang='grc' dir='ltr'>ἄν</span> <span class='ocrx_word' id='word_1_574' title='bbox 3157 4019 3218 4083; x_wconf 66' lang='grc' dir='ltr'>τῇ</span> <span class='ocrx_word' id='word_1_575' title='bbox 3266 4014 3434 4083; x_wconf 73' lang='grc' dir='ltr'>ἡμέρᾳ</span> <span class='ocrx_word' id='word_1_576' title='bbox 3463 4015 3584 4065; x_wconf 83' lang='grc' dir='ltr'>καθ’</span> <span class='ocrx_word' id='word_1_577' title='bbox 3615 4017 3672 4072; x_wconf 81' lang='grc' dir='ltr'>ἠν</span> <span class='ocrx_word' id='word_1_578' title='bbox 3702 4012 3890 4079; x_wconf 62' lang='grc' dir='ltr'>ἀνήνεγκε</span> <span class='ocrx_word' id='word_1_579' title='bbox 3917 4023 3958 4054; x_wconf 68' lang='lat' dir='ltr'><strong>te:-</strong></span> 
     </span>
    </p>
   </div>
   <div class='ocr_carea' id='block_1_83' title="bbox 2472 4099 3956 4173">
    <p class='ocr_par' dir='ltr' id='par_1_83' title="bbox 2472 4099 3956 4173">
     <span class='ocr_line' id='line_1_83' title="bbox 2472 4099 3956 4173; baseline -0.003 -21"><span class='ocrx_word' id='word_1_580' title='bbox 2472 4103 2583 4152; x_wconf 77' lang='grc' dir='ltr'>υἱὸν</span> <span class='ocrx_word' id='word_1_581' title='bbox 2623 4099 2782 4151; x_wconf 70' lang='grc' dir='ltr'>αὑτοῦ</span> <span class='ocrx_word' id='word_1_582' title='bbox 2831 4117 2916 4150; x_wconf 84' lang='grc' dir='ltr'><strong>τον</strong></span> <span class='ocrx_word' id='word_1_583' title='bbox 2946 4101 3131 4152; x_wconf 83' lang='grc' dir='ltr'>Ἰσαὰκ</span> <span class='ocrx_word' id='word_1_584' title='bbox 3183 4101 3256 4160; x_wconf 86' lang='grc' dir='ltr'>εἰς</span> <span class='ocrx_word' id='word_1_585' title='bbox 3307 4100 3684 4173; x_wconf 80' lang='grc' dir='ltr'>ὁλοκοίρπωσιν.</span> <span class='ocrx_word' id='word_1_586' title='bbox 3727 4101 3877 4170; x_wconf 73' lang='grc' dir='ltr'>Ἐμαὸε</span> <span class='ocrx_word' id='word_1_587' title='bbox 3906 4099 3956 4164; x_wconf 59' lang='grc' dir='ltr'><strong>γὲί</strong></span> 
     </span>
    </p>
   </div>
   <div class='ocr_carea' id='block_1_84' title="bbox 2473 4187 3954 4261">
    <p class='ocr_par' dir='ltr' id='par_1_84' title="bbox 2473 4187 3954 4261">
     <span class='ocr_line' id='line_1_84' title="bbox 2473 4187 3954 4261; baseline -0.004 -19"><span class='ocrx_word' id='word_1_588' title='bbox 2473 4192 2574 4256; x_wconf 86' lang='grc' dir='ltr'>ὅτι,</span> <span class='ocrx_word' id='word_1_589' title='bbox 2624 4191 2796 4258; x_wconf 82' lang='grc' dir='ltr'>ὥσπερ</span> <span class='ocrx_word' id='word_1_590' title='bbox 2847 4187 2997 4248; x_wconf 69' lang='grc' dir='ltr'>αὐτὸς</span> <span class='ocrx_word' id='word_1_591' title='bbox 3047 4189 3140 4241; x_wconf 78' lang='grc' dir='ltr'><strong>οῦκ</strong></span> <span class='ocrx_word' id='word_1_592' title='bbox 3180 4192 3416 4261; x_wconf 66' lang='grc' dir='ltr'>ἐφείσατο</span> <span class='ocrx_word' id='word_1_593' title='bbox 3473 4200 3568 4244; x_wconf 83' lang='grc' dir='ltr'><strong>τοῦ</strong></span> <span class='ocrx_word' id='word_1_594' title='bbox 3616 4192 3723 4243; x_wconf 85' lang='grc' dir='ltr'>υἱοῦ</span> <span class='ocrx_word' id='word_1_595' title='bbox 3771 4189 3954 4240; x_wconf 76' lang='grc' dir='ltr'><strong>αὐτοὺ</strong></span> 
     </span>
    </p>
   </div>
   <div class='ocr_carea' id='block_1_85' title="bbox 710 4262 2324 4348">
    <p class='ocr_par' dir='ltr' id='par_1_85' title="bbox 710 4272 2324 4343">
     <span class='ocr_line' id='line_1_85' title="bbox 710 4272 2324 4343; baseline 0.003 -17"><span class='ocrx_word' id='word_1_596' title='bbox 710 4272 790 4327; x_wconf 85' lang='lat' dir='ltr'><strong>ita</strong></span> <span class='ocrx_word' id='word_1_597' title='bbox 829 4287 1023 4343; x_wconf 89' lang='lat' dir='ltr'><strong>neque</strong></span> <span class='ocrx_word' id='word_1_598' title='bbox 1063 4273 1213 4327; x_wconf 89' lang='lat' dir='ltr'><strong>Deus</strong></span> <span class='ocrx_word' id='word_1_599' title='bbox 1256 4275 1586 4343; x_wconf 87' lang='lat' dir='ltr'><strong>parciturus</strong></span> <span class='ocrx_word' id='word_1_600' title='bbox 1641 4279 1795 4329; x_wconf 86' lang='lat' dir='ltr'><strong>esset</strong></span> <span class='ocrx_word' id='word_1_601' title='bbox 1859 4274 2000 4330; x_wconf 84' lang='lat' dir='ltr'><strong>Filio</strong></span> <span class='ocrx_word' id='word_1_602' title='bbox 2055 4292 2165 4331; x_wconf 90' lang='lat' dir='ltr'><strong>suo</strong></span> <span class='ocrx_word' id='word_1_603' title='bbox 2215 4277 2324 4331; x_wconf 78' lang='lat' dir='ltr'><strong>tlile</strong></span> 
     </span>
    </p>
   </div>
   <div class='ocr_carea' id='block_1_86' title="bbox 2340 4262 3954 4348">
    <p class='ocr_par' dir='ltr' id='par_1_86' title="bbox 2340 4262 3954 4348">
     <span class='ocr_line' id='line_1_86' title="bbox 2340 4262 3954 4348; baseline -0.007 -17"><span class='ocrx_word' id='word_1_604' title='bbox 2340 4307 2363 4318; x_wconf 96' lang='lat'><strong>-</strong></span> <span class='ocrx_word' id='word_1_605' title='bbox 2399 4262 2440 4316; x_wconf 83' lang='lat' dir='ltr'><strong>D</strong></span> <span class='ocrx_word' id='word_1_606' title='bbox 2477 4277 2749 4348; x_wconf 83' lang='grc' dir='ltr'>ἀγαπητοῦ</span> <span class='ocrx_word' id='word_1_607' title='bbox 2786 4272 2878 4329; x_wconf 78' lang='grc' dir='ltr'><strong>διὰ</strong></span> <span class='ocrx_word' id='word_1_608' title='bbox 2917 4280 3003 4328; x_wconf 89' lang='grc' dir='ltr'><strong>τὸν</strong></span> <span class='ocrx_word' id='word_1_609' title='bbox 3043 4280 3192 4344; x_wconf 86' lang='grc' dir='ltr'>Θεὸν,</span> <span class='ocrx_word' id='word_1_610' title='bbox 3243 4279 3404 4340; x_wconf 74' lang='grc' dir='ltr'>οὕτως</span> <span class='ocrx_word' id='word_1_611' title='bbox 3446 4277 3572 4333; x_wconf 75' lang='grc' dir='ltr'>ούδε</span> <span class='ocrx_word' id='word_1_612' title='bbox 3623 4281 3647 4331; x_wconf 85' lang='grc' dir='ltr'><strong><em>ὁ</em></strong></span> <span class='ocrx_word' id='word_1_613' title='bbox 3683 4280 3785 4338; x_wconf 83' lang='grc' dir='ltr'>Θεὸς</span> <span class='ocrx_word' id='word_1_614' title='bbox 3815 4279 3954 4346; x_wconf 58' lang='lat' dir='ltr'><strong>quem:</strong></span> 
     </span>
    </p>
   </div>
   <div class='ocr_carea' id='block_1_87' title="bbox 711 4362 2361 4435">
    <p class='ocr_par' dir='ltr' id='par_1_87' title="bbox 711 4362 2361 4435">
     <span class='ocr_line' id='line_1_87' title="bbox 711 4362 2361 4435; baseline 0.002 -18"><span class='ocrx_word' id='word_1_615' title='bbox 711 4368 806 4417; x_wconf 90' lang='lat' dir='ltr'><strong>cto</strong></span> <span class='ocrx_word' id='word_1_616' title='bbox 837 4369 1075 4433; x_wconf 78' lang='lat' dir='ltr'><strong>prepter</strong></span> <span class='ocrx_word' id='word_1_617' title='bbox 1101 4362 1427 4416; x_wconf 88' lang='lat' dir='ltr'><strong>hominem.</strong></span> <span class='ocrx_word' id='word_1_618' title='bbox 1465 4365 1528 4417; x_wconf 87' lang='lat' dir='ltr'><strong>Et</strong></span> <span class='ocrx_word' id='word_1_619' title='bbox 1553 4363 2072 4434; x_wconf 88' lang='lat' dir='ltr'><strong>quemadmodum</strong></span> <span class='ocrx_word' id='word_1_620' title='bbox 2105 4365 2202 4419; x_wconf 90' lang='lat' dir='ltr'><strong>ille</strong></span> <span class='ocrx_word' id='word_1_621' title='bbox 2229 4382 2361 4435; x_wconf 87' lang='lat' dir='ltr'><strong>por-</strong></span> 
     </span>
    </p>
   </div>
   <div class='ocr_carea' id='block_1_88' title="bbox 711 4451 2362 4524">
    <p class='ocr_par' dir='ltr' id='par_1_88' title="bbox 711 4451 2362 4524">
     <span class='ocr_line' id='line_1_88' title="bbox 711 4451 2362 4524; baseline 0.001 -17"><span class='ocrx_word' id='word_1_622' title='bbox 711 4452 853 4507; x_wconf 87' lang='lat' dir='ltr'><strong>tavit</strong></span> <span class='ocrx_word' id='word_1_623' title='bbox 891 4451 1049 4522; x_wconf 80' lang='lat' dir='ltr'><strong>ligna</strong></span> <span class='ocrx_word' id='word_1_624' title='bbox 1083 4451 1410 4506; x_wconf 87' lang='lat' dir='ltr'><strong>bolocausti</strong></span> <span class='ocrx_word' id='word_1_625' title='bbox 1477 4451 1585 4519; x_wconf 89' lang='lat' dir='ltr'><strong>sui,</strong></span> <span class='ocrx_word' id='word_1_626' title='bbox 1654 4453 1731 4506; x_wconf 88' lang='lat' dir='ltr'><strong>ita</strong></span> <span class='ocrx_word' id='word_1_627' title='bbox 1783 4458 1838 4506; x_wconf 93' lang='lat' dir='ltr'><strong>et</strong></span> <span class='ocrx_word' id='word_1_628' title='bbox 1867 4454 1990 4523; x_wconf 85' lang='lat' dir='ltr'><strong>ipse</strong></span> <span class='ocrx_word' id='word_1_629' title='bbox 2024 4461 2362 4524; x_wconf 89' lang='lat' dir='ltr'><strong>portaturus</strong></span> 
     </span>
    </p>
   </div>
   <div class='ocr_carea' id='block_1_89' title="bbox 711 4539 2362 4608">
    <p class='ocr_par' dir='ltr' id='par_1_89' title="bbox 711 4539 2362 4608">
     <span class='ocr_line' id='line_1_89' title="bbox 711 4539 2362 4608; baseline 0.002 -14"><span class='ocrx_word' id='word_1_630' title='bbox 711 4545 863 4594; x_wconf 90' lang='lat' dir='ltr'><strong>esset</strong></span> <span class='ocrx_word' id='word_1_631' title='bbox 900 4539 1131 4608; x_wconf 83' lang='lat' dir='ltr'><strong>lignum</strong></span> <span class='ocrx_word' id='word_1_632' title='bbox 1173 4540 1376 4594; x_wconf 92' lang='lat' dir='ltr'><strong>mortis</strong></span> <span class='ocrx_word' id='word_1_633' title='bbox 1415 4556 1557 4594; x_wconf 64' lang='lat' dir='ltr'><strong>suae.</strong></span> <span class='ocrx_word' id='word_1_634' title='bbox 1604 4542 2041 4607; x_wconf 85' lang='lat' dir='ltr'><strong>Verumtamen,</strong></span> <span class='ocrx_word' id='word_1_635' title='bbox 2077 4543 2226 4598; x_wconf 88' lang='lat' dir='ltr'><strong>sicut</strong></span> <span class='ocrx_word' id='word_1_636' title='bbox 2265 4543 2362 4598; x_wconf 93' lang='lat' dir='ltr'><strong>illo</strong></span> 
     </span>
    </p>
   </div>
   <div class='ocr_carea' id='block_1_90' title="bbox 710 4629 2364 4700">
    <p class='ocr_par' dir='ltr' id='par_1_90' title="bbox 710 4629 2364 4700">
     <span class='ocr_line' id='line_1_90' title="bbox 710 4629 2364 4700; baseline 0.003 -17"><span class='ocrx_word' id='word_1_637' title='bbox 710 4644 828 4683; x_wconf 90' lang='lat' dir='ltr'><strong>non</strong></span> <span class='ocrx_word' id='word_1_638' title='bbox 870 4645 1052 4700; x_wconf 84' lang='lat' dir='ltr'><strong>passo</strong></span> <span class='ocrx_word' id='word_1_639' title='bbox 1084 4629 1426 4700; x_wconf 89' lang='lat' dir='ltr'><strong>suppositus</strong></span> <span class='ocrx_word' id='word_1_640' title='bbox 1457 4634 1542 4683; x_wconf 88' lang='lat' dir='ltr'><strong>est</strong></span> <span class='ocrx_word' id='word_1_641' title='bbox 1581 4629 1734 4684; x_wconf 88' lang='lat' dir='ltr'><strong>aries</strong></span> <span class='ocrx_word' id='word_1_642' title='bbox 1773 4646 1784 4684; x_wconf 91' lang='lat'>:</span> <span class='ocrx_word' id='word_1_643' title='bbox 1820 4630 1900 4685; x_wconf 89' lang='lat' dir='ltr'><strong>ita</strong></span> <span class='ocrx_word' id='word_1_644' title='bbox 1958 4636 2014 4686; x_wconf 90' lang='lat' dir='ltr'><strong>et</strong></span> <span class='ocrx_word' id='word_1_645' title='bbox 2065 4631 2180 4686; x_wconf 88' lang='lat' dir='ltr'><strong>hoc</strong></span> <span class='ocrx_word' id='word_1_646' title='bbox 2232 4649 2364 4688; x_wconf 91' lang='lat' dir='ltr'><strong>ma-</strong></span> 
     </span>
    </p>
   </div>
   <div class='ocr_carea' id='block_1_91' title="bbox 710 4717 2363 4790">
    <p class='ocr_par' dir='ltr' id='par_1_91' title="bbox 710 4717 2363 4790">
     <span class='ocr_line' id='line_1_91' title="bbox 710 4717 2363 4790; baseline 0.002 -18"><span class='ocrx_word' id='word_1_647' title='bbox 710 4723 888 4772; x_wconf 88' lang='lat' dir='ltr'><strong>nente</strong></span> <span class='ocrx_word' id='word_1_648' title='bbox 918 4717 1293 4790; x_wconf 90' lang='lat' dir='ltr'><strong>impassibili,</strong></span> <span class='ocrx_word' id='word_1_649' title='bbox 1324 4717 1672 4773; x_wconf 89' lang='lat' dir='ltr'><strong>humanitas</strong></span> <span class='ocrx_word' id='word_1_650' title='bbox 1698 4720 1826 4789; x_wconf 90' lang='lat' dir='ltr'><strong>ejus</strong></span> <span class='ocrx_word' id='word_1_651' title='bbox 1850 4719 2048 4774; x_wconf 89' lang='lat' dir='ltr'><strong>occisa</strong></span> <span class='ocrx_word' id='word_1_652' title='bbox 2067 4721 2363 4785; x_wconf 78' lang='lat' dir='ltr'><strong>est.Quod</strong></span> 
     </span>
    </p>
   </div>
   <div class='ocr_carea' id='block_1_92' title="bbox 714 4805 2357 4880">
    <p class='ocr_par' dir='ltr' id='par_1_92' title="bbox 714 4805 2357 4880">
     <span class='ocr_line' id='line_1_92' title="bbox 714 4805 2357 4880; baseline 0.004 -22"><span class='ocrx_word' id='word_1_653' title='bbox 714 4805 764 4859; x_wconf 91' lang='lat' dir='ltr'><strong>si</strong></span> <span class='ocrx_word' id='word_1_654' title='bbox 789 4805 945 4860; x_wconf 92' lang='lat' dir='ltr'><strong>diem</strong></span> <span class='ocrx_word' id='word_1_655' title='bbox 979 4807 1106 4876; x_wconf 88' lang='lat' dir='ltr'><strong>ejus</strong></span> <span class='ocrx_word' id='word_1_656' title='bbox 1136 4806 1336 4862; x_wconf 88' lang='lat' dir='ltr'><strong>videre</strong></span> <span class='ocrx_word' id='word_1_657' title='bbox 1367 4805 1741 4871; x_wconf 89' lang='lat' dir='ltr'><strong>desideravit,</strong></span> <span class='ocrx_word' id='word_1_658' title='bbox 1785 4806 1991 4879; x_wconf 88' lang='lat' dir='ltr'><strong>utique</strong></span> <span class='ocrx_word' id='word_1_659' title='bbox 2038 4808 2151 4864; x_wconf 87' lang='lat' dir='ltr'><strong>hoc</strong></span> <span class='ocrx_word' id='word_1_660' title='bbox 2213 4815 2357 4880; x_wconf 89' lang='lat' dir='ltr'><strong>erat,</strong></span> 
     </span>
    </p>
   </div>
   <div class='ocr_carea' id='block_1_93' title="bbox 713 4895 1316 4966">
    <p class='ocr_par' dir='ltr' id='par_1_93' title="bbox 713 4895 1316 4966">
     <span class='ocr_line' id='line_1_93' title="bbox 713 4895 1316 4966; baseline 0.003 -18"><span class='ocrx_word' id='word_1_661' title='bbox 713 4896 1003 4964; x_wconf 85' lang='lat' dir='ltr'><strong>tanquam</strong></span> <span class='ocrx_word' id='word_1_662' title='bbox 1044 4895 1316 4966; x_wconf 86' lang='lat' dir='ltr'><strong>majoris.</strong></span> 
     </span>
    </p>
   </div>
   <div class='ocr_carea' id='block_1_94' title="bbox 785 5106 2292 5179">
    <p class='ocr_par' dir='ltr' id='par_1_94' title="bbox 785 5106 2292 5179">
     <span class='ocr_line' id='line_1_94' title="bbox 785 5106 2292 5179; baseline 0.001 -14"><span class='ocrx_word' id='word_1_663' title='bbox 785 5106 1130 5176; x_wconf 77' lang='lat' dir='ltr'><strong>&quot;Tit.i,16.</strong></span> <span class='ocrx_word' id='word_1_664' title='bbox 1231 5109 1738 5179; x_wconf 75' lang='lat' dir='ltr'><strong>&quot;Joan.vm,19.</strong></span> <span class='ocrx_word' id='word_1_665' title='bbox 1816 5113 2054 5170; x_wconf 67' lang='lat' dir='ltr'><strong>&quot;toan.</strong></span> <span class='ocrx_word' id='word_1_666' title='bbox 2084 5131 2176 5179; x_wconf 87' lang='lat' dir='ltr'><strong>vn,</strong></span> <span class='ocrx_word' id='word_1_667' title='bbox 2205 5117 2292 5170; x_wconf 86' lang='lat'><strong>26.</strong></span> 
     </span>
    </p>
   </div>
   <div class='ocr_carea' id='block_1_95' title="bbox 2474 4364 3950 4439">
    <p class='ocr_par' dir='ltr' id='par_1_95' title="bbox 2474 4364 3950 4439">
     <span class='ocr_line' id='line_1_95' title="bbox 2474 4364 3950 4439; baseline -0.003 -20"><span class='ocrx_word' id='word_1_668' title='bbox 2474 4375 2565 4419; x_wconf 90' lang='grc' dir='ltr'><strong>τοῦ</strong></span> <span class='ocrx_word' id='word_1_669' title='bbox 2597 4368 2719 4419; x_wconf 81' lang='grc' dir='ltr'>Υίοῦ</span> <span class='ocrx_word' id='word_1_670' title='bbox 2749 4366 2908 4418; x_wconf 68' lang='grc' dir='ltr'>αὑτοῦ</span> <span class='ocrx_word' id='word_1_671' title='bbox 2948 4373 3038 4418; x_wconf 84' lang='grc' dir='ltr'><strong>τοῦ</strong></span> <span class='ocrx_word' id='word_1_672' title='bbox 3068 4364 3342 4436; x_wconf 77' lang='grc' dir='ltr'>ἀγαπητοῦ</span> <span class='ocrx_word' id='word_1_673' title='bbox 3385 4364 3478 4420; x_wconf 79' lang='grc' dir='ltr'><strong>διὰ</strong></span> <span class='ocrx_word' id='word_1_674' title='bbox 3505 4372 3591 4420; x_wconf 91' lang='grc' dir='ltr'><strong>τὸν</strong></span> <span class='ocrx_word' id='word_1_675' title='bbox 3634 4369 3873 4439; x_wconf 72' lang='grc' dir='ltr'>ἄνθρωπον.</span> <span class='ocrx_word' id='word_1_676' title='bbox 3905 4366 3950 4410; x_wconf 64' lang='lat' dir='ltr'><strong>Er</strong></span> 
     </span>
    </p>
   </div>
   <div class='ocr_carea' id='block_1_96' title="bbox 2475 4453 3951 4526">
    <p class='ocr_par' dir='ltr' id='par_1_96' title="bbox 2475 4453 3951 4526">
     <span class='ocr_line' id='line_1_96' title="bbox 2475 4453 3951 4526; baseline -0.007 -19"><span class='ocrx_word' id='word_1_677' title='bbox 2475 4460 2648 4526; x_wconf 82' lang='grc' dir='ltr'>ὥσπερ</span> <span class='ocrx_word' id='word_1_678' title='bbox 2724 4455 2873 4516; x_wconf 80' lang='grc' dir='ltr'>οὗτος</span> <span class='ocrx_word' id='word_1_679' title='bbox 2921 4453 3178 4507; x_wconf 72' lang='grc' dir='ltr'>ἐϐάστασε</span> <span class='ocrx_word' id='word_1_680' title='bbox 3228 4458 3293 4507; x_wconf 83' lang='grc' dir='ltr'><strong>τὰ</strong></span> <span class='ocrx_word' id='word_1_681' title='bbox 3338 4455 3464 4518; x_wconf 80' lang='grc' dir='ltr'>ξύλα</span> <span class='ocrx_word' id='word_1_682' title='bbox 3518 4466 3617 4519; x_wconf 79' lang='grc' dir='ltr'>τῆς</span> <span class='ocrx_word' id='word_1_683' title='bbox 3670 4456 3951 4525; x_wconf 48' lang='lat' dir='ltr'><strong>alonge-iras;</strong></span> 
     </span>
    </p>
   </div>
   <div class='ocr_carea' id='block_1_97' title="bbox 2477 4541 3946 4616">
    <p class='ocr_par' dir='ltr' id='par_1_97' title="bbox 2477 4541 3946 4616">
     <span class='ocr_line' id='line_1_97' title="bbox 2477 4541 3946 4616; baseline -0.004 -20"><span class='ocrx_word' id='word_1_684' title='bbox 2477 4546 2654 4609; x_wconf 73' lang='grc' dir='ltr'>αὑτοῦ,</span> <span class='ocrx_word' id='word_1_685' title='bbox 2698 4545 2832 4595; x_wconf 83' lang='grc' dir='ltr'>ούτω</span> <span class='ocrx_word' id='word_1_686' title='bbox 2859 4542 3092 4604; x_wconf 82' lang='grc' dir='ltr'>κάκεῖνος</span> <span class='ocrx_word' id='word_1_687' title='bbox 3139 4542 3399 4616; x_wconf 75' lang='grc' dir='ltr'>βαστάσει</span> <span class='ocrx_word' id='word_1_688' title='bbox 3428 4549 3483 4598; x_wconf 89' lang='grc' dir='ltr'><strong>τὸ</strong></span> <span class='ocrx_word' id='word_1_689' title='bbox 3510 4545 3658 4608; x_wconf 83' lang='grc' dir='ltr'>ξύλον</span> <span class='ocrx_word' id='word_1_690' title='bbox 3697 4551 3777 4597; x_wconf 81' lang='grc' dir='ltr'><strong>τοῦ</strong></span> <span class='ocrx_word' id='word_1_691' title='bbox 3822 4541 3946 4592; x_wconf 59' lang='grc' dir='ltr'>θενεῖς·</span> 
     </span>
    </p>
   </div>
   <div class='ocr_carea' id='block_1_98' title="bbox 2473 4630 3944 4706">
    <p class='ocr_par' dir='ltr' id='par_1_98' title="bbox 2473 4630 3944 4706">
     <span class='ocr_line' id='line_1_98' title="bbox 2473 4630 3944 4706; baseline -0.003 -20"><span class='ocrx_word' id='word_1_692' title='bbox 2473 4636 2651 4686; x_wconf 68' lang='grc' dir='ltr'>αὑτοῦ.</span> <span class='ocrx_word' id='word_1_693' title='bbox 2707 4632 2843 4690; x_wconf 77' lang='grc' dir='ltr'>Πλὴν</span> <span class='ocrx_word' id='word_1_694' title='bbox 2896 4633 3128 4704; x_wconf 78' lang='grc' dir='ltr'>καθάπερ</span> <span class='ocrx_word' id='word_1_695' title='bbox 3189 4635 3374 4686; x_wconf 66' lang='grc' dir='ltr'><strong>⁴τούτου</strong></span> <span class='ocrx_word' id='word_1_696' title='bbox 3439 4638 3698 4706; x_wconf 83' lang='grc' dir='ltr'>μείναντος</span> <span class='ocrx_word' id='word_1_697' title='bbox 3749 4630 3944 4683; x_wconf 43' lang='lat' dir='ltr'><strong>inuisi?</strong></span> 
     </span>
    </p>
   </div>
   <div class='ocr_carea' id='block_1_99' title="bbox 2471 4719 3942 4795">
    <p class='ocr_par' dir='ltr' id='par_1_99' title="bbox 2471 4719 3942 4795">
     <span class='ocr_line' id='line_1_99' title="bbox 2471 4719 3942 4795; baseline 0 -22"><span class='ocrx_word' id='word_1_698' title='bbox 2471 4724 2616 4795; x_wconf 86' lang='grc' dir='ltr'>κριὸς</span> <span class='ocrx_word' id='word_1_699' title='bbox 2667 4720 2846 4785; x_wconf 74' lang='grc' dir='ltr'>ἐτύθη,</span> <span class='ocrx_word' id='word_1_700' title='bbox 2913 4721 3048 4773; x_wconf 80' lang='grc' dir='ltr'>οὕτω</span> <span class='ocrx_word' id='word_1_701' title='bbox 3098 4719 3334 4775; x_wconf 80' lang='grc' dir='ltr'>κάκείνου</span> <span class='ocrx_word' id='word_1_702' title='bbox 3406 4726 3642 4794; x_wconf 77' lang='grc' dir='ltr'>μένοντος</span> <span class='ocrx_word' id='word_1_703' title='bbox 3705 4720 3885 4774; x_wconf 70' lang='grc' dir='ltr'>ἀπαθοῦς</span> <span class='ocrx_word' id='word_1_704' title='bbox 3921 4728 3942 4758; x_wconf 67' lang='grc' dir='ltr'><em>π</em></span> 
     </span>
    </p>
   </div>
   <div class='ocr_carea' id='block_1_100' title="bbox 2472 4803 3940 4884">
    <p class='ocr_par' dir='ltr' id='par_1_100' title="bbox 2472 4803 3940 4884">
     <span class='ocr_line' id='line_1_100' title="bbox 2472 4803 3940 4884; baseline -0.001 -21"><span class='ocrx_word' id='word_1_705' title='bbox 2472 4810 2788 4884; x_wconf 79' lang='grc' dir='ltr'>ἀνθρώπινον</span> <span class='ocrx_word' id='word_1_706' title='bbox 2855 4809 3014 4863; x_wconf 75' lang='grc' dir='ltr'>αὐτοῦ</span> <span class='ocrx_word' id='word_1_707' title='bbox 3083 4812 3569 4882; x_wconf 61' lang='grc' dir='ltr'>σφηιασθήσεται.</span> <span class='ocrx_word' id='word_1_708' title='bbox 3648 4810 3704 4864; x_wconf 81' lang='grc' dir='ltr'><strong>Εἰ</strong></span> <span class='ocrx_word' id='word_1_709' title='bbox 3767 4805 3815 4862; x_wconf 65' lang='grc' dir='ltr'>δι</span> 
     </span>
    </p>
   </div>
   <div class='ocr_carea' id='block_1_101' title="bbox 2470 4895 3934 4973">
    <p class='ocr_par' dir='ltr' id='par_1_101' title="bbox 2470 4895 3934 4973">
     <span class='ocr_line' id='line_1_101' title="bbox 2470 4895 3934 4973; baseline 0.007 -23"><span class='ocrx_word' id='word_1_710' title='bbox 2470 4918 2635 4971; x_wconf 80' lang='grc' dir='ltr'>μησεν</span> <span class='ocrx_word' id='word_1_711' title='bbox 2685 4895 2814 4952; x_wconf 80' lang='grc' dir='ltr'>ἰδεῖν</span> <span class='ocrx_word' id='word_1_712' title='bbox 2865 4903 2958 4957; x_wconf 77' lang='grc' dir='ltr'>τὴν</span> <span class='ocrx_word' id='word_1_713' title='bbox 3016 4900 3212 4972; x_wconf 66' lang='grc' dir='ltr'>ἡμέραν</span> <span class='ocrx_word' id='word_1_714' title='bbox 3274 4899 3453 4971; x_wconf 74' lang='grc' dir='ltr'><strong>αὐτοῦ⁹</strong></span> <span class='ocrx_word' id='word_1_715' title='bbox 3516 4903 3588 4962; x_wconf 79' lang='grc' dir='ltr'>ὡς</span> <span class='ocrx_word' id='word_1_716' title='bbox 3635 4900 3838 4973; x_wconf 71' lang='grc' dir='ltr'>μείζονος</span> <span class='ocrx_word' id='word_1_717' title='bbox 3882 4910 3934 4941; x_wconf 54' lang='grc' dir='ltr'><strong>ἵν</strong></span> 
     </span>
    </p>
   </div>
   <div class='ocr_carea' id='block_1_102' title="bbox 2471 5008 2590 5049">
    <p class='ocr_par' dir='ltr' id='par_1_102' title="bbox 2471 5008 2590 5049">
     <span class='ocr_line' id='line_1_102' title="bbox 2471 5008 2590 5049; baseline 0.017 -9"><span class='ocrx_word' id='word_1_718' title='bbox 2471 5008 2590 5049; x_wconf 87' lang='grc' dir='ltr'>τως.</span> 
     </span>
    </p>
   </div>
   <div class='ocr_carea' id='block_1_103' title="bbox 1935 5289 2866 5360">
    <p class='ocr_par' dir='ltr' id='par_1_103' title="bbox 1935 5289 2866 5360">
     <span class='ocr_line' id='line_1_103' title="bbox 1935 5289 2866 5360; baseline 0.001 -4"><span class='ocrx_word' id='word_1_719' title='bbox 1935 5289 2149 5358; x_wconf 69' lang='lat' dir='ltr'><strong>Variae</strong></span> <span class='ocrx_word' id='word_1_720' title='bbox 2187 5290 2517 5360; x_wconf 87' lang='lat' dir='ltr'><strong>lectiones</strong></span> <span class='ocrx_word' id='word_1_721' title='bbox 2561 5301 2625 5359; x_wconf 89' lang='lat' dir='ltr'><strong>et</strong></span> <span class='ocrx_word' id='word_1_722' title='bbox 2667 5299 2866 5358; x_wconf 69' lang='lat' dir='ltr'><strong>notae.</strong></span> 
     </span>
    </p>
   </div>
   <div class='ocr_carea' id='block_1_104' title="bbox 783 5446 2359 5523">
    <p class='ocr_par' dir='ltr' id='par_1_104' title="bbox 783 5446 2359 5523">
     <span class='ocr_line' id='line_1_104' title="bbox 783 5446 2359 5523; baseline 0.003 -21"><span class='ocrx_word' id='word_1_723' title='bbox 783 5446 894 5523; x_wconf 87' lang='lat'><strong>(_66)</strong></span> <span class='ocrx_word' id='word_1_724' title='bbox 931 5447 993 5503; x_wconf 86' lang='lat' dir='ltr'><strong>In</strong></span> <span class='ocrx_word' id='word_1_725' title='bbox 1037 5450 1334 5523; x_wconf 81' lang='lat' dir='ltr'><strong>contextu,</strong></span> <span class='ocrx_word' id='word_1_726' title='bbox 1363 5447 1479 5523; x_wconf 10' lang='lat' dir='ltr'><strong>illo;</strong></span> <span class='ocrx_word' id='word_1_727' title='bbox 1507 5447 1567 5504; x_wconf 94' lang='lat' dir='ltr'><strong>in</strong></span> <span class='ocrx_word' id='word_1_728' title='bbox 1603 5449 1732 5523; x_wconf 89' lang='lat' dir='ltr'><strong>loco</strong></span> <span class='ocrx_word' id='word_1_729' title='bbox 1775 5449 1957 5523; x_wconf 80' lang='lat' dir='ltr'><strong>codd.</strong></span> <span class='ocrx_word' id='word_1_730' title='bbox 2011 5451 2359 5523; x_wconf 84' lang='lat' dir='ltr'><strong>Euthymius</strong></span> 
     </span>
    </p>
   </div>
   <div class='ocr_carea' id='block_1_105' title="bbox 712 5515 2360 5593">
    <p class='ocr_par' dir='ltr' id='par_1_105' title="bbox 712 5515 2360 5593">
     <span class='ocr_line' id='line_1_105' title="bbox 712 5515 2360 5593; baseline 0.004 -21"><span class='ocrx_word' id='word_1_731' title='bbox 712 5515 966 5593; x_wconf 35' lang='lat' dir='ltr'><strong>habeon</strong></span> <span class='ocrx_word' id='word_1_732' title='bbox 989 5517 1300 5593; x_wconf 65' lang='lat' dir='ltr'><strong>vulgatum</strong></span> <span class='ocrx_word' id='word_1_733' title='bbox 1355 5519 1615 5593; x_wconf 68' lang='grc' dir='ltr'>ἀληθινός.</span> <span class='ocrx_word' id='word_1_734' title='bbox 1678 5520 1790 5593; x_wconf 79' lang='lat' dir='ltr'><strong>Sed</strong></span> <span class='ocrx_word' id='word_1_735' title='bbox 1841 5515 2360 5593; x_wconf 60' lang='lat' dir='ltr'><strong>Chrysost.&#39;ret‘ert</strong></span> 
     </span>
    </p>
   </div>
   <div class='ocr_carea' id='block_1_106' title="bbox 715 5587 2025 5664">
    <p class='ocr_par' dir='ltr' id='par_1_106' title="bbox 715 5587 2025 5664">
     <span class='ocr_line' id='line_1_106' title="bbox 715 5587 2025 5664; baseline 0.006 -24"><span class='ocrx_word' id='word_1_736' title='bbox 715 5587 1093 5664; x_wconf 61' lang='lat' dir='ltr'><strong>ala933;_Tom.</strong></span> <span class='ocrx_word' id='word_1_737' title='bbox 1128 5589 1266 5655; x_wconf 85' lang='lat' dir='ltr'><strong>Vill,</strong></span> <span class='ocrx_word' id='word_1_738' title='bbox 1288 5606 1355 5664; x_wconf 90' lang='lat' dir='ltr'><strong>_p.</strong></span> <span class='ocrx_word' id='word_1_739' title='bbox 1389 5591 1512 5661; x_wconf 74' lang='grc'>294,</span> <span class='ocrx_word' id='word_1_740' title='bbox 1536 5593 1661 5658; x_wconf 80' lang='lat'><strong>295,</strong></span> <span class='ocrx_word' id='word_1_741' title='bbox 1693 5587 2025 5664; x_wconf 78' lang='lat' dir='ltr'><strong>aliquoties.</strong></span> 
     </span>
    </p>
   </div>
   <div class='ocr_carea' id='block_1_107' title="bbox 781 5659 1420 5731">
    <p class='ocr_par' dir='ltr' id='par_1_107' title="bbox 781 5659 1420 5731">
     <span class='ocr_line' id='line_1_107' title="bbox 781 5659 1420 5731; baseline 0.002 -17"><span class='ocrx_word' id='word_1_742' title='bbox 781 5663 894 5731; x_wconf 80' lang='lat'><strong>(67)</strong></span> <span class='ocrx_word' id='word_1_743' title='bbox 919 5659 978 5712; x_wconf 88' lang='lat'><strong>&#39;0</strong></span> <span class='ocrx_word' id='word_1_744' title='bbox 1007 5659 1326 5731; x_wconf 83' lang='lat' dir='ltr'><strong>interponit</strong></span> <span class='ocrx_word' id='word_1_745' title='bbox 1354 5667 1420 5717; x_wconf 78' lang='grc' dir='ltr'><strong>Α.</strong></span> 
     </span>
    </p>
   </div>
   <div class='ocr_carea' id='block_1_108' title="bbox 781 5731 2357 5804">
    <p class='ocr_par' dir='ltr' id='par_1_108' title="bbox 781 5731 2357 5804">
     <span class='ocr_line' id='line_1_108' title="bbox 781 5731 2357 5804; baseline 0.001 -17"><span class='ocrx_word' id='word_1_746' title='bbox 781 5731 893 5804; x_wconf 85' lang='grc'>(68)</span> <span class='ocrx_word' id='word_1_747' title='bbox 962 5737 1066 5790; x_wconf 77' lang='grc' dir='ltr'><strong>Τήν</strong></span> <span class='ocrx_word' id='word_1_748' title='bbox 1149 5731 1316 5789; x_wconf 85' lang='lat' dir='ltr'><strong>abest</strong></span> <span class='ocrx_word' id='word_1_749' title='bbox 1389 5739 1454 5788; x_wconf 82' lang='grc' dir='ltr'><strong>Α.</strong></span> <span class='ocrx_word' id='word_1_750' title='bbox 1545 5731 1812 5790; x_wconf 72' lang='lat' dir='ltr'><strong>Refertur</strong></span> <span class='ocrx_word' id='word_1_751' title='bbox 1878 5733 1947 5790; x_wconf 90' lang='lat' dir='ltr'><strong>ad</strong></span> <span class='ocrx_word' id='word_1_752' title='bbox 2015 5732 2220 5796; x_wconf 81' lang='grc' dir='ltr'>εἴδησιν</span> <span class='ocrx_word' id='word_1_753' title='bbox 2269 5741 2357 5791; x_wconf 87' lang='grc' dir='ltr'>καὶ</span> 
     </span>
    </p>
   </div>
   <div class='ocr_carea' id='block_1_109' title="bbox 2469 5472 3894 5594">
    <p class='ocr_par' dir='ltr' id='par_1_109' title="bbox 2469 5472 3894 5594">
     <span class='ocr_line' id='line_1_109' title="bbox 2469 5472 2682 5524; baseline 0.005 -21"><span class='ocrx_word' id='word_1_754' title='bbox 2469 5472 2682 5524; x_wconf 85' lang='grc' dir='ltr'>γνωσιν.</span> 
     </span>
     <span class='ocr_line' id='line_1_110' title="bbox 2543 5521 3894 5594; baseline -0.006 -16"><span class='ocrx_word' id='word_1_755' title='bbox 2543 5526 2654 5594; x_wconf 89' lang='grc'>(69)</span> <span class='ocrx_word' id='word_1_756' title='bbox 2695 5522 2924 5577; x_wconf 84' lang='lat' dir='ltr'><strong>Inclusa</strong></span> <span class='ocrx_word' id='word_1_757' title='bbox 2949 5521 3169 5594; x_wconf 86' lang='lat' dir='ltr'><strong>absunt</strong></span> <span class='ocrx_word' id='word_1_758' title='bbox 3195 5523 3261 5576; x_wconf 84' lang='grc' dir='ltr'><strong>Α.</strong></span> <span class='ocrx_word' id='word_1_759' title='bbox 3883 5576 3894 5594; x_wconf 37' lang='grc' dir='ltr'>ι</span> 
     </span>
    </p>
   </div>
   <div class='ocr_carea' id='block_1_110' title="bbox 2543 5593 3926 5667">
    <p class='ocr_par' dir='ltr' id='par_1_110' title="bbox 2543 5593 3926 5667">
     <span class='ocr_line' id='line_1_111' title="bbox 2543 5593 3926 5667; baseline -0.02 -2"><span class='ocrx_word' id='word_1_760' title='bbox 2543 5595 2653 5665; x_wconf 80' lang='grc'>(70)</span> <span class='ocrx_word' id='word_1_761' title='bbox 2695 5595 2933 5650; x_wconf 88' lang='lat' dir='ltr'><strong>Inclusa</strong></span> <span class='ocrx_word' id='word_1_762' title='bbox 2964 5593 3187 5650; x_wconf 89' lang='lat' dir='ltr'><strong>absunt</strong></span> <span class='ocrx_word' id='word_1_763' title='bbox 3225 5597 3290 5649; x_wconf 78' lang='grc' dir='ltr'><strong>Α.</strong></span> <span class='ocrx_word' id='word_1_764' title='bbox 3324 5595 3543 5652; x_wconf 84' lang='lat' dir='ltr'><strong>ibidem</strong></span> <span class='ocrx_word' id='word_1_765' title='bbox 3575 5595 3777 5667; x_wconf 79' lang='lat' dir='ltr'><strong>legitur,</strong></span> <span class='ocrx_word' id='word_1_766' title='bbox 3809 5593 3926 5660; x_wconf 49' lang='lat' dir='ltr'><strong>sseae</strong></span> 
     </span>
    </p>
   </div>
   <div class='ocr_carea' id='block_1_111' title="bbox 2473 5668 2819 5720">
    <p class='ocr_par' dir='ltr' id='par_1_111' title="bbox 2473 5668 2819 5720">
     <span class='ocr_line' id='line_1_112' title="bbox 2473 5668 2819 5720; baseline 0.006 -2"><span class='ocrx_word' id='word_1_767' title='bbox 2473 5668 2819 5720; x_wconf 81' lang='grc' dir='ltr'>θυπωθεῖσαν.</span> 
     </span>
    </p>
   </div>
  </div>
