4088 6446
159 333 304 392 1305

1245 331 1591 390 COMMENT
1630 333 1700 390 IN
1737 331 2087 390 JOANNEM.
2129 363 2197 374 —
2234 333 2391 388 CAP.
2436 330 2532 388 IX.

3385 331 3525 388 1306

233 466 334 516 Καὶ
364 493 433 502 -
461 459 690 534 ἑώρακας
716 476 730 528 ;
756 458 943 533 ’.ῼοντο
969 459 1071 532 γὰρ
1103 458 1255 511 αὐτόν
1286 457 1440 530 ίγγύς
1469 456 1597 512 εἶναι
1635 478 1747 512 πεν-

1937 459 2102 513 Vers.
2136 460 2223 512 57.
2251 457 2424 512 Et—
2473 456 2674 513 vidisti
2725 454 2754 511 τ
2807 454 3104 512 Putabant
3166 454 3325 511 enim
3382 472 3522 512 eum

158 556 387 610 τήκοντα
437 549 558 602 ἱτῶν
607 546 702 602 διὰ
751 554 845 606 τὴν
900 549 1237 620 πολυπειρίαν
1292 548 1473 602 αὐτοῦ.
1520 550 1648 601 Τινὰ
1697 543 1756 600 δὲ

160 649 258 692 τῶν
313 641 424 710 (7t)
477 639 802 714 ἀντιγράφων
842 640 1235 712 τεσσαράκοντα
1275 639 1588 712 γράφουσιν,
1631 639 1754 710 ὅπερ

162 725 308 782 δοκεῖ
334 728 713 802 ἀκριϐέστερον.

233 904 382 960 Εἶπεν
435 937 502 947 —-
557 906 682 968 εἰμι.
731 905 820 968 Ὠς
886 909 1034 968 Θεός.
1091 910 1191 959 Καὶ
1248 904 1342 957 οὐκ
1401 901 1558 972 εἶπεν,
1621 902 1756 974 Ἐγὼ

160 999 320 1067 ἤμην,
399 994 503 1047 ἀλλ’
565 996 694 1066 Ἐγώ
747 995 854 1067 εἰμι
896 997 922 1047 ό
983 993 1061 1048 ἀεὶ
1123 999 1210 1045 ὤν.
1243 997 1312 1046 Τό
1338 997 1427 1060 μεν
1475 990 1564 1045 οὖν
1621 995 1757 1063 γενέ-

162 1087 288 1137 σθαι
347 1092 564 1138 χτιστοῦ
597 1088 697 1136 ’τό
791 1081 850 1137 δε
915 1084 1036 1157 Εἰμὶ
1115 1082 1365 1135 ἁκτίστου
1415 1083 1432 1154 [
1488 1087 1578 1135 καὶ
1639 1083 1755 1153 (⁸72)

158 1179 377 1227 κτίστου

231 1263 396 1338 Ἦραν
434 1290 489 1304 -·
538 1262 715 1315 αὐτόν.
773 1265 838 1315 Oi
872 1269 1056 1334 ταχεῖς
1095 1265 1222 1335 πρὸς
1252 1266 1398 1334 φόνον
1429 1282 1442 1294 ο
1472 1260 1754 1335 Ἠγρίαναν

159 1354 260 1424 γὰρ
311 1349 554 1415 δόξαντες
604 1350 920 1424 ὑϐρισθῆναι
963 1355 1049 1404 τόν
1108 1350 1345 1426 Ἀϐραὰμ
1388 1368 1399 1380 ο
1435 1351 1545 1422 οἶμα
1574 1347 1632 1403 δε
1665 1355 1754 1402 καὶ

157 1447 364 1512 γνόντες
393 1443 472 1494 ὃτι
502 1437 781 1500 ἀιδιότητα
819 1449 952 1494 Θεοῦ
976 1441 1305 1513 περιτίθησιν
1332 1440 1514 1510 ἐαυτῷ.

232 1620 438 1681 Ἰησοῦς
495 1617 555 1673 δε
602 1619 817 1693 ἐκρύϐη.
863 1621 1113 1693 Ἀόρατος
1170 1618 1348 1680 αὐτοῖς
1409 1622 1632 1676 κατέστη
1687 1625 1748 1689 τῇ

156 1709 373 1782 ἐξουσίᾳ
402 1717 493 1770 τῆς
533 1711 792 1770 θεότητος.

233 1803 332 1852 Καὶ
366 1801 524 1874 ἱεροῦ.
551 1805 661 1852 Ἵνα
688 1797 993 1857 κατασταλῆ
1027 1800 1052 1850 ὁ
1087 1800 1248 1870 θυμός
1277 1797 1466 1852 αὐτῶν.

228 1977 444 2030 Διελθὼν
474 2009 542 2017 -
571 1977 761 2030 αὐτῶν.
816 1982 902 2036 Μὴ
947 1977 1245 2048 ἰσχυόντων
1277 1973 1406 2028 ἰδεῖν
1447 1976 1619 2031 αὐτόν.
1657 1982 1753 2032 Καὶ

154 2065 306 2120 διατί
355 2066 450 2118 οὐκ
507 2065 739 2130 ἕξίλυσεν
770 2066 938 2119 αὐτῶν
977 2071 1070 2124 τὴν
1121 2063 1342 2137 δύναμιν
1385 2070 1474 2118 καὶ
1532 2073 1758 2137 φανερῶς

155 2155 495 2228 ἀνεχώρησα
529 2161 671 2208 Διότι
687 2157 796 2208 οὔθ’
819 2157 979 2216 οὕτως
1001 2154 1203 2227 ἰμελλον
1231 2157 1514 2208 πιστεύειν.
1538 2157 1750 2228 Καὶγὰρ

155 2246 206 2298 ἐν
235 2254 303 2316 τῷ
332 2253 497 2319 καιρῷ
529 2253 621 2297 τοῦ
681 2247 886 2306 ῐιάθους
931 2247 1144 2306 ὑπτίους
1175 2245 1287 2314 (73)
1339 2244 1523 2304 αὐτοὺς
1551 2243 1747 2318 ἕρῥιψε,

155 2341 247 2388 καὶ
275 2339 368 2388 τὰς
389 2335 530 2405 ὄψεις
561 2334 728 2386 αὐτῶν
751 2332 1011 2398 ἂσκότισε,
1053 2339 1142 2386 καὶ
1173 2334 1264 2386 οὐκ
1295 2331 1626 2388 ἐπίστευσαν.
1649 2334 1749 2385 Οὗο

157 2420 245 2475 δεν
274 2425 371 2495 γὰρ
403 2430 582 2494 χεῖρον
611 2421 800 2494 ψυχῆς
833 2421 1210 2493 ἁπεγνωκυίας.
1269 2420 1374 2474 Κᾶν
1421 2425 1522 2495 γὰρ
1557 2429 1751 2493 σημεῖα

153 2509 274 2586 ἴδῃ,
301 2511 394 2564 κᾶν
425 2517 634 2587 τέρατα,
664 2516 801 2585 μένει
831 2516 924 2571 τὴν
951 2512 1112 2571 αὐτὴν
1155 2515 1360 2584 ἔχουσα
1388 2511 1540 2564 πάλιν
1569 2510 1750 2564 ἀναισ-

152 2623 259 2675 χυν
268 2607 396 2656 τίαν.

231 2696 329 2744 Καὶ
357 2699 590 2764 παρῆγεν
611 2691 795 2753 οὕτως.
827 2690 1097 2754 Ἐϐάδιζεν
1136 2693 1312 2758 οὕτως,
1347 2697 1419 2765 μὴ
1454 2695 1750 2765 φαινόμενος

155 2780 351 2842 αὐτοῖς.

405 2875 551 2923 Kl”.
595 2867 647 2924 Γ.
675 2874 798 2943 Περὶ
826 2877 918 2923 τοῦ
957 2869 1012 2924 ix
1049 2880 1253 2942 γενετῆς
1281 2869 1496 2943 τυφλοῦ.

227 2963 327 3012 Καὶ
356 2990 426 2999 —
453 2968 678 3030 γενετῆς.
704 2958 927 3012 Βεϐαιῶν
956 2959 992 3012 ἂ
1021 2956 1147 3024 εἷπε,
1179 2965 1268 3012 καὶ
1297 2962 1635 3031 πιστούμενος
1669 2961 1747 3011 ὃτι

1867 546 2050 603 ferme
2105 561 2237 602 esse
2287 545 2894 618 quinquagenarium,
2973 549 3216 616 propter
3269 545 3521 601 multam

1865 637 1998 709 ejus
2041 637 2314 708 peritiam
2365 641 2420 692 et
2465 635 2910 707 experientiam.
2981 633 3264 699 Quaedam
3320 640 3520 690 autem

1867 725 2232 797 exemplaria
2301 723 2540 790 habent,
2591 724 3020 796 quadraginta,
3065 722 3242 796 .quod
3291 722 3524 779 videtur

1865 830 1993 870 esse
2023 815 2235 870 verius.

1937 903 2097 958 Vers.
2178 907 2262 959 58.
2317 903 2490 959 Dixit
2554 933 2623 942 —
2687 903 3181 974 sum.Tanquam
3228 901 3400 956 Deus.
3459 901 3524 956 Et

1865 1007 1980 1048 non
2033 992 2201 1055 dixit,
2263 995 2383 1061 Ego
2425 1007 2589 1047 eram
2633 991 2810 1062 ;sed,
2860 991 2986 1061 Ego
3009 1006 3158 1057 sum,
3216 991 3315 1062 qui
3369 1005 3526 1046 sem-

1863 1097 1970 1152 per
2000 1099 2157 1136 sum.
2189 1082 2328 1138 Fieri
2357 1081 2648 1153 siquidem
2679 1080 2761 1136 rei
2793 1085 3004 1136 creata
3034 1083 3153 1147 est;
3183 1081 3328 1137 Sum
3359 1095 3520 1144 vero,

1862 1171 2139 1226 increataa
2200 1176 2256 1226 et
2283 1176 2514 1226 creatas.

1934 1262 2096 1316 Vers.
2132 1261 2216 1316 59.
2259 1261 2550 1316 Tulerunt
2587 1291 2650 1300 —
2682 1275 2830 1316 eum.
2855 1259 3102 1316 Veloces
3167 1258 3243 1315 ad
3275 1258 3518 1316 caedem.

1865 1351 2202 1421 Exasperati
2236 1355 2374 1406 sunt
2427 1350 2585 1405 enim
2635 1355 2912 1418 putantes
2959 1348 3177 1418 injuria
3241 1347 3519 1405 affectum

1864 1456 1996 1494 esse
2053 1439 2357 1496 Abraham
2410 1457 2423 1492 :
2466 1439 2640 1494 simul
2689 1439 2886 1504 etiam,
2945 1438 3046 1494 ubi
3100 1438 3523 1509 cognovissent

1863 1529 2028 1602 quod
2059 1529 2156 1583 Dei
2188 1529 2568 1584 aeternitatem
2603 1528 2714 1583 sibi
2747 1527 3092 1583 vindicaret.

1936 1619 2101 1674 Vers.
2132 1620 2222 1676 59.
2254 1620 2414 1673 Jews
2453 1625 2645 1673 autem
2670 1619 2999 1673 occultatus
3040 1623 3141 1672 est.
3172 1617 3282 1672 Per
3309 1617 3522 1673 divini-

1865 1710 1997 1766 tatis
2022 1709 2350 1782 potentiam
2381 1707 2689 1764 invisibilis
2741 1709 2827 1764 eis
2861 1707 3128 1764 effectus.

1789 1819 1830 1873 Β
1936 1799 2100 1853 Vers.
2128 1799 2217 1853 59.
2261 1799 2339 1854 Et
2369 1830 2436 1838 —
2484 1797 2710 1866 templo.
2769 1799 2838 1853 Ut
2893 1796 3130 1852 illorum
3165 1797 3398 1852 sedaret
3429 1796 3518 1852 fu-

1865 1903 2059 1944 rorem
2070 1929 2082 1939 .

1937 1978 2102 2034 Vers.
2129 1983 2214 2034 59.
2249 1976 2648 2034 Pertransiens
2693 2006 2758 2017 —
2787 1976 3048 2032 illorum.
3084 1977 3226 2032 Cum
3259 1974 3340 2030 illi
3381 1991 3517 2031 eum

1863 2067 2062 2123 videre
2106 2083 2225 2122 non
2272 2071 2540 2138 possent.
2606 2068 2670 2120 Et
2710 2081 2896 2137 quare
2928 2081 3049 2120 non
3109 2064 3373 2120 dissolvit
3404 2064 3524 2120 illo-

1861 2173 1997 2212 rum
2028 2157 2325 2220 virtutem,
2359 2162 2416 2211 et
2477 2154 2792 2210 manifeste
2866 2154 3108 2209 recessit
3151 2153 3180 2208 ‘i’
3225 2155 3370 2220 Quia
3413 2169 3522 2208 nec

1863 2246 1948 2302 sic
1996 2245 2274 2300 credituri
2347 2249 2535 2300 erant.
2613 2242 2837 2298 Etenim
2887 2248 3156 2314 tempore
3213 2243 3520 2313 passionis

1860 2336 2110 2408 supinos
2143 2335 2274 2391 illos
2304 2334 2534 2406 dejecit,
2585 2348 2916 2404 eorumque
2979 2337 3250 2403 aspectus
3307 2331 3521 2388 obscu-

1858 2427 2030 2492 ravit,
2075 2432 2131 2482 et
2178 2441 2299 2481 non
2350 2423 2747 2479 crediderunt.
2803 2425 2949 2478 Nam
3005 2421 3209 2477 anima
3259 2421 3520 2494 reproba

1860 2516 2008 2572 nihil
2035 2521 2122 2572 est
2150 2516 2324 2588 pejus
2355 2531 2366 2569 :
2400 2513 2532 2570 licet
2560 2511 2718 2568 enim
2761 2511 2936 2581 signa
2979 2511 3178 2568 videat
3215 2527 3286 2566 ac
3319 2510 3519 2582 prodi-

1859 2606 1973 2676 gia,
2003 2621 2170 2660 suam
2203 2609 2400 2660 tamen
2434 2617 2672 2674 semper
2701 2601 2913 2656 retinet
2941 2599 3408 2672 impudentiam.

1929 2696 2093 2751 Vers.
2129 2695 2199 2751 59
2240 2695 2317 2750 Et
2347 2695 2434 2750 ita
2459 2691 2820 2764 praeteribat.
2863 2689 3232 2746 Ambulabat
3266 2690 3366 2756 ita,
3397 2704 3521 2745 non

1858 2800 2153 2858 apparens
2189 2783 2324 2840 illis.

2215 2875 2366 2930 CAP.
2398 2873 2462 2928 X.
2498 2873 2576 2927 De
2603 2887 2738 2926 creco
2766 2887 2806 2925 a
2831 2870 3158 2926 nativitate.

1929 2966 2067 3037 Cap.
2116 2965 2215 3019 IX.
2272 2964 2413 3019 Vers
2451 2968 2496 3017 t.
2548 2962 2625 3016 Et
2668 2991 2737 3000 —
2768 2960 3098 3015 nativitate.
3150 2956 3523 3014 Conﬁrman-

155 3052 278 3108 Θεός
326 3047 487 3113 ἔστιν,
545 3048 695 3108 εὐθὺς
725 3050 938 3122 ἔρχεται
986 3047 1069 3101 ἐπὶ
1124 3050 1299 3120 θαῦμα
1349 3053 1618 3120 μέγιστον,
1659 3053 1747 3098 καὶ

1875 3053 1955 3117 in,
2005 3053 2169 3126 quod
2233 3053 2482 3115 dixerat,
2537 3050 2841 3121 ﬁdemque
2871 3048 3116 3113 faciens,
3155 3047 3321 3120 quod
3365 3047 3520 3102 Deus

154 3144 308 3206 μήπω
392 3141 558 3209 μέχρι
606 3142 722 3189 τότε
775 3141 1062 3208 γενόμενον.
1120 3135 1313 3209 Τυφλοὶ
1361 3140 1449 3208 μὲν
1501 3140 1602 3210 γὰρ
1659 3141 1748 3188 καὶ

734 3225 922 3296 τυφλός
977 3222 1035 3278 δε
1093 3223 1140 3276 ἓν
1187 3234 1394 3296 γενετῆς
1425 3227 1535 3296 (74)
1575 3221 1746 3286 οὐδεὶς

1247 3333 1258 3346 ·
1295 3315 1381 3367 Ἐκ
1412 3322 1502 3366 τοῦ
1561 3315 1748 3374 αἰῶνος

153 3226 298 3278 ἄλλοι
357 3225 568 3296 ἀνέϐλεψ
576 3245 634 3276 αν
678 3241 691 3254 ⁸

151 3318 284 3389 ἄχρι
304 3322 438 3368 τότε.
479 3317 566 3367 Διό
595 3319 685 3366 καὶ
712 3311 1000 3384 ἀναϐλέψας
1031 3313 1196 3385 ἔλεγεν

150 3405 242 3458 οὐκ
272 3405 510 3462 ἠκούσθη
537 3405 616 3454 ὅτι
663 3402 833 3464 ἤνοιξε
857 3421 932 3462 τις
970 3402 1263 3475 ὀφθαλμοὺς
1291 3403 1483 3475 τυφλοῦ
1511 3421 1746 3474 γεγεννη-

149 3511 326 3568 μενου.

228 3764 326 3812 Καὶ
384 3789 451 3801 -
501 3762 720 3832 γεννηθῇ
753 3759 1078 3834 ;²Ερωτῶσιν
1145 3760 1249 3832 οὐχ
1303 3762 1373 3822 ὡς
1421 3767 1574 3813 τοῦτο
1623 3762 1748 3813 πάν-

150 3868 248 3910 τως
304 3850 332 3908 i;
394 3850 553 3901 ίκείνο
618 3848 1082 3922 ὑπολαμϐάνοντες,
1138 3851 1369 3924 καθάπερ
1424 3852 1473 3902 οἱ
1538 3848 1748 3908 ἀνόητοι

151 3935 404 3992 Ἰουδαῖοι
431 3953 446 3968 ’
472 3942 529 3992 τὸ
558 3941 650 4010 μεν
699 3941 800 4012 γὰρ
859 3939 1106 4012 ἁμαρτεῖν
1158 3943 1256 4012 πρὸ
1317 3947 1408 3992 τοῦ
1437 3941 1748 4011 γεννηθῆναι

150 4024 429 4096 ἀδύνατον,
462 4031 520 4080 τό
552 4024 611 4080 δὲ
635 4030 762 4103 ὑπερ
794 4037 894 4080 τῶν
921 4033 1110 4100 γονέων
1153 4028 1470 4090 κολάζεσθαι
1521 4026 1706 4081 ἄδικον
1731 4046 1744 4059 ⁸

149 4115 256 4169 ἀλλ’
289 4120 431 4169 ἔστιν
465 4118 490 4170 ό
518 4122 714 4180 σκοπός
761 4124 853 4170 τοῦ
882 4116 1039 4189 λόγου
1063 4125 1316 4178 τοιοῦτος.
1373 4117 1431 4170 Ὀ
1456 4121 1546 4189 μὲν
1577 4120 1748 4192 παρά-

145 4206 298 4268 λυτος
330 4203 423 4258 διὰ
465 4209 557 4268 τὰς
603 4206 858 4279 ἁμαρτίας
911 4209 1070 4258 αὐτοῦ
1125 4207 1350 4274 ἠσθένει,
1409 4208 1582 4267 καθὼς
1647 4205 1751 4259 ἕκιί

147 4297 521 4368 μεμαθήκαμεν
571 4314 586 4329 ο
637 4300 754 4368 περὶ
804 4298 984 4347 τούτου
1026 4291 1084 4348 δὲ
1139 4295 1250 4362 (⁸75ὶ
1290 4299 1344 4346 τί
1395 4295 1558 4366 λέγεις
1599 4311 1614 4361 ;
1665 4299 1749 4356 Τίς

1856 3147 2013 3197 esset
2053 3141 2251 3196 statim
2325 3141 2488 3195 venit
2539 3139 2613 3193 ad
2662 3136 3018 3193 miraculum
3073 3137 3429 3200 maximum,
3463 3141 3521 3190 et.

1857 3247 2046 3303 usque
2078 3231 2152 3286 ad
2183 3230 2240 3284 id
2271 3229 2554 3300 temporis
2586 3241 2902 3297 nunquam
2934 3225 3177 3280 factum.
3211 3225 3518 3296 Siquidem

1856 3325 1914 3374 et
1959 3319 2055 3374 alii
2097 3318 2237 3374 caeci
2279 3317 2474 3372 visum
2529 3319 2896 3385 receperunt,
2939 3329 3145 3368 verum
3179 3313 3280 3385 qui
3332 3329 3366 3368 a
3415 3328 3519 3369 na-

1856 3407 2078 3464 tivitate
2131 3423 2324 3462 caecus
2377 3406 2602 3471 fuisset,
2654 3402 2854 3458 nullus
2921 3417 3111 3473 usque
3143 3401 3219 3456 ad
3265 3401 3324 3456 id
3379 3405 3522 3456 tem-

1857 3514 1990 3570 pus.
2025 3497 2162 3552 ldeo
2212 3495 2412 3560 etiam,
2473 3494 2575 3566 qui
2606 3492 2803 3547 visum
2863 3492 2931 3562 (j)
2963 3490 3200 3561 recepit,
3233 3489 3472 3545 dicebat
3502 3489 3518 3532 ε

1856 3588 1903 3642 Α
1937 3585 2151 3642 saeculo
2189 3599 2305 3638 non
2368 3588 2449 3639 est
2489 3582 2782 3644 auditum,
2837 3579 2993 3651 quod
3042 3577 3340 3648 aperuerit
3370 3579 3522 3650 quis-

1854 3676 2014 3746 piam
2049 3675 2240 3730 oculos
2263 3673 2396 3729 caeci
2447 3671 2579 3727 nati
2627 3672 2694 3724 ⁸ο.

1930 3767 2095 3819 Vers.
2170 3767 2222 3817 2.
2281 3763 2360 3818 Et
2407 3766 2733 3816 nasceretur
2779 3759 2808 3815 7
2873 3755 3341 3828 Interrogabant,
3397 3771 3518 3813 non

1858 3854 2021 3926 quod
2074 3853 2185 3908 hoc
2216 3856 2320 3908 aut
2347 3851 2496 3906 illud
2521 3849 2771 3906 omnino
2793 3847 3260 3919 suspicarentur,
3319 3862 3521 3919 quem-

1857 3941 2189 3998 admodum
2256 3940 2604 4012 insipientes
2675 3937 2913 4002 Judaei;
2963 3951 3107 3991 nam
3170 3935 3330 3991 hunc
3387 3951 3522 4006 pec-

1858 4046 2046 4094 casse,
2120 4034 2446 4102 antequam
2505 4032 2682 4084 natus
2751 4029 2924 4090 esset,
2976 4023 3350 4095 impossibile
3397 4029 3522 4079 erat

1859 4136 2037 4192 porro
2063 4135 2169 4190 pro
2215 4118 2566 4189 parentibus
2634 4115 2832 4188 puniri
2865 4114 3152 4183 injustum
3195 4129 3209 4177 ;
3253 4112 3354 4167 sed
3386 4112 3520 4167 finis

1859 4208 2154 4263 sermonis
2208 4206 2336 4262 talis
2393 4211 2501 4260 est.
2554 4204 2919 4274 Paralyticus
2976 4201 3220 4272 quidem
3279 4204 3522 4272 propter

1858 4300 2106 4367 peccata
2145 4311 2254 4350 sua
2301 4293 2653 4361 aegrotabat,
2713 4292 2863 4346 sicut
2901 4289 2982 4345 ibi
3027 4288 3349 4342 didicimus
3387 4303 3400 4342 :
3445 4287 3519 4343 de

150 4385 398 4456 ἥμαρτεν,
455 4383 600 4442 οὗτος
638 4383 667 4440 ἦ
720 4384 768 4434 οἱ
812 4390 980 4453 γονεῖς
1047 4382 1204 4434 αὐτοῦ
1261 4385 1454 4454 ςήμιίς
1485 4384 1585 4455 γὰρ
1633 4383 1747 4434 οὔτε

1875 4401 1973 4440 ioc
2006 4389 2226 4444 autem.
2297 4382 2439 4440 quid
2501 4380 2650 4435 dicis
2698 4379 2726 4434 7
2772 4380 2908 4447 Quis
2955 4379 3235 4445 peccavit,
3295 4375 3411 4440 hic,
3442 4391 3516 4432 an

146 4477 302 4522 τοῦτο
324 4473 440 4522 οὔτε
469 4469 627 4523 ἐκεῖνο
658 4466 927 4543 δυνάμεθα
963 4469 1146 4541 λέγειν,
1182 4470 1434 4530 παντελῶς
1465 4469 1750 4544 ἐξαπορού-

147 4577 314 4632 μενοι.

221 4745 270 4782 ³ο
289 4745 463 4802 Joan.
493 4761 572 4814 ιχ,
606 4745 692 4801 32.

1856 4479 2124 4544 parentes
2157 4474 2282 4542 ejus
2321 4470 2349 4525 ἲ
2399 4486 2509 4526 nos
2541 4469 2701 4524 enim
2730 4483 2924 4538 neque
2963 4465 3094 4529 hoc.
3149 4480 3344 4536 neque
3375 4463 3520 4520 illud

1859 4561 2052 4617 dicere
2105 4576 2449 4633 possumus,
2500 4557 2749 4614 omnino
2780 4554 3111 4613 conturbati
3143 4553 3516 4626 consilioque

1859 4650 2142 4706 destituti.

1353 4845 1576 4914 Variae
1607 4845 1936 4915 lectiones
1970 4857 2034 4914 et
2076 4853 2277 4914 notae.

215 4989 328 5059 (71)
350 4987 580 5044 Scilicet
609 4986 1042 5060 Chrysostomi,
1067 4987 1171 5060 qui
1192 4987 1475 5044 audacter
1503 4989 1584 5045 ita
1613 5003 1736 5044 cor-

146 5060 310 5132 rexit.
363 5060 503 5116 Vide
545 5063 686 5115 tom.
719 5059 860 5132 Vill,
893 5075 1032 5132 pag.
1066 5062 1201 5132 324.
1244 5060 1740 5132 Chrysostomum

143 5130 410 5202 sequitur
438 5146 592 5187 unus
608 5147 679 5188 ex
696 5130 1004 5186 codicibus
1030 5130 1486 5202 Mosquensibus
1509 5131 1738 5188 N.Test.

145 5199 328 5274 inqui
361 5207 448 5256 est
470 5218 602 5274 cum
647 5202 910 5257 scholiis.
953 5199 1257 5270 Origenes,
1311 5202 1413 5274 qui
1445 5208 1592 5258 tom.
1637 5204 1738 5267 XX,

143 5272 202 5327 in
226 5273 514 5328 Joannem
547 5273 676 5328 haec
705 5275 847 5329 data
882 5289 1066 5346 opera
1119 5272 1554 5343 interpretatur,
1578 5274 1742 5330 hunc

143 5359 385 5415 versum
442 5351 632 5400 totum
696 5346 1094 5415 pragtermisit.
1142 5350 1467 5403 Πεντήκοντα
1501 5351 1742 5400 servant

141 5414 341 5486 Cyrill.
377 5421 414 5470 t.
450 5415 556 5480 ιν,
591 5432 647 5485 p.
683 5414 784 5471 585
812 5417 870 5470 C.
908 5417 1381 5488 ;7Theophylact.
1419 5433 1475 5488 p.
1517 5418 1622 5488 690
1657 5419 1694 5471 E
1726 5433 1739 5481 ;

185 5503 397 5560 everus
435 5487 495 5542 in
527 5488 749 5543 Catena
801 5487 1081 5554 Corderii,
1124 5487 1182 5560 p.
1208 5487 1316 5544 243
1368 5506 1382 5556 ;
1419 5487 1474 5545 et
1502 5487 1739 5544 codices

184 5558 517 5614 robatiores
547 5573 772 5614 omnes.

215 5736 294 5807 (j)
328 5735 438 5806 Qui
468 5735 675 5793 visum.
711 5737 876 5793 Forte
907 5735 1070 5808 legit,
1103 5733 1187 5793 διὸ
1227 5741 1315 5790 καὶ
1343 5738 1369 5790 ὁ
1423 5736 1735 5815 ἀναϐλέψας.

1918 4990 2031 5061 (72)
2066 4988 2300 5046 Inclusa
2339 4987 2576 5061 absunt
2606 4988 2672 5042 Α.
2707 4988 2962 5048 Κτίστης,
2993 4980 3304 5054 quomodo
3335 4982 3515 5061 etiam

1853 5057 2194 5117 Eustathius
2230 5059 2444 5123 scribit,
2476 5059 2581 5131 qui
2639 5074 2777 5115 cum
2837 5061 3021 5131 κτίτης
3047 5057 3380 5126 comparat.
3404 5069 3514 5131 pro

1852 5132 2216 5188 substantivo
2251 5125 2513 5205 accipio;
2556 5145 2694 5195 non,
2761 5133 2821 5184 ut
2872 5129 3181 5198 interpres,
3215 5139 3324 5196 pro
3354 5125 3515 5182 adie-

1853 5206 2032 5260 ctivo.

1924 5275 2036 5347 (73)
2056 5277 2075 5330 Ι
2084 5280 2140 5330 ta
2166 5274 2327 5345 pleru
2339 5289 2516 5346 mque
2532 5272 2992 5343 Chrysostomus
3010 5274 3266 5332 oratorie
3284 5273 3512 5338 laudat,

1850 5347 2022 5402 Joan.
2057 5363 2215 5401 xvm.
2249 5350 2300 5408 6,
2324 5350 2507 5400 ἔπεσον
2539 5350 2736 5417 χαμαί.

1921 5418 2311 5483 (74)Γεννητῆς.

1926 5489 2038 5559 (75)
2062 5492 2122 5541 Δὶ
2152 5489 2322 5545 abest
2362 5495 2427 5542 A.
