  <div class='ocr_page' id='page_1' title='image "/cluster/home/n/w/nwhite01/storage/ocr_20150623/129/hvd.32044019208511/833.png"; bbox 0 0 4088 6434; ppageno 0'>
   <div class='ocr_carea' id='block_1_1' title="bbox 719 319 858 378">
    <p class='ocr_par' dir='ltr' id='par_1_1' title="bbox 719 319 858 378">
     <span class='ocr_line' id='line_1_1' title="bbox 719 319 858 378; baseline -0.007 0"><span class='ocrx_word' id='word_1_1' title='bbox 719 319 858 378; x_wconf 73' lang='grc'><strong>1303</strong></span> 
     </span>
    </p>
   </div>
   <div class='ocr_carea' id='block_1_2' title="bbox 2042 315 3939 390">
    <p class='ocr_par' dir='ltr' id='par_1_2' title="bbox 2042 315 3939 390">
     <span class='ocr_line' id='line_1_2' title="bbox 2042 315 3939 390; baseline 0.008 -17"><span class='ocrx_word' id='word_1_2' title='bbox 2042 316 2399 377; x_wconf 77' lang='lat' dir='ltr'><strong>EUTHYMII</strong></span> <span class='ocrx_word' id='word_1_3' title='bbox 2451 315 2778 374; x_wconf 82' lang='lat' dir='ltr'><strong>ZlGABENI</strong></span> <span class='ocrx_word' id='word_1_4' title='bbox 3866 328 3939 390; x_wconf 59' lang='grc' dir='ltr'><strong>(ως</strong></span> 
     </span>
    </p>
   </div>
   <div class='ocr_carea' id='block_1_3' title="bbox 720 442 2334 528">
    <p class='ocr_par' dir='ltr' id='par_1_3' title="bbox 720 442 2334 517">
     <span class='ocr_line' id='line_1_3' title="bbox 720 442 2334 517; baseline -0.001 -15"><span class='ocrx_word' id='word_1_5' title='bbox 720 451 874 502; x_wconf 89' lang='lat' dir='ltr'><strong>atur.</strong></span> <span class='ocrx_word' id='word_1_6' title='bbox 903 445 1041 502; x_wconf 84' lang='lat' dir='ltr'><strong>Vult</strong></span> <span class='ocrx_word' id='word_1_7' title='bbox 1066 444 1222 503; x_wconf 89' lang='lat' dir='ltr'><strong>enim</strong></span> <span class='ocrx_word' id='word_1_8' title='bbox 1251 449 1537 513; x_wconf 78' lang='lat' dir='ltr'><strong>astruere,</strong></span> <span class='ocrx_word' id='word_1_9' title='bbox 1581 442 1748 517; x_wconf 87' lang='lat' dir='ltr'><strong>quod</strong></span> <span class='ocrx_word' id='word_1_10' title='bbox 1804 443 2000 513; x_wconf 81' lang='lat' dir='ltr'><strong>major</strong></span> <span class='ocrx_word' id='word_1_11' title='bbox 2039 446 2134 510; x_wconf 89' lang='lat' dir='ltr'><strong>sit,</strong></span> <span class='ocrx_word' id='word_1_12' title='bbox 2184 460 2334 517; x_wconf 72' lang='lat' dir='ltr'><strong>qua:</strong></span> 
     </span>
    </p>
   </div>
   <div class='ocr_carea' id='block_1_4' title="bbox 2325 442 3939 528">
    <p class='ocr_par' dir='ltr' id='par_1_4' title="bbox 2325 442 3939 527">
     <span class='ocr_line' id='line_1_4' title="bbox 2325 442 3939 527; baseline 0.004 -31"><span class='ocrx_word' id='word_1_13' title='bbox 2325 461 2371 500; x_wconf 70' lang='grc' dir='ltr'>ω</span> <span class='ocrx_word' id='word_1_14' title='bbox 2404 443 2450 497; x_wconf 81' lang='grc' dir='ltr'><strong>Δ</strong></span> <span class='ocrx_word' id='word_1_15' title='bbox 2486 442 2730 496; x_wconf 83' lang='grc' dir='ltr'>Βούλεται</span> <span class='ocrx_word' id='word_1_16' title='bbox 2740 447 2838 518; x_wconf 84' lang='grc' dir='ltr'><strong>γὰρ</strong></span> <span class='ocrx_word' id='word_1_17' title='bbox 2852 445 3250 498; x_wconf 74' lang='grc' dir='ltr'>κατασκευάσαι</span> <span class='ocrx_word' id='word_1_18' title='bbox 3269 445 3350 498; x_wconf 85' lang='grc' dir='ltr'>ὅτι</span> <span class='ocrx_word' id='word_1_19' title='bbox 3369 447 3554 518; x_wconf 76' lang='grc' dir='ltr'>μείζων</span> <span class='ocrx_word' id='word_1_20' title='bbox 3571 448 3670 500; x_wconf 73' lang='grc' dir='ltr'>ἐστὶ</span> <span class='ocrx_word' id='word_1_21' title='bbox 3684 457 3758 502; x_wconf 78' lang='grc' dir='ltr'><strong>τοῦ</strong></span> <span class='ocrx_word' id='word_1_22' title='bbox 3781 451 3939 527; x_wconf 53' lang='grc' dir='ltr'>’Δίρκη</span> 
     </span>
    </p>
   </div>
   <div class='ocr_carea' id='block_1_5' title="bbox 720 533 2375 605">
    <p class='ocr_par' dir='ltr' id='par_1_5' title="bbox 720 533 2375 605">
     <span class='ocr_line' id='line_1_5' title="bbox 720 533 2375 605; baseline -0.001 -13"><span class='ocrx_word' id='word_1_23' title='bbox 720 536 1019 592; x_wconf 81' lang='lat' dir='ltr'><strong>Abraham</strong></span> <span class='ocrx_word' id='word_1_24' title='bbox 1057 551 1070 601; x_wconf 90' lang='lat'>;</span> <span class='ocrx_word' id='word_1_25' title='bbox 1102 551 1244 591; x_wconf 90' lang='lat' dir='ltr'><strong>nam</strong></span> <span class='ocrx_word' id='word_1_26' title='bbox 1277 535 1391 591; x_wconf 94' lang='lat' dir='ltr'><strong>hoc</strong></span> <span class='ocrx_word' id='word_1_27' title='bbox 1441 535 1499 589; x_wconf 91' lang='lat' dir='ltr'><strong>in</strong></span> <span class='ocrx_word' id='word_1_28' title='bbox 1545 533 1816 605; x_wconf 67' lang='lat' dir='ltr'><strong>praesenti</strong></span> <span class='ocrx_word' id='word_1_29' title='bbox 1859 549 1979 590; x_wconf 92' lang='lat' dir='ltr'><strong>non</strong></span> <span class='ocrx_word' id='word_1_30' title='bbox 2032 533 2202 601; x_wconf 79' lang='lat' dir='ltr'><strong>dixit,</strong></span> <span class='ocrx_word' id='word_1_31' title='bbox 2245 549 2375 605; x_wconf 90' lang='lat' dir='ltr'><strong>pro-</strong></span> 
     </span>
    </p>
   </div>
   <div class='ocr_carea' id='block_1_6' title="bbox 718 624 1635 698">
    <p class='ocr_par' dir='ltr' id='par_1_6' title="bbox 718 624 1635 698">
     <span class='ocr_line' id='line_1_6' title="bbox 718 624 1635 698; baseline -0.003 -18"><span class='ocrx_word' id='word_1_32' title='bbox 718 630 850 698; x_wconf 88' lang='lat' dir='ltr'><strong>pter</strong></span> <span class='ocrx_word' id='word_1_33' title='bbox 875 624 1138 696; x_wconf 90' lang='lat' dir='ltr'><strong>ipsorum</strong></span> <span class='ocrx_word' id='word_1_34' title='bbox 1173 624 1635 697; x_wconf 90' lang='lat' dir='ltr'><strong>impudentiam.</strong></span> 
     </span>
    </p>
   </div>
   <div class='ocr_carea' id='block_1_7' title="bbox 791 713 2373 781">
    <p class='ocr_par' dir='ltr' id='par_1_7' title="bbox 791 713 2373 781">
     <span class='ocr_line' id='line_1_7' title="bbox 791 713 2373 781; baseline -0.001 -14"><span class='ocrx_word' id='word_1_35' title='bbox 791 713 1078 768; x_wconf 64' lang='lat' dir='ltr'><strong>Vers.54.</strong></span> <span class='ocrx_word' id='word_1_36' title='bbox 1141 714 1321 781; x_wconf 81' lang='lat' dir='ltr'><strong>Quem</strong></span> <span class='ocrx_word' id='word_1_37' title='bbox 1387 744 1456 752; x_wconf 94' lang='lat'><strong>—</strong></span> <span class='ocrx_word' id='word_1_38' title='bbox 1516 713 1673 767; x_wconf 87' lang='lat' dir='ltr'><strong>Vers.</strong></span> <span class='ocrx_word' id='word_1_39' title='bbox 1750 713 1841 769; x_wconf 81' lang='lat'><strong>55.</strong></span> <span class='ocrx_word' id='word_1_40' title='bbox 1904 728 2048 768; x_wconf 84' lang='lat' dir='ltr'><strong>eum.</strong></span> <span class='ocrx_word' id='word_1_41' title='bbox 2118 743 2174 754; x_wconf 92' lang='lat'><strong><em>—</em></strong></span> <span class='ocrx_word' id='word_1_42' title='bbox 2243 713 2373 767; x_wconf 85' lang='lat' dir='ltr'><strong>Non</strong></span> 
     </span>
    </p>
   </div>
   <div class='ocr_carea' id='block_1_8' title="bbox 719 800 2369 873">
    <p class='ocr_par' dir='ltr' id='par_1_8' title="bbox 719 800 2369 873">
     <span class='ocr_line' id='line_1_8' title="bbox 719 800 2369 873; baseline -0.002 -15"><span class='ocrx_word' id='word_1_43' title='bbox 719 803 1060 873; x_wconf 79' lang='lat' dir='ltr'><strong>eognovistis</strong></span> <span class='ocrx_word' id='word_1_44' title='bbox 1100 817 1244 864; x_wconf 85' lang='lat' dir='ltr'><strong>eum,</strong></span> <span class='ocrx_word' id='word_1_45' title='bbox 1284 807 1486 872; x_wconf 91' lang='lat' dir='ltr'><strong>utpote</strong></span> <span class='ocrx_word' id='word_1_46' title='bbox 1521 800 1805 873; x_wconf 78' lang='lat' dir='ltr'><strong>operibus</strong></span> <span class='ocrx_word' id='word_1_47' title='bbox 1860 801 2025 856; x_wconf 93' lang='lat' dir='ltr'><strong>illum</strong></span> <span class='ocrx_word' id='word_1_48' title='bbox 2060 807 2369 868; x_wconf 80' lang='lat' dir='ltr'><strong>negantes.</strong></span> 
     </span>
    </p>
   </div>
   <div class='ocr_carea' id='block_1_9' title="bbox 721 890 2375 961">
    <p class='ocr_par' dir='ltr' id='par_1_9' title="bbox 721 890 2375 961">
     <span class='ocr_line' id='line_1_9' title="bbox 721 890 2375 961; baseline -0.001 -14"><span class='ocrx_word' id='word_1_49' title='bbox 721 891 872 947; x_wconf 92' lang='lat' dir='ltr'><strong>Dicit</strong></span> <span class='ocrx_word' id='word_1_50' title='bbox 923 891 1083 946; x_wconf 91' lang='lat' dir='ltr'><strong>enim</strong></span> <span class='ocrx_word' id='word_1_51' title='bbox 1140 896 1196 945; x_wconf 91' lang='lat' dir='ltr'><strong>et</strong></span> <span class='ocrx_word' id='word_1_52' title='bbox 1249 890 1568 961; x_wconf 76' lang='lat' dir='ltr'><strong>Apostolus</strong></span> <span class='ocrx_word' id='word_1_53' title='bbox 1615 907 1628 944; x_wconf 90' lang='lat'><strong>:</strong></span> <span class='ocrx_word' id='word_1_54' title='bbox 1684 890 2046 957; x_wconf 78' lang='lat' dir='ltr'><strong>Conﬁtentur</strong></span> <span class='ocrx_word' id='word_1_55' title='bbox 2108 905 2169 945; x_wconf 87' lang='lat' dir='ltr'><strong>se</strong></span> <span class='ocrx_word' id='word_1_56' title='bbox 2220 905 2375 946; x_wconf 75' lang='lat' dir='ltr'><strong>nosse</strong></span> 
     </span>
    </p>
   </div>
   <div class='ocr_carea' id='block_1_10' title="bbox 721 978 2373 1050">
    <p class='ocr_par' dir='ltr' id='par_1_10' title="bbox 721 978 2373 1050">
     <span class='ocr_line' id='line_1_10' title="bbox 721 978 2373 1050; baseline -0.001 -15"><span class='ocrx_word' id='word_1_57' title='bbox 721 982 928 1044; x_wconf 86' lang='lat' dir='ltr'><strong>Deum,</strong></span> <span class='ocrx_word' id='word_1_58' title='bbox 970 981 1143 1048; x_wconf 80' lang='lat' dir='ltr'><strong>factis</strong></span> <span class='ocrx_word' id='word_1_59' title='bbox 1172 984 1367 1035; x_wconf 90' lang='lat' dir='ltr'><strong>autem</strong></span> <span class='ocrx_word' id='word_1_60' title='bbox 1399 986 1614 1048; x_wconf 85' lang='lat' dir='ltr'><strong>negant</strong></span> <span class='ocrx_word' id='word_1_61' title='bbox 1645 981 1715 1036; x_wconf 79' lang='grc'>⁷⁷.</span> <span class='ocrx_word' id='word_1_62' title='bbox 1745 978 1844 1033; x_wconf 85' lang='lat' dir='ltr'><strong>Vel</strong></span> <span class='ocrx_word' id='word_1_63' title='bbox 1880 979 2060 1034; x_wconf 88' lang='lat' dir='ltr'><strong>etiam</strong></span> <span class='ocrx_word' id='word_1_64' title='bbox 2107 994 2179 1034; x_wconf 92' lang='lat' dir='ltr'><strong>eo</strong></span> <span class='ocrx_word' id='word_1_65' title='bbox 2208 978 2373 1050; x_wconf 91' lang='lat' dir='ltr'><strong>quod</strong></span> 
     </span>
    </p>
   </div>
   <div class='ocr_carea' id='block_1_11' title="bbox 720 1065 2369 1138">
    <p class='ocr_par' dir='ltr' id='par_1_11' title="bbox 720 1065 2369 1138">
     <span class='ocr_line' id='line_1_11' title="bbox 720 1065 2369 1138; baseline -0.001 -15"><span class='ocrx_word' id='word_1_66' title='bbox 720 1084 839 1124; x_wconf 92' lang='lat' dir='ltr'><strong>non</strong></span> <span class='ocrx_word' id='word_1_67' title='bbox 869 1068 1211 1134; x_wconf 74' lang='lat' dir='ltr'><strong>agnoscatis</strong></span> <span class='ocrx_word' id='word_1_68' title='bbox 1235 1067 1438 1122; x_wconf 81' lang='lat' dir='ltr'><strong>Filium</strong></span> <span class='ocrx_word' id='word_1_69' title='bbox 1493 1069 1648 1138; x_wconf 87' lang='lat' dir='ltr'><strong>ejus.</strong></span> <span class='ocrx_word' id='word_1_70' title='bbox 1710 1066 1934 1122; x_wconf 78' lang='lat' dir='ltr'><strong>Dictum</strong></span> <span class='ocrx_word' id='word_1_71' title='bbox 1989 1071 2076 1121; x_wconf 72' lang='lat' dir='ltr'><strong>est</strong></span> <span class='ocrx_word' id='word_1_72' title='bbox 2136 1065 2295 1122; x_wconf 92' lang='lat' dir='ltr'><strong>enim</strong></span> <span class='ocrx_word' id='word_1_73' title='bbox 2357 1085 2369 1122; x_wconf 90' lang='lat'><strong>:</strong></span> 
     </span>
    </p>
   </div>
   <div class='ocr_carea' id='block_1_12' title="bbox 718 1156 2375 1227">
    <p class='ocr_par' dir='ltr' id='par_1_12' title="bbox 718 1156 2375 1227">
     <span class='ocr_line' id='line_1_12' title="bbox 718 1156 2375 1227; baseline -0.002 -14"><span class='ocrx_word' id='word_1_74' title='bbox 718 1158 784 1213; x_wconf 85' lang='lat' dir='ltr'><strong>Si</strong></span> <span class='ocrx_word' id='word_1_75' title='bbox 818 1172 910 1212; x_wconf 88' lang='lat' dir='ltr'><strong>me</strong></span> <span class='ocrx_word' id='word_1_76' title='bbox 935 1157 1370 1225; x_wconf 62' lang='lat' dir='ltr'><strong>cognoscet-etis,</strong></span> <span class='ocrx_word' id='word_1_77' title='bbox 1403 1157 1461 1213; x_wconf 80' lang='lat' dir='ltr'><strong>et</strong></span> <span class='ocrx_word' id='word_1_78' title='bbox 1496 1157 1734 1212; x_wconf 90' lang='lat' dir='ltr'><strong>Patrem</strong></span> <span class='ocrx_word' id='word_1_79' title='bbox 1787 1171 1971 1211; x_wconf 85' lang='lat' dir='ltr'><strong>meum</strong></span> <span class='ocrx_word' id='word_1_80' title='bbox 2024 1156 2227 1227; x_wconf 81' lang='lat' dir='ltr'><strong>utique</strong></span> <span class='ocrx_word' id='word_1_81' title='bbox 2283 1171 2375 1212; x_wconf 87' lang='lat' dir='ltr'><strong>co-</strong></span> 
     </span>
    </p>
   </div>
   <div class='ocr_carea' id='block_1_13' title="bbox 717 1244 2371 1318">
    <p class='ocr_par' dir='ltr' id='par_1_13' title="bbox 717 1244 2371 1318">
     <span class='ocr_line' id='line_1_13' title="bbox 717 1244 2371 1318; baseline -0.001 -17"><span class='ocrx_word' id='word_1_82' title='bbox 717 1249 1074 1317; x_wconf 71' lang='lat' dir='ltr'><strong>gnoscerem</strong></span> <span class='ocrx_word' id='word_1_83' title='bbox 1130 1247 1198 1300; x_wconf 75' lang='grc'><strong>⁷³.</strong></span> <span class='ocrx_word' id='word_1_84' title='bbox 1235 1245 1333 1300; x_wconf 89' lang='lat' dir='ltr'><strong>Vel</strong></span> <span class='ocrx_word' id='word_1_85' title='bbox 1387 1261 1458 1301; x_wconf 93' lang='lat' dir='ltr'><strong>eo</strong></span> <span class='ocrx_word' id='word_1_86' title='bbox 1515 1248 1680 1318; x_wconf 89' lang='lat' dir='ltr'><strong>quod</strong></span> <span class='ocrx_word' id='word_1_87' title='bbox 1739 1260 1861 1299; x_wconf 92' lang='lat' dir='ltr'><strong>non</strong></span> <span class='ocrx_word' id='word_1_88' title='bbox 1924 1244 2167 1300; x_wconf 82' lang='lat' dir='ltr'><strong>servetis</strong></span> <span class='ocrx_word' id='word_1_89' title='bbox 2240 1245 2371 1316; x_wconf 88' lang='lat' dir='ltr'><strong>ejus</strong></span> 
     </span>
    </p>
   </div>
   <div class='ocr_carea' id='block_1_14' title="bbox 721 1334 2370 1405">
    <p class='ocr_par' dir='ltr' id='par_1_14' title="bbox 721 1334 2370 1405">
     <span class='ocr_line' id='line_1_14' title="bbox 721 1334 2370 1405; baseline 0.001 -16"><span class='ocrx_word' id='word_1_90' title='bbox 721 1350 1026 1390; x_wconf 83' lang='lat' dir='ltr'><strong>sermones</strong></span> <span class='ocrx_word' id='word_1_91' title='bbox 1056 1353 1072 1405; x_wconf 90' lang='lat'><strong>;</strong></span> <span class='ocrx_word' id='word_1_92' title='bbox 1107 1349 1249 1390; x_wconf 86' lang='lat' dir='ltr'><strong>nam</strong></span> <span class='ocrx_word' id='word_1_93' title='bbox 1304 1334 1352 1389; x_wconf 93' lang='lat' dir='ltr'><strong>si</strong></span> <span class='ocrx_word' id='word_1_94' title='bbox 1381 1334 1810 1405; x_wconf 88' lang='lat' dir='ltr'><strong>cognosceretis</strong></span> <span class='ocrx_word' id='word_1_95' title='bbox 1840 1349 2000 1398; x_wconf 91' lang='lat' dir='ltr'><strong>eum,</strong></span> <span class='ocrx_word' id='word_1_96' title='bbox 2032 1348 2370 1390; x_wconf 86' lang='lat' dir='ltr'><strong>sermonem</strong></span> 
     </span>
    </p>
   </div>
   <div class='ocr_carea' id='block_1_15' title="bbox 721 1424 1208 1495">
    <p class='ocr_par' dir='ltr' id='par_1_15' title="bbox 721 1424 1208 1495">
     <span class='ocr_line' id='line_1_15' title="bbox 721 1424 1208 1495; baseline -0.006 -14"><span class='ocrx_word' id='word_1_97' title='bbox 721 1425 770 1495; x_wconf 87' lang='lat' dir='ltr'><strong>ej</strong></span> <span class='ocrx_word' id='word_1_98' title='bbox 783 1441 849 1478; x_wconf 94' lang='lat' dir='ltr'><strong>us</strong></span> <span class='ocrx_word' id='word_1_99' title='bbox 879 1424 1208 1479; x_wconf 85' lang='lat' dir='ltr'><strong>servaretis.</strong></span> 
     </span>
    </p>
   </div>
   <div class='ocr_carea' id='block_1_16' title="bbox 793 1511 2368 1582">
    <p class='ocr_par' dir='ltr' id='par_1_16' title="bbox 793 1511 2368 1582">
     <span class='ocr_line' id='line_1_16' title="bbox 793 1511 2368 1582; baseline -0.001 -16"><span class='ocrx_word' id='word_1_100' title='bbox 793 1512 952 1568; x_wconf 90' lang='lat' dir='ltr'><strong>Vers.</strong></span> <span class='ocrx_word' id='word_1_101' title='bbox 986 1513 1074 1568; x_wconf 81' lang='lat'><strong>55.</strong></span> <span class='ocrx_word' id='word_1_102' title='bbox 1126 1514 1252 1582; x_wconf 83' lang='lat' dir='ltr'><strong>Ego</strong></span> <span class='ocrx_word' id='word_1_103' title='bbox 1303 1516 1491 1568; x_wconf 84' lang='lat' dir='ltr'><strong>autem</strong></span> <span class='ocrx_word' id='word_1_104' title='bbox 1548 1513 1692 1567; x_wconf 81' lang='lat' dir='ltr'><strong>novi</strong></span> <span class='ocrx_word' id='word_1_105' title='bbox 1748 1527 1898 1567; x_wconf 90' lang='lat' dir='ltr'><strong>eum.</strong></span> <span class='ocrx_word' id='word_1_106' title='bbox 1962 1516 2088 1568; x_wconf 81' lang='lat' dir='ltr'><strong>Non</strong></span> <span class='ocrx_word' id='word_1_107' title='bbox 2147 1511 2368 1575; x_wconf 88' lang='lat' dir='ltr'><strong>solum,</strong></span> 
     </span>
    </p>
   </div>
   <div class='ocr_carea' id='block_1_17' title="bbox 721 1600 2371 1673">
    <p class='ocr_par' dir='ltr' id='par_1_17' title="bbox 721 1600 2371 1673">
     <span class='ocr_line' id='line_1_17' title="bbox 721 1600 2371 1673; baseline -0.001 -16"><span class='ocrx_word' id='word_1_108' title='bbox 721 1618 857 1658; x_wconf 93' lang='lat' dir='ltr'><strong>cum</strong></span> <span class='ocrx_word' id='word_1_109' title='bbox 889 1617 960 1657; x_wconf 83' lang='lat' dir='ltr'><strong>ex</strong></span> <span class='ocrx_word' id='word_1_110' title='bbox 993 1601 1123 1673; x_wconf 89' lang='lat' dir='ltr'><strong>ipso</strong></span> <span class='ocrx_word' id='word_1_111' title='bbox 1150 1603 1286 1664; x_wconf 90' lang='lat' dir='ltr'><strong>sim,</strong></span> <span class='ocrx_word' id='word_1_112' title='bbox 1333 1610 1388 1656; x_wconf 91' lang='lat' dir='ltr'><strong>et</strong></span> <span class='ocrx_word' id='word_1_113' title='bbox 1414 1601 1681 1671; x_wconf 88' lang='lat' dir='ltr'><strong>ejusdem</strong></span> <span class='ocrx_word' id='word_1_114' title='bbox 1725 1600 2095 1664; x_wconf 70' lang='lat' dir='ltr'><strong>substantiae,</strong></span> <span class='ocrx_word' id='word_1_115' title='bbox 2142 1607 2371 1656; x_wconf 62' lang='lat' dir='ltr'><strong>naturae</strong></span> 
     </span>
    </p>
   </div>
   <div class='ocr_carea' id='block_1_18' title="bbox 721 1690 2446 1780">
    <p class='ocr_par' dir='ltr' id='par_1_18' title="bbox 721 1690 2446 1780">
     <span class='ocr_line' id='line_1_18' title="bbox 721 1690 2446 1780; baseline -0.002 -33"><span class='ocrx_word' id='word_1_116' title='bbox 721 1696 778 1747; x_wconf 92' lang='lat' dir='ltr'><strong>et</strong></span> <span class='ocrx_word' id='word_1_117' title='bbox 806 1691 1087 1756; x_wconf 62' lang='lat' dir='ltr'><strong>scientiae,</strong></span> <span class='ocrx_word' id='word_1_118' title='bbox 1122 1692 1222 1746; x_wconf 90' lang='lat' dir='ltr'><strong>sed</strong></span> <span class='ocrx_word' id='word_1_119' title='bbox 1270 1690 1446 1746; x_wconf 91' lang='lat' dir='ltr'><strong>etiam</strong></span> <span class='ocrx_word' id='word_1_120' title='bbox 1501 1696 1790 1762; x_wconf 87' lang='lat' dir='ltr'><strong>tanquam</strong></span> <span class='ocrx_word' id='word_1_121' title='bbox 1844 1705 2184 1744; x_wconf 85' lang='lat' dir='ltr'><strong>sermonem</strong></span> <span class='ocrx_word' id='word_1_122' title='bbox 2243 1690 2370 1758; x_wconf 89' lang='lat' dir='ltr'><strong>ejus</strong></span> <span class='ocrx_word' id='word_1_123' title='bbox 2402 1725 2446 1780; x_wconf 75' lang='grc' dir='ltr'>Β</span> 
     </span>
    </p>
   </div>
   <div class='ocr_carea' id='block_1_19' title="bbox 721 1779 2373 1851">
    <p class='ocr_par' dir='ltr' id='par_1_19' title="bbox 721 1779 2373 1851">
     <span class='ocr_line' id='line_1_19' title="bbox 721 1779 2373 1851; baseline -0.002 -15"><span class='ocrx_word' id='word_1_124' title='bbox 721 1795 985 1836; x_wconf 87' lang='lat' dir='ltr'><strong>servans.</strong></span> <span class='ocrx_word' id='word_1_125' title='bbox 1014 1783 1158 1835; x_wconf 79' lang='lat' dir='ltr'><strong>Nam</strong></span> <span class='ocrx_word' id='word_1_126' title='bbox 1189 1784 1246 1835; x_wconf 91' lang='lat' dir='ltr'><strong>et</strong></span> <span class='ocrx_word' id='word_1_127' title='bbox 1276 1779 1550 1851; x_wconf 89' lang='lat' dir='ltr'><strong>superius</strong></span> <span class='ocrx_word' id='word_1_128' title='bbox 1597 1779 1743 1833; x_wconf 79' lang='lat' dir='ltr'><strong>dixit</strong></span> <span class='ocrx_word' id='word_1_129' title='bbox 1797 1796 1809 1834; x_wconf 94' lang='lat'><strong>:</strong></span> <span class='ocrx_word' id='word_1_130' title='bbox 1864 1780 1971 1834; x_wconf 82' lang='lat' dir='ltr'><strong>Est</strong></span> <span class='ocrx_word' id='word_1_131' title='bbox 2025 1794 2220 1842; x_wconf 71' lang='lat' dir='ltr'><strong>verax,</strong></span> <span class='ocrx_word' id='word_1_132' title='bbox 2270 1779 2373 1849; x_wconf 88' lang='lat' dir='ltr'><strong>qui</strong></span> 
     </span>
    </p>
   </div>
   <div class='ocr_carea' id='block_1_20' title="bbox 721 1868 2370 1939">
    <p class='ocr_par' dir='ltr' id='par_1_20' title="bbox 721 1868 2370 1939">
     <span class='ocr_line' id='line_1_20' title="bbox 721 1868 2370 1939; baseline -0.001 -15"><span class='ocrx_word' id='word_1_133' title='bbox 721 1870 877 1924; x_wconf 81' lang='lat' dir='ltr'><strong>misit</strong></span> <span class='ocrx_word' id='word_1_134' title='bbox 913 1884 1019 1933; x_wconf 85' lang='lat' dir='ltr'><strong>me,</strong></span> <span class='ocrx_word' id='word_1_135' title='bbox 1048 1884 1218 1939; x_wconf 85' lang='lat' dir='ltr'><strong>quem</strong></span> <span class='ocrx_word' id='word_1_136' title='bbox 1249 1884 1343 1924; x_wconf 83' lang='lat' dir='ltr'><strong>vos</strong></span> <span class='ocrx_word' id='word_1_137' title='bbox 1374 1883 1491 1924; x_wconf 83' lang='lat' dir='ltr'><strong>non</strong></span> <span class='ocrx_word' id='word_1_138' title='bbox 1519 1868 1698 1923; x_wconf 77' lang='lat' dir='ltr'><strong>nostis</strong></span> <span class='ocrx_word' id='word_1_139' title='bbox 1722 1884 1734 1920; x_wconf 89' lang='lat'><strong>:</strong></span> <span class='ocrx_word' id='word_1_140' title='bbox 1773 1883 1876 1938; x_wconf 86' lang='lat' dir='ltr'><strong>ego</strong></span> <span class='ocrx_word' id='word_1_141' title='bbox 1905 1882 2040 1923; x_wconf 89' lang='lat' dir='ltr'><strong>vero</strong></span> <span class='ocrx_word' id='word_1_142' title='bbox 2062 1869 2201 1922; x_wconf 83' lang='lat' dir='ltr'><strong>novi</strong></span> <span class='ocrx_word' id='word_1_143' title='bbox 2219 1884 2370 1935; x_wconf 81' lang='lat' dir='ltr'><strong>eum,</strong></span> 
     </span>
    </p>
   </div>
   <div class='ocr_carea' id='block_1_21' title="bbox 721 1959 1306 2030">
    <p class='ocr_par' dir='ltr' id='par_1_21' title="bbox 721 1959 1306 2030">
     <span class='ocr_line' id='line_1_21' title="bbox 721 1959 1306 2030; baseline -0.005 -17"><span class='ocrx_word' id='word_1_144' title='bbox 721 1959 864 2030; x_wconf 86' lang='lat' dir='ltr'><strong>quia</strong></span> <span class='ocrx_word' id='word_1_145' title='bbox 891 1959 965 2013; x_wconf 88' lang='lat' dir='ltr'><strong>ab</strong></span> <span class='ocrx_word' id='word_1_146' title='bbox 991 1973 1056 2014; x_wconf 89' lang='lat' dir='ltr'><strong>eo</strong></span> <span class='ocrx_word' id='word_1_147' title='bbox 1083 1974 1213 2013; x_wconf 87' lang='lat' dir='ltr'><strong>sum</strong></span> <span class='ocrx_word' id='word_1_148' title='bbox 1234 1960 1306 2010; x_wconf 76' lang='grc' dir='ltr'><strong>τ’.</strong></span> 
     </span>
    </p>
   </div>
   <div class='ocr_carea' id='block_1_22' title="bbox 791 2046 2373 2102">
    <p class='ocr_par' dir='ltr' id='par_1_22' title="bbox 791 2046 2373 2102">
     <span class='ocr_line' id='line_1_22' title="bbox 791 2046 2373 2102; baseline -0.001 0"><span class='ocrx_word' id='word_1_149' title='bbox 791 2048 933 2102; x_wconf 90' lang='lat' dir='ltr'><strong>Vers</strong></span> <span class='ocrx_word' id='word_1_150' title='bbox 989 2052 1075 2102; x_wconf 82' lang='lat'><strong>55.</strong></span> <span class='ocrx_word' id='word_1_151' title='bbox 1135 2049 1197 2102; x_wconf 83' lang='lat' dir='ltr'><strong>Et</strong></span> <span class='ocrx_word' id='word_1_152' title='bbox 1257 2076 1326 2088; x_wconf 96' lang='lat'>—</span> <span class='ocrx_word' id='word_1_153' title='bbox 1373 2046 1649 2102; x_wconf 73' lang='lat' dir='ltr'><strong>mendax.</strong></span> <span class='ocrx_word' id='word_1_154' title='bbox 1685 2047 1801 2101; x_wconf 91' lang='lat' dir='ltr'><strong>Vos</strong></span> <span class='ocrx_word' id='word_1_155' title='bbox 1833 2047 1992 2102; x_wconf 91' lang='lat' dir='ltr'><strong>enim</strong></span> <span class='ocrx_word' id='word_1_156' title='bbox 2042 2046 2373 2102; x_wconf 88' lang='lat' dir='ltr'><strong>mentimini</strong></span> 
     </span>
    </p>
   </div>
   <div class='ocr_carea' id='block_1_23' title="bbox 721 2137 2376 2205">
    <p class='ocr_par' dir='ltr' id='par_1_23' title="bbox 721 2137 2376 2205">
     <span class='ocr_line' id='line_1_23' title="bbox 721 2137 2376 2205; baseline -0.001 -12"><span class='ocrx_word' id='word_1_157' title='bbox 721 2137 989 2192; x_wconf 83' lang='lat' dir='ltr'><strong>dicentes</strong></span> <span class='ocrx_word' id='word_1_158' title='bbox 1028 2137 1214 2191; x_wconf 84' lang='lat' dir='ltr'><strong>Deum</strong></span> <span class='ocrx_word' id='word_1_159' title='bbox 1268 2140 1531 2191; x_wconf 86' lang='lat' dir='ltr'><strong>vestrum</strong></span> <span class='ocrx_word' id='word_1_160' title='bbox 1582 2152 1734 2201; x_wconf 90' lang='lat' dir='ltr'><strong>esse,</strong></span> <span class='ocrx_word' id='word_1_161' title='bbox 1788 2153 1924 2190; x_wconf 91' lang='lat' dir='ltr'><strong>cum</strong></span> <span class='ocrx_word' id='word_1_162' title='bbox 1983 2152 2101 2190; x_wconf 92' lang='lat' dir='ltr'><strong>non</strong></span> <span class='ocrx_word' id='word_1_163' title='bbox 2153 2152 2376 2205; x_wconf 85' lang='lat' dir='ltr'><strong>cogno-</strong></span> 
     </span>
    </p>
   </div>
   <div class='ocr_carea' id='block_1_24' title="bbox 724 2225 2371 2296">
    <p class='ocr_par' dir='ltr' id='par_1_24' title="bbox 724 2225 2371 2296">
     <span class='ocr_line' id='line_1_24' title="bbox 724 2225 2371 2296; baseline 0.001 -17"><span class='ocrx_word' id='word_1_164' title='bbox 724 2226 902 2281; x_wconf 88' lang='lat' dir='ltr'><strong>scatis</strong></span> <span class='ocrx_word' id='word_1_165' title='bbox 941 2242 1099 2285; x_wconf 89' lang='lat' dir='ltr'><strong>eum,</strong></span> <span class='ocrx_word' id='word_1_166' title='bbox 1144 2231 1206 2281; x_wconf 85' lang='lat' dir='ltr'><strong>ut</strong></span> <span class='ocrx_word' id='word_1_167' title='bbox 1264 2225 1614 2296; x_wconf 66' lang='lat' dir='ltr'><strong>praedictum</strong></span> <span class='ocrx_word' id='word_1_168' title='bbox 1674 2232 1778 2278; x_wconf 88' lang='lat' dir='ltr'><strong>est.</strong></span> <span class='ocrx_word' id='word_1_169' title='bbox 1837 2225 2108 2280; x_wconf 85' lang='lat' dir='ltr'><strong>Notitiam</strong></span> <span class='ocrx_word' id='word_1_170' title='bbox 2170 2230 2371 2280; x_wconf 88' lang='lat' dir='ltr'><strong>autem</strong></span> 
     </span>
    </p>
   </div>
   <div class='ocr_carea' id='block_1_25' title="bbox 721 2314 2373 2385">
    <p class='ocr_par' dir='ltr' id='par_1_25' title="bbox 721 2314 2373 2385">
     <span class='ocr_line' id='line_1_25' title="bbox 721 2314 2373 2385; baseline -0.001 -15"><span class='ocrx_word' id='word_1_171' title='bbox 721 2321 778 2370; x_wconf 91' lang='lat' dir='ltr'><strong>et</strong></span> <span class='ocrx_word' id='word_1_172' title='bbox 806 2316 1207 2384; x_wconf 82' lang='lat' dir='ltr'><strong>cognitionem</strong></span> <span class='ocrx_word' id='word_1_173' title='bbox 1240 2314 1400 2377; x_wconf 90' lang='lat' dir='ltr'><strong>dicit,</strong></span> <span class='ocrx_word' id='word_1_174' title='bbox 1443 2329 1618 2368; x_wconf 90' lang='lat' dir='ltr'><strong>nosse</strong></span> <span class='ocrx_word' id='word_1_175' title='bbox 1645 2314 2012 2385; x_wconf 86' lang='lat' dir='ltr'><strong>simpliciter.</strong></span> <span class='ocrx_word' id='word_1_176' title='bbox 2056 2320 2112 2369; x_wconf 91' lang='lat' dir='ltr'><strong>et</strong></span> <span class='ocrx_word' id='word_1_177' title='bbox 2155 2329 2373 2385; x_wconf 83' lang='lat' dir='ltr'><strong>cogno-</strong></span> 
     </span>
    </p>
   </div>
   <div class='ocr_carea' id='block_1_26' title="bbox 722 2403 2371 2475">
    <p class='ocr_par' dir='ltr' id='par_1_26' title="bbox 722 2403 2371 2475">
     <span class='ocr_line' id='line_1_26' title="bbox 722 2403 2371 2475; baseline 0 -17"><span class='ocrx_word' id='word_1_178' title='bbox 722 2418 884 2458; x_wconf 89' lang='lat' dir='ltr'><strong>scere</strong></span> <span class='ocrx_word' id='word_1_179' title='bbox 935 2403 1097 2475; x_wconf 89' lang='lat' dir='ltr'><strong>quod</strong></span> <span class='ocrx_word' id='word_1_180' title='bbox 1157 2404 1227 2458; x_wconf 87' lang='lat' dir='ltr'><strong>sit</strong></span> <span class='ocrx_word' id='word_1_181' title='bbox 1289 2403 1443 2457; x_wconf 90' lang='lat' dir='ltr'><strong>Deus</strong></span> <span class='ocrx_word' id='word_1_182' title='bbox 1495 2409 1551 2456; x_wconf 90' lang='lat' dir='ltr'><strong>et</strong></span> <span class='ocrx_word' id='word_1_183' title='bbox 1607 2403 1790 2464; x_wconf 86' lang='lat' dir='ltr'><strong>Pater,</strong></span> <span class='ocrx_word' id='word_1_184' title='bbox 1848 2418 1964 2456; x_wconf 91' lang='lat' dir='ltr'><strong>non</strong></span> <span class='ocrx_word' id='word_1_185' title='bbox 2053 2403 2201 2458; x_wconf 80' lang='lat' dir='ltr'><strong>scire</strong></span> <span class='ocrx_word' id='word_1_186' title='bbox 2273 2405 2371 2458; x_wconf 88' lang='lat' dir='ltr'><strong>Dei</strong></span> 
     </span>
    </p>
   </div>
   <div class='ocr_carea' id='block_1_27' title="bbox 720 2492 2368 2562">
    <p class='ocr_par' dir='ltr' id='par_1_27' title="bbox 720 2492 2368 2562">
     <span class='ocr_line' id='line_1_27' title="bbox 720 2492 2368 2562; baseline -0.001 -15"><span class='ocrx_word' id='word_1_187' title='bbox 720 2498 1016 2548; x_wconf 88' lang='lat' dir='ltr'><strong>naturam.</strong></span> <span class='ocrx_word' id='word_1_188' title='bbox 1051 2495 1193 2547; x_wconf 84' lang='lat' dir='ltr'><strong>Nam</strong></span> <span class='ocrx_word' id='word_1_189' title='bbox 1222 2494 1354 2562; x_wconf 88' lang='lat' dir='ltr'><strong>ipsa</strong></span> <span class='ocrx_word' id='word_1_190' title='bbox 1391 2507 1510 2545; x_wconf 90' lang='lat' dir='ltr'><strong>non</strong></span> <span class='ocrx_word' id='word_1_191' title='bbox 1553 2492 1751 2545; x_wconf 90' lang='lat' dir='ltr'><strong>solum</strong></span> <span class='ocrx_word' id='word_1_192' title='bbox 1814 2493 2094 2558; x_wconf 73' lang='lat' dir='ltr'><strong>cognosci</strong></span> <span class='ocrx_word' id='word_1_193' title='bbox 2150 2493 2368 2562; x_wconf 88' lang='lat' dir='ltr'><strong>nequit,</strong></span> 
     </span>
    </p>
   </div>
   <div class='ocr_carea' id='block_1_28' title="bbox 723 2579 2371 2647">
    <p class='ocr_par' dir='ltr' id='par_1_28' title="bbox 723 2579 2371 2647">
     <span class='ocr_line' id='line_1_28' title="bbox 723 2579 2371 2647; baseline 0.001 -13"><span class='ocrx_word' id='word_1_194' title='bbox 723 2597 924 2637; x_wconf 82' lang='lat' dir='ltr'><strong>verum</strong></span> <span class='ocrx_word' id='word_1_195' title='bbox 955 2581 1129 2635; x_wconf 89' lang='lat' dir='ltr'><strong>etiam</strong></span> <span class='ocrx_word' id='word_1_196' title='bbox 1161 2581 1407 2636; x_wconf 87' lang='lat' dir='ltr'><strong>omnino</strong></span> <span class='ocrx_word' id='word_1_197' title='bbox 1465 2579 1910 2647; x_wconf 89' lang='lat' dir='ltr'><strong>inintelligibilis</strong></span> <span class='ocrx_word' id='word_1_198' title='bbox 1960 2587 2046 2635; x_wconf 89' lang='lat' dir='ltr'><strong>est</strong></span> <span class='ocrx_word' id='word_1_199' title='bbox 2097 2589 2151 2635; x_wconf 87' lang='lat' dir='ltr'><strong>et</strong></span> <span class='ocrx_word' id='word_1_200' title='bbox 2206 2583 2371 2636; x_wconf 90' lang='lat' dir='ltr'><strong>inac-</strong></span> 
     </span>
    </p>
   </div>
   <div class='ocr_carea' id='block_1_29' title="bbox 721 2667 2374 2736">
    <p class='ocr_par' dir='ltr' id='par_1_29' title="bbox 721 2667 2374 2736">
     <span class='ocr_line' id='line_1_29' title="bbox 721 2667 2374 2736; baseline 0.001 -12"><span class='ocrx_word' id='word_1_201' title='bbox 721 2669 1030 2736; x_wconf 79' lang='lat' dir='ltr'><strong>cessibilis,</strong></span> <span class='ocrx_word' id='word_1_202' title='bbox 1060 2685 1168 2724; x_wconf 90' lang='lat' dir='ltr'><strong>nec</strong></span> <span class='ocrx_word' id='word_1_203' title='bbox 1208 2675 1424 2724; x_wconf 88' lang='lat' dir='ltr'><strong>tantum</strong></span> <span class='ocrx_word' id='word_1_204' title='bbox 1458 2667 1824 2734; x_wconf 89' lang='lat' dir='ltr'><strong>hominibus,</strong></span> <span class='ocrx_word' id='word_1_205' title='bbox 1886 2670 1990 2723; x_wconf 90' lang='lat' dir='ltr'><strong>sed</strong></span> <span class='ocrx_word' id='word_1_206' title='bbox 2041 2675 2096 2725; x_wconf 92' lang='lat' dir='ltr'><strong>et</strong></span> <span class='ocrx_word' id='word_1_207' title='bbox 2125 2670 2374 2726; x_wconf 68' lang='lat' dir='ltr'><strong>coelesti-</strong></span> 
     </span>
    </p>
   </div>
   <div class='ocr_carea' id='block_1_30' title="bbox 722 2758 1202 2813">
    <p class='ocr_par' dir='ltr' id='par_1_30' title="bbox 722 2758 1202 2813">
     <span class='ocr_line' id='line_1_30' title="bbox 722 2758 1202 2813; baseline -0.002 0"><span class='ocrx_word' id='word_1_208' title='bbox 722 2759 832 2813; x_wconf 88' lang='lat' dir='ltr'><strong>bus</strong></span> <span class='ocrx_word' id='word_1_209' title='bbox 870 2758 1202 2813; x_wconf 84' lang='lat' dir='ltr'><strong>virtutibus.</strong></span> 
     </span>
    </p>
   </div>
   <div class='ocr_carea' id='block_1_31' title="bbox 794 2845 2370 2919">
    <p class='ocr_par' dir='ltr' id='par_1_31' title="bbox 794 2845 2370 2919">
     <span class='ocr_line' id='line_1_31' title="bbox 794 2845 2370 2919; baseline 0.004 -22"><span class='ocrx_word' id='word_1_210' title='bbox 794 2846 958 2902; x_wconf 88' lang='lat' dir='ltr'><strong>Vers.</strong></span> <span class='ocrx_word' id='word_1_211' title='bbox 993 2847 1080 2901; x_wconf 84' lang='lat'><strong>56.</strong></span> <span class='ocrx_word' id='word_1_212' title='bbox 1141 2846 1251 2902; x_wconf 83' lang='lat' dir='ltr'><strong>Sed</strong></span> <span class='ocrx_word' id='word_1_213' title='bbox 1304 2877 1369 2886; x_wconf 91' lang='lat'><strong><em>—</em></strong></span> <span class='ocrx_word' id='word_1_214' title='bbox 1425 2861 1614 2902; x_wconf 85' lang='lat' dir='ltr'><strong>servo.</strong></span> <span class='ocrx_word' id='word_1_215' title='bbox 1672 2845 1868 2911; x_wconf 84' lang='lat' dir='ltr'><strong>Vides,</strong></span> <span class='ocrx_word' id='word_1_216' title='bbox 1902 2846 2062 2919; x_wconf 89' lang='lat' dir='ltr'><strong>quod</strong></span> <span class='ocrx_word' id='word_1_217' title='bbox 2122 2848 2221 2903; x_wconf 90' lang='lat' dir='ltr'><strong>Dei</strong></span> <span class='ocrx_word' id='word_1_218' title='bbox 2253 2864 2370 2903; x_wconf 90' lang='lat' dir='ltr'><strong>ser-</strong></span> 
     </span>
    </p>
   </div>
   <div class='ocr_carea' id='block_1_32' title="bbox 720 2935 2367 3008">
    <p class='ocr_par' dir='ltr' id='par_1_32' title="bbox 720 2935 2367 3008">
     <span class='ocr_line' id='line_1_32' title="bbox 720 2935 2367 3008; baseline 0.001 -17"><span class='ocrx_word' id='word_1_219' title='bbox 720 2951 963 2991; x_wconf 91' lang='lat' dir='ltr'><strong>monem</strong></span> <span class='ocrx_word' id='word_1_220' title='bbox 1023 2951 1279 2999; x_wconf 86' lang='lat' dir='ltr'><strong>servare,</strong></span> <span class='ocrx_word' id='word_1_221' title='bbox 1333 2935 1571 3005; x_wconf 89' lang='lat' dir='ltr'><strong>signum</strong></span> <span class='ocrx_word' id='word_1_222' title='bbox 1627 2936 1697 2991; x_wconf 86' lang='lat' dir='ltr'><strong>sit</strong></span> <span class='ocrx_word' id='word_1_223' title='bbox 1750 2936 1915 3007; x_wconf 91' lang='lat' dir='ltr'><strong>quod</strong></span> <span class='ocrx_word' id='word_1_224' title='bbox 1977 2937 2114 3008; x_wconf 88' lang='lat' dir='ltr'><strong>quis</strong></span> <span class='ocrx_word' id='word_1_225' title='bbox 2183 2939 2367 2993; x_wconf 89' lang='lat' dir='ltr'><strong>Deum</strong></span> 
     </span>
    </p>
   </div>
   <div class='ocr_carea' id='block_1_33' title="bbox 720 3024 2370 3097">
    <p class='ocr_par' dir='ltr' id='par_1_33' title="bbox 720 3024 2370 3097">
     <span class='ocr_line' id='line_1_33' title="bbox 720 3024 2370 3097; baseline 0.001 -17"><span class='ocrx_word' id='word_1_226' title='bbox 720 3031 1061 3094; x_wconf 78' lang='lat' dir='ltr'><strong>cognoscat.</strong></span> <span class='ocrx_word' id='word_1_227' title='bbox 1095 3024 1439 3080; x_wconf 86' lang='lat' dir='ltr'><strong>Timeamus</strong></span> <span class='ocrx_word' id='word_1_228' title='bbox 1471 3024 1667 3091; x_wconf 83' lang='lat' dir='ltr'><strong>igitur,</strong></span> <span class='ocrx_word' id='word_1_229' title='bbox 1717 3025 1880 3097; x_wconf 87' lang='lat' dir='ltr'><strong>quod</strong></span> <span class='ocrx_word' id='word_1_230' title='bbox 1913 3026 2008 3080; x_wconf 85' lang='lat' dir='ltr'><strong>Dei</strong></span> <span class='ocrx_word' id='word_1_231' title='bbox 2074 3035 2370 3096; x_wconf 58' lang='lat' dir='ltr'><strong>praecepta</strong></span> 
     </span>
    </p>
   </div>
   <div class='ocr_carea' id='block_1_34' title="bbox 719 3115 2368 3188">
    <p class='ocr_par' dir='ltr' id='par_1_34' title="bbox 719 3115 2368 3188">
     <span class='ocr_line' id='line_1_34' title="bbox 719 3115 2368 3188; baseline 0.001 -19"><span class='ocrx_word' id='word_1_232' title='bbox 719 3129 840 3169; x_wconf 90' lang='lat' dir='ltr'><strong>non</strong></span> <span class='ocrx_word' id='word_1_233' title='bbox 873 3129 1197 3179; x_wconf 80' lang='lat' dir='ltr'><strong>servamus,</strong></span> <span class='ocrx_word' id='word_1_234' title='bbox 1254 3120 1539 3184; x_wconf 88' lang='lat' dir='ltr'><strong>tanquam</strong></span> <span class='ocrx_word' id='word_1_235' title='bbox 1571 3131 1709 3170; x_wconf 88' lang='lat' dir='ltr'><strong>cum</strong></span> <span class='ocrx_word' id='word_1_236' title='bbox 1766 3115 1851 3169; x_wconf 92' lang='lat' dir='ltr'><strong>eis</strong></span> <span class='ocrx_word' id='word_1_237' title='bbox 1906 3116 2230 3186; x_wconf 84' lang='lat' dir='ltr'><strong>constituti,</strong></span> <span class='ocrx_word' id='word_1_238' title='bbox 2263 3115 2368 3188; x_wconf 88' lang='lat' dir='ltr'><strong>qui</strong></span> 
     </span>
    </p>
   </div>
   <div class='ocr_carea' id='block_1_35' title="bbox 721 3202 2366 3276">
    <p class='ocr_par' dir='ltr' id='par_1_35' title="bbox 721 3202 2366 3276">
     <span class='ocr_line' id='line_1_35' title="bbox 721 3202 2366 3276; baseline 0.002 -19"><span class='ocrx_word' id='word_1_239' title='bbox 721 3202 907 3258; x_wconf 85' lang='lat' dir='ltr'><strong>Deum</strong></span> <span class='ocrx_word' id='word_1_240' title='bbox 942 3203 1236 3272; x_wconf 85' lang='lat' dir='ltr'><strong>ignorant.</strong></span> <span class='ocrx_word' id='word_1_241' title='bbox 1270 3203 1490 3259; x_wconf 90' lang='lat' dir='ltr'><strong>Deinde</strong></span> <span class='ocrx_word' id='word_1_242' title='bbox 1535 3203 1763 3276; x_wconf 88' lang='lat' dir='ltr'><strong>probat,</strong></span> <span class='ocrx_word' id='word_1_243' title='bbox 1814 3203 1978 3275; x_wconf 90' lang='lat' dir='ltr'><strong>quod</strong></span> <span class='ocrx_word' id='word_1_244' title='bbox 2025 3205 2218 3275; x_wconf 86' lang='lat' dir='ltr'><strong>major</strong></span> <span class='ocrx_word' id='word_1_245' title='bbox 2271 3205 2366 3270; x_wconf 90' lang='lat' dir='ltr'><strong>sit,</strong></span> 
     </span>
    </p>
   </div>
   <div class='ocr_carea' id='block_1_36' title="bbox 718 3293 1256 3364">
    <p class='ocr_par' dir='ltr' id='par_1_36' title="bbox 718 3293 1256 3364">
     <span class='ocr_line' id='line_1_36' title="bbox 718 3293 1256 3364; baseline 0 -17"><span class='ocrx_word' id='word_1_246' title='bbox 718 3307 904 3364; x_wconf 87' lang='lat' dir='ltr'><strong>quam</strong></span> <span class='ocrx_word' id='word_1_247' title='bbox 932 3293 1256 3348; x_wconf 84' lang='lat' dir='ltr'><strong>Abraham.</strong></span> 
     </span>
    </p>
   </div>
   <div class='ocr_carea' id='block_1_37' title="bbox 791 3380 2369 3441">
    <p class='ocr_par' dir='ltr' id='par_1_37' title="bbox 791 3380 2369 3441">
     <span class='ocr_line' id='line_1_37' title="bbox 791 3380 2369 3441; baseline 0.003 -5"><span class='ocrx_word' id='word_1_248' title='bbox 791 3380 951 3438; x_wconf 86' lang='lat' dir='ltr'><strong>Vers.</strong></span> <span class='ocrx_word' id='word_1_249' title='bbox 1032 3386 1117 3437; x_wconf 80' lang='lat'><strong>56.</strong></span> <span class='ocrx_word' id='word_1_250' title='bbox 1160 3383 1466 3439; x_wconf 82' lang='lat' dir='ltr'><strong>Abraham</strong></span> <span class='ocrx_word' id='word_1_251' title='bbox 1523 3413 1591 3422; x_wconf 99' lang='lat'>—</span> <span class='ocrx_word' id='word_1_252' title='bbox 1642 3397 1854 3439; x_wconf 86' lang='lat' dir='ltr'><strong>meum.</strong></span> <span class='ocrx_word' id='word_1_253' title='bbox 1913 3412 1984 3427; x_wconf 94' lang='lat'>—</span> <span class='ocrx_word' id='word_1_254' title='bbox 2034 3384 2369 3441; x_wconf 72' lang='lat' dir='ltr'><strong>Ezsuttavit</strong></span> 
     </span>
    </p>
   </div>
   <div class='ocr_carea' id='block_1_38' title="bbox 719 3470 2369 3542">
    <p class='ocr_par' dir='ltr' id='par_1_38' title="bbox 719 3470 2369 3542">
     <span class='ocr_line' id='line_1_38' title="bbox 719 3470 2369 3542; baseline 0.003 -18"><span class='ocrx_word' id='word_1_255' title='bbox 719 3470 845 3526; x_wconf 85' lang='lat' dir='ltr'><strong>sive</strong></span> <span class='ocrx_word' id='word_1_256' title='bbox 897 3470 1256 3542; x_wconf 88' lang='lat' dir='ltr'><strong>concupivit.</strong></span> <span class='ocrx_word' id='word_1_257' title='bbox 1291 3470 1451 3527; x_wconf 91' lang='lat' dir='ltr'><strong>Diem</strong></span> <span class='ocrx_word' id='word_1_258' title='bbox 1493 3475 1685 3525; x_wconf 89' lang='lat' dir='ltr'><strong>autem</strong></span> <span class='ocrx_word' id='word_1_259' title='bbox 1751 3486 1931 3526; x_wconf 90' lang='lat' dir='ltr'><strong>suum</strong></span> <span class='ocrx_word' id='word_1_260' title='bbox 2010 3471 2154 3528; x_wconf 88' lang='lat' dir='ltr'><strong>dicit</strong></span> <span class='ocrx_word' id='word_1_261' title='bbox 2206 3471 2369 3529; x_wconf 88' lang='lat' dir='ltr'><strong>diem</strong></span> 
     </span>
    </p>
   </div>
   <div class='ocr_carea' id='block_1_39' title="bbox 716 3574 1036 3632">
    <p class='ocr_par' dir='ltr' id='par_1_39' title="bbox 716 3574 1036 3632">
     <span class='ocr_line' id='line_1_39' title="bbox 716 3574 1036 3632; baseline -0.003 -17"><span class='ocrx_word' id='word_1_262' title='bbox 716 3574 1036 3632; x_wconf 79' lang='lat' dir='ltr'><strong>passionis.</strong></span> 
     </span>
    </p>
   </div>
   <div class='ocr_carea' id='block_1_40' title="bbox 788 3648 2367 3718">
    <p class='ocr_par' dir='ltr' id='par_1_40' title="bbox 788 3648 2367 3718">
     <span class='ocr_line' id='line_1_40' title="bbox 788 3648 2367 3718; baseline 0.003 -17"><span class='ocrx_word' id='word_1_263' title='bbox 788 3648 950 3703; x_wconf 89' lang='lat' dir='ltr'><strong>Vers.</strong></span> <span class='ocrx_word' id='word_1_264' title='bbox 1011 3652 1097 3703; x_wconf 77' lang='lat'><strong>56.</strong></span> <span class='ocrx_word' id='word_1_265' title='bbox 1151 3648 1225 3703; x_wconf 87' lang='lat' dir='ltr'><strong>Et</strong></span> <span class='ocrx_word' id='word_1_266' title='bbox 1283 3648 1453 3713; x_wconf 78' lang='lat' dir='ltr'><strong>vidit,</strong></span> <span class='ocrx_word' id='word_1_267' title='bbox 1514 3654 1569 3704; x_wconf 90' lang='lat' dir='ltr'><strong>et</strong></span> <span class='ocrx_word' id='word_1_268' title='bbox 1636 3649 1875 3718; x_wconf 82' lang='lat' dir='ltr'><strong>gavisus</strong></span> <span class='ocrx_word' id='word_1_269' title='bbox 1944 3655 2049 3706; x_wconf 84' lang='lat' dir='ltr'><strong>est.</strong></span> <span class='ocrx_word' id='word_1_270' title='bbox 2109 3649 2367 3706; x_wconf 86' lang='lat' dir='ltr'><strong>Gavisus</strong></span> 
     </span>
    </p>
   </div>
   <div class='ocr_carea' id='block_1_41' title="bbox 717 3735 2368 3807">
    <p class='ocr_par' dir='ltr' id='par_1_41' title="bbox 717 3735 2368 3807">
     <span class='ocr_line' id='line_1_41' title="bbox 717 3735 2368 3807; baseline 0.003 -17"><span class='ocrx_word' id='word_1_271' title='bbox 717 3741 805 3790; x_wconf 92' lang='lat' dir='ltr'><strong>est</strong></span> <span class='ocrx_word' id='word_1_272' title='bbox 829 3743 1064 3807; x_wconf 89' lang='lat' dir='ltr'><strong>propter</strong></span> <span class='ocrx_word' id='word_1_273' title='bbox 1117 3735 1363 3791; x_wconf 87' lang='lat' dir='ltr'><strong>salutem</strong></span> <span class='ocrx_word' id='word_1_274' title='bbox 1419 3736 1648 3790; x_wconf 91' lang='lat' dir='ltr'><strong>mundi.</strong></span> <span class='ocrx_word' id='word_1_275' title='bbox 1721 3737 2133 3806; x_wconf 62' lang='lat' dir='ltr'><strong>Praecognovit</strong></span> <span class='ocrx_word' id='word_1_276' title='bbox 2201 3755 2368 3795; x_wconf 89' lang='lat' dir='ltr'><strong>nam-</strong></span> 
     </span>
    </p>
   </div>
   <div class='ocr_carea' id='block_1_42' title="bbox 716 3825 2369 3896">
    <p class='ocr_par' dir='ltr' id='par_1_42' title="bbox 716 3825 2369 3896">
     <span class='ocr_line' id='line_1_42' title="bbox 716 3825 2369 3896; baseline 0.005 -19"><span class='ocrx_word' id='word_1_277' title='bbox 716 3839 834 3895; x_wconf 89' lang='lat' dir='ltr'><strong>que</strong></span> <span class='ocrx_word' id='word_1_278' title='bbox 874 3825 1227 3896; x_wconf 85' lang='lat' dir='ltr'><strong>mysterium</strong></span> <span class='ocrx_word' id='word_1_279' title='bbox 1268 3825 1670 3880; x_wconf 84' lang='lat' dir='ltr'><strong>crucitixionis</strong></span> <span class='ocrx_word' id='word_1_280' title='bbox 1713 3827 1946 3882; x_wconf 84' lang='lat' dir='ltr'><strong>Christi.</strong></span> <span class='ocrx_word' id='word_1_281' title='bbox 2005 3829 2369 3885; x_wconf 86' lang='lat' dir='ltr'><strong>Desideravit</strong></span> 
     </span>
    </p>
   </div>
   <div class='ocr_carea' id='block_1_43' title="bbox 716 3912 2362 3987">
    <p class='ocr_par' dir='ltr' id='par_1_43' title="bbox 716 3912 2362 3987">
     <span class='ocr_line' id='line_1_43' title="bbox 716 3912 2362 3987; baseline 0.004 -21"><span class='ocrx_word' id='word_1_282' title='bbox 716 3913 917 3967; x_wconf 90' lang='lat' dir='ltr'><strong>videre</strong></span> <span class='ocrx_word' id='word_1_283' title='bbox 957 3912 1115 3967; x_wconf 88' lang='lat' dir='ltr'><strong>diem</strong></span> <span class='ocrx_word' id='word_1_284' title='bbox 1179 3914 1366 3984; x_wconf 89' lang='lat' dir='ltr'><strong>ipsius</strong></span> <span class='ocrx_word' id='word_1_285' title='bbox 1405 3921 1457 3968; x_wconf 89' lang='lat' dir='ltr'><strong>et</strong></span> <span class='ocrx_word' id='word_1_286' title='bbox 1501 3915 1642 3969; x_wconf 82' lang='lat' dir='ltr'><strong>vidit</strong></span> <span class='ocrx_word' id='word_1_287' title='bbox 1691 3915 1855 3970; x_wconf 90' lang='lat' dir='ltr'><strong>illum</strong></span> <span class='ocrx_word' id='word_1_288' title='bbox 1911 3917 2362 3987; x_wconf 67' lang='lat' dir='ltr'><strong>prmﬁguratum</strong></span> 
     </span>
    </p>
   </div>
   <div class='ocr_carea' id='block_1_44' title="bbox 715 4000 2365 4073">
    <p class='ocr_par' dir='ltr' id='par_1_44' title="bbox 715 4000 2365 4073">
     <span class='ocr_line' id='line_1_44' title="bbox 715 4000 2365 4073; baseline 0.004 -17"><span class='ocrx_word' id='word_1_289' title='bbox 715 4000 1242 4064; x_wconf 84' lang='lat' dir='ltr'><strong>etadumbratum,</strong></span> <span class='ocrx_word' id='word_1_290' title='bbox 1294 4003 1351 4057; x_wconf 92' lang='lat' dir='ltr'><strong>in</strong></span> <span class='ocrx_word' id='word_1_291' title='bbox 1403 4001 1496 4056; x_wconf 89' lang='lat' dir='ltr'><strong>die</strong></span> <span class='ocrx_word' id='word_1_292' title='bbox 1550 4019 1673 4073; x_wconf 91' lang='lat' dir='ltr'><strong>quo</strong></span> <span class='ocrx_word' id='word_1_293' title='bbox 1721 4003 1907 4059; x_wconf 83' lang='lat' dir='ltr'><strong>tilium</strong></span> <span class='ocrx_word' id='word_1_294' title='bbox 1960 4023 2136 4060; x_wconf 88' lang='lat' dir='ltr'><strong>suum</strong></span> <span class='ocrx_word' id='word_1_295' title='bbox 2197 4007 2365 4064; x_wconf 85' lang='lat' dir='ltr'><strong>Isaac</strong></span> 
     </span>
    </p>
   </div>
   <div class='ocr_carea' id='block_1_45' title="bbox 715 4089 2366 4166">
    <p class='ocr_par' dir='ltr' id='par_1_45' title="bbox 715 4089 2366 4166">
     <span class='ocr_line' id='line_1_45' title="bbox 715 4089 2366 4166; baseline 0.005 -22"><span class='ocrx_word' id='word_1_296' title='bbox 715 4089 928 4145; x_wconf 87' lang='lat' dir='ltr'><strong>obtulit</strong></span> <span class='ocrx_word' id='word_1_297' title='bbox 966 4090 1023 4145; x_wconf 93' lang='lat' dir='ltr'><strong>in</strong></span> <span class='ocrx_word' id='word_1_298' title='bbox 1049 4091 1487 4146; x_wconf 84' lang='lat' dir='ltr'><strong>holocaustum.</strong></span> <span class='ocrx_word' id='word_1_299' title='bbox 1537 4092 1738 4147; x_wconf 78' lang='lat' dir='ltr'><strong>Didicit</strong></span> <span class='ocrx_word' id='word_1_300' title='bbox 1780 4095 1958 4156; x_wconf 88' lang='lat' dir='ltr'><strong>enim,</strong></span> <span class='ocrx_word' id='word_1_301' title='bbox 2007 4096 2164 4166; x_wconf 89' lang='lat' dir='ltr'><strong>quod</strong></span> <span class='ocrx_word' id='word_1_302' title='bbox 2217 4098 2366 4153; x_wconf 80' lang='lat' dir='ltr'><strong>sicut</strong></span> 
     </span>
    </p>
   </div>
   <div class='ocr_carea' id='block_1_46' title="bbox 715 4180 2362 4254">
    <p class='ocr_par' dir='ltr' id='par_1_46' title="bbox 715 4180 2362 4254">
     <span class='ocr_line' id='line_1_46' title="bbox 715 4180 2362 4254; baseline 0.004 -20"><span class='ocrx_word' id='word_1_303' title='bbox 715 4180 845 4251; x_wconf 88' lang='lat' dir='ltr'><strong>ipse</strong></span> <span class='ocrx_word' id='word_1_304' title='bbox 895 4195 1012 4234; x_wconf 90' lang='lat' dir='ltr'><strong>non</strong></span> <span class='ocrx_word' id='word_1_305' title='bbox 1086 4181 1347 4251; x_wconf 90' lang='lat' dir='ltr'><strong>pepercit</strong></span> <span class='ocrx_word' id='word_1_306' title='bbox 1394 4197 1504 4235; x_wconf 89' lang='lat' dir='ltr'><strong>suo</strong></span> <span class='ocrx_word' id='word_1_307' title='bbox 1565 4183 1778 4236; x_wconf 88' lang='lat' dir='ltr'><strong>dilecto</strong></span> <span class='ocrx_word' id='word_1_308' title='bbox 1851 4192 2094 4254; x_wconf 83' lang='lat' dir='ltr'><strong>propter</strong></span> <span class='ocrx_word' id='word_1_309' title='bbox 2151 4186 2362 4253; x_wconf 88' lang='lat' dir='ltr'><strong>Deum,</strong></span> 
     </span>
    </p>
   </div>
   <div class='ocr_carea' id='block_1_47' title="bbox 2486 531 3942 613">
    <p class='ocr_par' dir='ltr' id='par_1_47' title="bbox 2486 531 3942 613">
     <span class='ocr_line' id='line_1_47' title="bbox 2486 531 3942 613; baseline 0.009 -30"><span class='ocrx_word' id='word_1_310' title='bbox 2486 538 2720 602; x_wconf 74' lang='grc' dir='ltr'>Φανερῶς</span> <span class='ocrx_word' id='word_1_311' title='bbox 2775 537 2873 608; x_wconf 79' lang='grc' dir='ltr'>γὰρ</span> <span class='ocrx_word' id='word_1_312' title='bbox 2901 541 2988 586; x_wconf 86' lang='grc' dir='ltr'><strong>νῦν</strong></span> <span class='ocrx_word' id='word_1_313' title='bbox 3021 533 3115 586; x_wconf 78' lang='grc' dir='ltr'>ούκ</span> <span class='ocrx_word' id='word_1_314' title='bbox 3147 531 3252 588; x_wconf 86' lang='grc' dir='ltr'>εἶπε</span> <span class='ocrx_word' id='word_1_315' title='bbox 3283 543 3434 588; x_wconf 86' lang='grc' dir='ltr'>τοῦτο</span> <span class='ocrx_word' id='word_1_316' title='bbox 3460 532 3494 588; x_wconf 84' lang='grc' dir='ltr'><em>δ</em></span> <span class='ocrx_word' id='word_1_317' title='bbox 3500 540 3550 588; x_wconf 83' lang='grc' dir='ltr'><strong>ιά</strong></span> <span class='ocrx_word' id='word_1_318' title='bbox 3577 542 3656 594; x_wconf 79' lang='grc' dir='ltr'>τὴν</span> <span class='ocrx_word' id='word_1_319' title='bbox 3688 537 3942 613; x_wconf 57' lang='grc' dir='ltr'>ἀναισχυντεῖ,</span> 
     </span>
    </p>
   </div>
   <div class='ocr_carea' id='block_1_48' title="bbox 2487 623 2676 676">
    <p class='ocr_par' dir='ltr' id='par_1_48' title="bbox 2487 623 2676 676">
     <span class='ocr_line' id='line_1_48' title="bbox 2487 623 2676 676; baseline 0.011 -2"><span class='ocrx_word' id='word_1_320' title='bbox 2487 623 2550 674; x_wconf 85' lang='grc' dir='ltr'><strong>αύ</strong></span> <span class='ocrx_word' id='word_1_321' title='bbox 2557 631 2654 674; x_wconf 85' lang='grc' dir='ltr'>τῶν</span> <span class='ocrx_word' id='word_1_322' title='bbox 2663 662 2676 676; x_wconf 91' lang='grc'><strong>.</strong></span> 
     </span>
    </p>
   </div>
   <div class='ocr_carea' id='block_1_49' title="bbox 2555 711 3942 786">
    <p class='ocr_par' dir='ltr' id='par_1_49' title="bbox 2555 711 3942 786">
     <span class='ocr_line' id='line_1_49' title="bbox 2555 711 3942 786; baseline 0.008 -24"><span class='ocrx_word' id='word_1_323' title='bbox 2555 711 2648 763; x_wconf 88' lang='grc' dir='ltr'>’ον</span> <span class='ocrx_word' id='word_1_324' title='bbox 2708 743 2778 754; x_wconf 92' lang='lat'><strong>—</strong></span> <span class='ocrx_word' id='word_1_325' title='bbox 2833 712 3009 765; x_wconf 77' lang='grc' dir='ltr'>αὐτόν.</span> <span class='ocrx_word' id='word_1_326' title='bbox 3072 744 3139 754; x_wconf 91' lang='grc'><strong>-</strong></span> <span class='ocrx_word' id='word_1_327' title='bbox 3180 713 3292 767; x_wconf 76' lang='grc' dir='ltr'><strong>Οὐκ</strong></span> <span class='ocrx_word' id='word_1_328' title='bbox 3347 713 3593 786; x_wconf 76' lang='grc' dir='ltr'>ἓγνὼκατε</span> <span class='ocrx_word' id='word_1_329' title='bbox 3643 717 3788 782; x_wconf 72' lang='grc' dir='ltr'>αὐτὸν,</span> <span class='ocrx_word' id='word_1_330' title='bbox 3820 724 3942 785; x_wconf 49' lang='lat' dir='ltr'><strong>ams;</strong></span> 
     </span>
    </p>
   </div>
   <div class='ocr_carea' id='block_1_50' title="bbox 2484 800 3942 876">
    <p class='ocr_par' dir='ltr' id='par_1_50' title="bbox 2484 800 3942 876">
     <span class='ocr_line' id='line_1_50' title="bbox 2484 800 3942 876; baseline -0.001 -22"><span class='ocrx_word' id='word_1_331' title='bbox 2484 805 2652 876; x_wconf 77' lang='grc' dir='ltr'>ἔργοις</span> <span class='ocrx_word' id='word_1_332' title='bbox 2698 800 2998 873; x_wconf 76' lang='grc' dir='ltr'>ἀρνούμενοι</span> <span class='ocrx_word' id='word_1_333' title='bbox 3045 802 3217 855; x_wconf 72' lang='grc' dir='ltr'>αὑτὸν.</span> <span class='ocrx_word' id='word_1_334' title='bbox 3274 809 3410 861; x_wconf 73' lang='grc' dir='ltr'>Φησὶ</span> <span class='ocrx_word' id='word_1_335' title='bbox 3465 808 3564 876; x_wconf 82' lang='grc' dir='ltr'><strong>γὰρ</strong></span> <span class='ocrx_word' id='word_1_336' title='bbox 3612 810 3691 856; x_wconf 77' lang='grc' dir='ltr'><strong>καὶ</strong></span> <span class='ocrx_word' id='word_1_337' title='bbox 3737 809 3942 861; x_wconf 65' lang='grc' dir='ltr'><strong>όἊπάττς.</strong></span> 
     </span>
    </p>
   </div>
   <div class='ocr_carea' id='block_1_51' title="bbox 2482 889 3946 969">
    <p class='ocr_par' dir='ltr' id='par_1_51' title="bbox 2482 889 3946 969">
     <span class='ocr_line' id='line_1_51' title="bbox 2482 889 3946 969; baseline 0.008 -29"><span class='ocrx_word' id='word_1_338' title='bbox 2482 890 2564 948; x_wconf 91' lang='grc' dir='ltr'><strong>λος</strong></span> <span class='ocrx_word' id='word_1_339' title='bbox 2645 892 2726 941; x_wconf 85' lang='grc' dir='ltr'>ὃτι</span> <span class='ocrx_word' id='word_1_340' title='bbox 2772 896 2900 943; x_wconf 84' lang='grc' dir='ltr'>Θεὸν</span> <span class='ocrx_word' id='word_1_341' title='bbox 2957 891 3300 964; x_wconf 72' lang='grc' dir='ltr'><strong>ὁμολογοῦσιν</strong></span> <span class='ocrx_word' id='word_1_342' title='bbox 3357 889 3571 960; x_wconf 74' lang='grc' dir='ltr'>εἰδέναι,</span> <span class='ocrx_word' id='word_1_343' title='bbox 3618 902 3713 957; x_wconf 87' lang='grc' dir='ltr'><strong>τοίς</strong></span> <span class='ocrx_word' id='word_1_344' title='bbox 3763 893 3808 948; x_wconf 78' lang='grc' dir='ltr'>δε</span> <span class='ocrx_word' id='word_1_345' title='bbox 3854 903 3946 969; x_wconf 66' lang='grc' dir='ltr'>ἓργιις</span> 
     </span>
    </p>
   </div>
   <div class='ocr_carea' id='block_1_52' title="bbox 2487 975 3944 1055">
    <p class='ocr_par' dir='ltr' id='par_1_52' title="bbox 2487 975 3944 1055">
     <span class='ocr_line' id='line_1_52' title="bbox 2487 975 3944 1055; baseline 0.008 -28"><span class='ocrx_word' id='word_1_346' title='bbox 2487 975 2780 1048; x_wconf 78' lang='grc' dir='ltr'>ἀρνοῦνται.</span> <span class='ocrx_word' id='word_1_347' title='bbox 2846 979 2912 1032; x_wconf 83' lang='grc' dir='ltr'>Ἦ</span> <span class='ocrx_word' id='word_1_348' title='bbox 2971 986 3056 1033; x_wconf 78' lang='grc' dir='ltr'><strong>καὶ</strong></span> <span class='ocrx_word' id='word_1_349' title='bbox 3116 985 3179 1042; x_wconf 82' lang='grc' dir='ltr'><strong>ὡς</strong></span> <span class='ocrx_word' id='word_1_350' title='bbox 3231 987 3302 1055; x_wconf 77' lang='grc' dir='ltr'>μὴ</span> <span class='ocrx_word' id='word_1_351' title='bbox 3359 981 3624 1053; x_wconf 70' lang='grc' dir='ltr'>ἐγνωκότες</span> <span class='ocrx_word' id='word_1_352' title='bbox 3668 989 3742 1034; x_wconf 81' lang='grc' dir='ltr'>τὸν</span> <span class='ocrx_word' id='word_1_353' title='bbox 3787 989 3870 1038; x_wconf 57' lang='lat' dir='ltr'><strong>Tibi</strong></span> <span class='ocrx_word' id='word_1_354' title='bbox 3900 993 3944 1039; x_wconf 59' lang='lat' dir='ltr'><strong>ar;-</strong></span> 
     </span>
    </p>
   </div>
   <div class='ocr_carea' id='block_1_53' title="bbox 2484 1069 3941 1144">
    <p class='ocr_par' dir='ltr' id='par_1_53' title="bbox 2484 1069 3941 1144">
     <span class='ocr_line' id='line_1_53' title="bbox 2484 1069 3941 1144; baseline 0.006 -27"><span class='ocrx_word' id='word_1_355' title='bbox 2484 1075 2596 1121; x_wconf 90' lang='grc' dir='ltr'>τοῦ.</span> <span class='ocrx_word' id='word_1_356' title='bbox 2653 1073 2934 1141; x_wconf 79' lang='grc' dir='ltr'>Προείρηκε</span> <span class='ocrx_word' id='word_1_357' title='bbox 2998 1074 3099 1144; x_wconf 79' lang='grc' dir='ltr'><strong>γὰρ</strong></span> <span class='ocrx_word' id='word_1_358' title='bbox 3163 1074 3243 1123; x_wconf 81' lang='grc' dir='ltr'>ὅτι</span> <span class='ocrx_word' id='word_1_359' title='bbox 3301 1072 3360 1124; x_wconf 82' lang='grc' dir='ltr'><strong>Εἰ</strong></span> <span class='ocrx_word' id='word_1_360' title='bbox 3435 1071 3522 1144; x_wconf 72' lang='grc' dir='ltr'>ἔμε</span> <span class='ocrx_word' id='word_1_361' title='bbox 3597 1069 3765 1144; x_wconf 70' lang='grc' dir='ltr'>ᾔδειτε,</span> <span class='ocrx_word' id='word_1_362' title='bbox 3811 1083 3941 1129; x_wconf 47' lang='lat' dir='ltr'><strong>nuit-.1</strong></span> 
     </span>
    </p>
   </div>
   <div class='ocr_carea' id='block_1_54' title="bbox 2485 1155 3943 1233">
    <p class='ocr_par' dir='ltr' id='par_1_54' title="bbox 2485 1155 3943 1233">
     <span class='ocr_line' id='line_1_54' title="bbox 2485 1155 3943 1233; baseline 0.007 -27"><span class='ocrx_word' id='word_1_363' title='bbox 2485 1161 2693 1227; x_wconf 74' lang='grc' dir='ltr'>Πατέρα</span> <span class='ocrx_word' id='word_1_364' title='bbox 2753 1177 2854 1227; x_wconf 90' lang='grc' dir='ltr'><strong>μου</strong></span> <span class='ocrx_word' id='word_1_365' title='bbox 2912 1155 3087 1230; x_wconf 71' lang='grc' dir='ltr'>ᾔδειτε</span> <span class='ocrx_word' id='word_1_366' title='bbox 3142 1161 3222 1212; x_wconf 75' lang='grc' dir='ltr'><strong>ἄν.</strong></span> <span class='ocrx_word' id='word_1_367' title='bbox 3287 1159 3349 1213; x_wconf 83' lang='grc' dir='ltr'><strong><em>Ἥ</em></strong></span> <span class='ocrx_word' id='word_1_368' title='bbox 3413 1163 3479 1221; x_wconf 77' lang='grc' dir='ltr'>ὡς</span> <span class='ocrx_word' id='word_1_369' title='bbox 3535 1167 3603 1233; x_wconf 80' lang='grc' dir='ltr'>μὴ</span> <span class='ocrx_word' id='word_1_370' title='bbox 3664 1171 3943 1232; x_wconf 61' lang='grc' dir='ltr'>τηροῦπτεςτι.</span> 
     </span>
    </p>
   </div>
   <div class='ocr_carea' id='block_1_55' title="bbox 2483 1243 3941 1326">
    <p class='ocr_par' dir='ltr' id='par_1_55' title="bbox 2483 1243 3941 1326">
     <span class='ocr_line' id='line_1_55' title="bbox 2483 1243 3941 1326; baseline 0.006 -31"><span class='ocrx_word' id='word_1_371' title='bbox 2483 1243 2634 1314; x_wconf 83' lang='grc' dir='ltr'>λόγον</span> <span class='ocrx_word' id='word_1_372' title='bbox 2658 1246 2838 1299; x_wconf 83' lang='grc' dir='ltr'>αύτοῦ·</span> <span class='ocrx_word' id='word_1_373' title='bbox 2872 1247 2916 1300; x_wconf 83' lang='grc' dir='ltr'>εἰ</span> <span class='ocrx_word' id='word_1_374' title='bbox 2937 1251 3039 1320; x_wconf 74' lang='grc' dir='ltr'>γὰρ</span> <span class='ocrx_word' id='word_1_375' title='bbox 3073 1246 3248 1320; x_wconf 73' lang='grc' dir='ltr'>ᾔδειτε</span> <span class='ocrx_word' id='word_1_376' title='bbox 3279 1250 3454 1314; x_wconf 73' lang='grc' dir='ltr'>αὐτὸν,</span> <span class='ocrx_word' id='word_1_377' title='bbox 3480 1249 3692 1324; x_wconf 79' lang='grc' dir='ltr'>έτηρείτε</span> <span class='ocrx_word' id='word_1_378' title='bbox 3717 1251 3766 1302; x_wconf 78' lang='grc' dir='ltr'>ἄν</span> <span class='ocrx_word' id='word_1_379' title='bbox 3786 1256 3846 1304; x_wconf 71' lang='grc' dir='ltr'>τὸν</span> <span class='ocrx_word' id='word_1_380' title='bbox 3867 1255 3941 1326; x_wconf 46' lang='lat' dir='ltr'><strong>2a,;</strong></span> 
     </span>
    </p>
   </div>
   <div class='ocr_carea' id='block_1_56' title="bbox 2485 1353 2667 1389">
    <p class='ocr_par' dir='ltr' id='par_1_56' title="bbox 2485 1353 2667 1389">
     <span class='ocr_line' id='line_1_56' title="bbox 2485 1353 2667 1389; baseline 0.016 -3"><span class='ocrx_word' id='word_1_381' title='bbox 2485 1353 2667 1389; x_wconf 82' lang='grc' dir='ltr'>αυτου.</span> 
     </span>
    </p>
   </div>
   <div class='ocr_carea' id='block_1_57' title="bbox 2558 1509 3943 1589">
    <p class='ocr_par' dir='ltr' id='par_1_57' title="bbox 2558 1509 3943 1589">
     <span class='ocr_line' id='line_1_57' title="bbox 2558 1509 3943 1589; baseline 0.001 -22"><span class='ocrx_word' id='word_1_382' title='bbox 2558 1512 2691 1583; x_wconf 82' lang='grc' dir='ltr'><strong>Ἐγώ</strong></span> <span class='ocrx_word' id='word_1_383' title='bbox 2723 1509 2782 1566; x_wconf 74' lang='grc' dir='ltr'>δε</span> <span class='ocrx_word' id='word_1_384' title='bbox 2813 1510 2938 1566; x_wconf 82' lang='grc' dir='ltr'>οῖδα</span> <span class='ocrx_word' id='word_1_385' title='bbox 2977 1515 3150 1570; x_wconf 70' lang='grc' dir='ltr'>αὐτόν.</span> <span class='ocrx_word' id='word_1_386' title='bbox 3199 1519 3274 1569; x_wconf 77' lang='grc' dir='ltr'><strong>Ού</strong></span> <span class='ocrx_word' id='word_1_387' title='bbox 3304 1522 3458 1589; x_wconf 85' lang='grc' dir='ltr'>μόνον</span> <span class='ocrx_word' id='word_1_388' title='bbox 3504 1519 3568 1578; x_wconf 79' lang='grc' dir='ltr'>ὡς</span> <span class='ocrx_word' id='word_1_389' title='bbox 3596 1518 3644 1580; x_wconf 77' lang='grc' dir='ltr'><strong>ἐξ</strong></span> <span class='ocrx_word' id='word_1_390' title='bbox 3671 1519 3801 1570; x_wconf 75' lang='grc' dir='ltr'>αὐτοῦ</span> <span class='ocrx_word' id='word_1_391' title='bbox 3821 1528 3878 1571; x_wconf 61' lang='grc' dir='ltr'><strong>καὶ</strong></span> <span class='ocrx_word' id='word_1_392' title='bbox 3901 1530 3943 1576; x_wconf 73' lang='grc' dir='ltr'>τὲς</span> 
     </span>
    </p>
   </div>
   <div class='ocr_carea' id='block_1_58' title="bbox 2483 1602 3943 1678">
    <p class='ocr_par' dir='ltr' id='par_1_58' title="bbox 2483 1602 3943 1678">
     <span class='ocr_line' id='line_1_58' title="bbox 2483 1602 3943 1678; baseline 0.003 -24"><span class='ocrx_word' id='word_1_393' title='bbox 2483 1602 2642 1662; x_wconf 71' lang='grc' dir='ltr'>αὐτῆς</span> <span class='ocrx_word' id='word_1_394' title='bbox 2673 1602 2859 1664; x_wconf 85' lang='grc' dir='ltr'>ούσίας</span> <span class='ocrx_word' id='word_1_395' title='bbox 2888 1609 2976 1654; x_wconf 71' lang='grc' dir='ltr'><strong>καὶ</strong></span> <span class='ocrx_word' id='word_1_396' title='bbox 3003 1608 3203 1676; x_wconf 67' lang='grc' dir='ltr'>φύσεως</span> <span class='ocrx_word' id='word_1_397' title='bbox 3231 1611 3319 1659; x_wconf 77' lang='grc' dir='ltr'><strong>καὶ</strong></span> <span class='ocrx_word' id='word_1_398' title='bbox 3345 1614 3588 1678; x_wconf 81' lang='grc' dir='ltr'>γνώσεως</span> <span class='ocrx_word' id='word_1_399' title='bbox 3615 1612 3695 1671; x_wconf 82' lang='grc' dir='ltr'><strong>ὧν,</strong></span> <span class='ocrx_word' id='word_1_400' title='bbox 3723 1607 3822 1659; x_wconf 66' lang='grc' dir='ltr'>ἀλλὰ</span> <span class='ocrx_word' id='word_1_401' title='bbox 3848 1614 3943 1668; x_wconf 55' lang='grc' dir='ltr'><strong>κως</strong></span> 
     </span>
    </p>
   </div>
   <div class='ocr_carea' id='block_1_59' title="bbox 2483 1691 3941 1764">
    <p class='ocr_par' dir='ltr' id='par_1_59' title="bbox 2483 1691 3941 1764">
     <span class='ocr_line' id='line_1_59' title="bbox 2483 1691 3941 1764; baseline 0.003 -22"><span class='ocrx_word' id='word_1_402' title='bbox 2483 1691 2738 1762; x_wconf 81' lang='grc' dir='ltr'>τὸνλόγον</span> <span class='ocrx_word' id='word_1_403' title='bbox 2765 1692 2924 1744; x_wconf 79' lang='grc' dir='ltr'>αὐτοῦ</span> <span class='ocrx_word' id='word_1_404' title='bbox 2952 1703 3141 1764; x_wconf 80' lang='grc' dir='ltr'>τηρῶν.</span> <span class='ocrx_word' id='word_1_405' title='bbox 3179 1700 3278 1748; x_wconf 78' lang='grc' dir='ltr'><strong>Καὶ</strong></span> <span class='ocrx_word' id='word_1_406' title='bbox 3308 1695 3483 1748; x_wconf 84' lang='grc' dir='ltr'>ὀπίσω</span> <span class='ocrx_word' id='word_1_407' title='bbox 3514 1693 3572 1749; x_wconf 87' lang='grc' dir='ltr'><strong>δέ</strong></span> <span class='ocrx_word' id='word_1_408' title='bbox 3602 1693 3739 1761; x_wconf 82' lang='grc' dir='ltr'>εἶπεν,</span> <span class='ocrx_word' id='word_1_409' title='bbox 3773 1701 3829 1748; x_wconf 81' lang='grc' dir='ltr'>ὁτι</span> <span class='ocrx_word' id='word_1_410' title='bbox 3849 1699 3941 1748; x_wconf 68' lang='grc' dir='ltr'>Ἐσττλ</span> 
     </span>
    </p>
   </div>
   <div class='ocr_carea' id='block_1_60' title="bbox 2483 1781 3941 1856">
    <p class='ocr_par' dir='ltr' id='par_1_60' title="bbox 2483 1781 3941 1856">
     <span class='ocr_line' id='line_1_60' title="bbox 2483 1781 3941 1856; baseline -0.013 -3"><span class='ocrx_word' id='word_1_411' title='bbox 2483 1781 2682 1841; x_wconf 59' lang='grc' dir='ltr'>ἀληθὴς</span> <span class='ocrx_word' id='word_1_412' title='bbox 2855 1783 2881 1833; x_wconf 70' lang='grc' dir='ltr'><strong><em>ὁ</em></strong></span> <span class='ocrx_word' id='word_1_413' title='bbox 2905 1781 3112 1854; x_wconf 76' lang='grc' dir='ltr'>πέμψας</span> <span class='ocrx_word' id='word_1_414' title='bbox 3149 1803 3232 1855; x_wconf 78' lang='grc' dir='ltr'>με,</span> <span class='ocrx_word' id='word_1_415' title='bbox 3263 1784 3317 1836; x_wconf 84' lang='grc' dir='ltr'>ὃν</span> <span class='ocrx_word' id='word_1_416' title='bbox 3362 1787 3513 1856; x_wconf 77' lang='grc' dir='ltr'>ὑμεῖς</span> <span class='ocrx_word' id='word_1_417' title='bbox 3544 1785 3634 1838; x_wconf 72' lang='grc' dir='ltr'><strong>οὐκ</strong></span> <span class='ocrx_word' id='word_1_418' title='bbox 3656 1783 3818 1854; x_wconf 75' lang='grc' dir='ltr'>οἴδατε,</span> <span class='ocrx_word' id='word_1_419' title='bbox 3845 1786 3900 1856; x_wconf 54' lang='grc' dir='ltr'><strong>ἐγω</strong></span> <span class='ocrx_word' id='word_1_420' title='bbox 3919 1784 3941 1837; x_wconf 69' lang='grc' dir='ltr'><em>ἔς</em></span> 
     </span>
    </p>
   </div>
   <div class='ocr_carea' id='block_1_61' title="bbox 2483 1866 3440 1947">
    <p class='ocr_par' dir='ltr' id='par_1_61' title="bbox 2483 1866 3440 1947">
     <span class='ocr_line' id='line_1_61' title="bbox 2483 1866 3440 1947; baseline 0.006 -26"><span class='ocrx_word' id='word_1_421' title='bbox 2483 1866 2608 1921; x_wconf 82' lang='grc' dir='ltr'>οῖδα</span> <span class='ocrx_word' id='word_1_422' title='bbox 2639 1870 2814 1940; x_wconf 80' lang='grc' dir='ltr'>αὐτὸν,</span> <span class='ocrx_word' id='word_1_423' title='bbox 2850 1874 2926 1923; x_wconf 71' lang='grc' dir='ltr'>ὃτι</span> <span class='ocrx_word' id='word_1_424' title='bbox 2960 1873 3082 1947; x_wconf 81' lang='grc' dir='ltr'>παρ’</span> <span class='ocrx_word' id='word_1_425' title='bbox 3116 1873 3276 1926; x_wconf 77' lang='grc' dir='ltr'>αὐτοῦ</span> <span class='ocrx_word' id='word_1_426' title='bbox 3306 1874 3440 1946; x_wconf 81' lang='grc' dir='ltr'>εἰμι.</span> 
     </span>
    </p>
   </div>
   <div class='ocr_carea' id='block_1_62' title="bbox 2560 2048 3939 2125">
    <p class='ocr_par' dir='ltr' id='par_1_62' title="bbox 2560 2048 3939 2125">
     <span class='ocr_line' id='line_1_62' title="bbox 2560 2048 3939 2125; baseline 0.003 -25"><span class='ocrx_word' id='word_1_427' title='bbox 2560 2052 2660 2100; x_wconf 79' lang='grc' dir='ltr'><strong>Καὶ</strong></span> <span class='ocrx_word' id='word_1_428' title='bbox 2715 2079 2783 2090; x_wconf 87' lang='grc'><strong>-</strong></span> <span class='ocrx_word' id='word_1_429' title='bbox 2838 2048 3088 2119; x_wconf 73' lang='grc' dir='ltr'>ψεύστης.</span> <span class='ocrx_word' id='word_1_430' title='bbox 3147 2048 3409 2105; x_wconf 82' lang='grc' dir='ltr'>Ψεύδεσθε</span> <span class='ocrx_word' id='word_1_431' title='bbox 3473 2055 3576 2125; x_wconf 78' lang='grc' dir='ltr'><strong>γὰρ</strong></span> <span class='ocrx_word' id='word_1_432' title='bbox 3646 2055 3770 2125; x_wconf 78' lang='grc' dir='ltr'>ὑμεῖς</span> <span class='ocrx_word' id='word_1_433' title='bbox 3821 2054 3939 2122; x_wconf 46' lang='lat' dir='ltr'><strong>isﬁeri;</strong></span> 
     </span>
    </p>
   </div>
   <div class='ocr_carea' id='block_1_63' title="bbox 2484 2137 3934 2214">
    <p class='ocr_par' dir='ltr' id='par_1_63' title="bbox 2484 2137 3934 2214">
     <span class='ocr_line' id='line_1_63' title="bbox 2484 2137 3934 2214; baseline 0.003 -26"><span class='ocrx_word' id='word_1_434' title='bbox 2484 2137 2565 2188; x_wconf 82' lang='grc' dir='ltr'>ὅτι</span> <span class='ocrx_word' id='word_1_435' title='bbox 2590 2137 2707 2206; x_wconf 85' lang='lat'><strong>(67)</strong></span> <span class='ocrx_word' id='word_1_436' title='bbox 2761 2141 2885 2198; x_wconf 83' lang='grc' dir='ltr'><strong>Θεὸς</strong></span> <span class='ocrx_word' id='word_1_437' title='bbox 2936 2140 3077 2211; x_wconf 80' lang='grc' dir='ltr'>ὑμῶν</span> <span class='ocrx_word' id='word_1_438' title='bbox 3132 2139 3290 2200; x_wconf 72' lang='grc' dir='ltr'>ἔστιν,</span> <span class='ocrx_word' id='word_1_439' title='bbox 3334 2141 3393 2193; x_wconf 79' lang='grc' dir='ltr'><strong>ού</strong></span> <span class='ocrx_word' id='word_1_440' title='bbox 3447 2145 3552 2214; x_wconf 81' lang='grc' dir='ltr'>γὰρ</span> <span class='ocrx_word' id='word_1_441' title='bbox 3615 2141 3824 2212; x_wconf 74' lang='grc' dir='ltr'>ἐγνώκατε</span> <span class='ocrx_word' id='word_1_442' title='bbox 3855 2143 3934 2193; x_wconf 62' lang='lat' dir='ltr'><strong>sire</strong></span> 
     </span>
    </p>
   </div>
   <div class='ocr_carea' id='block_1_64' title="bbox 2486 2227 3934 2304">
    <p class='ocr_par' dir='ltr' id='par_1_64' title="bbox 2486 2227 3934 2304">
     <span class='ocr_line' id='line_1_64' title="bbox 2486 2227 3934 2304; baseline 0.003 -26"><span class='ocrx_word' id='word_1_443' title='bbox 2486 2231 2555 2287; x_wconf 84' lang='grc' dir='ltr'>ὡς</span> <span class='ocrx_word' id='word_1_444' title='bbox 2610 2234 2934 2301; x_wconf 89' lang='grc' dir='ltr'>προείρηται.</span> <span class='ocrx_word' id='word_1_445' title='bbox 2995 2227 3216 2288; x_wconf 82' lang='grc' dir='ltr'>Εῖδησιν</span> <span class='ocrx_word' id='word_1_446' title='bbox 3291 2228 3351 2284; x_wconf 70' lang='grc' dir='ltr'>δε</span> <span class='ocrx_word' id='word_1_447' title='bbox 3413 2238 3508 2285; x_wconf 76' lang='grc' dir='ltr'><strong>καὶ</strong></span> <span class='ocrx_word' id='word_1_448' title='bbox 3579 2238 3754 2304; x_wconf 78' lang='grc' dir='ltr'>γνῶσίν</span> <span class='ocrx_word' id='word_1_449' title='bbox 3805 2252 3934 2303; x_wconf 58' lang='lat' dir='ltr'><strong>siris</strong></span> 
     </span>
    </p>
   </div>
   <div class='ocr_carea' id='block_1_65' title="bbox 2485 2313 3933 2389">
    <p class='ocr_par' dir='ltr' id='par_1_65' title="bbox 2485 2313 3933 2389">
     <span class='ocr_line' id='line_1_65' title="bbox 2485 2313 3933 2389; baseline 0.006 -20"><span class='ocrx_word' id='word_1_450' title='bbox 2485 2313 2676 2370; x_wconf 75' lang='grc' dir='ltr'>εἰδέναι</span> <span class='ocrx_word' id='word_1_451' title='bbox 2702 2324 2789 2370; x_wconf 76' lang='grc' dir='ltr'><strong>καὶ</strong></span> <span class='ocrx_word' id='word_1_452' title='bbox 2820 2325 3094 2389; x_wconf 71' lang='grc' dir='ltr'>γινώσκειν</span> <span class='ocrx_word' id='word_1_453' title='bbox 3125 2319 3294 2381; x_wconf 81' lang='grc' dir='ltr'>ἀπλώς</span> <span class='ocrx_word' id='word_1_454' title='bbox 3323 2322 3401 2372; x_wconf 87' lang='grc' dir='ltr'>ὃτι</span> <span class='ocrx_word' id='word_1_455' title='bbox 3432 2321 3552 2374; x_wconf 69' lang='grc' dir='ltr'>ἐστὶ</span> <span class='ocrx_word' id='word_1_456' title='bbox 3594 2326 3710 2384; x_wconf 82' lang='grc' dir='ltr'>Θεὸς</span> <span class='ocrx_word' id='word_1_457' title='bbox 3738 2328 3807 2372; x_wconf 76' lang='grc' dir='ltr'><strong>καὶ</strong></span> <span class='ocrx_word' id='word_1_458' title='bbox 3839 2329 3933 2376; x_wconf 65' lang='lat' dir='ltr'><strong>Dm.</strong></span> 
     </span>
    </p>
   </div>
   <div class='ocr_carea' id='block_1_66' title="bbox 2483 2406 3927 2480">
    <p class='ocr_par' dir='ltr' id='par_1_66' title="bbox 2483 2406 3927 2480">
     <span class='ocr_line' id='line_1_66' title="bbox 2483 2406 3927 2480; baseline -0.001 -22"><span class='ocrx_word' id='word_1_459' title='bbox 2483 2406 2542 2458; x_wconf 79' lang='grc' dir='ltr'><strong>ού</strong></span> <span class='ocrx_word' id='word_1_460' title='bbox 2582 2410 2685 2477; x_wconf 74' lang='grc' dir='ltr'>μὴν</span> <span class='ocrx_word' id='word_1_461' title='bbox 2725 2410 2818 2463; x_wconf 74' lang='grc' dir='ltr'>τὴν</span> <span class='ocrx_word' id='word_1_462' title='bbox 2851 2408 2962 2476; x_wconf 87' lang='grc'><strong>(68)</strong></span> <span class='ocrx_word' id='word_1_463' title='bbox 2994 2416 3089 2468; x_wconf 80' lang='grc' dir='ltr'>τῆς</span> <span class='ocrx_word' id='word_1_464' title='bbox 3119 2411 3318 2480; x_wconf 69' lang='grc' dir='ltr'>φύσεως</span> <span class='ocrx_word' id='word_1_465' title='bbox 3365 2417 3461 2462; x_wconf 83' lang='grc' dir='ltr'><strong>τοῦ</strong></span> <span class='ocrx_word' id='word_1_466' title='bbox 3513 2418 3663 2464; x_wconf 84' lang='grc' dir='ltr'>Θεοῦ.</span> <span class='ocrx_word' id='word_1_467' title='bbox 3707 2413 3817 2468; x_wconf 62' lang='lat' dir='ltr'><strong>Ait;</strong></span> <span class='ocrx_word' id='word_1_468' title='bbox 3843 2430 3927 2480; x_wconf 57' lang='lat'><strong>71:2.</strong></span> 
     </span>
    </p>
   </div>
   <div class='ocr_carea' id='block_1_67' title="bbox 2483 2495 3921 2567">
    <p class='ocr_par' dir='ltr' id='par_1_67' title="bbox 2483 2495 3921 2567">
     <span class='ocr_line' id='line_1_67' title="bbox 2483 2495 3921 2567; baseline 0.007 -21"><span class='ocrx_word' id='word_1_469' title='bbox 2483 2500 2635 2567; x_wconf 81' lang='grc' dir='ltr'>μόνον</span> <span class='ocrx_word' id='word_1_470' title='bbox 2684 2497 2966 2566; x_wconf 77' lang='grc' dir='ltr'>ἄγνωστος,</span> <span class='ocrx_word' id='word_1_471' title='bbox 3023 2495 3149 2549; x_wconf 83' lang='grc' dir='ltr'><strong>ἀλλά</strong></span> <span class='ocrx_word' id='word_1_472' title='bbox 3199 2503 3287 2550; x_wconf 74' lang='grc' dir='ltr'><strong>καὶ</strong></span> <span class='ocrx_word' id='word_1_473' title='bbox 3339 2499 3604 2562; x_wconf 77' lang='grc' dir='ltr'>παντελῶς</span> <span class='ocrx_word' id='word_1_474' title='bbox 3654 2498 3921 2556; x_wconf 64' lang='grc' dir='ltr'>ἀνεννόετεςεε</span> 
     </span>
    </p>
   </div>
   <div class='ocr_carea' id='block_1_68' title="bbox 2486 2581 3916 2662">
    <p class='ocr_par' dir='ltr' id='par_1_68' title="bbox 2486 2581 3916 2662">
     <span class='ocr_line' id='line_1_68' title="bbox 2486 2581 3916 2662; baseline 0.005 -28"><span class='ocrx_word' id='word_1_475' title='bbox 2486 2581 2906 2656; x_wconf 84' lang='grc' dir='ltr'>ἀνεπιχείρητος,</span> <span class='ocrx_word' id='word_1_476' title='bbox 2938 2590 3027 2637; x_wconf 78' lang='grc' dir='ltr'><strong>καὶ</strong></span> <span class='ocrx_word' id='word_1_477' title='bbox 3058 2585 3117 2638; x_wconf 77' lang='grc' dir='ltr'><strong>ού</strong></span> <span class='ocrx_word' id='word_1_478' title='bbox 3147 2591 3300 2658; x_wconf 82' lang='grc' dir='ltr'>μόνον</span> <span class='ocrx_word' id='word_1_479' title='bbox 3331 2586 3644 2662; x_wconf 79' lang='grc' dir='ltr'>ἀνθρώποις,</span> <span class='ocrx_word' id='word_1_480' title='bbox 3685 2589 3795 2641; x_wconf 73' lang='grc' dir='ltr'>ἀλλὰ</span> <span class='ocrx_word' id='word_1_481' title='bbox 3815 2609 3860 2639; x_wconf 73' lang='grc' dir='ltr'><strong>ιι</strong></span> <span class='ocrx_word' id='word_1_482' title='bbox 3876 2595 3916 2641; x_wconf 63' lang='lat'><strong>72&#39;;</strong></span> 
     </span>
    </p>
   </div>
   <div class='ocr_carea' id='block_1_69' title="bbox 2484 2671 3090 2747">
    <p class='ocr_par' dir='ltr' id='par_1_69' title="bbox 2484 2671 3090 2747">
     <span class='ocr_line' id='line_1_69' title="bbox 2484 2671 3090 2747; baseline 0.008 -22"><span class='ocrx_word' id='word_1_483' title='bbox 2484 2673 2745 2745; x_wconf 74' lang='grc' dir='ltr'>οὐρανίαις</span> <span class='ocrx_word' id='word_1_484' title='bbox 2785 2671 3090 2747; x_wconf 73' lang='grc' dir='ltr'>δυνάμεσιν.</span> 
     </span>
    </p>
   </div>
   <div class='ocr_carea' id='block_1_70' title="bbox 2556 2850 3939 2927">
    <p class='ocr_par' dir='ltr' id='par_1_70' title="bbox 2556 2850 3939 2927">
     <span class='ocr_line' id='line_1_70' title="bbox 2556 2850 3939 2927; baseline -0.004 -15"><span class='ocrx_word' id='word_1_485' title='bbox 2556 2850 2696 2905; x_wconf 78' lang='grc' dir='ltr'>Ἀλλ’</span> <span class='ocrx_word' id='word_1_486' title='bbox 2719 2882 2787 2892; x_wconf 89' lang='grc'><strong><em>-</em></strong></span> <span class='ocrx_word' id='word_1_487' title='bbox 2816 2861 2978 2926; x_wconf 79' lang='grc' dir='ltr'>τηρῶ.</span> <span class='ocrx_word' id='word_1_488' title='bbox 3002 2858 3153 2924; x_wconf 81' lang='grc' dir='ltr'>Ὁρᾷς</span> <span class='ocrx_word' id='word_1_489' title='bbox 3170 2855 3250 2906; x_wconf 84' lang='grc' dir='ltr'>ὅτι</span> <span class='ocrx_word' id='word_1_490' title='bbox 3270 2857 3329 2906; x_wconf 88' lang='grc' dir='ltr'>τὸ</span> <span class='ocrx_word' id='word_1_491' title='bbox 3356 2856 3444 2907; x_wconf 85' lang='grc' dir='ltr'>τὸν</span> <span class='ocrx_word' id='word_1_492' title='bbox 3466 2854 3618 2927; x_wconf 77' lang='grc' dir='ltr'>λόγον</span> <span class='ocrx_word' id='word_1_493' title='bbox 3643 2864 3726 2909; x_wconf 87' lang='grc' dir='ltr'><strong>τοῦ</strong></span> <span class='ocrx_word' id='word_1_494' title='bbox 3750 2859 3939 2924; x_wconf 55' lang='lat' dir='ltr'><strong>amans»</strong></span> 
     </span>
    </p>
   </div>
   <div class='ocr_carea' id='block_1_71' title="bbox 2487 2938 3942 3018">
    <p class='ocr_par' dir='ltr' id='par_1_71' title="bbox 2487 2938 3942 3018">
     <span class='ocr_line' id='line_1_71' title="bbox 2487 2938 3942 3018; baseline 0 -27"><span class='ocrx_word' id='word_1_495' title='bbox 2487 2945 2700 3012; x_wconf 83' lang='grc' dir='ltr'>σημεῖόν</span> <span class='ocrx_word' id='word_1_496' title='bbox 2727 2940 2842 2992; x_wconf 76' lang='grc' dir='ltr'>εοτι</span> <span class='ocrx_word' id='word_1_497' title='bbox 2866 2949 2956 2993; x_wconf 88' lang='grc' dir='ltr'><strong>τοῦ</strong></span> <span class='ocrx_word' id='word_1_498' title='bbox 2984 2938 3176 2994; x_wconf 73' lang='grc' dir='ltr'>εἰδέναι</span> <span class='ocrx_word' id='word_1_499' title='bbox 3203 2942 3377 2995; x_wconf 77' lang='grc' dir='ltr'>αὐτὸν.</span> <span class='ocrx_word' id='word_1_500' title='bbox 3397 2945 3712 3018; x_wconf 75' lang='grc' dir='ltr'>Φαϐηθὼμεν</span> <span class='ocrx_word' id='word_1_501' title='bbox 3735 2950 3942 2997; x_wconf 63' lang='grc' dir='ltr'>τοίγυνειτι</span> 
     </span>
    </p>
   </div>
   <div class='ocr_carea' id='block_1_72' title="bbox 2484 3029 3945 3105">
    <p class='ocr_par' dir='ltr' id='par_1_72' title="bbox 2484 3029 3945 3105">
     <span class='ocr_line' id='line_1_72' title="bbox 2484 3029 3945 3105; baseline 0.001 -25"><span class='ocrx_word' id='word_1_502' title='bbox 2484 3029 2684 3089; x_wconf 76' lang='grc' dir='ltr'>ἐντολὰς</span> <span class='ocrx_word' id='word_1_503' title='bbox 2712 3035 2802 3081; x_wconf 90' lang='grc' dir='ltr'><strong>τοῦ</strong></span> <span class='ocrx_word' id='word_1_504' title='bbox 2839 3033 2967 3082; x_wconf 91' lang='grc' dir='ltr'>Θεοῦ</span> <span class='ocrx_word' id='word_1_505' title='bbox 2997 3034 3068 3100; x_wconf 70' lang='grc' dir='ltr'>μὴ</span> <span class='ocrx_word' id='word_1_506' title='bbox 3118 3030 3478 3102; x_wconf 66' lang='grc' dir='ltr'>φυλάττοντες,</span> <span class='ocrx_word' id='word_1_507' title='bbox 3512 3035 3584 3094; x_wconf 83' lang='grc' dir='ltr'>ὡς</span> <span class='ocrx_word' id='word_1_508' title='bbox 3613 3039 3858 3105; x_wconf 70' lang='grc' dir='ltr'>ταττόμενοι</span> <span class='ocrx_word' id='word_1_509' title='bbox 3889 3048 3945 3079; x_wconf 67' lang='grc' dir='ltr'><strong>ωτι</strong></span> 
     </span>
    </p>
   </div>
   <div class='ocr_carea' id='block_1_73' title="bbox 2483 3117 3947 3190">
    <p class='ocr_par' dir='ltr' id='par_1_73' title="bbox 2483 3117 3947 3190">
     <span class='ocr_line' id='line_1_73' title="bbox 2483 3117 3947 3190; baseline -0.001 -21"><span class='ocrx_word' id='word_1_510' title='bbox 2483 3126 2581 3170; x_wconf 85' lang='grc' dir='ltr'>τῶν</span> <span class='ocrx_word' id='word_1_511' title='bbox 2614 3117 2932 3190; x_wconf 79' lang='grc' dir='ltr'>ἀγνοούντων</span> <span class='ocrx_word' id='word_1_512' title='bbox 2977 3123 3063 3170; x_wconf 78' lang='grc' dir='ltr'>τὸν</span> <span class='ocrx_word' id='word_1_513' title='bbox 3105 3125 3251 3174; x_wconf 86' lang='grc' dir='ltr'>Θεόν.</span> <span class='ocrx_word' id='word_1_514' title='bbox 3295 3118 3422 3174; x_wconf 83' lang='grc' dir='ltr'>Εἶτα</span> <span class='ocrx_word' id='word_1_515' title='bbox 3461 3123 3812 3184; x_wconf 74' lang='grc' dir='ltr'><strong>κατασκευάζει</strong></span> <span class='ocrx_word' id='word_1_516' title='bbox 3838 3126 3892 3171; x_wconf 69' lang='grc' dir='ltr'><strong>καὶ</strong></span> <span class='ocrx_word' id='word_1_517' title='bbox 3915 3120 3947 3167; x_wconf 67' lang='lat' dir='ltr'><strong>ira</strong></span> 
     </span>
    </p>
   </div>
   <div class='ocr_carea' id='block_1_74' title="bbox 2481 3207 3230 3282">
    <p class='ocr_par' dir='ltr' id='par_1_74' title="bbox 2481 3207 3230 3282">
     <span class='ocr_line' id='line_1_74' title="bbox 2481 3207 3230 3282; baseline 0.003 -23"><span class='ocrx_word' id='word_1_518' title='bbox 2481 3208 2672 3279; x_wconf 76' lang='grc' dir='ltr'>μείζων</span> <span class='ocrx_word' id='word_1_519' title='bbox 2704 3207 2818 3260; x_wconf 78' lang='grc' dir='ltr'>ίστὶ</span> <span class='ocrx_word' id='word_1_520' title='bbox 2847 3216 2938 3259; x_wconf 87' lang='grc' dir='ltr'><strong>τοῦ</strong></span> <span class='ocrx_word' id='word_1_521' title='bbox 2972 3207 3230 3282; x_wconf 67' lang='grc' dir='ltr'>Ἁϐραάμ.</span> 
     </span>
    </p>
   </div>
   <div class='ocr_carea' id='block_1_75' title="bbox 2555 3295 3948 3370">
    <p class='ocr_par' dir='ltr' id='par_1_75' title="bbox 2555 3295 3948 3370">
     <span class='ocr_line' id='line_1_75' title="bbox 2555 3295 3948 3370; baseline -0.01 -11"><span class='ocrx_word' id='word_1_522' title='bbox 2555 3295 2792 3370; x_wconf 70' lang='grc' dir='ltr'>’Δϐραάιμ</span> <span class='ocrx_word' id='word_1_523' title='bbox 2850 3327 2918 3336; x_wconf 89' lang='grc'><strong><em>-</em></strong></span> <span class='ocrx_word' id='word_1_524' title='bbox 2974 3295 3116 3368; x_wconf 68' lang='grc' dir='ltr'><strong>ὶμήν.</strong></span> <span class='ocrx_word' id='word_1_525' title='bbox 3181 3329 3248 3338; x_wconf 92' lang='grc'><strong>-</strong></span> <span class='ocrx_word' id='word_1_526' title='bbox 3311 3299 3708 3370; x_wconf 77' lang='grc' dir='ltr'>Ἢγαλλιάσατο,</span> <span class='ocrx_word' id='word_1_527' title='bbox 3752 3304 3868 3370; x_wconf 70' lang='grc' dir='ltr'>ἤγουν</span> <span class='ocrx_word' id='word_1_528' title='bbox 3900 3295 3948 3345; x_wconf 54' lang='lat' dir='ltr'><strong>is?</strong></span> 
     </span>
    </p>
   </div>
   <div class='ocr_carea' id='block_1_76' title="bbox 2483 3385 3948 3462">
    <p class='ocr_par' dir='ltr' id='par_1_76' title="bbox 2483 3385 3948 3462">
     <span class='ocr_line' id='line_1_76' title="bbox 2483 3385 3948 3462; baseline -0.001 -18"><span class='ocrx_word' id='word_1_529' title='bbox 2483 3387 2734 3458; x_wconf 79' lang='grc' dir='ltr'>θύμησεν.</span> <span class='ocrx_word' id='word_1_530' title='bbox 2810 3385 3055 3460; x_wconf 76' lang='grc' dir='ltr'>[Ἡμέραν</span> <span class='ocrx_word' id='word_1_531' title='bbox 3126 3387 3239 3458; x_wconf 83' lang='grc'><strong>(69)</strong></span> <span class='ocrx_word' id='word_1_532' title='bbox 3294 3385 3352 3441; x_wconf 72' lang='grc' dir='ltr'>δι</span> <span class='ocrx_word' id='word_1_533' title='bbox 3425 3389 3588 3444; x_wconf 76' lang='grc' dir='ltr'>αὐτοῦ</span> <span class='ocrx_word' id='word_1_534' title='bbox 3644 3390 3764 3462; x_wconf 77' lang='grc' dir='ltr'>λέγει</span> <span class='ocrx_word' id='word_1_535' title='bbox 3815 3393 3878 3443; x_wconf 71' lang='grc' dir='ltr'>τὴν</span> <span class='ocrx_word' id='word_1_536' title='bbox 3910 3393 3948 3434; x_wconf 48' lang='grc' dir='ltr'>τι</span> 
     </span>
    </p>
   </div>
   <div class='ocr_carea' id='block_1_77' title="bbox 2483 3483 2734 3548">
    <p class='ocr_par' dir='ltr' id='par_1_77' title="bbox 2483 3483 2734 3548">
     <span class='ocr_line' id='line_1_77' title="bbox 2483 3483 2734 3548; baseline 0.012 -22"><span class='ocrx_word' id='word_1_537' title='bbox 2483 3483 2734 3548; x_wconf 88' lang='grc' dir='ltr'>σταυροῦ.</span> 
     </span>
    </p>
   </div>
   <div class='ocr_carea' id='block_1_78' title="bbox 2553 3649 3951 3730">
    <p class='ocr_par' dir='ltr' id='par_1_78' title="bbox 2553 3649 3951 3730">
     <span class='ocr_line' id='line_1_78' title="bbox 2553 3649 3951 3730; baseline -0.005 -23"><span class='ocrx_word' id='word_1_538' title='bbox 2553 3658 2652 3707; x_wconf 80' lang='grc' dir='ltr'><strong>Καὶ</strong></span> <span class='ocrx_word' id='word_1_539' title='bbox 2710 3649 2837 3716; x_wconf 83' lang='grc' dir='ltr'>εἶδε,</span> <span class='ocrx_word' id='word_1_540' title='bbox 2886 3658 2972 3706; x_wconf 74' lang='grc' dir='ltr'><strong>καὶ</strong></span> <span class='ocrx_word' id='word_1_541' title='bbox 3027 3653 3220 3730; x_wconf 70' lang='grc' dir='ltr'>ἐχάρη.</span> <span class='ocrx_word' id='word_1_542' title='bbox 3281 3655 3483 3730; x_wconf 73' lang='grc' dir='ltr'>Ἐχάρη</span> <span class='ocrx_word' id='word_1_543' title='bbox 3536 3653 3628 3710; x_wconf 75' lang='grc' dir='ltr'><strong>διὰ</strong></span> <span class='ocrx_word' id='word_1_544' title='bbox 3671 3661 3754 3716; x_wconf 74' lang='grc' dir='ltr'>τὴν</span> <span class='ocrx_word' id='word_1_545' title='bbox 3793 3656 3951 3722; x_wconf 66' lang='grc' dir='ltr'>σωτηρίη</span> 
     </span>
    </p>
   </div>
   <div class='ocr_carea' id='block_1_79' title="bbox 2476 3747 3952 3820">
    <p class='ocr_par' dir='ltr' id='par_1_79' title="bbox 2476 3747 3952 3820">
     <span class='ocr_line' id='line_1_79' title="bbox 2476 3747 3952 3820; baseline -0.001 -25"><span class='ocrx_word' id='word_1_546' title='bbox 2476 3751 2568 3795; x_wconf 87' lang='grc' dir='ltr'><strong>τοῦ</strong></span> <span class='ocrx_word' id='word_1_547' title='bbox 2617 3747 2839 3814; x_wconf 80' lang='grc' dir='ltr'>κόσμου.</span> <span class='ocrx_word' id='word_1_548' title='bbox 2890 3748 3147 3815; x_wconf 84' lang='grc' dir='ltr'>Προγνούς</span> <span class='ocrx_word' id='word_1_549' title='bbox 3188 3747 3289 3817; x_wconf 79' lang='grc' dir='ltr'><strong>γὰρ</strong></span> <span class='ocrx_word' id='word_1_550' title='bbox 3342 3748 3400 3797; x_wconf 87' lang='grc' dir='ltr'>τὸ</span> <span class='ocrx_word' id='word_1_551' title='bbox 3456 3753 3737 3820; x_wconf 74' lang='grc' dir='ltr'>μυστήριον</span> <span class='ocrx_word' id='word_1_552' title='bbox 3782 3753 3952 3802; x_wconf 54' lang='lat' dir='ltr'><strong>sitm:</strong></span> 
     </span>
    </p>
   </div>
   <div class='ocr_carea' id='block_1_80' title="bbox 2477 3831 3953 3908">
    <p class='ocr_par' dir='ltr' id='par_1_80' title="bbox 2477 3831 3953 3908">
     <span class='ocr_line' id='line_1_80' title="bbox 2477 3831 3953 3908; baseline 0.003 -26"><span class='ocrx_word' id='word_1_553' title='bbox 2477 3837 2684 3904; x_wconf 77' lang='grc' dir='ltr'>ρὼσεως</span> <span class='ocrx_word' id='word_1_554' title='bbox 2727 3839 2818 3883; x_wconf 90' lang='grc' dir='ltr'><strong>τοῦ</strong></span> <span class='ocrx_word' id='word_1_555' title='bbox 2883 3839 3116 3904; x_wconf 79' lang='grc' dir='ltr'>Χριστοῦ</span> <span class='ocrx_word' id='word_1_556' title='bbox 3168 3831 3515 3908; x_wconf 71' lang='grc' dir='ltr'>ἐπεθύμησεν]</span> <span class='ocrx_word' id='word_1_557' title='bbox 3573 3833 3694 3889; x_wconf 82' lang='grc' dir='ltr'>ἰδεῖν</span> <span class='ocrx_word' id='word_1_558' title='bbox 3739 3840 3815 3890; x_wconf 65' lang='grc' dir='ltr'>τήν</span> <span class='ocrx_word' id='word_1_559' title='bbox 3843 3834 3953 3901; x_wconf 49' lang='lat' dir='ltr'><strong>tot?“</strong></span> 
     </span>
    </p>
   </div>
   <div class='ocr_carea' id='block_1_81' title="bbox 2477 3917 3944 3998">
    <p class='ocr_par' dir='ltr' id='par_1_81' title="bbox 2477 3917 3944 3998">
     <span class='ocr_line' id='line_1_81' title="bbox 2477 3917 3944 3998; baseline 0 -27"><span class='ocrx_word' id='word_1_560' title='bbox 2477 3921 2658 3988; x_wconf 69' lang='grc' dir='ltr'>αὐτοῦ,</span> <span class='ocrx_word' id='word_1_561' title='bbox 2720 3926 2810 3973; x_wconf 76' lang='grc' dir='ltr'><strong>καὶ</strong></span> <span class='ocrx_word' id='word_1_562' title='bbox 2859 3917 2992 3973; x_wconf 79' lang='grc' dir='ltr'>εἶδεν</span> <span class='ocrx_word' id='word_1_563' title='bbox 3042 3922 3198 3980; x_wconf 66' lang='grc' dir='ltr'>αὐτὴν</span> <span class='ocrx_word' id='word_1_564' title='bbox 3257 3921 3277 3994; x_wconf 95' lang='grc'>[</span> <span class='ocrx_word' id='word_1_565' title='bbox 3329 3926 3864 3998; x_wconf 64' lang='grc' dir='ltr'>προσκιαγραφηθείσαί</span> <span class='ocrx_word' id='word_1_566' title='bbox 3896 3922 3944 3984; x_wconf 64' lang='grc' dir='ltr'>(ῗίξι</span> 
     </span>
    </p>
   </div>
   <div class='ocr_carea' id='block_1_82' title="bbox 2475 4005 3954 4083">
    <p class='ocr_par' dir='ltr' id='par_1_82' title="bbox 2475 4005 3954 4083">
     <span class='ocr_line' id='line_1_82' title="bbox 2475 4005 3954 4083; baseline 0.001 -23"><span class='ocrx_word' id='word_1_567' title='bbox 2475 4009 2588 4081; x_wconf 77' lang='grc' dir='ltr'><strong>καὶ]</strong></span> <span class='ocrx_word' id='word_1_568' title='bbox 2619 4005 3040 4062; x_wconf 76' lang='grc' dir='ltr'>διατυπωθείσαν</span> <span class='ocrx_word' id='word_1_569' title='bbox 3071 4009 3118 4061; x_wconf 71' lang='grc' dir='ltr'>ἄν</span> <span class='ocrx_word' id='word_1_570' title='bbox 3161 4019 3222 4083; x_wconf 78' lang='grc' dir='ltr'>τῇ</span> <span class='ocrx_word' id='word_1_571' title='bbox 3271 4014 3439 4083; x_wconf 73' lang='grc' dir='ltr'>ἡμέρᾳ</span> <span class='ocrx_word' id='word_1_572' title='bbox 3468 4015 3588 4065; x_wconf 76' lang='grc' dir='ltr'>καθ’</span> <span class='ocrx_word' id='word_1_573' title='bbox 3619 4016 3675 4071; x_wconf 77' lang='grc' dir='ltr'>ἣν</span> <span class='ocrx_word' id='word_1_574' title='bbox 3703 4011 3888 4079; x_wconf 71' lang='grc' dir='ltr'>ἀνήνεγκε</span> <span class='ocrx_word' id='word_1_575' title='bbox 3916 4023 3954 4054; x_wconf 58' lang='grc' dir='ltr'><strong>τεὶ</strong></span> 
     </span>
    </p>
   </div>
   <div class='ocr_carea' id='block_1_83' title="bbox 2477 4097 3953 4173">
    <p class='ocr_par' dir='ltr' id='par_1_83' title="bbox 2477 4097 3953 4173">
     <span class='ocr_line' id='line_1_83' title="bbox 2477 4097 3953 4173; baseline -0.001 -23"><span class='ocrx_word' id='word_1_576' title='bbox 2477 4102 2588 4150; x_wconf 75' lang='grc' dir='ltr'>υἱὸν</span> <span class='ocrx_word' id='word_1_577' title='bbox 2628 4097 2787 4150; x_wconf 71' lang='grc' dir='ltr'>αὐτοῦ</span> <span class='ocrx_word' id='word_1_578' title='bbox 2835 4116 2921 4150; x_wconf 88' lang='grc' dir='ltr'><strong>τον</strong></span> <span class='ocrx_word' id='word_1_579' title='bbox 2951 4100 3136 4151; x_wconf 73' lang='grc' dir='ltr'>Ἰσαὰκ</span> <span class='ocrx_word' id='word_1_580' title='bbox 3188 4100 3261 4160; x_wconf 83' lang='grc' dir='ltr'>εἰς</span> <span class='ocrx_word' id='word_1_581' title='bbox 3312 4100 3686 4173; x_wconf 78' lang='grc' dir='ltr'>ὀλοκοίρπωσιν.</span> <span class='ocrx_word' id='word_1_582' title='bbox 3729 4101 3875 4170; x_wconf 72' lang='grc' dir='ltr'>Ἐμαθε</span> <span class='ocrx_word' id='word_1_583' title='bbox 3904 4099 3953 4163; x_wconf 59' lang='grc' dir='ltr'>γάρ</span> 
     </span>
    </p>
   </div>
   <div class='ocr_carea' id='block_1_84' title="bbox 2477 4187 3951 4260">
    <p class='ocr_par' dir='ltr' id='par_1_84' title="bbox 2477 4187 3951 4260">
     <span class='ocr_line' id='line_1_84' title="bbox 2477 4187 3951 4260; baseline -0.003 -20"><span class='ocrx_word' id='word_1_584' title='bbox 2477 4190 2578 4254; x_wconf 83' lang='grc' dir='ltr'>ὅτι,</span> <span class='ocrx_word' id='word_1_585' title='bbox 2629 4189 2801 4257; x_wconf 81' lang='grc' dir='ltr'>ὥσπερ</span> <span class='ocrx_word' id='word_1_586' title='bbox 2851 4187 3002 4248; x_wconf 74' lang='grc' dir='ltr'>αὐτὸς</span> <span class='ocrx_word' id='word_1_587' title='bbox 3051 4188 3144 4240; x_wconf 72' lang='grc' dir='ltr'><strong>οὐκ</strong></span> <span class='ocrx_word' id='word_1_588' title='bbox 3184 4191 3421 4260; x_wconf 66' lang='grc' dir='ltr'>ἐφείσατο</span> <span class='ocrx_word' id='word_1_589' title='bbox 3478 4200 3572 4244; x_wconf 86' lang='grc' dir='ltr'><strong>τοῦ</strong></span> <span class='ocrx_word' id='word_1_590' title='bbox 3619 4192 3724 4243; x_wconf 82' lang='grc' dir='ltr'>υἱοῦ</span> <span class='ocrx_word' id='word_1_591' title='bbox 3771 4188 3885 4240; x_wconf 68' lang='grc' dir='ltr'>αὐτοῦ</span> <span class='ocrx_word' id='word_1_592' title='bbox 3912 4201 3951 4230; x_wconf 67' lang='grc' dir='ltr'>ττι</span> 
     </span>
    </p>
   </div>
   <div class='ocr_carea' id='block_1_85' title="bbox 715 4261 2329 4348">
    <p class='ocr_par' dir='ltr' id='par_1_85' title="bbox 715 4268 2329 4340">
     <span class='ocr_line' id='line_1_85' title="bbox 715 4268 2329 4340; baseline 0.004 -18"><span class='ocrx_word' id='word_1_593' title='bbox 715 4268 794 4324; x_wconf 90' lang='lat' dir='ltr'><strong>ita</strong></span> <span class='ocrx_word' id='word_1_594' title='bbox 833 4284 1027 4340; x_wconf 89' lang='lat' dir='ltr'><strong>neque</strong></span> <span class='ocrx_word' id='word_1_595' title='bbox 1067 4269 1217 4323; x_wconf 90' lang='lat' dir='ltr'><strong>Deus</strong></span> <span class='ocrx_word' id='word_1_596' title='bbox 1261 4272 1590 4340; x_wconf 86' lang='lat' dir='ltr'><strong>parciturus</strong></span> <span class='ocrx_word' id='word_1_597' title='bbox 1645 4277 1800 4327; x_wconf 86' lang='lat' dir='ltr'><strong>esset</strong></span> <span class='ocrx_word' id='word_1_598' title='bbox 1864 4272 2004 4328; x_wconf 83' lang='lat' dir='ltr'><strong>Filio</strong></span> <span class='ocrx_word' id='word_1_599' title='bbox 2059 4290 2169 4329; x_wconf 91' lang='lat' dir='ltr'><strong>suo</strong></span> <span class='ocrx_word' id='word_1_600' title='bbox 2219 4275 2329 4329; x_wconf 75' lang='lat' dir='ltr'><strong>tlile</strong></span> 
     </span>
    </p>
   </div>
   <div class='ocr_carea' id='block_1_86' title="bbox 2337 4261 3951 4348">
    <p class='ocr_par' dir='ltr' id='par_1_86' title="bbox 2337 4261 3951 4348">
     <span class='ocr_line' id='line_1_86' title="bbox 2337 4261 3951 4348; baseline -0.004 -20"><span class='ocrx_word' id='word_1_601' title='bbox 2337 4305 2367 4316; x_wconf 89' lang='lat'><strong>-</strong></span> <span class='ocrx_word' id='word_1_602' title='bbox 2403 4261 2445 4315; x_wconf 83' lang='lat' dir='ltr'><strong>D</strong></span> <span class='ocrx_word' id='word_1_603' title='bbox 2480 4276 2753 4348; x_wconf 78' lang='grc' dir='ltr'>ἀγαπητοῦ</span> <span class='ocrx_word' id='word_1_604' title='bbox 2791 4271 2824 4328; x_wconf 90' lang='grc' dir='ltr'><em>δ</em></span> <span class='ocrx_word' id='word_1_605' title='bbox 2832 4279 2883 4327; x_wconf 83' lang='grc' dir='ltr'><strong>ιά</strong></span> <span class='ocrx_word' id='word_1_606' title='bbox 2921 4279 3008 4328; x_wconf 88' lang='grc' dir='ltr'>τὸν</span> <span class='ocrx_word' id='word_1_607' title='bbox 3047 4280 3196 4344; x_wconf 85' lang='grc' dir='ltr'>Θεὸν,</span> <span class='ocrx_word' id='word_1_608' title='bbox 3247 4278 3408 4339; x_wconf 85' lang='grc' dir='ltr'>οῦτως</span> <span class='ocrx_word' id='word_1_609' title='bbox 3451 4276 3576 4333; x_wconf 75' lang='grc' dir='ltr'>ούδε</span> <span class='ocrx_word' id='word_1_610' title='bbox 3625 4281 3649 4331; x_wconf 83' lang='grc' dir='ltr'><strong><em>ὁ</em></strong></span> <span class='ocrx_word' id='word_1_611' title='bbox 3685 4280 3785 4338; x_wconf 81' lang='grc' dir='ltr'>Θεὸς</span> <span class='ocrx_word' id='word_1_612' title='bbox 3815 4279 3951 4346; x_wconf 56' lang='lat' dir='ltr'><strong>eum:</strong></span> 
     </span>
    </p>
   </div>
   <div class='ocr_carea' id='block_1_87' title="bbox 715 4358 2365 4433">
    <p class='ocr_par' dir='ltr' id='par_1_87' title="bbox 715 4358 2365 4433">
     <span class='ocr_line' id='line_1_87' title="bbox 715 4358 2365 4433; baseline 0.003 -19"><span class='ocrx_word' id='word_1_613' title='bbox 715 4364 810 4414; x_wconf 90' lang='lat' dir='ltr'><strong>cto</strong></span> <span class='ocrx_word' id='word_1_614' title='bbox 841 4366 1080 4429; x_wconf 85' lang='lat' dir='ltr'><strong>propter</strong></span> <span class='ocrx_word' id='word_1_615' title='bbox 1105 4358 1432 4413; x_wconf 88' lang='lat' dir='ltr'><strong>hominem.</strong></span> <span class='ocrx_word' id='word_1_616' title='bbox 1469 4362 1532 4414; x_wconf 86' lang='lat' dir='ltr'><strong>Et</strong></span> <span class='ocrx_word' id='word_1_617' title='bbox 1558 4360 2076 4431; x_wconf 88' lang='lat' dir='ltr'><strong>quemadmodum</strong></span> <span class='ocrx_word' id='word_1_618' title='bbox 2109 4363 2207 4418; x_wconf 89' lang='lat' dir='ltr'><strong>ille</strong></span> <span class='ocrx_word' id='word_1_619' title='bbox 2233 4380 2365 4433; x_wconf 88' lang='lat' dir='ltr'><strong>por-</strong></span> 
     </span>
    </p>
   </div>
   <div class='ocr_carea' id='block_1_88' title="bbox 715 4447 2366 4522">
    <p class='ocr_par' dir='ltr' id='par_1_88' title="bbox 715 4447 2366 4522">
     <span class='ocr_line' id='line_1_88' title="bbox 715 4447 2366 4522; baseline 0.002 -19"><span class='ocrx_word' id='word_1_620' title='bbox 715 4449 856 4503; x_wconf 87' lang='lat' dir='ltr'><strong>tavit</strong></span> <span class='ocrx_word' id='word_1_621' title='bbox 895 4447 1053 4518; x_wconf 89' lang='lat' dir='ltr'><strong>ligna</strong></span> <span class='ocrx_word' id='word_1_622' title='bbox 1087 4447 1414 4503; x_wconf 87' lang='lat' dir='ltr'><strong>holocausli</strong></span> <span class='ocrx_word' id='word_1_623' title='bbox 1480 4449 1589 4516; x_wconf 92' lang='lat' dir='ltr'><strong>sui,</strong></span> <span class='ocrx_word' id='word_1_624' title='bbox 1657 4450 1735 4504; x_wconf 86' lang='lat' dir='ltr'><strong>ita</strong></span> <span class='ocrx_word' id='word_1_625' title='bbox 1787 4456 1842 4504; x_wconf 91' lang='lat' dir='ltr'><strong>et</strong></span> <span class='ocrx_word' id='word_1_626' title='bbox 1871 4451 1994 4521; x_wconf 86' lang='lat' dir='ltr'><strong>ipse</strong></span> <span class='ocrx_word' id='word_1_627' title='bbox 2028 4459 2366 4522; x_wconf 88' lang='lat' dir='ltr'><strong>portaturus</strong></span> 
     </span>
    </p>
   </div>
   <div class='ocr_carea' id='block_1_89' title="bbox 714 4536 2366 4605">
    <p class='ocr_par' dir='ltr' id='par_1_89' title="bbox 714 4536 2366 4605">
     <span class='ocr_line' id='line_1_89' title="bbox 714 4536 2366 4605; baseline 0.004 -15"><span class='ocrx_word' id='word_1_628' title='bbox 714 4541 867 4591; x_wconf 90' lang='lat' dir='ltr'><strong>esset</strong></span> <span class='ocrx_word' id='word_1_629' title='bbox 903 4536 1135 4605; x_wconf 87' lang='lat' dir='ltr'><strong>lignum</strong></span> <span class='ocrx_word' id='word_1_630' title='bbox 1177 4536 1380 4591; x_wconf 89' lang='lat' dir='ltr'><strong>mortis</strong></span> <span class='ocrx_word' id='word_1_631' title='bbox 1419 4553 1561 4591; x_wconf 66' lang='lat' dir='ltr'><strong>sum.</strong></span> <span class='ocrx_word' id='word_1_632' title='bbox 1608 4539 2045 4605; x_wconf 87' lang='lat' dir='ltr'><strong>Verumtamen,</strong></span> <span class='ocrx_word' id='word_1_633' title='bbox 2081 4541 2230 4596; x_wconf 91' lang='lat' dir='ltr'><strong>sicut</strong></span> <span class='ocrx_word' id='word_1_634' title='bbox 2269 4542 2366 4597; x_wconf 92' lang='lat' dir='ltr'><strong>illo</strong></span> 
     </span>
    </p>
   </div>
   <div class='ocr_carea' id='block_1_90' title="bbox 714 4625 2367 4697">
    <p class='ocr_par' dir='ltr' id='par_1_90' title="bbox 714 4625 2367 4697">
     <span class='ocr_line' id='line_1_90' title="bbox 714 4625 2367 4697; baseline 0.004 -18"><span class='ocrx_word' id='word_1_635' title='bbox 714 4640 831 4679; x_wconf 91' lang='lat' dir='ltr'><strong>non</strong></span> <span class='ocrx_word' id='word_1_636' title='bbox 874 4641 1055 4696; x_wconf 84' lang='lat' dir='ltr'><strong>passo</strong></span> <span class='ocrx_word' id='word_1_637' title='bbox 1087 4625 1430 4697; x_wconf 88' lang='lat' dir='ltr'><strong>suppositus</strong></span> <span class='ocrx_word' id='word_1_638' title='bbox 1461 4632 1546 4680; x_wconf 91' lang='lat' dir='ltr'><strong>est</strong></span> <span class='ocrx_word' id='word_1_639' title='bbox 1585 4626 1737 4681; x_wconf 86' lang='lat' dir='ltr'><strong>aries</strong></span> <span class='ocrx_word' id='word_1_640' title='bbox 1777 4643 1788 4682; x_wconf 93' lang='lat'><strong>:</strong></span> <span class='ocrx_word' id='word_1_641' title='bbox 1823 4627 1903 4683; x_wconf 88' lang='lat' dir='ltr'><strong>ita</strong></span> <span class='ocrx_word' id='word_1_642' title='bbox 1961 4634 2018 4684; x_wconf 91' lang='lat' dir='ltr'><strong>et</strong></span> <span class='ocrx_word' id='word_1_643' title='bbox 2070 4629 2184 4684; x_wconf 90' lang='lat' dir='ltr'><strong>hoc</strong></span> <span class='ocrx_word' id='word_1_644' title='bbox 2235 4647 2367 4686; x_wconf 85' lang='lat' dir='ltr'><strong>ma-</strong></span> 
     </span>
    </p>
   </div>
   <div class='ocr_carea' id='block_1_91' title="bbox 713 4713 2366 4787">
    <p class='ocr_par' dir='ltr' id='par_1_91' title="bbox 713 4713 2366 4787">
     <span class='ocr_line' id='line_1_91' title="bbox 713 4713 2366 4787; baseline 0.004 -19"><span class='ocrx_word' id='word_1_645' title='bbox 713 4720 891 4769; x_wconf 89' lang='lat' dir='ltr'><strong>nente</strong></span> <span class='ocrx_word' id='word_1_646' title='bbox 921 4713 1296 4787; x_wconf 91' lang='lat' dir='ltr'><strong>impassibili,</strong></span> <span class='ocrx_word' id='word_1_647' title='bbox 1328 4714 1675 4770; x_wconf 86' lang='lat' dir='ltr'><strong>humanitas</strong></span> <span class='ocrx_word' id='word_1_648' title='bbox 1701 4717 1830 4786; x_wconf 88' lang='lat' dir='ltr'><strong>ejus</strong></span> <span class='ocrx_word' id='word_1_649' title='bbox 1854 4717 2051 4772; x_wconf 91' lang='lat' dir='ltr'><strong>occisa</strong></span> <span class='ocrx_word' id='word_1_650' title='bbox 2071 4720 2366 4784; x_wconf 77' lang='lat' dir='ltr'><strong>est.Quod</strong></span> 
     </span>
    </p>
   </div>
   <div class='ocr_carea' id='block_1_92' title="bbox 718 4801 2361 4879">
    <p class='ocr_par' dir='ltr' id='par_1_92' title="bbox 718 4801 2361 4879">
     <span class='ocr_line' id='line_1_92' title="bbox 718 4801 2361 4879; baseline 0.005 -25"><span class='ocrx_word' id='word_1_651' title='bbox 718 4801 767 4855; x_wconf 89' lang='lat' dir='ltr'><strong>si</strong></span> <span class='ocrx_word' id='word_1_652' title='bbox 793 4801 949 4857; x_wconf 90' lang='lat' dir='ltr'><strong>diem</strong></span> <span class='ocrx_word' id='word_1_653' title='bbox 981 4804 1108 4872; x_wconf 91' lang='lat' dir='ltr'><strong>ejus</strong></span> <span class='ocrx_word' id='word_1_654' title='bbox 1139 4803 1340 4858; x_wconf 89' lang='lat' dir='ltr'><strong>videre</strong></span> <span class='ocrx_word' id='word_1_655' title='bbox 1370 4803 1745 4868; x_wconf 89' lang='lat' dir='ltr'><strong>desideravit,</strong></span> <span class='ocrx_word' id='word_1_656' title='bbox 1788 4803 1994 4877; x_wconf 89' lang='lat' dir='ltr'><strong>utique</strong></span> <span class='ocrx_word' id='word_1_657' title='bbox 2042 4806 2155 4862; x_wconf 87' lang='lat' dir='ltr'><strong>hoc</strong></span> <span class='ocrx_word' id='word_1_658' title='bbox 2217 4813 2361 4879; x_wconf 89' lang='lat' dir='ltr'><strong>erat,</strong></span> 
     </span>
    </p>
   </div>
   <div class='ocr_carea' id='block_1_93' title="bbox 716 4892 1318 4963">
    <p class='ocr_par' dir='ltr' id='par_1_93' title="bbox 716 4892 1318 4963">
     <span class='ocr_line' id='line_1_93' title="bbox 716 4892 1318 4963; baseline 0.005 -19"><span class='ocrx_word' id='word_1_659' title='bbox 716 4892 1006 4960; x_wconf 86' lang='lat' dir='ltr'><strong>tanquam</strong></span> <span class='ocrx_word' id='word_1_660' title='bbox 1047 4892 1318 4963; x_wconf 88' lang='lat' dir='ltr'><strong>majoris.</strong></span> 
     </span>
    </p>
   </div>
   <div class='ocr_carea' id='block_1_94' title="bbox 787 5102 2296 5177">
    <p class='ocr_par' dir='ltr' id='par_1_94' title="bbox 787 5102 2296 5177">
     <span class='ocr_line' id='line_1_94' title="bbox 787 5102 2296 5177; baseline 0.004 -18"><span class='ocrx_word' id='word_1_661' title='bbox 787 5102 1132 5173; x_wconf 78' lang='lat' dir='ltr'><strong>&quot;Tit.l,16.</strong></span> <span class='ocrx_word' id='word_1_662' title='bbox 1233 5106 1741 5176; x_wconf 77' lang='lat' dir='ltr'><strong>&quot;Joan.v1u,t9.</strong></span> <span class='ocrx_word' id='word_1_663' title='bbox 1820 5110 2057 5167; x_wconf 77' lang='lat' dir='ltr'><strong>&quot;Joan.</strong></span> <span class='ocrx_word' id='word_1_664' title='bbox 2087 5129 2179 5177; x_wconf 87' lang='lat' dir='ltr'><strong>vn,</strong></span> <span class='ocrx_word' id='word_1_665' title='bbox 2208 5115 2296 5168; x_wconf 88' lang='lat'><strong>26.</strong></span> 
     </span>
    </p>
   </div>
   <div class='ocr_carea' id='block_1_95' title="bbox 2478 4363 3947 4439">
    <p class='ocr_par' dir='ltr' id='par_1_95' title="bbox 2478 4363 3947 4439">
     <span class='ocr_line' id='line_1_95' title="bbox 2478 4363 3947 4439; baseline -0.005 -21"><span class='ocrx_word' id='word_1_666' title='bbox 2478 4374 2569 4418; x_wconf 88' lang='grc' dir='ltr'><strong>τοῦ</strong></span> <span class='ocrx_word' id='word_1_667' title='bbox 2601 4367 2723 4418; x_wconf 79' lang='grc' dir='ltr'>Υίοῦ</span> <span class='ocrx_word' id='word_1_668' title='bbox 2754 4365 2912 4417; x_wconf 68' lang='grc' dir='ltr'>αὐτοῦ</span> <span class='ocrx_word' id='word_1_669' title='bbox 2952 4371 3042 4417; x_wconf 87' lang='grc' dir='ltr'><strong>τοῦ</strong></span> <span class='ocrx_word' id='word_1_670' title='bbox 3073 4363 3346 4436; x_wconf 79' lang='grc' dir='ltr'>ἀγαπητοῦ</span> <span class='ocrx_word' id='word_1_671' title='bbox 3389 4363 3423 4419; x_wconf 84' lang='grc' dir='ltr'><em>δ</em></span> <span class='ocrx_word' id='word_1_672' title='bbox 3429 4370 3483 4419; x_wconf 77' lang='grc' dir='ltr'>ιὰ</span> <span class='ocrx_word' id='word_1_673' title='bbox 3509 4372 3594 4420; x_wconf 86' lang='grc' dir='ltr'>τὸν</span> <span class='ocrx_word' id='word_1_674' title='bbox 3637 4369 3871 4439; x_wconf 75' lang='grc' dir='ltr'>ἄνθρωπον.</span> <span class='ocrx_word' id='word_1_675' title='bbox 3903 4365 3947 4410; x_wconf 56' lang='lat' dir='ltr'><strong>Si?</strong></span> 
     </span>
    </p>
   </div>
   <div class='ocr_carea' id='block_1_96' title="bbox 2479 4453 3947 4525">
    <p class='ocr_par' dir='ltr' id='par_1_96' title="bbox 2479 4453 3947 4525">
     <span class='ocr_line' id='line_1_96' title="bbox 2479 4453 3947 4525; baseline -0.005 -20"><span class='ocrx_word' id='word_1_676' title='bbox 2479 4458 2652 4525; x_wconf 79' lang='grc' dir='ltr'>ὥσπερ</span> <span class='ocrx_word' id='word_1_677' title='bbox 2728 4453 2877 4515; x_wconf 73' lang='grc' dir='ltr'>οὗτος</span> <span class='ocrx_word' id='word_1_678' title='bbox 2925 4453 3182 4506; x_wconf 74' lang='grc' dir='ltr'>ἐϐάστασε</span> <span class='ocrx_word' id='word_1_679' title='bbox 3232 4457 3297 4506; x_wconf 81' lang='grc' dir='ltr'>τὰ</span> <span class='ocrx_word' id='word_1_680' title='bbox 3342 4455 3469 4518; x_wconf 82' lang='grc' dir='ltr'>ξύλα</span> <span class='ocrx_word' id='word_1_681' title='bbox 3523 4466 3620 4518; x_wconf 83' lang='grc' dir='ltr'>τῆς</span> <span class='ocrx_word' id='word_1_682' title='bbox 3671 4456 3947 4524; x_wconf 60' lang='lat' dir='ltr'><strong>eluamus;</strong></span> 
     </span>
    </p>
   </div>
   <div class='ocr_carea' id='block_1_97' title="bbox 2481 4540 3943 4616">
    <p class='ocr_par' dir='ltr' id='par_1_97' title="bbox 2481 4540 3943 4616">
     <span class='ocr_line' id='line_1_97' title="bbox 2481 4540 3943 4616; baseline -0.004 -21"><span class='ocrx_word' id='word_1_683' title='bbox 2481 4544 2659 4608; x_wconf 82' lang='grc' dir='ltr'>αύτου,</span> <span class='ocrx_word' id='word_1_684' title='bbox 2702 4544 2836 4594; x_wconf 71' lang='grc' dir='ltr'>οὕτω</span> <span class='ocrx_word' id='word_1_685' title='bbox 2863 4541 3096 4604; x_wconf 78' lang='grc' dir='ltr'>κάκεῖνος</span> <span class='ocrx_word' id='word_1_686' title='bbox 3144 4541 3402 4616; x_wconf 74' lang='grc' dir='ltr'>βαστάσει</span> <span class='ocrx_word' id='word_1_687' title='bbox 3432 4549 3487 4598; x_wconf 84' lang='grc' dir='ltr'>τὸ</span> <span class='ocrx_word' id='word_1_688' title='bbox 3514 4545 3660 4608; x_wconf 78' lang='grc' dir='ltr'>ξύλον</span> <span class='ocrx_word' id='word_1_689' title='bbox 3698 4551 3776 4597; x_wconf 78' lang='grc' dir='ltr'><strong>τού</strong></span> <span class='ocrx_word' id='word_1_690' title='bbox 3821 4540 3943 4592; x_wconf 55' lang='lat' dir='ltr'><strong>eam</strong></span> 
     </span>
    </p>
   </div>
   <div class='ocr_carea' id='block_1_98' title="bbox 2477 4630 3941 4705">
    <p class='ocr_par' dir='ltr' id='par_1_98' title="bbox 2477 4630 3941 4705">
     <span class='ocr_line' id='line_1_98' title="bbox 2477 4630 3941 4705; baseline -0.001 -21"><span class='ocrx_word' id='word_1_691' title='bbox 2477 4634 2654 4684; x_wconf 68' lang='grc' dir='ltr'>αὐτοῦ.</span> <span class='ocrx_word' id='word_1_692' title='bbox 2711 4631 2847 4689; x_wconf 79' lang='grc' dir='ltr'>Πλὴν</span> <span class='ocrx_word' id='word_1_693' title='bbox 2899 4633 3132 4703; x_wconf 72' lang='grc' dir='ltr'>καθάπερ</span> <span class='ocrx_word' id='word_1_694' title='bbox 3194 4635 3378 4685; x_wconf 71' lang='grc' dir='ltr'>τούτου</span> <span class='ocrx_word' id='word_1_695' title='bbox 3443 4638 3700 4705; x_wconf 84' lang='grc' dir='ltr'>μείναντος</span> <span class='ocrx_word' id='word_1_696' title='bbox 3749 4630 3941 4684; x_wconf 53' lang='lat' dir='ltr'><strong>intrato-JH</strong></span> 
     </span>
    </p>
   </div>
   <div class='ocr_carea' id='block_1_99' title="bbox 2475 4718 3939 4794">
    <p class='ocr_par' dir='ltr' id='par_1_99' title="bbox 2475 4718 3939 4794">
     <span class='ocr_line' id='line_1_99' title="bbox 2475 4718 3939 4794; baseline 0.001 -22"><span class='ocrx_word' id='word_1_697' title='bbox 2475 4723 2620 4793; x_wconf 80' lang='grc' dir='ltr'>κριὸς</span> <span class='ocrx_word' id='word_1_698' title='bbox 2671 4718 2849 4784; x_wconf 76' lang='grc' dir='ltr'>ἐτύθη,</span> <span class='ocrx_word' id='word_1_699' title='bbox 2917 4721 3052 4772; x_wconf 79' lang='grc' dir='ltr'>οὕτω</span> <span class='ocrx_word' id='word_1_700' title='bbox 3102 4719 3338 4774; x_wconf 79' lang='grc' dir='ltr'>κάκείνου</span> <span class='ocrx_word' id='word_1_701' title='bbox 3410 4726 3644 4794; x_wconf 77' lang='grc' dir='ltr'>μένοντος</span> <span class='ocrx_word' id='word_1_702' title='bbox 3706 4720 3882 4773; x_wconf 71' lang='grc' dir='ltr'>ἀπαθοῦς</span> <span class='ocrx_word' id='word_1_703' title='bbox 3918 4728 3939 4756; x_wconf 62' lang='grc' dir='ltr'><strong><em>τῖ</em></strong></span> 
     </span>
    </p>
   </div>
   <div class='ocr_carea' id='block_1_100' title="bbox 2475 4802 3937 4883">
    <p class='ocr_par' dir='ltr' id='par_1_100' title="bbox 2475 4802 3937 4883">
     <span class='ocr_line' id='line_1_100' title="bbox 2475 4802 3937 4883; baseline -0.006 -22"><span class='ocrx_word' id='word_1_704' title='bbox 2475 4809 2791 4883; x_wconf 83' lang='grc' dir='ltr'>ἀνθρώπινον</span> <span class='ocrx_word' id='word_1_705' title='bbox 2858 4809 3018 4862; x_wconf 80' lang='grc' dir='ltr'>αὐτοῦ</span> <span class='ocrx_word' id='word_1_706' title='bbox 3086 4811 3573 4881; x_wconf 60' lang='grc' dir='ltr'>σφηιασθήσεται.</span> <span class='ocrx_word' id='word_1_707' title='bbox 3649 4810 3705 4864; x_wconf 79' lang='grc' dir='ltr'><strong>Εἰ</strong></span> <span class='ocrx_word' id='word_1_708' title='bbox 3766 4804 3814 4862; x_wconf 66' lang='grc' dir='ltr'>δι</span> <span class='ocrx_word' id='word_1_709' title='bbox 3853 4802 3937 4856; x_wconf 62' lang='grc' dir='ltr'><strong>ἔπιέ-ι-</strong></span> 
     </span>
    </p>
   </div>
   <div class='ocr_carea' id='block_1_101' title="bbox 2474 4894 3931 4972">
    <p class='ocr_par' dir='ltr' id='par_1_101' title="bbox 2474 4894 3931 4972">
     <span class='ocr_line' id='line_1_101' title="bbox 2474 4894 3931 4972; baseline -0.001 -22"><span class='ocrx_word' id='word_1_710' title='bbox 2474 4917 2638 4971; x_wconf 87' lang='grc' dir='ltr'>μησεν</span> <span class='ocrx_word' id='word_1_711' title='bbox 2688 4894 2817 4950; x_wconf 82' lang='grc' dir='ltr'>ἰδεῖν</span> <span class='ocrx_word' id='word_1_712' title='bbox 2869 4902 2962 4956; x_wconf 73' lang='grc' dir='ltr'>τήν</span> <span class='ocrx_word' id='word_1_713' title='bbox 3020 4899 3216 4971; x_wconf 73' lang='grc' dir='ltr'>ἡμέραν</span> <span class='ocrx_word' id='word_1_714' title='bbox 3277 4898 3456 4970; x_wconf 77' lang='grc' dir='ltr'>αὐτοῦ,</span> <span class='ocrx_word' id='word_1_715' title='bbox 3520 4903 3591 4962; x_wconf 81' lang='grc' dir='ltr'>ὡς</span> <span class='ocrx_word' id='word_1_716' title='bbox 3636 4900 3838 4972; x_wconf 77' lang='grc' dir='ltr'>μείζονος</span> <span class='ocrx_word' id='word_1_717' title='bbox 3880 4909 3931 4942; x_wconf 59' lang='grc' dir='ltr'>π’</span> 
     </span>
    </p>
   </div>
   <div class='ocr_carea' id='block_1_102' title="bbox 2474 5007 2593 5048">
    <p class='ocr_par' dir='ltr' id='par_1_102' title="bbox 2474 5007 2593 5048">
     <span class='ocr_line' id='line_1_102' title="bbox 2474 5007 2593 5048; baseline 0.017 -9"><span class='ocrx_word' id='word_1_718' title='bbox 2474 5007 2593 5048; x_wconf 88' lang='grc' dir='ltr'>τως.</span> 
     </span>
    </p>
   </div>
   <div class='ocr_carea' id='block_1_103' title="bbox 1938 5287 2869 5358">
    <p class='ocr_par' dir='ltr' id='par_1_103' title="bbox 1938 5287 2869 5358">
     <span class='ocr_line' id='line_1_103' title="bbox 1938 5287 2869 5358; baseline 0.001 -4"><span class='ocrx_word' id='word_1_719' title='bbox 1938 5287 2152 5357; x_wconf 66' lang='lat' dir='ltr'><strong>Varia:</strong></span> <span class='ocrx_word' id='word_1_720' title='bbox 2190 5289 2520 5358; x_wconf 88' lang='lat' dir='ltr'><strong>lectiones</strong></span> <span class='ocrx_word' id='word_1_721' title='bbox 2563 5300 2628 5358; x_wconf 87' lang='lat' dir='ltr'><strong>et</strong></span> <span class='ocrx_word' id='word_1_722' title='bbox 2670 5299 2869 5357; x_wconf 70' lang='lat' dir='ltr'><strong>notae.</strong></span> 
     </span>
    </p>
   </div>
   <div class='ocr_carea' id='block_1_104' title="bbox 785 5442 2362 5522">
    <p class='ocr_par' dir='ltr' id='par_1_104' title="bbox 785 5442 2362 5522">
     <span class='ocr_line' id='line_1_104' title="bbox 785 5442 2362 5522; baseline 0.005 -25"><span class='ocrx_word' id='word_1_723' title='bbox 785 5442 897 5522; x_wconf 89' lang='lat'><strong>(_66)</strong></span> <span class='ocrx_word' id='word_1_724' title='bbox 924 5443 994 5522; x_wconf 87' lang='lat' dir='ltr'><strong>_ln</strong></span> <span class='ocrx_word' id='word_1_725' title='bbox 1038 5447 1337 5522; x_wconf 84' lang='lat' dir='ltr'><strong>contextu,</strong></span> <span class='ocrx_word' id='word_1_726' title='bbox 1366 5445 1483 5522; x_wconf 78' lang='lat' dir='ltr'><strong>illo</strong></span> <span class='ocrx_word' id='word_1_727' title='bbox 1510 5445 1570 5501; x_wconf 91' lang='lat' dir='ltr'><strong>in</strong></span> <span class='ocrx_word' id='word_1_728' title='bbox 1606 5446 1734 5522; x_wconf 70' lang='lat' dir='ltr'><strong>loco</strong></span> <span class='ocrx_word' id='word_1_729' title='bbox 1777 5448 1960 5522; x_wconf 74' lang='lat' dir='ltr'><strong>codd.</strong></span> <span class='ocrx_word' id='word_1_730' title='bbox 2013 5450 2362 5522; x_wconf 87' lang='lat' dir='ltr'><strong>Euthymius</strong></span> 
     </span>
    </p>
   </div>
   <div class='ocr_carea' id='block_1_105' title="bbox 714 5511 2363 5591">
    <p class='ocr_par' dir='ltr' id='par_1_105' title="bbox 714 5511 2363 5591">
     <span class='ocr_line' id='line_1_105' title="bbox 714 5511 2363 5591; baseline 0.005 -23"><span class='ocrx_word' id='word_1_731' title='bbox 714 5511 969 5591; x_wconf 71' lang='lat' dir='ltr'><strong>h_abent_</strong></span> <span class='ocrx_word' id='word_1_732' title='bbox 991 5514 1302 5591; x_wconf 63' lang='lat' dir='ltr'><strong>vulgatum</strong></span> <span class='ocrx_word' id='word_1_733' title='bbox 1357 5515 1637 5591; x_wconf 42' lang='lat' dir='ltr'><strong>einen“.</strong></span> <span class='ocrx_word' id='word_1_734' title='bbox 1681 5518 1793 5591; x_wconf 80' lang='lat' dir='ltr'><strong>Sed</strong></span> <span class='ocrx_word' id='word_1_735' title='bbox 1844 5511 2363 5591; x_wconf 57' lang='lat' dir='ltr'><strong>Chrysost.&#39;re{ert</strong></span> 
     </span>
    </p>
   </div>
   <div class='ocr_carea' id='block_1_106' title="bbox 717 5583 2028 5662">
    <p class='ocr_par' dir='ltr' id='par_1_106' title="bbox 717 5583 2028 5662">
     <span class='ocr_line' id='line_1_106' title="bbox 717 5583 2028 5662; baseline 0.008 -26"><span class='ocrx_word' id='word_1_736' title='bbox 717 5583 1095 5662; x_wconf 61' lang='grc' dir='ltr'>ἀληθῂςτοεῃ.</span> <span class='ocrx_word' id='word_1_737' title='bbox 1130 5586 1268 5652; x_wconf 87' lang='lat' dir='ltr'><strong>vm,</strong></span> <span class='ocrx_word' id='word_1_738' title='bbox 1290 5603 1358 5662; x_wconf 83' lang='lat' dir='ltr'><strong>_p.</strong></span> <span class='ocrx_word' id='word_1_739' title='bbox 1391 5589 1514 5658; x_wconf 67' lang='lat'><strong>294,</strong></span> <span class='ocrx_word' id='word_1_740' title='bbox 1539 5590 1664 5656; x_wconf 80' lang='lat'><strong>295,</strong></span> <span class='ocrx_word' id='word_1_741' title='bbox 1696 5583 2028 5662; x_wconf 78' lang='lat' dir='ltr'><strong>aliquoties.</strong></span> 
     </span>
    </p>
   </div>
   <div class='ocr_carea' id='block_1_107' title="bbox 783 5655 1422 5728">
    <p class='ocr_par' dir='ltr' id='par_1_107' title="bbox 783 5655 1422 5728">
     <span class='ocr_line' id='line_1_107' title="bbox 783 5655 1422 5728; baseline 0.006 -19"><span class='ocrx_word' id='word_1_742' title='bbox 783 5659 896 5728; x_wconf 87' lang='lat'>(67)</span> <span class='ocrx_word' id='word_1_743' title='bbox 921 5655 980 5709; x_wconf 89' lang='lat'><strong>&#39;0</strong></span> <span class='ocrx_word' id='word_1_744' title='bbox 1009 5655 1328 5728; x_wconf 85' lang='lat' dir='ltr'><strong>interponit</strong></span> <span class='ocrx_word' id='word_1_745' title='bbox 1356 5664 1422 5715; x_wconf 79' lang='grc' dir='ltr'><strong>Α.</strong></span> 
     </span>
    </p>
   </div>
   <div class='ocr_carea' id='block_1_108' title="bbox 783 5727 2359 5800">
    <p class='ocr_par' dir='ltr' id='par_1_108' title="bbox 783 5727 2359 5800">
     <span class='ocr_line' id='line_1_108' title="bbox 783 5727 2359 5800; baseline 0.003 -17"><span class='ocrx_word' id='word_1_746' title='bbox 783 5727 896 5800; x_wconf 83' lang='grc'>(68)</span> <span class='ocrx_word' id='word_1_747' title='bbox 963 5734 1068 5787; x_wconf 80' lang='grc' dir='ltr'><strong>Τήν</strong></span> <span class='ocrx_word' id='word_1_748' title='bbox 1151 5727 1318 5786; x_wconf 62' lang='lat' dir='ltr'><strong>abest</strong></span> <span class='ocrx_word' id='word_1_749' title='bbox 1391 5736 1457 5786; x_wconf 79' lang='grc' dir='ltr'><strong>Α.</strong></span> <span class='ocrx_word' id='word_1_750' title='bbox 1547 5729 1815 5788; x_wconf 76' lang='lat' dir='ltr'><strong>Refertur</strong></span> <span class='ocrx_word' id='word_1_751' title='bbox 1880 5732 1949 5789; x_wconf 88' lang='lat' dir='ltr'><strong>ad</strong></span> <span class='ocrx_word' id='word_1_752' title='bbox 2017 5731 2223 5794; x_wconf 82' lang='grc' dir='ltr'>εἴδησιν</span> <span class='ocrx_word' id='word_1_753' title='bbox 2271 5741 2359 5790; x_wconf 80' lang='grc' dir='ltr'><strong>καὶ</strong></span> 
     </span>
    </p>
   </div>
   <div class='ocr_carea' id='block_1_109' title="bbox 2473 5460 2685 5523">
    <p class='ocr_par' dir='ltr' id='par_1_109' title="bbox 2473 5460 2685 5523">
     <span class='ocr_line' id='line_1_109' title="bbox 2473 5460 2685 5523; baseline 0.005 -21"><span class='ocrx_word' id='word_1_754' title='bbox 2473 5460 2685 5523; x_wconf 83' lang='grc' dir='ltr'>γνῶσιν.</span> 
     </span>
    </p>
   </div>
   <div class='ocr_carea' id='block_1_110' title="bbox 2545 5521 3892 5594">
    <p class='ocr_par' dir='ltr' id='par_1_110' title="bbox 2545 5521 3892 5594">
     <span class='ocr_line' id='line_1_110' title="bbox 2545 5521 3892 5594; baseline -0.002 -17"><span class='ocrx_word' id='word_1_755' title='bbox 2545 5525 2657 5594; x_wconf 83' lang='grc'><strong>(69)</strong></span> <span class='ocrx_word' id='word_1_756' title='bbox 2698 5521 2927 5576; x_wconf 82' lang='lat' dir='ltr'><strong>Inclusa</strong></span> <span class='ocrx_word' id='word_1_757' title='bbox 2951 5521 3171 5594; x_wconf 86' lang='lat' dir='ltr'><strong>absunt</strong></span> <span class='ocrx_word' id='word_1_758' title='bbox 3198 5523 3263 5576; x_wconf 82' lang='grc' dir='ltr'><strong>Α.</strong></span> <span class='ocrx_word' id='word_1_759' title='bbox 3880 5576 3892 5594; x_wconf 56' lang='grc'><em>,</em></span> 
     </span>
    </p>
   </div>
   <div class='ocr_carea' id='block_1_111' title="bbox 2545 5593 3965 5667">
    <p class='ocr_par' dir='ltr' id='par_1_111' title="bbox 2545 5593 3965 5667">
     <span class='ocr_line' id='line_1_111' title="bbox 2545 5593 3965 5667; baseline -0.016 -16"><span class='ocrx_word' id='word_1_760' title='bbox 2545 5595 2656 5664; x_wconf 83' lang='grc'><strong>(70)</strong></span> <span class='ocrx_word' id='word_1_761' title='bbox 2699 5594 2935 5650; x_wconf 83' lang='lat' dir='ltr'><strong>Inclusa</strong></span> <span class='ocrx_word' id='word_1_762' title='bbox 2967 5593 3190 5650; x_wconf 82' lang='lat' dir='ltr'><strong>absunt</strong></span> <span class='ocrx_word' id='word_1_763' title='bbox 3227 5597 3292 5649; x_wconf 80' lang='grc' dir='ltr'><strong>Δ.</strong></span> <span class='ocrx_word' id='word_1_764' title='bbox 3326 5595 3546 5653; x_wconf 80' lang='lat' dir='ltr'><strong>Ibidem</strong></span> <span class='ocrx_word' id='word_1_765' title='bbox 3578 5595 3776 5667; x_wconf 82' lang='lat' dir='ltr'><strong>legitur,</strong></span> <span class='ocrx_word' id='word_1_766' title='bbox 3807 5596 3923 5659; x_wconf 49' lang='lat' dir='ltr'><strong>suae</strong></span> <span class='ocrx_word' id='word_1_767' title='bbox 3964 5593 3965 5630; x_wconf 50' lang='grc' dir='ltr'>γ</span> 
     </span>
    </p>
   </div>
   <div class='ocr_carea' id='block_1_112' title="bbox 2475 5665 3965 5719">
    <p class='ocr_par' dir='ltr' id='par_1_112' title="bbox 2475 5665 3965 5719">
     <span class='ocr_line' id='line_1_112' title="bbox 2475 5665 3965 5719; baseline 0.001 -1"><span class='ocrx_word' id='word_1_768' title='bbox 2475 5667 2821 5719; x_wconf 81' lang='grc' dir='ltr'>θυπωθεῑσαν.</span> <span class='ocrx_word' id='word_1_769' title='bbox 3637 5665 3654 5667; x_wconf 61' lang='grc'><em>’</em></span> <span class='ocrx_word' id='word_1_770' title='bbox 3964 5665 3965 5680; x_wconf 61' lang='grc'><strong>¹</strong></span> 
     </span>
    </p>
   </div>
  </div>
