4088 6446
152 334 298 392 1305

1239 332 1584 390 COMMENT
1623 334 1692 390 IN
1730 332 2080 390 JOANNEM.
2122 364 2190 375 —
2227 334 2384 389 CAP.
2429 331 2525 389 IX.

3379 332 3401 386 1
3414 332 3518 389 306

227 466 328 516 Καὶ
357 493 426 502 -
454 459 682 534 ἑώρακας
709 476 722 528 ;
749 459 936 533 ’ᾩοντο
962 460 1064 533 γὰρ
1096 459 1248 512 αὐτὸν
1279 458 1434 531 ἔγγὺς
1462 457 1591 513 εἶναι
1629 479 1741 512 πεν-

1931 459 2095 514 Vers.
2129 458 2417 514 57.Et——
2466 457 2666 514 vidisti
2719 454 2748 511 7
2801 455 3098 512 Putabant
3159 455 3318 512 enim
3376 472 3515 512 eum

151 557 380 610 τήκοντα
429 549 550 602 ἑτῶν
601 547 695 602 διὰ
744 555 838 606 τὴν
894 549 1230 621 πολυπειρίαν
1285 549 1466 602 αὐτοῦ.
1513 551 1642 602 Τινὰ
1690 544 1749 600 δὲ

153 650 251 693 τῶν
305 641 416 711 (71)
471 639 796 714 ἀντιγράφων
835 641 1228 712 τεσσαράκοντα
1269 640 1581 714 γράφουσιν,
1624 639 1747 710 ὅπερ

155 726 301 782 δοκεῖ
327 729 706 803 ἀκριϐέστερον.

226 905 375 960 Εἶπεν
427 938 495 948 -
550 907 675 968 εἰμι.
724 907 813 969 Ὠς
879 910 1028 968 Θεὸς.
1085 911 1184 960 Καὶ
1241 905 1336 958 οὐκ
1394 902 1552 972 εἶπεν,
1614 902 1749 975 Ἐγώ

153 999 313 1068 ἤμην,
392 995 496 1048 ἀλλ’
558 997 688 1066 Ἐγώ
739 996 847 1068 εἰμι
889 998 914 1048 6
976 994 1054 1048 ἀεὶ
1116 1000 1203 1046 ὤν.
1236 998 1306 1046 T6
1331 997 1420 1060 μὶν
1469 991 1556 1045 οὖν
1614 996 1750 1064 γενέ-

155 1087 281 1138 σθαι
340 1092 557 1138 κτιστοῦ
591 1089 690 1137 ’τὸ
785 1081 843 1138 δὲ
909 1085 1029 1158 Εἰμὶ
1108 1082 1358 1136 ἁκτίστου
1408 1084 1426 1154 [
1481 1087 1571 1136 καὶ
1632 1083 1748 1153 (72)

151 1179 370 1227 κτίστου

224 1264 390 1339 Ἦραν
427 1291 482 1304 -ο
531 1263 708 1316 αὐτόν.
766 1265 831 1316 Οἱ
866 1270 1049 1336 ταχεῖς
1089 1266 1216 1336 πρὸς
1245 1267 1392 1334 φόνον
1423 1283 1434 1295 ·
1465 1261 1746 1335 Ἠγρίαναν

151 1355 253 1425 γὰρ
303 1349 547 1416 δόξαντες
597 1351 914 1425 ὑϐρισθῆναι
956 1356 1043 1404 τόν
1101 1350 1338 1426 Ἀϐραὰμ
1381 1369 1392 1380 ·
1428 1351 1538 1423 ἄμα
1567 1348 1747 1404 δὲκαὶ

150 1448 357 1513 γνόντες
386 1443 465 1495 ὅτι
495 1437 774 1500 ἀιδιότητα
812 1449 944 1495 Θεοῦ
970 1443 1298 1514 περιτίθησιν
1325 1441 1507 1511 ἐαυτῷ.

225 1620 432 1682 Ἰησοῦς
489 1617 548 1674 δε
595 1619 810 1694 ἐκρύϐη.
857 1621 1106 1694 Ἀόρατος
1163 1619 1342 1681 αὐτοῖς
1401 1623 1625 1677 κατίστη
1679 1626 1741 1690 τῇ

149 1710 366 1783 ἐξουσίᾳ
395 1718 486 1771 τῆς
526 1711 785 1771 θεότητος.

226 1804 325 1853 Καὶ
359 1802 517 1874 ἱεροῦ.
543 1805 655 1852 Ἵνα
681 1797 986 1858 κατασταλῆ
1021 1800 1046 1851 6
1080 1801 1242 1870 θυμός
1270 1798 1459 1852 αὐτῶν.

221 1977 437 2030 Διελθὼν
467 2009 535 2018 -—-
564 1978 754 2030 αὐτῶν.
809 1983 896 2036 Μὴ
941 1977 1238 2049 ἰσχυόντων
1271 1973 1399 2029 ἰδεῖν
1440 1977 1612 2032 αὐτόν.
1650 1983 1746 2032 Καὶ

147 2065 298 2121 διατί
349 2067 443 2119 οὐκ
501 2066 732 2130 ἐξέλυσεν
763 2067 930 2120 αὐτῶν
971 2071 1064 2124 την
1114 2063 1335 2137 δύναμιν
1379 2071 1468 2118 καὶ
1525 2074 1752 2138 φανερῶς

148 2156 488 2229 ἆνεχ‹;›ρησε;
523 2161 664 2209 Διότι
680 2158 790 2209 οὔθ’
813 2157 972 2217 οὕτως
994 2155 1196 2227 ἰμελλον
1225 2157 1508 2209 πιστεύειν.
1531 2158 1744 2228 Καὶγὰρ

148 2247 199 2299 ἐν
227 2255 296 2316 τῷ
325 2254 490 2319 καιρῴ
522 2253 614 2297 τοῦ
675 2247 879 2306 [Ιάθους
924 2247 1137 2306 ὑπτίους
1168 2246 1280 2314 (73)
1333 2245 1516 2305 αὐτοὺς
1545 2243 1740 2318 ἔρῥιψε,

148 2341 240 2388 καὶ
269 2339 362 2388 τὰς
383 2335 523 2405 ὄψεις
554 2334 721 2386 αὐτῶν
744 2333 1004 2398 ἐσκότισε,
1046 2339 1135 2386 καὶ
1166 2335 1257 2386 οὐκ
1288 2332 1618 2388 ἐπίστευσαν,
1642 2334 1742 2386 Οὖ-

151 2419 239 2475 δεν
267 2425 365 2496 γὰρ
397 2430 575 2495 χεῖρον
605 2421 794 2494 ψυχῆς
826 2421 1203 2494 ἁπεγνωκυίας.
1262 2421 1367 2475 Κᾶν
1413 2425 1515 2496 γὰρ
1550 2429 1744 2494 σημεῖα

147 2509 268 2586 ἴδη,
294 2511 388 2564 κᾶν
418 2517 628 2588 τέρατα,
657 2517 794 2585 μένει
824 2517 917 2571 τὴν
944 2513 1105 2571 αὐτὴν
1149 2516 1353 2586 ἔχουσα
1381 2511 1534 2565 πάλιν
1562 2511 1743 2564 ἀναισ-

145 2607 390 2675 χυντίαν.

225 2697 323 2745 Καὶ
351 2700 583 2765 παρῆγεν
605 2692 788 2754 οὕτως.
819 2691 1090 2755 Ἐϐάδιζεν
1129 2693 1306 2759 οὕτως,
1341 2697 1412 2766 μὴ
1447 2696 1743 2766 φαινόμενος

149 2781 345 2843 αὐτοῖς.

398 2876 544 2924 ΚΕΦ.
588 2868 640 2925 1⁸.
668 2875 792 2944 Περὶ
819 2878 911 2923 τοῦ
950 2871 1005 2924 ίκ
1042 2880 1246 2943 γενετῆς
1275 2870 1489 2944 τυφλοῦ.

221 2964 321 3012 Καὶ
349 2991 419 3000 —
446 2969 671 3030 γενετῆς.
697 2959 920 3013 Βεϐαιῶν
949 2959 985 3012 ἂ
1013 2957 1140 3026 εἷπε,
1172 2965 1261 3012 καὶ
1290 2963 1628 3032 πιστούμενος
1661 2963 1740 3012 ὅτι

1859 547 2042 604 ferme
2099 562 2230 602 esse
2280 546 2888 620 quinquagenarium,
2967 549 3210 617 propter
3262 545 3514 601 multam

1858 637 1992 710 ejus
2034 637 2307 708 peritiam
2357 642 2414 692 et
2458 636 2904 708 experientiam.
2975 634 3258 700 Quaedam
3313 640 3514 690 autem

1859 725 2225 797 exemplaria
2295 725 2534 790 habent,
2583 724 3014 796 quadraginta,
3059 723 3236 796 .quod
3284 723 3518 780 videtur

1859 831 1986 870 esse
2017 815 2228 870 verius.

1930 904 2090 958 Vers.
2171 907 2255 960 58.
2311 903 2482 959 Dixit
2547 933 2616 942 --
2681 904 3176 974 sum.’l‘anquam
3221 902 3394 956 Deus.
3452 902 3517 957 Et

1857 1007 1972 1048 non
2026 993 2194 1056 dixit,
2257 995 2377 1061 Ego
2418 1007 2582 1048 eram
2626 991 2803 1062 ;sed,
2853 991 2980 1061 Ego
3003 1006 3152 1058 sum,
3209 991 3308 1062 qui
3363 1005 3520 1046 sem-

1856 1098 1962 1153 per
1993 1099 2150 1137 sum.
2182 1083 2321 1138 Fieri
2351 1081 2641 1154 siquidem
2673 1081 2754 1136 rei
2787 1086 2997 1136 creatae
3027 1084 3147 1148 est;
3176 1081 3322 1137 Sum
3353 1095 3514 1144 vero,

1855 1171 2132 1228 iucreatre
2193 1177 2250 1226 et
2276 1177 2507 1227 creatae.

1927 1263 2089 1317 Vers.
2125 1262 2209 1316 59.
2253 1262 2543 1317 Tulerunt
2580 1292 2643 1301 —
2675 1276 2824 1316 eum.
2849 1260 3096 1316 Veloces
3160 1259 3238 1315 ad
3268 1258 3512 1315 caedem.

1858 1351 2196 1422 Exasperati
2229 1356 2367 1406 sunt
2420 1351 2578 1406 enim
2628 1355 2906 1419 putantes
2953 1349 3171 1419 injuria
3235 1347 3513 1406 affectum

1857 1457 1989 1495 esse
2046 1440 2350 1496 Abraham
2403 1457 2416 1493 :
2459 1439 2634 1495 simul
2682 1440 2879 1504 etiam,
2938 1438 3040 1494 ubi
3094 1439 3516 1510 cognovissent

1857 1529 2021 1602 quod
2052 1530 2149 1584 Dei
2181 1529 2561 1584 aeternitatem
2597 1529 2708 1584 sibi
2740 1528 3086 1584 vindicaret.

1929 1620 2094 1675 Vers.
2125 1621 2215 1676 59.
2247 1621 2407 1674 Jesm
2446 1625 2639 1674 autem
2663 1619 2993 1674 occultatus
3033 1623 3135 1673 est.
3165 1618 3275 1672 Per
3303 1617 3516 1673 divini-

1857 1711 1990 1766 tatis
2015 1709 2344 1783 potentiam
2374 1708 2682 1764 invisibilis
2735 1709 2820 1764 eis
2855 1708 3121 1764 eﬂ’ectus.

1782 1819 1824 1874 Β
1929 1801 2093 1854 Vers.
2121 1800 2210 1854 59.
2254 1800 2332 1855 Et
2362 1831 2428 1839 —
2477 1797 2703 1867 templo.
2763 1801 2831 1854 Ut
2886 1797 3124 1853 illorum
3158 1798 3391 1853 sedaret
3423 1797 3512 1852 fu-

1859 1904 2053 1945 rorem
2063 1929 2075 1940 .

1929 1979 2095 2034 Vers.
2122 1983 2207 2035 59.
2242 1977 2641 2034 Pertransiens
2687 2007 2751 2018 —-
2780 1977 3042 2032 illorum.
3077 1977 3219 2033 Cum
3253 1975 3333 2032 illi
3374 1991 3511 2032 eum

1856 2068 2056 2124 videre
2099 2083 2218 2123 non
2265 2071 2533 2140 possent.
2599 2069 2663 2121 Et
2703 2082 2890 2138 quare
2921 2081 3043 2120 non
3103 2065 3366 2121 dissolvit
3398 2065 3517 2120 illo-

1854 2173 1990 2213 rum
2021 2157 2318 2222 virtutem,
2353 2163 2409 2211 et
2469 2155 2785 2211 manifeste
2859 2155 3101 2210 recessit
3145 2154 3173 2208 ?
3219 2155 3363 2220 Quia
3406 2170 3516 2210 nec

1857 2247 1941 2302 sic
1989 2246 2267 2301 credituri
2339 2249 2528 2300 erant.
2606 2243 2831 2299 Etenim
2880 2249 3149 2314 tempore
3207 2243 3513 2314 passionis

1853 2337 2103 2409 supinos
2135 2336 2268 2391 illos
2297 2335 2528 2406 dejecit,
2578 2349 2909 2404 eorumque
2972 2338 3244 2404 aspectus
3301 2332 3514 2389 obscu-

1852 2427 2022 2492 ravit,
2069 2433 2124 2482 et
2171 2442 2292 2481 non
2343 2424 2740 2480 crediderunt.
2796 2425 2943 2478 Nam
2999 2422 3202 2478 anima
3253 2421 3514 2494 reproba

1853 2516 2001 2572 nihil
2029 2521 2115 2572 est
2144 2517 2318 2588 pejus
2348 2531 2360 2569 :
2393 2514 2526 2570 licet
2553 2513 2712 2569 enim
2755 2513 2929 2582 signa
2973 2512 3172 2568 videat
3209 2528 3279 2568 ac
3312 2511 3512 2583 prodi-

1852 2606 1966 2676 gia,
1997 2622 2164 2661 suam
2197 2609 2393 2661 tamen
2427 2618 2665 2674 semper
2694 2601 2906 2657 retinet
2934 2600 3401 2673 impudentiam.

1921 2696 2086 2752 Vers.
2123 2696 2192 2751 59
2233 2695 2310 2751 Et
2341 2695 2427 2751 ita
2452 2691 2813 2765 praeteribat.
2857 2690 3226 2748 Ambulabat
3259 2691 3359 2757 ita,
3391 2704 3514 2746 non

1851 2801 2147 2858 apparens
2182 2784 2318 2840 illis.

2208 2875 2360 2931 CAP.
2391 2875 2456 2929 X.
2492 2875 2570 2928 De
2597 2887 2731 2927 οωοο
2760 2888 2798 2926 a
2824 2871 3152 2927 nativitate.

1922 2967 2061 3038 Cap.
2110 2965 2208 3020 IX.
2265 2965 2406 3020 Vers
2444 2969 2490 3018 t.
2541 2963 2618 3018 Et
2661 2991 2731 3002 -—-
2761 2961 3091 3015 nativitate.
3143 2957 3516 3014 Conﬁrman-

149 3053 272 3109 Θεὸς
319 3048 480 3114 ἔστιν,
538 3049 688 3109 εὐθὺς
718 3051 932 3123 ἔρχεται
979 3048 1062 3102 ἐπὶ
1117 3051 1292 3120 θαῦμα
1343 3054 1611 3121 μέγιστον,
1651 3053 1740 3099 καὶ

1868 3054 1948 3118 lo,
1998 3053 2163 3126 quod
2227 3053 2476 3117 dixerat,
2530 3051 2834 3122 ﬁdemque
2865 3049 3109 3114 faciens,
3149 3047 3314 3120 quod
3359 3048 3514 3103 Deus

147 3145 302 3206 μήπω
386 3142 552 3210 μέχρι
599 3142 714 3190 τότε
768 3143 1054 3209 γενόμενον.
1113 3135 1307 3210 Τυφλοὶ
1355 3141 1442 3209 μὲν
1494 3141 1595 3210 γὰρ
1652 3142 1740 3189 καὶ

147 3227 292 3279 ἄλλοι
350 3225 628 3296 ἀνέϐλεψαν
672 3242 684 3254 ·
727 3225 916 3296 τυφλός
970 3223 1028 3279 δε
1086 3225 1134 3278 ἐν
1181 3235 1388 3297 γενετῆς
1419 3227 1528 3297 (74)
1567 3222 1739 3286 οὐδεὶς

145 3318 278 3390 ἄχρι
297 3323 432 3369 τότε.
473 3318 560 3368 Διό
588 3319 678 3366 καὶ
705 3312 993 3384 ἀναϐλέψας
1024 3314 1189 3386 ἔλεγεν
1240 3334 1252 3346 ·
1289 3315 1375 3368 Ἐκ
1405 3323 1496 3367 τοῦ
1554 3315 1742 3375 αἰῶνος

143 3406 236 3459 οὐκ
266 3406 504 3463 ἠκούσθη
529 3406 610 3455 ὅτι
656 3403 826 3466 ἤνοιξε
850 3422 926 3463 τις
963 3403 1256 3476 ὀφθαλμοὺς
1284 3404 1476 3476 τυφλοῦ
1504 3422 1740 3475 γεγεννη-

142 3511 298 3568 μενον
307 3534 319 3546 .

221 3765 320 3813 Καὶ
377 3791 444 3802 --
493 3763 712 3832 γεννηθῇ
746 3761 1072 3836 ;Ἐρωτῶσιν
1139 3761 1242 3833 οὐχ
1297 3763 1366 3823 ὡς
1414 3768 1567 3814 τοῦτο
1617 3763 1742 3814 πάν-

143 3869 242 3910 τως
297 3851 326 3909 ἣ
387 3851 546 3902 ἐκεῖνο
611 3849 1075 3923 ὑπολαμϐάνοντες,
1131 3852 1362 3925 καθάπερ
1417 3853 1466 3903 οί
1531 3849 1742 3910 ἀνόητοι

145 3936 397 3993 Ἰουδαῖοι
424 3953 439 3969 '
465 3943 522 3992 τό
551 3942 643 4011 μὶν
691 3941 794 4014 γὰρ
853 3940 1100 4013 ἁμαρτεῖν
1151 3943 1249 4013 πρὸ
1310 3947 1402 3993 τοῦ
1431 3942 1742 4012 γεννηθῆναι

144 4025 422 4097 ἀδύνατον,
455 4032 512 4081 τὸ
545 4025 604 4082 δὲ
628 4031 755 4104 ὑπὲρ
787 4038 887 4080 τῶν
915 4033 1102 4100 γονέων
1147 4029 1463 4090 κολάζεσθαι
1514 4027 1700 4082 ἄδικον
1725 4047 1736 4060 ·

142 4116 249 4170 ἀλλ’
282 4121 425 4170 ἔστιν
459 4119 484 4170 ὁ
511 4123 706 4180 σκοπός
755 4125 846 4171 τοῦ
875 4117 1032 4190 λόγου
1057 4125 1310 4178 τοιοῦτος,
1367 4118 1425 4170 Ὀ
1449 4121 1538 4190 μὲν
1570 4121 1741 4193 παροί-

138 4206 291 4268 λυτος
323 4203 416 4259 διὰ
458 4210 550 4269 τὰς
595 4207 852 4280 ἁμαρτίας
904 4210 1064 4259 αὑτοῦ
1118 4208 1343 4275 ἠσθένει,
1403 4209 1575 4268 καθὼς
1640 4206 1744 4260 ἐκεῖ

140 4298 514 4368 μεμαθήκαμεν
565 4315 579 4330 ·
630 4301 747 4368 περὶ
797 4299 977 4348 τούτου
1019 4293 1078 4349 δὲ
1131 4297 1244 4363 (75)
1284 4300 1337 4347 τί
1389 4295 1552 4367 λέγεις
1593 4312 1607 4362 ;
1658 4300 1742 4356 Τίς

1849 3148 2007 3198 esset
2047 3142 2244 3197 statim
2319 3141 2480 3196 venit
2532 3140 2607 3194 ad
2655 3137 3012 3193 miraculum
3067 3138 3422 3201 maximum,
3457 3141 3515 3191 et

1851 3248 2040 3303 usque
2071 3232 2146 3287 ad
2177 3231 2234 3285 id
2265 3230 2548 3301 temporis
2578 3241 2895 3298 nunquam
2927 3225 3170 3280 factum.
3204 3225 3512 3297 Siquidem

1849 3325 1907 3375 et
1952 3319 2048 3375 alii
2090 3319 2230 3375 caeci
2273 3318 2467 3372 visum
2522 3320 2890 3385 receperunt,
2933 3329 3138 3369 verum
3173 3313 3273 3386 qui
3325 3330 3360 3369 a
3408 3328 3512 3369 na-

1850 3408 2071 3464 tivitate
2125 3424 2317 3463 caecus
2370 3407 2595 3472 fuisset,
2647 3403 2847 3458 nullus
2915 3417 3104 3474 usque
3136 3401 3212 3457 ad
3259 3401 3318 3456 id
3372 3405 3516 3456 tem-

1850 3515 1983 3571 pus.
2018 3497 2156 3552 ldeo
2206 3496 2405 3561 etiam,
2465 3495 2568 3566 qui
2599 3493 2796 3548 visum
2857 3493 2925 3562 (j)
2956 3491 3194 3562 recepit,
3227 3489 3465 3546 dicebat
3495 3491 3512 3533 ε

1849 3589 1897 3643 Α
1931 3586 2144 3642 saculo
2182 3600 2298 3639 non
2361 3589 2442 3640 est
2483 3583 2776 3645 auditum,
2831 3580 2986 3652 quod
3035 3578 3333 3649 aperuerit
3363 3580 3515 3651 quis-

1847 3677 2008 3747 piam
2043 3675 2233 3731 oculos
2255 3674 2389 3730 caeci
2441 3672 2572 3728 nati
2620 3673 2688 3724 ⁸ο.

1923 3769 2089 3820 Vers.
2163 3768 2216 3818 2.
2275 3763 2353 3819 Et
2401 3767 2726 3818 nasceretur
2773 3760 2801 3816 ?
2867 3757 3334 3829 Interrogabant.
3390 3772 3511 3814 non

1851 3855 2015 3926 quod
2067 3854 2178 3909 hoc
2210 3857 2313 3909 aut
2341 3852 2488 3907 illud
2515 3849 2764 3907 omnino
2787 3847 3253 3920 suspicarentur,
3313 3863 3514 3919 quem-

1851 3942 2182 3999 admodum
2250 3941 2597 4012 insipientes
2669 3937 2906 4003 Judaai;
2957 3952 3100 3992 nam
3163 3935 3324 3992 hunc
3381 3951 3516 4006 pec-

1851 4047 2039 4096 casse,
2113 4035 2439 4102 autequam
2499 4033 2676 4085 natus
2745 4030 2917 4091 esset,
2970 4024 3343 4096 impossibile
3391 4029 3515 4079 erat

1852 4137 2030 4193 porro
2056 4136 2163 4191 pro
2208 4119 2559 4190 parentibus
2627 4115 2826 4188 puniri
2858 4115 3146 4184 injustum
3188 4129 3202 4178 ;
3245 4113 3347 4168 sed
3379 4112 3513 4168 finis

1852 4209 2147 4264 sermonis
2201 4207 2329 4262 talis
2387 4212 2494 4262 est.
2547 4204 2912 4274 Paralyticus
2969 4201 3213 4273 quidem
3272 4205 3514 4272 propter

1851 4300 2099 4368 peccata
2138 4312 2247 4350 sua
2294 4294 2646 4362 aegrotabat,
2707 4293 2856 4346 sicut
2895 4291 2976 4345 ibi
3021 4289 3342 4343 didicimus
3381 4304 3394 4343 :
3439 4288 3512 4344 de

143 4386 391 4456 ἧμαρτεν,
449 4383 593 4443 οὗτος
632 4383 661 4441 ἦ
713 4385 761 4434 οἰ
805 4391 974 4454 γονεῖς
1040 4383 1198 4434 αὖτοῦ
1255 4385 1447 4454 ςημείς
1477 4385 1578 4456 γὰρ
1627 4384 1741 4434 οὔτε

1868 4403 1966 4440 100
1999 4390 2218 4445 autem,
2289 4383 2432 4441 quid
2495 4381 2643 4436 dicis
2691 4380 2719 4434 ?
2765 4381 2902 4448 Quis
2948 4379 3228 4445 peccavit,
3288 4376 3404 4441 hic,
3436 4392 3509 4433 an

139 4477 296 4522 τοῦτο
317 4474 433 4523 οὔτε
462 4470 620 4523 ἐκεῖνο
651 4467 920 4544 δυνάμεθα
957 4469 1138 4542 λέγειν,
1176 4471 1427 4531 παντελῶς
1459 4469 1743 4544 ίξαπορού·

140 4578 307 4633 μενοι.

213 4746 263 4782 ³ο
282 4745 456 4802 Joan.
487 4761 566 4815 Ix,
599 4746 685 4802 32.

1849 4480 2118 4544 parentes
2149 4475 2275 4542 ejus
2314 4471 2342 4526 ‘?
2392 4487 2502 4527 nos
2534 4470 2695 4524 enim
2724 4483 2918 4539 neque
2956 4466 3088 4529 hoc.
3143 4480 3337 4537 neque
3367 4464 3513 4521 illud

1852 4561 2046 4618 dicere
2098 4577 2442 4634 possumus,
2493 4559 2743 4615 omnino
2773 4555 3104 4613 conturbati
3135 4553 3510 4627 consilioque

1852 4651 2134 4708 destituti.

1347 4845 1570 4915 Variae
1600 4846 1929 4915 lectiones
1963 4858 2028 4915 et
2069 4854 2270 4916 notae.

208 4989 321 5060 (τί)
343 4987 574 5044 Scilicet
603 4987 1035 5060 Chrysostomi,
1061 4988 1164 5060 qui
1185 4987 1469 5044 audacter
1497 4990 1577 5046 ita
1606 5004 1730 5045 cor-

137 5059 304 5132 rexit.
355 5061 496 5116 Vide
538 5064 680 5116 tom.
713 5059 854 5132 νιίιι,
887 5075 1026 5132 pag.
1060 5059 1194 5132 324.
1237 5061 1733 5132 Chrysostomum

137 5075 304 5116 rent.
360 5075 496 5116 Vide
538 5075 680 5116 tom.
721 5075 854 5124 Vlll,
885 5075 1026 5186 ξας.
1065 5075 1194 5116 324.
1237 5075 1732 5132 unrysostomum

135 5131 403 5212 sequitur
422 5147 585 5214 unus
601 5147 672 5188 ex
689 5131 877 5214 codici
931 5148 997 5214 us
1023 5131 1480 5214 Mosquens’rbus
1502 5132 1732 5214 N.Te.s_t.

138 5215 194 5267 g.
218 5202 321 5274 qui
354 5207 441 5257 est
463 5219 595 5257 cum
640 5202 904 5258 scholiis.
947 5202 1250 5270 Origenes,
1304 5203 1407 5275 qui
1439 5209 1586 5258 tom.
1631 5205 1731 5268 XX,

135 5273 194 5328 in
219 5274 507 5352 Joannem
540 5273 669 5329 haec
699 5275 840 5352 data
876 5289 1059 5352 opera
1112 5275 1548 5352 interpretatur,
1571 5274 1734 5330 hunc

135 5361 378 5416 versum
435 5351 625 5400 totum
689 5346 1088 5416 prartermisit.
1136 5351 1460 5403 Πεντήκοντα
1494 5352 1736 5400 servant

134 5415 334 5487 Cyrill.
371 5422 408 5471 t.
435 5416 549 5489 νιν,
585 5432 641 5486 ρ.
677 5415 777 5471 585
805 5418 864 5470 C.
902 5417 1374 5489 ;ATheophylact.
1412 5433 1468 5489 p.
1510 5419 1616 5489 690
1650 5419 1687 5472 E
1719 5433 1732 5481 ;

178 5503 390 5561 everus
428 5488 488 5542 in
520 5489 742 5544 Catena
795 5487 1074 5555 Corderii,
1116 5487 1310 5561 p.243
1361 5506 1375 5557 ;
1412 5487 1467 5545 et
1495 5487 1732 5545 codices

176 5559 510 5615 robatiores
540 5573 766 5614 omnes.

207 5737 288 5808 (j)
321 5735 431 5807 Qui
461 5736 668 5794 visum.
705 5737 870 5794 Forte
900 5736 1064 5809 legit,
1096 5733 1180 5794 διὸ
1220 5742 1308 5791 καὶ
1337 5739 1362 5790 ὁ
1416 5737 1728 5815 ἀναϐλέψας.

1911 4991 2024 5061 (72)
2059 4989 2293 5046 Inclusa
2332 4988 2568 5061 absunt
2599 4989 2665 5043 Α.
2701 4989 2955 5049 Κτίστης,
2987 4981 3298 5055 quomodo
3328 4982 3508 5061 etiam

1846 5057 2187 5118 Eustathius
2223 5061 2437 5124 scribit,
2469 5060 2574 5132 qui
2632 5075 2770 5116 cum
2831 5061 3015 5132 κτίτης
3041 5057 3373 5126 comparat.
3397 5069 3507 5132 pro

1845 5133 2210 5189 substantivo
2245 5126 2506 5206 accipio;
2549 5146 2688 5195 non,
2755 5133 2815 5185 ut
2865 5129 3174 5199 interpres,
3207 5140 3317 5196 pro
3347 5126 3508 5183 adie-

1846 5206 2025 5260 ctivo.

1917 5276 2029 5348 (73)
2049 5278 2068 5331 Ι
2077 5281 2132 5331 ta
2159 5274 2510 5347 plerumque
2525 5273 2985 5344 Chrysostomus
3003 5274 3258 5332 oratorie
3277 5273 3505 5338 laudat,

1843 5347 2015 5402 Joan.
2051 5363 2208 5402 XVIII.
2242 5351 2293 5409 6,
2317 5350 2500 5400 ἔπεσον
2531 5351 2730 5417 χαμαί.

1914 5419 2304 5484 (74)Γεννητῆς.

1919 5489 2031 5560 (75)
2055 5493 2115 5542 Δὶ
2145 5489 2316 5546 abest
2355 5496 2420 5543 A.

3637 6 3701 12 -..τ-
