4088 6442
146 333 294 390 1305

1235 331 1581 390 COMMENT
1620 333 1689 390 IN
1727 332 2077 390 JOANNEM.
2119 364 2187 375 —
2224 334 2381 389 CAP.
2425 330 2522 389 IX.

3375 333 3514 390 1306

222 465 324 514 Καὶ
353 491 422 500 —-
450 457 679 533 ἕώρακας
705 475 718 527 ;
745 457 932 532 ’ῼοντο
959 459 1061 532 γὰρ
1093 458 1244 511 αὐτὸν
1275 457 1430 530 ἔγγὺς
1458 456 1587 513 εἶναι
1625 479 1735 512 πεν-

1927 459 2092 514 Vers.
2126 460 2213 514 57.
2241 459 2414 512 Et—
2463 457 2664 514 vidisti
2715 455 2744 512 7
2797 455 3094 513 Putabant
3155 456 3315 513 enim
3372 473 3511 514 eum

145 555 376 608 τήκοντα
426 548 547 600 ἐτῶν
597 546 691 601 διὰ
740 553 834 605 την
890 549 1226 620 πολυπειρίαν
1282 548 1462 602 αὐτοῦ.
1510 550 1638 602 me
1687 544 1746 600 δὲ

147 648 247 691 τῶν
301 639 413 710 (7t)
467 638 792 713 ἀντιγράφων
831 640 1225 711 τεσσαράκοντα
1265 639 1578 712 γράφουσιν,
1621 639 1744 710 ὅπερ

149 724 297 781 δοκεῖ
323 727 702 802 ἀκριϐέστερον.

221 903 372 958 Εἶπεν
423 937 491 946 -
547 905 671 967 εἰμι.
720 905 809 968 Ὠς
875 909 1024 968 Θεός.
1080 910 1180 959 Καὶ
1237 904 1332 957 ούκ
1390 901 1547 972 εἶπεν,
1611 902 1746 975 Ἐγὼ

147 998 310 1066 ἤμην,
387 993 492 1046 ἀλλ’
554 995 684 1066 Ἐγώ
735 995 843 1067 εἰμι
885 997 910 1047 ὁ
972 993 1050 1047 ἀεὶ
1112 999 1198 1046 ὧν.
1232 998 1302 1046 Τό
1327 997 1416 1059 μὶν
1465 990 1552 1045 οὖν
1610 996 1746 1064 γενέ-

149 1085 277 1136 σθαι
336 1091 553 1136 κτιστοῦ
587 1088 686 1136 ’τό
780 1081 839 1136 δε
904 1083 1024 1157 Εἰμὶ
1104 1082 1354 1135 ἀκτίστου
1404 1083 1422 1154 [
1477 1087 1567 1136 καὶ
1628 1083 1744 1153 (72)

145 1178 366 1226 κτίστου

219 1262 386 1338 Ἥραν
423 1289 478 1302 -
527 1261 704 1314 αὐτόν.
762 1265 827 1315 Οἱ
861 1269 1045 1334 ταχεῖς
1084 1265 1212 1335 πρὸς
1241 1266 1387 1334 φόνον
1419 1283 1430 1294 ·
1461 1260 1743 1335 Ἠγρίαναν

145 1353 249 1424 γὰρ
299 1348 544 1414 δόξαντες
593 1349 909 1424 ὑϐρισθῆναι
951 1356 1038 1404 τόν
1097 1350 1334 1426 Ἀϐραὰμ
1377 1369 1388 1380 °
1423 1351 1534 1422 ἅμα
1563 1347 1743 1404 δὲκαὶ

144 1446 353 1512 γνόντες
381 1442 460 1494 ὅτι
491 1437 770 1499 ἀιδιότητα
807 1449 940 1494 Θεοῦ
965 1442 1294 1513 περιτίθησιν
1321 1440 1503 1511 ἐαυτῷ.

221 1619 427 1680 Ἰησοῦς
484 1616 544 1672 δε
591 1618 806 1692 ίκρύϐη.
852 1621 1102 1693 Ἀόρατος
1159 1618 1337 1680 αὐτοῖς
1397 1623 1620 1676 κατέστη
1675 1626 1736 1690 τῇ

143 1709 362 1782 ἐξουσίᾳ
391 1717 482 1770 τῆς
521 1711 780 1770 θεότητος.

222 1803 321 1852 Καὶ
354 1801 512 1873 ἱεροῦ.
539 1804 650 1852 Ἵνα
677 1797 981 1856 κατασταλῆ
1016 1800 1041 1850 ὁ
1075 1800 1238 1870 θυμὸς
1265 1798 1455 1852 αὐτῶν.

217 1976 432 2030 Διελθών
462 2008 530 2016 -
559 1977 750 2030 αὐτῶν.
805 1982 891 2036 Μὴ
936 1977 1234 2048 ἰσχυόντων
1266 1973 1394 2029 ἰδεῖν
1435 1976 1608 2032 αὐτόν.
1645 1983 1741 2032 Kal

141 2064 293 2120 διατί
344 2066 439 2118 ούκ
495 2065 727 2130 ἕξίλυσεν
758 2066 926 2119 αὐτῶν
966 2071 1059 2124 τῆν
1109 2063 1330 2137 δύναμιν
1374 2071 1463 2118 καὶ
1521 2074 1747 2138 φανερῶς

142 2155 449 2228 ἀνεχώρησε
470 2172 484 2221 ;
517 2161 659 2208 Διότι
676 2157 784 2208 οὔθ’
807 2157 967 2216 οὕτως
989 2155 1191 2228 ἔμελλον
1220 2158 1502 2209 πιστεύειν.
1527 2158 1738 2228 Καὶγὰρ

142 2245 194 2298 ἐν
223 2254 292 2315 τῷ
320 2253 485 2319 καιρῷ
517 2253 608 2296 τοῦ
669 2247 874 2306 Ῐιάθους
919 2247 1132 2306 ὑπτίους
1163 2245 1275 2314 (73)
1328 2244 1511 2304 αύτούς
1540 2244 1735 2319 sapite,

142 2341 235 2387 καὶ
264 2338 356 2387 τὰς
377 2334 518 2404 ὄψεις
549 2334 716 2386 αὐτῶν
739 2333 999 2397 ἕσκότισε,
1041 2339 1130 2386 καὶ
1161 2335 1252 2386 ούκ
1283 2332 1613 2388 ἐπίστευσαν.
1637 2334 1736 2386 Οὖ-

143 2419 234 2475 δεν
262 2425 359 2495 γὰρ
391 2429 570 2494 χεῖρον
600 2421 788 2494 ψυχῆς
821 2421 1198 2494 ἀπεγνωκυίας.
1257 2421 1362 2474 Κᾶν
1408 2425 1510 2496 γὰρ
1545 2429 1739 2494 σημεῖα

141 2509 262 2585 ἴδη,
289 2510 382 2564 κᾶν
413 2515 622 2586 τέρατα,
653 2516 789 2584 μένει
819 2516 912 2570 τὴν
939 2512 1100 2570 αὐτὴν
1143 2515 1348 2585 ἔχουσα
1376 2511 1528 2565 πάλιν
1557 2511 1738 2564 ἀναισ-

138 2606 384 2674 χυντίαν.

220 2695 317 2744 Καὶ
345 2699 578 2764 παρῆγεν
599 2691 783 2753 οὕτως.
813 2690 1084 2754 Ἐϐάδιζεν
1123 2693 1300 2758 οὕτως,
1335 2697 1407 2766 μὴ
1441 2695 1737 2766 φαινόμενος

140 2779 339 2842 αὐτοῖς.

393 2875 538 2922 ΚΕΦ.
583 2867 634 2924 1’.
663 2874 786 2943 Περὶ
813 2877 905 2922 τοῦ
945 2869 1000 2923 ίκ
1036 2880 1241 2942 γενετῆς
1269 2870 1484 2943 τυφλοῦ.

215 2962 315 3011 Καὶ
344 2989 414 2998 —
441 2967 665 3030 γενετῆς.
692 2958 914 3012 Βεϐαιῶν
943 2958 979 3012 ἃ
1008 2956 1135 3025 εἶπε,
1166 2965 1255 3012 καὶ
1284 2963 1622 3032 πιστούμενος
1657 2962 1735 3012 ότι

1856 546 2039 604 ferme
2095 562 2228 602 esse
2277 546 2884 620 quinquagenarium,
2963 550 3206 618 propter
3259 546 3510 602 multam

1855 637 1988 709 ejus
2031 637 2305 708 peritiam
2354 643 2410 692 et
2455 636 2900 708 experientiam.
2971 635 3254 701 Quaedam
3310 641 3510 691 autem

1857 726 2222 797 exemplaria
2291 725 2530 790 habent,
2580 725 3010 797 quadraginta,
3055 724 3231 798 ,quod
3280 724 3513 781 videtur

1855 830 1982 870 esse
2013 815 2224 870 verius.

1927 904 2086 958 Vers.
2167 907 2251 959 58.
2307 904 2479 960 Dixit
2543 934 2613 942 —
2677 905 3172 975 sum.Tanquam
3217 903 3390 957 Deus.
3448 904 3513 959 Et

1854 1007 1969 1048 non
2023 993 2190 1057 dixit,
2253 995 2373 1062 Ego
2415 1007 2578 1048 eram
2621 992 2799 1063 ;sed,
2849 993 2976 1062 Ego
2999 1007 3148 1059 sum,
3205 992 3304 1063 qui
3359 1007 3516 1048 sem-

1852 1098 1959 1152 per
1990 1099 2146 1138 sum.
2178 1083 2317 1138 Fieri
2347 1081 2637 1154 siquidem
2669 1082 2751 1137 rei
2783 1087 2993 1137 creatae
3023 1085 3142 1148 est;
3172 1083 3317 1138 Sum
3349 1097 3510 1145 vero,

1851 1171 2128 1228 increatte
2190 1177 2245 1227 et
2272 1177 2504 1228 creatam

1924 1263 2086 1316 Vers.
2122 1262 2206 1317 59.
2249 1262 2539 1317 Tulerunt
2576 1293 2639 1302 -—
2671 1276 2819 1318 cum.
2845 1260 3092 1317 Veloces
3155 1260 3234 1316 ad
3263 1260 3508 1317 caedem.

1854 1351 2192 1422 Exasperati
2225 1356 2363 1406 sunt
2416 1351 2574 1406 enim
2624 1356 2902 1420 putantes
2949 1349 3166 1420 injuria
3230 1349 3509 1407 affectum

1853 1457 1985 1495 esse
2042 1440 2346 1497 Abraham
2399 1458 2412 1493 :
2455 1440 2630 1496 simul
2678 1441 2875 1505 etiam,
2934 1439 3035 1496 ubi
3089 1439 3512 1510 cognovissent

1852 1529 2017 1602 quod
2048 1530 2145 1585 Dei
2177 1529 2557 1585 aeternitatem
2593 1529 2703 1584 sibi
2735 1529 3081 1584 vindicaret.

1925 1619 2090 1675 Vers.
2121 1621 2211 1676 59.
2243 1621 2402 1674 Jesus
2441 1625 2635 1674 autem
2659 1620 2988 1674 occultatus
3029 1624 3130 1674 est.
3161 1619 3270 1674 Per
3299 1618 3511 1675 divini-

1853 1711 1986 1766 tatis
2012 1710 2339 1782 potentiam
2370 1709 2678 1765 invisibilis
2730 1710 2816 1764 eis
2850 1709 3116 1764 effectus.

1777 1819 1818 1874 Β
1926 1800 2089 1854 Vers.
2117 1800 2206 1854 59.
2250 1800 2328 1854 Et
2358 1831 2424 1839 —
2473 1798 2699 1868 (empto.
2759 1801 2826 1854 Ut
2882 1797 3119 1854 illorum
3153 1799 3386 1855 sedaret
3419 1798 3507 1854 fu-

1854 1904 2047 1944 rorem
2059 1929 2070 1940 .

1925 1979 2090 2034 Vers.
2117 1983 2202 2034 59.
2238 1977 2637 2034 Pertransiens
2682 2007 2747 2018 —
2775 1977 3037 2033 illorum.
3072 1979 3214 2034 Cum
3248 1976 3328 2033 illi
3369 1993 3506 2032 eum

1852 2068 2050 2124 videre
2094 2084 2213 2123 non
2260 2071 2528 2140 possent.
2594 2069 2658 2122 Et
2699 2082 2884 2138 quare
2916 2082 3039 2122 non
3097 2066 3361 2122 dissolvit
3393 2066 3512 2122 illo-

1849 2173 1985 2213 rum
2015 2157 2314 2221 virtutem,
2348 2163 2404 2212 et
2465 2155 2780 2211 manifeste
2854 2155 3096 2211 recessit
3140 2155 3168 2210 ?
3214 2156 3358 2221 Quia
3402 2171 3510 2212 nec

1851 2247 1936 2302 sic
1983 2246 2262 2302 credituri
2335 2249 2524 2301 erant.
2601 2243 2826 2299 Etenim
2875 2250 3144 2315 tempore
3201 2245 3508 2316 passionis

1848 2337 2098 2409 supinos
2131 2337 2263 2392 illos
2291 2335 2523 2406 dejecit,
2573 2349 2904 2406 eorumque
2967 2339 3238 2405 aspectus
3295 2333 3510 2390 obscu-

1846 2428 2017 2493 ravit,
2064 2433 2118 2482 et
2165 2442 2287 2482 non
2338 2425 2735 2480 crediderunt.
2790 2427 2938 2479 Nam
2994 2423 3196 2479 anima
3247 2423 3508 2495 reproba

1847 2516 1996 2572 nihil
2023 2522 2109 2572 est
2138 2517 2312 2589 pejus
2343 2532 2354 2570 :
2387 2514 2520 2571 licet
2549 2513 2707 2570 enim
2749 2513 2924 2582 signa
2967 2513 3166 2570 videat
3203 2529 3274 2568 ac
3307 2512 3506 2584 prodi-

1846 2607 1961 2676 gia,
1991 2623 2158 2662 suam
2192 2610 2389 2662 tamen
2422 2618 2660 2675 semper
2689 2603 2901 2658 retinet
2929 2601 3396 2674 impudentiam.

1916 2697 2080 2752 Vers.
2117 2697 2187 2752 59
2227 2696 2306 2752 Et
2335 2696 2421 2751 ita
2447 2693 2808 2765 praeteribat.
2852 2691 3220 2748 Ambulabat
3254 2692 3353 2758 ita,
3385 2705 3508 2747 non

1846 2802 2141 2859 apparens
2177 2784 2312 2841 illis.

2202 2876 2354 2931 CAP.
2385 2875 2450 2929 X.
2486 2875 2564 2928 De
2591 2889 2725 2927 caeco
2754 2888 2793 2926 a
2819 2871 3146 2928 nativitate.

1916 2967 2055 3038 Cap.
2105 2965 2202 3020 IX.
2259 2965 2400 3020 Vers
2438 2969 2484 3018 t.
2536 2963 2613 3018 Et
2656 2992 2726 3002 —
2755 2962 3086 3016 nativitate.
3138 2958 3511 3016 Confirman-

142 3051 266 3108 Θεός
313 3047 474 3113 ἐστιν,
533 3047 682 3108 εύθύς
712 3050 926 3121 ἔρχεται
973 3047 1057 3101 ἐπὶ
1111 3051 1286 3120 θαῦμα
1337 3053 1605 3120 μέγιστον,
1646 3053 1735 3099 καὶ

1863 3054 1942 3119 lo,
1992 3053 2157 3126 quod
2221 3053 2470 3117 dixerat,
2525 3051 2828 3122 ﬁdemque
2859 3050 3104 3114 faciens,
3143 3049 3308 3122 quod
3353 3049 3508 3104 Deus

141 3143 296 3205 μήπω
380 3141 544 3208 μέχρι
594 3141 708 3189 τότε
762 3141 1049 3208 γενόμενον.
1107 3135 1301 3209 Τυφλοὶ
1348 3141 1436 3208 μὲν
1489 3140 1590 3210 γὰρ
1647 3141 1734 3188 καὶ

141 3225 286 3278 ἄλλοι
344 3224 621 3295 ἀνέϐλεψαν
666 3241 678 3254 ·
721 3224 910 3296 τυφλὸς
964 3222 1022 3278 δὲ
1081 3224 1128 3277 ἐν
1175 3235 1382 3296 γενετῆς
1412 3227 1522 3296 (74)
1562 3221 1734 3286 οὐδεὶς

140 3317 272 3388 ἄχρι
291 3321 426 3368 τότε.
467 3317 554 3367 Διό
582 3318 672 3365 καὶ
698 3311 987 3383 ἀναϐλέψας
1018 3313 1183 3386 ἔλεγεν
1234 3333 1246 3346 ·
1283 3315 1369 3367 Ἐκ
1399 3323 1490 3366 τοῦ
1548 3315 1736 3375 αἰῶνος

139 3404 230 3457 ούκ
260 3405 498 3462 ἠκούσθη
523 3405 603 3454 ὅτι
650 3401 820 3464 ἧνοιξί
844 3421 920 3462 τις
957 3402 1250 3475 ὀφθαλμούς
1278 3404 1470 3475 τυφλοῦ
1499 3422 1734 3474 ynnyn-

140 3497 313 3566 μένου.

216 3763 313 3812 Καὶ
371 3789 438 3800 -
487 3761 706 3831 γεννηθῇ
739 3759 1065 3834 ;Ἐρωτῶσιν
1132 3760 1236 3832 ούχ
1291 3762 1360 3822 ὡς
1408 3767 1561 3813 τούτο
1610 3763 1736 3814 πάν-

139 3867 235 3908 τως
290 3849 319 3907 ῆ
381 3850 540 3900 ἐκεῖνο
605 3848 1069 3922 ὑπολαμϐάνοντες,
1125 3851 1356 3924 καθάπερ
1411 3852 1460 3902 οἱ
1525 3848 1735 3910 ἀνόητοι

140 3934 391 3991 Ἰουδαῖοι
418 3952 432 3967 '
459 3942 516 3991 τὸ
545 3941 636 4009 μὶν
685 3940 787 4012 γὰρ
846 3939 1093 4012 ἁμαρτεῖν
1145 3943 1243 4012 πρό
1304 3947 1395 3992 τοῦ
1424 3941 1736 4011 γεννηθῆναι

139 4023 416 4095 ἀδύνατον,
449 4031 506 4079 τό
538 4023 597 4080 δὲ
621 4029 748 4102 ὑπὲρ
781 4036 881 4079 τῶν
907 4033 1096 4099 γονέων
1141 4028 1456 4090 κολάζεσθαι
1508 4026 1693 4082 ἄδικον
1719 4047 1730 4059 ·

138 4114 243 4168 ἀλλ’
275 4119 418 4168 ἔστιν
451 4117 477 4169 ό
504 4121 700 4179 σκοπός
748 4124 840 4170 τοῦ
869 4117 1026 4189 λόγου
1049 4125 1304 4178 τοιοῦτος.
1359 4117 1418 4170 Ὀ
1443 4121 1532 4189 μὶν
1563 4121 1734 4192 παρά-

134 4205 284 4267 λυτος
317 4203 410 4258 διὰ
451 4208 544 4268 τὰς
588 4206 845 4278 ἁμαρτίας
897 4209 1057 4258 αὐτοῦ
1112 4207 1336 4274 ἠσθένει,
1396 4208 1568 4267 καθὼς
1633 4206 1738 4259 ἐκεῖ

135 4296 507 4367 μεμαθήκαμεν
557 4313 572 4329 ο
623 4300 740 4368 περὶ
791 4298 971 4347 τούτου
1013 4291 1071 4347 δε
1125 4295 1237 4362 (75ὶ
1277 4300 1330 4346 τί
1382 4294 1545 4366 λέγεις
1586 4311 1600 4362 ;
1651 4300 1736 4356 Τίς

1843 3148 2001 3198 esset
2040 3142 2239 3197 statim
2314 3141 2474 3196 venit
2526 3141 2600 3194 ad
2649 3139 3006 3194 miraculum
3061 3139 3416 3202 maximum,
3451 3143 3509 3193 et

1845 3248 2034 3304 usque
2065 3232 2139 3287 ad
2172 3231 2228 3286 id
2258 3230 2542 3301 temporis
2573 3243 2890 3298 nunquam
2922 3227 3164 3282 factum.
3198 3227 3506 3298 Siquidem

1843 3326 1901 3375 et
1946 3320 2042 3375 alii
2084 3319 2224 3376 caeci
2266 3319 2461 3373 visum
2517 3321 2884 3387 receperunt,
2927 3331 3132 3370 verum
3167 3315 3267 3387 qui
3319 3332 3354 3370 a
3403 3330 3507 3371 na-

1844 3408 2065 3464 tivitate
2118 3424 2311 3463 caecus
2365 3407 2589 3472 fuisset,
2642 3404 2841 3459 nullus
2909 3418 3098 3474 usque
3130 3403 3207 3458 ad
3253 3403 3313 3458 id
3366 3407 3510 3458 tem-

1844 3515 1977 3572 pus.
2012 3497 2150 3553 ldeo
2199 3496 2399 3561 etiam,
2459 3495 2562 3568 qui
2594 3494 2790 3548 visum
2851 3493 2918 3564 (α)
2950 3492 3187 3563 recepit,
3221 3490 3459 3547 dicebat
3489 3492 3505 3534 ε

1843 3589 1890 3643 Α
1925 3587 2138 3642 saculo
2176 3601 2291 3639 non
2355 3589 2435 3640 est
2477 3583 2770 3646 auditum,
2825 3581 2980 3653 quod
3029 3579 3326 3650 aperuerit
3357 3581 3509 3652 quis-

1841 3677 2002 3747 piam
2036 3675 2227 3731 oculos
2249 3674 2383 3730 caeci
2434 3673 2566 3728 nati
2614 3674 2682 3725 ³ο.

1917 3768 2082 3820 Vers.
2157 3768 2209 3818 2.
2268 3764 2347 3819 Et
2394 3768 2720 3818 nasceretur
2767 3761 2796 3818 ‘i
2862 3757 3328 3830 lnterrogabant,
3383 3773 3504 3815 non

1845 3855 2008 3926 quod
2061 3853 2172 3908 hoc
2203 3858 2306 3909 aut
2335 3852 2482 3908 illud
2509 3849 2758 3907 omnino
2781 3849 3247 3921 suspicarentur,
3306 3863 3508 3920 quem-

1844 3942 2176 3998 admodum
2243 3941 2591 4013 insipientes
2663 3939 2900 4004 Judaei;
2951 3953 3094 3993 nam
3156 3936 3317 3993 hunc
3374 3953 3509 4008 pec-

1845 4047 2032 4095 casse,
2107 4035 2433 4103 antequam
2492 4034 2670 4085 natus
2738 4031 2910 4091 esset,
2963 4025 3337 4097 impossibile
3384 4031 3508 4082 erat

1845 4136 2024 4192 porro
2049 4135 2156 4191 pro
2202 4119 2552 4190 parentibus
2621 4116 2819 4189 puniri
2852 4115 3139 4185 injustum
3182 4131 3196 4179 ;
3239 4114 3341 4169 sed
3372 4113 3506 4170 finis

1846 4209 2140 4264 sermonis
2195 4207 2322 4262 talis
2380 4212 2487 4262 est.
2541 4205 2905 4275 Paralyticus
2963 4202 3207 4274 quidem
3266 4207 3508 4273 propter

1845 4300 2092 4368 peccata
2132 4312 2240 4350 sua
2287 4294 2640 4363 aegrotabat,
2700 4293 2850 4347 sicut
2889 4291 2969 4346 ibi
3014 4290 3336 4344 didicimus
3374 4305 3386 4344 :
3432 4289 3506 4344 de

139 4384 384 4455 ἥμαρτεν,
441 4382 586 4442 οὗτος
625 4381 654 4440 ἦ
707 4384 754 4434 οἱ
798 4390 966 4453 γονεῖς
1033 4382 1190 4433 αὐτοῦ
1248 4384 1440 4453 ςημεῖς
1471 4384 1572 4455 γὰρ
1620 4383 1735 4434 οὔτε

1863 4402 1960 4440 ιοο
1992 4390 2212 4444 autem.
2283 4383 2426 4441 quid
2488 4382 2636 4436 dicis
2685 4380 2712 4435 ‘i
2759 4382 2895 4448 Quis
2941 4380 3222 4446 peccavit,
3281 4377 3398 4442 hic,
3429 4393 3502 4434 an

135 4476 289 4521 τοῦτο
310 4472 426 4522 όῦτε
455 4469 613 4522 ἐκεῖνο
645 4465 913 4543 δυνάμεθα
950 4469 1132 4541 λέγειν,
1169 4470 1420 4530 παντελῶς
1452 4469 1736 4544 ἐξαπορούο

135 4576 300 4630 μενοι.

207 4744 256 4780 ⁸ο
275 4744 448 4802 Joan.
479 4760 558 4813 ιχ,
592 4745 678 4800 32.

1841 4479 2111 4544 parentes
2143 4475 2268 4542 ejus
2307 4471 2336 4527 ?
2385 4487 2496 4526 nos
2527 4471 2688 4526 enim
2717 4484 2911 4540 neque
2949 4467 3081 4529 hoc.
3136 4481 3330 4538 neque
3361 4465 3506 4522 illud

1845 4561 2038 4617 dicere
2091 4577 2435 4633 possumus,
2487 4559 2736 4615 omnino
2767 4555 3097 4614 conturbati
3129 4555 3503 4628 consilioque

1845 4650 2128 4708 destituti.

1339 4845 1562 4914 Varia;
1592 4845 1922 4915 lectiones
1956 4857 2021 4915 et
2061 4854 2263 4916 notae.

201 4989 314 5058 (7t)
336 4987 567 5043 Scilicet
595 4985 1028 5060 Chrysostomi,
1053 4987 1156 5060 qui
1178 4987 1462 5044 audacter
1488 4990 1570 5046 ita
1599 5005 1722 5045 cor-

133 5060 296 5132 rexit.
347 5059 489 5115 Vide
531 5063 672 5115 tom.
703 5059 846 5132 νιιι,
878 5075 1018 5132 pag.
1052 5062 1187 5132 324.
1230 5060 1726 5132 Chrysostomum

130 5130 396 5211 sequitur
415 5146 577 5214 unus
593 5147 664 5187 ex
681 5130 990 5214 codicibus
1016 5130 1472 5214 Mosquensibus
1495 5132 1724 5214 N.Test.

133 5214 187 5264 α.
211 5202 313 5272 qui
346 5206 433 5256 est
456 5217 587 5256 cum
632 5202 896 5258 scholiis.
939 5202 1242 5270 Origenes,
1297 5202 1401 5275 qui
1431 5209 1578 5259 tom.
1623 5205 1724 5268 XX,

129 5271 188 5326 in
211 5273 500 5352 Joannem
533 5272 662 5328 haec
691 5275 832 5352 data
868 5289 1052 5352 opera
1105 5275 1540 5352 interpretatur,
1564 5274 1727 5330 hunc

130 5359 370 5414 versum
427 5350 617 5399 totum
682 5346 1079 5414 praetermisit.
1127 5350 1452 5404 Πεντήκοντα
1487 5352 1728 5401 servant

129 5413 326 5486 Cyrill.
362 5421 400 5470 ι.
425 5415 541 5489 _lV,
577 5431 632 5486 p.
669 5413 769 5471 585
797 5417 856 5470 C.
893 5417 1366 5489 ;_Theopbylact.
1405 5433 1461 5489 p.
1503 5419 1608 5489 690
1643 5420 1680 5472 E
1712 5434 1724 5483 ;

129 5502 382 5561 peverus
420 5487 479 5541 in
512 5488 734 5543 Catena
787 5487 1066 5555 Corderii,
1109 5487 1168 5561 p.
1191 5487 1302 5545 ’243
1353 5507 1367 5558 ;
1404 5487 1460 5546 et
1488 5488 1724 5546 codices

129 5559 502 5615 Srobatiores
531 5573 758 5615 omnes.

200 5735 279 5807 (j)
313 5735 423 5805 Qui
452 5735 660 5792 visum.
697 5737 862 5793 Forte
892 5736 1056 5808 legit,
1088 5733 1173 5793 διὸ
1212 5741 1301 5790 καὶ
1329 5737 1354 5789 ὁ
1409 5735 1720 5815 ἀναϐλέψας.

1904 4992 2017 5062 (72)
2052 4989 2286 5047 Inclusa
2325 4989 2560 5062 absunt
2593 4990 2658 5044 Α.
2694 4990 2948 5050 Κτίστης,
2979 4982 3290 5056 quomodo
3321 4984 3501 5062 etiam

1839 5058 2180 5118 Eustathius
2216 5061 2430 5124 scribit,
2461 5061 2567 5133 qui
2624 5076 2763 5116 cum
2823 5062 3008 5139 κτίτης
3033 5058 3366 5127 comparat.
3379 5071 3500 5182 Ero

1839 5134 2202 5182 substantivn
2237 5134 2486 5182 accinio.
2542 5147 2680 5182 non.
2747 5135 2807 5182 ut
2858 5134 3167 5182 interpres.
3200 5141 3310 5182 oro
3339 5142 3376 5182 8
3421 5142 3500 5182 te-

1838 5134 2202 5189 substantivo
2237 5134 2486 5206 accipio,
2542 5147 2680 5196 non,
2747 5135 2807 5186 ut
2858 5134 3167 5200 interpres,
3200 5141 3310 5197 pro
3339 5134 3501 5184 adie-

1839 5207 2017 5261 cuvo.

1909 5277 2022 5348 (73)
2042 5278 2125 5332 Ita
2151 5275 2313 5346 pleru
2325 5290 2502 5347 mque
2517 5273 2978 5344 Chrysostomus
2996 5275 3251 5333 oratorie
3270 5275 3497 5339 laudat,

1835 5348 2007 5402 Joan.
2043 5363 2201 5402 xvnl.
2234 5351 2286 5409 6,
2309 5350 2493 5400 ἔπεσον
2524 5351 2722 5418 χαμαί.

1907 5419 2296 5484 (74)Γεννητῆς.

1911 5489 2024 5559 (75)
2047 5493 2108 5542 Δὶ
2137 5489 2308 5546 abest
2346 5496 2412 5543 A.

3565 18 3620 26 ..κο
3625 18 3742 30 ι--υ-
