4088 6436
699 328 838 386 1303

2023 321 2380 383 EUTHYMII
2431 319 2758 379 ZIGABENI
3862 328 3937 389 13ῦὲ

701 461 855 512 atur.
883 453 1021 511 Vult
1047 453 1202 511 enim
1232 456 1518 520 astruere,
1561 449 1728 525 quod
1785 450 1980 520 major
2020 452 2116 516 sit,
2165 466 2315 523 qua:

2321 466 2352 505 n
2385 447 2431 502 Α
2468 447 2819 522 Βοῦλεταιγάρ
2833 448 3231 502 κατασκευάσαι
3250 448 3332 501 ὅτι
3351 448 3539 520 μείζων
3556 449 3660 502 ἐστὶ
3674 458 3749 502 τοῦ
3773 451 3935 528 Ἀεριάμ.

700 545 1001 601 Abraham
1038 560 1052 610 ;
1083 560 1225 600 nam
1257 543 1372 599 hoc
1422 542 1480 596 in
1526 540 1797 613 praesenti
1840 556 1960 596 non
2013 540 2183 606 dixit,
2227 555 2356 611 pro-

699 640 831 708 pter
855 633 1120 705 ipsorum
1154 631 1616 705 impudentiam.

772 723 1060 778 Vers.5-i.
1123 723 1302 789 Quem
1369 752 1437 760 ——
1497 720 1654 774 Vers.
1731 720 1822 776 55.
1885 734 2029 775 eum.
2099 749 2155 760 —
2225 719 2354 773 Non

700 812 1042 882 cognovistis
1081 826 1226 870 eum,
1266 815 1468 880 utpote
1503 807 1787 880 operibus
1841 807 2006 862 illum
2041 812 2351 874 negantes.

703 901 854 956 Dicit
905 900 1064 954 enim
1121 904 1178 953 et
1230 897 1550 968 Apostolus
1596 914 1610 951 :
1666 897 2028 963 Conﬁtentur
2090 911 2151 952 se
2202 910 2357 951 nosse

703 991 910 1052 Deum,
952 990 1124 1057 factis
1155 992 1349 1043 autem
1380 993 1596 1056 negant
1627 988 1697 1043 ⁷⁷.
1727 985 1826 1040 Vel
1863 986 2041 1040 etiam
2089 1000 2161 1039 eo
2191 983 2355 1056 quod

702 1093 821 1133 non
852 1076 1194 1144 agnoscatis
1218 1075 1420 1130 Filium
1475 1076 1630 1145 ejus.
1693 1073 1916 1128 Dictum
1971 1077 2059 1127 est
2119 1071 2278 1127 enim
2339 1090 2352 1127 :

701 1168 766 1222 Si
800 1181 892 1222 me
918 1165 1353 1235 cognosc-eratis,
1386 1165 1444 1220 et
1479 1165 1717 1219 Patrem
1769 1178 1953 1217 meum
2007 1161 2210 1233 utique
2266 1176 2358 1218 co-

700 1257 1057 1327 gnosceretis
1112 1256 1182 1308 ⁷⁸.
1217 1253 1315 1309 Vel
1369 1269 1441 1308 eo
1497 1255 1663 1326 quod
1723 1266 1844 1306 non
1907 1250 2150 1306 servetis
2223 1251 2354 1321 ejus

704 1359 1009 1400 sermones
1039 1362 1055 1414 ;
1089 1358 1232 1398 nam
1287 1342 1335 1397 si
1365 1340 1794 1413 cognosceretis
1823 1356 1983 1404 eum,
2015 1355 2354 1396 sermonem

703 1434 832 1505 ejus
863 1433 1191 1488 servaretis.

775 1522 935 1577 Vers.
969 1522 1057 1576 55.
1110 1522 1236 1591 Ego
1287 1525 1473 1577 autem
1532 1521 1676 1575 ηιιυί
1731 1533 1882 1574 eum.
1946 1522 2072 1574 Non
2131 1517 2351 1581 solum,

705 1627 841 1668 cum
873 1626 944 1666 ex
976 1611 1106 1682 ipso
1133 1611 1270 1673 sim,
1317 1618 1372 1664 et
1398 1608 1666 1679 ejusdem
1709 1607 2078 1670 substantiae,
2125 1613 2356 1662 natura

705 1705 761 1757 et
790 1700 1070 1765 scientiae,
1106 1701 1205 1754 sed
1254 1698 1431 1754 etiam
1484 1703 1774 1770 tanquam
1829 1711 2168 1751 sermonem
2227 1695 2355 1764 ejus
2387 1730 2430 1786 Β

706 1804 970 1846 servans.
998 1791 1142 1844 Nam
1173 1792 1230 1843 et
1260 1787 1535 1859 superius
1581 1786 1728 1840 dixit
1781 1802 1793 1840 :
1849 1786 1955 1841 Est
2009 1800 2205 1847 verax,
2255 1786 2358 1855 qui

705 1879 860 1934 misit
897 1893 1004 1942 me,
1032 1893 1203 1948 quem
1234 1892 1327 1932 vos
1359 1891 1477 1932 non
1503 1875 1719 1930 nostis:
1758 1889 1861 1944 ego
1889 1888 2024 1929 vero
2046 1874 2185 1928 novi
2203 1889 2355 1940 eum,

707 1969 848 2040 quia
876 1968 950 2022 ab
977 1983 1040 2023 eo
1068 1983 1197 2022 sum
1219 1968 1290 2018 ⁷⁸.

776 2057 918 2111 Vers
973 2061 1060 2111 55.
1120 2058 1182 2110 Et
1242 2084 1311 2096 —
1358 2054 1633 2110 mendax.
1671 2053 1786 2108 Vos
1818 2053 1977 2108 enim
2027 2051 2358 2107 mentimini

707 2146 974 2202 dicentes
1014 2145 1200 2200 Deum
1252 2149 1516 2199 vestrum
1567 2158 1720 2209 esse,
1774 2159 1909 2197 cum
1968 2158 2086 2197 non
2139 2157 2362 2210 cogno-

709 2235 888 2290 scatis
926 2251 1084 2295 eum,
1130 2239 1192 2289 ut
1250 2232 1600 2304 praedictum
1660 2239 1764 2285 est.
1823 2231 2094 2286 Notitiam
2155 2235 2357 2285 autem

707 2330 764 2380 et
792 2324 1193 2393 cognitionem
1226 2322 1385 2384 dicit,
1429 2336 1604 2375 nosse
1631 2320 1997 2392 simpliciter,
2042 2326 2097 2374 et
2141 2335 2358 2391 cogno—

709 2428 870 2468 scere
921 2412 1084 2484 quod
1143 2413 1213 2466 sit
1275 2411 1429 2464 Deus
1481 2416 1537 2464 et
1593 2409 1776 2470 Pater,
1835 2424 1950 2462 non
2040 2409 2187 2464 scire
2259 2411 2357 2463 Dei

706 2507 1002 2557 naturam.
1037 2504 1179 2556 Nam
1208 2502 1341 2570 ipsa
1377 2514 1496 2553 non
1539 2499 1737 2552 solum
1800 2499 2080 2566 cognosci
2136 2499 2354 2568 nequit,

709 2606 912 2646 verum
941 2590 1116 2644 etiam
1148 2589 1394 2644 omnino
1451 2587 1897 2654 inintelligibilis
1946 2593 2033 2642 est
2084 2594 2138 2641 et
2193 2588 2357 2642 inac-

708 2678 1017 2744 cessibilis,
1047 2694 1154 2732 nec
1194 2683 1411 2731 tantum
1444 2675 1810 2741 hominibus,
1872 2677 1976 2730 sed
2027 2681 2083 2732 et
2111 2675 2361 2732 cmlesti-

709 2768 819 2822 bus
857 2767 1190 2822 virtutibus.

781 2855 946 2910 Vers.
981 2856 1067 2910 56.
1128 2854 1238 2910 Sed
1291 2885 1357 2893 -—
1413 2869 1601 2910 servo.
1659 2852 1855 2918 Vides,
1889 2852 2050 2925 quod
2109 2854 2209 2909 Dei
2241 2869 2357 2908 ser-

708 2960 951 3000 monem
1011 2960 1266 3007 servare,
1321 2942 1558 3012 signum
1615 2943 1684 2997 sit
1737 2942 1902 3014 quod
1965 2943 2101 3014 quis
2171 2945 2354 2998 Deum

708 3039 1049 3103 cognoscat.
1083 3033 1427 3088 Timeamus
1458 3032 1654 3099 igitur,
1704 3031 1868 3104 quod
1901 3033 1996 3087 Dei
2062 3040 2358 3102 praecepta

707 3138 828 3178 non
861 3138 1185 3188 servamus,
1243 3127 1527 3192 tanquam
1558 3137 1697 3176 cum
1725 3171 1728 3173 .
1754 3122 1839 3175 eis
1894 3122 2219 3191 constituti,
2252 3120 2357 3193 qui

709 3211 896 3266 Deum
929 3212 1224 3281 ignorant.
1258 3211 1479 3266 Deinde
1523 3210 1751 3283 probat,
1801 3209 1966 3282 quod
2012 3211 2207 3281 major
2259 3210 2354 3276 sit,

706 3316 892 3373 quam
920 3301 1245 3356 Abraham.

780 3389 940 3446 Vers.
1021 3394 1106 3445 56.
1148 3390 1454 3446 Abraham
1511 3420 1580 3430 —
1631 3404 1843 3445 meum.
1902 3418 1973 3433 —
2023 3389 2357 3446 Ezsullavit

707 3479 834 3534 sive
887 3478 1245 3550 concupivit.
1280 3478 1440 3534 Diem
1481 3481 1673 3533 autem
1740 3493 1919 3532 suum
1999 3477 2143 3534 dicit
2195 3476 2358 3534 diem

705 3567 1024 3641 passionis.

778 3657 940 3712 Vers.
1001 3660 1086 3711 56.
1141 3657 1215 3710 Et
1273 3655 1443 3720 vidit,
1503 3661 1558 3712 et
1625 3656 1864 3724 gavisus
1933 3661 2038 3712 est.
2098 3655 2356 3712 Gavisus

707 3749 795 3799 est
819 3751 1054 3816 propter
1107 3743 1352 3798 salutem
1409 3743 1638 3797 mundi.
1709 3744 2123 3812 Praecognovit
2189 3761 2357 3800 nam-

706 3848 824 3904 que
864 3833 1217 3904 mysterium
1259 3833 1659 3887 crucitixionis
1703 3834 1937 3888 Christi.
1995 3834 2359 3890 Desideravit

707 3921 907 3976 videre
947 3921 1105 3975 diem
1170 3921 1356 3992 ipsius
1395 3929 1447 3976 et
1492 3921 1632 3975 vidit
1681 3921 1845 3976 illum
1901 3922 2352 3993 praeﬁguratum

706 4009 1232 4072 etatlumbratum,
1285 4010 1341 4064 in
1393 4009 1487 4063 die
1541 4026 1663 4080 quo
1711 4009 1897 4065 lilium
1950 4028 2125 4066 suum
2189 4012 2355 4068 [saac

705 4099 918 4154 obtulit
957 4099 1014 4154 in
1040 4098 1478 4154 holocaustum.
1528 4099 1728 4154 Didicit
1770 4101 1949 4163 enim,
1997 4102 2154 4172 quod
2208 4103 2356 4158 sicut

706 4189 836 4260 ipse
886 4204 1004 4242 non
1077 4189 1338 4259 pepercit
1385 4205 1495 4243 suo
1556 4190 1770 4243 dilecto
1842 4198 2084 4260 propter
2141 4192 2352 4257 Deum,

2467 544 2701 607 Φανερῶς
2757 541 2854 612 γὰρ
2882 545 2970 590 νῦν
3003 537 3096 590 οῦκ
3128 534 3234 591 εἷπε
3264 546 3413 590 τοῦτο
3441 534 3476 591 δ
3483 542 3536 590 ιὰ
3563 543 3645 596 τήν
3678 538 3940 612 baiolum-ri

2469 627 2532 679 αὖ
2538 636 2636 679 τῶν
2645 667 2658 680 .

2536 717 2630 768 ’ον
2690 747 2759 758 -
2814 716 2990 768 αὐτόν.
3053 747 3120 757 -
3161 716 3273 769 Οῦκ
3329 715 3579 788 ἐγνώκατε
3632 718 3782 783 αὑτὸν,
3814 724 3940 784 aui;

2467 810 2634 880 ἔργοις
2680 805 2979 878 ἀρνούμενοι
3027 805 3199 858 αὐτόν.
3256 812 3391 864 Φησὶ
3447 809 3550 878 γὰρ
3600 811 3682 857 καὶ
3729 809 3940 862 ὸἏπιάςτι.

2465 894 2546 953 λος
2628 897 2708 946 ὅτι
2754 900 2883 947 Θεὸν
2940 895 3282 967 ὁμολογοῦσιν
3340 892 3556 962 εἰδέναι,
3606 904 3704 957 τοῖς
3757 894 3802 949 δὲ
3850 903 3943 969 397:1;

2469 980 2763 1053 ἀρνοῦνται.
2828 982 2895 1036 Ἦ
2954 990 3038 1037 καὶ
3098 988 3162 1045 ὡς
3213 989 3284 1057 μὴ
3342 983 3613 1056 ἄγνωκὸτες
3659 990 3735 1036 τὸν
3781 989 3866 1040 Tibi
3897 994 3941 1040 re

2467 1080 2578 1125 τοῦ.
2635 1078 2917 1145 Προείρηκε
2981 1077 3081 1148 γὰρ
3145 1077 3226 1126 ὅτι
3283 1075 3343 1126 Ei
3417 1073 3507 1146 ἆμὶ
3585 1071 3758 1146 ᾔδειτε,
3805 1083 3867 1128 καὶ
3901 1099 3938 1128 τει

2469 1165 2676 1232 Πατέρα
2735 1181 2836 1231 μου
2894 1158 3070 1234 ᾔδειτε
3125 1164 3205 1215 ἄν.
3269 1162 3332 1216 Ἢ
3396 1165 3463 1223 ὡς
3520 1169 3591 1235 μὴ
3653 1171 3868 1234 τηροῦντες
3902 1172 3940 1217 re

2466 1248 2617 1318 λόγον
2641 1251 2821 1303 αὐτοῦ·
2855 1251 2899 1304 εἰ
2921 1255 3022 1323 γὰρ
3056 1249 3231 1324 ᾔδειτε
3262 1253 3438 1317 αὐτὸν,
3464 1251 3684 1326 ἐτηρεῖτε
3708 1253 3759 1304 οἷν
3780 1258 3841 1305 τὸν
3863 1257 3938 1326 λῳ

2468 1358 2650 1393 αυτου.

2542 1516 2675 1588 Ἐγὼ
2706 1513 2766 1570 δι
2797 1514 2884 1570 οἶδ
2889 1537 2922 1569 α
2960 1519 3134 1574 αὑτὸν.
3182 1522 3257 1572 Οῦ
3287 1525 3442 1592 μόνον
3489 1521 3556 1580 ὡς
3585 1519 3634 1582 ἐξ
3662 1520 3795 1572 αὐτοῦ
3817 1529 3874 1572 mi
3898 1531 3939 1577 ri;

2467 1607 2626 1667 αὐτῆς
2656 1607 2842 1668 οὐσίας
2871 1612 2960 1658 καὶ
2987 1611 3186 1679 φύσεως
3214 1614 3303 1662 καὶ
3329 1616 3577 1681 γνώσεως
3605 1614 3687 1674 ὧν,
3715 1609 3817 1661 ἀλλὰ
3844 1616 3940 1666 ιαὼς

2467 1695 2722 1766 τὸνλόγον
2749 1696 2909 1748 αὑτοῦ
2935 1706 3125 1768 τηρῶν.
3163 1703 3261 1751 Καὶ
3293 1698 3468 1751 ὀπίσω
3499 1696 3560 1751 δέ
3591 1695 3733 1762 εἶπεν,
3767 1702 3825 1750 ὅτι
3845 1701 3938 1750 Ἒςτιι

2467 1785 2666 1846 ἀληθὴς
2696 1786 2810 1855 (66)
2840 1787 2865 1837 ὸ
2889 1785 3097 1858 πέμψας
3134 1806 3216 1858 με,
3247 1787 3302 1839 ὃν
3347 1789 3498 1859 ὑμεῖς
3530 1788 3624 1840 οῦκ
3647 1784 3813 1855 οἴδατε,
3840 1786 3938 1857 {7-i-

2468 1871 2592 1926 οἶδα
2624 1874 2799 1944 αὐτὸν,
2835 1878 2911 1927 ὃτι
2944 1876 3067 1950 παρ’
3100 1876 3260 1930 αὑτοῦ
3291 1877 3426 1949 εἰμι,

2545 2057 2645 2104 Καὶ
2700 2083 2768 2094 -
2823 2052 3073 2124 ψεύστης.
3132 2051 3397 2108 Ψεύδεσθε
3459 2058 3564 2127 γὰρ
3636 2057 3764 2127 ὑμεῖς
3816 2056 3935 2122 imis,-

2470 2141 2693 2211 6::(67)
2747 2145 2871 2202 Θεὸς
2921 2144 3063 2215 ὑμῶν
3117 2142 3276 2204 ἔστιν,
3320 2145 3380 2196 οῦ
3434 2147 3540 2216 γὰρ
3605 2143 3818 2215 ἔγνὼκιττι
3849 2147 3921 2195 sia:

2471 2235 2541 2292 ὡς
2595 2238 2919 2306 προείρηται.
2981 2230 3202 2292 Είδησιν
3277 2231 3336 2287 δε
3403 2240 3496 2287 καὶ
3569 2241 3748 2306 γνῶσίν
3801 2253 3930 2304 φηςιή

2471 2318 2663 2374 εἰδέναι
2688 2327 2776 2374 καὶ
2806 2329 3080 2393 γινώσκειν
3110 2323 3279 2383 ἁπλῶς
3309 2326 3388 2376 ὃτι
3418 2323 3542 2377 ἐστὶ
3585 2328 3703 2386 Θεὸς
3733 2329 3802 2375 καὶ
3835 2330 3928 2376 lin;

2469 2410 2528 2463 οὐ
2569 2415 2671 2481 μὴν
2711 2415 2804 2468 τὴν
2837 2411 2948 2480 (68)
2980 2419 3075 2471 τῆς
3105 2414 3304 2482 φύσεως
3351 2420 3448 2464 τοῦ
3501 2420 3655 2466 Θεοῦ.
3699 2415 3812 2469 Δῦτι
3839 2431 3923 2480 714:.

2470 2505 2622 2572 μόνον
2670 2501 2952 2571 ἄγνωστος,
3008 2499 3135 2552 ἀλλά
3185 2507 3274 2552 καὶ
3326 2501 3595 2564 παντελῶς
3646 2500 3915 2558 ἀνεννὸετθςτε

2473 2587 2893 2661 ἀνεπιχείρητος,
2924 2594 3014 2641 καὶ
3045 2589 3103 2641 οῦ
3134 2594 3286 2662 μόνον
3318 2589 3636 2664 ἀνθρώποις,
3677 2590 3790 2643 ἀλλὰ
3810 2609 3855 2641 κε
3871 2595 3910 2644 τέέ

2471 2678 2732 2750 οὐρανίαις
2773 2675 3076 2750 δυνάμεσιν.

2544 2855 2683 2910 Ἀλλ’
2707 2886 2775 2896 -
2803 2864 2966 2930 τηρῶ.
2989 2861 3141 2928 Ὁρᾷς
3157 2857 3238 2908 ὅτι
3258 2859 3316 2908 τὸ
3343 2859 3430 2909 τὸν
3454 2857 3609 2929 λόγον
3635 2865 3719 2910 τοῦ
3744 2861 3933 2924 animi;

2474 2949 2687 3017 σημεῖὸν
2715 2945 2831 2996 ὶοτι
2854 2953 2944 2996 τοῦ
2972 2942 3163 2997 εἰδέναι
3189 2945 3365 2998 αὑτὸν.
3386 2946 3704 3020 Φαϐηθὼμεν
3728 2948 3937 2998 τοίνωιὶτι

2471 3033 2671 3094 ἐντολὰς
2700 3039 2790 3085 τοῦ
2827 3038 2954 3086 Θεοῦ
2985 3037 3056 3104 μὴ
3105 3033 3467 3104 φυλάττοντες,
3502 3037 3574 3096 ὡς
3605 3041 3853 3107 ταττόμενοι

2471 3132 2569 3174 τῶν
2602 3121 2920 3194 ἀγνοούντων
2966 3127 3052 3174 τὸν
3093 3127 3239 3177 Θεὸν.
3283 3120 3410 3176 Εἶτα
3449 3126 3806 3185 κατασκευάζει
3833 3131 3886 3172 καὶ
3909 3123 3938 3167 ἑτέ

2469 3212 2660 3284 μείζων
2693 3211 2806 3263 ἔστὶ
2836 3219 2926 3263 τοῦ
2961 3211 3218 3285 Ἀϐραάμ.

2544 3299 2781 3375 Ἀϐραὰμ
2839 3331 2906 3340 -
2963 3299 3105 3372 ἀμήν.
3169 3331 3237 3341 -
3299 3301 3701 3373 Ἢγαλλιάσατο,
3745 3306 3861 3372 ἤγουν
3893 3297 3942 3347 in

2471 3392 2724 3462 θύμησεν.
2799 3389 3044 3463 [Ἡμέραν
3115 3390 3227 3461 (69)
3283 3387 3340 3443 δε
3412 3391 3580 3445 αὐτοῦ
3636 3391 3757 3462 λέγει
3809 3394 3871 3445 τὴν

2471 3487 2722 3552 σταυροῦ.

2542 3663 2642 3711 Καὶ
2699 3653 2826 3720 εἶδε,
2875 3662 2961 3710 καὶ
3017 3656 3210 3732 ἇχάρη.
3270 3658 3475 3732 Ἐχάρη
3528 3655 3620 3712 διὰ
3665 3664 3747 3718 τὴν
3787 3659 3943 3724 συπρα]

2466 3755 2558 3799 τοῦ
2607 3751 2829 3818 κόσμου.
2880 3751 3137 3818 Προγνοῦς
3177 3750 3278 3820 γὰρ
3331 3750 3389 3800 τὸ
3447 3755 3730 3821 μυστήριον
3775 3754 3945 3804 nich

2467 3842 2674 3909 ρώσεως
2717 3843 2808 3886 τοῦ
2873 3843 3106 3908 Χριστοῦ
3158 3834 3507 3910 ἐπεθύμησεν]
3566 3835 3687 3890 ἰδεῖν
3733 3841 3808 3892 τὴν
3837 3835 3945 3902 ἐμέὲει

2467 3926 2648 3992 αὑτοῦ,
2710 3930 2800 3976 καὶ
2849 3920 2982 3976 εἶδεν
3032 3925 3187 3982 αὐτὴν
3246 3923 3267 3997 [
3319 3927 3857 4000 προσκιαγραφηθιίσαν
3891 3923 3946 3984 [iii-

2465 4012 2578 4085 καὶ]
2609 4009 2643 4064 δ
2650 4014 3030 4065 ιατυπωθείσαν
3061 4012 3109 4064 ἐν
3151 4021 3212 4084 τῇ
3261 4016 3430 4085 ἣμερα
3460 4016 3580 4067 καθ’
3612 4018 3668 4073 ἦν
3697 4012 3881 4080 ἀνήνεγκε
3909 4024 3946 4054 τες

2467 4106 2578 4155 υἱὸν
2618 4102 2777 4154 αὐτοῦ
2826 4120 2911 4153 τον
2941 4103 3126 4155 Ἰσαὰκ
3178 4103 3251 4163 εἰς
3302 4102 3679 4175 ὸλοκάρπωσιν,
3721 4101 3868 4170 Ἐμαὸε
3897 4097 3945 4161 7%:

2468 4195 2569 4258 ὃτι,
2619 4194 2792 4260 ὥσπερ
2842 4190 2992 4251 αὐτὸς
3042 4191 3134 4243 οὐκ
3175 4194 3412 4263 ἐφείσατο
3469 4202 3564 4245 τοῦ
3612 4193 3718 4244 υἱοῦ
3765 4189 3878 4242 αὐτοὺ
3904 4202 3944 4232 πα

705 4277 785 4333 ita
823 4293 1018 4348 neque
1059 4277 1208 4332 Deus
1252 4279 1581 4348 parciturus
1635 4283 1791 4333 esset
1855 4278 1995 4334 Filio
2051 4295 2160 4334 suo
2211 4280 2319 4334 (lile

2327 4310 2358 4321 -
2395 4265 2436 4320 Β
2471 4280 2744 4351 ἀγαπητοῦ
2781 4275 2874 4332 διὰ
2912 4283 2998 4331 τὸν
3038 4283 3186 4346 Θεὸν,
3239 4280 3399 4341 οὕτως
3442 4278 3569 4334 οὐδε
3619 4282 3643 4332 ὁ
3678 4282 3778 4338 Θεὸς
3809 4281 3941 4347 attriti?

707 4373 800 4423 cto
832 4375 1071 4438 prOpter
1096 4367 1423 4421 hominem.
1461 4369 1523 4422 Et
1549 4367 2068 4438 quemadmodum
2100 4369 2198 4423 ille
2225 4385 2356 4438 por-

706 4458 847 4513 tavit
887 4455 1044 4528 ligna
1078 4455 1405 4510 holocauin
1472 4456 1580 4523 sui,
1649 4457 1726 4511 ita
1779 4462 1833 4510 et
1862 4457 1986 4527 ipse
2019 4464 2358 4528 portaturus

706 4550 858 4600 esset
895 4545 1127 4614 lignum
1169 4545 1372 4599 mortis
1411 4560 1553 4598 suae.
1600 4546 2036 4610 Verumtamen,
2073 4547 2222 4601 sicut
2260 4547 2358 4602 illo

705 4649 823 4688 non
866 4650 1048 4705 passo
1080 4633 1421 4705 suppositus
1453 4639 1538 4688 est
1577 4633 1730 4688 aries
1769 4650 1780 4688 :
1815 4634 1895 4689 ita
1953 4640 2010 4690 et
2061 4634 2175 4690 hoc
2227 4652 2360 4692 ma-

705 4728 883 4778 nente
913 4722 1288 4796 impassibili,
1320 4721 1668 4777 humanitas
1693 4725 1822 4793 ejus
1846 4723 2044 4778 occisa
2063 4731 2170 4778 est.
2187 4725 2359 4789 Quod

710 4810 760 4864 si
785 4810 941 4866 diem
974 4813 1101 4881 ejus
1131 4811 1332 4866 videre
1363 4810 1737 4875 desideravit,
1781 4810 1987 4884 utique
2034 4812 2147 4868 hoc
2209 4819 2353 4884 erat,

709 4902 999 4969 tanquam
1040 4901 1310 4971 majoris.

781 5111 1126 5180 "Tit.l,16.
1227 5113 1734 5183 "Joan.v1u,t9.
1813 5117 2172 5182 "Joan.vu,
2201 5120 2289 5174 26.

2470 4379 2560 4422 τοῦ
2593 4371 2714 4422 Υίοῦ
2745 4368 2904 4420 αὐτοῦ
2943 4375 3034 4420 τοῦ
3064 4366 3338 4439 ἀγαπητοῦ
3379 4365 3414 4421 δ
3420 4372 3475 4421 ιὰ
3503 4373 3587 4422 τὸν
3630 4370 3864 4440 ἄνθρωπον,
3895 4365 3939 4410 Ii:

2471 4462 2643 4529 ὥσπερ
2720 4458 2869 4519 οὗτος
2916 4455 3174 4509 ἐϐάστασε
3223 4461 3288 4510 τὰ
3333 4457 3461 4520 ξύλα
3516 4467 3613 4520 τῆς
3665 4457 3938 4525 ὁλοκαρπώπδέ

2473 4549 2650 4612 αὐτοῦ,
2693 4547 2828 4598 οὕτω
2854 4544 3087 4606 κάκεῖνος
3135 4543 3394 4618 βαστάσει
3424 4550 3479 4599 τὸ
3508 4547 3653 4610 ξύλον
3691 4552 3770 4597 τοῦ
3813 4540 3935 4593 Θεηὲει

2469 4639 2646 4689 αὐτοῦ.
2703 4635 2839 4693 Πλὴν
2891 4636 3124 4706 καθάπερ
3185 4637 3370 4688 τούτου
3435 4640 3693 4707 μείναντος
3742 4631 3899 4684 ἀπαθῶς

2467 4728 2612 4797 κριὸς
2663 4723 2841 4787 ἐτύθη.
2909 4724 3044 4776 οὕτω
3095 4722 3330 4776 κάκείνου
3402 4728 3638 4796 μένοντος
3700 4721 3875 4774 ἀπαθοῦς

2468 4813 2784 4887 ἀνθρώπινον
2851 4812 3010 4865 αὑτοῦ
3079 4813 3567 4884 σφηιασθὴσεται.
3643 4811 3698 4866 Εἰ
3759 4805 3807 4862 δί
3845 4801 3961 4857 ἑτιὲνέ

2467 4921 2631 4975 μησεν
2681 4897 2810 4954 ἰδεῖν
2861 4906 2954 4960 τὴν
3012 4902 3208 4973 ἡμέραν
3270 4900 3450 4973 αὐτοῦ,
3515 4905 3585 4964 ὡς
3630 4901 3830 4974 μείζονος
3872 4909 3922 4942 π’

2467 5011 2586 5052 τως.

1932 5293 2146 5362 Variae
2183 5293 2514 5363 lectiones
2557 5305 2620 5362 et
2664 5302 2863 5361 notae.

779 5451 890 5527 (66)
927 5453 989 5508 In
1033 5455 1330 5527 contextu,
1359 5452 1475 5527 illo
1504 5451 1564 5508 in
1600 5452 1728 5527 loco
1772 5454 1954 5527 codd.
2007 5455 2356 5527 Euthymius

708 5521 933 5597 habent
985 5523 1296 5597 vulgatum
1352 5523 1612 5597 ἀληθινός.
1675 5525 1787 5597 sed
1838 5521 2357 5597 Chrysostfrefert

711 5593 1089 5668 aduenie'l‘om.
1124 5593 1263 5659 Vlll,
1285 5610 1352 5668 _p.
1386 5596 1509 5665 294,
1533 5597 1658 5663 295,
1691 5593 2022 5668 aliquoties.

777 5667 891 5737 (67)
915 5665 975 5718 Ὁ
1004 5665 1322 5737 interponit
1351 5670 1417 5721 Α.

778 5735 890 5809 (68)
959 5742 1063 5796 Τήν
1145 5735 1314 5793 ἐώθει
1386 5742 1452 5793 Α.
1543 5736 1810 5793 Refertur
1875 5737 1944 5794 ad
2013 5736 2218 5799 εἴδησιν
2266 5745 2354 5795 καὶ

2467 5464 2679 5527 γνῶσιν.

2563 5529 2651 5594 69)
2693 5525 2921 5580 Inclusa
2945 5523 3166 5580 absunt
3192 5525 3258 5578 Α.

2564 5575 2650 5660 ibi
2693 5575 3288 5654 mensam—[.11.
3321 5597 3541 5655 ibidem
3573 5597 3768 5668 legitur,
3799 5575 3913 5659 τριὸιέ·

2470 5671 2816 5723 θυπωθείσαν.
