4088 6442
158 331 302 390 1305

1244 330 1590 388 COMMENT
1628 331 1698 388 IN
1735 330 2085 388 JOANNEM.
2127 362 2196 373 —
2232 332 2389 387 CAP.
2434 329 2530 387 IX.

3384 331 3406 385 1
3418 331 3523 388 306

231 464 332 514 Καὶ
362 491 431 500 -—
459 457 687 532 ἑώρακας
713 474 727 526 ;
754 456 941 531 ’ᾩοντο
967 458 1069 530 γὰρ
1101 456 1253 510 αὑτὸν
1284 455 1439 528 ἔγγὺς
1467 455 1595 511 εἶναι
1634 477 1746 510 πεν-

1936 457 2100 512 Vers.
2135 459 2222 512 57.
2249 457 2422 510 Et—
2471 455 2672 512 vidisti
2724 453 2753 510 7
2805 453 3102 511 Putabant
3164 454 3323 511 enim
3380 471 3519 512 eum

157 554 384 608 τήκοντα
434 547 555 600 ἐτῶν
605 545 700 600 διὰ
748 552 843 604 τὴν
898 547 1235 618 πολυπειρίαν
1291 547 1471 600 αὐτοῦ.
1518 549 1646 600 Τινὰ
1695 542 1754 598 δὲ

158 647 256 690 τῶν
310 639 422 709 (7t)
475 637 800 712 ἀντιγράφων
840 638 1234 710 τεσσαράκοντα
1273 638 1586 711 γράφουσιν,
1629 637 1752 708 ὅπερ

159 723 306 780 δοκεῖ
331 726 710 800 ἀκριϐέστερον.

231 902 380 958 Εἶπεν
432 936 500 945 -
555 904 679 966 εἰμι.
729 904 818 966 Ὠς
883 908 1032 966 Θεός.
1089 909 1189 958 Καὶ
1246 903 1340 956 οὐκ
1398 900 1556 970 εἶπεν,
1619 901 1754 973 Ἐγὼ

157 997 318 1066 ἤμην,
396 992 501 1045 ἀλλ’
562 994 692 1064 Ἐγώ
744 994 851 1066 εἰμι
893 996 919 1046 ὁ
980 992 1058 1046 ἀεὶ
1121 998 1207 1044 ὢν.
1240 996 1310 1045 Τό
1335 995 1424 1058 μεν
1473 989 1561 1044 οὖν
1619 994 1754 1062 γενέ-

159 1085 286 1135 σθαι
345 1086 694 1136 κτιστοῦοτό
789 1079 848 1135 δε
913 1083 1033 1155 Εἰμὶ
1112 1080 1362 1134 ἀκτίστου
1412 1082 1430 1152 [
1486 1085 1575 1134 καὶ
1637 1082 1752 1152 (72)

155 1177 374 1225 κτίστου

229 1261 394 1337 Ἥραν
432 1289 486 1302 -ι
535 1261 712 1314 αὐτόν.
770 1263 836 1314 Οἱ
870 1268 1053 1333 ταχεῖς
1093 1264 1220 1334 πρὸς
1249 1265 1396 1332 φόνον
1427 1281 1439 1293 ·
1470 1259 1751 1334 Ἠγρίαναν

155 1353 258 1423 γὰρ
308 1347 552 1413 δόξαντες
602 1349 918 1422 ὑϐρισθῆναι
960 1354 1046 1402 τὸν
1105 1348 1342 1425 Ἀϐραὰμ
1385 1367 1396 1378 '
1432 1349 1542 1421 ἅμα
1571 1346 1630 1402 δὲ
1662 1353 1752 1401 καὶ

153 1446 361 1510 γνόντες
390 1441 469 1492 ὅτι
499 1436 778 1498 ἀιδιότητα
816 1447 948 1493 Θεοῦ
974 1441 1302 1512 περιτίθησιν
1329 1439 1511 1509 ἑαυτῷ.

229 1617 436 1679 Ἰησοῦς
493 1615 552 1672 δε
599 1617 814 1691 ἐκρύϐη.
860 1619 1110 1692 Ἀόρατος
1167 1617 1346 1679 αὐτοῖς
1405 1621 1629 1675 κατέστη
1683 1624 1745 1688 τῇ

152 1707 370 1780 ἐξουσίᾳ
399 1715 490 1768 τῆς
530 1709 789 1768 θεότητος.

230 1801 330 1850 Καὶ
363 1800 521 1872 ἱεροῦ.
548 1803 658 1850 ἰνα
685 1795 990 1856 κατασταλῆ
1025 1798 1050 1848 ό
1084 1798 1246 1868 θυμός
1274 1796 1463 1851 αὐτῶν.

225 1975 441 2028 Διελθὼν
471 2006 539 2015 -
568 1975 758 2028 αὐτῶν.
813 1981 899 2034 Μὴ
945 1975 1242 2047 ἰσχυόντων
1274 1971 1403 2027 ἰδεῖν
1443 1975 1616 2030 αὐτόν.
1653 1981 1749 2031 Καὶ

149 2063 302 2118 διατί
353 2064 447 2116 οὐκ
505 2063 736 2128 ἐξέλυσεν
767 2064 934 2117 αὐτῶν
974 2069 1067 2122 τὴν
1117 2061 1339 2136 δύναμιν
1382 2069 1472 2117 καὶ
1529 2072 1756 2136 φανερῶς

150 2153 458 2226 ἀνεχώρησε
479 2170 492 2219 ;
527 2159 668 2206 Διότι
685 2156 794 2206 οὔθ’
817 2155 976 2215 οὕτως
998 2153 1200 2225 ἔμελλον
1229 2155 1511 2207 πιστεύειν.
1535 2156 1747 2226 Καὶγὰρ

149 2244 203 2296 ἐν
231 2252 300 2314 τῷ
329 2251 494 2317 καιρῷ
526 2251 618 2294 τοῦ
678 2245 882 2304 Πάθους
928 2245 1140 2304 ὑπτίους
1172 2244 1284 2312 (73)
1336 2243 1520 2303 αὐτοὺς
1548 2242 1744 2317 ἔρριψε,

149 2339 243 2386 καὶ
273 2337 366 2385 τὰς
386 2332 527 2403 ὄψεις
558 2332 725 2384 αὐτῶν
748 2331 1008 2395 ἐσκότισε,
1049 2338 1139 2384 καὶ
1169 2333 1261 2384 οὐκ
1291 2330 1622 2386 ἐπίστευσαν,
1645 2332 1745 2384 05-

151 2417 242 2473 δεν
271 2423 368 2494 γὰρ
400 2428 579 2492 χεῖρον
609 2419 797 2492 ψυχῆς
830 2419 1207 2492 ἀπεγνωκυίας.
1266 2418 1371 2473 Κᾶν
1417 2423 1518 2494 γὰρ
1554 2427 1748 2492 σημεῖα

148 2507 271 2584 ἴδη,
297 2509 391 2562 κᾶν
421 2514 631 2584 τέρατα,
661 2514 798 2582 μένει
827 2514 920 2569 τὴν
948 2510 1109 2569 αὐτὴν
1152 2513 1357 2584 ἔχουσα
1385 2509 1537 2563 πάλιν
1565 2509 1747 2562 ἀναισ-

146 2621 256 2673 χυν
265 2604 393 2654 τίαν.

228 2694 326 2742 Καὶ
354 2697 586 2762 παρῆγεν
608 2690 791 2751 οὕτως.
822 2688 1093 2752 Ἐϐάδιζεν
1133 2691 1309 2756 οὕτως,
1344 2695 1416 2763 μὴ
1451 2694 1746 2763 φαινόμενος

147 2778 348 2840 αὐτοῖς.

402 2873 547 2921 ΚΕΦ.
591 2865 643 2922 1’.
671 2873 794 2942 Περὶ
822 2875 914 2921 τοῦ
953 2868 1009 2922 ἐκ
1046 2878 1249 2940 γενετῆς
1279 2868 1492 2941 τυφλοῦ.

224 2961 324 3010 Καὶ
353 2988 422 2997 —
449 2966 674 3028 γενετῆς.
701 2957 923 3010 Βεϐαιῶν
953 2957 988 3010 ἃ
1017 2955 1144 3023 εἷπε,
1175 2963 1264 3011 καὶ
1293 2961 1632 3030 πιστούμενος
1665 2960 1744 3010 ὅτι

149 3050 275 3106 Θεός
323 3045 484 3111 ἔστιν,
541 3046 691 3106 εὐθὺς
721 3049 935 3120 ἔρχεται
982 3045 1066 3099 ἐπὶ
1120 3049 1296 3118 θαῦμα
1346 3051 1614 3118 μέγιστον,
1655 3051 1743 3097 καὶ
1777 3061 1815 3115 C

149 3141 306 3204 μήπω
389 3139 554 3207 μέχρι
602 3140 718 3187 τότε
771 3140 1058 3206 γενόμενον.
1117 3133 1310 3207 Τυφλοὶ
1357 3139 1446 3207 μὲν
1498 3139 1598 3208 γὰρ
1655 3140 1744 3186 καὶ

149 3223 296 3276 ἄλλοι
353 3223 630 3294 ἀνέϐλεψαν
675 3239 687 3252 ·
729 3223 918 3294 τυφλός
973 3220 1032 3276 δε
1089 3222 1137 3276 ἕν
1184 3233 1390 3294 γενετῆς
1421 3225 1531 3294 (74)
1571 3219 1742 3284 οὐδεὶς

147 3315 282 3386 ἄχρι
301 3320 435 3366 τότε.
476 3316 562 3365 Διὸ
591 3317 681 3364 καὶ
707 3309 996 3382 ἀναϐλέψας
1027 3311 1192 3384 ἔλεγεν
1243 3332 1255 3344 ·
1292 3313 1378 3366 Ἐκ
1408 3321 1498 3365 τοῦ
1557 3313 1744 3372 αἰῶνος

147 3403 239 3456 οὐκ
269 3403 506 3460 ἠκούσθη
533 3403 612 3452 ὅτι
659 3400 829 3463 ἤνοιξε
853 3420 928 3461 τις
967 3400 1259 3473 ὀφθαλμοὺς
1287 3402 1479 3473 τυφλοῦ
1507 3420 1743 3472 γεγεννη-

147 3509 236 3564 μεν
243 3509 301 3542 ου
311 3531 322 3543 .

225 3761 322 3810 Καὶ
380 3787 447 3798 -—
497 3759 716 3830 γεννηθῇ
749 3757 1074 3832 ;“Ερωτῶσιν
1141 3759 1245 3830 οὐχ
1300 3761 1369 3820 ὡς
1416 3765 1570 3812 τοῦτο
1619 3761 1745 3812 πάν-

147 3865 245 3907 τως
300 3847 329 3905 ἣ
391 3848 549 3898 έκεῖνο
614 3846 1078 3920 ὑπολαμϐάνοντες,
1133 3849 1365 3922 καθάπερ
1420 3851 1469 3900 οἱ
1534 3847 1744 3908 ἀνόητοι

148 3933 400 3989 Ἰουδαῖοι
427 3950 442 3965 °
468 3940 525 3989 τὸ
554 3939 646 4007 μεν
695 3938 797 4010 γὰρ
855 3936 1102 4010 ἁμαρτεῖν
1154 3941 1252 4010 πρὸ
1313 3945 1404 3990 τοῦ
1434 3940 1744 4009 γεννηθῆναι

147 4021 425 4093 ἀδύνατον,
458 4029 516 4077 τό
548 4021 607 4078 δὲ
631 4027 758 4100 ὑπερ
790 4034 890 4077 τῶν
917 4031 1106 4097 γονέων
1150 4026 1466 4087 κολάζεσθαι
1517 4024 1702 4080 ἄδικον
1727 4044 1740 4058 ο

145 4112 252 4166 ἀλλ’
285 4117 428 4166 ἔστιν
461 4115 486 4167 ό
514 4119 710 4177 σκοπὸς
758 4122 849 4168 τοῦ
878 4114 1035 4186 λόγου
1059 4123 1312 4176 τοιοῦτος.
1369 4115 1427 4167 Ὁ
1452 4119 1541 4187 μεν
1573 4119 1744 4191 παρά-

141 4203 294 4265 λυτος
326 4200 419 4256 διὰ
461 4206 553 4266 τὰς
598 4203 855 4277 ἁμαρτίας
907 4206 1066 4256 αὑτοῦ
1121 4205 1346 4272 ἠσθένει,
1405 4206 1578 4265 καθὼς
1643 4204 1747 4257 ἐκεῖ

143 4295 516 4365 μεμαθήκαμεν
567 4311 582 4327 ο
633 4297 750 4365 περὶ
800 4296 980 4345 τούτου
1022 4289 1080 4345 δὲ
1135 4293 1246 4360 ('75i
1286 4298 1340 4344 τί
1391 4293 1554 4364 λέγεις
1596 4309 1610 4359 ;
1661 4298 1745 4354 Τίς

1864 544 2047 602 ferme
2103 560 2236 600 esse
2285 544 2892 618 quinquagenarium,
2972 548 3214 616 propter
3267 544 3519 600 multam

1863 635 1996 708 ejus
2039 635 2313 707 peritiam
2363 640 2419 691 et
2463 635 2908 706 experientiam.
2980 633 3262 699 Quaedam
3318 639 3518 690 autem

1865 724 2230 795 exemplaria
2299 723 2539 788 habent,
2589 723 3018 795 quadraginta,
3063 722 3240 796 .quod
3289 722 3522 779 videtur

1863 828 1990 869 esse
2021 813 2232 869 verius.

1935 903 2095 957 Vers.
2175 905 2260 958 58.
2315 902 2487 958 Dixit
2552 932 2621 941 —
2686 903 3179 973 sum.Tanquam
3225 901 3399 956 Deus.
3457 901 3522 956 Et

1862 1005 1977 1046 non
2031 991 2198 1055 dixit,
2262 993 2382 1060 Ego
2423 1006 2587 1046 eram
2630 990 2808 1061 ;sed,
2858 991 2984 1060 Ego
3008 1005 3156 1057 sum,
3213 991 3313 1061 qui
3367 1005 3524 1046 sem-

1860 1097 1967 1151 per
1998 1097 2154 1136 sum.
2186 1081 2326 1137 Fieri
2355 1080 2646 1152 siquidem
2677 1080 2759 1135 rei
2791 1085 3002 1135 creatae
3031 1083 3151 1146 est;
3181 1080 3325 1136 Sum
3358 1095 3518 1143 vero,

1859 1169 2136 1226 increataa
2198 1175 2254 1225 et
2281 1175 2512 1226 creatae.

1931 1261 2093 1315 Vers.
2130 1260 2214 1315 59.
2257 1261 2547 1315 Tulerunt
2584 1291 2647 1300 --
2680 1275 2828 1315 eum.
2853 1258 3100 1315 Veloces
3164 1257 3242 1314 ad
3272 1258 3516 1315 caedem.

1863 1349 2200 1420 Exasperati
2233 1355 2372 1405 sunt
2424 1349 2582 1404 enim
2632 1354 2910 1418 putantes
2957 1347 3175 1418 injuria
3239 1347 3517 1404 affectum

1861 1455 1992 1494 esse
2050 1439 2354 1495 Abraham
2407 1456 2420 1491 :
2463 1438 2638 1494 simul
2686 1438 2883 1503 etiam,
2943 1437 3044 1494 ubi
3098 1437 3520 1508 cognovissent

1861 1527 2025 1600 quod
2056 1528 2153 1584 Dei
2185 1527 2565 1583 aeternitatem
2601 1527 2712 1582 sibi
2744 1527 3090 1583 vindicaret.

1933 1618 2098 1673 Vers.
2129 1619 2220 1675 59.
2251 1619 2411 1672 Jesus
2450 1624 2643 1672 autem
2667 1618 2997 1673 occultatus
3037 1623 3139 1672 est.
3170 1617 3279 1672 Per
3307 1616 3520 1672 divini-

1861 1709 1994 1765 tatis
2019 1708 2348 1781 potentiam
2378 1707 2687 1763 invisibilis
2739 1708 2824 1763 eis
2859 1707 3125 1763 effectus.

1786 1817 1827 1872 Β
1934 1799 2098 1852 Vers.
2125 1799 2214 1852 59.
2258 1798 2336 1853 Et
2366 1829 2432 1838 —-
2481 1797 2708 1866 tempto.
2768 1799 2835 1852 Ut
2891 1795 3128 1852 illorum
3161 1797 3395 1853 sedaret
3427 1796 3515 1851 fu-

1863 1903 1993 1943 rore
2001 1903 2056 1942 m
2067 1927 2078 1939 .

1933 1977 2098 2032 Vers.
2125 1981 2211 2033 59.
2246 1976 2645 2033 Pertransiens
2690 2006 2756 2017 —
2784 1976 3046 2031 illorum.
3081 1977 3222 2032 Cum
3257 1974 3337 2030 illi
3377 1991 3514 2030 eum

1860 2066 2059 2122 videre
2103 2082 2221 2121 non
2268 2070 2536 2138 possent.
2603 2067 2667 2120 Et
2707 2081 2893 2136 quare
2925 2080 3047 2119 non
3106 2065 3370 2120 dissolvit
3401 2064 3520 2120 illo-

1858 2171 1993 2211 rum
2024 2155 2322 2220 virtutem,
2357 2161 2413 2210 et
2474 2153 2789 2210 manifeste
2863 2153 3104 2209 recessit
3149 2153 3176 2208 ?
3223 2154 3367 2219 Quia
3410 2169 3519 2209 nec

1860 2245 1944 2300 sic
1993 2245 2271 2300 credituri
2343 2248 2532 2299 erant.
2610 2241 2834 2298 Etenim
2883 2247 3153 2313 tempore
3210 2243 3516 2313 passionis

1857 2335 2107 2407 supinos
2139 2335 2271 2390 illos
2301 2334 2532 2405 dejecit,
2582 2347 2913 2404 eorumque
2975 2337 3247 2403 aspectus
3303 2331 3519 2388 obscu-

1855 2426 2026 2491 ravit,
2072 2431 2127 2481 et
2174 2441 2296 2480 non
2347 2423 2744 2478 crediderunt.
2799 2425 2946 2478 Nam
3003 2421 3205 2477 anima
3256 2421 3518 2493 reproba

1856 2514 2004 2570 nihil
2032 2520 2118 2570 est
2147 2515 2321 2587 pejus
2351 2530 2364 2568 :
2396 2512 2529 2569 licet
2557 2511 2716 2568 enim
2758 2511 2933 2580 signa
2976 2511 3175 2567 videat
3212 2527 3283 2566 ac
3315 2509 3516 2582 prodi-

1855 2605 1970 2674 gia,
2000 2621 2167 2660 suam
2200 2608 2398 2660 tamen
2431 2617 2668 2674 semper
2698 2600 2910 2656 retinet
2938 2599 3404 2672 impudentiam.

1925 2695 2089 2750 Vers.
2126 2695 2196 2750 59
2236 2694 2314 2750 Et
2344 2694 2430 2749 ita
2455 2691 2816 2764 praeteribat.
2861 2689 3229 2746 Ambulabat
3262 2690 3362 2756 ita,
3395 2703 3517 2745 non

1855 2799 2150 2857 apparens
2185 2783 2321 2838 illis.

2211 2874 2363 2929 CAP.
2395 2873 2459 2927 X.
2494 2873 2573 2926 De
2600 2887 2734 2926 cwco
2763 2886 2802 2924 a
2827 2870 3155 2926 nativitate.

1925 2965 2064 3036 Cap.
2113 2963 2211 3018 IX.
2267 2963 2409 3018 Vers
2447 2967 2493 3016 t.
2545 2961 2622 3016 Et
2665 2989 2734 3000 -—
2764 2960 3094 3014 nativitate.
3147 2956 3520 3014 Conﬁrman-

1852 3052 1952 3117 dn,
2001 3051 2166 3124 quod
2230 3052 2479 3115 dixerat,
2534 3049 2838 3120 ﬁdemque
2867 3048 3112 3112 faciens,
3152 3047 3317 3120 quod
3362 3047 3517 3102 Deus

1853 3147 2010 3196 esset
2049 3141 2247 3195 statim
2322 3139 2484 3194 venit
2535 3138 2610 3192 ad
2659 3136 3014 3192 miraculum
3070 3137 3426 3200 maximum,
3459 3141 3518 3191 et

1854 3246 2043 3301 usque
2074 3230 2148 3285 ad
2181 3229 2237 3283 id
2267 3229 2551 3300 temporis
2582 3241 2898 3296 nunquam
2931 3224 3173 3280 factum.
3207 3225 3514 3296 Siquidem

1853 3324 1910 3374 et
1955 3318 2051 3373 alii
2093 3317 2233 3374 caeci
2275 3317 2470 3371 visum
2526 3319 2893 3384 receperunt,
2935 3329 3142 3368 verum
3176 3313 3276 3385 qui
3329 3329 3364 3368 a
3411 3327 3516 3368 na-

1853 3406 2074 3462 tivitate
2127 3422 2320 3462 cacus
2373 3405 2598 3471 fuisset,
2650 3401 2850 3457 nullus
2918 3416 3108 3473 usque
3139 3401 3216 3456 ad
3262 3400 3322 3455 id
3375 3405 3519 3455 tem-

1853 3513 1986 3569 pus.
2021 3496 2158 3551 ldeo
2209 3494 2408 3559 etiam,
2469 3493 2570 3565 qui
2603 3491 2799 3546 visum
2859 3491 2928 3561 (j)
2959 3489 3196 3560 recepit,
3230 3488 3468 3544 dicebat
3499 3489 3514 3532 ε

1852 3587 1899 3641 Α
1934 3585 2147 3640 saeculo
2185 3598 2301 3637 non
2364 3587 2445 3638 est
2486 3581 2779 3643 auditum,
2833 3579 2990 3651 quod
3039 3577 3336 3647 aperuerit
3366 3578 3518 3649 quis-

1850 3675 2011 3745 piam
2045 3673 2236 3729 oculos
2258 3672 2392 3728 caeci
2443 3671 2576 3726 nati
2623 3671 2690 3722 ⁸ο.

1926 3767 2092 3818 Vers.
2166 3766 2218 3816 2.
2277 3762 2356 3818 Et
2403 3766 2729 3816 nasceretur
2775 3759 2805 3815 ‘i
2870 3755 3337 3827 lnterrogabant.
3392 3771 3514 3812 non

1854 3853 2017 3924 quod
2069 3851 2181 3907 hoc
2212 3855 2316 3907 aut
2343 3850 2491 3906 illud
2518 3847 2767 3905 omnino
2790 3846 3256 3919 suspicarentur,
3315 3862 3516 3918 quem-

1853 3940 2184 3997 admodum
2252 3939 2600 4011 insipientes
2672 3936 2909 4002 Judazi;
2960 3951 3103 3991 nam
3165 3934 3326 3991 hunc
3383 3950 3518 4006 pec-

1854 4045 2042 4093 casse,
2115 4033 2442 4100 antequam
2501 4031 2679 4083 natus
2747 4029 2920 4089 esset,
2972 4023 3346 4094 impossibile
3393 4028 3517 4079 erat

1855 4135 2033 4190 porro
2058 4133 2165 4189 pro
2210 4117 2562 4188 parentibus
2630 4114 2828 4186 puniri
2861 4113 3148 4183 injustum
3191 4128 3205 4176 ;
3248 4111 3350 4166 sed
3381 4111 3516 4167 ﬁnis

1855 4207 2150 4262 sermonis
2204 4205 2331 4260 talis
2389 4210 2496 4260 est.
2551 4203 2915 4273 Paralyticus
2972 4200 3216 4272 quidem
3275 4204 3518 4271 propter

1854 4298 2101 4366 peccata
2141 4310 2249 4348 sua
2297 4292 2649 4359 aegrotabat.
2709 4291 2859 4344 sicut
2898 4289 2978 4344 ibi
3023 4287 3345 4342 didicimus
3383 4303 3396 4342 :
3441 4287 3514 4342 de

147 4383 394 4453 ἥμαρτεν,
451 4380 596 4440 οὗτος
634 4379 663 4438 ἣ
716 4382 764 4432 οἱ
808 4388 976 4451 γονεῖς
1043 4380 1200 4431 αὐτοῦ
1257 4383 1450 4452 ςήμεῑς
1480 4382 1581 4453 γὰρ
1629 4381 1746 4432 οὔτε

1871 4400 1969 4438 10c
2001 4387 2221 4443 autem.
2292 4381 2434 4439 quid
2497 4379 2646 4434 dicis
2693 4378 2722 4433 ‘i
2767 4379 2904 4446 Quis
2951 4377 3230 4444 peccavit,
3291 4375 3407 4440 hic,
3438 4391 3511 4432 an

143 4474 298 4520 τοῦτο
320 4470 436 4520 όῦτε
465 4467 623 4520 ἐκεῖνο
654 4463 923 4541 δυνάμεθα
960 4467 1142 4539 λέγειν,
1178 4468 1430 4529 παντελῶς
1461 4467 1746 4542 ἐξαπορούο

144 4574 309 4629 μενοι.

216 4743 266 4779 “
284 4742 458 4800 Joan.
489 4758 568 4811 ix,
602 4743 688 4799 32.

1851 4478 2120 4542 parentes
2152 4473 2277 4540 ejus
2316 4469 2344 4524 ?
2395 4485 2505 4524 nos
2536 4468 2697 4523 enim
2726 4481 2920 4538 neque
2959 4464 3090 4527 hoc.
3145 4479 3339 4536 neque
3370 4463 3515 4520 illud

1855 4559 2048 4615 dicere
2100 4575 2444 4632 possumus,
2495 4557 2745 4613 omnino
2776 4553 3106 4611 conturbati
3139 4552 3512 4626 consilioque

1854 4648 2137 4706 destituti.

1349 4843 1572 4913 Variae
1601 4844 1931 4913 lectiones
1965 4855 2030 4913 et
2071 4851 2272 4914 notae.

211 4987 323 5056 (τί)
346 4985 576 5058 Scilicet
605 4983 1038 5058 Chrysostomi,
1063 4985 1166 5058 qui
1187 4985 1471 5042 audacter
1498 4988 1579 5043 ita
1608 5002 1732 5042 cor-

141 5058 306 5130 rexit.
357 5057 498 5113 Vide
541 5061 682 5112 tom.
715 5057 856 5130 Vill,
889 5073 1028 5130 pag.
1061 5057 1196 5130 324.
1239 5058 1735 5130 Chrysostomum

141 5073 306 5112 rexu.
364 5073 498 5113 Viae
541 5073 682 5112 tom.
723 5073 856 5122 vm,
887 5073 1028 5184 ἕεις.
1067 5073 1196 5114 324.
1239 5073 1733 5130 unrysostomum

139 5128 406 5209 sequitur
424 5144 587 5211 unus
603 5144 675 5185 ex
691 5128 879 5211 codici
933 5145 1000 5211 us
1025 5128 1481 5211 Mosquens'rbus
1505 5130 1733 5211 Nlo-st.

141 5212 196 5263 g.
221 5199 323 5270 qui
357 5203 443 5254 est
466 5216 597 5254 cum
642 5199 906 5255 scholiis.
949 5199 1252 5268 Origenes,
1306 5200 1409 5272 qui
1440 5206 1588 5256 tom.
1632 5203 1733 5266 XX,

139 5270 198 5324 in
221 5271 509 5349 Joannem
543 5270 672 5326 haec
701 5273 842 5349 data
878 5287 1061 5349 opera
1115 5273 1550 5349 interpretatur,
1574 5272 1737 5328 hunc

139 5357 380 5413 versum
437 5348 627 5397 totum
692 5344 1089 5413 praetermisit.
1138 5348 1462 5401 Πεντήκοντα
1496 5349 1737 5398 servant

137 5411 337 5484 Cyrill.
372 5419 410 5468 t.
434 5415 466 5493 _l
482 5413 561 5493 V,
587 5429 643 5493 p.
679 5411 779 5469 385
903 5415 1376 5493 ;_Th_eophxl_a_ct.
1414 5431 1470 5493 p7.
1512 5417 1628 5493 69(_)_
1653 5417 1689 5469 E
1721 5431 1734 5479 ;

138 5499 392 5558 peverus
430 5485 490 5539 in
522 5486 744 5541 Catena
797 5485 1076 5552 Corderii,
1119 5485 1312 5558 p.243
1363 5504 1377 5554 ;
1414 5485 1469 5542 et
1497 5485 1734 5542 codices

139 5556 513 5612 Srobatiores
542 5571 768 5612 omnes.

210 5734 289 5805 (j)
323 5733 433 5804 Qui
463 5733 670 5791 visum.
707 5735 872 5791 Forte
901 5733 1066 5806 legit,
1098 5729 1182 5790 διὸ
1222 5738 1310 5787 καὶ
1339 5735 1364 5787 ὁ
1418 5733 1730 5812 ἀναϐλέψας.

1913 4989 2026 5059 (7-2)
2061 4987 2295 5044 Inclusa
2335 4986 2555 5042 absunt
2602 4987 2667 5042 A.
2703 4987 2958 5047 Κτίστης,
2989 4980 3300 5054 quomodo
3330 4982 3510 5059 etiam

1848 5056 2190 5116 Eustathius
2225 5059 2438 5122 scribit,
2471 5059 2576 5130 qui
2633 5073 2772 5114 cum
2833 5061 3017 5130 κτίτης
3043 5056 3376 5125 comparat.
3399 5069 3509 5130 pro

1847 5131 2211 5187 substantivo
2247 5125 2508 5204 accipio;
2551 5145 2690 5194 non,
2757 5132 2817 5184 ut
2868 5128 3176 5198 interpres,
3210 5139 3319 5195 pro
3349 5125 3510 5182 adie-

1849 5204 2026 5258 ctivo.

1919 5275 2031 5346 (73)
2051 5275 2135 5329 Ita
2161 5272 2511 5345 plerumque
2527 5271 2988 5343 Chrysostomus
3005 5273 3261 5331 oratorie
3279 5273 3506 5337 laudat,

1845 5345 2017 5400 Joan.
2052 5361 2210 5400 xvm.
2244 5349 2295 5407 6,
2319 5348 2502 5398 ἔπεσον
2533 5349 2732 5416 χαμαί.

1916 5417 2306 5481 (74)Γεννητῆς.

1921 5487 2033 5558 (75)
2057 5491 2117 5540 Δὶ
2147 5487 2318 5544 abest
2357 5495 2422 5541 Α.
