4088 6442
166 333 298 391 1305

1239 331 1584 389 COMMENT
1623 333 1692 389 IN
1730 331 2080 389 JOANNEM.
2122 363 2190 374 —-
2228 333 2384 388 CAP.
2429 329 2526 388 IX.

3378 331 3401 386 1
3413 332 3518 388 306

233 465 328 515 Kal.
358 491 426 500 —-
454 458 683 533 ἑώρακας
708 475 722 527 ;
749 457 937 532 ’ᾨοντο
962 459 1064 532 γὰρ
1097 457 1249 511 αὐτὸν
1279 457 1434 530 ἐγγὺς
1462 455 1590 512 εἶναι
1629 478 1743 511 πεν-

1931 459 2095 513 Vers.
2129 459 2217 513 57.
2245 457 2417 512 Et—
2466 456 2667 513 vidisti
2719 454 2748 510 ?
2801 454 3098 512 Putabant
3159 455 3319 511 enim
3375 472 3515 512 eum

164 556 380 608 τήκοντα
429 549 550 601 ἐτῶν
601 546 695 601 διὰ
744 553 838 605 τὴν
894 549 1230 620 πολυπειρίαν
1286 547 1466 602 αὐτοῦ.
1513 549 1642 601 Τινὰ
1690 543 1749 599 δὲ

165 648 256 692 τῶν
306 639 417 710 (7|)
471 638 796 713 ἀντιγράφων
835 639 1229 711 τεσσαράκοντα
1269 639 1581 712 γράφουσιν,
1624 638 1747 709 ὅπερ

166 725 198 781 δ
202 737 301 782 οκεί
327 727 706 802 ἀκριϐέστερον.

231 903 376 958 Εἶπεν
427 937 495 946 -
551 905 675 967 εἰμι.
725 905 813 967 Ὠς
879 909 1028 968 Θεός.
1084 910 1184 958 Καὶ
1241 903 1335 957 ούκ
1393 901 1551 971 εἶπεν,
1614 901 1749 974 Ἐγώ

163 998 314 1066 ἤμην,
392 993 496 1046 ἀλλ’
558 995 688 1065 Ἐγώ
739 995 847 1067 εἰμι
889 997 914 1046 ὁ
975 993 1054 1047 ἀεὶ
1116 999 1202 1045 ὢν.
1235 997 1305 1046 Τὸ
1331 996 1420 1059 μὲν
1469 989 1556 1044 οὖν
1614 995 1750 1063 γενέ-

164 1085 282 1136 σθαι
341 1091 557 1136 κτιστοῦ
591 1087 690 1136 ’τὸ
784 1080 843 1136 δε
908 1083 1028 1156 Εἰμὶ
1107 1081 1358 1134 ἀκτίστου
1407 1083 1425 1153 [
1481 1086 1571 1134 καὶ
1631 1083 1748 1152 (72)

160 1177 370 1226 κτίστου

228 1262 390 1338 Ἥραν
427 1289 482 1302 -ο
531 1261 709 1314 αὐτόν.
766 1264 831 1314 Οἱ
865 1269 1049 1334 ταχεῖς
1088 1264 1216 1334 πρὸς
1245 1265 1391 1333 φόνον
1423 1281 1434 1294 ·
1465 1260 1746 1334 Ἠγρίαναν

159 1353 256 1424 γὰρ
304 1348 548 1414 δόξαντες
597 1349 913 1424 ὑϐρισθῆναι
956 1355 1042 1403 τὸν
1101 1349 1338 1426 Ἀϐραὰμ
1381 1368 1392 1378 ·
1427 1350 1538 1422 ἅμα
1567 1347 1625 1403 δε
1657 1354 1747 1401 καὶ

158 1446 356 1511 γνόντες
385 1442 464 1494 ὅτι
495 1437 774 1499 ἀιδιότητα
811 1448 944 1494 Θεοῦ
969 1441 1298 1513 περιτίθησιν
1325 1439 1507 1509 ἐαυτῷ.

229 1619 432 1680 Ἰησοῦς
489 1616 548 1672 δε
595 1618 810 1692 ἐκρύϐη.
856 1620 1106 1692 Ἀόρατος
1163 1617 1341 1680 αὐτοῖς
1401 1622 1625 1675 κατέστη
1679 1625 1741 1688 τῇ

155 1709 366 1781 ἐξουσίᾳ
395 1716 486 1770 τῆς
526 1710 785 1769 θεότητος.

229 1803 325 1852 Καὶ
358 1801 516 1873 ἱεροῦ.
543 1803 654 1851 Ἵνα
681 1796 985 1856 κατασταλῆ
1020 1799 1045 1849 ό
1079 1799 1242 1870 θυμὸς
1269 1797 1459 1851 αὐτῶν.

225 1975 436 2029 Διελθών
466 2007 535 2016 —-
564 1976 754 2029 αὐτῶν.
809 1981 895 2035 Μὴ
940 1975 1238 2048 ἰσχυόντων
1270 1972 1399 2028 ἰδεῖν
1439 1975 1612 2031 αὐτόν.
1649 1981 1746 2032 Καὶ

152 2064 298 2120 διατι
348 2066 443 2118 ούκ
500 2064 732 2128 ἐξέλυσεν
763 2065 930 2118 αὐτῶν
969 2070 1063 2122 τὴν
1113 2061 1334 2136 δύναμιν
1378 2069 1467 2118 καὶ
1525 2073 1752 2137 φανερῶς

153 2155 454 2228 ἀνεχώρησε
475 2172 488 2221 ;
523 2160 663 2208 Διότι
680 2157 789 2208 οὔθ’
813 2155 971 2216 οὕτως
993 2153 1195 2226 ἔμελλον
1224 2157 1506 2208 πιστεύειν.
1531 2157 1743 2228 Καὶγάρ

152 2245 203 2298 ἐν
230 2253 297 2315 τῷ
325 2252 490 2318 καιρῷ
521 2252 614 2296 τοῦ
674 2246 878 2305 ῐιάθους
923 2246 1136 2304 ὑπτίους
1167 2245 1279 2313 (73)
1332 2244 1516 2304 αύτούς
1544 2243 1740 2318 ἔρριψε,

152 2340 241 2387 καὶ
269 2337 361 2386 τὰς
381 2333 523 2404 ὄψεις
553 2333 721 2385 αὐτῶν
743 2332 1004 2397 ἱσκότισε,
1045 2338 1134 2385 καὶ
1165 2333 1256 2385 ούκ
1287 2331 1618 2387 ἐπίστευσαν.
1641 2333 1742 2384 05-

153 2419 240 2474 δεν
267 2424 364 2495 γὰρ
395 2429 574 2494 χεῖρον
604 2420 793 2493 ψυχῆς
825 2420 1202 2492 ἁπεγνωκυίας.
1262 2420 1366 2474 Κᾶν
1413 2424 1514 2494 γὰρ
1550 2428 1744 2492 σημεῖα

150 2508 268 2585 ἴδῃ,
294 2509 387 2563 κᾶν
417 2515 626 2586 τέρατα,
657 2515 793 2584 μένει
823 2515 916 2570 τὴν
943 2511 1104 2570 αύτην
1148 2514 1353 2584 ἔχουσα
1381 2510 1532 2564 πάλιν
1561 2509 1742 2563 ἀναισ-

147 2622 253 2674 χυν
262 2605 389 2655 τίαν.

227 2695 322 2743 Καὶ
349 2698 582 2763 παρῆγεν
603 2691 787 2752 οὕτως.
819 2689 1089 2753 Ἐϐάδιζεν
1128 2692 1305 2757 οὕτως,
1340 2696 1412 2764 μὴ
1446 2695 1742 2764 φαινόμενος

148 2779 343 2841 αὐτοῖς.

397 2874 542 2922 ΚΕΦ.
587 2867 639 2923 1’.
667 2873 790 2943 Περὶ
818 2877 910 2922 τοῦ
949 2869 1004 2922 ix
1041 2879 1245 2941 γενετῆς
1274 2869 1488 2942 τυφλοῦ.

222 2962 320 3011 Καὶ
349 2989 418 2998 —
445 2967 670 3029 γενετῆς.
697 2957 919 3011 Βεϐαιῶν
949 2958 984 3011 ἃ
1013 2955 1140 3024 εἶπε,
1171 2963 1260 3011 καὶ
1289 2961 1628 3030 πιστούμενος
1661 2961 1740 3010 ὅτι

149 3051 271 3108 Θεὸς
318 3046 480 3112 ἔστιν,
537 3047 687 3107 εύθύς
717 3049 930 3121 ἔρχεται
978 3046 1062 3100 ἐπὶ
1116 3049 1292 3119 θαῦμα
1342 3052 1611 3119 μέγιστον,
1651 3052 1740 3098 καὶ
1773 3061 1812 3115 C

148 3143 301 3205 μήπω
385 3140 548 3208 μέχρι
598 3141 713 3188 τότε
767 3141 1054 3208 γενόμενον.
1113 3134 1306 3208 Τυφλοὶ
1353 3140 1442 3208 μὲν
1493 3139 1594 3209 γὰρ
1652 3140 1740 3187 καὶ

147 3225 291 3278 ἄλλοι
349 3224 626 3294 ἀνέϐλεψαν
671 3240 682 3253 ·
726 3223 914 3295 τυφλὸς
969 3221 1027 3277 δὲ
1085 3223 1132 3276 ἓν
1180 3234 1386 3296 γενετῆς
1417 3226 1527 3295 (74)
1567 3220 1739 3284 οὐδεὶς

146 3317 278 3388 ἄχρι
297 3321 431 3368 τότε.
472 3317 558 3366 Διό
587 3317 677 3364 καὶ
703 3311 992 3383 ἀναϐλέψας
1023 3313 1188 3384 ἔλεγεν
1239 3333 1251 3345 ·
1287 3314 1373 3366 Ἐκ
1404 3321 1495 3366 τού
1553 3313 1741 3373 αἰῶνος

145 3404 235 3457 ούκ
265 3404 502 3461 ἠκούσθη
529 3404 608 3454 ὅτι
654 3401 825 3464 ἤνοιξε
849 3421 924 3462 τις
963 3401 1255 3474 ὀφθαλμούς
1283 3403 1475 3474 τυφλοῦ
1503 3421 1739 3474 γεγεννη-

145 3510 296 3565 μενον
307 3532 318 3544 .

221 3763 318 3811 Καὶ
376 3789 443 3800 -
493 3761 712 3831 γεννηθῇ
744 3759 1070 3834 ;Ἐρωτώσιν
1137 3760 1241 3832 οὐχ
1295 3762 1364 3821 ὡς
1413 3767 1566 3812 τοῦτο
1615 3761 1741 3813 πάν-

142 3866 240 3908 τως
296 3849 325 3907 ἣ
387 3850 545 3900 έκεῖνο
610 3847 1074 3922 ὑπολαμϐάνοντες,
1129 3851 1361 3924 καθάπερ
1416 3851 1465 3902 οἱ
1530 3847 1740 3908 ἀνόητοι

143 3934 396 3991 Ἰουδαῖοι
423 3951 438 3967 ⁶
464 3941 522 3990 τό
550 3940 642 4008 μεν
691 3940 792 4012 γὰρ
851 3938 1098 4011 ἁμαρτεῖν
1149 3942 1248 4012 πρὸ
1308 3946 1400 3992 τοῦ
1429 3941 1741 4010 γεννηθῆναι

141 4023 422 4095 ἀδύνατον,
455 4030 512 4079 τὸ
544 4023 603 4080 δὲ
627 4029 754 4102 ὑπὲρ
786 4036 886 4079 τῶν
913 4033 1102 4099 γονέων
1145 4027 1462 4089 κολάζεσθαι
1513 4025 1698 4081 ἄδικον
1724 4045 1736 4058 ⁸

139 4114 248 4168 ἀλλ’
281 4119 424 4168 ἔστιν
457 4117 482 4168 ὁ
510 4121 706 4179 σκοπὸς
754 4123 845 4169 τοῦ
874 4116 1031 4188 λόγου
1054 4125 1308 4177 τοιοῦτος.
1365 4117 1424 4169 Ὁ
1448 4120 1537 4188 μὶν
1568 4120 1740 4192 παρά-

135 4204 290 4266 λυτος
322 4202 415 4257 διὰ
457 4208 549 4267 τὰς
594 4205 851 4278 ἁμαρτίας
902 4208 1062 4257 αὐτοῦ
1117 4207 1342 4273 ἠσθένει,
1401 4207 1574 4266 καθὼς
1639 4205 1743 4258 ἐκεῖ

136 4296 512 4366 μεμαθήκαμεν
563 4313 578 4328 ο
629 4299 746 4367 περὶ
796 4297 976 4346 τούτου
1018 4291 1076 4347 δὲ
1130 4295 1242 4361 (⁸75ὶ
1282 4299 1335 4346 τί
1387 4294 1550 4366 λέγεις
1592 4311 1606 4361 ;
1657 4299 1741 4355 Τίς

1859 545 2042 602 ferme
2098 561 2231 602 esse
2281 545 2888 618 quinquagenarium,
2967 549 3210 616 propter
3263 545 3514 601 multam

1858 636 1992 708 ejus
2034 636 2308 708 peritiam
2358 641 2414 692 et
2459 635 2904 707 experientiam.
2975 633 3258 700 Quasdam
3313 639 3514 690 autem

1860 725 2226 796 exemplaria
2295 723 2534 790 habent,
2584 723 3014 796 quadraginta,
3059 723 3235 796 ,quod
3284 723 3517 780 videtur

1859 829 1986 870 esse
2016 814 2228 870 verius.

1930 903 2090 958 Vers.
2171 907 2255 958 58.
2310 903 2483 959 Dixit
2548 933 2617 941 —
2681 903 3176 974 sum.Tanquam
3221 901 3394 956 Deus.
3452 902 3517 957 Et

1857 1006 1973 1047 non
2027 992 2194 1056 dixit,
2257 995 2377 1061 Ego
2419 1007 2583 1047 eram
2626 991 2803 1061 ;sed,
2853 991 2980 1061 Ego
3004 1006 3152 1058 sum,
3209 991 3308 1062 qui
3363 1005 3520 1046 sem-

1856 1097 1963 1152 per
1993 1098 2150 1136 sum.
2181 1082 2321 1137 Fieri
2351 1081 2641 1153 siquidem
2673 1081 2755 1136 rei
2787 1085 2997 1136 creatae
3027 1083 3146 1148 est;
3176 1081 3321 1136 Sum
3353 1095 3514 1144 vero,

1855 1170 2132 1226 increatze
2194 1176 2249 1226 et
2276 1176 2507 1226 creatas.

1927 1262 2089 1316 Vers.
2126 1261 2210 1316 59.
2253 1261 2544 1316 Tulerunt
2580 1291 2643 1300 —
2675 1275 2823 1316 eum.
2849 1259 3096 1315 Veloces
3160 1258 3238 1315 ad
3268 1258 3512 1316 caedem.

1858 1350 2196 1421 Exasperati
2229 1355 2368 1405 sunt
2420 1349 2578 1404 enim
2628 1355 2906 1419 putantes
2953 1348 3170 1418 injuria
3234 1347 3513 1405 affectum

1857 1455 1988 1494 esse
2045 1439 2350 1496 Abraham
2403 1457 2416 1492 :
2459 1439 2634 1494 simul
2682 1439 2879 1504 etiam,
2939 1438 3040 1494 ubi
3093 1438 3516 1509 cognovissent

1856 1528 2021 1601 quod
2051 1529 2149 1583 Dei
2181 1528 2561 1584 aeternitatem
2597 1528 2708 1583 sibi
2740 1527 3085 1583 vindicaret.

1929 1619 2094 1674 Vers.
2125 1619 2216 1675 59.
2247 1620 2407 1673 «Ιεειιε
2446 1624 2639 1673 autem
2663 1619 2992 1673 occultatus
3033 1623 3134 1673 est.
3165 1617 3274 1672 Per
3303 1617 3515 1673 divini-

1857 1709 1990 1765 tatis
2015 1709 2344 1781 potentiam
2375 1707 2682 1764 invisibilis
2735 1709 2820 1763 eis
2855 1707 3121 1763 eﬂ‘ectus.

1782 1818 1823 1872 Β
1929 1799 2093 1853 Vers.
2121 1799 2210 1853 59.
2255 1799 2333 1854 Et
2362 1830 2428 1838 —
2477 1797 2703 1866 templo.
2763 1799 2831 1852 Ut
2887 1795 3123 1852 illorum
3157 1797 3391 1852 sedaret
3423 1796 3511 1852 fu-

1858 1903 2052 1943 rorem
2063 1928 2075 1939 .

1930 1978 2094 2033 Vers.
2121 1982 2207 2033 59.
2243 1976 2641 2034 Pertransiens
2686 2006 2751 2017 —
2779 1976 3042 2032 illorum.
3077 1977 3218 2032 Cum
3252 1974 3333 2031 illi
3373 1991 3510 2031 eum

1856 2067 2056 2123 videre
2099 2083 2217 2122 non
2265 2070 2533 2138 possent.
2599 2067 2663 2120 Et
2703 2081 2889 2136 quare
2921 2080 3043 2120 non
3102 2065 3365 2120 dissolvit
3397 2064 3516 2120 illo-

1854 2173 1990 2212 rum
2021 2156 2318 2220 virtutem,
2353 2161 2409 2210 et
2469 2153 2785 2210 manifeste
2859 2153 3100 2209 recessit
3144 2153 3172 2208 ‘i’
3218 2154 3363 2220 Quia
3405 2169 3515 2209 nec

1856 2245 1941 2301 sic
1989 2245 2267 2300 credituri
2339 2248 2528 2299 erant.
2606 2242 2830 2298 Etenim
2880 2247 3149 2313 tempore
3206 2243 3512 2313 passionis

1853 2336 2103 2408 supinos
2135 2335 2267 2390 illos
2297 2334 2528 2405 dejecit,
2578 2348 2909 2404 eorumque
2971 2337 3243 2403 aspectus
3299 2331 3514 2388 obscu-

1851 2427 2022 2491 ravit,
2068 2432 2124 2481 et
2170 2441 2292 2480 non
2343 2423 2740 2478 crediderunt.
2795 2425 2942 2478 Nam
2999 2421 3201 2477 anima
3252 2421 3513 2493 reproba

1852 2515 2001 2571 nihil
2028 2520 2114 2571 est
2143 2515 2317 2588 pejus
2348 2530 2360 2568 :
2393 2513 2525 2569 licet
2553 2511 2711 2568 enim
2754 2511 2929 2580 signa
2972 2511 3171 2567 videat
3208 2527 3279 2566 ac
3311 2509 3511 2582 prodi—

1851 2605 1966 2674 gia,
1996 2621 2163 2660 suam
2196 2608 2393 2660 tamen
2427 2616 2665 2673 semper
2694 2600 2906 2656 retinet
2934 2599 3400 2672 impudentiam.

1921 2695 2086 2750 Vers.
2122 2695 2192 2750 59
2232 2695 2310 2750 Et
2340 2694 2427 2750 ita
2452 2690 2812 2763 praeteribat.
2857 2689 3225 2746 Ambulabat
3258 2690 3358 2756 ita,
3390 2703 3513 2745 non

1851 2800 2146 2857 apparens
2181 2783 2317 2839 illis.

2207 2874 2360 2930 CAP.
2391 2873 2455 2927 X.
2492 2873 2569 2926 De
2596 2886 2730 2926 meo
2759 2887 2798 2924 a
2823 2869 3151 2926 nativitate.

1921 2965 2060 3036 Cap.
2109 2964 2208 3018 IX.
2265 2963 2406 3018 Vers
2444 2967 2489 3016 t.
2541 2962 2618 3016 Et
2661 2990 2730 3000 —
2761 2960 3090 3014 nativitate.
3143 2955 3516 3013 Confirman-

1849 3052 1948 3117 dn,
1997 3052 2162 3125 quod
2227 3053 2475 3115 dixerat,
2530 3050 2834 3120 fidemque
2864 3048 3108 3112 faciens,
3148 3047 3313 3120 quod
3358 3047 3513 3102 Deus

1849 3147 2006 3196 esset
2045 3141 2243 3195 statim
2318 3139 2480 3195 venit
2531 3139 2606 3192 ad
2655 3136 3010 3192 miraculum
3066 3137 3422 3200 maximum,
3455 3140 3514 3191 et

1850 3246 2039 3302 usque
2071 3230 2145 3285 ad
2176 3229 2234 3284 id
2264 3229 2547 3300 temporis
2578 3241 2894 3296 nunquam
2928 3225 3170 3280 factum.
3203 3224 3511 3296 Siquidem

1849 3324 1906 3374 et
1951 3318 2047 3374 alii
2089 3317 2229 3374 eieci
2272 3317 2466 3371 visum
2522 3319 2889 3384 receperunt,
2932 3329 3138 3368 verum
3172 3313 3272 3385 qui
3325 3329 3359 3368 a
3407 3327 3512 3368 na-

1849 3407 2070 3464 tivitate
2123 3423 2316 3462 caecus
2370 3405 2594 3471 fuisset,
2646 3402 2846 3457 nullus
2914 3416 3104 3473 usque
3135 3401 3212 3456 ad
3257 3401 3318 3455 id
3371 3405 3516 3456 tem-

1849 3513 1982 3570 pus.
2017 3496 2154 3552 ldeo
2205 3495 2404 3560 etiam,
2465 3493 2567 3566 qui
2599 3491 2796 3546 visum
2856 3491 2924 3561 (j)
2955 3489 3192 3560 recepit,
3226 3488 3464 3545 dicebat
3495 3490 3510 3532 ε

1849 3587 1896 3642 Α
1930 3585 2144 3641 saculo
2181 3599 2297 3638 non
2360 3588 2441 3639 est
2482 3581 2775 3644 auditum,
2830 3579 2986 3651 quod
3035 3577 3332 3648 aperuerit
3363 3579 3514 3650 quis-

1846 3675 2007 3746 piam
2041 3674 2232 3730 oculos
2255 3673 2388 3729 caeci
2439 3671 2572 3726 nati
2619 3672 2687 3723 ⁸ο.

1922 3767 2088 3818 Vers.
2163 3767 2214 3817 2.
2274 3763 2352 3818 Et
2399 3766 2726 3816 nasceretur
2772 3759 2801 3816 ?
2866 3755 3334 3827 Interrogabant,
3389 3771 3510 3812 non

1850 3853 2014 3925 quod
2066 3852 2177 3908 hoc
2209 3856 2312 3908 aut
2339 3850 2487 3906 illud
2514 3848 2763 3906 omnino
2786 3846 3252 3920 suspicarentur,
3312 3862 3513 3919 quem-

1850 3941 2181 3998 admodum
2249 3939 2596 4012 insipientes
2668 3937 2905 4002 Judaei;
2957 3951 3099 3991 nam
3162 3934 3323 3991 hunc
3379 3950 3514 4005 pec-

1851 4046 2038 4094 casse,
2112 4033 2438 4101 antequam
2497 4032 2675 4084 natus
2743 4029 2916 4090 esset,
2969 4023 3342 4095 impossibile
3390 4029 3514 4079 erat

1851 4136 2029 4192 porro
2055 4135 2162 4190 pro
2207 4118 2558 4189 parentibus
2627 4115 2824 4187 puniri
2857 4114 3144 4184 injustum
3187 4128 3201 4177 ;
3245 4112 3346 4166 sed
3378 4111 3512 4167 ﬁnis

1851 4208 2146 4263 sermonis
2200 4206 2328 4262 talis
2385 4211 2493 4260 est.
2547 4203 2911 4273 Paralyticus
2968 4200 3213 4272 quidem
3271 4205 3514 4272 propter

1850 4299 2098 4366 peccata
2137 4311 2246 4349 sua
2293 4293 2646 4360 mgrotabat.
2706 4292 2856 4345 sicut
2894 4289 2974 4344 ibi
3019 4288 3341 4342 didicimus
3379 4303 3392 4342 :
3437 4287 3511 4342 de

139 4384 390 4454 ἦμαρτεν,
447 4381 592 4441 οὗτος
630 4381 660 4440 ἣ
712 4383 760 4433 οἱ
804 4389 972 4452 γονεῖς
1039 4381 1196 4433 αὐτοῦ
1253 4384 1446 4453 ςήμεῖς
1476 4383 1577 4454 γὰρ
1625 4383 1742 4434 οὔτε

1867 4401 1966 4439 ioc
1998 4389 2217 4444 autem.
2289 4381 2431 4440 quid
2493 4379 2642 4435 dicis
2691 4379 2718 4434 ?
2764 4380 2901 4446 Quis
2947 4378 3227 4445 peccavit,
3287 4375 3403 4440 hic,
3435 4391 3508 4432 an

135 4476 294 4521 τοῦτο
316 4472 432 4521 όύτε
462 4468 619 4522 ἐκεῖνο
650 4465 919 4543 δυνάμεθα
955 4468 1137 4540 λέγειν,
1174 4469 1426 4530 παντελῶς
1457 4468 1742 4543 ἐξαπορού-

134 4576 305 4630 μενοι.

209 4744 260 4780 ⁸ο
279 4744 455 4801 Joan.
485 4759 564 4813 rx,
598 4745 684 4800 32.

1847 4479 2117 4543 parentes
2148 4474 2274 4541 ejus
2313 4470 2341 4525 ?
2391 4486 2502 4526 nos
2533 4469 2694 4524 enim
2723 4483 2916 4540 neque
2955 4465 3086 4529 hoc.
3141 4480 3336 4536 neque
3366 4463 3512 4520 illud

1851 4560 2044 4616 dicere
2097 4576 2441 4632 possumus,
2492 4558 2742 4614 omnino
2773 4555 3103 4614 conturbati
3134 4553 3508 4626 consilioque

1851 4649 2133 4706 destituti.

1345 4843 1568 4914 Variae
1598 4845 1927 4914 lectiones
1961 4856 2026 4914 et
2067 4853 2269 4915 notae.

203 4988 320 5058 (τί)
343 4986 573 5042 Scilicet
601 4985 1034 5058 Chrysoslomi,
1059 4987 1163 5058 qui
1184 4987 1468 5043 audacter
1494 4989 1576 5044 ita
1604 5003 1728 5044 cor-

128 5059 302 5131 rexit.
355 5059 495 5114 Vide
537 5063 678 5114 tom.
711 5059 852 5131 Vill,
885 5074 1024 5131 pag.
1058 5062 1193 5131 324.
1236 5059 1732 5131 Cbrysostomum

125 5130 402 5210 sequitur
421 5145 584 5212 unus
600 5146 671 5186 ex
688 5129 996 5212 codicibus
1022 5129 1478 5212 {\‘Iosquensibus
1501 5131 1730 5212 N.Te_s_t.

127 5213 187 5264 κ.
213 5201 319 5272 qui
353 5206 439 5255 est
462 5217 593 5256 cum
639 5201 902 5256 scholiis.
945 5201 1248 5269 Origenes,
1303 5201 1406 5274 qui
1437 5207 1585 5258 tom.
1629 5205 1730 5268 XX,

123 5271 187 5326 in
213 5273 506 5351 Joannem
539 5272 668 5328 haec
697 5274 839 5351 data
875 5288 1058 5351 opera
1111 5274 1547 5351 interpretatur,
1571 5274 1734 5330 hunc

124 5359 376 5414 versum
434 5350 623 5399 totum
688 5345 1086 5414 prwtermisit.
1134 5349 1459 5402 Πεντήκοντα
1493 5351 1735 5400 servant

122 5413 333 5485 Cyrill.
369 5421 406 5469 t.
432 5415 548 5488 νιν.
583 5431 639 5485 p.
675 5413 776 5470 585
803 5417 862 5469 C.
900 5416 1373 5488 ;7Theophylact.
1411 5433 1468 5488 p.
1509 5419 1615 5488 690
1649 5419 1686 5471 E
1719 5433 1732 5481 ;

122 5501 388 5560 peverus
427 5487 486 5541 in
518 5487 741 5543 Catena
793 5487 1073 5554 Corderii,
1115 5503 1174 5560 p.
1200 5487 1308 5544 243
1359 5505 1374 5556 ;
1411 5487 1466 5544 et
1495 5487 1731 5544 codices

123 5557 509 5614 Srobatiores
538 5573 764 5614 omnes.

200 5735 286 5807 (j)
319 5734 430 5805 Qui
459 5735 666 5793 visum.
703 5737 868 5793 Forte
898 5735 1062 5808 legit,
1095 5731 1180 5792 διὸ
1219 5741 1307 5789 καὶ
1336 5737 1361 5789 ό
1415 5735 1727 5814 ἀναϐλέψας.

1910 4991 2023 5061 (72)
2058 4989 2292 5046 Inclusa
2331 4989 2567 5061 absunt
2599 4989 2664 5043 Α.
2701 4989 2954 5047 Κτίστης,
2985 4981 3296 5055 quomodo
3325 4983 3506 5061 etiam

1845 5057 2186 5136 Eustathius
2222 5060 2436 5136 scribit,
2468 5060 2573 5132 qui
2631 5075 2769 5115 cum
2800 5061 3014 5136 ,κτίτης
3040 5057 3371 5125 comparat.
3395 5069 3505 5136 pro

1844 5133 2208 5189 substantivo
2243 5129 2505 5205 accipio;
2549 5145 2686 5195 non,
2753 5133 2813 5184 ut
2865 5129 3172 5198 interpres,
3206 5139 3314 5195 pro
3345 5129 3506 5182 adie-

1845 5207 2024 5260 ctivo.

1916 5276 2028 5347 (73)
2048 5277 2132 5331 Ita
2158 5275 2508 5346 plerumque
2524 5272 2984 5343 Chrysostomus
3002 5273 3257 5332 oratorie
3276 5272 3503 5336 laudat,

1842 5347 2014 5401 Joan.
2049 5363 2207 5401 xvm.
2240 5350 2292 5408 6,
2316 5349 2499 5399 ἔπεσον
2530 5350 2728 5416 χαμαί.

1913 5418 2248 5482 (74)Ιέννητῆ
2260 5438 2302 5478 ς.

1917 5488 2030 5559 (‘75)
2054 5491 2114 5541 Δὶ
2143 5488 2314 5544 abest
2353 5495 2418 5542 Α.
