4088 6430
647 318 785 376 1303

1970 312 2327 374 EUTHYMII
2378 311 2705 370 ZlGABENl

3851 317 3954 378 {30$

648 450 802 501 atur.
830 443 969 501 Vult
993 443 1150 501 enim
1179 447 1465 511 astruere,
1508 440 1675 515 quod
1732 441 1927 510 major
1967 442 2062 508 sit,
2111 457 2299 514 quam

2415 438 2658 492 Βούλεται
2667 442 2766 514 γὰρ
2780 439 3177 493 κατασκευάσαι
3197 440 3278 493 ὅτι
3298 440 3487 512 μείζων
3504 441 3615 494 ἐστὶ
3631 449 3715 494 τοῦ
3743 443 3791 496 Ἀ
3800 442 3952 518 εραάμ.

648 534 948 590 Abraham
986 549 999 600 ;
1031 550 1173 590 nam
1205 534 1319 589 hoc
1369 532 1428 587 in
1473 531 1745 603 praesenti
1787 546 1907 587 non
1959 531 2130 598 dixit,
2173 546 2303 602 pro-

647 629 778 697 pter
802 623 1068 695 ipsorum
1101 622 1563 695 impudentiam.

720 712 1007 767 Vers.“.
1070 713 1249 779 Quem
1315 742 1384 750 —
1444 711 1600 764 Vers.
1679 711 1768 766 55.
1831 725 1976 766 eum.
2046 740 2102 750 —
2171 709 2301 764 Non

647 802 988 872 cognovistis
1028 816 1172 862 eum,
1213 805 1414 869 utpote
1450 797 1733 870 operibus
1788 798 1953 852 illum
1988 804 2298 865 negantes.

650 890 801 946 Dicit
851 890 1011 944 enim
1068 894 1124 944 et
1177 888 1497 959 Apostolus
1543 905 1556 942 :
1612 888 1975 954 Conﬁtentur
2037 902 2097 942 se
2148 902 2303 942 nosse

650 981 858 1042 Deum,
899 979 1071 1046 factis
1101 982 1296 1033 autem
1327 983 1543 1046 negant
1573 979 1643 1033 ⁷⁷.
1673 975 1772 1030 Vel
1809 977 1988 1031 etiam
2035 991 2107 1030 eo
2137 975 2302 1046 quod

649 1083 768 1123 non
799 1066 1140 1134 agnoscatis
1164 1065 1367 1120 Filium
1422 1066 1576 1135 ejus.
1638 1063 1862 1118 Dictum
1917 1068 2004 1118 est
2065 1062 2224 1118 enim
2286 1081 2298 1118 :

647 1157 713 1212 Si
747 1171 839 1211 me
865 1155 1299 1224 cognosceretis,
1332 1155 1390 1211 et
1424 1155 1663 1209 Patrem
1715 1168 1900 1208 meum
1952 1153 2155 1224 utique
2212 1167 2304 1209 co-

647 1247 1003 1316 gnosceretis
1059 1245 1128 1298 ⁷⁸.
1163 1243 1262 1299 Vel
1315 1259 1386 1299 eo
1443 1245 1609 1315 quod
1668 1257 1788 1297 non
1853 1241 2096 1296 servetis
2169 1242 2300 1312 ejus

650 1349 955 1389 sermones
985 1352 1002 1404 ;
1036 1347 1178 1388 nam
1233 1332 1281 1387 si
1311 1331 1740 1403 cognosceretis
1768 1347 1928 1395 eum,
1961 1345 2300 1386 sermonem

650 1423 779 1494 ejus
809 1423 1137 1478 servaretis.

721 1511 881 1566 Vers.
915 1512 1003 1566 55.
1056 1512 1182 1581 Ego
1233 1515 1419 1567 autem
1477 1511 1621 1565 novi
1677 1524 1828 1565 eum.
1891 1513 2017 1565 Non
2077 1508 2297 1572 solum,

651 1617 787 1656 cum
819 1616 891 1655 ex
923 1600 1052 1672 ipso
1079 1601 1215 1662 sim,
1262 1608 1317 1654 et
1344 1599 1611 1669 ejusdem
1654 1598 2024 1662 substantiae,
2071 1605 2301 1653 naturas

651 1695 708 1746 et
736 1689 1016 1755 scientiae,
1052 1691 1151 1744 sed
1200 1689 1376 1745 etiam
1430 1694 1719 1760 tanquam
1774 1702 2114 1742 sermonem
2173 1687 2301 1777 ejus
2332 1722 2376 1777 Β

652 1793 916 1836 servans.
945 1781 1088 1834 Nam
1119 1782 1176 1833 et
1206 1777 1480 1849 superius
1527 1777 1673 1831 dixit
1726 1793 1739 1831 :
1794 1777 1900 1832 Est
1955 1791 2150 1839 verax,
2200 1775 2303 1846 qui

651 1869 807 1924 misit
843 1883 949 1932 me,
978 1883 1149 1938 quem
1179 1882 1273 1922 vos
1304 1881 1422 1922 non
1449 1865 1628 1920 nostis
1652 1881 1664 1917 :
1703 1880 1806 1935 ego
1835 1880 1970 1920 vero
1992 1866 2131 1920 novi
2149 1881 2300 1932 eum,

652 1958 794 2029 quia
821 1957 896 2012 ab
922 1972 986 2013 eo
1014 1973 1143 2012 sum
1164 1958 1236 2009 ⁷⁸.

722 2047 863 2100 Vers
919 2051 1006 2101 55.
1065 2048 1128 2101 Et
1188 2074 1257 2086 —
1303 2044 1578 2100 mendax.
1615 2044 1731 2099 Vos
1763 2043 1922 2099 enim
1973 2043 2304 2099 mentimini

651 2135 919 2191 dicentes
959 2135 1145 2190 Deum
1198 2139 1461 2189 vestrum
1512 2149 1664 2199 esse,
1719 2150 1854 2188 cum
1913 2150 2032 2188 non
2084 2149 2306 2201 cogno-

655 2225 833 2280 scatis
871 2241 1029 2284 eum,
1075 2229 1137 2278 ut
1195 2223 1545 2294 praedictum
1605 2230 1708 2276 est.
1768 2223 2039 2277 Notitiam
2101 2227 2302 2276 autem

653 2319 710 2369 et
737 2314 1138 2383 cognitionem
1171 2312 1330 2375 dicit,
1374 2327 1548 2366 nosse
1576 2311 1942 2383 simpliciter,
1987 2317 2043 2366 et
2086 2327 2304 2382 cogno-

654 2417 816 2457 scere
867 2401 1029 2474 quod
1088 2402 1158 2456 sit
1219 2401 1374 2455 Deus
1426 2406 1482 2454 et
1537 2400 1720 2462 Pater,
1780 2416 1896 2454 non
1985 2401 2132 2455 scire
2205 2403 2302 2455 Dei

651 2497 947 2547 naturam.
983 2494 1124 2546 Nam
1153 2492 1286 2560 ipsa
1323 2505 1441 2544 non
1484 2490 1681 2542 solum
1745 2490 2026 2554 cognosci
2081 2491 2299 2560 nequit,

654 2595 857 2635 verum
886 2580 1061 2634 etiam
1093 2579 1338 2633 omnino
1396 2577 1842 2645 inintelligibilis
1890 2584 1977 2632 est
2029 2586 2083 2632 et
2137 2579 2302 2632 inac-

652 2668 961 2734 cessibilis,
991 2683 1099 2722 nec
1139 2673 1355 2721 tantum
1388 2665 1754 2731 hominibus,
1817 2667 1921 2720 sed
1972 2672 2027 2722 et
2056 2666 2305 2722 caelesti-

653 2757 763 2811 bus
802 2756 1134 2811 virtutibus.

725 2844 890 2900 Vers.
924 2845 1010 2899 56.
1072 2843 1182 2900 Sed
1235 2875 1300 2883 —
1356 2859 1545 2900 servo.
1602 2842 1799 2908 Vides,
1832 2843 1993 2916 quod
2053 2845 2152 2900 Dei
2184 2860 2302 2899 ser-

651 2949 894 2990 monem
955 2949 1210 2996 servare,
1264 2932 1501 3002 signum
1559 2933 1627 2988 sit
1680 2933 1846 3004 quod
1908 2934 2045 3004 quis
2114 2936 2298 2989 Deum

651 3029 992 3092 cognoscat.
1027 3023 1370 3078 Timeamus
1402 3022 1598 3088 igitur,
1647 3022 1811 3094 quod
1844 3023 1940 3077 Dei
2005 3031 2302 3092 praecepta

651 3127 772 3167 non
804 3127 1129 3177 servamus,
1185 3118 1471 3182 tanquam
1502 3127 1641 3166 cum
1671 3112 1782 3166 .eis
1838 3112 2162 3182 constituti,
2195 3111 2300 3184 qui

653 3200 840 3256 Deum
873 3202 1168 3270 ignorant.
1202 3200 1422 3256 Deinde
1467 3200 1695 3273 probat,
1745 3200 1910 3272 quod
1956 3202 2150 3272 major
2203 3201 2297 3267 sit,

651 3305 836 3362 quam
864 3291 1189 3346 Abraham.

724 3379 885 3435 Vers.
966 3384 1050 3435 56.
1093 3380 1398 3436 Abraham
1455 3410 1524 3420 —
1575 3395 1787 3436 meum.
1846 3408 1916 3424 —
1966 3381 2301 3437 Ezsultavit

651 3468 778 3524 sive
831 3467 1190 3540 concupivit.
1224 3468 1384 3524 Diem
1425 3472 1617 3523 autem
1683 3483 1862 3523 suum
1942 3467 2087 3525 dicit
2138 3467 2301 3525 diem

649 3572 968 3630 passionis.

722 3646 883 3702 Vers.
945 3650 1030 3701 56.
1084 3646 1158 3700 Et
1216 3645 1386 3710 vidit,
1446 3651 1501 3702 et
1569 3646 1807 3715 gavisus
1877 3652 1982 3702 est.
2041 3646 2300 3703 Gavisus

650 3739 738 3788 est
762 3740 997 3805 propter
1049 3733 1295 3788 salutem
1351 3733 1581 3787 mundi.
1653 3734 2066 3802 Prcecognovit
2133 3751 2300 3791 nam-

649 3837 767 3893 que
807 3822 1159 3894 mysterium
1201 3823 1602 3878 cruciﬁxionis
1647 3824 1879 3878 Christi.
1937 3824 2301 3881 Desideravit

649 3911 850 3965 videre
889 3910 1047 3965 diem
1112 3911 1299 3982 ipsius
1337 3919 1389 3965 et
1434 3912 1575 3966 vidit
1623 3912 1788 3966 illum
1843 3912 2295 3984 praeﬁguratum

649 3998 1174 4062 etadumbratum,
1227 4000 1284 4054 in
1335 3999 1429 4054 die
1483 4015 1605 4070 quo
1654 4000 1840 4056 tilium
1892 4018 2068 4056 suum
2131 4003 2298 4059 Isaac

647 4088 861 4144 obtulit
899 4089 956 4143 in
982 4088 1420 4143 holocaustum.
1470 4089 1671 4144 Didicit
1712 4091 1892 4153 enim,
1939 4093 2097 4162 quod
2150 4094 2299 4149 sicut

649 4178 779 4248 ipse
829 4193 946 4232 non
1018 4179 1281 4249 pepercit
1327 4195 1438 4232 suo
1498 4180 1712 4233 dilecto
1785 4188 2027 4251 propter
2084 4182 2295 4248 Deum,

2415 535 2647 598 Φανερῶς
2703 533 2801 604 γὰρ
2829 537 2916 581 νῦν
2949 528 3042 582 ούκ
3074 526 3180 582 εἷπε
3210 538 3362 582 τοῦτο
3389 526 3422 582 δ
3428 533 3482 582 tu
3511 534 3598 588 τὴν
3634 528 3955 604 ἀναισχυντίαν

2415 619 2604 672 αύτῶν.

2483 707 2577 759 ’ον
2637 738 2706 749 —
2761 707 2936 760 αὐτὸν.
3000 739 3066 749 -
3107 707 3220 761 Ούκ
3275 707 3526 780 ἐγνώκατε
3583 709 3749 775 αὐτὸν,
3788 714 3846 772 ὡς
3878 722 3955 774 τοῖς

2413 800 2580 872 ἔργοις
2625 796 2926 869 ἀρνούμενοι
2973 796 3144 850 αύτὸν.
3202 803 3337 856 Φησὶ
3393 802 3496 870 γὰρ
3548 802 3636 849 καὶ
3688 801 3713 850 ὸ
3749 799 3955 853 Ἀπὸστο-

2411 886 2492 945 λος
2574 888 2653 937 ὅτι
2700 891 2829 938 Θεὸν
2886 886 3228 958 ὁμολογοῦσιν
3285 883 3502 953 εἰδέναι,
3555 894 3660 949 τοῖς
3719 885 3773 940 δε
3829 893 3959 962 ἔργοις

2415 971 2709 1044 ἀρνοῦνται.
2775 975 2840 1028 ’Ἦ
2899 981 2984 1028 καὶ
3044 979 3108 1037 ὡς
3159 981 3231 1049 μὴ
3288 975 3560 1047 ἐγνωκότες
3610 981 3693 1028 τὸν
3747 980 3850 1031 Υίὸν
3889 982 3956 1032 αὖ·

2413 1071 2524 1116 τοῦ.
2580 1069 2863 1136 Προείρηκε
2926 1068 3027 1140 γὰρ
3091 1069 3171 1118 ὃτι
3229 1066 3288 1118 Εἰ
3363 1064 3450 1138 ἐμε
3531 1062 3720 1138 ᾔδειτε,
3774 1073 3851 1120 καὶ
3896 1075 3955 1119 τιν

2415 1157 2622 1223 Πατίρα
2681 1173 2782 1223 μου
2840 1150 3015 1226 ᾔδειτε
3070 1155 3150 1206 ἄν.
3215 1154 3278 1207 Ἦ
3341 1157 3406 1215 ὡς
3463 1160 3537 1226 μὴ
3603 1163 3853 1226 τηροῦντες
3896 1163 3955 1210 τὸν

2412 1239 2563 1310 λόγον
2587 1241 2766 1294 αὐτοῦ·
2801 1242 2845 1295 εἰ
2866 1246 2967 1315 γὰρ
3002 1241 3177 1315 ᾔδειτε
3207 1244 3383 1309 αύτὸν,
3408 1242 3634 1318 ἐτηρεῖτε
3662 1245 3720 1296 ἄν
3743 1249 3818 1297 τὸν
3845 1246 3955 1318 λόγον

2414 1349 2596 1385 αυτου.

2487 1508 2620 1579 Ἐγὼ
2652 1505 2711 1561 δε
2742 1505 2829 1561 οἶδ
2834 1528 2866 1561 α
2906 1510 3080 1565 αὐτόν.
3127 1514 3203 1563 Ού
3233 1516 3386 1584 μόνον
3430 1513 3499 1573 ὡς
3529 1511 3580 1574 ἐξ
3611 1511 3760 1564 αὐτοῦ
3785 1518 3860 1564 καὶ
3890 1521 3955 1571 τῆς

2413 1598 2572 1658 αὐτῆς
2602 1599 2788 1660 οὐσίας
2817 1604 2904 1650 καὶ
2932 1603 3132 1671 φύσεως
3160 1606 3249 1653 καὶ
3275 1608 3520 1672 γνώσεως
3549 1606 3636 1666 ὧν,
3667 1601 3785 1653 ἀλλὰ
3819 1608 3889 1654 καὶ
3908 1606 3954 1662 ὡς

2412 1687 2667 1758 τὸνλόγον
2694 1687 2854 1739 αύτοῦ
2881 1698 3070 1760 τηρῶν.
3108 1695 3208 1742 Καὶ
3238 1690 3408 1743 ὀπίσω
3442 1688 3503 1743 δε
3534 1687 3686 1755 εἶπεν,
3725 1693 3794 1742 ὅτι
3820 1692 3955 1742 Ἐστὶθ

2413 1777 2611 1837 ἀληθής
2785 1779 2810 1828 ὁ
2835 1777 3042 1849 πέμψας
3079 1797 3161 1850 με,
3193 1779 3248 1831 ὃν
3292 1781 3439 1851 ὑμεῖς
3473 1780 3568 1832 ούκ
3592 1777 3779 1849 οῖδατε,
3812 1780 3890 1851 ἐγὼ
3913 1777 3953 1831 δι

2413 1862 2538 1918 οἶδα
2569 1865 2744 1936 αὐτὸν,
2780 1869 2856 1919 ὃτι
2889 1868 3012 1942 παρ’
3045 1868 3206 1921 αύτοῦ
3236 1869 3369 1941 εἰμι,

2491 2048 2590 2097 Καὶ
2645 2075 2713 2085 -
2768 2044 3018 2115 ψεύστης.
3077 2043 3340 2100 Ψεύδεσθε
3399 2050 3506 2119 γὰρ
3580 2048 3719 2120 ύμείς
3780 2047 3951 2118 λέγοντες

2415 2134 2495 2184 ὃτι
2521 2133 2637 2203 (67)
2691 2137 2816 2193 Θεὸς
2865 2136 3008 2206 ὑμῶν
3062 2134 3221 2199 ἐστιν,
3265 2136 3324 2187 οῦ
3375 2139 3482 2209 γὰρ
3547 2135 3783 2208 ἐγνώκατε
3821 2136 3945 2199 αὐτὸν,

2417 2227 2486 2284 ὡς
2540 2229 2864 2297 προείρηται.
2925 2222 3146 2283 Εἰδησιν
3221 2223 3281 2279 δε
3345 2232 3435 2279 καὶ
3509 2232 3698 2299 γνῶσίν
3760 2245 3865 2298 φησι
3910 2231 3946 2275 τὸ

2416 2310 2607 2366 εἰδέναι
2632 2319 2720 2365 καὶ
2750 2321 3025 2385 γινώσκειν
3055 2315 3224 2376 αττλῶς
3253 2317 3333 2367 ὃτι
3363 2315 3481 2369 ἐστὶ
3525 2320 3647 2379 Θεὸς
3680 2322 3760 2368 καὶ
3802 2321 3943 2385 Πατὴρ,

2415 2402 2473 2454 οῦ
2513 2406 2615 2473 μὴν
2655 2406 2749 2459 τὴν
2782 2403 2893 2473 (68)
2925 2411 3020 2463 τῆς
3049 2406 3250 2474 φύσεως
3296 2412 3389 2456 τοῦ
3440 2413 3596 2458 Θεοῦ.
3644 2407 3773 2463 Alite
3805 2407 3879 2477 γὰρ
3906 2404 3941 2453 οὐ

2415 2496 2566 2563 μόνον
2615 2493 2896 2562 ἄγνωστος,
2953 2490 3080 2544 ἀλλὰ
3130 2498 3218 2544 καὶ
3270 2493 3534 2557 παντελῶς
3588 2493 3848 2554 ἀνεννόητος
3882 2496 3933 2543 καί

2417 2578 2837 2652 ἀνεπιχείρητος,
2869 2586 2958 2633 καὶ
2989 2580 3048 2633 ού
3078 2586 3230 2653 μόνον
3262 2580 3576 2656 ἀνθρώποις,
3619 2583 3742 2635 ἀλλὰ
3766 2588 3835 2634 καὶ
3861 2587 3930 2638 ταῖς

2415 2669 2676 2741 οὐρανίαις
2717 2667 3021 2742 δυνάμεσιν.

2487 2846 2626 2901 Ἀλλ’
2650 2878 2719 2888 -
2748 2856 2909 2922 τηρῶ.
2933 2853 3085 2919 Ὁρᾷς
3102 2850 3181 2900 ὅτι
3201 2852 3260 2900 τὸ
3288 2850 3373 2901 τὸν
3394 2849 3548 2922 λόγον
3575 2858 3663 2904 τοῦ
3690 2856 3806 2904 Θεοῦ
3825 2853 3946 2921 τηρεῖν

2418 2941 2631 3008 σημεῖὸν
2659 2936 2774 2988 ἐοτι
2798 2945 2887 2988 τοῦ
2916 2933 3107 2989 εἰδέναι
3134 2937 3309 2990 αύτὸν.
3329 2938 3474 2996 Φαϐη
3486 2941 3648 3012 θῶμεν
3674 2945 3820 2991 τοίνυν
3839 2939 3947 2990 cita;

2415 3024 2615 3085 ἐντολὰς
2644 3031 2733 3076 τοῦ
2771 3029 2898 3078 Θεοῦ
2929 3029 3000 3096 μη
3049 3025 3406 3096 φυλάττοντες,
3441 3029 3513 3089 ὡς
3545 3033 3823 3099 ταττόμενοι
3859 3025 3950 3095 μετὰ

2415 3123 2513 3166 τῶν
2546 3112 2864 3186 ἀγνοούντων
2910 3118 2995 3166 τὸν
3037 3120 3183 3169 Θεὸν.
3228 3112 3354 3168 Εἶτα
3390 3117 3762 3178 κατασκευάζει
3795 3119 3865 3166 καὶ
3896 3115 3950 3163 ὁτι

2413 3203 2604 3275 μείζων
2636 3202 2750 3255 ἐστὶ
2779 3211 2870 3255 τοῦ
2904 3202 3161 3276 Ἀϐραάμ.

2487 3290 2724 3366 Ἀϐραὰμ
2782 3323 2850 3332 -
2906 3291 3048 3364 ἀμήν.
3113 3323 3180 3333 -
3243 3293 3644 3365 ’Πγαλλιάσατο,
3692 3299 3831 3365 ἤγουν
3873 3289 3949 3341 ἒπε-

2415 3383 2666 3453 θύμησεν.
2741 3380 2987 3455 [Ἡμέραν
3058 3382 3171 3453 (69)
3227 3379 3284 3436 δε
3356 3383 3520 3438 αύτοῦ
3577 3384 3705 3456 λέγει
3766 3386 3844 3439 τὴν
3887 3385 3949 3430 τοῦ

2415 3478 2666 3544 σταυροῦ.

2485 3653 2584 3703 Καὶ
2642 3645 2769 3712 εἶδε,
2818 3653 2904 3701 καὶ
2960 3648 3152 3724 ἐχάρη.
3213 3650 3414 3725 Ἐχάρη
3465 3648 3562 3705 διὰ
3607 3656 3696 3711 τὴν
3741 3651 3949 3720 σωτηρίαν

2409 3746 2501 3790 τοῦ
2549 3743 2771 3810 κόσμου.
2822 3743 3080 3810 Προγνούς
3120 3741 3222 3812 γὰρ
3274 3743 3332 3792 τὸ
3388 3747 3678 3815 μυστήριον
3727 3746 3808 3798 τῆς
3833 3754 3951 3788 σταυ·

2409 3833 2617 3900 ρώσεως
2659 3834 2751 3878 τοῦ
2815 3834 3049 3899 Χριστοῦ
3101 3826 3445 3902 ἐπεθύμησεν]
3505 3827 3631 3884 ἰδεῖν
3680 3833 3765 3886 την
3799 3828 3950 3896 ἡμέραν

2410 3917 2590 3984 αὐτοῦ,
2653 3921 2742 3968 καὶ
2792 3912 2924 3968 εἶδεν
2974 3917 3130 3974 αὐτὴν
3189 3916 3210 3989 [
3262 3919 3826 3994 προσκιαγραφηθεῖσαν
3865 3914 3950 3982 (70)

2407 4004 2520 4076 καὶ]
2551 4001 2586 4056 δ
2592 4005 2972 4056 ιατυπωθείσαν
3004 4003 3052 4056 ἐν
3094 4013 3156 4077 τῇ
3203 4008 3372 4078 ἡμέρα
3400 4009 3520 4060 καθ’
3552 4011 3610 4066 ἣν
3640 4005 3856 4074 ἀνήνεγκε
3891 4003 3952 4050 τὸν

2410 4097 2520 4146 υἱὸν
2561 4093 2720 4146 αὑτοῦ
2768 4112 2853 4145 τον
2883 4095 3068 4146 Ἰσαὰκ
3121 4095 3194 4155 εἰς
3245 4095 3622 4168 ὀλοκάρπωσιν,
3666 4095 3839 4165 Ἐμαθε
3876 4090 3950 4159 γὰρ

2411 4186 2512 4249 ὁτι,
2562 4185 2734 4252 ὥσπερ
2784 4182 2934 4242 αύτὸς
2984 4183 3077 4235 ούκ
3117 4186 3353 4255 ἑφείσατς
3410 4194 3503 4238 τοῦ
3552 4187 3663 4237 υἱοῦ
3714 4182 3852 4234 αύτοῦ
3886 4183 3952 4228 τοῦ

649 4266 728 4322 ita
767 4282 961 4338 neque
1001 4267 1151 4321 Deus
1194 4269 1524 4337 parciturus
1578 4274 1733 4324 esset
1797 4269 1938 4324 Filio
1993 4287 2102 4325 suo
2153 4271 2300 4325 dile-

2413 4272 2687 4343 ἀγαπητοῦ
2724 4267 2758 4323 δ
2765 4274 2816 4323 ιὰ
2855 4274 2940 4323 τὸν
2980 4274 3130 4338 Θεὸν,
3181 4273 3341 4334 οὕτως
3383 4271 3508 4327 ούδε
3559 4275 3584 4326 ὁ
3620 4275 3730 4332 Θεὸς
3765 4273 3950 4341 φείσεται

650 4362 744 4412 cto
775 4364 1014 4428 propter
1039 4356 1365 4411 hominem.
1403 4359 1466 4411 Et
1491 4357 2010 4428 quemadmodum
2042 4359 2140 4414 ille
2166 4375 2298 4430 por-

649 4446 790 4502 tavit
829 4445 987 4516 ligna
1021 4445 1348 4500 holocausti
1415 4445 1523 4513 sui,
1592 4447 1669 4501 ita
1721 4452 1776 4500 et
1804 4448 1928 4518 ipse
1962 4455 2300 4519 portaturus

649 4539 802 4588 esset
838 4534 1069 4603 lignum
1111 4535 1314 4589 mortis
1353 4550 1495 4588 sum.
1542 4536 1978 4601 Verumtamen,
2015 4537 2164 4592 sicut
2202 4538 2300 4593 illo

649 4638 767 4678 non
809 4639 990 4694 passo
1022 4623 1364 4695 suppositus
1395 4629 1480 4677 est
1519 4623 1672 4678 aries
1711 4640 1721 4678 :
1757 4624 1837 4679 ita
1895 4631 1952 4680 et
2003 4625 2118 4680 hoc
2169 4643 2301 4683 ma-

648 4718 826 4767 nente
855 4712 1231 4784 impassibili,
1262 4711 1610 4767 humanitas
1635 4715 1764 4783 ejus
1788 4714 1985 4768 occisa
2005 4721 2112 4770 est.
2129 4715 2300 4780 Quod

653 4799 702 4854 si
727 4799 884 4855 diem
917 4801 1044 4870 ejus
1073 4799 1275 4856 videre
1305 4800 1679 4865 desideravit,
1722 4800 1928 4874 utique
1975 4802 2089 4859 hoc
2151 4810 2294 4874 erat,

651 4891 941 4960 tanquam
982 4890 1254 4961 majoris.

721 5102 766 5137 ⁷⁷
797 5102 902 5160 Tit.
929 5104 1066 5172 1,16.
1168 5103 1412 5162 "Joan.
1439 5119 1553 5173 vm,
1592 5105 1676 5161 t9.
1754 5106 1992 5163 "Joan.
2020 5125 2114 5173 vn,
2143 5111 2230 5165 26.

2412 4370 2502 4414 τοῦ
2535 4363 2656 4413 Υίοῦ
2687 4360 2846 4412 αὐτοῦ
2885 4367 2975 4412 τοῦ
3006 4358 3280 4430 ἀγαπητοῦ
3322 4358 3416 4414 διὰ
3443 4366 3527 4415 τὸν
3571 4363 3834 4434 ἄνθρωπον.
3876 4357 3946 4406 Καὶ

2413 4453 2585 4521 ὧσπερ
2662 4449 2810 4511 οὗτος
2858 4448 3116 4501 ἐϐάστασε
3165 4452 3230 4501 τὰ
3275 4450 3402 4513 ξύλα
3456 4460 3553 4514 τῆς
3607 4449 3944 4520 ὁλοκαρπώσεως

2415 4540 2592 4602 αὐτοῦ,
2635 4539 2770 4589 οὕτω
2796 4536 3029 4598 κάκεῖνος
3077 4536 3336 4610 βαστάσει
3366 4543 3421 4592 τὸ
3449 4540 3594 4603 ξύλον
3635 4545 3720 4591 τοῦ
3771 4533 3942 4588 Θανάτου

2411 4630 2588 4681 αὑτοῦ.
2644 4626 2781 4685 Πλὴν
2833 4628 3066 4698 καθάπερ
3127 4630 3312 4680 τούτου
3377 4633 3636 4700 μείναντος
3690 4617 3940 4678 ἁπαθούςδ

2408 4719 2554 4788 κριὸς
2605 4714 2783 4779 ἐτύθη⁹
2851 4716 2985 4767 οὕτω
3036 4714 3272 4769 κάκείνου
3343 4720 3578 4789 μένοντος
3643 4714 3850 4770 ἀπαθοῦς
3900 4707 3938 4756 τὸ

2409 4804 2726 4879 ἀνθρώπινον
2792 4805 2952 4857 αὐτοῦ
3021 4806 3507 4876 σφαγιασθησεται.
3584 4804 3642 4859 Εἰ
3709 4799 3764 4856 δε
3811 4795 3935 4852 ἐπιθὺ-

2408 4913 2572 4966 μησεν
2622 4889 2751 4946 ἰδεῖν
2803 4897 2896 4951 την
2954 4894 3149 4966 ἡμέραν
3211 4893 3391 4965 αὐτοῦ,
3456 4897 3525 4958 ὡς
3571 4893 3792 4968 μείζονος
3847 4885 3932 4939 πάν·

2408 5003 2527 5044 τως.

1872 5284 2087 5353 Varia:
2125 5284 2454 5354 lectiones
2498 5295 2562 5353 et
2604 5294 2803 5352 notae.

719 5442 832 5518 (_66)
868 5443 929 5498 ln
973 5445 1272 5518 contextu,
1301 5441 1417 5518 illo
1445 5441 1504 5498 in
1541 5442 1670 5518 loc_o
1712 5443 1895 5518 _cod_d.
1949 5445 2297 5518 Euthymius

648 5513 1237 5587 habentvulgatum
1292 5513 1572 5587 ἀληθινός.
1615 5515 1727 5587 Sed
1779 5513 2298 5587 Chrysostfrefert

650 5584 1030 5658 aanﬁg_Tom.
1065 5584 1203 5649 Vill,
1226 5600 1292 5658 _p.
1326 5586 1449 5656 294,
1474 5586 1599 5653 295,
1631 5584 1963 5658 aliquoties.

717 5658 832 5726 (67)
856 5654 915 5708 Ὀ
945 5654 1262 5726 interponit
1291 5662 1358 5713 A.

718 5728 830 5800 (68)
899 5733 1003 5786 Τήν
1085 5726 1252 5785 abest
1326 5735 1392 5784 Α.
1483 5726 1750 5784 Refertur
1815 5727 1885 5785 ad
1953 5727 2158 5790 εἴδησιν
2206 5735 2294 5785 καὶ

2407 5455 2620 5518 γνῶσιν.

2503 5520 2592 5586 69)
2633 5516 2861 5571 Inclusa
2885 5515 3106 5572 absunt
3133 5518 3199 5571 Α.

2504 5571 2591 5653 703
2633 5589 2870 5645 Inclusa
2895 5571 3124 5645 absunt
3162 5592 3228 5644 A.
3262 5589 3481 5647 ibidem
3513 5589 3726 5662 legitur,
3762 5571 3927 5655 προδια-

2410 5662 2756 5714 θυπωθείσαν.
