4088 6452
235 336 378 394 1305

1321 335 1667 393 COMMENT
1706 337 1775 394 IN
1813 335 2162 394 JOANNEM.
2205 368 2273 379 —
2311 338 2467 393 CAP.
2511 335 2608 393 IX.

3460 337 3483 392 1
3496 338 3601 395 306

309 469 410 518 Καὶ
439 495 508 505 -
536 462 764 536 ἕὼρακας
791 479 804 530 ;
831 461 1019 536 ’ᾩοντο
1045 463 1147 535 γὰρ
1179 461 1331 515 αὑτὸν
1361 461 1517 534 ἐγγὺς
1545 461 1673 516 εἶναι
1711 483 1820 516 πεν-

2014 463 2177 518 Vers.
2212 465 2299 517 57.
2327 462 2500 516 Et—
2550 461 2749 518 vidisti
2801 459 2830 516 7
2882 460 3180 517 Putabant
3241 461 3400 517 enim
3457 478 3597 518 eum

233 559 461 612 τήκοντα
511 552 632 605 ἑτῶν
682 550 777 605 διὰ
826 557 920 608 τὴν
975 553 1312 624 πολυπειρίαν
1368 552 1549 606 αὑτοῦ.
1595 554 1724 605 Tua
1773 548 1832 604 δὲ

235 652 334 695 τῶν
387 644 499 713 (71)
553 642 878 717 ἀντιγράφων
917 644 1311 715 τεσσαράκοντα
1351 643 1663 717 γράφουσιν,
1707 642 1830 714 ὅπερ

236 728 383 786 δοκεῖ
408 731 788 806 ἀκριϐέστερον.

307 907 457 962 Εἶπεν
509 941 577 950 —
632 909 757 972 εἰμι.
806 909 895 971 Ὠς
961 912 1110 971 Θεὸς.
1167 914 1266 962 Καὶ
1323 907 1418 961 οὐκ
1476 904 1634 976 εἶπεν,
1697 906 1831 978 Ἐγὼ

234 1002 395 1070 ἤμην,
473 997 578 1050 ἀλλ’
639 999 769 1070 Ἐγώ
821 999 929 1071 εἰμι
971 1001 996 1050 ὁ
1057 997 1136 1051 ἀεὶ
1198 1002 1284 1049 ὢν.
1318 1001 1387 1049 Τὸ
1413 999 1502 1064 μὶν
1551 993 1638 1049 οὖν
1696 999 1832 1067 γενέ-

236 1089 362 1140 σθαι
422 1095 638 1140 κτιστοῦ
673 1091 772 1140 ’τὸ
866 1084 924 1140 δε
990 1087 1110 1160 Εἰμὶ
1190 1085 1440 1138 ἀκτίστου
1490 1087 1507 1158 [
1563 1090 1653 1139 καὶ
1714 1086 1830 1157 (72)

232 1182 451 1229 κτίστου

306 1266 471 1342 Ἥραν
509 1294 564 1306 -—
612 1265 790 1318 αὐτὸν.
847 1269 913 1319 Οἱ
947 1273 1130 1338 ταχεῖς
1170 1269 1298 1338 πρὸς
1326 1269 1473 1337 φόνον
1505 1285 1516 1298 θ
1547 1264 1828 1338 Ἠγρίαναν

231 1357 335 1427 γὰρ
385 1352 629 1418 δόξαντες
678 1353 995 1428 ὑϐρισθῆναι
1037 1358 1124 1407 τὸν
1183 1353 1420 1429 Ἀϐρααμ
1463 1372 1474 1383 ’
1509 1355 1620 1426 ἅμα
1649 1351 1707 1407 δὲ
1739 1358 1829 1406 καὶ

231 1449 438 1515 γνόντες
467 1446 546 1498 ὅτι
577 1440 856 1502 ἁὶδιότητα
893 1452 1026 1498 Θεοῦ
1050 1445 1379 1517 περιτίθησιν
1406 1443 1588 1514 ἑαυτῷ.

306 1623 512 1684 Ἰησοῦς
569 1620 629 1676 δε
675 1622 891 1697 ἐκρύϐη.
937 1624 1187 1696 Ἀὸρατος
1244 1622 1423 1684 αὐτοῖς
1482 1626 1706 1680 κατέστη
1761 1629 1823 1693 τῇ

231 1712 447 1785 ἐξουσίᾳ
476 1720 568 1773 τῆς
607 1714 866 1773 θεότητος.

307 1806 406 1855 Καὶ
440 1804 598 1877 ἱεροῦ.
625 1807 736 1854 Ἵνα
762 1800 1067 1860 κατασταλῆ
1101 1803 1126 1853 ὀ
1161 1803 1323 1874 θυμὸς
1351 1801 1540 1856 αὐτῶν.

302 1979 518 2032 Διελθὼν
547 2011 616 2020 —-
644 1980 835 2033 αὐτῶν.
889 1985 976 2039 Μὴ
1021 1980 1319 2052 ἰσχυόντων
1351 1976 1480 2032 ἰδεῖν
1521 1980 1693 2035 αὐτόν.
1730 1986 1827 2037 Καὶ

231 2067 379 2122 διατί
429 2069 524 2121 οὐκ
581 2068 813 2132 ἐξέλυσεν
844 2069 1011 2122 αὐτῶν
1051 2074 1144 2126 τὴν
1194 2066 1415 2140 δύναμιν
1459 2074 1548 2122 καὶ
1606 2077 1833 2141 φανερῶς

231 2158 536 2231 ἀνεχώρησε
556 2175 569 2224 ;
603 2163 745 2211 Διότι
761 2161 870 2212 οὗθ’
893 2160 1053 2220 οὕτως
1074 2157 1276 2230 ἔμελλον
1305 2161 1588 2212 πιστεύειν.
1612 2161 1824 2232 Καὶγὰρ

230 2248 279 2301 ἐν
307 2257 377 2318 τῷ
405 2255 571 2322 καιρῷ
602 2256 694 2300 τοῦ
755 2250 960 2309 ῐιάθους
1004 2250 1217 2309 ὑπτίους
1248 2247 1360 2318 (73)
1413 2248 1597 2308 αὐτοὺς
1625 2247 1821 2322 ξόῥιψε,

230 2343 320 2390 καὶ
349 2341 442 2390 τὰς
463 2337 604 2408 ὄψεις
635 2337 802 2390 αὐτῶν
825 2335 1084 2400 ἔσκότισε,
1126 2342 1215 2389 καὶ
1245 2338 1338 2389 οὐκ
1368 2335 1699 2391 ἐπίστευσαν.
1723 2337 1822 2389 Οὗ-

231 2422 318 2478 δεν
347 2428 446 2498 γὰρ
477 2433 656 2498 χεῖρον
685 2424 874 2497 ψυχῆς
905 2424 1284 2496 ἀπηνωκυίας.
1342 2423 1447 2478 Κᾶν
1493 2429 1595 2499 γὰρ
1631 2432 1824 2497 σημεῖα

229 2511 347 2588 ἴδῃ,
374 2513 468 2567 κᾶν
499 2519 708 2590 τέρατα,
737 2519 874 2588 μένει
903 2520 997 2574 τὴν
1024 2515 1184 2574 αὐτὴν
1229 2519 1433 2588 ἔχουσα
1461 2515 1614 2568 πάλιν
1641 2514 1823 2568 ἀναισ-

227 2609 470 2676 χυντίαν.

304 2699 403 2747 Καὶ
431 2702 663 2767 παρῆγεν
685 2694 868 2756 οὕτως.
899 2693 1170 2757 Ἐϐάδιζεν
1209 2696 1385 2762 οὕτως,
1421 2700 1493 2768 μὴ
1527 2699 1822 2769 φαινόμενος

227 2782 424 2845 αὐτοῖς.

479 2878 624 2926 ΚΕΦ.
668 2871 721 2927 1’.
749 2878 871 2946 Περὶ
898 2881 990 2926 τοῦ
1029 2873 1084 2927 ἐκ
1121 2883 1326 2945 γενετῆς
1354 2874 1569 2947 τυφλοῦ.

299 2965 401 3015 Καὶ
430 2993 499 3002 -
526 2971 750 3033 γενετῆς.
777 2961 999 3015 Βεϐαιῶν
1029 2962 1064 3016 ἁ
1093 2960 1220 3028 εἷπε,
1251 2968 1341 3016 καὶ
1369 2966 1708 3035 πιστούμενος
1741 2966 1820 3015 ὅτι

1942 550 2125 608 ferme
2181 567 2313 607 esse
2363 551 2970 624 quinquagenarium,
3049 554 3292 622 propter
3344 551 3596 607 multam

1941 641 2074 713 ejus
2117 641 2390 712 peritiam
2440 645 2496 696 et
2541 640 2986 712 experientiam.
3057 639 3340 705 Quasdam
3395 646 3596 696 autem

1942 730 2308 801 exemplaria
2376 729 2616 795 habent,
2666 729 3096 801 quadraginta,
3140 728 3317 801 ,quod
3366 729 3599 785 videtur

1941 834 2068 874 esse
2098 819 2310 874 verius.

2011 908 2172 962 Vers.
2253 911 2337 964 58.
2391 907 2565 964 Dixit
2629 937 2698 946 —
2763 909 3256 979 sum.Tanquam
3302 907 3476 962 Deus.
3534 908 3599 962 Et

1939 1011 2055 1052 non
2108 997 2276 1061 dixit,
2339 999 2459 1066 Ego
2500 1011 2664 1052 eram
2707 995 2885 1067 ;sed,
2935 996 3061 1066 Ego
3085 1011 3233 1063 sum,
3291 996 3390 1067 qui
3445 1011 3601 1052 sem-

1937 1102 2045 1156 per
2075 1102 2232 1141 sum.
2263 1086 2403 1142 Fieri
2433 1086 2723 1158 siquidem
2754 1085 2837 1140 rei
2869 1091 3078 1141 create
3109 1089 3228 1153 est;
3257 1087 3403 1142 Sum
3435 1101 3596 1149 vero,

1936 1174 2213 1231 increatas
2275 1180 2331 1230 et
2358 1181 2589 1231 creatae.

2009 1266 2171 1320 Vers.
2207 1265 2291 1320 59.
2335 1266 2625 1320 Tulerunt
2662 1297 2725 1306 —-
2757 1280 2905 1321 eum.
2931 1264 3177 1321 Veloces
3242 1264 3319 1320 ad
3349 1263 3593 1322 credam.

1939 1355 2278 1426 Exasperati
2311 1359 2448 1410 sunt
2501 1355 2659 1410 enim
2709 1359 2988 1424 putantes
3034 1354 3252 1424 injuria
3315 1353 3594 1410 affectum

1938 1460 2070 1499 esse
2128 1444 2432 1500 Abraham
2485 1461 2498 1497 :
2541 1444 2716 1499 simul
2764 1444 2960 1509 etiam,
3020 1443 3121 1499 ubi
3175 1443 3597 1514 cognovissent

1938 1533 2102 1606 quod
2133 1534 2232 1588 Dei
2263 1533 2642 1589 aeternitatem
2678 1533 2789 1588 sibi
2821 1533 3166 1588 vindicaret.

2010 1623 2176 1678 Vers.
2207 1625 2297 1680 59.
2328 1625 2488 1678 Jesus
2527 1629 2720 1678 autem
2745 1625 3074 1678 occultatus
3115 1629 3216 1678 est.
3246 1623 3356 1678 Per
3384 1623 3597 1678 divini-

1938 1714 2071 1770 tatis
2097 1713 2424 1786 potentiam
2456 1713 2764 1769 invisibilis
2816 1714 2902 1768 eis
2936 1713 3202 1769 effectus.

1863 1823 1904 1877 Β
2011 1804 2174 1858 Vers.
2202 1804 2291 1858 59.
2335 1804 2414 1858 Et
2443 1835 2510 1843 —
2558 1802 2784 1872 templo.
2845 1805 2912 1858 Ut
2967 1801 3204 1858 illorum
3239 1803 3472 1858 sedaret
3504 1802 3592 1858 fu-

1939 1908 2133 1948 rorem
2144 1933 2156 1944 .

2010 1983 2175 2038 Vers.
2202 1987 2288 2038 59.
2322 1981 2722 2040 Pertransiens
2767 2012 2832 2022 —
2861 1981 3122 2037 illorum.
3158 1983 3299 2038 Cum
3333 1980 3414 2037 illi
3455 1997 3592 2037 eum

1937 2072 2136 2128 videre
2179 2088 2298 2127 non
2345 2076 2614 2144 possent.
2679 2073 2744 2126 Et
2784 2087 2970 2142 quare
3002 2086 3124 2126 non
3183 2071 3447 2126 dissolvit
3477 2070 3598 2126 illo-

1935 2177 2071 2216 rum
2101 2161 2398 2226 virtutem,
2433 2167 2490 2216 et
2550 2160 2865 2216 manifeste
2939 2160 3182 2214 recessit
3225 2159 3253 2214 ?
3299 2160 3444 2226 Quia
3487 2176 3596 2216 nec

1937 2250 2022 2306 sic
2070 2250 2348 2305 credituri
2420 2254 2609 2305 erant.
2686 2247 2911 2304 Etenim
2959 2253 3230 2319 tempore
3286 2249 3593 2319 passionis

1934 2341 2184 2413 supinos
2216 2340 2348 2396 illos
2377 2340 2608 2410 deiecit,
2659 2353 2989 2409 eorumque
3052 2343 3324 2409 aspectus
3381 2337 3594 2394 obscu-

1932 2431 2102 2496 ravit,
2149 2436 2204 2486 et
2250 2446 2372 2485 non
2423 2428 2820 2484 crediderunt.
2875 2431 3022 2484 Nam
3079 2427 3282 2483 anima
3332 2427 3594 2499 reproba

1932 2520 2081 2576 nihil
2109 2525 2195 2576 est
2223 2521 2398 2592 pejus
2427 2535 2440 2573 :
2472 2518 2606 2574 licet
2633 2517 2792 2573 enim
2835 2517 3009 2587 signa
3051 2517 3252 2574 videat
3289 2533 3359 2572 ac
3392 2516 3592 2588 prodi-

1932 2610 2046 2680 gia,
2077 2626 2244 2665 suam
2277 2613 2474 2666 tamen
2507 2622 2746 2679 semper
2774 2607 2986 2662 retinet
3013 2605 3481 2678 impudentiam.

2001 2700 2166 2756 Vers.
2203 2700 2272 2756 59
2313 2700 2391 2754 Et
2420 2699 2507 2755 ita
2531 2696 2893 2769 praeteribat.
2937 2695 3305 2753 Ambulabat
3339 2697 3438 2762 ita,
3471 2710 3594 2752 non

1931 2805 2226 2862 apparens
2262 2788 2397 2844 illis.

2287 2879 2440 2935 CAP.
2471 2879 2536 2933 X.
2570 2878 2649 2932 De
2677 2892 2811 2932 creco
2839 2892 2879 2930 a
2904 2877 3231 2932 nativitate.

2001 2970 2140 3041 Cap.
2189 2969 2288 3024 IX.
2344 2969 2486 3024 Vers
2523 2973 2569 3022 1.
2620 2967 2698 3022 Et
2741 2996 2810 3006 —
2841 2966 3170 3020 nativitate.
3223 2963 3596 3020 Conﬁrman-

227 3055 351 3111 Θεὸς
399 3049 560 3116 ἔστιν,
618 3050 767 3111 εὐθὺς
797 3053 1011 3124 ἔρχεται
1058 3051 1142 3104 ἐπὶ
1197 3054 1372 3124 θαῦμα
1423 3057 1691 3124 μέγιστον,
1731 3057 1819 3103 καὶ

1948 3058 2028 3123 in,
2077 3057 2242 3130 quod
2307 3058 2555 3120 dixerat,
2609 3056 2914 3126 ﬁdemque
2944 3054 3188 3119 faciens,
3228 3053 3393 3126 quod
3437 3053 3593 3109 Deus

226 3146 382 3208 μήπω
465 3144 630 3212 μέχρι
679 3145 794 3192 τότε
847 3145 1134 3212 γενόμενον.
1193 3139 1386 3213 Τυφλοὶ
1433 3144 1522 3212 μεν
1574 3144 1675 3214 γὰρ
1731 3146 1820 3192 καὶ

225 3228 372 3281 ἄλλοι
429 3227 706 3298 ἀνέϐλεψαν
751 3244 763 3257 ·
805 3227 994 3299 τυφλὸς
1049 3225 1107 3282 δε
1165 3228 1212 3280 ἐν
1260 3239 1466 3300 γενετῆς
1497 3232 1607 3300 (74)
1647 3225 1819 3290 οὐδεὶς

224 3320 358 3391 ἄχρι
377 3324 511 3371 τότε.
552 3320 638 3370 Διὸ
667 3321 757 3369 καὶ
784 3314 1072 3387 ἀναϐλέψας
1102 3317 1268 3390 ἔλεγεν
1318 3338 1331 3349 ·
1367 3319 1454 3371 Ἐκ
1484 3327 1574 3370 τοῦ
1633 3319 1821 3379 αἰῶνος

223 3407 314 3459 οὐκ
345 3407 582 3464 ἠκούσθη
609 3407 688 3458 ὅτι
735 3405 905 3468 ἤνοιξί
929 3425 1005 3466 τις
1043 3405 1335 3479 ὀφθαλμοὺς
1362 3408 1555 3479 τυφλοῦ
1584 3426 1819 3478 γεγεννη-

223 3513 377 3568 μενον
386 3535 398 3548 .

299 3767 398 3815 Καὶ
455 3793 523 3804 -—
572 3765 792 3836 γεννηθῇ
825 3763 1150 3839 ;Ἐρωτῶσιν
1217 3765 1320 3836 οὐχ
1375 3767 1445 3826 ὡς
1493 3772 1646 3818 τοῦτο
1695 3767 1821 3818 πάν-

222 3871 319 3912 τως
375 3852 403 3911 ἣ
465 3853 624 3904 έκεῖνο
689 3852 1153 3926 ὑπολαμϐάνοντες,
1209 3856 1441 3929 καθάπερ
1496 3857 1545 3907 οἱ
1611 3853 1820 3914 ἀνόητοι

223 3938 476 3995 Ἰουδαῖοι
503 3956 517 3971 ⁸
544 3945 601 3995 τὸ
630 3945 722 4012 μὶν
771 3945 872 4016 γὰρ
931 3943 1178 4016 ἁμαρτεῖν
1229 3948 1328 4018 πρὸ
1388 3951 1480 3996 τοῦ
1509 3946 1820 4016 γεννηθῆναι

223 4027 500 4100 ἀδύνατον,
534 4035 591 4083 τὸ
624 4027 683 4084 δὲ
707 4033 834 4106 ὑπὲρ
867 4041 966 4084 τῶν
993 4038 1181 4104 γονέων
1226 4033 1542 4094 κολάζεσθαι
1592 4031 1778 4086 ἄδικον
1803 4050 1815 4064 ·

223 4118 327 4171 ἀλλ’
360 4123 503 4172 ἔστιν
537 4121 562 4173 ὁ
590 4125 787 4183 σκοπὸς
835 4128 926 4174 τοῦ
955 4120 1111 4193 λόγου
1135 4130 1388 4182 τοιοῦτος,
1445 4122 1503 4174 Ὀ
1528 4125 1617 4194 μὲν
1648 4125 1819 4197 παρά-

220 4207 370 4270 λυτος
402 4206 494 4261 διὰ
536 4212 629 4271 τὰς
674 4209 931 4282 ἁμαρτίας
983 4213 1142 4262 αὐτοῦ
1197 4211 1421 4278 ἠσθένει,
1481 4212 1653 4271 καθὼς
1718 4209 1822 4262 ἐκεῖ

222 4299 592 4370 μεμαθήκαμεν
643 4317 658 4333 ο
709 4304 826 4372 περὶ
877 4302 1056 4351 τούτου
1098 4295 1156 4351 δὲ
1210 4299 1322 4367 (75)
1361 4303 1414 4350 τί
1467 4298 1630 4370 λέγεις
1671 4315 1685 4365 ;
1736 4303 1820 4359 Τίς

1929 3152 2087 3202 esset
2125 3147 2324 3201 statim
2398 3145 2560 3200 venit
2611 3145 2686 3199 ad
2735 3142 3091 3199 miraculum
3145 3144 3502 3207 maximum,
3535 3148 3594 3198 et

1929 3252 2119 3308 usque
2151 3236 2225 3290 ad
2256 3235 2314 3289 id
2343 3234 2627 3306 temporis
2658 3247 2974 3303 nunquam
3007 3231 3249 3286 factum.
3283 3231 3591 3303 Siquidem

1928 3329 1986 3379 et
2031 3323 2127 3379 alii
2169 3323 2309 3379 caeci
2351 3323 2546 3377 visum
2602 3325 2969 3390 receperunt,
3012 3335 3217 3374 verum
3252 3319 3352 3392 qui
3404 3337 3438 3376 a
3487 3335 3592 3376 na-

1929 3412 2150 3468 tivitate
2203 3428 2396 3468 caecus
2449 3411 2674 3478 fuisset,
2726 3408 2926 3464 nullus
2994 3423 3183 3479 usque
3215 3407 3292 3462 ad
3338 3407 3397 3462 id
3451 3412 3595 3462 tem-

1929 3518 2062 3576 pus.
2098 3501 2234 3556 Ideo
2285 3500 2484 3565 etiam,
2545 3499 2647 3571 qui
2679 3498 2875 3552 visum
2935 3498 3003 3568 (j)
3035 3495 3272 3566 recepit,
3306 3495 3543 3552 dicebat
3575 3497 3590 3539 ε

1927 3593 1976 3648 Α
2010 3591 2223 3646 saeculo
2261 3605 2377 3643 non
2440 3593 2521 3644 est
2562 3587 2854 3650 auditum,
2909 3585 3065 3657 quod
3114 3583 3412 3654 aperuerit
3442 3585 3594 3656 quis-

1925 3681 2086 3751 piam
2121 3679 2312 3735 oculos
2335 3678 2468 3734 caeci
2519 3677 2651 3732 nati
2699 3678 2766 3730 ⁸ο.

2000 3773 2167 3825 Vers.
2243 3772 2294 3822 2.
2353 3768 2432 3824 Et
2479 3772 2805 3822 nasceretur
2851 3765 2880 3822 ?
2945 3761 3412 3834 Interrogabant,
3468 3777 3591 3819 non

1930 3859 2094 3930 quod
2146 3858 2257 3914 hoc
2288 3862 2392 3914 aut
2419 3857 2567 3912 illud
2593 3854 2842 3912 omnino
2865 3853 3331 3925 suspicarentur,
3391 3868 3592 3925 quem-

1929 3947 2261 4003 admodum
2328 3945 2676 4017 insipientes
2747 3943 2984 4009 Judaei;
3035 3957 3178 3997 nam
3241 3941 3402 3997 hunc
3459 3957 3594 4012 pec-

1930 4051 2118 4099 casse,
2192 4039 2518 4107 antequam
2577 4038 2754 4090 natus
2823 4035 2995 4095 esset,
3048 4030 3421 4101 impossibile
3469 4035 3592 4086 erat

1930 4140 2109 4196 porro
2134 4140 2241 4196 pro
2287 4123 2638 4194 parentibus
2705 4121 2903 4193 puniri
2936 4120 3224 4189 injustum
3266 4135 3280 4183 ;
3323 4119 3425 4173 sed
3457 4119 3591 4174 finis

1931 4213 2226 4267 sermonis
2280 4211 2408 4266 talis
2465 4217 2573 4266 est.
2626 4209 2989 4279 Paralyticus
3047 4207 3291 4278 quidem
3351 4211 3593 4278 propter

1929 4305 2178 4371 peccata
2217 4316 2326 4354 sua
2373 4298 2724 4366 aegrotabat,
2784 4297 2934 4351 sicut
2972 4295 3052 4350 ibi
3098 4294 3420 4349 didicimus
3459 4310 3471 4350 :
3517 4294 3590 4349 de

224 4387 470 4458 ἥμαρτεν,
527 4385 672 4445 οὗτος
710 4385 740 4445 ἣ
792 4388 840 4438 οἱ
884 4394 1052 4457 γονεῖς
1119 4385 1275 4437 αὐτοῦ
1333 4388 1525 4457 ςὴμεῖς
1555 4387 1656 4459 γὰρ
1705 4387 1820 4438 οὔτε

1948 4406 2045 4443 ioc
2077 4394 2297 4448 autem.
2368 4387 2510 4444 ouid
2573 4385 2720 4440 dicis
2769 4384 2796 4439 ?
2843 4386 2979 4452 Quis
3025 4385 3306 4452 peccavit,
3366 4382 3482 4448 hic,
3514 4399 3587 4440 an

221 4479 374 4525 τοῦτο
395 4475 512 4525 οὔτε
541 4472 698 4526 ἐκεῖνο
731 4469 999 4547 δυνάμεθα
1035 4473 1217 4545 λέγειν,
1254 4473 1504 4534 παντελῶς
1537 4473 1822 4548 ἐξαπορού-

221 4580 384 4634 μενοι.

292 4748 340 4785 ⁸ο
359 4748 534 4806 Joan.
564 4765 644 4817 1x,
677 4749 764 4805 32.

1926 4483 2196 4547 parentes
2228 4479 2354 4547 ejus
2393 4475 2420 4531 Τ
2470 4491 2580 4531 nos
2612 4474 2772 4530 enim
2801 4489 2994 4544 neque
3033 4471 3165 4534 hoc,
3220 4487 3415 4543 neque
3445 4470 3591 4528 illud

1931 4565 2124 4621 dicere
2175 4581 2520 4637 possumus,
2571 4563 2820 4620 omnino
2851 4561 3182 4618 conturbati
3213 4559 3588 4634 consilioque

1930 4654 2212 4711 destituti.

1423 4849 1646 4919 Varia:
1676 4850 2007 4920 lectiones
2041 4861 2106 4919 et
2148 4858 2348 4920 notae.

287 4992 398 5062 (7t)
421 4990 652 5047 Scilicet
680 4989 1114 5062 Chrysostomi,
1139 4991 1242 5063 qui
1263 4991 1546 5048 audacter
1573 4995 1654 5050 ita
1683 5009 1807 5049 cor-

219 5063 381 5136 rexit.
433 5063 574 5119 Vide
616 5067 758 5118 tom.
789 5063 930 5136 Vill,
964 5079 1113 5136 pag.
1136 5066 1272 5136 324.
1315 5064 1810 5136 Chrysostomum

216 5133 481 5213 sequitur
499 5150 662 5217 ‘unus
679 5150 750 5190 ex
767 5133 1074 5217 codicibus
1101 5133 1556 5217 Mosquensibus
1579 5136 1808 5217 N.Te.s_t.

218 5217 272 5265 ετ.
296 5205 398 5274 qui
431 5209 518 5258 est
541 5221 672 5259 cum
718 5205 982 5261 scholiis.
1025 5205 1327 5274 Origenes,
1381 5207 1484 5279 qui
1515 5213 1663 5263 tom.
1708 5209 1808 5273 XX,

216 5273 274 5328 in
297 5275 584 5330 Joannem
618 5275 748 5331 haec
777 5278 917 5332 data
953 5293 1137 5349 opera
1190 5279 1625 5348 interpretatur,
1649 5278 1812 5334 hunc

216 5360 455 5417 versum
513 5352 704 5400 totum
767 5349 1165 5417 praetermisit.
1213 5355 1537 5407 Πεντήκοντα
1571 5355 1812 5404 servant

216 5415 412 5487 Cyrill.
448 5422 485 5471 t.
510 5417 637 5492 _lV1
663 5432 719 5486 p.
755 5415 855 5473 585
883 5419 942 5472 C.
979 5421 1451 5492 ;_Theophylact.
1489 5437 1545 5492 p.
1587 5422 1692 5492 699
1727 5423 1764 5475 E
1796 5437 1809 5485 ;

217 5503 468 5616 [Saeverus
506 5489 566 5543 in
598 5489 820 5545 Catena
873 5490 1153 5557 Corderii,
1194 5489 1387 5564 p.243
1439 5509 1452 5560 ;
1489 5489 1545 5548 et
1572 5491 1809 5547 codices

258 5560 588 5616 robatiores
617 5574 844 5616 omnes.

258 5559 588 5616 robatiores
617 5574 844 5616 omnes.

398 5738 508 5810 Qui
538 5738 745 5796 visum.
782 5739 948 5796 Forte
977 5739 1142 5810 legit,
1174 5735 1258 5795 διὸ
1298 5744 1385 5793 καὶ
1414 5740 1439 5792 ὁ
1493 5738 1805 5818 ἀναϐλέψας.

1989 4995 2102 5067 (72)
2135 4993 2370 5067 inclusa
2401 4993 2646 5067 absunt
2677 4993 2742 5048 Α.
2778 4994 3032 5056 Κτίστης,
3063 4988 3376 5062 quomodo
3405 4989 3586 5067 etiam

1923 5064 2265 5122 Eustathius
2301 5065 2514 5129 scribit,
2546 5065 2651 5136 qui
2709 5080 2848 5120 cum
2907 5067 3092 5136 κτίτης
3117 5064 3451 5132 comparat.
3474 5077 3585 5136 pro

1922 5137 2286 5193 substantivo
2322 5133 2583 5210 accipio;
2627 5151 2765 5201 non,
2832 5139 2892 5190 ut
2942 5135 3251 5205 interpres,
3285 5147 3394 5203 pro
3425 5133 3586 5190 adie-

1924 5211 2103 5264 ctivo.

1994 5280 2106 5351 (73)
2127 5281 2210 5335 Ita
2236 5278 2586 5351 plerumque
2603 5277 3063 5349 Chrysostomus
3080 5281 3336 5339 oratorie
3353 5280 3582 5345 laudat,

1920 5351 2092 5406 Joan.
2128 5367 2286 5405 xvm.
2319 5354 2370 5412 6,
2395 5353 2578 5404 ἔπεσον
2609 5355 2807 5422 χαμαί.

1991 5422 2381 5487 (74)Γεννητῆς.

1996 5492 2108 5562 (75)
2132 5496 2192 5545 Δὶ
2222 5493 2393 5549 abest
2432 5500 2498 5547 A.
