4088 6430
649 317 787 375 1303

1972 312 2329 374 EUTHYMII
2381 311 2708 370 ZIGABENI

3853 317 3956 379 {30$

650 449 804 500 atur.
833 443 971 500 Vult
996 442 1152 500 enim
1181 447 1467 511 astruere,
1511 439 1678 515 quod
1734 441 1929 510 major
1969 443 2065 508 sit,
2114 457 2301 514 quam

2417 439 2768 514 Βούλεταιγὰρ
2782 440 3180 493 κατασκευάσαι
3199 439 3280 493 ὅτι
3299 441 3489 512 μείζων
3506 441 3618 494 ἑστὶ
3634 449 3718 495 τοῦ
3747 442 3955 518 Ἀϐραάμ.

650 533 950 590 Abraham
988 549 1001 600 ;
1034 550 1175 589 nam
1207 533 1322 589 hoc
1371 532 1430 586 in
1476 531 1747 603 praesenti
1789 545 1910 587 non
1962 531 2133 598 dixit,
2176 546 2305 602 pro-

649 629 780 696 pter
805 622 1069 694 ipsorum
1104 621 1566 694 impudentiam.

722 711 1010 766 Vers.5i.
1072 712 1251 779 Quem
1318 741 1387 750 —
1447 710 1603 764 Vers.
1681 710 1771 766 55.
1834 724 1978 766 eum.
2049 740 2104 750 —
2173 709 2304 764 Non

649 801 991 871 cognovistis
1031 815 1175 862 eum,
1215 805 1417 869 utpote
1453 797 1736 870 operibus
1790 798 1956 852 illum
1991 803 2300 864 negantes.

652 890 803 945 Dicit
853 889 1014 944 enim
1071 893 1126 943 et
1180 887 1499 958 Apostolus
1545 904 1558 941 :
1615 887 1977 954 Conﬁtentur
2039 903 2099 942 se
2150 902 2305 942 nosse

653 980 860 1042 Deum,
901 979 1073 1046 factis
1103 981 1298 1032 autem
1329 984 1545 1046 negant
1575 978 1645 1033 ⁷⁷.
1675 975 1774 1031 Vel
1811 976 1990 1031 etiam
2038 991 2110 1030 eo
2139 975 2303 1047 quod

651 1082 771 1122 non
801 1066 1142 1133 agnoscatis
1166 1065 1368 1120 Filium
1423 1066 1578 1135 ejus.
1641 1064 1865 1119 Dictum
1919 1068 2007 1118 est
2067 1062 2226 1118 enim
2288 1081 2300 1118 :

650 1157 715 1211 Si
750 1171 841 1211 me
867 1155 1301 1223 cognoscet-etis,
1334 1155 1392 1210 et
1427 1155 1665 1209 Patrem
1717 1169 1901 1208 meum
1954 1152 2158 1224 utique
2214 1168 2306 1209 co-

649 1247 1005 1316 gnosceretis
1061 1245 1130 1298 τ’.
1165 1243 1264 1298 Vel
1318 1259 1389 1298 eo
1445 1245 1611 1315 quod
1671 1257 1791 1296 non
1855 1241 2097 1296 servetis
2171 1242 2302 1312 ejus

653 1348 957 1388 sermones
988 1352 1004 1403 ;
1038 1348 1180 1388 nam
1235 1332 1283 1386 si
1313 1331 1742 1403 cognosceretis
1771 1346 1930 1394 eum,
1963 1345 2302 1386 sermonem

652 1423 781 1494 ejus
811 1422 1140 1478 servaretis.

724 1511 883 1566 Vers.
917 1511 1006 1566 55.
1058 1511 1184 1580 Ego
1235 1514 1421 1567 autem
1479 1511 1623 1565 novi
1679 1524 1830 1564 eum.
1893 1513 2019 1565 Non
2079 1507 2299 1572 solum,

653 1616 790 1656 cum
821 1615 892 1655 ex
925 1600 1054 1671 ipso
1081 1601 1217 1662 sim,
1264 1607 1319 1654 et
1345 1598 1613 1669 ejusdem
1656 1597 2026 1661 substantiae,
2073 1605 2303 1653 natura

653 1695 710 1746 et
738 1689 1018 1754 scientiae,
1053 1690 1153 1743 sed
1201 1688 1400 1777 etiamr
1432 1693 1721 1777 tanquam
1776 1702 2116 1742 sermonem
2175 1687 2303 1777 ejus
2335 1722 2378 1777 Β

653 1792 918 1835 servans.
946 1781 1090 1833 Nam
1121 1781 1177 1833 et
1208 1776 1482 1848 superius
1528 1776 1675 1831 dixit
1728 1793 1741 1831 :
1796 1777 1902 1831 Est
1956 1791 2152 1839 verax,
2202 1776 2305 1846 qui

653 1868 808 1923 misit
845 1883 951 1931 me,
979 1882 1150 1938 quem
1181 1882 1275 1921 vos
1306 1881 1423 1922 non
1450 1865 1666 1920 nostis:
1705 1880 1808 1935 ego
1836 1879 1972 1920 vero
1994 1865 2133 1920 novi
2151 1880 2301 1932 eum,

654 1957 797 2028 quia
823 1957 897 2012 ab
924 1972 988 2012 eo
1015 1972 1145 2011 sum
1166 1957 1238 2008 ⁷⁸.

723 2046 865 2100 Vers
920 2051 1007 2100 55.
1067 2047 1129 2100 Et
1189 2074 1258 2086 —
1305 2044 1580 2100 mendax.
1617 2044 1733 2099 Vos
1765 2044 1925 2099 enim
1974 2043 2306 2099 mentimini

653 2135 920 2190 dicentes
961 2135 1146 2189 Deum
1199 2139 1464 2188 vestrum
1514 2149 1666 2199 esse,
1721 2150 1856 2188 cum
1914 2149 2033 2188 non
2085 2149 2308 2202 cogno-

656 2224 834 2279 scatis
873 2240 1031 2282 eum,
1077 2229 1138 2278 ut
1197 2222 1546 2293 praedictum
1606 2230 1710 2276 est.
1770 2222 2040 2277 Notitiam
2103 2227 2303 2276 autem

655 2319 711 2368 et
739 2313 1140 2382 cognitionem
1173 2312 1332 2375 dicit,
1375 2326 1550 2366 nosse
1578 2311 1944 2382 simpliciter,
1989 2317 2044 2366 et
2088 2326 2305 2382 cogno-

656 2417 817 2456 scere
869 2401 1030 2473 quod
1090 2402 1160 2456 sit
1221 2401 1375 2454 Deus
1427 2405 1483 2454 et
1540 2400 1722 2461 Pater,
1781 2416 1896 2454 non
1986 2400 2133 2455 scire
2205 2403 2304 2455 Dei

653 2496 948 2546 naturam.
984 2493 1126 2545 Nam
1154 2491 1287 2560 ipsa
1324 2505 1443 2543 non
1486 2489 1682 2542 solum
1746 2490 2027 2556 cognosci
2083 2490 2300 2559 nequit,

656 2595 857 2635 verum
888 2579 1062 2633 etiam
1094 2578 1340 2633 omnino
1397 2577 1843 2644 inintelligibilis
1892 2583 1979 2632 est
2030 2585 2084 2632 et
2139 2580 2303 2632 inac-

654 2667 963 2733 cessibilis,
993 2683 1100 2722 nec
1140 2672 1356 2721 tantum
1390 2665 1756 2730 hominibus,
1818 2667 1922 2720 sed
1973 2672 2029 2722 et
2057 2666 2306 2722 caelesti-

655 2757 765 2811 bus
803 2755 1135 2811 virtutibus.

727 2843 891 2899 Vers.
925 2845 1012 2899 56.
1073 2843 1183 2899 Sed
1236 2875 1301 2883 —
1357 2858 1546 2900 servo.
1604 2842 1800 2908 Vides,
1834 2843 1994 2915 quod
2055 2844 2153 2899 Dei
2186 2860 2303 2899 ser-

653 2949 896 2989 monem
956 2948 1211 2996 servare,
1265 2932 1503 3002 signum
1559 2933 1628 2987 sit
1682 2932 1847 3004 quod
1909 2933 2046 3004 quis
2115 2936 2299 2989 Deum

653 3028 994 3091 cognoscat.
1028 3022 1372 3077 Timeamus
1403 3021 1599 3089 igitur,
1649 3022 1813 3094 quod
1846 3023 1941 3076 Dei
2007 3031 2304 3092 praecepta

652 3126 773 3166 non
806 3127 1130 3176 servamus,
1186 3117 1472 3182 tanquam
1503 3127 1642 3166 cum
1670 3159 1674 3164 .
1699 3111 1784 3166 eis
1839 3112 2164 3182 constituti,
2197 3111 2302 3184 qui

655 3199 841 3256 Deum
875 3201 1168 3269 ignorant.
1203 3200 1424 3256 Deinde
1468 3200 1696 3272 probat,
1747 3200 1911 3272 quod
1957 3202 2151 3271 major
2204 3201 2298 3266 sit,

652 3304 838 3362 quam
866 3290 1190 3345 Abraham.

725 3378 886 3434 Vers.
967 3383 1050 3434 56.
1094 3379 1399 3435 Abraham
1456 3409 1525 3419 —
1576 3394 1788 3436 meum.
1847 3408 1918 3423 —
1967 3381 2301 3437 Ezsuttavit

653 3467 780 3523 sive
832 3467 1190 3540 concupivit.
1225 3467 1385 3523 Diem
1427 3471 1618 3522 autem
1684 3483 1864 3523 suum
1943 3467 2088 3525 dicit
2139 3467 2302 3525 diem

651 3556 970 3629 passionis.

723 3645 885 3700 Vers.
945 3650 1031 3700 56.
1085 3645 1160 3700 Et
1217 3645 1387 3710 vidit,
1447 3651 1502 3701 et
1569 3646 1808 3714 gavisus
1877 3652 1983 3702 est.
2042 3645 2300 3702 Gavisus

651 3738 739 3788 est
763 3740 998 3804 propter
1051 3732 1297 3788 salutem
1353 3733 1582 3787 mundi.
1654 3734 2067 3802 Prtecognovit
2134 3751 2301 3791 nam-

650 3837 768 3893 que
808 3822 1160 3893 mysterium
1202 3822 1603 3877 crucitixionis
1647 3823 1880 3878 Christi.
1938 3824 2302 3881 Desideravit

650 3909 851 3964 videre
890 3910 1048 3964 diem
1113 3911 1300 3981 ipsius
1338 3919 1391 3965 et
1435 3911 1575 3965 vidit
1625 3911 1789 3966 illum
1844 3912 2296 3983 prmﬁguratum

649 3997 1175 4061 etadumbratum,
1228 3999 1284 4054 in
1335 3999 1430 4053 die
1483 4015 1606 4070 quo
1654 3999 1841 4055 tilium
1893 4018 2069 4056 suum
2131 4002 2299 4059 Isaac

649 4087 862 4143 obtulit
900 4088 957 4142 in
983 4088 1421 4142 holocaustum.
1471 4088 1672 4144 Didicit
1713 4091 1892 4153 enim,
1940 4092 2098 4161 quod
2151 4094 2300 4148 sicut

650 4178 780 4248 ipse
829 4193 946 4231 non
1019 4178 1281 4248 pepercit
1328 4194 1438 4232 suo
1499 4179 1713 4233 dilecto
1786 4188 2028 4250 propter
2084 4182 2296 4248 Deum,

2417 535 2650 599 Φωερώς
2706 532 2804 604 γὰρ
2831 537 2918 581 νῦν
2951 528 3045 582 ούκ
3076 526 3182 583 εἶπε
3213 538 3362 583 τοῦτο
3390 527 3484 583 διὰ
3513 535 3601 588 τὴν
3637 529 3958 604 ἀναισχυντίαν

2417 618 2481 670 αύ
2487 627 2585 670 τῶν
2594 659 2606 672 .

2485 707 2579 760 ’ον
2639 738 2708 750 --
2763 707 2939 760 αύτον.
3002 739 3069 749 -
3110 708 3222 761 Ούκ
3277 707 3529 780 ἐγνώκατε
3585 709 3753 775 αὐτὸν,
3791 715 3849 773 ὡς
3881 723 3958 775 τοῖς

2415 801 2582 872 ἔργοις
2629 796 2928 870 ἀρνούμενοι
2975 797 3146 850 αὐτόν.
3204 804 3340 856 Φησὶ
3395 802 3499 871 γὰρ
3551 802 3639 850 καὶ
3692 800 3958 854 ο¹Απόστο-

2413 886 2494 945 λος
2577 888 2656 938 ὅτι
2702 891 2831 938 Θεὸν
2888 886 3230 959 ὁμολογοῦσιν
3287 883 3505 955 εἰδέναι,
3557 896 3663 950 τοῖς
3723 886 3776 942 δὲ
3832 894 3961 962 ἔργοις

2417 971 2711 1044 ἀρνοῦνται,
2778 975 2843 1028 Ἠ
2902 981 2986 1028 καὶ
3046 980 3110 1037 ὡς
3161 981 3233 1050 μὴ
3289 975 3562 1048 ἐγνωκότες
3612 981 3696 1028 τὸν
3749 980 3853 1031 Υὶὸν
3892 983 3959 1032 αὖ-

2415 1071 2526 1116 τοῦ.
2583 1069 2865 1136 Προείρηκε
2928 1069 3029 1140 γὰρ
3093 1068 3173 1118 ὃτι
3231 1066 3291 1118 Εἰ
3365 1065 3452 1138 ἔμε
3533 1063 3722 1138 ᾔδειτε,
3777 1075 3854 1120 καὶ
3898 1076 3956 1120 τιν

2417 1157 2624 1223 Πατέρα
2683 1173 2784 1224 μου
2842 1150 3017 1226 ᾔδειτε
3072 1155 3152 1207 οἷν.
3217 1154 3280 1207 Ἦ
3344 1158 3408 1216 ὡς
3465 1160 3539 1227 μὴ
3605 1163 3856 1226 τηροῦντες
3898 1163 3957 1210 τὸν

2414 1239 2565 1310 λόγον
2588 1242 2769 1294 αύτοῦο
2803 1243 2847 1296 εὶ
2868 1246 2969 1315 γὰρ
3003 1241 3178 1315 ᾔδειτε
3209 1244 3384 1309 αὐτὸν,
3409 1243 3637 1318 ἕτηρείτε
3665 1245 3722 1296 ἄν
3746 1249 3820 1298 τὸν
3847 1247 3957 1319 λόγον

2416 1349 2598 1385 αυτου.

2489 1508 2622 1579 Ἐγὼ
2654 1505 2713 1562 δε
2744 1506 2831 1561 οἶδ
2836 1529 2869 1561 α
2908 1510 3082 1566 αὐτόν.
3129 1513 3205 1564 Ού
3235 1516 3388 1584 μόνον
3433 1514 3500 1573 ὡς
3530 1512 3582 1575 ἐξ
3612 1511 3762 1564 ἀύτοῦ
3787 1518 3861 1565 καὶ
3891 1521 3956 1571 τῆς

2415 1598 2574 1658 αὐτῆς
2603 1599 2790 1660 ούσίας
2819 1604 2907 1650 καὶ
2934 1603 3134 1671 φύσεως
3161 1607 3250 1654 καὶ
3277 1608 3521 1673 γνώσεως
3551 1606 3638 1666 ὧν,
3668 1601 3787 1654 ἀλλά
3821 1608 3890 1654 καὶ
3909 1606 3956 1663 ὡς

2414 1687 2669 1758 τὸνλόγον
2695 1687 2856 1739 αὐτοῦ
2883 1698 3072 1760 τηρῶν.
3110 1695 3209 1743 Καὶ
3240 1690 3412 1743 ὀπίσω
3444 1688 3504 1744 δι
3536 1688 3688 1756 εἶπεν,
3727 1693 3796 1743 ὅτι
3822 1693 3956 1742 Ἔστιν

2414 1777 2613 1837 ἀληθὴς
2643 1778 2757 1847 (66)
2787 1779 2812 1829 ὁ
2836 1777 3044 1849 πεμψας
3081 1797 3162 1850 με,
3194 1779 3249 1831 ὸν
3293 1782 3442 1851 ὑμεῖς
3474 1780 3570 1833 οῦκ
3594 1777 3678 1834 οἶδ
3683 1799 3781 1850 ατε,
3815 1780 3891 1852 ἐγὼ
3914 1777 3954 1832 δι

2415 1862 2539 1918 οἶδα
2570 1866 2746 1937 αὐτὸν,
2782 1869 2858 1919 ὅτι
2891 1868 3014 1943 παρ’
3047 1868 3207 1922 αύτοῦ
3237 1869 3370 1942 εἰμι,

2492 2048 2591 2096 Καὶ
2647 2075 2714 2085 -
2770 2044 3020 2115 ψεύστης.
3079 2043 3342 2100 Ψεύδεσθε
3402 2050 3508 2120 γὰρ
3582 2049 3721 2120 ὑμεῖς
3783 2048 3953 2118 λέγοντες

2417 2133 2496 2184 ὃτι
2522 2133 2639 2203 (67)
2693 2137 2817 2194 Θεὸς
2867 2136 3009 2206 ὑμῶν
3064 2134 3222 2198 ἐστιν,
3266 2136 3326 2188 ού
3377 2139 3482 2209 γὰρ
3548 2136 3786 2208 ἕγνώκατε
3824 2136 3947 2200 αὑτὸν,

2418 2227 2487 2284 ὡς
2542 2229 2866 2298 προείρηται.
2927 2223 3148 2283 Εῖδησιν
3223 2223 3282 2279 δε
3347 2233 3437 2280 καὶ
3511 2233 3702 2300 γνῶσίν
3763 2247 3869 2298 φησι
3913 2233 3948 2276 τὰ

2418 2310 2609 2366 εἰδέναι
2634 2320 2721 2365 καὶ
2752 2321 3027 2385 γινώσκειν
3057 2315 3226 2376 ἀπλῶς
3255 2318 3335 2368 ὅτι
3364 2315 3484 2369 ἕστὶ
3528 2321 3651 2379 Θεὸς
3684 2323 3765 2368 καὶ
3806 2322 3947 2386 Πατὴρ,

2416 2403 2475 2454 ού
2515 2406 2617 2473 μὴν
2656 2407 2750 2459 τὴν
2783 2403 2894 2472 (68)
2926 2411 3020 2464 τῆς
3051 2407 3251 2475 φύσεως
3298 2412 3391 2456 τοῦ
3439 2413 3600 2459 Θεοῦ.
3648 2407 3777 2464 Δῦτη
3810 2409 3882 2478 γὰρ
3909 2405 3944 2454 οὐ

2417 2497 2567 2563 μόνον
2616 2493 2898 2563 ἄγνωστος,
2954 2490 3081 2544 ἀλλὰ
3131 2498 3220 2544 καὶ
3271 2493 3538 2558 παντελῶς
3591 2493 3852 2554 ἀνεννόητος
3885 2499 3936 2543 ιιι

2418 2578 2838 2652 ἀνεπιχείρητος,
2870 2586 2960 2633 καὶ
2990 2581 3049 2633 ού
3079 2586 3232 2654 μόνον
3263 2581 3579 2657 ἀνθρώποις,
3623 2583 3746 2636 ἀλλά
3770 2589 3839 2636 καὶ
3864 2588 3934 2639 ταῖς

2416 2669 2678 2741 οὐρανίαις
2718 2667 3022 2742 δυνάμεσιν.

2489 2846 2628 2900 Ἀλλ’
2652 2878 2719 2888 -
2749 2857 2910 2922 τηρῶ.
2935 2853 3086 2919 Ὁρᾷς
3103 2850 3182 2900 ὃτι
3202 2851 3262 2901 τὸ
3289 2851 3374 2902 τὸν
3395 2849 3551 2922 λόγον
3579 2859 3667 2904 τοῦ
3694 2857 3811 2905 Θεοῦ
3828 2855 3949 2922 τηρεῖν

2419 2941 2632 3008 σημεῖὸν
2660 2935 2775 2988 ὶοτι
2799 2945 2889 2988 τοῦ
2917 2934 3108 2989 εἰδέναι
3135 2937 3310 2990 αὐτὸν.
3331 2938 3476 2997 Φαϐη
3488 2942 3651 3013 θῶμεν
3677 2945 3825 2992 τοίνυν
3843 2940 3952 2993 cita;

2417 3024 2617 3084 ἐντολὰς
2645 3031 2735 3076 τοῦ
2772 3030 2899 3078 Θεοῦ
2930 3029 3001 3096 μὴ
3051 3025 3408 3096 φυλάττοντες,
3440 3029 3516 3090 ὡς
3547 3034 3828 3100 ταττόμενοι
3863 3027 3954 3096 μετὰ

2416 3122 2514 3165 τῶν
2547 3113 2866 3186 ἀγνοούντων
2911 3118 2996 3166 τὸν
3038 3119 3185 3170 Θεὸν.
3229 3113 3355 3169 Εἶτα
3391 3119 3766 3179 κατασκευάζει
3799 3120 3870 3168 καὶ
3901 3117 3954 3165 ὁτι

2415 3203 2605 3275 μείζων
2638 3202 2751 3255 ἔστι
2780 3211 2872 3255 τοῦ
2905 3202 3163 3276 Ἀϐραάμ.

2489 3291 2725 3366 Ἀϐραὰμ
2783 3323 2851 3332 -
2908 3291 3049 3364 ὶμήν,
3115 3324 3182 3334 -
3244 3294 3648 3366 Ἥγαλλιοίσατο,
3696 3299 3836 3366 ἤγουν
3878 3291 3953 3344 έπε-

2416 3383 2666 3453 θύμησεν.
2743 3380 2988 3455 [Ἡμίραν
3059 3383 3173 3453 (69)
3228 3380 3286 3436 δι
3357 3384 3522 3438 αὐτοῦ
3579 3385 3709 3458 λέγει
3770 3388 3848 3441 τὴν
3891 3388 3953 3432 τοῦ

2415 3479 2667 3544 σταυροῦ.

2486 3654 2586 3702 Καὶ
2643 3645 2770 3712 εἶδε,
2819 3653 2905 3701 καὶ
2961 3648 3153 3725 ἐχάρη.
3215 3650 3415 3725 Ἐχάρη
3467 3649 3563 3706 διὰ
3609 3657 3699 3712 τὴν
3744 3653 3954 3722 σωτηρίαν

2409 3746 2502 3791 τοῦ
2551 3743 2772 3810 κόσμου.
2823 3743 3081 3811 Προγνούς
3122 3741 3223 3812 γὰρ
3275 3742 3334 3792 τὸ
3389 3747 3680 3815 μυστήριον
3730 3748 3812 3800 τῆς
3837 3756 3956 3791 σταυ-

2410 3833 2618 3900 ρώσεως
2661 3834 2752 3878 τοῦ
2816 3834 3050 3899 Χριστοῦ
3102 3826 3446 3902 ἐπεθύμησεν]
3507 3828 3634 3884 ἰδεῖν
3683 3835 3769 3887 τὴν
3803 3830 3956 3899 ἡμέραν

2411 3917 2591 3984 αὑτοῦ,
2654 3921 2744 3968 καὶ
2792 3913 2925 3968 εἶδεν
2975 3917 3131 3974 αὐτὴν
3190 3915 3211 3990 [
3263 3921 3830 3993 προσκιαγραφηθεῐσαν
3870 3917 3956 3984 (70)

2407 4004 2522 4076 καὶ]
2552 4001 2973 4056 διατυπωϐεῖσαν
3005 4003 3052 4056 ἄν
3095 4013 3156 4077 τῇ
3205 4008 3373 4078 ἡμέρᾳ
3402 4009 3521 4060 καθ’
3553 4012 3613 4067 ἦν
3643 4007 3860 4076 ἀνήνεγκε
3896 4006 3957 4053 τὸν

2411 4098 2521 4146 υἱὸν
2561 4093 2720 4146 αὐτοῦ
2769 4112 2854 4145 τον
2884 4095 3069 4146 Ἰσαὰκ
3122 4095 3195 4155 εἰς
3245 4094 3625 4168 ὁλοκάρπωσιν,
3669 4096 3844 4166 Ἐμαθε
3881 4093 3955 4161 γὰρ

2411 4186 2512 4250 ὃτι,
2563 4185 2735 4253 ὥσπερ
2785 4182 2935 4242 αύτὸς
2985 4183 3078 4235 οὐκ
3118 4186 3354 4255 ἐφείσατς
3411 4195 3505 4238 τοῦ
3554 4187 3666 4238 υἱοῦ
3718 4184 3857 4236 αὑτοῦ
3892 4185 3957 4230 τοῦ

650 4266 729 4321 ita
768 4281 962 4337 neque
1002 4266 1152 4321 Deus
1195 4269 1524 4337 parciturus
1579 4273 1734 4323 esset
1799 4268 1938 4324 Filio
1994 4286 2104 4325 suo
2153 4270 2301 4325 dile-

2414 4271 2687 4343 ἀγαπητοῦ
2725 4267 2816 4323 διὰ
2855 4275 2941 4323 τὸν
2981 4274 3130 4338 Θεὸν,
3181 4273 3342 4334 οὕτως
3385 4271 3509 4328 οὐδε
3560 4276 3586 4326 ὁ
3623 4276 3735 4334 Θεὸς
3770 4275 3954 4344 φείσεται

651 4362 745 4411 cto
775 4363 1014 4427 prOpter
1040 4356 1365 4411 hominem.
1403 4359 1466 4412 Et
1492 4357 2011 4428 quemadmodum
2043 4359 2141 4414 ille
2167 4376 2299 4429 por-

650 4446 792 4501 tavit
830 4445 988 4516 ligna
1022 4445 1348 4500 holocausti
1415 4445 1523 4513 sui,
1591 4447 1669 4501 ita
1721 4453 1776 4500 et
1805 4447 1929 4517 ipse
1962 4455 2300 4519 portaturus

650 4538 802 4588 esset
839 4533 1070 4602 lignum
1112 4534 1314 4589 mortis
1353 4550 1495 4589 sum.
1542 4536 1979 4601 Verumtamen,
2015 4537 2164 4592 sicut
2203 4538 2300 4592 illo

649 4637 767 4676 non
809 4639 991 4694 passo
1023 4623 1364 4694 suppositus
1395 4629 1480 4677 est
1519 4623 1672 4678 aries
1711 4640 1722 4678 :
1757 4623 1837 4679 ita
1896 4630 1952 4680 et
2003 4625 2118 4680 hoc
2170 4643 2302 4682 ma-

649 4717 826 4766 nente
856 4711 1231 4784 impassibili,
1263 4710 1610 4766 humanitas
1635 4714 1764 4783 ejus
1788 4713 1986 4768 occisa
2005 4715 2301 4780 εει.ουοά

653 4799 702 4853 si
728 4799 885 4854 diem
917 4801 1044 4870 ejus
1074 4799 1275 4855 videre
1305 4799 1679 4866 desideravit,
1723 4800 1929 4874 utique
1976 4802 2089 4858 boc
2151 4809 2295 4875 erat,

651 4891 941 4959 tanquam
983 4889 1252 4960 majoris.

722 5101 1067 5170 "Tit.l,io.
1168 5103 1676 5174 "Joan.vni,t9.
1754 5107 2114 5173 "Joan.vn,
2143 5111 2230 5165 26.

2412 4370 2502 4414 τοῦ
2535 4362 2657 4413 Υἱοῦ
2687 4359 2846 4412 αύτοῦ
2886 4367 2976 4412 τοῦ
3006 4358 3281 4431 ἀγαπητοῦ
3323 4358 3417 4414 διὰ
3444 4367 3528 4415 τὸν
3573 4364 3840 4435 ἄνθρωπον.
3881 4359 3953 4409 Καὶ

2414 4454 2586 4521 ὥσπερ
2663 4449 2811 4510 οὗτος
2859 4447 3116 4501 ἐϐάστασε
3166 4453 3231 4502 τά
3277 4449 3403 4513 ξύλα
3457 4461 3555 4514 τῆς
3609 4451 3951 4522 ὀλοκαρπὼσεως

2416 4540 2593 4603 αὑτοῦ,
2636 4539 2769 4590 οὕτω
2796 4536 3030 4598 κάκεῖνος
3078 4536 3337 4611 βαστάσει
3367 4543 3422 4592 τὸ
3450 4540 3597 4604 ξύλον
3639 4547 3724 4593 τοῦ
3776 4537 3948 4590 θανάτου

2411 4630 2588 4681 αὑτοῦ.
2645 4627 2780 4684 Πλὴν
2833 4628 3066 4698 καθάπερ
3128 4630 3313 4680 τούτου
3378 4634 3639 4700 μείναντος
3693 4620 3946 4682 ἀπαθούςὸ

2409 4719 2554 4789 κριὸς
2606 4714 2783 4778 ἐτύθη,
2852 4716 2986 4768 οὕτω
3037 4714 3272 4769 κάκείνου
3345 4721 3581 4789 μένοντος
3647 4716 3856 4773 ἀπαθοῦς
3906 4711 3944 4759 τό

2410 4805 2726 4878 ἀνθρώπινον
2793 4805 2952 4857 αὐτοῦ
3021 4806 3508 4876 σφηιασθήσεται.
3586 4805 3645 4860 Εἰ
3714 4801 3770 4858 δε
3817 4800 3942 4855 imii-

2408 4912 2573 4966 μησεν
2623 4889 2752 4946 ἰδεῖν
2803 4897 2896 4951 τὴν
2954 4894 3150 4966 ἡμέραν
3212 4893 3392 4966 αὐτοῦ,
3457 4898 3526 4958 ὡς
3573 4895 3797 4968 μείζονος
3852 4889 3937 4942 πάν-

2409 5003 2528 5044 τως.

1873 5284 2087 5353 Varim
2125 5284 2454 5354 lectiones
2498 5296 2563 5354 et
2604 5294 2804 5353 notae.

719 5441 832 5518 (66)
869 5443 930 5498 in
974 5445 1272 5518 contextu,
1301 5441 1417 5518 ξμο⁸
1445 5441 1505 5498 in
1541 5443 1670 5518 loco
1712 5443 1895 5518 codd.
1949 5446 2297 5518 Eutliymius

649 5511 1237 5587 babentivulgatu‘m
1293 5513 1553 5587 ἀληθινός.
1615 5515 1727 5587 sed
1779 5511 2298 5587 Cbrysost.'refert

651 5583 1030 5658 ulneﬁgTom.
1065 5584 1203 5649 Vill,
1226 5600 1292 5658 _p.
1327 5586 1449 5656 294,
1474 5587 1598 5653 295,
1631 5583 1963 5658 aliquoties.

718 5657 832 5725 (67)
856 5654 915 5707 '0
944 5654 1262 5726 interponit
1291 5662 1358 5713 A.

718 5727 831 5798 (68)
899 5733 1002 5786 Τήν
1085 5726 1253 5784 abest
1327 5734 1392 5784 Α.
1483 5726 1750 5784 Refertur
1815 5727 1885 5784 ad
1953 5726 2158 5789 εἴδησιν
2206 5735 2294 5786 καὶ

2407 5456 2620 5519 γνῶσιν.

2503 5521 2592 5587 69)
2633 5517 2862 5572 Inclusa
2885 5516 3106 5572 absunt
3133 5518 3199 5571 Α.

2505 5575 2591 5664 70}
2633 5590 2870 5646 Inclusa
2901 5589 3124 5646 absunt
3162 5593 3228 5644 A.
3262 5590 3481 5648 ibidem
3515 5591 3730 5664 legitur,
3766 5575 3933 5658 προδια-

2411 5663 2757 5716 θυπωθεῑσαν.
