4088 6450
233 329 378 388 1305

1321 329 1666 387 COMMENT
1705 330 1774 387 IN
1811 329 2162 387 JOANNEM.
2204 361 2272 372 —
2309 331 2466 386 CAP.
2510 328 2606 387 IX.

3460 331 3482 384 1
3495 330 3600 387 306

308 462 409 512 Kal
438 489 507 498 —
535 455 764 530 ἑώρακας
790 473 804 523 ;
831 455 1017 530 ’ῼοντο
1043 457 1146 529 γὰρ
1178 455 1330 509 αὐτὸν
1360 455 1516 528 ἐγγύς
1543 454 1672 510 εἶναι
1710 476 1820 509 πεν-

2013 456 2176 512 Vers.
2211 458 2298 510 57.
2327 455 2499 510 Et—
2549 454 2748 511 vidisti
2800 452 2829 509 7
2881 452 3179 510 Putabant
3241 453 3400 510 enim
3457 471 3596 510 eum

232 552 461 606 τήκοντα
511 545 632 598 ἐτῶν
682 544 776 599 διὰ
825 551 919 602 την
975 546 1312 618 πολυπειρίαν
1367 546 1548 600 αύτοῡ.
1595 547 1723 598 Τινὰ
1771 541 1830 598 δὲ

234 646 333 689 τῶν
386 636 498 707 (71)
552 635 877 710 ἀντιγράφων
916 637 1310 708 τεσσαράκοντα
1350 637 1662 710 γράφουσιν,
1706 635 1828 707 ὅπερ

235 721 382 779 δοκεῖ
408 724 787 799 ἀκριϐέστερον.

307 901 456 956 Εἶπεν
509 934 576 944 -
631 902 756 965 εἰμι.
805 902 894 965 Ὠς
960 906 1108 965 Θεός.
1166 907 1265 956 Καὶ
1322 901 1417 954 ούκ
1475 898 1633 969 εἶπεν,
1696 900 1830 972 Ἐγὼ

233 995 395 1064 ἥμην,
473 991 578 1044 ἀλλ’
639 993 769 1063 Ἐγώ
821 992 928 1065 εἰμι
970 994 996 1044 6
1057 990 1135 1044 ἀεὶ
1198 996 1284 1042 ὧν.
1317 995 1386 1043 Τό
1412 993 1501 1058 μὲν
1550 987 1638 1042 οὖν
1695 993 1831 1061 γενέ-

235 1083 362 1134 σθαι
421 1089 638 1134 κτιστοῡ
672 1085 771 1133 ’τό
865 1077 924 1134 δε
989 1081 1110 1154 Εἰμὶ
1189 1079 1439 1132 ἀκτίστου
1489 1081 1506 1151 [
1562 1084 1652 1132 καὶ
1713 1079 1829 1150 (72)

231 1175 451 1223 κτίστου

306 1259 470 1334 Ἥραν
509 1288 564 1300 -σ
612 1259 790 1312 αὐτόν.
847 1262 912 1312 Οἱ
946 1267 1130 1331 ταχεῖς
1169 1262 1297 1332 πρὸς
1326 1263 1472 1330 φόνον
1504 1279 1516 1292 ·
1547 1258 1828 1332 Ἠγρίαναν

231 1351 335 1422 γὰρ
384 1345 629 1412 δόξαντες
678 1347 994 1421 ὑϐρισθῆναι
1037 1352 1124 1400 τόν
1182 1347 1418 1423 Ἀϐραὰμ
1461 1366 1474 1376 ’
1509 1347 1619 1419 ἅμα
1648 1345 1829 1400 δὲκαὶ

230 1443 437 1509 γνόντες
467 1440 546 1491 ὅτι
577 1434 854 1496 ἀιδιότητα
893 1445 1025 1492 Θεοῦ
1050 1439 1379 1510 περιτίθησιν
1405 1437 1588 1508 ἐαυτῷ.

306 1617 512 1678 Ἰησοῦς
569 1613 630 1670 δε
675 1615 891 1690 ἐκρύϐη.
937 1617 1187 1690 Ἀόρατος
1244 1615 1423 1677 αὐτοῖς
1482 1619 1706 1673 κατέστη
1760 1623 1822 1686 τῇ

231 1706 446 1779 ἐξουσίᾳ
475 1714 567 1767 τῆς
607 1708 866 1767 θεότητος.

307 1800 406 1849 Καὶ
440 1798 598 1871 ἱεροῦ.
625 1801 735 1848 Ἵνα
762 1794 1067 1854 κατασταλῆ
1101 1796 1126 1847 6
1161 1796 1323 1867 θυμός
1351 1794 1540 1849 αὐτῶν.

301 1973 518 2026 Διελθών
547 2005 616 2014 -—
644 1973 835 2026 αὐτῶν.
889 1979 976 2032 Μὴ
1021 1973 1319 2045 ἰσχυόντων
1351 1970 1480 2026 ἰδεῖν
1521 1973 1693 2028 αὐτόν.
1730 1979 1827 2029 Καὶ

230 2061 379 2117 ὃιατί
429 2063 524 2115 ούκ
581 2062 812 2126 ἐξέλυσεν
844 2063 1011 2116 αὐτῶν
1050 2068 1144 2120 την
1195 2059 1416 2134 δύναμιν
1459 2067 1548 2115 καὶ
1606 2070 1833 2134 φανερῶς

231 2152 535 2225 ἀνεχώρησε
556 2169 570 2218 ;
603 2157 745 2205 Διότι
761 2154 870 2205 οὗθ’
893 2153 1053 2213 οὕτως
1074 2151 1276 2224 ἔμελλον
1305 2155 1588 2205 πιστεύειν.
1612 2154 1824 2225 Καὶγὰρ

231 2243 280 2295 ἐν
308 2251 377 2313 τῷ
405 2249 571 2316 καιρῷ
602 2250 694 2293 τοῦ
755 2243 960 2302 nam;
1005 2243 1217 2302 ὑπτίους
1249 2241 1360 2312 (73)
1413 2241 1596 2302 αύτούς
1625 2240 1821 2315 ἔρριψε,

229 2337 320 2384 καὶ
349 2335 442 2384 τὰς
463 2331 604 2402 ὄψεις
634 2331 801 2382 αὐτῶν
825 2329 1084 2393 ὶσκότισε,
1127 2336 1215 2382 καὶ
1246 2331 1338 2383 ούκ
1368 2329 1698 2385 ἐπίστευσαν.
1722 2331 1822 2383 Ούο

232 2416 318 2472 δεν
347 2421 445 2492 γὰρ
477 2426 656 2491 χεῖρον
685 2418 874 2490 ψυχῆς
906 2418 1284 2490 ἀπεγνωκυίας.
1342 2417 1447 2472 Κᾶν
1493 2422 1595 2492 γὰρ
1630 2425 1825 2491 σημεῖα

228 2505 347 2582 ἴδη,
374 2507 468 2561 κᾶν
499 2513 707 2584 τέρατα,
737 2513 874 2582 μένει
903 2513 997 2568 τὴν
1024 2509 1185 2568 αὐτὴν
1228 2513 1434 2582 ἔχουσα
1461 2508 1614 2562 πάλιν
1642 2507 1823 2561 ἀναισ-

227 2603 470 2671 χυντίαν.

304 2693 403 2741 Καὶ
430 2695 663 2761 παρῆγεν
685 2688 868 2750 οὕτως.
899 2687 1170 2751 Ἐϐάδιζεν
1209 2690 1386 2756 οὕτως,
1421 2694 1492 2762 μὴ
1527 2692 1823 2762 φαινόμενος

228 2777 424 2839 αὐτοῖς.

478 2872 623 2920 ΚΕΦ.
667 2864 720 2921 ι’.
749 2871 872 2940 Περὶ
899 2874 991 2920 τοῦ
1030 2867 1085 2920 ἔκ
1122 2877 1326 2939 γενετῆς
1355 2867 1569 2940 τυφλοῦ.

300 2959 401 3009 Καὶ
429 2987 500 2996 -——
525 2965 751 3027 γενετῆς.
778 2955 1000 3009 Βεϐαιῶν
1029 2955 1064 3009 ἃ
1093 2953 1220 3022 εἶπε,
1251 2961 1341 3010 καὶ
1369 2959 1708 3028 πιστούμενος
1742 2959 1821 3008 ὅτι

1941 543 2124 600 ferme
2180 559 2312 600 esse
2362 543 2969 617 quinquagenarium,
3048 547 3291 615 propter
3343 543 3595 599 multam

1940 635 2073 706 ejus
2116 634 2389 706 peritiam
2439 639 2495 690 et
2539 633 2985 706 experientiam.
3057 632 3339 698 Quasdam
3395 638 3596 688 autem

1941 723 2307 794 exemplaria
2375 721 2615 788 habent,
2665 721 3094 794 quadraginta,
3139 721 3317 794 ,quod
3365 721 3598 778 videtur

1940 827 2067 868 esse
2097 812 2309 868 verius.

2011 901 2171 955 Vers.
2252 904 2336 956 58.
2391 901 2564 957 Dixit
2628 931 2698 940 ——
2762 902 3256 972 sum.Tanquam
3302 900 3475 954 Deus.
3533 900 3598 955 Et

1938 1004 2054 1045 non
2108 989 2275 1054 dixit,
2338 993 2458 1059 Ego
2499 1005 2664 1045 eram
2707 989 2884 1060 ;sed,
2935 989 3060 1059 Ego
3084 1004 3232 1056 sum,
3291 989 3390 1060 qui
3444 1004 3600 1045 sem-

1937 1095 2044 1150 per
2075 1096 2231 1134 sum.
2263 1080 2402 1136 Fieri
2431 1079 2722 1151 siquidem
2754 1078 2836 1134 rei
2867 1083 3078 1134 creatae
3108 1082 3228 1146 est;
3257 1080 3403 1135 Sum
3434 1094 3595 1142 vero,

1935 1167 2212 1224 increataa
2274 1173 2330 1224 et
2357 1174 2588 1224 creatas.

2008 1259 2170 1314 Vers.
2206 1259 2290 1314 59.
2334 1259 2625 1314 Tulerunt
2662 1290 2724 1299 —
2757 1273 2904 1314 eum.
2930 1257 3177 1314 Veloces
3241 1257 3318 1313 ad
3349 1257 3593 1314 caedem.

1938 1348 2277 1419 Exasperati
2310 1353 2448 1404 sunt
2501 1348 2659 1403 enim
2709 1353 2987 1417 putantes
3034 1347 3252 1417 injuria
3315 1346 3594 1404 affectum

1938 1453 2070 1492 esse
2127 1437 2430 1494 Abraham
2484 1455 2497 1490 :
2539 1437 2715 1492 simul
2763 1437 2960 1502 etiam,
3019 1436 3121 1492 ubi
3174 1437 3597 1508 cognovissent

1937 1526 2102 1599 quod
2132 1527 2230 1582 Dei
2262 1527 2642 1582 aeternitatem
2677 1526 2788 1581 sibi
2820 1526 3166 1582 vindicaret.

2010 1617 2175 1672 Vers.
2206 1617 2296 1674 59.
2328 1618 2488 1671 Jesus
2527 1622 2720 1671 autem
2744 1617 3074 1672 occultatus
3114 1621 3216 1671 est.
3246 1616 3355 1670 Per
3383 1615 3596 1672 divini-

1938 1707 2071 1763 tatis
2096 1707 2424 1779 potentiam
2455 1706 2763 1762 invisibilis
2816 1707 2901 1761 eis
2935 1705 3202 1762 effectus.

1863 1816 1904 1870 Β
2010 1797 2174 1851 Vers.
2202 1797 2291 1851 59.
2335 1797 2413 1852 Et
2443 1828 2509 1836 —
2557 1795 2784 1864 templo.
2845 1798 2912 1851 Ut
2967 1794 3204 1850 illorum
3238 1795 3472 1852 sedaret
3504 1795 3592 1851 fu-

1939 1901 2070 1942 rore
2078 1902 2133 1940 m
2144 1926 2155 1938 .

2009 1976 2175 2031 Vers.
2202 1980 2288 2032 59.
2323 1974 2722 2032 Pertransiens
2767 2005 2832 2015 —
2860 1974 3122 2030 illorum.
3157 1975 3299 2030 Cum
3333 1973 3414 2029 illi
3454 1990 3591 2030 eum

1937 2065 2136 2121 videre
2179 2081 2298 2120 non
2345 2068 2613 2136 possent.
2679 2065 2743 2118 Et
2784 2079 2970 2135 quare
3002 2079 3124 2118 non
3183 2063 3446 2119 dissolvit
3477 2063 3597 2118 illo-

1935 2170 2071 2209 rum
2101 2154 2398 2218 virtutem,
2433 2159 2490 2208 et
2550 2152 2866 2208 manifeste
2939 2152 3181 2208 recessit
3225 2152 3254 2206 ?
3299 2153 3444 2218 Quia
3487 2168 3596 2208 nec

1937 2243 2022 2299 sic
2069 2243 2347 2298 credituri
2419 2247 2608 2298 erant.
2686 2240 2911 2296 Etenim
2959 2246 3230 2312 tempore
3287 2242 3593 2312 passionis

1934 2334 2183 2406 supinos
2215 2333 2348 2388 illos
2377 2333 2608 2403 dejeeit,
2659 2346 2989 2402 eorumque
3052 2336 3324 2402 aspectus
3381 2330 3595 2386 obscu-

1932 2425 2102 2490 ravit,
2149 2429 2204 2479 et
2250 2439 2372 2478 non
2423 2421 2820 2477 crediderunt.
2876 2423 3022 2476 Nam
3079 2420 3282 2476 anima
3333 2420 3594 2492 reproba

1932 2513 2081 2569 nihil
2109 2518 2195 2569 est
2223 2513 2397 2585 pejus
2427 2528 2440 2566 :
2473 2511 2606 2568 licet
2633 2510 2792 2566 enim
2835 2510 3009 2579 signa
3052 2510 3252 2566 videat
3289 2526 3359 2565 ac
3391 2508 3592 2581 prodi-

1932 2603 2046 2673 gia,
2077 2619 2243 2658 suam
2276 2606 2474 2658 tamen
2507 2615 2746 2672 semper
2774 2599 2986 2654 retinet
3014 2598 3481 2671 impudentiam.

2001 2693 2166 2748 Vers.
2203 2693 2272 2748 59
2313 2693 2391 2748 Et
2420 2692 2507 2748 ita
2531 2689 2893 2762 praeteribat.
2937 2688 3305 2745 Ambulabat
3339 2689 3438 2755 ita,
3471 2703 3594 2744 non

1931 2797 2226 2856 apparens
2262 2781 2398 2837 illis.

2287 2873 2440 2928 CAP.
2471 2871 2536 2926 X.
2571 2872 2649 2924 Dc
2677 2885 2810 2924 cruce
2840 2885 2878 2923 a
2904 2869 3232 2924 nativitate.

2001 2963 2140 3035 Cap.
2189 2962 2287 3017 IX.
2343 2962 2486 3017 Vers
2524 2965 2570 3014 1.
2621 2960 2698 3015 Et
2741 2988 2811 2998 ——
2841 2958 3171 3013 nativitate.
3223 2955 3596 3012 Conﬁrman-

227 3049 351 3105 Θεὸς
399 3043 560 3110 ἔστιν,
618 3044 768 3105 εὐθὺς
798 3047 1012 3118 ἔρχεται
1059 3044 1142 3098 ἐπὶ
1197 3048 1372 3117 θαῦμα
1422 3050 1691 3117 μέγιστον,
1731 3050 1820 3096 καὶ

1948 3050 2028 3115 in,
2077 3050 2242 3123 quod
2307 3051 2555 3113 dixerat,
2610 3049 2914 3119 ﬁdemque
2944 3047 3189 3112 faciens,
3229 3046 3394 3119 quod
3439 3046 3594 3102 Deus

225 3140 382 3202 μήπω
466 3138 630 3206 μέχρι
679 3139 794 3186 τότε
847 3138 1134 3205 γενόμενον.
1193 3132 1386 3206 Τυφλοὶ
1433 3137 1522 3206 μὲν
1574 3138 1675 3207 γὰρ
1732 3139 1820 3185 καὶ

225 3222 372 3275 ἄλλοι
430 3221 707 3292 ἀνέϐλεψαν
751 3237 763 3251 ⁸
806 3221 994 3293 τυφλός
1049 3219 1107 3275 δε
1166 3221 1213 3274 ἓν
1260 3232 1466 3294 γενετῆς
1497 3225 1607 3293 (74)
1647 3219 1819 3283 οὐδεὶς

223 3314 358 3385 ἄχρι
377 3319 512 3365 τότε.
552 3314 638 3364 Διό
668 3315 757 3362 καὶ
784 3308 1072 3381 ἀναϐλέψας
1103 3311 1268 3382 ἔλεγεν
1319 3331 1332 3343 ·
1368 3312 1453 3364 Ἐκ
1483 3320 1575 3363 τοῦ
1633 3312 1821 3372 αἰῶνος

223 3401 314 3454 ούκ
345 3402 582 3458 ἠκούσθη
609 3401 689 3451 ὅτι
735 3399 906 3462 ἤνοιξε
930 3419 1005 3460 τις
1043 3399 1336 3472 ὀφθαλμούς
1363 3401 1555 3472 τυφλοῦ
1584 3419 1819 3472 γεγεννη-

224 3507 377 3562 μενον
386 3530 398 3542 .

300 3761 398 3809 Καὶ
455 3787 523 3798 —
573 3759 791 3829 γεννηθῇ
824 3757 1150 3832 ;Ἐρωτῶσιν
1217 3758 1321 3830 οὐχ
1375 3760 1444 3819 ὡς
1493 3765 1646 3811 τοῦτο
1696 3759 1821 3811 πάν-

223 3865 320 3906 τως
375 3847 404 3905 ἦ
466 3847 624 3898 ἐκεῖνο
689 3846 1154 3920 ὑπολαμϐάνοντες,
1209 3849 1440 3922 καθάπερ
1496 3850 1545 3900 οἱ
1610 3846 1820 3907 ἀνόητοι

224 3932 476 3989 Ἰουδαῖοι
503 3949 517 3964 ⁶
544 3939 601 3988 τὸ
630 3938 722 4006 μεν
771 3938 873 4010 γὰρ
931 3936 1178 4009 ἁμαρτεῖν
1229 3941 1328 4010 πρὸ
1389 3945 1480 3990 τοῦ
1510 3939 1821 4009 γεννηθῆναι

224 4021 501 4094 ἀδύνατον,
534 4029 592 4076 τό
624 4021 682 4077 δὲ
707 4027 834 4100 ὑπὲρ
866 4034 966 4077 τῶν
993 4030 1182 4097 γονέων
1226 4025 1542 4087 κολάζεσθαι
1593 4024 1778 4079 ἄδικον
1803 4043 1815 4057 ⁸

223 4112 328 4165 ἀλλ’
361 4117 504 4166 ἔστιν
537 4115 563 4166 6
591 4118 786 4176 σκοπός
834 4122 926 4167 τοῦ
954 4113 1110 4186 λόγου
1135 4123 1389 4175 τοιοῦτος.
1445 4115 1504 4167 Ὁ
1528 4118 1617 4186 μὲν
1649 4118 1820 4190 παρά-

221 4200 371 4263 λυτος
403 4199 496 4254 διὰ
537 4205 630 4265 τὰς
675 4203 931 4276 ἁμαρτίας
983 4206 1142 4255 αὐτού
1197 4205 1422 4271 ἠσθένει,
1481 4206 1654 4264 καθὼς
1719 4202 1823 4256 ἐκεῖ

223 4292 593 4364 μεμαθήκαμεν
644 4310 658 4326 ο
709 4297 826 4364 περὶ
877 4295 1056 4344 τούτου
1098 4289 1156 4344 δὲ
1211 4293 1322 4361 (75ὶ
1362 4297 1415 4343 τί
1467 4291 1630 4363 λέγεις
1672 4309 1686 4358 ;
1737 4297 1820 4352 Τίς

1929 3146 2086 3194 esset
2125 3139 2324 3194 statim
2398 3138 2560 3193 venit
2611 3137 2686 3191 ad
2735 3135 3091 3191 miraculum
3146 3136 3502 3200 maximum,
3536 3140 3594 3190 et

1929 3245 2119 3300 usque
2151 3229 2225 3284 ad
2256 3228 2314 3282 id
2343 3227 2627 3298 temporis
2658 3240 2975 3295 nunquam
3007 3223 3250 3278 factum.
3283 3223 3591 3295 Siquidem

1929 3322 1986 3372 et
2031 3317 2127 3372 alii
2169 3315 2310 3372 caeci
2351 3316 2546 3370 visum
2602 3317 2970 3383 receperunt,
3013 3327 3218 3367 verum
3253 3311 3353 3384 qui
3405 3328 3439 3368 a
3488 3326 3592 3368 na-

1929 3405 2150 3461 tivitate
2204 3421 2396 3460 caecus
2449 3403 2675 3470 fuisset,
2727 3401 2927 3456 nullus
2995 3415 3184 3472 usque
3215 3399 3292 3455 ad
3339 3399 3398 3454 id
3451 3404 3596 3454 tem-

1929 3511 2062 3568 pus.
2098 3494 2234 3550 ldeo
2285 3493 2484 3558 etiam,
2545 3492 2648 3564 qui
2679 3491 2876 3545 visum
2936 3490 3004 3560 (j)
3036 3488 3272 3559 recepit,
3307 3487 3544 3544 dicebat
3575 3489 3590 3531 ε

1928 3586 1976 3640 Α
2010 3583 2223 3639 sarculo
2261 3597 2377 3636 non
2440 3586 2520 3637 est
2562 3580 2855 3642 auditum,
2910 3578 3066 3650 quod
3115 3575 3412 3647 aperuerit
3443 3577 3594 3648 quis-

1926 3674 2087 3744 piam
2121 3672 2312 3728 oculos
2335 3671 2468 3727 caeci
2519 3669 2652 3725 nati
2699 3671 2767 3722 ⁸ο.

2001 3765 2168 3817 Vers.
2242 3765 2294 3816 2.
2353 3761 2432 3817 Et
2480 3765 2806 3815 nasceretur
2852 3758 2881 3814 7
2946 3754 3414 3826 Interrogabant.
3469 3770 3591 3812 non

1930 3852 2095 3923 quod
2145 3851 2258 3906 hoc
2289 3855 2392 3906 aut
2419 3849 2568 3905 illud
2594 3847 2844 3904 omnino
2867 3845 3332 3918 suspicarentur,
3392 3861 3593 3917 quem-

1930 3939 2262 3996 admodum
2328 3938 2676 4010 insipientes
2749 3935 2986 4001 Judtei;
3037 3949 3180 3990 nam
3242 3933 3403 3989 hunc
3460 3949 3594 4004 pec-

1931 4044 2118 4093 casse,
2192 4033 2519 4100 antequam
2577 4031 2755 4082 natus
2824 4028 2996 4088 esset,
3049 4022 3422 4094 impossibile
3470 4027 3594 4078 erat

1931 4133 2109 4189 porro
2135 4133 2242 4188 pro
2287 4115 2638 4186 parentibus
2706 4113 2905 4186 puniri
2937 4113 3225 4182 injustum
3268 4127 3281 4175 ;
3325 4111 3427 4166 sed
3458 4111 3592 4166 finis

1931 4206 2226 4260 sermonis
2281 4203 2408 4260 talis
2466 4208 2573 4259 est.
2627 4202 2992 4272 Paralyticus
3048 4199 3293 4271 quidem
3352 4203 3594 4270 propter

1930 4297 2178 4364 peccata
2217 4309 2326 4347 sua
2373 4291 2726 4358 aegrotabat,
2786 4290 2936 4344 sicut
2973 4287 3055 4342 ibi
3100 4287 3422 4341 didicimus
3460 4302 3472 4342 :
3518 4286 3591 4342 de

225 4380 471 4452 ἦμαρτεν,
527 4378 672 4439 οὗτος
710 4379 740 4437 ἣ
793 4381 840 4430 οἱ
884 4387 1052 4450 γονεῖς
1119 4379 1276 4430 αὐτοῦ
1333 4381 1526 4450 ςὴμεῖς
1556 4381 1657 4452 γὰρ
1705 4380 1820 4431 οὔτε

1948 4399 2045 4436 106
2077 4387 2298 4441 autem.
2369 4379 2511 4437 auid
2574 4378 2722 4434 dicis
2771 4377 2798 4432 ‘l
2844 4379 2981 4446 Quis
3027 4377 3307 4444 peccavit,
3367 4374 3484 4439 hic,
3515 4390 3588 4432 an

222 4473 375 4518 τοῦτο
396 4469 512 4518 όύτε
541 4465 699 4519 έκεῖνο
730 4462 1000 4540 δυνάμεθα
1035 4466 1217 4538 λέγειν,
1254 4467 1506 4527 παντελῶς
1538 4466 1822 4541 ἐξαπορούο

221 4574 385 4628 μενοι.

292 4742 341 4779 ⁸ο
360 4742 534 4800 Joan.
565 4758 644 4811 ιι,
678 4742 764 4798 32.

1927 4476 2196 4541 parentes
2229 4472 2354 4540 ejus
2393 4468 2421 4524 ?
2471 4484 2582 4524 nos
2613 4467 2773 4522 enim
2803 4481 2996 4537 neque
3035 4464 3166 4526 hoc.
3221 4479 3416 4535 neque
3446 4462 3592 4518 illud

1931 4559 2124 4614 dicere
2176 4574 2521 4630 possumus,
2572 4555 2822 4612 omnino
2853 4553 3183 4611 conturbati
3214 4551 3588 4625 consilioque

1931 4647 2214 4704 destituti.

1424 4842 1648 4912 Varia;
1678 4843 2007 4913 lectiones
2041 4854 2106 4912 et
2147 4851 2348 4913 ηοΐω.

287 4986 399 5057 (Ἠ)
422 4984 652 5041 Scilicet
681 4983 1114 5056 Cbrysostomi,
1139 4984 1242 5057 qui
1263 4985 1547 5041 audacter
1574 4987 1655 5042 ita
1684 5002 1808 5042 cor-

220 5057 382 5129 rexit.
433 5057 574 5113 Vide
616 5061 758 5112 tom.
789 5057 932 5129 Vill,
965 5072 1104 5129 pag.
1137 5059 1273 5129 324.
1316 5057 1811 5129 Chrysostomum

218 5127 482 5199 sequitur
509 5144 663 5184 unus
679 5143 751 5184 ex
767 5127 1075 5184 codicibus
1102 5127 1558 5199 Mosquensibus
1581 5129 1809 5185 N.Test.

219 5211 274 5271 ᾳ.
297 5195 398 5271 Qui
432 5203 518 5252 est
541 5215 673 5271 cum
718 5199 982 5255 scholiis.
1025 5195 1328 5267 Origenes,
1382 5199 1486 5271 qui
1516 5205 1664 5255 tom.
1709 5202 1809 5266 XX,

217 5267 274 5321 in
298 5268 586 5323 Joannem
619 5269 748 5325 haec
777 5272 918 5326 data
954 5286 1137 5342 opera
1190 5267 1626 5340 interpfetatur,
1650 5271 1813 5327 hunc

218 5355 456 5411 versum
514 5345 704 5394 totum
768 5343 1165 5411 praztermisit.
1213 5347 1539 5400 Πεντήκοντα
1573 5348 1814 5397 servant

217 5409 413 5481 Cyrill.
450 5416 486 5465 ί.
511 5411 636 5485 iV,
664 5426 720 5480 p.
755 5409 856 5467 585
883 5414 943 5466 C.
979 5414 1452 5485 ;ATheophylact.
1491 5429 1547 5485 p.
1589 5415 1694 5485 699
1729 5416 1766 5468 E
1798 5430 1811 5479 ;

217 5497 468 5610 geverus
505 5483 566 5537 in
599 5483 821 5538 Catena
873 5483 1152 5551 Corderii,
1194 5483 1388 5557 p.243
1439 5503 1454 5553 ;
1490 5483 1546 5541 et
1573 5483 1811 5540 codices

258 5555 588 5610 robatiores
618 5568 844 5610 omnes.

258 5553 588 5610 robatiores
618 5568 844 5610 omnes.

399 5731 508 5802 Qui
538 5733 746 5790 visum.
782 5734 947 5790 Forte
978 5732 1142 5804 legit,
1174 5729 1259 5790 διό
1298 5737 1386 5786 καὶ
1415 5734 1440 5786 6
1495 5733 1807 5811 ἀναϐλέψας.

1989 4988 2102 5060 (72)
2136 4986 2372 5060 Inclusa
2400 4985 2647 5060 absunt
2678 4987 2744 5040 Α.
2779 4986 3034 5060 Κτίστης,
3065 4979 3377 5054 quomodo
3407 4981 3587 5060 etiam

1924 5056 2266 5115 Eustathius
2302 5057 2515 5122 scribit,
2547 5058 2653 5129 qui
2711 5073 2849 5113 cum
2909 5059 3094 5129 κτίτης
3119 5056 3452 5124 comparat.
3476 5068 3586 5129 pro

1923 5131 2288 5186 substantivo
2323 5125 2584 5203 accipio;
2628 5143 2766 5193 non,
2833 5132 2893 5183 ut
2944 5127 3254 5197 interpres,
3287 5139 3395 5195 pro
3425 5125 3587 5181 adie-

1925 5204 2103 5258 cﬁvo.

1995 5273 2107 5345 (73)
2128 5275 2147 5328 Ι
2156 5277 2212 5328 ta
2237 5271 2588 5344 plerumque
2604 5271 3064 5342 Chrysostomus
3082 5272 3338 5330 oratorie
3356 5271 3583 5337 laudat,

1922 5343 2095 5399 Joan.
2128 5360 2287 5398 xvm.
2321 5348 2372 5406 6,
2396 5343 2579 5397 ἔπεσον
2610 5349 2808 5415 χαμαί.

1993 5415 2328 5480 (74)Γεννητῆ
2340 5436 2383 5476 ς.

1997 5485 2110 5556 (75)
2134 5489 2194 5538 Δὶ
2224 5485 2395 5542 abest
2435 5493 2500 5540 A.
