4088 6426
646 318 784 376 {303

1968 312 2326 374 EUTHYMII
2377 311 2705 370 ZIGABENI

3853 317 3954 378 l30$

647 450 801 502 atur.
829 443 968 501 Vult
993 443 1148 502 enim
1178 447 1464 511 astruere,
1507 440 1675 516 quod
1731 441 1926 510 major
1966 443 2062 508 sit,
2111 457 2298 514 quam

2414 439 2765 514 Βοῦλεταιγάρ
2779 439 3177 493 κατασκευάσαι
3196 439 3277 492 ὅτι
3297 440 3486 512 μείζων
3503 441 3616 494 ἐστὶ
3632 449 3717 494 τοῦ
3745 443 3952 518 Ἁϐραάμ.

647 535 947 591 Abraham
985 550 998 600 ;
1030 550 1172 590 nam
1204 534 1319 589 hoc
1367 532 1426 587 in
1473 531 1744 603 praesenti
1786 546 1907 587 non
1959 531 2130 598 dixit,
2173 546 2302 602 pro-

646 630 777 697 pter
801 623 1066 694 ipsorum
1101 622 1562 695 impudentiam.

719 712 1006 767 Vers.54.
1069 712 1248 779 Quem
1315 742 1383 750 —
1443 711 1600 764 Vers.
1677 711 1768 767 55.
1831 725 1975 766 eum.
2046 741 2101 750 —
2171 710 2301 764 Non

646 801 988 872 cognovistis
1027 816 1172 863 eum,
1212 805 1414 869 utpote
1449 797 1733 870 operibus
1787 798 1953 852 illum
1988 803 2297 866 negantes.

649 890 800 946 Dicit
850 889 1010 944 enim
1068 893 1124 944 et
1177 888 1497 959 Apostolus
1542 905 1556 942 :
1611 888 1974 954 Conﬁtentur
2036 902 2096 942 se
2147 902 2303 942 nosse

650 981 857 1042 Deum,
898 979 1070 1047 factis
1101 982 1295 1033 autem
1327 984 1542 1046 negant
1573 978 1642 1034 ⁷⁷.
1672 975 1772 1030 Vel
1808 977 1987 1031 etiam
2035 991 2106 1030 eo
2136 975 2301 1047 quod

648 1083 768 1122 non
798 1066 1139 1134 agnoscatis
1163 1065 1366 1120 Filium
1421 1066 1576 1136 ejus.
1638 1064 1862 1118 Dictum
1917 1068 2004 1118 est
2064 1062 2223 1118 enim
2285 1081 2297 1118 :

647 1157 712 1211 Si
747 1171 838 1212 me
864 1155 1298 1224 cognosc-cretis,
1331 1155 1390 1211 et
1424 1155 1662 1209 Patrem
1714 1168 1899 1208 meum
1952 1153 2155 1224 utique
2211 1167 2303 1208 co-

646 1247 1002 1317 gnosceretis
1058 1246 1127 1298 ⁷⁸.
1163 1243 1261 1299 Vel
1315 1259 1386 1299 eo
1443 1245 1608 1316 quod
1668 1257 1788 1297 non
1852 1241 2095 1296 servetis
2168 1243 2299 1312 ejus

649 1349 954 1389 sermones
985 1352 1001 1404 ;
1035 1348 1178 1389 nam
1233 1333 1280 1388 si
1310 1331 1739 1403 cognosceretis
1768 1347 1928 1395 eum,
1961 1345 2299 1387 sermonem

649 1423 778 1494 ejus
808 1423 1137 1478 servaretis.

721 1511 880 1567 Vers.
915 1512 1002 1567 55.
1055 1512 1181 1581 Ego
1232 1515 1419 1567 autem
1477 1511 1621 1566 navi
1676 1525 1827 1565 eum.
1891 1513 2017 1565 Non
2076 1508 2297 1572 solum,

650 1617 787 1657 cum
818 1616 890 1656 ex
922 1601 1052 1672 ipso
1079 1601 1215 1663 sim,
1261 1608 1317 1655 et
1343 1599 1611 1669 ejusdem
1654 1598 2024 1662 substantiae,
2071 1605 2301 1654 natura:

651 1695 707 1746 et
735 1690 1016 1755 scientiae,
1051 1691 1150 1745 sed
1199 1689 1376 1745 etiam
1429 1694 1718 1760 tanquam
1773 1702 2114 1742 sermonem
2172 1687 2300 1756 ejus

651 1794 915 1836 servans.
943 1781 1088 1834 Nam
1118 1783 1175 1834 et
1205 1777 1480 1849 superius
1526 1777 1672 1831 dixit
1726 1793 1739 1831 :
1794 1777 1900 1832 Est
1954 1791 2150 1839 verax,
2200 1776 2302 1846 qui

650 1869 806 1924 misit
842 1883 949 1932 me,
977 1883 1148 1938 quem
1179 1882 1272 1922 vos
1304 1882 1421 1922 non
1448 1866 1664 1921 nostis:
1703 1880 1806 1936 ego
1835 1879 1969 1921 vero
1992 1866 2131 1920 novi
2149 1881 2300 1932 eum,

651 1958 794 2029 quia
821 1958 895 2012 ab
921 1973 985 2013 eo
1014 1973 1143 2012 sum
1163 1958 1236 2009 ⁷⁸.

720 2047 863 2101 Vers
918 2051 1005 2102 55.
1065 2048 1128 2101 Et
1187 2074 1256 2086 —
1303 2044 1578 2101 mendax.
1615 2045 1731 2099 Vos
1763 2044 1922 2099 enim
1972 2043 2303 2099 mentimini

651 2136 918 2192 dicentes
958 2136 1144 2190 Deum
1197 2139 1461 2189 vestrum
1512 2149 1664 2200 esse,
1718 2150 1854 2188 cum
1912 2149 2031 2188 non
2084 2149 2306 2202 cogno—

654 2225 832 2280 scatis
871 2241 1028 2284 eum.
1075 2230 1137 2279 ut
1194 2223 1544 2294 praedictum
1605 2230 1708 2276 est.
1768 2223 2038 2278 Notitiam
2100 2227 2302 2276 autem

653 2320 709 2369 et
737 2314 1137 2383 cognitionem
1171 2313 1330 2375 dicit,
1373 2327 1548 2366 nosse
1576 2312 1942 2383 simpliciter,
1986 2317 2042 2366 et
2086 2327 2304 2382 cogno-

653 2418 815 2457 scere
866 2402 1028 2474 quod
1088 2403 1158 2456 sit
1220 2402 1373 2455 Deus
1425 2407 1482 2454 et
1537 2400 1720 2462 Pater,
1779 2415 1895 2454 non
1984 2401 2131 2455 scire
2203 2403 2301 2455 Dei

650 2497 946 2547 naturam.
982 2494 1124 2546 Nam
1152 2492 1285 2560 ipsa
1323 2505 1440 2544 non
1484 2490 1681 2543 solum
1744 2490 2024 2556 cognosci
2080 2490 2298 2559 nequit,

654 2596 856 2636 verum
885 2580 1060 2634 etiam
1092 2579 1338 2634 omnino
1395 2577 1841 2645 inintelligibilis
1890 2583 1977 2632 est
2028 2585 2082 2632 et
2137 2580 2301 2633 inac-

652 2668 961 2734 cessibilis,
991 2684 1098 2722 nec
1138 2673 1354 2721 tantum
1388 2665 1754 2732 hominibus,
1816 2667 1920 2720 sed
1971 2672 2027 2722 et
2055 2666 2304 2722 caelesti-

653 2757 763 2811 bus
802 2756 1133 2811 virtutibus.

725 2844 889 2900 Vers.
924 2845 1010 2900 56.
1071 2844 1181 2900 Sed
1234 2875 1300 2883 —
1355 2859 1544 2900 servo.
1602 2842 1798 2909 Vides,
1832 2843 1993 2916 quod
2053 2845 2152 2900 Dei
2184 2860 2301 2899 ser-

651 2949 894 2990 monem
955 2949 1210 2996 servare,
1263 2932 1501 3002 signum
1558 2933 1627 2988 sit
1680 2932 1845 3004 quod
1908 2933 2044 3005 quis
2114 2936 2298 2989 Deum

651 3029 992 3092 cognoscat.
1026 3023 1370 3078 Timeamus
1401 3022 1598 3089 igitur,
1647 3022 1811 3094 quod
1844 3023 1940 3077 Dei
2005 3031 2302 3092 praecepta

651 3127 771 3167 non
803 3128 1128 3177 servamus,
1185 3117 1470 3182 tanquam
1502 3128 1640 3167 cum
1669 3159 1672 3164 .
1697 3112 1782 3166 eis
1838 3113 2162 3182 constituti,
2195 3111 2302 3184 qui

653 3201 839 3256 Deum
873 3201 1167 3270 ignorant.
1201 3200 1422 3256 Deinde
1466 3201 1694 3273 probat,
1745 3200 1909 3272 quod
1956 3202 2150 3272 major
2203 3201 2297 3267 sit,

650 3305 836 3363 quam
864 3291 1188 3346 Abraham.

724 3379 884 3436 Vers.
965 3384 1049 3435 56.
1093 3380 1398 3436 Abraham
1455 3410 1524 3420 —
1575 3395 1786 3436 meum.
1845 3409 1916 3424 —
1965 3381 2301 3437 Ezsuttavit

651 3468 778 3524 sive
830 3468 1189 3540 concupivit.
1224 3468 1383 3524 Diem
1425 3472 1617 3523 autem
1683 3483 1862 3523 suum
1941 3468 2086 3525 dicit
2137 3467 2301 3525 diem

649 3557 968 3630 passionis.

721 3647 883 3702 Vers.
944 3650 1030 3701 56.
1085 3646 1158 3700 Et
1216 3645 1386 3710 vidit,
1446 3651 1501 3702 et
1568 3646 1807 3715 gavisus
1876 3652 1982 3703 est.
2041 3646 2299 3702 Gavisus

649 3739 737 3788 est
761 3740 996 3806 propter
1049 3733 1295 3788 salutem
1351 3733 1580 3788 mundi.
1653 3734 2066 3802 Prtecognovit
2132 3751 2299 3791 nam-

649 3838 767 3894 que
807 3822 1159 3894 mysterium
1200 3823 1602 3878 crucitixionis
1645 3824 1879 3878 Christi.
1936 3825 2301 3881 Desideravit

649 3911 850 3965 videre
889 3911 1047 3965 diem
1112 3911 1299 3981 ipsius
1337 3919 1389 3965 et
1433 3912 1574 3965 vidit
1623 3911 1788 3966 illum
1843 3912 2295 3984 praeﬁguratum

648 3998 1174 4062 etadumbratum,
1227 4000 1283 4054 in
1335 3999 1429 4054 die
1482 4016 1605 4070 quo
1654 4000 1839 4056 tilium
1892 4019 2068 4056 suum
2130 4003 2297 4059 Isaac

647 4088 861 4144 obtulit
899 4089 956 4143 in
982 4089 1420 4144 holocaustum.
1470 4089 1671 4144 Didicit
1713 4091 1891 4154 enim,
1939 4093 2097 4162 quod
2150 4094 2299 4149 sicut

648 4178 779 4249 ipse
829 4193 945 4232 non
1019 4179 1281 4249 pepercit
1327 4195 1437 4233 suo
1498 4180 1712 4233 dilecto
1785 4189 2027 4251 propter
2083 4183 2294 4248 Deum,

2414 535 2647 598 disruptio;
2703 533 2800 604 γὰρ
2828 537 2916 581 νῦν
2949 528 3042 581 οῦκ
3074 526 3179 582 εἶπε
3210 538 3361 582 τοῦτο
3388 526 3422 582 δ
3427 533 3481 582 ιά
3511 535 3598 588 τὴν
3635 528 3955 604 ἀναισχυντίαν

2414 619 2604 672 αὐτῶν.

2483 708 2576 760 ’ον
2635 738 2705 750 -—
2760 707 2936 760 αὐτὸν.
2999 739 3066 750 —
3107 707 3219 761 Οῦκ
3275 707 3526 780 ἐγνώκατε
3583 709 3751 774 αὐτόν,
3790 714 3848 772 ὡς
3879 722 3956 775 τοῖς

2412 801 2579 872 ἔργοις
2626 796 2925 870 ἀρνούμενοι
2973 797 3144 850 αὐτόν.
3201 804 3337 856 Φησὶ
3392 802 3495 870 γὰρ
3548 802 3637 849 καὶ
3689 801 3714 850 6
3750 799 3954 853 ’Δπόστο-

2410 886 2492 945 λος
2574 888 2653 937 ὅτι
2699 891 2828 938 Θεὸν
2885 886 3228 959 ὁμολογοῦσιν
3285 883 3501 954 εἰδέναι,
3554 895 3661 949 τοῖς
3721 885 3775 941 δι
3831 893 3959 961 ἔργοις

2415 971 2708 1044 ἀρνοῦνται.
2774 975 2840 1028 Ἦ
2899 982 2984 1028 καὶ
3043 980 3107 1036 ὡς
3158 981 3230 1049 μή
3287 975 3560 1047 ἐγνωκότες
3610 981 3694 1028 τὸν
3748 980 3851 1031 Υίὸν
3891 982 3956 1032 αὑ-

2412 1071 2524 1116 τοῦ.
2580 1070 2862 1136 Προείρηκε
2926 1068 3027 1140 γὰρ
3091 1069 3170 1118 ὃτι
3229 1066 3288 1119 Εἰ
3362 1064 3449 1138 ἔμε
3531 1062 3722 1138 ᾔδειτε,
3776 1074 3853 1120 καὶ
3897 1089 3954 1120 τον

2415 1157 2621 1224 Πατέρα
2681 1173 2781 1223 μου
2840 1150 3015 1226 ᾔδειτε
3070 1155 3149 1206 ἄν.
3215 1154 3278 1207 Ἥ
3341 1157 3406 1216 ὡς
3463 1160 3537 1227 μη
3604 1163 3854 1226 τηροῦντες
3897 1164 3955 1210 τὸν

2412 1239 2562 1310 λόγον
2586 1242 2766 1294 αὐτοῦ·
2800 1243 2844 1295 εὶ
2865 1247 2966 1315 γὰρ
3001 1241 3176 1314 ᾔδειτε
3207 1245 3382 1309 αὑτὸν,
3407 1242 3636 1319 ἄτηρεῖτε
3663 1245 3721 1296 ἄν
3745 1249 3820 1298 τὸν
3847 1246 3954 1318 λόγον

2413 1349 2595 1385 αυτοῦ.

2487 1508 2620 1580 Ἐγὼ
2651 1505 2711 1561 δε
2741 1506 2866 1561 οἶδα
2905 1511 3079 1565 αὐτόν.
3127 1514 3203 1564 Οὐ
3233 1516 3386 1584 μόνον
3429 1513 3498 1573 ὡς
3529 1512 3581 1574 ἐξ
3612 1512 3762 1564 αὐτοῦ
3787 1519 3860 1565 καί
3891 1522 3954 1572 τῆς

2412 1598 2571 1658 αὐτῆς
2601 1599 2787 1660 οὐσίας
2816 1604 2904 1650 καί
2932 1603 3131 1671 φύσεως
3159 1606 3249 1654 καὶ
3275 1608 3520 1672 γνώσεως
3549 1606 3637 1666 ὧν,
3668 1601 3787 1654 ἀλλά
3820 1608 3889 1654 καὶ
3908 1607 3954 1662 ὡς

2411 1687 2666 1758 τὸνλόγον
2694 1688 2854 1740 αὐτοῦ
2880 1698 3070 1760 τηρῶν.
3107 1695 3207 1742 Καὶ
3238 1690 3408 1743 ὀπίσω
3439 1688 3502 1743 δε
3535 1688 3687 1756 εἶπεν,
3727 1694 3796 1743 ὅτι
3821 1693 3954 1743 Ἐστίν

2412 1777 2611 1837 ἀληθὴς
2784 1779 2810 1828 6
2834 1777 3041 1849 πεμψας
3078 1797 3160 1850 με,
3192 1779 3247 1831 ὃν
3292 1781 3438 1851 ὑμεῖς
3472 1780 3569 1832 οῦκ
3593 1777 3780 1849 οἰδατε,
3914 1778 3952 1832 οἰ

2413 1862 2538 1918 οἶδα
2568 1866 2744 1936 αὑτὸν,
2779 1870 2856 1919 ὅτι
2889 1868 3012 1942 παρ’
3045 1868 3205 1922 αὑτοῦ
3236 1869 3369 1942 εἰμι.

2490 2049 2589 2096 καὶ
2645 2075 2712 2085 -·’
2768 2044 3018 2115 ψεύστης.
3077 2043 3340 2100 Ψεῦδεσθε
3399 2050 3506 2119 γὰρ
3581 2049 3720 2120 ὑμεῖς
3782 2047 3950 2118 λέγοντες

2415 2133 2637 2203 ὃτι(67)
2691 2137 2815 2193 Θεὸς
2865 2136 3007 2206 ὑμῶν
3062 2134 3220 2199 ἔστιν,
3264 2136 3323 2188 οὐ
3375 2139 3481 2208 γὰρ
3547 2135 3785 2208 ἕγνώκατε
3823 2137 3945 2201 αὐτόν,

2416 2227 2486 2284 ὡς
2540 2229 2864 2297 προείρηται.
2925 2222 3146 2283 Εἰδησιν
3221 2223 3280 2278 δε
3345 2232 3433 2279 καὶ
3509 2233 3701 2299 γνῶσίν
3762 2247 3866 2298 φησι
3911 2233 3946 2276 τά

2416 2310 2607 2366 εἰδέναι
2632 2319 2719 2366 καὶ
2750 2321 3025 2384 ’γινώσκειν
3055 2314 3224 2375 ἁπλῶς
3253 2318 3332 2367 ὅτι
3362 2315 3480 2369 ἐστὶ
3525 2321 3649 2379 Θεὸς
3682 2323 3763 2368 καὶ
3804 2322 3942 2386 Πατὴρ,

2414 2402 2472 2455 οῦ
2513 2406 2615 2473 μὴν
2655 2406 2748 2459 τὴν
2782 2403 2892 2472 (68)
2924 2411 3019 2463 τῆς
3049 2406 3249 2474 φύσεως
3296 2412 3389 2456 τοῦ
3438 2413 3598 2458 Θεοῦ.
3646 2407 3775 2463 Αῦτη
3808 2408 3880 2478 γὰρ
3906 2405 3940 2454 οὐ

2414 2497 2566 2563 μόνον
2615 2493 2896 2562 ἄγνωστος,
2953 2490 3079 2544 ἀλλά
3129 2498 3218 2544 καὶ
3270 2493 3535 2557 παντελῶς
3589 2493 3849 2554 ἀνεννόητος
3881 2498 3932 2543 καί

2416 2578 2836 2652 ἀνεπιχείρητος,
2868 2586 2958 2632 καὶ
2988 2580 3047 2633 οὐ
3078 2586 3230 2654 μόνον
3262 2581 3577 2656 ἀνθρώποις,
3621 2583 3745 2636 ἀλλὰ
3770 2588 3836 2635 καὶ
3862 2589 3929 2639 ταῖς

2414 2669 2676 2741 οὐρανίαις
2716 2666 3021 2742 δυνάμεσιν.

2487 2846 2626 2901 Ἀλλ’
2650 2878 2717 2887 -
2747 2856 2909 2921 τηρῶ.
2933 2853 3084 2919 Ὁρᾷς
3101 2850 3181 2900 ὃτι
3201 2851 3260 2900 τὸ
3287 2851 3372 2901 τὸν
3393 2848 3549 2921 λόγον
3576 2859 3666 2904 τοῦ
3693 2857 3809 2905 Θεοῦ
3827 2854 3946 2922 τηρεῖν

2418 2941 2630 3008 σημεῖόν
2658 2936 2774 2988 ὶοτι
2797 2945 2888 2988 τοῦ
2915 2933 3107 2989 εἰδέναι
3134 2937 3308 2990 αὐτόν.
3329 2938 3650 3012 Φαϐηθὼμεν
3676 2945 3824 2992 τοίνυν
3841 2940 3949 2992 eisin;

2415 3025 2615 3085 ἐντολὰς
2643 3031 2733 3077 τοῦ
2770 3029 2898 3078 Θεοῦ
2928 3029 2999 3096 μὴ
3049 3025 3406 3096 φυλάττοντες,
3440 3029 3514 3089 ὡς
3546 3033 3825 3100 ταττόμενοι
3861 3027 3951 3097 μετὰ

2414 3123 2512 3166 τῶν
2546 3113 2864 3185 ἀγνοούντων
2909 3118 2995 3166 τόν
3036 3121 3183 3170 Θεὸν.
3228 3112 3353 3169 Εἶτα
3389 3119 3765 3178 κατασκευάζει
3797 3121 3869 3168 καὶ
3899 3116 3951 3164 ὁτι

2413 3203 2604 3275 μείζων
2636 3202 2749 3255 ἔστὶ
2779 3211 2870 3254 τοῦ
2904 3202 3162 3276 Ἀϐραάμ.

2487 3291 2723 3366 ’Δϐραάμ
2782 3323 2849 3332 -
2906 3291 3048 3364 ἐμήν.
3113 3324 3180 3333 -
3242 3294 3646 3365 Ἢγαλλιάσατο,
3695 3300 3834 3366 ἤγουν
3876 3290 3950 3343 ἐπι-

2415 3383 2666 3454 θύμησεν.
2741 3380 2987 3455 [Ἡμέραν
3058 3382 3171 3453 (69)
3226 3379 3284 3436 δε
3355 3383 3519 3438 αὐτοῦ
3577 3384 3708 3457 λέγει
3769 3387 3847 3440 τὴν
3889 3387 3951 3431 τοῦ

2414 3479 2665 3544 σταυροῦ.

2485 3654 2584 3703 Καὶ
2641 3645 2769 3712 εἶδε,
2818 3653 2903 3701 καὶ
2959 3648 3152 3725 ἐχάρη.
3213 3650 3413 3724 Ἐχάρη
3467 3648 3560 3705 διὰ
3607 3657 3697 3712 τὴν
3743 3653 3950 3721 σωτηρίαν

2408 3746 2500 3791 τοῦ
2549 3742 2771 3809 κόσμου.
2822 3743 3080 3811 Προγνοὺς
3120 3742 3221 3812 ’γὰρ
3274 3742 3332 3792 τό
3388 3747 3678 3815 μυστήριον
3729 3747 3810 3799 τῆς
3835 3756 3953 3790 σταυ-

2409 3833 2616 3900 ρώσεως
2659 3835 2751 3878 τοῦ
2815 3835 3049 3900 Χριστοῦ
3100 3826 3445 3902 ίπεθύμησεν]
3504 3827 3632 3884 ἰδεῖν
3681 3834 3766 3887 την
3801 3829 3952 3898 ἡμέραν

2410 3917 2590 3984 αὑτοῦ,
2653 3922 2742 3968 καὶ
2791 3913 2924 3968 εἶδεν
2974 3917 3130 3975 αὐτὴν
3189 3916 3209 3990 [
3262 3921 3828 3993 προσκιαγραφηθεῖσαν
3868 3917 3952 3983 (70)

2407 4004 2520 4076 καὶ]
2551 4001 2972 4057 διατυπωθείσαν
3004 4003 3051 4056 ἐν
3093 4014 3155 4077 τῇ
3203 4008 3371 4078 ἡμέρα
3399 4009 3519 4060 καθ’
3551 4011 3611 4067 ἣν
3641 4006 3858 4075 ἀνήνεγκε
3894 4006 3954 4053 τὸν

2410 4098 2520 4146 υἱὸν
2560 4093 2720 4146 αὑτοῦ
2767 4112 2853 4145 τον
2883 4095 3068 4146 Ἰσαὰκ
3121 4095 3193 4155 εἰς
3244 4095 3623 4168 ὁλοκάρπωσιν.
3668 4095 3842 4166 Ἐμαόε
3879 4092 3953 4160 γὰρ

2410 4187 2512 4250 ὅτι,
2562 4185 2734 4252 ὥσπερ
2783 4182 2934 4242 αὐτὸς
2984 4183 3077 4235 οῦκ
3117 4187 3353 4255 ἐφείσατο
3410 4194 3502 4238 τοῦ
3552 4187 3665 4238 υἱοῦ
3717 4184 3855 4236 αὐτοῦ
3889 4186 3953 4230 τοὺ

649 4266 728 4322 ita
767 4282 961 4338 neque
1001 4267 1150 4321 Deus
1194 4269 1524 4338 parciturus
1578 4274 1733 4324 esset
1797 4269 1938 4325 Filio
1993 4287 2102 4325 suo
2153 4271 2299 4325 dile-

2414 4272 2686 4343 ἀγαπητοῦ
2723 4267 2757 4323 δ
2765 4274 2815 4322 te
2854 4275 2940 4323 τὸν
2980 4275 3129 4338 Θεὸν,
3181 4273 3341 4334 οὕτως
3383 4270 3507 4327 οὐδε
3559 4275 3584 4326 ὁ
3622 4276 3734 4333 Θεὸς
3769 4275 3951 4343 φείσεται

649 4362 744 4412 cto
775 4364 1013 4428 propter
1039 4357 1364 4411 hominem.
1403 4359 1466 4412 Et
1491 4357 2010 4428 quemadmodum
2042 4359 2140 4414 ille
2166 4376 2298 4430 por-

649 4446 790 4502 tavit
829 4445 987 4517 ligna
1021 4445 1347 4500 holocausli
1414 4446 1522 4514 sui,
1591 4447 1668 4501 ita
1721 4452 1775 4501 et
1804 4448 1928 4518 ipse
1961 4455 2299 4519 portaturus

649 4539 802 4588 esset
837 4534 1069 4603 lignum
1111 4535 1314 4589 mortis
1353 4550 1494 4589 suas.
1542 4537 1978 4601 Verumtamen,
2014 4537 2163 4592 sicut
2202 4538 2299 4593 illo

649 4638 766 4678 non
809 4639 990 4694 passo
1023 4623 1363 4695 suppositus
1395 4629 1479 4677 est
1518 4623 1671 4678 aries
1710 4640 1721 4678 :
1757 4624 1837 4680 ita
1895 4631 1951 4680 et
2002 4625 2117 4681 hoc
2169 4643 2301 4683 ma-

648 4718 826 4767 nente
856 4712 1230 4784 impassibili,
1262 4712 1610 4767 humanitas
1635 4715 1763 4783 ejus
1788 4714 1985 4769 occisa
2005 4716 2300 4780 εει.ουοά

652 4799 701 4854 si
727 4799 884 4855 diem
917 4801 1044 4870 ejus
1074 4800 1275 4856 videre
1304 4800 1678 4865 desideravit,
1722 4801 1928 4874 utique
1975 4803 2088 4859 hoc
2151 4809 2294 4875 erat,

650 4891 941 4960 tanquam
982 4889 1252 4961 majoris.

721 5101 766 5137 ⁷⁷
797 5102 902 5160 Tit.
929 5104 1067 5171 1,16.
1168 5103 1553 5173 "Joanvni,
1592 5106 1676 5161 t9.
1753 5107 2113 5173 "Joan.vu,
2142 5111 2230 5165 26.

2412 4370 2502 4414 τοῦ
2534 4363 2656 4413 Υἰοῦ
2686 4360 2845 4412 αὐτοῦ
2885 4367 2975 4412 τοῦ
3005 4358 3280 4431 ἀγαπητοῦ
3321 4358 3416 4414 διὰ
3442 4366 3526 4415 τὸν
3572 4364 3838 4435 ἄνθρωπον.
3879 4358 3949 4408 Καὶ

2413 4454 2585 4521 ὥσπερ
2661 4449 2810 4510 οὗτος
2858 4447 3115 4502 ἐϐάστασε
3165 4452 3230 4502 τὰ
3275 4449 3401 4513 ξύλα
3456 4460 3553 4514 τῆς
3608 4451 3947 4521 ὁλοκαρπώσιως

2415 4540 2592 4603 αὐτοῦ,
2635 4539 2769 4590 οὕτω
2796 4536 3029 4598 κάκεῖνος
3077 4536 3336 4610 βαστάσει
3365 4543 3420 4592 τὸ
3449 4539 3596 4603 ξύλον
3637 4546 3723 4592 τοῦ
3775 4537 3945 4590 θανάτου

2411 4630 2588 4680 αὐτοῦ.
2644 4626 2780 4684 Πλὴν
2833 4628 3066 4698 καθάπερ
3127 4629 3312 4680 τούτου
3377 4633 3638 4700 μείναντος
3692 4620 3941 4682 ἀπαθοὺςό

2408 4719 2553 4789 κριὸς
2605 4714 2782 4780 ἐτύθη,
2851 4716 2985 4767 οῦτω
3036 4714 3271 4769 κάκείνου
3343 4720 3580 4789 μένοντος
3645 4715 3853 4772 ἀπαθοῦς
3903 4711 3940 4758 τό

2409 4804 2725 4879 ἀνθρώπινον
2792 4805 2952 4857 αὐτοῦ
3020 4807 3507 4876 σφηιασθήσεται.
3585 4805 3643 4860 Εἰ
3712 4801 3767 4858 δε
3815 4799 3937 4854 imii-

2407 4913 2572 4966 μησεν
2622 4889 2751 4946 ἰδεῖν
2803 4898 2895 4952 την
2954 4894 3149 4966 ἡμέραν
3211 4893 3392 4966 αὑτοῦ,
3455 4897 3524 4958 ὡς
3571 4895 3795 4968 μείζονος
3849 4888 3933 4941 πέν-

2408 5003 2527 5044 τως.

1872 5283 2087 5353 Varia:
2124 5285 2454 5354 lectiones
2497 5296 2562 5353 et
2604 5294 2803 5353 notas.

719 5443 831 5518 (‘66)
869 5443 929 5498 ln
973 5445 1272 5518 contextu,
1300 5441 1417 5518 illo
1445 5441 1505 5498 in
1541 5442 1669 5518 loco
1713 5443 1894 5518 _cod_d.
1948 5446 2297 5518 Euthymius

648 5513 874 5587 habent
927 5513 1237 5587 vulgatum
1293 5513 1571 5587 ἀληθινός.
1615 5514 1727 5587 Sed
1779 5513 2298 5587 Chrysostfrefert

651 5584 1029 5658 itineri;_Tom.
1064 5584 1202 5650 Vill,
1225 5601 1292 5658 _p.
1326 5586 1449 5656 294,
1474 5586 1598 5652 295,
1631 5584 1963 5658 aliquoties.

717 5658 832 5726 (67)
856 5654 915 5708 ‘0
944 5654 1263 5727 interponit
1291 5661 1358 5713 Α.

718 5727 831 5799 (68)
899 5733 1002 5786 Τὴν
1085 5726 1253 5785 abest
1326 5734 1392 5784 A.
1483 5726 1750 5784 Refertur
1815 5727 1885 5784 ad
1953 5727 2158 5789 εἴδησιν
2206 5735 2294 5785 καὶ

2407 5455 2619 5519 γνῶσιν.

2480 5520 2592 5588 (69)
2633 5517 2862 5572 Inclusa
2885 5516 3106 5572 absunt
3132 5518 3198 5570 Α.

2480 5574 2590 5660 (70}
2632 5589 2870 5646 Inclusa
2901 5588 3124 5645 absunt
3161 5592 3226 5644 Α.
3261 5589 3480 5647 Ibidem
3513 5590 3728 5662 legitur,
3763 5574 3928 5657 προδια-

2410 5662 2756 5715 θυπωθεῑσαν.
