4088 6454
218 333 370 391 1305

1313 333 1658 391 COMMENT
1698 335 1768 392 IN
1805 334 2155 392 ⁸ΙΟΑΝΝΕΜ.
2197 366 2265 378 -υ
2302 336 2459 391 CAP.
2503 333 2600 392 IX.

3453 336 3475 390 1
3488 336 3592 393 306

301 465 402 516 Καὶ
432 493 500 501 -
528 459 756 534 ἑώρακας
783 476 796 527 ;
823 459 1010 534 ⁸’ῼοντο
1037 460 1138 533 γάρ
1171 459 1323 512 αὐτὸν
1354 459 1508 532 ἐγγὺς
1537 458 1665 514 εἶναι
1703 480 1813 514 πεν-

2005 461 2169 516 Vers.
2203 463 2291 515 57.
2320 460 2491 515 Et—
2541 459 2741 516 vidisti
2793 458 2822 514 ‘i
2874 458 3172 516 Putabant
3233 459 3392 516 enim
3450 477 3589 517 eum

216 555 454 609 τήκοντα
503 549 624 602 ἐτῶν
675 547 769 602 διὰ
818 554 912 606 την
967 549 1305 622 πολυπειρίαν
1360 549 1540 604 αὐτοῦ.
1588 552 1716 603 Τινά
1764 545 1823 602 δὲ

219 648 326 692 τῶν
379 640 491 710 (7i)
545 638 870 714 ἀντιγράφων
909 641 1303 712 τεσσαράκοντα
1343 641 1656 714 γράφουσιν,
1699 640 1822 712 ὅπερ

221 725 376 782 δοκεῖ
401 728 780 802 ἀκριϐέστερον.

299 904 449 959 Εἶπεν
502 937 569 947 -
624 906 749 968 εἰμι.
799 906 887 969 Ὠς
953 910 1102 968 Θεός.
1158 911 1258 960 Καὶ
1315 905 1410 958 ούκ
1467 902 1625 974 εἶπεν,
1688 904 1823 976 Ἐγὼ

219 998 388 1067 ἤμην,
465 994 570 1047 ἀλλ’
631 997 762 1066 Ἐγώ
813 996 921 1069 εἰμι
963 997 988 1048 ό
1049 994 1128 1048 ἀεὶ
1190 1000 1276 1046 ὤν.
1309 999 1379 1047 T6
1405 998 1494 1061 μεν
1542 991 1630 1046 οὖν
1687 997 1824 1065 γενέ-

222 1086 354 1137 σθαι
414 1089 764 1138 κτιστοῦ·τό
858 1081 916 1137 δε
983 1085 1102 1157 Εἰμὶ
1182 1082 1432 1136 ἀκτίστου
1481 1085 1498 1155 [
1555 1088 1645 1137 καὶ
1706 1084 1822 1155 (72)

217 1179 444 1226 κτίστου

297 1263 464 1338 Ἦραν
501 1291 556 1304 -ο
605 1262 782 1315 αὐτόν.
839 1266 905 1316 Οἱ
939 1271 1123 1334 ταχεῖς
1162 1266 1290 1336 πρὸς
1318 1267 1464 1335 φόνον
1496 1283 1508 1296 ο
1539 1262 1820 1336 Ἠγρίανοιν

218 1354 327 1425 γὰρ
377 1349 621 1415 δόξαντες
670 1350 987 1425 ὑϐρισθῆναι
1029 1356 1116 1404 τόν
1175 1351 1411 1427 Ἀϐραὰμ
1454 1369 1465 1381 ⁸
1501 1352 1611 1424 ἅμα
1640 1349 1698 1405 δὲ
1731 1356 1820 1404 καὶ

217 1446 430 1512 γνόντες
459 1443 538 1494 ὃτι
569 1437 847 1500 ἀιδιότητα
885 1449 1018 1496 Θεοῦ
1042 1443 1371 1514 περιτίθησιν
1398 1441 1580 1511 ἑαυτῷ.

297 1619 504 1681 Ἰησοῦς
562 1617 621 1673 δε
667 1619 883 1694 ἕκρύϐη.
929 1621 1179 1693 Ἀόρατος
1237 1619 1414 1682 αὐτοῖς
1475 1624 1698 1678 κατέστη
1753 1627 1814 1691 τῇ

219 1709 439 1782 ἐξουσίᾳ
468 1718 559 1770 τῆς
599 1711 858 1770 θεότητος.

298 1803 398 1852 Καὶ
431 1801 590 1874 ἱεροῦ.
616 1805 727 1852 Ἵνα
754 1798 1058 1858 κατασταλῆ
1093 1800 1118 1851 6
1153 1801 1314 1871 θυμός
1342 1799 1532 1853 αὐτῶν.

293 1976 510 2030 Διελθών
539 2009 608 2017 -
636 1977 826 2030 αὐτῶν.
881 1983 967 2036 Μὴ
1013 1977 1310 2050 ἰσχυόντων
1343 1974 1472 2030 ἰδεῖν
1512 1977 1684 2033 αὐτόν.
1722 1984 1819 2034 Καὶ

220 2065 371 2120 διατί
421 2067 516 2119 ούκ
573 2065 804 2129 ἒξίλυσεν
835 2067 1002 2120 αὐτῶν
1042 2072 1136 2124 τῆν
1186 2063 1407 2138 δύναμιν
1450 2071 1540 2119 καὶ
1597 2075 1824 2139 φανερῶς

221 2155 527 2229 ἀνεχώρησε
547 2173 561 2221 ;
595 2161 736 2209 Διότι
753 2158 861 2209 οὗθ’
884 2157 1044 2217 οὕτως
1066 2155 1268 2228 ἔμελλον
1297 2159 1579 2210 πιστεύειν.
1603 2159 1815 2230 Καὶγάρ

221 2245 270 2298 ἐν
299 2254 368 2316 τῷ
397 2253 562 2319 καιρῷ
594 2253 686 2297 τοῦ
746 2247 950 2307 Πάθους
995 2247 1208 2306 ὑπτίους
1240 2245 1352 2316 (73)
1404 2245 1588 2306 αύτούς
1617 2245 1812 2320 ἔρριψε,

220 2341 311 2387 καὶ
340 2338 433 2388 τὰς
455 2335 595 2405 ὄψεις
625 2334 793 2386 αὐτῶν
816 2333 1075 2399 ἐσκότισε,
1117 2340 1206 2387 καὶ
1237 2335 1329 2388 οὐκ
1359 2333 1690 2388 ἐπίστευσαν.
1713 2335 1813 2387 09’-

223 2419 310 2475 δεν
339 2425 436 2495 γὰρ
468 2429 647 2495 χεῖρον
676 2421 865 2494 ψυχῆς
897 2422 1274 2494 ἀπεγνωκυίας.
1333 2421 1438 2476 Κάν
1485 2425 1586 2496 γὰρ
1622 2430 1815 2495 σημεῖα

219 2509 338 2585 ἴδῃ,
365 2510 459 2564 κάν
489 2516 699 2587 τέρατα,
729 2516 866 2585 μένει
895 2517 988 2571 τήν
1015 2513 1176 2572 αὐτὴν
1220 2516 1424 2586 ἔχουσα
1452 2512 1604 2566 πάλιν
1633 2511 1814 2565 ἀναισ-

187 2639 190 2641 λ
218 2606 461 2674 χυντίαν.

295 2696 394 2744 Καὶ
421 2699 654 2764 παρῆγεν
675 2691 859 2753 οὕτως.
890 2691 1161 2754 Ἐϐάδιζεν
1200 2694 1376 2759 οὕτως,
1412 2697 1484 2766 μὴ
1518 2696 1814 2766 φαινόμενος

219 2779 416 2842 αὐτοῖς.

469 2875 614 2923 ΚΕΦ.
659 2867 711 2924 Γ.
739 2875 862 2944 Περὶ
889 2878 981 2923 τοῦ
1021 2870 1076 2924 ἔκ
1113 2881 1317 2943 γενετῆς
1346 2871 1560 2944 τυφλοῦ.

290 2963 392 3012 Καὶ
421 2989 490 2998 —
517 2968 741 3030 γενετῆς.
768 2959 990 3012 Βεϐαιῶν
1020 2959 1056 3013 ἃ
1085 2957 1211 3026 εἷπε,
1242 2965 1332 3014 καὶ
1359 2963 1699 3032 πιστούμενος
1733 2963 1812 3013 ὅτι

219 3052 342 3108 Θεός
389 3047 551 3113 ἐστιν,
609 3048 758 3108 εὐθὺς
788 3051 1002 3122 ἔρχεται
1049 3048 1132 3102 ἐπὶ
1187 3051 1362 3121 θαῦμα
1413 3055 1682 3121 μέγιστον,
1723 3054 1811 3100 καὶ
1844 3063 1882 3119 C

218 3143 372 3205 μήπω
456 3140 628 3209 μέχρι.
669 3141 785 3189 τότε
838 3142 1125 3209 γενόμενον.
1183 3136 1376 3210 Τυφλοὶ
1424 3142 1512 3209 μὲν
1565 3142 1666 3212 γὰρ
1723 3143 1811 3189 καὶ

217 3225 362 3278 ἄλλοι
421 3224 698 3296 ἀνέϐλεψαν
741 3241 754 3254 ⁸
797 3225 985 3296 τυφλός
1040 3223 1098 3279 δε
1157 3225 1204 3278 ἐν
1251 3236 1457 3297 γενετῆς
1488 3229 1598 3298 (74)
1638 3223 1810 3287 ούδεὶς

216 3317 348 3388 ἄχρι
368 3321 502 3368 τότε.
542 3318 629 3367 Διὸ
659 3318 748 3366 καὶ
775 3311 1063 3384 ἀναϐλέψας
1093 3314 1259 3386 ἔλεγεν
1310 3335 1322 3347 ·
1359 3316 1444 3368 Ἐκ
1474 3324 1566 3368 τοῦ
1624 3316 1811 3376 αἰῶνος

215 3404 304 3456 ούκ
336 3405 574 3462 ἠκούσθη
599 3405 679 3454 ὅτι
725 3402 896 3465 ἤνοιξε
920 3422 995 3463 τις
1033 3403 1326 3476 ὀφθαλμοὺς
1354 3405 1546 3476 τυφλοῦ
1575 3423 1810 3476 γεγεννη-

217 3496 367 3565 μένου
377 3533 389 3545 .

289 3763 388 3812 Καὶ
446 3790 513 3801 —
563 3762 782 3832 γεννηθῇ
814 3760 1140 3835 ;Ἐρωτῶσιν
1207 3762 1312 3834 οὐχ
1365 3764 1435 3823 ὡς
1483 3769 1636 3815 τοῦτο
1686 3763 1811 3815 πάν-

215 3867 310 3909 τως
365 3850 394 3908 ἦ
456 3850 615 3901 ἐκεῖνο
680 3849 1144 3922 ὑπολαμϐάνοντες,
1199 3853 1431 3926 καθάπερ
1486 3854 1535 3904 οἱ
1600 3849 1810 3911 ἀνόητοι

217 3935 466 3992 Ἰουδαῖοι
493 3953 507 3968 ⁸
534 3942 591 3992 τὸ
619 3941 712 4010 μὲν
761 3941 862 4012 γάρ
921 3939 1168 4012 ἁμαρτεῖν
1219 3944 1318 4014 πρὸ
1378 3948 1470 3994 τοῦ
1500 3943 1810 4013 γεννηθῆναι

217 4024 491 4097 ἀδύνατον,
524 4032 582 4080 τὸ
614 4024 672 4081 δὲ
697 4030 824 4103 ύπερ
856 4037 956 4080 τῶν
983 4034 1171 4100 γονέων
1215 4029 1532 4091 κολάζεσθαι
1583 4027 1768 4083 ἄδικον
1794 4048 1805 4060 ·

216 4114 318 4168 ἀλλ’
351 4119 493 4169 ἔστιν
527 4118 553 4169 6
580 4121 776 4179 σκοπός
823 4125 915 4170 τοῦ
944 4117 1101 4190 λόγου
1125 4126 1378 4179 τοιοῦτος.
1435 4118 1494 4171 Ὀ
1518 4122 1607 4190 μὲν
1639 4122 1810 4194 παροί-

213 4203 360 4267 λυτος
393 4202 486 4257 διὰ
527 4209 619 4268 τὰς
664 4206 920 4279 ἁμαρτίας
973 4209 1132 4259 αὐτοῦ
1187 4209 1411 4275 ἠσθένει,
1471 4209 1644 4269 καθὼς
1709 4207 1813 4260 ἐκεῖ

214 4296 582 4367 μεμαθήκαμεν
633 4313 648 4329 ο
698 4300 816 4368 περὶ
866 4298 1046 4348 τούτου
1088 4292 1146 4348 δὲ
1200 4296 1312 4364 (75ὶ
1352 4301 1406 4347 τί
1457 4295 1620 4367 λέγεις
1661 4313 1676 4363 ;
1727 4301 1810 4357 Τίς

1933 548 2117 606 ferme
2173 564 2305 605 esse
2355 549 2962 622 quinquagenarium,
3041 553 3284 620 propter
3336 549 3588 606 multam

1933 639 2066 711 ejus
2108 639 2382 710 peritiam
2432 645 2488 695 et
2532 638 2978 711 experientiam.
3049 637 3332 704 Quaedam
3387 644 3588 694 autem

1934 728 2300 799 exemplaria
2368 727 2608 793 habent,
2658 727 3087 799 quadraginta,
3132 727 3310 800 .quod
3357 727 3591 784 videtur

1933 832 2060 872 esse
2090 818 2302 872 verius.

2003 906 2164 960 Vers.
2244 910 2328 962 58.
2384 906 2556 962 Dixit
2621 936 2690 945 —
2755 920 2904 960 sum.
2937 908 3248 978 Tanquam
3294 906 3468 960 Deus.
3526 906 3591 961 Et

1931 1009 2048 1050 non
2101 995 2268 1059 dixit,
2331 997 2450 1064 Ego
2492 1010 2656 1050 eram
2698 1013 2716 1065 ;
2751 994 2876 1061 sed,
2927 995 3052 1065 Ego
3077 1010 3225 1062 sum,
3283 995 3382 1066 qui
3437 1010 3593 1050 sem-

1930 1100 2036 1154 per
2067 1101 2224 1139 sum.
2255 1085 2394 1140 Fieri
2424 1084 2715 1156 siquidem
2746 1084 2829 1140 rei
2860 1089 3070 1140 creatae
3101 1087 3220 1152 est;
3249 1085 3396 1141 Sum
3426 1100 3587 1148 vero,

1928 1172 2205 1229 increatae
2267 1179 2323 1229 et
2350 1179 2580 1230 creatae.

2000 1264 2162 1318 Vers.
2199 1264 2283 1318 59.
2325 1264 2617 1319 Tulerunt
2653 1295 2716 1304 -—-
2749 1279 2896 1320 eum.
2921 1263 3168 1320 Veloces
3233 1263 3311 1320 ad
3341 1262 3585 1320 caedem.

1930 1353 2269 1423 Exasperati
2303 1358 2441 1408 sunt
2493 1353 2652 1408 enim
2701 1358 2979 1422 putantes
3026 1352 3244 1423 injuria
3307 1351 3586 1410 affectum

1930 1458 2062 1497 esse
2120 1442 2423 1498 Abraham
2476 1460 2489 1495 :
2532 1442 2707 1498 simul
2755 1443 2952 1507 etiam,
3012 1442 3113 1498 ubi
3166 1442 3590 1513 cognovissent

1929 1531 2094 1604 quod
2125 1531 2222 1586 Dei
2254 1531 2634 1587 aeternitatem
2669 1532 2780 1586 sibi
2812 1531 3158 1587 vindicaret.

2002 1621 2168 1677 Vers.
2198 1622 2289 1678 59.
2320 1623 2480 1676 Jews
2519 1628 2712 1676 autem
2737 1623 3065 1677 occultatus
3105 1627 3207 1677 est.
3238 1621 3347 1676 Per
3375 1621 3588 1678 divini-

1930 1712 2063 1768 tatis
2088 1711 2416 1784 potentiam
2447 1711 2755 1768 invisibilis
2807 1712 2893 1766 eis
2927 1711 3193 1767 effectus.

1855 1820 1896 1875 Β
2001 1802 2166 1856 Vers.
2194 1801 2283 1856 59.
2327 1802 2405 1857 Et
2435 1832 2501 1841 —
2549 1801 2776 1870 templo.
2836 1803 2904 1856 Ut
2959 1800 3196 1856 illorum
3230 1801 3464 1857 sedaret
3496 1801 3584 1856 fu-

1931 1905 2125 1946 rorem
2135 1930 2147 1942 .

2002 1980 2166 2036 Vers.
2194 1985 2279 2036 59.
2314 1979 2713 2037 Pertransiens
2758 2010 2824 2021 —
2852 1979 3114 2036 illorum.
3149 1981 3290 2036 Cum
3325 1979 3405 2035 illi
3446 1995 3583 2036 eum

1929 2070 2128 2126 videre
2170 2085 2290 2125 non
2336 2073 2605 2141 possent.
2671 2071 2735 2124 Et
2775 2085 2961 2140 quare
2993 2084 3115 2124 non
3174 2069 3438 2125 dissolvit
3469 2069 3588 2124 illo-

1925 2175 2062 2214 rum
2093 2159 2390 2223 virtutem,
2424 2164 2482 2214 et
2542 2157 2857 2213 manifeste
2930 2158 3172 2213 recessit
3217 2157 3244 2212 i’
3291 2159 3434 2224 Quia
3478 2174 3588 2214 nec

1929 2248 2012 2304 sic
2061 2248 2338 2303 credituri
2411 2252 2600 2302 erant.
2678 2245 2902 2302 Etenim
2951 2252 3220 2317 tempore
3279 2247 3584 2317 passionis

1925 2339 2175 2410 supinos
2206 2338 2339 2394 illos
2369 2337 2600 2408 dejecit,
2650 2352 2981 2408 eorumque
3043 2342 3315 2408 aspectus
3371 2336 3586 2393 obscu-

1922 2429 2094 2495 ravit,
2140 2435 2195 2484 et
2242 2444 2364 2484 non
2415 2427 2812 2482 crediderunt.
2867 2429 3014 2482 Nam
3070 2426 3273 2482 anima
3324 2426 3585 2498 reproba

1923 2518 2072 2574 nihil
2100 2523 2186 2574 est
2215 2519 2389 2590 pejus
2419 2533 2431 2572 :
2464 2516 2596 2572 licet
2625 2515 2783 2570 enim
2825 2515 3001 2585 signa
3043 2515 3243 2572 videat
3280 2531 3350 2571 ac
3383 2515 3582 2586 prodi-

1923 2608 2038 2677 gia,
2067 2624 2234 2663 suam
2267 2611 2465 2663 tamen
2498 2620 2736 2677 semper
2765 2605 2978 2660 retinet
3005 2604 3472 2676 impudentiam.

1993 2698 2157 2754 Vers.
2194 2698 2262 2753 59
2303 2698 2381 2753 Et
2411 2697 2498 2753 ita
2522 2694 2884 2767 prateribat.
2927 2693 3296 2750 Ambulabat
3329 2695 3430 2761 ita,
3462 2709 3585 2750 non

1922 2802 2218 2860 apparens
2253 2786 2388 2842 illis.

2278 2877 2430 2933 CAP.
2461 2877 2526 2931 X.
2562 2877 2640 2930 De
2667 2891 2802 2929 creco
2831 2890 2869 2928 α
2894 2873 3222 2929 nativitate.

1993 2968 2131 3039 Cap.
2180 2967 2278 3021 IX.
2335 2967 2476 3022 Vers
2515 2971 2560 3020 ί.
2612 2965 2688 3020 Et
2731 2994 2802 3003 —
2832 2963 3162 3018 nativitate.
3214 2961 3587 3018 Conﬁrman-

1920 3055 2018 3120 dn,
2069 3055 2234 3128 quod
2297 3055 2546 3118 dixerat,
2600 3054 2905 3124 ﬁdemque
2935 3052 3179 3117 faciens,
3219 3051 3385 3124 quod
3429 3051 3584 3107 Deus

1920 3150 2077 3199 esset
2116 3144 2315 3199 statim
2389 3143 2551 3198 venit
2602 3143 2678 3196 ad
2726 3141 3082 3196 miraculum
3137 3142 3493 3206 maximum,
3527 3145 3585 3196 et

1919 3249 2110 3305 usque
2141 3233 2215 3288 ad
2247 3233 2305 3287 id
2333 3232 2618 3303 temporis
2649 3245 2965 3300 nunquam
2997 3229 3240 3284 factum.
3274 3229 3582 3300 Siquidem

1919 3327 1976 3376 et
2022 3321 2118 3376 alii
2160 3321 2301 3377 caeci
2341 3320 2537 3374 visum
2592 3323 2960 3388 receperunt,
3003 3333 3208 3372 verum
3243 3317 3342 3390 qui
3395 3334 3430 3373 a
3478 3332 3583 3374 na-

1920 3409 2140 3466 tivitate
2194 3425 2386 3465 caecus
2440 3409 2665 3474 fuisset,
2717 3405 2917 3461 nullus
2984 3421 3174 3477 usque
3206 3405 3282 3460 ad
3328 3405 3387 3460 id
3442 3409 3586 3460 tem-

1919 3516 2052 3572 pus.
2088 3499 2225 3555 ldeo
2275 3498 2475 3563 etiam,
2535 3497 2638 3569 qui
2669 3495 2866 3550 visum
2926 3495 2994 3565 (j)
3025 3494 3263 3565 recepit,
3297 3493 3535 3550 dicebat
3565 3495 3581 3537 ε

1918 3590 1966 3644 Α
2001 3588 2214 3644 seculo
2252 3602 2367 3641 non
2431 3591 2511 3642 est
2552 3585 2845 3648 auditum,
2900 3583 3056 3655 quod
3105 3581 3402 3652 aperuerit
3433 3583 3584 3654 quis-

1915 3678 2077 3748 piam
2111 3677 2302 3733 oculos
2325 3676 2458 3732 caci
2509 3675 2642 3730 nati
2689 3676 2756 3727 ⁸ο.

1991 3770 2158 3822 Vers.
2233 3770 2284 3820 2.
2343 3766 2422 3822 Et
2470 3770 2795 3820 nasceretur
2842 3763 2870 3819 ‘i
2936 3759 3404 3832 Interrogabant,
3458 3776 3580 3818 non

1920 3857 2084 3928 quod
2136 3856 2248 3911 hoc
2279 3860 2382 3911 aut
2409 3854 2558 3910 illud
2585 3852 2833 3909 omnino
2856 3851 3322 3923 suspicarentur,
3382 3867 3583 3923 quem-

1920 3944 2251 4001 admodum
2318 3943 2666 4015 insipientes
2738 3941 2975 4007 Judmi;
3027 3955 3169 3995 nam
3232 3939 3392 3995 hunc
3449 3955 3584 4010 pec-

1921 4049 2108 4098 casse,
2182 4037 2508 4104 antequam
2567 4036 2744 4087 natus
2813 4033 2986 4094 esset,
3038 4028 3412 4099 impossibile
3460 4033 3584 4084 erat

1921 4138 2098 4194 porro
2125 4137 2231 4193 pro
2276 4121 2628 4192 parentibus
2696 4119 2894 4191 puniri
2927 4118 3216 4188 injustum
3257 4133 3271 4181 ;
3314 4117 3416 4172 sed
3448 4117 3582 4172 ﬁnis

1921 4211 2216 4266 sermonis
2270 4209 2398 4265 talis
2455 4213 2562 4263 est.
2615 4207 2980 4277 Paralyticus
3038 4205 3283 4276 quidem
3341 4209 3584 4276 propter

1920 4302 2168 4369 peccata
2207 4313 2316 4352 sua
2362 4296 2714 4364 aegrotabat.
2775 4295 2925 4349 sicut
2963 4293 3044 4348 ibi
3089 4292 3411 4347 didicimus
3449 4308 3462 4347 :
3507 4293 3580 4348 de

217 4384 460 4455 ἧμαρτεν,
517 4382 662 4442 οὗτος
700 4382 730 4440 ἢ
782 4384 830 4434 οὶ
873 4391 1042 4454 γονεῖς
1109 4383 1266 4434 αὐτοῦ
1323 4385 1516 4454 ςήμεῖς
1546 4385 1647 4457 γὰρ
1695 4384 1812 4436 οὔτε

1939 4403 2034 4441 ioc
2067 4391 2287 4447 autem.
2358 4384 2500 4443 quid
2563 4383 2711 4438 dicis
2760 4382 2787 4437 ?
2833 4384 2970 4450 Quis
3016 4383 3297 4450 peccavit,
3357 4379 3473 4445 hic,
3504 4396 3578 4438 an

214 4476 364 4521 τοῦτο
385 4473 501 4522 όῦτε
531 4468 688 4523 ἐκεῖνο
719 4466 989 4544 δυνάμεθα
1025 4470 1206 4542 λέγειν,
1244 4471 1495 4531 παντελῶς
1527 4470 1811 4544 ἐξαπορού-

214 4577 374 4631 μενοι.

283 4745 330 4782 ³ο
349 4745 524 4802 Joan.
554 4761 632 4815 ιι,
667 4746 752 4802 32.

1917 4481 2186 4545 parentes
2218 4477 2343 4544 ejus
2382 4473 2410 4528 ?
2460 4489 2570 4528 nos
2602 4472 2763 4527 enim
2792 4486 2986 4542 neque
3024 4469 3156 4532 hoc.
3211 4484 3406 4541 neque
3435 4468 3581 4525 illud

1920 4563 2113 4619 dicere
2165 4579 2510 4635 possumus,
2561 4561 2810 4618 omnino
2841 4558 3173 4616 conturbati
3203 4557 3578 4632 consilioque

1920 4651 2202 4709 destituti.

1413 4847 1637 4916 Varia;
1666 4847 1996 4917 lectiones
2030 4859 2095 4917 et
2136 4855 2338 4917 notae.

278 4989 388 5060 (Ἠ)
411 4987 641 5044 Scilicet
670 4987 1103 5060 Chrysostomi,
1128 4988 1231 5060 qui
1253 4989 1536 5045 audacter
1563 4992 1644 5047 ita
1673 5006 1796 5047 cor-

213 5060 371 5133 rexit.
423 5060 564 5116 Vide
605 5064 747 5116 tom.
779 5060 920 5133 Vill,
953 5076 1102 5133 pag.
1126 5063 1262 5133 3°24.
1305 5061 1800 5133 Chrysostomum

213 5076 371 5115 rent.
429 5076 564 5116 γιαθ
605 5076 747 5116 tom.
788 5076 920 5124 νιιι,
952 5076 1093 5187 Sag.
1132 5076 1262 5116 324.
1305 5076 1798 5133 unrysostomum

211 5130 470 5210 sequitur
490 5147 652 5210 unus
668 5147 739 5188 ex
757 5131 944 5210 codici
997 5148 1064 5210 u_s
1091 5131 1546 5210 Mosquensi'bus
1569 5133 1798 5210 N.Te_s_t.

213 5213 264 5276 β.
287 5201 388 5276 qui
421 5206 507 5255 est
530 5218 662 5276 cum
707 5202 970 5276 scholiis.
1014 5201 1318 5270 Origenes,
1371 5203 1475 5276 qui
1505 5209 1654 5276 tom.
1698 5206 1798 5270 XX,

211 5270 265 5325 in
287 5270 574 5326 Joannem
608 5272 737 5328 haec
765 5275 906 5329 data
943 5289 1126 5346 opera
1179 5270 1615 5344 interpretatur,
1639 5275 1802 5332 hunc

211 5357 445 5414 versum
502 5348 693 5398 totum
757 5346 1154 5414 prwtermisit.
1203 5351 1528 5404 Πεντήκοντα
1562 5352 1802 5401 servant

211 5412 402 5485 Cyrill.
438 5419 475 5468 t.
499 5414 626 5489 AlV,_
652 5430 708 5484 p.
744 5412 844 5470 585
872 5417 931 5468 C.
968 5417 1441 5489 ;_Theophylact.
1480 5434 1536 5489 p.
1577 5419 1682 5489 690
1717 5421 1755 5472 E
1787 5434 1799 5483 ;

251 5500 457 5561 everus
495 5485 555 5540 in
587 5486 810 5542 Catena
862 5487 1141 5554 Corderii,
1182 5485 1376 5561 135243
1428 5507 1442 5557 ;
1479 5485 1535 5545 et
1563 5488 1799 5545 codices

250 5557 577 5613 robatiores
607 5571 833 5613 omnes.

276 5734 354 5806 (j)
387 5735 497 5805 Qui
526 5735 734 5793 visum.
771 5737 936 5793 Forte
966 5735 1130 5808 legit,
1162 5733 1248 5794 διὸ
1287 5741 1375 5790 καὶ
1404 5739 1429 5790 ὁ
1483 5737 1795 5815 ἀναϐλέψας.

1978 4993 2091 5064 (72)
2126 4991 2361 5048 Inclusa
2400 4991 2634 5064 absunt
2666 4992 2732 5046 Δ.
2768 4992 3023 5054 Κτίστης,
3054 4985 3365 5058 quomodo
3396 4987 3576 5064 etiam

1912 5061 2255 5120 Eustathius
2291 5062 2504 5127 scribit,
2536 5063 2641 5134 qui
2699 5078 2837 5119 cum
2898 5065 3082 5134 κτίτης
3108 5061 3440 5130 comparat.
3465 5074 3575 5134 pro

1912 5135 2277 5190 substantivo
2311 5130 2573 5208 accipio;
2616 5149 2754 5198 non,
2822 5137 2882 5189 ut
2933 5133 3242 5202 interpres,
3275 5144 3384 5200 pro
3415 5130 3576 5188 adie-

1913 5209 2092 5262 ctivo.

1984 5278 2096 5350 (73)
2116 5279 2136 5333 Ι
2144 5282 2200 5333 ta
2226 5277 2576 5350 plerumque
2592 5276 3052 5347 Chrysostomus
3070 5278 3326 5336 oratorie
3344 5277 3572 5343 laudat,

1910 5348 2084 5403 Joan.
2117 5365 2275 5404 xvm.
2309 5353 2360 5411 6,
2385 5348 2567 5402 ἔπεσον
2598 5354 2796 5420 χαμαί.

1981 5420 2370 5485 (74)Γεννητῆς.

1986 5490 2098 5560 (75)
2122 5494 2182 5542 Δὶ
2212 5491 2382 5548 abest
2421 5498 2487 5544 A.
