4088 6432
631 311 763 366 1307

624 528 769 582 catis
794 528 904 583 hos
961 530 1101 586 dicit
1152 548 1282 590 esse
1334 534 1658 600 immunes,
1715 537 1819 592 sed
1880 543 2179 609 quantum
2206 539 2284 593 ad

624 614 703 680 id,
738 621 803 673 ut
831 634 1025 674 caicus
1054 621 1240 688 ﬂeret,
1300 629 1355 680 et
1383 624 1514 680 illos
1544 631 1600 682 et
1650 626 1810 682 hunc
1869 628 1998 682 sine
2037 633 2284 698 peccato

622 720 752 761 esse
780 709 1013 766 asserit.

695 796 836 852 Hinc
869 796 1066 870 itaque
1098 800 1407 867 discimus,
1455 805 1619 877 quod
1653 820 1764 877 pro
1803 805 2150 878 parentibus
2177 807 2281 878 qui

619 893 1019 954 peccaverunt
1040 905 1160 945 non
1182 893 1512 964 puniuntur
1559 894 1684 950 ﬁlii.
1713 897 2069 967 Quanquam
2120 897 2281 952 enim

620 974 680 1028 in
736 974 884 1031 libro
939 979 1121 1034 Exodi
1167 983 1240 1037 de
1297 982 1416 1038 Deo
1464 985 1754 1056 scriptum
1799 991 1889 1040 est
1944 1004 1956 1040 :
2019 987 2280 1042 Reddens

615 1073 1110 1134 peccatapatrum
1142 1070 1204 1126 in
1231 1073 1404 1138 filios,
1437 1074 1499 1129 in
1539 1076 1774 1131 tertiam
1802 1083 1855 1131 et
1883 1082 2160 1146 quartam
2186 1091 2280 1145 ge-

619 1155 982 1212 nerationem
1016 1160 1084 1228 ⁸¹,
1135 1164 1336 1217 tamen
1386 1171 1629 1236 propter
1668 1165 1829 1221 solos
1873 1165 2004 1222 illos
2052 1166 2277 1221 dictum

620 1247 727 1308 est,
772 1245 878 1316 qui
929 1247 1008 1301 ab
1057 1249 1332 1306 lsraelitis
1382 1255 1695 1322 progeniti,
1729 1261 1925 1309 essent
1968 1253 2142 1309 idolis
2175 1255 2280 1308 im-

620 1332 919 1389 molaturi.
955 1339 1100 1392 Nam
1149 1342 1292 1411 quia
1342 1342 1552 1397 imitati
1614 1342 1855 1399 fuerunt
1911 1344 2276 1416 impietatem

617 1427 938 1494 parentum
986 1442 1256 1491 suorum,
1298 1431 1400 1502 qui
1428 1431 1486 1487 in
1523 1432 1746 1503 Egypto
1802 1434 2123 1490 idololatria
2157 1434 2280 1490 fue-

617 1517 771 1574 rant,
801 1515 1010 1570 merito
1050 1518 1408 1590 supplicium
1453 1521 1688 1578 illorum
1743 1524 2001 1579 reddidit
2044 1526 2168 1579 eis:
2204 1526 2278 1580 si-

616 1600 860 1673 quidem
915 1620 1174 1675 quorum
1227 1609 1482 1681 mqualia
1531 1611 1691 1666 fuere
1763 1613 1995 1678 delicta,
2056 1615 2275 1670 horum

614 1691 874 1763 aequalia
909 1709 1152 1767 quoque
1189 1705 1326 1754 sunt
1363 1700 1677 1772 supplicia.
1728 1704 2110 1759 Postmodum
2135 1721 2275 1760 vero

616 1779 806 1852 legem
836 1787 1125 1852 statuens,
1179 1787 1258 1842 ait
1320 1804 1427 1860 per
1478 1791 1673 1846 Mosen
1709 1813 1722 1848 :
1754 1794 1888 1848 Non
1944 1795 2276 1851 morientur

613 1871 731 1936 ﬁlii
757 1887 868 1939 pro
921 1875 1217 1944 patribus,
1270 1893 1458 1950 neque
1502 1887 1702 1948 patres
1744 1897 1855 1950 pro
1915 1884 2058 1950 ﬁliis
2105 1886 2173 1935 υ.
2209 1886 2272 1939 Et

616 1975 823 2014 rursus
847 1977 947 2032 per
969 1965 1228 2020 Ezechiel
1259 1966 1401 2023 dicit
1429 1985 1441 2023 :
1473 1971 1606 2035 Quae
1645 1971 1802 2026 vobis
1848 1979 1930 2027 est
1975 1973 2272 2040 parabola

616 2049 741 2105 haec
779 2050 841 2104 in
885 2059 1048 2108 terra
1097 2055 1305 2120 Israel,
1361 2064 1427 2112 ut
1475 2060 1708 2120 dicatis.
1763 2062 1974 2118 Patres
2023 2064 2271 2119 comede-

613 2142 756 2194 runt
787 2155 955 2195 uvam
1000 2150 1297 2210 acerbam,
1349 2152 1401 2203 et
1431 2150 1632 2205 dentes
1661 2151 1918 2221 ﬁliorum
1962 2153 2272 2221 obstupue-

614 2235 798 2284 runt?
851 2231 988 2287 Vivo
1013 2248 1137 2302 ego,
1163 2236 1306 2290 dicit
1339 2239 1641 2302 Dominus,
1668 2242 1719 2295 si
1743 2242 1853 2296 erit
1876 2241 2151 2310 deinceps
2168 2258 2272 2311 pa-

611 2319 824 2374 rabola
857 2319 1001 2385 Ιιαξσ,
1031 2325 1132 2378 sed
1161 2340 1361 2382 eorum
1394 2329 1498 2398 qui
1518 2331 1875 2387 comederint
1909 2347 2082 2387 uvam
2111 2347 2273 2388 acer-

613 2407 740 2463 bam
767 2409 968 2466 dentes
992 2412 1397 2483 obstupescent
1439 2420 1506 2470 ³³.

683 2499 845 2554 Vera.
879 2504 931 2554 3.
962 2501 1078 2557 Sed
1105 2534 1168 2544 —
1221 2505 1366 2572 ipso.
1425 2508 1618 2578 Opera
1674 2509 1768 2563 Dei
1826 2514 2002 2564 vocat
2053 2509 2272 2565 forma-

610 2589 831 2645 tionem
859 2591 1172 2648 oculorum
1199 2596 1333 2648 caici
1357 2595 1430 2649 de
1485 2597 1745 2667 pulvere.
1801 2599 1950 2663 Quia
1999 2599 2158 2654 enim
2211 2600 2270 2654 in

611 2680 881 2734 confesso
907 2685 1032 2736 erat
1059 2698 1215 2752 opus
1269 2682 1454 2739 fuisse
1515 2685 1614 2740 Dei
1673 2686 2094 2743 formationem
2138 2704 2270 2743 cor-

610 2771 772 2841 poris
804 2769 996 2825 Adam
1028 2771 1101 2824 de
1158 2773 1397 2841 pulvere
1431 2790 1447 2829 :
1492 2775 1585 2829 hic
1637 2776 1814 2831 etiam
1873 2777 2074 2831 oculos
2104 2779 2264 2840 caeci,

612 2857 1070 2929 pulcherrimam
1113 2863 1379 2932 corporis
1432 2872 1683 2934 partem,
1734 2864 1949 2920 format
1972 2866 2045 2920 de
2074 2867 2269 2938 pulve-

609 2961 715 3001 re:
750 2952 813 3000 ut
835 2947 969 3001 hinc
992 2947 1239 3005 indubie
1281 2952 1430 3006 Deus
1475 2958 1786 3024 appareat,
1848 2960 2047 3025 utpote
2095 2972 2266 3028 aeque

610 3039 838 3105 potens,
871 3043 929 3092 ut
960 3038 1112 3092 Deus
1155 3058 1166 3094 :
1202 3055 1341 3095 nam
1373 3043 1475 3112 qui
1534 3042 1999 3114 pulcherrimam
2035 3051 2263 3117 partem

610 3125 689 3180 ita
719 3124 1008 3195 formavit,
1041 3135 1242 3199 posset
1281 3137 1336 3187 et
1369 3137 1558 3188 totum
1592 3131 1904 3189 formasse.

677 3305 792 3360 Aut
826 3320 1006 3377 opera
1065 3307 1162 3362 Dei
1212 3308 1352 3364 dicit
1409 3310 1699 3366 occultam
1759 3310 2084 3367 divinitatis
2140 3329 2265 3368 sum

607 3395 948 3463 potentiam,
1004 3412 1136 3469 quae
1183 3402 1324 3453 tunc
1378 3400 1571 3466 magis
1609 3401 1907 3472 apparuit.
1965 3401 2113 3467 Quid
2174 3417 2269 3457 er-

606 3473 879 3554 gb?nisi
937 3485 1032 3541 hic
1108 3487 1330 3542 damno
1403 3489 1651 3544 allectus
1709 3488 1938 3554 fuisset,
1990 3506 2107 3546 non
2165 3506 2262 3563 po-

605 3578 796 3630 terant
856 3573 1025 3629 aliter
1090 3575 1455 3632 manit‘estari
1505 3579 1600 3633 Dei
1668 3595 1851 3652 opera
1916 3580 1944 3634 i‘
2001 3581 2266 3639 Poterant

605 3662 871 3736 quidem,
906 3664 1012 3718 sed
1067 3681 1262 3737 neque
1315 3666 1411 3722 hic
1456 3667 1682 3723 damno
1731 3669 1980 3724 affectus
2005 3676 2111 3735 est,
2143 3671 2265 3726 imo

606 3753 802 3824 potius
833 3752 1181 3808 beneﬁcium
1233 3756 1460 3828 accepit
1512 3773 1524 3812 :
1585 3773 1690 3829 per
1740 3759 2062 3814 caecitatem
2124 3776 2263 3814 ocu-

604 3841 801 3896 lorum
833 3844 1098 3912 corporis
1131 3849 1305 3914 aptos
1335 3845 1562 3900 habens
1605 3848 1816 3902 animae
1854 3848 2079 3903 oculos.
2117 3851 2262 3905 Nam

604 3945 742 4002 quae
802 3930 1033 3987 illorum
1098 3938 1184 3987 est
1242 3933 1480 4001 utilitas,
1534 3936 1582 3990 si
1633 3937 1689 3991 hi
1744 3937 1928 3992 clausi
1978 3937 2262 3992 sint‘lLi-

604 4019 784 4074 citum
848 4022 1044 4093 itaque
1094 4021 1200 4077 fuit
1258 4025 1509 4079 Creatori
1551 4042 1777 4081 circum
1819 4026 1980 4080 hunc
2036 4043 2256 4091 creare,

603 4124 723 4164 non
753 4109 1076 4181 puniendo,
1115 4111 1219 4165 sed
1269 4113 1706 4184 dispensatorio
1741 4115 1942 4183 modo,
1984 4121 2047 4171 ut
2075 4131 2260 4187 opera

604 4199 705 4255 Dei
745 4200 1289 4267 manifestarentur,
1324 4208 1378 4258 et
1407 4203 1502 4259 hic
1549 4220 1619 4258 ex
1678 4220 1748 4260 eo
1806 4210 2044 4276 apertos
2085 4205 2259 4261 habe-

603 4292 690 4345 ret
718 4289 935 4345 animaa
965 4290 1187 4346 oculos.

674 4378 931 4444 Quidam
962 4395 1103 4435 vero
1147 4380 1463 4437 dictionem
1503 4387 1579 4448 ut,
1631 4399 1748 4440 non
1800 4383 2100 4439 causalem
2128 4399 2255 4438 esse

599 4467 820 4534 dicunt,
843 4469 948 4524 sed
975 4470 1103 4541 ejus
1148 4471 1311 4543 quod
1339 4471 1594 4529 futurum
1625 4479 1750 4528 erat
1777 4473 2254 4542 signiﬁcativam,

601 4560 746 4628 puta
775 4560 939 4631 quod
971 4575 1150 4631 opera
1192 4561 1289 4615 Dei
1335 4561 1775 4617 manifestanda
1818 4568 1984 4618 erant
2016 4564 2073 4618 in
2103 4563 2256 4635 ipso.

603 4646 669 4702 Et
714 4647 902 4704 simile
951 4665 1079 4704 esse
1129 4649 1274 4714 aiut,
1327 4652 1486 4723 quod
1537 4652 1752 4707 dicitur
1808 4669 1820 4705 :
1872 4655 1938 4708 In
1960 4653 2256 4722 judicium

599 4751 700 4806 ego
724 4737 787 4792 in
818 4739 1106 4794 mundum
1157 4741 1307 4804 veni,
1342 4748 1403 4794 ut
1437 4743 1540 4812 qui
1585 4759 1701 4797 non
1750 4743 1946 4798 vident
2001 4745 2257 4810 videant,

599 4831 654 4882 et
684 4826 999 4896 quivident
1035 4829 1171 4883 caeci
1197 4831 1347 4895 ﬁant
1391 4830 1434 4864 “
1471 4847 1483 4895 ;
1518 4831 1684 4885 aiunt
1710 4832 1868 4886 enim
1899 4832 2261 4901 signiﬁcare,

598 4913 765 4986 quod
795 4914 898 4986 qui
929 4931 1048 4971 non
1082 4917 1286 4974 vident
1315 4919 1623 4984 videbunt,
1653 4921 1819 4993 etqui
1852 4921 2047 4976 vident
2074 4936 2265 4976 exom-

670 5091 712 5126 ³¹
749 5091 928 5148 Exod.
953 5109 1051 5161 xx,
1206 5098 1252 5131 ⁸³
1270 5096 1435 5151 Deut.
1459 5113 1598 5163 xxv,
1626 5098 1706 5152 16.

1947 320 2294 377 EUTHYMll
2339 321 2669 379 ZIGABENI

696 437 855 493 Vers.
883 438 936 493 3.
967 440 1290 511 Respondit
1328 474 1396 487 —
1427 446 1575 515 ejus.
1613 445 1739 502 Non
1789 446 2040 503 omnino
2085 463 2120 503 a
2143 463 2287 520 pec-
2319 452 2365 504 Α

2319 1795 2469 1865 Βσίν
2522 1811 2534 1822 ·

1786 5100 1830 5132 ⁸³
1853 5097 2053 5154 Ezech.
2072 5114 2226 5161 xvui,
2251 5100 2363 5154 2-4.

3814 334 3913 390 1308

2469 447 2753 523 ’Λπεκρίθη
2787 482 2852 492 ——
2878 450 3060 505 αὐτοῦ.
3087 452 3164 505 Οῦ
3190 449 3448 515 παντελῶς
3471 451 3829 527 ἀναμαρτήτους
3851 463 3914 513 e5.

2395 541 2511 598 τοῦς
2542 559 2721 610 φησιν,
2767 539 2876 592 ἀλλ’
2922 544 3042 594 ὅσον
3072 541 3145 604 είς
3187 546 3246 593 τό
3275 541 3597 614 τυφλωθῆναι
3627 563 3802 611 τουτον,
3829 547 3913 601 ἀνα-

2393 633 2692 700 μαρτήτους
2722 629 2990 693 κάκείνους
3024 636 3114 683 καὶ
3145 639 3325 683 τοῦτον
3355 633 3488 701 (76).

2464 805 2719 860 Ἐντεῦθεν
2787 808 2963 860 λοιπὸν
3209 812 3528 882 μανθάνομεν
3616 814 3686 864 ὃτι
3739 820 3912 885 πατέρων

2393 893 2789 969 ἁμαρτανόντων
2852 898 2912 950 οὐ
2971 899 3276 960 κολάζονται
3328 897 3535 961 παῖδες.
3591 901 3646 954 Εἰ
3671 904 3760 975 γὰρ
3790 909 3861 954 καὶ
3881 905 3912 954 ἐν

2390 992 2452 1055 τῇ
2500 983 2695 1058 Ἐξόδω
2752 994 2869 1060 περὶ
2919 997 3008 1040 τοῦ
3053 997 3187 1042 Θεοῦ
3246 994 3535 1062 γέγραπται
3598 992 3674 1043 ὅτι
3742 989 3913 1045 ’Δποδιο

2391 1069 2518 1135 δοὺς
2566 1076 2820 1148 ἁμαρτίας
2883 1082 3114 1149 πατέρων
3177 1077 3259 1130 έπὶ
3320 1083 3472 1131 τέκνα
3521 1078 3596 1130 ἐπὶ
3663 1085 3818 1151 τρίτην
3853 1089 3914 1133 καὶ

2388 1166 2638 1237 τετάρτην
2693 1169 2868 1237 γενεάν
2901 1185 2913 1196 ·
2949 1166 3076 1218 ἀλλὰ
3137 1164 3211 1220 δι’
3263 1166 3486 1228 ἐκείνους
3537 1173 3708 1239 μόνους
3763 1173 3913 1242 tigrim

2388 1257 2510 1315 τοὺς
2556 1254 2828 1326 μελλοντας
2879 1255 2933 1308 έκ
2975 1266 3073 1309 τῶν
3125 1257 3466 1329 Ἰσραηλιτῶν
3515 1254 3909 1328 εἰδωλολατρῆσαι.

2391 1341 2529 1396 Ἐπεὶ
2582 1348 2680 1420 γὰρ
2728 1345 2994 1406 ἐζήλωσαν
3049 1350 3141 1404 τὴν
3183 1345 3420 1399 ἀσέϐειαν
3487 1354 3586 1398 τῶν
3633 1348 3680 1398 ἐν
3721 1346 3912 1417 Arrian»

2389 1429 2938 1509 εἱδωλολατρησοίντων
3003 1440 3191 1505 γονέων
3283 1435 3474 1500 αὐτῶν,
3565 1432 3800 1488 ἀπέδωκεν
3853 1436 3912 1485 αἱ·

2389 1530 2497 1582 τοίς
2549 1526 2642 1580 τὴν
2694 1528 2946 1596 τιμωρίαν
2991 1523 3192 1576 έκείνων
3267 1524 3498 1585 εἰκότως.
3564 1531 3657 1576 Ὧν
3699 1527 3784 1595 γὰρ
3833 1527 3910 1574 ἶσαι

2389 1613 2442 1661 αὶ
2474 1610 2725 1685 ἁμαρτίαι
2781 1613 2916 1683 (78),
2968 1616 3167 1674 τούτοις
3206 1617 3320 1665 ἶσαι
3373 1615 3577 1673 πάντως
3625 1618 3704 1664 καὶ
3741 1611 3910 1663 aliiali-

2389 1720 2510 1760 σιις.
2569 1701 2812 1771 Ὕστερον
2877 1705 2979 1773 γὰρ
3059 1705 3346 1773 νομοθετῶν
3397 1699 3498 1755 διὰ
3557 1705 3802 1769 Μωυσέως,
3845 1721 3908 1771 9t-

2602 1791 2710 1843 Οὐκ
2806 1791 3185 1846 ἀποθανοῦνται
3262 1788 3448 1852 παῖδες
3530 1793 3653 1866 ὑπερ
3723 1796 3907 1862 πατέρων.

2384 1877 2506 1932 οὐδε
2586 1886 2795 1953 πατέρες
2879 1884 3003 1953 ὑπερ
3065 1878 3267 1933 παίδων
3353 1897 3365 1911 ·
3435 1886 3528 1932 καὶ
3595 1877 3684 1932 διὰ
3726 1877 3907 1939 Ίιζικιήὶ

2383 1969 2536 2026 πήλιν
2585 1970 2755 2039 λέγει’
2811 1976 2873 2023 Τί
2923 1973 3098 2042 ῦμίνή
3157 1969 3428 2043 παραϐολὴ
3493 1971 3651 2036 αῦτη,
3702 1968 3902 2038 λεγόντων,

2384 2061 2449 2111 οἱ
2471 2065 2679 2131 πατέρες
2695 2063 2883 2132 ῖφαγον
2904 2066 3227 2133 ὅμφακα,καὶ
3247 2063 3295 2112 οἱ
3322 2057 3536 2120 ὀδόντες
3554 2068 3651 2111 τῶν
3674 2058 3906 2117 τὰνωνιῖῦὶ

2383 2145 2689 2219 ωμοδίασαν
2725 2167 2738 2216 ;
2771 2157 2852 2202 Ζῶ
2902 2150 3022 2220 έγὼ,
3054 2152 3190 2220 λέγει
3249 2153 3456 2225 Κύριος,
3501 2149 3545 2201 εὶ
3573 2151 3715 2201 ἔσται
3744 2150 3768 2205 ἡ
3796 2166 3905 2216 παρι-

2383 2237 2505 2296 ϐολὴ
2537 2240 2667 2298 αὕτη
2723 2254 2737 2269 ·
2773 2239 2899 2291 ἀλλὰ
2925 2249 3023 2292 τῶν
3055 2244 3319 2312 φαγόντων
3373 2242 3462 2291 τὸν
3496 2243 3702 2311 ὄμφακα
3742 2232 3902 2307 aptu-

2879 1884 3003 1953 ὑπερ
3065 1878 3267 1933 παίδων

2384 2347 2566 2380 σουσιν
2596 2331 2644 2381 οἱ
2685 2325 2908 2389 ὀδόντες.

2457 2506 2571 2559 Αλλ⁹
2625 2538 2694 2548 -
2757 2527 2922 2579 αυτῳ.
2998 2508 3166 2580 Ἔργα
3216 2515 3306 2560 τοῦ
3357 2515 3494 2560 Θεοῦ
3548 2507 3680 2578 λέγει
3740 2503 3894 2562 mea

2381 2599 2512 2665 χοὸς
2568 2597 2757 2649 πλάσιν
2811 2607 2910 2648 τῶν
2964 2597 3239 2670 ὀφθαλμῶν
3296 2604 3388 2648 τοῦ
3445 2596 3655 2668 τυφλοῦ.
3702 2597 3889 2659 Ἐπεὶτιθ

2381 2685 2786 2757 ὁμολογούμενον
2830 2690 2978 2759 ἔργον
3036 2695 3170 2740 Θεοῦ
3237 2683 3296 2745 ἦν
3353 2689 3379 2744 ἡ
3441 2685 3546 2738 ἀπό
3603 2689 3728 2757 χοὸς
3777 2683 3898 2734 πλέαις

2379 2783 2471 2826 τοῦ
2503 2783 2736 2847 σωματος
2763 2785 2853 2828 τοῦ
2885 2773 3079 2848 Ἀδὰμ,
3136 2775 3236 2828 ἀπὸ
3294 2780 3426 2846 χοὸς
3469 2780 3562 2827 καὶ
3588 2775 3730 2834 αὐτὸς
3756 2772 3902 2824 «lim:

2378 2868 2497 2926 τοὺς
2525 2865 2816 2936 ὀφθαλμοὺς
2870 2873 2961 2917 τοῦ
3013 2865 3224 2937 τυφλοῦ,
3276 2868 3333 2916 τὸ
3374 2864 3654 2917 κάλλιστον
3699 2867 3825 2934 μέρος
3846 2865 3902 2909 τοῦ

2381 2961 2640 3025 σώματος,
2694 2957 2776 3006 ἱνα
2814 2953 3034 3007 ἐντεῦθεν
3087 2959 3264 3027 φανείη
3321 2955 3435 3024 (80)
3517 2957 3648 3014 Θεὸς
3685 2948 3904 3020 ἀτιαμγιδο·

2376 3042 2495 3111 λως,
2529 3041 2612 3095 οἶα
2665 3047 2731 3095 τὰ
2757 3047 2848 3096 ἶσα
2877 3053 2948 3115 τῷ
2979 3052 3093 3114 Θεῷ
3133 3040 3438 3115 δυνάμενος.
3492 3042 3552 3095 ’0
3587 3045 3683 3114 γὰρ
3736 3043 3784 3092 τὸ
3820 3036 3904 3088 καλ·

2304 3131 2551 3214 ρλιστον
2607 3138 2761 3208 μέρος
2814 3134 2949 3186 οὕτω
3019 3133 3243 3197 πλάσας,
3299 3129 3525 3194 δυνατὸς
3579 3137 3664 3184 καὶ
3715 3133 3766 3181 τὸ
3829 3127 3905 3178 ὅλον

2377 3222 2594 3279 πλάσαι.

2448 3311 2511 3376 ἰι
2546 3315 2672 3384 ἔργα
2709 3320 2801 3365 τοῦ
2857 3319 2989 3364 Θεοῦ
3042 3330 3173 3383 φησι
3203 3315 3295 3368 τὴν
3350 3313 3705 3383 κεκρυμμένην
3742 3303 3908 3373 δύναμιν

2377 3409 2466 3461 τῆς
2526 3404 2766 3462 θεότητος
2814 3402 2991 3468 αὐτοῦ,
3062 3405 3178 3460 ἣτις
3239 3404 3355 3452 τότε
3402 3399 3597 3470 μᾶλλον
3661 3396 3814 3468 ἐφάνη.
3869 3395 3909 3441 Τί

2376 3487 2502 3556 οὖν;
2537 3492 2578 3543 εἰ
2625 3496 2696 3561 μὴ
2733 3490 2986 3547 ἐκολάσθη
3048 3489 3218 3553 οὗτος,
3276 3487 3368 3540 οὑκ
3428 3487 3548 3546 ἐνῆν
3600 3487 3763 3560 ἑτέρως
3805 3499 3911 3552 φανε-

2374 3583 2605 3653 Ρωθῆναι
2656 3584 2720 3633 τά
2776 3583 2898 3650 5.07at
2949 3587 3040 3631 τοῦ
3094 3587 3226 3631 θεοῦ
3277 3595 3290 3642 ;
3344 3579 3494 3635 Ἐνῆν
3547 3580 3634 3648 μὲν
3685 3577 3802 3645 (81),
3835 3567 3907 3619 ἀλλ’

2375 3667 2498 3722 οὐδε
2529 3671 2672 3731 οὗτος
2713 3669 2992 3736 ἐκολάσθη,
3043 3668 3231 3740 μᾶλλον
3274 3671 3363 3739 μεν
3412 3662 3502 3717 οὖν
3540 3663 3821 3737 εὖπργετήθι
3847 3655 3910 3708 διὰ

2374 3768 2468 3819 τῆς
2499 3765 2774 3833 πηρώσεως
2806 3768 2902 3809 τῶν
2945 3766 3035 3809 τοῦ
3071 3763 3306 3827 σώματος
3337 3754 3633 3826 ὀφθαλμῶν,
3681 3747 3910 3814 ἀναϐλὲᾷπς

2373 3854 2486 3909 τοῦς
2517 3857 2612 3910 τῆς
2640 3849 2843 3918 ψυχῆς.
2882 3851 2944 3899 Τί
2965 3849 3064 3918 γὰρ
3095 3845 3269 3917 ὄφελος
3322 3843 3525 3896 ἐκείνων
3580 3845 3695 3895 ὅταν
3722 3840 3906 3904 citust

2373 3937 2635 4011 βλέπωσιν
2667 3955 2680 4003 ;
2714 3937 2863 3999 Ἐξῆν
2897 3933 2982 3988 οὖν
3011 3945 3081 4004 τῷ
3128 3940 3323 4006 κτίστῃ
3359 3932 3546 4004 τυφλόν
3586 3931 3730 3982 αὐτόν
3755 3932 3904 3982 κτίσαι,

2370 4028 2427 4079 οὐ
2459 4027 2800 4088 κολαστικὼς,
2837 4024 2942 4076 ἀλλ’
2983 4025 3336 4093 οἰκονομικῶς,
3371 4024 3454 4072 ἶνα
3496 4040 3552 4073 τε
3598 4023 3660 4072 τὰ
3707 4022 3814 4091 ἔργα
3844 4021 3906 4063 τοῦ

2369 4125 2502 4168 Θεοῦ
2539 4117 2801 4188 φανερωθῇ
2841 4129 2854 4143 ⁸
2902 4118 2992 4165 καὶ
3040 4113 3198 4175 αὐτὸς
3251 4107 3477 4164 ἐντεῦθεν
3547 4106 3784 4176 audisti;
3842 4107 3906 4154 τήν

2365 4207 2569 4277 ψυχήν.

2436 4387 2581 4446 τινες
2630 4380 2688 4436 δε
2754 4387 2809 4434 τὸ
2866 4383 2948 4434 ἶνα
3025 4381 3118 4433 οὐκ
3193 4377 3538 4451 αἰτιολογικὸν
3593 4375 3810 4447 λέγουσιν
3856 4385 3907 4418 εν·

2369 4476 2557 4537 ταῦθα,
2632 4471 2757 4524 ἀλλὰ
2813 4467 2846 4523 δ
2854 4470 3102 4527 ηλωτικὸν
3189 4476 3280 4521 τοῦ
3333 4469 3602 4541 μέλλοντος
3631 4466 3706 4518 ὅτι
3733 4475 3907 4532 φανερω-

2373 4567 2619 4622 ῡήσονται
2694 4563 2760 4612 τὰ
2816 4564 2941 4634 ἔργα
2982 4567 3074 4611 τοῦ
3147 4565 3282 4611 Θεοῦ
3362 4556 3409 4609 έν
3478 4556 3638 4625 αὐτῷ.
3712 4555 3905 4604 Τοιοῦτον

2373 4651 2429 4706 δι
2478 4654 2588 4722 (82)
2635 4648 2763 4703 εἶναι
2789 4654 2878 4700 καὶ
2903 4654 2960 4700 τό
2998 4667 3010 4679 ·
3047 4648 3130 4708 Εἰς
3182 4652 3348 4720 κρίμα
3404 4645 3501 4716 εγὼ
3536 4645 3609 4706 εἰς
3635 4646 3712 4694 τὸν
3756 4641 3902 4702 κόσμῳ

2373 4751 2551 4794 τοῦτον
2634 4735 2808 4801 ἦλθον,
2910 4739 2991 4788 ἵνα
3077 4739 3125 4789 οἱ
3226 4740 3297 4807 μή
3378 4733 3649 4807 βλέποντες
3700 4727 3900 4802 βλέπωσιν

2373 4835 2462 4883 καὶ
2515 4831 2562 4882 οἱ
2612 4827 2885 4899 βλέποντες
2939 4825 3144 4898 [τυφλοὶ
3192 4827 3307 4895 (83)
3367 4827 3634 4894 γένωνται,
3685 4817 3898 4905 Σημαίνιιν

2375 4922 2476 4993 γὰρ
2543 4898 2622 4970 ὃτι
2665 4920 2713 4968 οὶ
2765 4921 2834 4987 μή
2911 4914 3183 4988 βλέποντες
3243 4913 3522 4986 βλέψουσι,
3587 4914 3673 4961 καὶ
3727 4908 3770 4958 οἱ
3822 4898 3888 4971 βπ

2444 5097 2677 5152 “toan.
2707 5110 2786 5161 ix,
2810 5094 2900 5150 39.

1800 5274 2024 5343 Variae
2045 5273 2374 5342 lectiones
2405 5281 2472 5342 et
2512 5281 2714 5341 notae.

666 5467 788 5543 (76)_
810 5468 995 5543 Credo
1048 5467 1393 5525 addendum
1425 5484 1559 5526 esse
1612 5470 1767 5541 λέγει,
1819 5476 1924 5528 aut
1973 5469 2250 5543 ἀποφαίνει

594 5539 827 5596 auttale
845 5539 1006 5611 quid.

664 5612 777 5685 (77)
811 5613 1159 5685 Μανθάνωμεν
1186 5613 1249 5666 Α.

662 5683 776 5753 (78)
807 5685 1011 5735 Τούτων
1036 5683 1096 5739 AV.

661 5755 778 5828 (79)
801 5755 885 5812 Ita
902 5755 1079 5813 etiam
1094 5753 1301 5812 laudat
1324 5753 1622 5826 Chrysost.
1651 5760 1792 5812 tom.
1826 5755 1965 5820 Vlll,
1984 5771 2044 5830 p.
2066 5757 2168 5811 327
2187 5758 2245 5811 Β.

2431 5470 2544 5542 (80)
2571 5475 2714 5542 φανῇ
2746 5475 2810 5523 Α.

2455 5537 2544 5612 8t)
2568 5537 2713 5599 Ἐνῆν
2744 5542 2834 5612 μζν
2860 5537 3081 5595 absunt
3110 5540 3182 5596 A.

2454 5607 2545 5668 82l
2566 5607 2758 5666 Τοῦτον
2785 5607 2845 5664 δέ
2875 5617 2930 5664 Β.

2455 5679 2547 5741 83)
2574 5683 2809 5741 Inclusa
2841 5679 3186 5738 exciderunt
3213 5682 3277 5734 A.

2528 5547 2547 5755 ξ
