4088 6440
113 330 272 390 1309
1159 335 1530 394 COMMENT.
1581 336 1651 392 IN
1687 333 2031 392 J'OANNEM.
2073 369 2139 377 —
2178 335 2339 394 CAP.
2389 337 2481 392 IX.
3376 337 3508 394 l3l0

113 460 336 533 ποντες]
402 458 871 534 τυφλωθήσονταιο
925 461 984 515 ού
1040 462 1139 538 γὰρ
1203 459 1298 516 διὰ
1363 471 1516 516 τοῦτο
1567 459 1727 521 ἦλθεν.

1891 461 2170 526 abuntur,
2226 460 2524 534 siquidem
2555 477 2677 519 non
2719 466 3032 535 propterea
3071 461 3253 531 venit,
3286 469 3351 521 ut
3404 467 3505 539 qui

117 549 210 600 ἵνα
265 553 318 602 οἱ
366 549 639 622 βλέποντες
681 551 862 624 τυφλοὶ
908 556 1176 623 γένωνται.
1229 557 1329 606 Καὶ
1369 554 1393 604 6
1446 552 1643 613 Παῦλος
1684 549 1731 604 δε

1894 549 2056 605 ident
2093 551 2229 606 caeci
2258 551 2422 606 fiant.
2458 552 2744 608 Praeterea
2780 558 2833 608 et
2891 552 3104 608 Paulus
3157 554 3299 609 dicit
3339 573 3353 612 :
3387 556 3508 611 Lex

119 659 193 711 φη
207 659 298 690 σιν
319 656 332 669 ·
354 645 522 712 Νόμος
546 641 910 715 παρεισῆλθεν,
933 644 1014 693 ἶνα
1033 641 1289 714 πλεονάσῃ
1308 645 1365 694 τό
1386 643 1733 715 παράπτωμα.

1886 639 2242 704 ubintroivit,
2269 649 2329 696 ut
2353 640 2676 696 abundaret
2697 643 2975 698 delictum
2995 643 3079 709 ⁸³;
3113 658 3311 715 neque
3341 645 3500 700 enim

116 725 232 798 [Οὐ
265 730 383 800 (83)
418 734 515 803 γὰρ
563 726 656 782 διὰ
699 737 851 782 τοῦτο
880 730 1243 805 παρεισῆλθεν,
1290 730 1396 782 ἀλλ’
1446 732 1525 783 ὅτι
1573 731 1730 802 μέλλει

1885 735 2089 800 τορῐθιν
2113 728 2226 784 hoc
2259 729 2655 798 subintroivit,
2689 731 2794 786 sed
2818 731 3075 804 aitquod
3115 732 3499 789 subsecutum

118 816 423 870 πλεονάσαι
455 817 511 870 τὸ
543 818 920 892 παράπτωμα,]
959 825 1048 872 καὶ
1078 819 1242 872 πολλὰ
1267 827 1503 872 τοιαῦτα.
1537 816 1732 894 Ιδίωμα

1888 823 1956 882 st,
1984 827 2048 873 ut
2083 818 2402 874 abundaret
2441 819 2736 887 delictum,
2792 825 2848 876 et
2895 821 3084 877 multa
3133 821 3502 892 hujusmodi.

117 908 231 980 γὰρ
260 912 355 959 καὶ
378 915 529 960 τοῦτο
557 917 650 970 τῆς
681 915 905 982 Γραφῆς.

1892 904 2156 978 iquidem
2180 907 2369 962 ethoc
2393 906 2710 980 Scriptura:
2736 909 2962 966 idioma
2976 916 3086 976 est,
3102 909 3506 984 loquendique

1845 996 2196 1066 proprietas.

203 1085 334 1158 Ἐμὲ
386 1117 455 1126 -—
511 1105 593 1158 με.
645 1087 765 1158 Ἐμὲ
818 1083 898 1139 δεῖ
953 1086 1269 1160 ἐργάζεσθαι
1323 1089 1388 1139 τὰ
1441 1091 1567 1162 ἔργα
1625 1088 1738 1159 (85)

1920 1085 2080 1139 Vers.
2137 1087 2189 1139 4.
2225 1085 2319 1141 Me
2359 1116 2428 1125 —
2476 1102 2587 1142 me.
2622 1087 2712 1142 Me
2760 1092 2994 1160 oportet
3017 1090 3252 1162 operari
3300 1105 3502 1162 opera,

122 1176 198 1226 τὰ
231 1171 542 1228 δεικνύοντα
573 1194 635 1247 με
665 1178 782 1228 Υἰὸν
814 1183 900 1228 τοῦ
937 1180 1158 1252 Πατρός,
1200 1181 1290 1229 καὶ
1329 1179 1443 1229 ἶσον
1485 1185 1558 1248 τῷ
1603 1185 1734 1249 Θεῷ.

1892 1189 1976 1228 uas
2010 1189 2104 1228 me
2137 1174 2314 1230 Patris
2341 1190 2476 1230 esse
2505 1176 2717 1232 Filium
2754 1178 3074 1234 ostendant
3113 1183 3168 1235 et
3212 1180 3506 1252 aequalem

121 1261 256 1335 Ἐμὲ
312 1268 422 1338 χρὴ
482 1273 727 1340 φανεροῦν
767 1266 1007 1337 ἐμαυτὸν,
1069 1268 1138 1328 ὡς
1189 1265 1567 1339 φιλάνθρωπον,
1635 1268 1735 1332 ἵνα,

1899 1278 1990 1328 eo;
2017 1279 2110 1317 me
2127 1269 2360 1336 oportet
2383 1264 2766 1322 manifestare
2789 1269 3287 1341 meipsum,quod
3318 1269 3507 1325 homi-

127 1349 232 1405 δια
281 1362 383 1405 τῶν
435 1357 680 1406 τοιούτων
721 1357 879 1430 ἔργων
926 1358 1409 1430 χειραγωγούμενοι
1466 1359 1596 1430 πρὸς
1647 1361 1739 1414 τὴν

1895 1368 1992 1407 um
2014 1352 2124 1408 sim
2153 1361 2406 1419 amator,
2440 1355 2789 1411 uthomines
2812 1373 2916 1427 per
2938 1357 3287 1429 bujusmodi
3323 1374 3507 1430 opera

128 1442 208 1504 εἰς
241 1441 335 1515 ἐμὲ
364 1447 542 1496 πίστιν
575 1445 623 1495 οἱ
649 1445 930 1518 ἄνθρωποι,
975 1450 1042 1516 μὴ
1091 1443 1402 1498 ἀπόλωνται.
1439 1446 1593 1518 Ἐμοῦ
1637 1450 1736 1521 γὰρ

1891 1441 1925 1496 d
1957 1440 2161 1508 ﬁdem,
2195 1444 2427 1514 quee'in
2478 1459 2572 1500 me
2603 1449 2708 1511 est,
2761 1447 3012 1512 attracti,
3057 1463 3176 1503 non
3235 1453 3505 1518 pereant.

128 1531 633 1604 ἓνανθρωπὴσαντος
663 1530 916 1586 ἀδύνατον
946 1535 1180 1594 σωθῆναί
1202 1554 1318 1587 τινα
1349 1534 1548 1611 ἑτέρως,
1595 1535 1638 1588 εἰ
1665 1541 1736 1609 μὴ

1893 1531 2350 1603 ιιιᾶῐιᾱοίιιιὶάθω
2370 1533 2527 1588 enim
2546 1550 2785 1590 carnem
2804 1536 3121 1607 assumpsi,
3135 1537 3212 1592 im
3223 1536 3507 1608 possibile

130 1617 234 1674 διὰ
266 1630 362 1684 τῆς
393 1621 465 1684 εἰς
495 1620 580 1695 ἐμὲ
611 1626 846 1683 πίστεως.

1889 1623 1939 1674 st
1967 1635 2070 1674 eos
2103 1619 2268 1676 aliter
2308 1621 2508 1678 salvos
2548 1623 2687 1685 ﬁeri,
2734 1623 2846 1680 nisi
2877 1639 2984 1697 per
3013 1625 3218 1692 ﬁdem,
3259 1627 3402 1698 quia
3445 1626 3503 1681 in

1851 1724 1947 1764 me
1972 1709 2231 1766 credent.

204 1797 344 1860 Ἕως
382 1801 554 1874 ἡμέρα
603 1799 761 1854 ἐστιν.
814 1799 942 1862 Ἐως
995 1803 1020 1854 ὁ
1050 1808 1228 1876 παρὼν
1281 1802 1406 1856 αἰών
1438 1803 1598 1870 ἐστιν,
1654 1806 1742 1866 ἕως
1780 1809 1818 1865 Β

1925 1799 2085 1853 Vers.
2132 1803 2182 1855 4.
2235 1801 2425 1858 Donec
2462 1802 2581 1857 die:
2624 1809 2725 1859 est.
2788 1805 2981 1858 Donec
3031 1819 3289 1875 praesens
3331 1804 3506 1861 durat

126 1890 154 1940 6
199 1887 322 1962 βίος
363 1890 510 1950 οὗτος
555 1894 890 1961 συνέστηκεν,
939 1891 1027 1953 ἕως
1087 1892 1256 1955 ἔξεστι
1303 1900 1407 1954 τοῖς
1457 1893 1740 1969 ἀνθρώποις

1893 1888 2374 1956 meulum,donec
2415 1893 2532 1946 vita
2556 1893 2679 1947 haec
2724 1892 3212 1958 consistit,donec
3249 1894 3507 1949 homini-

127 1977 478 2051 ἐργάζεσθαι.

1856 1977 1970 2032 bus
2003 1983 2236 2050 operari
2264 1981 2625 2036 conceditur.

204 2067 472 2142 Ἔρχεται
546 2100 615 2108 —
699 2067 1035 2142 ἐργάζεσθαι.
1123 2069 1377 2146 Ἔρχεται
1453 2074 1479 2125 6
1554 2073 1745 2145 μέλλων

1927 2069 2085 2122 Vers.
2118 2071 2170 2124 4.
2203 2069 2359 2124 Venit
2385 2100 2452 2112 --
2486 2072 2734 2142 aperari.
2764 2071 2932 2127 Venit
2967 2072 3231 2128 futurum
3260 2072 3507 2128 retribu-

131 2156 289 2224 αἰὼν,
324 2159 408 2210 ὅτε
461 2153 634 2220 οὐδεὶς
664 2154 886 2210 δύναται
941 2157 1257 2232 ἐργάζεσθαι
1284 2164 1340 2213 τὸ
1370 2165 1628 2215 πιστεύειν
1681 2164 1745 2224 εἰς

1899 2155 2031 2212 onis
2071 2158 2379 2213 saeculum.
2442 2160 2612 2224 Quod
2657 2165 2858 2216 autem
2898 2162 3308 2232 operationem
3348 2161 3508 2218 dicat

132 2244 245 2318 ἐμέ.
302 2248 591 2319 Ἐργασίας
645 2249 743 2321 γὰρ
783 2249 809 2298 6
862 2253 1041 2322 παρὼν
1098 2254 1275 2323 καιρός
1309 2269 1322 2282 ·
1375 2252 1400 2302 6
1446 2247 1505 2304 δε
1555 2250 1746 2324 μελλων

1891 2245 1974 2310 ιο,
2007 2262 2127 2318 qua
2158 2247 2217 2301 in
2268 2247 2463 2320 ipsum
2517 2249 2871 2316 crederetur,
2904 2266 2975 2305 ex
3025 2267 3096 2306 eo
3126 2250 3505 2306 manifestum

132 2331 567 2398 ἁνταποδόσεως.
617 2334 738 2388 Ὀτι
792 2333 851 2389 δι
921 2335 1170 2410 ἐργασίαν
1241 2337 1461 2393 ἐνταῦθα
1511 2344 1606 2399 τὴν
1657 2349 1746 2393 τοῦ

1893 2340 1947 2390 st
1969 2336 2132 2407 quod
2171 2338 2448 2408 superius
2463 2337 2665 2394 dixerit
2701 2355 2714 2393 :
2742 2339 2866 2396 Hoc
2896 2347 3124 2412 estopus
3148 2341 3271 2405 Dei,
3301 2347 3364 2394 ut
3387 2355 3507 2397 cre-

131 2427 410 2477 πιστεύειν
438 2423 591 2496 λέγει,
629 2421 786 2484 δῆλον
813 2423 914 2477 ἀπὸ
941 2433 1031 2478 τοῦ
1064 2426 1221 2479 εἰπεῖν
1252 2427 1442 2498 ὀπίσω,
1475 2431 1556 2480 ὅτι
1584 2436 1745 2482 Τοῦτὰ

1252 2427 1442 2498 ὀπίσω,
1475 2431 1556 2480 ὅτι
1584 2436 1748 2482 Τοῦτὸ
1856 2423 2004 2480 dalis
2039 2425 2102 2480 in
2124 2441 2248 2483 eum
2280 2442 2441 2498 quem
2463 2428 2564 2484 ille
2584 2429 2739 2484 misit
2771 2429 2839 2483 ⁸ο.

130 2513 251 2566 ἔστι
277 2516 339 2566 τὸ
370 2516 518 2586 ἔργον
542 2521 636 2567 τοῦ
659 2522 814 2578 Θεοῦ,
837 2517 920 2568 ἵνα
943 2518 1262 2575 πιστεύσητε
1288 2517 1358 2581 εἰς
1382 2519 1434 2570 ὃν
1455 2516 1748 2571 ἀπέστειλεν

130 2603 357 2666 ἐκεῖνος.

203 2693 268 2746 Ὀ
300 2696 394 2766 μὲν
435 2691 522 2746 οὖν
561 2697 788 2766 Χριστὸς
843 2695 1039 2771 ἡμέραν
1223 2694 1431 2749 ἐκάλεσε
1483 2701 1570 2749 τὸν
1618 2717 1744 2772 παρ-

1928 2691 2191 2747 Christus
2209 2709 2470 2767 namque
2487 2710 2747 2766 prwsens
2763 2693 3050 2750 saeculum
3071 2694 3299 2751 vocavit
3324 2694 3506 2764 diem,

130 2788 262 2836 ὁντα
336 2782 500 2834 αἰῶνα
565 2779 659 2836 διὰ
720 2787 779 2836 τὸ
845 2782 1083 2857 ἐνεργόν·
1154 2785 1266 2857 (86)
1327 2787 1491 2838 νύκτα
1543 2782 1602 2839 δι
1663 2790 1744 2839 τὸν

1895 2797 1928 2836 o
1951 2782 2114 2853 quod
2155 2784 2488 2856 operationi
2529 2788 2738 2857 aptum
2771 2790 2862 2841 est
2899 2783 3204 2844 :futurum
3239 2800 3380 2841 vero
3409 2801 3509 2842 no-

134 2873 399 2946 μέλλοντα
437 2868 532 2925 διὰ
569 2875 627 2924 τὸ
658 2871 840 2946 ἀεργὸν
865 2891 877 2902 ·
933 2875 958 2925 6
1009 2870 1068 2926 δὲ
1112 2874 1226 2946 (87)
1275 2875 1475 2937 Παῦλος
1532 2875 1748 2928 τούναν-

1894 2874 2032 2935 tem,
2060 2871 2204 2942 quia
2231 2873 2289 2928 in
2329 2889 2401 2929 eo
2440 2889 2560 2929 non
2601 2874 2742 2929 ﬁent
2778 2889 2980 2946 opera.
3043 2873 3262 2929 Paulus
3307 2878 3507 2928 autem

133 2968 246 3015 τίον
310 2964 474 3013 νύκτα
502 2965 592 3034 μὲν
629 2966 718 3014 τὸν
760 2966 992 3034 παρόντα
1039 2963 1202 3015 αἰῶνα
1255 2959 1348 3015 διὰ
1407 2969 1500 3022 τὴν
1551 2963 1747 3023 πλάνην

1920 2959 2153 3016 diverso
2197 2968 2434 3017 noctem
2477 2963 2623 3018 dixit
2667 2979 2927 3034 praesens
2958 2962 3243 3018 saeculum
3275 2966 3509 3034 propter

130 3056 227 3104 καὶ
284 3055 382 3109 τὴν
422 3051 633 3121 ἄγνοιαν
681 3055 769 3102 καὶ
826 3055 883 3102 τὸ
934 3055 1120 3113 σκότος
1167 3060 1265 3103 τῶν
1314 3054 1513 3118 παθῶν,
1553 3055 1744 3126 ἡμέραν

1922 3065 2117 3104 rorem
2163 3056 2216 3104 et
2249 3050 2647 3121 ignorantiam
2691 3068 2762 3107 ac
2802 3052 3074 3107 tenebras
3112 3030 3536 3123 perturbatioJ

136 3138 198 3193 δε
229 3144 325 3194 τὸν
352 3139 601 3210 μέλλοντα
633 3137 727 3191 διὰ
756 3141 815 3190 τὸ
832 3135 999 3210 μηδὲν
1026 3142 1166 3210 ἔχειν
1197 3142 1391 3192 τούτων
1418 3159 1428 3170 ·
1455 3148 1584 3213 φησί
1604 3145 1704 3216 γὰρ
1729 3157 1742 3170 '

1905 3154 2002 3191 um
2035 3138 2258 3205 animi;
2301 3139 2461 3195 diem
2503 3157 2656 3209 vero,
2709 3140 2996 3206 futurum,
3029 3157 3101 3195 eo
3148 3141 3309 3211 quod
3363 3139 3508 3196 nihil

133 3231 194 3283 Ἠ
223 3229 324 3291 νύξ
353 3228 659 3302 προέκοψε-δ,
692 3229 722 3286 ἡ
754 3224 812 3280 δὲ
839 3230 1008 3303 ἡμέρα
1036 3232 1273 3300 ἤγγικεν.

1901 3242 2071 3281 orum
2101 3227 2359 3283 habebit.
2393 3229 2485 3283 Ait
2505 3229 2652 3284 enim
2689 3246 2700 3283 :
2743 3230 2883 3287 No.1:
2913 3229 3226 3300 praecessit,
3260 3229 3384 3285 dies
3405 3244 3507 3284 au-

1859 3321 1971 3371 tem
1998 3318 2485 3388 appropinquavit
2513 3319 2580 3372 ⁸⁷.

210 3405 378 3457 Ὀταν
439 3435 506 3444 --
561 3409 785 3476 κόσμου.
845 3409 943 3456 Καὶ
1002 3408 1112 3477 χρὴ
1168 3408 1283 3465 τοὺς
1348 3407 1745 3477 ἐσκοτισμένους

1928 3404 2089 3458 Vers.
2118 3406 2172 3460 5.
2211 3407 2492 3472 Quandiu
2517 3437 2584 3446 ——
2612 3406 2828 3461 mundi.
2873 3407 2938 3460 Et
2967 3421 3090 3469 eos,
3136 3405 3238 3478 qui
3269 3405 3507 3460 obtene-

140 3493 465 3567 φωτίζεσθαι
515 3490 608 3546 διὰ
649 3497 889 3558 πίστεως,
940 3497 1038 3566 πρὸ
1069 3501 1159 3545 τοῦ
1204 3493 1492 3566 μεταϐῆναί
1539 3513 1602 3566 με
1646 3493 1746 3547 ἀπὸ

1892 3493 2008 3548 >rati
2031 3498 2187 3564 sunt,
2207 3498 2437 3565 oportet
2459 3493 2778 3549 illuminari
2816 3493 3136 3566 perﬁdem,
3157 3494 3506 3566 priusquam

141 3591 237 3635 τοῦ
276 3586 496 3653 κόσμοῦ.
530 3587 629 3635 Καὶ
673 3580 721 3633 ἓν
769 3590 840 3653 τῷ
887 3579 1332 3653 πεντεκαιδεκάτῳ
1382 3579 1441 3634 δε
1487 3583 1745 3655 κεφαλαίῳ

1924 3581 2153 3638 mundo
2190 3589 2516 3639 transeam.
2551 3583 2794 3640 Decimo
2837 3584 3040 3656 quinto
3088 3588 3286 3639 autem
3319 3582 3505 3654 capite

141 3671 461 3743 πλατύτερον
490 3676 608 3746 περὶ
639 3674 822 3723 τούτου
850 3670 1001 3742 λέγει.
1057 3676 1121 3724 Τί
1177 3669 1302 3738 οὖν;
1354 3670 1402 3723 ἐν
1444 3681 1514 3742 τῷ
1546 3672 1744 3745 οὐρανῴ

1890 3671 2030 3725 ιιιιιε
2061 3673 2131 3726 de
2163 3672 2277 3728 hoc
2302 3672 2583 3744 loquitur.
2619 3673 2771 3739 Quid
2789 3688 2950 3743 ergo,
2972 3689 3106 3728 cum
3136 3672 3194 3726 in
3222 3671 3373 3727 cmlo
3399 3675 3504 3735 est,

141 3762 213 3811 ὠν
244 3760 338 3811 οὐκ
367 3763 479 3812 ἔστι
524 3769 625 3832 φῶς
664 3768 754 3812 τοῦ
785 3765 1024 3832 κοσμου;
1072 3760 1254 3814 Ἔστιν
1279 3778 1290 3790 ⁸
1327 3760 1455 3813 ἀλλὰ
1495 3769 1583 3813 νῦν
1628 3768 1744 3835 περὶ

1896 3776 1975 3816 on
1997 3769 2084 3816 est
2101 3762 2201 3818 lux
2221 3762 2476 3818 mundi?
2499 3766 2595 3818 Est
2612 3764 2836 3836 utique,
2863 3763 2966 3818 sed
2985 3779 3146 3818 nunc
3165 3762 3239 3817 de
3261 3777 3504 3817 conver-

140 3859 238 3912 τῆς
277 3849 324 3901 ἐν
369 3857 430 3922 τῇ
467 3849 580 3921 (88)
629 3857 693 3922 γῇ
746 3846 1026 3921 διατριϐῆς
1068 3851 1227 3902 αὐτοῦ
1276 3870 1453 3922 φησιν,
1511 3850 1621 3922 ἅμα
1653 3855 1742 3923 μὲν

1894 3850 2082 3905 atione
2113 3868 2221 3906 sua
2243 3852 2299 3906 in
2326 3856 2480 3907 terra
2509 3853 2670 3920 dicit,
2699 3851 2874 3908 simul
2903 3857 2959 3908 et
2980 3853 3056 3908 ad
3080 3851 3263 3907 fidem
3293 3850 3508 3906 adhor-

137 3941 546 4012 προτρεπόμενος
598 3937 672 3999 εἰς
744 3941 924 4012 πίστιν
998 3935 1108 4010 ἅμα
1161 3933 1221 3990 δὲ
1271 3940 1357 3989 τὸν
1408 3939 1529 3990 ὅσον
1600 3942 1742 3991 ού⁹πω

1888 3955 2007 4009 ms,
2025 3947 2081 3996 et
2097 3941 2503 4014 propinquam
2521 3957 2650 3997 esse
2677 3947 2929 3998 mortem
2947 3957 3120 3998 suam
3136 3940 3502 4012 signiﬁcans.

141 4028 362 4079 θάνατον
394 4026 551 4079 αὐτοῦ
580 4022 918 4099 παραδηλῶν.

213 4121 392 4168 Ταῦτα
447 4115 600 4168 εἰπὼν
655 4146 725 4156 —-
779 4114 992 4188 τυφλοῦ.
1053 4119 1201 4168 Διατί
1266 4119 1338 4188 μὴ
1390 4124 1524 4187 χοῦν
1588 4121 1741 4189 μόνον

1923 4120 2081 4172 Vers.
2109 4119 2164 4172 6.
2208 4119 2310 4174 His
2349 4118 2524 4175 dictis
2551 4118 2786 4174 —caaci.
2828 4120 3034 4184 Quaare
3071 4117 3266 4173 solum
3307 4116 3504 4189 pulve-

138 4202 310 4255 λακὼν
363 4203 641 4278 iri-expiat;
697 4209 839 4258 Διότι
911 4206 936 4256 6
985 4212 1119 4276 χοῦς
1176 4206 1294 4257 ἄνευ
1367 4206 1530 4278 ὑγροῦ
1603 4225 1742 4268 τινος

1891 4222 1976 4261 em
2020 4212 2319 4278 sumptum
2350 4223 2470 4263 non
2500 4207 2682 4262 illevit
2709 4208 2738 4263 ?
2769 4207 2916 4272 Quia
2955 4205 3118 4261 solus
3162 4205 3355 4277 pulvis
3381 4206 3505 4260 sine

139 4292 237 4345 ούκ
265 4293 583 4365 ἐπιχρίεται.
628 4298 727 4347 Καὶ
754 4290 789 4348 δ
795 4298 904 4347 ιατί
933 4293 1037 4366 ούχ
1067 4291 1246 4365 ὕδατι,
1295 4292 1422 4346 ἀλλὰ
1470 4296 1743 4368 πτύσματι

1890 4293 2054 4366 liquo
2096 4295 2349 4351 humore
2397 4311 2517 4350 non
2547 4293 2766 4349 linitur.
2820 4297 2886 4349 Et
2917 4310 3103 4367 quam
3134 4295 3208 4349 ob
3257 4308 3504 4348 causam

138 4381 304 4440 πηλὸν
334 4380 610 4451 ἐποίησεν;
651 4381 760 4436 Ὶνα
783 4391 852 4454 τῷ
909 4386 1178 4457 πτύσματι
1225 4382 1482 4458 ἐπιγραφῇ
1541 4385 1656 4456 (89)
1683 4388 1741 4437 τὸ

1891 4388 2027 4455 puto
2050 4388 2106 4438 et
2133 4399 2252 4439 non
2274 4400 2434 4456 aqua
2467 4384 2658 4439 lutum
2688 4383 2823 4438 fecit
2843 4384 2870 4439 ?
2903 4384 2971 4438 Ut
3008 4387 3183 4455 sputo
3208 4381 3505 4438 adscribe-

140 4473 338 4544 θαῦμα.

1771 4521 1815 4544 η
1850 4477 2011 4529 retur
2040 4472 2420 4528 miraculum.

215 4565 314 4615 Καὶ
376 4593 446 4603 -
497 4561 720 4635 Σιλωάμ.
780 4560 1060 4633 Νίψασθαι
1115 4563 1204 4634 μὲν
1261 4560 1475 4630 κελεύει,
1536 4557 1815 4623 δεικνὺςυ

1926 4563 2082 4616 Vers.
2139 4562 2193 4615 7.
2251 4561 2608 4617 Et—siloe.
2667 4561 2873 4616 Lavari
2918 4559 3112 4633 jubet,
3179 4559 3503 4616 ostendens

136 4652 220 4704 ὅτι
258 4651 318 4704 ού
360 4655 545 4724 χρείαν
586 4647 698 4724 εἶχε
752 4658 843 4702 τοῦ
887 4655 1062 4721 χοὸς·
1122 4649 1228 4702 ἀλλ’
1273 4649 1540 4724 ἐχρήσατο
1571 4653 1739 4723 τούτῳ

1896 4651 2010 4706 uod
2035 4650 2198 4706 nulla
2232 4650 2304 4705 sit
2335 4650 2594 4722 pulveris
2615 4651 2941 4705 necessitas
2974 4667 2986 4704 :
3023 4650 3129 4705 sed
3156 4666 3227 4705 eo
3250 4665 3393 4704 usus
3413 4653 3504 4705 est

136 4744 269 4814 πρὸς
292 4744 350 4793 τὸ
391 4736 610 4804 διδάξαι
639 4745 811 4812 μόνον,
860 4741 940 4790 ὅτι
972 4739 1128 4801 αὐτὸς
1171 4738 1311 4792 ἐστιν
1342 4740 1367 4790 6
1419 4739 1535 4791 κατ’
1569 4737 1740 4812 ἀρχὰς

1890 4741 2064 4804 slum,
2100 4746 2161 4796 ut
2203 4739 2477 4795 ostendat
2508 4755 2567 4794 se
2609 4754 2755 4805 esse,
2811 4739 2912 4810 qui
2959 4740 3032 4794 ab
3071 4739 3236 4795 initio
3285 4754 3504 4810 corpus

137 4831 192 4884 ἐκ
222 4835 354 4904 χοὸς
381 4830 581 4890 πλάσας
613 4831 668 4882 τὸ
721 4837 874 4901 σῶμα
917 4835 1010 4880 τοῦ
1056 4825 1252 4901 Ἀδάμ.
1301 4827 1633 4882 Ἀποστέλλει
1679 4824 1737 4880 δὲ

1888 4830 2036 4885 .dam
2071 4830 2146 4885 de
2212 4830 2451 4901 pulvere
2482 4828 2778 4883 formavit.
2821 4828 2987 4885 Mittit
3016 4835 3215 4884 autem
3257 4845 3394 4884 eum
3426 4828 3502 4883 ad

138 4921 292 4974 αὐτὸν
349 4921 418 4983 εἰς
470 4924 563 4979 τὴν
609 4916 978 4992 κολυμϐήθραν
1029 4926 1120 4970 τοῦ
1170 4918 1373 4991 Σιλωὰμ
1425 4917 1600 4994 πόρρω
1653 4914 1736 4970 οὗ·

1891 4919 2142 4974 iscinam
2181 4919 2352 4986 Siloe,
2388 4934 2521 4991 quas
2552 4916 2726 4986 longe
2753 4917 3032 4983 distabat,
3077 4923 3138 4974 ut
3193 4923 3503 4990 appareret

140 5028 256 5077 σαν,
314 5010 397 5061 ἱνα
443 5016 571 5082 φανῇ
629 5009 658 5066 ἡ
713 5012 892 5068 πίστις
942 5011 1032 5059 καὶ
1085 5007 1342 5060 εὐπείθεια
1388 5016 1479 5060 τοῦ
1520 5006 1732 5078 τυφλοῦ.

1890 5007 1994 5062 des
2025 5023 2094 5062 ac
2125 5013 2405 5080 prompta
2426 5005 2914 5062 caeciobedientia
2937 5023 2949 5074 ;
2976 5021 3166 5077 neque
3188 5005 3346 5062 enim
3382 5003 3502 5060 ulla

141 5093 282 5148 Ούδὶ
311 5100 412 5169 γὰρ
459 5097 662 5170 ὑποψία
704 5117 778 5158 τις
832 5093 912 5165 ἧν,
971 5099 1051 5149 ὅτι
1104 5098 1133 5156 ἡ
1196 5096 1536 5171 κολυμϐήθρα
1583 5098 1734 5170 θερα-

1882 5101 1973 5152 rat
2010 5096 2375 5169 apparentia,
2400 5094 2565 5168 quod
2583 5093 2814 5166 piscina
2841 5093 3008 5150 illum
3031 5098 3495 5152 essetcuratura.

213 5273 259 5308 “
291 5277 458 5330 Rom.
488 5290 542 5342 v,
576 5276 665 5331 20.
742 5276 790 5312 ⁸⁸
823 5278 992 5334 Joan.
1024 5292 1105 5345 Vl,
1137 5279 1225 5332 29.
1305 5277 1350 5310 ⁸⁷
1386 5279 1552 5332 Rom.
1582 5291 1700 5346 xm,
1740 5280 1823 5331 12.

1207 5480 1429 5552 Varias
1475 5480 1804 5550 lectiones
1841 5491 1905 5550 et
1935 5486 2136 5550 note.

204 5623 315 5693 (84)
355 5621 589 5680 Inclusa
617 5622 963 5680 exciderunt
991 5627 1056 5680 Α.

1919 5624 2032 5693 (87)
2056 5626 2149 5677 Διά
2167 5627 2262 5682 τὴν
2295 5619 2668 5678 ἀνταπόδοσιν.
2699 5621 2758 5674 Ὀ
2785 5617 2844 5674 δι
2873 5625 2934 5678 Α.

207 5624 315 5693 (84)
355 5624 589 5680 Inclusa
617 5624 963 5680 exciderunt
991 5627 1056 5680 Α.

234 5699 300 5752 85
362 5702 465 5749 Τοῦ
489 5694 790 5768 πέμψαντός
827 5713 890 5768 με
920 5695 1085 5752 addit
1115 5696 1182 5754 Α.

207 5698 322 5840 (86)
361 5771 430 5820 T6
461 5769 614 5842 ἔργον
646 5773 706 5825 Α.

810 5627 963 5680 εΐιωι
991 5627 1056 5680 Α.
1940 5625 2006 5679 87
2056 5626 2149 5677 Διά
2167 5627 2262 5682 τὴν
2295 5624 2423 5676 ἀντα

827 5713 890 5768 με
920 5695 1085 5752 addit
1115 5696 1182 5754 A.
1914 5624 2032 5842 (88)
2167 5695 2331 5752 abest
2359 5700 2424 5751 Α.

1940 5768 2006 5824 89
2071 5774 2340 5842 Επιτραφῇ
2376 5772 2424 5822 Β.

233 5767 321 5840 86)
361 5771 430 5820 T6
461 5767 614 5842 ἔργον
646 5773 706 5825 Α.
830 5767 833 5768 ν
1916 5767 2028 5842 (89)
2055 5767 2340 5843 Ἐπιτραφῇ
2376 5772 2432 5822 Β.
