4088 6430
635 319 765 375 1311

639 556 734 590 σου
763 541 902 600 τινός
927 539 1038 609 (90)
1062 537 1383 610 ἀπαλλαγήν.

707 628 868 682 Vers.
903 630 955 682 7.
977 628 1146 696 Quod
1173 658 1234 669 -
1264 630 1492 684 missus.
1523 627 1694 694 Quod
1734 627 2101 684 vocabulum
2129 627 2286 684 Siloe
2317 628 2362 682 A

634 716 923 782 videlicet,
943 717 1106 790 quod
1120 722 1208 773 est
1222 718 1584 781 Hebraicum,
1609 718 2095 790 interpretatione
2115 721 2288 773 sonat

635 807 880 862 missus:
910 806 1060 874 ideo,
1097 812 1159 862 ut
1178 807 1412 878 opinor,
1433 808 1593 880 quod
1614 814 1752 864 tunc
1777 823 1968 862 caecus
1993 807 2090 862 illo
2117 806 2290 862 fuerit

635 894 856 950 missus
885 911 897 959 ;
921 895 1326 967 praesiguabat
1343 912 1605 969 namque
1629 896 1869 968 piscium
1893 895 2288 968 appellatioid

632 984 798 1056 quod
829 984 1088 1039 futurum
1121 991 1265 1041 erat.

706 1075 869 1129 Vers.
895 1075 949 1128 7.
974 1075 1219 1130 Abiit‘—
1241 1075 1464 1132 videns.
1493 1074 1646 1130 Abiit
1668 1074 1810 1130 nihil
1845 1074 2152 1139 hiesitans,
2183 1073 2290 1129 sed

637 1163 946 1220 confestim
1019 1163 1327 1220 obediens.
1385 1165 1561 1236 Atqui
1620 1163 2018 1220 verisimiliter
2093 1163 2289 1219 dicere

636 1258 865 1326 poterat
894 1253 1076 1319 :Quid
1113 1253 1224 1309 hoc
1247 1253 1360 1310 sibi
1380 1254 1498 1309 vult
1523 1253 1551 1308 'I
1583 1269 1701 1308 non
1726 1253 1916 1325 potuit
1942 1269 2036 1308 me
2057 1254 2290 1309 curare?

633 1358 781 1398 num
835 1341 1102 1399 fortassis
1144 1343 1335 1398 illudit
1367 1359 1482 1409 me,
1530 1343 1863 1415 frustraque
1897 1343 2113 1398 mittit?
2145 1357 2287 1398 nam

634 1433 970 1505 frequenter
999 1432 1079 1487 ibi
1126 1432 1300 1496 lotus,
1334 1432 1476 1488 nihil
1511 1432 1714 1503 accepi
1747 1431 2034 1488 utilitatis.
2069 1434 2212 1487 Item
2235 1439 2290 1487 et

636 1521 805 1578 aliter
835 1537 846 1575 :
896 1521 951 1577 Si
982 1521 1247 1577 futurum
1301 1527 1408 1589 est,
1443 1527 1505 1577 ut
1552 1522 1743 1577 lutum
1795 1537 1888 1576 me
1917 1524 2107 1591 sanet,
2144 1521 2286 1593 quid

637 1627 789 1684 opus
829 1615 934 1676 est,
962 1611 1105 1667 utin
1137 1612 1292 1666 dicta
1317 1611 1546 1683 piscina
1583 1611 1746 1666 laver
1773 1609 1801 1666 ‘P
1829 1610 1878 1664 si
1910 1626 2051 1664 vero
2077 1609 2176 1666 illa
2202 1625 2289 1665 me

637 1705 916 1755 curatura
945 1705 1055 1764 est,
1086 1716 1222 1772 quas
1263 1700 1369 1758 fuit
1399 1699 1503 1756 luti
1553 1700 1876 1755 necessitas
1907 1701 1934 1754 ?
1975 1699 2088 1755 Sed
2145 1698 2291 1754 nihil

633 1789 976 1860 hujusmodi
1002 1796 1105 1845 aut
1134 1789 1300 1856 dixit,
1327 1794 1430 1846 aut
1460 1789 1738 1858 cogitavit
1771 1805 1784 1843 :
1814 1789 1918 1844 sed
1943 1788 2291 1861 simpliciter

634 1879 904 1943 credens,
918 1879 1083 1951 quod
1097 1895 1167 1935 ea
1183 1895 1314 1952 qua?
1328 1879 1404 1934 ad
1423 1879 1675 1934 salutem
1692 1894 1863 1934 suam
1881 1879 2286 1944 convenirent,

1984 318 2332 375 EUTHYMII
2380 317 2717 378 ZIGABENI

635 448 816 500 πεύσει
875 445 1048 502 αὐτόν.
1118 447 1322 502 Πολλῶν
1403 449 1503 522 γὰρ
1565 449 1896 506 memdi
1985 446 2090 501 έκεῖ
2146 451 2236 500 καὶ
2323 451 2636 520 νιπτομένων
2729 448 2818 500 καὶ
2897 444 3203 520 λουομένων,

3829 324 3930 378 1312

3295 441 3466 508 οὐδεὶς
3533 447 3644 520 εὗρέ
3723 467 3830 502 ποτε
3876 457 3932 502 νο-

2466 625 2531 678 Ὀ
2592 657 2660 667 -
2708 625 3104 699 ἀπεσταλμένος.
3173 625 3336 699 Ὀπερ
3417 629 3593 698 ὄνομα,
3660 629 3714 678 τό
3776 628 3934 697 Σιλωὰμ

2399 713 2660 778 δηλονότι,
2717 715 2988 790 Ἐϐραῑκόν
3062 721 3136 781 ὅν,
3193 715 3521 790 ἑρμηνεύεται
3594 714 3931 787 ἀπεσταλμένος.

2399 803 2563 878 Οἶμαι
2593 802 2687 858 διὰ
2728 809 2815 858 τὸν
2860 805 3240 878 ἀπεσταλμένον
3273 805 3379 857 ἐκεῖ
3427 809 3541 857 τότε
3587 805 3780 876 τυφλόν.
3818 813 3933 878 Προε-

2399 892 2434 948 δ
2440 895 2562 954 ηλου
2591 899 2692 970 γὰρ
2729 898 2758 954 ἡ
2793 905 2888 957 τῆς
2911 894 3144 968 κολυμϐἡ
3156 897 3278 969 θρας
3301 894 3487 956 κλῆσις
3512 899 3569 946 τὸ
3595 893 3779 966 μελλον.

2469 1073 2721 1132 Ἀπῆλθεν
2805 1104 2868 1114 —
2932 1071 3153 1146 βλέπων.
3237 1072 3464 1132 Ἀπῆλθε
3551 1093 3621 1145 μη
3704 1069 3936 1145 διακριθεὶς

2398 1163 2520 1223 ὅλως
2568 1162 2679 1214 ἀλλ’
2724 1162 2904 1224 εύθέως
2957 1165 3285 1232 ὑπακούσας,
3331 1167 3504 1216 καίτοι
3534 1163 3669 1225 εἰκός
3715 1159 3767 1221 ἦν
3803 1164 3934 1220 εἰπεῖν,

2397 1258 2459 1306 Τί
2487 1261 2641 1305 τουτο
2692 1250 2960 1325 βούλεται,
3001 1253 3095 1305 ούιι
3151 1249 3382 1312 ἠδύνατο
3443 1252 3592 1313 αὐτὸς
3643 1254 3934 1327 Gigantum;

2398 1347 2599 1413 μήποτε
2680 1341 2847 1412 πλανᾴ
2921 1361 2986 1414 με
3045 1347 3136 1395 καὶ
3217 1345 3388 1414 μάτην
3458 1346 3680 1413 πέμπεν
3752 1341 3936 1400 πολλάκις

2398 1435 2498 1504 γὰρ
2540 1431 2642 1484 ἐκεῖ
2684 1430 2958 1503 νιψάμενος
3000 1427 3152 1484 ούδεν
3198 1429 3506 1504 ὰπωνάμην.
3559 1436 3657 1484 Καὶ
3692 1431 3846 1504 ἑτέρως
3881 1427 3933 1493 δὲ,

2399 1521 2459 1574 Εἰ
2502 1523 2528 1572 ὁ
2582 1521 2739 1582 πηλός
2789 1523 3113 1593 θεραπεύσει,
3161 1527 3242 1582 τίς
3293 1523 3322 1580 ἠ
3388 1524 3552 1593 χρεία
3607 1527 3694 1572 τοῦ
3739 1519 3935 1590 νίψασθαι

2400 1610 2472 1672 εἰς
2520 1615 2613 1668 τὴν
2663 1610 2933 1684 εἰρημένην
2991 1609 3484 1684 κολυμϐήθρανςεί
3531 1606 3591 1662 δι
3640 1609 3788 1666 ἐκείνη
3835 1610 3936 1682 θερί·

2403 1703 2600 1764 πεύσει,
2643 1705 2722 1762 τίς
2752 1701 2782 1757 ἠ
2826 1704 2986 1771 χρεία
3028 1708 3120 1752 τοῦ
3151 1699 3356 1765 πηλοὺ;
3401 1698 3540 1753 Ἀλλ’
3577 1695 3720 1751 οὐδὲν
3763 1704 3935 1750 τοιοῦτον

2400 1791 2429 1849 ἦ
2489 1787 2622 1842 εἶπεν
2681 1791 2710 1848 ἣ
2766 1788 3072 1860 έλογίσατο·
3132 1789 3300 1850 ἁπλῶς
3332 1785 3392 1842 δι
3445 1793 3751 1850 πιστεύσας,
3794 1789 3856 1839 ὅτι
3893 1790 3935 1836 τὰ

2400 1882 2530 1951 πρὸς
2587 1881 2728 1930 ἴασιν
2799 1878 2960 1931 αὐτοῦ
3024 1883 3115 1931 καὶ
3193 1883 3438 1937 πεποίηκε
3515 1881 3604 1930 καὶ
3671 1875 3932 1949 προσέταξεν,

635 1971 693 2023 et
730 1967 961 2024 fecisset
1011 1973 1064 2023 et
1100 1969 1390 2039 jussisset,
1443 1968 1703 2023 obedivit
1753 1973 1810 2023 et
1851 1968 2016 2032 abiit,
2077 1974 2129 2022 et
2187 1983 2292 2039 per

2403 1965 2616 2024 ὶπείσθη
2673 1972 2761 2020 καὶ
2816 1967 3035 2031 ἀπῆλθε,
3090 1972 3178 2019 καὶ
3229 1977 3324 2029 τῆς
3379 1970 3635 2028 τοιαύτης
3670 1971 3861 2024 πίστεως
3897 1963 3933 2014 οὗ

639 2055 816 2112 talem
849 2056 1031 2112 ﬁdem
1063 2073 1183 2113 non
1238 2063 1325 2113 est
1376 2074 1488 2113 sua
1521 2074 1627 2127 spe
1665 2057 2003 2113 frustratus.

711 2147 873 2201 Vers.
907 2145 960 2200 8.
1005 2148 1201 2202 Vicini
1244 2147 1462 2219 itaque.
1513 2147 1674 2202 Vers.
1718 2147 1806 2200 tt.
1839 2146 2022 2202 visum
2074 2146 2285 2214 recepi.

636 2235 787 2300 Quid
818 2235 953 2290 ais?
982 2237 1167 2292 Homo
1195 2236 1331 2292 talia
1353 2236 1542 2292 facere
1561 2241 1747 2308 potest
1772 2235 1800 2289 ?
1830 2235 2101 2290 nondum
2135 2236 2295 2290 enim

637 2327 1042 2395 cognoscebat
1082 2342 1220 2382 eum
1256 2326 1436 2382 etiam
1456 2343 1587 2382 esse
1623 2329 1828 2381 [)eum.
1869 2326 1996 2380 Non
2035 2325 2298 2381 dixitau-

636 2419 753 2470 tem
779 2430 791 2466 :
821 2413 1055 2486 Exspuit
1073 2415 1129 2470 in
1160 2420 1395 2478 terram,
1422 2431 1561 2470 nam
1591 2420 1728 2470 tunc
1755 2429 1876 2469 non
1899 2414 2146 2478 viderat;
2171 2415 2295 2479 sed,

637 2505 854 2559 Lutum
890 2505 1036 2574 fecit
1068 2510 1120 2559 et
1150 2506 1390 2561 inuuxit
1417 2506 1616 2560 oculos
1657 2519 1851 2568 meos;
1885 2503 2001 2559 hoc
2033 2519 2296 2576 namque

641 2597 912 2648 senserat
949 2610 1018 2649 ac
1047 2609 1224 2648 sensu
1257 2598 1449 2650 tactus
1483 2599 1867 2663 cognoverat.

707 2681 822 2736 Sed
853 2682 1014 2737 unde
1053 2683 1279 2749 didicit,
1303 2682 1461 2754 quod
1483 2685 1652 2738 Jesus
1683 2681 1978 2737 diceretur
2006 2681 2033 2736 ?
2059 2683 2300 2738 Interro-

639 2771 803 2840 gavit
833 2771 1042 2842 procul
1088 2771 1274 2826 dubio
1313 2787 1416 2826 eos
1445 2771 1548 2841 qui
1577 2776 1714 2825 tunc
1746 2775 2072 2841 prasentes
2101 2776 2294 2826 erant.

642 2859 970 2915 Verisimile
990 2860 1146 2915 enim
1171 2865 1280 2918 est.
1301 2860 1463 2932 quod
1493 2860 1672 2915 etiam
1702 2859 1868 2931 prius
1887 2859 1961 2915 de
1987 2860 2290 2916 miraculis

645 2947 803 3022 illius
831 2948 1083 3003 audierit
1117 2965 1130 3014 ;
1163 2949 1296 3004 ideo
1319 2948 1498 3005 etiam
1531 2949 1940 3004 incunctanter
1969 2948 2048 3004 illi
2078 2950 2297 3022 paruit,

635 3021 725 3093 lut
753 3036 976 3092 dictum
1004 3040 1108 3092 est.

714 3125 877 3182 Vers.
911 3129 999 3180 t2.
1052 3126 1347 3182 Dixerunt
1408 3156 1472 3167 —
1526 3126 1678 3181 ille?
1726 3127 1876 3180 Nam
1919 3127 2305 3197 requirebant

639 3215 819 3282 llum,
835 3203 936 3288 qui
952 3216 1252 3271 insaniam
1273 3215 1545 3287 ipsorum
1567 3214 1912 3284 aufugerat;
1940 3221 1995 3270 et
2011 3216 2188 3288 quasi
2213 3216 2300 3288 (ιι)

640 3305 835 3362 solum
864 3303 920 3360 id
954 3304 1281 3370 audissent,
1317 3305 1674 3373 investigant
1707 3320 1869 3360 eum.

711 3393 877 3451 Vers.
913 3395 997 3450 t2.
1025 3395 1147 3457 Ait,
1173 3394 1396 3451 Nescio.
1426 3393 1574 3450 Nam
1604 3410 1737 3450 cum
1760 3394 2109 3459 iuunxisset,
2142 3399 2198 3451 et
2221 3395 2298 3451 ad

639 3484 933 3558 piscinam
1001 3484 1162 3540 abire
1239 3483 1530 3554 iussisset,
1583 3484 1869 3540 continuo
1938 3484 2301 3540 discesserat

641 3574 879 3643 fugiens
896 3573 1178 3645 plausum
1210 3571 1284 3628 de
1315 3573 1622 3628 miraculo.

714 3664 875 3718 Vers.
912 3663 999 3718 13.
1049 3661 1380 3718 Adducunt
1430 3693 1496 3702 —
1536 3662 1696 3717 Vers.
1746 3664 1832 3717 14.
1869 3663 2092 3719 oculos.
2149 3663 2296 3718 Cum

644 3751 812 3807 illum
837 3766 958 3806 non
991 3751 1343 3818 invenirent,
1384 3751 1544 3807 hunc
1585 3751 1896 3806 adducunt
1941 3757 2001 3808 ut
2030 3751 2299 3807 demons-

646 3845 801 3895 trent
829 3839 991 3912 quod
1017 3840 1346 3896 Sabbatnm
1370 3840 1629 3896 solverit.

719 3928 996 3984 Ven-3.15.
1030 3931 1287 3985 Rursum
1323 3962 1368 3970 -
1407 3930 1595 3987 video.
1624 3931 2295 4000 Noninterrogaverunt,

651 4017 966 4084 Quomodo
997 4018 1188 4074 visum
1241 4020 1537 4091 recepisti,
1592 4019 1694 4074 sed
1725 4019 2018 4088 Quomodo
2061 4020 2299 4090 aperuit

651 4109 851 4165 oculos
873 4113 1003 4164 tuos
1023 4109 1052 4163 Ῡ
1079 4108 1285 4164 dantes
1306 4109 1682 4165 occasionem
1716 4108 2130 4164 calumniandi
2158 4125 2296 4164 eum

649 4197 723 4252 de
767 4213 942 4269 opere
969 4197 1263 4270 prohibito
1305 4198 1525 4254 scilicet
1565 4200 1620 4253 in
1655 4198 1923 4254 Sabbato
1956 4215 1966 4252 :
2003 4199 2128 4270 ipse
2163 4214 2302 4253 vero

648 4286 825 4358 quasi
853 4287 928 4342 ad
957 4303 1060 4342 eos
1092 4286 1368 4360 loquens,
1390 4288 1492 4360 qui
1517 4288 1644 4360 jam
1681 4287 2054 4353 audiverant,
2083 4303 2305 4343 sermo-

645 4391 786 4432 nem
823 4376 1144 4432 abbreviat.

717 4465 878 4520 Vers.
923 4467 1008 4520 16.
1037 4465 1318 4522 Dicebant
1350 4497 1415 4506 —
1441 4465 1731 4522 observat.
1753 4497 1820 4506 —
1846 4467 1968 4522 Non
1997 4472 2078 4522 est
2101 4481 2138 4522 a
2161 4469 2293 4533 Deo,

645 4554 863 4610 missus
893 4553 1185 4616 videlicet,
1217 4554 1328 4618 vel,
1354 4557 1478 4610 Non
1518 4561 1605 4610 est
1637 4571 1708 4610 ex
1742 4555 1881 4610 Deo.

717 4646 873 4700 Vers.
909 4645 996 4701 16.
1042 4644 1168 4700 Alii
1194 4675 1257 4685 —
1296 4660 1408 4701 eos.
1444 4647 1590 4700 Nam
1638 4644 1734 4716 qni
1761 4659 1832 4699 ex
1867 4646 1982 4699 Deo
2022 4659 2142 4698 non
2186 4649 2292 4709 est,

645 4747 718 4789 ex
753 4733 999 4791 diabolo
1029 4738 1134 4798 est,
1170 4738 1227 4790 et
1264 4734 1510 4790 omnino
1549 4738 1826 4806 peccator
1861 4739 1967 4788 est.
1996 4732 2295 4788 Dissensio

2405 2053 2712 2130 διήμαρτεν.

2477 2148 2543 2197 Οἱ
2591 2141 2679 2197 οὖν
2735 2150 2958 2216 γείτονες
3020 2175 3087 2185 -
3141 2142 3412 2215 ἀνέϐλεψα.
3491 2149 3559 2197 Ti
3630 2143 3811 2214 λέγεις;
3856 2138 3933 2193 ’Δνο

2408 2237 2607 2310 θρωπος
2650 2243 2867 2287 τοιαῦτα
2915 2232 3176 2298 δύναται;
3228 2237 3390 2286 Οὔπω
3440 2237 3549 2306 γὰρ
3596 2232 3836 2305 ἐγίνωσκεν
3875 2230 3934 2279 τὶ-

2407 2327 2494 2376 τὸν
2518 2330 2607 2376 καὶ
2639 2329 2786 2378 Θεόν.
2835 2324 2945 2375 Οὐκ
2989 2320 3096 2376 εἶπε
3157 2320 3234 2388 δε,
3291 2325 3370 2375 ὃτι
3397 2322 3635 2376 Ἐπτυσε
3675 2325 3841 2392 χαμαὶ,
3867 2319 3930 2386 οὐχ

2409 2413 2541 2486 ἱώρα
2569 2417 2670 2488 γὰρ
2697 2420 2828 2478 τότε,
2871 2412 3002 2478 ἀλλ’,
3035 2414 3114 2465 ὅτι
3146 2411 3315 2470 Πηλὸν
3367 2411 3609 2478 ἐποίησε,
3648 2415 3732 2462 καὶ
3760 2409 3928 2480 ἐπήκρισε

2410 2523 2509 2575 μου
2534 2507 2649 2564 τοὺς
2674 2502 2988 2575 ὀφθαλμούς.
3023 2501 3250 2576 ᾜσθετο
3270 2505 3372 2574 γὰρ
3395 2505 3488 2553 καὶ
3514 2504 3646 2573 ἔγνω
3668 2507 3804 2552 τοῦτο
3827 2496 3924 2552 hri;

2411 2592 2564 2664 ἁφῆς.

2482 2681 2644 2736 Ἀλλὰ
2694 2683 2850 2734 πόθεν
2898 2682 3082 2752 ἔμαθεν
3138 2681 3217 2732 ὅτι
3274 2678 3486 2740 Ἰησοῦς
3543 2678 3773 2750 λέγεται;
3828 2675 3924 2746 Ἥρω·

2411 2790 2538 2829 τησε
2567 2775 2682 2823 τότε
2710 2771 2824 2840 (91)
2873 2772 3076 2831 πάντως
3119 2773 3241 2830 τοὺς
3281 2773 3568 2842 παρόντας.
3601 2767 3746 2827 Εἰκὸς
3770 2768 3846 2835 γὰρ
3877 2765 3931 2810 ui

2412 2863 2656 2933 πρότερον
2719 2857 2923 2910 ἀκούειν
2989 2862 3107 2929 περὶ
3171 2864 3271 2908 τῶν
3323 2858 3605 2928 θαυμάτων
3676 2853 3830 2906 αὐτοῦ.
3879 2851 3932 2900 Διὸ

2412 2954 2502 3001 καὶ
2535 2946 2844 3022 ἀπεριέργως
2875 2948 3170 3005 ὑπήκουσεν
3203 2945 3384 3008 αύτού,
3417 2947 3596 3008 καθὼς
3624 2948 3823 3018 εἴρηται.

2487 3122 2639 3179 Εἶπον
2701 3157 2760 3164 -
2818 3123 3038 3192 έκεῖνοςς
3117 3125 3366 3185 Ἐζήτουν
3422 3125 3530 3196 γὰρ
3589 3121 3752 3190 αὐτὸν,
3803 3113 3937 3185 διαᾷυο

2410 3219 2570 3285 γοντα
2618 3218 2711 3272 τὴν
2755 3219 2943 3286 μανίαν
3005 3213 3195 3280 αὐτῶν,
3259 3217 3347 3264 καὶ
3418 3214 3485 3273 ὡς
3553 3215 3703 3284 μόνον
3750 3212 3935 3265 ἥκουσαι,

2414 3303 2787 3376 ἱχνηλατούσιν
2809 3303 2982 3357 αὐτόν.

2488 3397 2635 3464 Λέγει
2669 3411 2680 3422 ·
2712 3393 2822 3445 Ούκ
2863 3389 3002 3446 οἶδα.
3051 3392 3370 3465 Ἐπιχρίσας
3395 3392 3500 3466 γὰρ
3539 3394 3628 3442 καὶ
3669 3385 3940 3454 ἐντειλάμενος

2411 3481 2643 3535 ἀπελθεῖν
2700 3482 2770 3544 εἰς
2822 3486 2916 3539 τὴν
2975 3480 3361 3553 κολυμϐήθραν,
3418 3478 3746 3552 ἀνεχώρησεν
3805 3472 3940 3524 αὐτίκα

2411 3575 2607 3644 φεύγων
2632 3574 2716 3623 τὸν
2742 3569 2842 3623 ἀπὸ
2876 3578 2968 3622 τοῦ
2996 3572 3260 3642 θαύματος
3287 3574 3492 3642 κρότον.

2478 3661 2733 3732 ⁴ιΑγουσιν
2804 3690 2871 3699 -
2957 3659 3274 3731 ὀφθαλμούς.
3345 3663 3430 3716 Μὴ
3508 3659 3730 3731 εύρόντες
3789 3651 3940 3708 ἐκεῖνον.

2409 3751 2601 3821 ἁγουσι
2667 3757 2846 3802 τοῦτον
2911 3749 2980 3811 εἰς
3033 3745 3302 3810 ἀπόδειξιν
3343 3756 3438 3810 τῆς
3487 3748 3677 3806 λύσεως
3728 3750 3807 3795 τοῦ
3851 3735 3942 3790 2&3-

2411 3839 2589 3892 ϐάτου.

2485 3927 2643 3981 Πάλιν
2674 3959 2726 3968 —
2761 3926 2955 4000 βλέπω.
3004 3926 3115 3978 Ούκ
3142 3927 3441 3998 ἠρώτησαν,
3477 3932 3597 3986 Πῶς
3642 3924 3746 3994 (92)
3795 3915 3942 4000 ἀνέϐλε-

2411 4019 2536 4089 ψας,
2598 4016 2742 4080 ἀλλὰ,
2803 4023 2917 4076 Ilo);
2979 4013 3162 4086 ἁνέῳξέ
3215 4033 3309 4066 σου
3365 4018 3489 4076 τοὺς
3541 4012 3844 4086 ὀφθαλμούςί
3891 3999 3944 4054 δι’

2413 4104 2586 4166 δόντες
2640 4105 2880 4181 ἀφορμὴν
2951 4111 3042 4156 τοῦ
3097 4100 3362 4156 διαϐαλεῖν
3411 4103 3569 4155 αύτόν
3637 4103 3716 4153 ἐπὶ
3780 4095 3944 4167 ίργθιτίέῑ

2413 4195 2734 4268 κεκωλυμένη
2797 4192 2953 4252 δῆθεν
3009 4197 3057 4246 εν
3110 4201 3182 4264 τῷ
3235 4190 3502 4263 Σαϐϐάτῳ.
3536 4191 3594 4244 Ὁ
3638 4187 3712 4255 δι,
3766 4190 3824 4245 ὼς
3855 4186 3945 4253 πρὸς

2415 4285 2709 4359 ἀκηκρότας
2749 4280 2855 4343 ἤδη
2908 4285 2972 4336 τὰ
3009 4281 3123 4334 κατ’
3182 4281 3338 4334 αὐτόν
3391 4280 3576 4353 λέγων,
3625 4279 3849 4348 ἐπιτέμνει
3886 4273 3942 4319 τὸν

2413 4375 2582 4446 λόγον.

2476 4464 2683 4535 Ἔλεγον
2722 4494 2785 4503 -
2823 4469 2988 4536 τηρεῖ.
3025 4461 3134 4514 Ούκ
3172 4464 3285 4514 ἔστί
3316 4462 3462 4534 παρὰ
3487 4467 3642 4526 Θεοῦ,
3689 4448 3941 4518 ἀπεσταλμέ·

2405 4573 2488 4615 νος
2516 4550 2779 4622 δηλονότι,
2802 4553 2831 4612 ἣ
2863 4551 2951 4604 οὐκ
2984 4555 3124 4604 ἔστιν
3163 4549 3217 4602 έκ
3248 4555 3394 4605 Θεοῦ.

2477 4642 2655 4696 Ἀλλοι
2697 4673 2761 4682 -
2795 4641 2991 4702 αὐτοῖς.
3047 4640 3105 4692 Ὀ
3135 4642 3236 4712 γὰρ
3293 4643 3362 4712 μὴ
3419 4639 3488 4690 ὢν
3538 4637 3593 4691 ἐκ
3625 4644 3712 4689 τοῦ
3765 4635 3871 4686 Θεοῦ
3906 4623 3936 4674 ἔτι

2405 4740 2495 4786 τοῦ
2551 4729 2799 4785 διαϐόλου
2864 4735 2997 4796 ἐστὶ,
3069 4733 3159 4782 καὶ
3219 4730 3423 4791 πάντως
3493 4724 3783 4802 ἁμαρτωλός
3845 4716 3932 4768 ἱστι-

1891 4936 2116 5006 Varize
2148 4936 2478 5005 lectiones
2512 4945 2577 5004 et
2619 4946 2821 5003 notae.

718 5132 832 5273 (90)
862 5138 1006 5195 Tuo’;
1048 5139 1110 5188 A.

744 5205 832 5273 91)
875 5211 1005 5259 Ποτέ
1035 5210 1100 5260 Α.

744 5205 832 5275 91)
875 5211 1005 5259 Ποτέ
1035 5210 1100 5260 Α.

715 5276 830 5346 (92)
868 5279 1344 5347 Chrysostomus,
1393 5285 1456 5332 ut
1502 5278 1668 5343 solet,
1723 5293 1966 5332 versum
2023 5278 2086 5331 15
2130 5284 2184 5331 et
2233 5277 2302 5330 26

647 5348 934 5403 confudit.
973 5349 1106 5402 Vide
1141 5353 1283 5402 tom.
1339 5349 1475 5412 Vill,
1507 5366 1569 5416 ρ.
1607 5353 1709 5404 334
1756 5352 1819 5402 Α.
1856 5351 2016 5404 Hunc
2048 5363 2190 5416 ergo
2218 5364 2304 5403 se—

646 5419 1218 5492 quitur‘Eutbymius
1237 5429 1291 5474 et
1312 5421 1816 5492 Theophylactus,
1845 5422 2022 5476 etiam
2051 5423 2105 5474 in
2132 5419 2305 5492 inter-

647 5489 979 5563 pretatione
1025 5506 1096 5563 ρ.
1137 5492 1238 5563 697
1273 5492 1357 5563 _C.
1421 5489 1636 5546 Similis
1680 5491 1947 5546 confusio
1995 5496 2094 5563 est
2148 5490 2305 5563 infra

646 5561 788 5625 ivn,
830 5567 883 5626 7,
915 5562 968 5627 8,
1005 5567 1058 5616 et
1087 5562 1144 5616 in
1176 5561 1318 5617 locis
1345 5569 1582 5620 centum
1624 5563 1771 5617 aliis.
1813 5563 1926 5620 Sed
1955 5562 2142 5618 altero
2177 5561 2303 5619 loco

714 5659 758 5672 σν,

721 5737 807 5811 (ιι)
839 5737 915 5794 Et
945 5739 1135 5811 quasi,
1170 5737 1375 5809 etc.£Et
1404 5742 1468 5795 ut
1497 5739 1675 5796 modo
1713 5737 2082 5798 audiverant.

2409 5133 2646 5189 codices
2677 5132 2854 5188 etiam
2887 5130 3054 5200 ﬁngit
3082 5134 3138 5186 et
3158 5128 3404 5186 confuse
3427 5143 3527 5200 eos
3557 5123 3772 5182 laudat.
3799 5111 3928 5200 Mulli:

2412 5183 2544 5269 Ei};
2556 5183 3110 5274 ’ἑιὶιὶιῖῑιῆᾦῖἔίέεζ
3124 5183 3451 5272 Origenes,
3465 5183 3928 5274 (rltrtrysostomuls‘ift

2413 5253 3346 5344 Efii’d'iEHniTiiv'aagéiisia'Zui
3362 5253 3672 5344 ὲιροξιοὶυε
3724 5276 3823 5344 non
3845 5253 3925 5344 ῥρε

2412 5324 2515 5438 ξέᾷ
2543 5324 2896 5438 έζὶξιῖιξᾷἑξῗέ
2915 5324 3312 5438 Ξὲιῗδῖἓέἶυξὶ
3324 5324 3608 5438 ἐξξξμς,
3618 5324 3926 5438 ,91οὲὶῇᾒυὶτῖ

2416 5427 2521 5474 est.
2582 5419 2643 5472 ld
2687 5419 2866 5473 etiam
2915 5417 3030 5472 hoc.
3078 5416 3212 5472 loco
3262 5405 3523 5470 fecerunt
3572 5405 3913 5482 Euthymiqff

2412 5459 3217 5561 i320biny‘iXEt'Hs."‘ﬁie£ﬁBB
3255 5459 3523 5541 éB'iEfiB'
3560 5459 3811 5538 contextu
3839 5459 3928 5518 Vul'

2414 5559 2617 5631 gatam
2661 5559 2855 5617 servat
2879 5559 3218 5616 lectionem.
