  <div class='ocr_page' id='page_1' title='image "/cluster/home/n/w/nwhite01/storage/ocr_20150623/129/hvd.32044019208511/850.png"; bbox 0 0 4088 6436; ppageno 0'>
   <div class='ocr_carea' id='block_1_1' title="bbox 199 376 336 438">
    <p class='ocr_par' dir='ltr' id='par_1_1' title="bbox 199 376 336 438">
     <span class='ocr_line' id='line_1_1' title="bbox 199 376 336 438; baseline 0 0"><span class='ocrx_word' id='word_1_1' title='bbox 199 376 336 438; x_wconf 70' lang='grc'><strong>1313</strong></span> 
     </span>
    </p>
   </div>
   <div class='ocr_carea' id='block_1_2' title="bbox 1227 363 2573 436">
    <p class='ocr_par' dir='ltr' id='par_1_2' title="bbox 1227 363 2573 436">
     <span class='ocr_line' id='line_1_2' title="bbox 1227 363 2573 436; baseline 0.004 -5"><span class='ocrx_word' id='word_1_2' title='bbox 1227 363 1604 432; x_wconf 76' lang='lat' dir='ltr'><strong>COMMENT.</strong></span> <span class='ocrx_word' id='word_1_3' title='bbox 1654 365 1720 428; x_wconf 87' lang='lat' dir='ltr'><strong>IN</strong></span> <span class='ocrx_word' id='word_1_4' title='bbox 1761 366 2108 430; x_wconf 81' lang='lat' dir='ltr'><strong>JOANNEM.</strong></span> <span class='ocrx_word' id='word_1_5' title='bbox 2156 406 2213 415; x_wconf 92' lang='lat'><strong>—-</strong></span> <span class='ocrx_word' id='word_1_6' title='bbox 2261 367 2422 432; x_wconf 82' lang='lat' dir='ltr'><strong>CAP.</strong></span> <span class='ocrx_word' id='word_1_7' title='bbox 2472 371 2573 436; x_wconf 79' lang='lat' dir='ltr'><strong>IX.</strong></span> 
     </span>
    </p>
   </div>
   <div class='ocr_carea' id='block_1_3' title="bbox 3065 8 3706 20">
    <p class='ocr_par' dir='ltr' id='par_1_3' title="bbox 3065 8 3706 20">
     <span class='ocr_line' id='line_1_3' title="bbox 3065 8 3706 20; baseline 0.002 -6"><span class='ocrx_word' id='word_1_8' title='bbox 3065 9 3202 20; x_wconf 45' lang='lat'><strong>‘._._&quot;</strong></span> <span class='ocrx_word' id='word_1_9' title='bbox 3223 8 3614 17; x_wconf 54' lang='lat' dir='ltr'><strong>__.-&#39;—————v—-——._-</strong></span> <span class='ocrx_word' id='word_1_10' title='bbox 3625 9 3634 12; x_wconf 88' lang='lat'><strong>—</strong></span> <span class='ocrx_word' id='word_1_11' title='bbox 3653 9 3668 18; x_wconf 64' lang='grc' dir='ltr'>ν.</span> <span class='ocrx_word' id='word_1_12' title='bbox 3679 9 3706 15; x_wconf 74' lang='grc'><strong>..-</strong></span> 
     </span>
    </p>
   </div>
   <div class='ocr_carea' id='block_1_4' title="bbox 194 497 1807 578">
    <p class='ocr_par' dir='ltr' id='par_1_4' title="bbox 194 497 1798 578">
     <span class='ocr_line' id='line_1_4' title="bbox 194 497 1798 578; baseline -0.005 -19"><span class='ocrx_word' id='word_1_13' title='bbox 194 511 413 578; x_wconf 80' lang='grc' dir='ltr'><strong>Σχίσμα</strong></span> <span class='ocrx_word' id='word_1_14' title='bbox 427 507 521 577; x_wconf 64' lang='grc' dir='ltr'><strong>μὶν</strong></span> <span class='ocrx_word' id='word_1_15' title='bbox 538 503 626 557; x_wconf 85' lang='grc' dir='ltr'>οὖν</span> <span class='ocrx_word' id='word_1_16' title='bbox 649 509 736 557; x_wconf 86' lang='grc' dir='ltr'>καὶ</span> <span class='ocrx_word' id='word_1_17' title='bbox 759 502 872 556; x_wconf 78' lang='grc' dir='ltr'>τότε</span> <span class='ocrx_word' id='word_1_18' title='bbox 901 506 990 555; x_wconf 88' lang='grc' dir='ltr'>καὶ</span> <span class='ocrx_word' id='word_1_19' title='bbox 1010 505 1252 574; x_wconf 87' lang='grc' dir='ltr'>πρότερον</span> <span class='ocrx_word' id='word_1_20' title='bbox 1273 499 1485 572; x_wconf 76' lang='grc' dir='ltr'>ἕγένετο·</span> <span class='ocrx_word' id='word_1_21' title='bbox 1517 499 1628 553; x_wconf 76' lang='grc' dir='ltr'><strong>Οὐκ</strong></span> <span class='ocrx_word' id='word_1_22' title='bbox 1645 497 1798 558; x_wconf 75' lang='grc' dir='ltr'>ἦλθον</span> 
     </span>
    </p>
   </div>
   <div class='ocr_carea' id='block_1_5' title="bbox 1936 497 3567 578">
    <p class='ocr_par' dir='ltr' id='par_1_5' title="bbox 1937 502 3567 578">
     <span class='ocr_line' id='line_1_5' title="bbox 1937 502 3567 578; baseline 0.008 -24"><span class='ocrx_word' id='word_1_23' title='bbox 1937 505 2110 572; x_wconf 90' lang='lat' dir='ltr'><strong>taque</strong></span> <span class='ocrx_word' id='word_1_24' title='bbox 2149 503 2205 557; x_wconf 91' lang='lat' dir='ltr'><strong>et</strong></span> <span class='ocrx_word' id='word_1_25' title='bbox 2254 506 2392 557; x_wconf 88' lang='lat' dir='ltr'><strong>tunc</strong></span> <span class='ocrx_word' id='word_1_26' title='bbox 2423 507 2478 558; x_wconf 90' lang='lat' dir='ltr'><strong>et</strong></span> <span class='ocrx_word' id='word_1_27' title='bbox 2503 502 2666 573; x_wconf 86' lang='lat' dir='ltr'><strong>prius</strong></span> <span class='ocrx_word' id='word_1_28' title='bbox 2707 503 2859 558; x_wconf 85' lang='lat' dir='ltr'><strong>facta</strong></span> <span class='ocrx_word' id='word_1_29' title='bbox 2897 504 2986 560; x_wconf 87' lang='lat' dir='ltr'><strong>est</strong></span> <span class='ocrx_word' id='word_1_30' title='bbox 3033 515 3048 571; x_wconf 88' lang='lat'><strong>;</strong></span> <span class='ocrx_word' id='word_1_31' title='bbox 3081 505 3401 578; x_wconf 89' lang='lat' dir='ltr'><strong>siquidem,</strong></span> <span class='ocrx_word' id='word_1_32' title='bbox 3433 509 3567 568; x_wconf 83' lang='lat' dir='ltr'><strong>Non</strong></span> 
     </span>
    </p>
   </div>
   <div class='ocr_carea' id='block_1_6' title="bbox 193 589 1795 668">
    <p class='ocr_par' dir='ltr' id='par_1_6' title="bbox 193 589 1795 668">
     <span class='ocr_line' id='line_1_6' title="bbox 193 589 1795 668; baseline -0.004 -22"><span class='ocrx_word' id='word_1_33' title='bbox 193 598 317 668; x_wconf 84' lang='grc' dir='ltr'>γὰρ,</span> <span class='ocrx_word' id='word_1_34' title='bbox 349 599 500 666; x_wconf 77' lang='grc' dir='ltr'>φησὶ,</span> <span class='ocrx_word' id='word_1_35' title='bbox 535 591 712 666; x_wconf 86' lang='grc' dir='ltr'>βαλεῖν</span> <span class='ocrx_word' id='word_1_36' title='bbox 739 593 944 667; x_wconf 80' lang='grc' dir='ltr'><strong>εἰρήνην</strong></span> <span class='ocrx_word' id='word_1_37' title='bbox 976 590 1057 643; x_wconf 80' lang='grc' dir='ltr'><strong>ἐπὶ</strong></span> <span class='ocrx_word' id='word_1_38' title='bbox 1083 595 1174 648; x_wconf 81' lang='grc' dir='ltr'>τὴν</span> <span class='ocrx_word' id='word_1_39' title='bbox 1195 599 1315 662; x_wconf 82' lang='grc' dir='ltr'>γῆν,</span> <span class='ocrx_word' id='word_1_40' title='bbox 1347 589 1473 641; x_wconf 89' lang='grc' dir='ltr'><strong>ἀλλά</strong></span> <span class='ocrx_word' id='word_1_41' title='bbox 1502 592 1795 664; x_wconf 82' lang='grc' dir='ltr'>μάχαιραν·</span> 
     </span>
    </p>
   </div>
   <div class='ocr_carea' id='block_1_7' title="bbox 195 675 1800 756">
    <p class='ocr_par' dir='ltr' id='par_1_7' title="bbox 195 675 1800 756">
     <span class='ocr_line' id='line_1_7' title="bbox 195 675 1800 756; baseline -0.002 -21"><span class='ocrx_word' id='word_1_42' title='bbox 195 683 303 735; x_wconf 89' lang='grc' dir='ltr'>ἀλλ’</span> <span class='ocrx_word' id='word_1_43' title='bbox 335 683 428 736; x_wconf 82' lang='grc' dir='ltr'><strong>οῦκ</strong></span> <span class='ocrx_word' id='word_1_44' title='bbox 459 682 710 756; x_wconf 77' lang='grc' dir='ltr'><strong>ἐπέμεινεν</strong></span> <span class='ocrx_word' id='word_1_45' title='bbox 741 683 876 754; x_wconf 86' lang='grc'>(93).</span> <span class='ocrx_word' id='word_1_46' title='bbox 918 680 1220 738; x_wconf 82' lang='grc' dir='ltr'>Ἠνώθησαν</span> <span class='ocrx_word' id='word_1_47' title='bbox 1250 683 1352 751; x_wconf 86' lang='grc' dir='ltr'><strong>γὰρ</strong></span> <span class='ocrx_word' id='word_1_48' title='bbox 1393 675 1556 745; x_wconf 82' lang='grc' dir='ltr'>αὖθις,</span> <span class='ocrx_word' id='word_1_49' title='bbox 1607 679 1800 732; x_wconf 78' lang='grc' dir='ltr'>ἐπικει-</span> 
     </span>
    </p>
   </div>
   <div class='ocr_carea' id='block_1_8' title="bbox 196 770 816 846">
    <p class='ocr_par' dir='ltr' id='par_1_8' title="bbox 196 770 816 846">
     <span class='ocr_line' id='line_1_8' title="bbox 196 770 816 846; baseline 0.002 -21"><span class='ocrx_word' id='word_1_50' title='bbox 196 777 358 845; x_wconf 82' lang='grc' dir='ltr'><strong>μένων</strong></span> <span class='ocrx_word' id='word_1_51' title='bbox 388 781 490 824; x_wconf 86' lang='grc' dir='ltr'>τῶν</span> <span class='ocrx_word' id='word_1_52' title='bbox 521 770 816 846; x_wconf 86' lang='grc' dir='ltr'>ἀρχόντων.</span> 
     </span>
    </p>
   </div>
   <div class='ocr_carea' id='block_1_9' title="bbox 269 857 1802 934">
    <p class='ocr_par' dir='ltr' id='par_1_9' title="bbox 269 857 1802 934">
     <span class='ocr_line' id='line_1_9' title="bbox 269 857 1802 934; baseline -0.004 -20"><span class='ocrx_word' id='word_1_53' title='bbox 269 865 499 933; x_wconf 77' lang='grc' dir='ltr'><strong>Λέγουσι</strong></span> <span class='ocrx_word' id='word_1_54' title='bbox 525 893 593 901; x_wconf 96' lang='lat'><strong>—</strong></span> <span class='ocrx_word' id='word_1_55' title='bbox 623 861 950 934; x_wconf 80' lang='grc' dir='ltr'>ὀφθαλμοῦς;</span> <span class='ocrx_word' id='word_1_56' title='bbox 996 863 1223 929; x_wconf 75' lang='grc' dir='ltr'><strong>Λέγουσι</strong></span> <span class='ocrx_word' id='word_1_57' title='bbox 1250 865 1401 910; x_wconf 85' lang='grc' dir='ltr'>τοῦτο</span> <span class='ocrx_word' id='word_1_58' title='bbox 1433 857 1537 928; x_wconf 68' lang='grc' dir='ltr'>οὐχ</span> <span class='ocrx_word' id='word_1_59' title='bbox 1568 859 1616 909; x_wconf 85' lang='grc' dir='ltr'>οἱ</span> <span class='ocrx_word' id='word_1_60' title='bbox 1637 857 1802 909; x_wconf 82' lang='grc' dir='ltr'>εἰπόν-</span> 
     </span>
    </p>
   </div>
   <div class='ocr_carea' id='block_1_10' title="bbox 196 945 1799 1023">
    <p class='ocr_par' dir='ltr' id='par_1_10' title="bbox 196 945 1799 1023">
     <span class='ocr_line' id='line_1_10' title="bbox 196 945 1799 1023; baseline -0.003 -20"><span class='ocrx_word' id='word_1_61' title='bbox 196 969 295 1015; x_wconf 89' lang='grc' dir='ltr'>τες,</span> <span class='ocrx_word' id='word_1_62' title='bbox 337 953 417 1003; x_wconf 86' lang='grc' dir='ltr'>ὅτι</span> <span class='ocrx_word' id='word_1_63' title='bbox 447 951 556 1003; x_wconf 86' lang='grc' dir='ltr'><strong>Οῦκ</strong></span> <span class='ocrx_word' id='word_1_64' title='bbox 587 953 700 1003; x_wconf 74' lang='grc' dir='ltr'>ἔστι</span> <span class='ocrx_word' id='word_1_65' title='bbox 751 953 890 1023; x_wconf 81' lang='grc' dir='ltr'>παρὰ</span> <span class='ocrx_word' id='word_1_66' title='bbox 927 954 1074 1015; x_wconf 85' lang='grc' dir='ltr'>Θεοῦ,</span> <span class='ocrx_word' id='word_1_67' title='bbox 1128 947 1233 999; x_wconf 72' lang='grc' dir='ltr'>ἀλλ’</span> <span class='ocrx_word' id='word_1_68' title='bbox 1279 949 1328 999; x_wconf 78' lang='grc' dir='ltr'>οἱ</span> <span class='ocrx_word' id='word_1_69' title='bbox 1375 949 1680 1018; x_wconf 77' lang='grc' dir='ltr'>σχισθέντες</span> <span class='ocrx_word' id='word_1_70' title='bbox 1713 945 1799 998; x_wconf 86' lang='grc' dir='ltr'><strong>ἀπ’</strong></span> 
     </span>
    </p>
   </div>
   <div class='ocr_carea' id='block_1_11' title="bbox 197 1035 1802 1112">
    <p class='ocr_par' dir='ltr' id='par_1_11' title="bbox 197 1035 1802 1112">
     <span class='ocr_line' id='line_1_11' title="bbox 197 1035 1802 1112; baseline -0.004 -20"><span class='ocrx_word' id='word_1_71' title='bbox 197 1040 386 1096; x_wconf 76' lang='grc' dir='ltr'>αὐτῶν.</span> <span class='ocrx_word' id='word_1_72' title='bbox 436 1039 546 1094; x_wconf 81' lang='grc' dir='ltr'>Ἵνα</span> <span class='ocrx_word' id='word_1_73' title='bbox 607 1042 709 1112; x_wconf 82' lang='grc' dir='ltr'><strong>γὰρ</strong></span> <span class='ocrx_word' id='word_1_74' title='bbox 765 1045 835 1112; x_wconf 81' lang='grc' dir='ltr'><strong>μή</strong></span> <span class='ocrx_word' id='word_1_75' title='bbox 898 1035 1095 1101; x_wconf 83' lang='grc' dir='ltr'><strong>δόξωσι</strong></span> <span class='ocrx_word' id='word_1_76' title='bbox 1140 1044 1445 1110; x_wconf 74' lang='grc' dir='ltr'><strong>συνηγορεῖν</strong></span> <span class='ocrx_word' id='word_1_77' title='bbox 1484 1036 1644 1107; x_wconf 72' lang='grc' dir='ltr'>αὐτῷ,</span> <span class='ocrx_word' id='word_1_78' title='bbox 1716 1040 1802 1089; x_wconf 81' lang='grc' dir='ltr'>τὸν</span> 
     </span>
    </p>
   </div>
   <div class='ocr_carea' id='block_1_12' title="bbox 195 1125 1801 1205">
    <p class='ocr_par' dir='ltr' id='par_1_12' title="bbox 195 1125 1801 1205">
     <span class='ocr_line' id='line_1_12' title="bbox 195 1125 1801 1205; baseline -0.004 -22"><span class='ocrx_word' id='word_1_79' title='bbox 195 1129 421 1183; x_wconf 90' lang='grc' dir='ltr'>λαϐόντα</span> <span class='ocrx_word' id='word_1_80' title='bbox 464 1137 644 1205; x_wconf 83' lang='grc' dir='ltr'>πεῖραν</span> <span class='ocrx_word' id='word_1_81' title='bbox 683 1137 776 1191; x_wconf 84' lang='grc' dir='ltr'>τῆς</span> <span class='ocrx_word' id='word_1_82' title='bbox 826 1125 1089 1201; x_wconf 83' lang='grc' dir='ltr'>δυνάμεως</span> <span class='ocrx_word' id='word_1_83' title='bbox 1133 1127 1288 1179; x_wconf 70' lang='grc' dir='ltr'>αὐτοῦ</span> <span class='ocrx_word' id='word_1_84' title='bbox 1320 1133 1582 1179; x_wconf 77' lang='grc' dir='ltr'>ποιοῦνται</span> <span class='ocrx_word' id='word_1_85' title='bbox 1619 1130 1801 1199; x_wconf 77' lang='grc' dir='ltr'>κριτήν</span> 
     </span>
    </p>
   </div>
   <div class='ocr_carea' id='block_1_13' title="bbox 197 1218 645 1293">
    <p class='ocr_par' dir='ltr' id='par_1_13' title="bbox 197 1218 645 1293">
     <span class='ocr_line' id='line_1_13' title="bbox 197 1218 645 1293; baseline 0.004 -21"><span class='ocrx_word' id='word_1_86' title='bbox 197 1229 289 1283; x_wconf 81' lang='grc' dir='ltr'>τῆς</span> <span class='ocrx_word' id='word_1_87' title='bbox 317 1218 645 1293; x_wconf 75' lang='grc' dir='ltr'>ἀμφιϐολίας.</span> 
     </span>
    </p>
   </div>
   <div class='ocr_carea' id='block_1_14' title="bbox 269 1395 1803 1472">
    <p class='ocr_par' dir='ltr' id='par_1_14' title="bbox 269 1395 1803 1472">
     <span class='ocr_line' id='line_1_14' title="bbox 269 1395 1803 1472; baseline -0.004 -21"><span class='ocrx_word' id='word_1_88' title='bbox 269 1399 327 1451; x_wconf 77' lang='grc' dir='ltr'><strong>Ὀ</strong></span> <span class='ocrx_word' id='word_1_89' title='bbox 382 1429 449 1439; x_wconf 89' lang='grc'><strong><em>-</em></strong></span> <span class='ocrx_word' id='word_1_90' title='bbox 519 1397 652 1453; x_wconf 84' lang='grc' dir='ltr'>ἐστί.</span> <span class='ocrx_word' id='word_1_91' title='bbox 704 1402 980 1472; x_wconf 78' lang='grc' dir='ltr'>Προφήτας</span> <span class='ocrx_word' id='word_1_92' title='bbox 1029 1395 1240 1448; x_wconf 71' lang='grc' dir='ltr'>ἐκάλουν</span> <span class='ocrx_word' id='word_1_93' title='bbox 1297 1399 1418 1457; x_wconf 83' lang='grc' dir='ltr'>τοὺς</span> <span class='ocrx_word' id='word_1_94' title='bbox 1486 1397 1652 1456; x_wconf 82' lang='grc' dir='ltr'><strong>θείους</strong></span> <span class='ocrx_word' id='word_1_95' title='bbox 1717 1396 1803 1446; x_wconf 81' lang='grc' dir='ltr'><strong>ἄν·</strong></span> 
     </span>
    </p>
   </div>
   <div class='ocr_carea' id='block_1_15' title="bbox 201 1483 1803 1562">
    <p class='ocr_par' dir='ltr' id='par_1_15' title="bbox 201 1483 1803 1562">
     <span class='ocr_line' id='line_1_15' title="bbox 201 1483 1803 1562; baseline -0.004 -21"><span class='ocrx_word' id='word_1_96' title='bbox 201 1485 353 1562; x_wconf 89' lang='grc' dir='ltr'>δρας.</span> <span class='ocrx_word' id='word_1_97' title='bbox 388 1487 668 1562; x_wconf 84' lang='grc' dir='ltr'>”Αντικρυς</span> <span class='ocrx_word' id='word_1_98' title='bbox 713 1483 802 1540; x_wconf 82' lang='grc' dir='ltr'><strong>οὖν</strong></span> <span class='ocrx_word' id='word_1_99' title='bbox 832 1507 990 1560; x_wconf 74' lang='grc' dir='ltr'>φησιν</span> <span class='ocrx_word' id='word_1_100' title='bbox 1037 1487 1120 1538; x_wconf 83' lang='grc' dir='ltr'>ὅτι</span> <span class='ocrx_word' id='word_1_101' title='bbox 1163 1489 1305 1558; x_wconf 83' lang='grc' dir='ltr'>παρὰ</span> <span class='ocrx_word' id='word_1_102' title='bbox 1353 1491 1487 1538; x_wconf 89' lang='grc' dir='ltr'>Θεοῦ</span> <span class='ocrx_word' id='word_1_103' title='bbox 1540 1483 1672 1551; x_wconf 74' lang='grc' dir='ltr'>ἐστι,</span> <span class='ocrx_word' id='word_1_104' title='bbox 1713 1489 1803 1536; x_wconf 87' lang='grc' dir='ltr'>καὶ</span> 
     </span>
    </p>
   </div>
   <div class='ocr_carea' id='block_1_16' title="bbox 200 1574 1804 1651">
    <p class='ocr_par' dir='ltr' id='par_1_16' title="bbox 200 1574 1804 1651">
     <span class='ocr_line' id='line_1_16' title="bbox 200 1574 1804 1651; baseline -0.004 -21"><span class='ocrx_word' id='word_1_105' title='bbox 200 1578 295 1630; x_wconf 83' lang='grc' dir='ltr'><strong>οῦκ</strong></span> <span class='ocrx_word' id='word_1_106' title='bbox 360 1576 587 1651; x_wconf 73' lang='grc' dir='ltr'>ἐφοϐήθη</span> <span class='ocrx_word' id='word_1_107' title='bbox 637 1580 724 1630; x_wconf 87' lang='grc' dir='ltr'>τὸν</span> <span class='ocrx_word' id='word_1_108' title='bbox 777 1579 936 1649; x_wconf 86' lang='grc' dir='ltr'>θυμὸν</span> <span class='ocrx_word' id='word_1_109' title='bbox 984 1583 1080 1628; x_wconf 82' lang='grc' dir='ltr'><strong>τῶν</strong></span> <span class='ocrx_word' id='word_1_110' title='bbox 1131 1574 1379 1645; x_wconf 82' lang='grc' dir='ltr'>λεγόντων</span> <span class='ocrx_word' id='word_1_111' title='bbox 1429 1576 1510 1626; x_wconf 85' lang='grc' dir='ltr'>ὅτι</span> <span class='ocrx_word' id='word_1_112' title='bbox 1548 1574 1641 1626; x_wconf 74' lang='grc' dir='ltr'><strong>οῦκ</strong></span> <span class='ocrx_word' id='word_1_113' title='bbox 1691 1576 1804 1626; x_wconf 82' lang='grc' dir='ltr'>ἔστι</span> 
     </span>
    </p>
   </div>
   <div class='ocr_carea' id='block_1_17' title="bbox 199 1660 1805 1741">
    <p class='ocr_par' dir='ltr' id='par_1_17' title="bbox 199 1660 1805 1741">
     <span class='ocr_line' id='line_1_17' title="bbox 199 1660 1805 1741; baseline -0.003 -21"><span class='ocrx_word' id='word_1_114' title='bbox 199 1670 342 1740; x_wconf 76' lang='grc' dir='ltr'>παρὰ</span> <span class='ocrx_word' id='word_1_115' title='bbox 392 1673 545 1721; x_wconf 83' lang='grc' dir='ltr'>Θεοῦ,</span> <span class='ocrx_word' id='word_1_116' title='bbox 600 1665 809 1741; x_wconf 78' lang='grc' dir='ltr'>Στεῤῥὸς</span> <span class='ocrx_word' id='word_1_117' title='bbox 850 1667 951 1738; x_wconf 81' lang='grc' dir='ltr'>γὰρ</span> <span class='ocrx_word' id='word_1_118' title='bbox 1001 1660 1061 1723; x_wconf 76' lang='grc' dir='ltr'>ἦν</span> <span class='ocrx_word' id='word_1_119' title='bbox 1110 1669 1198 1716; x_wconf 89' lang='grc' dir='ltr'>καὶ</span> <span class='ocrx_word' id='word_1_120' title='bbox 1251 1662 1534 1736; x_wconf 74' lang='grc' dir='ltr'><strong>φιλαλήθης</strong></span> <span class='ocrx_word' id='word_1_121' title='bbox 1583 1667 1671 1715; x_wconf 84' lang='grc' dir='ltr'>καὶ</span> <span class='ocrx_word' id='word_1_122' title='bbox 1721 1662 1805 1715; x_wconf 69' lang='grc' dir='ltr'><strong>εὑ-</strong></span> 
     </span>
    </p>
   </div>
   <div class='ocr_carea' id='block_1_18' title="bbox 197 1761 441 1827">
    <p class='ocr_par' dir='ltr' id='par_1_18' title="bbox 197 1761 441 1827">
     <span class='ocr_line' id='line_1_18' title="bbox 197 1761 441 1827; baseline 0 -21"><span class='ocrx_word' id='word_1_123' title='bbox 197 1761 414 1827; x_wconf 86' lang='grc' dir='ltr'>γνὼμων</span> <span class='ocrx_word' id='word_1_124' title='bbox 428 1799 441 1812; x_wconf 88' lang='grc'><strong>.</strong></span> 
     </span>
    </p>
   </div>
   <div class='ocr_carea' id='block_1_19' title="bbox 1917 587 3571 668">
    <p class='ocr_par' dir='ltr' id='par_1_19' title="bbox 1917 587 3571 668">
     <span class='ocr_line' id='line_1_19' title="bbox 1917 587 3571 668; baseline 0.007 -24"><span class='ocrx_word' id='word_1_125' title='bbox 1917 589 2066 652; x_wconf 87' lang='lat' dir='ltr'><strong>veni,</strong></span> <span class='ocrx_word' id='word_1_126' title='bbox 2101 587 2314 660; x_wconf 83' lang='lat' dir='ltr'><strong>inquit,</strong></span> <span class='ocrx_word' id='word_1_127' title='bbox 2365 595 2425 643; x_wconf 86' lang='lat' dir='ltr'><strong>ut</strong></span> <span class='ocrx_word' id='word_1_128' title='bbox 2453 589 2686 646; x_wconf 85' lang='lat' dir='ltr'><strong>mittam</strong></span> <span class='ocrx_word' id='word_1_129' title='bbox 2725 605 2930 660; x_wconf 81' lang='lat' dir='ltr'><strong>pacem</strong></span> <span class='ocrx_word' id='word_1_130' title='bbox 2960 591 3022 648; x_wconf 87' lang='lat' dir='ltr'><strong>in</strong></span> <span class='ocrx_word' id='word_1_131' title='bbox 3055 599 3302 665; x_wconf 86' lang='lat' dir='ltr'><strong>terram,</strong></span> <span class='ocrx_word' id='word_1_132' title='bbox 3325 597 3423 654; x_wconf 85' lang='lat' dir='ltr'><strong>sed</strong></span> <span class='ocrx_word' id='word_1_133' title='bbox 3440 600 3571 668; x_wconf 81' lang='lat' dir='ltr'><strong>gla-</strong></span> 
     </span>
    </p>
   </div>
   <div class='ocr_carea' id='block_1_20' title="bbox 1911 677 3572 748">
    <p class='ocr_par' dir='ltr' id='par_1_20' title="bbox 1911 677 3572 748">
     <span class='ocr_line' id='line_1_20' title="bbox 1911 677 3572 748; baseline 0.007 -16"><span class='ocrx_word' id='word_1_134' title='bbox 1911 677 2070 732; x_wconf 84' lang='lat' dir='ltr'><strong>dium</strong></span> <span class='ocrx_word' id='word_1_135' title='bbox 2086 678 2276 733; x_wconf 81' lang='lat' dir='ltr'><strong>“.Sed</strong></span> <span class='ocrx_word' id='word_1_136' title='bbox 2289 692 2411 732; x_wconf 91' lang='lat' dir='ltr'><strong>non</strong></span> <span class='ocrx_word' id='word_1_137' title='bbox 2427 680 3094 748; x_wconf 83' lang='lat' dir='ltr'><strong>persevcravit.Rursum</strong></span> <span class='ocrx_word' id='word_1_138' title='bbox 3110 684 3258 738; x_wconf 89' lang='lat' dir='ltr'><strong>enim</strong></span> <span class='ocrx_word' id='word_1_139' title='bbox 3275 685 3420 742; x_wconf 86' lang='lat' dir='ltr'><strong>uniti</strong></span> <span class='ocrx_word' id='word_1_140' title='bbox 3433 691 3572 744; x_wconf 90' lang='lat' dir='ltr'><strong>sunt</strong></span> 
     </span>
    </p>
   </div>
   <div class='ocr_carea' id='block_1_21' title="bbox 1911 764 2723 840">
    <p class='ocr_par' dir='ltr' id='par_1_21' title="bbox 1911 764 2723 840">
     <span class='ocr_line' id='line_1_21' title="bbox 1911 764 2723 840; baseline 0.001 -21"><span class='ocrx_word' id='word_1_141' title='bbox 1911 764 2268 820; x_wconf 73' lang='lat' dir='ltr'><strong>instantibus</strong></span> <span class='ocrx_word' id='word_1_142' title='bbox 2296 765 2602 822; x_wconf 64' lang='lat' dir='ltr'><strong>Pharisaeis</strong></span> <span class='ocrx_word' id='word_1_143' title='bbox 2633 768 2723 840; x_wconf 80' lang='grc' dir='ltr'>(ι).</span> 
     </span>
    </p>
   </div>
   <div class='ocr_carea' id='block_1_22' title="bbox 1983 853 3567 931">
    <p class='ocr_par' dir='ltr' id='par_1_22' title="bbox 1983 853 3567 931">
     <span class='ocr_line' id='line_1_22' title="bbox 1983 853 3567 931; baseline 0.008 -24"><span class='ocrx_word' id='word_1_144' title='bbox 1983 853 2144 908; x_wconf 80' lang='lat' dir='ltr'><strong>Vers.</strong></span> <span class='ocrx_word' id='word_1_145' title='bbox 2176 855 2268 911; x_wconf 87' lang='grc'><strong>17.</strong></span> <span class='ocrx_word' id='word_1_146' title='bbox 2321 854 2508 911; x_wconf 80' lang='lat' dir='ltr'><strong>Aiunt</strong></span> <span class='ocrx_word' id='word_1_147' title='bbox 2543 887 2614 898; x_wconf 97' lang='lat'><strong>—</strong></span> <span class='ocrx_word' id='word_1_148' title='bbox 2668 859 2909 915; x_wconf 80' lang='lat' dir='ltr'><strong>oculos?</strong></span> <span class='ocrx_word' id='word_1_149' title='bbox 2948 863 3066 916; x_wconf 80' lang='lat' dir='ltr'><strong>Hoc</strong></span> <span class='ocrx_word' id='word_1_150' title='bbox 3093 861 3258 918; x_wconf 91' lang='lat' dir='ltr'><strong>aiunt</strong></span> <span class='ocrx_word' id='word_1_151' title='bbox 3297 878 3418 918; x_wconf 90' lang='lat' dir='ltr'><strong>non</strong></span> <span class='ocrx_word' id='word_1_152' title='bbox 3464 863 3567 931; x_wconf 87' lang='lat' dir='ltr'><strong>illi,</strong></span> 
     </span>
    </p>
   </div>
   <div class='ocr_carea' id='block_1_23' title="bbox 1911 941 3572 1022">
    <p class='ocr_par' dir='ltr' id='par_1_23' title="bbox 1911 941 3572 1022">
     <span class='ocr_line' id='line_1_23' title="bbox 1911 941 3572 1022; baseline 0.007 -26"><span class='ocrx_word' id='word_1_153' title='bbox 1911 941 2015 1013; x_wconf 91' lang='lat' dir='ltr'><strong>qui</strong></span> <span class='ocrx_word' id='word_1_154' title='bbox 2046 941 2340 1009; x_wconf 75' lang='lat' dir='ltr'><strong>dixerant,</strong></span> <span class='ocrx_word' id='word_1_155' title='bbox 2381 945 2512 1000; x_wconf 89' lang='lat' dir='ltr'><strong>Non</strong></span> <span class='ocrx_word' id='word_1_156' title='bbox 2554 953 2636 1001; x_wconf 86' lang='lat' dir='ltr'><strong>est</strong></span> <span class='ocrx_word' id='word_1_157' title='bbox 2662 961 2699 1002; x_wconf 90' lang='lat' dir='ltr'><strong>a</strong></span> <span class='ocrx_word' id='word_1_158' title='bbox 2737 947 2870 1017; x_wconf 89' lang='lat' dir='ltr'><strong>Deo,</strong></span> <span class='ocrx_word' id='word_1_159' title='bbox 2899 948 3003 1003; x_wconf 93' lang='lat' dir='ltr'><strong>sed</strong></span> <span class='ocrx_word' id='word_1_160' title='bbox 3041 949 3145 1022; x_wconf 89' lang='lat' dir='ltr'><strong>qui</strong></span> <span class='ocrx_word' id='word_1_161' title='bbox 3173 950 3250 1006; x_wconf 91' lang='lat' dir='ltr'><strong>ab</strong></span> <span class='ocrx_word' id='word_1_162' title='bbox 3278 950 3370 1006; x_wconf 90' lang='lat' dir='ltr'><strong>bis</strong></span> <span class='ocrx_word' id='word_1_163' title='bbox 3399 951 3572 1008; x_wconf 88' lang='lat' dir='ltr'><strong>divisi</strong></span> 
     </span>
    </p>
   </div>
   <div class='ocr_carea' id='block_1_24' title="bbox 1912 1033 3572 1114">
    <p class='ocr_par' dir='ltr' id='par_1_24' title="bbox 1912 1033 3572 1114">
     <span class='ocr_line' id='line_1_24' title="bbox 1912 1033 3572 1114; baseline 0.008 -29"><span class='ocrx_word' id='word_1_164' title='bbox 1912 1038 2078 1088; x_wconf 87' lang='lat' dir='ltr'><strong>erant</strong></span> <span class='ocrx_word' id='word_1_165' title='bbox 2100 1049 2120 1097; x_wconf 90' lang='lat'><strong><em>;</em></strong></span> <span class='ocrx_word' id='word_1_166' title='bbox 2159 1048 2233 1088; x_wconf 91' lang='lat' dir='ltr'><strong>ne</strong></span> <span class='ocrx_word' id='word_1_167' title='bbox 2263 1033 2422 1088; x_wconf 87' lang='lat' dir='ltr'><strong>enim</strong></span> <span class='ocrx_word' id='word_1_168' title='bbox 2451 1033 2530 1089; x_wconf 87' lang='lat' dir='ltr'><strong>illi</strong></span> <span class='ocrx_word' id='word_1_169' title='bbox 2560 1037 2917 1107; x_wconf 89' lang='lat' dir='ltr'><strong>patrocinari</strong></span> <span class='ocrx_word' id='word_1_170' title='bbox 2939 1039 3446 1108; x_wconf 87' lang='lat' dir='ltr'><strong>viderentur,eum</strong></span> <span class='ocrx_word' id='word_1_171' title='bbox 3465 1042 3572 1114; x_wconf 89' lang='lat' dir='ltr'><strong>qui</strong></span> 
     </span>
    </p>
   </div>
   <div class='ocr_carea' id='block_1_25' title="bbox 1915 1119 3573 1200">
    <p class='ocr_par' dir='ltr' id='par_1_25' title="bbox 1915 1119 3573 1200">
     <span class='ocr_line' id='line_1_25' title="bbox 1915 1119 3573 1200; baseline 0.008 -25"><span class='ocrx_word' id='word_1_172' title='bbox 1915 1119 2144 1177; x_wconf 87' lang='lat' dir='ltr'><strong>virtutis</strong></span> <span class='ocrx_word' id='word_1_173' title='bbox 2170 1125 2294 1192; x_wconf 85' lang='lat' dir='ltr'><strong>ejus</strong></span> <span class='ocrx_word' id='word_1_174' title='bbox 2335 1123 2805 1194; x_wconf 86' lang='lat' dir='ltr'><strong>experimentum</strong></span> <span class='ocrx_word' id='word_1_175' title='bbox 2839 1133 3199 1200; x_wconf 83' lang='lat' dir='ltr'><strong>sumpserat,</strong></span> <span class='ocrx_word' id='word_1_176' title='bbox 3254 1131 3573 1188; x_wconf 82' lang='lat' dir='ltr'><strong>constituat</strong></span> 
     </span>
    </p>
   </div>
   <div class='ocr_carea' id='block_1_26' title="bbox 1912 1211 2643 1284">
    <p class='ocr_par' dir='ltr' id='par_1_26' title="bbox 1912 1211 2643 1284">
     <span class='ocr_line' id='line_1_26' title="bbox 1912 1211 2643 1284; baseline 0.005 -17"><span class='ocrx_word' id='word_1_177' title='bbox 1912 1211 2322 1282; x_wconf 78' lang='lat' dir='ltr'><strong>ambiguitatis</strong></span> <span class='ocrx_word' id='word_1_178' title='bbox 2355 1213 2643 1284; x_wconf 88' lang='lat' dir='ltr'><strong>judicem.</strong></span> 
     </span>
    </p>
   </div>
   <div class='ocr_carea' id='block_1_27' title="bbox 1991 1391 3571 1466">
    <p class='ocr_par' dir='ltr' id='par_1_27' title="bbox 1991 1391 3571 1466">
     <span class='ocr_line' id='line_1_27' title="bbox 1991 1391 3571 1466; baseline 0.008 -21"><span class='ocrx_word' id='word_1_179' title='bbox 1991 1391 2147 1446; x_wconf 88' lang='lat' dir='ltr'><strong>Vers.</strong></span> <span class='ocrx_word' id='word_1_180' title='bbox 2175 1394 2263 1448; x_wconf 92' lang='grc'><strong>17.</strong></span> <span class='ocrx_word' id='word_1_181' title='bbox 2297 1392 2371 1448; x_wconf 85' lang='lat' dir='ltr'><strong>At</strong></span> <span class='ocrx_word' id='word_1_182' title='bbox 2401 1425 2470 1434; x_wconf 90' lang='lat'><strong><em>—</em></strong></span> <span class='ocrx_word' id='word_1_183' title='bbox 2499 1399 2601 1450; x_wconf 90' lang='lat' dir='ltr'><strong>est.</strong></span> <span class='ocrx_word' id='word_1_184' title='bbox 2647 1395 2970 1466; x_wconf 82' lang='lat' dir='ltr'><strong>Prophetas</strong></span> <span class='ocrx_word' id='word_1_185' title='bbox 3001 1396 3298 1454; x_wconf 87' lang='lat' dir='ltr'><strong>vocabant</strong></span> <span class='ocrx_word' id='word_1_186' title='bbox 3336 1398 3571 1458; x_wconf 89' lang='lat' dir='ltr'><strong>divinos</strong></span> 
     </span>
    </p>
   </div>
   <div class='ocr_carea' id='block_1_28' title="bbox 1913 1479 3573 1556">
    <p class='ocr_par' dir='ltr' id='par_1_28' title="bbox 1913 1479 3573 1556">
     <span class='ocr_line' id='line_1_28' title="bbox 1913 1479 3573 1556; baseline 0.008 -22"><span class='ocrx_word' id='word_1_187' title='bbox 1913 1479 2086 1536; x_wconf 91' lang='lat' dir='ltr'><strong>viros.</strong></span> <span class='ocrx_word' id='word_1_188' title='bbox 2118 1482 2331 1552; x_wconf 82' lang='lat' dir='ltr'><strong>Aperte</strong></span> <span class='ocrx_word' id='word_1_189' title='bbox 2357 1500 2499 1554; x_wconf 86' lang='lat' dir='ltr'><strong>ergo</strong></span> <span class='ocrx_word' id='word_1_190' title='bbox 2521 1484 2662 1540; x_wconf 88' lang='lat' dir='ltr'><strong>dicit</strong></span> <span class='ocrx_word' id='word_1_191' title='bbox 2691 1486 2856 1556; x_wconf 92' lang='lat' dir='ltr'><strong>quod</strong></span> <span class='ocrx_word' id='word_1_192' title='bbox 2882 1503 2918 1541; x_wconf 92' lang='lat' dir='ltr'><strong>a</strong></span> <span class='ocrx_word' id='word_1_193' title='bbox 2937 1489 3052 1543; x_wconf 91' lang='lat' dir='ltr'><strong>Deo</strong></span> <span class='ocrx_word' id='word_1_194' title='bbox 3069 1493 3245 1554; x_wconf 84' lang='lat' dir='ltr'><strong>esset,</strong></span> <span class='ocrx_word' id='word_1_195' title='bbox 3279 1505 3388 1545; x_wconf 86' lang='lat' dir='ltr'><strong>nec</strong></span> <span class='ocrx_word' id='word_1_196' title='bbox 3421 1491 3573 1548; x_wconf 87' lang='lat' dir='ltr'><strong>iram</strong></span> 
     </span>
    </p>
   </div>
   <div class='ocr_carea' id='block_1_29' title="bbox 1915 1570 3572 1645">
    <p class='ocr_par' dir='ltr' id='par_1_29' title="bbox 1915 1570 3572 1645">
     <span class='ocr_line' id='line_1_29' title="bbox 1915 1570 3572 1645; baseline 0.007 -22"><span class='ocrx_word' id='word_1_197' title='bbox 1915 1570 2103 1624; x_wconf 86' lang='lat' dir='ltr'><strong>timuit</strong></span> <span class='ocrx_word' id='word_1_198' title='bbox 2141 1571 2465 1628; x_wconf 87' lang='lat' dir='ltr'><strong>dicentium</strong></span> <span class='ocrx_word' id='word_1_199' title='bbox 2505 1573 2670 1645; x_wconf 92' lang='lat' dir='ltr'><strong>quod</strong></span> <span class='ocrx_word' id='word_1_200' title='bbox 2702 1591 2822 1630; x_wconf 91' lang='lat' dir='ltr'><strong>non</strong></span> <span class='ocrx_word' id='word_1_201' title='bbox 2862 1581 3018 1633; x_wconf 85' lang='lat' dir='ltr'><strong>esset</strong></span> <span class='ocrx_word' id='word_1_202' title='bbox 3073 1593 3109 1634; x_wconf 92' lang='lat' dir='ltr'><strong>a</strong></span> <span class='ocrx_word' id='word_1_203' title='bbox 3165 1581 3304 1635; x_wconf 86' lang='lat' dir='ltr'><strong>Deo.</strong></span> <span class='ocrx_word' id='word_1_204' title='bbox 3338 1579 3572 1636; x_wconf 86' lang='lat' dir='ltr'><strong>Firmus</strong></span> 
     </span>
    </p>
   </div>
   <div class='ocr_carea' id='block_1_30' title="bbox 1915 1658 3570 1740">
    <p class='ocr_par' dir='ltr' id='par_1_30' title="bbox 1915 1658 3570 1740">
     <span class='ocr_line' id='line_1_30' title="bbox 1915 1658 3570 1740; baseline 0.007 -27"><span class='ocrx_word' id='word_1_205' title='bbox 1915 1658 2075 1713; x_wconf 89' lang='lat' dir='ltr'><strong>enim</strong></span> <span class='ocrx_word' id='word_1_206' title='bbox 2109 1665 2255 1726; x_wconf 86' lang='lat' dir='ltr'><strong>erat,</strong></span> <span class='ocrx_word' id='word_1_207' title='bbox 2284 1668 2338 1716; x_wconf 87' lang='lat' dir='ltr'><strong>et</strong></span> <span class='ocrx_word' id='word_1_208' title='bbox 2370 1662 2626 1718; x_wconf 81' lang='lat' dir='ltr'><strong>veritatis</strong></span> <span class='ocrx_word' id='word_1_209' title='bbox 2657 1669 2890 1720; x_wconf 82' lang='lat' dir='ltr'><strong>amator</strong></span> <span class='ocrx_word' id='word_1_210' title='bbox 2910 1680 2980 1721; x_wconf 91' lang='lat' dir='ltr'><strong>ac</strong></span> <span class='ocrx_word' id='word_1_211' title='bbox 3005 1682 3215 1738; x_wconf 67' lang='lat' dir='ltr'><strong>aequus</strong></span> <span class='ocrx_word' id='word_1_212' title='bbox 3242 1667 3338 1740; x_wconf 77' lang='grc' dir='ltr'>(τη)</span> <span class='ocrx_word' id='word_1_213' title='bbox 3365 1669 3570 1726; x_wconf 90' lang='lat' dir='ltr'><strong>homo.</strong></span> 
     </span>
    </p>
   </div>
   <div class='ocr_carea' id='block_1_31' title="bbox 273 1835 1807 1917">
    <p class='ocr_par' dir='ltr' id='par_1_31' title="bbox 273 1841 1805 1914">
     <span class='ocr_line' id='line_1_31' title="bbox 273 1841 1805 1914; baseline -0.002 -18"><span class='ocrx_word' id='word_1_214' title='bbox 273 1843 384 1896; x_wconf 81' lang='grc' dir='ltr'>Οῦκ</span> <span class='ocrx_word' id='word_1_215' title='bbox 422 1875 490 1884; x_wconf 95' lang='grc'><strong><em>--</em></strong></span> <span class='ocrx_word' id='word_1_216' title='bbox 523 1841 810 1914; x_wconf 68' lang='grc' dir='ltr'>ἀνέϐλεψεν.</span> <span class='ocrx_word' id='word_1_217' title='bbox 845 1845 912 1895; x_wconf 80' lang='grc' dir='ltr'><strong>Οἱ</strong></span> <span class='ocrx_word' id='word_1_218' title='bbox 943 1842 1182 1908; x_wconf 78' lang='grc' dir='ltr'><strong>εἰπόντες,</strong></span> <span class='ocrx_word' id='word_1_219' title='bbox 1229 1843 1309 1894; x_wconf 82' lang='grc' dir='ltr'>ὅτι</span> <span class='ocrx_word' id='word_1_220' title='bbox 1357 1842 1468 1894; x_wconf 80' lang='grc' dir='ltr'>Οῦκ</span> <span class='ocrx_word' id='word_1_221' title='bbox 1511 1844 1624 1894; x_wconf 77' lang='grc' dir='ltr'>ἔστι</span> <span class='ocrx_word' id='word_1_222' title='bbox 1662 1843 1805 1914; x_wconf 88' lang='grc' dir='ltr'><strong>παρά</strong></span> 
     </span>
    </p>
   </div>
   <div class='ocr_carea' id='block_1_32' title="bbox 1936 1835 3571 1917">
    <p class='ocr_par' dir='ltr' id='par_1_32' title="bbox 1987 1835 3571 1917">
     <span class='ocr_line' id='line_1_32' title="bbox 1987 1835 3571 1917; baseline 0.008 -26"><span class='ocrx_word' id='word_1_223' title='bbox 1987 1835 2153 1892; x_wconf 91' lang='lat' dir='ltr'><strong>Vers.</strong></span> <span class='ocrx_word' id='word_1_224' title='bbox 2189 1840 2271 1892; x_wconf 88' lang='grc'><strong>18.</strong></span> <span class='ocrx_word' id='word_1_225' title='bbox 2301 1839 2435 1894; x_wconf 87' lang='grc' dir='ltr'>Νοη</span> <span class='ocrx_word' id='word_1_226' title='bbox 2474 1869 2528 1880; x_wconf 91' lang='lat'><strong>-</strong></span> <span class='ocrx_word' id='word_1_227' title='bbox 2556 1839 2737 1896; x_wconf 78' lang='lat' dir='ltr'><strong>visum</strong></span> <span class='ocrx_word' id='word_1_228' title='bbox 2760 1843 3083 1912; x_wconf 75' lang='lat' dir='ltr'><strong>recepisset.</strong></span> <span class='ocrx_word' id='word_1_229' title='bbox 3128 1845 3237 1910; x_wconf 87' lang='lat' dir='ltr'><strong>Qui</strong></span> <span class='ocrx_word' id='word_1_230' title='bbox 3276 1845 3571 1917; x_wconf 84' lang='lat' dir='ltr'><strong>dixerant,</strong></span> 
     </span>
    </p>
   </div>
   <div class='ocr_carea' id='block_1_33' title="bbox 200 1929 1801 2004">
    <p class='ocr_par' dir='ltr' id='par_1_33' title="bbox 200 1929 1801 2004">
     <span class='ocr_line' id='line_1_33' title="bbox 200 1929 1801 2004; baseline -0.002 -17"><span class='ocrx_word' id='word_1_231' title='bbox 200 1938 347 1988; x_wconf 88' lang='grc' dir='ltr'>Θεοῦ.</span> <span class='ocrx_word' id='word_1_232' title='bbox 381 1932 537 1998; x_wconf 78' lang='grc' dir='ltr'>Ἀλλ’,</span> <span class='ocrx_word' id='word_1_233' title='bbox 587 1931 627 1985; x_wconf 86' lang='grc' dir='ltr'>ὦ</span> <span class='ocrx_word' id='word_1_234' title='bbox 666 1931 911 1990; x_wconf 79' lang='grc' dir='ltr'>ἀνόητοιὲ</span> <span class='ocrx_word' id='word_1_235' title='bbox 943 1931 987 1984; x_wconf 84' lang='grc' dir='ltr'><strong>εἰ</strong></span> <span class='ocrx_word' id='word_1_236' title='bbox 1031 1931 1159 2004; x_wconf 78' lang='grc' dir='ltr'>οὐχὶ</span> <span class='ocrx_word' id='word_1_237' title='bbox 1207 1931 1395 2004; x_wconf 74' lang='grc' dir='ltr'>τυφλὸς</span> <span class='ocrx_word' id='word_1_238' title='bbox 1427 1937 1494 1983; x_wconf 84' lang='grc' dir='ltr'>ὤν</span> <span class='ocrx_word' id='word_1_239' title='bbox 1543 1929 1801 2002; x_wconf 60' lang='grc' dir='ltr'>ἀνέϐλεψε,</span> 
     </span>
    </p>
   </div>
   <div class='ocr_carea' id='block_1_34' title="bbox 199 2019 1805 2096">
    <p class='ocr_par' dir='ltr' id='par_1_34' title="bbox 199 2019 1805 2096">
     <span class='ocr_line' id='line_1_34' title="bbox 199 2019 1805 2096; baseline -0.003 -20"><span class='ocrx_word' id='word_1_240' title='bbox 199 2031 306 2084; x_wconf 86' lang='grc' dir='ltr'>πῶς</span> <span class='ocrx_word' id='word_1_241' title='bbox 347 2019 382 2074; x_wconf 87' lang='grc' dir='ltr'><strong>δ</strong></span> <span class='ocrx_word' id='word_1_242' title='bbox 387 2020 649 2075; x_wconf 84' lang='grc' dir='ltr'>ιαϐάλλετε</span> <span class='ocrx_word' id='word_1_243' title='bbox 674 2025 760 2075; x_wconf 90' lang='grc' dir='ltr'>τὸν</span> <span class='ocrx_word' id='word_1_244' title='bbox 794 2024 1027 2096; x_wconf 86' lang='grc' dir='ltr'>Χριστὸν</span> <span class='ocrx_word' id='word_1_245' title='bbox 1057 2022 1123 2081; x_wconf 83' lang='grc' dir='ltr'>ὡς</span> <span class='ocrx_word' id='word_1_246' title='bbox 1162 2020 1209 2073; x_wconf 82' lang='grc' dir='ltr'><strong>ἐν</strong></span> <span class='ocrx_word' id='word_1_247' title='bbox 1249 2019 1498 2092; x_wconf 85' lang='grc' dir='ltr'>Σαϐϐάτῳ</span> <span class='ocrx_word' id='word_1_248' title='bbox 1530 2020 1805 2092; x_wconf 74' lang='grc' dir='ltr'><strong>ἰασάμενον</strong></span> 
     </span>
    </p>
   </div>
   <div class='ocr_carea' id='block_1_35' title="bbox 204 2111 400 2179">
    <p class='ocr_par' dir='ltr' id='par_1_35' title="bbox 204 2111 400 2179">
     <span class='ocr_line' id='line_1_35' title="bbox 204 2111 400 2179; baseline -0.005 -16"><span class='ocrx_word' id='word_1_249' title='bbox 204 2111 359 2164; x_wconf 78' lang='grc' dir='ltr'>αὐτόν</span> <span class='ocrx_word' id='word_1_250' title='bbox 385 2128 400 2179; x_wconf 86' lang='grc'>;</span> 
     </span>
    </p>
   </div>
   <div class='ocr_carea' id='block_1_36' title="bbox 273 2286 1807 2364">
    <p class='ocr_par' dir='ltr' id='par_1_36' title="bbox 273 2286 1807 2364">
     <span class='ocr_line' id='line_1_36' title="bbox 273 2286 1807 2364; baseline -0.002 -22"><span class='ocrx_word' id='word_1_251' title='bbox 273 2288 408 2352; x_wconf 81' lang='grc' dir='ltr'>Ἕως</span> <span class='ocrx_word' id='word_1_252' title='bbox 494 2321 562 2331; x_wconf 91' lang='grc'><strong><em>--</em></strong></span> <span class='ocrx_word' id='word_1_253' title='bbox 638 2286 1093 2363; x_wconf 62' lang='grc' dir='ltr'>ἔγενδήθη;”ορα</span> <span class='ocrx_word' id='word_1_254' title='bbox 1149 2293 1416 2364; x_wconf 78' lang='grc' dir='ltr'><strong>πονηρίαν,</strong></span> <span class='ocrx_word' id='word_1_255' title='bbox 1527 2288 1807 2363; x_wconf 79' lang='grc' dir='ltr'>Αὖστηρῶς</span> 
     </span>
    </p>
   </div>
   <div class='ocr_carea' id='block_1_37' title="bbox 205 2375 1808 2453">
    <p class='ocr_par' dir='ltr' id='par_1_37' title="bbox 205 2375 1808 2453">
     <span class='ocr_line' id='line_1_37' title="bbox 205 2375 1808 2453; baseline -0.002 -21"><span class='ocrx_word' id='word_1_256' title='bbox 205 2379 457 2453; x_wconf 77' lang='grc' dir='ltr'>ἐρωτῶσι,</span> <span class='ocrx_word' id='word_1_257' title='bbox 516 2375 907 2452; x_wconf 80' lang='grc' dir='ltr'><strong>προσδοκῶντες</strong></span> <span class='ocrx_word' id='word_1_258' title='bbox 964 2377 1193 2450; x_wconf 76' lang='grc' dir='ltr'>ἐκφοϐεῖν</span> <span class='ocrx_word' id='word_1_259' title='bbox 1266 2378 1471 2441; x_wconf 77' lang='grc' dir='ltr'>αὐτοὺς,</span> <span class='ocrx_word' id='word_1_260' title='bbox 1521 2380 1623 2442; x_wconf 88' lang='grc' dir='ltr'>ἱνα,</span> <span class='ocrx_word' id='word_1_261' title='bbox 1691 2381 1808 2429; x_wconf 83' lang='grc' dir='ltr'>τοῦ-</span> 
     </span>
    </p>
   </div>
   <div class='ocr_carea' id='block_1_38' title="bbox 204 2467 1801 2542">
    <p class='ocr_par' dir='ltr' id='par_1_38' title="bbox 204 2467 1801 2542">
     <span class='ocr_line' id='line_1_38' title="bbox 204 2467 1801 2542; baseline -0.003 -20"><span class='ocrx_word' id='word_1_262' title='bbox 204 2489 304 2522; x_wconf 88' lang='grc' dir='ltr'>των</span> <span class='ocrx_word' id='word_1_263' title='bbox 336 2467 726 2542; x_wconf 77' lang='grc' dir='ltr'><strong>ἀρνησαμένων,</strong></span> <span class='ocrx_word' id='word_1_264' title='bbox 777 2467 1094 2538; x_wconf 75' lang='grc' dir='ltr'>ἔπισκιασθῇ</span> <span class='ocrx_word' id='word_1_265' title='bbox 1129 2471 1187 2520; x_wconf 86' lang='grc' dir='ltr'><strong>τό</strong></span> <span class='ocrx_word' id='word_1_266' title='bbox 1231 2469 1426 2541; x_wconf 87' lang='grc' dir='ltr'>θαῦμα.</span> <span class='ocrx_word' id='word_1_267' title='bbox 1479 2472 1579 2520; x_wconf 78' lang='grc' dir='ltr'>Καί</span> <span class='ocrx_word' id='word_1_268' title='bbox 1628 2483 1801 2538; x_wconf 77' lang='grc' dir='ltr'>φασιν·</span> 
     </span>
    </p>
   </div>
   <div class='ocr_carea' id='block_1_39' title="bbox 202 2552 1809 2630">
    <p class='ocr_par' dir='ltr' id='par_1_39' title="bbox 202 2552 1809 2630">
     <span class='ocr_line' id='line_1_39' title="bbox 202 2552 1809 2630; baseline -0.002 -19"><span class='ocrx_word' id='word_1_269' title='bbox 202 2558 296 2611; x_wconf 85' lang='grc' dir='ltr'>’ον</span> <span class='ocrx_word' id='word_1_270' title='bbox 366 2559 508 2630; x_wconf 77' lang='grc' dir='ltr'>ὑμεῖς</span> <span class='ocrx_word' id='word_1_271' title='bbox 579 2557 771 2630; x_wconf 82' lang='grc' dir='ltr'>λέγετε,</span> <span class='ocrx_word' id='word_1_272' title='bbox 851 2559 934 2610; x_wconf 85' lang='grc' dir='ltr'>ὅτι</span> <span class='ocrx_word' id='word_1_273' title='bbox 1016 2556 1205 2629; x_wconf 72' lang='grc' dir='ltr'>τυφλός</span> <span class='ocrx_word' id='word_1_274' title='bbox 1276 2556 1538 2629; x_wconf 73' lang='grc' dir='ltr'><strong>ἐγεννήθη,</strong></span> <span class='ocrx_word' id='word_1_275' title='bbox 1615 2552 1809 2627; x_wconf 71' lang='grc' dir='ltr'>ψευδόο</span> 
     </span>
    </p>
   </div>
   <div class='ocr_carea' id='block_1_40' title="bbox 203 2642 1808 2720">
    <p class='ocr_par' dir='ltr' id='par_1_40' title="bbox 203 2642 1808 2720">
     <span class='ocr_line' id='line_1_40' title="bbox 203 2642 1808 2720; baseline -0.002 -21"><span class='ocrx_word' id='word_1_276' title='bbox 203 2666 347 2720; x_wconf 85' lang='grc' dir='ltr'>μενοι</span> <span class='ocrx_word' id='word_1_277' title='bbox 376 2643 584 2706; x_wconf 54' lang='grc' dir='ltr'>δηλαδή</span> <span class='ocrx_word' id='word_1_278' title='bbox 618 2651 708 2700; x_wconf 82' lang='grc' dir='ltr'>καὶ</span> <span class='ocrx_word' id='word_1_279' title='bbox 747 2655 1173 2720; x_wconf 72' lang='grc' dir='ltr'>κακουργοῦντες,</span> <span class='ocrx_word' id='word_1_280' title='bbox 1207 2650 1296 2698; x_wconf 82' lang='grc' dir='ltr'>καὶ</span> <span class='ocrx_word' id='word_1_281' title='bbox 1335 2655 1405 2718; x_wconf 83' lang='grc' dir='ltr'>τῷ</span> <span class='ocrx_word' id='word_1_282' title='bbox 1442 2646 1618 2704; x_wconf 81' lang='grc' dir='ltr'>Ἰησοῦ</span> <span class='ocrx_word' id='word_1_283' title='bbox 1650 2642 1808 2707; x_wconf 82' lang='grc' dir='ltr'>δόξαν</span> 
     </span>
    </p>
   </div>
   <div class='ocr_carea' id='block_1_41' title="bbox 201 2739 644 2810">
    <p class='ocr_par' dir='ltr' id='par_1_41' title="bbox 201 2739 644 2810">
     <span class='ocr_line' id='line_1_41' title="bbox 201 2739 644 2810; baseline -0.002 -21"><span class='ocrx_word' id='word_1_284' title='bbox 201 2739 621 2810; x_wconf 68' lang='grc' dir='ltr'><strong>περιποιούμενοι</strong></span> <span class='ocrx_word' id='word_1_285' title='bbox 632 2781 644 2794; x_wconf 92' lang='grc'><strong>,</strong></span> 
     </span>
    </p>
   </div>
   <div class='ocr_carea' id='block_1_42' title="bbox 273 2823 1342 2898">
    <p class='ocr_par' dir='ltr' id='par_1_42' title="bbox 273 2823 1342 2898">
     <span class='ocr_line' id='line_1_42' title="bbox 273 2823 1342 2898; baseline 0.003 -21"><span class='ocrx_word' id='word_1_286' title='bbox 273 2833 386 2888; x_wconf 84' lang='grc' dir='ltr'><strong>Πῶς</strong></span> <span class='ocrx_word' id='word_1_287' title='bbox 425 2858 480 2866; x_wconf 91' lang='lat'><strong><em>—</em></strong></span> <span class='ocrx_word' id='word_1_288' title='bbox 519 2825 738 2898; x_wconf 79' lang='grc' dir='ltr'>βλέπει;</span> <span class='ocrx_word' id='word_1_289' title='bbox 768 2825 828 2879; x_wconf 83' lang='grc' dir='ltr'>Εἰ</span> <span class='ocrx_word' id='word_1_290' title='bbox 859 2824 1044 2897; x_wconf 76' lang='grc' dir='ltr'>τυφλὸς</span> <span class='ocrx_word' id='word_1_291' title='bbox 1074 2823 1342 2897; x_wconf 76' lang='grc' dir='ltr'>ἐγεννήθη.</span> 
     </span>
    </p>
   </div>
   <div class='ocr_carea' id='block_1_43' title="bbox 272 2911 1808 2989">
    <p class='ocr_par' dir='ltr' id='par_1_43' title="bbox 272 2911 1808 2989">
     <span class='ocr_line' id='line_1_43' title="bbox 272 2911 1808 2989; baseline -0.002 -21"><span class='ocrx_word' id='word_1_292' title='bbox 272 2915 662 2989; x_wconf 81' lang='grc' dir='ltr'>Ἀπεκρίθησαν</span> <span class='ocrx_word' id='word_1_293' title='bbox 693 2945 760 2956; x_wconf 90' lang='grc'><strong><em>-</em></strong></span> <span class='ocrx_word' id='word_1_294' title='bbox 793 2914 888 2966; x_wconf 84' lang='grc' dir='ltr'><strong>οῦκ</strong></span> <span class='ocrx_word' id='word_1_295' title='bbox 917 2911 1155 2987; x_wconf 79' lang='grc' dir='ltr'>οἴδαμεν.</span> <span class='ocrx_word' id='word_1_296' title='bbox 1201 2919 1331 2989; x_wconf 88' lang='grc' dir='ltr'>Τρία</span> <span class='ocrx_word' id='word_1_297' title='bbox 1373 2914 1725 2988; x_wconf 76' lang='grc' dir='ltr'>ἐρωτηθέντες,</span> <span class='ocrx_word' id='word_1_298' title='bbox 1764 2913 1808 2966; x_wconf 91' lang='grc' dir='ltr'>εἰ</span> 
     </span>
    </p>
   </div>
   <div class='ocr_carea' id='block_1_44' title="bbox 200 3004 1807 3076">
    <p class='ocr_par' dir='ltr' id='par_1_44' title="bbox 200 3004 1807 3076">
     <span class='ocr_line' id='line_1_44' title="bbox 200 3004 1807 3076; baseline -0.002 -19"><span class='ocrx_word' id='word_1_299' title='bbox 200 3005 347 3066; x_wconf 81' lang='grc' dir='ltr'>οὗτός</span> <span class='ocrx_word' id='word_1_300' title='bbox 377 3004 516 3058; x_wconf 71' lang='grc' dir='ltr'>ἔστιν</span> <span class='ocrx_word' id='word_1_301' title='bbox 545 3007 569 3057; x_wconf 88' lang='grc' dir='ltr'><strong>ό</strong></span> <span class='ocrx_word' id='word_1_302' title='bbox 597 3007 705 3065; x_wconf 88' lang='grc' dir='ltr'>υἱὸς</span> <span class='ocrx_word' id='word_1_303' title='bbox 744 3004 932 3069; x_wconf 85' lang='grc' dir='ltr'>αῦτών,</span> <span class='ocrx_word' id='word_1_304' title='bbox 975 3004 1018 3056; x_wconf 86' lang='grc' dir='ltr'>εἰ</span> <span class='ocrx_word' id='word_1_305' title='bbox 1047 3004 1237 3076; x_wconf 80' lang='grc' dir='ltr'>τυφλὸς</span> <span class='ocrx_word' id='word_1_306' title='bbox 1266 3007 1533 3075; x_wconf 72' lang='grc' dir='ltr'>ἐγεννήθη,</span> <span class='ocrx_word' id='word_1_307' title='bbox 1579 3009 1668 3056; x_wconf 85' lang='grc' dir='ltr'>καὶ</span> <span class='ocrx_word' id='word_1_308' title='bbox 1705 3011 1807 3063; x_wconf 86' lang='grc' dir='ltr'>πῶς</span> 
     </span>
    </p>
   </div>
   <div class='ocr_carea' id='block_1_45' title="bbox 201 3089 1808 3167">
    <p class='ocr_par' dir='ltr' id='par_1_45' title="bbox 201 3089 1808 3167">
     <span class='ocr_line' id='line_1_45' title="bbox 201 3089 1808 3167; baseline -0.002 -21"><span class='ocrx_word' id='word_1_309' title='bbox 201 3095 321 3166; x_wconf 81' lang='grc' dir='ltr'>ἄρτι</span> <span class='ocrx_word' id='word_1_310' title='bbox 360 3093 575 3167; x_wconf 77' lang='grc' dir='ltr'>βλέπει·</span> <span class='ocrx_word' id='word_1_311' title='bbox 623 3097 690 3146; x_wconf 78' lang='grc' dir='ltr'>τὰ</span> <span class='ocrx_word' id='word_1_312' title='bbox 741 3096 830 3166; x_wconf 72' lang='grc' dir='ltr'>μὲν</span> <span class='ocrx_word' id='word_1_313' title='bbox 881 3089 977 3145; x_wconf 85' lang='grc' dir='ltr'>δύο</span> <span class='ocrx_word' id='word_1_314' title='bbox 1020 3093 1372 3164; x_wconf 86' lang='grc' dir='ltr'>ὁμολογοῦσι·</span> <span class='ocrx_word' id='word_1_315' title='bbox 1425 3101 1533 3153; x_wconf 87' lang='grc' dir='ltr'>πῶς</span> <span class='ocrx_word' id='word_1_316' title='bbox 1581 3090 1640 3144; x_wconf 76' lang='grc' dir='ltr'><strong>δε</strong></span> <span class='ocrx_word' id='word_1_317' title='bbox 1687 3093 1808 3165; x_wconf 78' lang='grc' dir='ltr'>οἷρτι</span> 
     </span>
    </p>
   </div>
   <div class='ocr_carea' id='block_1_46' title="bbox 1914 1926 3570 2004">
    <p class='ocr_par' dir='ltr' id='par_1_46' title="bbox 1914 1926 3570 2004">
     <span class='ocr_line' id='line_1_46' title="bbox 1914 1926 3570 2004; baseline 0.006 -22"><span class='ocrx_word' id='word_1_318' title='bbox 1914 1926 2044 1982; x_wconf 84' lang='lat' dir='ltr'><strong>Non</strong></span> <span class='ocrx_word' id='word_1_319' title='bbox 2095 1932 2180 1982; x_wconf 88' lang='lat' dir='ltr'><strong>est</strong></span> <span class='ocrx_word' id='word_1_320' title='bbox 2209 1941 2246 1984; x_wconf 91' lang='lat' dir='ltr'><strong>a</strong></span> <span class='ocrx_word' id='word_1_321' title='bbox 2280 1928 2421 1984; x_wconf 90' lang='lat' dir='ltr'><strong>Deo.</strong></span> <span class='ocrx_word' id='word_1_322' title='bbox 2474 1929 2603 1992; x_wconf 88' lang='lat' dir='ltr'><strong>Sed,</strong></span> <span class='ocrx_word' id='word_1_323' title='bbox 2633 1947 2665 1985; x_wconf 91' lang='grc' dir='ltr'><strong>ο</strong></span> <span class='ocrx_word' id='word_1_324' title='bbox 2710 1929 3022 1999; x_wconf 90' lang='lat' dir='ltr'><strong>insensati,</strong></span> <span class='ocrx_word' id='word_1_325' title='bbox 3081 1933 3128 1989; x_wconf 89' lang='lat' dir='ltr'><strong>si</strong></span> <span class='ocrx_word' id='word_1_326' title='bbox 3168 1950 3289 1990; x_wconf 90' lang='lat' dir='ltr'><strong>non</strong></span> <span class='ocrx_word' id='word_1_327' title='bbox 3343 1934 3424 1992; x_wconf 91' lang='lat' dir='ltr'><strong>ita</strong></span> <span class='ocrx_word' id='word_1_328' title='bbox 3461 1942 3570 2004; x_wconf 91' lang='lat' dir='ltr'><strong>est,</strong></span> 
     </span>
    </p>
   </div>
   <div class='ocr_carea' id='block_1_47' title="bbox 1913 2015 3571 2096">
    <p class='ocr_par' dir='ltr' id='par_1_47' title="bbox 1913 2015 3571 2096">
     <span class='ocr_line' id='line_1_47' title="bbox 1913 2015 3571 2096; baseline 0.008 -27"><span class='ocrx_word' id='word_1_329' title='bbox 1913 2015 2079 2087; x_wconf 91' lang='lat' dir='ltr'><strong>quod</strong></span> <span class='ocrx_word' id='word_1_330' title='bbox 2130 2032 2268 2072; x_wconf 91' lang='lat' dir='ltr'><strong>cum</strong></span> <span class='ocrx_word' id='word_1_331' title='bbox 2296 2033 2484 2073; x_wconf 62' lang='lat' dir='ltr'><strong>circus</strong></span> <span class='ocrx_word' id='word_1_332' title='bbox 2537 2023 2694 2075; x_wconf 90' lang='lat' dir='ltr'><strong>esset</strong></span> <span class='ocrx_word' id='word_1_333' title='bbox 2746 2020 2940 2078; x_wconf 88' lang='lat' dir='ltr'><strong>visum</strong></span> <span class='ocrx_word' id='word_1_334' title='bbox 2986 2023 3225 2096; x_wconf 89' lang='lat' dir='ltr'><strong>recepit,</strong></span> <span class='ocrx_word' id='word_1_335' title='bbox 3259 2025 3571 2096; x_wconf 90' lang='lat' dir='ltr'><strong>quomodo</strong></span> 
     </span>
    </p>
   </div>
   <div class='ocr_carea' id='block_1_48' title="bbox 1913 2105 3569 2184">
    <p class='ocr_par' dir='ltr' id='par_1_48' title="bbox 1913 2105 3569 2184">
     <span class='ocr_line' id='line_1_48' title="bbox 1913 2105 3569 2184; baseline 0.007 -24"><span class='ocrx_word' id='word_1_336' title='bbox 1913 2105 2208 2162; x_wconf 88' lang='lat' dir='ltr'><strong>Christum</strong></span> <span class='ocrx_word' id='word_1_337' title='bbox 2293 2106 2764 2175; x_wconf 86' lang='lat' dir='ltr'><strong>calumniamini,</strong></span> <span class='ocrx_word' id='word_1_338' title='bbox 2849 2111 3015 2184; x_wconf 90' lang='lat' dir='ltr'><strong>quod</strong></span> <span class='ocrx_word' id='word_1_339' title='bbox 3088 2112 3255 2170; x_wconf 91' lang='lat' dir='ltr'><strong>illum</strong></span> <span class='ocrx_word' id='word_1_340' title='bbox 3307 2115 3569 2172; x_wconf 88' lang='lat' dir='ltr'><strong>Sabbato</strong></span> 
     </span>
    </p>
   </div>
   <div class='ocr_carea' id='block_1_49' title="bbox 1913 2195 2266 2251">
    <p class='ocr_par' dir='ltr' id='par_1_49' title="bbox 1913 2195 2266 2251">
     <span class='ocr_line' id='line_1_49' title="bbox 1913 2195 2266 2251; baseline 0.006 -2"><span class='ocrx_word' id='word_1_341' title='bbox 1913 2195 2210 2251; x_wconf 87' lang='lat' dir='ltr'><strong>sanaverit</strong></span> <span class='ocrx_word' id='word_1_342' title='bbox 2238 2196 2266 2251; x_wconf 72' lang='lat' dir='ltr'><strong>‘I</strong></span> 
     </span>
    </p>
   </div>
   <div class='ocr_carea' id='block_1_50' title="bbox 1984 2284 3568 2351">
    <p class='ocr_par' dir='ltr' id='par_1_50' title="bbox 1984 2284 3568 2351">
     <span class='ocr_line' id='line_1_50' title="bbox 1984 2284 3568 2351; baseline 0.008 -12"><span class='ocrx_word' id='word_1_343' title='bbox 1984 2287 2142 2339; x_wconf 89' lang='lat' dir='ltr'><strong>Vers.</strong></span> <span class='ocrx_word' id='word_1_344' title='bbox 2200 2284 2288 2340; x_wconf 90' lang='grc'><strong>18.</strong></span> <span class='ocrx_word' id='word_1_345' title='bbox 2322 2287 2508 2345; x_wconf 85' lang='lat' dir='ltr'><strong>Donec</strong></span> <span class='ocrx_word' id='word_1_346' title='bbox 2564 2320 2633 2328; x_wconf 93' lang='lat'><strong>—</strong></span> <span class='ocrx_word' id='word_1_347' title='bbox 2672 2289 2836 2345; x_wconf 86' lang='lat' dir='ltr'><strong>Vers.</strong></span> <span class='ocrx_word' id='word_1_348' title='bbox 2882 2295 2965 2346; x_wconf 88' lang='grc'><strong>19.</strong></span> <span class='ocrx_word' id='word_1_349' title='bbox 3015 2298 3194 2348; x_wconf 87' lang='lat' dir='ltr'><strong>natus</strong></span> <span class='ocrx_word' id='word_1_350' title='bbox 3241 2301 3321 2350; x_wconf 83' lang='lat' dir='ltr'><strong>est</strong></span> <span class='ocrx_word' id='word_1_351' title='bbox 3358 2293 3386 2349; x_wconf 75' lang='lat' dir='ltr'><strong>‘t</strong></span> <span class='ocrx_word' id='word_1_352' title='bbox 3426 2294 3568 2351; x_wconf 85' lang='lat' dir='ltr'><strong>Vide</strong></span> 
     </span>
    </p>
   </div>
   <div class='ocr_carea' id='block_1_51' title="bbox 1913 2373 3573 2452">
    <p class='ocr_par' dir='ltr' id='par_1_51' title="bbox 1913 2373 3573 2452">
     <span class='ocr_line' id='line_1_51' title="bbox 1913 2373 3573 2452; baseline 0.008 -24"><span class='ocrx_word' id='word_1_353' title='bbox 1913 2373 2226 2430; x_wconf 89' lang='lat' dir='ltr'><strong>malitiam.</strong></span> <span class='ocrx_word' id='word_1_354' title='bbox 2260 2375 2462 2446; x_wconf 85' lang='lat' dir='ltr'><strong>Rigide</strong></span> <span class='ocrx_word' id='word_1_355' title='bbox 2493 2377 2881 2447; x_wconf 68' lang='lat' dir='ltr'><strong>interrogant,</strong></span> <span class='ocrx_word' id='word_1_356' title='bbox 2918 2385 3197 2452; x_wconf 89' lang='lat' dir='ltr'><strong>putantes</strong></span> <span class='ocrx_word' id='word_1_357' title='bbox 3220 2382 3354 2438; x_wconf 89' lang='lat' dir='ltr'><strong>illos</strong></span> <span class='ocrx_word' id='word_1_358' title='bbox 3387 2389 3573 2440; x_wconf 85' lang='lat' dir='ltr'><strong>exter-</strong></span> 
     </span>
    </p>
   </div>
   <div class='ocr_carea' id='block_1_52' title="bbox 1912 2465 3574 2538">
    <p class='ocr_par' dir='ltr' id='par_1_52' title="bbox 1912 2465 3574 2538">
     <span class='ocr_line' id='line_1_52' title="bbox 1912 2465 3574 2538; baseline 0.007 -20"><span class='ocrx_word' id='word_1_359' title='bbox 1912 2478 2060 2528; x_wconf 89' lang='lat' dir='ltr'><strong>rere,</strong></span> <span class='ocrx_word' id='word_1_360' title='bbox 2105 2469 2164 2520; x_wconf 92' lang='lat' dir='ltr'><strong>ut</strong></span> <span class='ocrx_word' id='word_1_361' title='bbox 2196 2465 2344 2521; x_wconf 87' lang='lat' dir='ltr'><strong>dum</strong></span> <span class='ocrx_word' id='word_1_362' title='bbox 2394 2465 2455 2521; x_wconf 88' lang='lat' dir='ltr'><strong>hi</strong></span> <span class='ocrx_word' id='word_1_363' title='bbox 2498 2475 2840 2538; x_wconf 83' lang='lat' dir='ltr'><strong>negassent,</strong></span> <span class='ocrx_word' id='word_1_364' title='bbox 2884 2470 3137 2526; x_wconf 89' lang='lat' dir='ltr'><strong>tenebris</strong></span> <span class='ocrx_word' id='word_1_365' title='bbox 3167 2472 3574 2530; x_wconf 81' lang='lat' dir='ltr'><strong>oﬁ‘underetur</strong></span> 
     </span>
    </p>
   </div>
   <div class='ocr_carea' id='block_1_53' title="bbox 1916 2551 3574 2634">
    <p class='ocr_par' dir='ltr' id='par_1_53' title="bbox 1916 2551 3574 2634">
     <span class='ocr_line' id='line_1_53' title="bbox 1916 2551 3574 2634; baseline 0.007 -27"><span class='ocrx_word' id='word_1_366' title='bbox 1916 2551 2272 2609; x_wconf 81' lang='lat' dir='ltr'><strong>miraculum</strong></span> <span class='ocrx_word' id='word_1_367' title='bbox 2289 2555 2526 2612; x_wconf 88' lang='lat' dir='ltr'><strong>etaiunt</strong></span> <span class='ocrx_word' id='word_1_368' title='bbox 2553 2559 2665 2613; x_wconf 89' lang='lat' dir='ltr'><strong>:De</strong></span> <span class='ocrx_word' id='word_1_369' title='bbox 2683 2573 2798 2628; x_wconf 86' lang='lat' dir='ltr'><strong>quo</strong></span> <span class='ocrx_word' id='word_1_370' title='bbox 2834 2575 2933 2614; x_wconf 86' lang='lat' dir='ltr'><strong>vos</strong></span> <span class='ocrx_word' id='word_1_371' title='bbox 2961 2561 3175 2626; x_wconf 79' lang='lat' dir='ltr'><strong>dicitis,</strong></span> <span class='ocrx_word' id='word_1_372' title='bbox 3207 2563 3367 2634; x_wconf 89' lang='lat' dir='ltr'><strong>quod</strong></span> <span class='ocrx_word' id='word_1_373' title='bbox 3397 2579 3574 2620; x_wconf 68' lang='lat' dir='ltr'><strong>caecus</strong></span> 
     </span>
    </p>
   </div>
   <div class='ocr_carea' id='block_1_54' title="bbox 1914 2645 3570 2718">
    <p class='ocr_par' dir='ltr' id='par_1_54' title="bbox 1914 2645 3570 2718">
     <span class='ocr_line' id='line_1_54' title="bbox 1914 2645 3570 2718; baseline 0.007 -21"><span class='ocrx_word' id='word_1_374' title='bbox 1914 2649 2092 2698; x_wconf 86' lang='lat' dir='ltr'><strong>natus</strong></span> <span class='ocrx_word' id='word_1_375' title='bbox 2110 2651 2190 2699; x_wconf 91' lang='lat' dir='ltr'><strong>est</strong></span> <span class='ocrx_word' id='word_1_376' title='bbox 2211 2645 2240 2698; x_wconf 66' lang='grc' dir='ltr'><em>Υ</em></span> <span class='ocrx_word' id='word_1_377' title='bbox 2254 2645 2604 2702; x_wconf 87' lang='lat' dir='ltr'><strong>mentientes</strong></span> <span class='ocrx_word' id='word_1_378' title='bbox 2618 2646 2888 2704; x_wconf 89' lang='lat' dir='ltr'><strong>videlicet</strong></span> <span class='ocrx_word' id='word_1_379' title='bbox 2903 2653 2958 2704; x_wconf 92' lang='lat' dir='ltr'><strong>et</strong></span> <span class='ocrx_word' id='word_1_380' title='bbox 2974 2649 3178 2706; x_wconf 90' lang='lat' dir='ltr'><strong>dolose</strong></span> <span class='ocrx_word' id='word_1_381' title='bbox 3197 2651 3570 2718; x_wconf 88' lang='lat' dir='ltr'><strong>simulantes,</strong></span> 
     </span>
    </p>
   </div>
   <div class='ocr_carea' id='block_1_55' title="bbox 1917 2731 2916 2810">
    <p class='ocr_par' dir='ltr' id='par_1_55' title="bbox 1917 2731 2916 2810">
     <span class='ocr_line' id='line_1_55' title="bbox 1917 2731 2916 2810; baseline 0.005 -23"><span class='ocrx_word' id='word_1_382' title='bbox 1917 2737 1978 2788; x_wconf 90' lang='lat' dir='ltr'><strong>ut</strong></span> <span class='ocrx_word' id='word_1_383' title='bbox 2018 2731 2135 2804; x_wconf 87' lang='lat' dir='ltr'><strong>ipsi</strong></span> <span class='ocrx_word' id='word_1_384' title='bbox 2175 2733 2316 2789; x_wconf 87' lang='lat' dir='ltr'><strong>Jesu</strong></span> <span class='ocrx_word' id='word_1_385' title='bbox 2339 2735 2585 2804; x_wconf 86' lang='lat' dir='ltr'><strong>gloriam</strong></span> <span class='ocrx_word' id='word_1_386' title='bbox 2617 2739 2916 2810; x_wconf 65' lang='lat' dir='ltr'><strong>quaeratis.</strong></span> 
     </span>
    </p>
   </div>
   <div class='ocr_carea' id='block_1_56' title="bbox 1987 2823 3570 2891">
    <p class='ocr_par' dir='ltr' id='par_1_56' title="bbox 1987 2823 3570 2891">
     <span class='ocr_line' id='line_1_56' title="bbox 1987 2823 3570 2891; baseline 0.006 -15"><span class='ocrx_word' id='word_1_387' title='bbox 1987 2823 2149 2878; x_wconf 88' lang='lat' dir='ltr'><strong>Vers.</strong></span> <span class='ocrx_word' id='word_1_388' title='bbox 2185 2824 2272 2878; x_wconf 90' lang='grc'><strong>19.</strong></span> <span class='ocrx_word' id='word_1_389' title='bbox 2310 2826 2597 2891; x_wconf 82' lang='lat' dir='ltr'><strong>Quomodo</strong></span> <span class='ocrx_word' id='word_1_390' title='bbox 2622 2859 2691 2867; x_wconf 98' lang='lat'>—</span> <span class='ocrx_word' id='word_1_391' title='bbox 2721 2827 2869 2884; x_wconf 80' lang='lat' dir='ltr'><strong>videt</strong></span> <span class='ocrx_word' id='word_1_392' title='bbox 2901 2826 2929 2882; x_wconf 83' lang='lat'><strong>?</strong></span> <span class='ocrx_word' id='word_1_393' title='bbox 2956 2827 3012 2886; x_wconf 90' lang='lat' dir='ltr'><strong>Si</strong></span> <span class='ocrx_word' id='word_1_394' title='bbox 3035 2845 3228 2885; x_wconf 60' lang='lat' dir='ltr'><strong>cacus</strong></span> <span class='ocrx_word' id='word_1_395' title='bbox 3249 2834 3423 2887; x_wconf 88' lang='lat' dir='ltr'><strong>natus</strong></span> <span class='ocrx_word' id='word_1_396' title='bbox 3461 2834 3570 2888; x_wconf 92' lang='lat' dir='ltr'><strong>est.</strong></span> 
     </span>
    </p>
   </div>
   <div class='ocr_carea' id='block_1_57' title="bbox 1988 2911 3573 2984">
    <p class='ocr_par' dir='ltr' id='par_1_57' title="bbox 1988 2911 3573 2984">
     <span class='ocr_line' id='line_1_57' title="bbox 1988 2911 3573 2984; baseline 0.005 -18"><span class='ocrx_word' id='word_1_397' title='bbox 1988 2911 2150 2967; x_wconf 85' lang='lat' dir='ltr'><strong>Vers.</strong></span> <span class='ocrx_word' id='word_1_398' title='bbox 2183 2914 2273 2968; x_wconf 82' lang='lat'><strong>20.</strong></span> <span class='ocrx_word' id='word_1_399' title='bbox 2318 2914 2768 2984; x_wconf 80' lang='lat' dir='ltr'><strong>Responderunt</strong></span> <span class='ocrx_word' id='word_1_400' title='bbox 2821 2949 2890 2958; x_wconf 93' lang='lat'><strong>—-</strong></span> <span class='ocrx_word' id='word_1_401' title='bbox 2919 2917 3083 2974; x_wconf 90' lang='lat' dir='ltr'><strong>Vers.</strong></span> <span class='ocrx_word' id='word_1_402' title='bbox 3141 2923 3229 2976; x_wconf 83' lang='lat' dir='ltr'><strong>2t.</strong></span> <span class='ocrx_word' id='word_1_403' title='bbox 3267 2921 3573 2977; x_wconf 75' lang='lat' dir='ltr'><strong>nescimus.</strong></span> 
     </span>
    </p>
   </div>
   <div class='ocr_carea' id='block_1_58' title="bbox 1917 3000 3575 3075">
    <p class='ocr_par' dir='ltr' id='par_1_58' title="bbox 1917 3000 3575 3075">
     <span class='ocr_line' id='line_1_58' title="bbox 1917 3000 3575 3075; baseline 0.008 -22"><span class='ocrx_word' id='word_1_404' title='bbox 1917 3000 2064 3055; x_wconf 90' lang='lat' dir='ltr'><strong>Cum</strong></span> <span class='ocrx_word' id='word_1_405' title='bbox 2113 3000 2187 3056; x_wconf 91' lang='lat' dir='ltr'><strong>de</strong></span> <span class='ocrx_word' id='word_1_406' title='bbox 2244 3002 2432 3059; x_wconf 88' lang='lat' dir='ltr'><strong>tribus</strong></span> <span class='ocrx_word' id='word_1_407' title='bbox 2487 3005 2830 3075; x_wconf 87' lang='lat' dir='ltr'><strong>interrogati</strong></span> <span class='ocrx_word' id='word_1_408' title='bbox 2884 3007 3134 3065; x_wconf 88' lang='lat' dir='ltr'><strong>fuissent</strong></span> <span class='ocrx_word' id='word_1_409' title='bbox 3177 3025 3188 3065; x_wconf 90' lang='lat'>:</span> <span class='ocrx_word' id='word_1_410' title='bbox 3226 3016 3422 3065; x_wconf 90' lang='lat' dir='ltr'><strong>utrum</strong></span> <span class='ocrx_word' id='word_1_411' title='bbox 3479 3009 3575 3066; x_wconf 92' lang='lat' dir='ltr'><strong>hic</strong></span> 
     </span>
    </p>
   </div>
   <div class='ocr_carea' id='block_1_59' title="bbox 1920 3089 3580 3164">
    <p class='ocr_par' dir='ltr' id='par_1_59' title="bbox 1920 3089 3580 3164">
     <span class='ocr_line' id='line_1_59' title="bbox 1920 3089 3580 3164; baseline 0.007 -21"><span class='ocrx_word' id='word_1_412' title='bbox 1920 3094 2078 3145; x_wconf 86' lang='lat' dir='ltr'><strong>esset</strong></span> <span class='ocrx_word' id='word_1_413' title='bbox 2128 3089 2285 3145; x_wconf 85' lang='lat' dir='ltr'><strong>ﬁlius</strong></span> <span class='ocrx_word' id='word_1_414' title='bbox 2323 3108 2553 3161; x_wconf 88' lang='lat' dir='ltr'><strong>eorum,</strong></span> <span class='ocrx_word' id='word_1_415' title='bbox 2585 3099 2778 3150; x_wconf 86' lang='lat' dir='ltr'><strong>utrum</strong></span> <span class='ocrx_word' id='word_1_416' title='bbox 2838 3111 3033 3151; x_wconf 73' lang='lat' dir='ltr'><strong>caecus</strong></span> <span class='ocrx_word' id='word_1_417' title='bbox 3083 3102 3258 3154; x_wconf 90' lang='lat' dir='ltr'><strong>natus</strong></span> <span class='ocrx_word' id='word_1_418' title='bbox 3311 3103 3484 3164; x_wconf 85' lang='lat' dir='ltr'><strong>esset,</strong></span> <span class='ocrx_word' id='word_1_419' title='bbox 3523 3102 3580 3155; x_wconf 91' lang='lat' dir='ltr'><strong>et</strong></span> 
     </span>
    </p>
   </div>
   <div class='ocr_carea' id='block_1_60' title="bbox 203 3178 1807 3263">
    <p class='ocr_par' dir='ltr' id='par_1_60' title="bbox 203 3178 1807 3255">
     <span class='ocr_line' id='line_1_60' title="bbox 203 3178 1807 3255; baseline -0.001 -21"><span class='ocrx_word' id='word_1_420' title='bbox 203 3182 380 3253; x_wconf 80' lang='grc' dir='ltr'>βλέπει</span> <span class='ocrx_word' id='word_1_421' title='bbox 407 3183 606 3255; x_wconf 82' lang='grc' dir='ltr'>ἀγνοεῖν</span> <span class='ocrx_word' id='word_1_422' title='bbox 645 3181 876 3254; x_wconf 83' lang='grc' dir='ltr'>λέγουσι,</span> <span class='ocrx_word' id='word_1_423' title='bbox 908 3180 1213 3254; x_wconf 75' lang='grc' dir='ltr'>φοϐούμενοι</span> <span class='ocrx_word' id='word_1_424' title='bbox 1242 3185 1360 3242; x_wconf 84' lang='grc' dir='ltr'>τοὺς</span> <span class='ocrx_word' id='word_1_425' title='bbox 1387 3178 1693 3245; x_wconf 83' lang='grc' dir='ltr'>Ἰουδαίους,</span> <span class='ocrx_word' id='word_1_426' title='bbox 1741 3183 1807 3240; x_wconf 86' lang='grc' dir='ltr'>ὡς</span> 
     </span>
    </p>
   </div>
   <div class='ocr_carea' id='block_1_61' title="bbox 1936 3178 3572 3263">
    <p class='ocr_par' dir='ltr' id='par_1_61' title="bbox 1936 3178 3572 3249">
     <span class='ocr_line' id='line_1_61' title="bbox 1936 3178 3572 3249; baseline 0.007 -19"><span class='ocrx_word' id='word_1_427' title='bbox 1936 3178 2230 3247; x_wconf 62' lang='lat' dir='ltr'><strong>quomodo</strong></span> <span class='ocrx_word' id='word_1_428' title='bbox 2261 3195 2422 3235; x_wconf 89' lang='lat' dir='ltr'><strong>nunc</strong></span> <span class='ocrx_word' id='word_1_429' title='bbox 2465 3181 2694 3238; x_wconf 87' lang='lat' dir='ltr'><strong>videret</strong></span> <span class='ocrx_word' id='word_1_430' title='bbox 2747 3201 2760 3249; x_wconf 92' lang='lat'>;</span> <span class='ocrx_word' id='word_1_431' title='bbox 2795 3184 2870 3238; x_wconf 92' lang='lat' dir='ltr'><strong>de</strong></span> <span class='ocrx_word' id='word_1_432' title='bbox 2908 3185 3146 3240; x_wconf 89' lang='lat' dir='ltr'><strong>duobus</strong></span> <span class='ocrx_word' id='word_1_433' title='bbox 3195 3187 3572 3244; x_wconf 77' lang='lat' dir='ltr'><strong>confitentur.</strong></span> 
     </span>
    </p>
   </div>
   <div class='ocr_carea' id='block_1_62' title="bbox 203 3268 738 3336">
    <p class='ocr_par' dir='ltr' id='par_1_62' title="bbox 203 3268 738 3336">
     <span class='ocr_line' id='line_1_62' title="bbox 203 3268 738 3336; baseline -0.006 -11"><span class='ocrx_word' id='word_1_434' title='bbox 203 3272 285 3336; x_wconf 76' lang='grc' dir='ltr'><em>ἐξῆ</em></span> <span class='ocrx_word' id='word_1_435' title='bbox 297 3292 318 3334; x_wconf 89' lang='grc' dir='ltr'><strong>ς</strong></span> <span class='ocrx_word' id='word_1_436' title='bbox 350 3268 560 3330; x_wconf 84' lang='grc' dir='ltr'>δηλωθή</span> <span class='ocrx_word' id='word_1_437' title='bbox 572 3291 738 3324; x_wconf 84' lang='grc' dir='ltr'>σεται.</span> 
     </span>
    </p>
   </div>
   <div class='ocr_carea' id='block_1_63' title="bbox 274 3441 1808 3508">
    <p class='ocr_par' dir='ltr' id='par_1_63' title="bbox 274 3441 1808 3508">
     <span class='ocr_line' id='line_1_63' title="bbox 274 3441 1808 3508; baseline -0.002 -9"><span class='ocrx_word' id='word_1_438' title='bbox 274 3448 440 3508; x_wconf 81' lang='grc' dir='ltr'>Αῦτός</span> <span class='ocrx_word' id='word_1_439' title='bbox 514 3477 584 3488; x_wconf 90' lang='grc'><strong><em>--</em></strong></span> <span class='ocrx_word' id='word_1_440' title='bbox 651 3445 886 3504; x_wconf 78' lang='grc' dir='ltr'>λαλήσει.</span> <span class='ocrx_word' id='word_1_441' title='bbox 968 3443 1104 3508; x_wconf 61' lang='lat' dir='ltr'><strong>&quot;ego.</strong></span> <span class='ocrx_word' id='word_1_442' title='bbox 1162 3441 1407 3498; x_wconf 75' lang='grc' dir='ltr'>κινδύνου</span> <span class='ocrx_word' id='word_1_443' title='bbox 1461 3447 1808 3506; x_wconf 82' lang='grc' dir='ltr'>καθιστῶντες</span> 
     </span>
    </p>
   </div>
   <div class='ocr_carea' id='block_1_64' title="bbox 205 3534 1807 3611">
    <p class='ocr_par' dir='ltr' id='par_1_64' title="bbox 205 3534 1807 3611">
     <span class='ocr_line' id='line_1_64' title="bbox 205 3534 1807 3611; baseline -0.002 -22"><span class='ocrx_word' id='word_1_444' title='bbox 205 3537 434 3599; x_wconf 78' lang='grc' dir='ltr'>ἑαυτοὺς,</span> <span class='ocrx_word' id='word_1_445' title='bbox 490 3534 573 3588; x_wconf 80' lang='grc' dir='ltr'><strong>ἐπὶ</strong></span> <span class='ocrx_word' id='word_1_446' title='bbox 622 3539 709 3588; x_wconf 87' lang='grc' dir='ltr'>τὸν</span> <span class='ocrx_word' id='word_1_447' title='bbox 761 3537 1188 3608; x_wconf 82' lang='grc' dir='ltr'>τεθεραπευμένον</span> <span class='ocrx_word' id='word_1_448' title='bbox 1242 3539 1654 3611; x_wconf 74' lang='grc' dir='ltr'>παραπέμπουσι</span> <span class='ocrx_word' id='word_1_449' title='bbox 1715 3539 1807 3594; x_wconf 81' lang='grc' dir='ltr'><strong>τήν</strong></span> 
     </span>
    </p>
   </div>
   <div class='ocr_carea' id='block_1_65' title="bbox 205 3623 1806 3700">
    <p class='ocr_par' dir='ltr' id='par_1_65' title="bbox 205 3623 1806 3700">
     <span class='ocr_line' id='line_1_65' title="bbox 205 3623 1806 3700; baseline 0 -23"><span class='ocrx_word' id='word_1_450' title='bbox 205 3625 482 3700; x_wconf 72' lang='grc' dir='ltr'>ἐρώτησιν,</span> <span class='ocrx_word' id='word_1_451' title='bbox 551 3627 616 3687; x_wconf 85' lang='grc' dir='ltr'>ὡς</span> <span class='ocrx_word' id='word_1_452' title='bbox 678 3623 1098 3699; x_wconf 81' lang='grc' dir='ltr'>ἀξιοπιστότερον</span> <span class='ocrx_word' id='word_1_453' title='bbox 1151 3624 1319 3677; x_wconf 77' lang='grc' dir='ltr'>αὐτῶν</span> <span class='ocrx_word' id='word_1_454' title='bbox 1367 3624 1416 3677; x_wconf 88' lang='grc' dir='ltr'>ἐν</span> <span class='ocrx_word' id='word_1_455' title='bbox 1466 3633 1537 3696; x_wconf 83' lang='grc' dir='ltr'>τῷ</span> <span class='ocrx_word' id='word_1_456' title='bbox 1589 3627 1806 3697; x_wconf 82' lang='grc' dir='ltr'>τοιούτῳ</span> 
     </span>
    </p>
   </div>
   <div class='ocr_carea' id='block_1_66' title="bbox 209 3717 490 3787">
    <p class='ocr_par' dir='ltr' id='par_1_66' title="bbox 209 3717 490 3787">
     <span class='ocr_line' id='line_1_66' title="bbox 209 3717 490 3787; baseline 0.014 -22"><span class='ocrx_word' id='word_1_457' title='bbox 209 3717 490 3787; x_wconf 79' lang='grc' dir='ltr'>ζητήματι.</span> 
     </span>
    </p>
   </div>
   <div class='ocr_carea' id='block_1_67' title="bbox 273 3800 1880 3876">
    <p class='ocr_par' dir='ltr' id='par_1_67' title="bbox 273 3800 1880 3876">
     <span class='ocr_line' id='line_1_67' title="bbox 273 3800 1880 3876; baseline 0.001 -21"><span class='ocrx_word' id='word_1_458' title='bbox 273 3809 452 3856; x_wconf 88' lang='grc' dir='ltr'>Ταῦτα</span> <span class='ocrx_word' id='word_1_459' title='bbox 488 3835 539 3844; x_wconf 86' lang='grc'><strong><em>-</em></strong></span> <span class='ocrx_word' id='word_1_460' title='bbox 569 3800 980 3876; x_wconf 83' lang='grc' dir='ltr'>ἀποσυνάγωγος</span> <span class='ocrx_word' id='word_1_461' title='bbox 1004 3823 1238 3875; x_wconf 84' lang='grc' dir='ltr'>γενηται.</span> <span class='ocrx_word' id='word_1_462' title='bbox 1271 3805 1636 3870; x_wconf 87' lang='grc' dir='ltr'>Συνετέθειντο,</span> <span class='ocrx_word' id='word_1_463' title='bbox 1691 3807 1809 3862; x_wconf 82' lang='grc' dir='ltr'>ἤτοι</span> <span class='ocrx_word' id='word_1_464' title='bbox 1873 3842 1880 3848; x_wconf 65' lang='grc' dir='ltr'><strong><em>υ</em></strong></span> 
     </span>
    </p>
   </div>
   <div class='ocr_carea' id='block_1_68' title="bbox 209 3890 1810 3967">
    <p class='ocr_par' dir='ltr' id='par_1_68' title="bbox 209 3890 1810 3967">
     <span class='ocr_line' id='line_1_68' title="bbox 209 3890 1810 3967; baseline 0 -21"><span class='ocrx_word' id='word_1_465' title='bbox 209 3898 593 3966; x_wconf 77' lang='grc' dir='ltr'>συνεφώνησαν.</span> <span class='ocrx_word' id='word_1_466' title='bbox 655 3893 1095 3966; x_wconf 85' lang='grc' dir='ltr'>Ἀποσυνάγωγος</span> <span class='ocrx_word' id='word_1_467' title='bbox 1139 3890 1198 3946; x_wconf 75' lang='grc' dir='ltr'><strong>δε</strong></span> <span class='ocrx_word' id='word_1_468' title='bbox 1245 3895 1270 3945; x_wconf 88' lang='grc' dir='ltr'><strong><em>ὁ</em></strong></span> <span class='ocrx_word' id='word_1_469' title='bbox 1324 3891 1688 3967; x_wconf 77' lang='grc' dir='ltr'>ἐκϐεϐλημένος</span> <span class='ocrx_word' id='word_1_470' title='bbox 1718 3902 1810 3955; x_wconf 80' lang='grc' dir='ltr'>τῆς</span> 
     </span>
    </p>
   </div>
   <div class='ocr_carea' id='block_1_69' title="bbox 207 3991 534 4055">
    <p class='ocr_par' dir='ltr' id='par_1_69' title="bbox 207 3991 534 4055">
     <span class='ocr_line' id='line_1_69' title="bbox 207 3991 534 4055; baseline 0.006 -19"><span class='ocrx_word' id='word_1_471' title='bbox 207 3991 534 4055; x_wconf 78' lang='grc' dir='ltr'>συναγωγῆς.</span> 
     </span>
    </p>
   </div>
   <div class='ocr_carea' id='block_1_70' title="bbox 278 4071 1810 4147">
    <p class='ocr_par' dir='ltr' id='par_1_70' title="bbox 278 4071 1810 4147">
     <span class='ocr_line' id='line_1_70' title="bbox 278 4071 1810 4147; baseline 0 -21"><span class='ocrx_word' id='word_1_472' title='bbox 278 4077 374 4126; x_wconf 80' lang='grc' dir='ltr'>Δια</span> <span class='ocrx_word' id='word_1_473' title='bbox 406 4106 464 4114; x_wconf 88' lang='lat'>—</span> <span class='ocrx_word' id='word_1_474' title='bbox 500 4072 813 4147; x_wconf 73' lang='grc' dir='ltr'>ἐρωτήσατε.</span> <span class='ocrx_word' id='word_1_475' title='bbox 847 4077 917 4127; x_wconf 88' lang='lat' dir='ltr'><em>T6</em></span> <span class='ocrx_word' id='word_1_476' title='bbox 949 4073 1071 4126; x_wconf 71' lang='grc' dir='ltr'>αὐτὸ</span> <span class='ocrx_word' id='word_1_477' title='bbox 1103 4072 1254 4126; x_wconf 88' lang='grc' dir='ltr'>πάλιν</span> <span class='ocrx_word' id='word_1_478' title='bbox 1274 4073 1408 4146; x_wconf 83' lang='grc' dir='ltr'>λέγει</span> <span class='ocrx_word' id='word_1_479' title='bbox 1439 4075 1577 4146; x_wconf 72' lang='grc'>(94),</span> <span class='ocrx_word' id='word_1_480' title='bbox 1621 4071 1656 4127; x_wconf 84' lang='grc' dir='ltr'><strong>δ</strong></span> <span class='ocrx_word' id='word_1_481' title='bbox 1661 4076 1810 4126; x_wconf 69' lang='grc' dir='ltr'>ιασύσ</span> 
     </span>
    </p>
   </div>
   <div class='ocr_carea' id='block_1_71' title="bbox 205 4160 1811 4238">
    <p class='ocr_par' dir='ltr' id='par_1_71' title="bbox 205 4160 1811 4238">
     <span class='ocr_line' id='line_1_71' title="bbox 205 4160 1811 4238; baseline 0.001 -25"><span class='ocrx_word' id='word_1_482' title='bbox 205 4183 306 4238; x_wconf 89' lang='grc' dir='ltr'><strong>ρων</strong></span> <span class='ocrx_word' id='word_1_483' title='bbox 338 4163 526 4225; x_wconf 73' lang='grc' dir='ltr'>αὐτοὺς</span> <span class='ocrx_word' id='word_1_484' title='bbox 555 4164 670 4234; x_wconf 79' lang='lat'><strong>(95)</strong></span> <span class='ocrx_word' id='word_1_485' title='bbox 701 4166 770 4226; x_wconf 85' lang='grc' dir='ltr'>ὠς</span> <span class='ocrx_word' id='word_1_486' title='bbox 811 4160 1012 4225; x_wconf 81' lang='grc' dir='ltr'>δειλοὺς</span> <span class='ocrx_word' id='word_1_487' title='bbox 1041 4169 1131 4216; x_wconf 79' lang='grc' dir='ltr'>καὶ</span> <span class='ocrx_word' id='word_1_488' title='bbox 1162 4161 1256 4216; x_wconf 81' lang='grc' dir='ltr'>διὰ</span> <span class='ocrx_word' id='word_1_489' title='bbox 1279 4168 1337 4216; x_wconf 89' lang='grc' dir='ltr'><strong>τό</strong></span> <span class='ocrx_word' id='word_1_490' title='bbox 1369 4168 1440 4236; x_wconf 80' lang='grc' dir='ltr'>μὴ</span> <span class='ocrx_word' id='word_1_491' title='bbox 1469 4163 1811 4235; x_wconf 83' lang='grc' dir='ltr'>ἀποσυναγώ-</span> 
     </span>
    </p>
   </div>
   <div class='ocr_carea' id='block_1_72' title="bbox 205 4249 1811 4328">
    <p class='ocr_par' dir='ltr' id='par_1_72' title="bbox 205 4249 1811 4328">
     <span class='ocr_line' id='line_1_72' title="bbox 205 4249 1811 4328; baseline 0.001 -25"><span class='ocrx_word' id='word_1_492' title='bbox 205 4271 333 4323; x_wconf 86' lang='grc' dir='ltr'>γους</span> <span class='ocrx_word' id='word_1_493' title='bbox 355 4255 596 4323; x_wconf 82' lang='grc' dir='ltr'>γενέσθαι</span> <span class='ocrx_word' id='word_1_494' title='bbox 624 4257 1100 4328; x_wconf 85' lang='grc' dir='ltr'>προσποιουμένους</span> <span class='ocrx_word' id='word_1_495' title='bbox 1133 4256 1222 4326; x_wconf 77' lang='grc' dir='ltr'>μὲν</span> <span class='ocrx_word' id='word_1_496' title='bbox 1253 4251 1473 4324; x_wconf 87' lang='grc' dir='ltr'>ἀγνοεῖν,</span> <span class='ocrx_word' id='word_1_497' title='bbox 1507 4259 1578 4324; x_wconf 83' lang='grc' dir='ltr'>τῷ</span> <span class='ocrx_word' id='word_1_498' title='bbox 1623 4255 1719 4323; x_wconf 81' lang='grc' dir='ltr'><strong>υἱῷ</strong></span> <span class='ocrx_word' id='word_1_499' title='bbox 1752 4249 1811 4306; x_wconf 74' lang='grc' dir='ltr'><strong>δε</strong></span> 
     </span>
    </p>
   </div>
   <div class='ocr_carea' id='block_1_73' title="bbox 207 4341 1118 4418">
    <p class='ocr_par' dir='ltr' id='par_1_73' title="bbox 207 4341 1118 4418">
     <span class='ocr_line' id='line_1_73' title="bbox 207 4341 1118 4418; baseline 0.001 -24"><span class='ocrx_word' id='word_1_500' title='bbox 207 4346 296 4394; x_wconf 89' lang='grc' dir='ltr'>τὸν</span> <span class='ocrx_word' id='word_1_501' title='bbox 327 4349 502 4414; x_wconf 79' lang='grc' dir='ltr'>ἀγῶνα</span> <span class='ocrx_word' id='word_1_502' title='bbox 532 4342 644 4396; x_wconf 85' lang='grc' dir='ltr'>ὅλον</span> <span class='ocrx_word' id='word_1_503' title='bbox 672 4341 1118 4418; x_wconf 73' lang='grc' dir='ltr'>ἐπιφορτίζοντας.</span> 
     </span>
    </p>
   </div>
   <div class='ocr_carea' id='block_1_74' title="bbox 281 4520 1811 4595">
    <p class='ocr_par' dir='ltr' id='par_1_74' title="bbox 281 4520 1811 4595">
     <span class='ocr_line' id='line_1_74' title="bbox 281 4520 1811 4595; baseline -0.001 -20"><span class='ocrx_word' id='word_1_504' title='bbox 281 4521 579 4595; x_wconf 76' lang='grc' dir='ltr'>Ἐφώνησαν</span> <span class='ocrx_word' id='word_1_505' title='bbox 611 4553 665 4563; x_wconf 90' lang='grc'><strong>-</strong></span> <span class='ocrx_word' id='word_1_506' title='bbox 706 4528 840 4593; x_wconf 84' lang='grc' dir='ltr'><strong>Θεῷ.</strong></span> <span class='ocrx_word' id='word_1_507' title='bbox 870 4521 1095 4585; x_wconf 82' lang='grc' dir='ltr'>Δόξασον</span> <span class='ocrx_word' id='word_1_508' title='bbox 1117 4524 1202 4575; x_wconf 87' lang='grc' dir='ltr'>τὸν</span> <span class='ocrx_word' id='word_1_509' title='bbox 1225 4523 1375 4592; x_wconf 85' lang='grc' dir='ltr'>Θεὸν,</span> <span class='ocrx_word' id='word_1_510' title='bbox 1403 4523 1472 4583; x_wconf 84' lang='grc' dir='ltr'>ὡς</span> <span class='ocrx_word' id='word_1_511' title='bbox 1501 4520 1624 4595; x_wconf 87' lang='grc' dir='ltr'>παρ’</span> <span class='ocrx_word' id='word_1_512' title='bbox 1650 4521 1811 4574; x_wconf 80' lang='grc' dir='ltr'>αὐτοῦ</span> 
     </span>
    </p>
   </div>
   <div class='ocr_carea' id='block_1_75' title="bbox 211 4611 1140 4686">
    <p class='ocr_par' dir='ltr' id='par_1_75' title="bbox 211 4611 1140 4686">
     <span class='ocr_line' id='line_1_75' title="bbox 211 4611 1140 4686; baseline 0.002 -23"><span class='ocrx_word' id='word_1_513' title='bbox 211 4611 393 4676; x_wconf 77' lang='grc' dir='ltr'>ἰαθεὶς,</span> <span class='ocrx_word' id='word_1_514' title='bbox 426 4616 515 4663; x_wconf 84' lang='grc' dir='ltr'>καὶ</span> <span class='ocrx_word' id='word_1_515' title='bbox 553 4615 624 4683; x_wconf 84' lang='grc' dir='ltr'>μὴ</span> <span class='ocrx_word' id='word_1_516' title='bbox 654 4614 798 4686; x_wconf 82' lang='grc' dir='ltr'>παρὰ</span> <span class='ocrx_word' id='word_1_517' title='bbox 821 4618 912 4664; x_wconf 90' lang='grc' dir='ltr'><strong>τοῦ</strong></span> <span class='ocrx_word' id='word_1_518' title='bbox 945 4612 1140 4669; x_wconf 87' lang='grc' dir='ltr'>Ἰησοῦ.</span> 
     </span>
    </p>
   </div>
   <div class='ocr_carea' id='block_1_76' title="bbox 275 4699 1806 4774">
    <p class='ocr_par' dir='ltr' id='par_1_76' title="bbox 275 4699 1806 4774">
     <span class='ocr_line' id='line_1_76' title="bbox 275 4699 1806 4774; baseline 0.001 -20"><span class='ocrx_word' id='word_1_519' title='bbox 275 4701 447 4774; x_wconf 81' lang='grc' dir='ltr'>Ἡμεῖς</span> <span class='ocrx_word' id='word_1_520' title='bbox 505 4733 572 4742; x_wconf 92' lang='grc'><strong>-</strong></span> <span class='ocrx_word' id='word_1_521' title='bbox 628 4699 788 4755; x_wconf 78' lang='grc' dir='ltr'>ἐστιν.</span> <span class='ocrx_word' id='word_1_522' title='bbox 847 4700 1089 4761; x_wconf 84' lang='grc' dir='ltr'>Ἀπόντος</span> <span class='ocrx_word' id='word_1_523' title='bbox 1145 4709 1297 4754; x_wconf 83' lang='grc' dir='ltr'>τοῦτο</span> <span class='ocrx_word' id='word_1_524' title='bbox 1352 4700 1540 4773; x_wconf 78' lang='grc' dir='ltr'>λέγετε,</span> <span class='ocrx_word' id='word_1_525' title='bbox 1609 4705 1806 4774; x_wconf 75' lang='grc' dir='ltr'>μιαροὶ.</span> 
     </span>
    </p>
   </div>
   <div class='ocr_carea' id='block_1_77' title="bbox 210 4790 1811 4866">
    <p class='ocr_par' dir='ltr' id='par_1_77' title="bbox 210 4790 1811 4866">
     <span class='ocr_line' id='line_1_77' title="bbox 210 4790 1811 4866; baseline -0.001 -20"><span class='ocrx_word' id='word_1_526' title='bbox 210 4797 470 4866; x_wconf 87' lang='grc' dir='ltr'>Παρόντος</span> <span class='ocrx_word' id='word_1_527' title='bbox 515 4795 639 4864; x_wconf 83' lang='grc' dir='ltr'>γὰρ,</span> <span class='ocrx_word' id='word_1_528' title='bbox 699 4795 788 4844; x_wconf 82' lang='grc' dir='ltr'>καὶ</span> <span class='ocrx_word' id='word_1_529' title='bbox 837 4790 1192 4865; x_wconf 78' lang='grc' dir='ltr'>ἐρωτήσαντος</span> <span class='ocrx_word' id='word_1_530' title='bbox 1252 4793 1383 4865; x_wconf 78' lang='grc' dir='ltr'>ὑμᾶς</span> <span class='ocrx_word' id='word_1_531' title='bbox 1435 4794 1670 4864; x_wconf 77' lang='grc' dir='ltr'>ἔναγχος,</span> <span class='ocrx_word' id='word_1_532' title='bbox 1727 4797 1811 4853; x_wconf 89' lang='grc' dir='ltr'>Τίς</span> 
     </span>
    </p>
   </div>
   <div class='ocr_carea' id='block_1_78' title="bbox 209 4877 1810 4957">
    <p class='ocr_par' dir='ltr' id='par_1_78' title="bbox 209 4877 1810 4957">
     <span class='ocr_line' id='line_1_78' title="bbox 209 4877 1810 4957; baseline -0.001 -22"><span class='ocrx_word' id='word_1_533' title='bbox 209 4882 264 4947; x_wconf 75' lang='grc' dir='ltr'><strong>ἐξ</strong></span> <span class='ocrx_word' id='word_1_534' title='bbox 305 4884 446 4956; x_wconf 84' lang='grc' dir='ltr'>ὑμῶν</span> <span class='ocrx_word' id='word_1_535' title='bbox 494 4881 696 4954; x_wconf 73' lang='grc' dir='ltr'>ἐλέγχει</span> <span class='ocrx_word' id='word_1_536' title='bbox 726 4899 789 4954; x_wconf 78' lang='grc' dir='ltr'><strong>με</strong></span> <span class='ocrx_word' id='word_1_537' title='bbox 831 4885 945 4957; x_wconf 75' lang='grc' dir='ltr'>περὶ</span> <span class='ocrx_word' id='word_1_538' title='bbox 993 4879 1253 4956; x_wconf 79' lang='grc' dir='ltr'>ἁμαρτίας</span> <span class='ocrx_word' id='word_1_539' title='bbox 1291 4897 1306 4911; x_wconf 79' lang='grc'><em>³</em></span> <span class='ocrx_word' id='word_1_540' title='bbox 1368 4881 1463 4934; x_wconf 81' lang='grc' dir='ltr'>οὐκ</span> <span class='ocrx_word' id='word_1_541' title='bbox 1511 4877 1810 4941; x_wconf 75' lang='grc' dir='ltr'>ἠδυνήθητε</span> 
     </span>
    </p>
   </div>
   <div class='ocr_carea' id='block_1_79' title="bbox 282 5087 768 5156">
    <p class='ocr_par' dir='ltr' id='par_1_79' title="bbox 282 5087 768 5156">
     <span class='ocr_line' id='line_1_79' title="bbox 282 5087 768 5156; baseline -0.002 -12"><span class='ocrx_word' id='word_1_542' title='bbox 282 5087 329 5124; x_wconf 82' lang='grc'><strong>⁸⁸</strong></span> <span class='ocrx_word' id='word_1_543' title='bbox 347 5087 551 5145; x_wconf 79' lang='lat' dir='ltr'><strong>Matth.</strong></span> <span class='ocrx_word' id='word_1_544' title='bbox 590 5103 648 5156; x_wconf 88' lang='lat' dir='ltr'><strong>x,</strong></span> <span class='ocrx_word' id='word_1_545' title='bbox 677 5091 768 5145; x_wconf 77' lang='grc'><strong>34.</strong></span> 
     </span>
    </p>
   </div>
   <div class='ocr_carea' id='block_1_80' title="bbox 1921 3263 3576 3342">
    <p class='ocr_par' dir='ltr' id='par_1_80' title="bbox 1921 3263 3576 3342">
     <span class='ocr_line' id='line_1_80' title="bbox 1921 3263 3576 3342; baseline 0.008 -24"><span class='ocrx_word' id='word_1_546' title='bbox 1921 3263 2238 3331; x_wconf 85' lang='lat' dir='ltr'><strong>Quomodo</strong></span> <span class='ocrx_word' id='word_1_547' title='bbox 2277 3275 2476 3324; x_wconf 89' lang='lat' dir='ltr'><strong>autem</strong></span> <span class='ocrx_word' id='word_1_548' title='bbox 2517 3286 2672 3326; x_wconf 89' lang='lat' dir='ltr'><strong>nunc</strong></span> <span class='ocrx_word' id='word_1_549' title='bbox 2720 3272 2940 3336; x_wconf 88' lang='lat' dir='ltr'><strong>videat,</strong></span> <span class='ocrx_word' id='word_1_550' title='bbox 2967 3272 3242 3342; x_wconf 86' lang='lat' dir='ltr'><strong>ignorare</strong></span> <span class='ocrx_word' id='word_1_551' title='bbox 3263 3289 3324 3330; x_wconf 85' lang='lat' dir='ltr'><strong>se</strong></span> <span class='ocrx_word' id='word_1_552' title='bbox 3353 3275 3576 3340; x_wconf 88' lang='lat' dir='ltr'><strong>dicunt,</strong></span> 
     </span>
    </p>
   </div>
   <div class='ocr_carea' id='block_1_81' title="bbox 1919 3355 3576 3433">
    <p class='ocr_par' dir='ltr' id='par_1_81' title="bbox 1919 3355 3576 3433">
     <span class='ocr_line' id='line_1_81' title="bbox 1919 3355 3576 3433; baseline 0.008 -26"><span class='ocrx_word' id='word_1_553' title='bbox 1919 3355 2192 3409; x_wconf 88' lang='lat' dir='ltr'><strong>timentes</strong></span> <span class='ocrx_word' id='word_1_554' title='bbox 2222 3356 2477 3422; x_wconf 71' lang='lat' dir='ltr'><strong>Judaeos,</strong></span> <span class='ocrx_word' id='word_1_555' title='bbox 2508 3358 2658 3413; x_wconf 88' lang='lat' dir='ltr'><strong>sicut</strong></span> <span class='ocrx_word' id='word_1_556' title='bbox 2695 3360 2753 3414; x_wconf 91' lang='lat' dir='ltr'><strong>in</strong></span> <span class='ocrx_word' id='word_1_557' title='bbox 2786 3376 3109 3431; x_wconf 87' lang='lat' dir='ltr'><strong>progressu</strong></span> <span class='ocrx_word' id='word_1_558' title='bbox 3141 3363 3576 3433; x_wconf 79' lang='lat' dir='ltr'><strong>manifestatur,</strong></span> 
     </span>
    </p>
   </div>
   <div class='ocr_carea' id='block_1_82' title="bbox 1989 3443 3579 3524">
    <p class='ocr_par' dir='ltr' id='par_1_82' title="bbox 1989 3443 3579 3524">
     <span class='ocr_line' id='line_1_82' title="bbox 1989 3443 3579 3524; baseline 0.008 -27"><span class='ocrx_word' id='word_1_559' title='bbox 1989 3443 2152 3498; x_wconf 82' lang='lat' dir='ltr'><strong>Vers.</strong></span> <span class='ocrx_word' id='word_1_560' title='bbox 2184 3447 2275 3501; x_wconf 77' lang='lat' dir='ltr'><strong>2t.</strong></span> <span class='ocrx_word' id='word_1_561' title='bbox 2315 3444 2526 3515; x_wconf 86' lang='lat' dir='ltr'><strong>Ipse—</strong></span> <span class='ocrx_word' id='word_1_562' title='bbox 2554 3449 2848 3519; x_wconf 79' lang='lat' dir='ltr'><strong>loquetur.</strong></span> <span class='ocrx_word' id='word_1_563' title='bbox 2884 3452 3024 3507; x_wconf 89' lang='lat' dir='ltr'><strong>Sese</strong></span> <span class='ocrx_word' id='word_1_564' title='bbox 3055 3458 3218 3508; x_wconf 84' lang='lat' dir='ltr'><strong>extra</strong></span> <span class='ocrx_word' id='word_1_565' title='bbox 3248 3452 3579 3524; x_wconf 88' lang='lat' dir='ltr'><strong>periculum</strong></span> 
     </span>
    </p>
   </div>
   <div class='ocr_carea' id='block_1_83' title="bbox 1916 3532 3581 3614">
    <p class='ocr_par' dir='ltr' id='par_1_83' title="bbox 1916 3532 3581 3614">
     <span class='ocr_line' id='line_1_83' title="bbox 1916 3532 3581 3614; baseline 0.007 -27"><span class='ocrx_word' id='word_1_566' title='bbox 1916 3532 2364 3602; x_wconf 88' lang='lat' dir='ltr'><strong>constituentes,</strong></span> <span class='ocrx_word' id='word_1_567' title='bbox 2386 3535 2465 3592; x_wconf 92' lang='lat' dir='ltr'><strong>ad</strong></span> <span class='ocrx_word' id='word_1_568' title='bbox 2488 3552 2623 3592; x_wconf 92' lang='lat' dir='ltr'><strong>eum</strong></span> <span class='ocrx_word' id='word_1_569' title='bbox 2639 3539 2743 3611; x_wconf 91' lang='lat' dir='ltr'><strong>qui</strong></span> <span class='ocrx_word' id='word_1_570' title='bbox 2764 3544 3004 3596; x_wconf 89' lang='lat' dir='ltr'><strong>curatus</strong></span> <span class='ocrx_word' id='word_1_571' title='bbox 3020 3546 3146 3597; x_wconf 85' lang='lat' dir='ltr'><strong>erat</strong></span> <span class='ocrx_word' id='word_1_572' title='bbox 3174 3543 3581 3614; x_wconf 87' lang='lat' dir='ltr'><strong>interrogatio-</strong></span> 
     </span>
    </p>
   </div>
   <div class='ocr_carea' id='block_1_84' title="bbox 1916 3624 3580 3703">
    <p class='ocr_par' dir='ltr' id='par_1_84' title="bbox 1916 3624 3580 3703">
     <span class='ocr_line' id='line_1_84' title="bbox 1916 3624 3580 3703; baseline 0.007 -27"><span class='ocrx_word' id='word_1_573' title='bbox 1916 3636 2055 3677; x_wconf 90' lang='lat' dir='ltr'><strong>nem</strong></span> <span class='ocrx_word' id='word_1_574' title='bbox 2094 3624 2419 3692; x_wconf 88' lang='lat' dir='ltr'><strong>remittunt,</strong></span> <span class='ocrx_word' id='word_1_575' title='bbox 2458 3631 2519 3683; x_wconf 92' lang='lat' dir='ltr'><strong>ut</strong></span> <span class='ocrx_word' id='word_1_576' title='bbox 2547 3627 2651 3699; x_wconf 88' lang='lat' dir='ltr'><strong>qui</strong></span> <span class='ocrx_word' id='word_1_577' title='bbox 2691 3628 2751 3684; x_wconf 91' lang='lat' dir='ltr'><strong>in</strong></span> <span class='ocrx_word' id='word_1_578' title='bbox 2781 3629 3076 3700; x_wconf 85' lang='lat' dir='ltr'><strong>ejusmodi</strong></span> <span class='ocrx_word' id='word_1_579' title='bbox 3103 3630 3435 3703; x_wconf 61' lang='lat' dir='ltr'><strong>quastione</strong></span> <span class='ocrx_word' id='word_1_580' title='bbox 3465 3630 3580 3690; x_wconf 84' lang='lat' dir='ltr'><strong>ﬁde</strong></span> 
     </span>
    </p>
   </div>
   <div class='ocr_carea' id='block_1_85' title="bbox 1915 3711 2477 3782">
    <p class='ocr_par' dir='ltr' id='par_1_85' title="bbox 1915 3711 2477 3782">
     <span class='ocr_line' id='line_1_85' title="bbox 1915 3711 2477 3782; baseline 0.007 -15"><span class='ocrx_word' id='word_1_581' title='bbox 1915 3711 2153 3782; x_wconf 86' lang='lat' dir='ltr'><strong>dignior</strong></span> <span class='ocrx_word' id='word_1_582' title='bbox 2181 3713 2267 3769; x_wconf 91' lang='lat' dir='ltr'><strong>eis</strong></span> <span class='ocrx_word' id='word_1_583' title='bbox 2296 3720 2477 3771; x_wconf 89' lang='lat' dir='ltr'><strong>esset.</strong></span> 
     </span>
    </p>
   </div>
   <div class='ocr_carea' id='block_1_86' title="bbox 1989 3803 3576 3883">
    <p class='ocr_par' dir='ltr' id='par_1_86' title="bbox 1989 3803 3576 3883">
     <span class='ocr_line' id='line_1_86' title="bbox 1989 3803 3576 3883; baseline 0.006 -26"><span class='ocrx_word' id='word_1_584' title='bbox 1989 3803 2153 3859; x_wconf 87' lang='lat' dir='ltr'><strong>Vers.</strong></span> <span class='ocrx_word' id='word_1_585' title='bbox 2185 3805 2274 3859; x_wconf 80' lang='grc'><strong>22.</strong></span> <span class='ocrx_word' id='word_1_586' title='bbox 2308 3806 2453 3862; x_wconf 63' lang='lat' dir='ltr'><strong>Haec</strong></span> <span class='ocrx_word' id='word_1_587' title='bbox 2491 3837 2560 3848; x_wconf 93' lang='lat'><strong>—</strong></span> <span class='ocrx_word' id='word_1_588' title='bbox 2606 3813 2783 3865; x_wconf 75' lang='lat' dir='ltr'><strong>extra</strong></span> <span class='ocrx_word' id='word_1_589' title='bbox 2831 3823 3200 3881; x_wconf 83' lang='lat' dir='ltr'><strong>synagogam</strong></span> <span class='ocrx_word' id='word_1_590' title='bbox 3240 3812 3576 3883; x_wconf 81' lang='lat' dir='ltr'><strong>eiiceretur.</strong></span> 
     </span>
    </p>
   </div>
   <div class='ocr_carea' id='block_1_87' title="bbox 1919 3890 3043 3969">
    <p class='ocr_par' dir='ltr' id='par_1_87' title="bbox 1919 3890 3043 3969">
     <span class='ocr_line' id='line_1_87' title="bbox 1919 3890 3043 3969; baseline 0.006 -22"><span class='ocrx_word' id='word_1_591' title='bbox 1919 3890 2444 3966; x_wconf 87' lang='lat' dir='ltr'><strong>Conspiraverant,</strong></span> <span class='ocrx_word' id='word_1_592' title='bbox 2485 3901 2732 3969; x_wconf 87' lang='lat' dir='ltr'><strong>pactum</strong></span> <span class='ocrx_word' id='word_1_593' title='bbox 2764 3897 3043 3957; x_wconf 84' lang='lat' dir='ltr'><strong>fecerant.</strong></span> 
     </span>
    </p>
   </div>
   <div class='ocr_carea' id='block_1_88' title="bbox 2000 4074 3582 4147">
    <p class='ocr_par' dir='ltr' id='par_1_88' title="bbox 2000 4074 3582 4147">
     <span class='ocr_line' id='line_1_88' title="bbox 2000 4074 3582 4147; baseline 0.006 -20"><span class='ocrx_word' id='word_1_594' title='bbox 2000 4074 2156 4130; x_wconf 87' lang='lat' dir='ltr'><strong>Vers.</strong></span> <span class='ocrx_word' id='word_1_595' title='bbox 2199 4077 2287 4129; x_wconf 80' lang='lat'><strong>23.</strong></span> <span class='ocrx_word' id='word_1_596' title='bbox 2321 4075 2580 4144; x_wconf 81' lang='lat' dir='ltr'><strong>PrOpter</strong></span> <span class='ocrx_word' id='word_1_597' title='bbox 2625 4107 2694 4118; x_wconf 89' lang='lat'><strong><em>—</em></strong></span> <span class='ocrx_word' id='word_1_598' title='bbox 2719 4077 3111 4147; x_wconf 81' lang='lat' dir='ltr'><strong>interrogate.</strong></span> <span class='ocrx_word' id='word_1_599' title='bbox 3171 4080 3394 4134; x_wconf 84' lang='lat' dir='ltr'><strong>Rursus</strong></span> <span class='ocrx_word' id='word_1_600' title='bbox 3418 4077 3582 4136; x_wconf 91' lang='lat' dir='ltr'><strong>idem</strong></span> 
     </span>
    </p>
   </div>
   <div class='ocr_carea' id='block_1_89' title="bbox 1921 4165 3579 4240">
    <p class='ocr_par' dir='ltr' id='par_1_89' title="bbox 1921 4165 3579 4240">
     <span class='ocr_line' id='line_1_89' title="bbox 1921 4165 3579 4240; baseline 0.002 -19"><span class='ocrx_word' id='word_1_601' title='bbox 1921 4166 2079 4236; x_wconf 88' lang='lat' dir='ltr'><strong>dicit,</strong></span> <span class='ocrx_word' id='word_1_602' title='bbox 2115 4165 2522 4236; x_wconf 86' lang='lat' dir='ltr'><strong>perstringens</strong></span> <span class='ocrx_word' id='word_1_603' title='bbox 2569 4165 2700 4220; x_wconf 88' lang='lat' dir='ltr'><strong>illos</strong></span> <span class='ocrx_word' id='word_1_604' title='bbox 2753 4169 3043 4238; x_wconf 88' lang='lat' dir='ltr'><strong>tanquam</strong></span> <span class='ocrx_word' id='word_1_605' title='bbox 3100 4167 3362 4232; x_wconf 89' lang='lat' dir='ltr'><strong>timidos,</strong></span> <span class='ocrx_word' id='word_1_606' title='bbox 3396 4172 3451 4222; x_wconf 92' lang='lat' dir='ltr'><strong>et</strong></span> <span class='ocrx_word' id='word_1_607' title='bbox 3475 4167 3579 4240; x_wconf 88' lang='lat' dir='ltr'><strong>qui</strong></span> 
     </span>
    </p>
   </div>
   <div class='ocr_carea' id='block_1_90' title="bbox 1919 4253 3583 4326">
    <p class='ocr_par' dir='ltr' id='par_1_90' title="bbox 1919 4253 3583 4326">
     <span class='ocr_line' id='line_1_90' title="bbox 1919 4253 3583 4326; baseline 0.001 -16"><span class='ocrx_word' id='word_1_608' title='bbox 1919 4255 2197 4324; x_wconf 87' lang='lat' dir='ltr'><strong>ignorare</strong></span> <span class='ocrx_word' id='word_1_609' title='bbox 2211 4269 2275 4309; x_wconf 91' lang='lat' dir='ltr'><strong>se</strong></span> <span class='ocrx_word' id='word_1_610' title='bbox 2301 4253 2742 4319; x_wconf 87' lang='lat' dir='ltr'><strong>simulaverant,</strong></span> <span class='ocrx_word' id='word_1_611' title='bbox 2760 4269 2832 4310; x_wconf 88' lang='lat' dir='ltr'><strong>ne</strong></span> <span class='ocrx_word' id='word_1_612' title='bbox 2846 4260 3013 4310; x_wconf 84' lang='lat' dir='ltr'><strong>extra</strong></span> <span class='ocrx_word' id='word_1_613' title='bbox 3029 4269 3425 4326; x_wconf 85' lang='lat' dir='ltr'><strong>synagogam,</strong></span> <span class='ocrx_word' id='word_1_614' title='bbox 3456 4256 3583 4313; x_wconf 82' lang='lat' dir='ltr'><strong>sive</strong></span> 
     </span>
    </p>
   </div>
   <div class='ocr_carea' id='block_1_91' title="bbox 1921 4342 3584 4414">
    <p class='ocr_par' dir='ltr' id='par_1_91' title="bbox 1921 4342 3584 4414">
     <span class='ocr_line' id='line_1_91' title="bbox 1921 4342 3584 4414; baseline 0.002 -15"><span class='ocrx_word' id='word_1_615' title='bbox 1921 4343 2446 4412; x_wconf 83' lang='lat' dir='ltr'><strong>congregationem</strong></span> <span class='ocrx_word' id='word_1_616' title='bbox 2472 4343 2854 4414; x_wconf 88' lang='lat' dir='ltr'><strong>ejicerentur:</strong></span> <span class='ocrx_word' id='word_1_617' title='bbox 2887 4342 3008 4398; x_wconf 86' lang='lat' dir='ltr'><strong>ﬁlio</strong></span> <span class='ocrx_word' id='word_1_618' title='bbox 3034 4347 3237 4399; x_wconf 89' lang='lat' dir='ltr'><strong>autem</strong></span> <span class='ocrx_word' id='word_1_619' title='bbox 3260 4344 3436 4400; x_wconf 90' lang='lat' dir='ltr'><strong>totius</strong></span> <span class='ocrx_word' id='word_1_620' title='bbox 3463 4360 3584 4402; x_wconf 82' lang='lat' dir='ltr'><strong>cer-</strong></span> 
     </span>
    </p>
   </div>
   <div class='ocr_carea' id='block_1_92' title="bbox 1919 4431 2804 4503">
    <p class='ocr_par' dir='ltr' id='par_1_92' title="bbox 1919 4431 2804 4503">
     <span class='ocr_line' id='line_1_92' title="bbox 1919 4431 2804 4503; baseline -0.003 -14"><span class='ocrx_word' id='word_1_621' title='bbox 1919 4431 2162 4489; x_wconf 87' lang='lat' dir='ltr'><strong>taminis</strong></span> <span class='ocrx_word' id='word_1_622' title='bbox 2192 4446 2344 4487; x_wconf 90' lang='lat' dir='ltr'><strong>onus</strong></span> <span class='ocrx_word' id='word_1_623' title='bbox 2373 4431 2804 4503; x_wconf 86' lang='lat' dir='ltr'><strong>imposuerant.</strong></span> 
     </span>
    </p>
   </div>
   <div class='ocr_carea' id='block_1_93' title="bbox 1990 4520 3581 4591">
    <p class='ocr_par' dir='ltr' id='par_1_93' title="bbox 1990 4520 3581 4591">
     <span class='ocr_line' id='line_1_93' title="bbox 1990 4520 3581 4591; baseline 0.004 -17"><span class='ocrx_word' id='word_1_624' title='bbox 1990 4522 2157 4577; x_wconf 89' lang='lat' dir='ltr'><strong>Vers.</strong></span> <span class='ocrx_word' id='word_1_625' title='bbox 2212 4520 2300 4576; x_wconf 72' lang='lat'><strong>24.</strong></span> <span class='ocrx_word' id='word_1_626' title='bbox 2365 4521 2735 4578; x_wconf 88' lang='lat' dir='ltr'><strong>Vocaverunt</strong></span> <span class='ocrx_word' id='word_1_627' title='bbox 2785 4552 2850 4563; x_wconf 95' lang='lat'>—</span> <span class='ocrx_word' id='word_1_628' title='bbox 2889 4521 3028 4578; x_wconf 90' lang='lat' dir='ltr'><strong>Deo.</strong></span> <span class='ocrx_word' id='word_1_629' title='bbox 3062 4521 3337 4580; x_wconf 84' lang='lat' dir='ltr'><strong>Gloriﬁca</strong></span> <span class='ocrx_word' id='word_1_630' title='bbox 3375 4525 3581 4591; x_wconf 89' lang='lat' dir='ltr'><strong>Deum,</strong></span> 
     </span>
    </p>
   </div>
   <div class='ocr_carea' id='block_1_94' title="bbox 1842 4591 3126 4682">
    <p class='ocr_par' dir='ltr' id='par_1_94' title="bbox 1842 4591 3126 4682">
     <span class='ocr_line' id='line_1_94' title="bbox 1842 4591 3126 4682; baseline -0.002 -15"><span class='ocrx_word' id='word_1_631' title='bbox 1842 4591 1887 4646; x_wconf 81' lang='grc' dir='ltr'><strong>Ῑ)</strong></span> <span class='ocrx_word' id='word_1_632' title='bbox 1921 4614 2118 4682; x_wconf 90' lang='lat' dir='ltr'><strong>utpote</strong></span> <span class='ocrx_word' id='word_1_633' title='bbox 2149 4609 2227 4666; x_wconf 92' lang='lat' dir='ltr'><strong>ab</strong></span> <span class='ocrx_word' id='word_1_634' title='bbox 2257 4626 2329 4666; x_wconf 91' lang='lat' dir='ltr'><strong>eo</strong></span> <span class='ocrx_word' id='word_1_635' title='bbox 2367 4615 2634 4675; x_wconf 90' lang='lat' dir='ltr'><strong>sanatus,</strong></span> <span class='ocrx_word' id='word_1_636' title='bbox 2662 4614 2718 4666; x_wconf 91' lang='lat' dir='ltr'><strong>et</strong></span> <span class='ocrx_word' id='word_1_637' title='bbox 2748 4626 2869 4666; x_wconf 92' lang='lat' dir='ltr'><strong>non</strong></span> <span class='ocrx_word' id='word_1_638' title='bbox 2902 4626 2937 4667; x_wconf 90' lang='lat' dir='ltr'><strong>a</strong></span> <span class='ocrx_word' id='word_1_639' title='bbox 2966 4612 3126 4667; x_wconf 76' lang='lat' dir='ltr'><strong>Iesu.</strong></span> 
     </span>
    </p>
   </div>
   <div class='ocr_carea' id='block_1_95' title="bbox 1990 4700 3582 4768">
    <p class='ocr_par' dir='ltr' id='par_1_95' title="bbox 1990 4700 3582 4768">
     <span class='ocr_line' id='line_1_95' title="bbox 1990 4700 3582 4768; baseline 0.003 -13"><span class='ocrx_word' id='word_1_640' title='bbox 1990 4702 2154 4758; x_wconf 88' lang='lat' dir='ltr'><strong>Vers.</strong></span> <span class='ocrx_word' id='word_1_641' title='bbox 2207 4701 2295 4755; x_wconf 75' lang='grc'><strong>24.</strong></span> <span class='ocrx_word' id='word_1_642' title='bbox 2355 4701 2475 4757; x_wconf 88' lang='lat' dir='ltr'><strong>Nos</strong></span> <span class='ocrx_word' id='word_1_643' title='bbox 2511 4731 2581 4741; x_wconf 90' lang='grc'><strong><em>--</em></strong></span> <span class='ocrx_word' id='word_1_644' title='bbox 2628 4706 2728 4756; x_wconf 87' lang='lat' dir='ltr'><strong>est.</strong></span> <span class='ocrx_word' id='word_1_645' title='bbox 2775 4700 3030 4756; x_wconf 81' lang='lat' dir='ltr'><strong>Absente</strong></span> <span class='ocrx_word' id='word_1_646' title='bbox 3060 4701 3160 4757; x_wconf 89' lang='lat' dir='ltr'><strong>illo</strong></span> <span class='ocrx_word' id='word_1_647' title='bbox 3199 4701 3314 4759; x_wconf 91' lang='lat' dir='ltr'><strong>hoc</strong></span> <span class='ocrx_word' id='word_1_648' title='bbox 3365 4701 3582 4768; x_wconf 87' lang='lat' dir='ltr'><strong>dicitis,</strong></span> 
     </span>
    </p>
   </div>
   <div class='ocr_carea' id='block_1_96' title="bbox 1921 4789 3585 4865">
    <p class='ocr_par' dir='ltr' id='par_1_96' title="bbox 1921 4789 3585 4865">
     <span class='ocr_line' id='line_1_96' title="bbox 1921 4789 3585 4865; baseline 0.002 -20"><span class='ocrx_word' id='word_1_649' title='bbox 1921 4789 2148 4846; x_wconf 89' lang='lat' dir='ltr'><strong>scelesti</strong></span> <span class='ocrx_word' id='word_1_650' title='bbox 2179 4805 2355 4856; x_wconf 90' lang='lat' dir='ltr'><strong>;nam</strong></span> <span class='ocrx_word' id='word_1_651' title='bbox 2385 4806 2524 4846; x_wconf 92' lang='lat' dir='ltr'><strong>cum</strong></span> <span class='ocrx_word' id='word_1_652' title='bbox 2555 4789 2648 4845; x_wconf 90' lang='lat' dir='ltr'><strong>ille</strong></span> <span class='ocrx_word' id='word_1_653' title='bbox 2681 4806 2950 4862; x_wconf 72' lang='lat' dir='ltr'><strong>praesens</strong></span> <span class='ocrx_word' id='word_1_654' title='bbox 2979 4796 3150 4857; x_wconf 89' lang='lat' dir='ltr'><strong>esset,</strong></span> <span class='ocrx_word' id='word_1_655' title='bbox 3175 4798 3232 4848; x_wconf 91' lang='lat' dir='ltr'><strong>et</strong></span> <span class='ocrx_word' id='word_1_656' title='bbox 3275 4807 3382 4849; x_wconf 89' lang='lat' dir='ltr'><strong>vos</strong></span> <span class='ocrx_word' id='word_1_657' title='bbox 3403 4792 3585 4865; x_wconf 85' lang='lat' dir='ltr'><strong>paulo</strong></span> 
     </span>
    </p>
   </div>
   <div class='ocr_carea' id='block_1_97' title="bbox 1923 4880 3588 4954">
    <p class='ocr_par' dir='ltr' id='par_1_97' title="bbox 1923 4880 3588 4954">
     <span class='ocr_line' id='line_1_97' title="bbox 1923 4880 3588 4954; baseline 0.002 -17"><span class='ocrx_word' id='word_1_658' title='bbox 1923 4881 2482 4951; x_wconf 85' lang='lat' dir='ltr'><strong>anteinterrogaret,</strong></span> <span class='ocrx_word' id='word_1_659' title='bbox 2509 4880 2648 4948; x_wconf 85' lang='lat' dir='ltr'><strong>Quis</strong></span> <span class='ocrx_word' id='word_1_660' title='bbox 2677 4895 2752 4938; x_wconf 74' lang='lat' dir='ltr'><strong>ex</strong></span> <span class='ocrx_word' id='word_1_661' title='bbox 2776 4880 2936 4937; x_wconf 83' lang='lat' dir='ltr'><strong>vobis</strong></span> <span class='ocrx_word' id='word_1_662' title='bbox 2959 4882 3164 4954; x_wconf 86' lang='lat' dir='ltr'><strong>arguit</strong></span> <span class='ocrx_word' id='word_1_663' title='bbox 3182 4897 3273 4939; x_wconf 89' lang='lat' dir='ltr'><strong>me</strong></span> <span class='ocrx_word' id='word_1_664' title='bbox 3296 4882 3370 4940; x_wconf 92' lang='lat' dir='ltr'><strong>de</strong></span> <span class='ocrx_word' id='word_1_665' title='bbox 3385 4898 3588 4954; x_wconf 81' lang='lat' dir='ltr'><strong>pecca-</strong></span> 
     </span>
    </p>
   </div>
   <div class='ocr_carea' id='block_1_98' title="bbox 1417 5293 2383 5370">
    <p class='ocr_par' dir='ltr' id='par_1_98' title="bbox 1417 5293 2383 5370">
     <span class='ocr_line' id='line_1_98' title="bbox 1417 5293 2383 5370; baseline 0 -6"><span class='ocrx_word' id='word_1_666' title='bbox 1417 5293 1646 5364; x_wconf 69' lang='lat' dir='ltr'><strong>Varias</strong></span> <span class='ocrx_word' id='word_1_667' title='bbox 1702 5293 2032 5370; x_wconf 78' lang='lat' dir='ltr'><strong>lectiones,</strong></span> <span class='ocrx_word' id='word_1_668' title='bbox 2068 5305 2140 5367; x_wconf 91' lang='lat' dir='ltr'><strong>et</strong></span> <span class='ocrx_word' id='word_1_669' title='bbox 2177 5304 2383 5368; x_wconf 60' lang='lat' dir='ltr'><strong>notas.</strong></span> 
     </span>
    </p>
   </div>
   <div class='ocr_carea' id='block_1_99' title="bbox 285 5485 784 5560">
    <p class='ocr_par' dir='ltr' id='par_1_99' title="bbox 285 5485 784 5560">
     <span class='ocr_line' id='line_1_99' title="bbox 285 5485 784 5560; baseline -0.004 -17"><span class='ocrx_word' id='word_1_670' title='bbox 285 5485 401 5560; x_wconf 13' lang='lat' dir='ltr'><strong>(93V)</strong></span> <span class='ocrx_word' id='word_1_671' title='bbox 439 5488 508 5540; x_wconf 85' lang='lat' dir='ltr'><em>T6</em></span> <span class='ocrx_word' id='word_1_672' title='bbox 551 5489 784 5560; x_wconf 82' lang='grc' dir='ltr'>σχίσμα.</span> 
     </span>
    </p>
   </div>
   <div class='ocr_carea' id='block_1_100' title="bbox 286 5559 1212 5633">
    <p class='ocr_par' dir='ltr' id='par_1_100' title="bbox 286 5559 1212 5633">
     <span class='ocr_line' id='line_1_100' title="bbox 286 5559 1212 5633; baseline 0.004 -19"><span class='ocrx_word' id='word_1_673' title='bbox 286 5559 400 5632; x_wconf 78' lang='grc'><strong>(94)</strong></span> <span class='ocrx_word' id='word_1_674' title='bbox 442 5559 726 5630; x_wconf 83' lang='lat' dir='ltr'><strong>Intellige,</strong></span> <span class='ocrx_word' id='word_1_675' title='bbox 757 5561 782 5612; x_wconf 87' lang='lat'><strong>6</strong></span> <span class='ocrx_word' id='word_1_676' title='bbox 822 5559 1212 5633; x_wconf 83' lang='grc' dir='ltr'>εῦαγγελιστής.</span> 
     </span>
    </p>
   </div>
   <div class='ocr_carea' id='block_1_101' title="bbox 287 5736 1817 5885">
    <p class='ocr_par' dir='ltr' id='par_1_101' title="bbox 287 5736 1817 5885">
     <span class='ocr_line' id='line_1_101' title="bbox 287 5736 1817 5885; baseline 0.007 -91"><span class='ocrx_word' id='word_1_677' title='bbox 287 5738 355 5885; x_wconf 35' lang='grc' dir='ltr'>ξι)</span> <span class='ocrx_word' id='word_1_678' title='bbox 393 5736 732 5798; x_wconf 76' lang='lat' dir='ltr'><strong>Pharisceis.</strong></span> <span class='ocrx_word' id='word_1_679' title='bbox 766 5737 1012 5798; x_wconf 86' lang='lat' dir='ltr'><strong>Videtur</strong></span> <span class='ocrx_word' id='word_1_680' title='bbox 1053 5756 1195 5814; x_wconf 88' lang='lat' dir='ltr'><strong>ergo</strong></span> <span class='ocrx_word' id='word_1_681' title='bbox 1225 5748 1530 5818; x_wconf 70' lang='grc' dir='ltr'>Φαρισαιων</span> <span class='ocrx_word' id='word_1_682' title='bbox 1573 5741 1817 5820; x_wconf 85' lang='lat' dir='ltr'><strong>legisse.</strong></span> 
     </span>
     <span class='ocr_line' id='line_1_102' title="bbox 315 5809 974 5885; baseline 0.002 -18"><span class='ocrx_word' id='word_1_683' title='bbox 315 5809 395 5885; x_wconf 87' lang='lat' dir='ltr'><strong>m)</strong></span> <span class='ocrx_word' id='word_1_684' title='bbox 435 5811 697 5885; x_wconf 57' lang='lat' dir='ltr'><strong>Equus.</strong></span> <span class='ocrx_word' id='word_1_685' title='bbox 740 5810 974 5870; x_wconf 84' lang='lat' dir='ltr'><strong>Gratus.</strong></span> 
     </span>
    </p>
   </div>
   <div class='ocr_carea' id='block_1_102' title="bbox 315 5809 974 5886">
    <p class='ocr_par' dir='ltr' id='par_1_102' title="bbox 315 5809 974 5886">
     <span class='ocr_line' id='line_1_103' title="bbox 315 5809 974 5886; baseline 0.002 -19"><span class='ocrx_word' id='word_1_686' title='bbox 315 5809 395 5886; x_wconf 84' lang='lat' dir='ltr'><strong>m)</strong></span> <span class='ocrx_word' id='word_1_687' title='bbox 435 5811 697 5885; x_wconf 57' lang='lat' dir='ltr'><strong>Equus.</strong></span> <span class='ocrx_word' id='word_1_688' title='bbox 740 5810 974 5870; x_wconf 84' lang='lat' dir='ltr'><strong>Gratus.</strong></span> 
     </span>
    </p>
   </div>
   <div class='ocr_carea' id='block_1_103' title="bbox 2005 5494 3000 5570">
    <p class='ocr_par' dir='ltr' id='par_1_103' title="bbox 2005 5494 3000 5570">
     <span class='ocr_line' id='line_1_104' title="bbox 2005 5494 3000 5570; baseline -0.003 -20"><span class='ocrx_word' id='word_1_689' title='bbox 2005 5494 2117 5568; x_wconf 80' lang='lat'><strong>(95)</strong></span> <span class='ocrx_word' id='word_1_690' title='bbox 2139 5497 2272 5557; x_wconf 86' lang='grc' dir='ltr'>Τοὺς</span> <span class='ocrx_word' id='word_1_691' title='bbox 2303 5499 2470 5567; x_wconf 85' lang='grc' dir='ltr'>γονεῖς</span> <span class='ocrx_word' id='word_1_692' title='bbox 2499 5499 2592 5549; x_wconf 88' lang='grc' dir='ltr'><strong>τοῦ</strong></span> <span class='ocrx_word' id='word_1_693' title='bbox 2620 5513 2744 5550; x_wconf 85' lang='grc' dir='ltr'>ποτε</span> <span class='ocrx_word' id='word_1_694' title='bbox 2780 5494 3000 5570; x_wconf 69' lang='grc' dir='ltr'>τυφλοῦ,</span> 
     </span>
    </p>
   </div>
   <div class='ocr_carea' id='block_1_104' title="bbox 3431 371 3629 436">
    <p class='ocr_par' dir='ltr' id='par_1_104' title="bbox 3431 371 3629 436">
     <span class='ocr_line' id='line_1_105' title="bbox 3431 371 3629 436; baseline 0.04 -8"><span class='ocrx_word' id='word_1_695' title='bbox 3431 371 3570 432; x_wconf 72' lang='grc'><strong>1314</strong></span> <span class='ocrx_word' id='word_1_696' title='bbox 3613 423 3629 436; x_wconf 93' lang='grc'><strong>.</strong></span> 
     </span>
    </p>
   </div>
  </div>
