4088 6436
662 357 797 420 1315

1988 352 2326 422 taurum”
2369 352 2697 422 ZiGABENt
3850 373 3942 432 1316

653 492 764 548 to“
785 490 898 546 ine
914 489 1124 546 mutire
1134 488 1383 562 quidem
1403 491 1694 561 potuistis,
1714 503 1866 548 orae
1886 490 2129 548 veritate
2150 491 2317 548 obtu-

2433 487 2559 545 οὐδε
2580 491 2771 566 γρύξαι
2797 495 2971 565 μόνον,
3002 491 3364 567 ἕμφραγίντων
3402 493 3519 566 ὑμῖν
3559 494 3666 568 (96)
3688 504 3775 551 τῶν
3801 505 3943 572 στομά-

652 587 783 638 rata
819 579 1132 636 habentes.

726 667 888 726 Vers.
921 672 1008 723 25.
1038 668 1358 737 Respondit
1387 699 1455 707 —
1486 669 1672 725 video.
1703 671 1827 724 Non
1856 667 2005 725 dixit
2045 671 2324 726 dubitan-

653 760 754 824 do,
787 761 877 814 An
917 765 1186 828 peccator
1214 759 1287 812 sit
1318 760 1529 826 nescio,
1587 758 1692 812 sed
1739 774 1934 828 nugas
1974 751 2322 829 hujusmodi

655 864 819 905 more
857 847 1186 904 dubitantis
1225 845 1536 918 repellens.
1566 848 1717 902 Nam
1747 848 1804 901 in
1837 862 2162 918 progressu
2194 863 2320 903 ma-

652 937 932 994 nifestius
952 936 1066 992 hoc
1096 936 1377 1003 ostendit,
1408 936 1614 991 dicens
1640 953 1656 990 :
1683 936 1909 992 Scimus
1936 937 2092 1008 quod
2114 953 2321 1007 pecca-

653 1033 807 1084 tores
837 1028 988 1083 Deus
1026 1042 1146 1081 non
1177 1025 1387 1081 audiat
1428 1027 1498 1078 9°.

725 1118 885 1173 Vers.
911 1119 996 1171 26.
1019 1115 1314 1171 Dixerunt
1335 1117 1611 1171 —ocutos
1641 1115 1667 1169 τ’
1694 1117 1838 1170 Cum
1859 1115 1937 1171 ab
1959 1115 2123 1170 omni
2149 1119 2316 1188 parte

653 1205 874 1278 repulsi
905 1209 1121 1269 essent,
1158 1220 1265 1260 nec
1303 1204 1639 1276 quidquam
1686 1220 1912 1267 eorum,
1951 1220 2086 1276 quae
2117 1204 2320 1260 volue-

653 1300 803 1362 rant,
838 1293 1172 1349 effecissent
1224 1309 1234 1348 :
1284 1309 1518 1348 rursum
1560 1293 1636 1349 ad
1694 1294 1956 1366 primum
2006 1294 2316 1365 quaasitum

653 1389 1027 1442 revertuntur
1059 1400 1072 1437 :
1103 1383 1236 1439 ideo
1266 1383 1441 1438 etiam
1474 1383 1524 1437 is
1554 1384 1658 1456 qui
1683 1389 1920 1438 curatus
1971 1383 2166 1439 fuerat
2223 1399 2319 1439 ar-

653 1490 842 1546 guens
873 1473 1023 1539 illos,
1053 1488 1173 1529 non
1199 1473 1325 1543 jam
1354 1472 1570 1538 timide,
1602 1472 1706 1528 sed
1737 1473 1982 1527 liberius
2011 1472 2316 1546 loquendo

652 1562 993 1635 respondet.

727 1655 883 1709 Vers.
916 1653 1004 1707 27.
1067 1651 1382 1720 Respondit
1415 1681 1480 1692 —
1509 1651 1783 1707 audistis.
1815 1653 1927 1706 Nec
1959 1649 2312 1707 credidistis.

725 1741 888 1798 Vers.
917 1744 1006 1795 27.
1043 1741 1190 1809 Quid
1233 1773 1282 1781 —
1318 1741 1551 1797 audire.
1584 1742 1776 1806 Quam
1809 1739 1888 1796 ob
1912 1755 2164 1796 causam
2188 1755 2318 1795 rur-

652 1848 755 1888 sus
786 1831 993 1886 audire
1026 1830 1287 1902 quaritis
1317 1831 1346 1886 ?

725 1921 888 1977 Ver.
919 1924 1009 1978 27.
1049 1921 1207 1976 Num
1236 1951 1305 1961 —
1332 1921 1484 1989 ﬁeri.
1535 1919 1772 1984 Dicens,
1805 1921 1963 1974 Num
1991 1924 2045 1976 et
2086 1933 2205 1986 vos,
2227 1935 2319 1974 os-

653 2010 861 2076 tendit,
900 2010 1065 2082 quod
1090 2010 1216 2081 ipse
1241 2010 1418 2082 paulo
1449 2016 1586 2066 ante
1618 2010 1807 2065 factus
1855 2014 2028 2073 esset,
2057 2014 2113 2065 et
2138 2011 2316 2064 conii-

654 2099 1387 2164 denteridfatebatur,non
1417 2105 1688 2155 metuens
1722 2099 1956 2154 illorum
1989 2099 2313 2164 insaniam;

653 2191 805 2247 adeo
836 2189 1001 2245 fortis
1026 2195 1114 2244 est
1140 2190 1373 2256 veritas,
1419 2195 1479 2243 ut
1509 2204 1611 2244 eos
1643 2189 1907 2243 libertate
1939 2187 2182 2260 repleat,
2212 2186 2315 2259 qui

651 2280 850 2350 ipsam
882 2279 1191 2348 elegerint:
1242 2277 1626 2334 mendacium
1676 2293 1813 2333 vero
1843 2277 1991 2332 adeo
2027 2275 2317 2332 imbecille

652 2375 717 2426 ut
746 2385 846 2426 eos
875 2384 1137 2442 quoque,
1162 2369 1265 2441 qui
1292 2367 1470 2424 fortes
1505 2373 1664 2437 sunt,
1692 2367 1907 2423 reddat
1938 2366 2207 2423 timidos.

727 2547 889 2603 Vers.
909 2546 997 2602 28.
1023 2545 1355 2602 Conviciati
1375 2576 1443 2587 —
1464 2544 1766 2614 discipuli.
1790 2575 1857 2585 —
1873 2545 2079 2615 Neque
2097 2543 2270 2600 Mosis
2297 2560 2310 2610 ;

653 2653 799 2694 nam
851 2635 901 2690 si
929 2636 1102 2690 Mosis
1131 2635 1364 2699 essetis,
1419 2635 1620 2704 utique
1661 2640 1714 2689 et
1741 2634 1949 2689 Christi
2002 2633 2226 2689 essetis.
2253 2634 2318 2691 St

654 2727 986 2790 crederetis,
1029 2725 1235 2795 inquit,
1281 2724 1446 2787 Mosi,
1474 2724 1793 2780 crederetis
1835 2724 2034 2794 utique
2059 2723 2207 2778 mihi
2247 2725 2312 2774 η.

729 2903 886 2958 Vers.
920 2906 1007 2957 29.
1031 2902 1149 2957 Nos
1169 2932 1234 2943 —
1261 2903 1359 2956 sit.
1383 2900 1545 2958 Unde
1569 2901 1790 2956 missus
1825 2901 1919 2956 sit.
1943 2901 2114 2974 Atqui
2135 2901 2315 2957 variis

653 2992 715 3049 in
747 2989 893 3046 locis
919 2991 1264 3056 docuitvos,
1297 2991 1401 3062 qui
1432 2990 1547 3046 sint
1578 2990 1830 3046 ferentes
1851 2990 1925 3046 de
1956 3007 2018 3046 se
2059 2991 2316 3046 testimo-

655 3080 854 3138 nium:
887 3088 1031 3152 puta
1045 3081 1326 3147 Joannes,
1345 3096 1528 3152 opera
1546 3096 1679 3152 quas
1697 3080 1834 3135 facit
1859 3090 1916 3136 et
1939 3083 2126 3146 Pater,
2141 3080 2243 3152 qui
2262 3083 2318 3134 et

657 3170 836 3261 Deus.
890 3174 990 3261 At!
1049 3176 1205 3261 certe
1276 3169 1351 3225 de
1417 3170 1573 3224 Mose
1639 3169 1878 3235 auditis,
1915 3185 2054 3261 non
2114 3173 2314 3261 autem
2348 3205 2388 3261 Ο

654 3259 924 3316 videtis:
979 3259 1160 3331 hujus
1215 3275 1352 3315 vero
1399 3274 1579 3331 opera
1626 3274 1746 3315 non
1813 3258 2028 3315 auditis
2095 3258 2314 3323 solum,

657 3365 864 3406 verum
887 3349 1063 3405 etiam
1088 3348 1319 3415 videtis,
1349 3353 1404 3404 et
1430 3348 1632 3409 nostis,
1666 3347 1833 3420 quod
1863 3347 2020 3404 oculi
2063 3347 2178 3403 sint
2216 3362 2320 3403 au-

655 3439 824 3495 ribus
850 3438 968 3493 tide
990 3437 1316 3508 digniores.

729 3527 890 3584 Vers.
923 3532 1010 3584 30.
1044 3527 1366 3597 Respondit
1408 3557 1477 3568 —
1524 3528 1743 3583 oculos.
1781 3526 1950 3591 Quod
1977 3542 2115 3581 cum
2145 3524 2317 3581 vobis

655 3618 898 3688 ignotus
922 3616 1013 3680 sit,
1046 3622 1103 3671 et
1132 3615 1441 3686 inglorius,
1478 3632 1642 3672 meos
1662 3615 1895 3687 aperuit
1924 3614 2152 3686 oculos,
2185 3615 2322 3670 tale-

657 3723 768 3778 que
794 3706 971 3761 edidit
1001 3704 1378 3761 miraculum.
1431 3708 1574 3760 Nam
1629 3705 1673 3759 si
1708 3705 1780 3759 de
1807 3704 2142 3774 insignibus
2174 3709 2324 3760 esset

658 3802 717 3851 et
745 3794 1038 3866 gloriosis,
1072 3810 1455 3867 nequaquam
1489 3801 1718 3850 tantum
1751 3800 1906 3850 esset
1947 3793 2318 3850 miraculum.

662 3884 866 3956 Itaque
907 3899 1164 3953 magnus
1201 3883 1509 3956 quispiam
1541 3890 1651 3949 est,
1684 3899 2037 3956 quanquam
2076 3899 2184 3939 vos
2213 3898 2322 3939 ne-

663 3973 864 4029 sciatis
904 3973 1064 4028 unde
1098 3973 1192 4028 sit.

736 4062 903 4119 Vers.
938 4063 1024 4119 3i.
1055 4063 1283 4118 Scimus
1307 4093 1374 4104 —
1406 4062 1594 4118 audit.
1627 4061 1768 4116 Vide
1786 4065 2198 4118 contexturam
2231 4062 2319 4132 (η)

666 4153 1040 4226 etquomodo
1068 4151 1413 4207 mirabiliter
1429 4158 1871 4222 argumentatur
1895 4167 1966 4207 ac
1987 4167 2324 4207 sermonem

666 4248 901 4315 augeat.
937 4242 1080 4297 V'ere
1105 4243 1262 4296 enim
1305 4255 1425 4295 non
1453 4240 1840 4295 exterioribus
1868 4246 2097 4296 tantum
2138 4240 2326 4296 oculis

663 4331 1033 4389 illuminatus
1052 4337 1155 4394 est,
1174 4329 1277 4385 sed
1295 4335 1349 4385 et
1367 4329 1762 4385 interioribus.
1781 4332 1926 4386 Nam
1940 4329 2082 4401 quia
2101 4331 2157 4384 in
2175 4346 2321 4401 prae-

663 4421 1010 4478 cedentibus
1045 4419 1317 4474 dixerant
1361 4434 1373 4472 :
1406 4419 1528 4474 Nos
1557 4421 1792 4482 scimus,
1825 4419 1986 4489 quod
2027 4419 2124 4475 hic
2154 4419 2322 4474 homo

662 4517 941 4581 peccator
956 4511 1091 4566 est"
1112 4527 1126 4576 ;
1149 4515 1286 4564 tunc
1311 4508 1551 4579 quidem
1577 4524 1741 4563 more
1759 4507 2081 4563 dubitantis
2098 4522 2326 4563 sermo-

664 4616 803 4657 nem
835 4597 1065 4672 repulit,
1110 4613 1270 4654 nunc
1303 4613 1440 4653 vero
1471 4603 1758 4668 tanquam
1790 4596 2058 4652 libertate
2091 4597 2322 4668 plenus,

2433 601 2534 634 των
2563 583 2662 634 ὑπὸ
2693 591 2783 643 τῆς
2814 580 3074 644 ἀληθείας.

2508 671 2789 743 Ἀπεκρίθη
2827 703 2889 712 -
2921 670 3115 744 βλέπω.
3161 675 3252 739 Τὸ,
3299 673 3358 725 Εἰ
3406 671 3690 747 ἁμαρτωλός
3728 673 3860 748 ἔστιν,
3885 680 3944 730 o-Jz

2433 757 2519 811 οἶδ
2525 780 2573 825 α,
2618 761 2676 812 οὐ
2704 758 2972 822 διστάζων
3003 763 3138 814 εἶπεν
3170 761 3277 813 ἀλλ’
3309 761 3357 814 ἓν
3391 769 3627 835 σχήματι
3655 760 3944 830 διστάζοντος,

2431 854 2898 923 παραπεμπόμενος
2948 854 3034 903 τόν
3079 860 3310 904 τοιοῦτον
3363 851 3634 924 φληναφον.
3682 860 3850 926 Προίὼν
3881 863 3943 932 γὰρ

2432 945 2774 1012 φανερώτερον
2805 937 3140 1011 ἀποφαίνεται
3168 940 3345 1012 λέγων·
3377 937 3604 1014 Οἴδαμεν
3641 938 3696 995 δὶ
3731 945 3799 996 ὅτι
3835 945 3946 1020 ἁμαρ.

2430 1027 2601 1079 τωλών
2631 1031 2663 1080 ὅ
2688 1032 2818 1090 Θεός
2858 1029 2951 1081 οὐχ
2979 1028 3176 1084 ἀκούει.

2501 1115 2655 1170 Εἶπον
2731 1148 2801 1159 -
2874 1118 3206 1192 όφθαλμούς;
3261 1121 3593 1191 Πανταχόθεν
3645 1119 3945 1196 ἀποκρουσθὲι-

2429 1225 2523 1268 τίς,
2579 1212 2668 1259 καὶ
2724 1204 2890 1280 μηδεν
2946 1209 3014 1259 ὧν
3089 1207 3374 1278 ἐϐούλοντο,
3435 1206 3728 1271 δυνηθέντες
3795 1209 3945 1274 iuriam,

2428 1296 2580 1348 πάλιν
2622 1296 2703 1350 ἰπὶ
2751 1302 2808 1350 τό
2841 1303 3084 1373 πρότερον
3137 1297 3382 1374 ἐρώτημα
3439 1304 3748 1375 στρέφονται.
3793 1305 3860 1353 Διό
3889 1311 3945 1352 καὶ

2427 1391 2712 1458 καταγνοὺς
2745 1387 2912 1439 αὐτῶν
2943 1389 2968 1438 ό
2998 1389 3447 1462 τεθεραπευμένος,
3492 1389 3588 1441 οὐκ
3617 1393 3683 1442 ἔτι
3710 1390 3805 1462 μεθ’
3839 1392 3947 1442 viros-

2426 1475 2546 1534 τολῆ
2559 1497 2598 1542 ς,
2624 1475 2750 1528 ἁλλὰ
2778 1476 3362 1554 παρρησιαστικώτερον
3389 1477 3732 1554 ἀποκρίνεται.

2499 1655 2783 1729 Ἀπεκρίθη
2824 1687 2877 1697 -
2914 1656 3192 1715 ἠκούσατε.
3228 1657 3338 1710 Οὐκ
3359 1656 3717 1715 ἕπιστευσατε.

2495 1749 2559 1797 Τί
2654 1774 2722 1785 -
2816 1743 3054 1813 ἁκοὺιιη
3109 1751 3258 1808 Τίνος
3341 1748 3503 1800 ἕνεκεν
3589 1747 3733 1799 πάλιν
3806 1750 3947 1808 ζητεῖτε

2351 1847 2395 1903 Β
2427 1832 2634 1886 ἀκούειν
2664 1853 2678 1902 ;

2500 1929 2585 1982 Μὴ
2664 1954 2731 1966 ——
2805 1927 3083 1997 7ns'o'6m;
3115 1926 3282 1979 Εἰπὼν
3358 1927 3438 1978 ότι
3527 1930 3612 1984 Μὴ
3691 1930 3769 1978 καὶ
3832 1925 3944 1996 ὑμεῖς,

2428 2010 2616 2076 ἔδειξεν
2665 2015 2744 2066 ὅτι
2796 2014 2950 2076 αὐτὸς
3012 2019 3137 2078 τίως
3198 2013 3331 2080 ἐστὶ,
3400 2019 3493 2068 καὶ
3554 2013 3820 2089 θαῤῥαλὲως
3857 2016 3945 2078 ὀμο-

2427 2103 2616 2174 λόγησε
2698 2108 2769 2174 μὴ
2854 2099 3123 2166 δειλίασις
3188 2109 3281 2162 τὴν
3355 2107 3548 2176 μανίαν
3606 2104 3778 2157 αὐτῶν.
3829 2102 3947 2161 Οὗτος

2430 2192 2654 2264 ἰσχυρόν
2725 2193 2754 2250 ἠ
2841 2190 3076 2260 ἀλήθεια,
3148 2192 3451 2266 παῤῥησίας
3537 2191 3823 2265 ἐμπιπλώτα
3876 2194 3945 2246 τοὺς

2428 2282 2692 2353 ῦομένους
2724 2281 2910 2349 αὐτὴν,
2941 2287 3031 2334 καὶ
3074 2281 3118 2334 εἰ
3146 2290 3243 2334 τῶν
3275 2281 3666 2356 ἀπερριμμένων
3702 2277 3785 2334 εἶεν
3807 2299 3818 2314 ο
3851 2283 3890 2330 τὸ
3912 2274 3944 2328 δι

2426 2367 2619 2441 ψεῦδος
2652 2371 2946 2423 τούναντίον
2979 2369 3206 2436 ἀσθενες,
3237 2367 3441 2433 δειλοὺς
3490 2370 3864 2446 ἀπεργαζόμενω
3892 2372 3942 2418 κεί

2427 2465 2543 2520 τοὺς
2567 2461 2845 2532 ἰσχυρούς.

2501 2546 2876 2624 Ἐλοιδόρησαν
2919 2580 2984 2590 -
3027 2551 3281 2622 μαθηταί.
3315 2581 3384 2591 -
3427 2547 3574 2604 Οὐδὶ
3609 2558 3699 2602 τοῦ
3746 2553 3927 2604 Μώσαις-

2429 2638 2487 2692 Εἰ
2515 2643 2614 2713 γὰρ
2660 2647 2750 2692 τοῦ
2805 2642 3068 2701 Μωύσίως
3109 2636 3219 2703 ἦτε,
3261 2643 3353 2692 καὶ
3395 2648 3489 2692 τοῦ
3541 2647 3766 2715 Χριστοῦ
3792 2637 3840 2689 ἂν
3873 2631 3936 2690 ἦτε.

2429 2729 2488 2780 Εἰ
2555 2730 2678 2801 γὰρ,
2752 2726 3062 2793 ἕπιστεύετε,
3123 2731 3270 2800 φησὶ,
3335 2734 3576 2794 Μωϋσεῖ,
3632 2724 3944 2781 Emori-irriti:

2428 2816 2564 2890 ἐμοὶ.

2498 2906 2668 2978 Ἡμεῖς
2719 2936 2787 2947 -
2836 2904 2965 2960 ἔστι.
3022 2907 3182 2958 Πόθεν
3235 2905 3528 2965 ἀπεστάλη.

2429 3001 2593 3068 φόρως
2641 2991 2880 3057 ἐδίδαξεν
2934 2997 3087 3068 ὑμᾶς,
3131 3000 3263 3057 τίνες
3311 3004 3646 3069 παρτυροῡσι
3691 3000 3795 3068 πιρῖ
3829 2993 3952 3044 vim.

3609 2911 3707 2960 Καὶ
3750 2910 3834 2978 μὴν
3877 2898 3955 2953 δια-

2428 3089 2508 3138 ότι
2566 3087 2591 3137 ό
2635 3087 2897 3150 Ἰωάννης,
2949 3087 3029 3137 ὁτι
3068 3089 3131 3138 τὰ
3176 3088 3302 3158 ἔργα
3351 3085 3386 3137 ἃ
3433 3093 3596 3152 ποιεῖ,
3651 3087 3729 3138 ὃτι
3774 3085 3796 3136 ὁ
3834 3085 3956 3147 Πατήρ

2429 3180 2518 3227 καὶ
2589 3178 2737 3235 Θεόςο
2817 3172 2944 3226 ἀλλὰ
3016 3180 3134 3248 περὶ
3197 3179 3461 3236 Munatio);
3539 3178 3632 3248 μεν
3689 3172 3882 3232 ἀκούετε,
3924 3166 3958 3217 οὗ

2429 3270 2531 3337 μὴν
2560 3263 2771 3336 βλέπετε
2805 3283 2816 3295 ·
2866 3266 2931 3315 τὰ
2968 3265 3097 3336 ἔργα
3145 3259 3204 3316 δι
3251 3266 3436 3315 τούτου
3480 3264 3545 3316 οὔ
3604 3268 3750 3336 μόνον
3799 3260 3960 3320 ἀκονιτί,

2430 3353 2557 3405 ἀλλὰ
2608 3357 2697 3404 καὶ
2752 3350 2985 3424 βλέπετε,
3030 3356 3121 3403 καὶ
3170 3348 3370 3419 οἴδατε,
3429 3353 3514 3405 ὅτι
3584 3351 3823 3425 ὀφθαλμοὶ
3865 3351 3960 3397 ὤτων

2427 3447 2746 3513 πιστότεροι.

2501 3532 2780 3602 Ἀπεκρίθη
2877 3560 2943 3571 -
3046 3529 3363 3602 ὀφθαλμούς.

2430 3627 2518 3673 καὶ
2575 3617 2766 3683 ἄδοξος
2813 3620 2900 3690 ὢν,
2957 3619 3139 3690 ἀνέῳξε
3203 3639 3303 3691 μου
3369 3623 3493 3680 τοὺς

3446 3530 3573 3584 Ὀτι
3631 3532 3746 3602 ὑμῖν
3819 3529 3962 3594 ἄσημοὲ

3583 3619 3871 3692 ὀφθαλμοὺς,
3907 3633 3966 3664 και

2431 3715 2679 3768 πεποίηκε
2720 3708 3020 3765 τηλικοῦτον
3078 3711 3272 3781 Θαῡμα.
3327 3708 3385 3762 Εἰ
3430 3711 3532 3782 γὰρ
3594 3705 3654 3766 ἦν
3709 3717 3798 3760 τῶν
3837 3704 3966 3757 ἐπισή·

2431 3821 2538 3873 μων
2602 3804 2693 3850 και
2741 3795 2979 3861 ἓνδόξων,
3051 3797 3142 3850 οὐκ
3201 3796 3260 3849 ἆν
3298 3807 3550 3850 τοσοῦτον
3602 3795 3662 3856 ἦν
3711 3798 3969 3868 Θαυμαστόν.

2429 3888 2589 3941 Ὠστε
2615 3893 2777 3960 μέγας
2808 3892 2884 3948 τίς
2917 3885 3075 3955 ἑστιν,
3107 3887 3152 3939 εἰ
3192 3886 3284 3940 καί
3322 3888 3466 3960 ὑμεῖς
3515 3887 3613 3939 οὐκ
3661 3882 3826 3940 οἴδατε
3866 3883 3971 3934 ποθεν

2432 3980 2592 4033 ἐστίν.

2503 4063 2735 4139 Οἴδαμεν
2791 4096 2857 4106 -
2930 4064 3124 4119 ἀκούει.

2433 4161 2634 4229 μασίως
2702 4154 3088 4226 συλλογίξεται,
3151 4161 3237 4207 καὶ
3305 4155 3449 4218 αὔξει
3502 4159 3593 4208 τόν
3648 4154 3809 4225 λόγον.
3856 4149 3972 4218 '5?!»-

2433 4247 2590 4303 τίσθη
2646 4246 2748 4315 γὰρ
2818 4248 2970 4304 ὅντως
3049 4244 3108 4296 οὐ
3183 4248 3305 4306 τοὺς
3355 4243 3451 4307 ἔξω
3506 4249 3664 4316 μόνον
3727 4239 3972 4314 ὀφθαλμοὺς,

2436 4334 2562 4386 ἀλλὰ
2601 4340 2692 4386 καὶ
2733 4337 2853 4393 τοὺς
2906 4329 3070 4387 ἔνδον.
3115 4333 3254 4387 Ἐπεί
3299 4335 3402 4407 γὰρ
3477 4331 3812 4408 προλαϐόντες
3857 4324 3968 4378 εἶπον.

2432 4423 2603 4496 Ἡμεῖς
2655 4419 2870 4494 οἴδαμεν
2933 4424 3014 4474 ὁτι
3079 4423 3104 4474 ό
3176 4423 3447 4496 ἄνθρωπος
3512 4422 3662 4482 οὗτος
3739 4412 3972 4492 ἀμαρτωλθς

2435 4513 2565 4564 ἐστι·
2611 4517 2723 4563 τότε
2780 4515 2869 4582 μὶν
2919 4509 2966 4562 ἐν
3039 4515 3279 4582 σχήματι
3339 4506 3691 4571 διστάζοντος
3751 4520 3967 4578 «sponsor

3209 4065 3363 4118 Βλέπε
3443 4067 3675 4130 σύνεσιν,
3743 4071 3841 4122 πῶς
3888 4061 3973 4111 θαι·

2438 4620 2565 4653 σατο
2603 4604 2689 4652 τόν
2741 4599 2890 4670 λόγον
2923 4620 2939 4636 ο
2979 4607 3066 4651 νῦν
3116 4595 3175 4652 δε
3221 4598 3521 4674 παρρησίας
3562 4599 3632 4651 ὢν
3686 4599 3856 4671 μεστὸς
3893 4591 3970 4642 ἀτο-

664 4667 917 4746 ostendit
955 4689 1116 4744 hunc
1173 4703 1296 4742 non
1347 4702 1477 4743 esse
1529 4667 1926 4758 peiccatorem,
1966 4667 2317 4756 sedipotins

2436 4687 2659 4743 δεικνύει
2732 4697 2913 4741 τοῦτον
2963 4693 3034 4760 μὴ
3097 4693 3219 4742 ὄντα
3291 4687 3619 4761 ἁμαρτωλὸν,
3683 4687 3726 4739 εἰ
3793 4688 3855 4756 μή
3916 4696 3965 4727 κει

665 4778 768 4834 Dei
833 4778 1116 4834 cultorem
1175 4793 1246 4832 ac
1295 4775 1393 4831 Dei
1444 4775 1812 4831 voluntatem
1865 4774 2320 4846 adimplentem.

667 4866 973 4939 Siquidem
1003 4866 1202 4922 adhuc
1221 4881 1360 4920 eum
1386 4863 1687 4920 hominem
1721 4880 1851 4920 esse
1883 4864 2320 4936 suspicabatur,

667 4961 731 5012 ut
755 4955 1037 5010 diximus.
1072 4957 1413 5011 Peccatores
1459 4960 1656 5010 autem
1699 4954 1854 5009 Deus
1895 4969 2012 5008 non
2041 4952 2230 5017 audit,
2261 4952 2324 5007 in

665 5045 1020 5118 hujusmodi
1054 5046 1318 5103 videlicet
1355 5044 1682 5102 miraculis.

739 5135 904 5194 Vers.
932 5140 1020 5192 32.
1050 5138 1099 5192 A
1139 5167 1208 5178 --
1255 5136 1419 5193 Vers.
1479 5139 1566 5192 33.
1608 5134 1956 5208 quidquam.
1985 5133 2324 5207 Quidquam

738 5315 788 5353 ι’
823 5315 997 5374 Joan.
1035 5330 1154 5384 vm,
1190 5317 1281 5372 46.
1355 5314 1406 5351 ⁹⁰
1432 5312 1608 5374 Joan.
1636 5330 1718 5381 1x,
1749 5314 1839 5371 3t.
1918 5315 1962 5352 ἰ
1990 5315 2161 5372 Joan.
2202 5329 2252 5381 ν,
2280 5313 2371 5371 46.

2434 4778 2622 4851 μᾶλλον
2669 4777 2907 4845 θεοσεϐῆ,
2960 4783 3049 4830 καὶ
3101 4781 3159 4830 τό
3205 4777 3404 4850 Θελημα
3457 4784 3550 4829 τοῦ
3583 4781 3713 4830 Θεοῦ
3766 4777 3961 4826 ποιοῦντι

2434 4867 2550 4923 ’Ἑτι
2571 4870 2674 4940 γὰρ
2714 4868 2981 4942 ἄνθρωπον
3011 4874 3190 4920 τοῦτον
3221 4865 3596 4940 ὑπελάμϐανεν,
3647 4867 3712 4925 ὡς
3741 4863 3958 4936 εἰρήναν-ῦ-

2432 4955 2772 5032 Ἀμαρτωλῶν
2795 4952 2854 5008 δε
2878 4957 2904 5008 ό
2927 4959 3059 5020 Θεὸς
3090 4956 3184 5008 οὐκ
3202 4954 3394 5020 ἀκούει,
3421 4954 3502 5009 ἰπὶ
3523 4956 3778 5014 τοιούτοις
3802 4952 3951 5020 arripi“

2436 5043 2700 5104 δηλονότι.

2506 5135 2594 5188 Ἐκ
2647 5165 2715 5175 —
2763 5130 2936 5189 οὐδέν.
2983 5131 3151 5192 Οὐδεν
3208 5142 3457 5191 τοιοῦτον.
3515 5132 3727 5208 Τυφλοῦ
3903 5123 3957 5193 Ἰἀὲ

2462 5314 2510 5351 ’³
2539 5312 2709 5371 toan.
2741 5328 2820 5383 ix,
2851 5311 2941 5370 24.

1919 5493 2146 5564 Varia;
2174 5492 2503 5563 lectiones
2535 5500 2600 5562 et
2631 5503 2833 5561 noue.

741 5611 854 5688 (96)
889 5607 1056 5668 Ὗαῶν
1097 5613 1157 5669 Α.

744 5795 825 5868 (n)
855 5793 1310 5853 Contexturam.
1338 5782 1736 5846 Prudentiam.
1772 5787 1937 5847 Forte
1964 5791 2252 5867 interpres
2279 5785 2500 5848 invenit
2533 5787 2771 5845 σύνθεσιν
2798 5794 2902 5848 aut
2933 5783 3096 5848 aliud
3126 5783 3274 5866 quid
3297 5786 3509 5851 simile.
