4088 6470
160 408 297 473 1317

160 540 372 603 ἤνοιξαν
414 542 504 590 καὶ
549 536 693 590 ἄλλοι
722 535 1016 608 ὀφθαλμούς
1052 531 1166 604 (97)
1201 552 1212 563 ·
1261 529 1454 603 τυφλοῦ
1486 526 1544 581 δὲ
1594 527 1649 580 ἐκ
1685 546 1767 598 γε·
1801 528 1845 582 Α

161 638 306 691 νετῆς
356 629 472 696 (98)
516 623 707 687 οὐδείς.
759 628 956 679 Λοιπὸν
1003 627 1170 676 τοίνυν
1214 625 1273 674 τό
1313 619 1628 695 ὑπερϐάλλον
1676 625 1767 670 τοῦ

167 722 434 792 θαύματος
465 719 596 770 θεῖον
627 736 743 768 τινα
769 711 993 768 δεικνύει
1021 717 1107 765 τόν
1131 710 1348 786 ἐργάτην
1375 710 1551 763 αὑτοῦ.
1585 709 1642 761 Ὀ
1668 711 1768 782 γὰρ

167 813 346 882 μεῖζον
375 809 578 861 πάντων
605 815 702 858 τῶν
729 804 1059 878 ἀνθρωπίνων
1089 803 1364 874 θαυμάτων
1391 809 1550 852 ποιῶν
1581 799 1771 871 μείζων

169 901 274 973 ἄρα
301 899 504 950 πάντων
530 904 630 948 τῶν
660 893 926 969 ἀνθρῶνων
961 891 1119 944 ἐστίν.

249 1075 636 1146 Ἀπεκρίθησαν

173 1163 412 1238 λαμπρόν
481 1161 696 1233 ἔλεγχον
754 1165 842 1212 καὶ
915 1164 1008 1217 τὴν
1072 1165 1322 1230 περιφανῆ
1377 1160 1562 1214 νίκην’
1636 1174 1774 1228 περιε

175 1257 467 1327 τραπείσης
514 1247 574 1303 δε
629 1258 724 1312 τῆς
778 1253 1031 1321 πονηρίας
1085 1249 1221 1298 κατὰ
1293 1253 1386 1307 τῆς
1445 1245 1637 1297 ἑαυτῶν
1701 1263 1780 1297 κε-

177 1341 364 1414 φαλῆς,
435 1340 762 1414 ὀργισθέντες
825 1336 1039 1412 ὕϐριζον
1106 1335 1218 1406 (99)
1292 1334 1464 1400 αύτόν,
1527 1334 1776 1404 λέγοντες

179 1430 493 1503 Λμαρτωλός
575 1432 638 1481 σύ
711 1427 986 1500 ἐγεννήθης
1067 1425 1210 1487 ὅλως,
1279 1427 1441 1494 ἤγουν
1524 1428 1611 1481 τὴν
1688 1423 1784 1496 ἁρ-

177 1525 307 1592 χην,
371 1519 427 1572 ἐκ
490 1523 699 1590 πρώτης
753 1517 976 1576 ἡλικίας.
1035 1513 1411 1587 ’Υπελάμϐανον
1467 1516 1568 1587 γὰρ
1626 1512 1782 1564 αὐτόν

180 1606 410 1670 ἀνοήτως
476 1605 548 1660 δι’
607 1605 866 1682 ἁμαρτίας
915 1607 1053 1664 τινὰς
1107 1603 1295 1675 τυφλόν
1351 1604 1661 1674 γεννηθῆναι
1713 1602 1783 1664 εἰς

179 1694 450 1760 ἀπόδειξιν
508 1703 600 1748 τοῦ
663 1693 793 1748 εἶναι
854 1694 1010 1747 αὐτόν
1071 1692 1395 1765 ἁμαρτωλὸν.
1456 1697 1638 1744 Καίτοι
1694 1696 1784 1742 καὶ

767 1100 836 1114 _
918 1071 1088 1142 ἡμᾶς;
1183 1067 1296 1120 Ούκ
1389 1070 1606 1139 ἤνεγκαν
1690 1068 1774 1118 τόν

178 1785 484 1862 ἁμαρτωλός
511 1784 597 1837 ἐὰν
629 1781 711 1850 ἦν,
744 1789 863 1846 τοὺς
892 1783 1077 1855 λόγους
1115 1780 1221 1835 ἔδει
1250 1785 1436 1834 τούτου
1469 1777 1784 1854 δοκιμάσαι,

181 1876 225 1931 εί
252 1875 461 1936 ἀληθεῖς
492 1874 594 1928 εἰσι
628 1892 640 1904 ·
672 1878 722 1927 τί
745 1875 847 1946 γὰρ
876 1874 1068 1925 ἄτοπον
1100 1869 1234 1924 εἶπεν
1258 1888 1271 1938 ;

257 1971 360 2020 Καὶ
407 1997 475 2007 -
522 1965 637 2028 ἔξω.

715 1963 1152 2034 Ἀποσυνάγωγόν
1223 1961 1472 2020 ἐποίησαν
1545 1965 1630 2014 τὸν
1695 1965 1791 2019 κή-

182 2076 321 2130 ρυκα
378 2064 476 2116 τῆς
537 2053 799 2120 ἀληθείας,
858 2056 926 2114 ὡς
991 2055 1228 2124 μαθητὴν
1301 2048 1457 2110 δῆθεν
1510 2059 1602 2103 τοῦ
1659 2058 1790 2124 Χρι-

189 2153 340 2198 στοῦ.
393 2148 479 2202 Μὴ
532 2139 833 2202 δυνηθέντες
887 2144 987 2214 γὰρ
1045 2142 1332 2213 ἐπηρεάσαι
1407 2148 1478 2210 τῷ
1543 2143 1791 2212 θαύματι,

192 2234 490 2287 τούναντίον
541 2228 600 2285 δὲ
647 2230 836 2302 μᾶλλον
881 2229 1188 2304 περιϐόητον
1236 2229 1360 2282 αύτό
1415 2226 1509 2282 διὰ
1550 2237 1642 2290 τῆς
1699 2249 1796 2281 πο-

189 2323 653 2398 λυπραγμοσύνης,
679 2324 1011 2385 ποιήσαντες,
1035 2327 1243 2372 κινοῦσι
1264 2319 1344 2391 (1)
1366 2323 1452 2372 τόν
1477 2321 1635 2392 θυμόν
1662 2321 1798 2371 κατὰ

192 2419 287 2465 τοῦ
317 2412 734 2484 θεραπευθέντος.

264 2503 524 2558 Ἤκουσεν
596 2533 664 2544 -
721 2508 886 2572 Θεοῦ,
957 2501 1211 2573 Ἔρχεται
1280 2501 1457 2573 μεῖζον
1542 2499 1798 2575 εὐεργετήο

191 2613 298 2647 σων
329 2596 414 2646 τόν
457 2590 763 2650 ἐκϐληθέντα
809 2588 881 2644 δι’
927 2590 1104 2656 αὐτόν,
1153 2594 1243 2641 καί
1288 2586 1488 2642 δίδωσι
1529 2593 1588 2641 τό
1641 2592 1801 2662 κεφά-

187 2683 334 2736 λαιον
414 2689 514 2732 τῶν
588 2680 816 2753 ἀγαθῶν,
895 2680 1164 2754 γνωρίζων
1237 2679 1417 2732 ἑαυτόν
1488 2679 1651 2749 αύτῷ,
1711 2685 1800 2732 καὶ

188 2774 430 2846 μαθητὴν
464 2769 630 2842 ἁγαθῆ
665 2778 825 2822 ποιῶν
849 2785 862 2800 ⁸
892 2772 948 2821 τό
976 2765 1035 2821 δὲ
1067 2771 1132 2821 σὺ
1170 2764 1241 2821 δι’
1274 2768 1500 2831 ἐκείνους
1543 2767 1679 2821 εἶπεν
1720 2769 1800 2841 (2)

192 2879 560 2921 απιστουντας.

275 3039 558 3114 Ἀπεκρίθη
619 3069 687 3080 --
739 3037 933 3103 αύτόν;
977 3037 1328 3110 Ἀνεπτερῶθη
1394 3045 1466 3107 τῷ
1525 3037 1681 3108 λόγῳ,
1741 3040 1806 3099 ὠς

205 3132 412 3200 ἕτοιμος
457 3128 527 3190 εἰς
557 3131 615 3179 τό
643 3135 950 3190 πιστεῦσαι,
983 3131 1074 3177 καὶ
1109 3127 1257 3186 ζητεί
1302 3128 1484 3198 μαθεῖν
1514 3131 1593 3188 τίς
1643 3125 1805 3178 ἐστιν’

209 3217 271 3270 ού
297 3220 398 3292 γὰρ
432 3217 690 3274 ἠπίστατο
717 3221 796 3278 τίς
826 3215 987 3269 ἐστιν.

287 3390 412 3444 Eine
473 3423 522 3432 —
557 3390 717 3445 ἐστίν.
773 3423 835 3432 -
892 3391 1148 3466 Ἑώρακας
1199 3390 1376 3455 αὐτόν,
1432 3389 1490 3441 οὐ
1541 3394 1809 3464 πρότερον,

214 3481 345 3534 ἀλλὰ
387 3489 495 3535 νυν.
545 3485 647 3533 Καὶ
688 3481 781 3533 ούκ
818 3482 974 3548 εἶπεν,
1021 3485 1153 3552 Ἐγώ
1230 3479 1336 3550 εἰμι
1389 3480 1414 3530 6
1463 3478 1665 3541 ἀνοίξας
1693 3483 1813 3543 τοὺς

216 3570 514 3644 ὀφθαλμούς
568 3588 682 3624 σου.
733 3569 976 3622 Βούλεται
1022 3572 1120 3641 γὰρ
1181 3564 1350 3631 δεῖξαι
1400 3572 1456 3621 τό
1516 3566 1816 3643 ἀπερίεργον

215 3667 312 3721 τῆς
375 3665 602 3721 πίστεως
649 3659 808 3713 αὐτοῦ
879 3663 1010 3732 πρὸς
1061 3657 1302 3730 ὠφελειαν
1360 3665 1460 3709 τῶν
1530 3666 1819 3716 τηνικαῦτα

217 3753 506 3822 παρόντων,
568 3754 658 3802 καὶ
712 3747 959 3821 ἐντροπὴν
1008 3756 1108 3800 τῶν
1169 3752 1256 3799 καὶ
1301 3747 1468 3800 πολλὰ
1525 3744 1818 3820 διδαχθέν-

219 3859 342 3904 των,
419 3843 504 3890 καὶ
559 3837 723 3891 πολλὰ
783 3845 975 3904 σημεῖα
1036 3840 1380 3909 θεασαμένων,
1433 3842 1521 3889 καὶ
1591 3842 1661 3910 μὴ
1741 3859 1824 3890 πι-

225 3929 548 3981 στευσάντων
605 3930 699 3982 ἔτι.
749 3933 917 3980 Μόνον
963 3929 1064 3999 γὰρ
1128 3924 1356 3986 ἀκούσας
1411 3928 1490 3978 ὅτι
1546 3925 1604 3978 Ὀ
1659 3925 1822 3979 λαλῶν

223 4020 353 4090 μετὰ
454 4024 549 4069 σοῦ
660 4016 846 4078 ἐκεῖνός
967 4014 1129 4080 ἐστιν,
1233 4015 1384 4078 εὐθὺς
1501 4019 1821 4071 ἐπίστευσεν.

222 4106 431 4177 Ἥψατο
459 4109 559 4178 γὰρ
592 4107 616 4157 6
658 4105 808 4177 λόγος
848 4104 1036 4156 αὐτίκα
1080 4114 1171 4165 τῆς
1218 4105 1380 4157 αὐτοῦ
1407 4104 1614 4176 ψυχῆς,
1667 4107 1825 4179 εὑρὼν

229 4195 390 4252 αὐτὴν
418 4197 641 4266 ἀγαθὴν,
673 4199 761 4246 καὶ
786 4193 1108 4267 κατέλαμψεν
1137 4194 1298 4253 αὐτὴν
1329 4194 1396 4255 είς
1434 4194 1711 4266 ἐπίγνωσιν
1737 4200 1827 4248 καὶ

230 4289 434 4340 πίστιν.
463 4283 600 4358 Ὀρα
622 4285 745 4356 γάρ.

454 4024 549 4069 σοῦ
660 4016 846 4078 ἐκεῖνός

301 4372 358 4425 Ὀ
429 4369 488 4425 δε
534 4403 602 4412 -
647 4373 812 4444 αύτῷ.
872 4375 1254 4448 Προσεκύνησε,
1311 4369 1536 4444 βεϐαιῶν
1589 4373 1670 4424 ὅτι
1722 4371 1830 4425 ini-

235 4481 440 4515 στευσε.

308 4555 408 4604 Καὶ
467 4582 533 4592 -
579 4555 847 4623 γένωνται.
930 4557 1032 4605 Καὶ
1083 4555 1186 4624 μὴν
1229 4553 1401 4603 ὀπίσω
1454 4553 1651 4624 εἴρηκεν
1685 4567 1698 4580 ·
1753 4551 1834 4603 ὅτι

235 4642 343 4694 Ούκ
421 4640 716 4694 ἀπέστειλεν
781 4643 806 4693 ό
879 4645 1004 4702 Θεὸς
1055 4643 1141 4692 τόν
1209 4639 1328 4692 Υίόν
1383 4639 1542 4691 αὐτοῦ
1605 4639 1671 4700 εἰς
1748 4644 1834 4692 τόν

234 4736 452 4804 κόσμον,
532 4733 614 4784 ἱνα
659 4734 808 4806 κρίνῃ
881 4734 968 4783 τόν
1023 4735 1241 4801 κόσμον.
1321 4727 1476 4781 Ἀλλὰ
1531 4737 1696 4802 κρῖμα
1747 4737 1835 4780 νῦν

233 4825 290 4875 τό
343 4823 644 4896 κατάκριμα
695 4820 852 4892 λέγει,
912 4821 991 4871 ὃτι
1043 4818 1131 4878 Εἰς
1177 4820 1480 4891 κατάκριμα
1549 4818 1646 4891 ἐγὼ
1699 4818 1838 4877 ἐνην-

239 4913 496 4986 θρῶπησά
579 4929 750 4964 τινων.
830 4907 1190 4984 Ἐφερμηεύων
1273 4910 1376 4982 γὰρ
1471 4911 1560 4961 τόν

1664 4907 1834 4980 λόγον,

312 5091 359 5124 ’³
387 5091 555 5147 Joan.
598 5104 676 5156 ιιι,
717 5094 796 5145 17.

1208 392 1570 463 COMMEN'F.
1617 393 1683 458 iN
1721 393 2064 456 ιΟΑΝΝΕΜ.
2106 431 2170 440 -
2202 393 2356 454 CAP.
2401 395 2502 451 IX.

1849 3253 1888 3299 (λ

1869 4592 1912 4644 Ι)

3403 401 3540 462 1318

1883 523 2094 580 simile.
2131 523 2272 579 Caeci
2296 538 2558 594 namque
2589 522 2792 580 oculos
2823 521 2919 580 alii
2945 526 3124 582 etiam
3145 537 3533 600 aperuerunt,

1881 612 2018 669 caeci
2069 628 2206 668 vero
2257 628 2294 668 a
2337 613 2642 668 nativitate
2686 612 2904 669 nullus.
2949 616 3292 687 Magnitudo
3337 618 3540 692 itaque

1885 701 2153 758 miraculi
2183 701 2452 756 divinum
2486 701 2836 774 quempiam
2859 718 2988 759 esse
3032 705 3164 776 ejus
3197 706 3539 764 effectorem

1882 791 2159 848 ostendit.
2194 793 2340 847 Nam
2366 793 2469 863 qui
2500 791 2699 862 majus
2723 792 2970 866 aliquod
2995 794 3115 850 edit
3167 795 3540 866 miraculum,

1884 897 2068 954 quam
2087 881 2199 936 sint
2222 881 2497 936 universa
2516 880 2784 938 humana
2808 882 3113 949 miracula,
3134 885 3337 957 utique
3353 887 3546 956 major

1886 976 1974 1027 est
1997 971 2222 1026 cuuctis
2243 969 2615 1026 hominibus.

1959 1062 2117 1115 Vers.
2168 1061 2254 1116 34.
2298 1060 2749 1129 Responderunt
2796 1092 2861 1102 —
2906 1079 3004 1118 nos
3039 1063 3068 1118 i’
3108 1066 3236 1120 Non
3287 1063 3549 1122 tulerunt

1889 1150 2050 1206 mani
2062 1150 2263 1206 festam
2284 1149 2758 1220 redargutionem
2772 1167 2843 1208 ac
2859 1151 3197 1224 praeclaram
3211 1155 3513 1212 victoriam
3531 1173 3547 1211 :

1891 1254 2178 1295 conversa
2207 1245 2407 1294 autem
2449 1238 2670 1294 malitia
2701 1240 2759 1295 in
2812 1257 2990 1296 suum
3036 1242 3307 1314 ipsorum
3341 1248 3543 1316 caput,

1890 1326 2183 1399 indignati
2210 1332 2352 1382 sunt
2371 1326 2449 1383 illi
2481 1327 2774 1384 dicentes:
2803 1329 3087 1388 Peccator
3111 1335 3350 1389 omnino
3371 1337 3550 1390 natus

1892 1432 1969 1483 es,
2004 1420 2126 1472 sive
2157 1418 2230 1473 ab
2249 1417 2433 1484 initio,
2460 1433 2495 1473 a
2525 1418 2719 1490 prima
2750 1418 2948 1476 statim
2972 1426 3162 1477 aetate.
3192 1423 3546 1494 Insipienter

1892 1522 2156 1580 namque
2186 1506 2606 1578 opinabantur,
2639 1513 2880 1580 propter
2909 1515 3155 1581 peccata
3193 1511 3394 1585 aliqua
3423 1529 3552 1569 esse

1894 1602 2102 1652 natum
2119 1612 2365 1661 caecum,
2387 1602 2447 1652 ut
2465 1597 2993 1655 ostenderenteum
3018 1615 3148 1657 esse
3170 1608 3548 1674 peccatorem.

1894 1685 2074 1757 Atqui
2103 1685 2337 1741 etiamsi
2358 1691 2634 1758 peccator
2653 1693 2797 1758 erat,
2827 1705 3131 1746 sermones
3148 1691 3276 1762 ejus
3298 1693 3554 1764 probare

1896 1775 2172 1848 oportuit,
2208 1775 2260 1830 si
2282 1777 2400 1831 veri
2426 1782 2646 1832 essent:
2675 1778 2822 1848 quid
2845 1778 3003 1834 enim
3033 1781 3280 1837 absurdi
3307 1782 3558 1840 dixerat?

1971 1868 2128 1922 Vers.
2161 1864 2251 1920 34.
2279 1866 2355 1921 Et
2381 1897 2445 1905 —
2475 1867 2658 1936 foras.
2688 1866 2777 1922 Ab
2808 1868 3055 1925 ecclesia
3083 1875 3140 1926 et
3164 1872 3446 1928 concione
3471 1888 3558 1929 re-

1901 1953 2184 2027 pulerunt
2225 1970 2566 2026 praeconem
2595 1955 2878 2022 veritatis,
2913 1963 3198 2032 tanquam
3231 1961 3441 2018 Christi
3470 1961 3560 2018 di-

1902 2045 2220 2118 scipulum.
2251 2044 2398 2100 Cum
2425 2045 2584 2100 enim
2633 2045 2994 2103 miraculum
3040 2049 3397 2107 calumniari
3433 2068 3558 2108 non

1903 2136 2255 2208 potuissent,
2291 2134 2415 2190 imo
2444 2135 2643 2207 potius
2668 2151 2700 2190 e
2749 2136 2983 2194 diverso
3026 2137 3255 2196 celebre
3304 2141 3442 2197 illud
3468 2158 3560 2198 ve-

1903 2224 2166 2280 hementi
2221 2239 2292 2280 ac
2347 2225 2586 2281 curiosa
2644 2225 3094 2299 investigatione
3145 2229 3560 2302 reddidissent,

1905 2330 2080 2371 suum
2107 2312 2426 2370 effundunt
2441 2313 2703 2371 furorem
2727 2315 3017 2373 adversus
3039 2333 3178 2374 eum
3200 2319 3301 2390 qui
3319 2327 3563 2377 curatus

1905 2405 2122 2460 fuerat.

1983 2493 2154 2549 Vers.
2185 2493 2274 2549 35.
2315 2493 2561 2550 Audiuit
2611 2526 2680 2537 —
2711 2495 2860 2551 Dei?
2901 2497 3067 2554 Venit
3095 2502 3159 2554 ut
3206 2499 3400 2570 majus
3429 2515 3569 2556 con-

1908 2583 2082 2639 ferret
2113 2582 2589 2654 beneﬁciumilli,
2623 2585 2726 2656 qui
2748 2590 2987 2658 propter
3009 2603 3070 2642 se
3099 2588 3292 2645 fuerat
3317 2589 3570 2660 ejectus,

1909 2673 2197 2745 quodque
2222 2672 2522 2728 bonorum
2553 2680 2736 2745 caput
2779 2680 2870 2731 est
2895 2675 3117 2746 tribuit,
3151 2694 3276 2734 sese
3299 2677 3380 2734 illi
3416 2695 3572 2752 prm-

1911 2761 2061 2817 bens
2076 2762 2582 2832 cognoscendum,
2601 2778 2670 2818 ac
2683 2779 2891 2820 verum
2903 2764 3163 2822 efﬁciens
3179 2767 3568 2840 discipulum.

1913 2851 2083 2920 Quod
2115 2858 2314 2908 autem
2343 2852 2462 2908 ait:
2499 2853 2604 2916 Tu,
2637 2859 2880 2926 propter
2912 2855 3046 2912 illos
3094 2857 3260 2923 dixit,
3295 2857 3400 2930 qui
3448 2874 3571 2915 non

1913 2940 2249 2998 credebant.

1988 3032 2152 3088 Vers.
2186 3036 2272 3088 36.
2307 3033 2634 3103 Respondit
2675 3066 2745 3076 —
2771 3051 2900 3092 eum
2928 3037 2958 3090 ?
3005 3038 3116 3109 Spe
3164 3038 3326 3096 bona
3372 3041 3450 3113 (0)
3496 3039 3576 3096 ad

1919 3136 2257 3176 sermonem
2289 3128 2520 3177 erectus
2551 3128 2659 3190 est,
2715 3131 3004 3197 tanquam
3036 3134 3284 3197 paratus
3321 3129 3400 3184 ad
3455 3145 3576 3186 cre-

1919 3209 2186 3264 dendum
2219 3226 2230 3262 :
2273 3216 2326 3264 et
2357 3210 2582 3266 discere
2619 3216 2850 3283 quaerit,
2888 3215 3166 3286 quisnam
3208 3216 3282 3272 sit
3308 3235 3325 3287 ;
3383 3234 3577 3290 neque

1921 3298 2082 3353 enim
2119 3297 2362 3364 sciebat,
2403 3300 2539 3371 quis
2559 3307 2728 3355 esset.

1997 3386 2157 3442 Vers.
2185 3387 2274 3442 37.
2307 3388 2466 3444 Dixit
2509 3419 2574 3428 —
2606 3395 2705 3444 est.
2773 3390 2980 3446 Vidisti
3015 3408 3146 3448 eum
3181 3409 3194 3448 :
3229 3410 3346 3450 non
3387 3395 3578 3467 prius,

1932 3477 2037 3534 sed
2066 3492 2240 3533 nunc.
2273 3478 2401 3532 Non
2428 3477 2594 3543 dixit,
2645 3481 2762 3550 Ego
2791 3497 2949 3546 sum,
2981 3485 3085 3554 qui
3119 3483 3327 3555 aperui
3370 3485 3578 3544 oculos

1932 3572 2086 3624 tuos.
2131 3565 2264 3622 Vult
2292 3565 2452 3623 enim
2483 3567 2924 3640 simplicitatem
2955 3587 3025 3626 ac
3078 3574 3581 3644 praeparationem

1931 3656 2016 3730 (ρ)
2046 3657 2187 3713 fidei
2228 3657 2384 3712 illius
2440 3659 2771 3725 ostendere,
2813 3660 2888 3715 ad
2921 3676 3119 3716 eorum
3163 3663 3270 3734 qui
3326 3679 3584 3735 praesen—

1934 3753 2020 3802 tes
2066 3751 2235 3803 erant
2265 3746 2594 3814 utilitatem,
2630 3764 2700 3804 ac
2729 3749 3143 3807 confusionem
3190 3768 3424 3821 eorum,
3478 3755 3586 3826 qui

1935 3853 2062 3892 cum
2083 3836 2260 3892 multa
2284 3836 2474 3894 edocti
2490 3842 2714 3909 essent,
2729 3839 3029 3913 multaque
3049 3841 3225 3911 signa
3241 3844 3589 3916 conspexis-

1934 3933 2080 3990 sent,
2115 3941 2236 3981 non
2262 3929 2466 3982 tamen
2497 3927 2693 3984 adhuc
2724 3930 3063 3984 credebant.
3112 3931 3260 3986 Nam
3291 3932 3404 3988 hoc
3458 3931 3587 3989 solo

1936 4017 2141 4070 audito
2175 4031 2186 4069 :
2219 4015 2414 4087 thui
2436 4017 2704 4088 loquitur
2733 4025 2921 4075 tecum
2954 4021 3076 4088 ipse
3091 4027 3191 4086 est,
3215 4021 3414 4077 statim
3467 4037 3590 4078 cre-

1935 4105 2126 4170 didit;
2170 4120 2366 4161 sermo
2398 4122 2660 4179 namque
2691 4109 2956 4164 animam
2981 4109 3135 4164 illius
3175 4116 3419 4181 repente
3463 4112 3594 4167 teti-

1939 4195 2041 4264 git,
2074 4210 2328 4265 cumque
2356 4194 2583 4251 bonam
2609 4196 2771 4251 illam
2799 4198 3146 4264 invenisset,
3205 4199 3276 4253 ad
3303 4199 3593 4268 cognitio-

1939 4299 2078 4339 nem
2110 4299 2181 4338 ac
2211 4283 2393 4338 ﬁdem
2433 4300 2570 4340 eam
2609 4285 2982 4342 illuminavit.
3026 4287 3166 4343 Vide
3196 4288 3378 4343 enim.

2013 4372 2178 4427 Vers.
2212 4376 2298 4429 38.
2317 4376 2398 4428 At
2418 4374 2525 4431 ille
2552 4406 2621 4415 —
2645 4390 2782 4431 eum.
2817 4375 3112 4442 Adoravit,
3141 4376 3502 4434 conﬁrmans
3533 4395 3596 4436 se

1943 4461 2202 4517 credere.

2018 4553 2176 4605 Vers.
2209 4551 2297 4606 39.
2329 4551 2406 4606 Et
2435 4583 2504 4592 —
2531 4553 2703 4621 ﬁant.
2736 4553 2912 4626 Atqui
2943 4556 3214 4625 superius
3237 4555 3385 4612 dixit
3423 4557 3598 4614 :Non

1941 4640 2100 4696 misit
2117 4639 2269 4696 Deus
2291 4641 2513 4698 Filium
2532 4657 2700 4698 suum
2712 4643 2774 4700 in
2793 4645 3102 4709 mundum,
3123 4651 3190 4701 ut
3206 4646 3602 4716 judicetmun-

1944 4730 2084 4785 dum
2104 4731 2172 4795 ⁸³,
2194 4729 2296 4784 sed
2310 4729 2604 4801 judicium
2623 4737 2794 4788 vocat
2808 4733 2905 4788 hic
2917 4733 3498 4791 condemnationem.
3514 4737 3602 4794 Ad

1944 4819 2537 4884 condemnationem,
2554 4820 2763 4892 inquit,
2779 4824 3185 4894 quorumdam
3205 4839 3316 4894 ego
3332 4826 3607 4882 incarna-

1944 4914 2040 4965 tus
2071 4924 2206 4965 sum
2241 4924 2418 4967 :nam
2451 4910 2847 4984 interpretans
2888 4928 3226 4970 sermonem
3269 4915 3482 4974 addit:
3529 4916 3606 4974 Ut

1484 5211 1703 5282 Variae
1746 5211 2079 5282 lectiones
2106 5223 2170 5281 et
2195 5220 2401 5282 notae.

471 5355 801 5429 Ὀφθαλμούς
821 5357 1038 5416 omittit
1066 5356 1128 5412 Β.

469 5434 721 5490 Γιννητῆς
752 5435 814 5484 Α.

471 5497 824 5575 ’Υϐρίξουσιν.

318 5356 435 5575 ἓ⁹⁷ἒ

344 5431 412 5484 98

343 5505 409 5558 99

344 5431 412 5484 98

343 5505 409 5558 99

323 5697 406 5770 (ο)
444 5696 560 5767 Spe
591 5696 761 5765 bona,
793 5698 903 5752 etc.
960 5693 1229 5751 Elevatus
1272 5698 1359 5752 est
1407 5709 1684 5752 sermone
1712 5695 1846 5762 hoc,

249 5773 565 5843 tanquam-

327 5837 409 5918 (ᾖ)
448 5838 916 5913 Simplicitatem,
987 5842 1096 5896 etc.
1171 5837 1272 5896 Hic
1320 5837 1527 5895 abesse
1600 5843 1850 5914 poterat,

2055 5357 2108 5426 1)
2139 5361 2356 5411 Κινοῡσι
2382 5364 2446 5412 Δ.

2029 5357 2108 5501 ἓ1)
2139 5361 2356 5411 Κινοῡσι
2382 5364 2446 5412 Δ.

2051 5431 2108 5496 2)
2145 5433 2279 5493 Τοὺς
2315 5429 2550 5487 videtur
2587 5429 2956 5490 addendum.

1962 5695 2585 5775 acpijceparqtioyiem.
2626 5700 2772 5775 Nam
2806 5693 3196 5775 rbizmptsmu
3245 5707 3338 5764 τῆς
3391 5707 3619 5767 πίστεως

1964 5772 2052 5845 est
2088 5767 2218 5845 ejus
2242 5767 2348 5845 qui
2397 5768 2733 5845 simpliciter
2761 5771 2964 5845 credit,
2993 5767 3250 5845 'qu'i'sine
3279 5776 3446 5831 omni
3500 5775 3620 5832 hie-

1965 5838 2278 5907 sitatione,‘
2305 5838 2675 5900 dubitatione
2709 5848 2764 5898 et
2800 5838 2993 5902 nimia
3013 5838 3357 5904 curiositate
3408 5848 3617 5910 credit.
