4088 6436
671 353 807 416 1315

1999 351 2336 419 laurum"
2378 350 2706 420 ZIGABENI

2378 350 2706 420 ZIGABENI
3867 373 3956 430 1316

662 488 773 544 to“
795 487 908 542 ‘ine
923 486 1133 543 mutire
1144 485 1392 558 quidem
1411 488 1704 558 potuistis,
1723 503 1829 545 ora
1842 500 1876 544 a
1895 487 2138 546 veritate
2159 489 2276 546 0th

2367 489 2411 544 Α
2443 485 2568 543 ούδ¹ε
2589 490 2780 564 γρύξαι
2805 493 2980 564 μόνον,
3011 489 3373 566 ἕμγραγέντων
3410 492 3529 566 ύμῖν
3569 493 3680 567 (96)
3703 503 3790 549 τῶν
3817 503 3957 570 στομά-

661 583 792 634 rata
828 575 1141 632 habentes.

735 663 898 722 Vers.
931 668 1018 720 25.
1047 665 1366 734 Respondit
1396 696 1464 704 —
1496 665 1681 722 video.
1712 668 1836 721 Non
1865 665 2014 722 dixit
2054 668 2333 724 dubitan-

662 757 764 821 do,
797 758 886 811 An
925 761 1195 824 peccator
1223 756 1296 810 sit
1327 757 1538 824 nescio,
1596 755 1700 810 sed
1747 771 1944 825 nugas
1983 749 2330 826 hujusmodi

664 860 828 901 more
866 843 1195 900 dubitantis
1234 842 1545 916 repellens.
1574 845 1726 900 Nam
1755 845 1813 899 in
1846 860 2171 916 progressu
2203 861 2329 901 ma-

661 933 941 990 nifestius
960 932 1074 988 hoc
1105 933 1386 1000 ostendit,
1417 933 1622 988 dicens
1649 950 1665 987 :
1691 934 1918 990 Scimus
1945 935 2101 1005 quod
2123 950 2330 1004 pecca-

663 1030 816 1081 tores
845 1025 997 1080 Deus
1035 1038 1155 1078 non
1185 1022 1395 1078 audiat
1437 1024 1506 1074 9°.

733 1114 894 1170 Vers.
919 1115 1005 1168 26.
1027 1112 1323 1168 Dixerunt
1343 1113 1620 1168 —oculos
1650 1112 1676 1166 ‘1'
1703 1114 1846 1168 Cum
1868 1113 1946 1168 ab
1967 1112 2132 1168 omni
2159 1117 2324 1185 parte

661 1201 884 1274 repulsi
913 1205 1130 1266 essent,
1166 1217 1273 1257 nec
1311 1201 1648 1273 quidquam
1695 1217 1921 1265 eorum,
1959 1217 2095 1273 qua:
2126 1202 2328 1258 volue-

663 1297 812 1358 rant,
847 1289 1181 1346 eﬂ'ecissent
1232 1306 1243 1345 :
1291 1306 1527 1345 rursum
1569 1291 1645 1346 ad
1702 1291 1965 1363 primum
2014 1291 2325 1362 quesitum

660 1385 1036 1438 revertuntur
1067 1397 1080 1434 :
1110 1380 1244 1436 ideo
1275 1379 1450 1434 etiam
1482 1379 1532 1434 is
1563 1380 1666 1452 qui
1692 1385 1928 1435 curatus
1979 1380 2174 1436 fuerat
2231 1397 2328 1436 ar-

661 1487 852 1543 guens
881 1470 1032 1536 illos,
1060 1485 1182 1526 non
1207 1470 1334 1540 jam
1362 1469 1579 1535 timide,
1610 1469 1714 1525 sed
1745 1469 1990 1525 liberius
2020 1469 2324 1543 loquendo

660 1559 1001 1632 respondet.

735 1652 891 1705 Vers.
925 1649 1013 1703 27.
1074 1647 1390 1717 Respondit
1424 1677 1488 1688 —
1517 1648 1792 1704 audistis.
1822 1651 1936 1704 Nec
1967 1645 2321 1704 credidistis.

733 1738 897 1794 Vers.
925 1740 1015 1792 27.
1051 1737 1199 1805 Quid
1241 1769 1291 1776 —
1326 1738 1560 1794 audire.
1593 1739 1784 1802 Quam
1817 1737 1897 1793 ob
1920 1753 2172 1793 causam
2196 1752 2326 1793 rur-

660 1844 763 1885 sus
794 1827 1001 1883 audire
1034 1827 1296 1899 quaeritis
1325 1827 1354 1882 ?

734 1918 896 1973 Vers.
927 1921 1017 1974 27.
1057 1918 1215 1972 Num
1243 1947 1313 1958 —
1340 1917 1492 1985 ﬁeri.
1544 1916 1780 1981 Dicens,
1812 1917 1972 1972 Num
1999 1922 2054 1973 et
2094 1931 2213 1984 vos,
2235 1932 2327 1971 os-

661 2006 869 2072 mndit,
908 2006 1073 2078 quod
1097 2006 1224 2078 ipse
1249 2006 1426 2078 paulo
1457 2012 1594 2062 ante
1626 2007 1816 2062 factus
1863 2011 2036 2070 esset,
2065 2011 2121 2062 et
2146 2008 2324 2062 conﬁ-

662 2096 1395 2160 denteridfatebatur,non
1425 2102 1696 2152 metuens
1730 2096 1964 2151 illorum
1997 2096 2321 2161 insaniam;

661 2186 813 2243 adeo
844 2185 1010 2241 fortis
1035 2191 1122 2240 est
1147 2186 1381 2252 veritas,
1427 2191 1486 2240 ut
1517 2201 1619 2241 eos
1651 2186 1914 2240 libertate
1947 2183 2190 2257 repleat,
2220 2183 2323 2257 qui

659 2275 858 2346 ipsam
890 2275 1199 2344 elegerint:
1249 2274 1634 2331 mendacium
1684 2290 1820 2330 vero
1851 2274 1998 2330 adeo
2034 2273 2324 2329 imbecille

660 2371 725 2423 ut
753 2381 854 2422 eos
883 2380 1144 2438 quoque,
1169 2365 1273 2438 qui
1299 2364 1478 2421 fortes
1513 2369 1672 2434 sunt,
1701 2363 1914 2420 reddat
1945 2363 2214 2420 timidos.

733 2543 896 2599 Vers.
917 2542 1004 2598 28.
1031 2541 1362 2599 Conviciati
1382 2572 1450 2583 —
1471 2541 1774 2610 discipuli.
1797 2573 1864 2582 —
1881 2543 2086 2613 Neque
2104 2541 2278 2597 Moris
2305 2558 2318 2607 ;

659 2649 807 2690 nam
859 2631 908 2686 si
936 2632 1109 2687 Mosis
1138 2631 1372 2696 essetis,
1426 2631 1628 2701 utique
1668 2637 1722 2686 et
1749 2631 1956 2686 Christi
2009 2631 2234 2686 essetis.
2260 2632 2326 2688 St

661 2722 993 2786 crederetis,
1037 2721 1242 2792 inquit,
1288 2720 1454 2784 Mosi,
1481 2721 1801 2777 crederetis
1843 2722 2041 2792 utique
2065 2720 2215 2776 mihi
2255 2722 2320 2771 ιο.

735 2899 893 2954 Vers.
927 2902 1014 2954 29.
1038 2899 1157 2954 Nos
1177 2929 1242 2940 —
1269 2899 1366 2954 sit.
1390 2897 1552 2954 Unde
1576 2898 1798 2953 missus
1833 2897 1927 2953 sit.
1951 2898 2121 2971 Atqui
2142 2898 2322 2954 variis

660 2988 723 3045 in
755 2986 900 3042 locis
927 2987 1271 3053 docuitvos,
1305 2988 1408 3059 qui
1440 2987 1554 3042 sint
1585 2987 1837 3043 ferentes
1858 2987 1932 3043 de
1963 3004 2025 3042 se
2066 2988 2324 3043 testimo-

661 3077 861 3134 nium:
894 3084 1038 3148 puta
1052 3077 1334 3144 Joannes,
1352 3092 1535 3149 opera
1553 3092 1686 3149 quas
1705 3076 1841 3132 facit
1866 3087 1923 3133 et
1946 3080 2133 3143 Pater,
2148 3077 2250 3149 qui
2269 3081 2326 3132 et

664 3167 844 3259 Deus.
896 3169 998 3259 At_
1057 3173 1212 3259 certe
1283 3165 1358 3222 de
1424 3166 1580 3221 Mose
1646 3166 1885 3232 auditis,
1921 3182 2060 3259 ‘non
2120 3169 2395 3259 autemc

660 3255 930 3313 videtis:
987 3255 1167 3328 hujus
1222 3272 1359 3312 vero
1406 3271 1586 3327 opera
1632 3271 1753 3312 non
1820 3255 2034 3312 auditis
2102 3255 2321 3320 solum,

663 3361 872 3402 verum
893 3345 1070 3401 etiam
1094 3345 1326 3412 videtis,
1355 3349 1411 3401 et
1437 3345 1639 3406 nostis,
1673 3343 1840 3417 quod
1870 3343 2026 3401 oculi
2070 3343 2185 3400 sint
2223 3359 2327 3400 au-

662 3435 830 3492 ribus
857 3434 975 3490 ﬁde
997 3433 1323 3504 digniores.

735 3524 897 3580 Vers.
929 3528 1017 3580 30.
1051 3524 1374 3594 Respondit
1415 3554 1484 3564 —
1530 3525 1750 3580 oculos.
1788 3523 1957 3588 Quod
1984 3539 2121 3578 cum
2152 3521 2324 3578 vobis

661 3614 904 3684 ignotus
928 3612 1019 3677 sit,
1053 3618 1109 3668 et
1138 3612 1448 3683 inglorius,
1485 3629 1649 3669 meos
1668 3612 1902 3684 aperuit
1930 3611 2159 3683 oculos,
2192 3612 2328 3668 tale-

664 3719 774 3774 que
801 3703 977 3758 edidit
1008 3701 1384 3758 miraculum.
1436 3705 1580 3757 Nam
1635 3702 1679 3756 si
1715 3702 1787 3756 de
1813 3701 2149 3771 insignibus
2181 3707 2331 3757 esset

665 3797 723 3847 et
751 3791 1044 3862 gloriosis,
1078 3807 1461 3864 nequaquam
1496 3798 1724 3847 tantum
1758 3797 1913 3847 esset
1953 3790 2324 3846 miraculum.

668 3880 873 3952 Itaque
913 3895 1170 3949 magnus
1207 3879 1516 3952 quispiam
1548 3887 1657 3945 est,
1690 3896 2043 3952 quanquam
2082 3896 2190 3936 vos
2219 3896 2329 3936 ne—

670 3969 871 4025 sciatis
911 3969 1070 4024 unde
1104 3969 1198 4024 sit.

743 4058 909 4115 Vers.
944 4060 1030 4115 31.
1062 4059 1290 4115 Scimus
1313 4089 1380 4101 —
1411 4059 1601 4115 audit.
1633 4058 1774 4113 Vide
1792 4062 2205 4115 contexturam
2238 4059 2325 4130 (η)

672 4149 1046 4222 etquomodo
1075 4148 1419 4203 mirabiliter
1435 4155 1877 4219 argumentatur
1902 4164 1972 4204 ac
1993 4165 2330 4204 sermonem

671 4245 908 4310 augeat.
944 4238 1086 4294 Vere
1111 4239 1268 4292 enim
1310 4252 1432 4292 non
1459 4237 1846 4292 exterioribus
1874 4243 2103 4293 tantum
2143 4237 2332 4294 oculis

669 4327 1039 4385 illuminatus
1059 4333 1161 4391 est,
1180 4325 1284 4381 sed
1301 4331 1354 4382 et
1373 4325 1768 4382 interioribus.
1786 4329 1932 4382 Nam
1946 4326 2088 4398 quia
2107 4328 2163 4381 in
2180 4343 2327 4399 pre-

669 4417 1016 4473 cedentibus
1051 4415 1323 4471 dixerant
1367 4430 1379 4468 ε
1411 4416 1534 4471 Nos
1563 4417 1798 4480 scimus,
1831 4416 1991 4486 quod
2033 4417 2130 4472 hic
2159 4416 2327 4472 homo

667 4513 947 4577 peccator
962 4507 1097 4562 est"
1118 4524 1132 4572 ;
1154 4511 1292 4560 tunc
1317 4503 1557 4575 quidem
1583 4521 1746 4560 more
1764 4503 2087 4560 dubitantis
2103 4520 2332 4560 sermo-

669 4611 810 4653 nem
841 4593 1070 4667 repulit,
1115 4609 1275 4650 nunc
1309 4609 1445 4650 vero
1476 4599 1763 4666 tanquam
1795 4593 2063 4650 libertate
2096 4593 2328 4666 plenus,

2441 599 2542 632 των
2572 581 2672 632 ύπό
2702 589 2792 641 τῆς
2823 579 3083 644 ἀληθείας.

2517 668 2799 741 Ἀπεκρίθη
2835 701 2898 710 —
2929 668 3124 743 βλέπω.
3171 674 3262 738 Τὸ,
3308 671 3368 724 Εἰ
3415 671 3703 746 ἁμαρτωλός
3742 673 3876 747 ἐστιν,
3899 679 3958 730 οὐκ

2442 754 2528 810 οἶδ
2534 778 2582 822 α,
2627 759 2684 810 ού
2713 756 2980 820 διστάζων
3013 762 3147 813 εἶπεν
3179 759 3287 812 ἀλλ’
3319 759 3366 812 έν
3399 767 3639 834 σχήματι
3667 759 3956 832 διστάζοντος,

2440 852 2907 921 παραπεμπόμενος
2957 853 3043 901 τὸν
3088 858 3319 903 τοιοῦτον
3373 850 3646 924 γλήναφον.
3695 859 3864 925 Προίὼν
3895 862 3956 931 γὰρ

2441 942 2782 1010 φανερώτερον
2814 936 3148 1010 ἀποφαίνεται
3177 938 3354 1011 λέγων·
3387 937 3615 1014 Οἶδαμεν
3653 937 3707 994 δὲ
3744 944 3813 995 ότι
3849 943 3958 1018 ἁμαρ-

2438 1025 2610 1076 τωλῶν
2640 1029 2671 1077 ὅ
2697 1030 2827 1088 Θεὸς
2867 1027 2960 1079 ούκ
2988 1026 3184 1083 ἀχούιι.

2509 1113 2663 1168 Εἶπον
2740 1146 2810 1157 —
2883 1117 3214 1190 ὀφθαλμούς
3269 1120 3604 1190 Πανταχόθεν
3656 1118 3955 1194 ἀποκρουσθὲν

2437 1223 2532 1266 τις,
2588 1209 2676 1257 καὶ
2733 1202 2899 1278 μηδὲν
2955 1207 3023 1258 ὧν
3098 1206 3384 1276 ὶεοὺλοντο,
3444 1205 3740 1270 δυνηθέντες
3807 1209 3954 1270 ἁνύσαι,

2437 1293 2587 1346 πάλιν
2630 1293 2712 1348 ἐπὶ
2760 1300 2817 1348 τό
2849 1300 3092 1371 πρότερον
3146 1295 3390 1372 έρώτημα
3448 1303 3760 1374 στρέφονται.
3804 1304 3871 1352 Διὸ
3900 1308 3954 1352 καὶ

2435 1388 2722 1455 καταγνούς
2753 1385 2921 1437 αὐτῶν
2951 1387 2976 1437 6
3006 1388 3456 1460 τεθεραπευμένος,
3500 1388 3597 1440 ούκ
3626 1392 3694 1441 ἔτι
3721 1389 3816 1461 μεθ’
3849 1391 3955 1441 ὑπος-

2434 1473 2553 1532 τολῆ
2567 1495 2606 1540 ς,
2632 1472 2758 1526 ἀλλὰ
2786 1474 3371 1552 παρρησιαστικώτερον
3398 1476 3744 1554 ἀποκρίνεται.

2506 1653 2791 1728 ’Δπεχρίθη
2832 1685 2886 1695 -
2922 1654 3200 1713 ἠκούσατε.
3236 1656 3347 1708 Ούκ
3369 1654 3727 1714 ἐπιστεύσατε.

2503 1747 2567 1795 Τί
2662 1773 2730 1783 -
2824 1741 3063 1812 ἀκούειν;
3117 1749 3266 1806 Τίνος
3350 1746 3510 1799 ἕνεκεν
3597 1745 3743 1798 πάλιν
3815 1749 3953 1806 turriti

2358 1845 2402 1900 Β
2435 1830 2642 1884 ἀκούειν
2672 1850 2685 1900 ;

2507 1926 2593 1980 Μὴ
2671 1952 2739 1964 —-
2813 1925 3091 1994 γενέσθαι;
3123 1924 3291 1977 Εἰπὼν
3366 1925 3447 1977 ὅτι
3535 1929 3620 1983 Μὴ
3699 1929 3778 1976 καὶ
3839 1925 3947 1995 ὑμεῖς,

2435 2008 2624 2074 ἔδειξεν
2672 2012 2751 2064 ὄτι
2804 2013 2958 2074 αὐτὸς
3020 2018 3145 2076 τέως
3207 2011 3339 2079 ἐστὶ,
3408 2018 3499 2066 καὶ
3562 2012 3827 2088 θαρραλέως
3864 2016 3950 2076 6,29-

2434 2100 2623 2172 λόγησε
2706 2105 2777 2172 μὴ
2861 2097 3131 2164 δειλιάσας
3196 2107 3289 2160 τὴν
3363 2105 3557 2174 μανίαν
3615 2102 3786 2155 αύτῶν.
3835 2100 3950 2160 031's;

2437 2190 2662 2262 ἰσχυρὸν
2732 2191 2761 2247 ἠ
2849 2188 3083 2258 ἀλήθεια,
3156 2190 3458 2265 παρρησίας

2436 2279 2701 2351 ἑλομένους
2731 2279 2918 2348 αὐτὴν,
2949 2285 3039 2332 καὶ
3082 2279 3126 2332 εἰ
3153 2288 3251 2332 τῶν
3283 2279 3675 2355 ἀπερριμμένων
3710 2276 3824 2333 εἶεν·
3857 2282 3894 2329 τὸ
3916 2273 3946 2328 δὲ

2434 2365 2572 2440 quod
2576 2388 2626 2429 ος
2660 2369 2954 2421 τούναντίον
2986 2367 3214 2434 ἀσθενες,
3245 2365 3279 2422 δ
3284 2369 3448 2432 ειλοὺς
3496 2369 3869 2444 ἀπεργαζόμενον
3895 2372 3943 2417 καὶ

2434 2462 2550 2518 τούς
2574 2458 2853 2530 ἰσχυρούς.

2508 2544 2884 2623 Ἐλοιδόρησαν
2926 2578 2991 2588 -
3035 2549 3289 2620 μαθηταί.
3323 2580 3391 2589 -
3434 2545 3583 2603 Ούδὶ
3616 2556 3706 2602 τοῦ
3752 2552 3926 2603 Maioris;

2436 2636 2493 2690 Εἰ
2522 2640 2622 2711 γὰρ
2667 2645 2758 2689 τού
2813 2640 3075 2699 Μωϋσέως
3117 2634 3226 2702 ἦτε,
3269 2641 3361 2690 καὶ
3403 2646 3496 2690 τοῦ
3548 2645 3773 2714 Χριστοῦ
3798 2636 3844 2688 ἂν
3875 2631 3935 2690 ξτε-

2436 2726 2495 2777 Εὶ
2562 2728 2685 2798 γὰρ,
2759 2724 3070 2792 ἐπιστεύετε,
3131 2730 3278 2798 φησὶ,
3343 2733 3584 2793 Μωύσεί,
3638 2723 3942 2780 έπιστεύετιᾶν

3546 2190 3830 2264 ἔμπιπλὼσιι
3882 2194 3948 2245 τοὺς

2436 2834 2572 2887 εμοι.

2504 2903 2675 2976 Ἡμεῖς
2726 2933 2794 2945 -
2843 2902 2972 2958 έστί.
3030 2905 3189 2957 Πόθεν
3242 2903 3534 2963 ἀπεστάλη.
3615 2909 3712 2959 Καὶ
3754 2909 3837 2976 μὴν
3878 2897 3951 2952 διί-

2436 2998 2600 3066 φόρως
2648 2989 2888 3056 ἐδίδαξεν
2941 2995 3094 3065 ὑμᾶς,
3139 2998 3271 3055 τίνες
3318 3003 3651 3067 παρτυρούσι
3696 2999 3798 3067 περὶ
3831 2991 3948 3044 αὐτον.

2435 3086 2516 3136 ὃτι
2573 3084 2598 3134 6
2642 3084 2904 3148 Ἰωάννης,
2956 3085 3037 3135 ὁτι
3075 3087 3138 3135 τὰ
3184 3086 3309 3156 ἔργα
3359 3083 3393 3135 ἃ
3439 3091 3601 3150 ποιεῖ,
3656 3086 3733 3137 ὅτι
3776 3084 3798 3134 6
3835 3084 3951 3146 nati;

2435 3178 2524 3224 καὶ
2596 3176 2744 3233 Θεός·
2824 3170 2951 3223 ἀλλὰ
3024 3177 3142 3246 περὶ
3205 3177 3468 3234 Μωύσέως
3543 3176 3636 3246 μεν
3693 3171 3881 3231 ἀκούετε,
3920 3165 3953 3216 οὗ

2435 3267 2538 3335 μὴν
2567 3260 2778 3334 βλέπετε
2811 3280 2823 3292 ·
2873 3263 2939 3312 τὰ
2975 3263 3104 3334 ἔργα
3152 3257 3210 3314 δε
3258 3263 3443 3313 τούτου
3489 3262 3550 3314 ού
3607 3267 3751 3335 μόνον
3798 3259 3954 3319 ἀκούετε,

2436 3350 2563 3403 ἀλλὰ
2614 3355 2704 3402 καὶ
2759 3348 2992 3422 βλέπετε,
3037 3354 3128 3402 καὶ
3177 3346 3376 3418 οἴδατε,
3436 3351 3519 3403 ὅτι
3588 3349 3822 3424 ὀφθαλμοὶ
3863 3350 3955 3395 ὢτων

2435 3445 2752 3510 πιστότεροι.

2507 3530 2786 3600 Ἀπεκρίθη
2883 3558 2949 3569 -

2437 3624 2525 3671 καὶ
2581 3614 2772 3680 ἄδοξος
2819 3617 2907 3687 ὧν,
2963 3617 3146 3689 ἀνέῳξί
3211 3637 3310 3690 μου
3376 3622 3498 3679 τούς

3053 3527 3370 3601 ὀφθαλμούς.
3454 3528 3577 3582 Ὀτι
3634 3530 3747 3601 ὑμῖν
3818 3528 3955 3592 ᾶπμιξ

3586 3617 3868 3691 ὀφθαλμούς,
3903 3615 3959 3663 καὶ

2437 3712 2686 3765 πεποίηκε
2726 3706 3027 3764 τηλικοῦτον
3084 3709 3278 3779 θαῦμα.
3333 3707 3392 3760 Εἰ
3437 3710 3537 3780 γὰρ
3597 3704 3656 3765 ἦν
3710 3715 3798 3758 τῶν
3835 3703 3959 3755 iam

2437 3819 2544 3870 μων
2609 3800 2699 3848 καὶ
2747 3793 2986 3859 ἐνδόξων,
3058 3795 3149 3848 ούκ
3207 3795 3267 3848 ἂν
3304 3805 3554 3849 τοσοῦτον
3605 3793 3663 3855 ἦν
3712 3796 3960 3866 θαυμαστὸν.

2435 3885 2596 3938 Ὠστι
2621 3890 2783 3958 μέγας
2814 3890 2890 3946 τίς
2923 3883 3082 3954 ἔστιν,
3115 3885 3158 3938 εἰ
3199 3884 3290 3938 καί
3329 3887 3472 3958 ὑμεῖς
3520 3886 3616 3938 ούκ
3662 3881 3823 3938 οῖδατε
3861 3880 3962 3932 πόθεν

2438 3977 2598 4030 ἐστίν.

2510 4060 2741 4137 Οἴδαμεν
2796 4094 2862 4104 -
2935 4062 3130 4118 ἀκούει.
3215 4063 3370 4117 Βλέπε
3449 4066 3674 4127 σύνεσιν,
3741 4069 3836 4120 πῶς
3881 4058 3963 4108 of"

2439 4158 2640 4226 μασίως
2708 4151 3094 4224 σνλλογίζεται,
3157 4159 3243 4205 καὶ
3313 4153 3456 4216 αὔξει
3508 4157 3594 4206 τὸν
3649 4152 3805 4222 λόγον.
3850 4147 3961 4215 Ἐφεθ·

2439 4245 2596 4301 τίσθη
2653 4244 2754 4314 γὰρ
2823 4246 2976 4302 ὅντως
3055 4242 3115 4294 ού
3190 4246 3311 4304 τούς
3362 4242 3457 4305 ῖξω
3511 4247 3663 4314 μόνον
3725 4236 3960 4311 ὀφθαλμσῦἱν

2441 4331 2568 4383 ἀλλὰ
2607 4337 2697 4383 καὶ
2739 4335 2859 4392 τούς
2912 4327 3076 4386 ἔνδον.
3122 4331 3260 4385 Ἐπεί
3305 4333 3407 4405 γὰρ
3482 4328 3807 4405 προλαϐόντις
3850 4321 3956 4375 εἷπον.

2438 4421 2609 4493 Ἡμεῖς
2661 4416 2876 4492 οἴδαμεν
2939 4422 3019 4472 ὅτι
3085 4421 3110 4472 6
3181 4422 3452 4494 ἄνθρωπος
3517 4419 3662 4480 οὗτος
3735 4409 3958 4489 ἁμαρτωλός

2440 4509 2571 4562 ἐστι·
2616 4514 2728 4561 τότι
2785 4512 2875 4581 μιν
2925 4507 2972 4560 έν
3045 4513 3285 4581 σχήματι
3344 4505 3689 4569 διστάζοντος
3747 4499 3954 4575 nepa???

2443 4618 2570 4651 σατο
2609 4602 2695 4650 τὸν
2746 4597 2896 4669 λόγον
2929 4619 2945 4634 ο
2985 4605 3072 4649 νῦν
3122 4594 3180 4652 δε
3226 4596 3525 4672 παρρησίας
3563 4597 3632 4649 ὢν
3683 4596 3847 4668 μεστός
3881 4587 3955 4638 ἀπε·

670 4665 923 4742 ostendit
961 4685 1122 4740 hunc
1178 4699 1301 4738 non
1353 4699 1483 4739 esse
1535 4665 1931 4754 peccatorem,
1971 4665 2284 4754 sedpotii‘

2362 4665 2405 4719 θ
2441 4685 2666 4741 δεικνύει
2737 4694 2918 4739 τοῦτον
2969 4692 3041 4760 μὴ
3103 4691 3223 4740 ὄντα
3296 4686 3618 4760 ἁμαρτωλὸν,
3680 4685 3722 4737 εἰ
3787 4685 3846 4754 μή
3904 4693 3951 4724 καί

670 4773 774 4828 Dei
839 4773 1123 4830 cultorem
1181 4789 1252 4828 ac
1301 4771 1398 4827 Dei
1449 4771 1817 4828 voluntatem
1871 4771 2326 4843 adimplentem.

673 4861 978 4934 Siquidem
1009 4862 1207 4918 adhuc
1227 4877 1367 4916 eum
1391 4859 1692 4916 hominem
1725 4877 1856 4917 esse
1888 4860 2326 4932 suspicabatur,

673 4955 737 5006 ut
761 4950 1043 5006 diximus.
1077 4953 1418 5007 Peccatores
1464 4957 1660 5006 autem
1705 4951 1859 5006 Deus
1899 4966 2017 5006 non
2047 4949 2235 5015 audit,
2266 4950 2329 5004 in

671 5041 1025 5114 hujusmodi
1059 5042 1324 5099 videlicet
1360 5041 1687 5098 miraculis.

744 5131 910 5190 Vers.
937 5135 1025 5189 32.
1055 5134 1105 5188 Α
1144 5163 1213 5174 ——-
1259 5132 1424 5189 Vers.
1485 5135 1572 5188 33.
1613 5131 1962 5204 quidquam.
1991 5131 2330 5204 Quidquam

743 5312 794 5350 ι’
827 5311 1003 5370 Joan.
1041 5327 1160 5379 viu,
1196 5313 1286 5368 46.
1361 5311 1410 5348 ⁸ο
1438 5309 1613 5370 Joan.
1642 5326 1724 5378 1x,
1755 5311 1844 5367 3t.

1924 5312 1968 5349 ἰ
1995 5312 2166 5368 Joan.
2207 5326 2257 5378 ν,
2285 5310 2376 5368 46.

2439 4777 2628 4850 μᾶλλον
2674 4775 2912 4844 θεοσεϐῆ,
2965 4781 3055 4829 καὶ
3107 4779 3165 4828 τό
3210 4775 3408 4849 θέλημα
3462 4783 3551 4828 τοῦ
3583 4779 3708 4828 Θεοῦ
3760 4773 3945 4824 ποιοῦντί

2439 4866 2555 4921 Ἔτι
2577 4868 2680 4938 γὰρ
2719 4867 2987 4940 ἄνθρωπον
3017 4873 3195 4918 τοῦτον
3225 4864 3596 4939 ὑπελάμϐανεν,
3644 4865 3707 4922 ὡς
3735 4859 3943 4932 εἰρήκαμ-

2437 4953 2777 5030 Ἀμαρτωλών
2801 4950 2834 5006 δ
2839 4959 2859 5006 ε
2883 4955 2909 5007 6
2933 4957 3064 5018 Θεὸς
3095 4954 3189 5008 οὐκ
3207 4952 3398 5020 ἀκούει,
3425 4953 3507 5007 ἐπὶ
3526 4955 3770 5010 τοιούτοις
3793 4949 3935 5014 0113511?-

2441 5041 2705 5102 δηλονότι.

2512 5133 2599 5186 Ἐκ
2652 5163 2720 5173 -
2769 5129 2941 5187 οὐδέν.
2987 5129 3156 5190 Ούδεν
3213 5140 3460 5188 τοιοῦτον.
3518 5130 3719 5205 Τνφλοῦ
3765 5126 3840 5200 μὶν
3887 5117 3938 5188 Ἱάἓ

2467 5312 2515 5349 ³³
2544 5309 2715 5368 toan.
2747 5325 2825 5382 ix,
2856 5308 2946 5368 24.

1925 5490 2151 5561 Varias
2179 5489 2508 5560 lectiones
2540 5498 2605 5560 et
2636 5500 2838 5559 notae.

745 5607 858 5684 (96)
894 5603 1061 5664 ’Υαῶν
1102 5609 1140 5661 Α
1151 5646 1163 5664 .

749 5790 830 5864 (n)
861 5788 1316 5848 Canter-turam.
1345 5779 1742 5843 Prudentiam.
1777 5783 1942 5844 Forte
1968 5788 2257 5864 interpres
2283 5783 2505 5845 invenit
2539 5785 2776 5842 σύνθεσιν
2803 5792 2907 5846 aut
2937 5781 3100 5846 aliud
3129 5781 3277 5863 quid
3301 5783 3510 5849 simile.
