4088 6464
183 406 323 471 131⁸1

184 637 333 689 νετῆς
382 627 498 694 (98)
543 621 733 685 οὐδείς.
785 626 982 677 Λοιπὸν
1028 625 1196 674 τοίνυν
1241 623 1299 672 τὸ
1339 617 1653 693 ὑπερϐάλλον
1702 623 1793 668 τοῦ

190 721 460 790 θαύματος
491 718 622 768 θεῖόν
653 735 770 766 τινα
795 710 1019 766 δεικνύει
1047 716 1134 763 τὸν
1157 709 1374 784 ἐργάτην
1401 708 1577 761 αὐτοῦ.
1610 707 1668 758 Ὀ
1695 709 1795 780 γὰρ

190 811 372 881 μεῖζον
401 807 604 859 πάντων
632 813 729 857 τῶν
756 803 1085 876 ἀνθρωπίνων
1115 802 1390 872 θαυμάτων
1417 806 1576 851 ποιῶν
1607 797 1797 868 μείζων

192 899 300 972 ἄρα
328 898 531 949 πάντων
557 902 655 946 τῶν
686 892 952 968 ἀνθρώνων
987 889 1145 942 ἐστίν.

273 1073 662 1144 Ἀπεκρίθησαν
793 1098 862 1113 --
944 1070 1114 1141 ἡμᾶς;
1209 1065 1322 1118 Οὐκ
1415 1069 1633 1136 ἤνεγκαν
1715 1065 1801 1116 τὸν

195 1161 438 1236 λαμπρὸν
507 1159 722 1232 ἔλεγχον
780 1163 868 1210 καὶ
940 1162 1034 1215 τήν
1099 1163 1349 1228 περιφανῆ
1403 1159 1588 1212 νίκην·
1663 1172 1800 1225 περι-

197 1255 493 1325 τραπείσης
541 1245 600 1301 δε
655 1257 750 1310 τῆς
804 1251 1057 1319 πονηρίας
1111 1247 1247 1296 κατά
1320 1251 1412 1305 τῆς
1471 1243 1663 1295 ἑαυτῶν
1727 1261 1806 1294 κε-

200 1339 390 1412 φαλῆς,
461 1338 788 1412 ὀργισθέντες
852 1333 1066 1411 ὕϐριζον
1133 1333 1245 1404 (99)
1318 1332 1490 1398 αὐτὸν,
1554 1332 1802 1402 λέγοντες

202 1427 520 1501 Λμαρτωλός
601 1429 664 1479 σὺ
737 1426 1012 1498 ἐγεννήθης
1093 1423 1236 1485 ὅλως,
1305 1425 1467 1492 ἤγουν
1551 1426 1637 1478 τὴν
1715 1420 1810 1494 ἀρ-

793 1098 862 1113 -
944 1070 1114 1141 ἡμᾶς;

201 1523 333 1590 χὴν,
397 1517 454 1570 ἐκ
517 1522 725 1588 πρώτης
779 1514 1002 1574 ἡλικίας.
1061 1511 1437 1585 ’Υπελάμϐανον
1493 1513 1594 1584 γὰρ
1653 1510 1808 1562 αὐτὸν

204 1604 436 1668 ἀνοήτως
502 1603 574 1658 δι’
634 1603 892 1680 ἀμαρτίας
941 1604 1080 1662 τινάς
1134 1601 1322 1673 τυφλὸν
1377 1602 1687 1672 γεννηθῆναι
1740 1600 1810 1662 εἰς

203 1693 476 1758 ἀπόδειξιν
534 1701 626 1747 τοῦ
689 1691 819 1746 εἶναι
881 1692 1036 1745 αὐτὸν
1098 1690 1422 1764 ἁμαρτωλὸν.
1483 1694 1665 1743 Καίτοι
1720 1693 1810 1740 καὶ

201 1784 511 1860 ἁμαρτωλὸς
537 1783 623 1836 ἐὰν
655 1779 737 1849 ἦν,
770 1787 890 1844 τοὺς
918 1781 1103 1853 λόγους
1141 1778 1247 1833 ἔδει
1276 1783 1462 1832 τούτου
1495 1776 1810 1852 δοκιμάσαι,

203 1875 250 1929 εἰ
278 1873 487 1934 ἀληθεῖς
518 1872 621 1926 εἰσι
654 1889 666 1902 ·
698 1876 748 1925 τί
771 1874 873 1944 γὰρ
902 1872 1095 1923 οἴτοπον
1126 1867 1260 1923 εἶπεν
1285 1887 1298 1936 ;

285 1969 386 2018 Καὶ
433 1995 501 2005 -
549 1963 664 2025 ἔξω.

205 2074 348 2129 ρυκα
405 2062 502 2114 τῆς
564 2051 826 2118 ἀληθείας,
884 2053 953 2113 ὡς
1017 2053 1255 2122 μαθητὴν
1327 2046 1483 2109 δῆθεν
1537 2057 1628 2101 τοῦ
1687 2057 1816 2122 Χρι-

211 2151 366 2196 στοῦ.
421 2145 506 2200 Μὴ
558 2137 859 2200 δυνηθέντες
914 2142 1014 2212 γὰρ
1071 2140 1359 2211 ἐπηρεάσαι
1434 2146 1504 2209 τῷ
1569 2141 1818 2211 θαύματι,

214 2232 516 2285 τούναντίον
568 2226 627 2283 δε
674 2229 863 2300 μᾶλλον
907 2227 1215 2303 περιϐόητον
1262 2227 1387 2280 αύτό
1441 2224 1536 2280 διὰ
1576 2235 1669 2289 τῆς
1725 2247 1822 2280 πο-

211 2321 680 2396 λυπραγμοσύνης,
705 2323 1037 2384 ποιήσαντες,
1062 2325 1270 2370 κενοῡσι
1291 2317 1371 2389 (1)
1392 2321 1480 2370 τόν
1503 2319 1662 2390 θυμὸν
1688 2319 1824 2370 κατά

215 2417 314 2464 τοῦ
344 2411 561 2482 θεραπευ
570 2410 712 2461 θέντο
721 2427 761 2469 ς.

741 1962 1178 2032 ’Δποσυνάγωγόν
1249 1959 1498 2018 ἐποίησαν
1571 1963 1657 2012 τὸν
1722 1964 1816 2017 κη-

292 2501 551 2556 ’Ήκουσεν
623 2531 690 2542 -—
747 2505 912 2571 Θεοῦ;
984 2499 1238 2571 Ἔρχεται
1307 2499 1483 2570 μεῖζον
1569 2498 1825 2572 εὐεργετή-

212 2611 325 2645 σων
355 2594 440 2643 τὸν
484 2588 790 2648 ἐκϐληθέντα
835 2586 908 2642 δι’
954 2589 1130 2654 αὐτὸν,
1180 2592 1269 2640 καὶ
1315 2584 1514 2640 δίδωσι
1556 2591 1615 2639 τὸ
1667 2591 1827 2660 κεφά-

208 2681 361 2733 λαιον
441 2687 540 2731 τὼν
615 2678 843 2751 ἀγαθῶν,
923 2678 1190 2752 γνωρίζων
1264 2677 1444 2729 ἑαυτὸν
1515 2677 1678 2747 αύτῷ,
1738 2683 1827 2730 καὶ

209 2771 456 2844 μαθητὴν
490 2767 657 2840 ἀγαθῆ
691 2776 851 2821 ποιῶν
875 2783 888 2798 ⁸
919 2771 974 2820 τὸ
1003 2763 1062 2819 δὲ
1093 2769 1159 2818 σύ
1197 2762 1232 2818 δ
1236 2767 1268 2818 ι’
1300 2765 1526 2828 ἐκείνους
1569 2765 1705 2819 εἶπεν
1746 2767 1826 2840 (2)

213 2859 587 2920 ἀπιστοῦντας.

302 3037 584 3112 Ἀπεκρίθη
646 3067 714 3078 —
766 3035 960 3101 αύτόν;
1003 3035 1356 3108 Ἀνεπτερὼθη
1420 3043 1492 3104 τῷ
1551 3035 1708 3106 λόγῳ,
1768 3037 1832 3097 ὡς

230 3129 439 3198 ἕτοιμος
483 3126 554 3188 εἰς
584 3129 641 3177 τὸ
671 3133 977 3188 πιστεῦσαι,
1010 3128 1100 3176 καὶ
1136 3124 1284 3184 ζητεῖ
1329 3126 1510 3196 μαθεῖν
1540 3129 1619 3186 τίς
1670 3123 1832 3175 ἐστιν·

235 3215 298 3268 ού
323 3218 425 3290 γὰρ
458 3215 717 3272 ἠπίστατο
743 3218 823 3276 τίς
853 3213 1013 3267 ἔστιν.

313 3389 438 3443 Eine
498 3421 550 3430 —
584 3388 744 3444 ἐστίν.
799 3421 861 3431 -
918 3389 1174 3463 Ἑώρακας
1226 3388 1402 3451 αὐτὸν,
1459 3387 1516 3440 ού
1568 3392 1836 3462 πρότερον,

243 3479 372 3532 ἀλλά
415 3489 522 3533 νύν.
572 3483 674 3532 Καὶ
714 3479 808 3531 ούκ
845 3481 1000 3546 εἶπεν,
1048 3484 1179 3550 Ἐγώ
1257 3477 1363 3548 εἰμι
1415 3478 1440 3528 ὁ
1489 3476 1691 3540 ἀνοίξας
1720 3481 1840 3541 τοὺς

245 3569 540 3642 ὀφθαλμούς
594 3586 709 3623 σου.
760 3567 1002 3621 Βούλεται
1049 3571 1147 3639 γὰρ
1207 3563 1378 3630 δεῖξαι
1427 3570 1483 3618 τό
1543 3564 1842 3641 ἀπερίεργον

244 3665 340 3719 τῆς
402 3663 629 3720 πίστεως
676 3657 834 3711 αὐτοῦ
906 3661 1037 3730 πρὸς
1088 3655 1328 3728 ὠφέλειαν
1386 3663 1487 3707 τῶν
1556 3665 1846 3714 τηνικαῦτα

245 3752 532 3820 παρόντων,
595 3752 685 3800 καὶ
739 3745 986 3820 ἐντροπὴν
1035 3754 1134 3798 τῶν
1196 3749 1283 3796 καὶ
1328 3745 1494 3798 πολλά
1553 3742 1845 3818 διδαχθέν-

247 3857 369 3902 των,
446 3840 531 3888 καὶ
586 3836 750 3889 πολλά
809 3844 1002 3902 σημεῖα
1063 3838 1407 3907 θεασαμένων,
1459 3840 1547 3887 καὶ
1617 3839 1688 3907 μὴ
1768 3856 1851 3888 πι-

251 3928 575 3978 στευσάντων
632 3928 726 3980 ἔτι.
777 3931 944 3978 Μόνον
989 3927 1090 3997 γὰρ
1155 3922 1383 3985 ἀκούσας
1437 3925 1518 3976 ὅτι
1573 3923 1630 3976 Ὀ
1685 3923 1849 3976 λαλῶν

250 4018 380 4088 μετά
480 4022 576 4066 σοῦ
687 4014 873 4076 ἐκεῖνός
994 4013 1156 4078 ἐστιν,
1260 4013 1410 4076 εὐθὺς
1528 4016 1847 4069 ἐπίστευσεν.

249 4103 458 4175 Ἥψατο
487 4107 586 4176 γὰρ
619 4105 644 4155 ὁ
686 4103 834 4174 λόγος
875 4102 1064 4155 αὐτίκα
1106 4112 1198 4163 τῆς
1245 4103 1406 4154 αὐτοῦ
1434 4101 1640 4174 ψυχῆς,
1693 4105 1852 4176 εύρών

256 4193 417 4251 αὐτὴν
445 4194 668 4264 ἀγαθὴν,
700 4196 788 4244 καὶ
814 4191 1136 4264 κατέλαμψεν
1164 4192 1325 4250 αὐτὴν
1357 4192 1423 4253 είς
1461 4192 1738 4264 ἐπίγνωσιν
1763 4197 1854 4246 καὶ

257 4286 435 4334 πίστιν
450 4327 461 4338 .
491 4280 626 4356 Ὀρα
649 4283 772 4355 γάρ.

480 4022 576 4066 σοῦ
687 4014 873 4076 ἐκεῖνός
994 4012 1156 4078 ἐστιν,

1234 390 1596 461 COMMEN'i‘.
1643 391 1709 456 iN
1747 390 2090 464 JQANNEM.
2132 429 2196 438 -
2227 395 2381 452 CAP.
2425 393 2527 448 1x.

3427 399 3566 459 i318

183 538 398 602 ἤνοιξαν
440 540 530 589 καὶ
574 534 719 588 ἄλλοι
748 533 1043 607 ὀφθαλμούς
1078 530 1193 602 (97)
1227 550 1239 562 ⁶
1288 528 1480 601 τυφλοῦ
1512 524 1570 580 δὲ
1620 525 1674 578 ἐκ
1710 544 1792 597 γε-

1955 521 2120 578 mile.
2157 521 2298 577 Caeci
2322 535 2584 593 namque
2614 520 2818 578 oculos
2847 520 2945 578 alii
2970 524 3149 580 etiam
3171 534 3558 598 aperuerunt,

1907 611 2044 667 caeci
2094 627 2233 666 vero
2283 627 2319 666 a
2363 610 2668 666 nativitate
2711 611 2930 667 nullus.
2975 614 3318 685 Magnitudo
3363 615 3565 690 itaque

1910 699 2179 756 miraculi
2209 699 2478 754 divinum
2512 700 2863 772 quempiam
2885 716 3014 757 esse
3058 703 3190 774 ejus
3222 704 3564 762 effectorem

1908 789 2185 846 ostendit.
2221 791 2366 845 Nam
2392 791 2494 861 qui
2527 789 2724 860 majus
2748 790 2995 863 aliquod
3020 791 3140 847 edit
3191 793 3566 864 miraculum,

1909 895 2095 952 quam
2113 879 2226 933 sint
2249 878 2522 934 universa
2543 878 2810 936 humana
2834 880 3138 948 miracula,
3159 883 3362 955 utique
3379 885 3571 954 major

1913 973 1999 1024 est
2023 968 2249 1024 cunctis
2269 967 2642 1024 hominibus.

1986 1060 2143 1112 Vers.
2194 1059 2280 1114 34.
2325 1058 2776 1127 Responderunt
2821 1089 2887 1100 —
2932 1076 3029 1115 nos
3065 1061 3093 1116 ‘i‘
3134 1063 3261 1118 Non
3312 1062 3575 1120 tulerunt

1914 1147 2077 1204 mani
2088 1147 2290 1203 festam
2311 1147 2786 1217 redargutionem
2799 1165 2868 1205 ac
2884 1149 3223 1222 prmclaram
3237 1153 3539 1209 victoriam
3557 1171 3573 1209 :

1916 1251 2204 1292 conversa
2233 1242 2434 1292 autem
2474 1235 2696 1292 malitia
2727 1237 2786 1292 in
2839 1254 3016 1294 suum
3063 1239 3333 1311 ipsorum
3367 1246 3568 1315 caput,

1917 1323 2209 1396 indignati
2237 1330 2378 1380 sunt
2396 1324 2475 1380 illi
2507 1324 2800 1382 dicentes:
2829 1327 3113 1385 Peecator
3137 1332 3375 1386 omnino
3398 1335 3576 1388 natus

1918 1430 1996 1481 es,
2030 1418 2154 1470 sive
2183 1416 2256 1471 ab
2275 1415 2459 1481 initio,
2486 1431 2521 1471 a
2551 1415 2745 1487 prima
2776 1415 2974 1473 statim
2998 1423 3188 1475 aetate.
3217 1421 3572 1492 Insipienter

1918 1520 2182 1578 namque
2212 1504 2632 1576 opinabantur,
2664 1511 2906 1578 propter
2936 1512 3182 1578 peccata
3219 1509 3420 1583 aliqua
3448 1527 3578 1567 esse

1920 1599 2128 1650 natum
2144 1610 2392 1658 caecum,
2414 1599 2473 1650 ut
2490 1595 3018 1653 ostenderenteum
3044 1613 3173 1654 esse
3196 1605 3574 1671 peccatorem.

1920 1683 2100 1756 Atqui
2129 1683 2364 1739 etiamsi
2384 1689 2660 1755 peccator
2679 1691 2824 1756 erat,
2853 1702 3157 1743 sermones
3174 1688 3302 1759 ejus
3325 1690 3580 1762 probare

1922 1773 2199 1846 oportuit,
2234 1773 2286 1828 si
2309 1775 2426 1829 veri
2452 1780 2673 1830 essent:
2702 1775 2848 1846 quid
2871 1775 3030 1832 enim
3058 1778 3306 1834 absurdi
3333 1779 3585 1837 dixerat?

1846 1887 1887 1942 Β
1997 1866 2154 1920 Vers.
2188 1862 2277 1918 34.
2305 1864 2382 1918 Et
2407 1894 2471 1903 —
2501 1865 2684 1934 foras.
2714 1863 2803 1920 Ab
2833 1865 3082 1924 ecclesia
3109 1873 3166 1924 et
3191 1870 3472 1926 concione
3497 1886 3585 1926 re-

1927 1951 2210 2024 pulerunt
2250 1968 2591 2024 praeconem
2623 1953 2904 2020 veritatis,
2939 1960 3224 2029 tanquam
3257 1958 3467 2016 Christi
3497 1959 3586 2015 di-

1929 2042 2246 2115 scipulum.
2277 2041 2424 2097 Cum
2451 2043 2609 2098 enim
2659 2043 3020 2101 miraculum
3066 2046 3422 2104 calumniari
3459 2065 3584 2106 non

1929 2133 2281 2205 potuissent,
2317 2132 2441 2188 imo
2472 2133 2668 2204 potius
2694 2149 2726 2188 e
2775 2134 3010 2191 diverso
3052 2135 3281 2193 celebre
3331 2139 3468 2194 illud
3494 2155 3586 2196 ve-

1929 2221 2192 2279 hementi
2247 2237 2319 2277 ac
2373 2223 2612 2278 curiosa
2670 2223 3120 2297 investigatione
3172 2227 3586 2301 reddidissent,

1931 2328 2107 2369 suum
2133 2309 2452 2368 effundunt
2467 2311 2729 2368 furorem
2753 2313 3043 2370 adversus
3065 2330 3204 2372 eum
3226 2317 3327 2388 qui
3345 2324 3590 2376 curatus

1931 2403 2149 2458 fuerat.

2010 2491 2180 2547 Vers.
2211 2491 2300 2546 35.
2341 2490 2587 2548 Audiuit
2637 2524 2706 2535 —
2738 2492 2886 2549 Dei?
2926 2495 3093 2552 Venit
3123 2500 3185 2552 ut
3232 2496 3426 2568 majus
3455 2513 3596 2554 con-

1935 2581 2108 2637 ferret
2139 2581 2616 2651 beneﬁciumilli,
2650 2583 2752 2654 qui
2775 2589 3014 2656 propter
3035 2601 3096 2640 se
3125 2586 3318 2643 fuerat
3342 2587 3596 2658 ejectus,

1936 2671 2223 2742 quodque
2247 2670 2547 2726 bonorum
2579 2678 2762 2743 caput
2805 2679 2896 2730 est
2921 2673 3144 2745 tribuit,
3177 2692 3302 2732 sese
3325 2675 3407 2732 illi
3442 2692 3598 2750 prae-

1938 2759 2088 2815 bens
2102 2760 2584 2830 cognoscendum
2596 2801 2609 2825 ,
2626 2776 2697 2816 ac
2709 2777 2916 2818 verum
2930 2762 3190 2820 efﬁciens
3206 2765 3569 2837 discipulum
3580 2807 3594 2822 .

1940 2849 2110 2918 Quod
2141 2855 2340 2906 autem
2369 2851 2488 2906 ait:
2525 2851 2630 2914 Tu,
2664 2857 2906 2924 propter
2939 2852 3072 2910 illos
3121 2855 3287 2921 dixit,
3322 2855 3426 2928 qui
3474 2871 3597 2913 non

1940 2938 2275 2996 credebant.

2015 3030 2179 3086 Vers.
2212 3034 2298 3085 36.
2333 3031 2660 3101 Respondit
2701 3063 2771 3073 —
2797 3048 2927 3090 eum
2955 3035 2984 3088 φ
3032 3036 3142 3106 Spe
3189 3035 3352 3093 bona
3398 3038 3478 3109 (ο)
3522 3037 3602 3094 ad

1945 3134 2283 3174 sermonem
2315 3126 2546 3175 erectus
2578 3126 2686 3188 est,
2741 3129 3030 3195 tanquam
3064 3132 3310 3196 paratus
3348 3126 3427 3182 ad
3482 3142 3603 3183 cre-

1876 3251 1914 3295 t
1946 3207 2212 3262 deudum
2245 3224 2257 3260 :
2300 3213 2352 3262 et
2384 3208 2608 3264 discere
2646 3213 2876 3281 quaerit,
2915 3213 3193 3284 quisnam
3235 3214 3308 3269 sit
3335 3232 3352 3284 ;
3409 3231 3603 3288 neque

1895 3279 1914 3297 ³
1947 3296 2110 3351 enim
2145 3295 2388 3362 sciebat,
2429 3298 2566 3368 quis
2586 3279 2755 3352 esset.

2022 3384 2184 3440 Vers.
2212 3385 2300 3440 37.
2334 3385 2493 3441 Dixit
2536 3417 2600 3426 —
2632 3393 2732 3442 est.
2801 3388 3007 3445 Vidisti
3042 3405 3172 3446 eum
3207 3407 3220 3445 :
3256 3407 3372 3448 non
3414 3393 3604 3464 prius,

1959 3475 2063 3531 sed
2093 3489 2266 3530 nunc.
2301 3476 2426 3530 Non
2454 3475 2621 3541 dixit,
2671 3479 2789 3547 Ego
2817 3495 2976 3543 sum,
3009 3481 3112 3551 qui
3146 3480 3354 3553 aperui
3396 3483 3605 3541 oculos

1960 3569 2114 3621 tuos.
2157 3563 2290 3620 Vult
2319 3563 2478 3620 enim
2510 3565 2951 3638 simplicitatem
2981 3584 3052 3624 ac
3105 3571 3607 3642 praeparationem

1958 3654 2042 3728 (p)
2073 3655 2213 3710 ﬁdei
2255 3654 2410 3710 illius
2467 3656 2798 3723 ostendere.
2839 3657 2915 3713 ad
2948 3673 3145 3713 eorum
3191 3660 3297 3732 qui
3352 3677 3611 3732 ριιεεεθη-

1961 3751 2046 3800 tes
2093 3749 2262 3801 erant
2291 3743 2620 3813 utilitatem,
2656 3761 2726 3802 ac
2756 3747 3169 3804 confusionem
3217 3765 3451 3818 eorum,
3505 3752 3613 3824 qui

1962 3851 2090 3889 cum
2109 3834 2288 3889 multa
2311 3834 2501 3891 edocti
2516 3840 2741 3907 essent,
2755 3837 3056 3910 multaque
3075 3838 3252 3908 signa
3267 3841 3616 3913 conspexis-

1961 3931 2107 3989 sent,
2143 3939 2263 3979 non
2289 3927 2493 3980 tamen
2524 3925 2720 3981 adhuc
2751 3928 3090 3982 credebant.
3138 3928 3286 3984 Nam
3317 3929 3430 3986 hoc
3485 3929 3614 3986 solo

1963 4014 2168 4068 audito
2202 4028 2213 4066 :
2246 4013 2440 4085 thui
2463 4015 2730 4086 loquitur
2759 4023 2948 4072 tecum
2980 4019 3103 4086 ipse
3117 4025 3218 4084 est,
3243 4019 3441 4074 statim
3493 4035 3617 4075 cre-

1962 4103 2154 4168 didit;
2197 4118 2392 4158 sermo
2424 4120 2686 4177 namque
2717 4107 2982 4161 animam
3008 4106 3162 4161 illius
3202 4113 3446 4178 repente
3490 4109 3621 4164 teti-

1965 4193 2068 4261 git,
2101 4208 2355 4263 cumque
2383 4192 2609 4248 bonam
2637 4193 2798 4249 illam
2827 4195 3173 4263 invenisset,
3231 4196 3303 4250 ad
3330 4195 3620 4266 cognitio-

1965 4297 2105 4337 nem
2137 4296 2208 4336 ac
2236 4281 2419 4336 ﬁdem
2460 4298 2597 4337 eam
2634 4282 3008 4338 illuminavit.
3052 4285 3193 4340 Vide
3223 4285 3404 4340 enim.

327 4370 385 4423 Ὀ
456 4367 516 4424 δὲ
560 4402 630 4411 -
674 4370 839 4442 αὐτῷ.
899 4373 1281 4446 Προσεκύνησε,
1339 4367 1563 4442 βεϐαιῶν
1616 4371 1697 4422 ὃτι
1749 4369 1826 4422 ἐπί

2039 4369 2205 4425 Vers.
2239 4373 2324 4426 38.
2344 4372 2424 4425 At
2446 4373 2551 4428 ille
2578 4403 2648 4413 —
2672 4388 2797 4428 eum
2843 4372 3139 4440 Adoravit,
3167 4373 3530 4431 conﬁrmans
3559 4391 3624 4433 se

263 4479 466 4513 στευσε.

1969 4459 2228 4515 credere.

335 4554 435 4602 Καὶ
494 4581 560 4590 -
606 4553 874 4621 γένωνται.
957 4554 1059 4603 Καὶ
1110 4553 1214 4622 μὴν
1257 4551 1428 4601 όπίσω
1481 4550 1678 4621 εἴρηκεν
1712 4564 1725 4578 ·
1780 4550 1826 4601 ὅτ

2044 4551 2202 4603 Vers.
2236 4548 2324 4603 39.
2356 4548 2432 4603 Et
2462 4580 2531 4589 —
2558 4551 2730 4618 ﬁant.
2762 4549 2940 4624 Atqui
2969 4553 3241 4623 superius
3263 4552 3412 4609 dixit
3449 4555 3625 4612 :Non

263 4640 370 4691 Οὐκ
448 4638 743 4692 ἀπέστειλεν
807 4641 833 4691 ό
906 4643 1030 4700 Θεὸς
1082 4641 1168 4690 τὸν
1237 4637 1355 4690 Υἰόν
1409 4636 1569 4688 αὐτοῦ
1631 4637 1698 4698 εἰς
1775 4641 1861 4690 τὸν

262 4734 479 4802 κόσμον,
559 4731 641 4781 ἵνα
687 4733 835 4804 κρίνῃ
907 4731 994 4780 τόν
1050 4734 1268 4799 κόσμον.

267 4911 524 4984 θρώπησά
606 4927 777 4962 τινων.
857 4909 1216 4981 Ἐφερμηεύων
1301 4909 1404 4981 γὰρ
1499 4909 1587 4958 τὸν

857 4905 1216 4981 Ἐφερμηεύων
1301 4908 1404 4981 γὰρ

339 5089 386 5122 ’³
413 5088 582 5144 Joan.
625 5102 703 5154 ιιι,
744 5092 823 5142 l7.

1347 4725 1504 4779 Ἀλλά
1558 4734 1723 4799 κρῖμα
1774 4735 1862 4778 νῦν

261 4822 318 4872 τὸ
370 4821 671 4894 κατάκριμα
721 4817 879 4889 λέγει,
939 4819 1018 4869 ὅτι
1071 4817 1158 4877 Εἰς
1204 4818 1506 4889 κατάκριμα
1576 4815 1674 4888 ἐγὼ
1726 4816 1865 4874 ἐνην-

1691 4905 1862 4978 λόγον,

1968 4638 2126 4694 misit
2143 4637 2296 4694 Deus
2317 4638 2540 4695 Filium
2559 4655 2726 4695 suum
2739 4640 2802 4696 in
2820 4642 3129 4707 mundum,
3150 4648 3217 4698 ut
3233 4643 3629 4713 judicetmun~

1971 4728 2111 4783 dum
2131 4729 2199 4793 ⁸³,
2221 4727 2324 4782 sed
2336 4727 2631 4798 judicium
2651 4735 2821 4785 vocat
2835 4729 2931 4785 hic
2944 4730 3526 4788 condemnationem.
3540 4734 3630 4791 Ad

1971 4816 2564 4882 condemnationem,
2580 4817 2790 4890 inquit,
2805 4821 3211 4891 quorumdam
3232 4837 3343 4892 ego
3359 4823 3634 4880 incarna-

1972 4911 2066 4962 tus
2098 4921 2232 4962 sum
2268 4921 2444 4964 :nam
2477 4907 2874 4981 interpretans
2915 4925 3254 4967 sermonem
3295 4912 3509 4971 addit:
3557 4913 3632 4972 Ut

1511 5209 1730 5280 Varias
1774 5208 2106 5280 lectiones
2133 5219 2198 5278 et
2222 5218 2428 5280 nota.

345 5354 462 5573 £97;
498 5353 828 5427 Ὀφθαλμούς
849 5354 1065 5413 omittit
1093 5354 1156 5410 Β.

371 5430 439 5482 98
497 5432 748 5488 Γεννητῆς
779 5433 841 5481 Α.

370 5503 436 5556 99
498 5495 850 5573 ’Υϐρίζουσιν.

371 5430 462 5488 98)
497 5432 748 5488 Γεννητῆς
779 5433 841 5481 Α.

370 5495 461 5573 99)
498 5495 850 5573 ’Υϐρίζουσιν.

351 5695 433 5768 (o)
471 5694 588 5765 Spe
618 5693 789 5763 bona,
821 5696 930 5750 etc.
987 5690 1257 5749 Elevatus
1299 5695 1387 5749 est
1434 5706 1710 5749 sermone
1739 5691 1873 5759 hoc,

276 5771 592 5840 tanquam.

355 5834 436 5915 (ᾗ)
475 5836 944 5911 Simplicitatem,
1014 5840 1123 5893 etc.
1198 5835 1300 5893 Hic
1348 5834 1554 5893 abesse
1627 5840 1876 5911 poterat,

2083 5355 2135 5424 1)
2166 5359 2383 5409 Κινοῠσι
2408 5360 2473 5410 Δ.

2083 5355 2135 5424 1)
2166 5359 2383 5409 Κινοῠσι
2408 5360 2473 5410 Δ.

2057 5355 2134 5499 ἒ2)
2172 5430 2305 5490 Τοὺς
2341 5426 2577 5484 videtur
2613 5426 2983 5487 addendum.

1989 5693 2612 5772 aepijceparqtionem,
2653 5697 2799 5772 l‘iam
2833 5692 3223 5772 τιὸ-ἀπερίεργον
3273 5705 3366 5762 τῆς
3417 5703 3646 5764 πίστεως

1991 5770 2079 5842 est
2115 5764 2244 5842 ejus
2269 5765 2375 5842 qui
2423 5765 2760 5842 simpliciter
2788 5768 2990 5842 credit,
3019 5764 3124 5842 qui
3140 5764 3276 5842 'sine
3305 5773 3473 5828 omni
3527 5773 3647 5828 hae-

1991 5835 2305 5905 sitatione;
2332 5835 2702 5897 dubitatione
2736 5845 2791 5896 et
2827 5835 3020 5898 nimia
3040 5835 3383 5902 curiositate
3413 5845 3644 5906 credit.
