4088 6478
108 411 241 477 4321

180 545 345 616 ’Δμὴν
441 570 512 580 -
609 536 825 610 λῃστής.

108 641 318 704 νοοῦμεν
393 628 615 682 ἐνταῦθα
683 630 803 688 τοὺς
867 630 1077 699 νόμους,
1131 629 1249 684 ἤτοι
1323 627 1416 685 τὰς
1482 627 1707 697 Γραφάς,

114 720 205 775 διὰ
251 723 308 773 τό
357 718 584 788 εἰσάγειν
629 718 701 777 εἰς
751 717 1078 787 θεογνωσίαν,
1136 720 1226 766 xui
1274 713 1557 766 ἀτοκλείείν
1605 720 1712 765 πᾶ-

115 829 209 862 σαν
255 809 391 860 κατὰ
418 815 513 867 τῆς
561 803 823 865 εὐσεϐείας
871 800 1102 878 πάροδον
1150 800 1258 865 τοῖς
1306 799 1586 877 αἰρετικοῖς
1623 807 1713 855 καὶ

114 906 217 959 τοῖς
275 896 426 954 Ἕλλη
437 915 512 959 σι,

112 987 286 1040 λευτον
337 993 443 1046 τοίς
491 980 760 1055 δαίμοσιν·
815 983 975 1041 αύλήν
1025 979 1085 1034 δε
1121 987 1215 1040 τὴν
1277 980 1565 1053 ἐπιμέλειαν
1623 986 1712 1032 καὶ

589 899 679 946 καὶ
751 893 1024 966 φυλάττειν
1101 897 1183 945 τόν
1256 892 1376 944 λαόν
1447 890 1713 944 ἀνεπιϐού-

114 1081 357 1149 πρόνοιαν
408 1081 507 1128 τῶν
560 1071 818 1148 προϐάτον
858 1089 872 1103 ·
929 1070 1168 1147 πρόϐατα
1217 1066 1276 1123 δε
1331 1074 1449 1130 τοὺς
1511 1069 1714 1142 Ἰσραη-

114 1165 281 1228 λίτας,
348 1163 442 1216 ’τόν
492 1170 582 1216 τοῦ
657 1169 790 1215 Θεοῦ
835 1160 975 1216 λαόν.
1037 1160 1209 1232 Ἡμεῖς
1257 1156 1335 1226 δέ,
1395 1163 1547 1231 φησὶ,
1593 1158 1716 1219 λαός

118 1255 298 1318 αὐτοῦ,
365 1257 455 1304 καὶ
527 1250 766 1326 πρόϐατα
832 1258 990 1323 νομῆς
1063 1249 1241 1303 αὐτοῦ.
1300 1247 1359 1300 Ὀ
1417 1253 1586 1301 τοίνυν
1641 1253 1711 1318 μὴ

119 1340 153 1396 δ
158 1346 212 1395 tu
241 1352 338 1395 των
371 1347 582 1416 Γραφών
609 1340 682 1402 εἰς
711 1345 798 1398 τὴν
847 1338 1136 1411 ἐπιμέλειαν
1181 1344 1272 1391 τοῦ
1310 1337 1437 1390 λαοῦ
1465 1345 1556 1389 τοῦ
1583 1343 1716 1390 Θεού

123 1433 508 1506 εἰσερχόμενος,
563 1432 630 1491 ὡς
683 1434 753 1502 μὴ
833 1434 1103 1502 χρώμενος
1159 1427 1363 1497 αὐταῖς,
1409 1422 1547 1499 μηδὲ
1603 1425 1717 1477 κατ’

119 1522 280 1583 αύτὰς
348 1519 762 1590 πολιτευόμενος,
851 1516 980 1569 ἀλλά
1057 1515 1342 1568 ἀναϐαίνων
1409 1513 1717 1586 ἀλλαχόθεν,

117 1612 187 1672 ὡς
249 1605 564 1682 ύπερπηδῶν
623 1611 713 1680 μεν
778 1611 872 1666 τὴν
944 1608 1124 1680 θύραν,
1177 1609 1369 1678 τέμνων
1429 1601 1488 1656 δε
1547 1604 1720 1678 ἑτέραν

125 1696 354 1764 εἴσοδον,
415 1698 604 1758 ἐκεῖνος
659 1696 718 1748 ού
767 1699 982 1768 ποιμὴν,
1033 1694 1160 1747 ἀλλὰ
1202 1693 1418 1754 κλέπτης
1466 1691 1578 1746 ἐστὶ
1631 1696 1722 1744 καὶ

117 1789 334 1862 λῃστής¹
405 1786 625 1846 κλέπτης
681 1788 770 1858 μὲν
819 1788 886 1846 ὡς
943 1782 1252 1856 βουλόμενος
1308 1786 1371 1834 τὰ
1427 1786 1497 1855 μὴ
1557 1801 1722 1856 προσ·

116 1884 309 1936 ήκοντα
353 1882 422 1938 εὶς
485 1876 666 1928 ἑαυτὸν
745 1875 1170 1927 ἐπισπάσασθαι·
1252 1871 1445 1947 λῃστὴς

115 1967 334 2039 λυμεὼν.

187 2059 428 2108 Τοιοῦτοί
483 2054 586 2107 εἰσι
801 2055 902 2125 πρὸ
971 2051 1129 2103 αὐτοῦ
1203 2053 1292 2122 μὲν

121 2141 349 2208 Θευδᾶς,
405 2143 513 2215 μετ’
572 2142 727 2194 αὐτὸν
786 2138 845 2194 δὲ
874 2143 922 2192 οἱ
948 2137 1339 2214 ψευδόχριστοι
1368 2144 1458 2191 xui
1503 2141 1529 2190 6
1563 2139 1728 2192 Ἀντία

1369 2047 1571 2110 Ἰούδας
1636 2055 1726 2102 καὶ

119 2253 348 2308 χριστος
393 2237 484 2284 καὶ
548 2235 592 2283 εἰ
638 2250 771 2292 τινες
817 2232 980 2298 ἕτεροι
1036 2231 1238 2283 πλάνοι.
1290 2230 1623 2302 Παράπτεται
1649 2228 1727 2298 (6)

122 2320 182 2376 δὲ
229 2327 320 2374 καὶ
371 2329 472 2374 τῶν
533 2324 882 2394 Γραμματέων
934 2323 1023 2370 καὶ
1097 2323 1414 2392 Φαρισαίων,
1471 2326 1572 2370 τῶν
1649 2313 1729 2369 δι-

123 2409 428 2464 δασκόντων
499 2406 875 2476 διδασκαλίας,
935 2406 1228 2480 ἐντάλματα
1283 2407 1586 2481 ἀνθρώπων,
1639 2412 1728 2458 καὶ

120 2504 209 2553 τὸν
239 2505 392 2571 νόμον
421 2497 865 2572 παραϐαινόντων.
902 2493 1049 2558 Εἶδες
1071 2505 1176 2556 πῶς
1213 2497 1479 2570 ὑπέγραψε
1502 2499 1588 2548 τόν
1614 2495 1728 2548 κλέ-

120 2609 257 2647 πτην
305 2593 395 2640 καὶ
451 2592 539 2640 καὶ
595 2587 795 2660 λῃστὴν
846 2590 933 2638 xui
984 2585 1214 2651 πλάνον;
1269 2589 1454 2638 Σκόπει
1509 2590 1729 2637 καὶτοῦ

116 2683 358 2750 ποιμένος
392 2681 458 2729 τὰ
485 2681 848 2751 γνωρίσματα.

192 2766 251 2818 Ὀ
281 2798 342 2808 -
376 2764 666 2839 προϐάτων.
707 2764 906 2838 Ὠσπερ
940 2763 1016 2834 (7)
1058 2768 1148 2816 xui
1199 2763 1372 2832 αὐτὸς,
1413 2765 1499 2816 οἷα
1522 2769 1731 2839 χρώμε-

116 2877 205 2918 νος
284 2863 399 2916 ταῖς
456 2861 704 2928 Γραφαίς,
759 2859 848 2906 xui
899 2853 1010 2905 κατ’
1083 2853 1242 2914 αύτὰς
1317 2853 1728 2926 πολιτευόμενος.

122 2947 185 2999 Εἰ
234 2949 335 3020 γὰρ
385 2950 473 2996 καὶ
523 2943 571 2996 ἐν
625 2941 872 3014 Σαϐϐάτῳ
927 2942 1211 3015 εἰργάζετο,
1247 2941 1373 2994 ἀλλὰ
1428 2945 1539 2996 θεῖα
1568 2945 1727 3015 ἔργα·

120 3038 149 3088 6
194 3039 296 3108 γὰρ
347 3039 500 3106 νόμος
548 3036 612 3084 τά
657 3031 954 3106 ἀνθρώπινα
1000 3031 1274 3100 ἐκώλυσεν,
1325 3036 1441 3089 ἤτοι
1492 3034 1558 3084 τὰ
1604 3030 1732 3104 βιω-

125 3143 268 3176 τικα.

1127 392 1496 468 COMMENT.
1542 408 1608 464 IN
1638 392 1978 467 JOAN'NEM.
2025 441 2086 450 —
2130 408 2285 466 CAP.
2329 392 2397 466 X.

919 541 1283 609 Ἀναγωγικώς
1372 537 1531 608 θύραν
1621 538 1710 608 μὲν

1890 535 2037 607 Cap.
2093 537 2149 590 X.
2191 537 2350 592 Vers.
2385 540 2433 591 l.
2466 536 2651 594 Amen
2683 569 2750 578 —
2791 539 2962 595 latro.
3007 537 3344 610 Anagogice
3383 539 3478 594 hic

1530 1868 1588 1924 δὲ
1659 1873 1803 1930 ὡςΒ

3358 16 3498 32 γραεφε*

3339 409 3476 469 1322

1823 638 1922 694 per
1947 622 2166 678 ostium
2198 623 2581 694 intelligimus
2609 625 2792 694 leges,
2821 627 2947 682 sive
2996 625 3348 698 Scripturas,
3405 642 3476 682 eo

1821 712 1978 783 quod
2015 712 2092 767 ad
2124 712 2226 767 Dei
2265 714 2665 783 cognitionem
2695 715 3002 781 inducant,
3043 719 3098 771 et
3163 716 3478 772 transitum

1822 817 2084 871 omnem,
2119 801 2223 874 qui
2254 802 2537 857 adversus
2564 803 2825 858 divinum
2858 803 3081 860 cultum
3112 809 3216 869 est,
3259 805 3482 860 haereti-

1823 892 1906 945 cis
1923 906 1992 945 ac
2006 890 2283 959 gentibus
2302 891 3059 966 excludant,populumque
3079 893 3477 949 adaemonum

1824 978 2052 1034 insidiis
2081 979 2442 1048 custodiant;
2483 981 2690 1037 caulas
2748 997 2904 1047 vero,
2938 998 3145 1037 curam
3177 998 3246 1037 ac
3286 983 3480 1054 provi-

1825 1069 2090 1123 dentiam
2106 1068 2324 1134 ovium;
2342 1085 2480 1125 oves
2495 1075 2692 1125 autem
2716 1070 3029 1142 Israelitas,
3047 1071 3339 1143 populum
3352 1071 3477 1128 Dei.

1825 1158 1944 1212 Nos
1961 1157 2658 1228 aulem,inquit,p0pulus
2677 1162 2803 1229 ejus
2818 1167 2873 1216 et
2888 1175 3256 1228 ovespascuae
3268 1163 3392 1230 ejus
3407 1162 3476 1214 ⁸⁵.

1829 1246 1934 1311 Qui
1965 1261 2107 1314 ergo
2139 1261 2253 1301 non
2294 1262 2400 1318 per
2431 1249 2761 1319 Scripturas
2784 1248 2858 1303 ad
2879 1265 3083 1304 curam
3115 1248 3314 1321 populi
3357 1249 3475 1319 Dei,

1827 1335 2174 1403 ingreditur,
2211 1340 2411 1406 utpote
2441 1351 2563 1392 non
2590 1341 2758 1392 utens
2779 1336 3008 1403 eis,nec
3017 1338 3190 1409 juxta
3216 1337 3345 1393 illas
3377 1353 3483 1406 gu-

1827 1422 2110 1487 bernans,
2134 1423 2237 1478 sed
2256 1425 2590 1480 ascendens
2611 1425 2871 1491 aliunde,
2887 1426 3060 1498 quasi
3083 1426 3301 1481 ostium
3327 1433 3481 1482 tran-

1829 1511 2048 1579 siliens,
2077 1518 2179 1567 aut
2202 1528 2306 1584 per
2320 1513 2505 1569 alium
2528 1513 2864 1586 irrumpens
2884 1515 3212 1578 introitum,
3241 1514 3335 1570 ille
3358 1531 3481 1572 non

1831 1607 2054 1672 pastor,
2085 1601 2186 1656 sed
2221 1601 2314 1656 fur
2353 1609 2439 1658 est
2465 1609 2520 1658 et
2556 1603 2702 1658 latro
2730 1619 2743 1656 :
2774 1604 2866 1659 fur
2895 1605 3166 1676 quidem,
3193 1610 3482 1676 tanquam

1830 1688 2038 1744 volens
2061 1705 2132 1746 ea
2162 1692 2238 1744 ad
2276 1707 2337 1746 se
2367 1692 2653 1758 derivare,
2687 1708 2821 1766 quae
2843 1709 2963 1749 non
2995 1709 3105 1749 sua
3122 1698 3295 1750 sunt:
3331 1693 3483 1751 latro

1834 1781 2053 1842 autem,
2088 1783 2379 1850 tanquam
2411 1779 2757 1836 devastans.

1908 2047 2262 2118 Hujusmodi
2287 2048 2528 2103 fuerunt
2550 2051 2685 2105 ante
2712 2064 2849 2105 eum
2879 2049 3061 2105 ludas
3101 2054 3156 2106 et
3188 2049 3485 2118 Theudas;

1836 2143 1969 2210 p0st
1983 2154 2119 2193 eum
2135 2154 2274 2193 vero
2287 2138 2719 2210 pseudochristi
2737 2144 2792 2194 et
2809 2138 3221 2207 Antichristus,
3244 2145 3299 2197 et
3317 2141 3366 2197 si
3385 2144 3489 2215 qui

1839 2232 1980 2283 sunt
2016 2226 2115 2282 alii
2161 2227 2529 2284 seductores.
2561 2227 2808 2298 Attingit
2855 2244 3098 2301 quoque
3137 2230 3368 2286 Scribas
3419 2247 3490 2288 ac

1837 2316 2190 2383 Pharisaeos,
2219 2316 2318 2388 qui
2336 2317 2624 2374 docebant
2641 2317 2967 2383 doctrinas,
2987 2325 3287 2388 praecepta
3308 2321 3492 2376 homi-

1839 2422 1981 2462 num
1994 2408 2064 2472 9°,
2079 2406 2264 2477 legem
2280 2409 2480 2461 autem
2496 2406 3110 2476 transgrediebantur.
3129 2407 3331 2465 Vidisti
3347 2426 3494 2482 quo-

1839 2495 2022 2551 modo
2037 2493 2251 2560 furem,
2274 2495 2566 2552 latronem
2585 2511 2655 2552 ac
2682 2496 3062 2552 seductorem
3083 2497 3493 2570 descripserit?

1839 2583 2151 2641 considera
2173 2585 2351 2641 etiam
2366 2585 2624 2657 pastoris
2649 2585 2928 2656 insignia,
2957 2586 3177 2660 quibus
3215 2586 3494 2658 dignosci

1839 2673 2056 2748 possit.

1912 2763 2072 2819 Vers.
2103 2765 2158 2818 2.
2189 2762 2303 2831 Qui
2339 2794 2404 2805 —
2432 2762 2650 2820 ovium.
2685 2763 2884 2829 Qualis
2936 2765 3066 2837 ipse
3111 2769 3256 2832 erat,
3289 2769 3494 2838 utpote

1843 2851 2157 2924 Scripturis
2177 2857 2367 2919 utens,
2384 2857 2440 2908 et
2454 2852 2786 2909 secundum
2802 2868 2904 2908 eas
2917 2853 3139 2924 gubern
3149 2871 3259 2910 ans
3277 2869 3498 2927 :quan-

1840 2957 2025 3014 quam
2049 2941 2206 2997 enim
2232 2941 2411 2997 etiam
2432 2942 2493 2997 in
2523 2942 2782 2998 Sabbato
2801 2949 3168 3016 operaretur,
3202 2960 3273 3002 ea
3293 2950 3498 3001 tamen

1841 3029 2040 3086 divina
2065 3035 2233 3087 erant
2263 3046 2462 3102 Opera,
2514 3046 2647 3086 cum
2675 3031 2770 3087 lex
2819 3032 3159 3104 prohiberet
3203 3032 3496 3103 humana,

1843 3119 1966 3175 sive
1996 3120 2349 3190 temporalia
2378 3136 2446 3176 ac
2477 3119 2812 3178 saecularia.

198 3213 375 3280 Τούτῳ
424 3210 449 3260 ό
510 3211 741 3281 θυρωρὸς
808 3206 1022 3279 ἀνοίγει.
1092 3210 1345 3281 Θυρωρός
1413 3211 1550 3259 κατὰ
1614 3207 1729 3260 ἀνα-

1916 3207 2078 3264 Vers.
2112 3208 2165 3264 3.
2205 3209 2365 3264 Huic
2393 3209 2670 3265 ostiarius
2713 3211 2922 3278 aperit.
2979 3211 3267 3268 Ostiarius
3329 3212 3500 3282 juxta

124 3305 305 3372 γωγὴν
377 3299 403 3349 6
479 3304 730 3361 Μωύσῆς,
799 3297 868 3357 ὡς
943 3295 1098 3357 αύτός
1188 3296 1550 3368 ίμπιστευθεὶς
1621 3302 1735 3358 τοὺς

126 3394 318 3460 νόμους
350 3393 440 3438 τοῦ
477 3393 632 3438 Θεοῦ.
678 3392 762 3454 Τῷ
801 3387 1020 3455 τοιούτῳ
1049 3380 1137 3436 οὖν
1188 3386 1214 3436 6
1261 3392 1494 3447 Μωύσῆς
1544 3384 1737 3458 ἀνοίγει

129 3481 197 3540 ως
239 3478 462 3548 ποιμένι,
494 3480 584 3526 xui
631 3470 936 3545 εἰσδέχεται
984 3473 1138 3525 αὐτόν
1184 3473 1256 3536 εἰς
1302 3479 1396 3532 τὴν
1447 3474 1736 3546 ἐπιμέλειαν

127 3575 229 3620 τῶν
256 3564 526 3638 προϐάτων
572 3567 640 3625 ὡς
675 3563 940 3638 γνωρίζων
970 3563 1144 3620 αὐτόν,
1195 3568 1294 3616 Καὶ
1346 3565 1448 3639 γάρ
1515 3565 1737 3639 ἔγραψεν

130 3659 214 3710 ὅτι
240 3655 412 3708 Αύτοῡ
435 3653 664 3706 ἀκούετε.

203 3751 304 3799 Καὶ
360 3774 426 3786 -
474 3745 671 3798 ἀκούει.
720 3742 1090 3808 ’Υπακούουσι,
1141 3743 1408 3795 πείθονται
1465 3748 1554 3796 καὶ
1619 3743 1737 3798 uxo-

127 3836 424 3888 λουθούσιν·
481 3831 893 3904 ἐπιγινώσκουσι
942 3834 1044 3904 γὰρ
1122 3831 1304 3889 αὐτὴν.
1365 3835 1443 3884 Τὰ
1499 3832 1739 3908 πρόϐατα

131 3921 191 3977 δὲ
217 3921 373 3994 εἶπεν,
408 3925 526 3982 ἦτοι
573 3924 638 3973 τὰ
697 3920 901 3981 ἀληθῶς
951 3919 1207 3994 πρόϐατα,
1240 3924 1306 3973 τὰ
1350 3921 1474 3984 οῖξια
1529 3928 1738 3996 ποιμαί-

127 4015 329 4066 νεσθαι.
361 4011 562 4083 Ὠσπερ
620 4011 722 4083 γὰρ
781 4011 807 4060 6
856 4010 1220 4084 εἰσερχόμενος
1260 4007 1354 4063 διὰ
1405 4019 1497 4072 τῆς
1554 4014 1735 4086 θύρας,

130 4101 280 4163 οὗτος
332 4105 527 4172 ποιμήν
576 4099 708 4152 ἐστι’
769 4099 904 4151 οὕτω
956 4103 1045 4151 καὶ
1096 4101 1144 4151 οἱ
1197 4108 1287 4160 τῆς
1352 4109 1522 4169 φωνῆς
1577 4101 1738 4153 αὐτοῦ

134 4188 426 4254 ἀκούοντες,
481 4191 550 4250 ὡς
603 4191 822 4258 εἴρηται,
883 4188 1026 4240 οὗτοι
1081 4186 1321 4262 πρόϐατά
1371 4189 1523 4241 εἰσιν
1578 4192 1626 4240 οἱ
1681 4186 1740 4242 δὲ

132 4282 203 4351 μὴ
248 4279 412 4339 οὕτως
461 4279 669 4348 ἔχοντες
718 4285 812 4340 τῆς
850 4285 948 4329 τῶν
997 4277 1270 4350 προϐάτων
1328 4277 1519 4340 ταξεως
1578 4276 1739 4352 ἀττερ-

133 4369 272 4444 ῥάγη
284 4386 399 4420 σαν.

215 4461 313 4508 Καὶ
375 4486 441 4494 -
516 4454 630 4508 κατ’
693 4459 869 4528 ὄνομα.
933 4459 1034 4509 Καὶ
1095 4462 1248 4508 τοῦτο
1312 4458 1412 4530 γὰρ
1467 4461 1745 4531 γνώρισμα

1845 3310 2162 3365 anagogen
2193 3297 2379 3351 Moses
2409 3302 2554 3360 erat,
2589 3303 2652 3351 ut
2680 3298 2774 3351 cui
2804 3299 3160 3355 concredita
3215 3305 3356 3356 sunt
3414 3303 3502 3357 di-

1845 3385 2000 3440 vinte
2021 3385 2200 3454 leges.
2230 3385 2349 3440 Tali
2368 3400 2510 3456 ergo
2536 3389 2722 3442 Moses
2743 3387 2950 3453 aperit,
2979 3393 3035 3443 et
3055 3389 3132 3444 ad
3159 3390 3363 3445 ovium
3395 3407 3501 3446 cu-

1846 3489 1974 3530 ram
2017 3474 2292 3541 admittit,
2327 3479 2529 3544 utpote
2560 3490 2928 3544 cognoscens
2959 3492 3115 3532 eum.
3169 3477 3415 3552 Scripsit
3451 3480 3498 3516 ’7

1846 3564 2028 3629 enim,
2073 3567 2136 3620 ut
2164 3579 2304 3619 eum
2349 3563 2622 3620 audirent
2661 3563 2760 3636 (ν).

1917 3741 2078 3797 Vers.
2109 3746 2160 3798 3.
2188 3743 2264 3797 Et
2302 3773 2372 3782 —
2400 3742 2674 3798 audiunt.
2709 3742 3019 3810 Obediunt,
3053 3749 3279 3816 parent,
3317 3761 3388 3802 ac
3418 3763 3504 3803 se-

1843 3837 2112 3904 quuntur
2138 3847 2151 3885 :
2181 3835 2518 3901 agnoscunt
2547 3831 2708 3887 enim
2739 3832 2922 3888 illam.
2978 3835 3125 3889 Oves
3167 3841 3365 3890 autem
3419 3835 3504 3892 di-

1846 3920 1940 3986 xit,
1972 3936 2075 3976 eos
2123 3919 2412 3985 videlicet,
2461 3921 2564 3993 qui
2617 3937 2753 3977 vere
2807 3939 2949 3978 oves
3014 3928 3171 3990 sunt,
3236 3925 3401 3994 digni
3441 3931 3505 3981 ut

1846 4016 2190 4082 pascantur.
2221 4013 2370 4066 Nam
2401 4013 2550 4066 sicut
2577 4011 2680 4083 qui
2736 4028 2843 4084 per
2890 4017 3108 4068 ostium
3161 4013 3361 4083 intrat,
3406 4014 3504 4070 hic

1848 4104 2053 4170 pastor
2081 4104 2186 4164 est,
2219 4100 2299 4154 ita
2351 4106 2407 4154 et
2436 4100 2536 4172 qui
2568 4115 2772 4155 vocem
2828 4100 2956 4170 ejus
3015 4101 3286 4165 audiunt,
3323 4108 3385 4157 ut
3422 4102 3504 4158 di-

1848 4194 2010 4243 ctum
2041 4194 2150 4254 est,
2184 4188 2243 4242 hi
2269 4205 2410 4244 oves
2435 4194 2591 4254 sunt;
2616 4189 2718 4260 qui
2747 4205 2886 4244 vero
2909 4204 3030 4244 non
3059 4191 3142 4245 ita
3170 4207 3232 4245 se
3258 4190 3502 4259 habent,

1849 4277 1928 4332 ab
1968 4277 2172 4332 ovium
2203 4278 2413 4333 ordine
2444 4277 2634 4333 avulsi
2677 4283 2836 4332 sunt.

1921 4454 2069 4510 Vers
2102 4458 2152 4510 3.
2185 4455 2253 4510 Et
2283 4484 2352 4494 —-
2391 4454 2769 4510 nominatim.
2831 4454 3019 4510 Etiam
3090 4454 3206 4511 hoc
3251 4455 3508 4526 pastoris

134 4549 396 4616 ποιμένος,
459 4550 552 4602 τὴν
624 4545 698 4606 εἰς
758 4546 975 4598 ἕκαστον
1024 4543 1284 4620 πρόϐατον
1376 4544 1538 4617 ἄκραν
1597 4565 1729 4620 φρον·

1854 4544 2093 4614 signum
2115 4549 2223 4610 est,
2253 4547 2539 4616 cujusque
2563 4548 2634 4613 (s)
2661 4545 2790 4600 ovis
2819 4544 3162 4615 diligentem
3195 4544 3508 4601 ostendere

135 4629 268 4687 τίδα
297 4630 509 4692 δηλοῦν.
542 4633 618 4686 Ού
659 4636 760 4707 γὰρ
801 4631 861 4686 ἂν
890 4633 1027 4686 αύτα
1069 4632 1280 4686 καλέσοι
1309 4635 1423 4686 κατ’
1456 4638 1634 4707 ὄνομα,
1669 4641 1738 4708 μὴ

81 4725 96 4737 ’“
133 4725 403 4795 γνωρίζων
442 4723 658 4776 ἕκαστον
687 4722 934 4796 ἀκριϐῶς,
995 4721 1051 4773 ἐκ
1104 4731 1193 4784 τῆς
1224 4722 1292 4784 εἰς
1321 4723 1537 4776 ἕκαστον
1585 4726 1745 4798 ἄκρας

137 4808 436 4885 φροντίδος.

212 4938 260 4972 9³
293 4936 447 4994 Psal.
480 4952 630 5003 χειν,
661 4941 720 4996 7.
851 4937 898 4973 ⁸⁸
931 4935 1136 4994 Matth.
1167 4953 1261 5006 xv,
1294 4940 1353 4995 9.

1855 4649 2090 4690 curam:
2116 4649 2310 4705 neque
2327 4633 2486 4688 enim
2506 4633 2636 4689 illas
2659 4638 2835 4689 vocat
2857 4633 3235 4699 nominatim,
3257 4633 3360 4706 qui
3395 4633 3511 4689 sin-

1856 4723 2028 4794 gulas
2058 4721 2366 4794 diligenter
2395 4738 2517 4779 non
2535 4721 2827 4792 agnoscit,
2853 4721 2932 4778 ob
2954 4738 3253 4779 summam
3274 4722 3348 4778 de
3367 4738 3508 4779 una-

1855 4827 2098 4886 quaque
2123 4827 2353 4868 curam.

1494 4939 1536 4973 οτ
1571 4938 1739 4996 Deut.
1771 4955 1937 5011 xvm,
1975 4941 2056 4994 15.

1350 5113 1572 5185 Varias
1621 5116 1948 5185 lectiones
2003 5123 2068 5185 et
2101 5124 2302 5183 nota.

217 5313 234 5379 (
245 5311 295 5385 5)
324 5313 423 5387 ilic
446 5314 677 5387 semina
691 5317 1055 5387 sparguntur
1069 5314 1476 5387 corruptionis
1506 5331 1676 5370 versu
1697 5316 1750 5372 8.

147 5382 439 5458 Quoniam
457 5385 615 5458 enim
638 5382 964 5458 Patreshoc
982 5401 1051 5441 ex
1060 5382 1364 5458 plicab‘ant
1382 5387 1452 5458 de
1466 5385 1755 5458 imposto-

142 5457 337 5529 ribus,
369 5457 473 5529 qui
504 5463 641 5513 ante
671 5457 967 5529 Christum
996 5463 1300 5526 venerant,
1331 5457 1470 5514 ideo
1509 5457 1682 5514 versu
1720 5460 1755 5513 8

140 5526 542 5594 inculcarunt,
574 5531 676 5603 πρό
702 5526 847 5600 ἐμοῦ.

219 5653 296 5726 (r)
335 5653 406 5710 Ut
437 5667 588 5719 eum,
621 5658 733 5712 etc.
774 5652 924 5726 Eum
963 5653 1185 5726 audite.

1938 5317 2015 5387 (6)
2057 5314 2390 5388 Καθάπτεται
2422 5311 2774 5388 plerumque
2802 5311 3001 5388 dicere
3032 5311 3196 5388 solet.
3227 5312 3342 5388 S_ed
3396 5312 3513 5388 hop

1865 5384 2100 5458 quoque
2130 5385 2266 5442 ferri
2301 5384 2876 5458 potéstjrupu'ipuaeut
2905 5389 2997 5440 est
3014 5384 3180 5457 apud
3229 5384 3515 5442 Galenur'n

1865 5456 1925 5514 in
1959 5459 2177 5513 GIOSsis
2210 5474 2269 5528 p.
2302 5461 2390 5525 88,
2425 5456 2560 5512 edit.
2595 5456 2795 5528 Steph.

1939 5530 2016 5601 (7)
2057 5527 2376 5584 Hentenius
2407 5528 2634 5584 videtur
2664 5527 2895 5600 legisse,
2928 5527 3049 5589 οἶος.

220 5724 296 5798 (s)
337 5726 660 5796 Cujusque,
692 5730 802 5781 etc.
844 5725 1218 5796 Singularem
1252 5725 1311 5782 in
1345 5726 1606 5800 singulas
1635 5742 1775 5785 oves
1803 5724 2127 5783 ostendens
2159 5739 2387 5790 curam,

434 5822 668 5880 PATROL.
700 5821 806 5880 Gn.
849 5821 1095 5894 CXXIX,
1239 5835 1250 5846 '
1662 5853 1686 5880 Α
1711 5843 1738 5872 x
