4088 6486
118 414 241 481 4321

185 549 344 620 Ἀμὴν
440 573 510 584 -
608 539 772 613 λῃστή
784 560 824 602 ς.

119 644 318 708 νοοῦμεν
392 631 614 685 ἕνταῡθα
681 633 802 691 τοὺς
866 633 1076 702 νόμους,
1130 631 1248 686 ἢτοι
1321 629 1414 687 τὰς
1481 628 1705 698 Γραφὰς,

123 723 209 779 διὰ
251 726 308 776 τὸ
356 721 582 790 εἰσάγειν
628 721 700 780 εἱς
749 720 1078 790 θεογνωσίαν,
1135 722 1225 769 καὶ
1273 715 1556 768 ἂτοκλείιίν
1603 722 1710 767 πᾶ-

125 833 212 866 σαν
255 813 390 863 κατὰ
417 817 513 870 τῆς
561 806 823 868 εὐσεϐείας
871 803 1102 881 πάροδον
1149 802 1257 867 τοῖς
1306 801 1585 879 αἰρετικοῖς
1622 808 1711 856 καὶ

123 910 220 962 τοῖς
275 899 426 958 ’Ἐλλη
437 918 512 962 σι,

121 991 286 1044 λευτον
336 996 443 1050 τοίς
491 983 761 1058 δαίμοσιν*
816 986 976 1044 αύλὴν
1026 981 1085 1037 δε
1121 989 1216 1042 τήν
1277 983 1565 1055 ἐπιμέλειαν
1622 987 1712 1033 καὶ

123 1085 357 1153 πρόνοιαν
408 1085 507 1132 τῶν
560 1074 818 1150 προϐάτον
859 1091 872 1106 ·
929 1073 1168 1150 πρόϐατα
1217 1069 1276 1126 δε
1332 1076 1449 1132 τοὺς
1511 1071 1712 1144 Ἰσραη-

123 1169 282 1230 λίτας,
347 1165 442 1219 ’τόν
492 1173 582 1219 τοῦ
657 1171 790 1218 Θεοῦ
836 1163 975 1218 λαόν.
1038 1163 1210 1234 Ἠμείς
1257 1158 1336 1228 δέ,
1395 1165 1547 1234 φησι,
1593 1160 1716 1220 λαός

589 902 679 949 καὶ
751 895 1024 968 φυλάττειν
1101 899 1183 947 τὸν
1256 894 1376 946 λαόν
1447 892 1712 945 ἀνεπιϐού-

126 1259 298 1322 uiror),
366 1261 456 1308 καὶ
527 1253 767 1329 πρόϐατα
833 1260 990 1326 νομῆς
1064 1252 1242 1305 αὐτοῦ.
1301 1249 1360 1302 Ὁ
1418 1255 1586 1302 τοίνυν
1641 1254 1711 1319 μὴ

128 1344 159 1400 δ
164 1350 214 1399 ιὰ
241 1355 338 1398 των
371 1351 582 1419 Γραφών
610 1343 682 1405 εἰς
711 1348 799 1400 τὴν
847 1340 1136 1414 ἐπιμέλειαν
1181 1347 1273 1393 τοῦ
1311 1339 1438 1392 λαοῦ
1466 1346 1556 1391 τοῦ
1583 1344 1716 1391 Θεοὺ

131 1436 508 1510 εἰσερχόμενος,
563 1435 630 1494 ὡς
684 1437 754 1505 μὴ
834 1437 1104 1505 χρώμενος
1160 1429 1364 1499 αύταῖς,
1411 1424 1548 1500 μηδὲ
1603 1426 1717 1478 κατ’

127 1526 280 1586 αὐτας
348 1523 763 1594 πολιτευόμενος,
851 1519 981 1571 ἀλλὰ
1057 1517 1342 1570 ἀναϐαίνων
1410 1515 1718 1588 ἀλλαχόθεν,

125 1616 192 1675 ὡς
250 1608 564 1685 ύπερπηδών
623 1614 714 1682 μεν
779 1614 873 1668 τὴν
945 1610 1125 1682 θύραν,
1178 1611 1370 1680 τέμνων
1430 1602 1489 1658 δε
1548 1605 1720 1680 ἑτέραν

132 1700 355 1768 εἴσοδον,
416 1702 604 1761 ἐκεῖνος
661 1699 718 1751 οὐ
768 1702 984 1770 ποιμὴν,
1034 1696 1161 1749 ἀλλὰ
1203 1695 1419 1756 κλέπτης
1467 1693 1579 1747 ἐστὶ
1632 1698 1723 1746 καὶ

125 1793 336 1866 λῃστὴςο
406 1789 626 1849 κλέπτης
682 1791 772 1861 μὲν
820 1790 888 1848 ὡς
944 1784 1253 1859 βουλόμενος
1309 1788 1371 1836 τὰ
1427 1788 1498 1856 μὴ
1559 1802 1723 1858 προσ-

123 1888 310 1940 ήκοντα
354 1885 422 1942 εὶς
486 1879 667 1932 ἑαυτὸν
747 1877 1171 1930 ἐπισπάσασθαι’
1253 1874 1446 1948 λῃστὴς

122 1971 315 2042 λυμεὼν
325 2011 336 2024 .

191 2062 430 2111 Τοιοῦτοί
485 2058 588 2110 εἰσι
662 2056 742 2127 (ὃ)
803 2057 903 2128 πρὸ
972 2053 1131 2106 αὐτοῦ
1204 2055 1294 2126 μὲν

127 2145 350 2211 Θευδᾶς,
407 2146 514 2218 μετ’
574 2145 729 2197 αὐτόν
788 2141 846 2197 δὲ
875 2145 924 2195 οἱ
950 2139 1340 2217 ψευδόχριστοι
1369 2146 1459 2193 καὶ
1505 2143 1530 2193 ό
1565 2141 1729 2193 Ἀντί-

126 2255 349 2312 χριστος
395 2240 485 2287 καὶ
549 2238 593 2287 εἶ
640 2253 773 2295 τινες
819 2234 982 2300 ἕτεροι
1037 2233 1239 2285 πλάνοι.
1292 2232 1625 2304 Παράπτεται
1651 2229 1729 2300 (6)

128 2324 186 2379 δε
232 2330 322 2378 καὶ
373 2333 473 2377 τῶν
535 2327 884 2397 Γραμματέων
935 2326 1024 2372 καὶ
1098 2325 1416 2394 Φαρισαίων,
1473 2328 1574 2372 τῶν
1651 2315 1731 2371 δι-

1371 2049 1572 2113 Ἰούδας
1638 2057 1728 2104 καὶ

129 2413 430 2468 δασκόντων
501 2409 876 2479 διδασκαλίας,
937 2409 1230 2483 ἐντάλματα
1285 2409 1588 2483 ἀνθρώπων,
1641 2413 1730 2460 καὶ

126 2507 212 2557 τόν
242 2509 394 2574 νόμον
423 2500 867 2576 παραϐαινόντων.
904 2495 1051 2561 Εἶδες
1073 2507 1178 2559 πῶς
1215 2499 1482 2573 ὑπέγραψε
1504 2501 1590 2550 τὸν
1616 2497 1729 2550 κλέ-

126 2613 259 2650 πτην
307 2597 397 2644 καὶ
453 2595 541 2643 καὶ
597 2590 798 2663 λῃστὴν
849 2593 935 2641 καὶ
986 2588 1217 2654 πλάνον;
1271 2591 1456 2641 Σκόπει
1512 2592 1731 2639 καὶτοῦ

122 2686 361 2754 ποιμένος
394 2684 460 2732 τὰ
487 2684 850 2754 γνωρίσματα.

196 2770 254 2822 Ὀ
284 2801 344 2812 -—
379 2767 668 2842 προϐάτων.
709 2767 908 2842 Ὠσπερ
942 2766 1019 2837 (7)
1061 2771 1150 2818 καὶ
1201 2766 1375 2834 αὐτὸς,
1415 2767 1502 2819 οἶα
1525 2771 1734 2841 χρώμε-

121 2880 208 2921 νος
286 2866 402 2920 ταῖς
459 2864 708 2931 Γραφαίς,
762 2863 850 2909 καὶ
901 2855 1013 2907 κατ’
1085 2855 1245 2916 αὐτὰς
1319 2855 1730 2928 πολιτευόμενος.

127 2951 189 3002 Εἰ
237 2953 338 3023 γὰρ
387 2954 476 3000 καὶ
526 2946 574 2999 ἐν
627 2945 874 3016 Σαϐϐάτῳ
929 2945 1214 3017 εἰργάζετο,
1250 2943 1376 2997 ἀλλά
1431 2947 1542 2998 θεῖα
1571 2947 1730 3017 ἔργα·

125 3042 153 3091 6
197 3042 299 3111 γὰρ
349 3043 504 3109 νόμος
551 3039 615 3087 τὰ
661 3034 957 3108 ἀνθρώπινα
1003 3033 1278 3102 ἐκώλυσεν,
1328 3038 1444 3092 ἤτοι
1495 3037 1561 3086 τὰ
1606 3033 1735 3106 βιω-

128 3147 272 3179 τικα.

1124 394 1494 470 COMMENT.
1538 411 1605 466 1N
1635 395 1975 469 JOANNEM.
2021 443 2082 452 —
2127 409 2281 467 CAP.
2326 395 2394 467 X.

917 544 1280 611 ’Avu'yaz-ytxcbg
1370 539 1528 610 θύραν
1618 540 1708 610 μὲν

1887 536 2034 609 Cap.
2090 538 2146 591 X.
2188 539 2346 594 Vers.
2382 542 2429 593 1.
2463 538 2647 596 Amen
2679 570 2745 579 —
2786 541 2957 596 latro.
3001 539 3339 612 Anagogice
3376 541 3472 596 hic

1531 1869 1590 1926 δε
1660 1874 1804 1932 ὡςΒ

3333 412 3469 472 1322

1820 640 1920 696 per
1945 624 2163 680 ostium
2195 625 2578 695 intelligimus
2605 627 2788 696 leges,
2817 629 2943 684 sive
2992 628 3343 700 Scripturas,
3400 644 3471 685 eo

1819 714 1976 785 quod
2013 714 2088 768 ad
2123 714 2223 769 Dei
2262 716 2662 785 cognitionem
2691 717 2999 783 inducant,
3039 721 3094 773 et
3157 719 3473 775 transitum

1821 818 2082 872 omnem,
2117 803 2220 875 qui
2252 803 2535 858 adversus
2561 804 2821 860 divinum
2855 806 3078 862 cultum
3107 811 3212 871 est,
3254 807 3476 862 haereti-

1822 894 1905 946 cis
1922 907 1990 946 ac
2004 891 2281 960 gentibus
2301 893 3056 967 excludant,populumque
3077 912 3110 950 a
3124 895 3473 952 daemonum

1823 979 2050 1035 insidiis
2080 980 2440 1050 custodiant;
2481 982 2687 1038 caulas
2745 999 2900 1049 vero,
2935 999 3142 1039 curam
3173 1001 3243 1039 ac
3282 986 3476 1056 provi-

1825 1070 2089 1124 dentiam
2105 1069 2324 1135 ovium;
2340 1087 2479 1126 oves
2493 1077 2690 1126 autem
2713 1072 3027 1143 Israelitas,
3043 1073 3335 1145 populum
3349 1074 3473 1130 Dei.

1825 1159 1943 1215 Nos
1960 1158 2656 1229 aulem,inquit,populus
2675 1163 2801 1231 ejus
2817 1168 2872 1218 et
2886 1177 3254 1230 ovespascuw
3266 1165 3389 1233 ejus
3404 1165 3473 1216 ³⁵.

1828 1247 1935 1312 Qui
1965 1262 2106 1316 ergo
2139 1262 2253 1302 non
2294 1263 2399 1319 per
2430 1249 2760 1320 Scripturas
2782 1250 2857 1304 ad
2878 1266 3081 1306 curam
3113 1250 3311 1322 populi
3354 1252 3472 1322 Dei,

1827 1335 2175 1404 ingreditur,
2212 1341 2411 1407 utpote
2441 1352 2562 1392 non
2589 1341 2758 1392 utens
2779 1338 3007 1404 eis,nec
3016 1339 3188 1410 juxta
3214 1338 3343 1395 illas
3375 1355 3480 1409 gu-

1827 1424 2110 1488 bernans,
2135 1424 2237 1480 sed
2257 1425 2589 1481 ascendens
2611 1425 2871 1492 aliunde,
2887 1427 3059 1499 quasi
3082 1428 3300 1483 ostium
3326 1435 3480 1484 tran-

1830 1512 2050 1580 siliens,
2078 1519 2180 1568 aut
2202 1529 2306 1584 per
2321 1514 2505 1570 alium
2529 1515 2863 1587 irrumpens
2883 1515 3210 1581 introitum,
3239 1516 3334 1572 ille
3357 1533 3479 1574 non

1833 1608 2055 1674 pastor,
2085 1601 2188 1656 sed
2222 1603 2314 1657 fur
2353 1609 2439 1658 est
2465 1609 2520 1659 et
2557 1603 2702 1660 latro
2730 1620 2743 1657 :
2773 1604 2866 1660 fur
2895 1606 3166 1678 quidem,
3193 1611 3482 1678 tanquam

1830 1690 2040 1746 volens
2063 1707 2134 1746 ea
2163 1693 2240 1746 ad
2276 1708 2338 1747 se
2367 1693 2653 1759 derivare,
2687 1709 2820 1766 quae
2843 1710 2962 1750 non
2995 1710 3105 1750 sua
3122 1700 3294 1751 sunt:
3330 1695 3482 1753 latro

1835 1783 2054 1844 autem,
2089 1784 2380 1851 tanquam
2412 1780 2757 1837 devastans.

1910 2048 2263 2120 Hujusmodi
2290 2049 2528 2104 fuerunt
2551 2051 2686 2105 ante
2713 2064 2850 2105 eum
2879 2050 3062 2106 ludas
3102 2055 3158 2108 et
3189 2050 3486 2121 Theudas;

1837 2144 1971 2212 post
1985 2155 2120 2194 eum
2137 2155 2276 2195 vero
2290 2139 2720 2211 pseudochristi
2738 2144 2793 2195 et
2810 2139 3222 2208 Antichristus,
3245 2146 3300 2198 et
3319 2143 3367 2198 si
3385 2145 3490 2216 qui

1841 2233 1982 2284 sunt
2018 2227 2116 2284 alii
2162 2228 2530 2285 seductores.
2563 2228 2810 2298 Attingit
2856 2245 3099 2301 quoque
3139 2231 3369 2286 Scribas
3419 2249 3491 2289 ac

1839 2317 2192 2383 Pharismos,
2221 2317 2320 2389 qui
2337 2317 2626 2374 docebant
2643 2317 2969 2383 doctrinas,
2988 2325 3288 2388 praecepta
3310 2321 3493 2377 homi-

1841 2424 1984 2464 num
1997 2409 2066 2472 ου,
2082 2407 2266 2478 legem
2282 2411 2481 2462 autem
2497 2407 3112 2477 transgrediebantur.
3130 2407 3333 2465 Vidisti
3349 2427 3495 2482 quo-

1841 2497 2024 2552 modo
2040 2495 2253 2561 furem,
2276 2495 2568 2552 latronem
2587 2512 2657 2554 ac
2685 2496 3064 2553 seductorem
3086 2497 3495 2570 descripserit?

1841 2585 2153 2643 considera
2175 2586 2354 2642 etiam
2368 2585 2626 2658 pastoris
2652 2586 2931 2657 insignia,
2959 2586 3179 2660 quibus
3218 2586 3496 2658 dignosci

1842 2675 2058 2750 possit.

1914 2765 2075 2820 Vers.
2105 2766 2160 2819 2.
2191 2763 2306 2832 Qui
2341 2795 2407 2806 —
2435 2763 2652 2821 ovium.
2687 2764 2886 2830 Qualis
2937 2765 3068 2837 ipse
3113 2769 3259 2832 erat,
3292 2769 3496 2838 utpote

1845 2853 2160 2926 Scripturis
2179 2859 2370 2920 utens,
2387 2858 2442 2909 et
2456 2853 2788 2910 secundum
2805 2869 2907 2909 eas
2919 2853 3261 2924 gubernans
3280 2870 3500 2927 :quan-

1843 2959 2028 3017 quam
2052 2943 2209 2998 enim
2235 2943 2414 2998 etiam
2434 2943 2495 2998 in
2527 2943 2784 2999 Sabbato
2803 2949 3171 3016 operaretur,
3204 2959 3275 3001 ea
3297 2951 3500 3001 tamen

1843 3031 2042 3088 divina
2067 3035 2236 3087 erant
2266 3047 2464 3103 opera,
2517 3047 2649 3087 cum
2679 3032 2772 3088 lex
2821 3033 3161 3105 prohiberet
3207 3033 3499 3103 humana,

1846 3122 1968 3176 sive
1998 3121 2352 3192 temporalia
2382 3137 2449 3176 ac
2479 3121 2815 3179 saecularia.

202 3216 379 3283 Τούτῳ
427 3214 452 3264 ό
513 3214 745 3284 θυρωρὸς
811 3209 1025 3281 ἀνοίγει.
1095 3213 1349 3284 Θυρωρός
1417 3213 1554 3261 κατά
1618 3209 1731 3262 ἁνα-

1919 3209 2081 3265 Vers.
2115 3209 2167 3265 3.
2209 3210 2368 3264 Huic
2396 3210 2673 3266 ostiarius
2717 3211 2925 3278 aperit.
2982 3211 3270 3268 Ostiarius
3332 3213 3503 3283 juxta

128 3308 308 3376 γωγῄν
381 3303 406 3353 6
482 3307 733 3365 Μωυσῆς,
802 3300 871 3360 ὡς
947 3298 1102 3359 αὐτὸς
1191 3298 1553 3370 ἐμπιστευθεὶς
1625 3304 1738 3360 τοὺς

130 3397 322 3465 νόμους
354 3397 443 3442 τοῦ
481 3397 635 3442 Θεοῦ.
681 3395 765 3457 Τῷ
805 3389 1023 3458 τοιούτῳ
1053 3383 1140 3439 οὖν
1191 3389 1217 3438 ό
1264 3394 1497 3449 Μωυσῆς
1547 3385 1740 3460 ἀνοίγει

133 3486 201 3544 ὡς
242 3482 465 3552 ποιμένι,
498 3484 587 3530 καὶ
635 3473 939 3548 εἰσδέχεται
987 3477 1142 3528 αὐτόν
1187 3476 1259 3538 εὶς
1306 3481 1399 3534 τὴν
1450 3477 1740 3548 ἐπιμέλειαν

131 3580 233 3624 τῶν
260 3567 530 3642 προϐάτων
575 3570 643 3628 ὡς
679 3567 943 3641 γνωρίζων
974 3566 1147 3622 αὐτόν.
1197 3571 1298 3619 Καὶ
1349 3567 1451 3641 γάρ
1518 3567 1740 3642 ἔγραψεν

133 3663 218 3714 ὅτι
244 3659 416 3711 Αύτού
439 3655 669 3709 ἀκούετε.

207 3754 308 3802 Καὶ
364 3777 430 3790 -
478 3748 675 3800 ἀκούει.
724 3745 1094 3811 ’Υπακούουσι,
1145 3746 1413 3798 πείθονται
1469 3750 1558 3798 καὶ
1623 3745 1740 3799 ἀκο-

130 3839 429 3891 λουθοῦσιν·
485 3835 897 3907 ἐπι-γινώσκουσι
946 3837 1048 3906 γὰρ
1125 3834 1308 3892 αύτήν.
1369 3837 1447 3886 Τὰ
1502 3834 1743 3910 πρόϐατα

134 3925 194 3980 δὲ
222 3924 377 3998 εἶπεν,
413 3929 530 3985 ἤτοι
577 3927 642 3976 τὰ
701 3922 905 3984 ἀληθῶς
956 3921 1212 3996 πρόϐατα,
1244 3926 1310 3975 τὰ
1354 3923 1479 3986 άξια
1533 3929 1742 3997 ποιμαί-

131 4019 334 4070 νεσθαι.
365 4014 566 4086 Ὠσπερ
625 4015 726 4086 γὰρ
787 4013 812 4064 6
861 4012 1224 4086 εἰσερχόμενος
1264 4009 1359 4064 διὰ
1409 4021 1501 4074 τῆς
1559 4016 1739 4088 θύρας,

132 4105 284 4166 οὗτος
336 4108 532 4176 ποιμήν
581 4103 712 4155 ἐστι’
774 4101 908 4154 οὕτω
960 4107 1050 4154 καὶ
1101 4104 1149 4154 οἰ
1200 4110 1292 4162 τῆς
1356 4111 1526 4171 φωνῆς
1582 4103 1743 4155 αύτού

136 4191 430 4257 ἀκούοντες,
486 4195 554 4254 ὡς
607 4194 827 4261 εἴρηται,
887 4191 1030 4242 οὗτοι
1086 4189 1326 4264 πρόϐατά
1376 4191 1528 4242 εἰσινο
1582 4193 1630 4242 οἱ
1686 4188 1744 4243 δε

135 4286 206 4355 μὴ
252 4282 417 4342 οὕτως
465 4283 674 4352 ἔχοντες
723 4287 817 4342 τῆς
855 4288 953 4332 τῶν
1001 4279 1275 4352 προϐάτων
1333 4279 1523 4342 ταξεως
1583 4278 1744 4354 ἁπερ-

135 4373 276 4448 ῥάγη
289 4389 404 4424 σαν.

217 4464 318 4512 Καὶ
380 4489 446 4498 -
521 4457 636 4510 κατ’
698 4462 875 4531 ὄνομα.
937 4463 1039 4512 Καὶ
1099 4465 1254 4510 τοῦτο
1317 4459 1418 4533 γὰρ
1472 4463 1749 4532 γνώρισμα

1848 3312 2166 3367 anagogen
2196 3298 2382 3352 Moses
2413 3303 2557 3361 erat,
2592 3304 2656 3352 ut
2683 3299 2776 3352 cui
2807 3300 3163 3356 concredita:
3218 3305 3359 3357 sunt
3417 3303 3504 3358 di-

1848 3387 2002 3442 vinae
2023 3386 2204 3456 leges.
2233 3386 2353 3441 Tali
2371 3401 2513 3456 ergo
2539 3389 2726 3443 Moses
2746 3388 2953 3454 aperit,
2983 3393 3038 3444 et
3059 3390 3136 3444 ad
3162 3391 3366 3446 ovium
3399 3407 3504 3446 cu-

1849 3491 1978 3532 ram
2020 3475 2296 3542 admittit,
2331 3480 2533 3544 utpote
2564 3491 2931 3545 cognoscens
2963 3492 3118 3532 eum.
3173 3477 3419 3551 Scripsit
3455 3481 3502 3516 97

1849 3565 2031 3631 enim,
2076 3569 2139 3621 ut
2167 3580 2308 3621 eum
2351 3564 2625 3620 audirent
2664 3564 2763 3636 (r).

1922 3743 2082 3798 Vers.
2112 3747 2164 3799 3.
2191 3743 2269 3798 Et
2305 3774 2376 3782 —
2404 3743 2677 3799 audiunt.
2713 3742 3023 3809 Obediunt,
3057 3749 3283 3816 parent,
3321 3761 3392 3802 ac
3422 3762 3508 3803 se-

1847 3839 2116 3904 quuntur
2143 3847 2155 3886 :
2185 3837 2522 3902 agnoscunt
2551 3831 2710 3887 enim
2743 3832 2925 3888 illam.
2982 3834 3129 3889 Oves
3171 3841 3368 3890 autem
3423 3835 3508 3892 di-

1849 3922 1944 3987 xit,
1976 3937 2079 3978 eos
2127 3920 2416 3986 videlicet,
2465 3921 2568 3994 qui
2621 3937 2757 3977 vere
2811 3939 2954 3978 oves
3019 3927 3176 3989 sunt,
3240 3925 3406 3994 digni
3446 3931 3509 3980 ut

1851 4018 2194 4084 pascantur.
2226 4015 2374 4067 Nam
2406 4013 2554 4066 sicut
2581 4012 2685 4083 qui
2740 4027 2847 4084 per
2894 4017 3112 4068 ostium
3165 4013 3365 4082 intrat,
3411 4014 3508 4069 hic

1853 4105 2058 4171 pastor
2085 4105 2190 4165 est,
2223 4101 2304 4156 ita
2355 4107 2411 4155 et
2441 4101 2541 4172 qui
2572 4116 2776 4155 vocem
2833 4099 2961 4170 ejus
3019 4100 3290 4164 audiunt,
3326 4107 3390 4155 ut
3427 4101 3509 4156 di-

1853 4195 2014 4244 ctum
2045 4195 2155 4255 est,
2189 4189 2247 4244 bi
2273 4205 2415 4245 oves
2439 4194 2596 4254 sunt;
2620 4189 2722 4260 qui
2753 4204 2891 4243 vero
2914 4204 3034 4243 non
3063 4190 3147 4244 ita
3175 4205 3236 4244 se
3263 4187 3506 4257 habent,

1854 4279 1932 4334 ab
1973 4278 2177 4334 ovium
2208 4279 2418 4334 ordine
2449 4277 2638 4334 avulsi
2682 4283 2840 4331 sunt.

1927 4455 2074 4511 Vers
2107 4459 2158 4510 3.
2190 4455 2258 4510 Et
2287 4485 2357 4495 --
2396 4454 2774 4511 nominatim.
2836 4455 3025 4510 Etiam
3096 4455 3210 4511 hoc
3255 4455 3510 4527 pastoris

136 4552 402 4620 ποιμένος,
464 4553 558 4606 τὴν
630 4548 703 4609 εὶς
763 4549 980 4601 ἕκαστον
1029 4545 1289 4622 πρόϐατον
1381 4547 1544 4620 άχραν
1602 4567 1731 4622 upon.

1859 4546 2098 4615 signum
2120 4549 2228 4610 est,
2258 4547 2545 4616 cujusque
2568 4548 2639 4613 (ε)
2665 4545 2794 4600 ovis
2823 4544 3167 4616 diligentem
3199 4545 3508 4600 ostendere

137 4633 272 4690 τίδα
303 4633 514 4696 δηλοῦν.
547 4636 623 4689 Οὐ
665 4639 766 4710 γὰρ
806 4634 866 4688 ἂν
895 4636 1032 4689 αὔτα
1074 4634 1285 4688 καλέσοι
1314 4637 1428 4688 κατ’
1462 4640 1639 4708 ὄνομα,
1674 4642 1744 4709 μὴ

135 4728 408 4799 γνωρίζων
447 4727 664 4780 ἕκαστον
692 4725 939 4799 ἀκριϐῶς,
1001 4723 1056 4776 ἐκ
1109 4733 1198 4786 τῆς
1229 4725 1297 4787 εἰς
1326 4725 1542 4778 ἕκαστον
1591 4728 1750 4800 ἄκρας

138 4811 442 4889 φροντίδος.

216 4941 265 4976 ³⁵
298 4939 452 4998 Psal.
485 4955 635 5006 xcxv,
666 4945 725 4999 7.
856 4939 904 4976 ”
937 4938 1142 4996 Matth.
1171 4955 1266 5008 xv,
1299 4942 1358 4998 9.

1860 4650 2095 4691 curam:
2122 4649 2316 4705 neque
2333 4633 2492 4688 enim
2512 4633 2641 4688 illas
2664 4639 2839 4689 vocat
2861 4633 3237 4700 nominatim,
3258 4633 3360 4706 qui
3395 4633 3509 4688 sin-

1861 4724 2033 4796 gulas
2063 4722 2372 4795 diligenter
2401 4737 2522 4778 non
2540 4722 2832 4793 agnoscit,
2857 4723 2935 4780 ob
2957 4739 3253 4779 summam
3274 4723 3346 4778 de
3366 4737 3506 4778 una-

1861 4828 2104 4888 quaque
2129 4828 2358 4869 curam.

1499 4941 1542 4975 οτ
1575 4939 1744 4997 Deut.
1777 4956 1943 5012 xvm,
1982 4941 2062 4995 15.

1355 5115 1578 5187 Variae
1625 5117 1953 5186 lectiones
2009 5125 2074 5187 et
2106 5127 2306 5186 notae.

220 5317 239 5382 (
250 5315 302 5388 5)
331 5317 430 5390 Hic
452 5317 682 5390 semina
697 5320 1060 5390 sparguntur
1075 5317 1481 5390 corruptionis
1512 5334 1683 5374 versu
1703 5318 1755 5374 8.

146 5386 446 5462 Quoniam
463 5389 621 5462 enim
645 5386 970 5462 Patres—hoc
988 5386 1370 5462 explicabath
1386 5390 1457 5462 de
1472 5388 1760 5462 imposto-

143 5461 344 5532 ribus,
376 5461 480 5532 qui
510 5466 647 5516 ante
677 5461 973 5532 Christum
1002 5466 1306 5529 venerant,
1337 5461 1476 5518 ideo
1515 5461 1688 5519 versu
1725 5464 1760 5518 8

139 5530 548 5598 inculcarunt,
580 5535 682 5606 πρό
708 5531 853 5604 ἔμοῦ.

223 5657 303 5732 (r)
342 5656 413 5732 ἷζε
443 5671 595 5732 eum,
627 5661 740 5716 etc.
781 5656 930 5732 Eum
970 5657 1191 5732 audite.

1943 5319 2020 5391 (6)
2061 5318 2391 5392 Καθάπτεται
2422 5315 2767 5392 plerumque
2790 5313 2991 5392 dicere
3021 5312 3185 5392 solet.
3216 5314 3332 5392 ξιξᾲ
3387 5315 3503 5392 hoc

1870 5386 2104 5463 quoque
2133 5390 2267 5446 ferri
2302 5386 2865 5463 potestmpu'xluaem
2893 5391 2985 5443 est
3002 5386 3168 5460 apud
3218 5386 3504 5446 Galenut'n

1869 5460 1929 5519 in
1962 5463 2178 5519 Glossis
2211 5466 2387 5535 p.788,
2421 5461 2553 5535 edit.
2588 5460 2784 5535 Steph.

1942 5535 2018 5607 (7)
2057 5530 2379 5591 Henténius
2402 5533 2624 5590 videtur
2653 5530 2880 5604 legisse,
2914 5530 3035 5594 οἷος.

223 5729 303 5801 (ε)
344 5729 667 5800 Cujusque,
699 5734 808 5784 etc.
851 5729 1224 5800 Singularem
1258 5729 1316 5787 in
1349 5731 1609 5805 singulas
1638 5749 1776 5792 oves
1804 5731 2122 5791 ostendens
2154 5746 2376 5797 curam,

439 5825 674 5884 PATROL.
707 5825 813 5884 GR.
855 5825 1101 5898 CXXIX,
1244 5840 1254 5851 ‘
1662 5861 1686 5888 οι
1712 5851 1738 5879 x
