4088 6434
659 364 795 425 4319

1966 361 2308 423 EUTllYMll
2357 352 2709 420 ZAGABENl
3837 357 3929 412 1330

655 497 760 569 qui
779 511 899 552 non
921 494 1142 560 vident,
1176 494 1289 550 hoc
1315 498 1423 558 est,
1452 494 1548 566 qui
1567 493 1912 564 judicantur
1942 491 2084 547 caeci
2110 493 2269 546 ment

2341 491 2388 542 A
2421 493 2602 561 φησὶν,
2672 487 2783 540 ’Ῑνα
2828 487 2878 539 oi
2942 491 3014 558 μὴ
3085 483 3376 557 βλέποντες,
3449 485 3601 554 ἤγουν
3671 483 3716 532 οἱ
3778 476 3929 534 δοκοῦν·

657 585 1347 657 propterScripturarum
1383 583 1800 652 ignorantiam,
1829 582 1926 638 hic
1958 581 2201 636 videant
2224 579 2310 634 lu-

660 689 798 729 men
829 672 1095 729 veritatis
1127 673 1348 744 apertis
1377 673 1588 728 animus
1630 688 1838 728 eorum
1885 669 2092 735 oculis,
2122 669 2200 725 ab
2239 683 2311 724 ea

657 778 792 834 quae
820 761 881 817 in
907 779 998 816 me
1028 768 1117 816 est
1148 761 1282 816 ﬁde.
1319 761 1426 826 Qui
1453 767 1655 816 autem
1703 759 2074 832 perspicaces
2107 757 2310 813 viden-

659 859 754 907 tur
793 857 1033 922 propter
1064 850 1503 921 Scripturarum
1538 850 1830 914 notitiam,
1865 848 1923 903 hi
1954 847 2150 919 potius
2199 861 2311 900 non

661 940 915 1004 videant,
943 940 1167 996 clausis
1199 955 1405 995 eorum
1436 938 1813 995 interioribus
1843 937 2032 994 oculis
2061 936 2140 992 ab
2181 935 2313 991 inﬁ-

659 1029 914 1086 delitate.

729 1119 1058 1176 Dictionem
1088 1133 1229 1174 vero
1268 1123 1348 1184 ut,
1387 1134 1581 1190 neque
1606 1117 1701 1173 hic
1732 1119 1964 1188 oportet
1993 1114 2314 1185 intelligere

659 1208 994 1272 causaliter;
1015 1223 1135 1263 non
1153 1208 1311 1262 enim
1332 1207 1703 1279 prapterhoc
1719 1206 1899 1271 venit,
1920 1209 1979 1260 ut
1994 1204 2098 1275 qui
2114 1203 2313 1259 vident

659 1299 802 1356 czci
838 1299 1008 1366 ﬁant,
1056 1297 1573 1368 quemadmodum
1610 1295 1790 1351 etiam
1811 1294 1886 1350 de
1922 1295 2072 1357 ut,in
2097 1308 2316 1364 praece-

658 1387 933 1444 dentibus
956 1386 1448 1456 signiﬁcavimus,
1476 1386 1581 1441 sed
1600 1386 1760 1458 quod
1785 1384 1963 1439 futuri
1994 1385 2066 1437 sit
2090 1381 2316 1449 signifi-

660 1479 872 1542 cativa;
926 1477 1205 1541 futurum,
1231 1477 1440 1547 inquit,
1476 1483 1580 1540 est,
1620 1482 1683 1530 ut
1714 1474 1817 1546 qui
1841 1489 1960 1528 non
1994 1471 2192 1527 vident
2238 1471 2317 1526 vi-

659 1567 861 1632 deant,
895 1569 947 1621 et
967 1565 1071 1636 qui
1096 1565 1288 1620 vident
1319 1564 1451 1620 caeci
1489 1565 1662 1632 ﬁant.

733 1658 864 1720 Aut,
889 1656 955 1710 In
971 1655 1271 1724 judicium
1293 1668 1397 1723 ego
1415 1655 1476 1708 in
1505 1653 1788 1708 mundum
1806 1651 1956 1719 veni,
1987 1653 2094 1705 hoc
2121 1646 2314 1718 est,ad

661 1744 1146 1808 discernendum,
1180 1744 1253 1800 ad
1280 1743 1719 1815 separationem
1738 1741 1954 1796 horum
1983 1738 2063 1793 ab
2092 1737 2230 1802 illis,
2251 1743 2315 1791 ut

2420 597 2503 639 τες
2553 576 2734 649 τυφλοὶ
2786 579 2874 627 τὸν
2928 583 3046 627 νοῦν
3103 581 3167 646 τῇ
3247 572 3426 644 ἀγνοίᾳ
3483 580 3579 623 τῶν
3633 575 3830 642 Γραφῶν,
3873 570 3931 620 οὗ.

2421 687 2498 720 τοι
2533 666 2772 739 βλέπωσι
2824 669 2882 717 τὸ
2925 673 3029 737 φῶς
3069 671 3158 724 τῆς
3207 661 3470 724 ἀληθείας,
3521 657 3838 730 διανοιγίντων
3875 658 3933 709 ar}-

2423 764 2529 818 τοίς
2560 765 2660 808 τῶν
2687 755 2936 826 ψυχικῶν
2969 753 3241 826 ὀφθαλμῶν
3268 753 3368 804 ύπό
3398 759 3487 811 τῆς
3518 749 3587 811 εἰς
3629 747 3708 820 ἐμὲ
3743 752 3930 807 πίστεως·

2423 846 2572 898 αὐτοὶ
2600 843 2658 898 δὲ
2679 848 2726 897 οὶ
2744 842 3013 903 δοκοῦντες
3043 838 3344 916 ὀξυδερκεῖς
3367 848 3428 912 τῇ
3454 845 3634 910 γνώσει
3655 846 3743 889 τῶν
3763 841 3931 906 Γραφὼν,

2422 935 2564 988 οὗτοι
2594 933 2779 1006 μᾶλλοι
2807 938 2878 1005 μὴ
2914 931 3168 1005 βλέπωσι,
3212 931 3487 1003 μυσάντων
3515 927 3678 987 αὐτοῖς
3718 934 3801 976 τῶν
3837 922 3932 976 ἔνδον

2423 1024 2696 1096 ὀφθαλμῶν
2728 1025 2827 1095 ύμὸ
2861 1021 3132 1083 ἀπιστίας.

2497 1112 2775 1167 Κάνταῦθα
2827 1109 2886 1165 δὶ
2925 1116 2983 1164 τὸ
3038 1113 3121 1162 ἵνα
3186 1109 3245 1163 ού
3293 1113 3404 1182 χρή
3459 1115 3586 1160 νοεῖν
3639 1103 3927 1173 αἰτιολογικόν,

2424 1204 2500 1256 Ού
2548 1207 2646 1275 γὰρ
2699 1199 2793 1255 διά
2862 1209 3014 1254 τοῦτο
3054 1197 3220 1263 ἦλθεν,
3282 1201 3364 1251 ἶνα
3416 1199 3464 1250 οἱ
3519 1195 3771 1269 βλέποντες
3813 1192 3933 1262 τνγὶιι

2421 1298 2690 1364 γένωνται,
2749 1290 2877 1342 ἀλλά
2933 1289 3225 1348 δηλωτικὸν
3273 1296 3365 1341 τοῦ
3427 1287 3705 1359 μέλλοντος,
3754 1284 3821 1334 ὄτι
3858 1281 3934 1352 μελε

2422 1382 2600 1434 λουσιν
2659 1383 2707 1433 οἱ
2758 1386 2829 1452 μὴ
2897 1377 3166 1451 βλέποντες
3220 1377 3446 1451 βλέπειν,
3505 1380 3589 1427 καὶ
3639 1376 3683 1425 οἱ
3739 1370 3934 1443 βλέποντες

2423 1472 2765 1544 τυφλοῦσθαι,
2811 1473 2876 1530 ὡς
2926 1474 3016 1521 καὶ
3057 1467 3396 1544 προλαϐόντες
3443 1470 3564 1539 περὶ
3610 1470 3694 1516 τοῦ
3745 1463 3814 1514 ἶνα
3853 1479 3935 1531 παρ-

2424 1561 2878 1634 εσημειωσάμεθα.

2496 1651 2586 1718 Ἦ,
2640 1651 2722 1710 Εἰς
2772 1657 2938 1722 κρῖμα
2997 1646 3096 1718 ἕγὼ
3168 1646 3239 1709 εἰς
3309 1650 3396 1698 τόν
3475 1648 3668 1716 κόσμον
3723 1647 3863 1693 τοῦτον
3884 1636 3934 1705 (3)

2425 1737 2600 1808 ἦλθον,
2661 1739 2770 1792 ἀντὶ
2827 1745 2939 1799 τοῦ,
3004 1739 3075 1798 εἰς
3139 1733 3408 1807 διάκρισιν
3494 1739 3584 1785 καὶ
3653 1728 3932 1803 διαχωρισμὸν

661 1839 950 1908 appareat
971 1835 1056 1906 (q)
1078 1834 1134 1888 in
1160 1835 1252 1890 his
1272 1832 1504 1904 quidem
1526 1835 1872 1903 prospectus
1897 1827 2096 1883 liberae
2116 1826 2275 1882 volun

2352 1845 2393 1898 Β
2425 1834 2616 1883 τούτων
2648 1849 2700 1882 τε
2742 1825 3010 1890 κάκείνων,
3057 1828 3141 1878 ἶνα
3179 1832 3308 1897 φανῇ
3365 1832 3464 1876 τῶν
3511 1825 3601 1895 μὲν
3651 1822 3680 1878 ἠ
3718 1819 3762 1882 ἐξ

662 1929 822 1997 tatis,
854 1943 984 2000 quae
1004 1942 1041 1982 a
1065 1924 1331 1980 bonitate
1351 1920 1650 1994 procedit;
1685 1922 1744 1974 in
1765 1918 1893 1974 aliis
1925 1933 2067 1972 vero
2101 1915 2315 1971 mentis

663 2019 1002 2083 exctecatio,
1034 2030 1171 2088 quin
1201 2029 1236 2068 a
1265 2010 1494 2068 malitia
1518 2009 1845 2079 egreditur.

735 2110 896 2165 Vers.
921 2079 1010 2163 40⁷.
1043 2079 1106 2161 ἐι
1125 2135 1194 2147 -
1223 2119 1305 2159 eo.
1331 2103 1437 2167 Qui
1461 2098 1765 2172 quondam
1795 2095 2027 2154 fuerant
2055 2079 2311 2156 cum’eo,

661 2198 1038 2274 postmodum
1057 2201 1256 2252 autem
1272 2188 1527 2263 separati
1545 2190 1841 2250 erant,aut
1857 2183 1960 2256 qui
1976 2191 2115 2238 tunc
2132 2186 2314 2237 erant.

664 2271 812 2348 l‘iam
837 2288 1087 2362 quidam
1110 2281 1384 2339 Pharisaii
1413 2276 1839 2350 sequebantur,
1883 2278 1944 2328 ut
1975 2271 2242 2327 viderent
2261 2275 2318 2325 et

663 2382 955 2448 audirent,
983 2376 1128 2449 quid
1160 2374 1379 2429 faceret
1407 2384 1478 2424 ac
1531 2367 1886 2437 loqueretur.

735 2471 898 2526 Vers.
925 2447 1014 2523 4οξ
1047 2466 1111 2519 Et
1138 2493 1205 2505 —
1231 2474 1429 2517 sumus
1461 2457 1486 2513 Ρ
1513 2459 1658 2512 Nam
1677 2456 1830 2507 sicut
1858 2449 1996 2506 alibi
2016 2447 2316 2512 dicebant,

663 2561 886 2620 Nemini
908 2556 1255 2615 seruiuimus
1282 2563 1560 2621 unquam,
1596 2550 1652 2599 et
1677 2560 1688 2597 :
1718 2543 1771 2598 Ε
1809 2548 2018 2610 stupro
2039 2538 2170 2594 nali
2199 2553 2317 2591 non

664 2667 864 2710 sumus
886 2651 955 2713 ἰς
985 2649 1064 2702 ita
1085 2649 1142 2699 et
1160 2657 1318 2697 nunc
1340 2639 1415 2692 ad
1439 2632 1740 2690 sensibilia
1760 2636 1991 2686 tantum
2016 2625 2319 2682 inhiabant

664 2749 720 2798 et
745 2741 819 2796 de
843 2733 1139 2808 corporali
1153 2729 1348 2786 solum
1398 2724 1659 2781 ctecitate
1690 2720 1821 2775 illos
1850 2717 2153 2790 pudebat:
2183 2714 2316 2769 ideo

665 2831 740 2887 de
759 2829 874 2884 hac
894 2806 1281 2891 interrogant,
1301 2816 1752 2886 cognoscentes,
1772 2806 1936 2881 quod
1959 2810 2200 2878 propter
2215 2817 2317 2858 eos

666 2921 860 2976 dictus
887 2918 1041 2970 esset
1066 2925 1284 2966 sermo.

737 3007 900 3065 Vers.
935 3004 1022 3058 41.
1046 3000 1148 3056 Ait
1177 3027 1245 3039 —
1265 2999 1594 3066 peccatum.
1628 2991 1704 3044 De
1734 2984 2080 3043 inﬁdelitate
2110 2981 2316 3038 videli-

667 3103 758 3154 cet
798 3112 812 3152 :
848 3108 989 3150 nam
1019 3086 1381 3161 respondere
1424 3079 1678 3154 possetis
1718 3095 1732 3133 :
1789 3076 1919 3131 Non
1953 3073 2214 3128 vidimus
2245 3071 2317 3126 si-

666 3203 808 3260 gna.

739 3277 884 3332 Vers
925 3276 1012 3329 Η.
1053 3270 1223 3326 Nunc
1251 3295 1318 3306 —
1345 3263 1625 3318 videmus.
1659 3257 1775 3312 Vos
1801 3255 1915 3311 hoc
1940 3252 2134 3309 dicitis
2160 3267 2174 3316 ;
2207 3265 2318 3320 ego

668 3371 868 3425 autem
886 3360 1092 3419 non.Si
1109 3357 1270 3413 enim
1286 3351 1564 3414 videritis,
1579 3344 1896 3403 crederetis
1909 3358 2055 3398 sane
2071 3342 2317 3396 miracu-

667 3458 740 3515 lis
756 3468 1012 3530 quaalego
1025 3463 1226 3506 coram
1240 3444 1410 3500 vobis
1431 3454 1665 3512 operor.
1688 3434 1800 3493 Sed
1813 3441 2109 3506 quantum
2124 3429 2200 3486 ad
2216 3445 2321 3500 ap—

667 3521 1015 3621 parentiam,
1074 3537 1280 3593 videtis
1309 3552 1323 3599 ;
1352 3535 1648 3604 quantum
1702 3541 1836 3581 vero
1866 3524 1944 3578 ad
1990 3521 2316 3586 veritatem,

668 3615 790 3694 non
872 3631 1102 3697 videtis,
1193 3630 1384 3680 mente
1469 3615 1765 3674 exceecati.
1842 3615 2016 3669 Juxta
2082 3624 2321 3682 prover-

667 3726 838 3782 bium
870 3732 1134 3790 namque
1168 3729 1338 3770 mens
1369 3709 1548 3771 videt,
1589 3713 1645 3761 et
1676 3721 1845 3760 mens
1883 3700 2072 3765 audit,
2107 3704 2319 3754 caetera

670 3816 870 3867 autem
900 3805 1105 3862 omnia
1135 3815 1293 3856 caica
1332 3798 1471 3850 sunt
1495 3800 1550 3848 et
1579 3790 1782 3845 surda.

746 3898 906 3954 Vers.
936 3898 993 3949 41
1012 3932 1024 3945 .
1055 3893 1370 3947 Peccatum
1392 3899 1530 3953 ergo
1554 3887 1808 3938 vestrum
1857 3882 2075 3933 manet.
2136 3875 2322 3928 Manet

671 3989 902 4058 absque
925 3982 1111 4046 venia;
1130 3978 1273 4051 quia
1292 3976 1552 4030 dicentes
1576 3987 1679 4025 vos
1695 3968 1890 4023 videre
1913 3981 2020 4020 nec
2038 3961 2319 4024 videntes,

621 4111 624 4114 -
670 4054 997 4135 voluntarie
1018 4062 1490 4126 excaacaminiab
1512 4059 1728 4115 invidia
1754 4065 1811 4112 et
1842 4054 2081 4110 malitia.
2117 4054 2321 4108 Osten-

669 4169 757 4225 dit
783 4180 945 4235 ergo,
979 4159 1143 4234 quod
1171 4152 1490 4228 corporalis
1513 4151 1697 4212 visus,
1729 4147 1804 4201 de
1828 4161 1950 4217 quo
1973 4141 2318 4235 gloriantur,

667 4257 779 4315 hos
830 4230 1214 4311 condemnat.
1266 4241 1448 4301 Simul
1503 4252 1742 4311 quoque
1771 4250 1934 4302 eum,
1984 4230 2091 4303 qui
2143 4235 2322 4285 antea

670 4361 864 4403 caecus
886 4344 1097 4403 fuerat,
1116 4337 1257 4393 hinc
1276 4329 1635 4392 consolatur,
1661 4342 1730 4382 ac
1761 4324 2088 4379 ﬁrmiorem
2109 4320 2171 4374 in
2203 4315 2320 4372 tide

670 4435 1052 4583 regilttiutem
1077 4516 1298 4572 dicant:
1327 4514 1454 4568 Non
1483 4506 1704 4564 idcirco
1731 4502 1838 4558 tibi
1867 4517 1981 4558 non
2020 4496 2322 4555 credimus

2427 1923 2776 1992 προαιρέσεως
2803 1914 3101 1987 ἀνάϐλεψις,
3150 1923 3250 1967 τῶν
3282 1909 3342 1966 δι
3370 1915 3400 1970 ἠ
3443 1911 3504 1963 ἑκ
3549 1915 3758 1983 πονηρᾶς
3794 1912 3933 1978 γνώμης

2429 2007 2813 2080 ἀποτύφλωσις.

2501 2103 2602 2150 Καὶ
2656 2127 2727 2139 -
2785 2096 2966 2148 αὐτοῦ.
3027 2095 3093 2148 Οἳ
3123 2112 3247 2146 ποτε
3295 2095 3428 2151 ὄντες
3479 2089 3595 2162 μετ’
3645 2087 3802 2150 αὐτοῦ,
3842 2086 3934 2137 ὑστι-

2427 2207 2515 2263 ρον
2569 2184 2629 2240 δι
2687 2185 3020 2255 ἀποστάντες,
3096 2187 3126 2241 ἧ
3193 2185 3242 2235 οἱ
3316 2186 3455 2242 ὄντες
3529 2184 3811 2236 τηνικαῦτα.
3851 2180 3934 2232 Tui;

2427 2280 2530 2348 γὰρ
2573 2282 2852 2349 Φαρισαῖοι
2898 2278 3210 2347 παρείποντο
3255 2269 3530 2344 βλέποντες
3573 2271 3661 2320 καὶ
3686 2265 3933 2323 ἀκούοντιςτί

2429 2365 2568 2410 ποιεῖ
2596 2361 2683 2408 καὶ
2708 2355 2869 2409 λαλεῖ.

2506 2450 2604 2499 Καὶ
2656 2476 2723 2486 -
2775 2443 2929 2516 ἐσμεν
2956 2464 2966 2506 ;
2998 2441 3198 2516 Ὠσπερ
3281 2438 3524 2510 ἀλλαχοῦ
3582 2437 3771 2508 ἔλεγον·
3819 2429 3928 2485 Οὶδεπ

2432 2532 2844 2606 δεδουλεύκαμεν
2917 2538 3122 2585 πώποτε
3153 2548 3166 2561 ⁶
3223 2533 3335 2596 καὶ,
3385 2529 3477 2580 Ἐκ
3535 2529 3766 2600 πορνείας
3815 2523 3855 2574 οὗ
3882 2538 3920 2588 βο

2427 2627 2748 2697 ⁹ιεννήμεθα’
2780 2623 2915 2675 οὕτω
2983 2625 3074 2674 καὶ
3125 2628 3214 2672 νῦν
3290 2621 3416 2691 πρὸς
3498 2620 3568 2670 τά
3637 2615 3840 2672 αἰσθητὰ
3881 2627 3920 2658 xi-

2427 2721 2631 2788 χῄνασι
2681 2719 2854 2787 μόνον,
2913 2717 3004 2764 καὶ
3061 2715 3152 2770 τὴν
3208 2712 3517 2781 σωματικὴν
3564 2705 3804 2777 τύφλωσιν
3850 2698 3930 2750 ἐπει·

2432 2809 2733 2877 σχύνονται.
2770 2806 2855 2856 Διὸ
2877 2806 2995 2875 περὶ
3025 2802 3220 2861 ταύτης
3241 2797 3476 2872 ἐρωτῶσι
3499 2800 3702 2868 γνόντες
3727 2795 3795 2845 ὅτι
3815 2795 3876 2841 καὶ
3893 2783 3934 2837 δι’

2429 2895 2616 2955 αύτούς
2643 2897 2846 2966 εῖρηται
2876 2893 2901 2942 ό
2931 2891 3096 2961 λόγος.

2501 2971 2650 3027 Εἶπεν
2681 3005 2748 3012 -
2778 2973 3057 3044 ἀμαρτίαν,
3089 2999 3158 3012 -
3183 2967 3291 3020 Ούκ
3318 2966 3377 3018 ἃν
3408 2970 3581 3038 εἴχετε
3620 2963 3858 3038 ἁμαρτίαν,
3892 2955 3940 3006 ἐπὶ

2429 3071 2490 3136 τῇ
2531 3062 2753 3133 ἀπιστίᾳ
2783 3057 3024 3118 δηλονότι
3049 3075 3060 3087 ⁸
3095 3057 3185 3110 καὶ
3213 3060 3314 3131 ’γὰρ
3358 3051 3634 3114 ἠδύνασθε
3663 3047 3941 3120 ἀπολογεῖσθαι

2431 3156 2507 3206 ὅτι
2540 3151 2650 3204 Ούκ
2682 3151 2976 3226 ἑωράκαμεν
3007 3150 3074 3200 τά
3109 3153 3320 3218 σημεῖα.

2501 3249 2608 3295 Νῦν
2666 3218 3057 3312 -’βλίπομεν.
3113 3235 3282 3308 ’Υμεῖς
3333 3241 3487 3286 τοῦτο
3547 3232 3731 3304 λέγετε,
3797 3225 3874 3297 ὶῖὼ
3913 3218 3945 3272 δι

2430 3334 2515 3388 οὗ.
2551 3330 2610 3384 Εἰ
2650 3333 2751 3402 γὰρ
2812 3327 3060 3394 ἐϐλεπετε,
3119 3326 3431 3388 ἐπιστεύετε,
3493 3321 3557 3374 ἂν
3613 3322 3686 3382 οἷς
3739 3315 3947 3391 ἐργάζομαι

2433 3423 2695 3492 θαύμασιν
2723 3401 2955 3470 Ῠένώπιον
3008 3418 3171 3488 ὑμῶν.
3232 3412 3386 3467 Ἀλλά
3437 3420 3514 3482 τῷ
3567 3408 3732 3464 δοκεῖν
3765 3410 3838 3479 μὲν

2430 3529 2566 3573 πετε,
2597 3517 2657 3580 τῇ
2693 3505 2751 3560 δε
2779 3506 2998 3577 ἀληθείᾳ
3021 3504 3080 3558 ού
3113 3503 3324 3576 βλέπετε
3355 3500 3728 3573 τετυφλωμένοι
3767 3499 3837 3547 τὸν
3860 3496 3947 3542 νοὼ.

2432 3602 2574 3652 Κατά
2603 3601 2701 3670 γὰρ
2729 3602 2822 3656 τὴν
2851 3599 3131 3670 παροιμίαν
3175 3601 3293 3654 νοῦς
3330 3591 3407 3662 (4)
3438 3592 3542 3664 ὁρᾲ
3571 3593 3659 3642 καὶ
3687 3594 3790 3647 νοῦς
3816 3583 3946 3634 ἀκούει·

2428 3691 2495 3740 τὰ
2516 3684 2565 3740 δ’
2594 3687 2722 3740 ἄλλα
2748 3688 2916 3739 πάντα
2941 3683 3110 3756 τυφλά
3137 3688 3226 3734 καὶ
3256 3682 3419 3756 κωρά.

2499 3865 2558 3919 Ἠ
2638 3861 2727 3918 οὖν
2802 3864 3035 3938 ἁμαρτία
3100 3862 3242 3933 ὑμῶν
3310 3877 3467 3932 μενει,
3549 3860 3697 3911 Missi
3760 3852 3956 3918 imipr

2434 3976 2572 4023 στος,
2617 3952 2780 4025 διότι,
2833 3954 3064 4025 λέγοντες
3122 3949 3349 4024 βλέπειν,
3398 3947 3457 4000 οὗ
3523 3946 3750 4020 βλέπετε,
3794 3939 3956 3992 ἑθελοτθ·

2431 4047 2738 4120 φλὼττοντες
2795 4046 2894 4096 ὑπὸ
2948 4044 3136 4114 φθόνου
3187 4045 3276 4092 καὶ
3332 4042 3609 4110 πονηρίας.
3673 4028 3850 4092 Ἐδειξε
3889 4029 3956 4076 τοι·

2430 4157 2517 4188 νυν
2562 4138 2643 4189 ὅτι
2691 4137 2720 4193 ἠ
2776 4135 3049 4203 σωματικὴ
3111 4131 3312 4201 ὅρασις,
3363 4125 3437 4199 ἐφ’
3582 4121 3956 4198 μεγαλαυχούσσ,

2432 4227 2563 4284 αύτὴ
2615 4227 2830 4284 τούτους
2883 4216 3252 4278 καταδικάζει.
3301 4215 3442 4287 Ἀμα
3502 4211 3564 4267 δι
3633 4218 3720 4264 καὶ
3767 4213 3838 4260 τόν
3882 4206 3957 4274 πρὶν

2430 4313 2616 4386 τυφλόν
2643 4311 2864 4365 ἐντεῦθεν
2893 4309 3322 4382 παρεμυθήσατο,
3349 4309 3438 4356 καὶ
3471 4301 3789 4376 βεϐαιότερον
3815 4295 3872 4354 εἰς
3901 4294 3956 4344 τὶν

2432 4409 2612 4457 πίστιν
2645 4402 3022 4476 ἀπειργάσατο.

2501 4497 2611 4545 Ἱνα
2677 4486 2735 4542 δι
2769 4474 2862 4561 ’μὴ
2915 4491 3128 4541 εἴπωσιν
3201 4486 3282 4537 ὃτι
3335 4482 3444 4535 Ούκ
3497 4483 3568 4544 ὡς
3635 4479 3693 4532 ού
3761 4474 3955 4549 βλέποντες

744 4558 824 4583 μυ
855 4558 1052 4578 αυιυω
1077 4558 1298 4572 μινυ-ι--ι
1328 4558 1454 4568 ..ν...
1484 4558 1619 4564 -----
1642 4558 1696 4560 __

670 4615 835 4690 quod
858 4626 979 4668 non
1002 4608 1339 4668 videamus,
1370 4599 1472 4656 sed
1502 4598 1644 4670 quia
1666 4601 1725 4652 tu
1749 4591 2041 4665 papulum
2067 4587 2284 4644 seduci:

2358 4569 2398 4622 ί)
2433 4581 2773 4651 ἀπιστοῦμεν,
2814 4576 2919 4629 ἀλλ’
2970 4579 3039 4637 ὡς
3077 4575 3365 4634 πλανῶντός
3419 4590 3515 4624 σου
3575 4573 3664 4622 τόν
3712 4567 3837 4629 λαὸν,

2449 4669 2471 4690 ι
2597 4673 2634 4690 -,
2743 4665 2829 4690 ΩΑ-
2890 4663 3190 4690 -μ-μρ-κδ-
3246 4664 3321 4690 ι-.
3374 4660 3461 4690 -3...
3516 4662 3626 4690 :...
3679 4655 3844 4690 -14....—
3882 4645 3950 4690 id}:

672 4673 930 4763 dstendit
951 4715 1056 4772 per
1072 4692 1443 4769 parabolam,
1467 4686 1631 4759 quod
1659 4699 1775 4738 non
1799 4681 2076 4772 seductor
2098 4673 2324 4772 sib-sed

673 4764 968 4867 pastor.Et
983 4764 1240 4860 primum
1268 4779 1512 4854 quidem
1535 4776 1705 4844 signa
1719 4772 1886 4844 ponit
1911 4764 2238 4824 seductoris
2256 4779 2326 4867 ac

675 4852 1079 4952 corruptoris:
1123 4852 1340 4930 deinde
1383 4868 1815 4936 consequenter
1842 4857 2094 4931 pastoris
2125 4861 2182 4910 et
2209 4852 2327 4908 Sal-

673 4943 914 5032 vatoris,
951 4972 1014 5022 ut
1038 4981 1110 5021 ex
1135 4962 1228 5020 his
1268 4962 1661 5030 cognoscatur
1692 4957 1884 5008 utrum
1925 4947 2202 5004 seductor
2231 4943 2323 5008 sit,

675 5077 754 5119 an
777 5063 1004 5134 pastor.

747 5203 797 5243 "
838 5205 1017 5262 Joan.
1065 5213 1180 5266 vin,
1216 5199 1304 5255 33.

2436 4669 2660 4725 δεικνύει
2737 4665 2832 4721 διά
2889 4663 3190 4740 παραϐολῆς
3243 4664 3325 4716 ὅτι
3373 4660 3464 4714 οὐκ
3514 4662 3630 4712 ἔστι
3679 4655 3845 4712 πλάνος
3882 4645 3950 4698 illi

2435 4765 2650 4832 ποιμήν.
2715 4763 2814 4811 Καὶ
2872 4765 3075 4829 πρῶτον
3155 4757 3245 4826 μὲν
3317 4753 3502 4808 τίθησι
3573 4751 3643 4800 τὰ
3700 4745 3948 4817 paphum

2440 4859 2528 4903 τοῦ
2567 4847 2760 4901 πλάνου
2795 4851 2884 4898 καὶ
2924 4845 3202 4918 λυμεὼνος,
3235 4843 3348 4895 εἶτα
3393 4838 3616 4901 καθεξῆς
3671 4839 3736 4888 τὰ
3783 4837 3857 4885 τοῦ

2435 4945 2584 5015 μένος
2607 4942 2698 4990 καὶ
2726 4944 2978 5009 Σωτῆρος,
3021 4935 3104 4986 ἱνα
3132 4931 3220 4985 ἀπ’
3265 4930 3432 4984 αὐτῶν
3479 4928 3695 5000 γνῶσθῇ
3728 4927 3817 4978 εῑτι
3843 4918 3942 4971 xlii

2437 5029 2577 5084 ἐστιν
2603 5031 2704 5082 εἴτε
2728 5030 2952 5098 ποιμήν.

1896 5281 2122 5353 ναι-ἰῶ
2163 5279 2486 5348 lectiones
2511 5281 2799 5343 etnotae.

752 5502 1027 5649 agnam
1084 5490 1253 5551 abest
1310 5489 1377 5544 A.

751 5576 806 5648 (4
870 5577 951 5630 De
979 5570 1093 5624 hoc
1122 5562 1377 5639 proverb

870 5539 1440 5639 BE'L'oc"BE5§e'rBio
1471 5555 1607 5614 vide
1638 5555 1976 5611 Fischerum
2006 5550 2081 5608 ad
2119 5549 2347 5604 Platon.
2369 5543 2653 5602 Phaidon.
2688 5557 2752 5615 p.
2791 5539 2918 5596 269.

751 5755 833 5827 (q)
879 5748 1293 5827 Ut‘appareat‘,
1348 5746 1458 5796 etc.
1507 5737 1575 5795 Ut
1606 5720 2498 5827 appareat,“al.iorutn_.quidem
2537 5740 2607 5781 ex
2641 5731 2942 5795 propensa
2979 5711 3059 5773 ad
3115 5711 3341 5771 bonum
3391 5707 3697 5766 voluntate
3739 5692 3943 5759 τοειὶίιιωδ

609 5859 612 5864 ·
679 5801 1162 5898 ῗὶἓῖιῖι,ἶιίόὲίιιιι
1189 5801 1391 5876 autem
1417 5829 1490 5872 ex
1516 5801 1733 5871 mentis
1763 5806 2052 5882 pravitate
2081 5801 2338 5862 caecitas.
