4088 6480
108 408 228 474 1321

173 542 329 613 Ἀμὴν
425 567 496 577 -
593 533 808 607 λῃστής.

107 638 302 701 νοοῦμεν
377 625 598 678 ἐνταῦθα
666 627 787 685 τοὺς
851 627 1061 696 νόμους,
1115 627 1233 682 ἤτοι
1307 624 1400 682 τὰς
1467 623 1691 693 Γραφὰς,

110 717 196 772 διὰ
237 720 293 770 τό
341 715 568 784 εἰσάγειν
612 715 685 775 εἰς
734 715 1062 784 θεογνωσίαν,
1120 717 1210 764 καὶ
1257 709 1541 763 ἆτοκλείείν
1589 717 1695 762 πᾶ-

111 827 198 860 σαν
241 807 375 857 κατὰ
402 811 497 864 τῆς
545 800 808 862 εὐσεϐείας
855 798 1086 876 πάροδον
1134 797 1242 862 τοῖς
1291 796 1570 874 αἱρετικοῖς
1607 804 1696 852 καὶ

109 903 206 956 τοῖς
260 893 410 952 Ἕλλη
421 911 496 956 σι,

107 984 271 1036 λευτον
321 990 428 1044 τοῖς
475 977 745 1052 δαίμοσιν·
800 980 960 1038 αὐλὴν
1009 975 1070 1032 δὲ
1105 984 1200 1038 τὴν
1261 977 1549 1050 ἐπιμέλειαν
1607 983 1696 1029 καὶ

573 896 663 943 καὶ
735 890 1008 963 φυλάττειν
1086 894 1168 942 τόν
1241 889 1361 941 λαὸν
1431 887 1697 940 ἀνεπιϐού-

109 1078 341 1146 πρόνοιαν
392 1078 491 1125 τῶν
544 1068 802 1144 προϐάτον
842 1086 856 1100 ’
913 1067 1152 1144 πρόϐατα
1201 1063 1260 1120 δε
1317 1071 1433 1127 τούς
1495 1066 1697 1139 Ἰσραηο

109 1162 266 1224 λίτας,
337 1164 426 1212 τὸν
476 1167 566 1212 τοῦ
641 1165 774 1212 Θεοῦ
819 1157 959 1212 λαόν.
1021 1157 1194 1229 Ἡμεῖς
1241 1153 1320 1222 δέ,
1379 1160 1532 1228 φησὶ,
1577 1155 1700 1216 λαός

112 1252 282 1315 αὐτοῦ,
349 1254 439 1301 καὶ
511 1247 750 1322 πρόϐατα
816 1255 974 1320 νομῆς
1048 1246 1226 1300 αὐτοῦ.
1285 1243 1343 1297 Ὀ
1401 1249 1570 1297 τοίνυν
1626 1249 1695 1314 μὴ

113 1337 144 1393 δ
149 1343 200 1392 ιὰ
227 1350 322 1392 των
354 1345 566 1413 Γραφὼν
593 1338 666 1398 εἰς
695 1342 782 1395 τὴν
831 1335 1120 1408 ἐπιμέλειαν
1165 1341 1257 1388 τοῦ
1294 1333 1422 1386 λαοῦ
1449 1340 1540 1386 τοῦ
1567 1341 1701 1386 Θεοῦ

115 1429 492 1503 εἰσερχόμενος,
547 1429 614 1488 ὡς
667 1431 738 1499 μὴ
817 1431 1087 1499 χρώμενος
1143 1424 1347 1494 αύταῐς,
1393 1419 1532 1495 μηδὲ
1587 1422 1701 1474 κατ’

111 1519 264 1580 αὐτὰς
332 1516 746 1588 πολιτευόμενος,
835 1513 964 1566 ἀλλὰ
1041 1511 1326 1565 ἀναϐαίνων
1394 1510 1702 1583 ἀλλαχόθεν,

109 1609 176 1669 ὡς
234 1602 548 1679 ύπερπηδῶν
606 1608 697 1676 μεν
762 1609 856 1663 τὴν
928 1605 1108 1677 θύραν,
1162 1606 1353 1674 τέμνων
1413 1597 1473 1653 δὲ
1531 1600 1704 1674 ἑτέραν

116 1693 338 1761 εἴσοδον,
399 1695 588 1755 ἐκεῖνος
644 1693 702 1745 ού
751 1696 966 1764 ποιμὴν,
1017 1691 1144 1744 ἀλλά
1186 1689 1403 1750 κλέπτης
1450 1688 1562 1742 ἐστὶ
1616 1693 1706 1740 καὶ

109 1786 318 1859 λῃστής·
389 1783 609 1842 κλέπτης
665 1785 755 1855 μὲν
803 1785 871 1843 ὡς
927 1779 1236 1853 βουλόμενος
1292 1782 1354 1830 τὰ
1411 1783 1481 1852 μὴ
1541 1797 1706 1853 προσ-

107 1881 293 1934 ἡκοντα
337 1879 406 1935 εὶς
469 1873 650 1925 ἑαυτὸν
730 1872 1154 1923 ἐπισπάσασθαι’
1236 1868 1429 1944 λῃστὴς
1514 1864 1572 1920 δὲ

105 1965 319 2036 λυμεὼν.

175 2056 412 2104 Τοιοᾶτοί
467 2051 570 2104 εἰσι
645 2050 725 2120 (ὅ)
785 2051 886 2122 πρὸ
955 2047 1113 2100 αὐτοῦ
1187 2049 1276 2119 μὲν
1353 2043 1555 2107 Ἰούδας
1621 2051 1711 2099 καὶ

110 2138 333 2204 Θευδᾶς,
389 2139 497 2212 μετ’
556 2139 712 2191 αὐτόν
770 2135 829 2190 δὲ
859 2140 906 2189 οἱ
932 2133 1323 2212 ψευδόχριστοι
1352 2141 1442 2188 καὶ
1488 2137 1513 2187 ὁ
1547 2135 1712 2189 Ἀντί-

108 2249 332 2305 χριστος
377 2234 468 2281 καὶ
532 2231 576 2280 εἰ
622 2247 756 2289 τινες
802 2228 964 2294 ἕτεροι
1020 2228 1222 2279 πλάνοι.
1273 2227 1608 2298 Παράπτεται
1634 2224 1712 2295 (6)

111 2317 170 2372 δε
215 2324 304 2371 καὶ
355 2326 456 2370 τῶν
517 2321 866 2391 Γραμματέων
918 2321 1007 2367 καὶ
1081 2319 1398 2388 Φαρισαίων,
1456 2323 1556 2366 τῶν
1633 2310 1714 2366 δι-

111 2405 412 2460 δασκόντων
483 2403 860 2473 διδασκαλίας,
920 2403 1212 2477 ἐντάλματα
1267 2403 1570 2477 ἀνθρώπων,
1623 2409 1713 2455 καὶ

108 2501 194 2550 τὸν
224 2502 376 2568 νόμον
405 2494 850 2569 παραϐαινόντων.
886 2490 1034 2555 Εἶδες
1056 2501 1160 2553 πῶς
1198 2493 1464 2567 ὑπέγραψε
1487 2496 1572 2544 τόν
1599 2492 1712 2544 κλέ-

107 2606 242 2644 πτην
289 2590 378 2637 καὶ
435 2589 523 2636 καὶ
579 2584 780 2657 λῃστὴν
831 2587 918 2635 καὶ
968 2582 1199 2648 πλάνον;
1254 2585 1438 2635 Σκόπει
1495 2586 1584 2634 καὶ
1625 2588 1714 2634 τοῦ

103 2680 342 2747 ποιμένος
376 2677 442 2726 τὰ
469 2678 833 2748 γνωρίσματα.

177 2763 235 2814 Ὀ
265 2795 326 2805 -
360 2761 650 2835 προϐάτων.
691 2761 890 2836 Ὥσπερ
924 2760 1000 2832 (7)
1043 2765 1133 2813 καὶ
1183 2760 1357 2830 αὐτὸς,
1397 2761 1484 2813 οἵα
1507 2766 1716 2836 χρώμε-

101 2874 190 2915 νος
268 2861 383 2914 ταῖς
441 2858 689 2925 Γραφαίς,
744 2857 832 2903 καὶ
883 2850 995 2902 κατ’
1067 2849 1227 2911 αύτάς
1301 2850 1713 2923 πολιτευόμενος.

107 2944 170 2996 Εἰ
219 2945 319 3016 γὰρ
369 2947 458 2994 καὶ
507 2940 556 2992 ἐν
609 2938 856 3010 Σαϐϐάτῳ
911 2940 1196 3012 εἰργάζετο,
1232 2938 1358 2992 ἀλλὰ
1412 2942 1524 2992 θεῖα
1553 2943 1712 3012 ἔργα.

104 3035 135 3084 ὁ
179 3035 281 3104 γὰρ
331 3036 484 3103 νόμος
533 3033 597 3081 τὰ
642 3029 938 3102 ἀνθρώπινα
985 3028 1260 3097 ἐκώλυσεν,
1310 3033 1426 3087 ἤτοι
1476 3031 1544 3081 τὰ
1589 3027 1717 3101 βιω-

108 3140 253 3172 τικα.

1111 389 1480 465 COMMENT.
1525 389 1592 462 [Ν
1621 391 1962 464 JOANNEM.
2007 437 2070 448 _
2114 405 2269 462 CAP.
2312 389 2381 462 Χ.

902 538 1266 606 Ἀναγωγικῶς
1356 534 1515 605 θύραν
1604 535 1694 605 μὲν

1874 532 2020 604 Cap.
2075 534 2132 587 Χ.
2176 534 2334 589 Vers.
2370 537 2416 588 t.
2451 533 2634 591 Amen
2667 565 2733 574 —
2774 535 2944 591 latro.
2990 533 3328 607 Anagogice
3365 535 3461 590 hic

1644 1869 1787 1927 ὡςΒ

3321 401 3459 466 1322

1806 635 1906 691 per
1930 619 2149 676 ostium
2180 620 2564 690 intelligimus
2592 621 2775 691 leges,
2805 623 2930 678 sive
2980 622 3331 694 Scripturas,
3388 638 3460 679 eo

1805 709 1962 780 quod
1998 709 2074 764 ad
2108 710 2208 764 Dei
2248 711 2649 780 cognitionem
2679 712 2986 777 inducant,
3026 717 3081 767 et
3145 713 3462 768 transitum

1806 813 2067 868 omnem,
2102 798 2206 870 qni
2237 799 2521 854 adversus
2547 799 2809 855 divinum
2841 800 3065 856 cultum
3095 805 3199 865 est,
3242 801 3464 856 haereti-

1807 889 1890 942 cis
1907 903 1975 942 ac
1989 887 2266 956 gentibus
2285 888 3043 962 excludant,populumque
3063 907 3097 945 a
3111 890 3461 946 dmmonum

1808 975 2035 1031 insidiis
2065 976 2426 1045 custodiant;
2467 977 2672 1033 caulas
2731 994 2887 1044 vero,
2922 994 3128 1033 curam
3160 995 3229 1033 ac
3269 980 3464 1050 provi-

1809 1066 2074 1120 dentiam
2090 1065 2309 1131 ovimn;
2326 1082 2464 1122 oves
2479 1073 2676 1122 autem
2699 1067 3013 1137 Israelitas,
3030 1067 3322 1139 populum
3336 1068 3460 1124 Dei.

1808 1155 1927 1209 Nos
1945 1154 2568 1225 autem,inquit,p0pul
2575 1172 2641 1212 us
2661 1158 2786 1226 ejus
2802 1163 2858 1213 et
2871 1171 3240 1224 ovespascuw
3252 1159 3376 1227 ejus
3390 1159 3460 1211 ⁸⁵.

1812 1242 1918 1308 Qui
1949 1257 2090 1311 ergo
2123 1257 2237 1297 non
2278 1258 2384 1314 per
2415 1245 2744 1316 Scripturas
2767 1245 2842 1300 ad
2863 1262 3066 1301 curam
3099 1245 3297 1318 populi
3341 1246 3459 1316 Dei,

1811 1331 2159 1400 ingreditur,
2196 1336 2396 1402 utpote
2426 1347 2547 1388 non
2573 1338 2742 1388 utens
2763 1333 2992 1400 eis,nec
3001 1334 3174 1405 juxta
3201 1333 3328 1390 illas
3361 1349 3466 1403 gu-

1811 1419 2094 1484 bernans,
2119 1419 2220 1474 sed
2241 1421 2574 1476 ascendens
2595 1421 2855 1487 aliunde,
2871 1423 3044 1494 quasi
3067 1423 3285 1478 ostium
3311 1429 3465 1478 tran-

1813 1507 2033 1575 siliens,
2061 1515 2163 1564 aut
2186 1524 2290 1580 per
2305 1509 2489 1565 alium
2512 1510 2848 1582 irrumpens
2868 1511 3196 1575 introitum,
3225 1511 3319 1567 ille
3342 1528 3464 1568 non

1816 1603 2038 1669 pastor,
2069 1597 2171 1652 sed
2206 1597 2298 1653 fur
2337 1605 2423 1654 est
2449 1605 2504 1654 et
2541 1599 2686 1655 latro
2714 1615 2727 1653 :
2757 1600 2850 1655 fur
2879 1601 3150 1673 quidem,
3178 1606 3466 1673 tanquam

1815 1685 2022 1740 volens
2046 1701 2117 1742 ea
2147 1689 2223 1741 ad
2260 1703 2321 1742 se
2351 1688 2636 1754 derivare,
2671 1705 2804 1762 quae
2826 1705 2946 1745 non
2979 1705 3088 1745 sua
3106 1694 3278 1746 sunt:
3315 1689 3466 1748 latro

1819 1778 2037 1839 autem,
2072 1779 2363 1847 tanquam
2395 1775 2741 1832 devastans.

1892 2043 2246 2115 Hujusmodi
2272 2044 2512 2100 fuerunt
2534 2047 2669 2101 ante
2696 2061 2834 2101 eum
2863 2046 3044 2102 ludas
3085 2051 3140 2103 et
3173 2046 3469 2116 Theudas;

1820 2139 1954 2206 post
1967 2150 2104 2190 eum
2119 2150 2259 2190 vero
2271 2134 2703 2207 pseudochristi
2721 2141 2776 2190 et
2793 2135 3205 2204 Antichristus,
3228 2142 3282 2194 et
3301 2138 3350 2193 si
3369 2141 3473 2212 qui

1823 2229 1964 2279 sunt
2001 2223 2100 2278 alii
2145 2223 2513 2280 seductores.
2545 2223 2793 2294 Attingit
2839 2241 3082 2298 quoque
3121 2226 3352 2283 Scribas
3402 2245 3474 2284 ac

1822 2312 2175 2379 Pharisteos,
2204 2313 2302 2384 qui
2321 2313 2608 2369 docebant
2625 2313 2951 2380 doctrinas,
2971 2321 3271 2384 praecepta
3292 2317 3475 2373 homi-

1824 2419 1966 2458 num
1979 2404 2050 2468 ’⁸,
2064 2402 2248 2473 legem
2265 2406 2464 2458 autem
2480 2402 3094 2472 transgrediebantur.
3113 2403 3315 2461 Vidisti
3331 2422 3478 2478 quo-

1824 2491 2006 2548 modo
2022 2489 2236 2556 furem,
2259 2491 2550 2548 latronem
2569 2508 2639 2549 ac
2667 2492 3046 2549 seductorem
3068 2493 3477 2566 descripserit?

1824 2580 2136 2638 considera
2157 2581 2336 2637 etiam
2351 2581 2608 2653 pastoris
2634 2581 2913 2653 insignia,
2942 2582 3162 2656 quibus
3200 2582 3478 2654 dignosci

1824 2670 2041 2744 possit.

1897 2760 2057 2816 Vers.
2087 2762 2142 2814 2.
2174 2759 2288 2828 Qui
2324 2791 2389 2802 —
2417 2759 2635 2816 ovium.
2669 2760 2868 2826 Qualis
2920 2761 3050 2834 ipse
3095 2765 3241 2829 erat,
3273 2766 3478 2834 utpote

1827 2848 2142 2921 Scripturis
2161 2854 2352 2915 utens,
2369 2854 2424 2905 et
2439 2849 2771 2906 secundum
2786 2865 2888 2906 eas
2901 2851 3123 2921 gubern
3133 2867 3243 2907 ans
3261 2866 3482 2924 :quan—

1825 2954 2010 3012 quam
2034 2938 2191 2994 enim
2217 2938 2396 2994 etiam
2417 2939 2478 2994 in
2508 2939 2766 2995 Sabbato
2785 2946 3152 3012 operaretur,
3186 2957 3257 2998 ea
3278 2947 3482 2998 tamen

1825 3026 2024 3083 divina
2049 3031 2218 3083 erant
2248 3042 2447 3098 Opera,
2499 3043 2631 3083 cum
2659 3028 2754 3084 lex
2803 3029 3142 3101 prohiberet
3188 3029 3480 3100 humana,

1828 3117 1950 3172 sive
1980 3117 2334 3187 temporalia
2363 3133 2431 3172 ac
2461 3116 2796 3175 saecularia.

182 3207 433 3277 Τούτῳὸ
495 3208 726 3278 θυρωρὸς
793 3203 1008 3275 ἀνοίγει.
1077 3207 1330 3278 Θυρωρὸς
1399 3208 1535 3256 κατά
1599 3205 1713 3257 ἁνα-

1900 3204 2062 3260 Vers.
2096 3205 2150 3261 3.
2190 3205 2349 3260 Huic
2377 3206 2655 3262 ostiarius
2698 3208 2906 3275 aperit.
2964 3209 3251 3265 Ostiarius
3313 3209 3484 3280 juxta

106 3302 290 3369 γωγὴν
362 3297 387 3346 ὁ
463 3301 715 3359 Μωύσῆς,
784 3294 852 3354 ὡς
928 3291 1084 3354 αὐτὸς
1173 3293 1534 3365 ἐμπιστευθεὶς
1606 3299 1720 3355 τοὺς

109 3391 303 3458 νόμους
334 3390 424 3435 τοῦ
462 3390 616 3435 Θεοῦ.
663 3389 746 3452 Τῷ
787 3383 1004 3452 τοιούτῳ
1034 3377 1122 3434 οὖν
1173 3383 1198 3433 ὁ
1245 3389 1478 3444 Μωύσῆς
1528 3381 1722 3455 ἀνοίγει

112 3479 182 3537 ως
223 3475 446 3546 ποιμένι,
479 3477 568 3524 καὶ
616 3467 920 3542 εἰσδέχεται
969 3470 1123 3522 αὐτὸν
1169 3470 1240 3533 εἰς
1287 3476 1380 3529 τὴν
1432 3472 1721 3544 ἐπιμέλειαν

111 3573 212 3617 τῶν
241 3561 511 3635 προϐάτων
556 3564 623 3622 ὡς
659 3561 924 3635 γνωρίζων
955 3560 1128 3616 αὐτόν.
1179 3565 1279 3613 Καὶ
1331 3563 1432 3636 γάρ
1499 3562 1722 3637 ἔγραψεν

112 3657 198 3707 ὅτι
225 3652 396 3704 Αὐτοῦ
419 3649 650 3703 ἀκούετε.

187 3748 289 3796 Καὶ
344 3771 411 3783 -
459 3742 656 3794 οἷκούει.
705 3739 1074 3805 ’Υπακούουσι,
1125 3740 1393 3792 πείθονται
1450 3745 1538 3793 καὶ
1604 3740 1722 3794 ἀκο-

107 3833 409 3885 λουθοῦσιν·
467 3828 877 3901 ἐπιγινώσκουσι
927 3830 1028 3900 γὰρ
1106 3828 1289 3886 αύτήν.
1350 3832 1428 3881 Τὰ
1483 3829 1723 3905 πρόϐατα

111 3918 174 3974 δε
201 3917 357 3991 εἶπεν,
393 3922 510 3978 ἤτοι
557 3921 623 3970 τὰ
681 3916 885 3978 ἀληθῶς
935 3915 1192 3990 πρόϐατα,
1225 3921 1290 3970 τὰ
1335 3918 1459 3980 ἀξια
1514 3924 1722 3992 ποιμαίο

106 4012 314 4063 νεσθαι.
346 4007 546 4080 Ὠσπερ
605 4008 707 4080 γὰρ
767 4007 792 4057 ὁ
841 4006 1205 4080 εἰσερχόμενος
1245 4003 1339 4059 διὰ
1390 4015 1482 4068 τῆς
1539 4011 1720 4083 θύρας,

108 4099 264 4160 οὗτος
316 4102 511 4169 ποιμήν
560 4097 692 4149 ἐστι·
754 4095 888 4147 οὕτω
941 4101 1030 4148 καὶ
1081 4098 1130 4148 οἱ
1181 4104 1272 4156 τῆς
1337 4105 1507 4166 φωνῆς
1563 4098 1723 4150 αὐτοῦ

112 4185 410 4250 ἀκούοντες,
465 4189 534 4247 ὡς
587 4188 807 4255 εἴρηται,
867 4184 1010 4236 οὗτοι
1066 4183 1306 4258 πρόϐατά
1356 4185 1508 4237 εἰσιν·
1563 4189 1611 4238 οἱ
1665 4183 1725 4238 δὲ

108 4279 186 4349 μὴ
231 4276 397 4336 οὕτως
445 4277 653 4346 ἔχοντες
703 4281 796 4336 τῆς
835 4281 933 4325 τῶν
982 4272 1255 4346 προϐάτων
1313 4275 1504 4336 ταξεως
1563 4273 1724 4349 ἀπ’ερ-

108 4365 256 4441 ῥάγη
268 4382 384 4418 σαν.

197 4457 298 4505 Καὶ
359 4482 426 4492 -—
501 4451 615 4504 κατ’
677 4455 854 4524 ὄνομα.
918 4456 1019 4505 Καὶ
1080 4459 1234 4505 τοῦτο
1297 4455 1398 4528 γὰρ
1452 4459 1729 4528 γνώρισμα

1829 3308 2146 3363 anagogen
2177 3294 2363 3348 Moses
2394 3299 2538 3357 erat,
2573 3301 2636 3349 ut
2664 3296 2758 3348 cui
2789 3297 3144 3353 concredita
3200 3303 3340 3354 sunt
3399 3299 3486 3354 di-

1829 3382 1984 3438 vinze
2004 3382 2185 3452 leges.
2215 3382 2334 3437 Tali
2353 3397 2494 3452 ergo
2520 3385 2707 3439 Moses
2727 3385 2934 3451 aperit,
2964 3390 3020 3441 et
3039 3387 3117 3441 ad
3143 3387 3348 3443 ovium
3380 3403 3485 3443 cu-

1831 3486 1959 3528 ram
2001 3471 2277 3538 admittit,
2312 3476 2514 3541 utpote
2545 3487 2913 3542 cognoscens
2944 3490 3100 3530 eum.
3154 3475 3400 3549 Scripsit
3435 3477 3483 3513 97

1831 3561 2012 3626 enim,
2057 3565 2120 3616 ut
2149 3577 2289 3616 eum
2333 3560 2606 3617 audirent
2645 3560 2744 3633 (γ’).

1902 3739 2062 3794 Vers.
2093 3743 2144 3795 3.
2173 3740 2249 3794 Et
2287 3770 2356 3779 —
2385 3739 2658 3795 audiunt.
2693 3739 3004 3806 Obediunt,
3038 3747 3264 3813 parent,
3301 3759 3372 3799 ac
3402 3761 3489 3800 se-

1828 3835 2097 3900 quuntur
2123 3843 2136 3883 :
2166 3833 2503 3899 agnoscunt
2532 3828 2692 3884 enim
2725 3829 2906 3885 illam.
2963 3832 3110 3886 Oves
3151 3838 3349 3888 autem
3403 3833 3489 3889 di-

1831 3917 1924 3983 xit,
1957 3933 2060 3974 eos
2108 3917 2396 3982 videlicet,
2446 3918 2548 3990 qui
2601 3934 2738 3974 vere
2791 3935 2934 3975 oves
2999 3925 3155 3986 sunt,
3220 3922 3385 3992 digni
3426 3929 3489 3978 ut

1831 4014 2175 4079 pascantur.
2206 4011 2354 4063 Nam
2386 4010 2534 4062 sicut
2561 4009 2664 4080 qui
2720 4024 2828 4081 per
2874 4015 3092 4065 ostium
3145 4010 3345 4080 intrat,
3390 4012 3487 4068 hic

1832 4101 2038 4167 pastor
2065 4101 2170 4161 est,
2203 4097 2284 4152 ita
2335 4103 2391 4152 et
2420 4097 2522 4168 qui
2552 4113 2756 4152 vocem
2813 4097 2941 4167 ejus
2999 4098 3270 4162 audiunt,
3307 4105 3369 4154 ut
3406 4099 3488 4155 di-

1833 4191 1994 4240 ctum
2025 4191 2135 4251 est,
2168 4185 2227 4240 hi
2254 4202 2395 4241 oves
2419 4191 2576 4251 sunt;
2600 4186 2702 4257 qui
2733 4201 2870 4241 vero
2893 4202 3014 4241 non
3043 4188 3126 4243 ita
3154 4203 3216 4243 se
3242 4187 3486 4256 habent,

1834 4274 1912 4330 ab
1953 4275 2156 4330 ovium
2188 4274 2398 4330 ordine
2428 4274 2617 4331 avulsi
2661 4280 2820 4329 sunt.

1906 4451 2054 4507 Vers
2086 4455 2137 4508 3.
2170 4452 2238 4507 Et
2267 4481 2336 4492 --
2376 4452 2753 4508 nominatim.
2813 4452 3003 4508 Etiam
3075 4452 3190 4508 hoc
3236 4453 3492 4524 pastoris

108 4546 381 4613 ποιμένος,
443 4547 536 4600 τὴν
609 4541 682 4602 εἰς
742 4543 959 4594 ἕκαστον
1009 4540 1269 4616 πρόϐατον
1361 4541 1523 4615 ἄκραν
1581 4563 1713 4617 φρον-

1839 4542 2077 4611 signum
2099 4547 2207 4608 est,
2237 4544 2524 4614 cujusque
2547 4545 2618 4611 (ε)
2645 4543 2774 4598 ovis
2802 4542 3146 4613 diligentem
3180 4542 3492 4598 ostendere

109 4626 252 4685 τίδα
281 4627 493 4689 δηλοῦν.
527 4630 602 4682 Οὐ
643 4632 745 4704 γὰρ
785 4628 846 4682 ἆν
875 4629 1011 4683 αύτα
1053 4629 1264 4683 καλέσοι
1293 4633 1408 4683 κατ’
1441 4636 1618 4704 ὄνομα,
1653 4638 1724 4705 μὴ

52 4724 64 4735 "
105 4722 388 4792 ⁶γνωρίζων
426 4720 642 4773 ἕκαστον
670 4718 918 4793 ἀκριϐῶς,
980 4718 1035 4770 ἐκ
1087 4728 1178 4781 τῆς
1209 4720 1276 4781 εἰς
1306 4721 1522 4773 ἕκαστον
1570 4723 1730 4796 ἄκρας

108 4805 420 4883 φροντίδος.

193 4935 243 4969 9³
277 4933 431 4992 Psal.
463 4949 614 5001 χειν,
645 4939 703 4993 7.
834 4934 883 4970 ³⁸
916 4933 1120 4990 Matth.
1151 4950 1246 5003 xv,
1279 4937 1338 4992 9.

1839 4647 2074 4687 curam:
2101 4646 2295 4702 neque
2312 4629 2470 4685 enim
2491 4630 2620 4686 illas
2643 4636 2818 4686 vocat
2840 4631 3219 4696 nominatim,
3240 4631 3344 4702 qui
3379 4632 3495 4686 sin-

1840 4721 2012 4792 gulas
2042 4719 2350 4792 diligenter
2380 4735 2502 4776 non
2519 4719 2812 4790 agnoscit,
2837 4719 2916 4776 ob
2938 4735 3238 4776 summam
3258 4720 3332 4776 de
3351 4736 3493 4776 una-

1840 4825 2082 4884 quaque
2108 4825 2337 4865 curam.

1478 4937 1520 4970 οτ
1555 4936 1723 4994 Deut.
1756 4952 1921 5008 xvm,
1959 4939 2041 4992 l5.

1334 5111 1557 5182 Varias
1605 5113 1932 5183 lectiones
1987 5121 2052 5183 et
2085 5122 2286 5181 nota}.

197 5311 216 5377 (
227 5309 279 5382 ὅ)
310 5310 408 5383 Hic
430 5310 661 5383 semina
675 5313 1039 5383 sparguntur
1053 5311 1460 5383 corruptionis
1491 5328 1662 5367 versu
1681 5312 1734 5369 8.

115 5379 424 5449 Quoniam
441 5382 598 5454 enim
623 5379 948 5454 Patreshoc
967 5379 1349 5454 explicab'ant
1367 5384 1437 5438 de
1451 5382 1739 5454 imposto-

110 5454 322 5525 ribus,
354 5453 458 5525 qui
489 5459 625 5509 ante
655 5453 952 5525 Christum
981 5458 1286 5521 venerant,
1316 5453 1456 5510 ideo
1494 5453 1667 5510 versu
1705 5457 1739 5510 8

105 5523 526 5591 inculcarunt,
559 5527 660 5599 πρό
686 5523 832 5597 ἐμοῦ.

199 5650 280 5724 (r)
319 5650 390 5724 Ut
421 5663 573 5716 eum,
605 5654 717 5708 etc.
758 5649 908 5724 Eum
949 5649 1170 5724 audite.

1922 5314 2000 5384 (6)
2041 5312 2374 5386 Καθάπτεται
2406 5310 2759 5386 plerumque
2785 5309 2985 5386 dicere
3016 5309 3180 5386 solet.
3211 5309 3326 5386 ξεεᾴ
3381 5309 3497 5386 hop

1850 5382 2085 5456 qucque
2115 5383 2251 5439 ferri
2286 5382 2860 5456 potestmpdtlmaeat
2889 5382 3164 5455 estapud
3213 5382 3499 5438 Galenuin

1850 5456 1910 5510 in
1943 5456 2161 5511 Glossis
2194 5472 2254 5526 p.
2287 5459 2374 5523 88,
2409 5455 2543 5510 edit.
2579 5455 2779 5526 Steph.

1924 5526 2001 5598 (7)
2041 5525 2361 5581 Hentenius
2391 5527 2618 5583 videtur
2648 5525 2879 5598 legisse,
2912 5525 3034 5587 οἶος.

200 5720 280 5795 (ε)
321 5723 645 5792 Cujusque,
677 5726 786 5777 etc.
829 5721 1203 5792 Singularem
1237 5720 1297 5778 in
1331 5721 1592 5794 singulas
1621 5737 1760 5780 oves
1789 5720 2113 5778 ostendens
2145 5735 2372 5784 curam.

418 5819 652 5877 PATROL.
685 5817 791 5877 Gn.
834 5818 1081 5890 CXXIX,

1647 5839 1723 5876 ...ἔ
