4088 6462
688 357 824 420 1323
2043 341 2386 414 EUTHYMiI
2429 355 2759 416 ZIGABENl
3847 365 3935 426 mi

756 488 919 543 Vers.
952 486 1079 542 3E!
1105 484 1297 541 educit
1319 499 1435 540 eas.
1466 482 1554 538 Ad
1582 497 1801 554 pascua
1834 499 1846 536 :
1884 496 2103 552 pascua
2138 489 2336 538 autem

2321 500 2336 537 ι
2371 483 2417 537 Α
2524 488 2623 536 Καὶ
2653 482 2826 554 ἐξάγει
2857 483 3008 539 αὐτά.
3057 485 3175 538 Ἐπὶ
3199 490 3379 558 νομὴν
3409 492 3539 560 νομὴ
3587 487 3638 542 δὲ
3671 499 3754 543 τῶν
3785 493 3935 564 λογικῶν

682 576 1062 636 rationalium
1093 575 1321 639 ovium,
1353 573 1620 629 doctrina
1647 579 1733 628 est
1753 571 2090 628 divinorum
2116 589 2296 627 sermt

2323 605 2340 615 -
2448 571 2718 645 προϐάτων
2750 575 2780 632 ἠ
2816 570 3144 628 διδασκαλία
3164 584 3264 628 τῶν
3292 579 3438 630 θείων
3459 577 3634 650 λόγων,
3654 585 3862 653 τρέφουσα
3881 593 3937 638 καὶ

680 680 850 730 num,
883 681 1020 736 quas
1049 665 1315 718 animam
1348 662 1529 718 nutrit
1555 678 1623 717 ac
1664 661 1872 733 pascit.

1468 662 1529 718 rit
1555 678 1623 717 ac
1664 661 1872 733 pascit.
2448 667 2732 716 πιαίνουσα
2756 668 2850 721 τὴν
2878 663 3082 736 ψυχὴν.

751 755 914 809 Vers.
947 757 1000 808 4.
1024 753 1099 808 Et
1126 783 1188 793 —
1214 751 1394 808 vadit.
1425 753 1600 806 Recto
1628 767 1727 804 eas
1757 749 1988 805 tramite
2009 749 2334 816 deducens,

2325 792 2334 815 ,
2521 757 2618 805 Καὶ
2662 783 2728 793 -
2761 756 3051 827 πορεύεται.
3085 751 3327 828 Ὀδηγῶν
3381 756 3516 810 αὐτὰ
3557 758 3620 818 εἰς
3668 759 3845 825 εὐθεῖαν,
3884 771 3939 816 καὶ

679 848 731 898 et
758 859 867 913 pro
897 843 980 898 eis
1007 856 1306 914 pugnans.
1333 841 1507 913 Atqui
1533 845 1802 912 pastores
1831 839 2131 894 contrario
2155 840 2292 894 mod

2323 857 2336 894 ι
2443 845 2784 914 προασπίζων
2835 841 3020 898 αὐτῶν.
3092 849 3192 896 Καὶ
3247 849 3350 916 μὴν
3418 847 3467 897 οἱ
3526 853 3731 920 ποιμένες
3789 851 3937 902 τούναν-

679 932 926 1000 faciunt,
950 937 1265 1003 sequentes
1286 945 1429 984 oves
1452 945 1711 1000 quarum
1739 928 2200 983 habentcuram.
2231 927 2293 982 Vt

2325 961 2336 968 -
2443 934 2551 981 τίον
2609 938 2872 1000 ποιοῦσιν,
2929 933 3142 984 ὄπισθεν
3199 941 3298 985 τῶν
3375 934 3634 1006 προϐάτων
3692 936 3939 990 ἀκολουθοῦν-

678 1037 810 1078 rum
827 1019 1105 1093 pascendi
1119 1034 1216 1074 ars
1228 1017 1412 1090 hujus
1429 1018 1680 1089 pastoris
1695 1017 1954 1072 maxime
1976 1015 2290 1072 admirand

2326 1039 2335 1073 ι
2444 1037 2524 1080 τες
2556 1039 2567 1050 ’
2606 1017 2711 1070 ἀλλ’
2763 1022 2792 1077 ἠ
2844 1025 3155 1091 ποιμαντικὴ
3204 1031 3296 1074 τοῦ
3345 1028 3584 1096 ποιμένος
3629 1029 3786 1078 τούτου
3828 1047 3940 1101 παρι-

678 1115 762 1180 est
791 1127 803 1165 :
839 1125 980 1166 nam
1013 1113 1068 1164 et
1091 1123 1234 1163 oves
1265 1112 1398 1163 sunt
1423 1105 1764 1162 rationales.
1792 1105 2096 1176 Siquidem
2129 1106 2292 1161 etiam

2325 1151 2329 1172 ,
2445 1101 2722 1169 δοξοτάτη⁸
2777 1103 2916 1160 διότι
2968 1114 3057 1161 καὶ
3125 1112 3189 1161 τὰ
3239 1109 3477 1183 πρόϐατα
3526 1111 3717 1184 λογικά.
3760 1120 3838 1167 Καὶ
3878 1119 3939 1186 γὰρ

676 1197 924 1272 quando
937 1196 1263 1268 discipulos
1279 1194 1847 1259 emittebat,dicebat
1864 1195 2037 1251 :Ecce
2046 1209 2152 1264 ego
2166 1195 2290 1250 miti

2324 1214 2332 1246 ι
2442 1201 2531 1247 καὶ
2591 1198 2673 1249 ὅτε
2713 1200 2833 1257 τούς
2889 1199 3132 1270 μαθητὰς
3183 1197 3487 1253 ἀπέστελλεν
3535 1201 3630 1273 (8),
3673 1201 3825 1273 ἔλεγεν·
3851 1201 3938 1256 Ὶδιυ

678 1303 796 1348 vos.
813 1294 1093 1359 tanquam
1107 1301 1238 1341 oves
1256 1285 1317 1340 in
1332 1284 1520 1340 medio
1536 1285 1811 1352 luporum
1833 1283 1900 1338 ἐξ
1922 1290 2179 1354 pastores
2195 1300 2291 1338 ver

2322 1304 2331 1337 ι
2441 1282 2738 1338 ἀποστελλω
2806 1287 2966 1357 ὑμῆς,
3041 1287 3111 1348 ὡς
3188 1287 3425 1362 πρόϐατα
3501 1292 3551 1342 s'v
3636 1295 3760 1362 μέσῳ
3813 1291 3936 1343 λύει-ν·

675 1375 1034 1447 extralupos
1057 1376 1295 1429 mittunt
1318 1389 1484 1428 oves.
1515 1372 1686 1428 Vadit
1713 1378 1915 1428 autem
1955 1377 2092 1427 ante
2123 1388 2246 1436 eas,
2273 1390 2289 1428 ι

2323 1381 2330 1428 i
2439 1376 2488 1425 ὸι
2520 1371 2580 1427 δι
2625 1379 2862 1446 ποιμένες
2912 1375 3007 1438 ἔξω
3056 1375 3224 1429 λύκων
3267 1376 3644 1432 ἀποστέλλουσι
3668 1385 3724 1432 τὰ
3761 1380 3937 1455 πρόϐατα.

673 1471 964 1537 tanquam
993 1465 1041 1519 is
1067 1463 1169 1535 qui
1195 1463 1420 1534 primus
1448 1463 1923 1518 conversationis
1947 1462 2104 1517 viam
2142 1461 2287 1518 calci

2325 1495 2328 1501 ι
2439 1467 2716 1537 Πορεύεται
2789 1461 2847 1516 δε
2913 1468 3205 1538 ἔμπροσθεν
3277 1467 3461 1535 αὐτῶν,
3529 1475 3616 1521 καὶ
3686 1471 3742 1530 ὡς
3808 1479 3939 1542 πρῶτος

672 1555 837 1621 vit,et
875 1555 1027 1610 sicut
1057 1553 1160 1624 qui
1191 1569 1264 1609 ea
1304 1553 1455 1622 fecit,
1488 1568 1620 1623 quin
1652 1553 1839 1608 docet.

2436 1557 2600 1624 τεμὼν
2652 1559 2745 1611 τὴν
2801 1549 2924 1606 ὀδόν
2977 1563 3071 1618 τῆς
3128 1555 3410 1623 πολιτείας,
3463 1563 3555 1610 καὶ
3592 1564 3788 1619 ποιήσας
3823 1559 3849 1610 ἃ
3881 1556 3935 1610 δι-

2437 1637 2643 1697 δάσκει.

743 1730 908 1785 Vers.
940 1732 992 1784 4.
1025 1730 1098 1785 Et
1129 1759 1181 1769 —
1213 1734 1566 1800 sequuntur.
1596 1728 1700 1784 Per
1740 1728 1993 1796 vestigia
2048 1744 2186 1784 eum
2239 1745 2323 1785 se-

2509 1735 2608 1784 Καὶ
2652 1763 2720 1772 -
2766 1730 3054 1787 ἀκολουθεῖ.
3111 1733 3236 1786 Κατ’
3297 1737 3449 1806 ἰχνος
3481 1735 3622 1806 αύτῷ
3650 1733 3938 1808 ἕπεται,βαδι-

669 1823 958 1892 quuntur,
992 1818 1201 1874 eadem
1228 1818 1570 1874 incedentes
1603 1817 1718 1881 via,
1749 1817 2059 1890 ipsiusque
2089 1817 2283 1888 legibu

2357 1837 2401 1893 Β
2434 1819 2591 1880 ζοντα
2660 1826 2755 1878 τήν
2828 1821 2991 1880 αὐτὴν
3069 1819 3192 1876 όδὸν
3267 1831 3378 1885 τοῖς
3460 1829 3637 1897 νόμοις
3688 1825 3818 1877 αὐτοῦ
3871 1844 3936 1876 πει·

669 1914 968 1980 parentes.

2433 1908 2639 1980 θόμενα.

707 1997 902 2054 .Vers.
936 2001 988 2053 4.
1044 1998 1197 2066 Quia
1231 2028 1296 2038 ——
1326 1999 1469 2067 eius.
1531 1997 1674 2062 Qum
1726 2000 1818 2051 est
1858 2012 1926 2052 ex
1982 1996 2317 2068 Scripturis,

2499 1996 2617 2049 Ὀτι
2656 2029 2712 2039 -
2764 1999 2946 2056 αὐτοῦ.
3008 1997 3186 2054 Ούσαν
3236 1999 3290 2053 ἔκ
3320 2009 3418 2056 τῶν
3448 2005 3684 2061 συνήθων
3711 2004 3936 2076 Fluviiva

667 2086 890 2160 quibus
921 2092 1173 2144 assueta:
1207 2092 1364 2152 sunt,
1397 2102 1466 2142 ex
1498 2085 1750 2156 cognitis
1782 2085 2052 2140 vocibus.

1455 2103 1466 2138 ί
1498 2085 1750 2156 cognitis
1782 2085 2052 2140 vocibus.
2429 2094 2525 2138 τῶν
2555 2093 2832 2160 γρωρίμων
2873 2098 3069 2160 φωνῶν.

738 2174 906 2232 Vers.
949 2180 999 2231 5.
1050 2178 1329 2233 Alienum
1376 2205 1444 2216 —
1497 2191 1714 2232 vocem.
1764 2173 1950 2230 Alieni
2010 2182 2166 2239 sunt,
2221 2177 2319 2247 qui

2501 2174 2778 2247 ’Δλλοτρίῳ
2823 2208 2890 2216 -
2930 2185 3122 2249 φωνήν.
3151 2178 3440 2254 ’Δλλότριοι
3598 2182 3645 2233 οἱ
3672 2185 3736 2252 μή
3777 2179 3935 2251 εἰσερχό-

665 2280 786 2322 non
808 2265 1026 2322 intrant
1048 2281 1154 2340 per
1169 2266 1413 2321 ostium.
1435 2267 1559 2320 Non
1575 2271 1866 2319 noverunt
1885 2271 2081 2318 autem
2114 2280 2279 2320 vocer

2426 2283 2568 2334 μενοι
2597 2261 2631 2316 δ
2637 2269 2688 2317 ια
2718 2274 2813 2326 τῆς
2863 2268 3040 2339 Θύρας·
3071 2267 3162 2319 οὐκ
3203 2264 3388 2322 οἴδασι
3441 2265 3500 2323 δι
3528 2270 3696 2322 αὐτῶν
3729 2274 3808 2327 τὴν
3837 2274 3937 2341 φωνὴ)

662 2354 897 2411 illorum
925 2371 1087 2423 oves,
1114 2360 1174 2409 ut
1202 2369 1337 2427 quin
1371 2369 1490 2410 non
1523 2355 1598 2408 sit
1637 2370 1670 2408 a
1722 2353 2056 2424 Scripturis,
2098 2355 2276 2426 quibu

2425 2356 2492 2404 τὰ
2517 2352 2771 2427 πρόϐατα,
2804 2358 2868 2416 ὡς
2892 2359 2964 2425 μή
3005 2356 3104 2408 ἀπό
3132 2366 3232 2409 τῶν
3265 2360 3500 2416 συνήθων
3537 2365 3758 2434 Γραφῶν,
3781 2361 3831 2419 ὡς
3853 2361 3935 2429 εἰρι-

663 2449 912 2500 assuetae
941 2450 1098 2507 sunt,
1130 2449 1190 2498 ut
1221 2443 1445 2498 dictum
1467 2447 1582 2505 est,
1610 2441 1714 2496 sed
1737 2458 1773 2496 ιι
1802 2448 2000 2497 ventre
2026 2443 2277 2513 ipsorum

1862 2448 2000 2497 intre
2026 2443 2314 2513 ipsorum.
2424 2461 2532 2507 ται,
2563 2439 2750 2508 οὖσαν,
2778 2442 2884 2496 ἀλλ’
2928 2443 3030 2497 ἀπό
3061 2445 3262 2509 κοιλίας
3285 2447 3476 2502 αὐτῶν.

732 2533 961 2590 Vers.6.
992 2533 1103 2588 Hoc
1133 2563 1200 2573 —
1237 2532 1426 2588 Jesus.
1462 2530 1625 2587 Hanc
1659 2529 2033 2603 parabolam.

1917 2547 2033 2585 am.
2493 2536 2699 2591 Ταύτην
2727 2564 2793 2573 -
2831 2536 3054 2597 Ἰησοῦς.
3083 2540 3187 2594 Τὴν
3209 2535 3531 2610 παραϐολήν.

737 2620 894 2676 Vers.
923 2625 974 2676 6.
1011 2622 1115 2676 Illi
1144 2652 1205 2662 —
1238 2622 1397 2689 ipsis.
1434 2620 1697 2677 Obscure
1723 2622 1883 2675 enim
1935 2619 2312 2691 loquebatur,

2309 2662 2312 2679 ,
2491 2620 2703 2675 Ἐκεῖνοι
2734 2655 2800 2663 -
2815 2625 3011 2684 αὐτοῖς.
3029 2623 3264 2696 ’Δοαφῶς
3283 2629 3385 2698 γὰρ
3412 2624 3598 2690 ἐλάλει,
3626 2631 3923 2701 προσεκταπε-

659 2711 1000 2766 attentiores
1025 2726 1126 2766 eos
1145 2709 1420 2766 reddens.
1457 2710 1671 2766 Deinde
1695 2709 1811 2765 alio
1841 2711 2018 2764 modo
2043 2711 2273 2780 seipsu:

2419 2730 2544 2782 ρους
2581 2721 2740 2764 ποιῶν
2762 2713 2970 2775 αὐτούς.
3003 2710 3127 2766 Εἶτα
3157 2719 3346 2787 τρόπον
3375 2717 3550 2790 ἕτερον
3585 2716 3757 2769 ἑαυτὸν
3779 2714 3933 2784 ὀνομάζει

658 2805 716 2856 et
741 2799 991 2871 januam
1025 2805 1195 2856 vocat
1223 2804 1280 2855 et
1307 2805 1632 2870 pastorem.

1447 2815 1632 2855 orem.
2422 2809 2510 2852 και
2535 2803 2691 2874 θύραν
2708 2807 2797 2855 καὶ
2824 2806 3061 2874 ποιμένα.

732 2891 894 2948 Vers.
919 2896 973 2946 7.
1001 2891 1165 2947 Dixit
1197 2922 1259 2932 —
1290 2891 1501 2946 ovium.
1537 2890 1639 2944 Per
1667 2888 1832 2961 quod
1877 2889 2308 2958 ingrediuntur,

2492 2896 2641 2943 Εἶπεν
2686 2922 2755 2931 —
2813 2890 3104 2963 προϐάτων.
3165 2897 3238 2944 Δι’
3294 2893 3356 2955 ἧς
3409 2894 3741 2966 εἰσέρχονται
3781 2894 3832 2943 τὰ
3865 2893 3940 2960 πρὸ·

658 2995 802 3034 oves
825 2979 901 3036 ad
931 2996 1256 3051 supernam
1293 2979 1691 3036 mansionem.
1713 2981 1913 3050 Neque
1952 2979 2111 3035 enim
2143 2981 2272 3051 quis

2420 2976 2552 3032 ϐατα
2581 2979 2650 3042 εἰς
2682 2984 2770 3038 τὴν
2799 2983 2903 3032 οἰνω
2941 2977 3198 3055 μάνδραν.
3227 2981 3442 3055 Ἑτέρως
3469 2985 3577 3056 ’γὰρ
3606 2983 3699 3035 ούκ
3726 2982 3942 3052 εἰσέρχεται

658 3084 842 3140 quam
865 3068 1032 3125 aliter
1053 3069 1405 3139 ingreditur,
1424 3068 1534 3124 nisi
1557 3084 1660 3139 per
1678 3068 1898 3138 ipsum,
1923 3073 1976 3123 et
2002 3085 2106 3141 per
2126 3068 2272 3125 ﬁdem

2418 3086 2518 3134 τις,
2551 3068 2594 3120 εἰ
2652 3073 2722 3140 μὴ
2757 3065 2830 3120 δι’
2875 3069 3035 3121 αὑτοῦ
3065 3075 3153 3122 καὶ
3184 3079 3277 3132 τῆς
3335 3071 3405 3132 εἰς
3461 3071 3623 3125 αὐτόν
3662 3077 3854 3129 πίστεως
3889 3070 3944 3117 καὶ

655 3172 793 3230 quae
819 3158 878 3213 in
905 3159 1098 3230 ipsum
1125 3164 1232 3222 est,
1261 3174 1328 3212 ac
1361 3173 1466 3228 per
1495 3157 1624 3227 ejus
1651 3157 2005 3214 doctrinam.

1501 3157 1624 3227 ejus
1651 3157 2005 3214 doctrinam.
2334 3195 2375 3250 ο
2418 3165 2511 3219 τῆς
2551 3157 2710 3210 αὑτοῦ
2741 3154 3115 3220 διδασκαλίας.

729 3248 892 3302 Vers.
923 3247 974 3304 8.
1012 3249 1221 3304 Omnes
1254 3277 1318 3286 —
1350 3248 1630 3302 latrones.
1663 3248 1961 3319 Quotquot
2013 3263 2048 3304 a
2097 3246 2307 3319 seipsis

2342 3245 2374 3250 ⁷
2492 3247 2679 3307 Πάντες
2765 3277 2833 3288 --
2904 3247 3115 3320 λῃσταί.
3182 3246 3340 3301 Ὀσοι
3423 3245 3583 3308 ἦλθον
3656 3249 3737 3321 ἀφ’
3799 3247 3945 3306 ἑαυτῶν,

653 3343 959 3408 venerunt,
991 3342 1287 3410 quotquot
1319 3341 1628 3403 venerunt,
1672 3352 1786 3392 non
1821 3352 1924 3408 per
1952 3337 2267 3408 pradictur

2417 3336 2534 3387 ὅσοι
2588 3332 2741 3393 ἦλθον
2824 3340 2896 3407 μὴ
2971 3334 3065 3390 διὰ
3128 3345 3221 3399 τῆς
3286 3344 3667 3412 προειρημένης
3723 3339 3872 3409 θύρας,
3908 3335 3947 3389 ὡς

653 3425 894 3490 ostium,
926 3423 1579 3490 utJudasetheudas,
1623 3430 1678 3481 et
1727 3426 1778 3481 si
1830 3426 1967 3497 quis
2021 3425 2169 3481 alius
2201 3427 2267 3482 ιιι

2417 3419 2622 3484 Ἰούδας
2671 3429 2760 3476 καὶ
2794 3421 2990 3485 Θευδᾶς
3029 3430 3118 3478 καὶ
3177 3429 3302 3487 εἴτις
3359 3435 3619 3488 τοιοῦτος.
3649 3428 3712 3478 Οἱ
3754 3431 3947 3498 προφῆται

647 3515 916 3586 jusmodi
941 3532 954 3570 :
980 3514 1271 3586 prophetie
1289 3530 1550 3587 namque
1574 3529 1693 3570 non
1710 3531 1746 3571 a
1766 3516 1846 3571 sei
1855 3515 1977 3586 psis
1998 3531 2254 3572 venerun

2415 3517 2516 3587 γὰρ
2567 3513 2659 3566 οὐκ
2713 3510 2867 3572 ἦλθον
2941 3514 3025 3586 ἀφ’
3075 3514 3291 3579 ἑαυτῶν,
3349 3513 3454 3567 ἀλλ’
3518 3514 3865 3570 ἀπεστάλησαν
3917 3508 3947 3558 ὰ

655 3605 759 3659 sed
787 3620 823 3658 a
856 3606 973 3659 Deo
997 3603 1163 3659 missi
1185 3608 1322 3659 sunt
1349 3619 1362 3659 :
1394 3619 1502 3659 nec
1522 3602 1784 3671 aliunde,
1809 3605 1905 3659 sed
1947 3620 2054 3677 per
2082 3605 2269 3661 ostiun

2417 3610 2507 3654 τοῦ
2534 3610 2688 3669 Θεοῦ,
2722 3608 2810 3655 καὶ
2835 3604 2920 3675 (9)
2965 3602 3057 3655 ούκ
3112 3603 3350 3662 εἰσῆλθον
3399 3602 3714 3677 ἀλλαχόθεν,
3893 3594 3951 3650 διὰ

653 3693 1042 3749 intraverunt.

2414 3699 2510 3753 τῆς
2542 3693 2719 3764 θύρας.

728 3780 886 3837 Scire
925 3781 1084 3838 enim
1116 3785 1368 3852 oportet,
1403 3782 1568 3855 quod
1601 3782 1942 3854 frequenter
1979 3783 2300 3854 Scriptura,

2486 3785 2600 3855 Χρὴ
2665 3777 2722 3832 δι
2773 3787 3047 3851 γινώσκειν
3087 3782 3163 3833 ὅτι
3199 3780 3447 3844 πολλάκις
3495 3784 3526 3842 ἡ
3585 3786 3755 3856 Γραφὴ
3803 3776 3951 3832 καθολι-

651 3870 1050 3926 universalem
1083 3877 1513 3942 reprasentans
1565 3872 1836 3935 formam,
1883 3873 2265 3944 particulam:

2412 3873 2501 3922 κόν
2553 3873 2711 3921 τύπον
2773 3871 3194 3942 σχηματίζουσα
3243 3875 3463 3943 μερικὴν
3518 3874 3712 3924 ἔννοιαν
3759 3863 3950 3922 ἐνδεικνυ-

651 3957 919 4014 insinuat
938 3958 1394 4031 intelligentiam.
1414 3963 1548 4017 Nam
1570 3960 1730 4032 quod
1747 3977 1905 4016 nunc
1922 3961 2084 4027 dicit,
2104 3962 2265 4017 Omne

2411 3978 2516 4011 ται.
2556 3963 2626 4011 Τό
2654 3961 2756 4030 γὰρ
2792 3962 2981 4022 Πάντες
3008 3967 3094 4011 νῦν
3124 3959 3182 4012 ού
3227 3963 3422 4020 πάντας
3469 3959 3650 4023 ἁπλῶς
3699 3956 3833 4017 δειλοὶ
3872 3957 3952 4010 τοὺς

650 4063 774 4103 non
801 4047 1142 4118 simpliciter
1171 4048 1469 4119 signiﬁcat
1496 4065 1708 4104 omnes
1745 4050 1849 4121 qui
1905 4049 2104 4122 ipsum
2151 4067 2264 4121 pra:

2408 4052 2509 4117 πρὸ
2543 4047 2725 4102 αὐτοῦ.
2779 4054 3022 4100 Τοιοῦτόν
3070 4047 3184 4101 ἕστε
3234 4052 3323 4100 καὶ
3363 4052 3420 4102 τό
3481 4054 3771 4102 Δανετικόν·
3814 4046 3951 4098 Πάντες

649 4142 977 4192 cesserunt.
1009 4137 1206 4192 Simile
1251 4138 1430 4193 etiam
1459 4144 1565 4204 est,
1594 4138 1756 4210 quod
1783 4139 1863 4194 ait
1891 4139 2074 4194 David
2125 4157 2138 4194 :
2169 4140 2263 4197 Om

2409 4135 2683 4201 ἐξέκλιναν,
2715 4137 2825 4208 οἶμα
2863 4137 3255 4209 ἠχρειώθησαν·
3286 4139 3346 4190 ού
3373 4139 3475 4212 γὰρ
3514 4143 3609 4192 καὶ
3639 4140 3688 4191 οἱ
3732 4137 3952 4194 Timuit:

647 4241 744 4284 nes
774 4227 1248 4290 declinaverunt,
1274 4229 1449 4284 simul
1468 4229 1707 4284 inutiles
1723 4229 1877 4298 facti
1891 4236 2030 4283 sunt
2047 4232 2093 4264 ⁸ο
2119 4247 2131 4284 ;
2156 4229 2261 4286 tale

2410 4225 2673 4298 θεοφιλεῖς·
2700 4232 2789 4279 καὶ
2819 4231 2876 4278 τό
2922 4227 3309 4299 Σολομὼντειονο
3361 4229 3544 4280 Πάντα
3593 4231 3876 4300 ματαιότοντ
3914 4218 3949 4268 θ⁵

647 4314 944 4386 siquidem
971 4324 1291 4382 nouerant,
1315 4317 1417 4388 qui
1435 4317 1614 4372 etiam
1633 4323 1770 4372 tunc
1789 4318 1975 4372 Deum
1995 4318 2261 4374 colebant

1284 4317 1770 4388 .quietiamtunc
1789 4318 1975 4372 Deum
1995 4318 2294 4384 colebant;
2405 4317 2505 4389 γὰρ
2540 4320 2629 4368 καὶ
2661 4317 2689 4374 ἠ
2718 4316 2898 4390 ἀρετή-

646 4408 701 4459 et
725 4403 869 4460 illud
900 4404 1233 4461 Salomonis
1265 4422 1278 4461 :
1311 4405 1519 4463 Omnia
1557 4412 1695 4463 sunt
1753 4408 1984 4464 vanitas
2016 4409 2031 4443 ¹
2069 4423 2297 4481 :neque

644 4493 802 4550 enim
832 4493 966 4550 talis
992 4500 1077 4550 est
1106 4494 1308 4550 virtus.

718 4586 813 4638 Est
828 4589 1030 4639 autem
1048 4584 1144 4638 ubi
1163 4584 1363 4640 Omnis
1381 4584 1539 4641 idem
1557 4585 1869 4654 signiﬁcat,
1885 4585 2048 4657 quod
2065 4585 2292 4653 Nullus,
2329 4553 2332 4608 i‘

2334 4552 2375 4609 D
2476 4582 2628 4637 Ἐστι
2675 4578 2734 4637 δε
2788 4583 2870 4636 ὅτε
2920 4585 2980 4635 τό
3019 4588 3124 4644 Πᾶς
3161 4583 3219 4635 τὸ
3271 4575 3464 4646 Οὐδείς
3521 4586 3790 4654 σημαίνει,
3832 4579 3882 4637 ὡς
3914 4576 3948 4624 τί

645 4677 708 4727 ut
737 4672 796 4727 in
822 4672 980 4728 dicto
1001 4673 1101 4730 illo
1133 4673 1456 4730 Salvatoris
1487 4691 1499 4730 :
1529 4676 1602 4730 Et
1632 4675 1749 4730 nisi
1771 4675 2019 4730 breviuti
2040 4677 2259 4744 fuissen

2405 4680 2496 4724 τοῦ
2557 4680 2808 4747 Σωτῆρος·
2887 4675 2985 4724 Καὶ
3045 4670 3091 4724 εἰ
3134 4674 3205 4743 μὴ
3280 4669 3684 4730 ἐκολοϐώθησαν
3750 4672 3800 4721 αἰ

643 4761 769 4816 dies
796 4761 906 4827 illi,
937 4779 1054 4818 non
1081 4764 1241 4831 fieret
1272 4765 1444 4820 salva
1473 4765 1653 4819 omnis
1670 4779 1811 4818 caro
1839 4766 1880 4829 ³,
1909 4765 1964 4818 id
1997 4771 2104 4831 est,
2131 4764 2253 4820 null

2401 4781 2491 4835 ραι
2534 4760 2740 4828 ἐκεῖναι,
2786 4761 2880 4813 οὐκ
2937 4759 2996 4811 ἂν
3053 4758 3224 4818 ἓσὼθη
3291 4765 3442 4812 πᾶσα
3498 4760 3658 4834 σὰρξ,
3720 4763 3864 4831 ἤγουν
3897 4752 3949 4804 οὗ·

643 4863 804 4904 caro.
837 4849 899 4904 In
932 4850 1030 4906 illo
1061 4868 1298 4923 quoque
1324 4853 1608 4908 Davidico
1638 4869 1812 4908 versu
1841 4853 1946 4908 :Et
1975 4869 2090 4908 non
2107 4853 2257 4909 domi

2405 4850 2561 4924 διμία
2606 4851 2762 4924 σάρξ·
2810 4853 2899 4902 καὶ
2937 4852 2995 4902 τὸ
3048 4853 3340 4904 Δαυῐτικόν’
3379 4854 3479 4902 Καὶ
3527 4854 3606 4922 μή
3674 4862 3945 4920 urnulam"

641 4944 818 4993 netur
845 4938 993 4994 mihi
1021 4941 1202 4997 omnis
1228 4941 1523 5012 injustitia
1547 4943 1590 5006 ³,
1616 4942 1730 4998 hoc
1757 4949 1864 5009 est,
1893 4941 2074 4998 nulla.
2112 4942 2253 4998 Mult

2405 4946 2546 4994 σάτω
2597 4960 2696 5014 μου
2754 4946 2903 4992 πᾶσα
2975 4938 3182 5012 ἀνομία,
3241 4942 3498 5011 τουτέστι,
3577 4936 3834 5012 μηδεμία.
3888 4939 3941 4986 Kl‘

641 5041 884 5098 quoque
916 5033 1056 5084 sunt
1083 5029 1321 5086 similia.

1225 5030 1321 5086 lia.
2400 5031 2564 5085 πολλὰ
2593 5037 2832 5086 τοιαῦτα.

714 5115 873 5173 Vers.
905 5119 954 5172 8.
983 5119 1193 5175 Sed—
1230 5134 1380 5178 oves.
1441 5121 1552 5188 Qui
1598 5136 1736 5178 vere
1785 5124 1954 5178 erant
2006 5136 2170 5178 oves.
2223 5121 2288 5178 Et

2470 5119 2603 5174 mn.
2649 5149 2716 5161 -·
2761 5115 3018 5193 πρόϐατα·
3067 5121 3145 5172 Τὰ
3197 5116 3403 5180 ἀληθῶς
3460 5114 3728 5192 πρόϐατα.
3784 5113 3938 5171 Eii-Irri-

703 5322 753 5361 ’⁸
793 5319 994 5381 Matth.
1026 5339 1086 5397 ι,
1119 5324 1206 5382 16.
1331 5328 1378 5364 ’³
1410 5324 1568 5386 Psal.
1607 5343 1705 5394 xu,
1737 5326 1790 5386 3.
1886 5326 1903 5365 ¹
1936 5325 2118 5385 Eccle.
2150 5343 2184 5392 ι,
2220 5329 2272 5383 2.

1951 5325 2118 5385 Eccle.
2150 5343 2184 5392 ι,
2220 5329 2272 5383 2.
2372 5329 2394 5363 ³
2420 5326 2616 5386 Matth.
2643 5343 2794 5395 xxxv,
2821 5327 2910 5385 22.
3011 5327 3031 5361 ⁸
3053 5323 3210 5384 Psal.
3241 5340 3396 5392 cvui,
3434 5325 3565 5384 133.

1881 5529 2108 5603 Variae
2135 5530 2464 5601 lectiones
2506 5539 2787 5598 etnotae.

697 5759 774 5850 (8)
810 5759 1112 5832 Δπίστειλεν
2459 5755 2536 5842 ιθ)
2562 5757 2660 5810 Καὶ
2690 5751 2857 5813 abest
2892 5753 2962 5812 Α.
