4088 6514
97 424 234 497 1325

1107 413 2416 495 CGMMENT.iNJOANNEM.——CAP.X.

3335 445 3465 499 1326

102 565 181 618 θεν
210 561 296 616 οὖν
323 560 482 622 δῆλον
521 562 599 615 ὅτι
629 560 689 614 ού
728 561 1106 638 συμπεριελαϐε
1124 567 1215 615 καὶ
1243 565 1362 624 τοὺς
1391 566 1693 635 προφήτας’

1852 561 1948 617 inc
1988 560 2373 618 manifestum
2405 565 2508 627 est,
2540 565 2707 636 quod
2761 579 2882 621 non
2937 566 3472 638 comprehenderat

100 657 288 706 τούτων
314 654 418 726 γὰρ
441 656 572 710 ηκου
580 670 696 706 σαν.

173 744 302 813 Ἐγώ
331 740 441 814 εἰμι
462 743 492 801 ἠ
529 741 770 815 θύρα.Τῷ
796 737 1176 815 διπλασιασμῷ
1192 749 1285 794 τοῦ
1313 741 1474 816 ῥητοῦ
1495 738 1704 814 βεϐαιοῖ

103 835 188 884 τὸν
215 830 384 902 λόγον.

174 921 249 972 Δι’
297 951 366 962 -
421 920 736 977 σωθήσεται.
794 921 888 972 Διὰ
926 928 1026 973 τῶν
1075 922 1206 993 ἱμῶν
1239 918 1449 973 ἐντολῶν
1510 919 1596 972 ὶάν
1623 939 1702 982 τις

103 1007 322 1082 όδεύοη,
381 1011 702 1078 σωθήσεται,
755 1010 1102 1084 ἀνερχόμενος
1152 1009 1224 1071 εἰς
1274 1015 1368 1068 τὴν
1407 1011 1512 1061 ἄνω
1576 1011 1703 1081 μάν-

104 1097 256 1172 δραν.

178 1192 277 1242 Καὶ
301 1219 370 1228 -
409 1186 748 1251 ἐξελεύσεται.
775 1187 864 1251 Εἰς
878 1189 1048 1242 πάντα
1071 1192 1230 1242 τόπον
1260 1197 1356 1250 τῆς
1375 1188 1702 1262 οἰκουμένης,

103 1280 227 1350 ὅπερ
259 1281 344 1330 ἐπὶ
372 1285 472 1330 τῶν
505 1275 800 1331 ἀποστόλων
829 1281 1027 1350 γέγονε.

177 1372 277 1420 Καὶ
305 1371 468 1440 νομὴν
495 1368 723 1442 εὑρήσει.
757 1366 834 1420 Ού
863 1367 1106 1439 ψυχικὴν
1145 1372 1298 1440 μόνον
1339 1365 1467 1419 ἀλλὰ
1489 1372 1578 1420 καὶ
1607 1385 1702 1418 σω-

97 1462 325 1528 ματικην
361 1473 374 1486 ο
407 1458 577 1508 πάντα
598 1458 699 1529 γὰρ
730 1459 796 1509 τὰ
834 1464 934 1508 τῶν
964 1461 1313 1509 πιστευόντων
1369 1456 1552 1518 αὐτοῖς
1582 1474 1706 1528 προ-

99 1550 264 1597 ἐκείτο
293 1545 426 1615 (l0).

173 1633 232 1688 Ὀ
286 1633 510 1694 πλέπτης
567 1665 637 1674 -
695 1633 947 1707 οἶπολέση.
1010 1633 1120 1687 Ούκ
1177 1637 1388 1710 ἔρχεται
1449 1631 1542 1688 διὰ
1604 1653 1706 1686 σω-

101 1727 290 1796 τηρίαν
319 1731 420 1775 τῶν
467 1723 762 1796 προϐάτων,
808 1726 850 1776 εἱ
905 1729 977 1797 μὴ
1014 1720 1107 1777 διὰ
1158 1728 1216 1777 τό
1267 1723 1455 1795 κλέψαι
1491 1729 1581 1776 καὶ
1615 1726 1710 1777 θῦ-

103 1832 198 1864 σαι
251 1818 340 1865 καὶ
389 1813 671 1868 απολάσαι.
731 1818 831 1867 Καὶ
884 1816 986 1887 γὰρ
1043 1819 1134 1866 καὶ
1192 1813 1243 1866 οἰ
1298 1814 1568 1875 κλαπέντες
1606 1813 1707 1866 ὑπὸ

1809 652 1989 707 etiam
2016 650 2334 722 prophetas
2363 669 2376 719 ;
2407 666 2548 707 nam
2578 652 2689 708 hos
2741 653 3078 710 audierunt.

1881 740 2042 794 Vers.
2069 740 2124 796 9.
2178 739 2297 809 Ego
2325 755 2454 795 sum
2512 741 2744 798 ostium.
2782 743 2946 798 Verbi
2977 742 3324 816 repetitione
3357 758 3475 802 ser-

1811 843 2051 884 monem
2085 828 2418 883 conﬁrmat.

1883 917 2048 973 Vers.
2071 918 2124 972 9.
2170 919 2286 974 Per
2331 949 2400 958 —-
2445 919 2797 976 salvabitur.
2831 921 2942 977 Per
2981 937 3116 978 mea
3155 925 3471 995 praecepta,

1812 1007 1860 1063 si
1875 1008 2009 1079 quis
2032 1005 2445 1075 ambulaverit,
2480 1008 2805 1066 salvabitur
2823 1011 3154 1068 ascendens
3189 1012 3249 1068 in
3268 1025 3473 1084 super-

1812 1113 1956 1152 nam
1985 1095 2382 1152 mansionem.

1888 1185 2049 1242 Vers.
2114 1188 2165 1240 9.
2222 1185 2298 1240 Et
2335 1188 2788 1258 —egredietur.
2845 1189 2934 1246 Ad
2961 1205 3206 1248 omnem
3263 1189 3475 1246 mundi

1814 1276 2010 1331 locum
2046 1274 2242 1346 ;quod
2263 1274 2338 1330 de
2364 1276 2647 1349 apostolis
2677 1277 2900 1335 factum
2936 1285 3048 1338 est.

1889 1364 2048 1420 Vers.
2108 1367 2158 1419 9.
2211 1365 2286 1419 Et
2350 1380 2576 1434 pascua
2631 1369 2902 1424 inueniet.
2962 1371 3090 1425 Non
3147 1368 3476 1441 spiritualia

1815 1453 2034 1518 solum,
2075 1452 2182 1509 sed
2208 1457 2265 1509 et
2294 1455 2642 1526 temporalia
2675 1473 2688 1512 :
2746 1473 2885 1513 nam
2932 1459 3136 1514 omnia
3173 1473 3310 1532 quae
3338 1462 3476 1516 sunt

1815 1542 2192 1607 credentium,
2229 1543 2312 1597 eis
2344 1543 2488 1600 data
2526 1548 2688 1601 sunt.

1890 1631 2049 1686 Vers.
2107 1633 2194 1686 10.
2243 1631 2372 1686 Fur
2431 1663 2495 1672 —
2549 1636 2782 1702 perdat.
2827 1639 2956 1692 Non
3008 1637 3172 1693 venit
3228 1641 3475 1710 propter

1817 1721 2073 1777 salutem
2095 1721 2320 1787 ovium,
2349 1721 2450 1777 sed
2478 1726 2706 1779 tantum
2732 1725 2809 1781 ad
2832 1725 3179 1792 furandum,
3211 1732 3477 1782 mactan-

1817 1811 1980 1876 dum,
2021 1827 2086 1865 ac
2117 1810 2502 1881 perdendum.
2555 1815 2701 1868 Nam
2741 1819 2798 1869 et
2843 1815 2884 1869 ii
2938 1814 3041 1888 qui
3101 1815 3250 1871 furto
3291 1814 3474 1872 ablati

105 1898 292 1954 Θευδᾶ
331 1906 421 1954 καὶ
456 1900 637 1955 ’ἰούδα
689 1901 1018 1976 ἐσφάγησαν,
1077 1907 1168 1955 καὶ
1212 1901 1474 1956 ἀπώλοντο
1511 1921 1710 1978 παραυ-

1851 1906 1957 1956 unt
1994 1916 2029 1956 a
2058 1899 2302 1956 Theuda
2336 1905 2393 1955 et
2437 1899 2608 1967 Juda,
2635 1901 2893 1972 jugulati
2919 1909 3057 1959 sunt
3095 1909 3152 1960 et
3189 1903 3475 1960 continuo

97 1995 244 2047 τίκα.

174 2078 270 2152 [”Ο
331 2077 576 2142 διάϐολος
612 2081 820 2134 κλέπτει
870 2081 983 2153 (Η)
1031 2083 1142 2153 μὲν,
1185 2099 1269 2134 ore
1322 2079 1570 2154 λαμϐάνει
1615 2083 1709 2138 τὴν

101 2168 296 2239 ψυχὴν
326 2174 415 2222 καὶ
445 2173 670 2242 μεθιστᾷ
718 2173 844 2244 πρὸς
889 2169 1071 2222 ἑαυτὸν
1127 2173 1378 2242 καὶπρὸς
1431 2171 1497 2222 τὰ
1526 2169 1710 2222 ἑαυτοῦ

104 2257 378 2330 θελήματα
411 2275 426 2290 ⁶
474 2261 585 2311 θύει
620 2255 698 2326 δε,
750 2259 832 2311 ὅτε
890 2258 1079 2330 σφάζει
1134 2263 1228 2317 τήν
1274 2263 1580 2335 προαίρεσιν
1616 2256 1710 2309 αύ-

102 2353 221 2417 τῆς,
280 2351 371 2400 καὶ
425 2355 598 2422 νεκροί
635 2351 760 2422 πρὸς
802 2352 890 2406 τὴν
929 2346 1160 2422 ἐνάρετον
1203 2351 1340 2411 ζωήν
1407 2365 1420 2379 ο
1457 2347 1712 2400 ἀπόλλυσι

107 2431 190 2502 δι,
224 2435 310 2487 ὅτε
369 2442 460 2489 καὶ
498 2441 592 2495 τὴν
620 2439 757 2490 κατὰ
809 2439 938 2490 Θεὸν
993 2442 1202 2509 μνήμην
1249 2437 1412 2500 αὐτῆς
1451 2436 1708 2509 ἀφανίζει,

104 2525 244 2576 ὥστε
297 2529 368 2597 μὴ
412 2522 675 2578 δύνασθαι
716 2528 1051 2599 μνημονεύειν
1104 2535 1198 2587 τῆς
1253 2526 1541 2599 μελλούσης
1601 2531 1713 2600 κρί-

105 2612 295 2686 σεως.]

191 2702 331 2776 Ἐγὼ
357 2736 420 2745 -
453 2707 640 2776 ἔχωσι.
673 2736 740 2745 -
764 2708 911 2763 Ζωὴν
942 2706 1162 2757 ἐνταῦθα
1180 2708 1271 2778 μὲν
1293 2709 1386 2763 την
1404 2708 1538 2757 κατὰ
1560 2707 1710 2775 Θεὸν,

97 2801 166 2862 ἧς
199 2799 580 2872 περισσότερον
609 2795 639 2852 ἡ
675 2792 923 2866 βασιλεία
950 2802 1050 2845 τῶν
1081 2793 1309 2867 οὐρανῶν
1343 2811 1355 2824 ³
1389 2792 1493 2847 ἐκεῖ
1517 2791 1576 2847 δὲ
1621 2799 1713 2853 τὴν

93 2890 397 2962 μακαρίαν,
448 2885 510 2945 ἧς
540 2888 908 2958 περισσότερον
950 2883 1013 2936 Ἃ
1046 2882 1308 2956 ὀφθαλμὸς
1341 2883 1432 2936 οὐκ
1465 2881 1591 2953 εἶδε,
1624 2889 1712 2936 καὶ

93 2976 188 3039 οὖς
240 2976 341 3028 οὐκ
388 2977 603 3036 ἤκουσε,
683 2977 771 3024 καὶ
847 2971 932 3024 ἰπὶ
1001 2970 1226 3048 καρδίαν
1296 2971 1569 3048 ἀνθρώπου
1623 2973 1716 3025 οὐκ

93 3066 282 3132 ἀνέϐη,
346 3064 377 3121 ἡ
417 3068 506 3113 και
555 3063 584 3118 ἡ
645 3061 814 3113 τελεία
868 3060 1149 3133 ἐπίγνωσις
1197 3069 1292 3123 τῆς
1345 3062 1497 3133 ἁγίας
1550 3064 1716 3136 Τριά-

95 3154 213 3215 δος.

1818 1990 2143 2063 perierunt.

1891 2078 2310 2152 {nx-Diabolus
2361 2078 2592 2136 furatur
2645 2080 2915 2153 quidem,
2968 2098 3108 2138 cum
3159 2081 3476 2156 prehendit

1820 2169 2085 2226 animum
2118 2174 2175 2224 et
2191 2169 2468 2224 transfert
2496 2168 2575 2225 ad
2605 2187 2666 2226 se
2697 2176 2752 2226 et
2780 2171 2860 2226 ad
2890 2171 3256 2228 voluntatem
3279 2187 3472 2228 suam.

1822 2261 2035 2315 Mactat
2069 2265 2290 2325 autem,
2331 2257 2580 2330 quando
2639 2259 2911 2316 interﬁcit
2943 2261 3208 2316 studium
3247 2262 3377 2331 ejus
3421 2264 3478 2318 et

1823 2347 2139 2404 mortiﬁcat
2163 2353 2430 2419 respectu
2469 2347 2626 2412 vitai,
2656 2365 2792 2420 quas
2823 2354 2912 2405 est
2935 2349 3266 2406 secundum
3301 2348 3478 2404 virtu~

1821 2441 1940 2494 tem
1969 2452 1984 2503 ;
2027 2436 2218 2508 perdit
2242 2452 2403 2502 vero,
2440 2436 2686 2508 quando
2717 2438 3061 2495 memoriam
3081 2438 3180 2494 Dei
3205 2437 3374 2504 tollit,
3403 2451 3478 2494 ne

1821 2527 2115 2582 recordari
2147 2527 2336 2598 possit
2359 2525 2571 2597 judicii
2604 2526 2798 2583 futuri.

1895 2703 2720 2774 Vers.10.Ego—habeant.—
2735 2703 2924 2761 Vitam
2936 2705 3051 2772 ;hic
3078 2705 3324 2777 quidem
3341 2719 3477 2760 eam

1825 2809 1960 2866 quae
1992 2792 2319 2848 secundum
2355 2795 2540 2848 Deum
2566 2797 2673 2858 est,
2709 2793 2878 2866 cujus
2920 2793 3480 2866 superabundantia

1824 2889 1915 2938 cst
1930 2897 2180 2952 regnum
2201 2882 2488 2938 ccelorum
2509 2900 2522 2950 ;
2547 2881 2632 2938 ibi
2651 2898 2787 2938 vero
2808 2883 3247 2954 beatam,cujus
3270 2898 3484 2955 super-

1825 2971 2200 3028 abundantia
2247 2977 2400 3038 sunt,
2435 2986 2573 3042 quae
2614 2971 2825 3026 oculus
2853 2987 2976 3028 non
3012 2972 3180 3040 vidit,
3214 2978 3270 3028 et
3315 2971 3481 3028 auris

1827 3076 1945 3115 non
1970 3060 2220 3125 audivit,
2247 3066 2303 3116 et
2332 3061 2393 3116 in
2433 3075 2535 3116 cor
2559 3060 2822 3116 hominis
2853 3077 2974 3116 non
3009 3062 3407 3118 ascenderunt
3435 3063 3479 3128 ‘,

1827 3154 1930 3204 aut
1969 3148 2144 3205 etiam
2188 3147 2449 3220 perfecta
2489 3153 2712 3204 sanctae
2741 3149 3038 3206 Trinitatis
3071 3151 3352 3221 cognitio.

173 3245 317 3313 Ἐγὼ
363 3269 423 3279 -
474 3237 649 3298 καλός.
699 3268 767 3276 -
802 3236 862 3289 Ὀ
911 3236 1128 3300 ἀληθής.
1159 3244 1299 3290 Ἀνω
1354 3240 1444 3310 μὲν
1497 3235 1585 3290 οὖν
1635 3240 1718 3290 θύ-

1901 3239 2061 3291 Vers.
2111 3238 2196 3291 11.
2266 3237 2395 3307 Ego
2446 3268 2515 3276 ——
2557 3237 2760 3292 bonus.
2823 3268 2892 3278 -ο
2955 3239 3156 3294 Verus.
3205 3240 3486 3311 Superius

95 3353 197 3406 ραν
265 3329 452 3382 ἑαυτόν
505 3326 744 3398 ὠνόμασε
783 3321 879 3378 διὰ
926 3330 1018 3385 τὴν
1071 3325 1174 3379 ἐκεῖ
1225 3327 1475 3401 ῥηθεῖσαν
1523 3327 1716 3394 αἰτίαν,

97 3419 338 3474 ἐνταῦθα
389 3412 448 3468 δὲ
494 3418 716 3486 ποιμένα
777 3415 846 3476 ὡς
889 3417 956 3467 τὰ
1009 3422 1097 3466 τοῦ
1143 3419 1386 3486 ποιμένος
1450 3422 1718 3483 ποιοῦντα,

97 3511 133 3564 ἃ
165 3508 606 3583 παρατρέχοντες
665 3504 715 3554 οἱ
769 3506 1001 3575 ποιμένες
1050 3512 1147 3556 τῶν
1203 3501 1473 3557 Ἰουδαίων
1528 3501 1724 3556 ὀνειδι-

99 3606 290 3665 ζονται
347 3591 444 3647 διὰ
494 3600 586 3645 τοῦ
635 3596 903 3667 προφήτου
962 3593 1231 3660 Ἰεζεκιήλ,
1289 3598 1406 3669 περὶ
1458 3595 1526 3645 ὧν
1571 3593 1720 3668 ἱρού-

94 3708 193 3765 μεν
226 3686 328 3740 οὐκ
375 3682 449 3744 εἰς
496 3683 701 3755 μακράν
739 3683 853 3733 ’ἔτι
883 3677 944 3734 δε
994 3687 1085 3735 καὶ
1135 3685 1204 3745 ὡς
1256 3686 1385 3758 πρὸς
1433 3688 1527 3742 τὴν
1585 3683 1721 3736 ἐκεί-

97 3783 185 3834 θεν
240 3770 494 3850 μάνδραν
552 3774 861 3842 συνάγοντα,
901 3769 1074 3844 λόγοις
1103 3781 1447 3846 ποιμαντικῆς
1509 3771 1722 3832 ἐπιστή-

93 3889 229 3945 μηςο

171 3960 260 4012 Ἐν
293 3952 480 4013 ἄλλοις
505 3945 564 4002 δὲ
593 3953 700 4003 καὶ.
737 3948 1002 4024 Πρόϐατον
1031 3949 1262 4004 καλεῖται
1292 3956 1381 4004 καὶ
1409 3954 1597 4026 Ἀμνός
1631 3957 1723 4007 καὶ⁵

94 4049 336 4123 Σφάγιον
373 4045 470 4094 καὶ
516 4038 836 4112 Ἃρχιερεύς,
866 4043 953 4091 καὶ
982 4044 1146 4114 μυρία
1187 4042 1334 4116 ἕτερα
1371 4046 1495 4118 πρὸς
1519 4045 1611 4104 τὰς
1636 4063 1725 4096 πο-

90 4141 406 4214 λυτρόπους
437 4128 739 4201 οἰκονομίας
767 4127 948 4183 αὐτοῦ.

169 4227 232 4279 Ὀ
275 4224 485 4294 ποιμὴν
511 4249 578 4258 —
609 4216 898 4290 προϐάτων.
937 4218 1096 4271 Πάλιν
1112 4218 1244 4291 λέγει
1269 4222 1334 4272 τὰ
1355 4239 1726 4297 χαρακτηρισ-

92 4318 224 4372 τικὰ
246 4319 346 4367 τοῦ
379 4327 439 4363 τε
472 4309 719 4378 ποιμένος
743 4311 833 4359 καὶ
869 4315 962 4359 τοῦ
992 4309 1283 4380 μισθωτου,

163 4406 226 4459 Ὀ
263 4400 557 4477 μισθωτὸς
585 4427 654 4437 —
688 4395 946 4468 πρόϐατα.
978 4396 1299 4472 Ἠρμηνευσε
1328 4401 1408 4458 τίς
1433 4395 1571 4450 ἐστιν
1606 4419 1729 4471 μισ-

88 4499 288 4566 θωτός,
331 4493 420 4544 ὅτι
451 4484 522 4539 οὗ
548 4485 642 4537 οὐκ
673 4484 774 4536 εἰσὶ
796 4487 862 4537 τὰ
888 4483 1127 4559 πρόϐατα
1155 4482 1287 4541 ἰδια.
1316 4487 1488 4548 Λύκος
1519 4482 1578 4538 δὲ
1608 4485 1726 4538 ἀνασ

88 4591 350 4658 γωγικῶς
381 4579 409 4630 ὁ
435 4576 646 4646 λυμεὼν
694 4577 783 4624 καὶ
815 4570 1101 4636 κακόδοξος
1140 4579 1230 4626 καὶ
1263 4576 1288 4625 ὁ
1322 4571 1558 4636 διάϐολος
1585 4577 1731 4636 ὅστις

91 4680 190 4727 καὶ
221 4671 354 4723 λέων
413 4665 626 4734 λέγεται
681 4665 771 4714 καὶ
825 4658 1032 4737 δράκων
1084 4667 1173 4715 καὶ
1203 4667 1312 4735 ὄφις
1352 4668 1441 4716 καὶ
1481 4669 1731 4739 σκορπίος

91 4769 189 4816 καὶ
232 4758 404 4818 ἀσπὶς
436 4756 533 4806 καὶ
575 4747 886 4822 βασιλίσκος
928 4755 1017 4802 καὶ
1054 4750 1215 4804 πολλὰ
1270 4751 1418 4827 ἔτερα
1466 4756 1594 4826 πρὸς
1639 4756 1730 4818 τὰς

92 4845 534 4925 κακομηχανίας
567 4837 728 4890 αὐτοῦ
751 4837 886 4910 (12).

166 5029 232 5085 Ὀ
306 5021 371 5081 δὲ
441 5019 712 5096 μισθωτὸς
775 5046 845 5060 -
908 5015 1200 5091 προϐἁτων.
1282 5025 1565 5093 Πανταχοῦ
1629 5023 1731 5096 γὰρ

88 5128 194 5183 τὴν
259 5113 414 5170 ἰδίαν
475 5111 744 5184 σωτηρίαν
792 5105 957 5180 ζητεῖ,
997 5115 1098 5160 τῶν
1128 5107 1290 5160 ἄλλων
1338 5108 1537 5183 ἀμελῶν
1571 5126 1584 5138 ·
1614 5111 1640 5161 ό
1673 5106 1732 5162 δι

195 5270 220 5305 ⁴
250 5267 273 5322 1
305 5262 447 5319 Cor.
469 5273 536 5326 ιι,
569 5259 622 5314 9.

1829 3340 2091 3397 namque
2117 3323 2335 3380 ostium
2393 3325 2716 3397 appellavit
2743 3325 3018 3398 seipsum,
3061 3332 3306 3399 propter
3349 3343 3486 3384 cau-

1829 3429 1958 3469 sam
1989 3413 2068 3469 ibi
2111 3413 2333 3469 dictam
2366 3429 2379 3481 ;
2411 3414 2507 3469 hic
2565 3419 2763 3469 autem
2815 3417 3136 3480 Pastorem,
3198 3421 3487 3488 tanquam

1828 3518 1900 3560 ea
1924 3519 2060 3576 quia
2087 3503 2340 3575 pastoris
2370 3507 2508 3558 sunt
2535 3506 2933 3574 praestantem,
2966 3519 3104 3576 qua:
3145 3506 3488 3576 praetermit-

1831 3598 2016 3649 tentes
2036 3598 2308 3665 pastores
2324 3592 2351 3646 .l
2363 3593 2664 3648 udaaorum
2687 3593 3201 3664 reprehenduntur
3225 3610 3330 3668 per
3353 3610 3489 3667 pro-

1830 3684 2072 3756 phetam
2115 3682 2379 3738 Ezechiel
2413 3699 2426 3738 :
2457 3683 2532 3739 de
2571 3682 2792 3756 quibus
2832 3685 3015 3756 paulo
3056 3690 3185 3757 post
3201 3685 3488 3745 dicemus.

1831 3772 1956 3829 Praa
1965 3777 2120 3828 terea
2137 3771 2315 3827 etiam
2331 3777 2615 3843 tanquam
2629 3774 3006 3829 sermonibus
3017 3773 3159 3830 artis
3183 3774 3490 3847 pascendi,

1832 3861 1910 3918 ad
1941 3875 2267 3933 supernam
2319 3876 2696 3931 congregans
2717 3863 3132 3919 mansionem.

1904 3953 1968 4005 In
1998 3949 2128 4005 aliis
2154 3965 2397 4022 quoque
2451 3949 2600 4006 locis
2646 3949 2780 4006 Oris
2836 3957 3103 4018 vocatur,
3159 3956 3215 4008 et
3263 3953 3491 4024 Agnus,

1835 4055 1906 4097 ac
1947 4040 2196 4096 Victima
2224 4045 2282 4095 et
2309 4039 2607 4109 Pontifex,
2652 4040 2906 4113 aliisque
2937 4041 3095 4098 mille
3124 4043 3488 4110 nominibus,

1830 4132 2002 4201 juxta
2026 4130 2220 4185 varios
2262 4128 2644 4200 dispensandi
2687 4129 2924 4185 modos.

1906 4218 2070 4273 Vers.
2110 4219 2198 4272 il.
2258 4218 2477 4274 Pastor
2534 4249 2592 4260 -—
2645 4219 2868 4276 ovibus.
2911 4220 3171 4274 Rursum
3201 4235 3272 4276 ea
3328 4221 3496 4292 ponit

1834 4323 1971 4379 quas
2003 4315 2125 4363 tum
2161 4312 2487 4378 pastorem,
2514 4313 2638 4361 tum
2655 4308 3091 4362 mercenarium
3123 4307 3458 4379 designent.

1912 4398 2066 4451 Vers.
2132 4396 2217 4449 12.
2277 4395 2675 4450 Mercenarius
2738 4426 2806 4434 ——
2863 4409 3010 4452 oves.
3071 4399 3496 4468 Interpretatur

1837 4484 1971 4556 quis
1997 4483 2230 4538 dicatur
2283 4482 2702 4547 mercenarius,
2757 4482 2807 4537 is
2847 4483 3136 4548 videlicet,
3169 4486 3343 4555 cujus
3371 4501 3493 4541 non

1839 4579 1977 4629 sunt
2006 4587 2148 4628 oves
2206 4571 2484 4643 propriae.
2509 4573 2707 4642 Lupus
2757 4587 2898 4627 vero
2925 4573 3254 4645 anagogice
3307 4573 3356 4628 is
3387 4578 3494 4639 est,

1837 4663 1940 4736 qui
1968 4661 2176 4735 perdit,
2203 4667 2260 4718 et
2283 4660 2472 4733 quide
2505 4660 2661 4716 malo
2680 4661 2962 4730 gloriatur
2985 4664 3150 4734 (t),ac
3186 4662 3488 4734 diabolus,

1839 4752 2146 4825 quietiam
2190 4749 2280 4805 leo
2338 4749 2564 4817 dicitur,
2618 4749 2822 4813 draco,
2880 4766 3142 4822 serpens,
3201 4752 3496 4824 scorpius,

1839 4841 2000 4913 aspis
2063 4855 2133 4896 ac
2190 4838 2521 4908 basiliscus,
2567 4837 2890 4910 multisque
2950 4841 3080 4895 aliis
3128 4841 3499 4908 nominibus,

1834 4933 2000 5006 juxta
2025 4929 2180 4985 illius
2211 4929 2401 4984 varias
2441 4927 2678 4984 malitiae
2721 4928 3039 4984 versutias.

1911 5019 2074 5076 Vers.
2109 5020 2194 5075 13.
2229 5019 2627 5076 Mercenarius
2692 5033 2828 5074 vero
2859 5047 2926 5059 —
2953 5035 3133 5076 curre.
3191 5023 3342 5077 Nam
3374 5019 3503 5076 ubi-

1840 5125 1958 5184 que
1975 5109 2280 5182 propriam
2312 5111 2518 5181 quaarit
2545 5107 2822 5177 salutem,
2862 5106 3114 5165 aliorum
3144 5109 3457 5180 negligens
3486 5126 3501 5168 :

1338 5384 1560 5456 Varias
1591 5385 1919 5456 lectiones
1952 5395 2017 5455 et
2047 5395 2251 5454 notae.

163 5585 627 5669 (ωλιὲράκξετῖτέ

163 5593 261 5669 (10
318 5590 622 5663 Πρόκειται
655 5590 708 5632 Β.
754 5647 765 5659 ο

162 5590 287 5741 (Μζ
303 5661 448 5718 Haec
475 5665 542 5710 in
567 5663 846 5720 margine
866 5648 1049 5708 habet
1073 5650 1262 5711 codex
1288 5655 1736 5729 uterque.Caret

1845 5583 1920 5642 iis
1954 5582 2297 5640 Hentenius.

1918 5656 2037 5730 (12)
2070 5658 2208 5732 Πρὸς
2236 5657 2327 5716 τὰς
2350 5649 2586 5715 ποικίλας
2609 5653 2856 5728 μηχανὰς
2893 5649 3056 5706 αὐτοῦ
3081 5654 3148 5708 Α.

167 5853 236 5930 (ι)
262 5847 336 5904 Et
363 5833 478 5918 qui
503 5830 583 5889 de
608 5829 770 5888 malo
793 5829 1104 5903 gloriatur.
1135 5828 1436 5899 Κακὸδοξος
1460 5833 1522 5890 h.
1548 5832 1586 5891 l.
1621 5849 1718 5911 op]

1855 5838 1946 5892 tur
1975 5842 2048 5888 τῶ
2075 5829 2356 5912 ὀρθοδὸεῳ.
2405 5832 2502 5892 Est
2525 5849 2667 5910 ergo
2697 5830 3022 5918 haereticus,
