4088 6434
146 349 298 409 1329

1189 342 1560 402 COMMENT.
1601 343 1670 398 IN
1704 340 2054 399 JOANNEM.
2095 371 2164 384 -
2204 340 2361 398 CAP.
2401 338 2472 395 Χ.

3384 335 3523 396 1330

161 476 409 529 Διικνύων
459 469 520 527 δί
577 476 672 531 τὴν
724 471 908 525 ἑαυτοῦ
961 475 1155 543 γνῶσιν
1205 465 1589 544 διαφορωτέραν
1639 467 1743 520 πολ

1876 471 1975 523 est.
2009 466 2338 524 Ostendens
2384 469 2578 522 autem
2634 464 3038 534 cognitionem
3080 479 3254 520 suam
3291 461 3371 520 ab
3397 464 3522 520 illo-

159 565 231 635 λῴ
271 571 360 624 τῆς
399 565 621 632 ἱκείνων,
654 565 844 615 ἶσωσιν
887 561 1049 620 αὐτὴν
1094 567 1156 632 τῇ
1196 565 1287 610 τοῦ
1327 561 1528 634 Πατρός
1576 557 1758 630 λέγων’

236 743 419 804 Καθὼς
468 771 538 781 --
589 743 814 814 Πατέρα.
866 745 1062 792 Γνῶσιν
1108 738 1243 810 λέγει
1273 742 1366 795 τὴν
1413 738 1544 789 κατά
1579 737 1754 808 φύσιν,

160 835 273 905 περὶ
322 831 382 892 ἧς
426 835 516 882 καὶ
571 829 620 882 ἐν
697 838 770 899 τῷ
841 828 1059 898 εἰκοστῷ
1125 827 1383 900 κεφαλαίῳ
1454 833 1545 878 τοῦ
1623 827 1758 876 κατὰ

160 921 425 975 Ματθαίον
475 916 628 972 εἶπεν
711 915 887 979 οὐδεὶς
955 916 1286 988 ἐπιγινώσκει
1359 918 1444 968 τόν
1521 918 1638 968 Υἱόν
1714 913 1757 966 εἰ

159 1015 228 1081 μὴ
260 1011 285 1062 6
317 1013 518 1082 Πατὴρο
553 1006 677 1062 οὐδὲ
713 1011 800 1061 τόν
843 1011 1048 1080 Πατέρα
1091 1026 1165 1067 τις
1191 1005 1523 1077 ἐπιγινώσκει
1550 1004 1592 1057 si
1621 1008 1691 1076 μὴ
1729 1002 1754 1054 6

156 1102 292 1160 Υἱός.

234 1192 333 1242 Καὶ
363 1220 431 1228 -
475 1187 766 1263 προϐάτων.
797 1191 902 1246 Τὴν
930 1187 1116 1258 ψυχήν
1151 1205 1252 1257 μου
1295 1187 1500 1257 τίθημι,
1539 1183 1750 1256 ἀφίημι,

158 1276 474 1336 ἀποθνήσκω
511 1279 636 1352 ὑπὲρ
677 1286 776 1329 τῶν
815 1276 1087 1351 προϐάτων
1137 1277 1206 1336 ὡς
1253 1275 1408 1326 ὄντων
1455 1271 1601 1326 ἰδίων
1631 1289 1749 1344 μου·

156 1368 182 1418 6
224 1363 284 1420 δὲ
320 1365 506 1428 πλάνος
535 1366 628 1418 οὐκ
659 1368 718 1418 οἶν
748 1365 910 1418 ἕλοιτο
959 1363 1230 1418 ἀποθανεῖν
1263 1365 1388 1436 ὑπὲρ
1430 1371 1528 1416 τῶν
1558 1361 1751 1414 πλανω-

156 1460 319 1528 μένων
348 1455 472 1528 παρ’
500 1455 679 1510 αὐτοῦ.

236 1548 334 1596 Καὶ
366 1547 672 1604 -ταύτης,
712 1551 818 1605 Τῆς
853 1551 944 1596 τοῦ
979 1549 1262 1596 Μωσαῑκοῦ
1291 1546 1470 1613 νόμου.
1507 1544 1660 1611 Λέγει
1696 1537 1756 1592 δὴ

157 1638 276 1706 περὶ
299 1642 396 1685 τῶν
423 1631 476 1696 ἐξ
505 1632 676 1687 ἐθνῶν.

234 1719 454 1773 Κάκείνά
501 1741 563 1793 με
612 1717 693 1774 δεῖ
740 1719 970 1792 ἀγαγεῖν.
1024 1726 1334 1791 Συναγαγεῖν
1365 1720 1464 1771 ὑπὸ
1504 1723 1598 1777 τὴν
1629 1717 1754 1790 ἐμὴν

155 1814 521 1880 ποιμαντικήν.

231 1905 329 1952 Καὶ
437 1931 500 1941 -
603 1898 940 1952 ἀκούσουσιν.
1043 1899 1450 1963 ’ὶ’πακουσουσι,
1536 1898 1755 1956 πεισθηο

157 2008 357 2040 σονται.

230 2082 329 2129 Καὶ
365 2109 424 2117 -
452 2082 667 2149 ποίμνη.
711 2076 806 2129 ’Ἐκ
836 2095 889 2130 τε
916 2087 1014 2129 τῶν
1045 2071 1316 2130 Ἰουδαίων
1346 2081 1435 2129 καὶ
1460 2085 1560 2128 τῶν
1601 2075 1754 2130 ἐθνῶν

160 2167 500 2236 συναφθεῖσα.

230 2251 310 2315 Εἷς
348 2260 563 2327 ποιμήν.
595 2257 798 2308 Τούτων
824 2275 877 2307 τε
906 2255 1152 2307 κάκείνων
1183 2257 1208 2307 6
1244 2259 1496 2329 Χριστός.

229 2435 322 2486 Διά
343 2442 494 2487 τοῦτο
538 2465 600 2474 -
630 2454 750 2506 μου.
779 2433 898 2486 Ὀτι
929 2433 1245 2492 ἀποθνήσκω
1273 2435 1399 2508 ὑπὲρ
1431 2443 1530 2486 τῶν
1560 2433 1754 2508 προϐά-

155 2542 252 2572 των
282 2531 378 2574 τῶν
409 2523 564 2594 ἐμῶν,
594 2527 757 2576 εἴτουν
793 2532 887 2575 τῶν
918 2525 1098 2576 αὐτου*
1142 2526 1221 2576 ὅτι
1261 2524 1367 2595 εἰμὶ
1397 2523 1754 2596 φιλάνθρωπος

153 2615 217 2670 ως
248 2611 421 2672 αὐτός.
456 2614 797 2685 Οἰκονομικὸς
821 2616 911 2684 μὲν
933 2609 1020 2664 οὖν
1045 2614 1070 2664 6
1091 2612 1259 2683 λόγος·
1285 2611 1517 2684 ἐμφαίνει
1534 2609 1593 2665 δὲ
1615 2615 1754 2685 ὅμως

152 2705 209 2752 τό
244 2697 353 2752 ἴσον
377 2700 588 2773 ἀμφοῖν.

220 2881 282 2929 Τί
338 2872 462 2941 οὖν;
506 2879 747 2947 πρότερον
807 2873 900 2925 οὐκ
957 2874 1242 2944 ἡγαπᾶτο;
1300 2877 1440 2927 Πάνυ
1497 2879 1588 2948 μὲν
1639 2873 1748 2945 οὖν,

148 2963 256 3016 ἐπεὶ
293 2970 383 3016 καὶ
426 2964 564 3028 Υἱός,
625 2967 710 3014 καὶ
757 2961 1045 3032 ἀγαπητός,
1095 2968 1184 3014 καὶ
1239 2973 1398 3015 ποιῶν
1442 2968 1500 3016 τό
1555 2965 1751 3036 θέλημα

149 3063 239 3104 τοῦ
296 3058 512 3126 Πατρός.
567 3056 690 3124 Περὶ
741 3051 900 3103 αὐτοῦ
951 3055 1050 3125 γὰρ
1102 3048 1235 3104 εἶπεν
1286 3054 1312 3104 6
1346 3058 1542 3124 Πατήρ·
1587 3055 1751 3114 Οὗτός

1867 572 2002 612 rum
2042 555 2378 624 cognitione
2402 555 2578 626 longe
2608 554 3000 622 differentem,
3045 569 3216 609 suam
3256 553 3524 626 aequavit

1867 645 2192 715 cognitioni
2221 645 2405 700 Patris
2442 644 2649 700 dicens
2675 662 2688 697 :

1941 735 2102 790 Vers.
2156 736 2242 790 15.
2289 735 2461 792 Sicut
2502 765 2569 774 —
2617 733 2876 790 Patrem.
2922 732 3334 803 Cognitionem
3379 732 3524 789 dicit

1866 837 2020 888 eam,
2048 840 2178 896 quae
2205 824 2539 879 secundum
2568 827 2963 884 naturamest,
2995 823 3065 876 de
3090 838 3214 894 qua
3231 823 3411 878 etiam
3438 823 3521 878 vi-

1865 913 2088 968 cesimo
2112 914 2283 985 juxta
2303 913 2638 969 Matthaeum
2662 913 2851 983 capite
2869 912 3016 968 dixit
3045 929 3058 966 :
3090 913 3278 968 Nemo
3307 927 3521 982 cogno-

1862 1003 1969 1058 scit
2008 1003 2230 1059 Filium
2249 1004 2364 1059 nisi
2391 1005 2592 1068 Pater,
2617 1018 2800 1074 neque
2828 1004 3070 1059 Patrem
3099 1003 3411 1074 quisquam
3432 1017 3519 1059 co-

1861 1093 2110 1163 gnoscit,
2138 1093 2256 1149 nisi
2284 1092 2470 1148 Filius
2493 1093 2560 1146 ¹¹.

1933 1182 2102 1237 Vers.
2135 1187 2216 1237 15.
2247 1183 2328 1236 Et
2362 1212 2422 1222 —
2449 1181 2674 1238 ovibus.
2711 1211 2778 1222 —
2809 1179 3088 1236 Animam
3119 1195 3306 1236 meam
3336 1195 3515 1250 pono,

1861 1269 2157 1342 relinquo,
2188 1271 2406 1326 morior
2437 1285 2545 1341 pro
2569 1269 2806 1335 ovibus,
2842 1273 3042 1340 utpote
3069 1285 3178 1340 pro
3211 1269 3358 1326 meis
3389 1286 3400 1324 :
3431 1285 3518 1326 se-

1863 1359 2076 1417 ductor
2104 1375 2242 1416 vero
2273 1375 2658 1432 nequaquam
2687 1359 2833 1415 mori
2875 1359 3036 1430 eligit
3075 1375 3182 1432 pro
3221 1359 3335 1426 his,
3355 1359 3459 1432 qui
3487 1375 3517 1414 a

1864 1464 1926 1504 se
1951 1449 2342 1505 seducuntur.

1939 1538 2096 1594 Vers.
2145 1538 2225 1594 16.
2257 1539 2332 1594 Et
2377 1569 2443 1578 —
2478 1539 2606 1594 hoc.
2639 1537 2788 1595 Ovili
2820 1537 3087 1594 Mosaicae
3124 1537 3310 1610 legis:
3375 1537 3520 1595 dicit

1864 1635 2060 1685 autem
2084 1629 2158 1684 de
2189 1627 2486 1698 gentibus.

1937 1718 2102 1773 Vers.
2161 1721 2243 1773 t6.
2305 1717 2450 1774 Ilias
2491 1732 2722 1789 quoque
2775 1724 3004 1788 oportet
3062 1732 3153 1774 me
3203 1716 3517 1776 adducere.

1792 1817 1834 1872 Β
1866 1805 2241 1878 Congregare
2272 1805 2385 1862 sub
2417 1822 2615 1862 meam
2636 1807 2919 1878 pascendi
2947 1807 3302 1862 doctrinam.

1935 1896 2101 1952 Vers.
2143 1898 2223 1951 16.
2266 1895 2435 1952 Et—
2462 1895 2730 1953 audient.
2771 1895 3079 1963 Obedient,
3115 1895 3439 1968 parebunt.

1937 2076 2096 2131 Vers.
2154 2075 2239 2129 16.
2289 2075 2369 2131 Et
2420 2106 2489 2114 —
2523 2088 2696 2145 grex.
2741 2077 2821 2130 Ex
2857 2073 3086 2131 Judaeis
3134 2079 3190 2131 et
3239 2074 3519 2145 gentibus

1864 2169 2287 2235 congregatus.

1936 2257 2097 2312 Vers.
2139 2255 2222 2310 16.
2262 2255 2425 2312 Unus
2461 2260 2690 2324 pastor.
2736 2254 2956 2310 Horum
2997 2259 3054 2310 et
3077 2253 3315 2311 illorum
3354 2254 3520 2311 Chri-

1864 2351 2012 2402 stus.

1938 2435 2098 2490 Vers.
2140 2439 2222 2490 t7.
2270 2436 2588 2502 Propterea
2615 2465 2682 2473 —-
2710 2447 2921 2490 meam.
2963 2433 3111 2498 Quia
3151 2433 3378 2489 morior
3407 2449 3518 2506 pro

1863 2524 2078 2580 ovibus
2092 2524 2259 2589 meis,
2283 2539 2420 2595 quae
2440 2524 2618 2578 etiam
2645 2523 2836 2594 ipsius
2859 2523 3175 2595 sunt,quia
3205 2523 3518 2579 hominum

1861 2619 2096 2668 amator
2134 2629 2291 2677 sum,
2333 2611 2487 2667 sicut
2523 2616 2578 2667 et
2609 2612 2757 2683 ipse.
2793 2611 3281 2682 Dispensatorius
3317 2611 3518 2684 itaque

1861 2716 2059 2757 sermo
2098 2706 2204 2766 est,
2247 2701 2352 2773 qui
2383 2699 2770 2756 nihilominus
2795 2699 3118 2756 amborum
3147 2699 3518 2757 demonstrat

1861 2789 2260 2862 aequalitatem
2275 2834 2288 2846 .

1931 2879 2078 2944 Quid
2094 2878 2276 2947 ergo?
2294 2878 2460 2950 prius
2474 2892 2595 2933 non
2609 2875 2967 2949 diligebatur
2981 2878 3009 2933 ?
3024 2877 3231 2949 Utique
3243 2877 3516 2941 omnino.

1858 2967 2002 3038 quia
2015 2968 2193 3022 Filius
2206 2967 2544 3032 etdilectus,
2562 2965 2904 3038 faciensque
2921 2965 3107 3022 Patris
3122 2966 3511 3023 voluntatem.

1861 3058 2007 3111 Nam
2038 3057 2112 3111 de
2133 3057 2540 3112 eodixitPater
2563 3072 2575 3108 :
2603 3056 2717 3110 llic
2743 3063 2825 3112 est
2849 3056 3043 3112 Filius
3069 3071 3231 3113 meus
3247 3056 3510 3122 dilectus,

151 3141 287 3192 ἐστιν
341 3143 366 3192 ὁ
431 3143 542 3199 Υἱός
599 3159 698 3210 μου
757 3141 781 3190 ὸ
857 3137 1145 3210 ἀγαπητὸς,
1230 3139 1278 3192 ἐν
1355 3139 1395 3212 ᾧ
1460 3139 3512 3225 εὐδόκησα.ρἱηᾳιιοηιίὴίοοηψιαείειιηιεει¹²;εθάὴοοιθηρυεωηο-

150 3230 304 3280 Ἀλλά
370 3238 520 3280 τοῦτο
572 3233 661 3299 μὲν
716 3230 784 3289 ὡς
861 3233 1117 3300 γνώριμον
1185 3236 1403 3300 παρῆκεο
1487 3226 1751 3302 διαφόρως

145 3323 247 3392 γὰρ
311 3324 426 3392 περὶ
478 3321 664 3369 τούτου
718 3313 956 3378 ἐδίδαξεν
1012 3315 1059 3367 ἐν
1113 3316 1286 3377 ἄλλοις
1338 3337 1392 3369 τε
1439 3323 1526 3369 καὶ
1575 3317 1623 3369 ἐν
1673 3319 1750 3380 οἷς

146 3409 330 3479 ἔλεγεν,
373 3409 453 3460 ὃτι
497 3407 556 3458 Ὀ
606 3411 783 3477 Πατὴρ
838 3405 970 3477 φιλεῖ
1024 3408 1110 3456 τὸν
1162 3408 1276 3458 Υίόν
1363 3411 1481 3478 περὶ
1539 3403 1598 3460 δὲ
1654 3416 1748 3470 τῆς

147 3495 241 3551 διὰ
297 3501 382 3549 τόν
435 3498 561 3570 ὑπὲρ
620 3503 716 3547 τῶν
767 3493 1048 3568 ἀνθρώπων
1101 3495 1318 3547 θάνατον
1367 3493 1573 3566 ἀγάπης
1617 3501 1747 3567 φησὶ

143 3595 251 3638 νυν.

213 3676 322 3730 Ἰνα
380 3675 532 3728 πάλιν
596 3673 736 3726 λάϐω
799 3673 981 3732 αὐτήν.
1051 3672 1329 3728 Κάνταῦθα
1385 3677 1441 3725 τὸ
1504 3675 1587 3726 ἱνα
1651 3675 1744 3728 οὐκ

142 3770 280 3819 ἔστιν
319 3765 686 3836 αἰτιολογικόν,
733 3763 860 3816 ἀλλά
908 3759 1194 3822 δηλωτικόν
1248 3772 1338 3815 τοῦ
1381 3765 1583 3826 πάντως
1624 3766 1740 3818 ἐσο-

139 3861 311 3928 μένου.
368 3855 443 3906 Οὐ
501 3858 601 3926 γὰρ
653 3850 744 3906 διὰ
797 3861 950 3906 τοῦτο
1004 3855 1213 3910 τίθησιν
1272 3855 1355 3904 ἱνα
1404 3853 1558 3906 πάλιν
1605 3854 1737 3928 λάϐῃ

138 3946 321 4003 αὐτὴν
357 3943 485 3995 ἀλλά
513 3945 696 4000 τίθησι
734 3945 823 4014 μὲν
853 3944 978 4014 ὑπὲρ
1008 3950 1096 3994 τοῦ
1125 3948 1346 4014 κόσμου,
1387 3941 1635 4015 λαμϐάνει
1681 3942 1740 3998 δὲ

138 4034 300 4092 αὐτὴν
331 4035 456 4106 ὑπὲρ
487 4040 575 4083 τοῦ
607 4039 825 4102 φανῆναι
855 4033 932 4082 ὅτι
955 4034 1083 4093 Θεὸς
1112 4029 1270 4085 ἐστιν.

211 4119 402 4182 Οὐδεὶς
439 4151 482 4160 -
529 4119 675 4191 ἐμοῦ.
718 4118 985 4185 Ἂκοντος,
1017 4121 1176 4191 ἠγουν
1216 4117 1391 4182 οὐδεὶς
1435 4140 1497 4193 με
1527 4123 1740 4174 θανατοί

135 4215 207 4282 μὴ
240 4207 567 4280 βουλόμενον.

209 4298 340 4350 Ἀλλ’
372 4329 430 4338 -
475 4296 622 4370 ἐμοῦ,
661 4297 962 4361 Ἑκουσίως,
1002 4301 1071 4360 ὡς
1102 4298 1475 4373 φιλάνθρωπος.
1524 4296 1733 4352 Ἐνδια-

134 4386 296 4459 τρίϐει
347 4383 403 4438 δὲ
448 4394 518 4456 τῷ
565 4387 720 4458 λόγῳ,
770 4383 940 4446 δηλῶν
974 4392 1058 4439 τόν
1109 4385 1204 4440 διὰ
1243 4396 1474 4461 σταυροῦ
1516 4389 1732 4441 θάνατον

133 4476 291 4527 αὑτοῦ
322 4481 407 4528 καὶ
439 4481 529 4533 τὴν
561 4475 614 4527 ἐκ
643 4487 828 4550 νεκρῶν
859 4475 1166 4532 ἀνάστασιν.

207 4650 473 4714 Ἐξουσίαν
524 4684 585 4693 —
619 4652 798 4710 αὐτήν.
849 4652 1115 4713 Ἐξουσίαν
1147 4654 1255 4722 ἔχω
1286 4654 1350 4712 ὡς
1381 4655 1504 4713 Θεὸς
1549 4673 1728 4706 παντεο

129 4740 336 4804 ξούσιος
364 4747 452 4792 καὶ
484 4738 896 4809 παντοδύναμος.
933 4743 1126 4792 Λοιπὸν
1158 4740 1244 4792 οὖν
1269 4742 1487 4811 μάταιος
1517 4742 1542 4793 6
1574 4763 1730 4805 πονος

128 4838 236 4892 τοῖς
271 4830 714 4894 ἐπιϐουλεύουσιν,
767 4827 890 4900 ἐμοῦ
921 4834 990 4901 μὴ
1030 4829 1274 4890 θέλοντος,
1321 4830 1364 4881 εἰ
1393 4836 1481 4882 καὶ
1513 4831 1726 4904 ὕστερον

126 4923 176 4970 οἵ
207 4918 446 4972 ἀσύνετοι
471 4916 808 4980 ὀνειδίζοντες
837 4917 1024 4990 ἔλεγον
1059 4917 1278 4980 ’Ἄλλους
1304 4921 1514 4988 ἔσωσεν,
1547 4920 1725 4973 ἑαυτὸν

127 5007 186 5059 οὐ
220 5005 439 5059 δύναται
468 5017 658 5060 σῶσαι.

196 5185 400 5240 Ταύτην
432 5213 496 5224 -—
523 5204 642 5256 μου.
685 5189 754 5238 Τό
787 5188 947 5238 θεῖναι
979 5191 1070 5244 τὴν
1101 5186 1287 5256 ψυχήν
1320 5207 1419 5258 μου
1470 5189 1594 5261 ὑπὲρ
1628 5197 1724 5239 των

124 5271 415 5345 προϐάτων,
451 5276 506 5324 τό
538 5272 808 5327 ἀποθανεῖν
841 5277 965 5348 ὑπὲρ
1017 5283 1106 5328 τοῦ
1153 5280 1376 5346 κόσμου.
1435 5279 1530 5328 Διά
1573 5285 1724 5330 τοῦτο

120 5363 219 5434 γὰρ
265 5360 455 5414 ἀνεῖλον
513 5361 687 5425 αὐτόν,
742 5359 882 5415 διότι
929 5361 1183 5416 ἐδίδασκε
1231 5368 1350 5425 τοὺς
1402 5363 1722 5439 ἀνθρώπους,

119 5455 210 5503 καὶ
257 5449 433 5522 ἐξῆγεν
463 5451 646 5511 αὐτοὺς
691 5449 791 5503 ἀπὸ
824 5457 1038 5512 σκότους
1074 5453 1144 5514 αἱς
1184 5461 1303 5523 φῶς,
1334 5451 1434 5506 ἀπό
1467 5454 1726 5529 ἁμαρτίας

120 5539 195 5602 εἰς
219 5538 426 5614 ἀρετὴν,
457 5539 558 5592 ἀπό
600 5541 820 5592 θανάτου
844 5541 911 5601 εἰς
937 5541 1096 5601 ζωήν.

193 5667 234 5704 ¹¹
264 5666 471 5726 Matth.
511 5683 594 5732 Ii,
630 5668 717 5722 27.
835 5667 874 5704 ¹²
904 5665 1100 5725 Matth.
1134 5683 1214 5732 ιιι,
1243 5668 1331 5725 11.

1445 5671 1490 5707 ¹³
1515 5672 1683 5728 Joan.
1719 5672 1783 5739 V,
1813 5676 1903 5731 20.

1861 3238 1985 3287 tum
2015 3234 2410 3303 praetermisit,
2440 3249 2582 3287 nam
2605 3233 2785 3288 variis
2806 3234 2863 3288 in
2890 3234 3034 3288 locis
3060 3234 3133 3288 de
3157 3235 3269 3290 hoc
3290 3235 3510 3298 docuit,

1861 3328 1983 3376 tum
1999 3321 2142 3376 alibi
2162 3327 2278 3375 tum
2295 3323 2474 3377 etiam
2491 3319 2586 3375 ubi
2601 3321 2750 3376 dixit
2765 3338 2776 3376 :
2793 3322 2976 3380 Pater
2990 3322 3181 3391 diligit
3203 3323 3426 3379 Filium
3440 3325 3508 3375 ¹³.

1856 3412 2024 3465 Nunc
2054 3426 2187 3464 vero
2226 3409 2295 3466 de
2334 3426 2406 3464 ea
2457 3409 2788 3466 dilectionis
2829 3426 3008 3466 causa
3035 3410 3321 3483 loquitur,
3348 3412 3512 3483 quod

1855 3515 1964 3572 pro
1993 3499 2341 3556 hominibus
2387 3498 2692 3556 moriatur.

1926 3679 2092 3735 Vers.
2123 3679 2208 3734 17.
2264 3681 2337 3736 Ut
2391 3678 2606 3734 iterum
2655 3692 2874 3735 sumam
2917 3692 3064 3735 eam.
3116 3679 3180 3734 In
3220 3679 3334 3736 boc
3358 3694 3505 3752 quo-

1849 3783 1968 3839 que
1992 3767 2120 3823 loco
2149 3769 2217 3826 Ut
2274 3784 2393 3823 non
2419 3774 2504 3823 est
2541 3767 2824 3835 causalis,
2853 3768 2955 3824 sed
2986 3767 3348 3824 declarativa
3377 3769 3506 3840 ejus

1848 3857 2006 3928 quod
2033 3857 2282 3912 omnino
2305 3857 2569 3912 futurum
2593 3863 2699 3912 est.
2720 3859 2918 3929 Neque
2944 3857 3105 3914 enim
3128 3863 3372 3930 propter
3389 3857 3505 3915 hoc

1849 3948 2031 4017 ponit,
2050 3951 2108 4002 ut
2132 3947 2345 4002 iterum
2376 3950 2578 4003 sumat
2598 3946 2780 4010 illam,
2809 3948 2912 4002 sed
2933 3947 3098 4018 ponit
3117 3947 3363 4019 quidem
3393 3962 3502 4019 pro

1848 4035 2077 4090 mundo
2121 4051 2134 4101 ;
2163 4035 2342 4090 sumit
2364 4041 2585 4101 autem,
2621 4043 2684 4090 ut
2713 4051 2774 4090 se
2808 4035 2992 4091 Deum
3027 4037 3390 4112 manifestet.

1919 4126 2077 4178 Vers.
2135 4124 2215 4178 t8.
2274 4125 2456 4180 Nemo
2510 4155 2578 4165 —
2630 4139 2739 4180 me.
2797 4126 2999 4193 invito,
3035 4125 3150 4180 hoc
3179 4131 3287 4189 est,
3320 4140 3500 4181 nemo

1846 4228 1940 4267 me
1977 4211 2149 4268 morti
2183 4212 2354 4268 tradit
2392 4213 2714 4268 nolentem.

1915 4302 2081 4358 Vers.
2111 4305 2192 4356 t8.
2221 4301 2330 4357 Sed
2354 4332 2418 4342 —
2443 4302 2684 4371 meipso.
2710 4302 3043 4366 Ultroneus,
3072 4307 3363 4374 tanquam
3394 4301 3499 4359 bo-

1843 4389 2073 4444 minum
2101 4395 2350 4445 amator.
2383 4390 2647 4446 Sermoni
2674 4397 2875 4446 autem
2908 4389 3284 4456 immoratur,
3319 4390 3496 4462 signi-

1840 4477 2029 4533 ﬁcans
2048 4489 2299 4533 mortem
2321 4495 2516 4548 suam,
2534 4495 2670 4551 quas
2702 4495 2806 4548 per
2827 4494 3064 4534 crucem
3086 4478 3284 4536 futura
3307 4485 3415 4548 est,
3441 4485 3500 4537 et

1840 4567 2330 4624 resurrectionem
2373 4585 2446 4624 ex
2472 4569 2748 4626 mortuis.

1911 4656 2070 4712 Vers.
2107 4657 2174 4712 18
2248 4660 2598 4714 Potestatem
2625 4689 2690 4698 —
2744 4673 2943 4714 meam.
2996 4659 3352 4714 Potestatem
3391 4658 3494 4715 ha-

1837 4743 1950 4800 beo
1977 4752 2263 4816 tanquam
2287 4747 2440 4802 Deus
2459 4746 2860 4818 omnipotens,
2880 4763 3245 4819 omnemque
3264 4747 3495 4803 habens

1844 4835 2134 4890 virtutem.
2161 4835 2326 4890 Vane
2347 4837 2527 4905 igitur
2556 4853 2626 4892 ac
2657 4838 2871 4892 frustra
2892 4836 3167 4892 laborant
3192 4836 3495 4893 insidiato-

1835 4938 1947 4988 res,
1979 4939 2071 4978 me
2103 4923 2371 4979 nolente:
2395 4941 2750 4997 quanquam
2776 4925 3162 4996 postmodum
3185 4925 3493 4981 dementes

1836 5013 2247 5083 exprobrando
2282 5013 2557 5070 dicebant
2598 5031 2611 5069 :
2644 5015 2800 5070 Alios
2844 5013 3032 5071 salvos
3056 5015 3221 5086 fecit,
3245 5015 3492 5086 seipsum

1836 5117 1954 5156 non
1985 5108 2170 5169 potest
2194 5105 2430 5160 salvum
2460 5104 2661 5171 facere
2682 5106 2751 5159 ¹⁴.

1906 5192 2074 5246 Vers.
2114 5194 2200 5250 18.
2243 5193 2370 5248 Hoc
2397 5223 2468 5235 —
2515 5208 2661 5249 meo.
2691 5195 2761 5250 Ut
2789 5207 3016 5264 ponam
3055 5193 3320 5251 animam
3378 5207 3489 5266 pro

1835 5279 2067 5346 ovibus,
2089 5287 2148 5336 ut
2171 5270 2512 5354 moriar-pro
2535 5283 2780 5338 mundo.
2800 5284 2951 5338 Nam
2973 5289 3290 5356 propterea
3321 5281 3490 5339 illum

1835 5368 2199 5435 occiderunt,
2223 5371 2386 5442 quod
2413 5371 2693 5427 homines
2716 5372 2991 5440 docebat,
3024 5379 3081 5431 et
3113 5373 3241 5430 illos
3271 5389 3303 5430 e
3335 5378 3493 5429 tene-

1836 5457 1957 5512 bris
1988 5458 2283 5514 educebat
2311 5459 2388 5515 ad
2415 5460 2631 5529 lucem,
2683 5478 2718 5516 a
2748 5467 2986 5534 peccato
3012 5463 3088 5519 ad
3126 5462 3424 5529 virtutem,
3455 5477 3493 5518 a

1836 5554 2024 5603 morte
2055 5547 2130 5603 ad
2159 5553 2362 5604 vitam.

2021 5675 2066 5710 “
2093 5674 2294 5735 Matth.
2336 5693 2507 5744 xxvu,
2540 5680 2628 5734 42.
