4088 6436
169 357 324 416 ’1333

183 498 359 556 φασιν·
415 487 532 537 οὔτε
599 476 700 556 γὰρ
774 482 923 538 αύτοὶ
979 491 1073 548 τῆς
1148 488 1331 547 κακίας
1400 484 1604 558 ἔληγον,
1665 482 1782 538 ὀὔτ’
1815 485 1862 538 Α

183 574 338 638 αύτός
375 581 465 634 τῆς
500 572 827 636 ἀνεξικακίας
839 617 852 629 .

261 756 358 805 Καὶ
387 751 557 825 ἔλεγον
591 751 750 825 αύτῷ.
771 751 1028 815 ’Υπούλως
1056 758 1147 806 καὶ
1177 749 1419 828 δολερῶς.

254 929 387 992 Ἐως
471 962 541 974 -
636 935 841 1007 αἴρεις;
928 932 1159 1007 Λίωρεῖς,

182 1025 407 1083 πίστεως
439 1021 550 1094 (t6)
573 1027 664 1075 καὶ
688 1021 958 1085 ἀπιστίας.

1257 931 1504 1009 ὼαρτᾴς,
1584 931 1777 1005 μεταξύ

257 1200 316 1252 Εἰ
371 1231 436 1242 —
483 1200 779 1276 παρῥησίᾳ.
832 1207 1082 1275 Φανερῶς,
1144 1200 1614 1274 ἀπαρακαλύπτως.
1653 1206 1774 1254 Καί-

181 1309 262 1341 τοι
307 1299 476 1362 σαφῶς
511 1293 788 1361 ἐγίνωσκον
823 1293 903 1344 ὅτι
938 1299 1090 1344 τοῦτο
1134 1291 1288 1363 λέγει·
1328 1294 1414 1344 Διό
1457 1295 1545 1343 καὶ
1582 1291 1778 1366 προλα-

181 1378 353 1440 ϐόντες
427 1386 813 1452 συνεφώνησαν,
894 1379 1024 1445 Ἵνα,
1105 1379 1186 1432 ἐάν
1262 1400 1342 1442 τις
1415 1379 1570 1432 αὐτὸν
1651 1382 1778 1451 ὁμο-

179 1466 384 1540 λογήσῃ
480 1473 728 1543 Χριστὸν,

179 1565 268 1609 νῦν
309 1563 470 1628 σκαιᾷ
511 1564 690 1632 γνώμη
747 1566 898 1611 τοῦτο
955 1558 1205 1632 ἐρωτῶσι,
1239 1557 1544 1632 βουλόμενοι
1592 1577 1776 1633 προσε-

829 1467 1235 1541 ἀποσυνάγωγος
1312 1474 1558 1541 γένηται.⁴
1622 1468 1778 1522 Ἀλλὰ

178 1654 419 1721 ρωτῆσαι
474 1649 626 1700 ποθεν
676 1655 826 1700 τούτο
877 1646 1032 1719 λέγει,
1068 1649 1168 1714 ἶνα,
1198 1647 1586 1722 προϐαινούσης
1642 1648 1776 1699 ούτω

179 1743 275 1798 τῆς
337 1737 696 1805 συζητῆσεως,
750 1736 1036 1809 φθέγξηταί
1113 1756 1162 1789 τι
1233 1741 1367 1809 μέγα
1444 1737 1598 1789 πάλιν
1660 1741 1777 1808 περὶ

178 1823 382 1890 ἑαυτοῦ,
425 1830 516 1878 καὶ
561 1825 790 1878 λάϐωσιν
837 1825 1096 1900 ἀφορμὴν,
1131 1829 1199 1888 ὡς
1240 1830 1460 1898 ι’ἵρηται’
1504 1825 1661 1888 αὐτὸς
1695 1823 1773 1891 δὲ,
1812 1843 1856 1899 Β

174 1920 446 1984 γινώσκων
504 1919 598 1972 τὴν
657 1918 902 1972 τοιαύτην
960 1921 1229 1987 μηχανὴν,
1281 1912 1405 1968 οὐδὲ
1433 1923 1521 1967 νύν
1573 1914 1777 1986 ἐλέγχει

176 2006 391 2064 τούτους
441 2005 798 2076 πειράζοντας,
842 2001 1103 2056 παιδεύων
1151 2009 1221 2076 μὴ
1272 2007 1442 2056 πάντα
1495 2007 1614 2066 τούς
1672 2003 1780 2056 im-

177 2089 512 2152 ϐουλεύοντας
581 2092 833 2164 ἐλέγχειν,
895 2091 1020 2144 ἀλλά
1080 2095 1429 2168 μακροθύμως
1493 2098 1658 2169 φέρειν
1714 2095 1779 2146 τά

177 2179 362 2235 πολλά.

254 2364 346 2412 Καὶ
393 2361 486 2412 οὐκ
537 2357 662 2414 εἰπε·
721 2367 832 2422 Πῶς
887 2364 956 2420 ὡς
1009 2362 1120 2431 (i7)
1177 2360 1480 2424 ἀξιόπιστον
1538 2359 1774 2436 ἱρωτᾶτε,

177 2450 236 2502 οἱ
290 2455 384 2508 τὴν
437 2455 729 2525 μαρτυρίαν
779 2446 1208 2523 ἀπεδοκιμάσατε
1240 2450 1463 2522 λέγοντες
1504 2469 1516 2480 ⁸
1565 2455 1630 2503 Σύ
1665 2456 1780 2524 περὶ

179 2547 400 2591 σεαυτοῦ
469 2546 751 2614 μαρτυρεῖς

178 2627 373 2690 ἀληθής
403 2646 416 2659 °
467 2628 521 2680 ὃν
558 2628 833 2682 ἐκαλέσατε
889 2631 1184 2702 παράνομον
1249 2633 1339 2681 καὶ
1400 2627 1620 2682 ἀντίθεον
1688 2635 1778 2682 καὶ

818 2555 836 2573 ο
892 2541 923 2598 ἡ
990 2545 1256 2614 μαρτυρία
1317 2559 1412 2592 σου
1475 2539 1570 2592 ούκ
1619 2543 1778 2611 ῗέστιν

179 2717 366 2770 πλάνον
404 2723 495 2770 καὶ
539 2717 864 2791 ἁμαρτωλὸν,
919 2724 1008 2770 καὶ
1057 2723 1398 2792 Σαμαρείτην,
1449 2725 1540 2772 καὶ
1589 2716 1776 2792 δαιμοο

173 2816 340 2860 νὼντα
413 2813 503 2860 καὶ
574 2813 898 2879 μαινόμενον,
948 2813 1038 2861 καὶ
1089 2808 1252 2860 πολλά
1304 2817 1542 2873 τοιαῦτα,
1597 2809 1649 2862 ὃν
1701 2809 1775 2862 λι-

177 2899 357 2957 θάζετε
417 2902 506 2949 καὶ
580 2894 794 2950 διώκετε
858 2902 948 2950 καὶ
1023 2897 1210 2950 ἀνελεῖν
1281 2898 1584 2969 ἐπιίγισ6ε;
1635 2899 1771 2953 Ἀλλ’

174 2983 326 3038 οὐδὲν
374 2993 604 3038 τοιοῦτον
657 2982 813 3050 εἶπεν,
871 2983 986 3038 οὐδ’
1030 2986 1442 3058 ἐμνησικάκησε,
1499 2985 1774 3040 διδάσκων

176 3073 466 3144 ἀμνηστίαν
538 3083 637 3125 τῶν
706 3077 1008 3146 φθασάντων
1074 3075 1557 3146 καταψηφίζεσθαισ
1617 3081 1776 3149 πραό-

174 3181 304 3215 τατα
343 3159 402 3214 δε
430 3167 558 3237 πρός
591 3167 679 3221 τὸν
710 3162 961 3234 ἐρώτησιν
1000 3165 1351 3237 ἀποκρίνεται.

1814 3193 1856 3250 C

242 3434 307 3482 Σύ
341 3426 400 3483 δέ
456 3447 545 3502 μοι
592 3433 774 3482 σκόπει
812 3433 868 3482 τὸ
911 3425 1318 3503 διεστραμμένον
1361 3437 1450 3483 καὶ
1484 3431 1766 3503 φιλόνεικον

170 3529 268 3572 τῶν
301 3515 592 3572 Ἰουδαίων.
639 3518 800 3571 Ὀταν
827 3522 916 3590 μεν
947 3523 1046 3594 γὰρ
1093 3516 1371 3593 δημηγορῇ
1407 3526 1496 3572 καὶ
1545 3517 1638 3572 διὰ
1679 3521 1768 3574 λό-

167 3630 272 3679 γων
327 3605 588 3680 διδάσκῃ,
638 3608 866 3680 λέγουσι.
903 3614 968 3662 Τί
1023 3617 1236 3682 σημεῖον
1291 3607 1542 3673 δεικνύεις
1594 3613 1761 3683 ἠμῖν;

169 3700 288 3750 ὅταν
323 3694 381 3752 δε
410 3700 781 3772 θαυματουργῇ
815 3703 904 3750 καὶ
953 3694 1047 3750 διὰ
1088 3706 1186 3750 τῶν
1231 3701 1391 3773 ἔργων
1434 3704 1642 3774 παρέχῃ
1677 3702 1765 3761 ra;

170 3784 482 3854 ἀποδείξεις,
513 3787 753 3858 λέγουσιν
788 3805 800 3817 ·
832 3788 889 3841 Εἰ
938 3791 1003 3840 σύ
1042 3784 1090 3840 εἴ
1114 3789 1140 3840 ὀ
1189 3792 1440 3861 Χριστὸς,
1493 3789 1600 3842 εὶπέ
1641 3791 1764 3862 ἡμῖν

168 3876 460 3951 παρρησία.
506 3884 616 3929 Τῶν
663 3876 828 3947 λόγων
882 3873 1266 3943 διδασκόντων,
1311 3881 1438 3951 ἔργα
1493 3882 1714 3941 ζητοῦσι
1747 3896 1762 3912 ⁸

168 3975 267 4018 τών
317 3970 476 4039 ἔργων
537 3965 798 4037 βοώντων,
830 3965 1012 4037 λόγους
1060 3967 1291 4030 αἰτοῦσι,
1340 3972 1469 4041 πρὸς
1511 3972 1566 4020 τὸ
1629 3968 1764 4021 ἐναν-

167 4061 272 4107 τίον
327 4053 404 4106 ἀεὶ
449 4056 720 4115 κακοήθως
765 4057 1151 4128 μεθιστάμενοι.
1181 4057 1324 4109 Ἐπεὶ
1357 4053 1444 4108 οὖν
1486 4055 1658 4119 ἀνοίας
1678 4056 1760 4125 ἧν,

167 4153 267 4196 τῶν
333 4146 493 4214 ἔργων
547 4143 998 4218 ἀνακηρυττόντων
1051 4145 1224 4215 αὑτὸν,
1295 4146 1468 4206 ζητεῖν
1511 4152 1603 4205 τὴν
1662 4147 1763 4200 ἀπὸ

167 4240 267 4285 τῶν
318 4230 480 4303 λόγων
533 4239 820 4306 μαρτυρίαν
851 4248 864 4263 ·
896 4235 992 4307 ὅρα
1046 4243 1157 4297 πῶς
1203 4234 1580 4307 ἀποκρίνεταις
1635 4239 1764 4309 ὁμοῦ

167 4324 256 4394 μὲν
310 4320 562 4392 ἐμφαίνων
619 4324 700 4374 ὅτι
750 4323 855 4394 οὐχ
905 4325 1050 4376 ἕνεκα
1105 4331 1197 4376 τού
1243 4326 1424 4396 μαθεῖν
1457 4323 1716 4397 ἐρωτῶσιν
1745 4344 1758 4360 ·

164 4408 224 4462 ού
271 4413 373 4482 γὰρ
406 4415 739 4463 πιστεύουσιν
774 4429 786 4442 ο
838 4414 967 4484 ὁμού
1000 4409 1059 4465 δε
1090 4409 1261 4471 δηλῶν
1306 4413 1386 4464 ὅτι
1415 4416 1480 4464 τὰ
1522 4415 1646 4486 ἔργα
1675 4415 1762 4466 αὖ·

166 4508 258 4551 τού
289 4501 464 4571 μεῖξον
494 4509 593 4551 τῶν
629 4501 792 4572 λόγων
821 4505 1154 4576 κεκράγασιν.

1801 4569 1846 4624 D

237 4769 521 4842 Ἀπεκρίθη
599 4801 666 4809 —
727 4772 1018 4824 πιστεύετε.
1093 4766 1248 4822 Εἶπον
1314 4771 1434 4842 ὑμῖν
1509 4776 1626 4844 περὶ
1703 4771 1764 4824 οὗ

164 4860 404 4933 ἐρωτᾶτε,
465 4859 522 4911 ού
575 4864 728 4931 μόνον
782 4855 876 4911 διὰ
915 4857 1100 4930 λόγων,
1161 4857 1289 4911 ἀλλά
1335 4864 1424 4912 καὶ
1468 4856 1540 4912 δι’
1579 4863 1759 4935 ἔργων,

1341 5004 1381 5039 ²¹
1417 5004 1583 5060 Joan.
1629 5019 1686 5071 ιι,
1730 5001 1817 5059 18.

165 5006 210 5039 ¹⁹
242 5004 410 5059 Joan.
456 5019 533 5069 lx,
565 5003 655 5058 22.
733 5002 780 5038 ³ο
803 5002 974 5060 Joan.
1021 5017 1138 5071 vm,
1174 5003 1260 5060 13.

1252 354 1605 415 COMMENT.
1650 354 1722 414 ΙΝ
1757 355 2109 415 JOANNEM.
2153 390 2220 400 —
2251 358 2404 414 CAP.
2439 357 2509 416 X.

3398 354 3550 414 ⁷1334

1894 487 2120 540 textum
2153 483 2417 558 aliquem
2442 483 2704 540 invenire
2747 481 3072 556 cupiebant
3098 500 3112 551 ;
3137 497 3332 556 neque
3383 483 3546 540 enim

1891 573 2004 646 ipsi
2034 589 2071 631 a
2123 573 2348 630 malitia
2377 572 2712 637 cessabant,
2767 588 2962 645 neque
3008 573 3200 645 ipsea
3231 571 3546 630 clementia

1889 663 2260 737 quiescebat.

1959 754 2122 809 Vers.
2173 753 2263 807 24.
2327 753 2401 808 Et
2446 752 2728 810 dixerunt
2773 751 2842 807 ei.
2895 751 3318 809 Fraudulenter
3346 756 3404 808 et
3444 751 3543 808 do-

1884 841 2120 988 lOvem.
2193 931 2281 988 24.
2373 933 2681 1005 Quousque
2735 962 2806 976 --
2872 931 3230 1003 suspendis?
3284 933 3542 1004 Suspen-

1886 1037 2016 1077 sum
2065 1037 2136 1078 ac
2173 1021 2424 1078 dubiam
2470 1027 2632 1078 tenes
2687 1021 2836 1078 inter
2889 1021 3068 1078 ﬁdem
3120 1026 3177 1078 et
3231 1021 3540 1078 inﬁdelita-

1884 1113 2025 1168 tem.

1958 1201 2121 1257 Vers.
2171 1204 2258 1257 24.
2302 1202 2367 1257 Si
2415 1232 2482 1243 —
2541 1202 2737 1259 libere.
2791 1201 3115 1268 Manifesta,
3165 1201 3366 1258 verbis
3415 1213 3540 1257 non

1885 1291 2152 1348 obtectis.
2195 1291 2369 1364 Atqui
2400 1291 2570 1363 plane
2592 1293 2876 1362 sciebant,
2912 1292 3078 1366 quod
3103 1291 3218 1348 hoc
3247 1292 3495 1348 dixisset
3519 1305 3534 1346 :

1885 1381 2022 1436 ideo
2078 1382 2256 1436 etiam
2309 1382 2369 1436 in
2433 1381 2848 1453 superioribus
2900 1383 3201 1438 decretum
3256 1381 3535 1446 fecerant,

1893 1471 1964 1527 Ut
2002 1471 2054 1525 si
2082 1471 2213 1542 quis
2255 1472 2636 1539 conﬁteretur
2681 1485 2805 1526 eum
2857 1485 2977 1528 esse
3009 1471 3334 1542 Christum,
3364 1475 3540 1526 extra

1884 1575 2247 1630 synagogam
2265 1560 2574 1629 ejiceretur
2611 1561 2680 1626 ιο,
2709 1559 2817 1615 sed
2865 1575 3024 1615 nunc
3054 1559 3294 1614 sinistra
3341 1562 3540 1614 mento

1885 1649 2000 1704 hoc
2024 1649 2409 1718 interrogant,
2437 1649 2639 1705 audire
2659 1650 2920 1704 volentes
2945 1648 3059 1720 (ῃ),
3091 1647 3402 1721 quomodo
3427 1648 3540 1703 hoc

1885 1738 2126 1805 diceret,
2152 1744 2231 1806 ut,
2246 1738 2642 1809 disputatione
2664 1740 2742 1795 ita
2761 1738 3118 1810 procedente
3135 1738 3364 1808 magni,
3382 1737 3542 1810 quip-

1885 1827 2049 1900 piam
2075 1843 2313 1884 rursum
2345 1828 2417 1883 de
2439 1828 2631 1898 seipso
2656 1828 3016 1900 loqueretur,
3049 1833 3104 1883 et
3134 1827 3536 1893 occasionem,

1888 1923 1951 1972 ut
1975 1917 2197 1972 dictum
2245 1921 2350 1982 est,
2381 1917 2549 1973 illum
2601 1916 3152 1990 comprehendendi
3186 1916 3537 1989 acciperent.

1890 2011 2020 2078 Ipse
2045 2021 2202 2072 vero,
2236 2007 2586 2077 hujusmodi
2618 2007 2858 2076 cognita
2877 2005 3130 2074 vafritie,
3160 2021 3357 2080 neque
3387 2021 3542 2062 nunc

1885 2096 1997 2152 hos
2030 2101 2320 2153 tentantes
2346 2098 2540 2167 arguit
2571 2114 2584 2154 :
2617 2097 2858 2163 docens,
2893 2111 3013 2153 non
3036 2096 3114 2154 ad
3135 2097 3343 2154 omnia
3371 2109 3542 2154 coar-

1888 2186 2162 2255 guendos
2189 2201 2320 2243 esse
2353 2191 2689 2254 tentatores,
2720 2187 2826 2242 sed
2857 2187 3044 2244 multa
3090 2185 3384 2258 patienter
3413 2201 3543 2243 esse

1887 2275 2152 2332 ferenda.

1959 2368 2160 2437 Neque
2179 2364 2326 2420 dixit
2355 2381 2368 2420 :
2395 2364 2708 2430 Quomodo
2731 2381 2824 2421 me
2844 2369 3136 2438 tanquam
3159 2365 3276 2421 ﬁde
3294 2364 3544 2437 dignum

1887 2453 2280 2525 interrogatis,
2303 2455 2396 2525 cuj
2409 2471 2475 2509 us
2488 2455 2897 2510 testimonium
2925 2453 3221 2524 repulistis
3251 2453 3539 2511 dicentes:

1896 2545 1980 2599 Tu
2023 2544 2097 2600 de
2143 2543 2325 2612 teipse
2365 2543 2762 2600 testimonium
2811 2543 3098 2613 perhibes,
3151 2543 3544 2600 testimonium

1887 2640 2055 2689 tuum
2087 2648 2205 2688 non
2232 2639 2320 2689 est
2334 2648 2536 2690 verum
2560 2635 2824 2704 '°;quem
2856 2632 3006 2702 legis
3038 2637 3544 2702 transgressorem

1885 2723 2255 2795 appellastis,
2297 2723 2416 2778 Deo
2463 2721 2827 2778 contrarium
2859 2737 2929 2778 ac
2961 2721 3356 2792 seductorem,
3403 2736 3536 2793 pec-

1883 2817 2167 2876 catorem,
2197 2812 2649 2876 Samaritanum,
2673 2811 3114 2867 dtemoniaeum
3140 2827 3209 2868 ac
3235 2812 3540 2878 insanum,

1884 2901 2222 2974 talibusque
2246 2901 2448 2957 multis
2466 2899 2837 2967 nominibus,
2859 2916 3026 2972 quem
3043 2900 3346 2971 lapidibus
3365 2915 3546 2973 appe-

1885 2989 2003 3045 titis
2033 2995 2087 3045 et
2109 2990 2550 3062 persequimini,
2571 3004 2641 3046 ac
2658 2989 2928 3046 occidere
2959 2989 3249 3045 festinatis
3273 2989 3301 3044 ?
3331 2991 3544 3046 Verum

1885 3079 2030 3134 nihil
2060 3079 2206 3134 dixit
2236 3079 2600 3150 hujusmodi,
2629 3094 2737 3133 nec
2771 3078 3069 3134 malorum
3109 3078 3398 3143 meminit,
3439 3078 3544 3134 do-

1886 3182 2028 3222 cens
2057 3167 2406 3238 injuriarum
2438 3167 2798 3222 oblivionem
2827 3182 2968 3236 erga
2995 3183 3097 3222 eos
3126 3167 3228 3239 qui
3261 3167 3544 3223 condem-

1888 3271 2030 3312 nare
2044 3260 2434 3326 properarent
2452 3256 2551 3325 (z),
2570 3255 2675 3310 sed
2699 3255 3176 3311 mansuetissime
3200 3255 3278 3311 ad
3295 3255 3542 3312 interro-

1889 3344 2189 3413 gationem
2224 3343 2567 3414 respondet.

1955 3435 2037 3488 Tu
2068 3447 2203 3488 vero
2248 3431 2389 3487 mihi
2421 3431 2735 3487 considera
2785 3446 3131 3504 perversam
3181 3447 3248 3488 ac
3301 3440 3542 3489 conten-

1888 3521 2099 3578 tiosam
2123 3521 2465 3576 Judaaorum
2490 3524 2774 3576 mentem.
2797 3519 3102 3593 Siquidem
3129 3521 3377 3592 quando
3402 3535 3542 3577 con-

1885 3611 2159 3667 cionatur
2205 3625 2276 3666 ac
2330 3609 2716 3665 sermonibus
2782 3609 2974 3675 docet,
3035 3609 3238 3667 dicunt
3295 3625 3307 3664 :
3375 3611 3542 3678 Quod

1883 3702 2118 3772 signum
2142 3700 2400 3757 ostendis
2418 3699 2574 3756 nobis
2601 3701 2643 3736 ²¹
2681 3701 2709 3754 9
2736 3699 2984 3772 quando
3011 3715 3148 3756 vero
3181 3700 3539 3757 miraculum

1883 3795 2178 3862 operatur,
2239 3805 2308 3846 ac
2349 3788 2894 3845 demonstrationes
2945 3789 3229 3862 operibus
3280 3789 3538 3858 exhibet,

1883 3879 2134 3935 dicunt:
2166 3879 2231 3936 Si
2273 3886 2336 3934 tu
2381 3895 2438 3936 es
2471 3879 2766 3943 Christus,
2813 3879 2909 3935 dic
2936 3879 3097 3934 nobis
3129 3879 3325 3936 libere.
3387 3879 3536 3936 Cum

1884 3985 2188 4024 sermones
2217 3969 2453 4038 docent,
2493 3983 2678 4040 opera
2724 3969 3075 4040 requirunt;
3109 3968 3394 4040 operibus
3425 3968 3540 4025 cla-

1884 4058 2208 4122 mantibus,
2229 4073 2537 4114 sermones
2556 4063 2779 4130 petunt,
2801 4059 2872 4112 ad
2903 4057 3266 4113 contrarium
3301 4072 3539 4130 semper

1885 4147 2144 4215 maligne
2189 4147 2583 4202 transmutati.
2641 4147 2790 4212 Quia
2829 4162 2968 4216 ergo
3027 4146 3343 4202 dementia:
3388 4150 3531 4212 erat,

1882 4236 2158 4307 operibus
2183 4251 2320 4290 eum
2366 4235 2848 4306 praedicantibus,
2883 4251 2918 4290 a
2949 4233 3327 4290 sermonibus
3375 4250 3537 4306 quaa-

1881 4339 2007 4380 rere
2048 4324 2475 4388 testimonium,
2504 4323 2633 4378 vide
2659 4338 2782 4396 quo
2819 4329 2994 4394 pacto
3026 4322 3409 4394 respondeat,
3463 4323 3537 4378 si-

1883 4413 2008 4468 mul
2067 4413 2306 4486 quidem
2386 4412 2770 4468 manifestans
2825 4411 2993 4484 quod
3073 4427 3196 4467 non
3263 4411 3534 4468 discendi

1879 4519 2061 4558 causa
2124 4503 2577 4572 interrogarent,
2655 4500 2832 4556 simul
2917 4500 3096 4556 etiam
3152 4499 3530 4573 signiﬁcans,

1875 4607 2060 4664 opera
2081 4607 2191 4648 sua
2216 4590 2472 4663 amplius
2494 4605 2564 4646 ac
2586 4589 2995 4646 vehementius
3037 4588 3296 4646 clamare
3343 4605 3532 4663 quam

1876 4681 2076 4738 verba.

1945 4771 2114 4827 Vers.
2147 4775 2236 4827 25.
2289 4769 2693 4839 Respondit—
2737 4768 2998 4826 creditis.
3053 4767 3182 4824 Dixi
3229 4769 3399 4826 vobis
3456 4770 3531 4826 de

1874 4876 1996 4934 quo
2024 4860 2419 4931 interrogatis,
2470 4873 2591 4914 non
2625 4857 2817 4914 verbis
2848 4858 3064 4923 solum,
3098 4873 3305 4916 verum
3345 4858 3526 4916 etiam

1413 5181 2052 5251 Variaelectioneset
2081 5191 2278 5251 notae.

233 5377 344 5447 (16)
388 5379 526 5430 Μετὰ
556 5381 779 5440 πίστεως
812 5385 864 5430 Β.

227 5557 311 5624 (y)
339 5554 568 5609 Audire
595 5554 870 5611 volentes.
893 5554 1164 5610 Volentes
1182 5555 1758 5625 iuterrogareetiam.

235 5628 308 5697 (Ζ)
343 5626 693 5700 Obiiviouem
726 5641 859 5700 erga
889 5641 1002 5689 eos,
1029 5627 1130 5697 qui
1149 5628 1537 5684 condemnare
1561 5645 1765 5700 prope-

160 5696 389 5755 rarent.
421 5696 789 5752 Oblivionem
817 5696 1133 5753 decernere
1153 5707 1359 5754 contra
1377 5715 1444 5754 ea
1465 5696 1602 5768 quae
1628 5696 1763 5756 ante

163 5776 332 5842 gesta
377 5775 528 5826 sunt.
562 5771 638 5822 Τὰ
669 5770 959 5844 φθάσαντα,
993 5774 1129 5825 sunt
1156 5769 1410 5842 injuriae,
1440 5787 1574 5846 quae
1601 5779 1764 5828 ante-

1943 5380 2054 5457 (t7)
2087 5380 2175 5441 Ὠς
2201 5379 2368 5435 abest
2399 5381 2464 5434 A.
2509 5377 2731 5434 [bidem
2764 5393 2903 5434 mox
2928 5377 3008 5445 ού,
3041 5395 3151 5452 pro
3192 5379 3272 5438 οὗ.

1873 5560 2210 5628 cesserant;
2263 5555 2728 5628 καταψηφίζεσθαι
2771 5572 2904 5612 vero
2953 5573 3076 5613 non
3124 5563 3213 5612 est
3255 5558 3529 5616 condem-

1872 5644 2039 5694 nare,
2071 5628 2167 5682 sed
2202 5627 2544 5698 simpliciter
2571 5628 2900 5685 decernere.
2939 5629 3149 5684 Dicitur
3179 5628 3293 5684 hoc
3349 5628 3424 5684 de
3455 5629 3526 5683 iis

1873 5701 1968 5772 qui
2012 5715 2233 5768 magno
2283 5701 2486 5756 animo
2515 5704 2796 5772 acceptas
2829 5699 3078 5772 injurias
3128 5698 3435 5772 negligunt
3471 5703 3529 5756 et

1873 5775 2284 5829 contemnunt.
2315 5773 2667 5845 Oppositum
2695 5777 2799 5839 est,
2836 5772 3060 5828 ulcisci.
