4088 6450
657 357 798 418 i335

1992 357 2339 417 summu
2381 356 2707 416 ZIGABENI
3851 367 3944 426 ωδ

654 485 939 560 operibus
968 500 982 541 :
1029 483 1139 542 sed
1163 498 1286 543 non
1315 483 1555 542 creditis
1589 503 1602 540 :
1635 499 1791 543 vane
1820 501 1963 555 ergo
1996 492 2051 542 et
2076 487 2311 543 curiose

2424 484 2533 538 ἀλλ’
2611 481 2672 537 οὐ
2751 480 3041 537 πιστεύετε.
3097 479 3284 538 Μάτην
3356 480 3443 535 οὖν
3522 480 3730 558 ἕρωτᾶτε
3778 494 3851 542 καὶ
3892 512 3946 546 πει

653 577 1059 645 interrogatis.

725 669 882 721 Vers.
926 666 1013 719 25.
1045 665 1256 734 Opera.
1295 697 1361 704 —
1391 666 1548 720 Vers.
1573 666 1662 721 26.
1718 665 1792 722 de
1816 681 1917 721 me.
1971 665 2310 723 Testiﬁcan-

652 762 748 813 tur
766 755 932 827 quod
971 770 1083 825 ego
1131 755 1261 809 sim.
1297 757 1520 810 Rursus
1563 759 1765 810 autem
1819 755 1986 811 addit
2026 756 2313 812 :Nomine

651 846 857 900 Patris
879 844 1008 908 mei,
1044 859 1116 898 ne
1144 845 1262 898 Deo
1295 844 1629 899 contrarius
1661 844 1951 900 videatur.

721 933 950 989 Nomen
990 947 1125 988 vero
1157 933 1270 988 hoc
1302 933 1357 987 in
1389 933 1519 987 loco
1571 932 1821 1003 quidam
1857 933 2135 989 dixerunt
2164 933 2311 989 divi-

652 1025 898 1081 nitatem
933 1039 946 1087 ;
978 1023 1222 1094 quidam
1249 1028 1468 1086 autem,
1507 1022 1912 1078 fortitudinem
1945 1041 1958 1088 ;
1995 1023 2092 1078 alii
2145 1039 2307 1087 vero,

653 1113 1002 1186 potentiam.
1033 1111 1379 1166 Nominatur
1403 1111 1560 1167 enim
1604 1118 1658 1166 et
1693 1112 1870 1176 Deus,
1917 1118 1972 1167 et
2022 1112 2207 1167 Fortis
2256 1117 2313 1168 et

657 1206 892 1268 Potens,
919 1201 1174 1272 aliisque
1215 1200 1400 1256 modis
1436 1199 1752 1255 similibus.
1817 1200 1876 1256 Si
1909 1201 2053 1272 quid
2108 1208 2311 1256 autem

658 1290 846 1351 Patris
894 1295 1002 1355 est,
1057 1289 1216 1345 idem
1257 1295 1344 1345 est
1401 1295 1455 1345 et
1507 1290 1651 1344 Filii.
1701 1289 1851 1355 Quia
1901 1306 2044 1357 ergo
2097 1307 2131 1345 a
2181 1291 2312 1346 solo

658 1378 838 1436 verbo
870 1395 932 1433 se
966 1379 1293 1434 credituros
1315 1394 1448 1433 esse
1469 1377 1856 1443 simulabant,
1891 1378 2096 1434 leniter
2111 1386 2316 1434 osten-

660 1469 748 1524 dit
776 1471 942 1540 quod
958 1467 1164 1523 dolose
1179 1473 1446 1536 agerent,
1469 1483 1539 1521 ac
1570 1468 1616 1522 si
1644 1467 1861 1523 diceret
1896 1485 1907 1521 :
1945 1468 2000 1522 Si
2030 1467 2314 1540 operibus

661 1573 785 1615 non
816 1556 1071 1624 creditis,
1113 1558 1417 1628 quomodo
1451 1555 1640 1611 verbis
1667 1556 1915 1611 credetis
1942 1556 1972 1612 Ἰ

737 1649 892 1702 Vers.
921 1649 1008 1700 26.
1049 1646 1197 1713 Quia
1244 1661 1357 1701 non
1384 1677 1452 1685 —
1495 1646 1655 1701 meis.
1693 1648 1811 1716 Ego
1858 1645 2158 1716 siquidem
2193 1646 2317 1700 uni-

663 1751 850 1800 versa,
880 1750 1015 1806 quin
1053 1733 1196 1790 boni
1241 1734 1493 1806 pastoris
1545 1741 1700 1798 sunt,
1735 1734 1976 1806 prmstiti
2010 1751 2020 1787 :
2080 1749 2185 1789 vos
2215 1749 2316 1789 au-

2421 593 2662 649 ριεργως.

2491 667 2568 717 Τὰ
2597 667 2721 735 ἔργα
2743 693 2814 702 -
2854 663 3115 713 πιστεύετε
3163 661 3300 732 (18).
3332 668 3604 736 Μαρτυρεῖ
3648 666 3723 717 ὃτι
3757 669 3838 739 ἕνιὼ
3862 672 3941 742 εἰμι,

2424 754 2582 807 Πάλιν
2633 749 2692 805 δι
2742 754 2820 816 τὸ,
2851 749 2899 802 ἕν
2945 758 3015 822 τῷ
3046 749 3262 823 ὀνόματι
3310 759 3401 804 τοῦ
3455 759 3661 827 Πατρός
3685 775 3792 828 μου,
3817 763 3939 830 basi,

2423 840 2552 915 δόξῃ
2584 841 2833 902 ἀντίθεος.

2493 932 2696 1002 ’Όνομα
2751 926 2810 983 δι
2865 936 2954 981 νῦν
3009 932 3143 990 τινες
3315 935 3408 990 τὴν
3450 934 3673 990 Θεότητα
3705 933 3942 1003 ιῖπον,τωε;

2423 1019 2481 1074 δι
2533 1025 2624 1078 τὴν
2683 1020 2863 1091 ἰσχὺν,
2913 1018 3057 1071 ἄλλοι
3114 1015 3173 1072 δὲ
3220 1024 3314 1079 τὴν
3361 1019 3626 1083 ὶξουσίαν.
3683 1024 3942 1096 Ὀνομάζετπε

2419 1113 2520 1183 γὰρ
2584 1114 2674 1161 καὶ
2742 1111 2870 1169 Θιὸς
2921 1113 3010 1160 καὶ
3061 1107 3311 1181 ’ἰσχυρός
3368 1115 3459 1161 καὶ
3513 1110 3857 1177 Ἐξουσιαστής
3888 1129 3941 1170 υς

2421 1202 2488 1251 τὰ
2537 1206 2773 1252 τοιαῦτα.
2829 1201 2889 1250 Εἰ
2937 1217 2989 1248 τι
3043 1193 3103 1249 δὲ
3166 1205 3259 1249 τοῦ
3313 1202 3540 1272 Πατρός,
3604 1209 3750 1253 τοῦτο
3788 1212 3857 1257 καὶ
3889 1217 3940 1258 tr;

2423 1291 2574 1342 Υίοῠ.
2629 1285 2769 1338 Ἐπεὶ
2817 1282 2904 1338 οὖν
2949 1295 3352 1360 προσεποιοῦντο
3396 1292 3681 1347 πεισθῆναι
3729 1290 3816 1345 ἀπὸ
3843 1295 3939 1364 cui;

2421 1377 2673 1450 ῥήματος,
2716 1373 2982 1429 δείκνυσιν
3018 1375 3224 1446 ὁμαλῶς
3266 1378 3348 1428 ὃτι
3385 1388 3783 1449 κακουργοῦσιν,
3819 1386 3939 1435 ὠσί-θεέ

2423 1465 2581 1537 λέγων
2632 1484 2645 1498 -
2703 1465 2764 1517 Εἰ
2819 1471 2928 1525 τοῖς
3004 1466 3176 1538 ἔργοις
3247 1465 3308 1517 οὐ
3382 1469 3675 1533 πιστεύετε,
3737 1479 3825 1531 πῶς
3877 1482 3938 1532 tsi;

2423 1555 2593 1625 λόγοις
2631 1556 2934 1606 πιστεύσετε
2964 1570 2978 1619 ;

2498 1643 2574 1695 Οὐ
2626 1645 2728 1715 γὰρ
2762 1672 2829 1683 —
2859 1642 3011 1714 ἱμῶν.
3041 1642 3176 1714 Ἐγὼ
3373 1647 3481 1719 γὰρ
3532 1647 3598 1706 ὡς
3633 1651 3805 1718 ποιμὴν
3841 1651 3933 1710 καλὸς

2425 1735 2596 1786 πάντα
2653 1735 2718 1784 τὰ
2770 1739 2861 1784 τοῦ
2917 1731 3078 1784 καλοῦ
3132 1737 3369 1804 ποιμένος
3440 1731 3765 1806 ἐνεδειξάμην
3799 1757 3809 1768 ·
3848 1743 3930 1806 ius;

3874 1760 3931 1798 uti;

665 1832 782 1880 tem
812 1841 848 1880 a
877 1823 1232 1892 cognatione
1257 1823 1462 1879 ovium
1497 1839 1764 1879 mearum
1809 1839 1915 1878 vos
1951 1823 2114 1894 ipsos
2147 1839 2314 1895 sepa-

2428 1819 2488 1875 δε
2557 1820 2877 1895 ἁπερῤἠξατι
2945 1820 3160 1882 ἕαυτούς
3225 1829 3320 1885 τῆς
3395 1832 3500 1875 τῶν
3573 1823 3816 1896 προϐάτων
3863 1845 3930 1896 τηε

663 1914 859 1972 rastis.

741 2003 904 2060 Vers.
945 2004 1036 2058 56.
1070 2003 1236 2060 Sicut
1262 2033 1319 2044 —
1361 2004 1525 2059 Vers.
1558 2005 1647 2058 27.
1681 2017 1790 2059 me.
1821 2005 1900 2059 De
1927 2003 2015 2059 his
2045 2003 2319 2075 superius

667 2092 891 2150 dictum
921 2097 1034 2150 est.

741 2185 898 2238 Vers.
932 2182 1018 2237 28.
1075 2183 1142 2236 Et
1185 2197 1386 2252 ego—
1438 2189 1744 2239 aeternum.
1799 2184 1860 2237 Et
1918 2183 1994 2238 de
2049 2182 2162 2238 hac
2203 2181 2319 2237 vita

666 2271 999 2344 frequenter
1028 2271 1248 2326 dictum
1281 2276 1368 2327 est
1399 2277 1454 2325 et
1479 2274 1614 2326 data
1638 2271 2068 2343 interpretatio.

738 2363 897 2418 Vers.
938 2363 1027 2415 28.
1056 2362 1164 2417 Nec
1198 2377 1436 2417 —mea.
1472 2361 1796 2432 Quisquam
1824 2378 1892 2416 ex
1931 2361 2042 2425 his,
2075 2360 2178 2432 qui
2208 2360 2320 2415 illis

663 2449 1046 2506 insidiantur.
1072 2449 1314 2504 Manum
1341 2465 1480 2504 vero
1507 2450 1651 2505 dicit
1679 2452 1949 2505 virtutem
1968 2467 2033 2505 ac
2067 2456 2322 2520 potesta-

666 2543 786 2595 tem
819 2555 1016 2595 suam.
1050 2539 1169 2593 Hoc
1199 2545 1398 2594 autem
1413 2539 1574 2607 dixit,
1599 2540 1739 2611 quia
1758 2545 2084 2595 statuerant
2109 2539 2319 2610 judaai,

666 2631 810 2685 utsi
857 2630 989 2700 quis
1019 2629 1402 2684 conﬁteretur
1451 2645 1578 2684 eum
1628 2645 1749 2685 esse
1780 2629 2091 2694 Christum,
2147 2633 2320 2685 extra

664 2733 1028 2788 synagogam
1082 2719 1501 2785 ejiceretur“;
1548 2717 1866 2773 conﬁrmat
1918 2718 2099 2781 enim,
2154 2716 2318 2789 quod

664 2805 887 2861 frustra
915 2805 1210 2860 laborent.

734 2896 821 2965 -Η-
853 2897 1071 2965 Rapere
1084 2893 1329 2964 quidem
1347 2909 1418 2948 ex
1445 2893 1660 2950 invicta
1680 2893 1888 2950 dextra
1904 2911 2042 2951 eum
2072 2895 2173 2967 qui
2195 2911 2317 2952 non

676 2982 822 3049 vult,
838 2998 1017 3037 nemo
1036 2982 1227 3038 hostis
1247 2988 1458 3054 potest;
1481 2988 1673 3054 potest
1691 2989 1888 3038 tamen
1902 2984 2236 3055 deceptum,
2261 2990 2318 3041 et

664 3086 802 3128 eum
834 3074 931 3142 qui
972 3087 1034 3127 se
1073 3071 1274 3142 ipsum
1305 3071 1502 3143 prodit
1539 3071 1595 3126 in
1628 3089 1886 3128 errorem
1932 3072 2170 3129 ducere.
2198 3076 2314 3130 Hoc

2465 1931 2643 1972 ενειας.

2465 1932 2643 1972 ενειας.

2425 1932 2460 1983 7
2503 2003 2683 2062 Καθὼς
2699 2031 2768 2042 -
2787 2019 2897 2074 μοι.
2936 2004 3152 2074 Εἴρηται
3174 2006 3291 2076 περὶ
3311 2004 3510 2056 τούτων
3534 2002 3772 2077 ἀνωτέρω.

2505 2179 2660 2250 Κάγὼ
2709 2211 2778 2220 -
2823 2179 3004 2236 αἰῶνα.
3056 2184 3156 2233 Καὶ
3200 2185 3316 2252 περὶ
3363 2191 3462 2242 τῆς
3521 2185 3658 2243 ζωῆς
3696 2184 3927 2243 rerummi-

2429 2268 2573 2329 λάκις
2604 2272 2808 2341 εἴρηται
2837 2274 2925 2320 καὶ
2955 2271 3297 2343 ἡρμήνευται.

2506 2363 2605 2412 Καὶ
2660 2358 2765 2429 οὐχ
2798 2387 2860 2398 -—
2905 2377 3026 2429 μου.
3076 2363 3164 2418 Τίς
3206 2367 3303 2410 τῶν
3346 2359 3769 2413 ἐπιϐουλευόντων
3812 2361 3922 2420 sitsi;

2432 2455 2595 2521 Χεῖρα
2658 2444 2716 2499 δι
2787 2447 2921 2518 λέγει
2976 2452 3070 2506 τὴν
3119 2443 3340 2519 δύναμιν
3395 2453 3487 2500 καὶ
3534 2450 3764 2512 ἐξουσίαν
3808 2451 3916 2501 ιτὶτελυ

2431 2545 2583 2589 τοῦτο
2641 2533 2700 2588 δε
2775 2532 2902 2599 εἷπε,
2973 2533 3114 2588 διότι
3171 2543 3544 2608 συνεφώνησαν
3595 2535 3834 2600 Ἰουδαῖοι,
3865 2541 3907 2588 in.

2431 2625 2514 2678 ίαν
2621 2645 2696 2685 τις
2793 2624 2948 2677 αὐτὸν
3045 2624 3343 2697 ὁμολογήσῃ
3420 2631 3678 2700 Χριστὸν,

2428 2732 2599 2784 γωγος
2651 2718 2902 2785 γενηται·
2957 2713 3163 2787 βεϐαιοῖ
3218 2717 3320 2787 γὰρ
3380 2717 3462 2768 ὅτι
3546 2716 3620 2779 εἰς
3672 2721 3787 2769 κενόι
3838 2734 3924 2767 ττι-ε-

2432 2799 2709 2865 δοίζουσιν.

2499 2892 2790 2964 [Ἅρπάσαι
2838 2893 2946 2961 (19)
2986 2895 3076 2964 μὶν
3123 2891 3178 2945 εκ
3208 2901 3302 2954 τῆς
3332 2891 3596 2953 ἀηττήτου
3627 2891 3784 2958 δεξιᾶς
3810 2899 3867 2945 τὸν
3889 2913 3924 2961 μζ

2428 2979 2740 3054 βουλόμενον
2788 2977 2963 3043 οὐδεὶς
3013 2980 3205 3054 ὶχθρὸς
3252 2978 3479 3035 δύναται
3514 3001 3526 3014 ·
3555 2983 3867 3041 insulasin:
3896 2979 3926 3032 is

2424 3073 2510 3123 τόν
2545 3069 2874 3142 ἀπατώμενον
2914 3076 3003 3122 καὶ
3051 3067 3381 3146 προδιδόντα
3421 3072 3607 3125 ἑαυτὸν
3638 3070 3823 3125 δύναται
3846 3088 3857 3101 ’
3880 3075 3928 3120 ui

3766 2627 3840 2678 ἀπο
3844 2630 3919 2677 Πιξ-

663 3166 887 3225 autem,
920 3176 1041 3216 non
1075 3176 1179 3232 per
1205 3161 1492 3217 invictam
1518 3161 1809 3227 dextram,
1841 3162 1942 3218 sed
1970 3178 2070 3234 per
2110 3163 2314 3219 volun-

2425 3168 2575 3212 τοῦτο
2660 3160 2718 3212 οὐ
2777 3162 2919 3232 παρὰ
2985 3165 3080 3219 τὴν
3143 3162 3356 3232 ἄμαχον
3419 3157 3618 3225 δεξιὰν,
3678 3162 3786 3214 ἀλλὰ
3845 3181 3927 3232 περι

665 3250 876 3307 tariam
905 3249 1201 3306 levitatem
1231 3251 1281 3322 ej
1295 3266 1360 3305 us
1397 3251 1500 3322 qui
1526 3250 1766 3306 recedit.

731 3429 900 3485 Vers.
939 3430 1027 3485 29.
1052 3428 1320 3485 Pater—
1340 3435 1443 3485 est.
1477 3429 1665 3500 Major
1695 3429 1978 3485 omnibus
2013 3430 2317 3486 insidiato-

657 3517 840 3583 ribus,
877 3522 939 3573 ut
969 3517 1196 3574 dictum
1229 3522 1335 3572 est.
1371 3516 1595 3574 Rursus
1633 3533 1795 3588 ergo,
1837 3519 1995 3591 quod
2026 3518 2124 3589 ait,
2153 3519 2314 3575 Dedit

655 3606 824 3671 mihi.
854 3606 1364 3678 dispensatorium
1391 3612 1498 3662 est.

726 3697 893 3751 Vers.
962 3699 1048 3751 29.
1134 3696 1210 3750 Et
1291 3727 1358 3735 —
1407 3695 1539 3752 mei.
1605 3699 1685 3752 Ne
1733 3701 1958 3765 autem,
2028 3701 2314 3770 tanquam

656 3783 978 3854 impotens,
1011 3783 1592 3853 videaturjauxilium
1623 3801 1658 3842 a
1684 3786 1851 3842 Patre
1884 3801 2151 3858 poscere,
2184 3787 2314 3842 sub-

656 3870 853 3928 intulit
887 3887 900 3926 :

728 3962 888 4017 Vers.
914 3962 1001 4018 39.
1019 3961 1138 4031 Ego
1161 3991 1229 4003 —
1251 3978 1471 4018 sumus.
1499 3965 1693 4020 Unum
1720 3965 1998 4036 potentia,
2025 3966 2147 4022 sive
2160 3966 2312 4037 ejus-

656 4051 796 4108 dem
816 4051 1090 4123 potentiaa
1113 4068 1124 4105 :
1145 4052 1308 4122 quod
1349 4052 1396 4106 si
1423 4068 1607 4108 unum
1657 4055 1942 4125 potentia,
1961 4071 2146 4110 unum
2170 4071 2313 4111 sane

657 4140 1026 4200 etdivinitate
1039 4146 1093 4195 et
1111 4141 1448 4205 essentia,et
1469 4149 1698 4198 natura.
1722 4143 1930 4199 Dicens
1951 4144 2150 4216 itaque
2166 4146 2313 4214 :Ego

656 4235 711 4286 et
737 4228 1279 4293 Paler,dualitatem
1295 4230 1642 4299 significavit
1656 4247 1866 4302 person
1877 4232 2316 4302 arum,diversi-

657 4322 840 4374 tatem
859 4318 1255 4389 bypostaseon
1287 4335 1300 4383 ;
1328 4318 1594 4374 subdens
1623 4325 1845 4385 autem,
1878 4322 2069 4377 Unum
2089 4337 2311 4387 sumus,

657 4407 981 4463 divinitatis
1018 4407 1324 4475 unitatem,
1359 4408 1724 4466 identitatem
1755 4410 2042 4476 essentiaa,
2085 4417 2312 4467 natura:

658 4501 714 4555 et
741 4498 1044 4568 potentias.

728 4675 997 4732 Vers.‘3t.
1017 4673 1408 4734 Sustulerunt
1433 4706 1498 4716 —
1520 4691 1666 4732 eum.
1692 4675 1845 4744 Quia
1870 4680 2079 4732 natura
2104 4678 2311 4735 Filium

656 4764 756 4820 Dei
815 4781 879 4820 se
946 4765 1225 4831 dicebat;
1306 4780 1452 4822 nam
1506 4765 1623 4822 hoc
1716 4765 2030 4838 signiﬁcat,
2118 4768 2310 4824 Unum

657 4867 879 4910 sumus.

736 4941 878 4997 Vide
916 4957 1075 5012 ergo,
1129 4943 1441 5016 quomodo
1489 4943 1740 5000 convicti
1783 4945 1916 5010 sint,
1973 4945 2135 5016 quod
2188 4960 2307 5000 non

656 5029 926 5086 discendi
951 5047 1133 5088 causa
1163 5033 1613 5103 interrogarent,
1642 5033 1747 5090 sed
1769 5033 2098 5090 occasionis
2136 5033 2310 5089 alicu-

652 5119 754 5191 jus
807 5120 1183 5194 arripiendaa,
1239 5137 1362 5194 qua
1413 5138 1552 5180 eum
1602 5123 2195 5196 comprehenderent,
2249 5128 2310 5178 ut

657 5208 944 5266 diximus.

731 5338 772 5375 ³³
807 5337 973 5405 Joan,
1001 5353 1081 5408 ιι,
1122 5337 1214 5396 22.

2424 3253 2518 3307 τὴν
2593 3248 2922 3311 αὐτεξούσιον
3001 3249 3267 3322 εὐχέρειαν
3337 3257 3433 3302 τοῦ
3505 3251 3743 3312 ἑκουσίως
3793 3248 3928 3319 ἀποφθι-

2424 3343 2486 3396 τή
2500 3337 2728 3410 σαντος.]

2499 3427 2558 3479 Ὀ
2612 3431 2791 3500 Πατὴρ
2827 3457 2895 3467 -
2951 3425 3084 3483 ἔστί.
3138 3429 3346 3489 Μείζων
3400 3432 3606 3482 πάντων
3674 3436 3760 3480 τῶν
3799 3422 3927 3477 ἐπιϐου-

2423 3515 2690 3581 λευόντων,
2747 3519 2818 3578 ὡς
2872 3519 3090 3590 εἴρηται.
3147 3516 3306 3570 Πάλιν
3385 3514 3478 3570 οὖν
3552 3522 3608 3570 τὸ
3656 3513 3825 3570 δέδωκέ
3863 3529 3927 3581 μθίν

2425 3606 2770 3678 οἰκονομικόν.

2500 3699 2599 3747 Καὶ
2626 3725 2698 3735 -
2720 3715 2841 3768 μου.
2895 3695 3005 3750 Ὶνα
3035 3691 3093 3748 δι
3123 3699 3194 3768 μή
3245 3692 3373 3769 δόξῃ
3408 3698 3484 3758 ὡς
3541 3695 3749 3756 ἀσθενὴς
3792 3690 3928 3765 βοηθή-

2427 3785 2551 3836 σθαι
2581 3787 2721 3858 παρὰ
2750 3792 2842 3837 του
2869 3785 2981 3857 (20)
3015 3789 3236 3858 Πατρός,
3269 3783 3532 3856 ἐπήγαγεν
3560 3800 3574 3816 ’

2495 3963 2626 4034 Ἐγὼ
2685 3993 2751 4003 --
2804 3961 2975 4035 ἔσμεν.
3041 3969 3126 4016 Ἕν
3199 3965 3334 4016 κατὰ
3403 3969 3500 4023 τὴν
3567 3960 3782 4034 δύναμιν,
3824 3963 3926 4026 ἦγονν

2422 4048 2812 4123 ταυτοδύναμοι
2846 4069 2857 4082 ·
2893 4053 2936 4105 si
2984 4048 3043 4104 δε
3094 4052 3144 4104 ἓν
3181 4055 3318 4106 κατὰ
3367 4057 3460 4111 τὴν
3523 4049 3748 4124 δύναμιν,
3797 4048 3833 4100 ἓν
3866 4047 3928 4113 ἄρα

2422 4146 2511 4194 καὶ
2559 4144 2692 4193 κατὰ
2729 4146 2823 4200 τὴν
2870 4142 3089 4199 ϐιότητα
3133 4147 3221 4194 καὶ
3264 4141 3448 4194 οὐσίαν
3481 4148 3572 4195 καὶ
3601 4145 3756 4214 φύσιν.
3786 4139 3852 4190 Διά
3872 4135 3925 4202 μὲν

2422 4227 2510 4284 οὐν
2561 4231 2689 4301 (20')
2732 4238 2823 4282 τοῦ
2881 4232 3038 4283 εἰπεῖν
3073 4248 3084 4260 ·
3117 4230 3246 4302 Ἐγὼ
3281 4237 3370 4283 καὶ
3413 4233 3440 4284 ὁ
3475 4236 3674 4304 Πατὴρ,
3706 4230 3785 4285 τήν
3809 4216 3926 4276 δυάδι

2424 4317 2654 4378 ἐδήλωσα
2706 4328 2806 4372 τῶν
2854 4326 3168 4391 προσώπων,
3213 4323 3271 4372 τὸ
3338 4317 3589 4395 διάφορον
3634 4328 3721 4371 τῶν
3763 4311 3921 4367 ὑποστά-

2425 4428 2550 4462 σεων
2583 4427 2595 4438 ·
2628 4405 2722 4461 διὰ
2760 4405 2818 4460 δε
2857 4417 2969 4474 τοῦ,
3021 4407 3109 4461 Ἐν
3159 4407 3334 4482 ἄσμεν,
3384 4414 3480 4468 τὴν
3523 4404 3719 4482 μονάδα
3749 4413 3824 4462 τῆς
3857 4401 3922 4450 ϐων

2423 4518 2598 4560 τητος,
2651 4502 2708 4550 τό
2767 4501 2954 4550 ταυτὸν
3004 4505 3099 4560 τῆς
3136 4498 3319 4561 οὐσίας
3374 4504 3464 4552 καὶ
3528 4502 3711 4572 φύσεως
3753 4498 3822 4545 καὶ
3866 4482 3919 4538 δν·

2423 4590 2640 4658 νάμεως.

2495 4676 2804 4730 Εϐάστασαν
2852 4705 2922 4716 -
2960 4675 3133 4729 αὐτόν.
3193 4682 3335 4729 Διότι
3404 4679 3520 4729 Υἰόν
3574 4683 3660 4728 τοῦ
3715 4676 3822 4726 Θεοῦ
3863 4684 3914 4733 ἢν·
3970 4719 3971 4722 η

2424 4785 2504 4819 σει
2579 4765 2712 4818 εἶπεν
2783 4765 2962 4818 ἑαυτὸν
3019 4781 3032 4795 ’
3095 4772 3249 4818 τοῦτο
3321 4768 3422 4841 γὰρ
3495 4765 3714 4838 ἔμφαίνιι
3775 4762 3820 4810 τὸ
3868 4751 3912 4800 ἐν
3970 4757 3971 4768 “

2422 4856 2592 4925 ἐσμεν.

2490 4943 2624 5016 Ὅρα
2665 4940 2722 4996 δί
2779 4951 2882 5003 πῶς
2930 4943 3290 5015 ὴλέγχθησαν,
3354 4944 3458 5016 οὐχ
3514 4945 3634 5017 ὑπὲρ
3685 4943 3763 4991 τοῦ
3803 4933 3900 5006 paria?

2422 5032 2724 5106 ἐρωτῶντες,
2780 5031 2886 5083 ἀλλ’
2928 5035 3052 5105 ὑπερ
3105 5029 3192 5085 τοῦ
3248 5029 3548 5105 δράξασθαί
3595 5049 3719 5090 τινος
3757 5022 3904 5095 ἀφορμέλ

2421 5141 2487 5182 εις
2519 5121 2765 5187 ἐπίθεσιν,
2797 5125 2864 5182 ὡς
2885 5127 3195 5196 προέφημεν.

1855 5456 2046 5526 Vries
2086 5453 2414 5524 lectiones
2453 5465 2518 5522 et
2559 5464 2770 5522 nota.

871 5617 1191 5691 ﬂentenius
1237 5615 1480 5691 omisit:
1514 5617 1655 5691 Ἀλλ’
1684 5620 1825 5691 ὑμεῖς
1856 5619 1915 5672 οὐ
1947 5621 2234 5674 πιστεύετε.

730 5687 848 5760 (l9)
886 5690 1017 5760 [nec
1048 5687 1108 5760 in
1153 5688 1420 5758 margine
1445 5689 1670 5747 habent
1697 5687 1868 5748 codd.
1899 5696 1963 5754 Α,
2020 5693 2078 5746 Β.
2112 5694 2316 5748 Hente-

658 5757 792 5814 nius
821 5757 941 5816 non
967 5759 1170 5820 habet.

2494 5620 2604 5682 (20)
2643 5615 2766 5669 Ὑπὸ
2797 5621 2888 5668 τοῦ
2919 5618 2986 5669 Α.

2493 5689 2628 5760 (30')
2661 5684 2765 5740 Οὖν
2797 5686 2967 5744 abest
2994 5689 3064 5742 Α.
