4088 6434
153 374 289 432 1337

1210 369 1580 429 COMMENT.
1624 369 1694 425 lN
1728 367 2082 426 JOANNEM.
2126 400 2192 408 —
2233 367 2388 423 CAP.
2432 365 2507 423 X.

3381 363 3520 422 1338

149 527 152 530 ~
224 503 323 556 Καὶ
355 496 389 554 δ
394 502 502 552 ιατί
533 494 762 553 δέδωκεν
811 495 990 560 αὐτοῖς
1032 495 1268 573 ἀφορμήν
1300 513 1316 564 ;
1344 500 1486 550 Διότι
1512 494 1747 548 ὶϐούλετο

1931 495 1997 549 Et
2025 508 2210 564 quare
2235 492 2398 550 dedit
2413 491 2500 547 eis
2527 490 2902 548 occasionem
2926 489 2954 547 ?
2980 489 3129 557 Quia
3146 487 3384 546 volebat
3412 505 3514 546 eos

145 597 235 642 νῦν
288 590 477 652 αύτούς
523 587 606 660 ὑφ’
665 587 856 641 έαυτῶν
911 587 1225 660 ἐλεγχθῆναι
1272 588 1612 660 πειράζοντας
1661 590 1750 638 καὶ

147 686 588 754 κακουργοῦντας.
639 677 836 739 Ἀλλως
883 697 937 730 τε
991 673 1050 730 δε
1099 677 1193 730 οῦκ
1269 673 1376 730 ἔδει
1433 679 1602 728 πάντα
1668 675 1748 726 οἰ-

149 777 437 841 κονομικῶς
487 768 670 839 λέγειν,
724 765 851 818 ἀλλὰ
915 773 1003 819 καὶ
1061 775 1290 840 γυμνοῦν
1353 765 1402 818 ἐν
1458 769 1601 838 μέρει
1657 768 1751 823 τὴν

151 857 414 916 ἀλήθειαν.

219 948 505 1020 ’Δπεκρίθη
603 977 670 988 —
765 965 887 1018 μου.

151 1042 341 1110 Πατρὶ.

221 1129 316 1178 Διὰ
344 1157 411 1166 —
442 1144 504 1197 με
536 1141 549 1191 ;
583 1127 679 1178 Διά
701 1132 846 1177 ποῖον
878 1127 1044 1196 ἔργον,
1073 1128 1144 1196 μὴ
1184 1119 1218 1176 δ
1223 1126 1416 1176 εικνύον
1447 1143 1509 1196 με
1540 1124 1652 1176 ἶσον
1682 1129 1754 1192 τῷ

149 1223 315 1289 Πατρι
341 1233 354 1283 ;
383 1217 460 1267 Τὰ
490 1217 616 1287 ἔργα
641 1210 727 1266 οὖν
762 1210 873 1266 ἶσόν
903 1233 966 1286 με
992 1223 1062 1285 τῷ
1095 1217 1262 1288 Πατρὶ
1291 1215 1634 1286 κηρύττουσι,
1659 1211 1754 1264 κᾶν

965 946 1268 998 Δεικνύοντοί
1363 964 1426 1018 με
1499 942 1611 997 ἶσον
1683 951 1754 1014 τῷ

147 1304 249 1377 έγὼ
285 1308 542 1362 σιωπήσω
568 1305 648 1375 (21

226 1485 596 1557 Απεκρίθησαν
653 1513 724 1524 -
777 1486 926 1536 Θεόν.
961 1483 1056 1534 Διὰ
1104 1481 1259 1534 καλὸν
1304 1483 1450 1556 ἔργον
1504 1480 1563 1534 ού
1613 1481 1755 1534 λιθά-

152 1573 306 1645 ζομέν
359 1591 437 1639 σε,
503 1571 633 1624 ἀλλά
683 1567 778 1624 διὰ
813 1570 1178 1643 βλασφημίαν.
1233 1574 1366 1631 Τέως
1421 1567 1509 1623 οὖν
1563 1569 1757 1642 ὡμολό-

148 1681 322 1732 γησαν
375 1661 510 1713 καλοί
560 1663 628 1713 τὰ
683 1663 809 1734 ἔργα
855 1661 1038 1712 αὐτοῦ’
1097 1659 1140 1712 εί
1171 1657 1230 1712 δε
1259 1659 1392 1712 καλά
1427 1662 1492 1715 τὰ
1515 1662 1644 1733 ἔργα
1669 1659 1759 1711 αύ-

147 1759 260 1818 τοῦ,
312 1751 446 1804 αύτά
497 1759 664 1803 ταῦτα
702 1758 1061 1826 μαρτυροῦσιν
1114 1751 1194 1803 ὅτι
1228 1749 1286 1802 ού
1322 1749 1642 1822 βλασφημεῖ,
1671 1749 1755 1802 λέ-

1858 599 1895 639 a
1943 583 2152 654 seipsis
2222 583 2514 647 convinci,
2585 582 2748 654 quod
2797 586 3109 643 tentarent,
3169 580 3516 650 malumque

1860 671 2366 728 machinarentur.
2393 672 2681 726 Praeterea
2716 686 2834 726 non
2875 669 3141 742 oportuit
3169 669 3374 724 omnia
3403 668 3520 724 dis-

1860 763 2199 834 pensatorie
2221 761 2406 835 loqui,
2442 761 2547 816 sed
2569 761 2745 817 etiam
2777 760 3083 816 denudare
3121 760 3178 815 in
3222 764 3392 832 parte
3425 775 3520 814 ve-

1858 851 2116 908 ritatem.

1933 943 2102 998 Vers.
2146 946 2232 997 32.
2280 942 2599 1011 Respondit
2667 971 2731 980 —
2806 955 2950 998 meo.
2996 941 3138 1006 Quin
3218 955 3312 995 me
3365 938 3520 994 Patri

1863 1031 2157 1102 aequalem
2189 1031 2529 1086 ostendunt.

1935 1119 2101 1177 Vers.
2147 1124 2234 1175 32.
2287 1122 2540 1188 Propter
2588 1151 2653 1159 —
2703 1135 2812 1175 me.
2866 1121 3107 1190 Propter
3153 1117 3317 1190 quod
3344 1133 3518 1188 opus,

1863 1210 2028 1282 quod
2054 1227 2146 1264 me
2174 1225 2294 1265 non
2315 1209 2591 1266 ostendat
2618 1209 2771 1264 Patri
2803 1225 2930 1264 esse
2961 1208 3245 1282 aequalem
3277 1206 3305 1262 ?
3331 1207 3525 1279 Opera

1863 1315 2007 1369 ergo
2053 1317 2146 1355 me
2191 1300 2345 1356 Patri
2392 1299 2681 1372 aequalem
2723 1314 2856 1356 esse
2902 1299 3251 1371 praedicant,
3281 1298 3385 1354 etsi
3413 1313 3525 1368 ego

1865 1393 2124 1445 tacuero.
3403 1394 3407 1398 ’

1938 1479 2099 1536 Vers.
2143 1483 2229 1536 33.
2253 1479 2699 1549 Responderunt
2729 1510 2795 1520 --
2845 1479 3046 1536 Deum.
3095 1479 3332 1534 Interim
3380 1493 3523 1548 ergo

1864 1568 2028 1625 bona
2057 1585 2188 1624 esse
2233 1569 2362 1639 ejus
2423 1585 2605 1640 opera
2655 1568 3038 1626 fatebantur:
3075 1567 3230 1639 quod
3264 1567 3314 1622 si
3363 1567 3521 1623 bona

1871 1663 2009 1713 sunt
2035 1658 2164 1727 ejus
2185 1658 2541 1729 opera,haac
2585 1658 2797 1713 eadem
2845 1662 3152 1724 testantur,
3205 1657 3366 1728 quod
3401 1672 3521 1712 non

1869 1747 2479 1820 blasphemet,dicens
2511 1763 2641 1804 sese
2670 1750 2852 1803 Deum
2879 1763 3009 1804 esse
3038 1766 3056 1819 ;
3081 1752 3217 1803 sunt
3236 1747 3396 1803 enim
3422 1747 3523 1802 Dei

147 1859 252 1910 γων
271 1839 460 1893 ἑαυτὸν
491 1845 644 1893 Θεόνο
673 1842 802 1914 ἔργα
815 1843 917 1912 γὰρ
949 1839 1054 1892 εἰσι
1075 1846 1233 1906 Θεοῦ,
1265 1844 1356 1892 καὶ
1377 1839 1471 1891 οὐκ
1487 1837 1751 1912 ἀνθρώπου

1877 1853 2072 1910 opera,
2104 1844 2160 1893 et
2182 1853 2301 1895 non
2331 1838 2462 1910 puri
2494 1837 2772 1894 hominis.

143 1928 328 2000 ψιλοῦ.

222 2017 506 2093 Ἀπεκρίθη
568 2051 637 2059 -
711 2018 886 2086 ﬁeri;
955 2022 1127 2091 Νόμου
1185 2017 1269 2071 ἔπὶ
1344 2025 1436 2070 τοῦ
1506 2023 1759 2094 παρόντος

145 2109 242 2164 τὴν
276 2105 456 2179 βίϐλον
485 2116 586 2160 τῶν
641 2107 863 2180 Ψαλμῶν
922 2123 1102 2180 φησιν·
1151 2106 1200 2158 έν
1239 2106 1403 2180 ἐκείνη
1445 2111 1546 2182 γὰρ
1605 2116 1758 2160 τοῦτο

141 2199 458 2269 γέγραπται·
502 2197 614 2250 έπεὶ
651 2202 741 2249 καὶ
785 2195 918 2255 αὓτη
951 2201 1123 2268 νόμος,
1160 2193 1255 2250 διὰ
1310 2217 1364 2249 τε
1415 2200 1482 2250 τὰ
1528 2199 1576 2249 ἐν
1623 2197 1752 2270 αὐτῇ

145 2286 464 2338 θεόπνευστα
491 2285 664 2357 λόγια,
695 2292 787 2339 καὶ
839 2282 933 2339 διὰ
987 2290 1046 2338 τό
1096 2282 1454 2358 παιδαγωγεῖν
1498 2292 1588 2340 καὶ
1624 2289 1756 2363 ῥυθ-

141 2373 318 2447 μίζειν
340 2378 460 2437 τοὺς
502 2373 824 2449 ἀνθρώπους.

219 2463 375 2516 Εἰ-
420 2464 570 2534 sint;
634 2466 895 2530 Λυθῆναι,
928 2464 1043 2517 ἀντὶ
1091 2472 1204 2534 τοῦ,
1253 2472 1450 2529 πεσεῖν,
1500 2466 1757 2526 ἀθετηθῆ-

137 2571 249 2604 ναι.
296 2551 514 2623 Ἠγίασε
575 2549 634 2606 δέ
684 2553 799 2606 ἀντὶ
856 2561 968 2617 τοῦ,
1025 2552 1302 2626 ἀφώρισεν,
1362 2554 1640 2618 ἐξελέξατο.
1692 2557 1756 2609 ⁶Ο

139 2643 204 2693 δὲ
278 2641 413 2712 λέγει
486 2646 720 2694 τοιοῦτόν
769 2641 936 2694 ἐστιν·
993 2642 1050 2695 Εἰ
1128 2641 1348 2704 ἐκείνους
1423 2642 1531 2697 εἶπε
1613 2647 1754 2706 θεοὺς

134 2732 164 2782 6
229 2735 377 2795 Θεός,
475 2729 773 2803 ἀνθρώπους
845 2735 1016 2794 ὄντας,
1073 2731 1160 2804 ἐμὲ
1232 2733 1382 2805 ὑμεῖς
1438 2733 1611 2805 λέγετε
1677 2736 1755 2788 ὅτι

131 2819 486 2893 Βλασφημεῖς,
556 2817 694 2874 διότι
756 2819 917 2874 εἶπον·
961 2823 1082 2883 Υἱός
1131 2829 1224 2874 τοῦ
1277 2828 1412 2875 Θεοῦ
1461 2823 1589 2894 εἰμι,
1645 2823 1751 2896 ἔμε,

133 2911 194 2962 ὃν
241 2913 267 2962 ό
300 2914 440 2968 Πατὴ
449 2929 478 2982 ρ
523 2907 800 2984 ἀφώρισεν,
837 2908 1097 2973 ἐξελέξατο
1123 2915 1214 2963 καὶ
1245 2909 1539 2965 ἀπέστειλεν
1571 2912 1644 2975 εἰς
1669 2918 1754 2966 τόν

133 3003 338 3070 κόσμον
372 3014 387 3065 ;

212 3085 682 3158 Συγκαταϐατικῶς
767 3083 826 3139 δι
903 3091 1070 3140 ταῦτά
1137 3107 1290 3160 φησι.
1377 3095 1584 3160 Πρῶτον
1650 3093 1752 3160 γὰρ

139 3175 277 3246 γαλᾷ
296 3180 386 3228 καὶ
407 3176 696 3246 καθυφίησι
720 3183 792 3246 τῷ
811 3175 970 3246 λόγῳ,
995 3181 1084 3228 καὶ
1102 3181 1434 3250 ταπεινότερα
1445 3180 1746 3250 φθέγγεται,
1793 3208 1833 3266 C

139 3266 605 3338 παραμυθούμενος
649 3267 735 3316 τὸν
789 3266 951 3338 θυμόν
1004 3265 1194 3318 αὐτῶν·
1242 3269 1420 3319 ἔπειτα
1471 3266 1653 3339 έποίγει
1691 3271 1755 3320 τὰ

139 3353 454 3426 ὑψηλότερα.

213 3443 377 3496 Εἰ-
416 3445 750 3498 πιστεύσατε.
805 3443 936 3498 Ἀπὸ
987 3453 1084 3507 τῆς
1139 3453 1238 3498 τῶν
1285 3447 1446 3520 ἔργων
1513 3448 1754 3508 ἰσότητος

139 3537 229 3586 καὶ
254 3536 574 3594 ταυτότητος
609 3537 702 3592 τὴν
730 3536 864 3607 πρὸς
908 3537 1000 3587 τόν
1033 3538 1239 3606 Πατέρα
1265 3533 1483 3594 ἰσότητα
1511 3541 1599 3589 καὶ
1627 3556 1750 3590 ταυ-

141 3626 335 3680 τότητα
366 3618 608 3675 δεικνύει.

209 3711 320 3766 Ἰνα
354 3743 422 3752 -—
460 3711 622 3782 αύτῷ.
690 3711 808 3765 Ὀτι
865 3712 914 3765 έν
966 3712 1082 3787 ἐμοὶ
1150 3715 1417 3790 θεωρεῖται
1469 3716 1494 3767 6
1544 3721 1748 3791 Πατήρ.

137 3795 306 3852 Ούδέν
339 3803 440 3874 γὰρ
481 3801 603 3854 ἄλλο
630 3800 730 3874 ἐγὼ
770 3804 799 3862 ἣ
849 3803 970 3878 ὅπερ
1003 3805 1029 3856 ό
1066 3789 1266 3878 Πατὴρ,
1297 3808 1460 3877 μένων
1491 3808 1625 3867 Υἱός
1660 3789 1752 3859 xei

134 3885 286 3943 οὐδὲν
311 3891 432 3943 οῖλλο
455 3892 480 3942 ό
510 3896 688 3964 Πατὴρ
732 3893 761 3950 ἡ
809 3893 932 3968 ὅπερ
976 3892 1096 3964 ἐγὼ,
1135 3897 1295 3966 μένων
1327 3900 1519 3970 Πατήρ.
1555 3893 1614 3948 Ὀ
1661 3892 1748 3948 οὖν

133 3982 221 4030 τόν
269 3983 383 4032 Υἰὸν
428 3984 582 4051 γνούς
609 3985 697 4032 τὸν
729 3986 933 4056 Πατέρα
962 3985 1090 4055 ἔγνω
1135 4001 1146 4014 ·
1188 3988 1279 4036 καὶ
1331 3985 1356 4036 ό
1409 3987 1495 4037 τόν
1541 3990 1747 4061 Πατέρα

132 4070 312 4139 μαθὼν
335 4072 419 4120 τὸν
452 4071 572 4121 Υὶόν
600 4072 781 4142 ἔμαθε.

208 4250 304 4298 Καὶ
338 4245 515 4322 ἑτέρως
563 4243 654 4302 δὶο
717 4249 776 4302 Ὀ
815 4252 904 4320 μεν
949 4252 1068 4313 Υἱός
1118 4251 1164 4304 έν
1211 4259 1281 4321 τῷ
1333 4257 1518 4325 Πατρὶ,
1569 4255 1638 4314 ὡς
1685 4257 1742 4305 τό

131 4342 227 4395 τῆς
259 4334 452 4397 εἰκόνος
475 4337 655 4398 κάλλος
697 4337 766 4410 [ἐν
799 4347 870 4409 τῷ
903 4341 1017 4409 (‘22)
1042 4339 1326 4414 ἀρχετύπῳ
1359 4358 1370 4370 ⁶
1407 4343 1432 4392 6
1469 4338 1528 4394 δὲ
1560 4346 1741 4416 Πατὴρ

129 4422 179 4475 έν
209 4432 281 4494 τῷ
313 4428 436 4496 Υίῷ,
463 4429 527 4487 ὡς
557 4430 614 4479 τό
653 4436 746 4480 τοῦ
775 4433 1119 4503 πρωτοτύπου
1150 4429 1333 4492 κάλλος
1361 4429 1433 4504 ἐν]
1473 4439 1534 4502 τῇ
1565 4430 1740 4487 εἰκόνι.

1936 2018 2098 2073 Vers.
2131 2022 2217 2074 34.
2261 2017 2580 2087 Respondit
2606 2049 2673 2058 —-—
2699 2017 2834 2074 estis
2870 2016 2898 2071 ?
2939 2020 3055 2073 Hoc
3080 2016 3138 2071 in
3171 2016 3302 2072 loco
3331 2015 3525 2086 legem

1868 2107 2125 2179 appellat
2152 2107 2367 2163 librum
2419 2107 2777 2162 Psalmorum
2826 2122 3015 2174 ;nam
3043 2106 3101 2162 id
3159 2107 3218 2161 in
3263 2106 3360 2161 illo
3387 2105 3527 2161 scri-

1868 2203 2036 2267 ptum
2059 2202 2166 2253 est.
2229 2201 2340 2253 Lex
2372 2203 2569 2254 autem
2621 2197 2835 2252 dicitur
2902 2196 3050 2252 liber
3106 2197 3234 2262 iste,
3295 2196 3432 2266 quia
3457 2211 3529 2252 ea

1867 2303 1996 2358 qui?
2029 2288 2084 2342 in
2121 2303 2192 2342 eo
2235 2287 2531 2343 habentur
2559 2287 2824 2352 oracula,
2850 2292 2988 2342 sunt
3018 2302 3053 2342 a
3087 2285 3202 2342 Deo
3229 2285 3529 2354 afﬂata,et

1867 2377 2010 2450 quia
2047 2378 2325 2433 homines
2356 2379 2657 2433 instruunt
2686 2382 2740 2431 et
2773 2376 3097 2446 corrigunt.

1939 2469 2096 2522 Vers.
2149 2467 2237 2524 35.
2286 2467 2353 2522 Si
2396 2500 2438 2509 ο
2481 2467 2643 2522 Vers.
2701 2467 2788 2521 36.
2843 2482 2973 2522 sum
3003 2466 3030 2520 ?
3081 2465 3261 2528 Solvi,
3296 2464 3406 2519 hoc
3441 2468 3529 2519 est

1867 2556 2157 2622 excidere,
2179 2557 2384 2628 rejicit.
2411 2557 2825 2624 Sancti/tenvit
2847 2561 3071 2615 autem.
3099 2556 3212 2610 hoc
3226 2560 3332 2614 est,
3356 2569 3527 2626 sepa-

1867 2647 2036 2712 ravit,
2071 2647 2265 2717 elegit.
2301 2647 2470 2714 Quod
2505 2651 2707 2702 autem
2738 2647 2881 2700 dicit
2911 2645 3068 2702 idem
3111 2649 3217 2710 est,
3251 2661 3322 2700 ac
3361 2644 3408 2698 si
3441 2643 3526 2699 di-

1865 2741 2062 2792 ceret:
2093 2736 2150 2792 Si
2182 2737 2333 2791 Deus
2379 2735 2511 2791 illos
2551 2735 2696 2792 dixit
2736 2735 2901 2801 deos,
2935 2751 3066 2790 cum
3115 2734 3394 2789 homines
3437 2750 3525 2789 es-

1864 2830 2015 2892 sent,
2041 2825 2116 2880 de
2150 2842 2243 2880 me
2263 2825 2455 2881 dicitis
2485 2845 2496 2884 :
2532 2825 2942 2895 Btasphemas,
2970 2825 3108 2896 quia
3139 2823 3290 2890 dixi,
3330 2823 3522 2880 Filius

1865 2915 1971 2972 Dei
1997 2932 2125 2970 sum
2157 2917 2186 2973 ?
2219 2915 2293 2971 de
2334 2931 2450 2982 me,
2487 2916 2759 2988 inquam,
2789 2930 2970 2988 quem
3004 2915 3175 2970 Pater
3206 2913 3521 2986 separavit,

1863 3005 2038 3073 elegit
2062 3020 2134 3061 ac
2161 3004 2319 3060 misit
2343 3006 2404 3060 in
2426 3005 2724 3060 mundum
2749 3005 2780 3057 ?

1935 3093 2223 3148 Humilius
2245 3099 2442 3148 autem
2474 3095 2582 3148 ista
2631 3093 2912 3164 loquitur.
2956 3092 3214 3147 Primum
3258 3107 3527 3165 namque

1865 3181 2138 3253 deprimit
2181 3187 2239 3236 et
2270 3183 2595 3238 concedere
2647 3183 2878 3237 videtur
2922 3197 3274 3247 sermonem,
3303 3197 3372 3236 ac
3417 3182 3526 3236 hu-

1867 3271 2099 3326 miliora
2129 3271 2412 3341 loquitur,
2471 3288 2594 3344 quo
2628 3271 2890 3329 furorem
2945 3270 3527 3326 illorumconsoletur

1863 3375 1931 3415 ac
1964 3359 2189 3429 mitiget
2221 3376 2235 3415 :
2268 3359 2482 3415 deinde
2515 3360 2712 3416 subdit
2762 3361 2936 3415 etiam
2969 3359 3341 3414 sublimoria.

1934 3448 2098 3503 Vers.
2140 3450 2227 3505 37.
2268 3449 2340 3505 Si
2367 3480 2436 3489 —
2481 3450 2642 3506 Vers.
2691 3449 2778 3504 38.
2828 3450 3070 3504 credite.
3123 3449 3214 3503 Ab
3270 3463 3522 3520 operum

1861 3536 2199 3608 aequalitate
2228 3537 2624 3611 mqualitatem
2647 3554 2716 3595 ac
2775 3538 3136 3594 identitatem
3185 3553 3322 3594 cum
3357 3537 3520 3593 Patre

1861 3626 2144 3683 ostendit.

1934 3719 2098 3772 Vers.
2159 3721 2242 3774 58.
2295 3719 2362 3775 Ut
2393 3750 2460 3758 —
2507 3734 2590 3774 eo.
2631 3723 2688 3774 ln
2739 3733 2834 3774 me
2884 3718 3056 3774 Pater
3103 3716 3511 3789 conspicitur;

1860 3806 2005 3862 nihil
2035 3807 2194 3862 enim
2228 3807 2382 3863 aliud
2423 3824 2560 3864 sum
2613 3823 2746 3879 ego,
2793 3824 2979 3880 quam
3011 3807 3174 3880 quod
3208 3808 3378 3862 Pater
3403 3811 3515 3869 est,

1861 3912 2221 3968 permanens
2248 3902 2445 3954 tamen
2478 3898 2676 3963 Filius,
2715 3917 2727 3956 :
2756 3903 2812 3954 et
2840 3897 2980 3954 nihil
3013 3898 3173 3953 aliud
3206 3898 3377 3952 Pater
3406 3901 3512 3961 est,

1855 4001 2043 4057 quam
2087 3987 2251 4057 quod
2288 3988 2484 4053 Filius,
2532 4004 2888 4060 permanens
2929 3993 3129 4044 tamen
3175 3987 3364 4041 Pater.
3408 3985 3517 4050 Qui

1855 4091 1998 4144 ergo
2028 4076 2235 4131 Filium
2255 4078 2435 4142 novit,
2469 4083 2522 4133 et
2557 4079 2790 4133 Patrem
2821 4078 2987 4133 novit
3031 4099 3042 4141 ;
3076 4082 3132 4130 et
3156 4077 3259 4148 qui
3294 4076 3516 4131 Patrem

1854 4166 2155 4234 cognovit,
2205 4166 2406 4221 Filium
2436 4168 2733 4234 cognovit.

1927 4253 2023 4308 Vel
2056 4253 2225 4309 aliter
2255 4272 2268 4310 :
2293 4255 2472 4310 Filius
2501 4262 2588 4310 est
2614 4255 2672 4310 in
2708 4258 2895 4319 Patre,
2929 4259 3212 4326 tanquam
3241 4252 3519 4323 imaginis

1854 4341 2230 4412 pulchritudo
2283 4344 2339 4398 iu
2392 4343 2720 4416 archetypo
2780 4361 2793 4403 :
2849 4344 3018 4399 Pater
3074 4359 3214 4398 vero
3241 4342 3298 4397 in
3351 4340 3516 4407 Filio,

1855 4435 2142 4502 tanquam
2158 4431 2515 4503 exemplaris
2545 4432 2927 4504 pulchritudo
2950 4433 3007 4487 in
3036 4430 3330 4501 imagine;
3370 4431 3521 4484 ima-

127 4512 318 4566 Εἰκόνα
342 4511 402 4568 δε
440 4523 532 4568 τοῦ
556 4520 760 4591 Πατρός
785 4522 872 4570 τόν
893 4518 1010 4590 γίόν
1034 4517 1243 4590 λέγομεν
1266 4525 1373 4591 οὐχ
1404 4518 1596 4587 οίπλῶς,
1632 4519 1738 4574 ἀλλ’

1877 4520 2055 4590 ginem
2088 4524 2287 4577 autem
2316 4522 2504 4577 Patris
2553 4522 2810 4577 dicimus
2836 4521 3066 4592 Filium,
3099 4536 3221 4576 non
3250 4519 3516 4593 qualem-

126 4600 267 4676 ἀπαρ
275 4603 543 4661 οίλλακτον.

200 4691 443 4754 Ἐζήτουν
496 4727 564 4735 -
617 4694 740 4748 έκεῖ.
812 4695 974 4748 Ὀταν
1050 4699 1140 4767 μὲν
1225 4701 1361 4769 μέγα
1418 4717 1469 4750 τι
1529 4705 1746 4772 σημεῖον

123 4786 348 4856 ποιήσῃ,
409 4786 584 4856 φεύγει
651 4781 747 4836 διὰ
810 4788 898 4836 τόν
955 4790 1145 4858 κρότον
1211 4791 1301 4838 καὶ
1349 4792 1443 4846 τὴν
1488 4788 1744 4861 εὐφημίαν

123 4879 216 4923 τοῦ
243 4872 406 4944 ὄχλου
439 4891 451 4902 '
482 4874 601 4924 ὃταν
646 4870 705 4925 δὲ
736 4878 873 4946 μέγα
927 4894 978 4926 τι
1025 4880 1145 4948 περὶ
1195 4875 1378 4928 ἑαυτοῦ
1433 4878 1737 4949 φθέγξηται,

125 4959 395 5036 ἀναχωριῖ
465 4958 560 5015 διὰ
621 4965 707 5015 τόν
784 4965 946 5034 θυμόν
996 4973 1092 5015 τῶν
1170 4967 1442 5037 φθονερῶν,
1502 4964 1741 5030 ἐνδιδούς

124 5047 266 5117 αὐτῷ
313 5049 552 5122 λωφῆσαι
609 5057 698 5106 καὶ
725 5052 881 5116 λῆξαι
921 5061 982 5112 τῆ
1031 5052 1262 5127 ἀπουσίᾳ
1297 5055 1476 5108 αὐτοῦ.
1514 5056 1739 5115 Ἀπῆλθε

127 5130 186 5186 δε
239 5136 306 5196 εἰς
352 5143 439 5190 τόν
484 5145 638 5194 τόπον
679 5143 806 5195 ὅπου
867 5144 892 5194 6
954 5143 1194 5206 ἰωοίννης
1245 5147 1304 5197 τό
1334 5149 1578 5220 πρότερον
1622 5145 1738 5198 ἐϐά-

124 5223 323 5292 πτιζεν,
353 5226 434 5278 ῖνοι
465 5226 869 5300 ἀναμνησθῶσιν
917 5235 968 5285 οἱ
1015 5237 1264 5309 παρόντες
1321 5243 1414 5287 τοῦ
1465 5239 1736 5308 γεγονότος

123 5313 204 5366 ὅτε
260 5311 550 5375 ἐϐαπτίσθη
612 5325 853 5392 σημείου,
913 5326 1004 5376 καὶ
1066 5331 1161 5386 τῆς
1217 5323 1454 5378 Ἰωάννου
1522 5345 1732 5399 μαρτυ-

1856 4625 2113 4682 cunque,
2143 4612 2244 4666 sel
2283 4626 2390 4682 per
2426 4611 2633 4667 omnia
2663 4611 2937 4666 similem.

1928 4701 2086 4756 Vers.
2126 4701 2214 4755 39.
2270 4699 2623 4767 Quaerebam
2656 4733 2724 4740 —
2767 4701 2926 4756 Vers.
2959 4703 3048 4756 40.
3082 4701 3183 4756 ibi.
3241 4702 3343 4758 Ubi
3389 4719 3512 4760 ma-

1854 4804 2034 4857 gnum
2067 4789 2309 4860 aliquod
2352 4790 2592 4860 signum
2648 4789 2899 4853 fecisset,
2953 4791 3212 4860 fugiebat
3266 4798 3509 4865 propter

1853 4878 2056 4950 pepuli
2090 4879 2370 4950 plausum
2405 4896 2473 4934 ac
2514 4879 2776 4935 laudem.
2818 4880 2923 4936 Ubi
2985 4881 3162 4936 etiam
3213 4897 3502 4952 magnum

1850 4968 2159 5040 quippiam
2175 4969 2248 5024 de
2264 4970 2458 5039 seipso
2491 4969 2724 5024 locutus
2740 4975 2909 5030 esset.
2934 4970 3243 5028 secedebat
3267 4977 3508 5045 propter

1848 5058 2073 5112 rabiem
2117 5057 2454 5113 invidorum
2527 5058 2657 5113 :illi
2690 5059 3044 5125 concedens,
3093 5065 3152 5116 ut
3199 5076 3302 5132 per
3332 5077 3504 5117 suam

1845 5146 2178 5203 absentiam
2227 5155 2486 5204 cessaret
2556 5164 2626 5204 ac
2671 5147 3020 5221 quiesceret.
3093 5149 3250 5205 Abiit
3306 5155 3508 5208 autem

1845 5236 1902 5290 in
1976 5235 2172 5293 locum
2232 5237 2332 5292 ubi
2429 5239 2688 5294 Joannes
2753 5237 3119 5310 baptizabat,
3226 5244 3291 5297 ut
3367 5257 3506 5314 prie-

1845 5326 2103 5383 sentium
2135 5326 2438 5384 memoriae
2492 5333 2906 5398 suggereretur
2945 5328 3183 5400 signum
3232 5330 3400 5404 quod
3424 5330 3507 5390 fa-

1359 5502 1588 5573 Variaa
1617 5503 1946 5574 lectiones
1986 5512 2052 5574 et
2080 5513 2283 5573 notae.

189 5689 303 5762 (21)
332 5688 464 5762 Ἐγὼ
495 5694 704 5763 σιγήσω
735 5699 797 5746 Δ.

1906 5698 2024 5771 (22)
2062 5698 2297 5757 Inclusa
2312 5699 2662 5760 exciderunt
2682 5703 2748 5769 A.
