4088 6452
679 346 820 406 1335

2013 346 2360 406 EUTHYMII
2402 345 2728 405 ZIGABENI
3853 358 3938 416 1336

675 473 959 548 operibus
988 488 1002 529 :
1050 471 1160 530 sed
1184 486 1307 531 non
1336 472 1576 530 creditis
1609 491 1623 528 :
1656 487 1812 531 vane
1840 489 1983 544 ergo
2016 481 2072 531 et
2097 475 2289 532 curio

2325 475 2410 530 9A
2443 473 2554 527 ἀλλ’
2632 470 2693 526 οὗ
2772 469 3063 525 πιστεύετε.
3118 467 3303 527 Μάτην
3374 469 3467 524 οὖν
3544 469 3740 548 ἐρωτᾶτε
3785 484 3855 533 καὶ
3892 503 3939 536 τε.

673 565 1079 633 interrogatis.

745 657 903 709 Vers.
945 655 1033 708 25.
1066 653 1276 722 Opera.
1315 685 1382 693 -—
1413 654 1569 709 Vers.
1594 654 1683 709 26.
1739 654 1812 710 de
1837 669 1938 709 me.
1992 654 2331 712 Testiﬁcan-

673 751 769 801 tur
787 742 953 815 quod
991 758 1104 813 ego
1152 743 1282 798 sim.
1317 745 1540 799 Rursus
1584 748 1786 798 autem
1840 743 2006 800 addit
2047 745 2334 802 :Nomine

673 834 878 889 Patris
900 833 1029 897 mei,
1065 848 1136 886 ne
1165 833 1283 887 Deo
1315 832 1650 888 contrarius
1682 833 1972 888 videatur.

743 922 970 978 Nomen
1010 936 1146 976 vero
1178 921 1291 976 hoc
1322 921 1379 976 in
1409 922 1539 976 loco
1592 921 1842 992 quidam
1878 921 2156 977 dixerunt
2185 922 2331 977 divi-

673 1014 918 1069 nitatem
953 1027 966 1075 ;
999 1011 1242 1083 quidam
1270 1016 1488 1075 autem,
1527 1010 1933 1067 fortitudinem
1966 1029 1978 1076 ;
2015 1011 2113 1067 alii
2167 1028 2328 1075 vero,

674 1101 1022 1174 potentiam.
1055 1099 1400 1155 Nominatur
1424 1100 1581 1155 enim
1625 1107 1678 1155 et
1713 1101 1891 1164 Deus,
1938 1107 1993 1155 et
2042 1101 2228 1156 Fortis
2277 1106 2334 1157 et

678 1194 912 1256 Potens,
940 1189 1195 1261 aliisque
1235 1189 1421 1244 modis
1457 1189 1772 1243 similibus.
1837 1189 1896 1243 Si
1929 1189 2074 1261 quid
2129 1196 2331 1245 autem

679 1278 867 1339 Patris
915 1283 1022 1343 est,
1077 1277 1236 1334 idem
1277 1283 1365 1333 est
1422 1284 1475 1333 et
1529 1278 1671 1333 Filii.
1721 1278 1871 1344 Quia
1922 1294 2065 1346 ergo
2118 1295 2153 1333 ιι
2202 1279 2332 1334 solo

679 1366 859 1424 verbo
890 1382 952 1422 se
987 1367 1313 1422 credituros
1336 1382 1468 1421 esse
1490 1365 1876 1431 simulabant,
1911 1367 2116 1423 leniter
2131 1374 2337 1422 osten-

681 1457 770 1513 dit
797 1460 963 1528 quod
978 1455 1184 1511 dolose
1200 1460 1466 1524 agerent,
1489 1471 1559 1510 ac
1590 1457 1637 1510 si
1665 1456 1881 1511 diceret
1917 1473 1928 1509 :
1966 1457 2020 1511 Si
2051 1456 2335 1528 operibus

682 1561 806 1604 non
837 1544 1092 1612 creditis,
1133 1545 1438 1616 quomodo
1471 1543 1660 1599 verbis
1687 1545 1936 1600 credetis
1963 1545 1992 1600 ?

758 1637 913 1690 νοτε.
942 1637 1029 1689 26.
1069 1635 1217 1701 Quia
1264 1650 1378 1689 non
1405 1665 1472 1673 —
1515 1634 1675 1689 meis.
1714 1636 1832 1704 Ego
1878 1633 2178 1705 siquidem
2214 1635 2338 1688 uni-

684 1739 870 1789 versa,
901 1738 1035 1795 quas
1073 1721 1216 1778 boni
1261 1722 1514 1794 pastoris
1565 1729 1720 1786 sunt,
1755 1723 1997 1794 praestiti
2031 1739 2041 1775 :
2102 1738 2206 1777 vos
2235 1739 2336 1778 au-

2442 568 2683 638 ριίργως.

2512 656 2590 706 Τὰ
2619 655 2742 724 ἔργα
2764 681 2835 690 —
2875 652 3136 702 πιστεύετε
3185 649 3321 721 (18).
3352 657 3621 725 Μαρτυρεῖ
3663 656 3734 706 ὅτι
3766 658 3842 728 ἐγὼ
3865 662 3936 732 εἰμι,

2445 742 2604 795 Πάλιν
2654 738 2712 794 δε
2763 742 2842 804 τὸ,
2872 738 2920 790 ἐν
2967 747 3036 810 τῷ
3067 738 3282 811 ὀνόματι
3331 749 3423 793 τοῦ
3479 747 3675 815 Πατρός
3699 753 3880 817 μον,ῑνα
3900 776 3933 809 ιιξ

2444 829 2573 903 δόξῃ
2606 829 2854 891 ἀντίθεος.
3899 817 3902 821 ’

2513 921 2717 990 Ὀνομα
2771 915 2831 971 δι
2886 925 2975 970 νῦν
3030 921 3164 978 τινες
3193 922 3282 990 μὶν
3337 923 3431 978 τὴν
3474 922 3689 978 θεότητα
3717 922 3936 992 tiamne;

2444 1007 2502 1062 δε
2554 1014 2645 1066 τὴν
2704 1008 2884 1079 ἰσχὺν,
2934 1007 3078 1059 ἄλλοι
3135 1003 3194 1060 δε
3241 1013 3335 1066 τὴν
3382 1008 3642 1071 ἐξουσίαν.
3697 1014 3936 1085 Ὀνομάξετις

2441 1102 2542 1171 γὰρ
2605 1103 2694 1149 καὶ
2763 1099 2891 1158 θεὸς
2942 1101 3031 1149 καὶ
3082 1096 3333 1169 ’ἰσχυρὸς
3389 1103 3483 1150 καὶ
3535 1099 3934 1166 Ἐξουσιαστὴςιπς

2442 1191 2509 1240 τὰ
2558 1195 2794 1240 τοιαῦτα.
2849 1189 2910 1238 Εἰ
2958 1205 3010 1236 τι
3064 1181 3124 1237 δε
3187 1193 3280 1237 τοῦ
3335 1191 3561 1260 Πατρός,
3623 1198 3760 1242 τοῦτο
3795 1201 3935 1247 uiri;

2445 1279 2595 1330 Υίοῡ.
2650 1274 2790 1327 Ἐπεὶ
2838 1270 2926 1327 οὖν
2970 1283 3373 1350 προσεποιοῦντο
3420 1279 3695 1336 πεισθῆναι
3741 1278 3933 1354 aridus;

2442 1366 2694 1439 ῥήματος,
2736 1361 3003 1417 δείκνυσιν
3038 1363 3245 1434 ὁμαλῶς
3287 1366 3367 1416 ὅτι
3408 1376 3791 1438 κακουργοῦσιν,
3826 1375 3934 1423 mea:

2443 1454 2601 1525 λέγων
2653 1472 2666 1486 ·
2723 1454 2785 1505 Ei
2840 1460 2949 1514 τοῖς
3025 1455 3197 1526 ἔργοις
3268 1453 3329 1505 οὐ
3405 1457 3690 1521 πιστεύετε,
3747 1467 3830 1520 πῶς
3878 1471 3932 1521 τοίς

2445 1543 2614 1613 λόγοις
2652 1544 2955 1594 πιστεύοιτο
2984 1558 2998 1608 ;

2519 1631 2595 1683 Οὐ
2647 1634 2748 1702 γὰρ
2782 1661 2848 1672 —
2879 1630 3032 1702 ἐμῶν.
3062 1631 3197 1702 Ἐγώ
3252 1637 3342 1704 μεν
3396 1635 3505 1707 γὰρ
3554 1635 3617 1694 ὡς
3651 1641 3811 1707 ποιμὴν
3845 1639 3928 1698 καλάς

2446 1724 2617 1774 πάντα
2673 1723 2738 1772 τὰ
2790 1727 2881 1772 τοῦ
2938 1719 3098 1772 καλοῦ
3153 1726 3391 1793 ποιμένος
3465 1719 3815 1794 ἐνεδειξάμην·
3851 1731 3926 1787 im;

686 1820 802 1869 tem
833 1829 869 1868 a
897 1812 1252 1880 cognatione
1278 1811 1483 1868 ovium
1517 1827 1785 1867 mearum
1830 1827 1935 1867 vos
1971 1811 2135 1883 ipsos
2168 1828 2300 1884 sepa

2309 1844 2337 1867 .-
2371 1830 2411 1886 Β
2449 1808 2508 1863 δε
2578 1809 2898 1884 ἀπερρήεατε
2967 1808 3180 1871 ἑαυτοὺς
3246 1818 3340 1873 τῆς
3421 1820 3523 1864 τῶν
3594 1811 3822 1884 προϐάτων
3864 1834 3923 1884 rq-

684 1903 880 1961 rastis.

761 1991 926 2048 Vers.
965 1993 1056 2047 56.
1091 1992 1257 2048 Sicut
1283 2021 1340 2032 —
1383 1992 1545 2047 Vers.
1578 1993 1667 2046 27.
1701 2006 1811 2048 me.
1843 1994 1921 2048 De
1948 1991 2035 2047 his
2067 1991 2340 2064 superius

687 2080 912 2138 dictum
943 2086 1055 2138 est.

762 2173 918 2226 Vers.
952 2170 1038 2225 28.
1096 2171 1162 2224 Et
1206 2185 1311 2240 ego
1341 2201 1407 2211 -—
1458 2176 1764 2227 aeternum.
1819 2173 1881 2225 Et
1939 2171 2014 2226 de
2069 2170 2183 2226 hac
2224 2169 2340 2225 vita

687 2259 1020 2332 frequenter
1048 2260 1269 2315 dictum
1301 2265 1388 2315 est
1420 2266 1475 2314 et
1500 2262 1635 2315 data
1659 2260 2089 2331 interpretatio.

758 2351 917 2405 Vers.
958 2351 1048 2404 28.
1077 2350 1185 2406 Nec
1217 2365 1456 2406 —mea.
1493 2350 1816 2421 Quisquam
1844 2366 1912 2404 ex
1952 2350 2062 2413 bis,
2095 2349 2198 2420 qui
2229 2349 2341 2403 illis

683 2437 1067 2494 insidiantur.
1092 2437 1335 2493 Manum
1361 2453 1500 2493 vero
1527 2439 1671 2494 diett
1699 2440 1969 2494 virtutem
1989 2455 2054 2494 ac
2088 2445 2342 2509 potesta-

686 2532 806 2583 tem
839 2543 1036 2582 suam.
1070 2527 1189 2581 Hoc
1220 2527 1594 2594 autemdixit,
1619 2528 1760 2600 quia
1779 2533 2104 2583 statuerant
2130 2527 2340 2598 judmi,

686 2622 750 2672 ut
780 2618 831 2674 si
878 2617 1009 2688 quis
1039 2618 1423 2672 conﬁteretur
1471 2633 1599 2672 eum
1648 2632 1769 2673 esse
1801 2617 2112 2682 Christum,
2167 2622 2340 2673 extra

684 2721 1049 2776 synagogam
1103 2707 1522 2774 ejiceretur";
1568 2705 1886 2762 conﬁrmat
1939 2706 2120 2769 enim,
2174 2705 2338 2778 quod

685 2793 907 2849 frustra
935 2793 1230 2848 laborent.

754 2885 842 2953 H-
873 2881 1350 2953 Raperequidem
1368 2897 1438 2936 ex
1465 2882 1680 2938 invicta
1700 2881 1908 2938 dextra
1925 2899 2062 2939 eum
2094 2883 2194 2955 qui
2217 2899 2338 2940 non

696 2970 842 3037 vult,
859 2986 1038 3026 nemo
1057 2970 1248 3026 hostis
1267 2976 1478 3042 potest;
1501 2976 1692 3042 potest
1711 2977 1908 3026 tamen
1923 2971 2257 3042 deceptum,
2283 2978 2339 3029 et

684 3075 822 3116 eum
854 3062 952 3131 qui
993 3076 1055 3116 se
1094 3059 1295 3131 ipsum
1324 3059 1522 3131 prodit
1560 3059 1616 3115 in
1649 3076 1906 3116 errorem
1953 3061 2192 3117 ducere.
2219 3064 2335 3118 Hoc

2486 1919 2663 1960 ενειας.

2486 1921 2663 1960 ενειας.

2446 1921 2480 1972 7
2524 1991 2704 2050 Καθὼς
2719 2020 2788 2030 —
2807 2008 2918 2062 μοι.
2957 1993 3173 2062 Εἴρηται
3195 1995 3311 2065 περὶ
3332 1994 3533 2045 τούτων
3557 1991 3781 2065 ἀνωτέρω.

2526 2167 2681 2238 Κάγὼ
2730 2199 2798 2208 —
2843 2168 3024 2225 αἰῶνα.
3077 2173 3176 2222 Καὶ
3220 2174 3336 2240 περὶ
3385 2179 3486 2231 τῆς
3543 2173 3675 2231 ζωῆς
3709 2171 3921 2230 minus;

2449 2257 2594 2317 λάκις
2624 2261 2828 2328 εἴρηται
2857 2262 2946 2309 καὶ
2976 2259 3317 2331 ἡρμήνευται.

2527 2351 2626 2400 Καὶ
2681 2347 2784 2418 οὐχ
2818 2376 2881 2386 -
2926 2366 3047 2418 μου.
3097 2352 3184 2407 Τίς
3225 2355 3323 2398 τῶν
3367 2347 3778 2402 ἐπιϐουλευόντων
3817 2350 3915 2407 sitsi,

2453 2444 2616 2510 Χεῖρα
2679 2432 2737 2488 δε
2807 2435 2942 2506 λέγει
2997 2440 3089 2494 τὴν
3139 2432 3360 2508 δύναμιν
3421 2443 3511 2489 καὶ
3555 2439 3772 2501 ἐξουσίαν
3813 2438 3907 2488 uin."

2452 2534 2604 2578 τοῦτο
2662 2521 2721 2577 δε
2795 2520 2922 2588 εἶπε,
2993 2521 3134 2577 διότι
3191 2531 3564 2596 συνεφώνησαν
3614 2522 3901 2589 Ἰουδαίοιγίιι

2451 2614 2535 2667 ἇάν
2641 2633 2716 2673 τις
2813 2613 2969 2666 αὑτὸν
3065 2613 3364 2685 ὁμολογήσῃ
3444 2619 3691 2688 Χριστὸν,
3774 2615 3913 2665 me...

2449 2721 2620 2773 γωγος
2672 2707 2923 2773 γενηται·
2978 2701 3184 2775 βεϐαιοῖ
3238 2706 3340 2776 γὰρ
3403 2706 3485 2756 ὃτι
3565 2705 3636 2767 εἰς
3687 2708 3794 2756 ιινὸι
3841 2721 3918 2753 ττι-ι-

2452 2787 2729 2854 δάζουσιν.

2519 2880 2810 2952 [Ἀρπάσαι
2859 2881 2967 2950 (19)
3007 2883 3096 2953 μὶν
3144 2880 3199 2934 ἔκ
3228 2889 3322 2942 τῆς
3351 2880 3613 2941 ἀηττήτου
3643 2879 3790 2945 δεξιᾶς
3815 2885 3918 2949 τέτμε

2450 2968 2760 3042 βουλόμενον
2808 2966 2983 3031 οὐδεὶς
3033 2969 3226 3043 ἐχθρός
3272 2967 3502 3024 δύναται
3534 2988 3546 3002 ⁸
3574 2970 3866 3028 interluvies:
3893 2965 3920 3018 ia

2445 3063 2530 3111 τὸν
2566 3057 2895 3131 ἀπατώμενον
2935 3064 3023 3111 καὶ
3072 3055 3404 3134 προδιδόντα
3444 3061 3623 3114 ἑαυτὸν
3653 3057 3921 3113 δύνατανιε

683 3154 907 3214 autem,
940 3165 1062 3204 non
1095 3164 1200 3220 per
1225 3150 1512 3205 invictam
1538 3149 1829 3215 dextram,
1862 3151 1962 3206 sed
1990 3167 2091 3222 per
2131 3151 2297 3207 volur

2305 3173 2337 3207 ι-
2371 3187 2411 3241 C
2446 3156 2595 3200 τοῦτο
2680 3149 2738 3200 οὐ
2797 3150 2938 3220 παρὰ
3005 3153 3100 3208 τήν
3163 3150 3377 3220 ἄμαχον
3442 3147 3633 3214 δεξιὰν,
3847 3166 3919 3216 περι

685 3239 896 3296 tariam
925 3237 1221 3295 levitatem
1251 3239 1301 3310 ej
1315 3254 1380 3293 us
1417 3239 1520 3310 qui
1547 3237 1786 3294 recedit.

751 3417 920 3473 Vers.
959 3418 1047 3473 29.
1073 3417 1340 3474 Pater—
1360 3423 1463 3473 est.
1497 3417 1684 3488 Major
1715 3418 1998 3474 omnibus
2034 3418 2338 3474 insidiato-

677 3505 859 3571 ribus,
897 3511 959 3561 ut
989 3505 1217 3562 dictum
1248 3509 1355 3560 est.
1391 3504 1616 3562 Rursus
1653 3521 1816 3577 ergo,
1857 3508 2015 3579 quod
2046 3506 2145 3577 ait,
2173 3507 2334 3564 Dedit

675 3594 844 3658 mihi,
874 3594 1384 3665 dispensatorium
1411 3600 1518 3650 est.

747 3684 914 3739 Vers.
982 3687 1069 3738 29.
1155 3684 1231 3738 Et
1311 3714 1379 3723 —
1426 3684 1559 3740 mei.
1626 3687 1705 3740 Ne
1753 3689 1978 3753 autem,
2047 3689 2335 3759 tanquam

676 3771 999 3842 impotens,
1031 3771 1613 3841 videatut-auxilium
1643 3789 1678 3830 a
1704 3774 1872 3830 Patre
1904 3790 2172 3846 poscere,
2204 3776 2334 3831 sub-

677 3858 873 3916 intulit
907 3875 920 3914 :

749 3950 908 4004 Vers.
934 3950 1021 4005 39.
1039 3949 1158 4018 Ego
1182 3979 1249 3991 —
1271 3966 1491 4006 sumus.
1518 3953 1714 4008 Unum
1740 3953 2018 4024 potentia,
2046 3954 2167 4010 sive
2181 3955 2333 4025 ejus-

676 4039 816 4095 dem
835 4039 1328 4111 potentiaezquod
1369 4040 1417 4095 si
1443 4056 1628 4096 unum
1677 4043 1963 4112 potentia,
1981 4059 2166 4098 unum
2191 4059 2334 4100 sane

676 4127 1045 4187 etdivinitate
1059 4133 1113 4183 et
1131 4129 1469 4193 essentia,et
1489 4137 1718 4186 natura.
1742 4131 1950 4187 Dicens
1971 4132 2170 4204 itaque
2186 4134 2333 4202 :Ego

676 4223 730 4274 et
757 4216 1299 4280 Pater,dualitatem
1315 4217 1662 4287 signiﬁcavit
1677 4221 2336 4290 personarum,diversi-

676 4310 859 4362 tatem
879 4305 1275 4376 hypostaseon
1306 4323 1319 4371 ;
1348 4306 1614 4362 subdens
1643 4313 1865 4374 autem,
1899 4310 2090 4365 Unum
2109 4325 2331 4375 sumus,

677 4394 1002 4451 divinitatis
1038 4395 1344 4463 unitatem,
1380 4396 1744 4454 identitatem
1775 4398 2062 4464 essentia,
2107 4406 2332 4455 natura:

678 4488 734 4542 et
761 4485 1064 4555 potentia.

748 4662 1017 4719 Vers.'3i.
1037 4662 1428 4721 Sustulerunt
1453 4694 1518 4704 —
1540 4678 1686 4720 eum.
1713 4663 1864 4732 Quia
1890 4668 2099 4720 natura
2124 4665 2331 4723 Filium

676 4751 777 4807 Dei
835 4768 899 4807 se
966 4752 1245 4819 dicebat;
1326 4768 1472 4810 nam
1526 4752 1643 4809 hoc
1736 4752 2049 4826 signiﬁcat,
2138 4756 2330 4812 Unum

677 4855 898 4897 sumus.

756 4927 897 4984 Vide
936 4944 1095 4999 ergo,
1148 4930 1461 5003 quomodo
1509 4931 1760 4987 convicti
1803 4932 1936 4998 sint,
1993 4933 2156 5004 quod
2208 4949 2328 4988 non

677 5016 946 5074 discendi
971 5034 1153 5076 causa
1183 5020 1633 5091 interrogarent,
1662 5020 1766 5077 sed
1789 5021 2119 5077 occasionis
2156 5022 2330 5076 alicu-

673 5105 774 5178 jus
827 5107 1203 5181 arripiendas,
1258 5125 1381 5182 qua
1433 5126 1571 5167 eum
1622 5111 2215 5183 comprehenderent,
2269 5116 2330 5166 ut

677 5195 964 5254 diximus.

751 5324 793 5362 ³³
827 5325 994 5391 Joan,
1021 5340 1100 5394 ix,
1142 5324 1234 5382 22.

2445 3241 2539 3295 τὴν
2613 3237 2943 3300 αὐτεξούσιον
3022 3237 3287 3311 εὐχέρειαν
3357 3247 3456 3291 τοῦ
3526 3240 3751 3298 ἑκουσίως
3797 3235 3922 3305 irrise-

2445 3331 2507 3384 τή
2521 3325 2748 3398 σαντος.]

2519 3415 2578 3467 Ὀ
2633 3420 2811 3489 Πατήρ
2847 3445 2916 3456 —-
2972 3413 3104 3471 ἔστί.
3159 3419 3367 3478 Μιίζων
3422 3421 3621 3470 πάντων
3685 3423 3766 3467 τῶν
3803 3408 3920 3463 ἐπιθοῖ-

2444 3504 2710 3570 λευοντων,
2768 3507 2838 3567 ὡς
2892 3507 3111 3578 εἰρηται.
3169 3505 3328 3559 Πάλιν
3409 3503 3499 3560 οὖν
3569 3510 3623 3559 τὸ
3668 3499 3826 3557 δέδωκέ
3861 3515 3918 3566 μω,

2445 3594 2790 3666 οἰκονομικόν.

2519 3689 2619 3736 Καὶ
2647 3703 2861 3755 -μου.
2915 3683 3026 3738 Ἰνα
3055 3679 3114 3736 δε
3144 3688 3215 3756 μή
3267 3681 3396 3757 δόξῃ
3433 3688 3504 3746 ὡς
3559 3683 3756 3742 ἀσθενὴς
3795 3675 3920 3749 parisi-

2447 3773 2571 3825 σθαι
2601 3775 2741 3847 παρά
2771 3780 2862 3826 τοὺ
2888 3774 3002 3846 (20)
3035 3777 3257 3846 Πατρός,
3290 3772 3550 3846 ἐπήγαγεν
3576 3789 3590 3804 '

2515 3951 2646 4022 νεγὼ
2705 3981 2772 3991 —~
2824 3950 2996 4024 ἆσμέν.
3061 3958 3147 4005 «Eu
3221 3955 3356 4005 κατὰ
3427 3958 3520 4012 τὴν
3582 3947 3785 4020 δύναμιν,
3825 3949 3918 4010 ἧγονν

2442 4037 2832 4112 ταυτοδύναμοι
2866 4058 2878 4071 ·
2913 4042 2956 4094 εἰ
3004 4037 3062 4093 δε
3115 4041 3164 4093 ἓν
3202 4044 3338 4094 κατὰ
3389 4047 3484 4101 τὴν
3541 4036 3753 4111 δύναμιν,
3799 4033 3833 4084 ἓν
3864 4030 3919 4098 ti,“

2442 4135 2531 4182 καὶ
2578 4133 2712 4182 κατὰ
2749 4135 2843 4189 τὴν
2890 4132 3109 4188 Θεότητα
3153 4136 3242 4183 καὶ
3285 4130 3471 4184 οὐσίαν
3501 4135 3587 4183 καὶ
3615 4132 3761 4201 φύσιν.
3788 4122 3850 4174 Διά
3869 4133 3917 4201 μῗν

2442 4215 2530 4272 οὖν
2581 4221 2708 4289 (20')
2753 4226 2843 4271 τοῦ
2903 4221 3058 4272 είπείν
3093 4236 3104 4249 ·
3137 4219 3266 4291 Ἐγὼ
3301 4225 3392 4273 καὶ
3437 4223 3462 4273 ὀ
3497 4200 3684 4291 Πατῆρ,
3715 4215 3788 4270 τὴν
3810 4200 3918 4260 δυάδι

2444 4305 2673 4366 ὶδήλωσε
2726 4316 2826 4360 τῶν
2875 4315 3187 4380 προσώπων,
3233 4313 3292 4361 τὸ
3359 4306 3603 4383 διάφορον
3646 4313 3727 4358 τῶν
3767 4297 3913 4351 9.19:2:-

2445 4417 2570 4450 σεων
2604 4415 2614 4426 ·
2648 4393 2741 4449 διὰ
2780 4393 2839 4449 δε
2877 4405 2989 4462 τοῦ,
3041 4396 3130 4449 Ἐν
3179 4396 3354 4470 ἄσμεν,
3406 4404 3500 4457 τὴν
3541 4390 3725 4470 μονάδα
3755 4397 3823 4446 τῆς
3854 4385 3913 4470 6,”-

2443 4506 2617 4549 τητος,
2671 4490 2728 4538 τό
2788 4491 2974 4538 ταυτὸν
3024 4494 3120 4548 τῆς
3157 4487 3338 4550 οὐσίας
3395 4493 3485 4540 καὶ
3545 4488 3718 4559 φύσεως
3757 4481 3822 4529 καὶ
3863 4465 3910 4520 δν·

2443 4579 2659 4646 νάμεως.

2516 4664 2824 4718 Εϐάστασαν
2872 4694 2941 4704 -
2980 4663 3154 4717 αὐτόν.
3214 4671 3355 4718 Διοτι
3425 4667 3537 4718 Υίὸν
3588 4669 3670 4714 τοῦ
3721 4660 3821 4710 Θιοῡ

2444 4774 2525 4808 σει
2600 4753 2732 4806 εἶπεν
2804 4754 2982 4806 ἑαυτὸν
3038 4770 3052 4784 ⁸
3116 4761 3269 4807 τοῦτο
3341 4757 3442 4830 γὰρ
3513 4752 3720 4825 ἐμφαίνιι
3777 4745 3819 4794 τὸ
3876 4737 3903 4782 Ei

2442 4863 2612 4897 εσιιεν.

2511 4932 2644 5004 Ὅρα
2684 4928 2742 4984 δί
2799 4939 2901 4991 πῶς
2950 4931 3310 5004 ὴλέγχθησαν,
3374 4931 3478 5004 οὐχ
3531 4931 3645 5002 ὑπερ
3693 4929 3766 4975 τοῦ
3803 4915 3892 4988 μαθέ-⁸

2442 5020 2744 5094 ἐρωτῶντες,
2799 5019 2906 5072 ἀλλ’
2948 5024 3072 5093 ὑπερ
3125 5017 3212 5073 τοῦ
3268 5017 3563 5094 δράξασθαί
3608 5033 3725 5073 τινος
3761 5008 3896 5078 άῖθλθβθ

2442 5129 2507 5170 εις
2539 5109 2785 5175 ἐπίθεσιν,
2817 5113 2884 5171 ὡς
2905 5115 3215 5184 προέφημεν.

1875 5444 2066 5514 Vriae
2106 5441 2433 5512 lectiones
2473 5452 2538 5510 et
2577 5451 2789 5510 notm.

891 5602 1211 5680 I_1_ente_nius
1257 5603 1500 5680 om_isit_:
1534 5605 1674 5680 Ἀλλ’
1704 5607 1935 5680 ὑμεζςγού
1966 5609 2254 5660 πιστεύετε.

749 5674 867 5747 (l9)
905 5676 1038 5747 Haec
1068 5672 1130 5747 in
1173 5674 1440 5744 margine
1465 5677 1690 5735 habent
1717 5672 1888 5735 codd.
1918 5683 1983 5743 Α,
2040 5681 2097 5734 Β.
2132 5681 2335 5735 ﬂente-

677 5744 812 5801 nius
840 5744 960 5802 non
986 5745 1190 5807 habet.

2514 5612 2526 5670 (
2537 5608 2624 5672 20)
2662 5603 2786 5657 ’Υπό
2817 5610 2908 5656 τοῦ
2939 5605 3006 5657 Α.

2512 5677 2647 5748 (3Ο’)
2681 5672 2784 5728 Οὗν
2817 5675 2987 5732 abest
3013 5677 3083 5730 Α.
