4088 6434
631 349 783 406 ’1343
1969 351 2245 407 EUl‘llYN.

2306 352 2313 406 ι
2355 345 2688 407 ZIGABENI
3822 363 3920 420 1344

648 493 754 535 vus
808 479 938 545 erit,
1020 477 1139 536 sive
1196 481 1523 551 sanabitur,
1596 480 1864 538 volentes
1925 481 2053 552 ejus
2104 480 2262 537 consi

2333 482 2377 536 A
2414 478 2721 553 βουλόμενοι
2745 479 2968 553 ἕγκόψαι
2996 485 3089 541 τὴν
3120 481 3288 556 ὁρμὴν
3341 480 3498 536 αὐτοῦ
3518 499 3531 514 ³
3564 485 3695 536 οὔπω
3726 487 3810 560 γὰρ
3837 485 3921 542 ἀπε.

629 565 725 624 .lio
754 568 992 624 obstare
1024 587 1037 622 :
1068 570 1339 626 nondum
1353 570 1513 626 enim
1535 576 1760 626 metum
1791 570 2153 643 abjecerant.

1353 570 1513 626 enim
1535 576 1760 626 metum
1791 570 2153 643 abjecerant.
2411 568 2625 624 ϐάλοντο
2656 575 2742 623 τὸν
2773 570 2953 644 φόϐον,

717 658 886 722 Quod
947 665 1146 715 autem
1200 660 1343 715 dicit
1376 679 1388 716 :
1449 661 1521 717 Ut
1552 678 1584 714 a
1618 676 1818 716 somno
1849 661 2093 717 excitem
2143 676 2295 725 eum,

643 744 977 802 facilitatem
1046 750 1494 805 resurrectionis
1556 751 1832 805 ostendit.
1899 750 2044 805 Hinc
2097 751 2257 822 itaqu

2478 753 2548 801 T6
2581 746 2660 812 δε,
2690 749 2799 803 Ἰνα
2838 749 3096 813 ἐξυπνίσω
3128 749 3307 814 αὐτὸν,
3351 749 3409 801 τό
3450 746 3626 824 ῥᾴδιον
3651 759 3731 811 τῆς
3756 756 3925 805 «sacrd-

642 834 775 890 illos
822 836 1140 905 intelligere
1187 840 1466 910 oportuit,
1527 839 1693 912 quod
1721 839 1796 894 de
1852 844 2040 895 morte
2087 846 2143 895 et
2207 855 2256 894 rt

2409 857 2538 901 σεως
2565 841 2859 912 ὑποσαίνει,
2902 836 3046 892 Ἔδει
3077 836 3136 892 δι
3168 839 3355 901 αὐτοὺς
3380 837 3598 892 ἐντεῦθεν
3617 848 3729 911 γοῦν
3757 847 3927 894 συνιέναι

641 927 1004 982 surrectione
1061 928 1190 997 ejus
1235 928 1474 983 diceret.
1529 928 1840 992 Quomodo
1894 929 2054 984 enim
2098 929 2255 1000 proie

2405 930 2486 980 ὅτι
2514 934 2630 1002 περὶ
2660 937 2746 981 τοιῖ
2778 931 2996 982 θανάτου
3027 934 3116 981 καὶ
3170 936 3263 990 τῆς
3305 927 3633 990 ἀναστάσεως
3660 929 3798 981 αὐτου
3820 951 3924 1000 φησι.

638 1018 842 1070 cturus
868 1022 993 1071 erat
1043 1016 1236 1072 stadia
1285 1017 1654 1088 quindecim,
1708 1024 1770 1074 ut
1807 1035 1943 1074 eum
2005 1037 2040 1076 a
2080 1033 2252 1074 somn

2405 1017 2548 1091 [Πῶς
2581 1020 2693 1088 (26)
2724 1022 2825 1092 γὰρ
2861 1017 2920 1070 ἂν
2973 1018 3144 1091 ἔμελλε
3184 1020 3497 1093 πορεύεσθαι
3527 1015 3709 1071 στάδια
3731 1028 3926 1071 πιντειαι·

636 1105 918 1161 excitaret
944 1105 974 1160 ‘I
1004 1105 1106 1161 sed
1130 1106 1554 1177 opinabantur,
1575 1108 1834 1177 aenigma
1857 1108 2103 1181 aliquod
2139 1126 2250 1163 6581

2407 1104 2553 1177 δεκα,
2580 1111 2714 1160 ὥστε
2743 1107 3016 1171 ἕξυπνίσαι
3048 1108 3202 1160 αὐτόν
3233 1126 3246 1176 ;
3291 1107 3425 1162 Ἀλλ’
3452 1112 3683 1180 ενόμισαν
3703 1111 3878 1180 αἴνιγμά
3898 1129 3928 1161 τι

635 1192 829 1265 qualia
871 1194 1057 1249 multa
1081 1194 1339 1251 dicebat.

2407 1193 2555 1262 εἶναι,
2586 1199 2670 1250 οἶα
2695 1197 2857 1250 πολλὰ
2885 1197 3075 1270 ὒεγε.]

706 1284 870 1337 Vers.
902 1286 979 1338 14.
1019 1283 1181 1339 Tunc
1217 1315 1273 1324 -—
1298 1286 1631 1355 mani/este.
1665 1288 1751 1357 -Η-
1778 1289 2009 1360 Aperte.

1830 1294 2009 1360 perte.
2478 1293 2600 1339 Τοτε
2627 1317 2692 1326 -
2723 1286 3013 1362 παρρησίᾳ.
3046 1292 3276 1360 Φανερῶς
3301 1287 3440 1356 (27).

708 1371 868 1426 Vers.
939 1375 1017 1426 ili.
1076 1374 1447 1432 Lazarm.—
1509 1378 1668 1433 Vers.
1728 1377 1812 1431 15.
1872 1377 1967 1432 ibi.
2028 1376 2296 1444 Gaudeo,

2483 1376 2723 1450 Λάζαρος
2779 1407 2842 1417 -
2874 1382 2996 1430 εκεῖ.
3051 1382 3152 1429 Καὶ
3198 1380 3376 1448 χαίρω
3431 1377 3512 1427 ὅτι
3573 1373 3661 1428 οὐκ
3707 1379 3822 1447 ἤμην
3846 1374 3927 1430 itii.

635 1461 801 1532 quod
858 1476 976 1517 non
1031 1461 1247 1519 fuerim
1303 1463 1384 1519 ibi
1443 1481 1456 1531 ;
1517 1465 1754 1535 gaudeo
1809 1471 2010 1522 autem
2064 1473 2249 1540 propti

2411 1470 2591 1538 Χαίρω
2623 1461 2681 1518 δὲ
2708 1461 2785 1518 δι’
2813 1467 2964 1537 ὑμᾶς,
3021 1466 3104 1516 ἱνα
3146 1467 3466 1522 πιστεύσητε
3520 1461 3929 1529 πλέον,ὃτανῖδι;τι

636 1566 760 1618 vos,
821 1557 885 1607 ut
971 1551 1202 1624 plenius
1277 1554 1552 1620 credatis,
1624 1572 1760 1611 cum
1829 1556 2093 1612 videritis
2160 1574 2250 1612 eui

2410 1555 2565 1607 αὑτὸν
2593 1555 2945 1626 ἀνιστάμενον.
2973 1554 3030 1607 Εἰ
3050 1558 3152 1629 γὰρ
3176 1551 3236 1612 ἦν
3261 1553 3382 1619 εκεῖ,
3416 1554 3446 1612 ἦ
3475 1552 3643 1605 οὐκᾶν
3671 1555 3886 1616 ἀπέθανεν,
3911 1555 3925 1608 ξ

635 1647 1065 1712 resurgentem.
1122 1647 1270 1700 Nam
1311 1644 1357 1700 si
1393 1645 1473 1701 ibi
1525 1645 1794 1712 fuissem,
1848 1647 1939 1702 vel
1989 1663 2111 1703 non
2161 1648 2249 1704 fui:

2413 1645 2505 1698 οὐκ
2537 1643 2596 1695 ἂν
2641 1644 2943 1701 τηλικοῦτον
3003 1645 3158 1715 εγάνη
3192 1647 3250 1695 τὸ
3283 1645 3476 1714 Θαῠμα,
3528 1643 3556 1700 ἧ
3589 1647 3671 1695 καὶ
3695 1643 3926 1697 ὑπωπτεύθη

637 1736 725 1786 set
783 1739 1078 1799 mortuus,
1139 1733 1233 1788 vel
1304 1749 1422 1789 non
1479 1740 1708 1791 tantum
1769 1737 2145 1808 apparuisset
2198 1755 2251 1793 ω

1403 1750 1422 1788 1
1479 1740 1708 1791 tantum
1769 1737 2145 1808 apparuisset
2198 1740 2302 1793 mi-
2414 1737 2588 1808 ἆν,ὡς
2619 1741 3017 1811 προειρήκαμεν.

638 1818 930 1888 raculum,
1001 1821 1086 1878 vel
1145 1824 1470 1896 suspicioni
1547 1823 1751 1880 fuisset
1811 1825 2172 1897 subjectum,
2239 1833 2302 1884 ut
2341 1844 2380 1898 Β

635 1909 1036 1982 praediximus.

706 2001 870 2056 Vers.
933 2003 1019 2057 l5.
1078 2004 1197 2059 Sed
1259 2034 1323 2044 ——
1380 2020 1531 2061 eum.
1601 2008 1680 2061 Ne
1727 2005 1999 2062 malevoli
2056 2022 2198 2074 erga
2242 2025 2303 2063 a-

2487 2003 2622 2058 ’Δλλ⁹
2649 2034 2714 2043 —
2743 2003 2913 2056 αὐτόν.
2943 2002 3051 2056 Ἰνα
3082 2007 3152 2074 μὴ
3189 1998 3420 2074 δόξωμεν
3450 1999 3879 2076 ἁτιλόστοργοι.Τὸ
3897 1995 3928 2050 6i

633 2090 825 2146 micos
891 2091 1221 2151 videamur.
1283 2095 1407 2149 Hec
1459 2101 1683 2160 autem,
1765 2096 1899 2151 Non
1957 2111 2122 2152 eram
2200 2097 2247 2153 it

2417 2094 2528 2146 Οὐκ
2559 2098 2718 2164 ἤμην,
2741 2098 2830 2145 καὶ
2862 2097 2918 2144 τὸ
2956 2098 3214 2164 Ἄγωμεν,
3247 2097 3337 2144 καὶ
3366 2094 3430 2143 τὰ
3455 2098 3690 2157 τοιαῦτα,
3727 2093 3782 2151 ὡς
3801 2091 3930 2159 ἀνθρω-

632 2183 707 2245 et,
739 2181 972 2245 Eamus,
1007 2198 1076 2238 ac
1104 2183 1348 2248 similia,
1385 2190 1676 2257 tanquam
1707 2185 1891 2241 homo
1922 2185 2084 2240 dicit.

1104 2183 1348 2248 similia,
1385 2190 1676 2257 tanquam
1707 2185 1891 2241 homo
1922 2185 2084 2240 dicit.
2415 2202 2511 2242 πος
2540 2182 2697 2253 λέγει.

703 2272 862 2324 Vers.
921 2276 1000 2327 t6.
1068 2272 1229 2328 Dixit
1283 2305 1353 2314 —
1402 2289 1489 2331 eo.
1547 2280 1812 2346 Apparet
1861 2275 2112 2348 quidem
2173 2293 2305 2332 ma-

2489 2268 2638 2325 Εῖπεν
2669 2301 2733 2312 -
2765 2271 2945 2324 αὑτοῦ.
3006 2279 3151 2323 Δοκιί
3179 2275 3269 2342 μεν
3307 2269 3582 2341 εὐτολμίας
3632 2270 3656 2321 6
3703 2268 3838 2338 λόγος,
3861 2270 3928 2317 ἔστι

629 2373 761 2428 gum
813 2376 1011 2416 sermo
1052 2362 1346 2427 audacias,
1400 2379 1607 2418 verum
1671 2364 1870 2434 potius
1933 2369 2024 2419 est
2085 2366 2243 2420 timid

2419 2357 2478 2414 δε
2517 2361 2705 2431 μᾶλλον
2751 2359 2946 2422 δειλίας
2977 2366 3064 2412 καὶ
3095 2359 3363 2421 ἀπιστίας.
3417 2359 3658 2412 Ἢπίστει
3683 2360 3770 2431 γὰρ
3808 2358 3865 2408 ὁτι
3894 2353 3925 2403 οὐ

632 2449 766 2504 tatis
819 2466 888 2506 ac
956 2451 1362 2521 inﬁdelitatis;
1433 2453 1740 2509 difﬁdebat
1813 2469 2086 2527 namque
2139 2471 2246 2527 quc

2416 2451 2832 2523 προσκοψουσιν,
2895 2454 2963 2512 ὡς
3010 2457 3238 2517 προεῖπε,
3288 2454 3376 2502 καὶ
3404 2445 3501 2501 διὰ
3529 2457 3678 2501 τοῦτο
3715 2441 3923 2518 προσεδωιι

631 2554 752 2594 non
823 2540 1215 2606 offenderent,
1297 2548 1358 2598 ut
1429 2543 1810 2615 praedixerat,
1894 2550 1949 2600 et
1999 2551 2245 2616 propteri

2301 2565 2308 2600 ι
2420 2542 2852 2613 συναναιρεθῆναι
2877 2544 3072 2600 πάντας
3099 2547 3170 2607 τῷ
3199 2535 3516 2610 διδασκάλῳ
3567 2554 3580 2566 ·
3617 2536 3708 2590 οὐκ
3734 2535 3915 2604 ἐπετέξιιπ

631 2628 1039 2699 opinabantur
1076 2646 1286 2686 omnes
1333 2632 1508 2687 simul
1560 2649 1700 2688 cum
1732 2639 2104 2704 praeceptore
2152 2649 2245 2689 occ

2421 2625 2480 2681 δι
2502 2629 2640 2697 αὐτῷ
2665 2631 2690 2681 6
2727 2633 2975 2702 Χριστὸς,
3004 2625 3375 2690 διαϐαστάζων
3402 2631 3479 2680 ἔτι
3509 2632 3602 2686 τὴν
3631 2625 3856 2678 ἀσθένειαν
3873 2620 3926 2670 α’)-

633 2716 866 2772 dendos
897 2734 1047 2773 esse.
1105 2722 1228 2774 Non
1289 2726 1487 2775 tamen
1552 2721 1871 2791 increpavit
1932 2737 2072 2776 eum
2146 2722 2247 2777 Chi

2420 2727 2530 2770 του.
2567 2714 2793 2790 Δίδυμος
2818 2716 2876 2770 6's
2908 2717 3102 2789 ελεγετο
3131 2714 3224 2769 διὰ
3253 2720 3311 2769 τὸ
3357 2719 3568 2790 συνάμα
3598 2712 3786 2786 ἀδελφῷ
3821 2728 3930 2783 γει-ιι·

637 2811 782 2874 stus,
846 2806 1104 2863 tolerans
1155 2808 1349 2864 adhuc
1408 2810 1535 2879 ejus
1583 2810 2071 2866 imbecillitatem.
2131 2811 2311 2884 Didy_
2423 2809 2594 2866 θῆναι.

640 2910 774 2948 mus
807 2911 947 2951 vero
1000 2899 1170 2969 quasi
1224 2898 1502 2965 geminus
1546 2898 1881 2965 dicebatur,
1926 2900 2086 2972 quod
2131 2901 2306 2968 simul

637 2999 772 3038 cum
804 2983 981 3039 fratre
1006 2992 1179 3042 natus
1203 2993 1378 3041 esset.

710 3073 875 3128 Vers.
914 3075 999 3130 l7.
1034 3074 1180 3130 Cum
1210 3077 1399 3146 igitur
1423 3077 1675 3133 venisset
1708 3108 1775 3118 —
1820 3079 2133 3147 sepultum.
2179 3082 2307 3151 ipse

2490 3077 2676 3130 Ἐλθὼν
2715 3073 2803 3128 οὖν
2866 3106 2928 3116 -
2974 3074 3022 3127 ἐν
3055 3084 3125 3144 τῷ
3173 3079 3428 3146 μνημείῷ.
3467 3074 3638 3136 Αὐτὸς
3666 3070 3939 3146 Famem.

639 3163 884 3235 quidem
943 3171 1217 3220 mortuus
1297 3165 1512 3234 fuerat,
1575 3173 1894 3239 postquam
1944 3184 2178 3224 sorores
2227 3185 2253 3224 a

2338 3198 2378 3255 Ε
2416 3168 2541 3238 μεθο
2593 3164 2897 3218 ἀπίστιιλαν
2942 3166 2995 3216 αἱ
3036 3159 3256 3235 ἀδελφαὶ
3308 3168 3438 3235 πρὸς
3491 3168 3584 3216 τὸν
3626 3155 3941 3255 Χριστὸν,

637 3251 935 3309 Christum
995 3253 1304 3318 miserant,
1353 3254 1564 3311 eodem
1611 3271 1756 3311 sane
1811 3256 1906 3311 die
1951 3274 1963 3312 :
2025 3258 2121 3313 hic
2167 3273 2251 3312 vei

2340 3241 2378 3255 υ
2416 3258 2580 3314 αὐτὴν
2610 3259 2714 3330 οῐρα
2739 3261 2831 3313 τήν
2871 3257 3066 3329 ἡμέραν
3113 3271 3125 3283 ·
3160 3254 3308 3313 οὗτος
3338 3254 3452 3322 (28)
3484 3250 3549 3307 δε
3600 3257 3774 3326 ἔμεινεν
3796 3253 3835 3301 ἓν
3909 3241 3942 3299 ξι

636 3343 848 3398 mansit
903 3343 961 3398 in
1016 3344 1150 3400 loco
1209 3345 1309 3400 ubi
1360 3352 1486 3400 erat
1563 3344 1806 3400 duobus
1884 3345 2122 3410 diebus,
2208 3347 2242 3403 il

2415 3352 2555 3417 τόπῳ
2587 3343 2684 3398 δύο
2713 3348 2928 3417 ἡμέρας,
2980 3344 3144 3401 αὐτὴν
3175 3362 3227 3395 τε
3269 3348 3358 3395 καὶ
3388 3343 3567 3416 ἑτέραν
3609 3361 3621 3372 ·
3650 3343 3773 3394 κατὰ
3805 3335 3853 3391 δι
3886 3341 3943 3390 τήν

635 3431 908 3489 videlicet
955 3449 1024 3488 ac
1080 3439 1397 3505 sequenti;
1453 3434 1625 3488 tertio
1668 3439 1869 3490 autem
1922 3435 2078 3490 dixit
2136 3436 2249 3490 disc

2417 3441 2599 3507 τρίτην
2635 3432 2741 3487 εἶπε
2772 3442 2881 3494 τοίς
2931 3434 3195 3505 μαθηταῖς
3234 3434 3315 3484 ὅτι
3345 3431 3597 3506 Λάζαρος
3633 3433 3658 3483 6
3705 3428 3943 3503 oiled-{191

635 3520 815 3592 pulis,
857 3523 1110 3579 Lazarus
1146 3523 1369 3578 amicus
1407 3528 1601 3579 noster
1635 3523 1872 3588 dormit,
1933 3529 1989 3578 et
2042 3529 2249 3579 calere

2418 3530 2747 3596 κεκοίμηται,
2777 3529 2866 3574 καὶ
2899 3524 2963 3574 τὰ
3007 3520 3120 3584 ἑξῆς
3168 3538 3179 3550 ·
3216 3521 3264 3572 ίν
3305 3518 3363 3574 δε
3424 3529 3485 3592 τῇ
3531 3522 3741 3591 τετάρτη
3788 3513 3944 3572 ἀπῆλθες

636 3609 694 3666 in
735 3617 952 3683 quarto
981 3610 1146 3676 abiit,
1201 3627 1339 3667 cum
1391 3618 1813 3684 exspectasset,
1850 3611 2047 3668 donec
2099 3612 2250 3669 olere

2417 3620 2714 3689 περιμείνας
2764 3615 2847 3664 ἱνα
2928 3613 3085 3682 οζεση
3142 3614 3277 3663 ὥστε
3329 3610 3477 3664 πλέον
3535 3617 3748 3683 φανῆναι
3809 3608 3856 3656 τὸ
3894 3618 3948 3671 μι-

636 3704 702 3756 ut
727 3701 921 3770 magis
953 3700 1433 3757 manifestaretur
1457 3719 1576 3758 sua:
1604 3703 1951 3771 magnitudo
1990 3703 2250 3773 potentia

2417 3704 2619 3776 γαλείον
2654 3711 2750 3764 τῆς
2807 3702 2968 3754 αὑτοῦ
2999 3698 3286 3772 δυνάμεως.
3332 3699 3505 3754 Λύταὶ
3561 3696 3620 3753 δέ
3649 3698 3805 3752 οὐκέτι
3837 3692 3947 3744 ἀπισ-

638 3790 882 3844 Sorores
923 3795 1121 3846 autem
1167 3806 1288 3846 non
1339 3791 1599 3863 amplius
1654 3791 1732 3847 ad
1790 3808 1929 3848 eum
1989 3792 2250 3848 miseruu

2418 3795 2586 3846 τειλαν
2619 3797 2747 3864 πρὸς
2796 3792 2966 3854 αὐτὸν,
3019 3793 3341 3862 ἀπογνοῦσαι
3391 3789 3572 3842 λοιπόν
3611 3794 3701 3847 τὴν
3745 3788 3861 3846 ζωὸν
3891 3798 3950 3830 του

638 3876 714 3933 de
741 3877 935 3933 fratris
961 3878 1076 3934 vita
1104 3879 1231 3950 jam
1260 3880 1669 3950 desperantes.

1047 3894 1076 3934 a
1104 3879 1231 3950 jam
1260 3880 1669 3950 desperantes.
2418 3879 2661 3954 ἀδελφοῦ.

712 3969 870 4022 Vers.
932 3969 1012 4022 18.
1075 3969 1228 4024 Erat
1262 4001 1326 4010 —
1390 3970 1555 4025 Vers.
1620 3974 1700 4025 t9.
1749 3985 1876 4026 suo.
1930 3969 2130 4025 Graece
2179 3971 2304 4041 qui-

2488 3971 2583 4023 Ἤν
2612 4002 2676 4010 -
2708 3970 2895 4022 αὐτῶν.
2953 4000 3018 4009 -
3053 3972 3189 4042 Πρὸς
3240 3970 3327 4028 τὰς
3367 3972 3484 4042 περὶ
3518 3969 3733 4041 Μάρθαν
3780 3967 3854 4015 καὶ
3878 3965 3953 4011 Μα-

638 4055 776 4111 dem
840 4056 1075 4122 dicitur,
1157 4063 1292 4131 Πρὸς
1361 4062 1455 4121 τὰς
1541 4064 1657 4132 περὶ
1727 4059 1948 4133 Μάρθαν
2022 4063 2112 4111 καὶ
2180 4067 2252 4113 Ma

2415 4066 2550 4135 ρίαν,
2611 4064 2845 4112 τουτέστι
2879 4061 3008 4131 πρὸς
3046 4059 3263 4132 Μάρθαν
3307 4063 3396 4109 καὶ
3435 4062 3663 4130 Μαρίαν.
3725 4057 3814 4106 Καὶ
3845 4053 3952 4099 τυῦτΰ

636 4150 797 4218 ρίανε
877 4152 967 4202 est
1045 4153 1244 4202 autem
1319 4149 1636 4204 Graecanici
1706 4148 2000 4203 sermonis
2060 4149 2250 4203 idiom.

2414 4152 2516 4222 ’γὰρ
2553 4145 2749 4220 ἰδίωμα
2768 4148 2940 4218 λόγου.
2966 4145 3123 4202 Ἀλλά
3150 4156 3252 4206 πῶς
3275 4136 3954 4219 αὖτὰςπαρεμυθοῦντο,γιλα;

636 4234 797 4292 idem
831 4236 1196 4305 signiﬁcans,
1261 4237 1424 4308 quod
1481 4237 1556 4292 ad
1618 4237 1906 4293 Martham
1946 4243 2002 4293 et
2042 4239 2250 4294 Marian

2417 4243 2580 4300 οὔσας
2606 4247 2696 4290 του
2728 4237 2906 4294 Ἰησον
2947 4253 2961 4302 ;
2999 4238 3209 4295 Πάντως
3241 4236 3269 4293 ᾖ
3301 4231 3395 4287 διὰ
3424 4238 3519 4292 τὴν
3551 4233 3792 4304 εὐγένειαν
3815 4227 3951 4278 αὑτων.

641 4326 882 4396 Verum,
912 4342 1034 4398 quo
1084 4331 1261 4398 pacto
1313 4326 1783 4383 consolabantur
1842 4327 1991 4392 illas,
2042 4344 2179 4382 cum
2224 4328 2255 4382 ii

2417 4330 2445 4388 ἦ
2478 4325 2570 4380 διὰ
2601 4330 2694 4389 τὰς
2724 4326 2880 4385 άλλας
2928 4324 3130 4399 ἀρετὰς,
3171 4326 3199 4384 ἡ
3253 4321 3348 4377 διὰ
3395 4326 3452 4376 τὸ
3497 4324 3711 4395 μέγεθος
3758 4328 3838 4378 τῆς
3866 4333 3952 4381 συμ-

637 4415 818 4473 dubie
867 4422 1138 4472 amarent
1178 4417 1430 4473 Jesum?
1477 4423 1591 4472 Aut
1647 4421 1886 4488 propter
1938 4417 2304 4473 nobilitatem
2418 4424 2592 4490 φορᾶς.

636 4505 896 4572 illarum,
958 4511 1060 4563 aut
1123 4512 1366 4579 propter
1442 4505 1589 4562 altas
1671 4507 1936 4569 virtutes,
2008 4513 2112 4562 aut
2170 4523 2302 4578 pro-
2344 4555 2388 4610 Β

640 4600 772 4670 pter
793 4596 1146 4652 calamitatis
1172 4596 1672 4665 magnitudinem.

715 4686 1004 4741 Praeterea
1084 4702 1201 4741 non
1262 4690 1429 4741 erant
1492 4684 1552 4739 lii
1633 4699 1704 4738 ex
1767 4683 1850 4737 eis
1902 4683 2006 4755 qui
2060 4686 2307 4740 omnino

2489 4685 2686 4744 Ἄλλως
2715 4702 2788 4750 τε,
2813 4679 2928 4736 οὐδ’
2951 4679 3085 4740 ἦσαν
3116 4683 3257 4734 οὖτοι
3290 4689 3386 4734 τῶν
3411 4681 3576 4737 πάντη
3624 4683 3844 4751 πονηρῶν
3866 4687 3876 4702 '
3899 4687 3949 4720 ιιι

642 4775 785 4830 mali
816 4780 1006 4840 erant,
1040 4774 1202 4846 quod
1232 4791 1302 4830 ex
1338 4790 1406 4828 eo
1428 4773 1807 4828 manifestum
1838 4779 1943 4839 est,
1969 4774 2112 4846 quia
2141 4775 2256 4830 mu]

2181 4761 2305 4830 luit.l
2418 4782 2572 4826 τοῦτο
2612 4770 2769 4831 δῆλον
2791 4777 2891 4824 αττά
2932 4779 3022 4824 του
3062 4779 3345 4824 πιστεύσαι
3369 4769 3583 4830 πολλοὺς
3614 4767 3795 4820 αὐτῶν.

641 4863 1023 4919 crediderunt
1051 4864 1108 4919 in
1140 4879 1300 4918 eum.

711 4952 879 5007 Vers.
931 4952 1018 5007 20.
1049 4953 1297 5009 Martha
1327 4967 1466 5021 ergo
1503 4984 1562 4992 ——
1593 4952 1850 5008 sedebat.
1898 4953 2029 5023 ipsa
2064 4951 2214 5014 sola,
2250 4961 2310 5010 ut

2491 4951 2548 5004 Ἠ
2603 4947 2689 5004 οὖν
2749 4953 2938 5023 Μάρθα
2989 4981 3042 4992 -
3111 4949 3398 5010 ἐκαθέζετο.
3463 4946 3606 5006 Αὐτὴ
3671 4949 3795 5019 μόνη
3854 4945 3937 4992 toi-1

648 5040 761 5098 hoc
817 5041 1060 5097 audivit.
1118 5046 1242 5097 Non
1295 5041 1762 5096 communicavit
1827 5048 2026 5096 autem
2100 5058 2262 5097 soror

2424 5040 2718 5103 ἀκούσασα,
2781 5039 2872 5091 οὐκ
2931 5039 3242 5092 ἐκοινώσατο
3296 5042 3386 5090 καὶ
3445 5040 3569 5108 πρὸς
3624 5040 3718 5094 τήν
3768 5028 3942 5101 ἀδιλφὲιη

639 5145 715 5186 ne
764 5129 864 5186 illa
911 5147 1154 5203 quoque
1212 5135 1488 5197 exeunte,
1549 5129 1873 5185 tumultum
1923 5131 2253 5186 concitaren

2424 5134 2506 5182 ἱνα
2535 5135 2629 5201 μὴ,
2662 5128 2898 5187 κάκείνης
2925 5127 3250 5192 ίξελθούσης,
3306 5124 3669 5198 Θορυϐηθώσιν
3700 5126 3747 5176 οἱ
3773 5135 3945 5194 παραμυ-

640 5219 740 5292 qui
775 5219 848 5274 ad
883 5217 1323 5276 consolandum
1352 5223 1661 5274 venerant.

1074 5217 1323 5275 landum
1352 5223 1661 5274 venerant.
2427 5222 2684 5292 θούμενοι.

1873 5399 2094 5468 Varia
2133 5398 2461 5466 lectiones
2495 5408 2561 5466 et
2592 5408 2795 5466 notas.

715 5597 829 5723 (ἐξ)
860 5594 1092 5653 Inclusa
1118 5594 1338 5677 absunt
1363 5601 1428 5652 Α.
2179 5668 2189 5680 σ

719 5670 739 5723 (
822 5671 838 5723 )
865 5670 983 5723 Hoc
1014 5671 1418 5723 praetermisso
1449 5666 1770 5723 vocabulo.
1804 5670 2030 5723 textum
2057 5683 2310 5723 coniun-

1416 5639 1428 5652 .
2416 5596 2497 5652 xit
2521 5593 2862 5651 Hentenius.

1410 5689 1418 5722 ι
1449 5666 1770 5723 vocabulo.
1804 5670 2030 5723 textum
2057 5668 2310 5723 coniun-
2491 5668 2603 5723 (28)
2634 5667 2802 5723 Αὐτός
2833 5681 2936 5723 pro
2965 5665 3024 5718 οὖ

719 5666 838 5741 (21)
865 5670 983 5724 Hoc
1014 5667 1418 5743 praetermisso
1449 5666 1770 5736 vocabulo,
1804 5670 2030 5725 textum
2057 5668 2310 5740 conjun-

1617 5667 1770 5736 bulo,
1804 5670 2030 5725 textum
2057 5668 2310 5740 conjun-
2491 5668 2603 5741 (28)
2634 5667 2802 5729 Αὐτός
2832 5681 2936 5739 pro
2965 5666 3137 5730 οὗτος,
3168 5667 3231 5722 Α.
