4088 6446
167 347 305 410 1345

1234 335 1595 398 COMMENT.
1641 337 1710 395 IN
1749 333 2094 395 JOANNEM.
2136 371 2205 381 —-
2245 339 2405 396 CAP.
2447 334 2538 395 Xl.

3381 350 3522 406 1346

232 473 384 533 Εἶπεν
414 506 483 516 -
540 478 688 534 Θεὸς.
726 465 808 512 ’-
846 470 906 524 Εἰ
940 467 998 532 ἧς
1033 465 1155 536 ὧδε,
1207 470 1232 521 ὁ
1273 465 1492 540 ἀδελφός
1535 487 1634 540 μου
1666 465 1760 518 οὐκ

1943 466 2108 520 Vers.
2136 464 2223 518 21.
2256 467 2422 522 Dixit
2454 497 2522 506 —
2548 465 2712 522 Vers.
2767 470 2854 522 22.
2878 468 3019 525 Deus
3068 467 3128 525 Si
3169 467 3380 542 fuisses
3403 475 3522 543 hic,

163 569 224 620 ἄν
276 565 554 623 ἐτεθνήκει.
610 561 822 620 Ἠτήσω
863 563 966 636 γὰρ
1025 562 1085 612 οἷν
1133 563 1220 611 τὸν
1281 562 1401 612 Θεὸν
1460 559 1585 630 ὑπὲρ
1645 557 1758 627 (29)

162 663 254 710 τοῦ
279 659 350 728 μὴ
383 653 656 706 ἀποθανεῖν
683 651 859 717 αὗτόν,
891 655 982 703 καὶ
1013 649 1366 709 εἰσηκούσθης
1405 649 1464 700 ἄν
1494 649 1560 709 ὡς
1593 649 1757 718 θεοφιο

161 744 274 807 λής.
311 746 472 796 Οὔπω
496 745 596 816 γὰρ
622 740 896 812 ἐγίνωσκεν
921 742 999 792 ὅτι
1022 740 1065 792 εἰ
1093 744 1182 791 καὶ
1206 740 1270 799 ὡς
1300 740 1570 810 ἄνθρωπος
1600 733 1756 801 ἀπῆν,

164 832 273 885 ἀλλ’
294 835 359 893 ὡς
388 834 509 892 Θεὸς
538 838 726 904 παρῆν.

239 1015 391 1082 Λέγει
441 1039 505 1052 --
554 1009 741 1082 ἡμέρᾳ.
800 1005 962 1059 Ὠστε
1004 1011 1093 1059 καὶ
1130 1009 1186 1058 τὸ
1231 1001 1372 1058 Οἶδα
1419 1006 1498 1057 ὅτι
1554 1005 1655 1056 ὅσα
1699 1005 1758 1055 ἄν

164 1101 354 1173 αἰτήσῃ
415 1102 502 1151 τὸν
551 1101 699 1167 Θεὸν,
763 1093 923 1149 δώσει
978 1115 1061 1148 σοι
1114 1097 1139 1147 6
1195 1098 1344 1159 Θεὸς,
1398 1094 1456 1146 οὐ
1508 1098 1616 1166 περὶ
1667 1101 1759 1145 τοῦ

165 1189 453 1248 ἀναστῆναι
521 1187 631 1258 (30)
693 1185 848 1238 αὐτὸν
890 1181 1044 1253 εἶπεν,
1123 1183 1251 1236 ἀλλὰ
1317 1189 1432 1257 περί
1502 1191 1593 1236 τοῦ
1685 1189 1755 1256 μή

164 1277 508 1352 ἀπορριφῆναι
567 1276 722 1328 αὐτὸν
775 1283 866 1328 τοῦ
922 1282 1074 1328 Θεοῦ.
1131 1277 1292 1325 Οὔπω
1337 1275 1435 1348 γὰρ
1485 1270 1596 1344 εἶχε
1642 1279 1759 1347 περὶ

163 1375 254 1420 τοῦ
313 1373 544 1438 Χριστοῦ
603 1370 695 1424 τὴν
749 1369 1126 1438 προσήκουσαν
1179 1362 1458 1433 ὑπόληψιν·
1514 1369 1604 1414 καὶ
1657 1366 1757 1435 γὰρ

161 1454 274 1509 οὐδ’
302 1458 351 1508 οἱ
379 1457 634 1529 μαθηταὶ,
675 1459 848 1506 καίτοι
893 1460 1123 1505 τοσαῦτα
1159 1457 1250 1504 καὶ
1280 1460 1497 1505 τοιαῦτα
1525 1458 1614 1504 καὶ
1647 1453 1758 1523 (31)

1123 1183 1251 1236 ἀλλὰ
1317 1189 1432 1257 περί
1502 1191 1593 1236 τοῦ

161 1544 475 1608 ἀκούσαντες
505 1549 594 1596 καὶ
622 1540 838 1604 ἰδόντες.

229 1641 380 1688 Εἶπεν
435 1665 499 1674 -
551 1634 682 1694 ζωή.
729 1631 788 1685 Ἡ
845 1628 1070 1704 δύναμις
1098 1639 1193 1693 τῆς
1241 1629 1574 1693 ἀναστάσεως
1605 1633 1754 1689 καὶὴ

158 1728 300 1796 πηγή
359 1731 456 1784 τῆς
495 1723 650 1788 ζωῆς,
697 1723 722 1774 ὁ
773 1720 995 1773 ἁνιστῶν
1048 1727 1137 1773 καὶ
1194 1722 1218 1772 6
1273 1721 1438 1784 ζωῶν,
1497 1723 1562 1781 ὡς
1610 1725 1754 1781 Θεὸς.

156 1819 365 1885 Πρῶτον
421 1816 511 1885 μὲν
587 1809 674 1864 οὖν
742 1815 964 1886 μετρίως
1037 1811 1194 1880 εἶπεν,
1266 1811 1651 1868 Ἀναστήσεται
1732 1810 1758 1861 6
1796 1815 1837 1869 Β

157 1899 377 1974 ἁδελφός
431 1919 545 1954 σου⁶
615 1901 813 1962 ἐκείνης
885 1897 943 1953 δὲ
1032 1905 1104 1973 μή
1167 1904 1430 1960 συνιείσής
1495 1898 1759 1952 ἀποκαλύ-

155 2011 272 2044 πτει
327 1992 504 2044 λοιπὸν
563 1995 656 2049 τήν
721 1993 1077 2063 κεκρυμμένην
1135 1988 1374 2052 ἐξουσίαν
1428 1988 1608 2054 αὐτοῦ,
1667 1994 1758 2041 καὶ

157 2078 335 2151 ἀνάγει
363 2083 448 2132 τὸν
477 2086 593 2132 νοῦν
620 2078 804 2140 αὐτῆς.

227 2168 286 2220 Ὀ
341 2199 409 2210 —
474 2169 653 2222 αἰῶνα.
715 2169 826 2222 Κάν
895 2167 1126 2241 ἀποθάνῃ
1200 2164 1307 2226 ἤδη
1385 2171 1471 2220 τὸν
1537 2166 1758 2220 ἐνταῦθα

161 2260 398 2326 θάνατον,
451 2261 670 2321 ζήσεται
699 2263 793 2316 τήν
840 2257 951 2328 (3‘2)
998 2260 1101 2310 ἐκεῖ
1150 2258 1291 2318 ζωὴν
1337 2262 1428 2315 τὴν
1469 2262 1753 2333 μακαρίαν.

164 2353 264 2400 Καὶ
315 2349 341 2399 6
400 2348 502 2408 ζῶν
541 2349 616 2398 ἔτι
671 2351 764 2405 τὴν
821 2347 1040 2399 ἐνταῦθα
1099 2347 1239 2408 ζωήν
1297 2347 1354 2399 οὗ
1402 2352 1472 2420 μὴ
1519 2347 1754 2420 ἀποθάνῃ

159 2440 246 2489 τὸν
301 2435 406 2488 ἐκεῖ
442 2438 675 2506 θάνατον,
733 2439 819 2488 τὸν
875 2435 1073 2491 ἄθλιον.
1130 2443 1309 2488 Ταῦτα
1359 2437 1512 2488 εἰπὼν
1569 2433 1759 2499 ἔδειξεν

162 2526 242 2577 ὅτι
294 2526 463 2578 ἐκεῖνά
510 2525 625 2596 (33)
678 2525 808 2578 εἰσιν
849 2523 1044 2586 ἀληθὴς
1088 2525 1194 2585 ζωή
1228 2529 1318 2577 καὶ
1365 2525 1562 2588 ἀληθής
1609 2527 1760 2577 θάνα-

163 2634 272 2678 τος,
312 2617 381 2676 ὡς
435 2613 748 2666 ἀναλλοίωτα
785 2619 875 2667 καὶ
915 2610 1212 2687 ἁδιάδοχα,
1253 2612 1499 2667 κάκείνων
1529 2614 1762 2687 μάλιστα

156 2708 504 2780 φροντιστέον.

240 2886 508 2945 numng
537 2891 689 2936 τοῦτο
711 2900 724 2952 ;
747 2888 818 2937 Τὸ
848 2881 933 2957 ἐμὲ
963 2880 1091 2936 εἶναι
1122 2888 1214 2942 τήν
1242 2881 1527 2936 ἀναστασιν
1553 2888 1642 2937 καὶ
1669 2889 1760 2942 τήν

157 2975 318 3036 ζωὴν,
353 2979 441 3026 καὶ
472 2977 537 3025 τὰ
567 2973 698 3035 ἑξῆς.

231 3065 384 3132 Λέγει
459 3093 529 3103 -
630 3061 924 3135 ἐρχὸμῃος.
1008 3059 1128 3113 Ὀτι
1205 3063 1294 3132 μεν
1366 3061 1564 3133 μεγάλα
1643 3067 1761 3136 περὶ

160 3149 344 3203 ἑαυτοῦ
409 3151 521 3220 (34)
571 3148 725 3214 εἶπεν,
808 3152 954 3218 ἔγνω·
1040 3157 1144 3209 πῶς
1221 3145 1280 3200 δε
1362 3157 1526 3200 ταῦτα
1603 3146 1756 3214 εἶπεν,
1795 3165 1833 3221 C

160 3239 407 3308 ἠγνόησε.
453 3240 547 3289 Διά
588 3245 740 3289 τοῦτο
784 3238 951 3310 ἕτερον
1010 3235 1350 3309 ἐρωτηθεῖσα,
1411 3239 1577 3310 ἕτερον
1636 3236 1761 3290 ἀπο-

630 3061 924 3135 ἐρχὸμῃος.

1040 3157 1144 3209 πῶς

160 3331 408 3401 κρίνεται.
462 3324 618 3377 Ἀλλὰ
661 3327 815 3378 ποθεν
865 3325 1140 3396 ἐγίνωσκεν
1203 3327 1228 3377 ὅ
1285 3327 1578 3400 ἀπεκρίθης
1631 3327 1760 3379 Ἀπὸ

161 3424 262 3468 τῶν
309 3418 655 3467 πιστευόντων
699 3414 768 3475 εἰς
823 3413 998 3468 αὐτόν,
1055 3418 1154 3466 Καὶ
1191 3416 1292 3488 γὰρ
1323 3419 1413 3466 καὶ
1463 3416 1585 3487 ὅπερ
1626 3413 1762 3466 ἀνω-

164 3507 292 3576 τέρω
336 3502 460 3567 εἶπε,
529 3506 606 3563 τὸ,
667 3499 810 3554 Οἶδα
870 3504 950 3555 ὅτι
1009 3501 1364 3561 ἀναστήσεται
1422 3502 1470 3554 ἐν
1525 3511 1587 3576 τῇ
1645 3502 1764 3556 ἀνα-

168 3595 350 3645 στάσει
416 3592 465 3644 ἐν
523 3600 584 3665 τῇ
653 3591 857 3665 ἐσχάτῃ
915 3595 1102 3665 ἡμέρᾳ,
1162 3592 1250 3644 ὑπ’
1495 3592 1654 3646 αὐτοῦ
1711 3613 1766 3646 τε

164 3689 255 3734 τοῦ
304 3689 538 3755 Χριστοῦ
572 3678 917 3742 διδάσκοντος
969 3683 1142 3754 ἔμαθε,
1185 3686 1272 3733 καὶ
1326 3680 1424 3734 ἀπὸ
1466 3691 1564 3734 τῶν
1599 3685 1766 3755 μαθηο

166 3781 264 3823 τῶν
316 3773 496 3824 αὐτοῦ.
564 3771 814 3832 Πολλάκις
865 3773 965 3846 γὰρ
1025 3770 1147 3845 παρ’
1207 3771 1389 3833 αὐταῖς
1435 3771 1546 3844 μετ’
1597 3773 1764 3825 αὐτῶν

164 3859 539 3934 ἐξενοδοχείτο.

237 3957 337 4004 Καὶ
366 3983 432 3992 -
459 3958 612 4024 φωνεί
639 3969 716 4008 σε.
749 3946 1181 4025 Προσδοκήσασά
1208 3969 1261 4003 τι
1301 3949 1495 4022 ἀγαθὸν
1525 3949 1625 4004 ἀπὸ
1663 3960 1764 4004 τῶν

161 4040 325 4112 λόγων
359 4041 536 4106 αὐτοῦ,
571 4044 749 4112 τρέχει
778 4045 867 4092 καὶ
896 4039 1042 4092 καλεῖ
1066 4045 1157 4099 τήν
1190 4036 1416 4112 ἀδελφὴν
1449 4041 1634 4117 λάθρα,
1684 4044 1767 4094 ἵνα

164 4134 234 4202 μὴ
267 4132 316 4181 οἱ
347 4134 590 4203 παρόντες
623 4125 876 4182 Ἰουδαῖοι
907 4137 1058 4182 τοῦτο
1087 4138 1275 4201 γνῶσι,
1309 4135 1399 4182 καὶ
1431 4134 1562 4193 ἴσως
1597 4151 1764 4184 κατα-

163 4220 466 4290 μηνύσωσιν
522 4217 678 4270 αὐτὸν
741 4226 844 4280 τοῖς
891 4217 1330 4272 ἐπιϐουλεύουσιν.
1394 4217 1515 4272 Εἷπε
1559 4216 1635 4290 δὲ,
1686 4222 1765 4273 ὅτι

165 4314 325 4361 Φωνεῖ
356 4325 430 4372 σε,
468 4308 550 4359 ἶνα
589 4309 772 4360 θᾶττον
802 4305 1100 4381 ἀπαντήσῃ.

238 4489 421 4545 Εκείνη
456 4516 520 4526 —
553 4485 727 4539 αὐτόν.
760 4485 882 4540 ’Υπό
932 4484 1130 4549 πολλῆς
1162 4484 1302 4559 μάλα
1326 4493 1421 4548 τῆς
1449 4489 1579 4560 πρὸς
1610 4487 1764 4540 αὐτὸν
1798 4523 1842 4578 D

166 4583 291 4648 τιμῆ
303 4597 348 4637 ς.

239 4669 398 4717 Οὔπω
447 4696 513 4705 -
568 4667 778 4742 Μάρθα.
827 4665 925 4718 Ἦν
954 4667 1030 4716 ἔτι
1078 4665 1181 4717 ἐκεῖ
1219 4660 1493 4717 διδάσκων
1521 4669 1640 4728 τοὺς
1671 4671 1764 4720 σὺν

167 4753 329 4826 αὐτῷ,
368 4767 458 4807 καί
487 4758 744 4831 προφάσει
792 4761 882 4806 τοῦ
935 4750 1214 4806 διδάσκειν
1262 4759 1542 4828 περιμένων
1581 4757 1760 4826 αὐτας,

168 4846 250 4896 ἱνα
279 4849 349 4917 μὴ
402 4841 531 4917 δόξῃ
584 4840 846 4914 ἐπιπηδᾷν
888 4846 957 4904 ὡς
1005 4839 1272 4916 φιλόδοξος
1302 4852 1372 4915 τῷ
1416 4846 1662 4917 θαύματι.
1695 4844 1764 4898 Ἦ

164 4940 314 4985 τοῦτο
345 4930 478 4986 εἶπεν
509 4934 534 4984 6
557 4932 926 5004 εὖαγγελιστής
947 4931 1198 5004 ἐμφαίνων
1226 4934 1305 4984 ὅτι
1325 4937 1414 4985 καὶ
1432 4935 1459 4992 ἡ
1476 4933 1763 5004 καλέσασα,

165 5026 254 5072 καὶ
285 5023 314 5079 ἡ
348 5022 600 5080 κληθεῖσα
628 5031 875 5075 τοσοῦτον
917 5021 1070 5085 ὀξέως
1099 5018 1345 5097 ἔδραμον,
1373 5023 1444 5084 ὡς
1464 5025 1765 5098 προφθᾶσαι

165 5109 320 5160 αὐτὸν
349 5109 469 5165 ἰκεῐ.

1867 557 2064 626 frater
2091 571 2250 612 meus
2285 572 2401 612 non
2427 556 2638 626 fuisset
2669 565 2930 614 mortuus
2961 577 2974 625 ;
3020 562 3333 632 petivisses
3361 581 3526 622 nam-

1871 662 1987 717 que
2018 664 2052 701 a
2087 649 2222 713 Deo,
2256 663 2329 702 ne
2363 646 2485 718 ipse
2538 655 2881 714 moreretur,
2920 654 2976 705 et
2999 650 3244 706 indubie
3286 654 3528 711 auditus

1871 734 2104 800 fuisses,
2154 741 2354 807 utpote
2389 736 2489 790 Dei
2535 736 2789 793 amicus.
2850 738 3129 795 Nondum
3183 743 3339 798 enim
3390 760 3530 816 cog-

1872 824 2169 895 noscebat,
2221 825 2409 897 quod,
2443 825 2575 882 licet
2624 832 2682 882 ut
2720 828 2906 884 homo
2937 828 3160 895 aberat,
3220 835 3419 889 tamen
3472 840 3533 892 ut

1871 915 2023 968 Deus
2048 929 2310 986 praesens
2349 919 2493 969 erat.

1939 1003 2106 1057 Vers.
2139 1007 2222 1058 23.
2262 1004 2360 1058 Ait
2395 1035 2460 1044 —
2493 1003 2660 1060 Vers.
2701 1009 2790 1064 24.
2823 1007 2935 1063 die.
2980 1009 3148 1074 Quod
3179 1026 3319 1081 ergo
3362 1012 3532 1070 dixe-

1868 1097 1957 1146 rat
1989 1109 2002 1146 :
2034 1091 2166 1148 Scio
2192 1093 2351 1164 quod
2387 1109 2747 1166 quaecunque
2800 1099 3135 1166 poposceris
3163 1116 3200 1156 a
3240 1103 3380 1167 Deo,
3419 1104 3530 1162 da-

1871 1181 1950 1235 bit
1981 1181 2089 1236 tibi
2119 1181 2286 1242 Deus,
2323 1198 2441 1237 non
2473 1182 2638 1248 dixit,
2679 1186 2839 1257 quod
2881 1203 3017 1242 eum
3066 1193 3527 1249 resuscitaturus

1868 1276 2040 1334 esset,
2072 1270 2174 1324 sed
2216 1287 2289 1326 ne
2340 1288 2375 1327 a
2424 1273 2540 1328 Deo
2594 1273 2951 1345 abjiceretur
2988 1295 3002 1332 :
3049 1279 3342 1351 siquidem
3375 1298 3524 1338 non-

1868 1359 2014 1414 dum
2073 1361 2522 1417 convenientem
2577 1364 2650 1420 de
2705 1364 2933 1422 Christo
2981 1367 3244 1426 habebat
3295 1372 3524 1443 opinio.

1868 1465 2028 1516 nem,
2063 1449 2215 1504 sicut
2257 1466 2366 1506 nec
2403 1451 2697 1524 discipuli,
2737 1455 2841 1526 qui
2885 1461 3080 1513 tamen
3135 1465 3215 1515 tot
3263 1477 3332 1518 ac
3366 1467 3528 1520 tanta

1867 1542 1924 1593 et
1947 1537 2260 1594 audierant
2282 1543 2338 1594 et
2376 1539 2667 1597 viderant.

1941 1629 2099 1682 Vers.
2133 1631 2220 1682 25.
2247 1628 2413 1684 Dixit
2461 1661 2529 1670 —
2577 1630 2716 1687 vita.
2766 1632 2964 1688 Virtus
3009 1640 3453 1697 resurrectionis
3475 1648 3531 1699 et

1867 1715 2000 1770 fons
2035 1717 2188 1788 vitae,
2209 1717 2312 1790 qui
2335 1718 2630 1775 exsuscito
2658 1721 2961 1795 vitamque
2994 1725 3205 1796 tribuo,
3240 1733 3531 1802 tanquam

1869 1806 2040 1860 Deus.
2097 1806 2356 1861 Primum
2404 1807 2607 1880 itaque
2677 1812 2948 1868 modeste
3018 1814 3250 1873 locutus
3305 1826 3396 1875 est
3443 1821 3533 1877 di-

1867 1911 2007 1950 cens
2059 1911 2070 1951 :
2123 1897 2403 1967 Resurget
2424 1899 2626 1967 frater
2675 1907 2811 1957 tuus
2863 1907 2988 1973 ;at,
3043 1905 3146 1962 illa
3176 1924 3295 1963 non
3325 1909 3533 1966 intelli-

1867 1990 2059 2055 gente,
2105 1984 2326 2056 detegit
2363 1986 2494 2056 jam
2561 1989 2857 2045 occultam
2918 2008 3092 2050 suam
3151 2002 3530 2068 potestatem,

1868 2079 1922 2129 et
1950 2073 2145 2131 attolit
2176 2080 2438 2130 mentem
2489 2077 2636 2146 ejus.

1939 2162 2101 2218 Vers.
2151 2167 2240 2256 25.
2299 2164 2502 2232 Qui—
2555 2169 2713 2222 Vers.
2764 2172 2852 2226 26.
2917 2177 3229 2232 wiemum.
3284 2177 3534 2256 Etiamsi

1868 2268 2027 2309 nunc
2077 2254 2363 2310 moriatur
2414 2260 2693 2327 presenti
2753 2265 2962 2322 morte.
3019 2263 3169 2320 vivet
3213 2267 3354 2336 vita,
3409 2254 3531 2342 qua

1868 2343 1926 2398 in
1958 2342 2223 2398 futurum
2255 2345 2486 2413 vivitur,
2535 2345 2650 2402 hoc
2701 2353 2807 2413 est,
2849 2349 3050 2407 beata.
3080 2356 3144 2409 Et
3193 2356 3296 2427 qui
3331 2359 3530 2416 adhuc

1869 2431 2002 2488 vivit
2033 2432 2309 2502 prmsenti
2363 2433 2496 2500 vita,
2558 2451 2943 2509 nequaquam
2999 2443 3280 2500 morietur
3328 2446 3533 2505 futura

1871 2527 2080 2587 morte,
2109 2522 2224 2577 hoc
2281 2527 2388 2592 est,
2441 2525 2676 2581 misera.
2737 2527 2870 2582 Haec
2926 2529 3130 2587 dicens
3180 2537 3443 2592 ostendit
3472 2539 3534 2593 il-

1870 2609 1989 2665 lam
2023 2626 2150 2665 esse
2177 2627 2379 2666 veram
2412 2613 2607 2678 vitam,
2660 2631 2986 2691 veramque
3026 2628 3300 2688 mortem,
3336 2630 3536 2697 utpote

1869 2697 2266 2764 invariabiles,
2295 2705 2352 2757 et
2398 2705 2563 2758 omni
2615 2703 2768 2760 inter
2793 2722 2857 2762 se
2902 2711 3273 2768 successione
3331 2731 3536 2772 caren-

1871 2797 1980 2854 tes,
2013 2794 2069 2845 et
2097 2789 2172 2845 de
2203 2789 2317 2847 illis
2359 2794 2620 2849 maxime
2663 2796 2998 2854 curandum
3028 2815 3180 2857 esse.

1941 2880 2107 2934 Vers.
2158 2883 2244 2936 26.
2301 2881 2502 2938 Credis
2543 2915 2609 2924 —
2663 2884 2828 2942 hoc?
2885 2888 2974 2944 Me
3045 2907 3178 2947 esse
3236 2909 3540 2952 resurrec-

1872 2968 2081 3038 tionem
2103 2986 2173 3025 ac
2192 2969 2394 3036 vitam,
2425 2981 2479 3028 et
2511 2980 2742 3030 caetera.

1945 3059 2224 3114 Vers.27.
2279 3060 2480 3114 Ait—
2539 3071 2823 3120 venturus
2881 3073 3028 3123 erat.
3092 3071 3262 3136 Quod
3314 3091 3539 3144 magna

1871 3145 1944 3199 de
1968 3147 2164 3217 seipso
2187 3148 2416 3215 dixerit,
2472 3153 2754 3220 cognovit
2814 3170 2826 3220 ;
2859 3161 3172 3227 quomodo
3207 3167 3407 3217 autem
3465 3181 3538 3221 ea

1871 3234 2100 3299 dixerit,
2162 3235 2479 3305 ignoravit,
2551 3245 2606 3294 et
2677 3251 2990 3313 propterea
3051 3263 3237 3304 unum
3291 3251 3540 3308 interro-

1873 3329 2030 3392 gata,
2095 3323 2256 3380 aliud
2338 3328 2679 3397 respondet.
2759 3332 2873 3387 Sed
2953 3335 3110 3390 unde
3162 3337 3221 3392 id
3290 3340 3533 3410 sciebat,

1872 3413 2032 3483 quod
2066 3414 2373 3484 respondit
2403 3414 2432 3470 ?
2489 3415 2572 3471 Ab
2624 3417 2714 3473 his
2761 3421 2860 3492 qui
2901 3423 2958 3477 in
3003 3440 3139 3479 eum
3196 3428 3533 3486 credebant.

1875 3503 2022 3557 Nam
2052 3509 2107 3557 et
2135 3502 2296 3575 quod
2326 3505 2598 3576 superius
2641 3507 2872 3565 dixerat
2907 3527 2919 3564 :
2944 3511 3067 3568 Scio
3087 3516 3246 3585 quod
3277 3527 3538 3590 resurget

1873 3592 1935 3646 in
1967 3593 2398 3650 resurrectione
2418 3594 2481 3650 in
2511 3598 2826 3654 novissimo
2874 3601 2988 3670 die,
3021 3603 3100 3659 ab
3129 3606 3258 3677 ipso
3308 3607 3540 3666 Christo

1874 3679 2184 3748 didicerat,
2216 3688 2270 3738 et
2301 3699 2336 3739 a
2383 3683 2692 3758 discipulis
2746 3689 2953 3760 ipsius.
3008 3695 3154 3749 Nam
3206 3694 3546 3769 frequenter

1875 3787 2009 3827 cum
2038 3772 2152 3828 illis
2200 3773 2363 3846 apud
2390 3789 2490 3831 eas
2522 3776 2961 3850 hospitabatur.

1947 3951 2109 4008 Vers.
2139 3954 2229 4007 28.
2270 3953 2351 4009 Et
2394 3985 2462 3997 -—
2513 3964 2682 4012 vocat
2714 3964 2784 4013 te.
2840 3960 3198 4034 Exspectans
3254 3983 3538 4040 magnam

1877 4041 2119 4115 aliquod
2148 4043 2372 4099 bonum
2404 4061 2439 4100 a
2470 4048 2846 4103 sermonibus
2880 4051 3029 4120 ejus,
3065 4055 3245 4109 currit
3281 4064 3336 4112 et
3367 4065 3540 4116 vocat

1876 4131 2215 4186 clanculum
2249 4148 2538 4203 sororem,
2562 4151 2635 4189 ne
2661 4137 2762 4207 qui
2797 4147 3114 4206 praisentes
3149 4152 3318 4200 erant
3347 4148 3538 4204 Judaei

1875 4225 2321 4288 cognoscerent,
2355 4237 2425 4277 ac
2446 4223 2893 4280 insidiatoribus
2935 4228 3204 4285 fortassis
3237 4248 3372 4289 eum
3402 4250 3538 4307 pro—

1874 4309 2102 4364 derent.
2132 4309 2280 4364 Dixit
2305 4315 2525 4378 autem,
2570 4313 2748 4369 Vocat
2776 4321 2848 4380 te,
2901 4321 2963 4372 ut
2990 4316 3088 4375 illa
3126 4319 3299 4376 citius
3333 4338 3536 4382 occur-

1873 4401 2045 4453 reret.

1944 4487 2106 4541 Vers.
2173 4489 2260 4542 29.
2321 4487 2442 4576 [ita
2505 4519 2573 4530 —
2618 4504 2769 4546 eum.
2818 4490 2946 4549 Prae
2994 4495 3349 4568 vehementi,
3408 4517 3532 4576 quo

1874 4591 2013 4631 eum
2045 4575 2534 4648 persequebatur,
2565 4577 2812 4637 honore.

1945 4663 2106 4720 Vers.
2147 4664 2236 4720 30.
2293 4665 2576 4723 Nondum
2621 4699 2690 4709 —
2719 4669 2982 4728 Martha.
3041 4677 3174 4732 Erat
3199 4677 3398 4736 adhuc
3428 4681 3530 4750 ibi,

1874 4753 2100 4810 docens
2129 4769 2232 4810 eos
2261 4753 2364 4826 qui
2397 4771 2598 4811 secum
2627 4764 2815 4825 erant,
2861 4766 2917 4816 et
2963 4762 3217 4822 docendi
3241 4773 3532 4841 praetextu

1874 4842 2258 4915 exspectabat
2287 4843 2440 4908 illas,
2473 4862 2543 4900 ne
2591 4849 2873 4904 accedere
2910 4852 3222 4926 videretur,
3250 4863 3533 4932 tanquam

1875 4933 2125 5003 gloriam
2153 4948 2189 4988 a
2221 4932 2504 4989 miraculo
2525 4941 2794 5006 captans.
2825 4940 2936 4994 Aut
2956 4939 3070 4999 hoc
3099 4944 3249 5000 dixit
3277 4963 3536 5020 avenge-

1873 5022 2031 5090 lista,
2068 5021 2410 5089 ostendens,
2444 5024 2608 5095 quod
2639 5031 2695 5080 et
2737 5042 2870 5098 qua;
2902 5032 3153 5100 vocavit,
3201 5041 3254 5090 et
3279 5051 3413 5107 quae
3437 5054 3533 5094 vo-

1874 5117 2007 5168 cata
2039 5117 2147 5176 est,
2182 5111 2335 5167 adeo
2365 5112 2645 5170 velociter
2673 5127 3076 5187 cucurrerunt,
3132 5127 3192 5178 ut
3219 5139 3357 5182 eum
3391 5125 3529 5184 illuc

1873 5201 2260 5274 praavenerint

1389 5353 1614 5423 Variae
1640 5353 1967 5423 lectiones
1998 5363 2063 5420 et
2097 5363 2295 5420 notae.

264 5521 354 5594 '29)
372 5517 520 5594 ’Υπὲρ
554 5520 720 5578 abest
747 5526 789 5594 Α
805 5567 817 5579 .

262 5591 355 5664 30)
379 5591 704 5652 Ἀναστῆσαι
727 5593 965 5649 videtur
989 5591 1207 5666 legisse
1229 5595 1569 5654 Hentenius.

264 5666 356 5734 31)
391 5669 489 5717 Καὶ
519 5666 690 5720 abest
718 5668 787 5719 Α.

265 5738 354 5815 32)
385 5740 489 5799 Τὴν
520 5737 690 5794 abest
719 5739 787 5795 Α.

1975 5522 2066 5594 33)
2095 5521 2216 5574 “On
2236 5519 2446 5576 κάκεῖνα
2473 5529 2536 5578 Α.

1975 5523 2066 5594 33)
2095 5523 2216 5574 Ὂτι
2236 5523 2358 5575 κάκε

1948 5523 2060 5666 ἓ34)
2096 5594 2264 5647 Αὐτοῦ
2297 5600 2358 5649 Α.

1949 5671 2061 5739 (335)
2097 5666 2208 5718 Ἀπ’
2260 5671 2319 5722 Α.
