4088 6436
655 313 675 370 1
688 312 791 372 347

1982 307 2291 372 ΕΠΤΗΥΜ]

2384 305 2702 372 ΖΙΟΑΒΕΝΙ
3831 333 3921 398 1348

726 441 888 498 Vers.
921 442 1010 496 3t.
1045 439 1233 498 Judaei
1279 455 1418 511 ergo
1450 469 1516 482 —-
1559 435 1659 496 ibi.
1705 440 1904 496 Secuti
1968 446 2106 497 sunt
2149 457 2284 498 eam

2384 463 2397 496 ι
2501 445 2569 495 Οἱ
2633 441 2722 494 οὖν
2795 440 3044 498 Ἰουδαῖοι
3111 475 3181 488 -
3258 443 3380 500 ἐκεῖ.
3451 443 3787 513 Ἧκολούθησαν
3841 468 3916 536 μὲν,

652 531 836 597 veriti,
855 547 926 586 ne
943 549 975 602 ς
990 531 1088 586 uid
1118 530 1388 586 fortassis
1403 535 1607 585 contra
1631 531 1890 602 seipsam
1931 535 2313 601 perpetraret.

650 620 811 676 Facti
859 625 999 676 sunt
1066 625 1267 675 autem
1349 623 1524 674 testes
1587 618 1884 686 miraculi,
1956 621 2134 676 etiam
2193 636 2314 677 non

647 709 816 764 asciti
857 710 988 780 (cc).

718 799 881 854 Vers.
914 799 1002 854 32.
1034 798 1224 870 Igitur
1252 799 1452 855 Maria
1481 829 1546 839 -
1593 800 1806 868 frater.
1829 800 2188 870 Quanquam
2221 816 2313 856 so-

645 905 778 946 rore
811 889 1126 944 ferventior
1164 894 1287 944 erat
1336 905 1475 959 erga
1507 888 1713 944 Christi
1757 889 2069 954 honorem,
2126 890 2309 962 siqui-

643 980 774 1036 dem
806 979 939 1052 ipsa
965 978 1220 1052 procidit
1249 978 1323 1034 ad
1357 979 1535 1050 pedes
1564 979 1693 1049 ejus
1729 979 1974 1041 ;eadem
2005 984 2207 1036 tamen
2231 981 2312 1036 di-

642 1071 738 1135 cit,
772 1070 1050 1126 eamdem
1099 1069 1173 1125 de
1203 1067 1301 1125 illo
1348 1068 1574 1124 habens
1618 1069 1987 1140 opinionem,

715 1251 874 1306 Vers.
909 1251 998 1305 33.
1031 1250 1201 1305 Jesus
1251 1279 1317 1287 —
1349 1247 1583 1318 spiritu,
1616 1253 1669 1302 et
1716 1248 1980 1305 turbavit
2030 1250 2304 1319 seipsum.

641 1343 766 1396 Non
799 1354 871 1394 ea
919 1338 1066 1394 dixit
1111 1338 1188 1394 ad
1224 1337 1408 1407 illam,
1457 1352 1588 1408 quas
1648 1339 1836 1393 sorori
1885 1337 2148 1395 dixerat:
2182 1344 2308 1395 tum

641 1434 886 1502 propter
911 1444 1014 1483 eos
1040 1427 1334 1500 quisimul
1360 1425 1752 1491 advenerant,
1786 1433 1913 1482 tum
1942 1428 2115 1484 etiam
2143 1429 2308 1500 quod

640 1518 814 1573 sciret
840 1518 1105 1572 futurum
1137 1533 1262 1571 esse
1295 1521 1355 1570 ut
1390 1531 1496 1587 per
1521 1516 1708 1571 otium
1740 1515 1950 1571 eadem
1984 1520 2062 1572 ab
2093 1518 2193 1573 illa
2223 1517 2308 1574 di-

638 1613 843 1664 sceret.
877 1609 1005 1662 Jam
1039 1611 1240 1661 autem
1289 1613 1594 1660 commota
1627 1606 1683 1659 in
1726 1605 1856 1676 ipso
1897 1607 2165 1662 humana
2206 1624 2308 1663 na-

637 1713 772 1774 gura
799 1696 873 1752 ad
893 1694 1372 1766 compassionem
1388 1695 1603 1764 (solent
1621 1711 1884 1767 namque
1903 1696 2006 1767 qui
2032 1696 2304 1763 humani,

2425 531 2726 595 καθέξοντες
2777 536 2821 585 εἲ
2879 537 2978 586 πού
3054 555 3107 588 τι
3167 535 3342 609 με’λλοι
3409 539 3520 590 καθ’
3560 540 3722 607 ἑαυτῆς
3761 531 3920 624 (inﬁgi.

2426 621 2639 683 ξασθαι.
2698 627 2951 694 Γεγόνασι
3004 622 3064 678 δι
3115 628 3377 701 μάρτυρες
3432 636 3520 680 τοῦ
3571 632 3791 703 θαύματος
3828 621 3918 694 ἀξια.

2423 713 2739 785 ράγραπτοι.

2493 800 2548 852 'H
2585 797 2688 889 οὖν
2738 807 2918 875 Μαρία
2970 834 3039 844 -
3092 800 3332 878 ἁδελφός.
3394 806 3452 858 Εἰ
3492 813 3575 862 καὶ
3620 812 3846 889 θερμοτέρα
3880 816 3917 876 ἦν

2422 897 2516 951 τῆς
2572 887 2798 962 ἀδελφῆς
2855 895 2984 964 πρὸς
3051 898 3145 952 τὴν
3219 895 3287 956 εἰς
3345 895 3496 949 αὐτὸν
3544 906 3699 971 τιμήν
3746 887 3816 956 καὶ
3853 912 3916 982 γὰρ

2422 979 2548 1037 αὐτὴ
2597 979 2710 1052 (36)
2743 983 2916 1034 ἔπεσεν
2966 982 3034 1044 εἰς
3087 986 3204 1044 τοὺς
3235 980 3400 1046 πόδας
3460 987 3624 1040 αὐτοῦ’
3663 988 3769 1043 ἀλλὰ
3803 1013 3847 1064 γε

2421 1069 2550 1120 αὐτὰ
2578 1068 2734 1141 λέγει,
2775 1074 2869 1129 τὸν
2909 1071 3072 1131 αὐτὴν
3110 1073 3199 1126 καὶ
3230 1073 3362 1134 αύτή
3400 1080 3516 1150 περὶ
3550 1076 3692 1131 αὑτοῦ
3729 1082 3915 1152 ὑπόληψιν

2422 1176 2643 1228 εχουσα.

2493 1247 2694 1309 Ἰησοῦς
2757 1281 2814 1290 -
2879 1252 3133 1324 πνεύματι
3191 1254 3302 1324 (37)
3353 1253 3465 1307 Οὐκ
3519 1262 3616 1309 εῖπε
3667 1261 3772 1331 πρὸς
3811 1266 3916 1320 αὐτὴν

2419 1337 2453 1388 οἱ
2490 1342 2578 1389 καὶ
2625 1341 2756 1411 πρὸς
2793 1344 2884 1398 τὴν
2925 1337 3152 1413 ἀδελφὴν
3207 1338 3302 1395 διὰ
3350 1347 3473 1406 τοὺς
3511 1345 3810 1408 συνελθὼταςο

2421 1422 2478 1479 δε
2530 1432 2619 1480 καὶ
2667 1426 2938 1499 ἐγίνωσκεν
2977 1432 3057 1482 ὁτι
3105 1433 3403 1502 μαθήσεται
3459 1441 3615 1486 ταῦτα
3648 1437 3751 1508 παρ’
3789 1436 3916 1501 tum;

2418 1518 2552 1567 κατὰ
2601 1517 2822 1587 σχολήν·
2870 1521 3175 1581 κινηθείσης
3229 1517 3289 1574 δι
3337 1519 3446 1580 ἤδη
3499 1531 3586 1583 τῆς
3636 1523 3678 1576 ἕν
3723 1525 3831 1596 αὐτῷ
3863 1526 3917 1578 εν-

2420 1605 2678 1676 θρωπίνης
2754 1610 2956 1679 φύσεως
3027 1610 3101 1672 εἰς
3167 1613 3516 1680 συμπάθειαν·
3593 1617 3645 1665 τὸ
3711 1617 3790 1689 γὰρ
3838 1618 3915 1688 όρᾲν

2417 1692 2612 1768 ἑτέρους
2659 1692 2978 1770 δακρύοντας
3028 1697 3277 1774 ἐρεθίζειν
3327 1699 3442 1754 οἶδε
3492 1706 3616 1778 πρὸς
3667 1699 3805 1757 οἶκτον
3842 1712 3915 1766 τοὺς

638 1791 796 1851 sunt,
832 1785 981 1842 alios
1008 1783 1264 1840 videndo
1297 1784 1720 1855 lacrymantes,
1747 1786 1987 1842 excitari
2017 1787 2094 1843 ad
2122 1786 2291 1843 mise-

2418 1783 2831 1858 φιλανθρώπους.

635 1877 985 1945 ricordiam)

705 1965 1022 2036 Infremuit
1067 1964 1309 2032 spiritu,
1343 1962 1458 2019 hoc
1512 1968 1621 2029 est,
1678 1964 1956 2020 atl'ectum
2011 1965 2299 2036 cohibuit,

636 2056 837 2130 ipsum
866 2055 1195 2127 reprimens
1231 2070 1243 2118 ;
1271 2059 1436 2108 torve
1463 2070 1532 2109 ac
1564 2059 1798 2110 austere
1825 2071 1944 2126 prae
1962 2055 2301 2113 turbatione

635 2146 882 2202 intuitus
911 2150 1023 2212 est,
1053 2159 1127 2200 ne
1149 2159 1286 2198 cum
1318 2141 1604 2214 lacrymis
1639 2143 2047 2214 interrogaret.

705 2327 851 2380 Nam
867 2323 1106 2394 spiritus
1131 2321 1456 2378 diciturhic
1480 2321 1836 2379 turbationis
1860 2322 2126 2380 aﬂ'ectus.
2153 2327 2296 2382 Cum

631 2419 831 2471 autem
875 2411 1293 2475 infremuisset,
1317 2411 1574 2467 turbavit
1605 2412 1866 2484 seipsum
1898 2414 2020 2470 sive
2050 2430 2299 2470 concus-

631 2503 706 2558 sit
756 2518 768 2557 :
807 2502 1087 2572 contingit
1145 2501 1327 2566 enim,
1400 2508 1457 2555 ut
1501 2501 1918 2557 concutiantur
1963 2503 2296 2574 superiores

629 2593 894 2665 corporis
925 2599 1119 2662 partes
1145 2607 1352 2646 eorum
1396 2592 1498 2664 qui
1555 2592 1634 2648 ita
1665 2592 2005 2648 infremunt.

703 2682 956 2748 Quidam
993 2696 1134 2737 vero
1164 2680 1439 2752 spiritum
1489 2681 1878 2751 intelligentes
1922 2683 2292 2740 divinitatem

630 2771 780 2842 ejus,
814 2771 1294 2842 interpretantur,
1322 2768 1488 2842 quod
1523 2771 1734 2826 acriter
1759 2771 2039 2828 humanas
2065 2780 2291 2829 natura

629 2860 1034 2916 comminatus
1064 2865 1150 2915 est
1173 2875 1271 2931 per
1300 2858 1672 2914 divinitatem
1709 2867 1798 2915 :et
1828 2862 2128 2917 concussit
2155 2877 2289 2917 eam

632 2949 1099 3004 comminatione
1119 2949 1501 3021 perterritam.

699 3038 862 3094 Vers.
889 3041 974 3094 3i.
999 3038 1152 3093 Et—
1179 3040 1336 3093 νοτε.
1363 3042 1449 3094 35.
1478 3040 1666 3094 Jesus.
1700 3038 2010 3110 Tanquam
2030 3037 2215 3095 homo
2234 3045 2289 3096 et

627 3128 954 3197 interrogat
1001 3131 1058 3182 et.
1087 3127 1476 3196 lacrymatur,
1518 3125 1755 3198 aliaque
1805 3126 1964 3193 facit,
1997 3144 2287 3201 quaecum-

624 3232 742 3288 que
775 3232 906 3273 esse
938 3217 1245 3272 hominem
1303 3216 1501 3287 ipsum
1555 3216 1915 3274 conﬁrmant
1947 3240 1959 3272 :
1996 3224 2285 3292 tanquam

627 3306 782 3361 Deus
817 3321 957 3361 vero
976 3304 1439 3377 quatriduanum
1479 3320 1551 3360 ac
1570 3304 1789 3360 oliduin
1816 3306 1944 3376 jam
1983 3314 2284 3363 mortuum

626 3395 889 3462 suscitat,
909 3402 1242 3466 caeteraque
1267 3403 1564 3465 Operatur,
1597 3411 1970 3469 quaecunque
1999 3402 2287 3452 testantur

625 3499 760 3540 eum
792 3501 919 3541 esse
947 3488 1156 3540 Deum.
1185 3483 1316 3539 Vult
1346 3484 1504 3539 enim
1549 3492 1864 3558 utramque
1888 3487 1979 3541 sui
2011 3493 2285 3543 naturam

625 3575 890 3645 agnosci,
920 3580 976 3630 et
1002 3574 1138 3630 ideo
1161 3589 1321 3629 nunc
1351 3575 1595 3645 quidem
1616 3576 1878 3631 humano
1901 3592 2084 3640 more,
2126 3592 2287 3632 nunc

621 3678 766 3722 vero
796 3663 1022 3729 divino,
1065 3664 1226 3718 varia
1255 3663 1643 3720 demonstrat.

693 3753 856 3809 Vers.
907 3756 994 3808 36.
1053 3752 1342 3808 Dicebant
1396 3782 1460 3794 —
1511 3768 1664 3810 eum.
1701 3754 1976 3811 Videntes
2015 3770 2155 3811 eum
2203 3754 2286 3813 la-

623 3847 1023 3913 crymantem.

695 3932 852 3986 Vers.
885 3929 972 3984 37.
1009 3929 1258 3996 Quidam
1300 3962 1351 3972 -
1378 3942 1725 3990 moreretur.
1777 3935 2199 4006 lmpotentiain
2231 3935 2282 3992 ei

623 4019 972 4092 exprobant,
999 4026 1057 4076 et
1077 4020 1299 4076 ironice
1329 4021 1536 4078 dicunt
1565 4039 1578 4078 :
1616 4023 1728 4090 Qui
1753 4024 1888 4080 caci
1911 4025 2111 4081 oculos
2147 4041 2283 4095 ape-

621 4111 766 4176 ruit,
790 4125 860 4165 eo
890 4109 1056 4182 quod
1100 4111 1250 4166 istud
1283 4128 1405 4166 non
1451 4113 1672 4178 fecerit,
1727 4129 1836 4168 nec
1885 4115 2031 4169 illud
2077 4116 2281 4171 fecisse

619 4198 995 4258 arbitrantes.
1020 4200 1383 4270 lgnorabant
1409 4201 1700 4272 siquidem
1723 4203 1806 4271 id,
1841 4204 1998 4274 quod
2019 4204 2281 4260 facturus

621 4293 729 4358 est,
761 4289 858 4346 illo
891 4289 1088 4360 majus
1117 4305 1246 4346 esse
1278 4306 1290 4344 :
1325 4307 1468 4346 nam
1500 4292 1697 4362 majus
1724 4299 1810 4347 est
1847 4300 2118 4355 mortem,
2145 4311 2278 4367 quas

615 4378 746 4449 jam
779 4379 1088 4435 advenerit
1152 4396 1222 4436 ac
1261 4379 1570 4438 dominata
1627 4381 1718 4448 sit,
1752 4383 2046 4454 repellere,
2093 4400 2279 4457 quam

621 4468 1004 4525 accedentem
1019 4469 1353 4540 prohibere.

692 4560 851 4614 Vers.
901 4559 990 4614 38.
1035 4558 1202 4615 Iesus
1247 4589 1318 4600 -——
1378 4567 1837 4619 monumentum.
1897 4563 2280 4634 Laerymatus

619 4647 855 4721 quidem
877 4654 981 4716 est,
1016 4649 1219 4705 siuens
1252 4654 1554 4714 naturam,
1592 4667 1723 4721 quas
1751 4668 1861 4707 sua
1900 4658 2054 4718 sunt,
2086 4661 2278 4709 osten-

619 4737 760 4792 dere
793 4753 806 4792 :
841 4738 1144 4794 modicam
1174 4737 1552 4810 lacrymaudi
1599 4756 1779 4812 super
1809 4750 2076 4799 mortuos
2116 4759 2277 4800 men-

620 4841 826 4882 suram
854 4827 1094 4883 tradens
1121 4828 1314 4884 nobis.
1359 4829 1583 4885 Deinde
1630 4846 1868 4886 rursum
1914 4832 2181 4897 infremit,
2207 4850 2276 4890 ac

617 4912 899 4971 affectum
939 4915 1195 4984 cohibet,
1255 4923 1468 4975 vetans
1516 4934 1590 4975 ne
1655 4919 1808 4976 ultra
1859 4921 2111 4978 modum
2143 4937 2278 4994 pro-

617 5004 942 5074 gradiatur.

691 5095 860 5152 Vers.
901 5099 988 5152 39.
1017 5096 1170 5153 Erat
1199 5126 1265 5138 —
1306 5098 1584 5168 lapidem.
1646 5101 1838 5166 Quare
1876 5116 1998 5159 non
2030 5103 2274 5160 suscita-

2484 1960 2892 2036 Ἐνεϐριμήσατο
2947 1971 3020 2035 τῷ
3074 1968 3351 2039 πνεύματι,
3407 1973 3664 2022 τουτίστιν
3721 1972 3914 2042 ἐπιτίμια

2410 2058 2480 2120 τῷ
2525 2052 2698 2117 πάθει,
2738 2049 3096 2124 ἁναχαιτίζων
3152 2055 3296 2109 wit-6°
3333 2053 3500 2132 δριμύ
3540 2078 3587 2111 τι
3629 2063 3709 2112 καὶ
3734 2060 3915 2131 αὐστηρὰν

2409 2136 2637 2210 ἐνέϐλεψε
2665 2148 2726 2212 τῇ
2776 2146 3064 2214 συγχύσει,
3098 2145 3180 2198 ἶνα
3217 2150 3289 2218 μή
3327 2149 3462 2219 μετὰ
3513 2143 3734 2221 δακρύων
3765 2155 3914 2206 nonin-

2407 2246 2493 2279 ται
2524 2233 2620 2287 τήν
2651 2228 2928 2305 ipsine-tu.

2478 2324 2685 2391 Πνεῦμα
2729 2323 2828 2394 γὰρ
2861 2321 3082 2376 ἕνταύθα
3108 2332 3301 2379 usit-ut
3350 2328 3409 2378 τό
3452 2329 3615 2389 πάθος
3655 2337 3737 2390 τῆς
3780 2329 3912 2396 (nr/zi-

2409 2425 2550 2468 σιως.
2607 2408 3090 2483 Ἐμϐριμησοξμενος
3147 2410 3208 2468 δε
3269 2413 3516 2490 ἐτάραξεν
3567 2416 3750 2487 ἑαυτὸν,
3814 2419 3910 2485 ξγονπ

2407 2492 2651 2550 διίσεισε·
2689 2499 2963 2571 συμϐαίνει
2992 2505 3093 2576 γὰρ
3134 2505 3485 2558 τινάσσεσθαι
3530 2507 3596 2558 τὰ
3619 2503 3898 2580 iamque?!

2406 2593 2504 2638 τῶν
2543 2587 2707 2650 οὕτως
2730 2587 3152 2663 ἄμϐριμωμένων.

2473 2680 2611 2737 Τίνες
2685 2673 2745 2730 δε
2814 2689 3014 2752 πνεύμα
3086 2686 3174 2740 τὴν
3239 2684 3462 2741 θεὸτητα
3545 2684 3698 2736 αὐτοῦ
3766 2689 3914 2736 νοοῦντες

2404 2763 2769 2837 ἑρμηνεύουσιν
2810 2769 2889 2818 ὅτι
2952 2767 3330 2844 ἐνεϐριμήσατο
3389 2780 3452 2844 τῇ
3521 2771 3788 2847 ἀνθρωπίνῃ
3822 2773 3913 2840 φύσει

2403 2852 2450 2904 ίν
2498 2861 2559 2926 τῇ
2621 2856 2847 2923 θεότητι,
2896 2863 2985 2910 καὶ
3025 2863 3295 2918 εκλόνησεν
3333 2861 3502 2921 αύτήν
3552 2860 3825 2934 φοϐηθεῖσαν
3861 2860 3918 2911 τὴν

2400 2941 2738 3015 ἐμϐρίμησιν.

2472 3038 2568 3085 Καὶ
2624 3065 2691 3074 -
2727 3035 2950 3098 Ἰησοῦς.
2995 3036 3079 3098 Ὠς
3120 3039 3391 3113 ἅνθρωπος
3577 3045 3662 3092 καί
3696 3039 3829 3112 ἕρδ’τᾲ
3867 3039 3923 3084 ω

2349 3172 2366 3190 η
2399 3117 2614 3196 δακρύει
2666 3127 2755 3176 καὶ
2810 3123 2973 3176 τοῖλλα
3020 3134 3160 3179 ποιεῖ
3195 3128 3297 3179 ὅσα
3334 3126 3642 3200 βεϐαιοῦσιν
3677 3130 3747 3180 ὅτι
3789 3123 3924 3196 ἀνθρον

2397 3215 2492 3271 πός
2552 3209 2710 3263 ἔστιν·
2761 3215 2829 3275 ὡς
2883 3209 2943 3266 δε
2997 3218 3127 3277 Θεὸς
3180 3214 3369 3288 ἀνιστᾴ
3426 3222 3516 3271 τόν
3569 3223 3828 3290 τεταρταῖον
3867 3216 3924 3262 καὶ

2398 3296 2643 3351 ὀδωδότα
2671 3305 2868 3377 νεκρόν,
2907 3308 2996 3356 καὶ
3044 3307 3110 3356 τὰ
3155 3303 3312 3358 λοιπὰ
3355 3304 3550 3383 ἔνεργεί
3577 3309 3673 3360 ὅσα
3698 3307 3925 3378 μαρτνροῦ-

2400 3406 2482 3439 σιν
2530 3391 2610 3441 ὃτι
2659 3397 2788 3453 Θεὸς
2841 3390 2997 3448 ἔστιν.
3061 3394 3302 3447 Βούλεται
3348 3399 3452 3470 γὰρ
3514 3396 3784 3470 ἀμφοτέρας
3814 3392 3927 3444 αὐτοὺ

2397 3481 2484 3537 τὰς
2547 3481 2728 3551 φύσεις
2776 3477 3246 3552 διαγινώσκεσθαι,
3297 3489 3387 3537 καὶ
3437 3483 3535 3538 διὰ
3586 3495 3725 3538 τούτο
3770 3485 3823 3535 τὰ

2396 3566 2859 3644 ἀνθρωποπρεπώς,
2888 3573 2954 3623 τὰ
2979 3568 3039 3624 δε
3072 3573 3363 3647 θεοπρεπὺς
3389 3572 3755 3629 ἕπιδείκνυται.

2465 3744 2671 3820 Ἔλεγον
2703 3779 2770 3790 -
2811 3748 2986 3803 αὐτόν.
3023 3747 3243 3815 Ἰδόντες
3272 3751 3428 3806 αὐτὸν
3482 3749 3821 3830 δακρύσαντα.

2462 3928 2606 3988 Τινες
2636 3957 2703 3968 -—
2755 3925 3012 4002 ἀποθάνῃ.
3066 3926 3392 4005 Ἀδυναμίαν
3445 3929 3786 3994 ὁνειδίζουσνν
3812 3926 3926 3993 τότῷν

2391 4020 2480 4068 καὶ
2530 4016 2908 4090 εἰρωνευόμενοι
2956 4018 3214 4086 λέγουσιν·
3273 4020 3332 4073 Ὀ
3385 4023 3596 4086 ἀνοίξας
3642 4025 3752 4081 τοὺς
3795 4013 3927 4088 ἀφθίλ⁸

2388 4107 2516 4174 μούς
2559 4112 2649 4155 τοῦ
2705 4105 2920 4177 τυφλού-
2985 4105 3086 4159 iure
3141 4115 3232 4160 τοῦ
3289 4113 3361 4181 μὴ
3409 4118 3635 4169 ποιῆσαι
3676 4114 3826 4170 τοῦτο,
3864 4098 3929 4153 κάκ’

2389 4200 2524 4244 κεῖνο
2578 4189 2770 4263 “huic;
2827 4195 3068 4267 οἰόμενοι.
3143 4198 3420 4269 ’Δγνοοῡσι
3493 4195 3554 4253 δι
3602 4200 3678 4252 ὅτι
3738 4199 3762 4248 ὁ
3808 4190 3926 4266 iam!

2389 4290 2612 4340 ποιῆσαι
2657 4284 2834 4355 μεῖζόν
2899 4283 3030 4339 ἐστι.
3094 4292 3196 4339 Τοῦ
3246 4290 3351 4362 γὰρ
3395 4287 3633 4341 κωλύσαι
3673 4285 3852 4340 ἐπιόντα
3875 4285 3929 4330 τάν

2392 4372 2606 4422 θάνατον
2658 4374 2837 4444 μεῖζον
2894 4377 2953 4425 τὸ
3021 4381 3434 4450 παραγενόμενον
3493 4375 3603 4436 ἤδη
3661 4381 3741 4428 καὶ
3787 4369 3929 4443 κύριε)-

2392 4477 2553 4512 σαντα
2581 4459 2845 4514 ἀπελάσαι
2879 4462 3052 4517 αὐτόν.

2461 4550 2669 4610 Ἰησοῦς
2741 4583 2805 4590 -
2870 4560 3144 4625 μνημεῖον.
3213 4550 3508 4628 Ἐδάκρυσε
3561 4558 3651 4627 μεν
3711 4552 3834 4625 ἀφεὶς

2390 4641 2544 4711 φύσιν
2588 4636 2915 4703 ἐνδείξασθαι
2969 4645 3036 4695 τὰ
3091 4642 3298 4714 ἑαυτῆς,
3359 4644 3530 4716 ὀλίγον
3579 4640 3639 4697 δι
3691 4647 3835 4716 μέτρα
3865 4643 3927 4687 τών

2388 4727 2472 4780 ἰπὶ
2526 4736 2722 4802 νεκροῖς
2773 4726 3020 4804 δακρύων
3075 4729 3413 4807 παραδιδούς
3463 4735 3612 4806 ἡμῖν.
3667 4729 3786 4785 Εἶτα
3829 4725 3933 4780 man

2388 4815 2705 4892 ὶμϐριμᾶται
2752 4827 2824 4891 τῷ
2866 4822 3038 4890 πάθει,
3093 4822 3302 4875 κωλύων
3337 4821 3572 4876 ἕκπεσεῖν
3617 4821 3684 4884 εἰς
3724 4819 3930 4893 ἀμετρίαν-

2454 5104 2551 5159 Ἦν
2608 5137 2677 5148 -
2729 5105 2898 5166 λίθον.
2943 5113 3092 5163 Διατί
3141 5108 3235 5163 ούκ
3269 5108 3551 5170 ἀνίστησιν
3599 5107 3746 5163 αὐτὸν
3791 5103 3934 5159 ἔπαιε·

1853 5281 2060 5352 Varia:
2099 5281 2423 5353 lectiones
2466 5294 2532 5354 et
2570 5294 2776 5358 notae.

708 5473 777 5530 36
784 5485 800 5544 j
820 5473 985 5531 Forte
1011 5467 1163 5544 αὓτη.

708 5473 777 5530 36
784 5485 800 5544 >
820 5473 985 5531 Forte
1011 5473 1163 5532 αῦτη.

684 5473 800 5622 ἱϐῖ)
835 5550 935 5601 Καὶ
958 5543 1193 5623 ἔτᾶραξεν
1224 5545 1424 5618 ἑαυτὸν,
1472 5547 1652 5623 quod'
1681 5549 1798 5606 mei
1845 5551 2144 5620 omittunt,
2180 5553 2274 5610 in-

2384 5485 2607 5559 terpres
2659 5482 2980 5559 expressit.
3020 5483 3397 5559 Vocabulum
3448 5483 3736 5559 ίκλόνησεν,
3772 5475 3928 5538 inﬁne

2385 5554 2612 5622 scholii,
2646 5554 2878 5614 videtur
2907 5555 3088 5616 etiam
3128 5557 3276 5617 tueri
3303 5557 3449 5616 haec.

685 5726 794 5817 (cc)
821 5726 1020 5786 Etiam
1044 5741 1161 5786 non
1186 5726 1372 5786 asciti.
1399 5725 1643 5785 Minime
1699 5727 1962 5801 fallaces,
1997 5730 2242 5788 minime
2273 5731 2550 5809 suspecti.
