4088 6464
143 356 272 422 1349

142 493 285 564 μένου
323 493 416 541 τοῦ
468 484 638 538 λίθου.
664 477 777 536 Ἵνα
826 479 876 532 οἱ
922 479 1035 550 (38)
1093 481 1179 531 τὸν
1229 476 1371 529 λίθον
1401 477 1612 548 ἄραντες
1641 477 1730 525 καὶ
1764 475 1806 530 Α

141 588 329 654 πρῶτοι
375 583 471 637 τῆς
519 575 690 645 ὀσμῆς
730 569 1101 644 ὀσφρανθέντες
1150 567 1300 620 αὐτοὶ
1351 570 1733 654 μαρτυρήσωσι

143 652 367 742 μαλιστα
421 672 493 734 τῷ
552 663 796 734 θαύματι.
831 662 926 712 Διά
969 666 1122 710 τοῦτο
1176 659 1277 732 γὰρ
1326 660 1416 707 καὶ
1468 654 1562 707 ούκ
1591 652 1733 705 ἀπὼν

145 756 416 814 ἀνέστησεν
487 751 666 818 αὐτόν,
736 753 826 802 καὶ
890 750 1019 821 μετὰ
1080 745 1278 800 πολλῶν
1345 742 1492 804 ἦλθεν
1561 743 1628 804 εἰς
1677 745 1734 795 τὸ

143 852 402 919 μνημεῖον,
437 847 544 894 καὶ
594 836 866 911 δεδεμένον
908 841 1126 911 κειρίαις
1179 836 1290 908 (39)
1333 839 1422 886 καὶ
1465 829 1734 904 σουδαρίῳ

145 938 340 1009 ἤγειρεν
398 931 575 989 αὑτὸν.
630 933 720 982 καὶ
788 925 1074 1002 προσέταξε
1146 924 1305 976 λῦσαι
1376 922 1552 988 αὐτόν,
1607 924 1735 994 πρὸς

141 1021 502 1098 ἀναντίρρητον
557 1014 825 1080 ἀπόδειξιν
881 1023 968 1069 τοῦ
1029 1017 1313 1087 θαύματος,
1349 1014 1430 1064 ἱνα
1474 1008 1569 1064 διὰ
1612 1013 1736 1062 πάν-

138 1134 232 1167 των
263 1114 460 1164 τούτων
509 1112 538 1168 ἡ
589 1107 806 1166 ἀλήθεια
851 1105 1189 1179 μαρτυρηθῇ,
1239 1107 1329 1155 καὶ
1368 1106 1439 1174 μὴ
1475 1101 1626 1154 πάλιν
1672 1101 1736 1159 ὡς

142 1203 222 1256 ἐπὶ
251 1208 342 1254 τοῦ
373 1197 566 1272 τυφλοῦ
600 1199 816 1270 γένηταί
840 1214 920 1257 τις
953 1192 1253 1268 ἀμφιϐολία.

213 1387 364 1453 Λέγει
412 1411 473 1420 --
522 1377 683 1432 ἐστιν.
746 1371 889 1434 Ἤδη
925 1375 1051 1446 ὄζει,
1106 1373 1431 1446 καὶηλοιπόν⁹
1484 1367 1738 1423 ἀδύνατον

145 1471 431 1532 ἀναστῆναι
499 1468 654 1521 αὐτὸν
732 1463 1064 1540 διεφθορότα.
1121 1467 1438 1536 Προείρηται
1501 1463 1602 1534 γὰρ
1660 1462 1740 1513 ὅτι

145 1564 284 1613 οὔπω
331 1564 450 1633 περὶ
503 1557 663 1610 αὐτοῦ
706 1559 801 1614 τὴν
852 1558 1223 1626 προσήκουσαν
1267 1549 1528 1622 ὑπόληψιν
1577 1551 1740 1622 εἶχεν,

149 1646 270 1703 οὐδὲ
294 1649 329 1701 ἂ
363 1652 496 1701 εἶπεν
521 1646 676 1718 αὐτῇ,
707 1648 931 1702 νενόηκε.

219 1831 371 1900 Λέγει
427 1858 494 1868 -—
543 1831 678 1879 Θεοῦ
705 1841 720 1892 ;
751 1823 897 1884 Εἰκὸς
943 1824 1045 1898 γὰρ
1089 1824 1180 1874 καὶ
1209 1827 1360 1874 τοῖτο
1400 1819 1556 1873 εἰπεῖν
1588 1818 1742 1892 αύτῇο
1777 1832 1820 1888 Β

148 1919 177 1978 ἢ
209 1925 357 1972 τοῦτο
386 1923 575 1976 νοῆσαι
601 1911 814 1968 ὶδίδουν
837 1914 971 1985 (40),
1003 1909 1040 1964 ἃ
1070 1907 1206 1964 εἶπεν
1233 1909 1389 1983 αὐτῇ.

217 2093 380 2168 Ἦραν
431 2122 499 2135 -
553 2094 804 2163 κείμενος.
870 2086 1037 2161 Ἦραν
1095 2085 1250 2140 αύτόν
1306 2085 1409 2138 ἀπό
1453 2091 1546 2138 τοῦ
1585 2088 1746 2138 τόπου

150 2185 275 2236 ὅπου
308 2179 369 2240 ἦν
393 2185 642 2253 κείμενος.

221 2278 264 2324 O
303 2267 363 2323 δι
419 2269 626 2329 Ἰησοῦς
677 2297 746 2309 —
797 2285 920 2340 μου.
967 2263 1097 2340 Ὀρᾴ
1150 2265 1266 2336 (41)
1315 2263 1473 2333 "Arcu,
1526 2269 1615 2317 καὶ
1645 2264 1749 2318 E6-

150 2365 418 2436 χαριστεί,
461 2359 544 2411 ἶνα
573 2357 826 2428 πιστευθῇ
869 2357 950 2407 ότι
979 2357 1123 2428 παρὰ
1168 2361 1259 2407 τοῦ
1288 2359 1415 2408 Θεοῦ
1459 2353 1746 2413 ἀπεστάλη.

153 2450 318 2510 Αὐτὸς
363 2452 464 2519 γὰρ
517 2450 710 2521 προῖὼν
757 2441 1010 2498 διδάσκει
1053 2446 1248 2502 ταύτην
1275 2441 1403 2496 εἶναι
1432 2449 1526 2502 τὴν
1557 2445 1745 2497 αἰτίαν.

150 2538 359 2610 Ἔλεγον
399 2540 499 2608 γὰρ
553 2538 602 2588 οἱ
642 2530 916 2603 Ἰουδαῖοι,
948 2536 1028 2586 ὅτι
1072 2533 1182 2587 Οὐκ
1238 2536 1380 2586 ἔστιν
1433 2533 1534 2586 ἀπὸ
1593 2540 1748 2590 Θεοῦ,

151 2627 308 2681 ’Λλλὰ
349 2635 457 2687 πῶς
504 2622 659 2691 εἶπεν,
689 2623 810 2675 Ὀτι
852 2625 1086 2684 ἤκουσάς
1118 2640 1253 2695 μου;
1289 2623 1347 2674 ού
1394 2625 1492 2697 γὰρ
1534 2622 1746 2686 ηὔξατο.

154 2716 264 2769 Οὐκ
303 2717 495 2778 ηὔξατο
548 2716 638 2786 μεν
690 2711 947 2785 ἐμφαίνων
979 2713 1058 2764 ὃτι
1114 2711 1172 2763 ού
1236 2708 1408 2764 δεῖται
1451 2712 1703 2775 εὔξασθαι
1735 2732 1747 2745 ·

153 2803 259 2859 εἰπε
309 2801 388 2872 δὲ,
437 2801 555 2856 Ὀτι
585 2805 817 2863 ἤκουσάς
845 2821 966 2874 μου,
1015 2798 1292 2860 ύποδηλῶν
1335 2804 1394 2854 τὸ
1446 2805 1631 2854 ταυτὸν
1661 2809 1751 2855 τοῦ

154 2894 456 2968 θελήματος.
483 2892 803 2966 Εύχαριστῶ
834 2910 940 2957 σοι,
973 2893 1051 2944 ὅτι
1083 2890 1342 2953 ἠθέλησας
1370 2891 1396 2944 ὃ
1422 2892 1574 2949 θέλω.

225 3071 358 3144 Ἐγὼ
404 3103 474 3112 -
521 3070 741 3132 ἀκούεις.
787 3072 1014 3124 Πάντοτε
1061 3070 1216 3130 θέλεις
1259 3069 1294 3121 ἃ
1331 3070 1474 3124 θελω.
1519 3075 1588 3124 Τό
1626 3070 1751 3123 αὐτο

150 3163 251 3234 γὰρ
297 3159 604 3232 ἀμφοτέροις
663 3159 878 3231 θέλημα,
928 3161 959 3216 ἡ
1017 3159 1144 3216 αὐτὴ
1176 3165 1379 3230 γνώμη.
1429 3155 1556 3210 Εἶτα
1592 3178 1753 3231 προσ-
1795 3185 1836 3237 C

152 3251 332 3307 τίθησι
396 3253 487 3300 καὶ
540 3253 632 3306 τὴν
689 3248 862 3299 αἰτίαν
923 3255 1014 3308 τῆς
1081 3251 1328 3309 τοιαύτης
1385 3247 1750 3322 εὐχαριστίας,

151 3343 242 3391 καὶ
267 3347 365 3390 τῶν
393 3345 642 3390 ταπεινῶν
666 3336 934 3410 ῥημάτων.

221 3426 380 3480 Ἀ).)α
416 3458 476 3467 -
513 3423 672 3479 εἶπον.
731 3428 820 3490 Τὸ,
875 3424 1192 3499 Εὐχαριστῶ
1260 3443 1344 3478 σοι
1387 3428 1464 3478 ὄτι
1518 3428 1754 3489 ἤκουσάς

151 3537 275 3592 μου,
310 3513 344 3570 δ
352 3519 404 3568 ιὰ
431 3520 520 3574 τὴν
552 3513 818 3568 ἀσθένειαν
839 3522 938 3566 τῶν
961 3521 1331 3586 περιεστώτων.

223 3693 334 3748 Ἵνα
389 3724 453 3733 -
501 3691 819 3753 ἀπέστειλας.
887 3699 1053 3745 Τοῦτο
1106 3695 1206 3768 γὰρ
1273 3690 1335 3752 ἦν
1401 3692 1756 3768 ἀναγκαιότα-

153 3803 262 3838 τον,
291 3783 351 3835 Ὀ
397 3785 495 3856 γὰρ
541 3785 824 3842 πιστεύσας
877 3783 958 3834 ὃτι
1013 3783 1038 3833 ό
1080 3786 1205 3843 Θεὸς
1257 3783 1411 3836 αὐτὸν
1466 3785 1749 3858 ἀπέστειλε,

151 3875 424 3926 πιστεύσει
479 3874 678 3932 πάντως
717 3876 806 3923 καὶ
858 3878 970 3932 τοῖς
1015 3870 1190 3944 λόγοις
1234 3872 1412 3940 αὐτοῦ,
1440 3881 1545 3936 τοῖς
1583 3894 1638 3928 τε
1666 3875 1755 3928 ἀλ-

149 3962 264 4024 λοις
310 3967 400 4014 καὶ
455 3968 562 4021 τοῖς
609 3965 727 4033 περὶ
779 3968 871 4012 τοῦ
923 3956 1053 4013 εἶναι
1099 3960 1254 4014 αὐτόν
1293 3965 1410 4015 Υὶόν
1459 3973 1550 4016 τοῦ
1603 3970 1749 4021 Θεοῦ.

144 4053 210 4104 Ὀ
269 4049 328 4104 δε
372 4055 443 4123 μή
501 4052 792 4111 πιστεύσας
838 4051 919 4102 ὅτι
962 4051 989 4101 ό
1055 4053 1178 4113 Θεὸς
1226 4051 1380 4105 αὐτόν
1434 4053 1750 4124 ἀπέστειλεν,

146 4137 278 4195 οὐδε
307 4143 425 4201 τοὺς
459 4138 643 4209 λόγους
671 4138 831 4191 αὑτοῦ
856 4134 1227 4214 παραδέξεται.

228 4233 331 4282 Καὶ
392 4259 460 4266 -
525 4227 640 4289 ἔξω.
689 4257 759 4269 --
817 4234 958 4300 Φωνῇ
1010 4228 1204 4302 μεγάλη
1275 4232 1614 4305 ἐκραύγασεν,
1674 4233 1756 4285 ἕν-

149 4315 484 4389 δεικνύμενος
537 4317 615 4368 ὅτι
643 4315 784 4369 καλεί
814 4321 908 4376 τὴν
958 4317 1145 4390 ψυχὴν
1193 4319 1252 4371 ού
1297 4328 1589 4394 παροῦσαν,
1644 4320 1752 4374 ἀλλ’

149 4407 393 4459 ἀποῦσαν
447 4404 642 4480 πόῤῥω,
687 4411 777 4458 καὶ
837 4408 920 4458 ἱνα
976 4410 1160 4468 πάντες
1210 4409 1260 4459 οἱ
1323 4414 1572 4481 παρόντες
1633 4413 1754 4482 (42)

149 4495 424 4548 ἀκούσωσι
455 4497 514 4546 τό
567 4493 961 4556 ἕξουσιαστικόν
999 4503 1153 4549 τοῦτο
1196 4496 1472 4570 κέλευσμα,
1500 4504 1590 4552 καὶ
1636 4502 1755 4552 ὅταν

149 4582 345 4638 ῖδωσιν
403 4583 469 4644 εἰς
531 4586 677 4657 ἔργον
745 4582 919 4652 ἐκϐὰν,
978 4584 1176 4656 ὑψηλόν
1229 4605 1278 4638 τι
1326 4592 1416 4640 καὶ
1484 4589 1756 4664 θεοπρεπὲς

147 4679 274 4749 περὶ
300 4674 459 4726 αὐτοῦ
500 4671 635 4732 ἐννοή
648 4692 829 4728 σωσιν.

229 4763 340 4816 Οὐκ
394 4760 500 4817 εἶπε
535 4760 615 4831 δὲ,
648 4763 955 4829 ’Δνάστηθι,
1007 4760 1154 4830 ἀλλὰ,
1189 4769 1345 4840 Δεῦρο
1385 4766 1499 4834 ἔξω,
1533 4770 1601 4830 ὡς
1634 4771 1758 4832 ζῶν-

149 4872 206 4905 τι
253 4861 324 4924 τῷ
370 4853 640 4910 τεθνηκότι
707 4846 1090 4923 διαλεγόμενος.
1161 4856 1308 4927 Παρὰ
1362 4857 1464 4928 γὰρ
1520 4864 1593 4927 τῷ
1642 4865 1758 4928 Θεῷ

149 4946 247 4994 καὶ
285 4943 334 4994 οἱ
385 4945 555 5016 νεκροὶ
607 4940 764 5001 ζῶσι.
824 4945 988 4993 Τοῦτο
1041 4937 1130 4993 οὖν
1169 4940 1310 4996 ἐστιν
1349 4943 1376 4996 ὃ
1425 4944 1588 5016 ἔλεγεν
1622 4963 1635 4977 ’
1677 4949 1760 4999 ὅτι

146 5037 410 5102 ’Ἔρχεται
459 5032 586 5102 ὥρα,
645 5034 735 5081 καὶ
781 5036 870 5081 νῦν
928 5031 1092 5096 ἔστιν,
1145 5031 1229 5084 ὅτε
1281 5034 1330 5084 οἱ
1385 5038 1554 5109 νεκροὶ
1604 5033 1758 5088 ἀκούο

153 5136 340 5170 σονται
390 5127 484 5179 τῆς
539 5126 709 5190 φωνῆς
754 5125 846 5171 τοῦ
900 5121 1024 5172 Υἱοῦ
1072 5127 1164 5172 τοῦ
1219 5128 1373 5190 Θεοῦ,
1406 5127 1495 5175 καὶ
1528 5125 1576 5176 οἱ
1607 5122 1758 5177 ἁκού-

153 5221 342 5266 σαντες
372 5204 644 5264 ξήσόνται.
669 5213 805 5282 Ὅρα
832 5209 956 5282 γάρ.

1787 4550 1834 4605 D

226 5329 276 5366 ³⁸
316 5327 468 5386 Joan
521 5345 576 5395 ν,
603 5333 692 5386 25.

1183 342 1556 408 COMMENT.
1601 343 1666 404 ΙΝ
1707 335 2066 404 JOANNEM.
2106 377 2169 386 —
2206 336 2368 401 CAP.
2412 337 2501 400 XI.

3368 344 3504 406 1350

1852 471 1929 527 vit
1945 486 2082 526 cum
2101 468 2380 542 imposito
2395 467 2630 540 lapide?
2653 472 2718 526 Ut
2730 470 2836 543 qui
2848 465 3109 542 lapidem
3123 472 3502 541 sustilissent,

1849 565 1904 616 et
1939 559 2108 632 primi
2149 573 2395 628 gravem
2439 559 2769 614 sensissent
2813 558 3079 625 odorem,
3119 560 3502 633 potissimum

1851 647 2138 705 miraculo
2164 647 2568 703 testimonium
2589 647 2938 704 exhiberent
2965 665 2978 704 :
3003 649 3304 721 siquidem
3321 651 3502 708 etiam
3523 699 3544 724 ρ,

1848 743 2090 810 propter
2120 739 2236 793 hoc
2305 752 2419 791 non
2476 737 2842 794 resuscitavit
2889 753 3030 794 eum
3099 739 3342 806 absens,
3403 741 3508 796 sed

1849 845 1976 883 cum
2029 826 2230 882 multis
2273 825 2433 882 venit
2464 827 2541 882 ad
2570 834 3052 896 monumentum,
3085 833 3142 884 et
3173 831 3506 886 revinctum

1849 917 2050 973 fasciis
2099 915 2526 988 sepulcralibus
2586 932 2657 972 ac
2702 917 2945 974 sudario
3005 920 3298 990 excitavit,
3345 921 3508 992 jusit-

1847 1022 1984 1078 que,
2019 1011 2082 1060 ut
2131 1004 2432 1061 solverent
2481 1020 2640 1071 eum,
2694 1007 2770 1060 ad
2815 1005 3190 1064 infallibilem
3244 1009 3507 1067 miraculi

1847 1095 2440 1161 demonstrationem,
2455 1098 2514 1150 ut
2530 1094 2607 1150 ab
2619 1094 2712 1150 his
2726 1095 2999 1152 omnibus
3015 1097 3230 1155 veritas
3248 1099 3510 1156 testimo-

1848 1184 2016 1240 nium
2045 1183 2339 1255 aceiperet
2373 1205 2384 1235 :
2414 1187 2470 1238 et
2493 1198 2567 1239 ne
2600 1200 2852 1250 rursum,
2892 1187 3405 1258 quemadmodum
3433 1188 3507 1246 de

1849 1288 2036 1336 eaeo,
2070 1271 2191 1328 ulla
2227 1287 2536 1328 remanere
2562 1278 2758 1345 posset
2786 1273 3175 1345 ambiguitas.

1923 1361 2338 1417 Vers.39.Dicit
2359 1391 2421 1400 --
2437 1367 2539 1416 est.
2551 1392 2615 1402 —
2628 1363 2762 1419 Jam
2779 1364 3121 1428 olet,etideo
3136 1365 3509 1439 impossibile

1851 1455 1936 1507 est
1977 1465 2118 1506 eum
2169 1450 2517 1507 resuscitare
2558 1451 2685 1522 jam
2731 1459 3097 1526 corruptum.
3159 1459 3307 1512 Nam
3356 1474 3508 1530 prae-

1853 1540 2078 1596 dictum
2109 1545 2216 1605 est,
2269 1541 2432 1611 quod
2484 1541 2745 1598 nondum
2799 1543 2874 1599 de
2929 1560 2998 1600 eo
3056 1548 3508 1606 convenientem

1853 1629 2110 1686 habebat
2141 1629 2504 1702 opinionem,
2537 1646 2643 1687 nec
2668 1647 2736 1688 ea
2770 1647 2912 1705 qum
2944 1633 3055 1690 sibi
3109 1635 3206 1692 ille
3258 1637 3510 1710 dixerat,

1854 1719 2162 1774 intellexit.

1927 1809 2097 1866 Vers.
2131 1811 2217 1864 40.
2249 1809 2345 1864 Ai!
2373 1840 2438 1850 —
2465 1810 2574 1866 Dei
2598 1811 2628 1865 ἵ
2659 1812 2976 1869 Verisimile
3030 1819 3119 1871 est
3165 1816 3345 1884 enim,
3398 1818 3514 1876 hoe

1857 1898 2035 1955 etiam
2063 1915 2200 1955 eum
2223 1900 2449 1956 dixisse
2475 1899 2555 1956 illi
2582 1917 2596 1968 ;
2633 1906 2734 1958 aut
2759 1903 2872 1959 hoc
2899 1903 3008 1960 sibi
3054 1904 3352 1975 volebant,
3377 1924 3512 1981 quas

1857 1988 1936 2044 illi
1961 1989 2218 2046 dixerat.

1928 2078 2089 2134 Vers.
2128 2081 2215 2133 41.
2255 2078 2643 2137 Sustuler-unt
2682 2112 2749 2122 —
2786 2089 3078 2141 mortuus.
3136 2086 3513 2145 Sustulerunt

1857 2184 1996 2225 eum
2029 2183 2065 2224 a
2090 2167 2221 2224 loco
2251 2169 2310 2224 in
2339 2184 2460 2241 quo
2485 2170 2746 2241 jacebat.

1933 2258 2095 2313 Vers.
2145 2261 2233 2313 41.
2292 2257 2456 2316 Iesus
2506 2267 2722 2317 autem.
2757 2293 2827 2302 ——
2858 2279 2963 2320 me.
3008 2265 3152 2321 Vide
3204 2265 3514 2325 dictiones-

1862 2347 2126 2416 Sursum,
2159 2351 2217 2403 et
2243 2349 2484 2405 Gratias
2509 2365 2622 2420 ago
2652 2367 2664 2405 :
2702 2355 2820 2408 uta
2843 2355 2960 2409 Deo
2992 2353 3210 2410 missus
3237 2372 3369 2412 esse
3395 2373 3514 2414 cre-

1860 2437 2054 2492 datur.
2091 2437 2222 2508 Ipse
2255 2437 2553 2510 siquidem
2586 2441 2646 2495 in
2667 2456 2990 2512 progressu
3014 2444 3362 2502 docethanc
3387 2463 3516 2503 esse

1861 2541 2130 2582 causam.
2166 2527 2454 2583 Dicebant
2481 2530 2639 2585 enim
2667 2529 2845 2600 judaai
2878 2535 3042 2588 :Non
3072 2540 3164 2590 est
3193 2534 3288 2591 hic
3320 2536 3516 2594 aDeo.

1865 2614 1975 2672 Sed
2004 2615 2314 2688 quomodo
2335 2616 2512 2672 dixit:
2535 2617 2685 2684 Quia
2704 2620 2926 2676 audisti
2951 2637 3058 2688 me,
3083 2640 3219 2679 cum
3243 2631 3520 2697 precatus

1863 2720 1983 2760 non
2017 2703 2144 2760 sit?
2167 2708 2294 2762 Non
2321 2711 2409 2762 est
2449 2712 2736 2778 precatus,
2775 2711 3095 2768 ostendens
3123 2715 3286 2786 quod
3321 2731 3523 2787 preca-

1863 2792 2022 2849 tione
2049 2809 2198 2866 opus
2223 2793 2302 2850 illi
2332 2811 2452 2851 non
2469 2802 2640 2853 esset.
2672 2796 2825 2855 Dixit
2847 2807 3049 2856 autem
3074 2817 3091 2856 :
3119 2803 3272 2870 Quia
3300 2804 3525 2861 audisti

1863 2898 1973 2952 me,
2054 2883 2368 2940 insinuans
2442 2885 2764 2942 voluntatis
2842 2887 3231 2948 identitatem.
3290 2894 3522 2952 Gratias

1865 2972 1975 3026 tibi
2003 2987 2136 3041 agn,
2165 2988 2310 3044 quia
2331 2971 2568 3031 voluisti
2595 2975 2760 3047 quod
2791 2991 2904 3047 ego
2936 2979 3089 3036 volo.

1936 3061 2106 3117 Vers.
2150 3062 2236 3115 42.
2269 3062 2398 3132 Ego
2436 3095 2504 3103 ——
2543 3066 2738 3122 audis.
2782 3068 3029 3140 Semper
3061 3071 3147 3126 vis
3188 3088 3324 3145 quae
3367 3073 3517 3140 volo;

1865 3163 2008 3204 nam
2063 3149 2276 3205 eadem
2330 3152 2558 3223 utrique
2609 3154 2884 3212 voluntas
2933 3164 3026 3214 est
3076 3175 3146 3215 ac
3195 3179 3366 3218 mens
3424 3179 3521 3221 ea-

1865 3236 2024 3292 dem.
2045 3236 2268 3292 Deinde
2285 3239 2447 3294 addit
2475 3246 2531 3295 et
2546 3257 2790 3298 causam
2820 3244 3169 3315 hujusmodi
3192 3251 3518 3318 gratiarum

1868 3325 2120 3380 actionis
2151 3327 2592 3400 humiliumque
2617 3331 2956 3388 verborum.

1938 3414 2103 3470 Vers.
2150 3415 2238 3470 42.
2297 3415 2410 3473 Sed
2451 3448 2503 3459 —
2556 3419 2702 3476 dixi.
2767 3423 2916 3487 Dixi,
2958 3425 3194 3483 Gratias
3245 3429 3355 3484 tibi
3389 3445 3516 3502 ago,

1866 3503 2011 3575 quia
2057 3504 2282 3560 audisti
2329 3521 2439 3576 me,
2475 3512 2721 3582 propter
2753 3509 3219 3572 imbecillitatem
3267 3517 3519 3576 circum-

1865 3591 2172 3649 stantium.
3025 3652 3027 3655 ,

1935 3683 2100 3738 Vers.
2135 3685 2221 3738 42.
2290 3684 2361 3740 Ut
2391 3715 2460 3726 —
2490 3687 2740 3744 miseris.
2788 3692 2936 3747 Nam
2986 3691 3102 3749 hoc
3132 3697 3390 3754 maxime
3419 3713 3522 3756 ne-

1865 3772 2188 3828 cessarium
2215 3781 2362 3829 erat.
2396 3775 2505 3840 Qui
2541 3776 2701 3834 enim
2749 3780 2934 3836 credit
2979 3784 3146 3856 quod
3198 3788 3353 3843 Deus
3387 3804 3522 3846 eum

1863 3860 2110 3929 miserit,
2143 3861 2273 3932 ejus
2299 3862 2478 3920 etiam
2503 3867 2702 3924 credet
2744 3873 3140 3941 sermonibus,
3187 3893 3326 3934 cum
3369 3877 3522 3950 aliis,

1865 3953 1990 4005 tum
2017 3949 2108 4006 his
2132 3950 2348 4022 quibus
2379 3968 2442 4008 se
2493 3955 2594 4010 Dei
2633 3972 2762 4014 esse
2808 3959 3017 4017 Filium
3058 3966 3320 4023 ostendit
3363 3981 3377 4034 ;
3415 3949 3521 4040 qui

1864 4045 2064 4094 autem
2084 4055 2207 4095 non
2232 4041 2416 4098 credit
2433 4045 2597 4115 quod
2623 4046 2776 4102 Deus
2805 4064 2943 4106 cum
2971 4052 3217 4120 miserit,
3251 4055 3301 4111 is
3323 4071 3522 4130 neque

1863 4139 1992 4208 ejus
2033 4155 2340 4194 sermones
2379 4142 2676 4214 suscipiet.

1934 4234 2097 4290 Vers.
2129 4240 2216 4291 43.
2250 4238 2326 4292 Et
2357 4268 2413 4277 —
2439 4239 2630 4308 foras.
2671 4273 2739 4283 —-
2780 4244 2927 4300 Voce
2966 4261 3182 4318 magna
3208 4251 3516 4323 clamavit,

1863 4324 2207 4388 ostendens,
2226 4325 2392 4397 quod
2406 4329 2671 4384 animam
2692 4337 2858 4387 vocet
2875 4348 2994 4388 non
3014 4344 3387 4407 praesentem,
3415 4343 3521 4398 sed

1865 4412 2074 4484 procul
2126 4412 2486 4470 absentem:
2552 4423 2736 4489 utque
2775 4435 2986 4477 omnes
3051 4424 3151 4496 qui
3199 4435 3520 4498 praesentes

1865 4508 2054 4566 erant,
2083 4500 2527 4559 audirenthanc
2540 4508 2966 4565 auetoritativae
2991 4517 3521 4588 potestatisjussio-

1869 4606 2004 4646 nem
2029 4606 2041 4645 :
2058 4595 2114 4647 et
2129 4605 2266 4646 cum
2280 4592 2338 4646 in
2357 4607 2511 4664 opus
2525 4594 2846 4654 deductam
2871 4599 3168 4660 viderent:
3190 4605 3522 4668 sublimiter

1867 4680 1942 4736 de
1968 4695 2058 4746 eo,
2101 4684 2394 4752 tanquam
2433 4682 2508 4739 de
2548 4685 2685 4751 Deo,
2728 4687 3029 4746 sentirent.

1937 4771 2065 4825 Non
2087 4768 2234 4824 dixit
2259 4776 2483 4838 autem,
2509 4771 2794 4846 Resurge,
2824 4778 2950 4844 sed,
2995 4781 3137 4837 Veni
3158 4785 3350 4853 foras,
3384 4803 3523 4847 cum

1867 4873 1959 4925 eo,
1987 4858 2091 4929 qui
2126 4864 2396 4914 mortuus
2426 4859 2638 4932 fuerat,
2673 4868 2962 4938 tanquam
2996 4885 3130 4927 cum
3151 4876 3384 4933 vivente
3409 4879 3527 4935 col-

1865 4947 2136 5018 loquens.
2179 4947 2486 5018 Siquidem
2528 4953 2691 5024 apud
2733 4957 2920 5012 Deum
2963 4959 3142 5017 etiam
3183 4966 3400 5021 mortui
3446 4969 3528 5025 vi-

1866 5042 2028 5093 vunt.
2056 5037 2174 5092 Hoc
2200 5052 2342 5108 ergo
2372 5044 2483 5104 est,
2515 5042 2680 5113 quod
2725 5043 2966 5103 dicebat
2995 5066 3009 5101 :
3048 5050 3218 5107 Venit
3274 5061 3522 5129 tempus,

1868 5131 1922 5184 et
1945 5143 2103 5184 nunc
2132 5133 2236 5193 est,
2270 5130 2512 5200 quando
2530 5133 2748 5188 mortui
2767 5136 3007 5192 audient
3030 5155 3215 5198 vocem
3232 5144 3382 5201 Filii
3400 5146 3520 5216 Dei,

1869 5222 1925 5274 et
1938 5217 2043 5290 qui
2057 5216 2366 5291 audierint,
2388 5221 2580 5277 vivent
2603 5223 2670 5280 ιθ.
2696 5223 2837 5282 Vide
2853 5227 3033 5297 enim,
3053 5231 3202 5304 quid
3217 5240 3503 5309 sequatur

1381 5433 1606 5506 Variae
1643 5437 1972 5510 lectiones
2002 5451 2066 5510 et
2104 5452 2306 5512 nota.

388 5597 454 5650 οἱ
490 5595 660 5655 abest
689 5596 759 5653 Α.

506 5673 611 5734 ιαις
633 5669 694 5725 Β.

505 5739 600 5798 δου
631 5739 696 5798 Β.
735 5741 902 5804 Forte
931 5737 1117 5805 ἂδίδωο

254 5603 285 5657 3

291 5601 324 5656 8

254 5601 324 5657 38
388 5598 499 5653 0i:

225 5598 348 5824 lii
385 5676 498 5799 Fr

250 5741 321 5802 40
398 5747 499 5800 Et

1942 5611 2053 5759 ξω)
2095 5607 2420 5701 Henten'ius
2447 5612 2607 5688 legit,
2638 5617 2736 5695 ὅρα
2763 5622 2819 5678 et
2861 5619 3183 5704 εὐχαριστῶ.

1971 5683 2060 5759 42)
2102 5686 2168 5739 Οἱ
2199 5704 2449 5759 παρόντες
2477 5689 2692 5752 desunt
2714 5693 2790 5755 Α.

1971 5683 2060 5762 42)
2102 5686 2168 5739 Οἱ
2199 5690 2449 5767 παρόντες
2477 5683 2692 5752 άὲεαηὶ
2714 5693 2790 5755 Αο·
