4088 6436
115 308 238 371 1353

1058 302 1426 367 COMMENT.
1473 311 1538 367 IN
1577 301 1929 370 JOANNEM.
1970 326 2037 356 -ὲ
2075 306 2233 372 CAP.
2274 304 2370 370 XI.

3321 311 3458 373 1354

176 439 471 515 Ἀρχιερεὺς
555 437 622 487 ὢν
685 442 776 490 τοῦ
852 437 1089 489 ὶνιαυτοῦ
1173 434 1387 489 ἐκείνου.
1468 436 1681 499 Ἐξοκει·

1870 439 2033 496 Vers.
2065 443 2154 496 49.
2188 439 2338 497 Cum
2358 444 2501 496 esset
2524 438 2810 509 Pontifex
2828 438 2979 497 anni
3000 440 3191 497 illius.
3224 440 3371 496 Cum
3396 444 3459 497 in

109 529 284 581 λάντων
321 531 422 602 γὰρ
474 527 546 588 εἰς
588 530 931 601 παρανομίας,
963 528 989 578 ό
1038 522 1320 598 δυνάμενος
1365 524 1689 578 ἐνιαυσιαίαν

111 619 269 670 ὠνεῖτο
315 621 408 675 τὴν
465 614 862 691 ἀρχιερωσύνην
926 613 1028 668 ἀπὸ
1097 624 1198 667 τῶν
1268 614 1551 689 Ῥωμαίων,
1601 620 1692 669 καὶ

110 707 253 769 αὐτὸς
287 708 376 779 μὲν
424 702 587 781 ἦρχεν
645 703 693 757 ἐν
738 712 810 775 τῷ
841 703 1056 776 ἐνιαυτῷ
1087 704 1268 770 αὐτοῦ,
1309 705 1358 756 οἱ
1403 707 1499 774 πρὸ
1532 704 1692 757 αὐτοῦ

110 793 165 849 δε
209 791 520 869 συνήδρευον
568 798 658 846 καὶ
713 794 825 868 (47)
878 792 1237 847 συνεϐούλευον
1291 792 1450 864 αὐτῷ,
1506 793 1692 845 καλού-

106 904 238 958 μενοι
262 889 351 936 καὶ
379 882 528 935 αὐτοὶ
553 883 838 958 ἀρχιερεῖς,
867 885 936 943 ὡς
963 887 1055 934 καὶ
1082 881 1231 934 αὐτοὶ
1253 880 1695 956 ἀρχιερατεύσαν-

106 993 196 1034 τες.
222 971 366 1046 [Περὶ
397 973 513 1043 (48)
543 972 611 1023 ὧν
642 975 732 1023 καί
769 969 816 1023 ἐν
847 979 917 1042 τῷ
943 972 1074 1024 κατά
1101 972 1368 1024 Ματθαῖον
1398 970 1693 1042 Exin-72M?)

107 1059 460 1134 δεδηλώκαμεν

170 1238 401 1295 Εἶπεν-
438 1236 609 1293 οὐδέν.
658 1235 825 1292 Οὐδέν
865 1241 1143 1312 συμφέρον,
1188 1235 1341 1291 οὗδεν
1396 1242 1689 1311 χρήσιμον,

103 1331 230 1383 οὕτω
264 1330 511 1405 ῥᾳθύμως
539 1325 873 1402 διακείμενοι.

171 1415 303 1471 Οὐδὲ
338 1449 393 1458 -—
430 1416 558 1474 εἶπε.
589 1423 775 1485 Τοῦτο,
824 1424 972 1470 ποῖον
1008 1433 1023 1486 ;
1067 1420 1137 1469 Τό
1165 1415 1278 1470 Ἰνα
1312 1413 1383 1478 εἷς
1422 1417 1695 1493 ἄνθρωπος

104 1506 325 1580 ἀποθάνῃ
351 1507 477 1580 ὑπερ
517 1513 609 1559 τοῦ
638 1506 786 1562 λαοῦ.

177 1596 305 1652 Ἀλλ’
359 1624 424 1639 ——
468 1597 662 1657 ἔθνους.
694 1595 815 1668 Οὐχ
871 1597 941 1658 ὡς
969 1595 1109 1658 ἄξιος
1156 1600 1553 1669 προεφήτευσεν·
1585 1594 1693 1647 ἀλλ’

105 1687 171 1748 ὡς
209 1684 480 1761 ἀρχιερεὺς
510 1685 577 1735 ὢν
602 1692 694 1737 τοὺ
724 1683 960 1737 ἐνιαυτοῦ
1009 1683 1200 1738 ἐκείνου
1227 1705 1239 1717 ο
1293 1685 1351 1737 οὐ
1380 1681 1453 1737 δι’
1502 1684 1694 1737 οἰκείαν

1798 527 1947 598 legis
1972 528 2510 600 transgressionem
2539 529 2929 601 impegissent
2969 529 3112 601 (dd),
3145 530 3195 585 is
3222 530 3331 601 qui
3357 546 3459 601 po-

1802 623 2086 679 teuserat.
2102 633 2137 672 a
2152 618 2435 674 Romanis
2451 617 2853 690 pontiﬁcatum
2869 617 2930 675 in
2943 635 3170 675 annum
3191 617 3456 674 emebat:

1801 710 1860 761 et
1882 707 2014 779 ipse
2047 706 2295 779 quidem
2326 706 2730 778 principatum
2767 723 2876 763 suo
2906 723 3068 764 anno
3105 706 3413 763 obtinebat
3444 722 3458 761 :

1800 796 1905 867 qui
1930 811 2072 851 vero
2102 801 2239 852 ante
2270 811 2408 850 eum
2467 799 2797 864 tenuerant,
2841 796 3187 853 assidebant
3242 795 3346 861 illi,
3389 795 3460 851 si-

1802 885 2047 957 mulque
2069 901 2205 940 cum
2232 900 2304 941 eo
2346 885 2788 951 consultabant,
2837 886 2976 942 dicti
2994 891 3048 942 et
3080 885 3196 958 ipsi
3222 883 3461 957 pontiﬁ-

1803 989 1921 1041 ces,
1953 974 2117 1047 quod
2161 973 2339 1030 etiam
2388 973 2504 1047 ipsi
2551 974 2957 1047 principatum
3012 974 3359 1043 tenuissent,
3391 974 3463 1030 de

1801 1062 2024 1134 quibus
2041 1062 2221 1119 etiam
2252 1063 2313 1131 in
2337 1062 2651 1136 Evangelio
2677 1062 2852 1135 juxta
2877 1062 3216 1121 Matthasum
3244 1060 3466 1135 signiﬁ-

1802 1151 2075 1209 cavimus
2104 1153 2179 1209 ³⁸.

1877 1241 2035 1298 Vers.
2082 1244 2172 1297 49.
2221 1241 2387 1299 Dixit
2437 1272 2505 1283 -
2559 1242 2912 1315 quidquam.
2975 1241 3148 1309 Quod
3194 1240 3333 1298 utile
3366 1240 3460 1309 sit,

1800 1329 1962 1403 quod
1992 1329 2289 1403 expediat,
2332 1330 2485 1387 adeo
2511 1331 2770 1404 segniter
2806 1330 3017 1388 affecti.

1873 1418 2038 1475 Vers.
2084 1419 2173 1476 50.
2218 1419 2344 1476 Nec
2377 1450 2443 1459 —
2494 1419 2656 1475 Vers.
2718 1424 2806 1475 5t.
2857 1421 3036 1478 dixit.
3093 1423 3233 1487 Hoc,
3288 1419 3466 1493 quid-

1801 1522 1945 1564 nam
1969 1510 1997 1565 ?
2028 1509 2099 1566 Ut
2130 1524 2280 1565 unus
2312 1509 2484 1566 homo
2521 1511 2816 1566 moriatur
2836 1525 2948 1580 pro
2971 1511 3211 1582 populo.

1877 1597 2040 1652 Vers.
2070 1599 2156 1653 5t.
2179 1597 2297 1654 Sed
2322 1629 2393 1639 —
2424 1599 2685 1656 natione.
2736 1601 2864 1655 Non
2896 1597 3063 1671 quod
3113 1598 3329 1670 dignus
3377 1614 3466 1654 es-

1804 1688 1908 1749 set,
1942 1686 2298 1742 vaticinatus
2328 1692 2434 1755 est,
2461 1687 2567 1743 sed
2609 1686 2775 1759 quod
2818 1686 3080 1760 pontifex
3118 1691 3275 1744 esset
3321 1688 3466 1745 anni

103 1773 295 1848 ἀρετην,
329 1772 458 1825 ἀλλά
482 1769 576 1826 διὰ
603 1777 662 1826 τὸ
694 1772 1067 1849 ἀρχιερατικον
1108 1772 1332 1846 ἀξίωμα.
1361 1772 1479 1827 Ἔτι
1521 1777 1619 1847 γὰρ
1661 1774 1690 1832 ἠ

1825 1774 1959 1830 llius
1984 1792 1998 1842 ;
2031 1791 2153 1831 non
2177 1782 2418 1849 propter
2444 1777 2749 1850 propriam
2777 1777 3076 1844 virtutem,
3101 1777 3208 1833 sed
3226 1782 3468 1850 propter

104 1866 213 1916 θεία
263 1864 422 1935 χάρις
477 1866 726 1937 παρέμενε
755 1870 828 1934 τῷ
873 1871 1000 1933 ναῷ,
1033 1865 1152 1923 ἦτίς
1180 1871 1251 1934 τῷ
1284 1867 1504 1935 στόματι
1536 1862 1696 1915 αὐτοῦ

98 1957 429 2028 χρησαμένη,
458 1949 552 2014 τῆς
578 1948 801 2028 καρδίας
831 1950 935 2022 οὐχ
965 1950 1159 2023 ἥψατο.

172 2134 527 2205 Προεφήτευσε
572 2126 632 2182 δε
693 2132 774 2182 ὁτι
835 2129 1032 2203 ἔμελλεν
1103 2130 1129 2181 ὁ
1197 2129 1405 2191 Ἰησοῦς
1478 2128 1698 2187 ἀποθνή-

102 2238 240 2272 σκειν
297 2221 423 2293 ὑπὲρ
477 2227 567 2272 τοῦ
616 2221 791 2282 ἔθνους
850 2228 952 2299 τῶν
988 2216 1278 2273 Ἰουδαίων.
1324 2218 1474 2291 ’Υπὲρ
1529 2218 1697 2272 αὐτῶν

96 2311 199 2383 γὰρ
249 2307 466 2361 ἀπέθανε
507 2306 823 2370 σπουδάζων
883 2317 1054 2361 σῶσαι
1092 2308 1277 2370 αὐτοὺς
1311 2326 1324 2338 ·
1370 2307 1508 2380 ἔλεγε
1546 2312 1648 2381 γὰρ
1679 2322 1694 2339 ⁸

100 2397 212 2449 Οὐκ
261 2396 556 2455 ἀπεστάλην
611 2398 655 2450 εἰ
703 2402 775 2470 μὴ
845 2398 915 2460 εἰς
980 2400 1046 2450 τά
1087 2396 1326 2470 πρόϐατα
1382 2400 1447 2450 τὰ
1492 2396 1699 2449 ἀπολω-

95 2484 224 2538 λότα
263 2488 407 2538 οἰκου
476 2486 709 2562 Ἰσραὴλ.
746 2486 876 2560 [Καὶ
936 2486 1048 2557 (49)
1128 2485 1282 2539 πάλιν
1340 2486 1477 2558 ἔλεγε
1515 2500 1528 2514 ⁸
1599 2492 1699 2539 Καὶ

92 2579 190 2633 τὴν
241 2574 420 2648 ψυχήν
485 2595 586 2648 μου
653 2578 841 2648 τίθημι
890 2575 1016 2650 ὑπερ
1074 2583 1172 2628 τῶν
1245 2573 1535 2648 προϐάτων·
1590 2574 1701 2629 Ἰνα

94 2661 160 2717 δε
215 2668 286 2737 μὴ
347 2660 475 2737 δόξῃ
536 2664 662 2738 ὑπὲρ
693 2664 862 2717 αὐτῶν
912 2667 1079 2736 μόνων
1137 2662 1430 2735 ἀποθανεῖν,
1484 2668 1698 2737 προστίο

94 2751 274 2826 θησυ]

171 2847 269 2896 Καὶ
319 2873 388 2883 —
448 2845 518 2898 ἓν.
568 2841 768 2917 Ὠσπερ
822 2844 924 2918 γὰρ
975 2841 1367 2917 ἐνηνθρὼπησεν
1416 2842 1522 2916 οὐχ
1570 2844 1696 2918 ὑπὲρ

89 2941 195 2985 τῶν
246 2928 519 2985 Ἰουδαίων
584 2936 769 3004 μόνων,
832 2931 960 2984 ἀλλὰ
1022 2936 1113 2985 καὶ
1163 2933 1289 3007 ὑπὲρ
1369 2940 1470 2985 τῶν
1536 2932 1699 2985 ἄλλων

93 3021 271 3073 ἐθνῶν⁸
323 3020 484 3081 οὕτως
537 3022 641 3093 ἄρα
695 3025 786 3072 καὶ
840 3019 1087 3073 ἀπέθανεν
1144 3019 1250 3091 οὐχ
1302 3021 1428 3093 ὑπὲρ
1499 3019 1699 3073 ἐκείνων

1805 1864 2211 1936 pontiﬁcalem
2234 1865 2610 1937 dignitatem.
2637 1865 2855 1924 Adhuc
2881 1866 3040 1923 enim
3058 1866 3258 1923 divina
3275 1867 3468 1938 gratia

1804 1952 1867 2008 in
1894 1953 2119 2026 templo
2140 1954 2556 2027 permanebat,
2588 1971 2724 2028 quae
2789 1970 2891 2011 ore
2929 1954 3087 2011 illius
3137 1961 3332 2026 utens,
3365 1970 3470 2012 cor

1804 2058 1929 2099 non
1960 2043 2168 2114 tetigit.

1877 2132 2254 2206 Prophetavit
2282 2137 2482 2190 autem
2509 2132 2674 2206 quod
2701 2132 2968 2190 futurum
2995 2136 3172 2199 esset,
3202 2136 3267 2189 ut
3294 2134 3469 2189 Jesus

1807 2228 2140 2277 moreretur
2168 2239 2273 2296 pro
2301 2222 2544 2278 natione
2576 2220 2943 2278 Iudaeorum.
2977 2222 3091 2278 Pro
3130 2220 3276 2295 ipsis
3302 2237 3469 2278 nam-

1806 2327 1925 2383 que
1975 2316 2245 2366 mortuus
2295 2316 2404 2378 est,
2440 2315 2503 2368 ut
2531 2327 2634 2367 eos
2667 2310 2864 2366 salvos
2911 2310 3128 2367 faceret
3183 2327 3197 2377 ;
3230 2310 3471 2369 dicebat

1808 2399 1967 2455 enim
2002 2420 2014 2459 :
2039 2400 2177 2456 Non
2199 2416 2327 2457 sum
2342 2401 2572 2463 missus,
2601 2400 2717 2454 nisi
2727 2400 2808 2456 ad
2828 2415 2959 2456 oves
2972 2400 3240 2470 perditas
3260 2400 3471 2456 domus

1809 2489 1996 2545 Israel
2024 2490 2093 2543 ’9.
2128 2491 2195 2545 Et
2223 2505 2468 2545 rursum
2504 2505 2515 2544 :
2551 2490 2628 2544 Et
2674 2489 2930 2546 animam
2962 2503 3151 2547 meam
3173 2504 3329 2560 pono
3355 2504 3470 2559 pro

1808 2578 2005 2634 ovibus
2028 2579 2098 2632 ³ο.
2128 2582 2206 2635 Ne
2233 2584 2434 2635 autem
2489 2594 2601 2652 pro
2639 2577 2785 2652 ipsis
2833 2578 2975 2636 solis
3020 2578 3173 2635 mori
3204 2582 3468 2652 putetur,

1808 2666 1975 2723 addit
2002 2666 2375 2740 Evangelista
2401 2685 2415 2724 :

1879 2847 2037 2901 Vers.
2068 2848 2154 2900 52.
2178 2845 2303 2903 Nec
2332 2876 2398 2889 --
2425 2861 2628 2903 unum.
2662 2845 2824 2903 Sicut
2844 2846 3021 2927 enim
3044 2861 3165 2903 non
3185 2861 3295 2920 pro
3326 2845 3470 2902 solis

1807 2934 2032 2991 Judasis
2060 2936 2400 2992 incarnatus
2430 2940 2536 3003 est,
2600 2952 2808 2994 verum
2835 2937 3015 2994 etiam
3060 2952 3170 3010 pro
3196 2938 3419 2995 cseteris
3451 2953 3467 2997 :

1808 3024 1889 3080 ita
1916 3039 2060 3080 sane
2086 3029 2143 3080 et
2174 3032 2445 3080 mortuus
2477 3031 2563 3081 est
2589 3041 2714 3082 non
2760 3042 2869 3099 pro
2910 3026 3052 3083 solis
3106 3026 3238 3091 illis.
3272 3026 3377 3083 sed
3415 3029 3473 3081 et

93 3115 283 3182 μόνων,
338 3107 464 3160 ἀλλά
514 3113 599 3160 καὶ
642 3109 769 3182 ὑπὲρ
816 3109 1036 3166 τὸὐτων.
1064 3107 1129 3160 Ἀ
1159 3111 1260 3180 γὰρ
1310 3105 1565 3161 ἐδίδασκε
1611 3114 1699 3162 καὶ

1823 3128 1921 3183 pro
1954 3113 2063 3168 his.
2098 3116 2267 3178 Nam,
2299 3130 2435 3186 quae
2466 3113 2720 3170 docebat
2749 3119 2807 3170 et
2842 3113 3118 3180 faciebat,
3150 3116 3328 3172 etiam
3359 3129 3472 3188 pro

95 3196 278 3262 ἐποίει,
333 3200 423 3248 καὶ
477 3197 602 3270 ὑπὲρ
659 3200 851 3248 τούτων
918 3192 1074 3262 ἦσαν,
1149 3197 1232 3247 ἵνα
1300 3201 1702 3269 προηγουμένως

95 3284 282 3337 ἐκεῖνοι
336 3285 584 3357 μαθόντες
640 3286 708 3345 ὡς
754 3288 844 3336 καὶ
911 3292 1111 3358 πρῶτοι
1174 3285 1337 3336 πάλαι
1414 3288 1500 3337 τόν
1572 3288 1700 3338 Θεὸν

94 3378 403 3445 ἐπιγνόντες,
448 3374 624 3425 ἔπειτα
670 3377 759 3425 καὶ
814 3374 1028 3434 τούτους
1080 3368 1365 3435 διδάξωσι.
1407 3378 1571 3426 Τέκνα
1612 3378 1702 3447 μὲν

94 3459 188 3516 οὖν
262 3468 353 3514 τοῦ
419 3468 553 3514 Θεοῦ
624 3463 690 3514 τὰ
761 3462 877 3519 ἔθνη
955 3462 1240 3534 ὠνόμασεν,
1318 3464 1386 3523 ὡς
1458 3462 1706 3536 μέλλοντα

93 3552 358 3624 γενέσθαι.

175 3645 276 3693 Καὶ
303 3642 403 3715 γὰρ
433 3643 522 3692 καὶ
550 3641 574 3692 ό
606 3643 837 3716 Χριστός
874 3639 1113 3715 πρόϐατα
1148 3639 1309 3693 αὐτοῦ
1339 3648 1505 3694 ταῦτα
1542 3661 1706 3715 προσ-

94 3732 382 3805 ηγόρευσεν
448 3727 548 3782 ἀπὸ
623 3736 715 3782 τοῦ
779 3729 1064 3803 μέλλοντος.
1123 3735 1573 3807 Διεσκορπισμένα
1646 3728 1706 3786 δὲ

91 3828 208 3883 τοῖς
280 3817 555 3894 διαφόροις
620 3824 739 3892 περὶ
788 3827 922 3873 Θεοῦ
972 3816 1227 3894 δόγμασι,
1286 3823 1432 3896 παρά
1508 3825 1566 3874 τό
1628 3825 1700 3895 μή

88 3912 239 3982 ἔχειν
270 3912 490 3980 ποιμένα
543 3907 697 3960 καλόν
732 3925 744 3937 ·
805 3909 1071 3982 συναγάγῃ
1121 3905 1180 3962 δὲ
1223 3908 1294 3970 εἰς
1338 3908 1388 3962 ἓν
1445 3915 1702 3983 ποίμνιον,

90 3998 172 4061 εἰς
228 4001 352 4070 μίαν
404 4001 607 4051 πίστιν.
643 3999 709 4050 Οἱ
762 3993 822 4049 δὲ
874 3995 1048 4051 λοιποὶ
1106 3999 1212 4071 οὐχ
1269 4000 1334 4060 ὡς
1388 4004 1704 4073 προφητείαν

91 4085 206 4139 ἀλλ’
264 4087 330 4146 ὡς
386 4084 685 4158 συμϐουλὴν
746 4088 835 4138 τὸν
901 4085 1051 4159 λόγον
1128 4083 1399 4160 δεξάμενοι
1457 4096 1706 4162 κυροῦσιν

90 4174 278 4228 αὐτόν.

174 4261 293 4315 Ἀπ’
328 4294 393 4304 -
426 4262 601 4319 αὐτόν.
636 4267 738 4317 Καὶ
766 4268 867 4337 μὴν
912 4268 1002 4318 καὶ
1030 4269 1273 4341 πρότερον
1303 4263 1520 4327 ἕζήτουν
1552 4266 1706 4319 αὐτὸν

91 4352 428 4422 ἀποκτεῖναι,
466 4355 536 4416 ὡς
586 4359 913 4430 προείρηταυ
958 4353 1086 4408 ἀλλά
1114 4362 1201 4408 νῦν
1253 4358 1382 4429 μετά
1413 4354 1708 4428 συμϐουλῆς

86 4445 191 4495 καὶ
224 4439 451 4513 σκέψεως
498 4440 762 4515 ἕκύρωσαν
810 4447 904 4502 τὴν
940 4449 1171 4517 γνώμην
1222 4450 1310 4496 νῦν
1365 4447 1495 4517 μετά
1533 4446 1709 4507 πάσης
1741 4474 1788 4531 D

86 4533 403 4607 προθυμίας
430 4536 520 4585 καὶ
551 4529 791 4597 σπουδῆς
822 4532 1190 4609 ἐπεχείρησαν.

172 4711 387 4776 Ἰησοῦς
447 4742 516 4755 -
569 4711 752 4769 αὐτοῦ.
825 4711 1015 4765 Οὐκέτι
1093 4720 1319 4789 φανερῶς
1392 4715 1706 4789 περιεπάτει,

82 4800 234 4856 ἀλλὰ
290 4801 518 4863 ἀπῆλθεν
575 4800 643 4862 εἰς
699 4804 794 4860 τὴν
840 4805 1024 4876 χώραν
1062 4805 1156 4861 τὴν
1187 4800 1335 4874 ἔγγὺς
1363 4809 1451 4863 τῆς
1489 4801 1706 4877 ἐρήμου,

82 4896 267 4963 ἤγουν
324 4891 394 4954 εἰς
468 4888 615 4944 πόλιν
690 4889 914 4965 Ἐφραὶμ
1148 4889 1530 4964 ὀνομαζομένην
1605 4894 1708 4945 ἀπὸ

85 4987 192 5035 τοῦ
246 4979 526 5056 φυλάρχου
574 4979 818 5054 Ἐφραίμ.
851 4978 1211 5057 Ἀνθρωπίνως
1251 4983 1354 5057 γὰρ
1405 4981 1565 5043 σώζει
1594 4981 1710 5037 ἰαυ-

174 5104 228 5142 ²⁸
252 5106 453 5165 Matth.
482 5122 579 5178 xv,
608 5108 699 5166 24.
775 5106 825 5144 ³⁸
851 5104 998 5166 ibid.
1074 5107 1124 5143 ⁸ο
1153 5105 1328 5165 Joan.
1355 5121 1412 5172 ι,
1444 5107 1534 5165 15.

1811 3201 1904 3256 his
1933 3206 2120 3265 erant,
2156 3207 2216 3256 ut
2246 3218 2385 3256 cum
2411 3201 2493 3257 illi
2522 3202 2584 3257 in
2631 3203 2837 3273 primis
2894 3203 3264 3271 didicissent,
3297 3202 3471 3258 veluti

1815 3289 1917 3361 qui
1943 3290 2121 3345 etiam
2147 3288 2323 3360 primi
2347 3290 2530 3344 Deum
2559 3296 2978 3360 cognoverant,
3003 3292 3391 3363 postmodum
3417 3295 3475 3348 et

1813 3376 1961 3433 alios
1991 3377 2295 3433 docerent.
2324 3377 2494 3433 Filios
2534 3378 2735 3451 itaque
2781 3378 2904 3446 Dei,
2964 3383 3170 3451 gentes
3209 3380 3476 3437 nomina-

1813 3467 1916 3531 vit,
1943 3470 2005 3522 ut
2032 3465 2135 3539 qui
2172 3465 2275 3522 ﬁlii
2302 3471 2469 3523 erant
2498 3465 2697 3523 futuri.

1887 3644 1952 3698 Et
1976 3642 2084 3698 has
2105 3641 2403 3716 siquidem
2452 3642 2711 3699 Christus
2749 3658 2891 3700 oves
2919 3659 3080 3710 suas,
3107 3643 3187 3700 ab
3216 3659 3287 3702 eo
3316 3644 3475 3719 quod

1814 3730 2079 3788 futurum
2103 3736 2248 3801 erat,
2271 3731 2611 3805 appellavit.
2649 3732 2960 3806 Dispersas
2981 3739 3181 3791 autem
3214 3734 3294 3791 ob
3308 3736 3477 3795 varia

1815 3821 1890 3878 de
1915 3824 2030 3878 Deo
2054 3822 2359 3893 dogmata,
2379 3837 2449 3878 eo
2466 3820 2631 3895 quod
2648 3821 2877 3879 bonum
2906 3839 3026 3880 non
3040 3822 3329 3880 haberent
3349 3842 3476 3898 pas-

1814 3913 2025 3966 torem.
2074 3911 2473 3981 Congregaret
2503 3911 2561 3966 in
2594 3927 2783 3967 unum
2815 3926 3076 3984 gregem,
3106 3912 3166 3968 in
3194 3929 3377 3970 unam
3409 3914 3474 3970 ﬂ-

1816 4000 1972 4057 dem.
2005 3998 2201 4055 Crateri
2233 4016 2373 4056 vero
2411 4016 2533 4056 non
2562 4001 2737 4074 quasi
2770 4001 3133 4070 vaticinium,
3175 4002 3279 4057 sed
3301 4003 3474 4075 quasi

1816 4088 2133 4144 consilium
2189 4090 2604 4161 suscipientes,
2667 4089 2968 4163 suﬂ‘ragiis
3014 4090 3161 4146 illud
3207 4107 3477 4163 compro-

1816 4177 1984 4234 bant.

1888 4266 2059 4324 Vers.
2088 4267 2174 4323 53.
2209 4266 2300 4322 Ab
2330 4282 2566 4324 —eum.
2590 4266 2765 4340 Atqui
2791 4268 2971 4323 etiam
2988 4268 3151 4339 prius
3178 4268 3344 4324 illum
3374 4284 3476 4326 oc-

1818 4355 2010 4411 cidere
2040 4356 2373 4422 tentabant,
2402 4360 2464 4412 ut
2493 4356 2845 4428 praedictum
2878 4361 2982 4424 est,
3016 4357 3121 4412 sed
3148 4374 3306 4413 nunc
3337 4374 3477 4416 cum

1817 4444 2065 4501 consilio
2089 4450 2143 4501 et
2173 4444 2599 4502 deliberatione
2655 4446 3012 4502 sententiam
3042 4446 3431 4504 decreverunt
3456 4463 3472 4513 ;

1816 4548 1980 4589 nunc
2001 4550 2141 4590 cum
2162 4534 2328 4590 omni
2359 4533 2543 4590 animi
2577 4534 3042 4608 promptitudine
3068 4539 3125 4592 et
3147 4536 3343 4592 studio
3369 4551 3479 4593 an-

1817 4622 1927 4679 nisi
1958 4627 2114 4679 sunt.

1887 4712 2048 4768 Vers.
2081 4712 2171 4769 54.
2194 4714 2363 4769 Jesus
2392 4742 2461 4754 -
2495 4714 2638 4773 suis.
2670 4714 2803 4770 Jam
2845 4728 2968 4769 non
3012 4713 3326 4770 manifeste
3347 4730 3476 4772 am-

1817 4801 2085 4869 bulabat,
2119 4801 2223 4858 sed
2251 4801 2396 4859 abiit
2418 4801 2480 4859 in
2505 4803 2831 4873 regionem,
2864 4819 3002 4877 quae
3027 4803 3259 4860 deserto
3284 4804 3479 4863 vicina

1817 4896 1963 4958 erat,
2033 4889 2304 4947 videlicet
2393 4890 2453 4947 in
2558 4891 2856 4948 civitatem
2950 4908 3088 4966 quas
3168 4892 3479 4950 dicebatur

1818 4981 2102 5055 Ephraim
2135 4996 2173 5039 a
2199 4980 2469 5056 principe
2498 4980 2683 5039 tribus
2701 4981 3002 5055 Ephraim.
3028 4983 3177 5039 Nam
3205 4982 3477 5041 humano

1224 5254 1452 5327 Varie
1484 5256 1813 5329 lectiones
1853 5267 2139 5330 etnotae.

197 5425 296 5501 47)
329 5424 712 5501 Συμϐουλευταὶ
751 5420 908 5489 ἦσαν.

249 5498 284 5571 )’
306 5498 542 5557 Inclusa
573 5499 787 5557 absunt
806 5505 880 5561 A.

1889 5428 2002 5501 (49)
2029 5427 2260 5486 Inclusa
2290 5429 2512 5487 absunt
2538 5432 2607 5488 A.

1892 5502 2005 5575 (50)
2033 5503 2324 5575 Λεγομένην
2356 5507 2395 5554 Α
2408 5541 2424 5560 .

174 5622 311 5699 (dd)
340 5624 485 5684 Cum
505 5617 570 5682 in
599 5622 744 5699 legis
772 5626 1298 5698 transgressionem
1328 5626 1726 5699 impegissent.
1764 5629 1913 5686 Cum
1941 5628 2021 5685 ad
2045 5624 2192 5701 legis
2225 5620 2734 5699 transgressiones
2762 5622 3187 5697 declinassent.

405 5723 625 5783 PATROL
660 5725 760 5784 Gs.
803 5724 1047 5786 CXXIX.

3124 5727 3195 5784 43
