4076 6468
151 408 166 464 1
177 397 264 464 357

1265 386 1634 458 COMMENT.
1677 385 1748 457 IN
1785 387 2138 459 JOANN'EM.
2181 433 2246 444 —
2288 386 2443 458 CAP.
2489 388 2610 461 XII.

3338 395 3476 462 1358

147 535 306 605 Εἵρηκε
327 532 428 604 γὰρ
459 530 538 582 ὅτι
569 521 825 602 Προέλαϐε
850 531 1073 602 μυρίσαι
1111 545 1210 599 μου
1253 530 1312 578 1'6
1347 534 1498 600 σῶμα
1525 527 1594 589 εἰς
1623 530 1710 580 τὸν

1840 526 2134 594 Prcevenit,
2153 531 2220 582 ut
2239 535 2489 598 angeret
2508 543 2724 597 corpus
2747 543 2938 585 meum
2954 527 3017 584 in
3033 530 3473 600 sepulturam".

146 620 480 692 ἐνταφιασμόν.
521 617 668 678 Ἐθος
713 621 814 691 γὰρ
846 614 907 676 ἦν
938 619 1124 690 μύροις
1151 614 1469 688 ἐνταφιάζειν
1509 619 1575 670 τὰ
1614 622 1710 669 6's;-

145 729 265 782 ματα
301 712 425 782 πρὸς
453 711 512 760 τὸ
545 705 798 782 διαρκεῖν.

204 803 319 858 Τοὺς
365 801 610 869 πτωχοὺς
637 826 706 839 --
768 798 916 867 ἔχετε
967 794 1082 866 (55)
1111 813 1122 824 '
1163 793 1341 867 [Παρὰ
1376 794 1489 866 (56)
1530 791 1590 848 δὲ
1640 803 1713 866 τῷ

143 890 312 961 Μάρκῳ
351 890 523 962 εἴρηκε
577 901 590 915 ⁶
663 887 889 938 Πάντοτε
939 888 1059 945 τοὺς
1104 887 1349 955 πτωχοὺς
1403 886 1548 955 ἔχετε
1600 884 1711 956 μεθ’

145 977 332 1043 ἑαυτῶν,
418 980 508 1028 καὶ
600 977 721 1027 ὅταν
807 973 1002 1043 θέλητε,
1089 969 1317 1025 δύνασθε
1404 973 1586 1034 αύτούς
1660 969 1712 1026 εὖ

145 1075 360 1125 ποιῆσαι.
407 1064 429 1138 ]
469 1064 632 1118 Εἰπὼν
683 1060 742 1116 δὲ
772 1065 852 1116 ὅτι
904 1063 1025 1134 Ἐμὲ
1069 1058 1128 1114 δὲ
1181 1061 1239 1113 ού
1284 1063 1503 1114 πάντοτε
1543 1065 1710 1133 ἔχετε,

142 1158 411 1227 ὑπόμνησιν
459 1153 636 1215 αὐτοῖς
686 1151 882 1206 ἐνέϐαλε
949 1161 1042 1212 τῆς
1114 1149 1220 1223 μετ’
1279 1149 1449 1222 ὀλίγον
1508 1160 1714 1222 σφαγῆς

143 1240 299 1296 αὐτού.

201 1335 358 1404 Ἔγνω
390 1362 454 1374 -ο
511 1331 736 1390 Ἰησοῦν.
791 1335 888 1384 Τὸν
954 1332 1044 1403 μὲν
1074 1332 1302 1403 Χριστὸν
1342 1329 1550 1392 ἐξῄτουν
1586 1327 1713 1381 ἁπο-

139 1429 334 1487 κτεῐναι,
361 1421 806 1494 προφασιζόμενοι
850 1422 931 1473 ὅτι
977 1419 1084 1472 λύει
1114 1422 1174 1471 τὸ
1203 1417 1484 1483 Σάϐϐατόν,
1517 1423 1606 1470 καὶ
1635 1420 1714 1470 ὅτι

138 1515 241 1563 ἴσον
268 1511 442 1564 ἑαυτὸν
487 1518 626 1563 ποιεῖ
654 1519 727 1581 τῷ
755 1517 890 1580 Θεῷ,
923 1514 1010 1561 καὶ
1041 1510 1120 1560 ὅτι
1149 1508 1326 1561 πολλοὶ
1373 1511 1714 1560 πιστεύουσιν

139 1601 198 1660 εἰς
226 1601 369 1652 αύτόν
397 1617 410 1630 ο
445 1603 530 1652 τόν
559 1597 618 1652 δὲ
647 1600 893 1671 Λάζαρον
934 1595 1082 1650 διατί
1114 1614 1127 1664 ;
1172 1593 1312 1650 διότι
1330 1595 1549 1657 ἀνέζησε
1582 1612 1595 1662 ;
1626 1601 1716 1648 καὶ

136 1697 267 1742 ποῖον
317 1689 552 1761 ἔγκλημα
604 1691 662 1740 τό
713 1687 978 1748 ἀναξῆσαι
1037 1703 1052 1754 ;
1105 1689 1296 1745 Φθόνος
1351 1682 1437 1738 οὖν
1485 1690 1542 1738 τὸ
1591 1692 1713 1738 πᾶν.

135 1777 387 1850 Ἐφθόνουν
417 1781 520 1851 γὰρ
555 1778 613 1830 ού
635 1783 787 1850 μόνον
819 1785 890 1829 τῶ
920 1776 1288 1852 εὐεργετοῦντι,
1339 1774 1466 1827 ἀλλὰ
1494 1779 1585 1826 καὶ
1613 1782 1717 1834 τοῖς

1819 617 1992 674 Moris
2015 615 2311 688 siquidem
2339 621 2625 672 eratcum
2649 617 2967 687 unguentis
2997 616 3245 690 sepelire
3266 635 3477 692 corpo-

1819 720 1907 770 ra,
1951 709 2016 760 ut
2035 710 2547 760 conservarentur.

1893 796 2050 849 Vers.
2107 798 2158 850 8.
2217 797 2521 864 Pauperes
2567 829 2636 842 —
2673 795 2920 852 habetis.
2987 796 3163 868 Apud
3215 799 3474 855 Marcum

1821 898 1960 938 vero
1985 883 2133 940 dixit
2165 902 2177 939 :
2220 883 2459 954 Semper
2503 899 2798 954 pauperes
2827 884 3051 941 habetis
3098 886 3391 944 vobiscum
3421 894 3477 944 et

1821 987 1955 1027 cum
1984 973 2308 1038 volueritis,
2335 973 2570 1042 potestis
2591 973 2714 1029 illis
2734 973 3076 1043 benefacere
3115 978 3181 1032 ⁸³.
3216 976 3477 1033 Dicendo

1821 1066 2019 1117 autem
2065 1083 2078 1117 :
2108 1062 2204 1119 Me
2239 1078 2356 1118 non
2379 1077 2606 1133 semper
2635 1063 2880 1129 habetis,
2913 1065 3209 1134 suggessit
3239 1064 3351 1121 illis
3403 1065 3478 1122 de

1821 1151 1983 1208 caede
2009 1165 2141 1216 sua,
2181 1167 2319 1224 qum
2351 1151 2532 1224 paulo
2558 1156 2694 1224 post
2721 1151 2923 1208 futura
2959 1157 3104 1209 erat.

1895 1330 2061 1386 Vers.
2081 1329 2135 1384 9.
2171 1329 2459 1400 Cognovit
2490 1361 2559 1369 —
2603 1332 2762 1386 Vers.
2794 1331 2874 1386 11.
2921 1331 3138 1388 Jesum.
3180 1331 3478 1391 Christum

1822 1417 2092 1474 occidere
2125 1418 2477 1490 quaerebant
2503 1423 2742 1491 sumpto
2771 1423 3070 1492 praetextu,
3103 1421 3262 1494 quod
3296 1422 3480 1479 solve-

1822 1511 1910 1562 ret
1943 1506 2276 1564 Sabbatum
2299 1511 2355 1564 et
2371 1523 2436 1563 se
2464 1509 2584 1564 Deo
2611 1507 2908 1580 aequalem
2931 1508 3168 1578 faceret,
3194 1512 3480 1584 quodque

1824 1593 1992 1649 multi
2046 1593 2108 1649 in
2149 1609 2287 1650 eum
2339 1594 2667 1651 crederent.
2708 1596 2994 1653 Lazarum
3040 1613 3180 1654 vero
3237 1615 3424 1671 quare
3452 1601 3481 1656 ?

1825 1699 1901 1738 an
1929 1683 2071 1755 quia
2091 1683 2384 1740 revixerat
2407 1684 2615 1752 ?quod
2638 1700 2776 1756 ergo
2792 1686 3016 1742 crimen
3049 1691 3138 1743 est
3163 1688 3481 1745 revixisse?

1823 1772 2026 1844 Itaque
2039 1777 2160 1828 tota
2176 1788 2270 1828 res
2288 1777 2374 1828 est
2389 1773 2628 1828 invidia.
2649 1776 2797 1829 Nam
2816 1774 3158 1832 invidebant
3171 1793 3290 1833 non
3304 1778 3482 1836 bene-

135 1868 574 1941 εὐεργετούμενοις.
620 1870 708 1918 Διό
765 1871 849 1918 καὶ
923 1869 1011 1917 τὸν
1068 1868 1256 1936 τυφλόν
1314 1863 1544 1927 ἐξέϐαλον
1598 1863 1710 1928 ἔξω,

1840 1860 2032 1917 Tactori
2046 1866 2300 1926 tantum,
2323 1877 2533 1917 verum
2554 1863 2733 1918 etiam
2747 1863 3040 1919 beneﬁcio
3071 1864 3322 1922 affectis.
3343 1867 3482 1924 Ideo

132 1959 330 2008 καὶτὸν
393 1959 634 2026 Λάζαρον
695 1953 881 2007 ἀνελεῖν
936 1952 1270 2026 βουλεύονται
1309 1970 1320 1982 ·
1381 1953 1540 2014 οὕτως
1579 1949 1713 2010 ἦσαν

133 2045 188 2096 ού
219 2047 444 2117 φθονεροὶ
500 2048 672 2116 μόνον,
729 2042 856 2095 ἀλλὰ
902 2048 992 2095 καὶ
1037 2049 1221 2114 ταχεῖς
1279 2041 1350 2102 εἰς
1382 2046 1583 2113 φόνους.
1629 2044 1714 2092 Διό

134 2138 214 2186 καὶ
244 2135 267 2184 ό
294 2138 564 2206 προφήτης
595 2137 709 2206 περὶ
743 2132 912 2183 αὐτῶν
964 2133 1127 2202 ἔλεγεν
1160 2148 1173 2160 °
1225 2132 1294 2184 Αἱ
1341 2138 1515 2204 χεῖρες
1549 2129 1715 2182 αὐτῶν

135 2224 340 2294 αἵματος
376 2221 604 2295 πλήρεις.
630 2217 854 2273 ’Ἐδακνε
894 2217 953 2272 δε
983 2219 1172 2281 αύτούς
1200 2225 1288 2271 καὶ
1314 2224 1394 2287 1'6,
1427 2228 1515 2280 τῆς
1538 2220 1718 2292 ἑορτῆς

135 2309 457 2382 ἐγγιςούσης,
506 2310 664 2362 πολύν
719 2309 877 2380 ὄχλον
923 2308 1124 2382 ἀφεῖναι
1169 2311 1364 2366 ταύτην
1395 2313 1484 2360 καὶ
1511 2313 1716 2382 τρέχειν

133 2403 250 2472 πρὸς
277 2399 448 2452 αύτόν.

197 2491 266 2561 Ta
300 2487 542 2560 ἐπαύριον
594 2518 666 2530 —
714 2487 875 2558 αύτῷ.
925 2485 1035 2540 Ἰνα
1072 2491 1144 2560 μὴ
1189 2483 1260 2540 δι’
1313 2487 1469 2539 αὐτὸν
1500 2484 1718 2539 ἁνέλωσι

131 2581 213 2630 τὸν
242 2578 503 2651 Λάζαρον,
527 2580 739 2650 ἔρχεται
763 2577 976 2650 πρὸςτὰ
1001 2576 1334 2650 Ἰεροσόλυμα
1362 2596 1374 2608 '
1409 2576 1521 2648 οἶμα
1548 2573 1606 2628 δὲ
1637 2577 1720 2628 ἵνα

129 2671 214 2718 καὶ
243 2666 448 2738 όόχλος
477 2669 606 2739 μετὰ
629 2674 726 2718 τῶν
759 2664 924 2738 βαίων
953 2667 1228 2738 ὑπαντήσῃ
1249 2665 1410 2730 αύτῷ,
1442 2669 1532 2717 καὶ
1560 2683 1716 2716 καταο

128 2755 388 2829 πλαγῶσιν
439 2757 487 2808 οἱ
525 2754 953 2820 ἐπιϐουλεύοντες,
1014 2759 1104 2807 καὶ
1145 2751 1415 2812 δυνηθῶσι
1467 2758 1714 2806 συνιέναι.

127 2844 340 2898 ’Ἑλαϐον
364 2841 423 2898 δὲ
460 2848 526 2896 τὰ
558 2843 691 2917 βάὶα
723 2843 979 2916 σύμϐολον
1026 2848 1191 2910 νίκης,
1223 2846 1424 2904 τούτοις
1467 2842 1622 2895 αὐτόν
1647 2845 1717 2905 ὡς

125 2940 333 2993 νικητήν
361 2942 450 2988 τοῦ
478 2935 698 2986 θανάτου
728 2937 1072 3009 γεραίροντες.

196 3117 402 3164 Καὶ-
438 3109 674 3184 Ἰσραήλ.
733 3117 898 3162 Τοῦτο
955 3109 1186 3181 μάλιστα
1232 3111 1360 3170 τούς
1422 3105 1717 3169 Ἰουδαίους

125 3199 388 3271 ἀπέπνιγε,
445 3203 502 3251 τό
555 3200 836 3256 πεισθῆναι
907 3202 992 3250 τὸν
1059 3197 1216 3268 ὄχλον
1269 3199 1347 3248 ὅτι
1429 3195 1529 3248 ἀπὸ
1583 3203 1716 3249 Θεοῦ

125 3291 355 3362 ἔρχεται.
410 3291 649 3344 Ζητησον
700 3282 758 3338 δε
815 3284 863 3336 ἐν
910 3293 984 3354 τῷ
1035 3293 1440 3356 τεσσαρακοστῷ
1500 3287 1716 3356 πέμπτῳ

123 3375 378 3447 κεφαλαίῳ
409 3382 500 3427 τοῦ
526 3377 660 3426 κατά
688 3375 952 3426 ΙκῙατθαίον
978 3378 1036 3425 τό
1061 3392 1073 3405 ο
1118 3375 1184 3425 Οἱ
1211 3369 1269 3425 δε
1295 3371 1447 3443 ὄχλοι
1485 3374 1533 3424 οἱ
1559 3375 1719 3446 προά-

122 3483 292 3537 γοντες
312 3470 400 3516 καὶ
424 3467 472 3516 οἱ
503 3462 896 3522 ἀκολουθοῦντες
937 3462 1153 3534 ἔκραζον
1191 3460 1422 3532 λέγοντες
1455 3478 1467 3490 ·
1495 3460 1720 3513 Ὡσαννά

124 3563 196 3626 τῷ
233 3555 330 3624 υἱῷ
376 3550 558 3606 Δαυῖδ’
602 3557 692 3604 καὶ
754 3553 1014 3623 ἀνάγνωθι
1073 3555 1166 3609 τὴν
1225 3550 1493 3624 ἑρμηνείαν
1559 3549 1718 3602 αὐτοῦ

123 3663 177 3696 τε
245 3648 334 3696 καὶ
407 3651 506 3696 τῶν
584 3641 761 3715 ἐφεξῆς
841 3638 938 3694 δύο
998 3641 1187 3716 ῥητῶν,
1264 3642 1456 3714 ἄριστα
1507 3639 1721 3694 ἐκτεθει-

122 3737 302 3807 μένην.
1725 3738 1728 3743 ’

587 3826 731 3874 ΚΕΦ.
753 3817 848 3874 ΙΔ’.
882 3822 1006 3892 Περὶ
1022 3824 1114 3871 τοῦ
1134 3817 1271 3871 ὄνου.

194 3911 370 3985 Εύρὼν
403 3941 472 3952 --
507 3910 654 3963 αὐτό.
689 3915 929 3968 Ζήτησον
961 3909 1009 3960 ἰν
1039 3910 1211 3980 ἕκείνῳ
1239 3907 1393 3961 πάλιν
1421 3912 1508 3967 τὴν
1533 3907 1722 3980 ἐξήγηο

121 4021 205 4054 σιν
233 4010 329 4062 τῆς
352 4000 528 4075 ἀρχῆς
548 4007 640 4052 τοῦ
670 3998 1067 4072 κεφαλαίου,καὶ
1094 3996 1353 4070 ἀνάγνωθι
1373 4003 1546 4051 πᾶσαν
1567 3996 1723 4070 ἀναγ-

116 4091 408 4147 καιοτάτην
434 4086 616 4141 οὖσαν.

192 4178 326 4252 Εὗρε
369 4176 428 4231 δὲ
456 4181 514 4230 τό
561 4177 763 4252 ὀνάριον
803 4175 964 4249 ἀχθὲν
1017 4177 1117 4230 ύπό
1165 4185 1264 4230 τῶν
1333 4175 1721 4230 ἀποσταλέντων

115 4269 395 4341 μαθητῶν,
467 4269 537 4328 ὡς
613 4269 661 4318 οἱ
723 4266 869 4319 ἄλλοι
965 4268 1247 4342 ἱστόρησαν
1333 4264 1718 4336 εύαγγελισταί.

116 4357 346 4408 Ἐκεῖνοι
397 4358 498 4429 γὰρ
552 4358 723 4408 πάντα
761 4360 851 4428 μέν
893 4357 960 4407 τὰ
1013 4357 1149 4407 κατὰ
1193 4358 1281 4407 τόν
1325 4353 1586 4428 εἰρημένον
1619 4355 1724 4405 Λά-

115 4447 284 4520 ζαρον
348 4450 438 4498 καὶ
485 4448 550 4498 τὰ
598 4444 777 4517 ἐφεξῆς
816 4446 951 4520 ἄχρι
991 4451 1082 4505 τῆς
1138 4448 1255 4496 ὄνου
1309 4448 1522 4495 καὶτοῦ
1550 4442 1720 4494 πώλου

109 4531 482 4609 παρέδραμον,
539 4535 713 4608 ὥσπερ
769 4538 859 4586 καὶ
935 4531 1062 4586 ἀλλὰ
1112 4532 1275 4585 πολλὰ
1344 4533 1583 4604 θαύματα
1633 4536 1723 4582 καὶ

113 4621 461 4697 διδάγματα,
515 4626 613 4676 εἴτε
661 4622 1020 4695 ἐπιλαθόμενοι
1079 4620 1253 4683 ἁπλῶς
1309 4624 1408 4673 εἴτε
1454 4627 1543 4674 καὶ
1590 4623 1727 4673 κατὰ

105 4735 234 4769 τινα
303 4716 562 4787 θειοτέραν
633 4713 946 4784 οἰκονομίαν,
999 4713 1070 4773 ὡς
1123 4709 1183 4762 ἃν
1239 4713 1361 4782 ἔχρι
1431 4715 1519 4762 καὶ
1576 4710 1726 4773 οὗτος

105 4805 228 4879 μετ’
263 4804 459 4866 αὐτοὺς
497 4805 712 4880 γράφειν
771 4798 955 4862 ἰδικῶς
1000 4800 1068 4861 εἰς
1120 4798 1404 4873 βεϐαίωσιν
1441 4807 1534 4853 τοῦ
1567 4799 1725 4874 Εύαγ-

103 4894 325 4967 γελίου.
1285 4961 1292 4966 ἡ

189 4981 582 5059 [Ὑπερϐάντες
635 4979 746 5056 (57)
792 4975 849 5033 δε
895 4979 1061 5032 ταῦτά
1111 4995 1259 5052 φασι,
1322 4980 1591 5041 Ματθαῖος
1639 4981 1730 5053 μὲν

186 5186 241 5226 ⁸³
275 5191 452 5247 Marc.
492 5203 606 5258 nv,
636 5192 687 5246 8.
765 5190 813 5226 ³⁸
854 5186 1002 5248 ibid.
1025 5191 1082 5246 7.
1159 5187 1206 5225 "
1229 5188 1404 5255 Isa.1,
1438 5185 1528 5243 15.

1824 1966 2068 2023 quoque
2097 1967 2316 2006 caecum
2344 1950 2504 2006 foras
2535 1951 2850 2022 ejecerant,
2874 1958 2931 2008 et
2959 1954 3242 2010 Lazarum
3264 1955 3484 2012 interti-

1822 2055 1957 2095 cere
1987 2039 2270 2096 volebant
2303 2055 2314 2095 :
2342 2040 2496 2096 adeo
2528 2045 2698 2097 erant
2735 2056 2860 2097 non
2885 2041 3072 2098 invidi
3097 2049 3348 2111 tantum,
3375 2045 3484 2100 sed

1824 2133 1880 2185 et
1911 2128 2143 2184 veloces
2169 2129 2246 2185 ad
2263 2129 2510 2185 caedem.
2543 2129 2862 2202 Propterea
2883 2132 2951 2186 de
2963 2131 3046 2187 eis
3059 2148 3302 2206 quoque
3330 2134 3484 2191 dice-

1823 2217 1930 2274 bat
1958 2217 2273 2290 propheta:
2291 2219 2507 2274 Manus
2523 2233 2726 2275 eorum
2739 2222 3023 2290 sanguine
3032 2223 3228 2290 plenae
3248 2231 3384 2279 sunt
3399 2225 3446 2260 ⁸⁶
3460 2263 3475 2280 .

1824 2307 2127 2363 Mordebat
2151 2307 2331 2364 etiam
2356 2307 2512 2375 illos,
2528 2308 2716 2380 quod,
2743 2309 3005 2367 instante
3029 2311 3200 2377 festo,
3221 2313 3485 2385 plurima

1826 2395 2002 2452 turba
2037 2396 2187 2452 illud
2219 2396 2578 2469 relinqueret
2601 2402 2659 2452 et
2707 2397 2783 2454 ad
2823 2413 2960 2454 eum
2992 2405 3266 2458 curreret.

1897 2487 2058 2541 Vers.
2095 2487 2179 2541 l2.
2220 2486 2458 2542 Postero
2487 2517 2556 2529 —
2594 2487 2756 2543 Vers.
2791 2488 2878 2543 13.
2912 2488 2983 2545 ei.
3017 2491 3096 2545 Ne
3149 2496 3386 2563 propter
3419 2509 3482 2549 se

1824 2574 2112 2630 Lazarum
2159 2575 2519 2642 occiderent,
2574 2575 2992 2650 Hierosolyma
3049 2580 3258 2636 venit:
3301 2581 3483 2642 simul

1824 2669 2041 2729 autem,
2103 2668 2167 2719 ut
2212 2663 2464 2736 populus
2518 2681 2648 2720 cum
2679 2667 2865 2721 ramis
2913 2667 3021 2722 sibi
3045 2675 3394 2737 occurreret,
3427 2677 3485 2728 et

1825 2752 3122 2829 consternarenturinsidiatores,possentque
3134 2757 3212 2814 ad
3231 2764 3485 2816 mentem

1825 2857 2038 2899 sanam
2071 2841 2668 2914 redire.Acceperunt
2683 2849 2884 2901 autem
2903 2860 3126 2913 ramos,
3149 2847 3206 2902 in
3241 2849 3482 2918 signum

1823 2931 2106 3002 victoriae,
2138 2930 2229 2987 his
2257 2947 2400 2988 eum
2431 2935 2724 3005 tanquam
2756 2933 2966 2991 mortis
2996 2935 3284 2993 victorem
3311 2954 3487 2996 vene-

1823 3025 2045 3076 rantes.

1898 3111 2058 3164 Vers.
2114 3110 2202 3165 13.
2257 3111 2335 3166 Et
2377 3140 2446 3150 —-
2497 3111 2701 3167 Israel.
2755 3111 2877 3167 Hoc
2922 3114 3181 3170 maxime
3244 3115 3486 3174 Judmos

1826 3196 2204 3268 praefocabat,
2238 3213 2594 3268 persuasam
2634 3214 2770 3254 esse
2809 3199 3068 3268 turbam,
3101 3204 3263 3274 quod
3289 3221 3324 3260 a
3365 3206 3484 3262 Deo

1826 3285 2070 3340 veniret.
2102 3287 2308 3349 Quaere
2338 3291 2536 3341 autem
2558 3286 3028 3357 quadragesimo
3075 3292 3288 3362 quinto
3311 3293 3486 3363 juxta

1827 3373 2164 3431 Matthmum
2211 3375 2425 3447 capite,
2467 3375 2568 3430 ubi
2599 3375 2854 3430 dicitur:
2895 3379 3109 3436 Turbae
3149 3395 3305 3446 vero,
3353 3399 3485 3454 quae

1824 3462 2324 3534 prmibantetquw
2353 3463 2768 3534 sequebantur,
2807 3465 3148 3523 clamabant
3179 3468 3436 3527 dicentes
3466 3488 3480 3527 :

1829 3553 2102 3607 Hosanna
2130 3552 2257 3620 ﬁlio
2287 3553 2484 3608 David
2506 3553 2576 3618 ⁸⁵,
2615 3557 2672 3608 et
2719 3553 2849 3624 ejus
2878 3553 3007 3625 lege
3054 3555 3484 3630 interpretatio-

1828 3654 1990 3704 nem,
2018 3655 2088 3695 ac
2105 3641 2482 3712 sequentium
2503 3641 2763 3698 duorum
2777 3642 3096 3711 dictorum,
3117 3645 3360 3718 pulchre
3381 3649 3484 3705 ad-

1831 3729 2075 3787 modum
2109 3730 2496 3802 propositam.

2328 3819 2488 3877 CAP.
2507 3819 2654 3876 XIV.
2697 3821 2781 3878 De
2799 3821 2992 3879 asello.

1900 3909 2066 3964 Vers.
2099 3911 2182 3964 14.
2215 3909 2440 3966 Nactus
2467 3939 2536 3949 —
2565 3909 2763 3966 illum.
2793 3913 3044 3967 Rursum
3064 3911 3125 3968 in
3151 3912 3252 3970 illo
3281 3931 3484 3988 quaere

1829 3997 2266 4069 expositionem
2293 3998 2568 4071 principii
2607 3999 2836 4071 capitis,
2878 4005 3186 4075 totamque
3223 4004 3482 4076 perlege,

1830 4101 1970 4141 cum
2001 4087 2073 4141 sit
2094 4085 2424 4158 plurimum
2455 4089 2813 4144 necessaria.

1901 4177 2118 4231 Nactus
2147 4181 2234 4230 est
2262 4181 2464 4232 autem
2499 4175 2771 4244 asellum,
2803 4178 2876 4233 ab
2905 4177 3189 4250 his,quos
3224 4180 3483 4250 miserat,

1831 4262 2142 4335 discipulis
2176 4263 2527 4330 adductum,
2548 4265 3067 4334 quemadmodum
3090 4269 3283 4324 caeteri
3306 4271 3486 4342 scrip-

1831 4357 2032 4408 serunt
2060 4352 2466 4422 evangelista.
2495 4351 2730 4408 lliivero
2752 4354 2977 4419 omnia,
3009 4372 3142 4426 quae
3164 4356 3237 4411 de
3265 4358 3485 4415 Lazaro

1832 4445 2283 4514 erant,qumque
2297 4446 2628 4513 sequuntur
2650 4458 2834 4514 usque
2849 4444 2926 4498 ad
2943 4445 3175 4500 asinam
3191 4450 3247 4501 et
3259 4446 3486 4517 pullum

1829 4531 2352 4604 praetermiserunt,
2385 4530 2902 4602 quemadmodum
2928 4533 3119 4589 etalia
3146 4534 3487 4606 multa,tum

1834 4618 2142 4689 miracula,
2185 4623 2312 4674 tum
2351 4620 2644 4690 dogmata
2676 4639 2688 4678 :
2716 4620 2840 4675 sive
2870 4622 3118 4678 omnino
3148 4621 3330 4688 obliti,
3363 4624 3487 4680 sive

1832 4711 2029 4782 potius
2060 4709 2336 4765 diviniori
2366 4709 2568 4782 aliqua
2589 4709 3055 4782 dispensatione,
3077 4716 3138 4768 ut
3177 4712 3488 4771 haberetet

1833 4799 1931 4856 hic
1962 4798 2302 4871 postipsos,
2335 4815 2472 4872 quas
2498 4798 2742 4872 propria
2781 4799 3066 4857 scriberet
3093 4801 3152 4858 in
3194 4803 3490 4875 Evangelii

1839 4887 2385 4946 conﬁrmationem.
2838 4937 2843 4942 .

1909 4977 2007 5034 His
2020 4993 2163 5051 ergo
2178 4976 2414 5044 relictis,
2441 4976 2667 5047 dicunt,
2690 4977 2995 5036 Mattheus
3020 4979 3292 5054 quidem,
3321 4980 3490 5056 quod

1605 5186 1653 5224 ⁸⁵
1684 5184 1882 5245 Matth.
1908 5201 2033 5254 xxi,
2073 5188 2127 5242 9.

1331 5391 1557 5464 Variae
1588 5392 1914 5464 lectiones
1940 5400 2006 5463 et
2045 5402 2248 5463 notae.

179 5597 316 5732 (εἳ
346 5596 535 5688 Nemo
588 5601 878 5689 opinetur,
930 5601 1281 5688 Hentenium
1332 5603 1544 5679 legisse
1576 5606 1726 5672 ἕξετε.

95 5676 234 5732 Sed
319 5676 564 5732 abebstzs
590 5677 772 5732 dedit.
801 5681 1156 5732 sententiam
1176 5684 1437 5732 secutus.
1481 5683 1562 5732 De
1592 5697 1726 5732 con-

95 5690 234 5732 δρα
269 5690 564 5733 naoeoms
590 5690 772 5744 dedit,
801 5690 1156 5735 sententiam
1176 5690 1437 5736 secutus.
1481 5690 1562 5738 De
1592 5697 1730 5738 con-

92 5746 363 5823 fusione
387 5753 722 5823 temporum
744 5764 927 5823 supra
938 5749 1262 5823 disputavit
1281 5751 1340 5807 in
1357 5751 1730 5812 Praefatione.

92 5811 262 5878 Vide
301 5811 534 5895 prastat:
550 5821 626 5879 ad
659 5811 884 5894 Evang.
916 5811 1114 5882 Matth.
1147 5837 1289 5896 pag.
1318 5825 1444 5880 118.

319 5676 564 5733 αῡεὸίιίε
590 5676 772 5744 dedit,
801 5677 1156 5735 sententiam
1176 5676 1437 5736 secutus.
1481 5683 1562 5738 De
1592 5697 1732 5738 con-

1938 5609 2024 5677 56)
2046 5609 2280 5666 Inclusa
2309 5601 2530 5667 absunt
2561 5609 2623 5666 Α.

1938 5609 2024 5677 56)
2046 5609 2280 5666 Inclusa
2309 5609 2530 5667 absunt
2561 5609 2623 5666 Α.

1912 5609 2026 5758 ἒϐη
2089 5681 2326 5758 Inclusa
2367 5677 2744 5758 ‘absunt_A_.
2785 5675 3160 5758 _’Ymp€a'v1'c:,
3234 5678 3492 5755 intellige

1841 5757 1890 5806 οί
1922 5746 2121 5831 ’λοιποί
2179 5746 2565 5831 ξύαγγελισταί,
2625 5751 2841 5811 deinde
2895 5746 3024 5829 φασὶ
3068 5746 3334 5818 Ματθαίος
3401 5746 3491 5831 μεν

1841 5850 1908 5865 —-
1935 5825 2144 5902 Μάρκος
2167 5820 2244 5882 δί’.
