4076 6478
217 362 351 421 1361

1210 357 1578 417 COMMENT.
1620 356 1691 414 IN
1728 356 2075 414 JOANNEM.
2119 388 2185 399 —
2224 355 2379 414 CAP.
2423 355 2542 412 XII.

3433 352 3578 416 1362

214 497 384 544 καύτα
432 488 825 543 πιστευσάντων
913 485 1207 562 ἐμαρτύρειο
1273 487 1299 538 ὁ
1373 484 1527 558 ὄχλος
1600 480 1660 537 δὲ
1710 491 1786 537 τῶι

1927 499 2137 541 eorum
2165 484 2271 557 qui
2294 489 2435 541 tunc
2461 481 2855 549 crediderant,
2870 481 3276 539 testimonium
3304 482 3576 554 perhibe-

213 578 547 632 ἀκουσάντων
574 579 867 637 ὑπήντησεν
899 579 1037 647 αύτῷ
1063 578 1174 650 μετ’
1205 575 1392 628 αὐτῶν.

285 761 351 812 Οἱ
397 766 485 811 οῦν
544 764 821 833 Φαρισαῖοι
870 787 939 798 -
986 755 1202 815 ἀπῆλθε.
1260 758 1467 828 Κόσμον
1514 754 1580 805 τὰ
1632 752 1806 811 πλήθη

211 847 471 921 λέγουσιν’
547 848 754 899 Ὀπίσω
836 843 894 899 δε
974 845 1134 898 αύτοῡ
1214 843 1458 910 ἀπῆλθεν,
1543 841 1655 896 ἀντὶ
1717 848 1808 894 τοῦ

214 936 513 991 Ἀκολουθεί
573 936 733 1007 αύτῷ.
788 935 848 989 Εἰ
916 937 1006 1007 μὲν
1081 931 1169 987 οὖν
1221 937 1536 1009 Φαρισαίους
1590 930 1809 984 ἐνταῦθα

208 1032 416 1087 νοήσεις
470 1029 592 1088 τούς
649 1023 1092 1088 ἐπιϐουλεύοντας,
1147 1028 1433 1097 μέμφονται
1484 1021 1688 1082 ἑαυτοῖς
1744 1023 1810 1081 ὡς

208 1115 303 1168 οὐκ
354 1115 597 1168 ἀνύουσιν
636 1111 787 1168 ούδὶν
828 1110 921 1167 διὰ
948 1113 1227 1188 ρᾳθυμίανν
1286 1113 1332 1165 εἰ
1368 1108 1427 1164 δε
1457 1111 1644 1184 μᾶλλον
1690 1114 1808 1172 τοὺς

205 1207 585 1266 πιστεύσαντας
635 1207 724 1277 μεν
772 1206 1093 1277 κρύπτοντας
1137 1199 1196 1255 δε
1241 1205 1335 1260 τήν
1377 1206 1557 1254 πίστιν
1597 1196 1691 1253 διὰ
1719 1202 1806 1252 τὸν

206 1292 360 1366 φόϐον
387 1301 486 1346 τῶν
524 1292 708 1345 ἄλλωνο
742 1297 1029 1365 μέμφονται
1061 1291 1177 1344 καθ’
1209 1290 1421 1352 ἑαυτούς
1448 1298 1559 1352 τοῖς
1599 1288 1806 1343 ἐπιϐου-

203 1382 439 1435 λεύουσιν
496 1385 566 1444 ὡς
618 1383 788 1455 μάτην
840 1377 1211 1442 σπουδάζουσι
1270 1384 1362 1432 καὶ
1408 1379 1501 1432 ούκ
1559 1377 1804 1432 ἀνύουσιν

205 1467 377 1526 οὐδέν.

346 1656 489 1704 ΚΕΦ.
530 1648 630 1703 ΙΕ’.
678 1654 803 1723 Περὶ
842 1657 941 1701 τῶν
969 1646 1353 1721 προσελθόντων
1380 1646 1654 1704 Ἐλλώνων.

268 1737 439 1791 Ἦσαν
513 1768 580 1782 -
665 1738 834 1811 ἑορτῇ.
913 1736 1097 1791 Πολλοὶ
1169 1739 1271 1810 γὰρ
1344 1735 1582 1797 Ἓλληνες

193 1825 550 1900 ἀσπαζόμενοι
626 1832 713 1885 τήν
788 1829 1069 1899 θρησκείαν
1143 1834 1241 1877 τῶν
1332 1822 1625 1890 Ἰουδαίων,

193 1916 677 1989 θίλοντεςγενίσθαι
702 1915 1025 1989 προσήλυτοι
1050 1913 1311 1968 ἀνέϐαινον
1336 1919 1420 1967 καὶ
1444 1916 1792 1988 προσεκύνουν

1685 1736 1797 1809 (62)

190 2008 240 2058 εν
270 2014 332 2064 τῆ
375 2004 525 2079 ἑορτῇ
537 2049 549 2061 .

260 2094 421 2146 Οὗτοι
472 2125 539 2135 -
592 2091 746 2148 ἰδεῖν.
787 2096 1127 2154 Ἀκούσαντες
1157 2097 1249 2152 τήν
1279 2097 1397 2168 περὶ
1424 2092 1586 2145 αὐτοῦ
1616 2096 1792 2165 φήμην

192 2182 426 2235 θέλουσιν
458 2182 612 2235 αὐτὸν
646 2179 796 2235 ἰδεῖν.

258 2279 387 2345 Ἔρλ
403 2291 512 2324 εται
554 2303 616 2312 -
658 2268 898 2347 Ἀνδρέᾳ.
952 2276 1076 2345 Περὶ
1131 2280 1229 2323 τῶν
1285 2270 1532 2329 Ἑλλήνων
1578 2273 1786 2334 τούτων,

190 2363 255 2420 ὡς
276 2359 388 2433 (63)
416 2366 650 2433 πρώτων.

264 2455 363 2502 Καὶ
396 2449 549 2502 πάλιν
585 2480 644 2490 -
680 2447 974 2524 ἀνθρώπου.
1018 2448 1158 2502 Ἐπεὶ
1201 2454 1316 2502 τότε
1345 2448 1541 2522 ἔμελλεν
1592 2448 1794 2502 ἀποθα-

186 2545 286 2589 νεῖν
318 2539 398 2590 ὃτε
429 2540 479 2591 οἱ
507 2541 597 2608 μὲν
632 2535 881 2591 Ἰουδαῖοι
909 2544 1212 2611 κυρώσουσι
1243 2541 1328 2590 τὸν
1361 2537 1520 2590 αὐτοῦ
1552 2540 1789 2607 θάνατον,

188 2629 254 2678 τά
320 2622 378 2679 δὲ
449 2627 567 2685 ἔθνη
637 2626 883 2701 ἄρξονται
953 2628 1350 2701 προσέρχεσθαι
1402 2626 1561 2697 αύτῷσ
1617 2630 1791 2697 γέγονε

187 2711 248 2767 δε
277 2711 383 2774 ήδη
424 2720 696 2767 καὶτοῦτο
749 2713 974 2767 κάκεῖνο·
1019 2713 1072 2778 ἐξ
1121 2714 1275 2767 ἐθνῶν
1304 2716 1406 2787 γὰρ
1452 2715 1501 2767 οἰ
1549 2716 1793 2790 ῥηθέντες

182 2802 433 2865 Ἓλληνες.
491 2808 671 2862 Φησίν’
723 2803 995 2862 Ἐλήλυθεν
1054 2805 1080 2855 ὁ
1126 2807 1323 2879 καιρὸς,
1386 2805 1469 2856 ἶνα
1523 2802 1786 2858 ἀποθάνω.

186 2896 329 2946 Μετά
379 2896 479 2965 γὰρ
547 2896 634 2945 τὸν
703 2894 920 2945 θάνατον
976 2897 1066 2945 καὶ
1138 2897 1227 2951 τήν
1285 2891 1574 2946 ἀνάστασιν
1620 2893 1790 2967 ἔμελλε

185 2978 519 3044 δοξασθῆυαι
602 2980 650 3032 ἐν
720 2987 854 3033 πᾶσι
896 2989 1003 3042 τοῖς
1050 2983 1237 3046 ἔθνεσι,
1287 2984 1641 3054 κηρυχθέντος
1694 2990 1787 3035 τοῦ

182 3069 494 3140 Εύαγγελίου
549 3068 597 3120 ἐν
660 3068 759 3139 ὅλῳ
810 3077 884 3139 τῷ
941 3074 1143 3141 κόσμῳ.
1215 3075 1316 3122 Καὶ
1365 3072 1450 3122 ὅτε
1499 3068 1683 3132 ἔδοξαν
1738 3074 1786 3123 οἱ

179 3153 433 3210 Ἰουδαῖοι
484 3156 672 3209 σϐέσαι
699 3162 791 3215 τήν
824 3154 983 3219 δόξαν
1036 3158 1218 3223 αὐτοῦ,
1270 3162 1384 3210 τότε
1434 3157 1550 3229 (64)
1592 3158 1783 3230 μᾶλλον
1823 3189 1862 3243 C

178 3244 402 3317 ἔλαμψεν
433 3245 507 3306 εἰς
536 3250 710 3297 πᾶσαν
744 3250 837 3303 τήν
867 3245 1195 3317 οἰκουμένην.

253 3336 271 3405 [
331 3335 469 3387 Ἐπεὶ
691 3333 780 3385 οὖν
826 3330 1084 3387 Ἰουδαῖοι
1128 3336 1217 3407 μεν
1274 3338 1403 3405 μετά
1457 3330 1782 3406 διασκέψεως

177 3422 444 3498 ἐκύρωσαν
497 3426 585 3475 τὸν
638 3423 793 3475 αύτού
855 3424 1092 3487 θάνατον,
1142 3425 1210 3475 τὰ
1257 3425 1376 3481 ἔθνη
1412 3419 1471 3475 δε
1518 3423 1783 3484 ἐζήτησαν

178 3512 355 3577 αὐτὸν,
406 3509 611 3574 ἀνάξιον
657 3508 716 3569 ἦν
764 3518 858 3572 τῆς
897 3518 987 3563 τοῦ
1040 3519 1175 3564 Θεοῦ
1223 3507 1568 3571 δικαιοσύνης
1616 3530 1780 3585 παρα·

177 3606 342 3673 μένειν
393 3604 469 3653 ἔτι
512 3607 623 3663 τοῖς
674 3598 905 3661 ἀνιάτοις
948 3605 1038 3652 καὶ
1084 3606 1330 3675 περιορᾷν
1378 3605 1497 3663 τοὺς
1545 3601 1783 3673 ἑτοίμους

176 3690 248 3752 εἰς
298 3691 587 3765 θεραπείαν.
657 3695 756 3742 Καὶ
822 3686 968 3742 διατί
1034 3693 1105 3761 μή
1176 3688 1361 3762 μετέϐη
1420 3694 1535 3743 τότε
1587 3689 1670 3743 ἐπὶ
1717 3694 1783 3743 τά

174 3781 341 3844 ἓθνης
397 3782 491 3830 Διά
547 3782 604 3830 τὸ
659 3778 905 3852 περιελεῖν
956 3784 1129 3831 πᾶσαν
1204 3778 1486 3850 ἀπολογίαν
1538 3778 1778 3850 ἀγνωμο-

176 3869 331 3928 σύνης
375 3876 473 3919 τῶν
519 3863 805 3921 Ἰουδκίων·
858 3867 916 3920 ού
969 3872 1121 3939 μόνον
1150 3870 1252 3942 γὰρ
1284 3868 1435 3929 αὐτὸς
1466 3868 1524 3921 ού
1565 3867 1775 3941 μετέϐη,

173 3953 281 4006 ἀλλ’
329 3953 453 4008 οὐδὲ
481 3959 600 4018 τούς
647 3957 889 4028 μαθητὰς
938 3954 1130 4028 ἀφῆκεν
1172 3956 1240 4017 εἰς
1284 3953 1408 4010 ὁδὸν
1434 3955 1588 4010 ἕθνὼν
1620 3956 1774 4009 ἀπελ-

173 4045 296 4108 θεῖν,
342 4049 432 4096 καὶ
480 4049 644 4117 μυρία
698 4048 924 4116 πάσχων
989 4047 1089 4097 ύπὸ
1146 4054 1246 4097 τῶν
1312 4044 1620 4120 ἀχαρίστων
1680 4048 1775 4099 ούκ

170 4130 326 4191 ἀνῆκε
409 4129 703 4198 διδάσκων,
783 4135 1091 4205 θεραπεύων,
1186 4139 1273 4187 καὶ
1346 4137 1514 4188 πάντα
1581 4140 1771 4211 τρόπον

168 4221 463 4295 εὐεργετῶν,
495 4223 588 4285 ἕως
618 4221 809 4276 ἀνεῖλον
833 4222 1035 4296 auito-1.]

236 4309 398 4382 Ἀμήν
458 4342 519 4352 -
575 4315 735 4384 φέρει.
815 4314 1286 4387 Παραμυθούμενος
1351 4317 1473 4376 τοὺς
1528 4315 1769 4385 μαθητὰς

165 4396 260 4453 διὰ
314 4396 738 4473 παραδείγματος
795 4397 1163 4455 ἀποδείκνυσιν
1231 4404 1311 4455 ὅτι
1366 4407 1626 4476 συμφέρον
1678 4410 1767 4457 καὶ

166 4487 444 4561 ἀναγκαῖον
508 4489 779 4542 ἀποθανεῖν
845 4491 1019 4545 αὐτόν.
1091 4495 1291 4564 Τρόπον
1351 4495 1453 4563 γὰρ
1532 4497 1680 4546 σίτου
1739 4495 1765 4546 ὁ

167 4580 382 4641 θάνατος
432 4579 547 4649 (66)
603 4579 764 4632 αὐτοῦ
803 4580 1018 4640 πολλοὺς
1069 4585 1473 4655 καρποφορήσει,
1509 4587 1598 4635 καὶ
1626 4602 1765 4654 γονι-

163 4674 400 4740 μώτατος
435 4672 582 4721 ἔσται
627 4674 714 4721 καὶ
750 4664 1041 4741 κερδαλέος.
1096 4671 1191 4721 Διά
1238 4674 1331 4728 τήν
1379 4669 1761 4745 προρρηθεῖσαν

162 4760 264 4832 γὰρ
315 4758 485 4811 αἰτίαν
529 4762 660 4830 μετά
711 4760 797 4808 τὸν
847 4758 1065 4809 θάνατον
1120 4758 1280 4811 αὐτοῦ
1332 4758 1533 4831 ἔμελλον
1587 4762 1636 4812 οἱ
1664 4781 1760 4833 μα-

165 4848 321 4905 θηταὶ
377 4850 493 4920 (67)
551 4846 711 4898 αύτου
768 4844 1128 4904 ἀποσταλῆναι
1184 4847 1253 4910 εἰς
1308 4850 1365 4900 τὸ
1430 4850 1760 4920 μαθητεῦσαί

1923 573 2062 641 bat;
2096 575 2269 631 turba
2294 588 2430 630 vero
2461 588 2664 629 eorum
2703 572 2808 645 qui
2862 571 3197 639 audierant,
3244 570 3480 629 obviam
3520 573 3575 631 ei

1921 679 2061 722 cum
2090 664 2203 721 illis
2236 663 2541 736 processit.

1989 755 2152 811 Vers.
2189 759 2273 811 t9.
2304 753 2595 810 Pharisaei
2619 766 2841 823 erga—
2869 751 3037 808 abiit.
3064 750 3349 808 Mnndum
3370 750 3578 811 dicunt

1918 843 2382 900 multitudinem.
2409 843 2541 899 Post
2579 857 2712 899 eum
2761 840 2927 904 abiit,
2980 840 3095 896 hoc
3147 844 3258 909 est,
3308 841 3577 913 sequitur

1918 949 2078 990 eum.
2112 933 2171 989 Si
2199 933 2379 1003 igitur
2398 947 2504 1003 per
2534 930 2865 988 Pharisaaos
2889 928 3182 999 intelligas
3200 929 3576 988 insidiatores

1917 1022 2030 1079 sibi
2056 1023 2199 1096 ipsis
2221 1021 2628 1094 indignantur,
2655 1019 2815 1093 quod
2842 1035 2965 1092 prm
2990 1019 3241 1090 segnitie
3268 1019 3416 1076 nihil
3441 1036 3576 1092 pro-

1918 1112 2123 1169 ﬁciant
2154 1129 2169 1179 ;
2200 1113 2248 1168 si
2274 1127 2416 1168 vero
2468 1126 2597 1178 eos,
2647 1109 2753 1183 qui
2796 1108 3195 1174 crediderant,
3236 1109 3344 1167 sed
3389 1110 3573 1168 ﬁdem

1918 1206 2156 1276 propter
2175 1201 2432 1258 aliorum
2460 1200 2740 1257 timorem
2759 1197 3159 1263 occultabant,
3181 1196 3574 1270 indignantur

1913 1292 2070 1364 apud
2096 1306 2158 1347 se
2196 1288 2664 1356 insidiatoribus,
2713 1287 2882 1363 quod
2939 1287 3161 1345 frustra
3205 1286 3570 1355 laborarent,

1912 1380 2182 1454 nihilque
2206 1379 2581 1453 proﬁcerent.

2121 1576 2274 1632 CAP.
2308 1574 2425 1631 XV.
2456 1575 2541 1632 De
2570 1574 2789 1631 Graii-is
2813 1573 2918 1646 qui
2961 1576 3350 1630 accesserunt.

1981 1682 2144 1740 Vers.
2214 1686 2304 1740 20.
2357 1683 2796 1753 Erant—ferto.
2855 1678 3010 1739 Multi
3044 1679 3342 1754 siquidem
3385 1679 3571 1738 Graeci

1908 1772 2131 1829 cultum
2149 1777 2420 1829 amantes
2431 1773 2458 1826 J
2467 1770 2798 1840 udasorum,
2820 1774 2876 1827 et
2892 1769 3204 1842 cupientes
3217 1769 3345 1826 fieri
3366 1784 3569 1843 prose-

1838 1842 1879 1896 Β
1910 1862 2013 1936 lyti
2034 1860 2441 1919 ascendebant
2460 1865 2514 1917 et
2544 1830 2878 1918 adorabunt
2919 1830 2991 1916 in.
3008 1859 3174 1917 festo.

1981 2059 2149 2115 Vers.
2183 2062 2271 2114 2t.
2303 2058 2388 2114 Hi
2408 2089 2475 2098 —-
2509 2057 2725 2115 videre.
2752 2055 2901 2113 Cum
2920 2054 2995 2113 de
3022 2055 3154 2129 ejus
3175 2054 3340 2114 fama
3360 2054 3567 2114 audis-

1909 2153 2058 2215 sent,
2080 2147 2332 2221 cupiunt
2359 2163 2496 2203 eum
2523 2146 2740 2203 videre.

1976 2237 2140 2294 Vers.
2197 2237 2283 2292 22.
2345 2237 2511 2293 Venit
2576 2268 2646 2276 —
2676 2235 2949 2293 Andreae.
3012 2236 3090 2291 De
3143 2233 3363 2291 Graecis
3436 2233 3564 2291 istis

1906 2331 2196 2400 tanquam
2227 2325 2464 2396 majori.

1977 2416 2143 2473 Vers.
2165 2415 2255 2473 22.
2291 2415 2681 2486 Rursumque.
2706 2413 2945 2470 -—Vers.
2978 2416 3071 2471 23.
3112 2411 3384 2469 hominis.
3415 2411 3565 2479 Quia

1903 2510 2046 2561 tunc
2070 2503 2337 2561 futurum
2396 2508 2542 2568 erat,
2577 2507 2642 2559 ut
2697 2506 3045 2568 moreretur,
3087 2517 3227 2557 cum
3273 2501 3464 2557 Judaei
3490 2502 3563 2559 de

1903 2595 2034 2665 ejus
2054 2599 2241 2651 morte
2261 2593 2615 2650 sententiam
2639 2592 2929 2659 tulissent,
2946 2595 3154 2664 gentes
3174 2606 3314 2647 vero
3328 2590 3405 2646 ad
3422 2606 3561 2647 eum

1902 2683 2185 2739 accedere
2215 2683 2554 2755 coepissent.
2615 2683 2780 2738 Nunc
2825 2684 3026 2736 autem
3081 2683 3138 2736 et
3184 2679 3301 2736 hoc
3331 2683 3385 2735 et
3415 2677 3563 2735 illud

1900 2770 2123 2828 factum
2164 2776 2253 2827 est
2293 2788 2307 2838 ;
2340 2787 2484 2827 nam
2513 2774 2569 2826 et
2592 2769 2734 2826 dicti
2781 2768 2971 2825 Graeci
3010 2784 3041 2824 e
3070 2768 3346 2838 gentibus
3370 2772 3557 2825 erant.

1899 2861 1994 2917 Ait
2035 2879 2048 2917 :
2082 2860 2255 2917 Venit
2289 2866 2552 2933 tempus,
2581 2864 2645 2915 ut
2669 2858 2905 2923 moriar,
2935 2856 3229 2931 siquidem
3259 2861 3562 2928 postmor-

1898 2954 2015 3005 tem
2032 2966 2100 3006 ac
2113 2950 2609 3006 resurrectionem
2623 2946 3048 3018 glorificandus
3063 2951 3187 3003 erat
3202 2945 3263 3002 in
3277 2943 3558 3002 omnibus

1899 3037 2530 3108 gentibus,praadicato
2561 3035 2875 3108 Evangelia
2893 3034 2953 3090 in
2985 3034 3266 3091 universo
3293 3034 3549 3091 mundo.

1898 3123 2169 3198 Cumque
2245 3124 2587 3181 exstinxisse
2614 3124 2726 3180 sibi
2804 3124 2912 3179 visi
2981 3127 3123 3179 sunt
3176 3122 3368 3180 Judaei
3426 3124 3558 3196 ejus

1898 3211 2171 3282 gloriam,
2213 3219 2355 3269 tunc
2382 3214 2442 3268 in
2468 3212 2749 3269 universo
2771 3212 2916 3269 orbe
2947 3212 3139 3283 magis
3155 3211 3546 3283 resplenduit.

1970 3300 2121 3367 Quia
2144 3315 2282 3371 ergo
2302 3301 2330 3356 J
2342 3300 2495 3356 udmi
2512 3315 2650 3356 cum
2662 3299 3087 3356 deliberatione
3101 3299 3457 3356 sententiam
3477 3300 3554 3358 de

1894 3407 2025 3478 ejus
2050 3411 2239 3463 morte
2268 3406 2541 3476 tulerant,
2569 3406 2892 3478 indignum
2924 3412 3049 3463 erat
3082 3405 3178 3461 Dei
3200 3404 3456 3477 justitia,
3490 3412 3555 3463 ut

1894 3497 2114 3553 diutius
2144 3496 2307 3569 apud
2337 3495 2697 3552 incurabiles
2724 3498 3117 3566 permaneret,
3161 3509 3408 3567 eosque,
3446 3496 3551 3569 qui

1892 3587 1963 3642 ad
1993 3586 2368 3643 sanationem
2408 3585 2601 3657 parati
2639 3589 2827 3652 erant,
2877 3583 3226 3657 despiceret.
3271 3584 3334 3638 Et
3362 3600 3550 3656 quare

1889 3679 2032 3732 tunc
2061 3675 2141 3732 ad
2187 3680 2392 3748 gentes
2439 3690 2562 3730 non
2616 3674 2886 3731 transivit
2941 3673 2969 3729 ?
3019 3672 3091 3730 Ut
3136 3688 3381 3730 omnem
3438 3673 3547 3747 (ee)

1889 3763 1918 3819 .I
1929 3766 2223 3821 udasorum
2239 3764 2307 3819 de
2322 3763 2562 3836 perﬁdia
2572 3764 3021 3836 responsionem
3043 3762 3542 3822 circumcluderet:

1889 3869 2012 3909 non
2043 3853 2238 3910 solum
2267 3852 2430 3910 enim
2459 3854 2581 3926 ipse
2611 3868 2734 3909 non
2763 3853 3054 3920 transivit,
3078 3851 3185 3908 sed
3214 3868 3324 3909 nec
3368 3852 3543 3910 disci-

1888 3944 2061 4016 pulos
2082 3944 2144 4001 in
2187 3946 2342 4001 viam
2368 3945 2634 4016 gentium
2660 3943 2825 4001 abire
2874 3943 3160 4015 permisit,
3204 3958 3545 4017 passusque

1886 4033 1966 4089 ab
1994 4033 2240 4107 ingratis
2271 4033 2609 4098 innumera,
2641 4048 2763 4089 non
2812 4032 3049 4105 reliquit
3090 4031 3243 4099 illos,
3289 4032 3538 4099 docens,

1884 4139 2111 4180 sanans
2140 4139 2209 4180 ac
2241 4123 2437 4180 modis
2463 4122 2745 4181 omnibus
2777 4121 3062 4180 beneﬁcia
3081 4126 3398 4196 praestans,
3439 4124 3541 4180 do-

1881 4226 1990 4268 nec
2018 4211 2188 4267 illum
2220 4211 2585 4268 occiderunt.

1952 4319 2116 4374 Vers.
2141 4321 2230 4375 24.
2258 4321 2447 4374 Amen
2479 4348 2543 4359 --
2576 4317 2772 4388 affert.
2811 4316 3143 4389 Discipulos
3168 4316 3530 4385 consolatur,

1876 4406 2198 4463 ostendens
2222 4422 2328 4477 per
2343 4404 2706 4478 exemplum,
2722 4404 2888 4478 quod
2914 4405 3051 4462 utile
3077 4405 3234 4462 sitac
3258 4420 3535 4464 necessa-

1875 4495 2034 4551 rium
2091 4500 2154 4551 ut
2207 4496 2333 4568 ipse
2364 4495 2651 4551 moriatur
2686 4510 2701 4560 ;
2734 4510 2877 4550 nam
2932 4494 2992 4551 in
3050 4494 3292 4552 modum
3356 4496 3532 4553 tritici

1874 4599 2036 4641 mors
2066 4584 2118 4657 ej
2132 4602 2199 4640 us
2228 4585 2445 4641 multos
2465 4583 2671 4641 afferet
2693 4583 2945 4652 fructus,
2977 4583 3209 4658 eritque
3237 4584 3440 4642 fertilis
3459 4601 3531 4643 ac

1873 4672 2051 4731 utilis.
2083 4674 2328 4747 Propter
2358 4672 2708 4746 praedictam
2746 4672 2907 4730 enim
2937 4689 3186 4731 causam
3214 4678 3350 4747 post
3379 4690 3531 4731 mor-

1870 4766 1989 4819 tem
2016 4780 2181 4820 suam
2210 4762 2537 4835 discipulos
2567 4779 2710 4820 suos
2732 4763 3021 4819 missurus
3050 4767 3177 4820 erat
3224 4764 3282 4819 in
3315 4779 3529 4821 omnes

1869 4856 2171 4923 gentes,ut
2205 4852 2335 4924 jam
2361 4867 2524 4908 mors
2543 4852 2676 4924 ejus
2703 4851 2815 4908 vita
2851 4856 3006 4908 esset
3061 4852 3354 4923 gentium.
3384 4854 3528 4910 Mor-

1359 5078 1583 5148 Variae
1621 5079 1946 5149 lectiones
1967 5092 2031 5150 et
2061 5091 2262 5151 notae.

227 5320 337 5385 (62)
370 5323 700 5385 Ἠσπάζοντο
730 5328 794 5382 Α.

248 5393 338 5467 63)
394 5400 590 5467 Πρώτῳ
640 5396 1083 5467 corrigendum,
1146 5398 1396 5455 refertur
1453 5400 1608 5455 enim
1678 5400 1754 5456 ad

155 5462 368 5537 ἀνδρία.
411 5462 599 5537 Atque
630 5466 711 5521 ita
743 5462 1085 5524 Héntenius.

227 5535 339 5607 (6i)
373 5535 575 5590 Μᾶλλον
608 5537 771 5595 abest
801 5542 868 5594 Α.

1939 5330 2054 5408 (g6)
2085 5329 2318 5408 Inclusa
2345 5329 2673 5408 absuntA_._
2737 5406 2745 5408 _
2884 5398 2894 5408 _

1939 5402 2050 5465 (66)
2082 5404 2285 5464 Αύτούς
2310 5403 2538 5459 omisso
2562 5402 2781 5465 πολλούς
2796 5410 2851 5459 Β.

1939 5402 2028 5465 (66
2082 5404 2285 5464 Αύτούς
2310 5403 2538 5459 omisso

1936 5402 2050 5545 (6ῖῖ
2076 5474 2249 5526 Αὐτοῦ
2275 5473 2448 5530 abest
2471 5478 2538 5528 Α.

226 5741 351 5814 ἂρ)
378 5742 462 5801 tU
483 5758 729 5811 omnem,
758 5746 868 5801 etc.
898 5744 966 5801 Ut
994 5759 1237 5802 omnem
1266 5745 1636 5820 ingratorum
1673 5709 2017 5808 Judaaorum
2047 5750 2491 5810 excusationem
2517 5750 2756 5812 tolleret.
