4076 6454
619 336 760 396 1363

1935 334 2232 393 EUTHYM
2237 335 2287 392 II
2325 333 2660 394 ZIGABENI
3797 342 3889 398 1364

620 469 739 522 tem
767 467 966 522 autem
980 461 1154 520 tritici
1165 461 1415 535 intellige
1431 461 1572 520 mihi
1601 463 2045 537 corruptionem
2059 463 2230 535 ipsius

2303 465 2349 518 Α
2384 465 2554 516 πάντα
2615 465 2680 516 τὰ
2734 463 2874 532 ἔθνη,
2933 466 3023 516 καὶ
3081 460 3259 516 λοιπὸν
3313 463 3339 516 ὁ
3388 464 3591 526 θανάτος
3639 463 3772 518 αὐτοῦ
3817 469 3888 529 ζωή

623 553 845 610 Deinde
860 552 992 609 illos
1005 567 1248 625 quoque
1261 552 1550 618 accendit,
1576 558 1639 608 ut
1657 558 1907 608 mortem
1921 552 2273 625 despiciant,

619 659 730 699 nec
761 644 818 698 in
845 642 1159 715 propositis
1195 642 1474 714 periculis
1529 641 1852 699 retinenda:
1901 643 2033 698 vita
2073 641 2276 715 cupidi

624 734 760 799 sint,
803 748 986 805 supra
1016 730 1218 802 (idem,
1246 749 1375 806 quae
1403 733 1460 788 in
1485 732 1686 805 ipsum
1711 737 1822 790 est.

696 912 859 968 Vers.
903 915 989 968 25.
1024 911 1132 978 Qui
1159 941 1229 952 —
1253 925 1408 967 eam.
1459 911 1568 978 Qui
1597 915 1865 984 tempore
1905 911 2170 983 martyrii
2199 909 2282 965 vi-

623 1006 698 1058 tm
728 1000 1052 1058 retinendae
1079 999 1336 1072 cupidus
1369 1005 1474 1065 est,
1534 1000 1868 1072 obsequens
1901 1001 2116 1055 animae
2159 1015 2282 1054 sum

623 1090 762 1164 plus
784 1106 968 1163 quam
991 1094 1282 1160 oporteat,
1306 1105 1519 1145 amans
1540 1105 1673 1145 eam
1696 1089 1849 1145 male
1866 1089 2285 1160 concupiscen-

625 1184 744 1236 tem
772 1195 786 1234 :
824 1179 913 1235 Ne
939 1178 1262 1249 gradiaris,
1299 1179 1400 1243 ait,
1432 1179 1495 1233 in
1553 1178 2035 1247 concupiscentiis
2067 1177 2286 1234 anima

626 1270 822 1325 tua“.
853 1268 960 1334 Qui
982 1271 1145 1322 amat
1174 1282 1309 1322 eam
1348 1283 1532 1339 supra
1566 1267 1775 1331 Deum,
1818 1266 2022 1339 perdet
2053 1282 2187 1322 eam
2225 1267 2285 1321 in

626 1356 827 1414 futuro
876 1355 1117 1421 saeculo,
1158 1356 1272 1411 hoc
1313 1361 1402 1412 est
1457 1357 1518 1412 in
1575 1355 1936 1428 supplicium
1993 1356 2283 1427 conjiciet,

627 1452 694 1503 ut
721 1446 823 1519 qui
850 1445 1031 1501 tidem
1067 1444 1401 1514 prodiderit.

700 1536 864 1591 Vers.
895 1537 981 1591 '25.
1010 1535 1085 1590 Et
1109 1565 1174 1574 —
1205 1550 1352 1591 eam.
1403 1535 1510 1600 Qui
1540 1533 1903 1591 contrarium
1965 1533 2122 1603 facit,
2174 1533 2289 1589 hoc

629 1628 733 1695 est,
792 1623 895 1697 qui
920 1622 1243 1680 retinenda:
1267 1623 1394 1679 vita:
1427 1638 1548 1694 non
1582 1623 1758 1678 nimis
1782 1622 2036 1694 cupidus
2067 1627 2170 1688 est,
2233 1627 2290 1677 et

632 1720 860 1770 caetera.
879 1713 1106 1769 Similia
1127 1727 1371 1786 quoque
1393 1711 1540 1768 dixit
1563 1712 1729 1783 juxta
1752 1711 1928 1767 finem
1943 1711 2158 1768 decimi
2177 1727 2292 1768 no-

632 1804 690 1860 ni
714 1804 887 1874 juxta
918 1802 1253 1858 Matthmum
1284 1801 1518 1872 capitis,
1551 1806 1607 1856 et
1636 1800 1771 1856 aliis
1795 1803 1850 1856 in
1892 1800 2059 1856 locis.

706 1894 870 1949 Vers.
918 1895 1010 1948 26.
1037 1892 1104 1947 Si
1134 1922 1200 1931 —
1231 1896 1532 1962 sequatur.
1573 1893 1655 1946 Me
1695 1895 2002 1963 sequatur,
2033 1904 2137 1962 per
2167 1889 2293 1944 imi-

630 1980 938 2046 tationem,
968 1979 1080 2035 hoc
1109 1983 1216 2042 est,
1258 1978 1305 2033 si
1335 1978 1474 2051 quis
1499 1994 1667 2034 meus
1697 1978 1940 2034 voluerit
1967 1993 2096 2032 esse
2128 1977 2294 2032 disci—

633 2068 832 2142 pulus,
862 2083 957 2124 me
983 2069 1260 2124 imitetur.
1296 2067 1830 2132 Quemadmodum
1860 2066 2021 2122 enim
2051 2081 2294 2121 necesse

634 2162 724 2214 est
757 2158 1095 2213 ministrum
1128 2156 1294 2228 sequi
1312 2155 1652 2220 dominum,
1684 2156 2016 2229 itaquoque
2043 2154 2297 2228 discipu-

634 2244 760 2302 lum
787 2251 1010 2319 oportet
1045 2246 1211 2318 sequi
1239 2250 1690 2318 praeceptorem.

709 2337 869 2392 Vers.
901 2337 988 2391 26.
1048 2336 1127 2392 Et
1180 2337 1408 2392 —erit.
1460 2338 1572 2390 Aut
1621 2333 1778 2390 idem
1821 2349 2063 2390 rursum
2115 2338 2301 2405 prote-

637 2428 802 2480 stans
821 2424 978 2488 dicit,
1006 2429 1129 2494 aut,
1154 2430 1479 2497 postquam
1496 2424 1569 2478 de
1593 2426 1865 2496 praesenti
1888 2423 2183 2479 malorum
2219 2428 2301 2478 to-

637 2514 887 2570 lerantia
916 2513 1178 2582 dixit,de
1219 2512 1418 2570 futura
1472 2515 1651 2569 etiam
1705 2512 1932 2569 addidit
1977 2512 2297 2584 fruitione;

637 2602 745 2670 Qui
777 2619 870 2658 me
897 2603 1164 2676 sequitur
1190 2603 1248 2657 in
1277 2603 1498 2660 caelum
1528 2602 1907 2657 conscendet.

709 2693 868 2748 Vers.
900 2692 988 2747 26.
1038 2692 1112 2746 Et
1147 2722 1213 2731 —
1258 2693 1455 2748 Pater.
1517 2690 1882 2746 Gloriﬁcabit
1951 2706 2112 2754 eum,
2174 2695 2304 2746 tan-

638 2796 822 2855 quam
844 2779 1181 2835 ministrum
1205 2779 1443 2847 legitimi
1479 2780 1596 2835 Filii
1627 2781 1737 2834 sui.
1762 2779 1880 2835 Hoc
1903 2786 2100 2835 autem
2131 2780 2301 2847 dixit,

640 2869 932 2943 quoniam
961 2868 1158 2923 adhuc
1179 2868 1410 2923 Patrem
1427 2883 1554 2922 esse
1584 2869 1875 2938 majorem
1904 2885 1974 2924 eo
1991 2869 2298 2941 putabant.

641 2958 721 3013 Ne
752 2957 887 3030 quis
917 2962 1119 3012 autem
1145 2956 1323 3023 dicat,
1349 2956 1513 3029 quod
1542 2957 1711 3013 facile
1733 2958 1803 3013 de
1831 2963 2016 3013 morte
2045 2959 2299 3030 philoso-

640 3046 881 3120 phatur,
917 3046 1096 3118 utqui
1123 3052 1289 3101 extra
1337 3047 1666 3103 humanam
1697 3047 1770 3101 sit
1822 3047 2298 3119 imbecillitatem,

644 3134 922 3200 ostendit,
946 3134 1110 3207 quod
1126 3140 1180 3191 et
1212 3135 1357 3208 ipse,
1392 3142 1682 3208 tanquam
1712 3136 1917 3201 homo,
1952 3137 2195 3193 indutus
2217 3143 2303 3193 est
2334 3153 2374 3207 ο

644 3229 872 3281 natura
895 3224 1256 3291 inﬁrmitate,
1291 3224 1425 3280 ideo
1446 3225 1640 3298 primo
1665 3231 1891 3282 naturae
1924 3226 2214 3291 concedit,
2243 3232 2306 3283 ut

645 3314 810 3386 quod
829 3330 999 3369 suum
1019 3319 1105 3369 est
1137 3313 1640 3386 patiatur,deinde
1673 3316 1934 3387 seipsum
1951 3315 2027 3372 ad
2057 3316 2304 3372 toleran-

645 3402 789 3459 tiam
817 3401 1124 3465 confortat,
1150 3408 1390 3475 propter
1416 3402 1474 3457 id
1507 3403 1664 3475 quod
1707 3405 2108 3460 necessarium
2129 3410 2214 3461 est
2237 3421 2305 3461 ac

646 3490 806 3547 utile.
840 3490 984 3546 Vide
1015 3492 1176 3547 enim
1207 3492 1345 3564 quid
1378 3490 1538 3548 dicat
1569 3509 1582 3547 :

720 3581 888 3636 Vers.
920 3582 1011 3636 21.
1055 3581 1232 3637 Nunc
1269 3613 1339 3624 —
1370 3583 1608 3638 turbata
1650 3588 1752 3637 est.
1799 3589 2067 3638 Humano
2122 3584 2307 3640 modo

649 3673 954 3726 commota
985 3685 1208 3742 angore
1247 3669 1498 3742 trepidat
1525 3675 1766 3744 propter
1793 3670 2111 3728 instantem
2153 3689 2307 3729 mor-

652 3763 793 3815 tem.

721 3849 893 3906 Vers.
923 3851 1011 3902 27.
1041 3843 1119 3903 EI
1150 3849 1297 3920 quid
1315 3848 1510 3905 dicam
1542 3848 1570 3903 ?
1603 3849 1792 3905 Hmret
1824 3866 1938 3922 prm
1974 3850 2210 3909 timore.

722 3938 884 3994 Vers.
916 3942 1004 3992 27.
1033 3937 1213 3993 Pater
1243 3969 1301 3978 —
1330 3938 1462 3994 hac.
1486 3938 1692 3994 Libera
1724 3955 1818 3994 me
1845 3954 1916 3994 ex
1942 3939 2054 3995 hoc
2072 3940 2310 3996 terribili

652 4041 723 4082 ac
755 4026 986 4082 funesto
1008 4032 1295 4099 tempore.
1318 4027 1638 4100 Postquam
1665 4027 1890 4091 htec,ut
1923 4029 2122 4095 homo,
2148 4029 2308 4094 dixit,

652 4115 923 4172 humana
945 4115 1256 4172 formidine
1283 4116 1710 4184 circumdatus,
1741 4117 1998 4189 seipsum
2025 4118 2312 4175 reiocillat

654 4221 723 4261 ac
753 4203 1050 4262 confortat
1075 4205 1281 4261 dicens
1327 4223 1339 4260 :

727 4296 890 4352 Vers.
933 4297 1022 4351 27.
1055 4295 1170 4350 Sed
1202 4326 1265 4337 —
1297 4296 1469 4352 hanc.
1520 4296 1833 4368 Propterea
1879 4301 2147 4354 servatus
2178 4313 2311 4353 sum

655 4385 717 4441 in
747 4384 862 4440 hoc
892 4389 1153 4455 tempus,
1178 4388 1241 4439 ut
1264 4400 1424 4439 nunc
1459 4401 1721 4440 morerer
1752 4404 1764 4452 ;
1795 4387 1921 4456 jam
1952 4387 2152 4458 itaque
2183 4387 2316 4442 viri-

2384 563 2482 605 τῶν
2509 553 2680 607 iam.
2706 555 2930 606 Θάνατον
2965 549 3022 604 δε
3052 558 3202 606 σίτου
3223 557 3324 606 νόει
3348 573 3435 625 μοι
3462 559 3550 612 τὴν
3576 556 3742 626 φθορέα
3765 557 3892 609 αὐτοῦ.

2385 640 2510 696 Εἶτα
2578 644 2872 716 παραθήγει
2974 647 3064 694 καὶ
3151 642 3338 703 αὐτοὺς
3423 641 3505 695 ἐπὶ
3593 647 3644 694 τὸ
3707 664 3896 716 narcisso-

2381 739 2481 784 νεῖν
2513 739 2602 783 τοῦ
2651 733 2896 793 θανάτου,
2940 735 3030 782 καὶ
3061 736 3132 803 μὴ
3173 730 3480 803 φιλοψυχεῖν
3510 730 3556 783 ἄν
3583 739 3675 792 τοῖς
3701 745 3896 806 προκειμε-

2385 840 2492 882 νοις
2521 816 2779 880 κινδύνοις
2807 821 2934 892 ὑπὲρ
2965 828 3057 880 τῆς
3089 820 3160 882 εἰς
3194 820 3348 872 αὐτόν
3378 825 3619 882 πίστεως.

2456 909 2516 962 Ὀ
2550 941 2613 949 τ-
2658 909 2838 967 αὐτὴν.
2891 908 2950 960 Ὀ
3004 909 3312 981 φιλο-ψυχῶν
3370 908 3416 961 ἓν
3474 918 3631 982 καιρῷ
3814 934 3896 982 μαρ-

2389 1003 2590 1072 τυρίου,
2642 999 2668 1050 ό
2699 999 3045 1073 χαριζόμενος
3085 1007 3146 1070 τῇ
3189 999 3343 1070 ψυχῇ
3379 1001 3523 1071 παρά
3557 1003 3610 1050 τὸ
3654 995 3769 1062 δίον,
3801 1003 3820 1051 ό
3849 1023 3896 1070 οι-

2388 1087 2486 1140 λῶν
2540 1088 2700 1145 αὐτὴν
2776 1085 3132 1159 ἐπιθυμοῦσαν
3181 1096 3376 1148 κακῶς·
3436 1093 3519 1145 Μὴ
3602 1091 3786 1161 πορεύου
3827 1095 3896 1154 (69)

2389 1180 2513 1250 γὰρ,
2574 1181 2750 1248 φησὶν,
2810 1175 2857 1228 ἐν
2904 1183 3014 1236 ταῖς
3065 1175 3367 1249 ἐπιθυμίαις
3416 1185 3510 1237 τῆς
3559 1176 3726 1247 ψυχῆς
3767 1182 3896 1229 σον-ἐ

2393 1267 2548 1338 φιλῶν
2601 1266 2764 1323 αὐτὴν
2803 1268 2946 1339 παρά
3004 1268 3088 1317 τόν
3142 1269 3272 1318 Θεὸν
3314 1264 3553 1318 ἀπολίσει
3597 1267 3738 1325 αὐτὴν
3787 1266 3821 1318 ἐν
3857 1278 3897 1335 τῷ

2393 1355 2626 1428 μέλλοντι
2673 1355 2842 1423 αἰῶνι,
2898 1353 3192 1427 [τουτέστιν
3230 1355 3364 1426 (70),
3408 1355 3479 1415 εἰς
3520 1355 3719 1408 κόλασιν
3744 1354 3896 1427 ίμεαὶιῐ,

2397 1448 2460 1505 ὡς
2483 1439 2882 1518 προδεδωκυῖαν
2914 1448 3007 1502 τὴν
3035 1443 3258 1514 πίστιν.]

2471 1539 2570 1586 Καὶ
2615 1564 2683 1573 -
2740 1533 2928 1590 αὐτήν.
2975 1539 3034 1585 'O
3083 1532 3377 1585 τούναντίον
3434 1540 3613 1600 ποιῶν,
3650 1537 3781 1603 ἤγουν
3815 1537 3896 1603 όμι

2399 1622 2727 1695 φιλο-ψυχῶν,
2758 1627 2847 1674 καὶ
2879 1625 2943 1673 τά
2974 1621 3108 1684 ἑξῆς.
3154 1620 3339 1693 Εἷρηιιε
3393 1618 3429 1673 δ
3433 1625 3455 1674 ι
3485 1629 3690 1673 τοιαῦτα
3724 1628 3793 1674 mi
3824 1631 3899 1693 πρὸς

2397 1720 2467 1764 τῶ
2516 1710 2648 1763 τέλει
2709 1718 2798 1762 τοῦ
2863 1707 3317 1762 ἕννεακαιδεκιέτου
3398 1710 3671 1783 κεφαλαίου
3714 1719 3785 1763 τοῦ
3821 1731 3899 1762 xm

2325 1823 2367 1876 Β
2401 1800 2668 1854 Μάτθαὶον
2699 1798 2814 1871 [καὶ
2843 1800 2956 1870 (71)
2989 1798 3038 1850 ἐν
3065 1798 3280 1872 ὓλοις.]

3271 1888 3420 1945 Ἐμοὶ
3496 1887 3801 1940 ἀκολουθείτω
3850 1884 3898 1938 διὰ

2403 1983 2695 2051 μιμήσεως,
2769 1982 3033 2030 τουτέστιν
3115 1975 3197 2028 ὶάν
3274 1975 3386 2048 ἐμοὶ
3476 1979 3795 2048 μαθητεύηταί
3845 1994 3898 2032 τις,

2405 2067 2490 2139 ἔμε
2520 2068 2811 2139 μιμείσθω.
2876 2065 3077 2139 Ὠσπερ
3131 2068 3233 2139 γὰρ
3287 2065 3574 2137 ἀναγκαῖον
3619 2070 3698 2117 τὸν
3733 2067 3897 2135 ὑπιριτυ

2406 2157 2621 2209 ἕπεσθαι
2675 2163 2746 2226 τῷ
2803 2160 2988 2228 κυρίῳ,
3051 2155 3186 2207 οὕτω
3233 2159 3451 2208 καὶτὸν
3500 2157 3723 2226 μαθητὴν
3771 2150 3899 2222 1-93:-

2410 2242 2444 2298 δ
2449 2245 2686 2316 ασκοίλῳ.

2474 1889 2592 1943 Ἐὰν
2664 1919 2734 1929 -
2816 1887 3178 1942 ἀκολουθείτω.

2481 2338 2581 2386 Καὶ
2633 2365 2701 2375 -
2737 2336 2904 2387 ἔσται.
2952 2333 3020 2386 Ἤ
3065 2333 3218 2386 πάλιν
3268 2338 3325 2386 τὸ
3381 2334 3516 2386 αὐτὸ
3547 2334 3677 2405 λέγει
3707 2329 3899 2403 διαμαρτία

2409 2427 2636 2496 ρόμενος,
2688 2423 2716 2482 ἣ
2783 2428 2900 2497 περὶ
2958 2431 3053 2486 τῆς
3103 2426 3390 2484 ἕνεστώσης
3447 2424 3773 2482 κακοπαθείας
3803 2422 3890 2474 tim,

2411 2514 2700 2585 προσέθηκε
2751 2517 2839 2564 καὶ
2894 2516 3012 2583 περὶ
3069 2521 3165 2573 τῆς
3216 2511 3512 2583 μελλούσης
3565 2511 3832 2568 ἀπολαύσεως
3852 2510 3887 2556 ἔτι

2409 2601 2467 2652 Ὀ
2498 2599 2610 2672 ἔμοι
2644 2599 2934 2651 ἀκολουθῶν
2967 2606 3034 2661 εὶς
3062 2604 3147 2652 τόν
3179 2601 3394 2674 οὐρανὸν
3430 2600 3752 2659 ἀναϐήσεται.

2487 2694 2585 2742 Καὶ
2637 2719 2705 2728 —
2764 2693 2964 2763 Πατήρ.
3017 2688 3232 2751 Δοξοίσει
3285 2689 3468 2754 αὐτὸν,
3519 2692 3585 2750 ὡς
3622 2691 3827 2758 ὑπηρέτιν
3856 2691 3903 2733 rei

2410 2783 2630 2849 γνησίου
2659 2778 2780 2830 Tini}
2820 2777 3001 2831 αὐτοῦ.
3033 2784 3194 2830 Τοῦτο
3236 2774 3294 2830 δε
3326 2775 3458 2844 εἶπε,
3494 2775 3634 2831 διότι
3669 2781 3732 2831 ἔτι
3757 2781 3818 2829 τὸν
3844 2780 3905 2826 ll:-

2409 2872 2530 2942 τίρα
2581 2867 2797 2938 μείζονα
2859 2866 3018 2918 αὐτοῦ
3073 2866 3327 2938 ἐνόμιζον.
3380 2866 3498 2920 Ἰνα
3551 2864 3608 2920 δι
3649 2872 3712 2936 μὴ
3753 2868 3908 2933 simitu

2411 2959 2490 3009 ὅτι
2548 2957 2692 3016 ἐκτός
2756 2963 2847 3016 τῆς
2923 2955 3254 3028 ἀνθρωπίνης
3327 2955 3596 3017 ἀσθενείας
3672 2960 3730 3007 ὦν
3780 2951 3911 3006 the)»;

2412 3049 2527 3119 περὶ
2575 3047 2796 3098 θανάτου
2848 3044 3132 3117 φιλοσοφεῖ,
3210 3041 3484 3098 δείκνυσιν
3549 3047 3626 3098 ὃτι
3696 3049 3769 3096 καὶ
3821 3041 3912 3094 αὖτίς

2414 3138 2478 3195 ὡς
2523 3137 2791 3206 ἄνθρωπος
2848 3139 3135 3207 περίκειται
3186 3138 3280 3192 τὴν
3332 3133 3603 3188 ἀσθένειαν
3643 3142 3727 3194 τῆς
3771 3134 3910 3203 nicas;

2415 3228 2500 3276 Διό
2554 3233 2755 3297 πρῶτον
2833 3225 2923 3295 μεν
2997 3230 3270 3296 συγχωρεί
3334 3231 3401 3295 τῇ
3475 3227 3622 3296 φύσει
3670 3225 3850 3291 πάσχειν
3884 3222 3911 3264 τι

2413 3309 2472 3364 ἶδ
2479 3331 2574 3376 ιον,
2607 3309 2718 3364 εἶτα
2764 3312 3148 3386 παραθαρῥύνει
3189 3313 3369 3366 ἐαυτὸν
3419 3313 3494 3376 εἰς
3522 3317 3580 3366 τό
3609 3313 3833 3384 ὑπομεῖναι
3866 3302 3913 3358 it:

2414 3405 2472 3454 τὸ
2501 3400 2782 3474 ἀναγκαῖον
2809 3406 2899 3453 καὶ
2928 3406 3218 3476 χρήσιμον.
3250 3402 3387 3477 Ὀρα
3427 3406 3530 3476 γὰρ
3563 3407 3613 3454 τί
3645 3416 3787 3474 post;

2487 3587 2593 3634 Νῦν
2687 3610 2756 3620 -
2836 3582 3170 3655 τετάρακται.
3243 3580 3602 3652 Ἀνθρωπίνως
3677 3573 3917 3648 τεθορύϐηται

2419 3668 2698 3742 ἀγωνιῶσα
2724 3665 2818 3722 διὰ
2855 3672 2943 3721 τὸν
2973 3667 3248 3740 ἐγγίζοντα
3285 3671 3528 3723 θάνατον.

2493 3853 2592 3900 Καὶ
2630 3852 2682 3900 τί
2708 3851 2833 3900 εἱπω
2859 3864 2872 3914 ;
2899 3847 3273 3920 Ἀπορούμενος
3311 3849 3412 3900 ὑπὸ
3439 3856 3533 3909 τῆς
3561 3847 3783 3918 ἀγωνίας.

2492 3938 2658 4009 Πάτερ
2713 3967 2782 3977 -
2834 3940 3049 3998 ταύτης.
3109 3936 3290 3989 Ῥῠσαί
3339 3957 3405 4009 με
3445 3937 3500 3990 ἐκ
3540 3943 3631 3989 τοῦ
3677 3940 3826 4007 καιροῦ
3857 3929 3922 3979 τιὴ-

2420 4046 2532 4094 του,
2577 4034 2669 4079 τοῦ
2719 4025 2955 4100 φοϐεροῦ,
3001 4034 3093 4078 τοῦ
3126 4028 3511 4098 θανατηφόρου.
3553 4033 3718 4079 Ταῦτα
3757 4018 3923 4074 sinit-ie;

2421 4118 2688 4190 ἄνθρωπος
2743 4120 2831 4166 καὶ
2888 4117 2954 4176 ὡς
3012 4113 3337 4188 ἀνθρωπίνην
3396 4112 3598 4169 δειλίαν
3659 4107 3924 4187 miriﬁcam?

2420 4225 2522 4269 νος,
2560 4203 2840 4255 ἀνακτᾶται
2871 4203 3048 4256 ἑαυτὸν
3080 4209 3168 4256 καὶ
3202 4204 3536 4279 ὶπιρῥωννύει
3568 4204 3730 4275 λέγων·

2496 4292 2648 4344 Ἀλλὰ
2701 4325 2767 4332 —
2838 4296 3050 4352 ταύτην.
3106 4296 3201 4346 Διά
3269 4301 3422 4346 τοῦτο
3476 4293 3724 4367 ἕτηρήθην
3772 4289 3841 4346 ἕως
3874 4287 3922 4332 τε)

2423 4390 2509 4432 νῦν
2548 4390 2732 4455 καιροῦ
2787 4378 2881 4433 διὰ
2926 4385 2984 4434 τό
3034 4380 3306 4434 ἀποθανεῖν
3357 4381 3404 4434 ἄν
3471 4386 3654 4452 τούτῳ,
3707 4382 3783 4430 καὶ
3818 4375 3922 4424 λοιπε]

654 4471 788 4528 liter
814 4471 963 4528 ferre
992 4478 1244 4544 oportet.
1277 4472 1491 4528 Relicta
1514 4489 1655 4542 ergo
1699 4474 1872 4529 nobis
1920 4475 2205 4529 naturalis
2250 4481 2264 4529 t

2311 4502 2393 4557 ιι)
2426 4476 2533 4542 χρὴ
2604 4477 2768 4542 φέρειν
2829 4475 3094 4542 γενναίως.
3151 4471 3442 4523 ’Δπολιπὼν
3515 4470 3603 4523 οὖν
3654 4471 3764 4540 ἡμῖν
3815 4466 3921 4533 μέτπ

657 4562 839 4618 moris
866 4577 1150 4618 mensura
1172 4575 1242 4618 ac
1280 4561 1640 4618 fortitudinis
1680 4568 2082 4625 monumento,
2113 4577 2336 4627 rursus,

659 4651 741 4707 ait
769 4668 783 4706 :

729 4740 895 4796 Vers.
944 4743 1033 4796 28.
1103 4740 1286 4796 Pater
1324 4755 1638 4797 --nomen.
1665 4740 1836 4809 Quod
1859 4739 2022 4812 apud
2055 4740 2320 4797 cmlestes

657 4829 902 4883 virtutes
973 4828 1370 4898 glorilicatum
1439 4835 1550 4894 est,
1612 4829 1886 4898 gloriﬁca
1930 4829 2109 4885 etiam
2176 4829 2322 4885 illud

659 4931 865 4972 coram
935 4916 1284 4973 hominibus
1335 4922 1553 4974 terram
1603 4918 2022 4985 incolentibus,
2075 4933 2182 4990 per
2229 4934 2318 4981 ea.

661 5021 798 5078 quea
817 5005 877 5060 in
897 5011 1084 5062 morte
1107 5022 1243 5063 mea
1270 5007 1468 5064 futura
1497 5013 1634 5064 sunt
1655 5008 1825 5078 signa
1858 5007 2163 5078 ;gloriﬁca
2180 5007 2324 5062 illud

661 5109 769 5166 per
795 5093 1048 5167 gloriam
1086 5095 1348 5154 nominis
1371 5097 1508 5163 mci,
1542 5097 1973 5171 siquidemmea
2001 5095 2192 5168 gloria
2222 5100 2327 5152 tua

666 5186 774 5241 est.

741 5325 789 5362 ‘°
817 5325 990 5385 Eccti.
1018 5341 1184 5396 xvxn,
1216 5327 1307 5386 30.

2429 4569 2655 4632 φυσικῆς
2716 4556 2936 4629 δειλίας,
3007 4565 3097 4612 καὶ
3169 4561 3514 4633 ὑπογραμμὸν
3577 4556 3788 4632 ἀνδρίας,
3839 4546 3923 4599 ﬂii-‘7

2427 4648 2582 4720 λέγει’

2504 4740 2669 4810 Ῐιατιρ
2745 4769 2814 4778 -
2880 4742 3058 4810 ὄνομα.
3125 4734 3506 4809 Δεδοξασμένον
3569 4742 3620 4789 ὄν
3701 4735 3820 4806 παρὰ
3869 4729 3921 4773 τεῖέ

2433 4826 2698 4900 οὐρανίαις
2731 4824 3009 4899 δυνάμεσι,
3053 4824 3277 4889 δόξασόν
3327 4827 3452 4878 αὐτὸ
3503 4831 3594 4878 καὶ
3630 4825 3759 4896 παρά
3783 4825 3860 4875 τοῖς
3884 4828 3917 4860 εει

2431 4926 2530 4989 γῆς
2586 4915 2870 4990 ἀνθρώποις
2924 4913 3017 4969 διὰ
3069 4926 3168 4967 τῶν
3229 4915 3510 4988 μελλόντων
3578 4914 3658 4967 ἐπὶ
3699 4919 3763 4964 τῶ
3807 4910 3908 4958 eam

2436 5025 2534 5078 μου
2561 5007 2798 5077 γενέσθαι
2848 5010 3092 5076 σημείων,
3130 5005 3355 5068 ¹Δόξασον
3384 5005 3511 5056 αὐτὸ
3542 5001 3576 5057 δ
3582 5007 3632 5055 ιά
3668 5009 3752 5061 τῆς
3777 5002 3910 5058 rcis?-

2435 5096 2682 5169 ὀνόματος
2709 5091 2888 5159 δόξης
2919 5096 2948 5152 ἠ
2981 5097 3082 5168 γὰρ
3115 5093 3211 5168 ίμὴ
3239 5091 3369 5157 δόξα
3409 5099 3502 5152 σή.

1875 5425 2099 5495 Variae
2138 5424 2466 5495 lectiones
2496 5431 2559 5493 et
2589 5431 2790 5492 notae.

767 5568 857 5640 68)
875 5574 1094 5640 Μαρτυρ
1103 5570 1179 5629 ίας
1193 5574 1229 5621 Β
1240 5611 1254 5626 .

767 5570 780 5622 ι

675 5567 780 5768 si

766 5636 856 5710 69)
888 5636 974 5695 lta'
999 5636 1296 5712 Chrysost.
1325 5638 1487 5697 hunc
1547 5636 1741 5696 locum
1774 5638 2002 5697 laudat.
2033 5644 2072 5696 t.
2100 5640 2244 5704 Vlll,
2270 5657 2330 5712 p.

790 5712 916 5770 .C.

2513 5566 2627 5638 (‘70)
2659 5564 2895 5638 Inclusa
2927 5564 3149 5638 absunt
3181 5567 3246 5620 Α.

2516 5567 2604 5638 (70
2659 5566 2895 5621 Inclusa
2927 5566 3149 5621 absunt
3181 5567 3226 5620 Α

2516 5566 2628 5710 (7t;
2656 5637 2888 5694 Inclusa
2917 5637 3138 5693 absunt
3161 5641 3226 5691 Α.
