4076 6478
168 395 308 454 1365

1183 387 1554 448 COMMENT.
1596 388 1666 445 IN
1708 387 2054 447 JOANNEM.
2099 420 2164 432 --
2204 388 2363 446 CAP.
2406 388 2532 447 XII.

3382 390 3533 453 4366

232 520 419 576 Ἦλθεν
468 550 538 565 --
590 517 822 584 δοξάσω,
875 513 1141 582 Ἐδόξασα
1193 516 1243 569 ἐν
1292 524 1403 578 τοίς
1454 533 1747 590 προγεγενηι

1948 517 2115 575 Vers.
2147 518 2235 575 28.
2278 517 2447 575 Venit
2477 545 2545 560 —
2572 514 2944 588 gloriﬁcabo.
2971 513 3307 573 Gloriﬁcavi
3350 514 3410 573 in
3440 516 3535 574 his

164 615 334 685 μένοις
384 615 635 683 σημείοις,
683 615 773 664 καὶ
827 608 980 662 πάλιν
1027 603 1239 672 δοξάσω
1296 604 1344 659 ἐν
1391 612 1499 669 τοῖς
1557 604 1641 660 ἐπὶ
1695 611 1768 676 τῷ

167 702 369 772 θανάτῳ
411 719 506 753 σου
526 703 911 773 γενησομένοις.

235 790 293 843 '0
323 786 410 842 οὖν
449 789 607 862 ὄχλος
649 820 719 830 --
755 791 1034 860 γεγονέναι.
1083 785 1158 840 Ού
1209 790 1401 848 συνιεὶς
1438 793 1530 846 τῆς
1577 789 1769 858 φωνῆς,

167 878 294 932 ἀλλὰ
319 882 405 933 τὸν
435 888 465 939 ἤ
472 898 572 952 χον
591 878 756 941 αὐτῆς
784 896 936 950 μονον
961 880 1269 948 κατασχὼν.

413 1056 594 1111 Ἀλλοι
623 1087 693 1098 —
735 1056 1001 1116 λελάληκε.
1035 1058 1293 1117 Συνιέντες
1322 1052 1512 1115 αὐτῆς.

230 1239 512 1314 Ἀπεκρίθη
552 1268 619 1278 -
651 1238 803 1311 ὑμᾶς.
834 1266 905 1278 -
944 1236 1019 1289 Ού
1051 1231 1125 1288 δι’
1175 1234 1283 1308 ἐμὲ,
1313 1234 1396 1286 ἶνα
1434 1233 1586 1306 μάθω
1616 1233 1643 1285 ὃ
1675 1230 1770 1284 otia:

159 1324 304 1381 οἶδα·
332 1331 502 1381 πάντα
528 1330 630 1403 γὰρ
663 1323 788 1380 οἰδα
830 1329 895 1380 τὰ
930 1333 1022 1378 τοῦ
1050 1328 1275 1398 Πατρὸςσ
1318 1322 1447 1376 ἀλλὰ
1486 1319 1559 1376 δι’
1609 1322 1766 1394 ὑμᾶς,

160 1420 244 1470 ἵνα
268 1419 489 1490 μάθητε,
512 1422 630 1490 περὶ
659 1417 719 1469 οὗ
749 1415 1113 1490 ἀμφιϐάλλει-ε,
1140 1413 1218 1466 ότι
1257 1415 1313 1466 ἐκ
1341 1420 1435 1466 τοῦ
1467 1419 1600 1466 Θεοῦ
1635 1412 1763 1484 εἰμι.

160 1515 279 1570 Πῶς
313 1509 415 1581 γάρ
455 1506 515 1558 ἂν
543 1503 664 1565 ἦλθε
694 1510 830 1579 φωνὴ
886 1504 941 1557 ἐκ
968 1512 1061 1557 τού
1090 1504 1311 1577 ούρανοῦ
1343 1501 1421 1555 ἐπ’
1457 1505 1565 1575 ἐμε,
1607 1501 1651 1554 εἰ
1688 1506 1759 1574 μὴ

156 1595 213 1648 ἐκ
244 1592 335 1649 τού
362 1603 495 1649 Θεοῦ
526 1595 633 1668 εἰμι
657 1612 671 1662 ;
698 1601 813 1656 Πῶς
843 1590 891 1647 δ’
910 1594 969 1646 ἂν
998 1595 1023 1646 ὁ
1046 1596 1174 1655 Θεὸς
1205 1596 1263 1645 τὸ
1295 1596 1456 1665 ὄνομα
1485 1590 1645 1643 αὐτοῦ
1671 1595 1761 1644 καὶ

155 1683 376 1750 ἐδόξασε
403 1690 493 1738 καὶ
513 1684 666 1737 πάλιν
694 1681 908 1748 δοξάσει
939 1680 974 1736 δ
980 1684 1014 1735 ι’
1049 1682 1176 1755 ἐμοῦ
1208 1701 1222 1751 ;

225 1870 333 1917 Νῦν
387 1893 455 1904 -
510 1866 717 1919 τούτου.
765 1870 874 1916 Νῦν
925 1858 1034 1921 ἤδη
1077 1858 1355 1923 ἐκδίκησις
1391 1868 1490 1912 τῶν
1539 1866 1631 1912 τοῦ
1660 1862 1753 1912 κό-
1789 1877 1830 1930 Β

156 1973 293 2025 σμου
350 1955 538 2006 τούτου
579 1951 859 2026 ἀνθρώπων
918 1950 1011 2003 ὸιὰ
1065 1958 1154 2010 τῆς
1219 1948 1346 2023 ἐμῆς
1411 1945 1751 2010 ἐκδικήσεως.

150 2049 271 2103 Τοῖς
322 2045 411 2115 μὲν
472 2045 575 2117 γὰρ
638 2042 808 2102 ἄλλοις
879 2041 1074 2092 ἅπασιν
1133 2038 1424 2114 ἀνθρώποις
1465 2039 1492 2090 ὁ
1544 2039 1756 2097 θάνατος

152 2130 413 2203 ἐπιτίμιον
489 2130 747 2203 ἁμαρτίας
818 2128 974 2182 ἐστι·
1057 2130 1249 2190 Πάντες
1315 2130 1417 2201 γὰρ
1498 2131 1752 2201 ἥμαρτον,

153 2225 307 2293 φησὶ,
366 2225 456 2272 καὶ
534 2215 629 2272 διὰ
673 2228 769 2280 τῆς
822 2218 1083 2294 ἁμαρτίας
1138 2217 1371 2276 εἰσῆλθεν
1434 2218 1460 2269 ὁ
1514 2217 1750 2278 Θάνατος·

150 2308 266 2381 ἐμοὶ
325 2305 384 2361 6‘s
423 2305 688 2381 οὐδαμῶς,
724 2304 865 2360 διότι
914 2303 1161 2379 οὐδαμῶς
1191 2310 1442 2381 ἦμαρτον,
1488 2306 1628 2358 Ἐπεὶ
1666 2300 1754 2356 οὖν

147 2398 310 2471 κάμοὶ
361 2402 447 2450 τὸν
501 2400 717 2451 θάνατον
775 2399 802 2449 ὁ
852 2393 1097 2458 διάϐολός
1148 2395 1349 2467 ἐπάγει,
1405 2394 1752 2468 ἀναμαρτήτῳ

149 2491 483 2560 μεμενηκότι,
515 2495 603 2539 νῦν
661 2486 709 2538 ἐν
752 2494 824 2557 τῷ
864 2484 1104 2538 ἐνεστῶτι
1149 2504 1314 2561 καιρῳ
1355 2481 1509 2543 δίκην
1552 2479 1751 2536 δίδωσι

145 2584 246 2638 τῆς
293 2575 420 2648 ἐμῆς
470 2571 703 2641 ἀδικίας,
769 2580 864 2632 τὴν
920 2576 1225 2648 καθαίρεσιν
1277 2580 1369 2634 τῆς
1419 2569 1745 2646 τυραννίδος.

146 2665 292 2723 Αὕτη
355 2661 415 2717 δέ
460 2668 490 2723 ἤ
531 2662 677 2729 δίκη,
711 2668 876 2717 εἷτουν
913 2665 943 2722 ἠ
974 2662 1210 2728 κόλασις,
1261 2669 1354 2714 τοῦ
1388 2665 1588 2734 κόσμου
1632 2664 1750 2713 τού-

146 2774 240 2806 του
272 2750 548 2815 ἐκδίκησίς
588 2753 718 2806 ἐστι.
763 2755 960 2805 Λοιπὸν
997 2752 1108 2824 (72)
1139 2758 1227 2803 νῦν
1284 2753 1314 2810 ἠ
1360 2747 1632 2811 ἐκδίκησις
1658 2759 1749 2811 τῆς

145 2842 213 2904 εἰς
241 2841 327 2914 ἐμὲ
352 2841 591 2918 ἐπηρείας
642 2838 918 2903 ἐκδίκησις
948 2839 1057 2894 ἔστι
1090 2848 1180 2901 τῆς
1219 2839 1292 2903 εἰς
1327 2843 1449 2903 τοὺς
1485 2843 1747 2915 γενάρχας

141 2936 233 2984 καὶ
260 2931 372 2984 ὅλον
402 2934 460 2983 τό
480 2935 623 3002 γένος
649 2929 904 3004 ἐπηρείας.

212 3026 320 3072 Νῦν
364 3050 433 3060 -
486 3019 600 3082 ἔξω.
660 3017 797 3081 Ἕξω
844 3027 941 3080 τῆς
998 3021 1242 3079 τοιαύτης
1299 3016 1495 3091 ἀρχῆς,
1551 3017 1612 3076 ἣν
1671 3015 1745 3071 δι’

142 3105 349 3169 ἀπάτης
412 3107 689 3166 ἐκτήσατο.
736 3106 875 3161 Ἐπεὶ
934 3110 1036 3181 γὰρ
1094 3107 1251 3167 αὐτὸς
1303 3102 1396 3158 διὰ
1444 3114 1534 3159 τοῦ
1590 3106 1743 3169 ξύλου

137 3203 230 3256 τῆς
271 3196 385 3268 (73)
420 3194 665 3268 βρώσεως
704 3195 864 3247 πάλαι
905 3198 993 3247 τόν
1045 3194 1265 3247 παλαιόν
1316 3190 1490 3267 Ἀδὰμ
1544 3193 1744 3257 ἐξέϐαλε
1781 3227 1822 3285 C

138 3292 237 3347 τῆς
268 3282 538 3356 βασιλείας
567 3290 659 3335 τοῦ
690 3288 914 3355 κόσμου·
963 3282 1139 3355 [αὐτὸν
1170 3283 1285 3351 (74)
1326 3279 1421 3335 διὰ
1462 3290 1553 3335 τοῦ
1589 3281 1741 3345 ξύλου

142 3381 239 3435 τῆς
270 3378 613 3448 σταυρώσεως
653 3379 741 3423 νῦν
772 3374 797 3424 ό
827 3376 937 3433 νέος
964 3368 1137 3444 Ἀδὰμ
1168 3370 1398 3424 ἐκϐάλλει
1439 3378 1533 3433 τῆς
1578 3369 1741 3444 βασι-

138 3462 277 3524 λείας
304 3470 396 3514 τοῦ
436 3459 683 3535 κόσμου],
716 3466 811 3520 τὴν
843 3468 930 3513 τοῦ
956 3462 1280 3535 προπάτορος
1326 3465 1595 3535 παρακοήν
1649 3456 1684 3512 δ
1689 3462 1745 3512 ιά

140 3559 238 3612 τῆς
267 3550 455 3604 ἐαυτοῦ
485 3552 723 3613 ὑπακοῆς
761 3550 1055 3623 ἰασάμενος.

211 3639 368 3712 Κάγὼ
418 3670 485 3682 --
534 3638 774 3712 ἐμαυτόν.
797 3641 916 3693 Ἐὰν
963 3638 1183 3711 ἀναχθῶ
1231 3637 1312 3692 ἐπὶ
1361 3641 1448 3691 τὸν
1494 3642 1740 3714 σταυρὸν,

136 3731 335 3790 πάντας
413 3730 741 3801 πανταχόθεν
815 3733 938 3791 τοὺς
1011 3724 1279 3789 δεκτικοὺς
1347 3736 1442 3790 τῆς
1520 3733 1743 3790 πίστεως

137 3819 337 3872 ἑλκύσω
397 3822 529 3893 πρὸς
582 3817 803 3890 ἐμαυτὸν
854 3814 929 3870 δι’
986 3817 1168 3879 αὐτῆς.
1223 3821 1323 3871 Καὶ
1374 3816 1553 3885 οὓτως,
1594 3818 1742 3890 ὑψω-

138 3908 243 3968 θεὶς
296 3905 379 3959 ἐπί
431 3914 522 3958 τοῦ
586 3914 833 3977 σταυροῦ,
882 3914 1081 3981 πρῶτον
1123 3905 1327 3959 εἵλκυσε
1369 3910 1457 3959 τὸν
1515 3907 1736 3980 λῃστὴν,

133 4000 225 4047 καὶ
269 3998 354 4047 τόν
401 3994 800 4068 ἑκατόνταρχον,
834 4000 924 4048 καὶ
966 3998 1088 4057 τοὺς
1136 3996 1248 4068 μετ’
1309 3995 1466 4049 αὐτοῦ
1523 4004 1737 4069 τηροῦν-

131 4103 228 4145 τας
288 4083 466 4148 «ora»,
508 4082 732 4136 ἐντεῦθεν
786 4082 1067 4158 ἀρξάμενος
1119 4083 1332 4138 ἐλκύειν.
1379 4084 1610 4139 Ἐλκύσω
1653 4082 1732 4154 6's,

131 4176 284 4245 φησὶ,
341 4176 718 4244 κατεχομένους
766 4174 866 4225 ὑπὸ
915 4181 1006 4227 τοῦ
1072 4176 1345 4248 τυράννου,
1394 4174 1481 4227 ἅτε
1525 4182 1733 4248 πρῶτον

128 4260 317 4312 ἐκεῖνον
347 4259 670 4314 καταϐαλών.

198 4351 405 4406 Ταύτην
459 4345 519 4402 δι
564 4353 659 4407 τὴν
711 4349 843 4413 ἕλξιν
899 4350 1142 4426 ἁρπαγὴν
1208 4350 1441 4404 ἐκάλεσεν
1495 4350 1731 4424 ἀλλαχοῦ

125 4436 309 4507 λέγων’
369 4444 481 4498 Πῶς
528 4434 750 4491 δύναταί
814 4458 895 4501 τις
951 4440 1194 4493 εἰσελθεῖν
1261 4441 1333 4502 εἰς
1392 4444 1486 4498 τὴν
1562 4441 1728 4494 οἰκίαν

124 4534 216 4578 τοῦ
279 4527 529 4600 ἰσχυροῦ,
579 4531 777 4580 καὶτὰ
837 4532 994 4586 σκεύη
1055 4528 1214 4580 αὐτοῦ
1272 4525 1589 4604 διαρπάσαι,
1644 4528 1728 4582 ἐὰν

122 4619 197 4689 μὴ
247 4622 445 4691 πρῶτον
496 4612 637 4689 δήσῃ
694 4620 780 4669 τόν
826 4617 1070 4690 ἰσχυρὸν,
1120 4622 1210 4669 καὶ
1254 4622 1372 4670 τότε
1422 4622 1516 4676 τὴν
1559 4618 1727 4671 οὶκίαν

123 4704 286 4758 αὐτοῦ
343 4702 617 4781 διαρπάσῃ
645 4723 658 4772 ;
689 4705 892 4757 Ὀπίσω
924 4709 1014 4777 μὲν
1066 4706 1154 4758 οὖν
1208 4702 1341 4759 εἶπεν
1408 4708 1485 4760 ὅτι
1536 4705 1729 4771 Οὐδεὶς

124 4790 346 4847 δύναται
421 4793 578 4847 ἐλθεῖν
652 4797 784 4868 πρὸς
855 4796 960 4867 ἐμὲ,
1038 4794 1121 4847 ἐὰν
1194 4800 1266 4868 μὴ
1345 4797 1370 4849 ό
1438 4801 1617 4872 Πατὴρ
1701 4800 1726 4851 ό

122 4883 337 4957 πέμψας
390 4900 453 4957 με
506 4883 695 4958 ἐλκύσῃ
767 4882 921 4936 αὐτόν
956 4901 969 4914 ·
1020 4885 1241 4939 ἐνταῦθα
1308 4882 1367 4939 6's
1432 4886 1587 4959 λέγει,
1646 4889 1723 4941 ὅτι

193 5108 237 5143 ⁴¹
263 5111 433 5167 Rom.
474 5126 555 5180 ιιι,
588 5111 677 5170 23.
712 5118 862 5171 v12.

1879 624 2012 681 qua
2039 608 2196 666 facta
2225 613 2363 664 sunt
2391 606 2583 680 signis
2612 622 2625 663 :
2668 609 2726 663 et
2748 620 2950 662 rursus
2980 603 3322 677 gloriﬁcabo
3349 604 3412 662 in
3439 604 3533 663 his

1877 713 2015 772 qua
2044 697 2105 753 in
2135 702 2327 753 morte
2364 701 2469 752 tua
2494 695 2659 752 ﬁent.

1951 789 2123 846 Vers.
2166 788 2256 843 29.
2296 787 2493 844 Turba
2517 800 2656 857 ergo
2682 815 2755 831 —-
2790 800 2910 843 esse
2920 785 3169 856 factum.
3190 783 3300 851 Qui
3322 798 3534 843 vocem

1879 892 2005 934 non
2033 875 2456 943 intellexerant,
2504 875 2613 933 sed
2660 890 2881 933 sonum
2921 874 3212 932 duntaxat
3233 874 3365 947 ejus
3400 888 3534 949 per-

1879 971 2236 1113 “3:229.
2258 1054 2386 1112 Alii
2412 1085 2482 1097 —
2511 1055 2735 1113 locutus
2756 1062 2866 1114 est.
2916 1053 3029 1124 Qui
3057 1070 3270 1113 vocem
3310 1052 3535 1113 intelle-

1880 1152 2105 1204 xerant.

1952 1237 2118 1294 Vers.
2160 1239 2255 1294 30.
2288 1234 2612 1305 Respondit
2636 1263 2704 1276 -—
2743 1250 2858 1293 vos.
2892 1265 2959 1277 —
2987 1235 3118 1293 Non
3140 1240 3384 1307 propter
3419 1248 3526 1299 me,

1879 1330 1945 1383 ut
1971 1326 2204 1383 discam
2225 1324 2392 1398 quod
2416 1339 2540 1381 non
2569 1323 2719 1383 scio.
2753 1326 2903 1381 Nam
2932 1324 3139 1383 omnia
3175 1340 3313 1398 qua
3339 1325 3529 1384 Patris

1876 1421 2015 1472 sunt
2066 1415 2226 1480 novi,
2284 1414 2387 1472 sed
2410 1420 2640 1486 propter
2666 1429 2783 1480 vos,
2817 1417 2880 1471 ut
2904 1413 2964 1471 id
2989 1414 3234 1472 discatis
3279 1414 3355 1472 de
3405 1432 3529 1489 quo

1872 1506 2176 1571 dubitatis,
2196 1511 2335 1577 puta
2359 1504 2526 1577 quod
2543 1521 2581 1561 a
2595 1505 2715 1561 Deo
2727 1504 2842 1561 sim
2870 1520 2884 1571 ;
2907 1505 3219 1577 quomodo
3239 1505 3400 1563 enim
3427 1523 3531 1564 su-

1870 1611 1977 1668 per
2001 1610 2098 1651 me
2114 1610 2223 1650 vox
2250 1594 2325 1650 de
2345 1592 2496 1649 calo
2518 1592 2923 1649 descendisset
2946 1593 3060 1649 nisi
3084 1609 3121 1650 a
3152 1595 3269 1651 Deo
3286 1596 3527 1652 essem?

1867 1682 2178 1756 quomodo
2206 1686 2493 1756 praterea
2519 1684 2673 1738 Deus
2690 1696 2913 1739 nomen
2937 1697 3108 1739 suum
3140 1682 3529 1756 etgloriﬁcas-

1866 1778 1953 1829 set
1985 1778 2042 1830 et
2068 1788 2278 1829 rursus
2303 1771 2740 1841 gloriﬁcaturus
2767 1774 2922 1827 esset
2945 1786 3051 1843 per
3087 1786 3185 1829 me
3214 1772 3243 1828 ‘l

1935 1865 2096 1918 Vers.
2129 1862 2217 1917 31.
2269 1861 2449 1918 Nunc
2475 1891 2546 1901 —
2587 1861 2787 1931 hujus.
2836 1862 2968 1917 Jam
3007 1876 3168 1917 nunc
3202 1860 3523 1920 hominum

1865 1952 2048 2022 hujus
2078 1950 2283 2006 mundi
2311 1950 2455 2006 ultio
2483 1948 2549 2004 ﬁt
2577 1963 2685 2021 per
2714 1963 2915 2005 meam
2945 1949 3340 2021 punitionem.
3380 1951 3525 2008 Aliis

1867 2040 2164 2113 siquidem
2195 2038 2475 2096 omnibus
2503 2037 2851 2095 hominibus
2879 2053 3051 2106 mors,
3088 2037 3315 2112 peccati
3343 2055 3526 2112 pana

1863 2136 1977 2187 est.
2012 2130 2172 2187 Nam
2196 2144 2409 2195 omnes,
2427 2127 2640 2199 inquit,
2660 2134 3074 2197 peccaverunt,
3105 2133 3163 2185 et
3189 2144 3298 2199 per
3316 2144 3526 2200 pecca-

1864 2224 1984 2274 tum
2010 2234 2168 2274 mors
2192 2218 2462 2275 introivit
2483 2219 2568 2284 ﬂ;
2599 2215 2743 2272 mihi
2778 2231 2916 2273 vero
2945 2231 3350 2289 nequaquam,
3376 2219 3521 2293 quia

1861 2323 2177 2380 nunquam
2199 2307 2462 2379 peccavi.
2498 2309 2644 2363 Cum
2670 2320 2811 2375 ergo
2839 2304 3117 2362 diabolus
3146 2305 3327 2363 etiam
3354 2307 3518 2375 mihi,

1860 2397 1966 2469 qui
1983 2396 2206 2468 peccati
2223 2410 2435 2467 expers
2473 2394 3051 2467 semperpermansi,
3077 2400 3333 2452 mortem
3367 2396 3523 2454 intu-

1859 2484 1926 2541 lit
1955 2500 2155 2552 ;nunc
2183 2484 2463 2558 prasenti
2499 2489 2770 2555 tempore
2802 2482 3079 2552 irrogata
3106 2483 3252 2543 mihi
3288 2484 3519 2557 injuria

1858 2589 2072 2645 panes
2097 2574 2222 2643 luit,
2245 2572 2471 2646 quippe
2498 2572 2831 2645 tyrannidis
2843 2571 3295 2630 subversionem
3327 2591 3341 2642 ;
3374 2589 3521 2631 nam

1856 2662 2047 2719 multa
2084 2662 2236 2735 ipsa,
2270 2662 2394 2718 sive
2423 2661 2676 2734 punitio,
2720 2660 2934 2717 mundi
2977 2661 3159 2735 hujus
3205 2667 3291 2719 est
3322 2661 3466 2720 ultio
3499 2681 3515 2730 ;

1855 2766 2121 2823 prasens
2171 2750 2376 2823 itaque
2425 2749 2697 2821 repensio
2722 2748 3109 2817 contumelia,
3158 2765 3347 2822 quam
3368 2750 3517 2807 mihi

1853 2840 2067 2910 intulit,
2103 2839 2248 2896 ultio
2285 2844 2394 2907 est,
2421 2843 2479 2894 et
2510 2837 2803 2895 violentia
2835 2838 3129 2895 adversus
3156 2839 3384 2912 primos
3414 2855 3519 2911 ge-

1851 2928 2013 2985 neris
2041 2932 2471 3001 propagatores
2499 2932 2809 3000 totumque
2838 2941 3027 2998 genus
3055 2927 3351 2999 irrogata.

1923 3021 2089 3074 Vere.
2140 3018 2227 3072 31.
2259 3018 2432 3074 Nunc
2455 3046 2524 3060 —
2544 3017 2733 3087 foras.
2775 3018 2949 3073 Extra
2976 3016 3322 3088 hujusmodi
3350 3017 3516 3090 prin-

1852 3106 2142 3179 cipatum,
2181 3121 2364 3177 quem
2394 3104 2604 3162 fraude
2633 3105 2966 3177 acquisivit.
3000 3108 3148 3162 Nam
3188 3106 3333 3178 quia
3371 3105 3514 3162 olim

1853 3200 2109 3250 veterem
2124 3194 2314 3249 Adam
2339 3209 2444 3264 per
2455 3194 2596 3264 ligni
2613 3192 2808 3249 cibum
2822 3208 3052 3263 eregno
3075 3193 3284 3250 mundi
3301 3193 3475 3266 ejecit
3497 3210 3510 3249 :

1853 3298 2047 3338 novus
2098 3297 2259 3337 nunc
2298 3282 2485 3337 Adam
2533 3282 2738 3353 ipsum
2792 3297 2889 3353 per
2948 3282 3139 3337 crucis
3190 3281 3424 3353 lignum
3481 3297 3514 3338 e

1854 3371 2066 3427 mundi
2081 3385 2268 3440 regno
2285 3370 2475 3440 ejecit,
2495 3370 2889 3443 progenitoris
2911 3369 3383 3428 inobedientiam
3405 3386 3514 3429 sua

1854 3475 2074 3517 curans
2114 3459 2476 3517 obedientia.

1921 3641 2080 3696 Vers.
2107 3638 2197 3695 32.
2228 3638 2307 3695 Et
2330 3667 2401 3680 —
2429 3652 2527 3710 ego
2548 3636 2854 3708 meipsum.
2884 3637 2946 3696 Si
2970 3637 3220 3695 adactus
3249 3636 3417 3696 fuero
3445 3637 3509 3695 in

1806 3768 1827 3777 -
1850 3745 2108 3795 crucem,
2127 3744 2336 3786 omnes
2353 3728 2640 3803 undique,
2663 3730 2767 3802 qui
2787 3729 2973 3785 ﬁdem
2993 3727 3377 3801 susceperint,
3400 3743 3508 3801 per

1850 3836 1985 3876 eam
2012 3818 2247 3875 traham
2287 3817 2365 3875 ad
2396 3819 2710 3891 meipsum.
2743 3820 2809 3874 Et
2829 3833 2969 3875 vere
2994 3817 3057 3875 in
3086 3833 3263 3875 cruce
3291 3817 3509 3876 exalta-

1849 3915 1965 3977 tus,
2015 3909 2309 3966 latronem
2353 3909 2619 3981 primum
2667 3909 2922 3979 attraxit,
2974 3912 3033 3966 et
3073 3909 3502 3975 centurionem,

1846 4014 2074 4072 eosque
2101 3997 2209 4071 qui
2229 4013 2291 4054 se
2321 4014 2457 4054 cum
2477 3998 2577 4055 illo
2597 3998 2930 4066 servabant,
2947 3998 3089 4055 hinc
3117 3997 3297 4072 capit
3318 4000 3502 4056 attra-

1841 4088 2004 4144 here.
2037 4088 2321 4154 Traham,
2342 4087 2556 4161 inquit,
2574 4092 2865 4161 tanquam
2886 4103 2923 4145 a
2940 4091 3196 4160 tyranno
3206 4087 3499 4153 detentos,

1842 4176 1974 4249 ipso
1999 4176 2263 4250 primum
2290 4180 2549 4248 tyranno
2574 4175 2828 4248 dejecto.

1911 4355 2073 4409 Hanc
2088 4356 2286 4409 autem
2299 4351 2714 4409 attractionem
2730 4351 2874 4409 alibi
2892 4356 3138 4420 raptum
3164 4351 3397 4409 vocavit
3412 4350 3501 4408 di-

1838 4457 2012 4498 cens:
2042 4441 2335 4511 Quomodo
2354 4446 2540 4511 potest
2559 4440 2691 4513 quis
2715 4440 2952 4511 ingredi
2982 4441 3043 4497 in
3060 4440 3292 4497 domum
3318 4440 3499 4511 fortis

1837 4547 1909 4589 ac
1924 4546 2063 4588 uasa
2076 4533 2202 4602 ejus
2214 4530 2614 4600 diﬁpere,nisi
2627 4530 2887 4599 primum
2899 4530 3237 4601 alligaverit
3249 4529 3492 4601 fortem.

1838 4627 1890 4678 et
1917 4628 2060 4678 tunc
2085 4620 2311 4678 domum
2326 4622 2453 4690 ejus
2473 4618 2768 4689 diripiet“
2791 4618 2820 4675 τ
2836 4618 3010 4692 Atqui
3032 4616 3308 4690 superius
3324 4617 3491 4685 dixit,

1835 4712 2010 4768 Nemo
2039 4716 2218 4781 potest
2242 4709 2435 4766 venire
2457 4709 2539 4766 ad
2564 4723 2676 4773 me,
2699 4708 2819 4764 nisi
2847 4708 3044 4774 Pater,
3067 4708 3172 4781 qui
3194 4708 3355 4765 misit
3383 4723 3491 4771 me,

1836 4799 2090 4857 traxerit
2114 4814 2246 4856 eum
2271 4798 2394 4866 ;hic
2409 4801 2610 4854 autem
2629 4797 2739 4854 ait:
2755 4795 2957 4854 Omnes
2971 4797 3209 4855 traham
3225 4796 3495 4866 admeip-

1832 4890 2035 4956 sum",
2051 4903 2169 4946 non
2190 4886 2487 4945 contraria
2507 4885 2872 4959 signiﬁcans,
2889 4885 2997 4944 sed
3011 4901 3147 4960 qua
3159 4885 3348 4946 Patris
3360 4887 3494 4945 sunt

948 5117 994 5151 ⁴¹
1024 5115 1205 5174 Matth
1233 5132 1332 5184 xu,
1364 5120 1454 5174 29.
1531 5118 1579 5154 ⁴³
1605 5118 1776 5176 Joan.
1804 5134 1883 5187 γι,
1910 5120 1998 5177 44.

1362 5349 1580 5419 Varia
1608 5348 1939 5420 lectiones
1975 5360 2040 5422 et
2105 5361 2311 5422 nota.

162 5561 299 5644 ,(72)
332 5561 534 5644 [δίεμαι
566 5560 654 5617 οὖν
686 5580 796 5644 pro
824 5574 932 5635 νῦν,
959 5585 1095 5641 qua
1122 5570 1244 5644 duo
1276 5571 1418 5627 alibi
1447 5573 1626 5630 etiam
1651 5573 1713 5630 in

114 5634 208 5691 his
249 5633 557 5689 codicibus
590 5633 842 5695 confusa
883 5633 1017 5696 ess'e
1046 5643 1462 5699 animadverti.

186 5704 309 5789 (πη
334 5706 583 5789 Durum‘
605 5708 739 5789 hoc.
768 5712 849 5789 Ac
885 5710 1137 5789 fortasse
1164 5714 1382 5789 aliquis
1415 5715 1710 5789 maluerit,

120 5772 214 5831 διά
247 5772 342 5841 τῆς
371 5783 464 5830 τοῦ
503 5777 655 5843 ξύλου
687 5779 951 5860 βρώσεως.
985 5783 1097 5842 Sed
1124 5772 1415 5844 mox‘huc
1451 5772 1715 5855 refertur;

1825 5570 1919 5627 διὰ
1968 5581 2060 5655 to}?
2103 5574 2256 5655 ξύλου
2306 5583 2424 5655 τῆς
2464 5581 2828 5655 σταυρώσεως.
2887 5578 3287 5637 Membrorum
3336 5591 3479 5649 ergo

1824 5662 1873 5702 a
1923 5646 2160 5703 ualitate
2189 5652 2522 5704 excusatur.

1877 5662 2012 5790 (ξτι)
2038 5718 2276 5777 Inclusa
2304 5719 2522 5778 excide]

1919 5718 2012 5790 74)
2038 5718 2276 5777 Inclusa
2304 5719 2649 5780 exciderant
2672 5736 2745 5780 ex
2770 5721 2942 5780 codd.
2968 5723 3027 5778 Β.
