4076 6434
148 354 310 411 ’1369

173 499 346 541 σοντες
397 471 646 534 δοκοῦσιν
703 472 994 550 εὐαρεστεῖν
1045 483 1117 547 τῷ
1165 482 1299 546 Θεῷ,
1339 479 1429 527 καὶ
1479 475 1764 538 σώζεσθαι.
1798 474 1844 530 Α

173 574 273 623 Καὶ
320 571 422 638 μὴν
479 566 608 624 αὕτη
661 567 691 622 ἡ
749 569 936 618 σκοτία
1010 569 1100 618 καὶ
1156 583 1270 616 τοτε
1334 561 1475 635 εἶχεν
1529 563 1720 625 αύτούς
1750 578 1765 594 ⁸

171 658 301 711 ἄλλα
346 659 404 708 τό
451 652 720 726 καταλάϐῃ
779 651 893 706 ἀντὶ
927 660 1019 706 τοῦ
1076 655 1462 727 χατακυριεύσῃ
1496 656 1660 726 μέχρι
1685 655 1768 705 τί·

172 747 262 799 λου
271 766 310 808 ς.

246 838 347 888 Καὶ
405 863 472 874 -
526 833 736 904 ύποίγει.
771 829 1056 901 Πλανᾶται,
1105 834 1446 906 προσκόπτει,
1492 829 1768 903 κρημνίξεο

176 945 262 978 ται
273 965 284 979 .

243 1012 378 1074 Ἐως
398 1042 467 1053 -
493 1019 614 1084 φῶς.
637 1011 952 1082 Ἐσαφήνισε
978 1012 1065 1062 τόν
1088 1008 1258 1081 λόγον.

242 1101 353 1155 Ἰνα
397 1132 467 1142 -—
506 1101 746 1171 γένησθε.
800 1103 899 1152 Καὶ
938 1097 988 1151 ἐν
1017 1103 1314 1172 προοιμίοις
1341 1104 1433 1150 τοῦ
1456 1095 1769 1168 Εύαγγελίου

173 1188 306 1244 εἶπεν
355 1190 500 1250 οὗτος
531 1191 556 1242 6
588 1188 984 1260 εὐᾳγγελιστὴς,
1035 1189 1118 1240 ὅτι
1152 1194 1310 1240 Ὀσοι
1352 1185 1532 1240 ἔλαϐον
1591 1186 1770 1252 αύτόν,

174 1277 361 1332 ἔδωκεν
388 1279 562 1339 αὐτοῖς
592 1277 830 1341 ἐξουσίαν
868 1281 1019 1330 τέκνα
1051 1284 1184 1330 Θεοῦ
1213 1277 1476 1347 γενέσθαι,
1517 1282 1623 1336 τοῖς
1651 1295 1774 1328 πισ-

172 1372 412 1422 τεύουσιν
441 1368 513 1430 εἰς
542 1371 600 1420 1'6
637 1371 794 1437 ὄνομα
821 1365 1000 1420 αύτοῦ.
1035 1364 1170 1420 Ἀλλ’
1200 1364 1303 1418 ἐκεῖ
1326 1368 1416 1438 μεν
1451 1372 1662 1437 νοοῦμεν
1693 1367 1773 1418 ὅτι

172 1463 325 1511 τέκνα
345 1465 436 1511 τοῦ
469 1460 668 1532 Πατρός
691 1461 942 1527 γίνονται,
966 1455 1187 1507 ἐνταῦθα
1205 1451 1264 1508 δε
1285 1457 1365 1507 ὅτι
1387 1457 1490 1507 υἱοὶ
1511 1462 1604 1507 τοῦ
1632 1457 1769 1520 rios,

176 1549 260 1600 ἱνα
296 1549 466 1620 μάθῃς
491 1547 572 1599 ὅτι
600 1551 699 1618 μία
727 1543 954 1620 ἐνέργεια
977 1547 1178 1618 Πατρός
1205 1549 1296 1596 καὶ
1333 1546 1476 1615 Υίοῦ,
1510 1549 1600 1596 καὶ
1627 1547 1775 1596 κοινά

176 1637 342 1689 πάντα
373 1635 564 1708 ἀμφοῖν
579 1678 591 1690 .

246 1732 422 1778 Ταῦτα
445 1754 512 1766 -
551 1723 738 1776 αὐτῶν.
779 1728 948 1794 Ἔγνω
963 1724 1061 1795 γὰρ
1084 1725 1170 1774 τόν
1200 1723 1360 1795 θυμόν
1378 1721 1545 1774 αὐτῶν
1575 1741 1774 1796 ταρασ-

177 1819 388 1887 σόμενον
416 1819 505 1866 καὶ
535 1812 946 1886 ἀγριαινόμενον,
976 1817 1066 1865 καὶ
1091 1810 1278 1886 ἐκρύϐη
1300 1813 1383 1864 ἵνα
1410 1816 1482 1885 μὴ
1511 1810 1595 1864 ἐπὶ
1625 1810 1772 1864 πλέον
1806 1829 1846 1882 Β

173 1903 454 1976 ἀναφλεγῇ,
501 1901 802 1974 κατασταλῇ
852 1898 912 1954 δὲ
958 1901 1148 1974 μᾶλλον
1187 1909 1248 1972 τῇ
1295 1902 1640 1976 ὑποχωρήσει
1682 1900 1773 1953 αύ-

172 2002 284 2048 τοῦ.

243 2089 486 2135 Τοσαῦτα
549 2113 619 2121 -
684 2080 858 2134 αύτόν.
933 2111 999 2122 —
1077 2083 1342 2145 Τοσαῦτα,
1419 2081 1522 2132 ὅσα
1585 2078 1773 2142 ἐκεῖνος

172 2175 261 2244 μὲν
343 2170 603 2238 ἇποίησεν,
671 2171 818 2231 οὗτος
876 2166 935 2222 δε
992 2169 1241 2243 παρέλιπε
1314 2166 1407 2222 διὰ
1463 2172 1522 2221 τό
1577 2168 1771 2231 πλῆθος

173 2260 361 2312 αὐτῶν.

242 2349 354 2403 Ὶνα
404 2379 473 2392 -
532 2348 802 2423 πληρωθῇ.
870 2349 1146 2402 Κάνταῦθα
1211 2350 1270 2400 1'6
1325 2347 1436 2402 Ἵνα
1490 2347 1584 2401 οὐκ
1635 2350 1773 2400 ἔστιν

173 2438 516 2510 αἰτιολογίας,
576 2437 684 2490 ἀλλ’
764 2437 1044 2503 ἐκϐάσεως,
1119 2441 1238 2496 ἤτοι
1301 2436 1616 2510 πληρώσεως
1682 2445 1772 2489 τοῦ

171 2527 455 2601 μέλλοντος,

171 2620 230 2669 τὸ
295 2616 405 2669 Ἰνα
455 2618 482 2668 6
533 2615 686 2688 λόγος
740 2623 833 2668 τοῦ
892 2634 1161 2688 προφητου
1228 2615 1499 2687 πληρωθῇ,
1567 2619 1656 2667 καὶ
1713 2619 1770 2668 τὸ

168 2705 282 2758 Ἱνα
329 2708 359 2764 ἡ
419 2709 710 2780 προφητεία
737 2703 1011 2778 πληρωθῇ,
1075 2709 1164 2756 καὶ
1220 2707 1301 2772 1'6,
1357 2702 1536 2766 Ὀπως
1587 2709 1676 2756 καὶ
1705 2705 1773 2756 τὰ

169 2802 388 2848 τοιαῦτα
437 2798 684 2852 τοιαύτην
737 2796 927 2866 ἔχουσι
968 2798 1062 2852 τὴν
1105 2797 1395 2867 σημασίαν,
1449 2793 1494 2846 εἰ
1521 2798 1611 2845 καὶ
1656 2792 1767 2865 (78)

171 2889 243 2956 μὴ
305 2884 352 2935 ἄν
396 2891 500 2944 τοῖς
542 2883 715 2946 ἄλλοις
764 2882 1161 2954 εύαγγελισταῖς
1191 2891 1345 2936 τοῦτο
1377 2879 1769 2956 δεδηλώκαμεν,

531 2529 612 2580 ὅτι
679 2526 849 2600 ἔμελλε
908 2526 1267 2599 πληρωθῆναι.
1335 2531 1436 2580 Καὶ
1496 2533 1772 2597 πανταχοῦ

173 2974 248 3025 Ou’
296 2975 398 3047 γὰρ
449 2969 586 3025 διότι
652 2969 792 3024 εἶπον
836 2974 884 3024 οἱ
922 2980 1208 3044 προφῆται.
1243 2969 1338 3024 διὰ
1373 2980 1522 3025 τοῦτο
1559 2977 1770 3044 γεγόνα-

175 3080 258 3112 σιν
306 3061 340 3112 ἃ
401 3059 540 3113 εἶπον
607 3075 623 3091 ⁶
691 3059 817 3112 ἀλλὰ
883 3057 1023 3112 διότι
1081 3059 1282 3130 ἔμελλον
1359 3063 1620 3131 γενέσθαί,
1677 3058 1771 3112 διὰ

171 3157 325 3201 τοῦτο
405 3147 545 3202 εἶπον
608 3151 656 3201 οἱ
707 3156 971 3223 προφῆται
1006 3191 1018 3202 .
1054 3145 1276 3206 ’ἰδίωμα
1332 3149 1434 3222 γάρ
1473 3148 1589 3219 (79)
1657 3147 1767 3200 ἔστι
1806 3190 1847 3242 C

172 3246 326 3290 τοῦτο
380 3258 474 3301 της
538 3244 765 3311 Γραφῆς,
831 3240 899 3298 ὡς
973 3233 1394 3309 προδεδήλωται,
1473 3234 1665 3295 δηλοῦν
1715 3241 1771 3290 1'6

175 3324 402 3398 ἀψευδὲς
459 3335 554 3388 τῆς
634 3329 950 3400 προφητείας
1013 3330 1103 3378 καὶ
1179 3328 1238 3378 τὸ
1295 3327 1500 3388 πάντως
1545 3325 1776 3399 πληρού-

176 3437 341 3475 μενον.

245 3507 338 3559 ⁸ον
393 3535 462 3546 —
523 3508 688 3578 ἡμῶν.
740 3509 866 3578 Περὶ
917 3513 1017 3557 τῶν
1068 3508 1139 3578 μὴ
1186 3506 1575 3557 πιστευσάντων
1623 3512 1774 3558 τοῦτο

176 3601 374 3671 εἴρηκεν
433 3597 457 3648 ό
511 3600 803 3671 προφήτης,
848 3597 1040 3647 τούτων
1098 3613 1153 3647 τε
1213 3598 1302 3646 καὶ
1348 3602 1445 3646 τῶν
1483 3596 1726 3647 τοιούτων
1759 3609 1770 3622 ⁸

176 3685 336 3744 ἀκοὴν
375 3685 534 3758 λέγων
591 3689 683 3743 τὴν
733 3689 848 3756 περὶ
896 3691 987 3735 τοῦ
1046 3691 1278 3757 Χριστοῦ
1329 3689 1665 3758 προφητείαν,
1713 3684 1772 3742 ἢν

175 3775 493 3835 ἀκούσαντες
547 3777 596 3826 οἱ
647 3782 906 3846 προφῆται
946 3780 1055 3834 τοῖς
1093 3773 1192 3825 ὠσὶ
1230 3780 1331 3824 τῶν
1381 3771 1573 3844 ψυχῶν
1603 3773 1772 3826 αὐτῶν

175 3867 276 3917 ὑπὸ
330 3872 420 3916 τοῦ
467 3866 603 3916 θείου
686 3865 979 3933 Πνεῦματος
1034 3861 1401 3933 ἐνηχηθείσαν,
1463 3867 1772 3935 προεφήτευ-

177 3974 293 4007 σαν.
346 3957 493 4024 Λέγει
543 3949 603 4004 δὲ
660 3953 742 4004 ὅτι
788 3947 962 4011 οὐδεὶς
1027 3959 1126 4002 τῶν
1177 3952 1422 4002 τοιούτων
1470 3948 1771 4004 ἐπίστευσεν

175 4043 330 4114 αὐτῇ.

250 4135 345 4183 Καὶ
384 4161 450 4169 -
495 4127 854 4202 ἁπέκαλύφθη.
912 4133 1154 4204 Βραχίων
1195 4136 1286 4181 τοῦ
1337 4131 1539 4202 Πατρός
1570 4128 1595 4180 ὁ
1633 4131 1766 4194 Υἱός,

174 4221 243 4280 ὡς
298 4215 516 4291 δύναμις
555 4219 734 4272 αὐτοῦ.
786 4223 924 4276 Φησὶ
973 4221 1074 4292 γὰρ
1133 4219 1159 4270 ὁ
1219 4217 1416 4277 Παῦλος
1471 4234 1482 4246 °
1541 4221 1770 4290 Χριστός

174 4315 308 4360 Θεοῦ
366 4303 608 4379 δύναμις.
640 4303 831 4360 Ούδενὶ
861 4310 1056 4360 τούτων
1088 4306 1376 4379 ἐγνωρίσθη
1410 4305 1468 4358 ού
1497 4309 1639 4379 παρά
1676 4311 1770 4365 τὴν

173 4396 356 4448 ἑαυτοῦ
407 4401 753 4469 κρυφιότητα,
805 4394 934 4448 ἀλλὰ
977 4398 1122 4470 παρὰ
1155 4399 1248 4452 τὴν
1288 4395 1457 4446 αὐτῶν
1487 4393 1768 4465 τύφλωσιν.

175 4485 342 4548 Αύτός
387 4488 476 4556 μὶν
521 4487 622 4559 γὰρ
656 4481 811 4543 δίκην
850 4485 1002 4544 ἡλίου
1051 4489 1108 4536 τὸ
1155 4492 1260 4556 φῶς
1312 4491 1408 4545 τῆς
1435 4483 1626 4546 οἰκείας
1672 4485 1775 4536 θεός

173 4593 325 4636 τητος
357 4570 582 4626 ὶδείκνυε
623 4579 713 4626 καὶ
740 4571 835 4627 διὰ
877 4574 1043 4644 λόγων
1073 4578 1162 4625 καὶ
1195 4569 1267 4625 δι’
1294 4575 1454 4644 ἔργων
1482 4588 1497 4605 ⁸
1531 4571 1680 4625 αύτοὶ
1715 4569 1773 4625 δί
1805 4544 1848 4598 D

174 4665 534 4736 σαθρωθεῖσαν
573 4671 634 4736 τῇ
669 4667 894 4734 πονηρίᾳ
937 4667 1030 4720 τὴν
1075 4663 1258 4735 ὅρασιν
1299 4664 1506 4733 ἔχοντες
1531 4661 1636 4732 ούχ
1663 4661 1776 4732 (80)

167 4751 508 4828 ἆνετριὶνιςον.

246 4847 338 4896 Διὰ
389 4851 544 4896 τοῦτο
606 4872 674 4882 —
728 4839 966 4902 Ἠσαίας.
1021 4839 1299 4894 Κάνταῦθα
1345 4843 1402 4894 τὸ
1472 4843 1566 4893 Διὰ
1618 4847 1772 4894 τοῦτο

245 5022 311 5055 ιδ·
339 5021 490 5078 Joan
533 5037 573 5091 ι,
618 5023 701 5077 t'2.
783 5019 872 5074 “1
901 5019 1027 5076 Cor.
1053 5036 1089 5086 ι,
1115 5022 1203 5076 24.

1199 347 1563 407 COMMENT.
1606 347 1678 404 IN
1715 345 2060 404 JOANNEM.
2103 377 2170 388 —
2209 345 2366 403 CAP.
2399 342 2519 400 XII.

3399 341 3534 398 [370

1877 471 2248 530 bitrabantur
2277 486 2341 527 se
2366 471 2485 526 Deo
2525 469 2755 544 placere
2799 487 2870 528 ac
2927 469 3128 528 salvos
3175 468 3321 525 ﬁeri.
3354 466 3531 541 Atqui

1874 561 1964 617 hae
1991 561 2248 618 tenebras
2273 561 2400 632 jam
2432 559 2563 618 illos
2596 560 2895 618 habebant
2926 579 2941 631 ;
2977 561 3079 616 sed
3109 559 3190 615 ait
3221 574 3234 614 :
3263 559 3399 614 Non
3430 572 3531 614 vos

1875 649 2394 721 comprehendant,
2436 649 2499 705 id
2537 655 2644 716 est,
2677 666 2752 708 ne
2789 665 2976 724 usque
3027 649 3105 706 ad
3129 649 3311 705 tinem
3341 646 3533 704 domi-

1875 745 2092 798 nentur
2122 739 2310 796 vobis.

1945 832 2105 886 Vers.
2143 833 2232 887 35.
2287 831 2365 886 Et
2412 860 2476 872 —
2507 830 2704 887 vadat.
2769 832 2950 897 Errat,
3001 827 3268 896 offendit,
3327 824 3527 901 praeci-

1875 920 2120 992 pitatur.

1948 1009 2110 1064 Vers.
2143 1012 2228 1065 36.
2263 1010 2542 1066 Donec—
2577 1011 2780 1066 lucem.
2801 1012 3148 1068 Sermonem
3176 1006 3536 1080 explanavit.

1949 1101 2112 1154 Vers.
2145 1098 2234 1154 36.
2273 1100 2346 1156 Ut
2382 1129 2430 1138 --
2460 1099 2610 1156 sitis.
2642 1101 2702 1155 In
2737 1099 3077 1171 primordiis
3093 1113 3332 1172 quoque
3351 1099 3540 1152 Evan-

1876 1188 2013 1261 gelii
2038 1188 2188 1246 dixit
2214 1187 2310 1244 hic
2339 1187 2736 1258 evangelista:
2771 1189 3060 1260 Quotquot
3090 1193 3286 1244 autem
3319 1201 3544 1255 recepe-

1878 1283 2018 1333 runt
2041 1293 2195 1342 eum,
2215 1277 2370 1334 dedit
2397 1281 2478 1333 eis
2493 1283 2826 1347 potestatem
2843 1277 2990 1347 ﬁlios
3025 1277 3130 1332 Dei
3152 1277 3290 1343 ﬁeri
3302 1275 3543 1332 creden-

1880 1367 2035 1424 tibus
2063 1368 2126 1423 in
2141 1382 2347 1423 nomen
2371 1367 2579 1436 ejus“.
2613 1367 2824 1422 Sedibi
2853 1366 3101 1438 quidem
3135 1363 3542 1433 intelligimus,

1881 1456 2039 1527 quod
2064 1456 2169 1511 ﬁlii
2192 1455 2339 1512 ﬁant
2369 1456 2557 1510 Patris
2585 1472 2598 1511 :
2629 1455 2723 1510 hic
2773 1460 2996 1518 autem,
3028 1453 3194 1526 quod
3227 1453 3324 1508 filii
3354 1452 3544 1524 ipsius

1882 1545 2005 1601 Filii
2034 1561 2046 1599 :
2075 1552 2136 1601 ut
2158 1546 2373 1610 discas,
2405 1545 2569 1617 quod
2600 1560 2717 1600 una
2749 1544 2824 1599 sit
2854 1543 3048 1600 Patris
3095 1549 3152 1598 et
3175 1541 3301 1598 Filii
3330 1556 3543 1613 opera-

1881 1634 1980 1699 tio,
2003 1641 2061 1691 et
2089 1634 2400 1692 amborum
2430 1635 2638 1691 omnia
2667 1650 2803 1690 esse
2825 1635 3192 1689 communia.

1953 1725 2113 1779 Vers.
2135 1727 2228 1782 36.
2259 1727 2400 1781 Haec
2437 1756 2505 1764 —
2530 1724 2630 1780 eis.
2657 1723 2896 1779 Sciebat
2929 1737 3195 1792 namque.
3229 1721 3380 1778 iram
3415 1720 3537 1776 illo-

1882 1828 2015 1868 rum
2045 1813 2342 1868 turbatam
2370 1828 2502 1868 esse
2518 1828 2588 1867 ac
2609 1813 2894 1868 irritatam
2926 1827 2938 1866 :
2967 1810 3103 1866 ideo
3135 1808 3453 1865 abscondit
3478 1823 3541 1864 se

1881 1917 1958 1958 ne
1988 1901 2244 1974 amplius
2303 1901 2794 1970 inﬂammaretur,
2855 1900 2958 1956 sed
3021 1899 3213 1970 magis
3260 1898 3389 1968 eius
3447 1913 3542 1955 se-

1883 1991 2150 2047 cessione
2183 1992 2511 2048 sedaretur.

1955 2079 2116 2137 Vers.
2151 2085 2237 2138 37.
2278 2082 2419 2138 Tam
2469 2081 2657 2137 multa
2706 2109 2773 2120 —
2812 2093 2964 2134 eum.
3011 2109 3079 2118 ——-
3131 2078 3268 2133 Tam
3300 2076 3492 2132 multa
3525 2093 3540 2144 ;

1882 2175 2031 2242 quot
2055 2175 2252 2226 autem
2283 2170 2426 2226 illud
2457 2169 2724 2235 ediderit,
2758 2166 3130 2241 praetermisit
3179 2167 3276 2223 hic
3299 2169 3544 2239 propter

1883 2275 2092 2316 eorum
2137 2259 2596 2316 multitudinem.

1955 2349 2120 2404 Vers.
2147 2349 2236 2405 38.
2271 2350 2339 2406 Ut
2367 2379 2434 2391 —
2462 2350 2878 2419 compteretur.
2912 2347 3096 2403 Etiam
3123 2345 3221 2402 hic
3247 2345 3430 2402 dictio
3457 2345 3545 2410 Ut,

1884 2452 2005 2492 non
2035 2443 2122 2493 est
2147 2439 2402 2494 causalis
2433 2438 2535 2493 sed
2559 2444 2835 2493 eventum
2869 2437 3030 2501 dicit,
3074 2437 3200 2491 sive
3226 2435 3354 2507 ejus
3383 2432 3548 2507 quod

1882 2526 2144 2582 futurum
2161 2534 2264 2593 est,
2295 2527 2780 2598 completionem.
2808 2529 2871 2582 Et
2903 2525 3247 2598 ubicunque
3270 2524 3498 2580 dicetur
3529 2539 3542 2578 :

1890 2617 1963 2673 Ut
2016 2632 2206 2672 sermo
2257 2617 2564 2686 prophetae
2619 2617 3037 2684 compteretur.
3098 2619 3162 2670 ut
3236 2610 3550 2685 prophetia

1882 2705 2270 2776 compleretur
2315 2722 2330 2773 ;
2372 2705 2552 2761 dictio
2614 2705 2704 2770 Ut,
2765 2709 2820 2760 et
2861 2705 3078 2760 Graecae
3127 2702 3416 2759 dictiones
3443 2702 3542 2770 ἵνα,

1881 2795 2099 2856 ὃπωςαο
2116 2793 2360 2859 similes,
2389 2795 2613 2849 dictam
2627 2793 2903 2849 eamdem
2927 2789 3547 2862 habentsigniﬁcatio-

1879 2899 2040 2951 nem,
2080 2899 2434 2956 quanquam
2457 2883 2513 2938 in
2545 2883 2675 2938 aliis
2694 2881 3075 2952 evangelistis
3136 2882 3250 2937 hoc
3274 2895 3396 2936 non
3425 2893 3545 2933 ma-

1879 2971 2311 3027 nifestavimus.
2328 2973 2529 3044 Neque
2543 2971 2726 3036 enim,
2753 2971 2895 3044 quia
2920 2968 3541 3040 dixerunt‘prophetm,

1879 3044 2014 3116 ideo
2047 3061 2198 3116 facta
2226 3066 2364 3115 sunt
2419 3077 2555 3132 qua;
2598 3061 2893 3125 dixerant,
2951 3059 3052 3114 sed
3097 3059 3240 3130 quia
3275 3059 3540 3113 futurum

1881 3157 2005 3205 erat
2035 3149 2338 3212 utﬁerent,
2390 3155 2706 3219 propterea
2759 3149 3161 3217 praedixerunt
3213 3146 3544 3218 prophetas.

1882 3237 2027 3293 Nam
2063 3237 2377 3308 Scripturm
2405 3237 2625 3294 idioma
2653 3241 2758 3301 est,
2792 3242 2858 3292 ut
2886 3235 3293 3307 praediximus,
3316 3251 3438 3308 quo
3467 3235 3544 3290 si-

1883 3326 2126 3395 gniﬁcat
2149 3325 2622 3383 infatlibilitatem
2655 3325 2975 3397 prephetiae
3013 3330 3070 3380 et
3125 3323 3543 3381 omnimodam

1884 3415 2014 3486 ejus
2045 3431 2177 3471 com
2187 3413 2529 3484 pletionem.

1956 3504 2120 3559 Vers.
2150 3505 2238 3560 38.
2265 3504 2444 3572 Quem
2470 3533 2537 3544 —
2566 3506 2788 3559 nostro.
2819 3504 2899 3558 De
2919 3503 3014 3558 his
3052 3501 3157 3575 qui
3175 3502 3271 3574 (θ’)
3287 3517 3401 3558 non
3427 3517 3550 3558 cre-

1883 3592 2182 3655 diderunt.
2213 3593 2327 3648 hoc
2356 3592 2503 3648 dixit
2531 3592 2824 3663 propheta
2850 3610 2863 3659 ;
2901 3591 3174 3648 auditum
3201 3591 3405 3647 dicens
3441 3590 3546 3648 ho-

1884 3699 2017 3738 rum
2049 3698 2118 3737 ac
2145 3682 2450 3747 similium,
2502 3681 2880 3753 prophetiam
2930 3681 3006 3736 de
3043 3681 3296 3744 Christo,
3355 3695 3544 3753 quam

1884 3771 2191 3843 prophetae
2218 3787 2355 3827 cum
2390 3772 2720 3834 audissent,
2745 3770 2992 3827 auribus
3041 3771 3382 3826 animarum
3409 3785 3546 3826 sua-

1880 3877 2015 3916 rum
2057 3860 2319 3916 adivino
2347 3861 2558 3932 Spiritu
2615 3861 2974 3926 immissam,
3017 3859 3540 3930 prophetaverunt.

1884 3949 2033 4006 Dicit
2053 3966 2212 4021 ergo,
2249 3950 2412 4022 quod
2445 3950 2645 4006 nullus
2676 3951 2882 4007 talium
2914 3949 2992 4005 illi
3031 3948 3430 4006 crediderunt.

1952 4129 2116 4182 Vers.
2151 4128 2236 4182 38.
2264 4129 2335 4183 Et
2365 4159 2433 4170 —
2463 4129 2787 4186 revelatum
2830 4135 2913 4184 est
2945 4129 2973 4184 ?
3003 4127 3320 4184 Brachium
3355 4125 3541 4183 Patris

1881 4221 1966 4272 est
1991 4216 2187 4280 Filius,
2229 4222 2430 4287 utpote
2456 4217 2716 4287 potentia
2745 4233 2812 4272 ac
2843 4218 3021 4272 robur
3067 4218 3216 4285 ejus.
3264 4215 3354 4272 Ait
3379 4215 3540 4270 enim

1883 4306 2100 4360 Paulus
2132 4322 2145 4360 :
2183 4305 2448 4362 Christus
2479 4307 2584 4362 Dei
2612 4307 2873 4368 potentia
2922 4306 2990 4358 “.
3021 4304 3171 4361 Nihil
3203 4305 3417 4360 horum
3446 4319 3544 4359 co-

1883 4393 2103 4462 gnitum
2145 4400 2248 4456 est,
2279 4409 2399 4448 non
2451 4400 2696 4465 propter
2749 4394 2840 4448 sui
2893 4393 3380 4458 absconsionem,
3443 4391 3543 4446 sed

1885 4487 2123 4554 propter
2153 4481 2390 4537 illorum
2423 4483 2770 4539 caecitatem.
2817 4483 2948 4554 Ipse
2998 4481 3301 4554 siquidem
3329 4483 3387 4536 in
3422 4496 3546 4537 mo-

1883 4574 2029 4626 dum
2057 4571 2218 4638 solis,
2238 4571 2430 4628 lucem
2457 4588 2580 4628 sum
2611 4571 2936 4628 divinitatis
2963 4571 3339 4641 ostendebat,
3367 4575 3423 4626 et
3444 4585 3549 4642 per

1885 4677 2210 4728 sermones,
2244 4667 2300 4717 et
2329 4677 2431 4734 per
2457 4678 2661 4733 opera.
2714 4661 2794 4717 Illi
2829 4677 2970 4717 vero
3003 4661 3228 4717 malitia
3259 4660 3547 4732 deprava-

1883 4748 2010 4807 tum
2040 4751 2330 4808 habentes
2363 4757 2669 4823 aspectum
2699 4766 2820 4806 non
2864 4749 3327 4806 illustrabantur.

1957 4840 2118 4896 Vers.
2150 4840 2239 4896 39.
2295 4841 2617 4910 Propterea
2649 4870 2714 4881 —
2741 4839 2946 4897 Isaias.
3009 4839 3196 4896 Etiam
3234 4839 3351 4903 hic,
3394 4840 3542 4895 Pro-

1395 5115 1614 5186 Variaa
1643 5116 1970 5186 lectiones
2003 5127 2068 5184 et
2100 5126 2300 5184 notae.

243 5287 356 5359 (78)
387 5288 615 5363 Monuit
643 5291 887 5362 quidem
911 5290 975 5348 in
1007 5288 1415 5363 superioribus
1433 5288 1634 5363 etiam,
1659 5303 1766 5344 nec

170 5356 373 5433 tamen
413 5360 496 5416 ita
534 5356 753 5431 aperte.
781 5363 966 5430 Igitur
983 5356 1116 5418 moi:
1130 5361 1292 5426 dicit,
1320 5356 1764 5433 προδεδήλωται.

241 5432 353 5504 (79)
399 5435 477 5499 Δέ,
503 5447 607 5504 pro
637 5434 757 5507 γάρ.
793 5438 856 5487 Α.
1253 5441 1257 5447 ’

239 5606 329 5679 (π’)
356 5609 436 5664 De
455 5607 538 5664 his
563 5607 682 5679 qui,
700 5610 826 5679 etc.
850 5606 930 5664 De
968 5605 1289 5679 incredulis
1319 5607 1432 5665 hoc
1459 5608 1607 5666 dixit
1635 5623 1744 5679 pro

239 5624 329 5679 (In
356 5624 436 5664 ue
455 5624 538 5664 ms
605 5624 682 5671 ut,
715 5624 826 5662 etc.
850 5624 930 5664 ue
968 5624 1289 5663 increauus
1319 5624 1432 5665 noc
1459 5624 1607 5666 αιιιι
1678 5624 1764 5665 ro-

168 5679 368 5805 pbeta,
394 5685 516 5736 tam
545 5624 620 5736 (ie
649 5678 743 5734 his
772 5694 958 5752 quam
997 5678 1071 5734 de
1103 5677 1230 5734 aliis
1260 5679 1354 5736 his
1407 5624 1764 5754 mqualigus.

196 5756 462 5805 nternres
493 5753 686 5804 τούτων
707 5769 760 5804 τε
784 5755 873 5804 καὶ
898 5759 997 5803 τῶν
1034 5753 1282 5804 τοιούτων
1299 5751 1620 5805 inculcavit
1642 5756 1764 5805 Dost

196 5756 462 5825 nterpres
493 5753 686 5804 τούτων
707 5769 760 5804 τε
784 5755 873 5804 καὶ
898 5759 997 5803 τῶν
1034 5753 1282 5804 τοιούτων
1299 5751 1620 5810 inculcavit
1642 5756 1770 5824 post

1916 5287 2054 5413 '
2103 5293 2313 5360 Τρανῶς
2365 5283 2666 5365 ἐγίνωσκον.
2721 5285 2798 5340 De
2871 5293 3085 5360 τρανοῦν
3145 5287 3262 5345 hoc
3327 5303 3530 5353 sensu,

1916 5375 1927 5412 ι
1977 5375 2007 5413 e
2034 5359 2201 5413 Huet.
2245 5357 2323 5412 ad
2346 5356 2504 5413 Ot'lR.
2530 5362 2568 5411 t.
2596 5357 2687 5413 lll.
2724 5373 2784 5413 ι).
2829 5358 2955 5413 564.
2990 5363 3128 5413 nota
3161 5380 3212 5413 α.

1873 5356 2007 5414 vide
2034 5356 2201 5413 Huet.
2245 5357 2323 5412 ad
2346 5356 2504 5426 Orig.
2530 5362 2568 5411 t.
2596 5357 2687 5422 Ill,
2724 5373 2784 5430 p.
2829 5356 2955 5426 ὅθι,
2990 5363 3128 5416 nota
3161 5380 3212 5414 α.

1745 5639 1768 5650 -
1872 5605 2051 5679 λζγων.
2080 5603 2362 5662 Tollenda
2395 5620 2534 5676 ergo
2583 5611 2721 5662 sunt
2773 5606 2980 5664 horum
3009 5609 3063 5663 et
3091 5605 3372 5663 similium
3399 5607 3536 5679 post

1873 5677 2097 5734 dicens.
