  <div class='ocr_page' id='page_1' title='image "/cluster/home/n/w/nwhite01/storage/ocr_20150623/129/hvd.32044019208511/887.png"; bbox 0 0 4076 6436; ppageno 0'>
   <div class='ocr_carea' id='block_1_1' title="bbox 681 364 817 420">
    <p class='ocr_par' dir='ltr' id='par_1_1' title="bbox 681 364 817 420">
     <span class='ocr_line' id='line_1_1' title="bbox 681 364 817 420; baseline -0.015 0"><span class='ocrx_word' id='word_1_1' title='bbox 681 364 817 420; x_wconf 73' lang='grc'>1371</span> 
     </span>
    </p>
   </div>
   <div class='ocr_carea' id='block_1_2' title="bbox 2026 360 3636 423">
    <p class='ocr_par' dir='ltr' id='par_1_2' title="bbox 2026 360 2730 419">
     <span class='ocr_line' id='line_1_2' title="bbox 2026 360 2730 419; baseline -0.004 0"><span class='ocrx_word' id='word_1_2' title='bbox 2026 362 2361 419; x_wconf 68' lang='grc' dir='ltr'><strong>Ευτιιγιιιι</strong></span> <span class='ocrx_word' id='word_1_3' title='bbox 2399 360 2730 418; x_wconf 81' lang='lat' dir='ltr'>ZlGABENl</span> 
     </span>
    </p>
   </div>
   <div class='ocr_carea' id='block_1_3' title="bbox 2307 360 3917 423">
    <p class='ocr_par' dir='ltr' id='par_1_3' title="bbox 2307 360 3917 423">
     <span class='ocr_line' id='line_1_3' title="bbox 2307 360 3917 423; baseline 0.002 -5"><span class='ocrx_word' id='word_1_4' title='bbox 2307 362 2361 418; x_wconf 83' lang='grc' dir='ltr'>ΙΙΙ</span> <span class='ocrx_word' id='word_1_5' title='bbox 2399 360 2730 418; x_wconf 81' lang='lat' dir='ltr'>ZlGABENl</span> <span class='ocrx_word' id='word_1_6' title='bbox 3830 366 3917 423; x_wconf 62' lang='grc' dir='ltr'><strong>τιτι</strong></span> 
     </span>
    </p>
   </div>
   <div class='ocr_carea' id='block_1_4' title="bbox 677 483 2287 561">
    <p class='ocr_par' dir='ltr' id='par_1_4' title="bbox 677 488 2287 558">
     <span class='ocr_line' id='line_1_4' title="bbox 677 488 2287 558; baseline 0 -13"><span class='ocrx_word' id='word_1_7' title='bbox 677 495 903 558; x_wconf 81' lang='lat' dir='ltr'>pterea,</span> <span class='ocrx_word' id='word_1_8' title='bbox 931 504 1054 546; x_wconf 90' lang='lat' dir='ltr'>non</span> <span class='ocrx_word' id='word_1_9' title='bbox 1101 488 1340 547; x_wconf 87' lang='lat' dir='ltr'>causale</span> <span class='ocrx_word' id='word_1_10' title='bbox 1390 493 1500 555; x_wconf 82' lang='lat' dir='ltr'>est,</span> <span class='ocrx_word' id='word_1_11' title='bbox 1553 488 1658 547; x_wconf 89' lang='lat' dir='ltr'>sed</span> <span class='ocrx_word' id='word_1_12' title='bbox 1704 489 1882 547; x_wconf 82' lang='lat' dir='ltr'>futuri</span> <span class='ocrx_word' id='word_1_13' title='bbox 1910 488 2287 547; x_wconf 72' lang='lat' dir='ltr'>declarativui</span> 
     </span>
    </p>
   </div>
   <div class='ocr_carea' id='block_1_5' title="bbox 2309 483 3919 561">
    <p class='ocr_par' dir='ltr' id='par_1_5' title="bbox 2309 483 3919 561">
     <span class='ocr_line' id='line_1_5' title="bbox 2309 483 3919 561; baseline 0.001 -22"><span class='ocrx_word' id='word_1_14' title='bbox 2309 507 2338 546; x_wconf 81' lang='grc' dir='ltr'><strong>[ι</strong></span> <span class='ocrx_word' id='word_1_15' title='bbox 2370 489 2415 544; x_wconf 83' lang='grc' dir='ltr'>Α</span> <span class='ocrx_word' id='word_1_16' title='bbox 2451 487 2546 539; x_wconf 77' lang='grc' dir='ltr'><strong>οὐκ</strong></span> <span class='ocrx_word' id='word_1_17' title='bbox 2594 490 2734 540; x_wconf 80' lang='grc' dir='ltr'><strong>ἔστιν</strong></span> <span class='ocrx_word' id='word_1_18' title='bbox 2788 485 3126 557; x_wconf 72' lang='grc' dir='ltr'>αἰτιολογίας,</span> <span class='ocrx_word' id='word_1_19' title='bbox 3183 483 3310 538; x_wconf 76' lang='grc' dir='ltr'>ἀλλὰ</span> <span class='ocrx_word' id='word_1_20' title='bbox 3365 484 3628 558; x_wconf 64' lang='grc' dir='ltr'>μέλλοντος,</span> <span class='ocrx_word' id='word_1_21' title='bbox 3677 489 3742 540; x_wconf 82' lang='grc' dir='ltr'>ὅτι</span> <span class='ocrx_word' id='word_1_22' title='bbox 3785 489 3919 561; x_wconf 45' lang='lat' dir='ltr'>ipsum</span> 
     </span>
    </p>
   </div>
   <div class='ocr_carea' id='block_1_6' title="bbox 681 578 2338 653">
    <p class='ocr_par' dir='ltr' id='par_1_6' title="bbox 681 578 2338 653">
     <span class='ocr_line' id='line_1_6' title="bbox 681 578 2338 653; baseline 0 -19"><span class='ocrx_word' id='word_1_23' title='bbox 681 578 1256 650; x_wconf 84' lang='lat' dir='ltr'>quiafuturumerat,</span> <span class='ocrx_word' id='word_1_24' title='bbox 1280 584 1339 636; x_wconf 93' lang='lat' dir='ltr'>ut</span> <span class='ocrx_word' id='word_1_25' title='bbox 1362 580 1601 636; x_wconf 84' lang='lat' dir='ltr'>credere</span> <span class='ocrx_word' id='word_1_26' title='bbox 1629 596 1748 636; x_wconf 91' lang='lat' dir='ltr'>non</span> <span class='ocrx_word' id='word_1_27' title='bbox 1771 585 2038 653; x_wconf 85' lang='lat' dir='ltr'>possent,</span> <span class='ocrx_word' id='word_1_28' title='bbox 2064 581 2186 636; x_wconf 83' lang='lat' dir='ltr'>sive</span> <span class='ocrx_word' id='word_1_29' title='bbox 2218 596 2338 635; x_wconf 91' lang='lat' dir='ltr'>non</span> 
     </span>
    </p>
   </div>
   <div class='ocr_carea' id='block_1_7' title="bbox 680 669 2337 744">
    <p class='ocr_par' dir='ltr' id='par_1_7' title="bbox 680 669 2337 744">
     <span class='ocr_line' id='line_1_7' title="bbox 680 669 2337 744; baseline 0.001 -20"><span class='ocrx_word' id='word_1_30' title='bbox 680 669 895 725; x_wconf 80' lang='lat' dir='ltr'>vellent</span> <span class='ocrx_word' id='word_1_31' title='bbox 925 686 1098 725; x_wconf 87' lang='lat' dir='ltr'>:nam</span> <span class='ocrx_word' id='word_1_32' title='bbox 1114 671 1164 726; x_wconf 87' lang='lat' dir='ltr'>si</span> <span class='ocrx_word' id='word_1_33' title='bbox 1186 671 1527 738; x_wconf 89' lang='lat' dir='ltr'>voluissent,</span> <span class='ocrx_word' id='word_1_34' title='bbox 1553 672 1751 744; x_wconf 78' lang='lat' dir='ltr'>utique</span> <span class='ocrx_word' id='word_1_35' title='bbox 1777 671 2180 726; x_wconf 90' lang='lat' dir='ltr'>credidissent.</span> <span class='ocrx_word' id='word_1_36' title='bbox 2206 670 2337 725; x_wconf 86' lang='lat' dir='ltr'>Non</span> 
     </span>
    </p>
   </div>
   <div class='ocr_carea' id='block_1_8' title="bbox 680 759 2336 832">
    <p class='ocr_par' dir='ltr' id='par_1_8' title="bbox 680 759 2336 832">
     <span class='ocr_line' id='line_1_8' title="bbox 680 759 2336 832; baseline 0.001 -19"><span class='ocrx_word' id='word_1_37' title='bbox 680 759 1182 832; x_wconf 76' lang='lat' dir='ltr'>possc,siquidem</span> <span class='ocrx_word' id='word_1_38' title='bbox 1205 760 1384 815; x_wconf 82' lang='lat' dir='ltr'>etiam</span> <span class='ocrx_word' id='word_1_39' title='bbox 1412 760 1706 832; x_wconf 83' lang='lat' dir='ltr'>signiﬁcat</span> <span class='ocrx_word' id='word_1_40' title='bbox 1732 780 1743 819; x_wconf 93' lang='lat'>:</span> <span class='ocrx_word' id='word_1_41' title='bbox 1769 776 1891 816; x_wconf 89' lang='lat' dir='ltr'>non</span> <span class='ocrx_word' id='word_1_42' title='bbox 1917 759 2062 814; x_wconf 85' lang='lat' dir='ltr'>velle</span> <span class='ocrx_word' id='word_1_43' title='bbox 2103 760 2252 814; x_wconf 86' lang='lat' dir='ltr'>sicut</span> <span class='ocrx_word' id='word_1_44' title='bbox 2276 759 2336 814; x_wconf 84' lang='lat' dir='ltr'>in</span> 
     </span>
    </p>
   </div>
   <div class='ocr_carea' id='block_1_9' title="bbox 680 847 2336 919">
    <p class='ocr_par' dir='ltr' id='par_1_9' title="bbox 680 847 2336 919">
     <span class='ocr_line' id='line_1_9' title="bbox 680 847 2336 919; baseline 0.002 -18"><span class='ocrx_word' id='word_1_45' title='bbox 680 847 1142 919; x_wconf 73' lang='lat' dir='ltr'>praecedentibus</span> <span class='ocrx_word' id='word_1_46' title='bbox 1183 849 1523 906; x_wconf 83' lang='lat' dir='ltr'>docuimus.</span> <span class='ocrx_word' id='word_1_47' title='bbox 1575 852 1705 913; x_wconf 84' lang='lat' dir='ltr'>Aut,</span> <span class='ocrx_word' id='word_1_48' title='bbox 1759 865 1878 905; x_wconf 91' lang='lat' dir='ltr'>non</span> <span class='ocrx_word' id='word_1_49' title='bbox 1907 855 2185 917; x_wconf 77' lang='lat' dir='ltr'>poterant</span> <span class='ocrx_word' id='word_1_50' title='bbox 2216 864 2336 904; x_wconf 81' lang='lat' dir='ltr'>cre-</span> 
     </span>
    </p>
   </div>
   <div class='ocr_carea' id='block_1_10' title="bbox 678 936 2335 1008">
    <p class='ocr_par' dir='ltr' id='par_1_10' title="bbox 678 936 2335 1008">
     <span class='ocr_line' id='line_1_10' title="bbox 678 936 2335 1008; baseline 0 -16"><span class='ocrx_word' id='word_1_51' title='bbox 678 936 835 1000; x_wconf 85' lang='lat' dir='ltr'>dere,</span> <span class='ocrx_word' id='word_1_52' title='bbox 860 936 1187 1008; x_wconf 87' lang='lat' dir='ltr'>prohibitia</span> <span class='ocrx_word' id='word_1_53' title='bbox 1219 938 1446 994; x_wconf 89' lang='lat' dir='ltr'>malitia</span> <span class='ocrx_word' id='word_1_54' title='bbox 1465 944 1521 994; x_wconf 90' lang='lat' dir='ltr'>et</span> <span class='ocrx_word' id='word_1_55' title='bbox 1553 939 1812 994; x_wconf 77' lang='lat' dir='ltr'>caecitate</span> <span class='ocrx_word' id='word_1_56' title='bbox 1839 953 1970 993; x_wconf 86' lang='lat' dir='ltr'>sua.</span> <span class='ocrx_word' id='word_1_57' title='bbox 2001 936 2154 1002; x_wconf 87' lang='lat' dir='ltr'>Quid</span> <span class='ocrx_word' id='word_1_58' title='bbox 2193 952 2335 1007; x_wconf 83' lang='lat' dir='ltr'>ergo</span> 
     </span>
    </p>
   </div>
   <div class='ocr_carea' id='block_1_11' title="bbox 680 1024 1322 1083">
    <p class='ocr_par' dir='ltr' id='par_1_11' title="bbox 680 1024 1322 1083">
     <span class='ocr_line' id='line_1_11' title="bbox 680 1024 1322 1083; baseline 0.003 -3"><span class='ocrx_word' id='word_1_59' title='bbox 680 1024 893 1081; x_wconf 82' lang='lat' dir='ltr'>iterum</span> <span class='ocrx_word' id='word_1_60' title='bbox 911 1025 1057 1080; x_wconf 82' lang='lat' dir='ltr'>dixit</span> <span class='ocrx_word' id='word_1_61' title='bbox 1087 1026 1269 1082; x_wconf 89' lang='lat' dir='ltr'>lsaias</span> <span class='ocrx_word' id='word_1_62' title='bbox 1294 1027 1322 1083; x_wconf 83' lang='lat'><strong>?</strong></span> 
     </span>
    </p>
   </div>
   <div class='ocr_carea' id='block_1_12' title="bbox 751 1114 2335 1189">
    <p class='ocr_par' dir='ltr' id='par_1_12' title="bbox 751 1114 2335 1189">
     <span class='ocr_line' id='line_1_12' title="bbox 751 1114 2335 1189; baseline 0.001 -20"><span class='ocrx_word' id='word_1_63' title='bbox 751 1114 911 1170; x_wconf 88' lang='lat' dir='ltr'>Vers.</span> <span class='ocrx_word' id='word_1_64' title='bbox 943 1118 1036 1170; x_wconf 78' lang='grc'><strong>40.</strong></span> <span class='ocrx_word' id='word_1_65' title='bbox 1072 1116 1410 1172; x_wconf 63' lang='lat' dir='ltr'>Exi-meavit</span> <span class='ocrx_word' id='word_1_66' title='bbox 1444 1146 1509 1160; x_wconf 90' lang='lat'>——</span> <span class='ocrx_word' id='word_1_67' title='bbox 1567 1132 1688 1173; x_wconf 83' lang='lat' dir='ltr'>cor.</span> <span class='ocrx_word' id='word_1_68' title='bbox 1749 1119 1814 1173; x_wconf 89' lang='lat' dir='ltr'>Et</span> <span class='ocrx_word' id='word_1_69' title='bbox 1851 1116 1965 1173; x_wconf 85' lang='lat' dir='ltr'>hoc</span> <span class='ocrx_word' id='word_1_70' title='bbox 2019 1116 2335 1189; x_wconf 61' lang='lat' dir='ltr'>Scriptura:</span> 
     </span>
    </p>
   </div>
   <div class='ocr_carea' id='block_1_13' title="bbox 677 1204 2335 1279">
    <p class='ocr_par' dir='ltr' id='par_1_13' title="bbox 677 1204 2335 1279">
     <span class='ocr_line' id='line_1_13' title="bbox 677 1204 2335 1279; baseline 0 -19"><span class='ocrx_word' id='word_1_71' title='bbox 677 1204 904 1261; x_wconf 90' lang='lat' dir='ltr'>idioma</span> <span class='ocrx_word' id='word_1_72' title='bbox 927 1210 1034 1268; x_wconf 87' lang='lat' dir='ltr'>est,</span> <span class='ocrx_word' id='word_1_73' title='bbox 1064 1206 1156 1260; x_wconf 86' lang='lat' dir='ltr'>Dei</span> <span class='ocrx_word' id='word_1_74' title='bbox 1189 1206 1672 1278; x_wconf 89' lang='lat' dir='ltr'>permissionem,</span> <span class='ocrx_word' id='word_1_75' title='bbox 1702 1207 1875 1279; x_wconf 90' lang='lat' dir='ltr'>quasi</span> <span class='ocrx_word' id='word_1_76' title='bbox 1897 1222 2052 1279; x_wconf 90' lang='lat' dir='ltr'>opus</span> <span class='ocrx_word' id='word_1_77' title='bbox 2081 1207 2211 1278; x_wconf 86' lang='lat' dir='ltr'>ejus</span> <span class='ocrx_word' id='word_1_78' title='bbox 2233 1222 2335 1278; x_wconf 87' lang='lat' dir='ltr'>ap-</span> 
     </span>
    </p>
   </div>
   <div class='ocr_carea' id='block_1_14' title="bbox 677 1294 2334 1368">
    <p class='ocr_par' dir='ltr' id='par_1_14' title="bbox 677 1294 2334 1368">
     <span class='ocr_line' id='line_1_14' title="bbox 677 1294 2334 1368; baseline 0 -18"><span class='ocrx_word' id='word_1_79' title='bbox 677 1294 913 1368; x_wconf 89' lang='lat' dir='ltr'>pellare.</span> <span class='ocrx_word' id='word_1_80' title='bbox 944 1294 1244 1366; x_wconf 85' lang='lat' dir='ltr'>Siquidem</span> <span class='ocrx_word' id='word_1_81' title='bbox 1289 1294 1646 1361; x_wconf 67' lang='lat' dir='ltr'>Excaecavit,</span> <span class='ocrx_word' id='word_1_82' title='bbox 1681 1301 1737 1351; x_wconf 91' lang='lat' dir='ltr'>et</span> <span class='ocrx_word' id='word_1_83' title='bbox 1787 1296 2126 1358; x_wconf 83' lang='lat' dir='ltr'>Induravit,</span> <span class='ocrx_word' id='word_1_84' title='bbox 2157 1295 2334 1364; x_wconf 81' lang='lat' dir='ltr'>signi-</span> 
     </span>
    </p>
   </div>
   <div class='ocr_carea' id='block_1_15' title="bbox 677 1383 2336 1457">
    <p class='ocr_par' dir='ltr' id='par_1_15' title="bbox 677 1383 2336 1457">
     <span class='ocr_line' id='line_1_15' title="bbox 677 1383 2336 1457; baseline -0.001 -18"><span class='ocrx_word' id='word_1_85' title='bbox 677 1384 880 1447; x_wconf 81' lang='lat' dir='ltr'>ﬁcant,</span> <span class='ocrx_word' id='word_1_86' title='bbox 936 1383 1220 1439; x_wconf 72' lang='lat' dir='ltr'>exctecari</span> <span class='ocrx_word' id='word_1_87' title='bbox 1276 1401 1340 1439; x_wconf 86' lang='lat' dir='ltr'>ac</span> <span class='ocrx_word' id='word_1_88' title='bbox 1389 1384 1654 1440; x_wconf 85' lang='lat' dir='ltr'>indurari</span> <span class='ocrx_word' id='word_1_89' title='bbox 1709 1385 1988 1457; x_wconf 84' lang='lat' dir='ltr'>permisit,</span> <span class='ocrx_word' id='word_1_90' title='bbox 2049 1390 2336 1457; x_wconf 87' lang='lat' dir='ltr'>tanquam</span> 
     </span>
    </p>
   </div>
   <div class='ocr_carea' id='block_1_16' title="bbox 678 1472 2337 1544">
    <p class='ocr_par' dir='ltr' id='par_1_16' title="bbox 678 1472 2337 1544">
     <span class='ocr_line' id='line_1_16' title="bbox 678 1472 2337 1544; baseline 0.001 -17"><span class='ocrx_word' id='word_1_91' title='bbox 678 1472 1083 1528; x_wconf 89' lang='lat' dir='ltr'>incurabiles:</span> <span class='ocrx_word' id='word_1_92' title='bbox 1129 1473 1430 1529; x_wconf 90' lang='lat' dir='ltr'>neminem</span> <span class='ocrx_word' id='word_1_93' title='bbox 1463 1475 1618 1529; x_wconf 88' lang='lat' dir='ltr'>enim</span> <span class='ocrx_word' id='word_1_94' title='bbox 1664 1475 1717 1528; x_wconf 87' lang='lat' dir='ltr'>vi</span> <span class='ocrx_word' id='word_1_95' title='bbox 1783 1474 2037 1537; x_wconf 86' lang='lat' dir='ltr'>attrahit,</span> <span class='ocrx_word' id='word_1_96' title='bbox 2093 1479 2337 1544; x_wconf 86' lang='lat' dir='ltr'>propter</span> 
     </span>
    </p>
   </div>
   <div class='ocr_carea' id='block_1_17' title="bbox 677 1560 2335 1635">
    <p class='ocr_par' dir='ltr' id='par_1_17' title="bbox 677 1560 2335 1635">
     <span class='ocr_line' id='line_1_17' title="bbox 677 1560 2335 1635; baseline 0 -20"><span class='ocrx_word' id='word_1_97' title='bbox 677 1560 931 1616; x_wconf 90' lang='lat' dir='ltr'>liberum</span> <span class='ocrx_word' id='word_1_98' title='bbox 951 1562 1234 1634; x_wconf 86' lang='lat' dir='ltr'>cujusque</span> <span class='ocrx_word' id='word_1_99' title='bbox 1251 1563 1581 1618; x_wconf 84' lang='lat' dir='ltr'>arbitrium.</span> <span class='ocrx_word' id='word_1_100' title='bbox 1611 1563 1805 1619; x_wconf 89' lang='lat' dir='ltr'>Simile</span> <span class='ocrx_word' id='word_1_101' title='bbox 1830 1564 2006 1618; x_wconf 88' lang='lat' dir='ltr'>etiam</span> <span class='ocrx_word' id='word_1_102' title='bbox 2041 1569 2145 1626; x_wconf 86' lang='lat' dir='ltr'>est,</span> <span class='ocrx_word' id='word_1_103' title='bbox 2175 1562 2335 1635; x_wconf 90' lang='lat' dir='ltr'>quod</span> 
     </span>
    </p>
   </div>
   <div class='ocr_carea' id='block_1_18' title="bbox 679 1651 2331 1716">
    <p class='ocr_par' dir='ltr' id='par_1_18' title="bbox 679 1651 2331 1716">
     <span class='ocr_line' id='line_1_18' title="bbox 679 1651 2331 1716; baseline 0.001 -11"><span class='ocrx_word' id='word_1_104' title='bbox 679 1651 888 1706; x_wconf 86' lang='lat' dir='ltr'>dicitur</span> <span class='ocrx_word' id='word_1_105' title='bbox 929 1667 940 1705; x_wconf 92' lang='lat'><strong>:</strong></span> <span class='ocrx_word' id='word_1_106' title='bbox 980 1651 1280 1707; x_wconf 85' lang='lat' dir='ltr'>Indurans</span> <span class='ocrx_word' id='word_1_107' title='bbox 1297 1653 1593 1707; x_wconf 83' lang='lat' dir='ltr'>indurabo</span> <span class='ocrx_word' id='word_1_108' title='bbox 1624 1669 1726 1708; x_wconf 84' lang='lat' dir='ltr'>cor</span> <span class='ocrx_word' id='word_1_109' title='bbox 1756 1653 2087 1708; x_wconf 82' lang='lat' dir='ltr'>Pharaonis</span> <span class='ocrx_word' id='word_1_110' title='bbox 2119 1654 2164 1687; x_wconf 77' lang='grc'>⁸⁷</span> <span class='ocrx_word' id='word_1_111' title='bbox 2192 1671 2210 1716; x_wconf 88' lang='grc'><strong><em>;</em></strong></span> <span class='ocrx_word' id='word_1_112' title='bbox 2246 1657 2331 1707; x_wconf 89' lang='lat' dir='ltr'>et:</span> 
     </span>
    </p>
   </div>
   <div class='ocr_carea' id='block_1_19' title="bbox 680 1740 2337 1812">
    <p class='ocr_par' dir='ltr' id='par_1_19' title="bbox 680 1740 2337 1812">
     <span class='ocr_line' id='line_1_19' title="bbox 680 1740 2337 1812; baseline 0.001 -17"><span class='ocrx_word' id='word_1_113' title='bbox 680 1740 990 1796; x_wconf 83' lang='lat' dir='ltr'>Deciinare</span> <span class='ocrx_word' id='word_1_114' title='bbox 1009 1742 1195 1812; x_wconf 82' lang='lat' dir='ltr'>fecisti</span> <span class='ocrx_word' id='word_1_115' title='bbox 1212 1743 1448 1797; x_wconf 80' lang='lat' dir='ltr'>semitas</span> <span class='ocrx_word' id='word_1_116' title='bbox 1471 1748 1704 1797; x_wconf 86' lang='lat' dir='ltr'>nostras</span> <span class='ocrx_word' id='word_1_117' title='bbox 1731 1758 1765 1798; x_wconf 87' lang='grc' dir='ltr'>α</span> <span class='ocrx_word' id='word_1_118' title='bbox 1789 1743 1885 1798; x_wconf 87' lang='lat' dir='ltr'>via</span> <span class='ocrx_word' id='word_1_119' title='bbox 1917 1750 2016 1797; x_wconf 86' lang='lat' dir='ltr'>tua</span> <span class='ocrx_word' id='word_1_120' title='bbox 2041 1744 2085 1778; x_wconf 76' lang='lat'>&quot;</span> <span class='ocrx_word' id='word_1_121' title='bbox 2116 1759 2129 1807; x_wconf 91' lang='lat'><strong>;</strong></span> <span class='ocrx_word' id='word_1_122' title='bbox 2154 1748 2207 1797; x_wconf 90' lang='lat' dir='ltr'>et</span> <span class='ocrx_word' id='word_1_123' title='bbox 2226 1743 2337 1798; x_wconf 83' lang='lat' dir='ltr'>Er-</span> 
     </span>
    </p>
   </div>
   <div class='ocr_carea' id='block_1_20' title="bbox 2451 574 3918 650">
    <p class='ocr_par' dir='ltr' id='par_1_20' title="bbox 2451 574 3918 650">
     <span class='ocr_line' id='line_1_20' title="bbox 2451 574 3918 650; baseline -0.001 -20"><span class='ocrx_word' id='word_1_124' title='bbox 2451 577 2509 630; x_wconf 80' lang='grc' dir='ltr'>οῦ</span> <span class='ocrx_word' id='word_1_125' title='bbox 2537 574 2797 630; x_wconf 79' lang='grc' dir='ltr'><strong>δύνασθαι</strong></span> <span class='ocrx_word' id='word_1_126' title='bbox 2843 578 3126 638; x_wconf 72' lang='grc' dir='ltr'>πιστεύειν,</span> <span class='ocrx_word' id='word_1_127' title='bbox 3173 580 3337 628; x_wconf 86' lang='grc' dir='ltr'><strong>εῐτουν</strong></span> <span class='ocrx_word' id='word_1_128' title='bbox 3385 576 3441 627; x_wconf 78' lang='grc' dir='ltr'><strong>οῦ</strong></span> <span class='ocrx_word' id='word_1_129' title='bbox 3499 575 3760 648; x_wconf 77' lang='grc' dir='ltr'><strong>βούλεσθαι.</strong></span> <span class='ocrx_word' id='word_1_130' title='bbox 3799 580 3918 650; x_wconf 59' lang='grc' dir='ltr'><strong>Εἰγὰρ</strong></span> 
     </span>
    </p>
   </div>
   <div class='ocr_carea' id='block_1_21' title="bbox 2451 662 3919 738">
    <p class='ocr_par' dir='ltr' id='par_1_21' title="bbox 2451 662 3919 738">
     <span class='ocr_line' id='line_1_21' title="bbox 2451 662 3919 738; baseline 0 -19"><span class='ocrx_word' id='word_1_131' title='bbox 2451 666 2731 733; x_wconf 74' lang='grc' dir='ltr'>ἐϐούλοντο,</span> <span class='ocrx_word' id='word_1_132' title='bbox 2767 665 3032 718; x_wconf 78' lang='grc' dir='ltr'><strong>ίπίστευον</strong></span> <span class='ocrx_word' id='word_1_133' title='bbox 3075 668 3157 720; x_wconf 77' lang='grc' dir='ltr'><strong>ἄν.</strong></span> <span class='ocrx_word' id='word_1_134' title='bbox 3190 669 3259 717; x_wconf 88' lang='grc' dir='ltr'>Τὸ</span> <span class='ocrx_word' id='word_1_135' title='bbox 3304 669 3400 738; x_wconf 73' lang='grc' dir='ltr'>γὰρ</span> <span class='ocrx_word' id='word_1_136' title='bbox 3439 670 3507 736; x_wconf 81' lang='grc' dir='ltr'>μὴ</span> <span class='ocrx_word' id='word_1_137' title='bbox 3539 662 3764 718; x_wconf 77' lang='grc' dir='ltr'><strong>δύνασθαι</strong></span> <span class='ocrx_word' id='word_1_138' title='bbox 3795 674 3919 738; x_wconf 62' lang='grc' dir='ltr'><strong>σημαί-</strong></span> 
     </span>
    </p>
   </div>
   <div class='ocr_carea' id='block_1_22' title="bbox 2449 753 3919 827">
    <p class='ocr_par' dir='ltr' id='par_1_22' title="bbox 2449 753 3919 827">
     <span class='ocr_line' id='line_1_22' title="bbox 2449 753 3919 827; baseline 0.001 -21"><span class='ocrx_word' id='word_1_139' title='bbox 2449 776 2520 808; x_wconf 93' lang='grc' dir='ltr'>νει</span> <span class='ocrx_word' id='word_1_140' title='bbox 2596 761 2685 807; x_wconf 85' lang='grc' dir='ltr'><strong>καὶ</strong></span> <span class='ocrx_word' id='word_1_141' title='bbox 2741 759 2798 806; x_wconf 90' lang='grc' dir='ltr'>τὸ</span> <span class='ocrx_word' id='word_1_142' title='bbox 2880 760 2949 826; x_wconf 75' lang='grc' dir='ltr'>μὴ</span> <span class='ocrx_word' id='word_1_143' title='bbox 3045 753 3349 825; x_wconf 76' lang='grc' dir='ltr'><strong>βούλεσθαι,</strong></span> <span class='ocrx_word' id='word_1_144' title='bbox 3407 759 3473 814; x_wconf 86' lang='grc' dir='ltr'>ὡς</span> <span class='ocrx_word' id='word_1_145' title='bbox 3542 760 3623 806; x_wconf 83' lang='grc' dir='ltr'>καὶ</span> <span class='ocrx_word' id='word_1_146' title='bbox 3681 755 3919 827; x_wconf 61' lang='grc' dir='ltr'><strong>προλαϐόντες</strong></span> 
     </span>
    </p>
   </div>
   <div class='ocr_carea' id='block_1_23' title="bbox 2449 839 3919 916">
    <p class='ocr_par' dir='ltr' id='par_1_23' title="bbox 2449 839 3919 916">
     <span class='ocr_line' id='line_1_23' title="bbox 2449 839 3919 916; baseline -0.001 -20"><span class='ocrx_word' id='word_1_147' title='bbox 2449 841 2785 916; x_wconf 72' lang='grc' dir='ltr'><strong>ἐδιδάξαμεν.</strong></span> <span class='ocrx_word' id='word_1_148' title='bbox 2845 844 2913 896; x_wconf 80' lang='grc' dir='ltr'>Ἤ</span> <span class='ocrx_word' id='word_1_149' title='bbox 2953 843 3046 895; x_wconf 71' lang='grc' dir='ltr'>οὐκ</span> <span class='ocrx_word' id='word_1_150' title='bbox 3099 839 3379 911; x_wconf 78' lang='grc' dir='ltr'><strong>ἠδύναντο,</strong></span> <span class='ocrx_word' id='word_1_151' title='bbox 3435 842 3718 913; x_wconf 74' lang='grc' dir='ltr'>κωλυόμενοι</span> <span class='ocrx_word' id='word_1_152' title='bbox 3759 846 3832 895; x_wconf 77' lang='grc' dir='ltr'>ὑπὸ</span> <span class='ocrx_word' id='word_1_153' title='bbox 3870 854 3919 903; x_wconf 70' lang='lat' dir='ltr'>7i;</span> 
     </span>
    </p>
   </div>
   <div class='ocr_carea' id='block_1_24' title="bbox 2447 929 3917 1006">
    <p class='ocr_par' dir='ltr' id='par_1_24' title="bbox 2447 929 3917 1006">
     <span class='ocr_line' id='line_1_24' title="bbox 2447 929 3917 1006; baseline -0.002 -20"><span class='ocrx_word' id='word_1_154' title='bbox 2447 940 2634 996; x_wconf 78' lang='grc' dir='ltr'>κακίας</span> <span class='ocrx_word' id='word_1_155' title='bbox 2680 940 2770 986; x_wconf 81' lang='grc' dir='ltr'><strong>καὶ</strong></span> <span class='ocrx_word' id='word_1_156' title='bbox 2821 939 3112 1006; x_wconf 82' lang='grc' dir='ltr'><strong>πωρώσεως</strong></span> <span class='ocrx_word' id='word_1_157' title='bbox 3165 933 3350 987; x_wconf 75' lang='grc' dir='ltr'><strong>αὐτῶν.</strong></span> <span class='ocrx_word' id='word_1_158' title='bbox 3412 938 3474 986; x_wconf 89' lang='grc' dir='ltr'><strong>Τί</strong></span> <span class='ocrx_word' id='word_1_159' title='bbox 3529 929 3609 984; x_wconf 77' lang='grc' dir='ltr'><strong>οὖν</strong></span> <span class='ocrx_word' id='word_1_160' title='bbox 3667 932 3790 984; x_wconf 72' lang='grc' dir='ltr'><strong>πάλιν</strong></span> <span class='ocrx_word' id='word_1_161' title='bbox 3841 931 3917 984; x_wconf 66' lang='lat' dir='ltr'>tim</span> 
     </span>
    </p>
   </div>
   <div class='ocr_carea' id='block_1_25' title="bbox 2444 1021 2706 1088">
    <p class='ocr_par' dir='ltr' id='par_1_25' title="bbox 2444 1021 2706 1088">
     <span class='ocr_line' id='line_1_25' title="bbox 2444 1021 2706 1088; baseline -0.015 -10"><span class='ocrx_word' id='word_1_162' title='bbox 2444 1021 2660 1083; x_wconf 83' lang='grc' dir='ltr'><strong>Ἠσαίας</strong></span> <span class='ocrx_word' id='word_1_163' title='bbox 2693 1041 2706 1088; x_wconf 87' lang='grc'><strong>;</strong></span> 
     </span>
    </p>
   </div>
   <div class='ocr_carea' id='block_1_26' title="bbox 2516 1106 3918 1184">
    <p class='ocr_par' dir='ltr' id='par_1_26' title="bbox 2516 1106 3918 1184">
     <span class='ocr_line' id='line_1_26' title="bbox 2516 1106 3918 1184; baseline -0.001 -20"><span class='ocrx_word' id='word_1_164' title='bbox 2516 1112 2841 1184; x_wconf 73' lang='grc' dir='ltr'><strong>Τετύφλωκιν</strong></span> <span class='ocrx_word' id='word_1_165' title='bbox 2904 1141 2974 1152; x_wconf 91' lang='grc'><strong>-</strong></span> <span class='ocrx_word' id='word_1_166' title='bbox 3024 1107 3268 1183; x_wconf 81' lang='grc' dir='ltr'><strong>καρδίαν.</strong></span> <span class='ocrx_word' id='word_1_167' title='bbox 3328 1106 3547 1181; x_wconf 72' lang='grc' dir='ltr'>’ἰδίωμα</span> <span class='ocrx_word' id='word_1_168' title='bbox 3589 1114 3670 1162; x_wconf 77' lang='grc' dir='ltr'><strong>καὶ</strong></span> <span class='ocrx_word' id='word_1_169' title='bbox 3727 1118 3840 1162; x_wconf 79' lang='grc' dir='ltr'><strong>τοῦτο</strong></span> <span class='ocrx_word' id='word_1_170' title='bbox 3870 1122 3918 1169; x_wconf 70' lang='lat' dir='ltr'>7i;</span> 
     </span>
    </p>
   </div>
   <div class='ocr_carea' id='block_1_27' title="bbox 2449 1200 3916 1274">
    <p class='ocr_par' dir='ltr' id='par_1_27' title="bbox 2449 1200 3916 1274">
     <span class='ocr_line' id='line_1_27' title="bbox 2449 1200 3916 1274; baseline -0.018 1"><span class='ocrx_word' id='word_1_171' title='bbox 2449 1206 2676 1274; x_wconf 61' lang='grc' dir='ltr'>Γραφῆςν</span> <span class='ocrx_word' id='word_1_172' title='bbox 2728 1204 2786 1252; x_wconf 76' lang='grc' dir='ltr'>τὸ</span> <span class='ocrx_word' id='word_1_173' title='bbox 2842 1205 2937 1259; x_wconf 71' lang='grc' dir='ltr'>τὴν</span> <span class='ocrx_word' id='word_1_174' title='bbox 2985 1206 3374 1271; x_wconf 73' lang='grc' dir='ltr'><strong>παραχώρησιν</strong></span> <span class='ocrx_word' id='word_1_175' title='bbox 3425 1208 3515 1251; x_wconf 89' lang='grc' dir='ltr'>τοῦ</span> <span class='ocrx_word' id='word_1_176' title='bbox 3566 1207 3685 1252; x_wconf 86' lang='grc' dir='ltr'><strong>Θεοῦ</strong></span> <span class='ocrx_word' id='word_1_177' title='bbox 3718 1203 3768 1259; x_wconf 81' lang='grc' dir='ltr'>ὡς</span> <span class='ocrx_word' id='word_1_178' title='bbox 3807 1200 3916 1271; x_wconf 58' lang='grc' dir='ltr'><strong>πράξῃ</strong></span> 
     </span>
    </p>
   </div>
   <div class='ocr_carea' id='block_1_28' title="bbox 2449 1288 3917 1361">
    <p class='ocr_par' dir='ltr' id='par_1_28' title="bbox 2449 1288 3917 1361">
     <span class='ocr_line' id='line_1_28' title="bbox 2449 1288 3917 1361; baseline -0.001 -20"><span class='ocrx_word' id='word_1_179' title='bbox 2449 1290 2607 1342; x_wconf 68' lang='grc' dir='ltr'><strong>αὐτοῦ</strong></span> <span class='ocrx_word' id='word_1_180' title='bbox 2650 1289 2831 1361; x_wconf 71' lang='grc' dir='ltr'><strong>λέγειν.</strong></span> <span class='ocrx_word' id='word_1_181' title='bbox 2889 1293 2958 1342; x_wconf 87' lang='grc' dir='ltr'>Τὸ</span> <span class='ocrx_word' id='word_1_182' title='bbox 3011 1292 3110 1361; x_wconf 74' lang='grc' dir='ltr'>γὰρ</span> <span class='ocrx_word' id='word_1_183' title='bbox 3187 1288 3502 1361; x_wconf 74' lang='grc' dir='ltr'>Τετύφλωκε,</span> <span class='ocrx_word' id='word_1_184' title='bbox 3579 1293 3660 1340; x_wconf 81' lang='grc' dir='ltr'><strong>καὶ</strong></span> <span class='ocrx_word' id='word_1_185' title='bbox 3713 1292 3760 1340; x_wconf 85' lang='grc' dir='ltr'>τὸ</span> <span class='ocrx_word' id='word_1_186' title='bbox 3810 1296 3917 1340; x_wconf 53' lang='grc' dir='ltr'><strong>Πιπτέ-</strong></span> 
     </span>
    </p>
   </div>
   <div class='ocr_carea' id='block_1_29' title="bbox 2723 1376 3916 1452">
    <p class='ocr_par' dir='ltr' id='par_1_29' title="bbox 2723 1376 3916 1452">
     <span class='ocr_line' id='line_1_29' title="bbox 2723 1376 3916 1452; baseline -0.004 -22"><span class='ocrx_word' id='word_1_187' title='bbox 2723 1377 2836 1430; x_wconf 80' lang='grc' dir='ltr'><strong>ἁντὶ</strong></span> <span class='ocrx_word' id='word_1_188' title='bbox 2935 1386 3025 1430; x_wconf 90' lang='grc' dir='ltr'>τοῦ</span> <span class='ocrx_word' id='word_1_189' title='bbox 3109 1376 3466 1452; x_wconf 77' lang='grc' dir='ltr'><strong>ῐῖαρεχώρησε</strong></span> <span class='ocrx_word' id='word_1_190' title='bbox 3549 1377 3823 1448; x_wconf 72' lang='grc' dir='ltr'>τυφλωθῆναι</span> <span class='ocrx_word' id='word_1_191' title='bbox 3869 1385 3916 1426; x_wconf 70' lang='lat' dir='ltr'>ut</span> 
     </span>
    </p>
   </div>
   <div class='ocr_carea' id='block_1_30' title="bbox 3219 1463 3916 1540">
    <p class='ocr_par' dir='ltr' id='par_1_30' title="bbox 3219 1463 3916 1540">
     <span class='ocr_line' id='line_1_30' title="bbox 3219 1463 3916 1540; baseline -0.009 -21"><span class='ocrx_word' id='word_1_192' title='bbox 3219 1481 3235 1496; x_wconf 85' lang='grc'>⁶</span> <span class='ocrx_word' id='word_1_193' title='bbox 3291 1464 3480 1519; x_wconf 70' lang='grc' dir='ltr'><strong>οὐδένα</strong></span> <span class='ocrx_word' id='word_1_194' title='bbox 3530 1469 3625 1540; x_wconf 71' lang='grc' dir='ltr'>γὰρ</span> <span class='ocrx_word' id='word_1_195' title='bbox 3662 1465 3835 1518; x_wconf 75' lang='grc' dir='ltr'><strong>ἁνθελιιι</strong></span> <span class='ocrx_word' id='word_1_196' title='bbox 3870 1463 3916 1515; x_wconf 60' lang='grc' dir='ltr'>διὰ</span> 
     </span>
    </p>
   </div>
   <div class='ocr_carea' id='block_1_31' title="bbox 2447 1398 2628 1454">
    <p class='ocr_par' dir='ltr' id='par_1_31' title="bbox 2447 1398 2628 1454">
     <span class='ocr_line' id='line_1_31' title="bbox 2447 1398 2628 1454; baseline -0.011 -24"><span class='ocrx_word' id='word_1_197' title='bbox 2447 1398 2628 1454; x_wconf 84' lang='grc' dir='ltr'><strong>ρωκεν,</strong></span> 
     </span>
    </p>
   </div>
   <div class='ocr_carea' id='block_1_32' title="bbox 2447 1465 3148 1538">
    <p class='ocr_par' dir='ltr' id='par_1_32' title="bbox 2447 1465 3148 1538">
     <span class='ocr_line' id='line_1_32' title="bbox 2447 1465 3148 1538; baseline -0.001 -19"><span class='ocrx_word' id='word_1_198' title='bbox 2447 1488 2602 1538; x_wconf 86' lang='grc' dir='ltr'><strong>πωρω</strong></span> <span class='ocrx_word' id='word_1_199' title='bbox 2611 1470 2760 1526; x_wconf 78' lang='grc' dir='ltr'><strong>θῆναι</strong></span> <span class='ocrx_word' id='word_1_200' title='bbox 2818 1471 2881 1527; x_wconf 85' lang='grc' dir='ltr'>ὡς</span> <span class='ocrx_word' id='word_1_201' title='bbox 2931 1465 3148 1519; x_wconf 72' lang='grc' dir='ltr'><strong>ἀνιάτων</strong></span> 
     </span>
    </p>
   </div>
   <div class='ocr_carea' id='block_1_33' title="bbox 2449 1555 3914 1619">
    <p class='ocr_par' dir='ltr' id='par_1_33' title="bbox 2449 1555 3914 1619">
     <span class='ocr_line' id='line_1_33' title="bbox 2449 1555 3914 1619; baseline -0.004 -11"><span class='ocrx_word' id='word_1_202' title='bbox 2449 1561 2506 1608; x_wconf 86' lang='grc' dir='ltr'>τὸ</span> <span class='ocrx_word' id='word_1_203' title='bbox 2583 1558 2915 1619; x_wconf 69' lang='grc' dir='ltr'>αὐτεξούσιον</span> <span class='ocrx_word' id='word_1_204' title='bbox 3002 1557 3244 1608; x_wconf 73' lang='grc' dir='ltr'><strong>ἑκάστου.</strong></span> <span class='ocrx_word' id='word_1_205' title='bbox 3308 1561 3552 1609; x_wconf 80' lang='grc' dir='ltr'><strong>Τοιοῦτόν</strong></span> <span class='ocrx_word' id='word_1_206' title='bbox 3607 1555 3704 1607; x_wconf 77' lang='grc' dir='ltr'><strong>ίστι</strong></span> <span class='ocrx_word' id='word_1_207' title='bbox 3755 1563 3818 1605; x_wconf 74' lang='grc' dir='ltr'><strong>καὶ</strong></span> <span class='ocrx_word' id='word_1_208' title='bbox 3859 1560 3914 1603; x_wconf 55' lang='grc' dir='ltr'>τέ’</span> 
     </span>
    </p>
   </div>
   <div class='ocr_carea' id='block_1_34' title="bbox 2451 1641 3914 1719">
    <p class='ocr_par' dir='ltr' id='par_1_34' title="bbox 2451 1641 3914 1719">
     <span class='ocr_line' id='line_1_34' title="bbox 2451 1641 3914 1719; baseline -0.004 -22"><span class='ocrx_word' id='word_1_209' title='bbox 2451 1645 2751 1716; x_wconf 75' lang='grc' dir='ltr'><strong>Σκληρῦτων</strong></span> <span class='ocrx_word' id='word_1_210' title='bbox 2840 1646 3111 1719; x_wconf 69' lang='grc' dir='ltr'><strong>σκληρυνῶ</strong></span> <span class='ocrx_word' id='word_1_211' title='bbox 3196 1651 3287 1702; x_wconf 82' lang='grc' dir='ltr'><strong>τὴν</strong></span> <span class='ocrx_word' id='word_1_212' title='bbox 3367 1641 3592 1718; x_wconf 80' lang='grc' dir='ltr'><strong>καρδίαν</strong></span> <span class='ocrx_word' id='word_1_213' title='bbox 3649 1650 3796 1714; x_wconf 63' lang='grc' dir='ltr'><strong>Φαραὼ</strong></span> <span class='ocrx_word' id='word_1_214' title='bbox 3829 1660 3838 1670; x_wconf 90' lang='grc'><strong>·</strong></span> <span class='ocrx_word' id='word_1_215' title='bbox 3872 1664 3914 1692; x_wconf 67' lang='grc' dir='ltr'><strong>ιε</strong></span> 
     </span>
    </p>
   </div>
   <div class='ocr_carea' id='block_1_35' title="bbox 2449 1729 3914 1807">
    <p class='ocr_par' dir='ltr' id='par_1_35' title="bbox 2449 1729 3914 1807">
     <span class='ocr_line' id='line_1_35' title="bbox 2449 1729 3914 1807; baseline -0.006 -18"><span class='ocrx_word' id='word_1_216' title='bbox 2449 1738 2526 1804; x_wconf 84' lang='grc' dir='ltr'>τὸ,</span> <span class='ocrx_word' id='word_1_217' title='bbox 2572 1735 2853 1797; x_wconf 75' lang='grc' dir='ltr'><strong>Ἐξίκλινας</strong></span> <span class='ocrx_word' id='word_1_218' title='bbox 2896 1737 2988 1795; x_wconf 79' lang='grc' dir='ltr'>τὰς</span> <span class='ocrx_word' id='word_1_219' title='bbox 3033 1733 3240 1807; x_wconf 79' lang='grc' dir='ltr'><strong>τρίϐους</strong></span> <span class='ocrx_word' id='word_1_220' title='bbox 3293 1736 3438 1805; x_wconf 69' lang='grc' dir='ltr'><strong>ἡμῶν</strong></span> <span class='ocrx_word' id='word_1_221' title='bbox 3489 1732 3586 1786; x_wconf 67' lang='grc' dir='ltr'><strong>ἀπὸ</strong></span> <span class='ocrx_word' id='word_1_222' title='bbox 3623 1729 3819 1792; x_wconf 79' lang='grc' dir='ltr'>τῆςὸδοῦ</span> <span class='ocrx_word' id='word_1_223' title='bbox 3838 1750 3914 1782; x_wconf 62' lang='grc' dir='ltr'><strong>σπι</strong></span> 
     </span>
    </p>
   </div>
   <div class='ocr_carea' id='block_1_36' title="bbox 680 1816 2290 1904">
    <p class='ocr_par' dir='ltr' id='par_1_36' title="bbox 680 1829 2290 1904">
     <span class='ocr_line' id='line_1_36' title="bbox 680 1829 2290 1904; baseline 0.001 -20"><span class='ocrx_word' id='word_1_224' title='bbox 680 1829 1026 1899; x_wconf 83' lang='lat' dir='ltr'>rarefeeisti</span> <span class='ocrx_word' id='word_1_225' title='bbox 1052 1846 1176 1895; x_wconf 88' lang='lat' dir='ltr'>nos,</span> <span class='ocrx_word' id='word_1_226' title='bbox 1207 1832 1456 1895; x_wconf 73' lang='lat' dir='ltr'>Domine,</span> <span class='ocrx_word' id='word_1_227' title='bbox 1481 1834 1753 1887; x_wconf 86' lang='lat' dir='ltr'>aviatua</span> <span class='ocrx_word' id='word_1_228' title='bbox 1784 1833 1828 1866; x_wconf 78' lang='lat'>“</span> <span class='ocrx_word' id='word_1_229' title='bbox 1850 1851 1862 1899; x_wconf 87' lang='lat'><strong>;</strong></span> <span class='ocrx_word' id='word_1_230' title='bbox 1884 1832 2290 1904; x_wconf 85' lang='lat' dir='ltr'>frequentiaqu</span> 
     </span>
    </p>
   </div>
   <div class='ocr_carea' id='block_1_37' title="bbox 2302 1816 3912 1904">
    <p class='ocr_par' dir='ltr' id='par_1_37' title="bbox 2306 1816 3912 1896">
     <span class='ocr_line' id='line_1_37' title="bbox 2306 1816 3912 1896; baseline -0.005 -20"><span class='ocrx_word' id='word_1_231' title='bbox 2306 1848 2335 1887; x_wconf 83' lang='lat' dir='ltr'>e</span> <span class='ocrx_word' id='word_1_232' title='bbox 2375 1843 2413 1896; x_wconf 74' lang='grc' dir='ltr'><strong>Β</strong></span> <span class='ocrx_word' id='word_1_233' title='bbox 2448 1829 2638 1888; x_wconf 77' lang='grc' dir='ltr'><strong>καὶτὸ,</strong></span> <span class='ocrx_word' id='word_1_234' title='bbox 2666 1824 2996 1885; x_wconf 76' lang='grc' dir='ltr'><strong>Ἐπλάνησας</strong></span> <span class='ocrx_word' id='word_1_235' title='bbox 3036 1827 3194 1894; x_wconf 73' lang='grc' dir='ltr'>ἡμᾶς,</span> <span class='ocrx_word' id='word_1_236' title='bbox 3252 1827 3407 1892; x_wconf 78' lang='grc' dir='ltr'><strong>Κύριε</strong></span> <span class='ocrx_word' id='word_1_237' title='bbox 3458 1824 3592 1892; x_wconf 77' lang='grc'>(81),</span> <span class='ocrx_word' id='word_1_238' title='bbox 3634 1821 3719 1873; x_wconf 72' lang='grc' dir='ltr'>ἀπὸ</span> <span class='ocrx_word' id='word_1_239' title='bbox 3751 1829 3820 1881; x_wconf 72' lang='grc' dir='ltr'>τῆς</span> <span class='ocrx_word' id='word_1_240' title='bbox 3846 1816 3912 1870; x_wconf 60' lang='grc' dir='ltr'><strong>ιδιά</strong></span> 
     </span>
    </p>
   </div>
   <div class='ocr_carea' id='block_1_38' title="bbox 681 1918 2223 1990">
    <p class='ocr_par' dir='ltr' id='par_1_38' title="bbox 681 1918 2223 1990">
     <span class='ocr_line' id='line_1_38' title="bbox 681 1918 2223 1990; baseline 0.003 -18"><span class='ocrx_word' id='word_1_241' title='bbox 681 1918 1186 1990; x_wconf 89' lang='lat' dir='ltr'>sunthujusmodi</span> <span class='ocrx_word' id='word_1_242' title='bbox 1218 1920 1277 1974; x_wconf 89' lang='lat' dir='ltr'>in</span> <span class='ocrx_word' id='word_1_243' title='bbox 1311 1920 1497 1976; x_wconf 85' lang='lat' dir='ltr'>Veteri</span> <span class='ocrx_word' id='word_1_244' title='bbox 1521 1923 1890 1977; x_wconf 85' lang='lat' dir='ltr'>Testamento</span> <span class='ocrx_word' id='word_1_245' title='bbox 1922 1920 2223 1976; x_wconf 85' lang='lat' dir='ltr'>idiomata.</span> 
     </span>
    </p>
   </div>
   <div class='ocr_carea' id='block_1_39' title="bbox 745 2095 2333 2170">
    <p class='ocr_par' dir='ltr' id='par_1_39' title="bbox 745 2095 2333 2170">
     <span class='ocr_line' id='line_1_39' title="bbox 745 2095 2333 2170; baseline 0.001 -19"><span class='ocrx_word' id='word_1_246' title='bbox 745 2095 879 2152; x_wconf 84' lang='lat' dir='ltr'>Tale</span> <span class='ocrx_word' id='word_1_247' title='bbox 923 2112 1161 2169; x_wconf 92' lang='lat' dir='ltr'>quoque</span> <span class='ocrx_word' id='word_1_248' title='bbox 1214 2102 1321 2160; x_wconf 89' lang='lat' dir='ltr'>est,</span> <span class='ocrx_word' id='word_1_249' title='bbox 1375 2097 1539 2170; x_wconf 88' lang='lat' dir='ltr'>quod</span> <span class='ocrx_word' id='word_1_250' title='bbox 1589 2098 1751 2169; x_wconf 89' lang='lat' dir='ltr'>apud</span> <span class='ocrx_word' id='word_1_251' title='bbox 1797 2098 2040 2154; x_wconf 87' lang='lat' dir='ltr'>Paulum</span> <span class='ocrx_word' id='word_1_252' title='bbox 2082 2098 2333 2154; x_wconf 91' lang='lat' dir='ltr'>dicitur:</span> 
     </span>
    </p>
   </div>
   <div class='ocr_carea' id='block_1_40' title="bbox 692 2185 2338 2259">
    <p class='ocr_par' dir='ltr' id='par_1_40' title="bbox 692 2185 2338 2259">
     <span class='ocr_line' id='line_1_40' title="bbox 692 2185 2338 2259; baseline 0.002 -20"><span class='ocrx_word' id='word_1_253' title='bbox 692 2185 960 2241; x_wconf 82' lang='lat' dir='ltr'>Tradidit</span> <span class='ocrx_word' id='word_1_254' title='bbox 984 2187 1119 2243; x_wconf 80' lang='lat' dir='ltr'>illos</span> <span class='ocrx_word' id='word_1_255' title='bbox 1139 2189 1287 2243; x_wconf 81' lang='lat' dir='ltr'>Deus</span> <span class='ocrx_word' id='word_1_256' title='bbox 1310 2188 1371 2243; x_wconf 92' lang='lat' dir='ltr'>in</span> <span class='ocrx_word' id='word_1_257' title='bbox 1404 2187 1710 2259; x_wconf 80' lang='lat' dir='ltr'>reprobum</span> <span class='ocrx_word' id='word_1_258' title='bbox 1731 2204 1959 2244; x_wconf 82' lang='lat' dir='ltr'>sensum</span> <span class='ocrx_word' id='word_1_259' title='bbox 1983 2191 2050 2253; x_wconf 78' lang='grc'>⁵³,</span> <span class='ocrx_word' id='word_1_260' title='bbox 2072 2193 2159 2244; x_wconf 88' lang='lat' dir='ltr'>et:</span> <span class='ocrx_word' id='word_1_261' title='bbox 2196 2190 2338 2243; x_wconf 85' lang='lat' dir='ltr'>Tra-</span> 
     </span>
    </p>
   </div>
   <div class='ocr_carea' id='block_1_41' title="bbox 675 2273 2339 2346">
    <p class='ocr_par' dir='ltr' id='par_1_41' title="bbox 675 2273 2339 2346">
     <span class='ocr_line' id='line_1_41' title="bbox 675 2273 2339 2346; baseline 0.002 -19"><span class='ocrx_word' id='word_1_262' title='bbox 675 2273 826 2330; x_wconf 80' lang='lat' dir='ltr'>didit</span> <span class='ocrx_word' id='word_1_263' title='bbox 878 2277 1015 2332; x_wconf 80' lang='lat' dir='ltr'>illos</span> <span class='ocrx_word' id='word_1_264' title='bbox 1059 2279 1119 2332; x_wconf 90' lang='lat' dir='ltr'>in</span> <span class='ocrx_word' id='word_1_265' title='bbox 1174 2278 1498 2346; x_wconf 71' lang='lat' dir='ltr'>directiones</span> <span class='ocrx_word' id='word_1_266' title='bbox 1550 2279 1890 2346; x_wconf 77' lang='lat' dir='ltr'>ignominiae</span> <span class='ocrx_word' id='word_1_267' title='bbox 1915 2280 1982 2332; x_wconf 84' lang='grc'>⁵¹.</span> <span class='ocrx_word' id='word_1_268' title='bbox 2015 2278 2157 2333; x_wconf 87' lang='lat' dir='ltr'>Nam</span> <span class='ocrx_word' id='word_1_269' title='bbox 2187 2279 2339 2332; x_wconf 88' lang='lat' dir='ltr'>Deus</span> 
     </span>
    </p>
   </div>
   <div class='ocr_carea' id='block_1_42' title="bbox 677 2365 2337 2440">
    <p class='ocr_par' dir='ltr' id='par_1_42' title="bbox 677 2365 2337 2440">
     <span class='ocr_line' id='line_1_42' title="bbox 677 2365 2337 2440; baseline 0.004 -23"><span class='ocrx_word' id='word_1_270' title='bbox 677 2378 797 2418; x_wconf 90' lang='lat' dir='ltr'>non</span> <span class='ocrx_word' id='word_1_271' title='bbox 818 2365 1011 2421; x_wconf 82' lang='lat' dir='ltr'>solum</span> <span class='ocrx_word' id='word_1_272' title='bbox 1049 2367 1271 2422; x_wconf 87' lang='lat' dir='ltr'>nemini</span> <span class='ocrx_word' id='word_1_273' title='bbox 1299 2367 1412 2422; x_wconf 89' lang='lat' dir='ltr'>hoc</span> <span class='ocrx_word' id='word_1_274' title='bbox 1436 2366 1592 2433; x_wconf 82' lang='lat' dir='ltr'>facit,</span> <span class='ocrx_word' id='word_1_275' title='bbox 1624 2366 1727 2421; x_wconf 91' lang='lat' dir='ltr'>sed</span> <span class='ocrx_word' id='word_1_276' title='bbox 1770 2383 1877 2421; x_wconf 89' lang='lat' dir='ltr'>nec</span> <span class='ocrx_word' id='word_1_277' title='bbox 1905 2367 2200 2440; x_wconf 83' lang='lat' dir='ltr'>relinquit,</span> <span class='ocrx_word' id='word_1_278' title='bbox 2226 2367 2337 2424; x_wconf 92' lang='lat' dir='ltr'>nisi</span> 
     </span>
    </p>
   </div>
   <div class='ocr_carea' id='block_1_43' title="bbox 675 2455 2342 2528">
    <p class='ocr_par' dir='ltr' id='par_1_43' title="bbox 675 2455 2342 2528">
     <span class='ocr_line' id='line_1_43' title="bbox 675 2455 2342 2528; baseline 0.002 -21"><span class='ocrx_word' id='word_1_279' title='bbox 675 2467 810 2509; x_wconf 93' lang='lat' dir='ltr'>eum</span> <span class='ocrx_word' id='word_1_280' title='bbox 846 2455 1274 2528; x_wconf 86' lang='lat' dir='ltr'>relinquamus.</span> <span class='ocrx_word' id='word_1_281' title='bbox 1309 2457 1398 2511; x_wconf 84' lang='lat' dir='ltr'>Ait</span> <span class='ocrx_word' id='word_1_282' title='bbox 1431 2473 1691 2528; x_wconf 88' lang='lat' dir='ltr'>namque</span> <span class='ocrx_word' id='word_1_283' title='bbox 1718 2473 1729 2510; x_wconf 90' lang='lat'><strong>:</strong></span> <span class='ocrx_word' id='word_1_284' title='bbox 1757 2457 2004 2513; x_wconf 80' lang='lat' dir='ltr'>Peccata</span> <span class='ocrx_word' id='word_1_285' title='bbox 2034 2464 2226 2513; x_wconf 83' lang='lat' dir='ltr'>vestra</span> <span class='ocrx_word' id='word_1_286' title='bbox 2248 2457 2342 2511; x_wconf 89' lang='lat' dir='ltr'>di-</span> 
     </span>
    </p>
   </div>
   <div class='ocr_carea' id='block_1_44' title="bbox 677 2544 2342 2619">
    <p class='ocr_par' dir='ltr' id='par_1_44' title="bbox 677 2544 2342 2619">
     <span class='ocr_line' id='line_1_44' title="bbox 677 2544 2342 2619; baseline 0.001 -20"><span class='ocrx_word' id='word_1_287' title='bbox 677 2544 953 2600; x_wconf 86' lang='lat' dir='ltr'>visionem</span> <span class='ocrx_word' id='word_1_288' title='bbox 972 2545 1210 2614; x_wconf 85' lang='lat' dir='ltr'>faciunt</span> <span class='ocrx_word' id='word_1_289' title='bbox 1243 2547 1393 2601; x_wconf 83' lang='lat' dir='ltr'>inter</span> <span class='ocrx_word' id='word_1_290' title='bbox 1423 2561 1512 2600; x_wconf 90' lang='lat' dir='ltr'>me</span> <span class='ocrx_word' id='word_1_291' title='bbox 1539 2553 1590 2602; x_wconf 88' lang='lat' dir='ltr'>et</span> <span class='ocrx_word' id='word_1_292' title='bbox 1621 2562 1718 2601; x_wconf 89' lang='lat' dir='ltr'>vos</span> <span class='ocrx_word' id='word_1_293' title='bbox 1746 2549 1813 2598; x_wconf 81' lang='lat'>&quot;.</span> <span class='ocrx_word' id='word_1_294' title='bbox 1845 2547 2223 2619; x_wconf 83' lang='lat' dir='ltr'>Rursumque</span> <span class='ocrx_word' id='word_1_295' title='bbox 2256 2547 2342 2600; x_wconf 85' lang='lat' dir='ltr'>di-</span> 
     </span>
    </p>
   </div>
   <div class='ocr_carea' id='block_1_45' title="bbox 676 2634 2333 2705">
    <p class='ocr_par' dir='ltr' id='par_1_45' title="bbox 676 2634 2333 2705">
     <span class='ocr_line' id='line_1_45' title="bbox 676 2634 2333 2705; baseline 0.002 -17"><span class='ocrx_word' id='word_1_296' title='bbox 676 2635 752 2688; x_wconf 88' lang='lat' dir='ltr'>cit</span> <span class='ocrx_word' id='word_1_297' title='bbox 784 2657 797 2688; x_wconf 85' lang='lat'><strong>:</strong></span> <span class='ocrx_word' id='word_1_298' title='bbox 846 2634 1142 2702; x_wconf 87' lang='lat' dir='ltr'>Ignorasti</span> <span class='ocrx_word' id='word_1_299' title='bbox 1169 2636 1343 2704; x_wconf 82' lang='lat' dir='ltr'>legem</span> <span class='ocrx_word' id='word_1_300' title='bbox 1379 2636 1483 2690; x_wconf 85' lang='lat' dir='ltr'>Dei</span> <span class='ocrx_word' id='word_1_301' title='bbox 1508 2636 1613 2700; x_wconf 83' lang='lat' dir='ltr'>tui,</span> <span class='ocrx_word' id='word_1_302' title='bbox 1647 2637 1934 2704; x_wconf 85' lang='lat' dir='ltr'>ignorabo</span> <span class='ocrx_word' id='word_1_303' title='bbox 1956 2643 2006 2690; x_wconf 81' lang='lat' dir='ltr'>et</span> <span class='ocrx_word' id='word_1_304' title='bbox 2035 2653 2137 2705; x_wconf 86' lang='lat' dir='ltr'>ego</span> <span class='ocrx_word' id='word_1_305' title='bbox 2179 2644 2234 2692; x_wconf 90' lang='lat' dir='ltr'>te</span> <span class='ocrx_word' id='word_1_306' title='bbox 2264 2638 2333 2691; x_wconf 79' lang='grc'>⁵³.</span> 
     </span>
    </p>
   </div>
   <div class='ocr_carea' id='block_1_46' title="bbox 675 2723 2338 2795">
    <p class='ocr_par' dir='ltr' id='par_1_46' title="bbox 675 2723 2338 2795">
     <span class='ocr_line' id='line_1_46' title="bbox 675 2723 2338 2795; baseline 0.002 -18"><span class='ocrx_word' id='word_1_307' title='bbox 675 2725 740 2778; x_wconf 84' lang='lat' dir='ltr'>Et</span> <span class='ocrx_word' id='word_1_308' title='bbox 766 2723 948 2778; x_wconf 89' lang='lat' dir='ltr'>David</span> <span class='ocrx_word' id='word_1_309' title='bbox 980 2741 991 2777; x_wconf 92' lang='lat'>:</span> <span class='ocrx_word' id='word_1_310' title='bbox 1016 2725 1179 2792; x_wconf 79' lang='lat' dir='ltr'>Ecce,</span> <span class='ocrx_word' id='word_1_311' title='bbox 1203 2726 1307 2795; x_wconf 82' lang='lat' dir='ltr'>qui</span> <span class='ocrx_word' id='word_1_312' title='bbox 1334 2725 2124 2794; x_wconf 83' lang='lat' dir='ltr'>etongantseate,peribunt</span> <span class='ocrx_word' id='word_1_313' title='bbox 2154 2727 2221 2779; x_wconf 76' lang='grc'>⁵⁸.</span> <span class='ocrx_word' id='word_1_314' title='bbox 2250 2726 2338 2780; x_wconf 80' lang='lat' dir='ltr'>Ad</span> 
     </span>
    </p>
   </div>
   <div class='ocr_carea' id='block_1_47' title="bbox 674 2810 2338 2883">
    <p class='ocr_par' dir='ltr' id='par_1_47' title="bbox 674 2810 2338 2883">
     <span class='ocr_line' id='line_1_47' title="bbox 674 2810 2338 2883; baseline 0.002 -17"><span class='ocrx_word' id='word_1_315' title='bbox 674 2810 804 2866; x_wconf 67' lang='lat' dir='ltr'>haec</span> <span class='ocrx_word' id='word_1_316' title='bbox 817 2811 1083 2867; x_wconf 88' lang='lat' dir='ltr'>Salvator</span> <span class='ocrx_word' id='word_1_317' title='bbox 1098 2813 1221 2883; x_wconf 91' lang='lat' dir='ltr'>ipse</span> <span class='ocrx_word' id='word_1_318' title='bbox 1236 2813 1288 2866; x_wconf 92' lang='lat' dir='ltr'>in</span> <span class='ocrx_word' id='word_1_319' title='bbox 1305 2813 1633 2881; x_wconf 81' lang='lat' dir='ltr'>Evangeliis</span> <span class='ocrx_word' id='word_1_320' title='bbox 1649 2814 1722 2868; x_wconf 90' lang='lat' dir='ltr'>ad</span> <span class='ocrx_word' id='word_1_321' title='bbox 1736 2813 2056 2869; x_wconf 83' lang='lat' dir='ltr'>Jerusalem</span> <span class='ocrx_word' id='word_1_322' title='bbox 2078 2830 2088 2867; x_wconf 91' lang='lat'><strong>:</strong></span> <span class='ocrx_word' id='word_1_323' title='bbox 2109 2815 2338 2880; x_wconf 79' lang='lat' dir='ltr'>Quoties</span> 
     </span>
    </p>
   </div>
   <div class='ocr_carea' id='block_1_48' title="bbox 676 2901 2331 2972">
    <p class='ocr_par' dir='ltr' id='par_1_48' title="bbox 676 2901 2331 2972">
     <span class='ocr_line' id='line_1_48' title="bbox 676 2901 2331 2972; baseline 0.002 -16"><span class='ocrx_word' id='word_1_324' title='bbox 676 2901 839 2956; x_wconf 85' lang='lat' dir='ltr'>votui</span> <span class='ocrx_word' id='word_1_325' title='bbox 858 2916 1216 2972; x_wconf 82' lang='lat' dir='ltr'>congregare</span> <span class='ocrx_word' id='word_1_326' title='bbox 1228 2902 1380 2971; x_wconf 80' lang='lat' dir='ltr'>ﬁlios</span> <span class='ocrx_word' id='word_1_327' title='bbox 1404 2910 1552 2969; x_wconf 85' lang='lat' dir='ltr'>tuos,</span> <span class='ocrx_word' id='word_1_328' title='bbox 1577 2907 1633 2958; x_wconf 91' lang='lat' dir='ltr'>et</span> <span class='ocrx_word' id='word_1_329' title='bbox 1659 2906 1870 2958; x_wconf 67' lang='lat' dir='ltr'>caetera</span> <span class='ocrx_word' id='word_1_330' title='bbox 1889 2909 1942 2959; x_wconf 90' lang='lat' dir='ltr'>et</span> <span class='ocrx_word' id='word_1_331' title='bbox 1964 2904 2233 2960; x_wconf 73' lang='lat' dir='ltr'>noluistis</span> <span class='ocrx_word' id='word_1_332' title='bbox 2263 2906 2331 2959; x_wconf 82' lang='lat'>&quot;.</span> 
     </span>
    </p>
   </div>
   <div class='ocr_carea' id='block_1_49' title="bbox 746 3153 2334 3219">
    <p class='ocr_par' dir='ltr' id='par_1_49' title="bbox 746 3153 2334 3219">
     <span class='ocr_line' id='line_1_49' title="bbox 746 3153 2334 3219; baseline 0.004 -12"><span class='ocrx_word' id='word_1_333' title='bbox 746 3153 914 3208; x_wconf 90' lang='lat' dir='ltr'>Vers.</span> <span class='ocrx_word' id='word_1_334' title='bbox 944 3155 1031 3209; x_wconf 74' lang='grc'>40.</span> <span class='ocrx_word' id='word_1_335' title='bbox 1079 3154 1155 3210; x_wconf 85' lang='lat' dir='ltr'>Ut</span> <span class='ocrx_word' id='word_1_336' title='bbox 1195 3184 1261 3193; x_wconf 98' lang='lat'><em>—</em></span> <span class='ocrx_word' id='word_1_337' title='bbox 1293 3168 1405 3209; x_wconf 88' lang='lat' dir='ltr'>eos.</span> <span class='ocrx_word' id='word_1_338' title='bbox 1446 3155 1703 3210; x_wconf 81' lang='lat' dir='ltr'>Rursum</span> <span class='ocrx_word' id='word_1_339' title='bbox 1739 3155 1832 3219; x_wconf 90' lang='lat' dir='ltr'>Ut,</span> <span class='ocrx_word' id='word_1_340' title='bbox 1858 3171 1978 3211; x_wconf 91' lang='lat' dir='ltr'>non</span> <span class='ocrx_word' id='word_1_341' title='bbox 2011 3161 2098 3212; x_wconf 88' lang='lat' dir='ltr'>est</span> <span class='ocrx_word' id='word_1_342' title='bbox 2138 3171 2334 3214; x_wconf 64' lang='lat' dir='ltr'>causa</span> 
     </span>
    </p>
   </div>
   <div class='ocr_carea' id='block_1_50' title="bbox 673 3241 2336 3318">
    <p class='ocr_par' dir='ltr' id='par_1_50' title="bbox 673 3241 2336 3318">
     <span class='ocr_line' id='line_1_50' title="bbox 673 3241 2336 3318; baseline 0.002 -21"><span class='ocrx_word' id='word_1_343' title='bbox 673 3241 1054 3306; x_wconf 88' lang='lat' dir='ltr'>redditivum,</span> <span class='ocrx_word' id='word_1_344' title='bbox 1082 3242 1188 3297; x_wconf 89' lang='lat' dir='ltr'>sed</span> <span class='ocrx_word' id='word_1_345' title='bbox 1216 3241 1394 3299; x_wconf 81' lang='lat' dir='ltr'>futuri</span> <span class='ocrx_word' id='word_1_346' title='bbox 1438 3241 1978 3300; x_wconf 87' lang='lat' dir='ltr'>demonstrativum</span> <span class='ocrx_word' id='word_1_347' title='bbox 2025 3247 2162 3316; x_wconf 87' lang='lat' dir='ltr'>(gg),</span> <span class='ocrx_word' id='word_1_348' title='bbox 2193 3245 2336 3318; x_wconf 86' lang='lat' dir='ltr'>quia</span> 
     </span>
    </p>
   </div>
   <div class='ocr_carea' id='block_1_51' title="bbox 673 3329 2332 3402">
    <p class='ocr_par' dir='ltr' id='par_1_51' title="bbox 673 3329 2332 3402">
     <span class='ocr_line' id='line_1_51' title="bbox 673 3329 2332 3402; baseline 0.002 -16"><span class='ocrx_word' id='word_1_349' title='bbox 673 3329 940 3387; x_wconf 77' lang='lat' dir='ltr'>futurum</span> <span class='ocrx_word' id='word_1_350' title='bbox 967 3337 1110 3402; x_wconf 86' lang='lat' dir='ltr'>erat,</span> <span class='ocrx_word' id='word_1_351' title='bbox 1145 3333 1413 3388; x_wconf 88' lang='lat' dir='ltr'>utoculis</span> <span class='ocrx_word' id='word_1_352' title='bbox 1453 3349 1571 3389; x_wconf 92' lang='lat' dir='ltr'>non</span> <span class='ocrx_word' id='word_1_353' title='bbox 1604 3334 1886 3397; x_wconf 88' lang='lat' dir='ltr'>viderent,</span> <span class='ocrx_word' id='word_1_354' title='bbox 1915 3341 1969 3390; x_wconf 88' lang='lat' dir='ltr'>et</span> <span class='ocrx_word' id='word_1_355' title='bbox 1997 3335 2175 3390; x_wconf 87' lang='lat' dir='ltr'>corde</span> <span class='ocrx_word' id='word_1_356' title='bbox 2214 3351 2332 3390; x_wconf 92' lang='lat' dir='ltr'>non</span> 
     </span>
    </p>
   </div>
   <div class='ocr_carea' id='block_1_52' title="bbox 673 3420 2335 3495">
    <p class='ocr_par' dir='ltr' id='par_1_52' title="bbox 673 3420 2335 3495">
     <span class='ocr_line' id='line_1_52' title="bbox 673 3420 2335 3495; baseline 0.002 -19"><span class='ocrx_word' id='word_1_357' title='bbox 673 3420 1296 3495; x_wconf 81' lang='lat' dir='ltr'>intelligerent,neque</span> <span class='ocrx_word' id='word_1_358' title='bbox 1325 3429 1826 3489; x_wconf 85' lang='lat' dir='ltr'>converterentur,</span> <span class='ocrx_word' id='word_1_359' title='bbox 1863 3440 1958 3479; x_wconf 89' lang='lat' dir='ltr'>sec</span> <span class='ocrx_word' id='word_1_360' title='bbox 1981 3430 2335 3480; x_wconf 84' lang='lat' dir='ltr'>sanarentur</span> 
     </span>
    </p>
   </div>
   <div class='ocr_carea' id='block_1_53' title="bbox 677 3510 2331 3570">
    <p class='ocr_par' dir='ltr' id='par_1_53' title="bbox 677 3510 2331 3570">
     <span class='ocr_line' id='line_1_53' title="bbox 677 3510 2331 3570; baseline 0.002 -5"><span class='ocrx_word' id='word_1_361' title='bbox 677 3510 892 3566; x_wconf 90' lang='lat' dir='ltr'>Oculos</span> <span class='ocrx_word' id='word_1_362' title='bbox 915 3517 1114 3566; x_wconf 86' lang='lat' dir='ltr'>autem</span> <span class='ocrx_word' id='word_1_363' title='bbox 1147 3511 1288 3567; x_wconf 90' lang='lat' dir='ltr'>dicit</span> <span class='ocrx_word' id='word_1_364' title='bbox 1319 3512 1744 3568; x_wconf 88' lang='lat' dir='ltr'>intellectuales</span> <span class='ocrx_word' id='word_1_365' title='bbox 1779 3530 1790 3568; x_wconf 90' lang='lat'>:</span> <span class='ocrx_word' id='word_1_366' title='bbox 1834 3530 1972 3569; x_wconf 89' lang='lat' dir='ltr'>nam</span> <span class='ocrx_word' id='word_1_367' title='bbox 2001 3514 2186 3570; x_wconf 90' lang='lat' dir='ltr'>oculis</span> <span class='ocrx_word' id='word_1_368' title='bbox 2213 3530 2331 3570; x_wconf 90' lang='lat' dir='ltr'>non</span> 
     </span>
    </p>
   </div>
   <div class='ocr_carea' id='block_1_54' title="bbox 674 3599 2336 3674">
    <p class='ocr_par' dir='ltr' id='par_1_54' title="bbox 674 3599 2336 3674">
     <span class='ocr_line' id='line_1_54' title="bbox 674 3599 2336 3674; baseline 0.004 -20"><span class='ocrx_word' id='word_1_369' title='bbox 674 3599 896 3666; x_wconf 81' lang='lat' dir='ltr'>videre,</span> <span class='ocrx_word' id='word_1_370' title='bbox 929 3600 1264 3657; x_wconf 87' lang='lat' dir='ltr'>declaratur</span> <span class='ocrx_word' id='word_1_371' title='bbox 1290 3618 1394 3673; x_wconf 78' lang='lat' dir='ltr'>per</span> <span class='ocrx_word' id='word_1_372' title='bbox 1436 3602 1495 3657; x_wconf 93' lang='lat' dir='ltr'>id</span> <span class='ocrx_word' id='word_1_373' title='bbox 1544 3603 1709 3674; x_wconf 88' lang='lat' dir='ltr'>quod</span> <span class='ocrx_word' id='word_1_374' title='bbox 1764 3603 2033 3659; x_wconf 91' lang='lat' dir='ltr'>subditur</span> <span class='ocrx_word' id='word_1_375' title='bbox 2074 3621 2086 3658; x_wconf 92' lang='lat'>:</span> <span class='ocrx_word' id='word_1_376' title='bbox 2145 3605 2336 3661; x_wconf 84' lang='lat' dir='ltr'>Corde</span> 
     </span>
    </p>
   </div>
   <div class='ocr_carea' id='block_1_55' title="bbox 676 3691 1169 3761">
    <p class='ocr_par' dir='ltr' id='par_1_55' title="bbox 676 3691 1169 3761">
     <span class='ocr_line' id='line_1_55' title="bbox 676 3691 1169 3761; baseline -0.006 -16"><span class='ocrx_word' id='word_1_377' title='bbox 676 3705 796 3745; x_wconf 91' lang='lat' dir='ltr'>non</span> <span class='ocrx_word' id='word_1_378' title='bbox 823 3691 1169 3761; x_wconf 82' lang='lat' dir='ltr'>intelligere.</span> 
     </span>
    </p>
   </div>
   <div class='ocr_carea' id='block_1_56' title="bbox 751 3779 2334 3838">
    <p class='ocr_par' dir='ltr' id='par_1_56' title="bbox 751 3779 2334 3838">
     <span class='ocr_line' id='line_1_56' title="bbox 751 3779 2334 3838; baseline 0.003 -5"><span class='ocrx_word' id='word_1_379' title='bbox 751 3782 882 3833; x_wconf 63' lang='lat' dir='ltr'>Haec</span> <span class='ocrx_word' id='word_1_380' title='bbox 913 3784 1114 3834; x_wconf 89' lang='lat' dir='ltr'>tamen</span> <span class='ocrx_word' id='word_1_381' title='bbox 1161 3779 1333 3834; x_wconf 84' lang='lat' dir='ltr'>verba</span> <span class='ocrx_word' id='word_1_382' title='bbox 1376 3780 1494 3836; x_wconf 91' lang='lat' dir='ltr'>alio</span> <span class='ocrx_word' id='word_1_383' title='bbox 1535 3781 1715 3836; x_wconf 92' lang='lat' dir='ltr'>modo</span> <span class='ocrx_word' id='word_1_384' title='bbox 1753 3781 2054 3838; x_wconf 85' lang='lat' dir='ltr'>declarata</span> <span class='ocrx_word' id='word_1_385' title='bbox 2117 3783 2334 3838; x_wconf 91' lang='lat' dir='ltr'>suntin</span> 
     </span>
    </p>
   </div>
   <div class='ocr_carea' id='block_1_57' title="bbox 679 3867 2224 3942">
    <p class='ocr_par' dir='ltr' id='par_1_57' title="bbox 679 3867 2224 3942">
     <span class='ocr_line' id='line_1_57' title="bbox 679 3867 2224 3942; baseline 0 -19"><span class='ocrx_word' id='word_1_386' title='bbox 679 3867 997 3936; x_wconf 79' lang='lat' dir='ltr'>Evangelia</span> <span class='ocrx_word' id='word_1_387' title='bbox 1031 3869 1193 3938; x_wconf 83' lang='lat' dir='ltr'>iuxta</span> <span class='ocrx_word' id='word_1_388' title='bbox 1214 3869 1574 3936; x_wconf 69' lang='lat' dir='ltr'>Matthmum,</span> <span class='ocrx_word' id='word_1_389' title='bbox 1617 3871 1732 3926; x_wconf 91' lang='lat' dir='ltr'>alio</span> <span class='ocrx_word' id='word_1_390' title='bbox 1755 3872 1912 3927; x_wconf 88' lang='lat' dir='ltr'>dicta</span> <span class='ocrx_word' id='word_1_391' title='bbox 1940 3878 2224 3942; x_wconf 87' lang='lat' dir='ltr'>tempore.</span> 
     </span>
    </p>
   </div>
   <div class='ocr_carea' id='block_1_58' title="bbox 755 3957 2333 4030">
    <p class='ocr_par' dir='ltr' id='par_1_58' title="bbox 755 3957 2333 4030">
     <span class='ocr_line' id='line_1_58' title="bbox 755 3957 2333 4030; baseline 0.003 -19"><span class='ocrx_word' id='word_1_392' title='bbox 755 3957 915 4011; x_wconf 85' lang='lat' dir='ltr'>Vers.</span> <span class='ocrx_word' id='word_1_393' title='bbox 947 3958 1034 4012; x_wconf 75' lang='grc' dir='ltr'><strong>Η.</strong></span> <span class='ocrx_word' id='word_1_394' title='bbox 1068 3957 1207 4014; x_wconf 64' lang='lat' dir='ltr'>Haec</span> <span class='ocrx_word' id='word_1_395' title='bbox 1237 3989 1304 3997; x_wconf 92' lang='lat'>—</span> <span class='ocrx_word' id='word_1_396' title='bbox 1334 3974 1416 4012; x_wconf 81' lang='lat' dir='ltr'>eo.</span> <span class='ocrx_word' id='word_1_397' title='bbox 1447 3960 1583 4014; x_wconf 58' lang='lat' dir='ltr'>Haec</span> <span class='ocrx_word' id='word_1_398' title='bbox 1631 3966 1794 4030; x_wconf 89' lang='lat' dir='ltr'>puta,</span> <span class='ocrx_word' id='word_1_399' title='bbox 1863 3961 1937 4014; x_wconf 89' lang='lat' dir='ltr'>de</span> <span class='ocrx_word' id='word_1_400' title='bbox 1969 3961 2227 4016; x_wconf 63' lang='lat' dir='ltr'>eiecitate</span> <span class='ocrx_word' id='word_1_401' title='bbox 2264 3977 2333 4016; x_wconf 87' lang='lat' dir='ltr'>ac</span> 
     </span>
    </p>
   </div>
   <div class='ocr_carea' id='block_1_59' title="bbox 680 4044 2337 4118">
    <p class='ocr_par' dir='ltr' id='par_1_59' title="bbox 680 4044 2337 4118">
     <span class='ocr_line' id='line_1_59' title="bbox 680 4044 2337 4118; baseline 0.002 -18"><span class='ocrx_word' id='word_1_402' title='bbox 680 4044 1078 4109; x_wconf 87' lang='lat' dir='ltr'>induratione,</span> <span class='ocrx_word' id='word_1_403' title='bbox 1121 4051 1178 4100; x_wconf 88' lang='lat' dir='ltr'>et</span> <span class='ocrx_word' id='word_1_404' title='bbox 1224 4054 1455 4102; x_wconf 58' lang='lat' dir='ltr'>cetera.</span> <span class='ocrx_word' id='word_1_405' title='bbox 1515 4049 1779 4103; x_wconf 81' lang='lat' dir='ltr'>Gloriam</span> <span class='ocrx_word' id='word_1_406' title='bbox 1817 4055 2015 4104; x_wconf 88' lang='lat' dir='ltr'>autem</span> <span class='ocrx_word' id='word_1_407' title='bbox 2048 4051 2172 4118; x_wconf 77' lang='lat' dir='ltr'>ejus</span> <span class='ocrx_word' id='word_1_408' title='bbox 2193 4049 2337 4104; x_wconf 89' lang='lat' dir='ltr'>dicit</span> 
     </span>
    </p>
   </div>
   <div class='ocr_carea' id='block_1_60' title="bbox 680 4134 2334 4209">
    <p class='ocr_par' dir='ltr' id='par_1_60' title="bbox 680 4134 2334 4209">
     <span class='ocr_line' id='line_1_60' title="bbox 680 4134 2334 4209; baseline 0.002 -19"><span class='ocrx_word' id='word_1_409' title='bbox 680 4134 996 4204; x_wconf 81' lang='lat' dir='ltr'>gloriosam</span> <span class='ocrx_word' id='word_1_410' title='bbox 1028 4134 1189 4191; x_wconf 87' lang='lat' dir='ltr'>illam</span> <span class='ocrx_word' id='word_1_411' title='bbox 1222 4135 1523 4197; x_wconf 87' lang='lat' dir='ltr'>visionem,</span> <span class='ocrx_word' id='word_1_412' title='bbox 1563 4138 1809 4209; x_wconf 87' lang='lat' dir='ltr'>quando</span> <span class='ocrx_word' id='word_1_413' title='bbox 1849 4139 1994 4192; x_wconf 86' lang='lat' dir='ltr'>vidit</span> <span class='ocrx_word' id='word_1_414' title='bbox 2028 4140 2334 4194; x_wconf 90' lang='lat' dir='ltr'>Dominum</span> 
     </span>
    </p>
   </div>
   <div class='ocr_carea' id='block_1_61' title="bbox 682 4224 2335 4298">
    <p class='ocr_par' dir='ltr' id='par_1_61' title="bbox 682 4224 2335 4298">
     <span class='ocr_line' id='line_1_61' title="bbox 682 4224 2335 4298; baseline 0.002 -20"><span class='ocrx_word' id='word_1_415' title='bbox 682 4224 985 4280; x_wconf 83' lang='lat' dir='ltr'>sedentem</span> <span class='ocrx_word' id='word_1_416' title='bbox 1035 4239 1218 4296; x_wconf 88' lang='lat' dir='ltr'>super</span> <span class='ocrx_word' id='word_1_417' title='bbox 1282 4225 1502 4280; x_wconf 87' lang='lat' dir='ltr'>solium</span> <span class='ocrx_word' id='word_1_418' title='bbox 1555 4227 1855 4282; x_wconf 84' lang='lat' dir='ltr'>excelsum</span> <span class='ocrx_word' id='word_1_419' title='bbox 1902 4230 1970 4295; x_wconf 83' lang='grc'>⁸⁸,</span> <span class='ocrx_word' id='word_1_420' title='bbox 2022 4234 2077 4283; x_wconf 90' lang='lat' dir='ltr'>et</span> <span class='ocrx_word' id='word_1_421' title='bbox 2105 4244 2175 4283; x_wconf 90' lang='lat' dir='ltr'>ea</span> <span class='ocrx_word' id='word_1_422' title='bbox 2199 4243 2335 4298; x_wconf 71' lang='lat' dir='ltr'>qum</span> 
     </span>
    </p>
   </div>
   <div class='ocr_carea' id='block_1_62' title="bbox 681 4314 2332 4386">
    <p class='ocr_par' dir='ltr' id='par_1_62' title="bbox 681 4314 2332 4386">
     <span class='ocr_line' id='line_1_62' title="bbox 681 4314 2332 4386; baseline 0.002 -18"><span class='ocrx_word' id='word_1_423' title='bbox 681 4314 836 4370; x_wconf 89' lang='lat' dir='ltr'>circa</span> <span class='ocrx_word' id='word_1_424' title='bbox 858 4314 1059 4386; x_wconf 90' lang='lat' dir='ltr'>ipsum</span> <span class='ocrx_word' id='word_1_425' title='bbox 1085 4319 1272 4383; x_wconf 87' lang='lat' dir='ltr'>erant,</span> <span class='ocrx_word' id='word_1_426' title='bbox 1323 4315 1607 4371; x_wconf 86' lang='lat' dir='ltr'>terribilia</span> <span class='ocrx_word' id='word_1_427' title='bbox 1660 4333 1729 4372; x_wconf 88' lang='lat' dir='ltr'>ac</span> <span class='ocrx_word' id='word_1_428' title='bbox 1779 4318 2100 4384; x_wconf 78' lang='lat' dir='ltr'>magnifica</span> <span class='ocrx_word' id='word_1_429' title='bbox 2144 4325 2332 4373; x_wconf 87' lang='lat' dir='ltr'>erant.</span> 
     </span>
    </p>
   </div>
   <div class='ocr_carea' id='block_1_63' title="bbox 2449 1909 3912 1985">
    <p class='ocr_par' dir='ltr' id='par_1_63' title="bbox 2449 1909 3912 1985">
     <span class='ocr_line' id='line_1_63' title="bbox 2449 1909 3912 1985; baseline -0.005 -20"><span class='ocrx_word' id='word_1_430' title='bbox 2449 1933 2542 1966; x_wconf 86' lang='grc' dir='ltr'><strong>σου</strong></span> <span class='ocrx_word' id='word_1_431' title='bbox 2579 1935 2591 1946; x_wconf 78' lang='grc' dir='ltr'>ο</span> <span class='ocrx_word' id='word_1_432' title='bbox 2629 1921 2825 1984; x_wconf 79' lang='grc' dir='ltr'><strong>συνεχῇ</strong></span> <span class='ocrx_word' id='word_1_433' title='bbox 2864 1910 2922 1965; x_wconf 69' lang='grc' dir='ltr'>δὲ</span> <span class='ocrx_word' id='word_1_434' title='bbox 2952 1917 3016 1964; x_wconf 78' lang='grc' dir='ltr'>τὰ</span> <span class='ocrx_word' id='word_1_435' title='bbox 3045 1923 3261 1965; x_wconf 79' lang='grc' dir='ltr'><strong>τοιαῦτα</strong></span> <span class='ocrx_word' id='word_1_436' title='bbox 3289 1909 3560 1984; x_wconf 77' lang='grc' dir='ltr'><strong>ἰδιώματα</strong></span> <span class='ocrx_word' id='word_1_437' title='bbox 3586 1915 3715 1985; x_wconf 78' lang='grc' dir='ltr'><strong>παρὰ</strong></span> <span class='ocrx_word' id='word_1_438' title='bbox 3737 1910 3912 1981; x_wconf 55' lang='lat' dir='ltr'>Titiana</span> 
     </span>
    </p>
   </div>
   <div class='ocr_carea' id='block_1_64' title="bbox 2448 2009 2648 2077">
    <p class='ocr_par' dir='ltr' id='par_1_64' title="bbox 2448 2009 2648 2077">
     <span class='ocr_line' id='line_1_64' title="bbox 2448 2009 2648 2077; baseline -0.005 -22"><span class='ocrx_word' id='word_1_439' title='bbox 2448 2009 2648 2077; x_wconf 70' lang='grc' dir='ltr'><strong>Γραφῇ.</strong></span> 
     </span>
    </p>
   </div>
   <div class='ocr_carea' id='block_1_65' title="bbox 2587 2090 3613 2166">
    <p class='ocr_par' dir='ltr' id='par_1_65' title="bbox 2587 2090 3613 2166">
     <span class='ocr_line' id='line_1_65' title="bbox 2587 2090 3613 2166; baseline -0.005 -20"><span class='ocrx_word' id='word_1_440' title='bbox 2587 2101 2830 2146; x_wconf 79' lang='grc' dir='ltr'><strong>Τοιοῦτον</strong></span> <span class='ocrx_word' id='word_1_441' title='bbox 2886 2090 2944 2145; x_wconf 67' lang='grc' dir='ltr'><strong>δι</strong></span> <span class='ocrx_word' id='word_1_442' title='bbox 2981 2098 3071 2145; x_wconf 82' lang='grc' dir='ltr'>καὶ</span> <span class='ocrx_word' id='word_1_443' title='bbox 3133 2095 3190 2143; x_wconf 87' lang='grc' dir='ltr'>τὸ</span> <span class='ocrx_word' id='word_1_444' title='bbox 3227 2093 3371 2166; x_wconf 82' lang='grc' dir='ltr'>παρὰ</span> <span class='ocrx_word' id='word_1_445' title='bbox 3428 2090 3613 2161; x_wconf 78' lang='grc' dir='ltr'>Παύλῳ</span> 
     </span>
    </p>
   </div>
   <div class='ocr_carea' id='block_1_66' title="bbox 3439 2175 3911 2252">
    <p class='ocr_par' dir='ltr' id='par_1_66' title="bbox 3439 2175 3911 2252">
     <span class='ocr_line' id='line_1_66' title="bbox 3439 2175 3911 2252; baseline -0.015 -20"><span class='ocrx_word' id='word_1_446' title='bbox 3439 2199 3451 2212; x_wconf 90' lang='grc'><strong>·</strong></span> <span class='ocrx_word' id='word_1_447' title='bbox 3509 2175 3776 2252; x_wconf 77' lang='grc' dir='ltr'><strong>Παρέδωκιν</strong></span> <span class='ocrx_word' id='word_1_448' title='bbox 3815 2177 3911 2231; x_wconf 34' lang='grc' dir='ltr'><strong>αὗτιτι</strong></span> 
     </span>
    </p>
   </div>
   <div class='ocr_carea' id='block_1_67' title="bbox 3664 2085 3912 2161">
    <p class='ocr_par' dir='ltr' id='par_1_67' title="bbox 3664 2085 3912 2161">
     <span class='ocr_line' id='line_1_67' title="bbox 3664 2085 3912 2161; baseline -0.016 -22"><span class='ocrx_word' id='word_1_449' title='bbox 3664 2105 3676 2118; x_wconf 88' lang='grc'>⁶</span> <span class='ocrx_word' id='word_1_450' title='bbox 3727 2085 3912 2161; x_wconf 43' lang='lat' dir='ltr'>ﬂagtium</span> 
     </span>
    </p>
   </div>
   <div class='ocr_carea' id='block_1_68' title="bbox 2448 2178 3374 2252">
    <p class='ocr_par' dir='ltr' id='par_1_68' title="bbox 2448 2178 3374 2252">
     <span class='ocr_line' id='line_1_68' title="bbox 2448 2178 3374 2252; baseline -0.002 -18"><span class='ocrx_word' id='word_1_451' title='bbox 2448 2183 2637 2244; x_wconf 71' lang='grc' dir='ltr'><strong>αὐτοὺς</strong></span> <span class='ocrx_word' id='word_1_452' title='bbox 2690 2183 2757 2243; x_wconf 85' lang='grc' dir='ltr'><strong>εἰς</strong></span> <span class='ocrx_word' id='word_1_453' title='bbox 2810 2178 3063 2252; x_wconf 77' lang='grc' dir='ltr'><strong>ἀδόκιμον</strong></span> <span class='ocrx_word' id='word_1_454' title='bbox 3116 2189 3233 2232; x_wconf 87' lang='grc' dir='ltr'><strong>νοῦν</strong></span> <span class='ocrx_word' id='word_1_455' title='bbox 3286 2186 3374 2232; x_wconf 90' lang='grc' dir='ltr'>καί</span> 
     </span>
    </p>
   </div>
   <div class='ocr_carea' id='block_1_69' title="bbox 2450 2262 3910 2343">
    <p class='ocr_par' dir='ltr' id='par_1_69' title="bbox 2450 2262 3910 2343">
     <span class='ocr_line' id='line_1_69' title="bbox 2450 2262 3910 2343; baseline -0.008 -19"><span class='ocrx_word' id='word_1_456' title='bbox 2450 2273 2520 2334; x_wconf 85' lang='grc' dir='ltr'>ιίς</span> <span class='ocrx_word' id='word_1_457' title='bbox 2571 2273 2711 2328; x_wconf 80' lang='grc' dir='ltr'><strong>πάθη</strong></span> <span class='ocrx_word' id='word_1_458' title='bbox 2764 2271 2992 2343; x_wconf 76' lang='grc' dir='ltr'><strong>ἀτιμίας.</strong></span> <span class='ocrx_word' id='word_1_459' title='bbox 3055 2271 3112 2322; x_wconf 88' lang='grc' dir='ltr'>Ὀ</span> <span class='ocrx_word' id='word_1_460' title='bbox 3138 2273 3238 2342; x_wconf 72' lang='grc' dir='ltr'><strong>γὰρ</strong></span> <span class='ocrx_word' id='word_1_461' title='bbox 3293 2273 3419 2331; x_wconf 80' lang='grc' dir='ltr'><strong>Θεὸς</strong></span> <span class='ocrx_word' id='word_1_462' title='bbox 3461 2269 3520 2321; x_wconf 69' lang='grc' dir='ltr'>οὐ</span> <span class='ocrx_word' id='word_1_463' title='bbox 3561 2269 3663 2338; x_wconf 71' lang='grc'><strong>(82)</strong></span> <span class='ocrx_word' id='word_1_464' title='bbox 3689 2274 3806 2339; x_wconf 76' lang='grc' dir='ltr'><strong>μόνον</strong></span> <span class='ocrx_word' id='word_1_465' title='bbox 3836 2262 3910 2316; x_wconf 61' lang='grc' dir='ltr'>ιὺἒςο</span> 
     </span>
    </p>
   </div>
   <div class='ocr_carea' id='block_1_70' title="bbox 2449 2354 3906 2432">
    <p class='ocr_par' dir='ltr' id='par_1_70' title="bbox 2449 2354 3906 2432">
     <span class='ocr_line' id='line_1_70' title="bbox 2449 2354 3906 2432; baseline -0.009 -20"><span class='ocrx_word' id='word_1_466' title='bbox 2449 2381 2498 2412; x_wconf 81' lang='grc' dir='ltr'><strong>τι</strong></span> <span class='ocrx_word' id='word_1_467' title='bbox 2551 2369 2782 2412; x_wconf 86' lang='grc' dir='ltr'><strong>τοιοῦτον</strong></span> <span class='ocrx_word' id='word_1_468' title='bbox 2833 2364 3049 2432; x_wconf 71' lang='grc' dir='ltr'><strong>πράττει</strong></span> <span class='ocrx_word' id='word_1_469' title='bbox 3079 2377 3090 2388; x_wconf 83' lang='lat'><strong><em>°</em></strong></span> <span class='ocrx_word' id='word_1_470' title='bbox 3136 2359 3241 2410; x_wconf 85' lang='grc' dir='ltr'>αλλ’</span> <span class='ocrx_word' id='word_1_471' title='bbox 3290 2355 3419 2411; x_wconf 67' lang='grc' dir='ltr'><strong>οὐδὲ</strong></span> <span class='ocrx_word' id='word_1_472' title='bbox 3479 2354 3906 2429; x_wconf 54' lang='grc' dir='ltr'><strong>ἑγκαταλιμπιὶνιμές,</strong></span> 
     </span>
    </p>
   </div>
   <div class='ocr_carea' id='block_1_71' title="bbox 2449 2442 3900 2522">
    <p class='ocr_par' dir='ltr' id='par_1_71' title="bbox 2449 2442 3900 2522">
     <span class='ocr_line' id='line_1_71' title="bbox 2449 2442 3900 2522; baseline -0.003 -20"><span class='ocrx_word' id='word_1_473' title='bbox 2449 2455 2519 2522; x_wconf 79' lang='grc' dir='ltr'>μὴ</span> <span class='ocrx_word' id='word_1_474' title='bbox 2551 2449 2970 2520; x_wconf 70' lang='grc' dir='ltr'><strong>ἐγκαταλίπωμεν</strong></span> <span class='ocrx_word' id='word_1_475' title='bbox 3013 2449 3188 2500; x_wconf 68' lang='grc' dir='ltr'><strong>αὐτὸν.</strong></span> <span class='ocrx_word' id='word_1_476' title='bbox 3228 2452 3378 2518; x_wconf 71' lang='grc' dir='ltr'><strong>Λέγει</strong></span> <span class='ocrx_word' id='word_1_477' title='bbox 3424 2450 3528 2522; x_wconf 73' lang='grc' dir='ltr'>γὰρ</span> <span class='ocrx_word' id='word_1_478' title='bbox 3561 2466 3572 2477; x_wconf 91' lang='grc'><strong>·</strong></span> <span class='ocrx_word' id='word_1_479' title='bbox 3607 2446 3734 2516; x_wconf 71' lang='grc' dir='ltr'>Οὗχὶ</span> <span class='ocrx_word' id='word_1_480' title='bbox 3761 2447 3800 2494; x_wconf 80' lang='grc' dir='ltr'>αἱ</span> 
     </span>
    </p>
   </div>
   <div class='ocr_carea' id='block_1_72' title="bbox 2447 2535 3902 2611">
    <p class='ocr_par' dir='ltr' id='par_1_72' title="bbox 2447 2535 3902 2611">
     <span class='ocr_line' id='line_1_72' title="bbox 2447 2535 3902 2611; baseline -0.006 -20"><span class='ocrx_word' id='word_1_481' title='bbox 2447 2544 2555 2591; x_wconf 89' lang='grc' dir='ltr'><strong>τίαι</strong></span> <span class='ocrx_word' id='word_1_482' title='bbox 2585 2541 2723 2611; x_wconf 74' lang='grc' dir='ltr'><strong>ὑμῶν</strong></span> <span class='ocrx_word' id='word_1_483' title='bbox 2771 2535 3048 2590; x_wconf 81' lang='grc' dir='ltr'><strong>διιστώσιν</strong></span> <span class='ocrx_word' id='word_1_484' title='bbox 3098 2537 3192 2588; x_wconf 78' lang='grc' dir='ltr'>ὀινά</span> <span class='ocrx_word' id='word_1_485' title='bbox 3243 2541 3402 2607; x_wconf 78' lang='grc' dir='ltr'><strong>μέσον</strong></span> <span class='ocrx_word' id='word_1_486' title='bbox 3449 2541 3573 2609; x_wconf 73' lang='grc' dir='ltr'><strong>ἒμοῦ</strong></span> <span class='ocrx_word' id='word_1_487' title='bbox 3617 2540 3698 2586; x_wconf 82' lang='grc' dir='ltr'><strong>καὶ</strong></span> <span class='ocrx_word' id='word_1_488' title='bbox 3736 2535 3902 2604; x_wconf 54' lang='lat' dir='ltr'>{tamin</span> 
     </span>
    </p>
   </div>
   <div class='ocr_carea' id='block_1_73' title="bbox 2449 2621 3911 2699">
    <p class='ocr_par' dir='ltr' id='par_1_73' title="bbox 2449 2621 3911 2699">
     <span class='ocr_line' id='line_1_73' title="bbox 2449 2621 3911 2699; baseline -0.004 -19"><span class='ocrx_word' id='word_1_489' title='bbox 2449 2629 2598 2680; x_wconf 78' lang='grc' dir='ltr'><strong>πάλιν</strong></span> <span class='ocrx_word' id='word_1_490' title='bbox 2641 2633 2798 2699; x_wconf 77' lang='grc' dir='ltr'><strong>φησίν</strong></span> <span class='ocrx_word' id='word_1_491' title='bbox 2828 2647 2840 2659; x_wconf 89' lang='grc'>·</span> <span class='ocrx_word' id='word_1_492' title='bbox 2871 2627 3150 2680; x_wconf 75' lang='grc' dir='ltr'>Ἐπιλάθου</span> <span class='ocrx_word' id='word_1_493' title='bbox 3182 2632 3340 2697; x_wconf 76' lang='grc' dir='ltr'><strong>νόμον</strong></span> <span class='ocrx_word' id='word_1_494' title='bbox 3388 2634 3527 2678; x_wconf 84' lang='grc' dir='ltr'><strong>Θεοῦ</strong></span> <span class='ocrx_word' id='word_1_495' title='bbox 3572 2645 3680 2687; x_wconf 88' lang='grc' dir='ltr'><strong>σου,</strong></span> <span class='ocrx_word' id='word_1_496' title='bbox 3721 2621 3911 2684; x_wconf 56' lang='grc' dir='ltr'><strong>ἑπιὶιτδμκ</strong></span> 
     </span>
    </p>
   </div>
   <div class='ocr_carea' id='block_1_74' title="bbox 2452 2709 3914 2789">
    <p class='ocr_par' dir='ltr' id='par_1_74' title="bbox 2452 2709 3914 2789">
     <span class='ocr_line' id='line_1_74' title="bbox 2452 2709 3914 2789; baseline -0.005 -21"><span class='ocrx_word' id='word_1_497' title='bbox 2452 2737 2544 2768; x_wconf 87' lang='grc' dir='ltr'><strong>σου</strong></span> <span class='ocrx_word' id='word_1_498' title='bbox 2576 2718 2718 2789; x_wconf 67' lang='grc' dir='ltr'>κ-ὶγώ</span> <span class='ocrx_word' id='word_1_499' title='bbox 2752 2736 2764 2750; x_wconf 91' lang='grc'><strong>·</strong></span> <span class='ocrx_word' id='word_1_500' title='bbox 2806 2723 2896 2768; x_wconf 79' lang='grc' dir='ltr'><strong>καὶ</strong></span> <span class='ocrx_word' id='word_1_501' title='bbox 2925 2721 2949 2768; x_wconf 86' lang='grc' dir='ltr'>ὁ</span> <span class='ocrx_word' id='word_1_502' title='bbox 2979 2713 3142 2768; x_wconf 73' lang='grc' dir='ltr'><strong>Δανίδ</strong></span> <span class='ocrx_word' id='word_1_503' title='bbox 3175 2735 3187 2747; x_wconf 93' lang='grc'><strong>·</strong></span> <span class='ocrx_word' id='word_1_504' title='bbox 3225 2713 3367 2768; x_wconf 81' lang='grc' dir='ltr'>Ἰδοὺ</span> <span class='ocrx_word' id='word_1_505' title='bbox 3391 2718 3771 2789; x_wconf 73' lang='grc' dir='ltr'><strong>οἱμακρύνοντις</strong></span> <span class='ocrx_word' id='word_1_506' title='bbox 3796 2709 3914 2761; x_wconf 58' lang='grc' dir='ltr'>ἐτιτςὺς</span> 
     </span>
    </p>
   </div>
   <div class='ocr_carea' id='block_1_75' title="bbox 2449 2796 3917 2875">
    <p class='ocr_par' dir='ltr' id='par_1_75' title="bbox 2449 2796 3917 2875">
     <span class='ocr_line' id='line_1_75' title="bbox 2449 2796 3917 2875; baseline -0.006 -17"><span class='ocrx_word' id='word_1_507' title='bbox 2449 2806 2548 2858; x_wconf 77' lang='grc' dir='ltr'><strong>ἀπὸ</strong></span> <span class='ocrx_word' id='word_1_508' title='bbox 2584 2816 2676 2858; x_wconf 83' lang='grc' dir='ltr'>σοῦ</span> <span class='ocrx_word' id='word_1_509' title='bbox 2711 2805 3020 2858; x_wconf 76' lang='grc' dir='ltr'><strong>ἀπολοῦνται</strong></span> <span class='ocrx_word' id='word_1_510' title='bbox 3065 2822 3075 2834; x_wconf 89' lang='grc'><strong>·</strong></span> <span class='ocrx_word' id='word_1_511' title='bbox 3106 2810 3195 2857; x_wconf 80' lang='grc' dir='ltr'><strong>καὶ</strong></span> <span class='ocrx_word' id='word_1_512' title='bbox 3226 2801 3379 2862; x_wconf 75' lang='grc' dir='ltr'><strong>αὖθις</strong></span> <span class='ocrx_word' id='word_1_513' title='bbox 3410 2807 3437 2855; x_wconf 79' lang='grc' dir='ltr'><strong><em>ὁ</em></strong></span> <span class='ocrx_word' id='word_1_514' title='bbox 3465 2809 3638 2875; x_wconf 80' lang='grc' dir='ltr'>Σωτὴρ</span> <span class='ocrx_word' id='word_1_515' title='bbox 3668 2802 3708 2854; x_wconf 81' lang='grc' dir='ltr'>ἐν</span> <span class='ocrx_word' id='word_1_516' title='bbox 3735 2806 3810 2858; x_wconf 80' lang='grc' dir='ltr'><strong>τοῖς</strong></span> <span class='ocrx_word' id='word_1_517' title='bbox 3831 2796 3917 2860; x_wconf 49' lang='lat' dir='ltr'>Eia?</span> 
     </span>
    </p>
   </div>
   <div class='ocr_carea' id='block_1_76' title="bbox 2413 2885 3919 2968">
    <p class='ocr_par' dir='ltr' id='par_1_76' title="bbox 2413 2885 3919 2968">
     <span class='ocr_line' id='line_1_76' title="bbox 2413 2885 3919 2968; baseline -0.01 -22"><span class='ocrx_word' id='word_1_518' title='bbox 2413 2896 2636 2967; x_wconf 77' lang='grc' dir='ltr'><strong>-γιλίοις</strong></span> <span class='ocrx_word' id='word_1_519' title='bbox 2661 2899 2786 2968; x_wconf 83' lang='grc' dir='ltr'><strong>πρὸς</strong></span> <span class='ocrx_word' id='word_1_520' title='bbox 2820 2901 2912 2952; x_wconf 72' lang='grc' dir='ltr'>τὴν</span> <span class='ocrx_word' id='word_1_521' title='bbox 2936 2894 3274 2966; x_wconf 73' lang='grc' dir='ltr'><strong>Ἰερουσαλήμ</strong></span> <span class='ocrx_word' id='word_1_522' title='bbox 3306 2913 3318 2925; x_wconf 91' lang='grc'><strong>·</strong></span> <span class='ocrx_word' id='word_1_523' title='bbox 3352 2896 3589 2954; x_wconf 79' lang='grc' dir='ltr'><strong>Ποσάκις</strong></span> <span class='ocrx_word' id='word_1_524' title='bbox 3617 2885 3919 2950; x_wconf 61' lang='grc' dir='ltr'><strong>ἠθιλησαέπιτλ·</strong></span> 
     </span>
    </p>
   </div>
   <div class='ocr_carea' id='block_1_77' title="bbox 2444 2972 3919 3056">
    <p class='ocr_par' dir='ltr' id='par_1_77' title="bbox 2444 2972 3919 3056">
     <span class='ocr_line' id='line_1_77' title="bbox 2444 2972 3919 3056; baseline -0.003 -20"><span class='ocrx_word' id='word_1_525' title='bbox 2444 2993 2683 3056; x_wconf 72' lang='grc' dir='ltr'><strong>ναγαγιῐν</strong></span> <span class='ocrx_word' id='word_1_526' title='bbox 2715 2988 2779 3037; x_wconf 84' lang='grc' dir='ltr'>τὰ</span> <span class='ocrx_word' id='word_1_527' title='bbox 2818 2989 2968 3036; x_wconf 77' lang='grc' dir='ltr'><strong>τέκνα</strong></span> <span class='ocrx_word' id='word_1_528' title='bbox 2995 3003 3112 3048; x_wconf 79' lang='grc' dir='ltr'><strong>σου,</strong></span> <span class='ocrx_word' id='word_1_529' title='bbox 3161 2989 3248 3035; x_wconf 78' lang='grc' dir='ltr'>καὶ</span> <span class='ocrx_word' id='word_1_530' title='bbox 3305 2987 3370 3034; x_wconf 78' lang='grc' dir='ltr'><strong>τα</strong></span> <span class='ocrx_word' id='word_1_531' title='bbox 3417 2982 3555 3047; x_wconf 71' lang='grc' dir='ltr'>ἑξῆς,</span> <span class='ocrx_word' id='word_1_532' title='bbox 3605 2987 3685 3033; x_wconf 81' lang='grc' dir='ltr'><strong>καὶ</strong></span> <span class='ocrx_word' id='word_1_533' title='bbox 3719 2972 3919 3032; x_wconf 63' lang='grc' dir='ltr'>οὐκὶθεὶῖ·</span> 
     </span>
    </p>
   </div>
   <div class='ocr_carea' id='block_1_78' title="bbox 2448 3093 2591 3128">
    <p class='ocr_par' dir='ltr' id='par_1_78' title="bbox 2448 3093 2591 3128">
     <span class='ocr_line' id='line_1_78' title="bbox 2448 3093 2591 3128; baseline 0.014 -2"><span class='ocrx_word' id='word_1_534' title='bbox 2448 3093 2591 3128; x_wconf 80' lang='grc' dir='ltr'><strong>σατε.</strong></span> 
     </span>
    </p>
   </div>
   <div class='ocr_carea' id='block_1_79' title="bbox 2512 3152 3920 3224">
    <p class='ocr_par' dir='ltr' id='par_1_79' title="bbox 2512 3152 3920 3224">
     <span class='ocr_line' id='line_1_79' title="bbox 2512 3152 3920 3224; baseline -0.009 -8"><span class='ocrx_word' id='word_1_535' title='bbox 2512 3163 2623 3217; x_wconf 88' lang='grc' dir='ltr'><strong>Ἱνα</strong></span> <span class='ocrx_word' id='word_1_536' title='bbox 2654 3195 2718 3203; x_wconf 91' lang='grc'><strong>-</strong></span> <span class='ocrx_word' id='word_1_537' title='bbox 2747 3163 2952 3224; x_wconf 70' lang='grc' dir='ltr'>αὐτούς.</span> <span class='ocrx_word' id='word_1_538' title='bbox 2989 3162 3145 3215; x_wconf 83' lang='grc' dir='ltr'><strong>Πάλιν</strong></span> <span class='ocrx_word' id='word_1_539' title='bbox 3186 3166 3244 3214; x_wconf 84' lang='grc' dir='ltr'>τὸ</span> <span class='ocrx_word' id='word_1_540' title='bbox 3272 3161 3384 3215; x_wconf 82' lang='grc' dir='ltr'><strong>Ἰνα</strong></span> <span class='ocrx_word' id='word_1_541' title='bbox 3415 3161 3512 3214; x_wconf 78' lang='grc' dir='ltr'><strong>οῦκ</strong></span> <span class='ocrx_word' id='word_1_542' title='bbox 3537 3164 3668 3212; x_wconf 75' lang='grc' dir='ltr'><strong>ἔστιν</strong></span> <span class='ocrx_word' id='word_1_543' title='bbox 3695 3152 3920 3220; x_wconf 65' lang='grc' dir='ltr'><strong>αἱτιοληίεςι</strong></span> 
     </span>
    </p>
   </div>
   <div class='ocr_carea' id='block_1_80' title="bbox 2445 3242 3920 3323">
    <p class='ocr_par' dir='ltr' id='par_1_80' title="bbox 2445 3242 3920 3323">
     <span class='ocr_line' id='line_1_80' title="bbox 2445 3242 3920 3323; baseline -0.009 -19"><span class='ocrx_word' id='word_1_544' title='bbox 2445 3251 2572 3304; x_wconf 78' lang='grc' dir='ltr'>ἀλλὰ</span> <span class='ocrx_word' id='word_1_545' title='bbox 2611 3251 2898 3323; x_wconf 71' lang='grc' dir='ltr'>μέλλοντος,</span> <span class='ocrx_word' id='word_1_546' title='bbox 2932 3253 3008 3303; x_wconf 85' lang='grc' dir='ltr'><strong>ὃτι</strong></span> <span class='ocrx_word' id='word_1_547' title='bbox 3049 3250 3248 3322; x_wconf 73' lang='grc' dir='ltr'><strong>ἔμελλον</strong></span> <span class='ocrx_word' id='word_1_548' title='bbox 3299 3255 3368 3321; x_wconf 76' lang='grc' dir='ltr'><em>μὴ</em></span> <span class='ocrx_word' id='word_1_549' title='bbox 3429 3247 3559 3302; x_wconf 82' lang='grc' dir='ltr'><strong>ἰδεῖν</strong></span> <span class='ocrx_word' id='word_1_550' title='bbox 3599 3256 3693 3306; x_wconf 83' lang='grc' dir='ltr'><strong>τοῖς</strong></span> <span class='ocrx_word' id='word_1_551' title='bbox 3727 3242 3920 3315; x_wconf 34' lang='lat' dir='ltr'>genus.</span> 
     </span>
    </p>
   </div>
   <div class='ocr_carea' id='block_1_81' title="bbox 2444 3329 3920 3414">
    <p class='ocr_par' dir='ltr' id='par_1_81' title="bbox 2444 3329 3920 3414">
     <span class='ocr_line' id='line_1_81' title="bbox 2444 3329 3920 3414; baseline -0.009 -21"><span class='ocrx_word' id='word_1_552' title='bbox 2444 3339 2581 3413; x_wconf 68' lang='grc' dir='ltr'>μηδὲ</span> <span class='ocrx_word' id='word_1_553' title='bbox 2607 3349 2795 3399; x_wconf 84' lang='grc' dir='ltr'><strong>νοῆσαι</strong></span> <span class='ocrx_word' id='word_1_554' title='bbox 2821 3349 2881 3413; x_wconf 70' lang='grc' dir='ltr'><strong>τῇ</strong></span> <span class='ocrx_word' id='word_1_555' title='bbox 2925 3337 3144 3414; x_wconf 76' lang='grc' dir='ltr'><strong>καρδίᾳ,</strong></span> <span class='ocrx_word' id='word_1_556' title='bbox 3197 3336 3328 3411; x_wconf 81' lang='grc' dir='ltr'>μηδ’</span> <span class='ocrx_word' id='word_1_557' title='bbox 3357 3338 3724 3411; x_wconf 69' lang='grc' dir='ltr'><strong>ἐπιστραφῆναι</strong></span> <span class='ocrx_word' id='word_1_558' title='bbox 3754 3336 3820 3384; x_wconf 75' lang='grc' dir='ltr'><strong>καὶ</strong></span> <span class='ocrx_word' id='word_1_559' title='bbox 3841 3329 3920 3379; x_wconf 64' lang='grc' dir='ltr'>ἰαθῆ-</span> 
     </span>
    </p>
   </div>
   <div class='ocr_carea' id='block_1_82' title="bbox 2443 3423 3918 3502">
    <p class='ocr_par' dir='ltr' id='par_1_82' title="bbox 2443 3423 3918 3502">
     <span class='ocr_line' id='line_1_82' title="bbox 2443 3423 3918 3502; baseline -0.004 -21"><span class='ocrx_word' id='word_1_560' title='bbox 2443 3451 2545 3484; x_wconf 86' lang='grc' dir='ltr'><strong>ναι.</strong></span> <span class='ocrx_word' id='word_1_561' title='bbox 2576 3431 2901 3502; x_wconf 68' lang='grc' dir='ltr'><strong>Ὀφθαλμοῦς</strong></span> <span class='ocrx_word' id='word_1_562' title='bbox 2933 3427 2991 3482; x_wconf 61' lang='grc' dir='ltr'>δὲ</span> <span class='ocrx_word' id='word_1_563' title='bbox 3040 3429 3174 3500; x_wconf 73' lang='grc' dir='ltr'><strong>λέγει</strong></span> <span class='ocrx_word' id='word_1_564' title='bbox 3204 3433 3325 3490; x_wconf 75' lang='grc' dir='ltr'><strong>τοὺς</strong></span> <span class='ocrx_word' id='word_1_565' title='bbox 3374 3432 3594 3488; x_wconf 79' lang='grc' dir='ltr'><strong>νοητοῦς</strong></span> <span class='ocrx_word' id='word_1_566' title='bbox 3640 3441 3652 3455; x_wconf 91' lang='grc'>·</span> <span class='ocrx_word' id='word_1_567' title='bbox 3685 3430 3758 3476; x_wconf 75' lang='grc' dir='ltr'><strong>τοῦ</strong></span> <span class='ocrx_word' id='word_1_568' title='bbox 3795 3423 3864 3489; x_wconf 69' lang='grc' dir='ltr'>γὰρ</span> <span class='ocrx_word' id='word_1_569' title='bbox 3888 3432 3918 3483; x_wconf 62' lang='grc' dir='ltr'>,ιε</span> 
     </span>
    </p>
   </div>
   <div class='ocr_carea' id='block_1_83' title="bbox 2448 3509 3920 3592">
    <p class='ocr_par' dir='ltr' id='par_1_83' title="bbox 2448 3509 3920 3592">
     <span class='ocr_line' id='line_1_83' title="bbox 2448 3509 3920 3592; baseline -0.002 -21"><span class='ocrx_word' id='word_1_570' title='bbox 2448 3518 2575 3572; x_wconf 82' lang='grc' dir='ltr'><strong>ίδιῖν</strong></span> <span class='ocrx_word' id='word_1_571' title='bbox 2601 3528 2707 3582; x_wconf 85' lang='grc' dir='ltr'>τοῖς</span> <span class='ocrx_word' id='word_1_572' title='bbox 2738 3520 3025 3592; x_wconf 62' lang='grc' dir='ltr'>ὀφθαλμοῖς</span> <span class='ocrx_word' id='word_1_573' title='bbox 3058 3519 3490 3592; x_wconf 73' lang='grc' dir='ltr'><strong>ἑφερμηνευτικόν</strong></span> <span class='ocrx_word' id='word_1_574' title='bbox 3517 3521 3575 3569; x_wconf 86' lang='grc' dir='ltr'>τὸ</span> <span class='ocrx_word' id='word_1_575' title='bbox 3601 3512 3733 3572; x_wconf 70' lang='grc' dir='ltr'><strong>Μηδι</strong></span> <span class='ocrx_word' id='word_1_576' title='bbox 3751 3509 3920 3568; x_wconf 54' lang='lat' dir='ltr'>iniiinii</span> 
     </span>
    </p>
   </div>
   <div class='ocr_carea' id='block_1_84' title="bbox 2443 3606 2661 3683">
    <p class='ocr_par' dir='ltr' id='par_1_84' title="bbox 2443 3606 2661 3683">
     <span class='ocr_line' id='line_1_84' title="bbox 2443 3606 2661 3683; baseline 0 -23"><span class='ocrx_word' id='word_1_577' title='bbox 2443 3606 2661 3683; x_wconf 75' lang='grc' dir='ltr'><strong>καρδίᾳ.</strong></span> 
     </span>
    </p>
   </div>
   <div class='ocr_carea' id='block_1_85' title="bbox 2514 3775 3924 3858">
    <p class='ocr_par' dir='ltr' id='par_1_85' title="bbox 2514 3775 3924 3858">
     <span class='ocr_line' id='line_1_85' title="bbox 2514 3775 3924 3858; baseline -0.001 -21"><span class='ocrx_word' id='word_1_578' title='bbox 2514 3793 2689 3838; x_wconf 84' lang='grc' dir='ltr'><strong>Ταῦτα</strong></span> <span class='ocrx_word' id='word_1_579' title='bbox 2747 3781 2804 3837; x_wconf 70' lang='grc' dir='ltr'>δὲ</span> <span class='ocrx_word' id='word_1_580' title='bbox 2855 3786 2921 3836; x_wconf 81' lang='grc' dir='ltr'>τὰ</span> <span class='ocrx_word' id='word_1_581' title='bbox 2981 3785 3115 3858; x_wconf 78' lang='grc' dir='ltr'>ῥητὰ</span> <span class='ocrx_word' id='word_1_582' title='bbox 3169 3789 3357 3857; x_wconf 84' lang='grc' dir='ltr'><strong>τρόπον</strong></span> <span class='ocrx_word' id='word_1_583' title='bbox 3408 3785 3576 3855; x_wconf 78' lang='grc' dir='ltr'><strong>ἕτερον</strong></span> <span class='ocrx_word' id='word_1_584' title='bbox 3640 3775 3924 3852; x_wconf 65' lang='grc' dir='ltr'>ἠρμηπῦθετῖδ</span> 
     </span>
    </p>
   </div>
   <div class='ocr_carea' id='block_1_86' title="bbox 2443 3872 3837 3946">
    <p class='ocr_par' dir='ltr' id='par_1_86' title="bbox 2443 3872 3837 3946">
     <span class='ocr_line' id='line_1_86' title="bbox 2443 3872 3837 3946; baseline -0.009 -18"><span class='ocrx_word' id='word_1_585' title='bbox 2443 3879 2492 3928; x_wconf 70' lang='grc' dir='ltr'>εν</span> <span class='ocrx_word' id='word_1_586' title='bbox 2519 3883 2588 3944; x_wconf 81' lang='grc' dir='ltr'>τῷ</span> <span class='ocrx_word' id='word_1_587' title='bbox 2615 3877 2748 3925; x_wconf 86' lang='grc' dir='ltr'>κατά</span> <span class='ocrx_word' id='word_1_588' title='bbox 2788 3875 3074 3936; x_wconf 78' lang='grc' dir='ltr'><strong>Ματθαῐον,</strong></span> <span class='ocrx_word' id='word_1_589' title='bbox 3109 3873 3222 3924; x_wconf 74' lang='grc' dir='ltr'><strong>καθ’</strong></span> <span class='ocrx_word' id='word_1_590' title='bbox 3249 3874 3419 3944; x_wconf 75' lang='grc' dir='ltr'><strong>ἕτερον</strong></span> <span class='ocrx_word' id='word_1_591' title='bbox 3441 3874 3661 3946; x_wconf 73' lang='grc' dir='ltr'>ῥηθέντα</span> <span class='ocrx_word' id='word_1_592' title='bbox 3681 3872 3837 3939; x_wconf 71' lang='grc' dir='ltr'><strong>καιρόν.</strong></span> 
     </span>
    </p>
   </div>
   <div class='ocr_carea' id='block_1_87' title="bbox 2514 3950 3927 4033">
    <p class='ocr_par' dir='ltr' id='par_1_87' title="bbox 2514 3963 3927 4033">
     <span class='ocr_line' id='line_1_87' title="bbox 2514 3963 3927 4033; baseline 0.002 -17"><span class='ocrx_word' id='word_1_593' title='bbox 2514 3971 2693 4017; x_wconf 84' lang='grc' dir='ltr'><strong>Ταῦτα</strong></span> <span class='ocrx_word' id='word_1_594' title='bbox 2739 3995 2805 4002; x_wconf 93' lang='lat'>—</span> <span class='ocrx_word' id='word_1_595' title='bbox 2865 3963 3044 4014; x_wconf 69' lang='grc' dir='ltr'><strong>αὐτοῦ.</strong></span> <span class='ocrx_word' id='word_1_596' title='bbox 3085 3994 3143 4002; x_wconf 88' lang='grc'><strong>-</strong></span> <span class='ocrx_word' id='word_1_597' title='bbox 3191 3969 3390 4025; x_wconf 79' lang='grc' dir='ltr'><strong>Ταῦτα,</strong></span> <span class='ocrx_word' id='word_1_598' title='bbox 3443 3965 3510 4013; x_wconf 77' lang='grc' dir='ltr'>τὰ</span> <span class='ocrx_word' id='word_1_599' title='bbox 3553 3965 3664 4033; x_wconf 86' lang='grc' dir='ltr'><strong>περὶ</strong></span> <span class='ocrx_word' id='word_1_600' title='bbox 3703 3966 3776 4016; x_wconf 76' lang='grc' dir='ltr'>τῆς</span> <span class='ocrx_word' id='word_1_601' title='bbox 3810 3970 3927 4019; x_wconf 53' lang='grc' dir='ltr'>τνῗλν</span> 
     </span>
    </p>
   </div>
   <div class='ocr_carea' id='block_1_88' title="bbox 2447 4040 3924 4125">
    <p class='ocr_par' dir='ltr' id='par_1_88' title="bbox 2447 4041 3924 4125">
     <span class='ocr_line' id='line_1_88' title="bbox 2447 4041 3924 4125; baseline -0.003 -20"><span class='ocrx_word' id='word_1_602' title='bbox 2447 4072 2574 4114; x_wconf 86' lang='grc' dir='ltr'><strong>σεως</strong></span> <span class='ocrx_word' id='word_1_603' title='bbox 2624 4058 2713 4104; x_wconf 84' lang='grc' dir='ltr'>καὶ</span> <span class='ocrx_word' id='word_1_604' title='bbox 2752 4071 3062 4125; x_wconf 83' lang='grc' dir='ltr'><strong>πωρωσεως,</strong></span> <span class='ocrx_word' id='word_1_605' title='bbox 3112 4056 3200 4102; x_wconf 86' lang='grc' dir='ltr'><strong>καὶ</strong></span> <span class='ocrx_word' id='word_1_606' title='bbox 3253 4055 3312 4108; x_wconf 80' lang='grc' dir='ltr'>τή</span> <span class='ocrx_word' id='word_1_607' title='bbox 3382 4051 3517 4112; x_wconf 76' lang='grc' dir='ltr'><strong><em>ἑξῆς.</em></strong></span> <span class='ocrx_word' id='word_1_608' title='bbox 3586 4049 3728 4110; x_wconf 76' lang='grc' dir='ltr'><strong>Δοξαν</strong></span> <span class='ocrx_word' id='word_1_609' title='bbox 3771 4041 3924 4095; x_wconf 55' lang='grc' dir='ltr'>δῖπλτθι</span> 
     </span>
    </p>
   </div>
   <div class='ocr_carea' id='block_1_89' title="bbox 2447 4133 3926 4213">
    <p class='ocr_par' dir='ltr' id='par_1_89' title="bbox 2447 4133 3926 4213">
     <span class='ocr_line' id='line_1_89' title="bbox 2447 4133 3926 4213; baseline -0.006 -19"><span class='ocrx_word' id='word_1_610' title='bbox 2447 4149 2576 4213; x_wconf 75' lang='grc' dir='ltr'><strong>φησὶ</strong></span> <span class='ocrx_word' id='word_1_611' title='bbox 2607 4148 2700 4200; x_wconf 75' lang='grc' dir='ltr'><strong>τὴν</strong></span> <span class='ocrx_word' id='word_1_612' title='bbox 2723 4138 2928 4203; x_wconf 76' lang='grc' dir='ltr'><strong>ἔνδοξον</strong></span> <span class='ocrx_word' id='word_1_613' title='bbox 2960 4141 3217 4192; x_wconf 83' lang='grc' dir='ltr'><strong>ὀπτασίαν</strong></span> <span class='ocrx_word' id='word_1_614' title='bbox 3250 4139 3468 4204; x_wconf 74' lang='grc' dir='ltr'><strong>ἐκείνην,</strong></span> <span class='ocrx_word' id='word_1_615' title='bbox 3504 4141 3585 4192; x_wconf 82' lang='grc' dir='ltr'>ὅτε</span> <span class='ocrx_word' id='word_1_616' title='bbox 3609 4134 3704 4190; x_wconf 76' lang='grc' dir='ltr'>εἶδε</span> <span class='ocrx_word' id='word_1_617' title='bbox 3731 4140 3800 4186; x_wconf 78' lang='grc' dir='ltr'><strong>τὸν</strong></span> <span class='ocrx_word' id='word_1_618' title='bbox 3818 4133 3926 4200; x_wconf 41' lang='lat' dir='ltr'>Risi?&quot;</span> 
     </span>
    </p>
   </div>
   <div class='ocr_carea' id='block_1_90' title="bbox 2444 4219 3909 4303">
    <p class='ocr_par' dir='ltr' id='par_1_90' title="bbox 2444 4226 3909 4303">
     <span class='ocr_line' id='line_1_90' title="bbox 2444 4226 3909 4303; baseline -0.004 -20"><span class='ocrx_word' id='word_1_619' title='bbox 2444 4234 2734 4303; x_wconf 76' lang='grc' dir='ltr'><strong>καθήμενον</strong></span> <span class='ocrx_word' id='word_1_620' title='bbox 2764 4229 2847 4283; x_wconf 74' lang='grc' dir='ltr'><strong>ἐπὶ</strong></span> <span class='ocrx_word' id='word_1_621' title='bbox 2875 4233 3055 4301; x_wconf 84' lang='grc' dir='ltr'><strong>θρόνου</strong></span> <span class='ocrx_word' id='word_1_622' title='bbox 3088 4229 3310 4299; x_wconf 70' lang='grc' dir='ltr'>ὑψηλοῦ,</span> <span class='ocrx_word' id='word_1_623' title='bbox 3342 4235 3435 4280; x_wconf 82' lang='grc' dir='ltr'>καὶ</span> <span class='ocrx_word' id='word_1_624' title='bbox 3468 4228 3627 4280; x_wconf 72' lang='grc' dir='ltr'>τᾶλλα</span> <span class='ocrx_word' id='word_1_625' title='bbox 3649 4228 3707 4279; x_wconf 80' lang='grc' dir='ltr'><strong>τὰ</strong></span> <span class='ocrx_word' id='word_1_626' title='bbox 3729 4226 3818 4294; x_wconf 73' lang='grc' dir='ltr'><strong>περὶ</strong></span> <span class='ocrx_word' id='word_1_627' title='bbox 3839 4233 3909 4267; x_wconf 62' lang='grc' dir='ltr'>αδτε</span> 
     </span>
    </p>
   </div>
   <div class='ocr_carea' id='block_1_91' title="bbox 2447 4313 3926 4395">
    <p class='ocr_par' dir='ltr' id='par_1_91' title="bbox 2447 4313 3926 4395">
     <span class='ocr_line' id='line_1_91' title="bbox 2447 4313 3926 4395; baseline -0.03 6"><span class='ocrx_word' id='word_1_628' title='bbox 2447 4319 2636 4395; x_wconf 58' lang='grc' dir='ltr'>φοϐερὰ</span> <span class='ocrx_word' id='word_1_629' title='bbox 2660 4325 2749 4370; x_wconf 62' lang='grc' dir='ltr'>καὶ</span> <span class='ocrx_word' id='word_1_630' title='bbox 2773 4319 2995 4382; x_wconf 60' lang='grc' dir='ltr'>ἐξαίσιοι</span> <span class='ocrx_word' id='word_1_631' title='bbox 3038 4323 3134 4371; x_wconf 76' lang='grc' dir='ltr'>Τὸν</span> <span class='ocrx_word' id='word_1_632' title='bbox 3163 4321 3279 4370; x_wconf 77' lang='grc' dir='ltr'><strong>Υἰὸν</strong></span> <span class='ocrx_word' id='word_1_633' title='bbox 3307 4321 3409 4388; x_wconf 73' lang='grc' dir='ltr'>γὰρ</span> <span class='ocrx_word' id='word_1_634' title='bbox 3442 4314 3551 4370; x_wconf 78' lang='grc' dir='ltr'><strong>εἶδε</strong></span> <span class='ocrx_word' id='word_1_635' title='bbox 3580 4320 3703 4380; x_wconf 76' lang='grc' dir='ltr'>τότε,</span> <span class='ocrx_word' id='word_1_636' title='bbox 3734 4318 3803 4363; x_wconf 81' lang='grc' dir='ltr'><strong>καὶ</strong></span> <span class='ocrx_word' id='word_1_637' title='bbox 3834 4313 3926 4358; x_wconf 67' lang='lat' dir='ltr'>rm</span> 
     </span>
    </p>
   </div>
   <div class='ocr_carea' id='block_1_92' title="bbox 3916 4237 3925 4260">
    <p class='ocr_par' dir='ltr' id='par_1_92' title="bbox 3916 4237 3925 4260">
     <span class='ocr_line' id='line_1_92' title="bbox 3916 4237 3925 4260; baseline 0 0"><span class='ocrx_word' id='word_1_638' title='bbox 3916 4237 3925 4260; x_wconf 61' lang='grc' dir='ltr'><em>Α</em></span> 
     </span>
    </p>
   </div>
   <div class='ocr_carea' id='block_1_93' title="bbox 679 4397 2289 4482">
    <p class='ocr_par' dir='ltr' id='par_1_93' title="bbox 679 4403 2289 4477">
     <span class='ocr_line' id='line_1_93' title="bbox 679 4403 2289 4477; baseline 0.002 -19"><span class='ocrx_word' id='word_1_639' title='bbox 679 4405 841 4458; x_wconf 85' lang='lat' dir='ltr'>Tunc</span> <span class='ocrx_word' id='word_1_640' title='bbox 867 4404 1027 4459; x_wconf 91' lang='lat' dir='ltr'>enim</span> <span class='ocrx_word' id='word_1_641' title='bbox 1067 4403 1270 4459; x_wconf 85' lang='lat' dir='ltr'>Filium</span> <span class='ocrx_word' id='word_1_642' title='bbox 1305 4404 1476 4460; x_wconf 86' lang='lat' dir='ltr'>vidit:</span> <span class='ocrx_word' id='word_1_643' title='bbox 1512 4412 1568 4460; x_wconf 88' lang='lat' dir='ltr'>et</span> <span class='ocrx_word' id='word_1_644' title='bbox 1597 4406 1724 4461; x_wconf 73' lang='lat' dir='ltr'>haec</span> <span class='ocrx_word' id='word_1_645' title='bbox 1760 4407 2145 4477; x_wconf 86' lang='lat' dir='ltr'>postmodum</span> <span class='ocrx_word' id='word_1_646' title='bbox 2191 4408 2289 4462; x_wconf 83' lang='lat' dir='ltr'>dix</span> 
     </span>
    </p>
   </div>
   <div class='ocr_carea' id='block_1_94' title="bbox 2313 4397 3923 4482">
    <p class='ocr_par' dir='ltr' id='par_1_94' title="bbox 2319 4397 3923 4482">
     <span class='ocr_line' id='line_1_94' title="bbox 2319 4397 3923 4482; baseline -0.003 -20"><span class='ocrx_word' id='word_1_647' title='bbox 2319 4413 2413 4480; x_wconf 80' lang='grc' dir='ltr'><strong>ιυ</strong></span> <span class='ocrx_word' id='word_1_648' title='bbox 2447 4408 2580 4461; x_wconf 83' lang='grc' dir='ltr'><strong>εἶπεν</strong></span> <span class='ocrx_word' id='word_1_649' title='bbox 2655 4410 2868 4482; x_wconf 72' lang='grc' dir='ltr'><strong>ὕστερον</strong></span> <span class='ocrx_word' id='word_1_650' title='bbox 2921 4413 3010 4459; x_wconf 80' lang='grc' dir='ltr'><strong>καὶ</strong></span> <span class='ocrx_word' id='word_1_651' title='bbox 3084 4407 3299 4464; x_wconf 75' lang='grc' dir='ltr'><strong>ίλάλησι</strong></span> <span class='ocrx_word' id='word_1_652' title='bbox 3364 4412 3483 4480; x_wconf 76' lang='grc' dir='ltr'><strong>περὶ</strong></span> <span class='ocrx_word' id='word_1_653' title='bbox 3552 4405 3720 4467; x_wconf 64' lang='grc' dir='ltr'><strong>αὐτοῦ,</strong></span> <span class='ocrx_word' id='word_1_654' title='bbox 3792 4397 3923 4449; x_wconf 58' lang='grc' dir='ltr'>ἀιοῦσῖέ</span> 
     </span>
    </p>
   </div>
   <div class='ocr_carea' id='block_1_95' title="bbox 679 4491 2332 4560">
    <p class='ocr_par' dir='ltr' id='par_1_95' title="bbox 679 4491 2332 4560">
     <span class='ocr_line' id='line_1_95' title="bbox 679 4491 2332 4560; baseline 0.001 -12"><span class='ocrx_word' id='word_1_655' title='bbox 679 4507 749 4548; x_wconf 85' lang='lat' dir='ltr'>ac</span> <span class='ocrx_word' id='word_1_656' title='bbox 772 4491 1005 4547; x_wconf 89' lang='lat' dir='ltr'>locutus</span> <span class='ocrx_word' id='word_1_657' title='bbox 1029 4499 1117 4546; x_wconf 93' lang='lat' dir='ltr'>est</span> <span class='ocrx_word' id='word_1_658' title='bbox 1147 4494 1216 4548; x_wconf 90' lang='lat' dir='ltr'>de</span> <span class='ocrx_word' id='word_1_659' title='bbox 1248 4508 1340 4560; x_wconf 89' lang='lat' dir='ltr'>eo,</span> <span class='ocrx_word' id='word_1_660' title='bbox 1369 4509 1508 4548; x_wconf 90' lang='lat' dir='ltr'>cum</span> <span class='ocrx_word' id='word_1_661' title='bbox 1534 4498 1676 4548; x_wconf 86' lang='lat' dir='ltr'>tunc</span> <span class='ocrx_word' id='word_1_662' title='bbox 1699 4494 1826 4549; x_wconf 69' lang='lat' dir='ltr'>haec</span> <span class='ocrx_word' id='word_1_663' title='bbox 1850 4496 1927 4550; x_wconf 88' lang='lat' dir='ltr'>ab</span> <span class='ocrx_word' id='word_1_664' title='bbox 1952 4511 2023 4550; x_wconf 94' lang='lat' dir='ltr'>eo</span> <span class='ocrx_word' id='word_1_665' title='bbox 2051 4496 2332 4551; x_wconf 84' lang='lat' dir='ltr'>audisset.</span> 
     </span>
    </p>
   </div>
   <div class='ocr_carea' id='block_1_96' title="bbox 681 4579 2336 4654">
    <p class='ocr_par' dir='ltr' id='par_1_96' title="bbox 681 4579 2336 4654">
     <span class='ocr_line' id='line_1_96' title="bbox 681 4579 2336 4654; baseline 0.002 -18"><span class='ocrx_word' id='word_1_666' title='bbox 681 4583 826 4636; x_wconf 85' lang='lat' dir='ltr'>Nam</span> <span class='ocrx_word' id='word_1_667' title='bbox 859 4581 933 4636; x_wconf 89' lang='lat' dir='ltr'>de</span> <span class='ocrx_word' id='word_1_668' title='bbox 956 4579 1185 4636; x_wconf 87' lang='lat' dir='ltr'>Christo</span> <span class='ocrx_word' id='word_1_669' title='bbox 1242 4588 1428 4647; x_wconf 89' lang='lat' dir='ltr'>erant,</span> <span class='ocrx_word' id='word_1_670' title='bbox 1489 4583 1653 4654; x_wconf 88' lang='lat' dir='ltr'>quod</span> <span class='ocrx_word' id='word_1_671' title='bbox 1693 4585 2032 4639; x_wconf 64' lang='lat' dir='ltr'>excaecandi</span> <span class='ocrx_word' id='word_1_672' title='bbox 2090 4585 2336 4639; x_wconf 90' lang='lat' dir='ltr'>etindu-</span> 
     </span>
    </p>
   </div>
   <div class='ocr_carea' id='block_1_97' title="bbox 677 4670 2336 4746">
    <p class='ocr_par' dir='ltr' id='par_1_97' title="bbox 677 4670 2336 4746">
     <span class='ocr_line' id='line_1_97' title="bbox 677 4670 2336 4746; baseline 0.004 -22"><span class='ocrx_word' id='word_1_673' title='bbox 677 4670 852 4725; x_wconf 86' lang='lat' dir='ltr'>randi</span> <span class='ocrx_word' id='word_1_674' title='bbox 905 4677 1074 4726; x_wconf 89' lang='lat' dir='ltr'>erant</span> <span class='ocrx_word' id='word_1_675' title='bbox 1135 4687 1254 4726; x_wconf 92' lang='lat' dir='ltr'>non</span> <span class='ocrx_word' id='word_1_676' title='bbox 1305 4671 1504 4736; x_wconf 86' lang='lat' dir='ltr'>visuri,</span> <span class='ocrx_word' id='word_1_677' title='bbox 1565 4687 1673 4727; x_wconf 90' lang='lat' dir='ltr'>nec</span> <span class='ocrx_word' id='word_1_678' title='bbox 1744 4673 2112 4739; x_wconf 87' lang='lat' dir='ltr'>intellecturi,</span> <span class='ocrx_word' id='word_1_679' title='bbox 2170 4674 2336 4746; x_wconf 89' lang='lat' dir='ltr'>quod</span> 
     </span>
    </p>
   </div>
   <div class='ocr_carea' id='block_1_98' title="bbox 679 4759 2312 4832">
    <p class='ocr_par' dir='ltr' id='par_1_98' title="bbox 679 4759 2312 4832">
     <span class='ocr_line' id='line_1_98' title="bbox 679 4759 2312 4832; baseline 0.004 -19"><span class='ocrx_word' id='word_1_680' title='bbox 679 4759 831 4814; x_wconf 92' lang='lat' dir='ltr'>Deus</span> <span class='ocrx_word' id='word_1_681' title='bbox 860 4766 1031 4824; x_wconf 87' lang='lat' dir='ltr'>esset,</span> <span class='ocrx_word' id='word_1_682' title='bbox 1066 4775 1258 4832; x_wconf 89' lang='lat' dir='ltr'>neque</span> <span class='ocrx_word' id='word_1_683' title='bbox 1287 4761 1660 4817; x_wconf 89' lang='lat' dir='ltr'>convertendi</span> <span class='ocrx_word' id='word_1_684' title='bbox 1691 4762 1768 4818; x_wconf 90' lang='lat' dir='ltr'>ab</span> <span class='ocrx_word' id='word_1_685' title='bbox 1821 4778 2037 4828; x_wconf 87' lang='lat' dir='ltr'>errore,</span> <span class='ocrx_word' id='word_1_686' title='bbox 2068 4767 2131 4818; x_wconf 85' lang='lat' dir='ltr'>ut</span> <span class='ocrx_word' id='word_1_687' title='bbox 2161 4780 2312 4820; x_wconf 88' lang='lat' dir='ltr'>sana</span> 
     </span>
    </p>
   </div>
   <div class='ocr_carea' id='block_1_99' title="bbox 680 4849 1903 4924">
    <p class='ocr_par' dir='ltr' id='par_1_99' title="bbox 680 4849 1903 4924">
     <span class='ocr_line' id='line_1_99' title="bbox 680 4849 1903 4924; baseline 0.002 -20"><span class='ocrx_word' id='word_1_688' title='bbox 680 4854 881 4905; x_wconf 85' lang='lat' dir='ltr'>rentur</span> <span class='ocrx_word' id='word_1_689' title='bbox 913 4849 1157 4907; x_wconf 76' lang='lat' dir='ltr'>Vulnera</span> <span class='ocrx_word' id='word_1_690' title='bbox 1210 4851 1551 4907; x_wconf 87' lang='lat' dir='ltr'>animarum</span> <span class='ocrx_word' id='word_1_691' title='bbox 1617 4850 1903 4924; x_wconf 85' lang='lat' dir='ltr'>ipsorum.</span> 
     </span>
    </p>
   </div>
   <div class='ocr_carea' id='block_1_100' title="bbox 752 5027 1239 5094">
    <p class='ocr_par' dir='ltr' id='par_1_100' title="bbox 752 5027 1239 5094">
     <span class='ocr_line' id='line_1_100' title="bbox 752 5027 1239 5094; baseline 0 -12"><span class='ocrx_word' id='word_1_692' title='bbox 752 5028 796 5063; x_wconf 83' lang='grc'><em>⁴’¹</em></span> <span class='ocrx_word' id='word_1_693' title='bbox 828 5027 1013 5082; x_wconf 83' lang='lat' dir='ltr'>Exod.</span> <span class='ocrx_word' id='word_1_694' title='bbox 1045 5044 1116 5094; x_wconf 76' lang='grc' dir='ltr'><strong>ιν,</strong></span> <span class='ocrx_word' id='word_1_695' title='bbox 1151 5033 1239 5085; x_wconf 82' lang='lat' dir='ltr'>2i.</span> 
     </span>
    </p>
   </div>
   <div class='ocr_carea' id='block_1_101' title="bbox 682 5097 1231 5171">
    <p class='ocr_par' dir='ltr' id='par_1_101' title="bbox 682 5097 1231 5171">
     <span class='ocr_line' id='line_1_101' title="bbox 682 5097 1231 5171; baseline 0.009 -19"><span class='ocrx_word' id='word_1_696' title='bbox 682 5097 734 5153; x_wconf 75' lang='grc'><strong>2.</strong></span> <span class='ocrx_word' id='word_1_697' title='bbox 811 5099 859 5135; x_wconf 73' lang='grc'>⁸³</span> <span class='ocrx_word' id='word_1_698' title='bbox 892 5100 1038 5156; x_wconf 85' lang='lat' dir='ltr'>Osée</span> <span class='ocrx_word' id='word_1_699' title='bbox 1077 5115 1152 5171; x_wconf 73' lang='grc' dir='ltr'>ιν,</span> <span class='ocrx_word' id='word_1_700' title='bbox 1180 5104 1231 5157; x_wconf 88' lang='lat'>6.</span> 
     </span>
    </p>
   </div>
   <div class='ocr_carea' id='block_1_102' title="bbox 1317 5029 1925 5096">
    <p class='ocr_par' dir='ltr' id='par_1_102' title="bbox 1317 5029 1925 5096">
     <span class='ocr_line' id='line_1_102' title="bbox 1317 5029 1925 5096; baseline 0.002 -13"><span class='ocrx_word' id='word_1_701' title='bbox 1317 5029 1366 5065; x_wconf 78' lang='lat'><strong>“</strong></span> <span class='ocrx_word' id='word_1_702' title='bbox 1437 5030 1584 5087; x_wconf 83' lang='lat' dir='ltr'>Psal.</span> <span class='ocrx_word' id='word_1_703' title='bbox 1645 5047 1797 5096; x_wconf 75' lang='lat' dir='ltr'>XLIII,</span> <span class='ocrx_word' id='word_1_704' title='bbox 1841 5035 1925 5088; x_wconf 83' lang='grc'><strong>19.</strong></span> 
     </span>
    </p>
   </div>
   <div class='ocr_carea' id='block_1_103' title="bbox 2006 5031 2559 5098">
    <p class='ocr_par' dir='ltr' id='par_1_103' title="bbox 2006 5031 2559 5098">
     <span class='ocr_line' id='line_1_103' title="bbox 2006 5031 2559 5098; baseline -0.004 -12"><span class='ocrx_word' id='word_1_705' title='bbox 2006 5033 2052 5067; x_wconf 76' lang='grc'>⁴³</span> <span class='ocrx_word' id='word_1_706' title='bbox 2106 5031 2218 5088; x_wconf 87' lang='lat' dir='ltr'>Isa.</span> <span class='ocrx_word' id='word_1_707' title='bbox 2261 5049 2413 5098; x_wconf 74' lang='lat' dir='ltr'>um,</span> <span class='ocrx_word' id='word_1_708' title='bbox 2471 5037 2559 5090; x_wconf 83' lang='grc'>17.</span> 
     </span>
    </p>
   </div>
   <div class='ocr_carea' id='block_1_104' title="bbox 1309 5101 2434 5171">
    <p class='ocr_par' dir='ltr' id='par_1_104' title="bbox 1309 5101 2434 5171">
     <span class='ocr_line' id='line_1_104' title="bbox 1309 5101 2434 5171; baseline 0.001 -15"><span class='ocrx_word' id='word_1_709' title='bbox 1309 5102 1356 5138; x_wconf 78' lang='grc'>⁵⁴</span> <span class='ocrx_word' id='word_1_710' title='bbox 1383 5101 1537 5159; x_wconf 88' lang='lat' dir='ltr'>Psal.</span> <span class='ocrx_word' id='word_1_711' title='bbox 1571 5118 1741 5167; x_wconf 79' lang='lat' dir='ltr'>uxu,</span> <span class='ocrx_word' id='word_1_712' title='bbox 1785 5103 1872 5159; x_wconf 77' lang='lat'>27.</span> <span class='ocrx_word' id='word_1_713' title='bbox 1904 5105 1953 5140; x_wconf 82' lang='grc'>⁸⁵</span> <span class='ocrx_word' id='word_1_714' title='bbox 1979 5104 2134 5160; x_wconf 81' lang='lat' dir='ltr'>Matt.</span> <span class='ocrx_word' id='word_1_715' title='bbox 2157 5120 2312 5171; x_wconf 69' lang='grc' dir='ltr'><strong>χχιιι,</strong></span> <span class='ocrx_word' id='word_1_716' title='bbox 2345 5105 2434 5160; x_wconf 91' lang='grc'>37.</span> 
     </span>
    </p>
   </div>
   <div class='ocr_carea' id='block_1_105' title="bbox 2447 4480 3923 4570">
    <p class='ocr_par' dir='ltr' id='par_1_105' title="bbox 2447 4491 3923 4570">
     <span class='ocr_line' id='line_1_105' title="bbox 2447 4491 3923 4570; baseline -0.004 -21"><span class='ocrx_word' id='word_1_717' title='bbox 2447 4501 2579 4550; x_wconf 78' lang='grc' dir='ltr'><strong>αῦτόι</strong></span> <span class='ocrx_word' id='word_1_718' title='bbox 2621 4504 2736 4550; x_wconf 82' lang='grc' dir='ltr'><strong>τότε</strong></span> <span class='ocrx_word' id='word_1_719' title='bbox 2796 4497 2916 4570; x_wconf 85' lang='grc' dir='ltr'><strong>παρ’</strong></span> <span class='ocrx_word' id='word_1_720' title='bbox 2967 4497 3142 4549; x_wconf 66' lang='grc' dir='ltr'><strong>αὑτοῦ.</strong></span> <span class='ocrx_word' id='word_1_721' title='bbox 3198 4500 3320 4566; x_wconf 83' lang='grc' dir='ltr'><strong>Περὶ</strong></span> <span class='ocrx_word' id='word_1_722' title='bbox 3349 4503 3440 4546; x_wconf 90' lang='grc' dir='ltr'>τοῦ</span> <span class='ocrx_word' id='word_1_723' title='bbox 3484 4499 3708 4566; x_wconf 78' lang='grc' dir='ltr'><strong>Χριστοῦ</strong></span> <span class='ocrx_word' id='word_1_724' title='bbox 3742 4491 3817 4560; x_wconf 70' lang='grc' dir='ltr'>γὰρ</span> <span class='ocrx_word' id='word_1_725' title='bbox 3841 4499 3923 4570; x_wconf 56' lang='grc' dir='ltr'>εἷθ-</span> 
     </span>
    </p>
   </div>
   <div class='ocr_carea' id='block_1_106' title="bbox 2446 4568 3921 4659">
    <p class='ocr_par' dir='ltr' id='par_1_106' title="bbox 2446 4582 3921 4659">
     <span class='ocr_line' id='line_1_106' title="bbox 2446 4582 3921 4659; baseline -0.004 -21"><span class='ocrx_word' id='word_1_726' title='bbox 2446 4589 2522 4639; x_wconf 86' lang='grc' dir='ltr'><strong>ὃτι</strong></span> <span class='ocrx_word' id='word_1_727' title='bbox 2549 4587 2750 4659; x_wconf 71' lang='grc' dir='ltr'>ἔμελλον</span> <span class='ocrx_word' id='word_1_728' title='bbox 2790 4585 3120 4656; x_wconf 75' lang='grc' dir='ltr'>τυφλωθῆναι</span> <span class='ocrx_word' id='word_1_729' title='bbox 3151 4590 3240 4636; x_wconf 86' lang='grc' dir='ltr'>καὶ</span> <span class='ocrx_word' id='word_1_730' title='bbox 3271 4586 3605 4656; x_wconf 81' lang='grc' dir='ltr'><strong>πωρωοῆναι,</strong></span> <span class='ocrx_word' id='word_1_731' title='bbox 3656 4585 3732 4632; x_wconf 80' lang='grc' dir='ltr'>καὶ</span> <span class='ocrx_word' id='word_1_732' title='bbox 3760 4582 3814 4647; x_wconf 70' lang='grc' dir='ltr'>μὴ</span> <span class='ocrx_word' id='word_1_733' title='bbox 3843 4588 3921 4620; x_wconf 53' lang='lat' dir='ltr'>mi&quot;</span> 
     </span>
    </p>
   </div>
   <div class='ocr_carea' id='block_1_107' title="bbox 2445 4665 3920 4750">
    <p class='ocr_par' dir='ltr' id='par_1_107' title="bbox 2445 4665 3920 4750">
     <span class='ocr_line' id='line_1_107' title="bbox 2445 4665 3920 4750; baseline -0.005 -21"><span class='ocrx_word' id='word_1_734' title='bbox 2445 4674 2584 4750; x_wconf 65' lang='grc' dir='ltr'>μηδὲ</span> <span class='ocrx_word' id='word_1_735' title='bbox 2630 4681 2856 4727; x_wconf 77' lang='grc' dir='ltr'><strong>συνιέναι</strong></span> <span class='ocrx_word' id='word_1_736' title='bbox 2909 4677 2982 4727; x_wconf 76' lang='grc' dir='ltr'><strong>ὅτι</strong></span> <span class='ocrx_word' id='word_1_737' title='bbox 3062 4680 3186 4734; x_wconf 83' lang='grc' dir='ltr'>Θεὸς</span> <span class='ocrx_word' id='word_1_738' title='bbox 3249 4672 3380 4737; x_wconf 76' lang='grc' dir='ltr'><strong>ἐστι,</strong></span> <span class='ocrx_word' id='word_1_739' title='bbox 3471 4669 3604 4743; x_wconf 77' lang='grc' dir='ltr'>μηδ’</span> <span class='ocrx_word' id='word_1_740' title='bbox 3663 4665 3920 4736; x_wconf 52' lang='grc' dir='ltr'><strong>ἐπιστριὲἱῖί</strong></span> 
     </span>
    </p>
   </div>
   <div class='ocr_carea' id='block_1_108' title="bbox 2448 4750 3955 4836">
    <p class='ocr_par' dir='ltr' id='par_1_108' title="bbox 2448 4750 3955 4836">
     <span class='ocr_line' id='line_1_108' title="bbox 2448 4750 3955 4836; baseline -0.013 -8"><span class='ocrx_word' id='word_1_741' title='bbox 2448 4765 2548 4817; x_wconf 74' lang='grc' dir='ltr'>ἀπὸ</span> <span class='ocrx_word' id='word_1_742' title='bbox 2581 4773 2675 4826; x_wconf 80' lang='grc' dir='ltr'>τῆς</span> <span class='ocrx_word' id='word_1_743' title='bbox 2704 4764 2920 4830; x_wconf 76' lang='grc' dir='ltr'><strong>πλάνης,</strong></span> <span class='ocrx_word' id='word_1_744' title='bbox 2953 4768 3041 4816; x_wconf 76' lang='grc' dir='ltr'><strong>καὶ</strong></span> <span class='ocrx_word' id='word_1_745' title='bbox 3097 4763 3305 4820; x_wconf 79' lang='grc' dir='ltr'><strong>ἰαθῆναι</strong></span> <span class='ocrx_word' id='word_1_746' title='bbox 3351 4763 3417 4815; x_wconf 78' lang='grc' dir='ltr'>τὰ</span> <span class='ocrx_word' id='word_1_747' title='bbox 3444 4764 3712 4836; x_wconf 75' lang='grc' dir='ltr'><strong>τραύματα</strong></span> <span class='ocrx_word' id='word_1_748' title='bbox 3735 4764 3809 4812; x_wconf 72' lang='grc' dir='ltr'>τῆς</span> <span class='ocrx_word' id='word_1_749' title='bbox 3831 4750 3919 4820; x_wconf 36' lang='lat' dir='ltr'>Mi;</span> <span class='ocrx_word' id='word_1_750' title='bbox 3954 4801 3955 4808; x_wconf 48' lang='grc' dir='ltr'><strong>η</strong></span> 
     </span>
    </p>
   </div>
   <div class='ocr_carea' id='block_1_109' title="bbox 2447 4855 2635 4909">
    <p class='ocr_par' dir='ltr' id='par_1_109' title="bbox 2447 4855 2635 4909">
     <span class='ocr_line' id='line_1_109' title="bbox 2447 4855 2635 4909; baseline 0.011 -2"><span class='ocrx_word' id='word_1_751' title='bbox 2447 4855 2635 4909; x_wconf 74' lang='grc' dir='ltr'><strong>αὐτῶν.</strong></span> 
     </span>
    </p>
   </div>
   <div class='ocr_carea' id='block_1_110' title="bbox 3644 5019 3907 5076">
    <p class='ocr_par' dir='ltr' id='par_1_110' title="bbox 3644 5019 3907 5076">
     <span class='ocr_line' id='line_1_110' title="bbox 3644 5019 3907 5076; baseline -0.008 -16"><span class='ocrx_word' id='word_1_752' title='bbox 3644 5027 3687 5060; x_wconf 73' lang='grc'>51</span> <span class='ocrx_word' id='word_1_753' title='bbox 3741 5023 3824 5076; x_wconf 63' lang='grc' dir='ltr'>ιω,</span> <span class='ocrx_word' id='word_1_754' title='bbox 3867 5019 3907 5063; x_wconf 74' lang='lat' dir='ltr'>Ltl</span> 
     </span>
    </p>
   </div>
   <div class='ocr_carea' id='block_1_111' title="bbox 2641 5028 3568 5100">
    <p class='ocr_par' dir='ltr' id='par_1_111' title="bbox 2641 5028 3568 5100">
     <span class='ocr_line' id='line_1_111' title="bbox 2641 5028 3568 5100; baseline -0.002 -14"><span class='ocrx_word' id='word_1_755' title='bbox 2641 5033 2692 5074; x_wconf 67' lang='lat' dir='ltr'>5o</span> <span class='ocrx_word' id='word_1_756' title='bbox 2739 5033 2906 5087; x_wconf 84' lang='lat' dir='ltr'>Rom.</span> <span class='ocrx_word' id='word_1_757' title='bbox 2964 5051 2997 5100; x_wconf 87' lang='grc' dir='ltr'><strong>ι,</strong></span> <span class='ocrx_word' id='word_1_758' title='bbox 3032 5034 3121 5087; x_wconf 78' lang='lat'>28.</span> <span class='ocrx_word' id='word_1_759' title='bbox 3200 5031 3242 5066; x_wconf 76' lang='grc' dir='ltr'>ιι</span> <span class='ocrx_word' id='word_1_760' title='bbox 3282 5028 3426 5086; x_wconf 90' lang='lat' dir='ltr'>ibid.</span> <span class='ocrx_word' id='word_1_761' title='bbox 3481 5032 3568 5084; x_wconf 75' lang='lat' dir='ltr'>2s.</span> 
     </span>
    </p>
   </div>
   <div class='ocr_carea' id='block_1_112' title="bbox 2512 5105 2906 5168">
    <p class='ocr_par' dir='ltr' id='par_1_112' title="bbox 2512 5105 2906 5168">
     <span class='ocr_line' id='line_1_112' title="bbox 2512 5105 2906 5168; baseline -0.01 -8"><span class='ocrx_word' id='word_1_762' title='bbox 2512 5105 2559 5140; x_wconf 77' lang='grc'>⁵⁸</span> <span class='ocrx_word' id='word_1_763' title='bbox 2602 5105 2714 5160; x_wconf 87' lang='lat' dir='ltr'>lsa.</span> <span class='ocrx_word' id='word_1_764' title='bbox 2745 5121 2820 5168; x_wconf 79' lang='lat' dir='ltr'>vi,</span> <span class='ocrx_word' id='word_1_765' title='bbox 2861 5109 2906 5158; x_wconf 85' lang='lat' dir='ltr'>t.</span> 
     </span>
    </p>
   </div>
   <div class='ocr_carea' id='block_1_113' title="bbox 1907 5308 2818 5379">
    <p class='ocr_par' dir='ltr' id='par_1_113' title="bbox 1907 5308 2818 5379">
     <span class='ocr_line' id='line_1_113' title="bbox 1907 5308 2818 5379; baseline -0.004 0"><span class='ocrx_word' id='word_1_766' title='bbox 1907 5308 2123 5379; x_wconf 77' lang='lat' dir='ltr'>Variae</span> <span class='ocrx_word' id='word_1_767' title='bbox 2142 5308 2468 5379; x_wconf 90' lang='lat' dir='ltr'>lectiones</span> <span class='ocrx_word' id='word_1_768' title='bbox 2509 5317 2572 5379; x_wconf 88' lang='lat' dir='ltr'>et</span> <span class='ocrx_word' id='word_1_769' title='bbox 2615 5319 2818 5377; x_wconf 65' lang='lat' dir='ltr'>notae.</span> 
     </span>
    </p>
   </div>
   <div class='ocr_carea' id='block_1_114' title="bbox 752 5503 2342 5638">
    <p class='ocr_par' dir='ltr' id='par_1_114' title="bbox 752 5503 2342 5638">
     <span class='ocr_line' id='line_1_114' title="bbox 752 5503 2342 5638; baseline 0.003 -79"><span class='ocrx_word' id='word_1_770' title='bbox 752 5505 942 5638; x_wconf 44' lang='grc' dir='ltr'>(ϐιέΑ</span> <span class='ocrx_word' id='word_1_771' title='bbox 975 5503 1141 5575; x_wconf 90' lang='lat' dir='ltr'>ponit</span> <span class='ocrx_word' id='word_1_772' title='bbox 1169 5503 1529 5562; x_wconf 82' lang='lat' dir='ltr'>vocabulum</span> <span class='ocrx_word' id='word_1_773' title='bbox 1581 5510 1757 5581; x_wconf 80' lang='grc' dir='ltr'><strong>Κύριε,</strong></span> <span class='ocrx_word' id='word_1_774' title='bbox 1810 5508 1983 5580; x_wconf 83' lang='lat' dir='ltr'>paulo</span> <span class='ocrx_word' id='word_1_775' title='bbox 2022 5512 2175 5582; x_wconf 88' lang='lat' dir='ltr'>post,</span> <span class='ocrx_word' id='word_1_776' title='bbox 2205 5512 2342 5565; x_wconf 87' lang='lat' dir='ltr'>ante</span> 
     </span>
     <span class='ocr_line' id='line_1_115' title="bbox 756 5597 910 5638; baseline -0.006 -9"><span class='ocrx_word' id='word_1_777' title='bbox 756 5597 852 5638; x_wconf 79' lang='grc' dir='ltr'>νιχ</span> <span class='ocrx_word' id='word_1_778' title='bbox 897 5615 910 5628; x_wconf 94' lang='grc'>.</span> 
     </span>
    </p>
   </div>
   <div class='ocr_carea' id='block_1_115' title="bbox 688 5595 910 5650">
    <p class='ocr_par' dir='ltr' id='par_1_115' title="bbox 688 5595 910 5650">
     <span class='ocr_line' id='line_1_116' title="bbox 688 5595 910 5650; baseline 0 -22"><span class='ocrx_word' id='word_1_779' title='bbox 688 5595 886 5650; x_wconf 70' lang='grc' dir='ltr'>συνεχῆ</span> <span class='ocrx_word' id='word_1_780' title='bbox 897 5615 910 5628; x_wconf 94' lang='grc'>.</span> 
     </span>
    </p>
   </div>
   <div class='ocr_carea' id='block_1_116' title="bbox 2523 5506 3254 5580">
    <p class='ocr_par' dir='ltr' id='par_1_116' title="bbox 2523 5506 3254 5580">
     <span class='ocr_line' id='line_1_117' title="bbox 2523 5506 3254 5580; baseline -0.001 -17"><span class='ocrx_word' id='word_1_781' title='bbox 2523 5507 2638 5580; x_wconf 74' lang='lat'>(82)</span> <span class='ocrx_word' id='word_1_782' title='bbox 2665 5506 2740 5559; x_wconf 77' lang='grc' dir='ltr'>οὐ</span> <span class='ocrx_word' id='word_1_783' title='bbox 2767 5526 2918 5580; x_wconf 84' lang='grc' dir='ltr'><strong>μονον</strong></span> <span class='ocrx_word' id='word_1_784' title='bbox 2947 5506 3166 5562; x_wconf 87' lang='lat' dir='ltr'>absunt</span> <span class='ocrx_word' id='word_1_785' title='bbox 3193 5511 3254 5562; x_wconf 80' lang='grc' dir='ltr'><strong>Δ.</strong></span> 
     </span>
    </p>
   </div>
   <div class='ocr_carea' id='block_1_117' title="bbox 759 5724 2369 5806">
    <p class='ocr_par' dir='ltr' id='par_1_117' title="bbox 759 5727 2369 5802">
     <span class='ocr_line' id='line_1_118' title="bbox 759 5727 2369 5802; baseline 0.001 -15"><span class='ocrx_word' id='word_1_786' title='bbox 759 5730 884 5802; x_wconf 84' lang='lat' dir='ltr'>(gg)</span> <span class='ocrx_word' id='word_1_787' title='bbox 931 5727 1488 5786; x_wconf 86' lang='lat' dir='ltr'>Demonstrativum.</span> <span class='ocrx_word' id='word_1_788' title='bbox 1527 5729 1644 5786; x_wconf 85' lang='lat' dir='ltr'>Hoc</span> <span class='ocrx_word' id='word_1_789' title='bbox 1667 5729 1735 5785; x_wconf 90' lang='lat' dir='ltr'>de</span> <span class='ocrx_word' id='word_1_790' title='bbox 1767 5744 1876 5787; x_wconf 93' lang='lat' dir='ltr'>suo</span> <span class='ocrx_word' id='word_1_791' title='bbox 1908 5729 2157 5795; x_wconf 89' lang='lat' dir='ltr'>addidit,</span> <span class='ocrx_word' id='word_1_792' title='bbox 2185 5745 2254 5786; x_wconf 89' lang='lat' dir='ltr'>ac</span> <span class='ocrx_word' id='word_1_793' title='bbox 2290 5731 2335 5787; x_wconf 92' lang='lat' dir='ltr'>si</span> <span class='ocrx_word' id='word_1_794' title='bbox 2363 5746 2369 5788; x_wconf 70' lang='lat'><strong>1</strong></span> 
     </span>
    </p>
   </div>
   <div class='ocr_carea' id='block_1_118' title="bbox 1439 5724 3049 5806">
    <p class='ocr_par' dir='ltr' id='par_1_118' title="bbox 1439 5724 3049 5806">
     <span class='ocr_line' id='line_1_119' title="bbox 1439 5724 3049 5806; baseline -0.004 -20"><span class='ocrx_word' id='word_1_795' title='bbox 1439 5746 1488 5786; x_wconf 80' lang='grc' dir='ltr'><strong>η.</strong></span> <span class='ocrx_word' id='word_1_796' title='bbox 1527 5729 1644 5786; x_wconf 83' lang='grc' dir='ltr'>Ηοο</span> <span class='ocrx_word' id='word_1_797' title='bbox 1667 5729 1735 5785; x_wconf 90' lang='lat' dir='ltr'>de</span> <span class='ocrx_word' id='word_1_798' title='bbox 1767 5744 1876 5787; x_wconf 93' lang='lat' dir='ltr'>suo</span> <span class='ocrx_word' id='word_1_799' title='bbox 1908 5729 2157 5795; x_wconf 89' lang='lat' dir='ltr'>addidit,</span> <span class='ocrx_word' id='word_1_800' title='bbox 2185 5745 2254 5786; x_wconf 89' lang='lat' dir='ltr'>ac</span> <span class='ocrx_word' id='word_1_801' title='bbox 2290 5731 2335 5787; x_wconf 92' lang='lat' dir='ltr'>si</span> <span class='ocrx_word' id='word_1_802' title='bbox 2363 5728 2642 5806; x_wconf 89' lang='lat' dir='ltr'>repererit</span> <span class='ocrx_word' id='word_1_803' title='bbox 2669 5724 3049 5782; x_wconf 79' lang='grc' dir='ltr'><strong>ἀποδεικτικὸν.</strong></span> 
     </span>
    </p>
   </div>
  </div>
