4076 6436
94 355 121 411 1
131 355 236 416 373

1163 357 1528 414 COMMENT.
1569 357 1646 414 IN
1683 357 2035 414 ιῘΟΑΝΝΕΜ.
2078 391 2142 400 -
2185 359 2343 416 CAP.
2376 359 2499 414 XII.

3331 327 3474 414 1371

164 481 343 555 Ὅμως
405 513 476 525 -
528 490 682 538 Θεοῦ.
734 483 846 537 Ούκ
896 484 998 557 ἄρα
1048 484 1304 559 ἄρχοντες
1357 481 1512 549 ἦσαν,
1570 482 1699 536 ἀλλά

1885 484 2045 540 Vers.
2071 488 2157 542 42.
2197 485 2858 542 Verumtamen—Vers.
2884 485 2974 541 43.
3001 484 3130 541 Dei.
3159 482 3471 555 Siquidem

96 569 273 625 δοῦλοι
313 568 474 636 δόξης
525 571 865 648 ἀνθρωπίνης.
936 575 1031 625 Διὰ
1079 581 1232 626 τούτο
1281 578 1371 626 καὶ
1429 576 1453 625 6
1507 577 1699 648 Κύριος

96 661 258 732 ἂεγεν
315 661 509 724 αὐτοῖς’
581 669 695 724 Πῶς
749 659 975 714 δύνασθε
1040 663 1184 734 ὑμεῖς
1239 671 1547 728 πιστεύσαι,
1609 659 1697 714 δό-

96 750 185 812 ξαν
255 753 398 824 παρά
465 749 693 809 ἀλλήλων
762 749 1130 824 λαμϐάνοντες,
1211 757 1302 804 καὶ
1380 756 1474 811 τήν
1538 749 1700 816 δόξαν

98 843 192 896 τὴν
215 841 360 914 παρὰ
383 847 474 892 τοῦ
503 844 660 912 μόνον
687 845 813 893 Θεοῦ
841 840 900 892 ού
931 844 1234 909 ζητοῦντες

175 927 376 988 Ἰησοῦς
405 959 474 968 -—
529 947 611 1000 με.
659 924 930 988 Ἐνδόντος
978 935 1090 990 τοῖς
1135 929 1252 998 (83)
1305 927 1582 990 Ἰουδαίοις
1611 937 1702 982 τοῦ

106 1018 292 1088 θυμοῦ,
349 1017 502 1069 πάλιν
564 1016 781 1090 ἀνεφάνη
849 1022 939 1069 καὶ
1004 1013 1275 1074 διδάσκει.
1332 1017 1398 1072 Ὀ
1454 1016 1514 1072 δι
1567 1019 1704 1091 λέγει

103 1110 333 1158 τοιοῦτόν
443 1105 603 1158 ἔστιν’
675 1106 734 1159 '0
802 1108 1063 1160 πιστεύων
1141 1107 1211 1169 εἰς
1305 1107 1391 1180 ἐμὲ
1465 1112 1704 1161 πιστεύει

106 1196 177 1257 εἰς
227 1199 313 1247 τὸν
357 1195 633 1266 πέμψαντά
677 1213 758 1268 με·
805 1198 864 1248 ού
907 1200 1059 1268 μόνον
1104 1193 1244 1249 διότι
1296 1202 1393 1270 μία
1423 1201 1578 1270 φύσις
1616 1203 1704 1251 καὶ

107 1285 286 1346 θεότης
319 1286 528 1358 ἀμφοῖν,
585 1284 712 1336 ἀλλὰ
761 1290 850 1337 καὶ
899 1281 1039 1337 διότι
1074 1286 1104 1343 ἡ
1140 1286 1206 1346 εἰς
1244 1290 1330 1338 τόν
1379 1286 1706 1360 ἀπεσταλμέ-

101 1393 184 1426 νον
237 1379 363 1446 τιμη
415 1374 487 1436 εἰς
537 1378 624 1427 τόν
677 1374 1059 1427 ἀποστείλαντα
1105 1371 1387 1433 διαϐαίνει.
1431 1380 1500 1430 T6
1555 1374 1614 1431 δὲ
1644 1378 1702 1430 ού

102 1466 337 1516 πιστεύει
403 1463 474 1525 εἰς
541 1465 626 1536 ἐμὲ
706 1461 852 1516 δοκεῖ
917 1467 1006 1535 μεν
1096 1463 1380 1537 ἀρνήσεως,
1466 1469 1578 1518 ἔστι
1645 1464 1704 1520 δὲ

100 1552 290 1624 μᾶλλον
359 1563 656 1628 προτροπῆς
721 1553 795 1614 εἰς
862 1557 922 1605 τό
990 1557 1273 1606 πιστεύειν.
1347 1562 1590 1608 Τοιοῦτον
1646 1554 1704 1610 δὲ

100 1640 214 1693 ἐστι
261 1646 350 1694 καὶ
399 1646 478 1694 τό·
535 1648 577 1694 0
635 1640 721 1714 ἐμὲ
778 1639 1066 1716 δεχόμενος
1130 1643 1224 1696 ούκ
1302 1643 1389 1716 ἐμὲ
1463 1641 1700 1717 δέχεται,

100 1729 229 1783 ἀλλὰ
325 1734 412 1783 τὸν
503 1729 879 1784 ἀποστείλαντά
983 1751 1066 1805 με.

100 1823 190 1872 καὶ
227 1819 341 1892 (84)
376 1823 444 1872 τὰ
468 1821 712 1878 τοιαῦτ-ἆ,

175 1915 288 1984 Χρὴ
350 1907 409 1962 δὲ
476 1915 748 1981 γινώσκειν
805 1911 884 1962 ὅτι
937 1910 1106 1985 ἔτερόν
1158 1910 1270 1964 ἔστι
1326 1915 1385 1964 τὸ
1440 1916 1703 1966 πιστεύειν

1165 1728 1513 1806 Ἰδιωματικά
1601 1738 1703 1810 γὰρ

103 1997 264 2069 αύτῷ,
316 2003 406 2050 καὶ
452 1999 620 2072 ἕτερον
673 1997 786 2051 ἐστι
846 2002 905 2051 τὸ
961 2002 1224 2053 πιστεύειν
1279 2001 1349 2063 εἰς
1415 2003 1588 2055 αύτόνο
1643 2009 1703 2057 τό

108 2091 197 2159 μὲν
223 2089 324 2160 γάρ
356 2087 470 2139 ἐστι
500 2090 558 2138 τὸ
606 2091 868 2140 πιστεύειν
898 2095 1004 2149 τοῖς
1030 2088 1199 2160 λόγοις
1237 2090 1420 2160 αὐτοῦ,
1451 2093 1476 2143 ὅ
1503 2097 1591 2145 xui
1621 2093 1706 2147 ἐπὶ

101 2184 200 2228 τῶν
260 2175 423 2227 ἄλλων
474 2173 754 2248 ἀνθρώπων
801 2176 1024 2248 λέγεταιο
1076 2180 1135 2230 τὸ
1186 2175 1246 2230 δέ
1292 2177 1403 2231 ἐστι
1444 2185 1706 2235 πιστεύειν

103 2263 177 2326 εἰς
239 2269 333 2323 τὴν
395 2266 614 2322 θεότητα
679 2264 862 2332 αύτού,
931 2267 1050 2339 ὅπερ
1107 2267 1192 2320 ἐπὶ
1249 2271 1376 2321 Θεοῦ
1429 2274 1587 2342 μόνον
1632 2270 1706 2323 λέ-

99 2373 274 2425 γεται.

175 2447 277 2496 Καὶ
325 2472 397 2484 -
439 2462 524 2515 με.
579 2446 812 2516 Θεωρίαν
867 2447 961 2502 τὴν
1005 2440 1099 2496 διὰ
1154 2452 1246 2497 τοῦ
1288 2453 1376 2499 νοῦ
1424 2447 1586 2519 λέγει·
1627 2450 1705 2501 ὅτι

92 2530 154 2584 Ὀ
213 2535 370 2604 γνούς
433 2535 528 2590 τήν
577 2531 706 2604 ἐμὴν
770 2535 991 2591 θεότητα
1037 2536 1165 2604 ἔγνω
1216 2540 1309 2594 τήν
1359 2544 1451 2588 τοῦ
1502 2543 1705 2612 Πατρός

88 2641 214 2694 μου.
268 2625 380 2674 Μία
419 2624 522 2696 γὰρ
585 2625 674 2674 xui
725 2623 752 2680 ἦ
804 2624 935 2680 αύτὴ
984 2625 1166 2684 θεότης
1198 2622 1249 2674 ἐν
1289 2627 1436 2697 ἡμῖν.
1470 2631 1570 2679 Καὶ
1602 2626 1703 2698 ἐγὼ

97 2711 249 2764 εἰκών
284 2711 391 2783 εἰμι
419 2718 512 2763 τού
553 2714 758 2786 Πατρός
788 2709 1202 2788 ἀπαράλλακτος.

169 2895 367 2962 Θεωρεῖ
413 2887 473 2942 δέ
510 2909 589 2952 τις
639 2894 732 2950 τὴν
780 2897 871 2943 τοῦ
925 2898 1162 2962 Χριστοῦ
1204 2894 1424 2952 θεότητα
1468 2895 1562 2947 ούκ
1601 2895 1701 2949 ἀπὸ

93 2987 187 3038 τῆς
245 2981 442 3049 φύσεως
508 2978 690 3041 αὐτῆς
748 2977 1042 3052 ἀθεώρητος
1114 2983 1214 3055 γὰρ
1265 2984 1294 3040 ἠ
1356 2984 1468 3034 θεία
1525 2986 1697 3055 φύσις,

94 3071 191 3118 καὶ
221 3067 476 3127 παντελῶς
530 3066 824 3129 ἀνεννόητος
863 3070 1000 3119 κατὰ
1028 3073 1108 3120 τό⁶
1142 3072 1271 3122 Θεὸν
1309 3067 1484 3133 οὐδεὶς
1513 3072 1704 3146 ἑώρακε

95 3160 323 3208 πώποτεο
383 3154 489 3206 ἀλλ’
549 3154 648 3207 ἀπό
701 3164 800 3208 τῶν
861 3158 1150 3230 θεοπρεπῶν
1191 3160 1348 3233 ἔργων
1396 3165 1486 3212 καὶ
1540 3160 1702 3233 λόγων

102 3263 286 3298 αντου.

167 3331 298 3404 Ἐγὼ
378 3363 446 3372 —
508 3331 748 3391 ἐλήλυθα.
814 3339 925 3394 Φῶς
986 3337 1169 3392 νοητόν
1216 3334 1350 3387 λύων
1407 3340 1464 3389 1'6
1519 3341 1702 3397 νοητὸν

98 3427 300 3484 σκότος,
359 3426 450 3474 καὶ
501 3418 596 3474 διὰ
648 3430 747 3474 τῶν
824 3424 1114 3498 θεοπρεπῶν
1168 3426 1326 3496 ἔργων
1391 3433 1481 3480 καὶ
1539 3427 1701 3500 λόγων

96 3509 490 3586 παραδεικνύων
543 3514 638 3574 τὰς
685 3513 892 3574 ἀκτῖνας
935 3521 1027 3574 τῆς
1075 3515 1316 3577 θεότητος
1358 3523 1464 3577 τοῖς
1502 3518 1702 3589 ύγιέσιν

99 3601 401 3675 ὀφθαλμοῖς.

162 3691 275 3746 Ἰνα
303 3723 373 3732 -
419 3695 591 3764 μείνῃ.
635 3699 708 3765 Τῇ
760 3699 857 3754 τῆς
893 3691 1110 3758 πλάνης,
1163 3700 1226 3766 τῇ
1277 3701 1372 3755 τῆς
1419 3693 1698 3769 ἁμαρτίας.

90 3786 355 3855 Διαφόρως
424 3777 481 3834 δὲ
534 3783 602 3833 τά
653 3781 787 3833 αὐτὰ
829 3780 965 3852 λέγει
1033 3778 1535 3859 διαμαρτυρόμενος,
1604 3791 1695 3869 xui

89 3880 153 3944 τῇ
191 3875 440 3943 συνεχείᾳ
481 3869 709 3942 μαλάξαι
755 3873 814 3922 τὸ
873 3870 1097 3946 σκληρόν
1145 3879 1238 3934 τῆς
1269 3870 1498 3948 καρδίας
1528 3875 1697 3928 αὐτῶν

96 3960 425 4034 βουλόμενος,
471 3964 561 4011 καὶ
609 3965 709 4011 πᾶν
755 3959 999 4032 εἰσφέρων
1046 3964 1102 4012 τό
1151 3960 1362 4014 ἐαυτοῦ”
1419 3961 1511 4018 διὰ
1549 3973 1699 4018 τούτο

95 4051 195 4123 γὰρ
227 4053 316 4100 καὶ
343 4047 540 4120 ἕκραξε.

173 4141 272 4190 Καὶ
297 4167 365 4176 ——
387 4137 562 4192 αὐτόν.
592 4136 676 4190 Ἐν
707 4143 778 4207 τῷ
808 4143 894 4189 νῦν
925 4137 1092 4193 αἰῶνι.

171 4225 246 4277 Ού
303 4256 373 4265 -
427 4229 645 4297 κόσμον.
692 4221 814 4279 Εἶπε
860 4230 946 4278 xui
1001 4225 1048 4279 ἐν
1098 4235 1169 4299 τῷ
1229 4233 1386 4303 τρίτῳ
1443 4230 1700 4304 κεφαλαίῳ

96 4315 180 4368 ὅτι
237 4313 348 4367 Ούκ
403 4311 694 4367 ἀπέστειλεν
763 4317 788 4366 6
844 4319 970 4377 Θεὸς

98 4408 184 4456 τόν
260 4407 478 4469 κόσμον,

1046 4320 1132 4368 τὸν
1218 4320 1336 4370 Υἰόν
1412 4318 1572 4370 αύτού
1631 4319 1702 4381 εἰς

568 4404 650 4456 ἱνα
723 4409 871 4478 κρίνῃ
955 4411 1042 4458 τόν
1128 4411 1344 4478 κόσμον,
1435 4406 1541 4458 ἀλλ’
1618 4408 1702 4460 ἵνα

98 4493 243 4564 σωθῇ
273 4493 298 4544 6
329 4496 521 4564 κόσμος
548 4489 626 4546 δι’
653 4493 832 4549 αὐτοῦ.
864 4499 965 4548 Καὶ
1012 4497 1270 4566 ἀνάγνωθι
1293 4495 1444 4548 πάλιν
1475 4495 1580 4548 ἐκεῖ
1605 4501 1699 4556 τὴν

95 4581 349 4651 ἐξήγησιν
381 4577 434 4634 εὖ
464 4580 717 4654 ἔχουσαι.

165 4669 224 4723 Ὀ
273 4702 342 4710 -
393 4670 567 4727 αὐτόν.
598 4670 656 4724 Ὁ
705 4671 926 4724 ἀπειθῶν
958 4670 1071 4744 ἐμοὶ
1102 4677 1287 4745 καὶμὴ
1323 4670 1603 4746 δεχόμενος
1634 4677 1700 4727 τὰ

91 4761 307 4836 ῥήματά
331 4779 431 4832 μου
459 4760 568 4831 ἔχει
609 4764 695 4812 τόν
729 4761 840 4832 (85)
872 4766 1268 4834 κατακρίνοντα,
1298 4767 1384 4814 τόν
1416 4763 1702 4836 ἐλέγχοντα

94 4849 278 4906 αύτόν,
317 4854 404 4911 Τίς
431 4845 492 4902 δέ
514 4848 654 4901 ἔστιν
690 4849 860 4918 οὗτος,
891 4851 1138 4906 ἄκουσον.

166 4943 224 4988 Ὀ
267 4937 420 5010 λόγος
465 4969 537 4981 —
582 4940 768 5012 ἡμέρᾳ.
817 4942 906 5002 Τίς
939 4935 1000 4992 δέ
1045 4941 1070 4992 6
1116 4939 1268 5013 λόγος
1311 4941 1479 5009 οὗτος,
1523 4940 1698 4994 ἑνωτι-

100 5025 280 5080 σθητμ

169 5197 406 5257 5".Ioan.
438 5217 495 5274 v,
532 5206 619 5260 44.
732 5206 780 5242 ⁵³
823 5205 1003 5264 Marc.
1036 5217 1117 5273 ix,
1147 5210 1235 5266 37.
1278 5209 1327 5245 ⁶⁹
1353 5211 1518 5266 Joan.
1553 5225 1592 5279 ι,
1623 5212 1710 5268 t8.

1812 573 2090 646 princeps
2122 589 2244 629 non
2258 579 2446 639 erant,
2475 574 2579 629 sed
2605 575 2757 630 servi
2784 573 2986 645 glorise
3008 573 3316 628 humanae.
3344 575 3476 629 Pro-

1811 663 2206 736 ptereaetiam
2237 664 2524 719 Dominus
2563 663 2674 719 illis
2707 663 2962 720 dicebat:
2992 663 3291 730 Quomodo
3312 667 3474 732 pote-

1810 753 1914 808 stis
1946 769 2043 809 vos
2073 753 2326 815 credere,
2355 769 2486 809 cum
2522 755 2774 822 gloriam
2806 771 2840 807 a
2861 754 3020 810 vobis
3042 759 3247 808 mutuo
3274 768 3476 808 suma-

1814 843 1888 898 tis
1921 849 1975 899 et
2004 843 2258 912 gloriam
2293 858 2413 913 qua?
2444 858 2480 898 a
2508 845 2634 898 solo
2660 843 2777 898 Deo
2802 849 2882 899 est
2925 859 3040 898 non
3069 841 3349 913 quaeratis
3375 843 3423 877 ⁸⁷
3449 842 3477 896 ἲ

1881 933 2038 986 Vers.
2070 931 2328 987 4i.Jesus
2345 962 2413 972 —
2433 932 2664 988 me.Miti
2677 937 2811 1000 gata
2825 931 3170 987 indecorum
3185 931 3271 986 ira
3295 946 3474 1003 appa-

1811 1020 1929 1076 ruit
1956 1021 2170 1075 iterum
2193 1026 2249 1075 et
2277 1020 2470 1077 docet.
2496 1021 2665 1086 Quod
2689 1027 2881 1076 autem
2913 1021 3073 1089 dicit,
3097 1020 3473 1076 tantumdem

1814 1114 1920 1176 est,
1953 1125 2022 1164 ac
2055 1109 2100 1164 si
2131 1109 2292 1165 dicat
2323 1110 2464 1177 :Qui
2487 1110 2676 1166 credit
2699 1111 2763 1164 in
2783 1125 2886 1175 me,
2913 1111 3101 1166 credit
3120 1111 3181 1166 in
3213 1109 3472 1180 eum,qui

1813 1215 1900 1254 me
1928 1199 2102 1254 misit:
2119 1214 2239 1253 non
2255 1199 2448 1254 solum
2465 1199 2609 1271 quia
2633 1215 2752 1255 una
2765 1204 2854 1256 est
2873 1204 3088 1255 natura
3100 1203 3157 1254 et
3180 1199 3462 1254 divinitas

1814 1287 2154 1353 amborum,
2184 1303 2392 1344 verum
2423 1289 2624 1355 etiam,
2653 1290 2797 1362 quia
2825 1289 3020 1345 honor
3041 1289 3096 1344 ei
3126 1289 3229 1361 qui
3250 1288 3468 1344 missus

1814 1383 1920 1442 est,
1944 1376 2261 1440 exhibitus,
2291 1377 2586 1433 redundat
2617 1378 2676 1433 in
2707 1393 2843 1433 eum
2877 1377 2978 1450 qui
3011 1377 3187 1432 misit.
3218 1379 3282 1432 Et
3307 1375 3468 1448 quod

1814 1465 1915 1529 ait,
1941 1465 2072 1520 Non
2102 1466 2288 1521 credit
2313 1468 2375 1520 in
2405 1481 2507 1532 me,
2550 1466 2784 1521 videtur
2813 1466 3062 1538 quidem
3104 1466 3460 1534 negationis,

1815 1553 1914 1609 sed
1942 1554 2135 1623 magis
2165 1559 2255 1609 est
2281 1554 2706 1610 exhortationis
2735 1555 2811 1610 ad
2853 1555 3237 1610 credendum.
3269 1553 3469 1611 Simile

1813 1659 2050 1715 quoque
2081 1648 2173 1698 est
2201 1650 2256 1697 et
2281 1643 2424 1698 illud
2449 1661 2462 1698 :
2490 1645 2604 1712 Qui
2627 1645 2934 1715 susceperit
2965 1659 3067 1708 me,
3097 1660 3213 1699 non
3241 1659 3328 1699 me
3351 1659 3476 1699 sus-

1815 1732 1957 1800 cipit
1978 1731 2068 1787 sed
2096 1747 2228 1788 eum
2248 1733 2353 1803 qui
2371 1733 2530 1788 misit
2554 1748 2645 1788 me
2670 1734 2738 1788 ⁵⁸.
2786 1736 2931 1788 Nam
2958 1738 3014 1788 et
3042 1733 3168 1788 haec
3217 1732 3471 1789 idioma-

1735 1837 1779 1892 Β
1815 1821 1888 1876 tis
1926 1825 2063 1876 sunt
2093 1821 2328 1891 aliaque
2348 1821 2725 1892 .hujusmodi.

1891 1911 2046 1966 Scire
2077 1915 2278 1966 autem
2321 1914 2576 1982 oportet,
2610 1911 2762 1983 quod
2787 1910 2948 1966 aliud
2989 1915 3073 1966 est
3104 1910 3348 1967 credere
3396 1911 3471 1975 ei,

1815 2015 2001 2072 quam
2029 1999 2265 2055 credere
2304 2000 2364 2055 in
2395 2017 2554 2065 eum;
2587 2000 2729 2056 illud
2769 2000 3065 2071 siquidem
3092 2005 3198 2066 est,
3229 2000 3467 2056 credere

1815 2089 2196 2145 sermonibus
2222 2090 2370 2160 ejus,
2398 2089 2563 2162 quod
2584 2089 2658 2144 de
2680 2091 2901 2144 cieteris
2924 2090 3102 2146 etiam
3126 2090 3466 2146 hominibus

1815 2178 2023 2234 dicitur
2046 2194 2060 2244 ;
2087 2179 2200 2234 hoc
2229 2185 2427 2234 autem
2455 2183 2560 2242 est,
2583 2179 2894 2235 crederein
2929 2179 3296 2236 divinitatem
3314 2180 3466 2252 ejus,

1817 2268 1980 2340 quod
2002 2268 2079 2323 de
2106 2269 2233 2325 solo
2259 2271 2377 2325 Deo
2408 2268 2643 2324 dicitur.

1887 2445 2051 2501 Vers.
2069 2449 2157 2503 45.
2176 2447 2246 2502 Ει
2270 2478 2334 2487 -
2356 2463 2464 2503 me.
2484 2446 2782 2502 Visionem
2802 2463 2936 2503 eam
2965 2446 3120 2516 dicit,
3145 2463 3277 2518 quae
3300 2461 3468 2502 men:

1817 2535 1890 2591 tis
1920 2540 2026 2601 est,
2061 2551 2131 2591 ac
2159 2537 2206 2591 si
2238 2537 2438 2592 dicat:
2483 2535 2591 2602 Qui
2626 2552 2824 2592 meam
2871 2536 3142 2606 cognovit
3189 2535 3469 2591 divinita-

1816 2628 1930 2680 tem
1953 2641 2085 2680 eam
2105 2641 2348 2697 quoque
2365 2627 2665 2694 cognovit,
2690 2641 2826 2697 quae
2842 2626 3022 2682 Patris
3044 2629 3162 2696 est;
3187 2641 3328 2680 nam
3351 2640 3475 2680 una

1815 2717 1873 2768 et
1901 2714 2114 2770 eadem
2132 2716 2290 2769 estin
2314 2714 2484 2769 nobis
2507 2714 2801 2770 divinitas:
2827 2721 2882 2770 et
2907 2730 3018 2785 ego
3046 2715 3233 2770 Patris
3265 2714 3468 2784 imago

1816 2820 1972 2869 sum,
2003 2819 2107 2874 per
2136 2803 2437 2859 omniailli
2465 2803 2693 2858 similis.

1885 2893 2055 2950 Videt
2093 2899 2290 2949 autem
2324 2894 2622 2966 quispiam
2672 2893 2886 2950 Christi
2934 2894 3315 2960 divinitatem,
3348 2908 3472 2949 non

1814 2997 1884 3037 ex
1915 2987 2126 3039 natura
2157 2999 2267 3037 sua
2300 2999 2314 3047 ;
2341 2983 2545 3037 divina
2578 2983 2876 3054 siquidem
2908 2989 3122 3040 natura
3152 2983 3466 3039 invisibilis

1815 3076 1922 3138 est,
1951 3088 2020 3126 ac
2039 3071 2691 3142 penitusintelligibilis,
2717 3073 2889 3143 juxta
2910 3073 3075 3132 illud:
3105 3073 3279 3128 Deum
3302 3087 3473 3129 nemo

1765 3195 1781 3234 τ
1815 3160 1956 3215 vidit
1983 3160 2430 3230 unquam”,sed
2458 3176 2529 3215 ex
2551 3161 2833 3231 operibus
2853 3161 3068 3217 divinis
3092 3163 3336 3234 ejusque
3358 3176 3478 3216 ser-

1819 3249 2116 3302 monibus.

1886 3427 2050 3481 Vers.
2083 3429 2170 3481 46.
2205 3427 2330 3496 Ego
2353 3457 2422 3467 -
2446 3427 2592 3483 veni.
2631 3428 2750 3483 Lux
2775 3427 3192 3485 intellectualis
3228 3427 3469 3484 solvens

1815 3516 2085 3571 tenebras
2111 3516 2459 3583 intellectus,
2491 3533 2595 3590 per
2612 3517 2820 3574 divina
2849 3534 3031 3590 opera
3063 3534 3134 3574 ac
3154 3516 3357 3582 verba,
3388 3516 3477 3572 di—

1812 3605 2072 3660 vinitatis
2094 3605 2294 3661 radios
2321 3607 2482 3662 sanis
2514 3607 2831 3664 ostendens
2866 3607 3072 3665 oculis.

1885 3697 2041 3750 Vers.
2067 3699 2152 3752 46.
2195 3697 2350 3752 Ut—
2369 3703 2625 3753 maneat.
2659 3698 2798 3762 Quze
2823 3702 2964 3753 sunt
2992 3697 3052 3752 in
3076 3711 3273 3752 errore
3325 3709 3470 3768 pec-

1810 3785 1944 3840 cati.
1979 3784 2340 3857 Frequenter
2377 3787 2546 3842 etiam
2594 3787 2806 3843 eadem
2839 3786 3228 3843 contestando
3291 3785 3452 3852 dicit,

1810 3874 2157 3930 assiduitate
2179 3875 2380 3930 volens
2407 3876 2627 3932 durum
2665 3876 2901 3932 illorum
2934 3893 3035 3933 cor
3080 3875 3366 3942 emollire,
3417 3878 3472 3931 et

1808 3963 2099 4035 quidquid
2123 3965 2198 4020 ad
2232 3981 2296 4020 se
2317 3965 2540 4032 attinet,
2573 3966 2633 4021 in
2666 3967 2932 4022 medium
2955 3967 3258 4023 adducens
3288 3983 3300 4020 :
3334 3981 3470 4037 pro-

1811 4058 2012 4124 pterea
2042 4054 2335 4126 siquidem
2368 4055 2548 4111 etiam
2579 4055 2900 4112 clamabat.

1882 4143 2037 4198 Vers.
2068 4147 2153 4197 47.
2181 4143 2261 4198 Et
2304 4175 2371 4184 -—
2396 4160 2548 4200 eum.
2581 4146 2646 4202 In
2677 4145 2949 4215 praesenti
2982 4143 3220 4200 saeculo.

1881 4230 2045 4285 Vers.
2081 4235 2173 4287 47.
2213 4232 2505 4303 Neque—
2543 4234 2844 4289 mundum.
2881 4233 3036 4288 Dixit
3065 4234 3246 4288 etiam
3297 4231 3468 4288 tertio

1811 4319 2022 4391 capite:
2057 4321 2190 4376 Non
2224 4322 2370 4376 misit
2399 4323 2550 4375 Deus
2572 4321 2786 4376 Filium
2809 4338 2975 4377 suum
3003 4322 3065 4377 in
3088 4322 3464 4390 mundum,ut

1811 4410 2157 4465 condemnet
2204 4410 2504 4478 mundum,
2531 4410 2634 4465 sed
2677 4416 2740 4466 ut
2777 4411 3039 4467 salvetur
3076 4411 3334 4466 mundus
3361 4425 3473 4480 per

1811 4512 1940 4553 eum
1973 4500 2018 4533 ⁵³
2051 4515 2061 4551 :
2091 4503 2148 4553 et
2174 4499 2254 4554 ibi
2286 4515 2527 4572 quoque
2561 4499 2690 4569 lege
2728 4501 3169 4556 enarrationem
3200 4515 3337 4572 quae
3373 4515 3472 4571 op-

1813 4587 1948 4642 tima
1972 4593 2080 4642 est.

1881 4677 2041 4731 Vers.
2092 4680 2180 4732 48.
2216 4677 2332 4744 Qui
2365 4707 2434 4718 --
2487 4676 2701 4744 ipsum.
2763 4676 2869 4742 Qui
2921 4675 3060 4730 mihi
3093 4690 3214 4732 non
3275 4680 3466 4748 paret,

1810 4780 1920 4820 nec
1965 4765 2416 4837 suspicityerba
2441 4781 2596 4830 mea,
2629 4764 2806 4821 habet
2835 4765 2933 4837 qui
2965 4781 3026 4820 se
3057 4765 3370 4821 convincat
3400 4779 3470 4820 ac

1811 4854 2170 4911 condemnet
2203 4872 2216 4922 ;
2248 4855 2382 4927 quis
2414 4855 2485 4910 sit
2508 4861 2708 4911 autem
2739 4854 2813 4921 is,
2849 4854 3076 4911 audito.

1885 4943 2044 4998 Vers.
2079 4947 2166 5000 48.
2208 4944 2415 5001 Sermo
2455 4974 2524 4984 —
2550 4943 2658 5000 die.
2694 4944 2838 5010 Quis
2873 4947 3066 5000 autem
3097 4942 3172 4998 sit
3197 4941 3295 4998 hic
3343 4957 3462 4998 ser-

1813 5048 1924 5102 mo,
1959 5032 2224 5089 adverte.

1825 5211 2067 5268 “Joan.
2100 5228 2182 5278 ιιι,
2226 5213 2315 5280 17,

1328 5387 1551 5458 Variae
1582 5389 1908 5458 lectiones
1958 5400 2024 5459 et
2053 5399 2256 5458 notae.

192 5571 284 5642 83)
323 5573 647 5631 Genitivum
685 5576 868 5636 habet
898 5583 1237 5638 Hentenius.
1282 5585 1394 5642 Sed
1424 5585 1695 5643 dativum

93 5642 332 5700 videtur
376 5647 721 5729 Euthymius
778 5651 1044 5723 elegisse,
1099 5669 1174 5710 ne
1206 5655 1405 5728 plures
1453 5642 1696 5729 genitivi

96 5725 534 5776 concurrerent.

1880 5587 2099 5659 (84)Καὶ
2139 5594 2306 5640 ταῦτα
2337 5594 2397 5642 Α.
2487 5651 2496 5658 .

1885 5659 1998 5731 (85)
2020 5663 2117 5712 Τόν
2131 5677 2373 5732 κρινοντα
2390 5664 2458 5715 Α.
