4076 6438
135 319 261 380 ’1381

1195 301 1564 371 COMMENT.
1607 301 1676 369 iN
1715 297 2068 382 JOANNEM.
2100 346 2166 354 —
2195 299 2348 369 CAP.
2383 298 2528 369 xm.

3357 312 3494 371 1382

206 448 357 501 Εἰ-
381 442 575 508 πόδας.
612 445 721 498 Ούκ
759 463 894 497 ειπεν
925 444 1005 496 ὅτι
1039 443 1151 495 Ἐὰν
1182 439 1282 512 ἐγὼ
1309 442 1334 491 ό
1361 442 1513 512 φύσει
1547 441 1731 512 Κύριος

1911 437 2072 494 Vers.
2097 441 2181 495 14.
2199 438 2267 495 Si
2286 471 2354 480 —
2369 439 2542 508 pedes
2555 483 2568 496 .
2596 442 2720 495 Non
2739 438 2906 505 dixit,
2926 438 2984 494 Si
3005 453 3137 510 ego,
3157 439 3261 511 qui
3280 441 3492 494 natura

135 536 285 607 ἔνιψα
313 538 455 608 ὑμῶν
493 544 592 587 τῶν
624 537 776 606 φύσει
807 530 1004 585 δούλων
1024 534 1144 592 τούς
1183 527 1368 595 πόδας,
1403 528 1571 599 πολλῷ
1602 527 1731 601 μάλ-

135 625 219 677 λον
240 627 388 698 ὑμεῖς
413 627 462 677 οἱ.
488 620 768 696 ὁμόδουλοι
793 621 1010 694 ὀφείλετε
1031 619 1258 676 ἀλλήλων
1282 623 1476 671 νίπτειν
1502 621 1727 679 τοὺςπό-

137 711 233 776 δας
263 732 274 744 ·
299 711 414 766 οὐδ’
445 715 524 765 ὃτι
563 713 680 766 Ἐὰν
706 711 804 783 ἐγὼ
822 709 974 780 ἔνιψα
991 713 1109 770 τούς
1139 716 1229 760 τοῦ
1247 704 1527 780 προδότου,
1562 706 1730 776 πολλῷ

136 803 323 876 μᾶλλον
349 805 491 874 ὑμεῖς
520 806 642 863 τοὺς
663 810 760 853 τῶν
792 799 1070 852 ἐπιϐούλων
1105 815 1117 828 ·
1160 796 1289 849 ἀλλά
1327 793 1422 848 διὰ
1447 805 1544 848 τῶν
1573 798 1731 869 ἔργων

135 900 299 944 ταῦτα
329 888 593 956 δηλώσας,
640 889 804 962 ἀφῆκε
841 893 932 947 τήν
960 885 1231 960 διάκρισιν
1270 885 1438 938 αὐτῶν
1468 893 1530 958 τῇ
1567 903 1734 937 συνει-

138 979 172 1034 δ
176 987 291 1039 ήσει
315 990 412 1034 τῶν
439 980 793 1057 ἀκροωμένων.

205 1067 526 1144 Ὑπόδειγμα
577 1101 644 1110 -
694 1071 836 1140 ὑμῖν.
892 1062 1216 1137 ’Υπόδειγμα
1287 1073 1382 1125 τῆς
1455 1063 1505 1116 ἐν
1549 1065 1726 1136 ἀγάπῃ

134 1166 482 1220 ταπεινώσεως
553 1156 727 1212 ἔδωκα
785 1159 905 1230 ὑμῖν
983 1152 1077 1208 διὰ
1137 1162 1232 1216 τῆς
1299 1156 1542 1213 τοιαύτης
1593 1155 1732 1226 πρά-

137 1250 274 1313 ξεως.

202 1338 313 1393 Ἵνα
375 1370 444 1379 -
495 1345 696 1397 ποιῆτε.
751 1336 840 1399 Ἐξ
905 1333 1115 1406 ἀγάπης
1171 1334 1577 1404 ταπεινούμενοι,
1643 1338 1732 1385 καὶ

138 1424 497 1488 διακονοῦντες
545 1433 654 1488 τοῖς
705 1423 1079 1482 ὑποϐεϐηκόσι.
1116 1426 1300 1474 Καίτοι
1347 1440 1404 1492 γε
1435 1421 1591 1482 αὐτὸς
1643 1425 1731 1493 μὲν

137 1514 197 1575 ἦν
251 1519 374 1592 ὑπὲρ
435 1520 626 1569 ἔννοιαν
675 1520 764 1567 καὶ
813 1513 960 1585 λόγον
994 1532 1006 1544 ⁸
1040 1514 1186 1584 ἡμεῖς
1244 1507 1304 1563 δέ
1340 1509 1490 1582 ἐσμεν
1534 1519 1598 1581 γῆ
1645 1515 1733 1562 καὶ

137 1603 350 1672 σποδὸς,
393 1611 482 1658 καὶ
523 1610 701 1679 τέφρα,
741 1608 832 1655 καὶ
870 1608 1032 1671 κόνις,
1072 1606 1160 1654 καὶ
1212 1603 1256 1652 εἶ
1306 1619 1358 1652 τι
1409 1603 1602 1652 τούτων
1651 1601 1734 1652 εύ-

135 1695 445 1767 τελέστερον.
494 1693 651 1746 Ὀταν
684 1690 743 1746 δε
784 1692 842 1744 ού
881 1696 1033 1764 μόνον
1083 1689 1140 1741 ού
1194 1690 1572 1760 ταπεινούμεθα
1609 1692 1733 1763 πρὸς

132 1789 254 1845 τούς
309 1783 594 1853 ἐλάττονας,
636 1782 740 1833 ἀλλ’
800 1778 923 1833 οὐδὲ
978 1782 1108 1853 πρὸς
1157 1782 1277 1840 τούς
1311 1778 1550 1850 μείζονας

133 1873 192 1925 ού
242 1878 392 1945 μόνον
445 1872 502 1923 ού
541 1875 785 1942 νίπτομεν
831 1874 952 1930 τοὺς
1005 1864 1174 1929 πόδας
1223 1875 1322 1919 τῶν
1371 1863 1590 1933 δούλων,
1624 1865 1729 1917 ἀλλ’

133 1959 258 2014 οὐδὲ
311 1972 408 2014 τῶν
462 1960 634 2034 φίλων,
693 1962 742 2012 οἱ
783 1964 870 2012 καὶ
930 1962 1045 2018 τοὺς
1097 1965 1196 2007 τῶν
1236 1955 1517 2008 ἐπιϐούλων
1539 1961 1733 2008 νίπτειν

133 2050 415 2122 ὀφείλοντες
469 2071 482 2083 ο
534 2055 688 2110 ποίας
738 2048 832 2100 ούκ
886 2047 944 2098 ἂν
997 2051 1166 2118 εἴημεν
1227 2044 1365 2106 ἄξιοι
1413 2041 1729 2105 καταδίκης.

135 2140 194 2192 ού
235 2143 386 2211 μόνον
444 2139 500 2191 ού
550 2141 859 2211 μιμούμενοι
905 2141 964 2188 τό
1016 2133 1165 2188 δοθὲν
1224 2131 1537 2206 ὑπόδειγμα,
1609 2133 1735 2187 ἀλλά

133 2233 225 2281 καὶ
291 2228 343 2291 ἐξ
420 2227 646 2288 ἐναντίας
727 2229 1016 2299 ἱστάμενοι,
1079 2231 1169 2277 καὶ
1245 2227 1379 2276 κατά
1455 2222 1734 2297 διάμετρον

135 2317 483 2391 ἐπαιρόμενοι,
515 2322 604 2369 καὶ
660 2321 754 2375 τὴν
807 2316 1010 2388 ὀφειλὴν
1057 2315 1150 2367 ούκ
1217 2310 1579 2375 ἀποδιδόντες.
1635 2319 1736 2367 Καὶ

135 2409 285 2480 ὑμεῖς
347 2409 472 2480 γὰρ,
530 2411 710 2479 φησὶν,
775 2405 996 2476 ὀφείλετε
1053 2403 1280 2462 ἀλλήλων
1355 2407 1543 2455 νίπτειν
1617 2407 1736 2464 τοὺς

137 2493 324 2557 πόδας.

209 2585 258 2637 Ἀ
270 2590 372 2658 μὴν
404 2616 463 2626 -
491 2585 667 2637 αὐτόν.
695 2586 890 2637 Λοιπὸν
913 2579 1020 2653 οὖν,
1049 2582 1092 2634 εἰ
1117 2581 1214 2652 ἐγὼ
1235 2583 1260 2633 6
1276 2586 1610 2654 ἁσυγκρίτως
1627 2587 1736 2654 μεί-

139 2675 240 2736 ζων
270 2675 428 2734 οὑτως
460 2672 824 2739 ἐταπεινώθην,
849 2671 1018 2742 πολλῷ
1047 2671 1235 2743 μᾶλλον
1265 2672 1434 2743 ὑμεῖς.
1467 2676 1567 2723 Καὶ
1583 2679 1735 2723 τοῦτο

137 2761 196 2817 δε
220 2772 314 2825 τῆς
363 2763 559 2836 ἀφάτου
612 2768 970 2821 ταπεινώσεως
1015 2760 1196 2827 αὑτοῦ,
1241 2763 1300 2812 τὸ
1341 2757 1526 2812 δοῦναι
1556 2759 1734 2813 ἑαυτὸν

130 2850 493 2927 παράδειγμα,
526 2855 612 2903 τὸν
645 2853 888 2908 Πλάστην
923 2857 1031 2910 τοίς
1061 2849 1383 2922 ’πλάσμασι,
1428 2854 1519 2902 καὶ
1548 2854 1735 2924 τρόπον

132 2945 251 2994 τινὰ
277 2943 649 3013 συγκρίνεσθαι
667 2944 751 2991 τὸν
775 2937 1109 3012 ἀσύγκριτον.

207 3028 330 3083 Εἷπε
362 3027 419 3081 δε
458 3033 516 3081 τὸ
569 3034 741 3100 νόημα
779 3035 933 3080 τοῦτο
962 3032 1052 3079 καὶ
1105 3027 1154 3078 ἐν
1193 3034 1265 3096 τῷ
1301 3024 1736 3099 ἐννεακαιδεκάτῳ

134 3118 392 3190 κεφαλαίῳ
419 3125 512 3168 τοῦ
554 3119 690 3168 κατὰ
734 3117 996 3169 Ματθαίον

135 3207 246 3259 Ούκ
273 3209 384 3258 ἔστι
414 3208 655 3279 μαθητής
683 3207 808 3278 ὑπὲρ
836 3207 921 3256 τὸν
947 3200 1273 3256 διδάσκαλον
1303 3203 1414 3274 (91)
1445 3203 1623 3273 αὑτοῦ,
1647 3211 1737 3258 καὶ

133 3299 200 3349 τὰ
230 3295 362 3358 ἑξῆς.

206 3384 348 3457 [(92)
400 3383 510 3435 Ούκ
563 3385 673 3435 ἔστι
727 3378 932 3444 δοῦλος.
963 3380 1094 3443 Ἕως
1123 3380 1183 3432 ἂν
1216 3382 1241 3432 6
1291 3385 1380 3453 μέν
1411 3379 1520 3434 ἐστι
1552 3378 1737 3444 δοῦλος

132 3477 342 3538 τούτου,
371 3475 396 3524 ό
428 3469 486 3525 δὲ
525 3471 807 3532 ἀπόστολος
837 3470 1049 3525 ἐκείνου.
1079 3471 1389 3530 Ἐλάττωσις
1413 3472 1514 3545 γὰρ
1555 3489 1640 3522 και
1676 3473 1733 3522 τὸ

133 3560 414 3628 δουλεύειν,
443 3567 531 3614 καὶ
564 3566 618 3614 τό
652 3559 1109 3632 ἀποστέλλεσθαι.]

205 3652 266 3705 Εἰ
290 3684 352 3692 —
383 3652 534 3714 αύτά,
577 3651 636 3703 Εἰ
661 3657 826 3702 ταῦτα
855 3646 1054 3716 οἴδατε,
1086 3652 1151 3701 τὰ
1175 3648 1393 3722 ῥηθέντα
1422 3665 1433 3677 ·
1464 3645 1644 3702 οἴδατε
1674 3646 1733 3703 δὲ

131 3743 289 3806 αὐτὰ,
322 3740 443 3815 παρ’
479 3739 602 3812 ἐμοῦ
630 3741 876 3812 μαθόντες
905 3755 918 3768 ·
952 3740 1216 3812 Μακάριοί
1247 3735 1382 3802 ἐστε,
1420 3736 1505 3789 ἐὰν
1549 3747 1734 3797 ποιῆτε

131 3829 285 3884 αύτά.
335 3830 447 3882 Ούκ
487 3825 637 3904 ἀρκεῖ
696 3832 797 3903 γὰρ
844 3824 1038 3880 εἰδέναι
1093 3831 1270 3900 μόνον,
1309 3824 1436 3879 ἀλλὰ
1477 3832 1586 3903 χρὴ
1643 3834 1732 3882 καὶ

130 3927 318 3974 ποιεῖν.

207 4008 283 4060 Οὐ
318 4038 386 4046 —
414 4007 563 4078 λέγω.
596 4012 664 4059 T6
693 4026 705 4038 °
738 4006 856 4058 Ἐὰν
882 4014 1064 4066 ποιῆτε
1093 4007 1246 4063 αὑτά.
1284 4012 1408 4080 Περὶ
1434 4015 1529 4060 τοῦ
1557 4004 1736 4061 Ἰούδα

129 4098 235 4170 γάρ
265 4104 419 4148 τοῦτο
443 4095 630 4167 ἔλεγεν,
658 4095 712 4156 ὃς
738 4095 796 4148 ον)
817 4101 968 4168 μόνον
1001 4096 1094 4148 οὐκ
1119 4097 1289 4169 ἔμελλε
1313 4102 1552 4155 ποιήσειν
1579 4097 1730 4164 αύτὰ,

133 4183 248 4237 ἀλλ’
265 4182 377 4236 οὐδ’
415 4184 532 4236 ἱλλο
554 4203 605 4236 τι
630 4193 729 4236 τῶν
761 4184 1145 4258 ἐντεταλμένων,
1173 4182 1280 4244 ἤδη
1325 4190 1417 4244 τήν
1441 4181 1732 4257 προδοσίαν

131 4273 375 4348 μελετῶν.
963 4275 976 4290 ⁵

207 4363 336 4434 Ἐγὼ
391 4394 452 4405 -
512 4361 833 4435 ἐξελεξάμην.
891 4361 1052 4429 Οἶδα,
1112 4366 1176 4424 ὡς
1229 4365 1366 4426 Θεὸς,
1448 4366 1578 4423 τίνες
1643 4365 1732 4434 μὲν

131 4460 234 4503 τῶν
286 4452 408 4522 παρ’
458 4451 583 4522 ἐμοῦ
627 4451 925 4524 ἐκλεγέντων
968 4458 1283 4510 ποιήσουσιν
1337 4451 1490 4516 αὑτὰ,
1540 4455 1620 4512 τίς
1673 4447 1732 4503 δε

130 4543 192 4592 ού
243 4545 469 4599 ποιήσει.
516 4546 616 4593 Καὶ
667 4541 898 4614 ἀνωτέρω
957 4537 1016 4594 δὲ
1081 4541 1235 4593 εἰπὼν
1294 4542 1375 4592 ὅτι
1420 4543 1520 4592 Καὶ
1590 4540 1733 4610 ὑμεῖς

127 4632 355 4705 καθαροί
408 4630 544 4699 ἐστε,
608 4629 714 4683 ἀλλ’
773 4631 900 4700 ούχὶ
947 4632 1130 4691 πάντες
1176 4646 1190 4661 ⁸
1233 4635 1323 4681 καὶ
1353 4627 1402 4680 ἐν
1465 4625 1733 4700 διαφόροις

131 4717 194 4772 δὲ
260 4727 459 4794 καιροῖς
520 4719 682 4772 πολλά
753 4727 973 4770 τοιαῦτα
1053 4719 1416 4791 φθεγξάμενος,
1485 4720 1735 4769 νύττοντα

128 4813 284 4882 μόνον
314 4812 370 4862 τὸ
400 4816 492 4860 τοῦ
531 4803 798 4880 προδότου
847 4803 1105 4875 συνειδὸς,
1165 4812 1254 4859 καὶ
1301 4806 1413 4879 ἅμα
1459 4808 1548 4878 μὲν
1577 4802 1734 4858 διδά-

131 4917 325 4951 σκοντα
381 4899 457 4949 ὅτι
523 4896 582 4948 ού
642 4895 878 4948 λανθάνει
944 4894 1301 4962 ἐπιϐουλεύων,
1353 4894 1464 4968 ἅμα
1521 4891 1580 4947 δὲ
1644 4899 1735 4948 καὶ

131 4988 200 5046 εὶς
262 4985 595 5058 μεταμέλειαν
674 4989 764 5038 καὶ
837 4981 1123 5061 διόρθωσιν
1205 4984 1571 5058 ἐκκαλούμενα,
1640 4983 1734 5038 ούκ

132 5091 326 5127 επεισε.

205 5301 252 5339 ⁸⁸
282 5301 476 5359 Matth.
504 5319 561 5372 x,
589 5305 678 5360 24.
810 5305 1019 5364 "Joan.
1051 5321 1172 5374 xm,
1207 5305 1292 5362 10.

1823 4983 2272 5056 correctionem
2315 4984 2633 5040 evocarent

1842 527 2132 583 Dominus
2162 544 2316 593 sum,
2342 528 2462 583 lavi
2494 533 2722 584 vestros
2751 528 2957 600 pedes,
2979 528 3082 600 qui
3110 532 3324 584 natura
3344 527 3494 583 servi

1841 616 2002 681 estis,
2039 617 2224 672 multo
2265 615 2461 686 magis
2491 632 2598 673 vos
2636 617 2893 673 invicem
2925 616 3220 687 conservi,
3270 615 3494 672 debetis

1841 704 1938 761 alii
1953 704 2418 762 aliorumlavare
2458 706 2665 777 pedes.
2689 709 2888 779 Neque
2913 706 3054 761 dixit
3088 722 3101 760 :
3132 705 3190 762 Si
3221 720 3330 775 ego
3361 721 3495 778 pro-

1840 793 2046 849 ditoris
2068 793 2186 848 lavi
2215 793 2419 865 pedes,
2447 793 2632 850 multo
2660 793 2853 864 magis
2885 810 2992 850 vos
3030 793 3447 850 insidiatorum
3479 809 3492 850 :

1842 883 1946 938 sed
1975 882 2101 938 haec
2125 899 2230 955 per
2268 899 2453 956 opera
2491 883 2853 954 signiﬁcans,
2895 883 3112 940 horum
3142 882 3493 954 disputatio-

1840 987 1979 1027 nem
2010 971 2246 1045 reliquit
2274 972 2621 1029 auditorum
2661 972 3066 1030 conscientiae.

1912 1062 2168 1116 Vers.15.
2220 1062 2574 1131 Exemplum
2611 1063 2863 1119 —vobis.
2907 1062 3257 1136 Exemplum
3297 1061 3496 1134 dejec-

1844 1149 2016 1206 tionis
2042 1150 2102 1206 in
2132 1150 2462 1222 dilectione,
2492 1152 2608 1209 hoc
2638 1168 2814 1226 opere
2845 1151 3064 1208 tradidi
3097 1151 3286 1208 vobis.

1913 1330 2074 1385 Vers.
2139 1331 2223 1387 15.
2286 1331 2357 1387 Ut
2398 1331 2728 1401 —faciatis.
2778 1333 2858 1387 Ex
2889 1330 3202 1388 dilectione
3256 1330 3490 1402 dejecti,

1842 1435 1912 1476 ac
1938 1419 2190 1478 subditis
2223 1420 2645 1477 ministrantes.
2669 1426 2738 1478 At
2763 1437 2902 1477 vero
2928 1421 3053 1493 ipse
3092 1420 3338 1494 quidem
3369 1426 3495 1477 erat

1842 1512 2054 1580 major,
2095 1525 2280 1580 quam
2321 1509 2562 1580 intelligi
2591 1526 2660 1566 ac
2687 1509 2802 1566 dici
2842 1517 3044 1583 posset
3087 1527 3098 1565 :
3143 1526 3249 1566 nos
3295 1515 3492 1566 autem

1843 1615 2056 1654 sumus
2085 1602 2238 1655 terra
2265 1602 2321 1654 et
2345 1599 2510 1664 cinis,
2539 1599 2736 1672 pulvis
2764 1603 2818 1656 et
2846 1615 3100 1665 caenum,
3136 1604 3240 1655 ant
3269 1599 3316 1655 si
3347 1599 3494 1673 quid

1842 1688 1934 1743 his
1966 1687 2139 1743 vilius
2179 1693 2283 1743 est.
2313 1689 2562 1754 Quando
2604 1704 2743 1744 vero
2773 1703 2896 1744 non
2924 1693 3156 1745 tantum
3196 1688 3274 1745 ad
3307 1690 3495 1746 mino-

1594 1783 1733 1830 ’καὶ
1767 1795 1808 1846 Β
1843 1793 1936 1833 res
2003 1792 2124 1832 non
2177 1777 2492 1848 dejicimus
2575 1793 2706 1844 nos,
2765 1777 2874 1834 sed
2929 1794 3123 1850 neque
3168 1779 3240 1835 ad
3306 1781 3494 1851 majo-

1839 1879 1932 1917 res
1965 1880 1978 1917 :
2010 1878 2111 1918 nec
2134 1862 2330 1918 solum
2360 1863 2543 1934 pedes
2573 1879 2885 1919 servorum
2911 1878 3034 1918 non
3060 1863 3355 1930 lavamus,
3389 1864 3492 1919 sed

1841 1967 2035 2024 neque
2087 1951 2436 2017 amicorum,
2477 1968 2612 2007 cum
2638 1952 2817 2008 etiam
2848 1951 3262 2008 insidiatorum
3290 1952 3494 2010 lavare

1841 2041 2200 2096 debeamus:
2222 2057 2364 2112 qua,
2383 2041 2653 2106 obsecro,
2673 2041 3175 2097 condemnatione
3194 2041 3358 2111 digni
3381 2058 3493 2099 non

1841 2130 2064 2185 erimus
2109 2130 2137 2184 ?
2171 2129 2274 2202 qui
2314 2145 2436 2186 non
2497 2130 2686 2186 solum
2741 2130 2954 2186 Christi
3015 2147 3131 2186 non
3187 2130 3494 2188 imitamur

1841 2225 1896 2275 et
1917 2235 1989 2274 ex
2009 2218 2305 2275 diametro
2347 2219 2700 2286 extollimur,
2729 2235 2838 2275 nec
2863 2220 3026 2292 quod
3076 2220 3344 2276 debitum
3407 2226 3496 2278 est

1842 2308 2229 2364 exsolvimus.
2251 2310 2328 2364 Et
2353 2324 2471 2380 vos,
2490 2309 2703 2381 inquit,
2727 2309 2946 2366 debetis
2968 2311 3024 2364 in
3035 2309 3206 2366 vicem
3222 2311 3332 2366 alii
3352 2310 3494 2367 alio-

1843 2414 1975 2453 rum
2009 2399 2217 2454 (avare
2245 2398 2430 2469 pedes.

1913 2488 2074 2543 Vers.
2113 2493 2195 2544 16.
2235 2489 2423 2544 Amen
2475 2519 2543 2529 —
2583 2489 2774 2544 illum.
2818 2487 3023 2561 Itaque
3081 2489 3129 2544 si
3190 2504 3321 2560 ego,
3386 2488 3492 2560 qui

1842 2577 2388 2649 incomparabiliter
2419 2578 2614 2648 major
2643 2595 2799 2648 sum,
2845 2577 3150 2649 meipsum
3180 2577 3332 2633 adeo
3390 2578 3496 2634 de-

1837 2665 1973 2737 jeci,
2018 2666 2206 2722 multo
2236 2667 2430 2737 magis
2484 2683 2612 2722 vos.
2653 2668 2722 2723 Et
2765 2667 2880 2724 hoc
2921 2674 3122 2724 autem
3172 2666 3491 2723 ineflabilis

1843 2755 2189 2812 humilitatis
2213 2756 2402 2828 ipsius
2423 2761 2528 2823 est,
2557 2755 2720 2828 quod
2749 2772 2876 2813 sese
2902 2757 3129 2813 dederit
3152 2757 3495 2828 exemplum

1845 2846 2180 2902 Creatorem
2229 2845 2504 2902 videlicet
2545 2845 2830 2902 creaturis
2874 2863 2888 2902 :
2937 2850 2994 2902 et
3040 2845 3494 2918 quodammodo

1844 2950 1906 2990 se
1944 2935 2406 3006 comparaverit,
2435 2935 2539 3008 qui
2571 2935 3062 3008 incomparabilis
3101 2941 3206 2991 est.

1915 3024 2070 3078 Dixit
2103 3029 2305 3079 autem
2345 3028 2400 3079 et
2455 3024 2613 3080 hanc
2661 3023 3020 3081 sententiam
3077 3024 3312 3080 decimo
3339 3038 3496 3079 nono

1044 3130 1056 3142 '
1104 3119 1193 3166 καὶ
1236 3115 1468 3174 ζήτησον
1500 3114 1603 3168 ἐκεῖ
1628 3121 1687 3168 τό
1720 3135 1733 3148 ⁶

1855 3112 2032 3181 capite
2059 3111 2228 3181 juxta
2261 3112 2594 3167 Matthaaum
2625 3127 2637 3168 :
2674 3112 2756 3168 ibi
2785 3128 2927 3182 ergo
2970 3128 3170 3183 quaere
3213 3112 3374 3184 quod
3408 3111 3497 3167 di-

1846 3201 1996 3256 citur
2021 3219 2034 3258 :
2067 3201 2202 3256 Non
2230 3206 2312 3256 est
2341 3201 2661 3271 discipulus
2690 3217 2868 3272 supra
2898 3201 3249 3271 magistrum
3303 3217 3491 3266 suum,

1844 3293 1902 3344 et
1927 3294 2142 3345 caetera
2169 3291 2242 3346 ⁸⁸.

1914 3378 2152 3448 int-Non
2183 3383 2267 3434 est
2295 3393 2519 3435 servus.
2560 3377 2832 3439 Quandiu
2864 3376 2958 3433 ille
2989 3378 3231 3450 quidem
3263 3383 3353 3434 est
3381 3394 3498 3434 ser-

1843 3483 1952 3523 vus
1979 3468 2182 3539 hujus,
2213 3467 2311 3522 hic
2341 3466 2648 3539 apostolus
2688 3466 2835 3538 ejus.
2868 3467 3164 3522 Inferioris
3207 3466 3368 3523 enim
3410 3471 3499 3524 est

1841 3556 2224 3622 conditionis,
2259 3556 2365 3612 sed
2387 3562 2444 3611 et
2470 3555 2772 3621 servire,et
2798 3556 3077 3610 nuntium
3105 3555 3278 3612 mitti.

1912 3646 2076 3702 Vers.
2112 3651 2192 3700 17.
2230 3644 2293 3700 Si
2334 3676 2404 3686 ——
2449 3661 2535 3702 ea.
2572 3644 2628 3699 Si
2659 3644 2788 3700 haec
2839 3644 3104 3710 novistis,
3154 3661 3291 3718 quae
3336 3643 3498 3702 dicta

1842 3743 2002 3805 sunt,
2031 3735 2278 3791 novistis
2309 3740 2510 3791 autem
2536 3751 2628 3802 ea,
2678 3751 2818 3790 cum
2865 3750 2901 3790 a
2948 3751 3046 3791 me
3094 3733 3424 3791 didiceritis
3476 3750 3497 3793 :

1842 3825 2016 3881 Beati
2067 3826 2231 3881 erilis
2273 3825 2325 3878 si
2373 3824 2647 3894 feceretis
2694 3840 2778 3891 ea,
2848 3839 3044 3898 neque
3097 3823 3258 3880 enim
3315 3839 3495 3881 nosse

1843 3913 2079 3979 sufficit,
2113 3913 2219 3969 sed
2247 3918 2304 3968 et
2328 3912 2520 3970 facere
2559 3918 2811 3984 oportet.
3428 3910 3436 3915 ’

1913 4005 2070 4057 Vers.
2112 4005 2194 4058 18.
2234 4002 2369 4058 Νοη
2415 4031 2480 4041 -
2530 4002 2680 4058 dico.
2744 4002 2914 4066 Puta,
2969 4001 3033 4056 Si
3078 4002 3342 4070 feceritis
3398 4017 3489 4059 ea.

1842 4094 1987 4148 Nam
2021 4091 2089 4146 de
2117 4091 2271 4146 Juda
2295 4091 2410 4146 hoc
2443 4091 2698 4155 dicebat,
2724 4091 2827 4162 qui
2851 4106 2970 4146 non
2993 4090 3187 4145 solum
3211 4107 3281 4146 ea
3309 4089 3492 4146 factu-

1840 4197 1942 4236 rus
1971 4195 2094 4235 non
2121 4185 2265 4244 erat,
2296 4182 2401 4235 sed
2429 4195 2536 4235 nec
2563 4179 2726 4234 aliud
2750 4180 3081 4250 quidquam
3113 4194 3320 4234 eorum
3350 4194 3488 4251 qua:

1841 4274 2134 4342 praecepta
2165 4273 2354 4336 erant,
2386 4269 2460 4323 de
2492 4267 2824 4340 proditione
2841 4268 2969 4337 jam
2997 4283 3202 4321 curam
3231 4267 3485 4324 habens.

1910 4358 2074 4413 Vers.
2111 4361 2199 4412 18.
2233 4358 2362 4426 Ego
2390 4387 2460 4396 —
2488 4356 2778 4426 elegerim.
2808 4356 2968 4421 Novi,
2998 4361 3282 4428 tanquam
3307 4357 3484 4425 Deus,

1840 4447 2091 4520 quinam
2109 4462 2180 4501 ex
2196 4445 2395 4500 electis
2418 4444 2568 4500 meis
2592 4443 2798 4500 facturi
2840 4449 3082 4509 suntea,
3099 4449 3173 4508 et,
3199 4444 3406 4517 etquis
3420 4445 3492 4502 sit

1840 4536 1944 4610 qui
1967 4551 2087 4592 non
2106 4535 2294 4592 faciet.
2315 4535 2592 4606 Superius
2613 4549 2850 4606 quoque
2867 4532 3044 4593 dixit:
3066 4534 3144 4589 Et
3168 4549 3265 4590 vos
3283 4534 3496 4590 mundi

1841 4626 2000 4690 estis,
2024 4625 2124 4681 sed
2142 4641 2260 4680 non
2283 4625 2528 4680 omnes"
2556 4638 2569 4690 ;
2595 4621 2891 4694 variisque
2915 4623 3281 4694 temporibus
3303 4622 3494 4682 multa

1842 4713 2193 4785 hujusmodi
2213 4713 2446 4770 locutus
2467 4717 2572 4778 est,
2597 4728 2729 4784 quae
2759 4711 2944 4767 solius
2984 4710 3304 4784 proditoris
3343 4727 3494 4783 pun-

1841 4809 2044 4876 gerent
2065 4802 2505 4869 conscientiam,
2531 4801 2829 4874 simulque
2842 4803 3144 4868 docerent,
3163 4802 3331 4874 quod
3352 4817 3493 4859 eum

1842 4909 1966 4950 non
2004 4891 2207 4950 lateret
2237 4891 2525 4966 proditor,
2565 4895 2624 4947 et
2642 4890 2810 4947 illum
2850 4889 2928 4946 ad
2966 4889 3380 4964 paenitentiam
3421 4906 3492 4948 ac

2686 4997 2700 5036 :
2749 4995 2960 5038 verum
3010 4995 3133 5037 non
3183 4995 3495 5054 persuase-
3533 5050 3537 5056 _

1843 5076 1997 5130 runt.

1346 5505 1572 5578 Variae
1610 5507 1937 5578 lectiones
1978 5519 2043 5578 et
2087 5517 2285 5578 notae.

226 5649 315 5709 911
350 5646 517 5705 Αύτοῦ
548 5646 719 5707 abest
742 5651 807 5708 A.

226 5650 287 5709 91
350 5650 517 5705 Αὑτοῦ
548 5650 719 5707 abest
742 5651 807 5708 A.

201 5650 315 5800 £92;
347 5725 481 5781 Haec
519 5728 769 5796 uterque
792 5723 854 5780 in
884 5723 1154 5796 margine
1192 5722 1395 5783 habet.
1427 5726 1596 5784 Caret
1621 5722 1696 5782 iis
1735 5723 2068 5784 Hentenius.
