4076 6432
138 319 266 383 1381

1201 306 1570 377 COMMENT.
1614 306 1681 374 iN
1720 304 2074 388 JOANNEM.
2106 353 2171 360 —
2200 307 2354 376 CAP.
2387 306 2532 376 xm.

3360 322 3498 380 1382

211 451 269 504 Εἰ
295 481 363 492 —
387 446 581 512 πόδας.
617 449 728 501 Οὑκ
765 467 899 502 ειπεν
931 448 1011 500 ὅτι
1045 449 1157 499 Ἐὰν
1189 445 1288 517 ἐγὼ
1315 447 1340 496 6
1367 448 1520 518 φύσει
1552 447 1734 518 Κύριος

1916 444 2077 500 Vers.
2103 447 2186 501 14.
2203 445 2272 502 Si
2291 477 2359 486 —
2374 445 2572 515 pedes.
2600 449 2726 502 Non
2743 446 2910 513 dixit,
2931 446 2987 502 Si
3010 462 3142 518 ego,
3162 447 3497 526 qui-natura

137 539 291 610 ἔνιψα
319 541 460 611 ὑμῶν
499 547 599 591 τῶν
630 541 782 610 φύσει
813 534 1010 590 δούλων
1030 539 1150 597 τούς
1189 531 1373 601 πόδας,
1408 534 1576 604 πολλῷ
1607 533 1736 606 μᾶλ-

138 627 224 680 λον
245 629 394 700 ὑμεῖς
418 631 468 680 οἱ
494 624 773 700 ὁμόδουλοι
799 626 1015 698 ὀφείλετε
1037 623 1263 681 ἀλλήλων
1287 628 1481 676 νίπτειν
1507 626 1732 684 τοὺςπό⁹

141 714 238 779 δας
268 735 280 747 °
305 714 420 769 οὐδ’
450 719 530 768 ὅτι
568 717 686 769 Ἐὰν
712 714 810 787 ἐγὼ
828 714 979 785 ἔνιψα
996 717 1114 774 τοὺς
1144 720 1234 764 τοῦ
1252 709 1532 784 προδότου,
1567 711 1734 782 πολλῷ

139 805 328 878 μᾶλλον
354 808 496 878 ὑμεῖς
525 810 647 867 τούς
669 814 766 856 τῶν
797 803 1075 856 ἐπιϐούλων
1110 819 1122 832 ⁶
1165 800 1294 853 ἀλλὰ
1332 799 1426 854 διὰ
1451 810 1548 853 τῶν
1577 803 1736 874 ἔργων

137 902 304 947 ταῦτα
334 892 598 960 δηλώσας,
646 893 810 966 ἀφῆκε
847 897 936 951 τὴν
965 888 1236 964 διάκρισιν
1275 890 1442 942 αὐτῶν
1473 898 1534 963 τῇ
1571 909 1738 942 συνει-

141 981 176 1037 δ
179 990 208 1043 ἡ
219 1003 296 1038 σει
320 994 418 1036 τῶν
444 983 798 1060 ἀκροωμένων.

209 1071 530 1147 Ὑπόδειγμα
583 1105 649 1114 -
699 1074 840 1144 ὑμῖν.
897 1066 1220 1142 ’Υπόδειγμα
1291 1077 1386 1130 τῆς
1460 1068 1509 1120 ἐν
1553 1070 1730 1142 ἀγάπη

136 1169 488 1224 ταπεινώσεως
557 1159 732 1216 ἔδωκα
790 1163 910 1234 ὑμῖν
987 1156 1080 1213 διὰ
1141 1167 1236 1220 τῆς
1303 1161 1546 1218 τοιαύτης
1596 1161 1736 1232 πρά-

139 1253 278 1316 ξεως.

206 1341 318 1396 Ἰνα
379 1373 448 1383 —
498 1350 700 1400 ποιῆτε.
755 1340 844 1403 Ἐξ
909 1338 1119 1410 ἀγάπης
1174 1339 1581 1410 ταπεινούμενοι,
1647 1344 1736 1390 καὶ

54 1469 56 1471 ›
141 1427 500 1492 διακονοῦντες
549 1437 658 1492 τοῖς
709 1427 1082 1486 ὑποϐεϐηκόσι.
1119 1431 1303 1480 Καίτοι
1351 1445 1408 1497 γε
1438 1426 1595 1488 αὐτὸς
1646 1430 1735 1499 μὲν

46 1557 54 1564 .
140 1517 200 1578 ἦν
255 1523 378 1595 ὑπὲρ
439 1523 630 1573 ἔννοιαν
679 1524 768 1571 καὶ
817 1518 964 1589 λόγον
998 1537 1010 1548 ·
1044 1519 1189 1589 ἡμεῖς
1248 1512 1307 1568 δέ
1343 1515 1493 1588 ἐσμεν
1538 1525 1602 1587 γῆ
1649 1522 1737 1569 καὶ

139 1605 354 1676 σποδὸς,
397 1615 486 1662 καὶ
526 1613 704 1684 τέφρα,
745 1612 834 1660 καὶ
874 1613 1034 1676 κόνις,
1075 1611 1164 1658 καὶ
1216 1609 1259 1658 εἴ
1310 1624 1362 1656 τι
1412 1609 1606 1657 τούτων
1654 1606 1738 1658 εύ-

46 1745 49 1762 ,
137 1698 448 1770 τελέστερον.
497 1697 654 1750 Ὀταν
687 1694 746 1750 δὲ
787 1697 846 1748 οὑ
885 1700 1036 1768 μόνον
1086 1694 1144 1746 ού
1197 1697 1574 1765 ταπεινούμεθα
1611 1699 1737 1769 πρὸς

46 1831 50 1856 ._
133 1791 256 1848 τοὺς
311 1786 597 1858 ἐλάττονας,
639 1786 744 1838 ἀλλ’
803 1782 926 1838 οὐδὲ
982 1787 1111 1857 πρὸς
1160 1787 1280 1845 τούς
1315 1783 1553 1855 μείζονας

135 1876 193 1928 ού
242 1881 395 1948 μόνον
447 1876 506 1927 οὑ
545 1879 788 1947 νίπτομεν
835 1878 954 1935 τοὺς
1008 1869 1178 1933 πόδας
1226 1880 1326 1924 τῶν
1373 1869 1593 1938 δούλων,
1628 1871 1732 1923 ἀλλ’

48 2012 59 2020 ,
134 1963 260 2018 οὐδὲ
313 1974 410 2017 τῶν
465 1964 637 2037 φίλων,
695 1967 744 2016 οἱ
787 1969 874 2015 καὶ
933 1967 1048 2022 τοὺς
1099 1969 1200 2012 τῶν
1239 1960 1520 2013 ἐπιϐούλων
1543 1967 1736 2014 νίπτειν

133 2053 418 2126 ὀφείλοντες
472 2075 485 2087 ·
536 2059 690 2114 ποίας
741 2053 834 2104 οὑκ
888 2051 947 2103 ἂν
999 2055 1170 2122 εἴημεν
1229 2050 1368 2111 ἄξιοι
1415 2046 1732 2110 καταδίκης.

136 2143 197 2195 ού
237 2147 389 2214 μόνον
446 2143 503 2194 ού
553 2145 862 2215 μιμούμενοι
909 2146 966 2193 τὸ
1019 2137 1168 2194 δοθεν
1226 2137 1540 2211 ὑπόδειγμα,
1613 2139 1738 2192 ἀλλὰ

46 2288 55 2295 _
135 2237 228 2284 καὶ
293 2232 346 2294 ἐξ
422 2231 650 2292 ἐναντίας
731 2233 1018 2303 ἱστάμενοι,
1081 2235 1171 2282 καὶ
1247 2233 1381 2282 κατὰ
1458 2227 1737 2302 διάμετρον

47 2311 56 2314 γ’
135 2320 486 2394 ἕπαιρόμενοι,
517 2326 606 2373 καὶ
663 2325 756 2379 τὴν
809 2319 1012 2392 ὀφειλὴν
1059 2319 1152 2371 οὑκ
1219 2316 1582 2381 ἀποδιδόντες.
1639 2325 1738 2372 Καὶ

46 2472 48 2474 τ
135 2412 286 2483 ὑμεῖς
349 2413 474 2484 γὰρ,
533 2416 713 2482 φησὶν,
778 2409 998 2480 ὀφείλετε
1056 2408 1282 2467 ἀλλήλων
1358 2414 1546 2460 νίπτειν
1620 2413 1738 2469 τοὺς

51 2491 53 2494 ό
137 2497 327 2561 πόδας.

211 2589 260 2640 Ἀ
272 2593 374 2662 μὴν
405 2620 465 2630 —
494 2589 669 2641 αὐτόν.
697 2591 892 2641 Λοιπὸν
915 2583 1022 2658 οὑν,
1050 2587 1094 2639 εἰ
1118 2585 1216 2658 ἐγὼ
1237 2588 1262 2638 6
1278 2591 1612 2660 ἀσυγκρίτως
1629 2593 1738 2660 μεί-

46 2677 48 2680 ’
135 2679 242 2740 ζων
273 2679 431 2738 οὑτως
462 2676 826 2745 ἐταπεινώθην,
850 2675 1019 2747 πολλῷ
1049 2676 1237 2748 μᾶλλον
1268 2677 1434 2748 ὑμεῖς.
1469 2681 1568 2728 Καὶ
1584 2684 1737 2729 τοῦτο

132 2765 196 2821 δὲ
221 2775 315 2828 τῆς
364 2767 561 2839 ἀφάτου
614 2773 971 2826 ταπεινώσεως
1016 2765 1197 2832 αὑτοῦ,
1243 2768 1302 2817 τὸ
1343 2762 1527 2817 δοῦναι
1557 2765 1736 2818 ἑαυτὸν

126 2853 495 2930 παράδειγμα,
528 2859 613 2908 τὸν
647 2857 890 2912 Πλάστην
925 2862 1033 2915 τοῖς
1063 2854 1384 2927 ’πλάσμασι,
1429 2860 1520 2907 καὶ
1549 2860 1736 2929 τρόπον

127 2948 252 2998 τινὰ
279 2947 650 3017 συγκρίνεσθαι
667 2948 752 2995 τόν
777 2942 1111 3016 ἀσύγκριτον.

209 3031 330 3086 Εἶπε
363 3031 421 3085 δε
458 3037 518 3085 τὸ
571 3037 742 3104 νόημα
781 3040 934 3084 τοῦτο
963 3036 1053 3083 καὶ
1106 3031 1156 3083 ἐν
1195 3039 1266 3101 τῷ
1303 3029 1738 3104 ἐννεακαιδεκάτῳ

130 3121 393 3193 κεφαλαίῳ
420 3128 513 3173 τοῦ
555 3123 691 3172 κατὰ
735 3122 996 3173 Ματθαὼν

132 3211 248 3263 Ούκ
274 3213 384 3262 ἔστι
415 3212 656 3282 μαθητὴς
685 3211 809 3282 ὑπὲρ
836 3212 923 3260 τὸν
948 3204 1274 3260 διδάσκαλον
1304 3208 1415 3279 (9i)
1445 3209 1624 3278 αὑτοῦ,
1649 3217 1738 3263 καὶ

130 3302 201 3353 τὰ
232 3299 364 3360 ἑξῆς.

207 3388 349 3461 [(92)
401 3387 511 3440 Ούκ
565 3389 674 3439 ἔστι
728 3382 933 3448 δοῦλος.
964 3385 1095 3448 Ἕως
1125 3385 1184 3437 ἂν
1217 3387 1242 3437 6
1412 3385 1520 3440 ἐστι
1553 3383 1738 3449 δοῦλος

46 3475 48 3480 ’
129 3480 342 3542 τούτου,
372 3478 396 3528 6
429 3473 487 3529 δὲ
525 3475 807 3536 ἀπόστολος
837 3474 1049 3530 ἐκείνου.
1080 3475 1389 3536 Ἐλάττωσις
1413 3477 1514 3550 γὰρ
1555 3495 1640 3528 και
1676 3479 1734 3528 1'6

132 3563 415 3631 δουλεύειν,
443 3571 531 3618 καὶ
564 3571 618 3618 τό
653 3563 1108 3637 ἀποστέλλεσθαι]

206 3656 353 3709 Εἰ-
384 3656 534 3719 αὐτά,
577 3655 637 3707 Ei
662 3662 826 3706 ταῦτα
856 3651 1055 3721 οἴδατε,
1086 3657 1152 3706 τὰ
1175 3653 1394 3728 ῥηθέντα
1422 3671 1433 3682 ·
1464 3651 1643 3708 οἴδατε
1675 3652 1733 3709 δὲ

129 3746 289 3809 αὐτὰ,
321 3745 443 3819 παρ’
480 3743 603 3817 ἐμοῦ
631 3745 877 3815 μαθόντες
906 3759 918 3772 ·
952 3745 1216 3818 Μακάριοί
1247 3741 1382 3807 ἐστε,
1421 3741 1505 3794 ἐὰν
1549 3752 1733 3802 ποιῆτε

128 3833 286 3888 αὑτά.
335 3834 446 3885 Οὐκ
487 3830 636 3908 ἀρκεῖ
696 3835 797 3907 γὰρ
844 3829 1038 3884 εἰδέναι
1093 3836 1268 3905 μόνον,
1309 3830 1436 3884 ἀλλά
1477 3837 1585 3908 χρὴ
1643 3839 1732 3888 καὶ

127 3931 317 3977 ποιεῖν.

207 4011 282 4064 Ού
317 4041 386 4050 -
414 4010 563 4082 λέγω.
596 4016 664 4063 T6
693 4030 705 4042 ·
738 4010 856 4063 Ἐὰν
882 4019 1063 4070 ποιῆτε
1093 4011 1245 4068 αὑτά,
1285 4017 1408 4085 Περὶ
1433 4021 1528 4065 τοῦ
1556 4010 1734 4066 Ἰούδα

126 4102 234 4174 γάρ
265 4107 419 4151 τοῦτο
443 4099 630 4171 ἔλεγεν,
657 4099 712 4160 ὃς
737 4100 795 4152 ον)
816 4106 968 4172 μόνον
1000 4101 1094 4153 οὐκ.
1118 4102 1289 4174 ἔμελλε
1313 4107 1551 4160 ποιήσειν
1579 4103 1730 4170 αὐτὰ,

130 4188 248 4240 ἀλλ’
265 4185 377 4240 οὐδ’
415 4188 532 4240 ἄλλο
554 4207 604 4240 τι
629 4197 728 4240 τῶν
760 4188 1144 4262 ἐντεταλμένων,
1172 4187 1245 4248 ἥδ
1250 4211 1279 4248 η
1325 4195 1417 4248 τὸν
1441 4187 1731 4262 προδοσίαν

127 4276 374 4352 μελετῶν,
961 4279 974 4295 “

206 4366 336 4437 Ἐγὼ
391 4397 451 4408 -
512 4365 832 4440 ἐξελεξάμην.
890 4365 1050 4435 Οἶδα,
1111 4371 1176 4428 ὡς
1228 4370 1366 4430 Θεὸς,
1447 4371 1577 4428 τίνες
1641 4371 1731 4439 μὲν

125 4464 234 4509 τῶν
286 4456 407 4526 παρ’
457 4455 581 4526 ἐμοῦ
626 4455 924 4527 ἐκλεγέντων
967 4462 1282 4514 ποιήσουσιν
1336 4455 1489 4520 αὐτὰ,
1539 4460 1619 4517 τίς
1671 4453 1731 4509 δε

126 4548 191 4598 ού
242 4549 468 4602 ποιήσει.
515 4550 615 4597 Καὶ
667 4545 896 4618 ἀνωτέρύ
956 4542 1015 4598 δε
1080 4546 1234 4598 εἰπὼν
1293 4547 1374 4597 ὃτι
1419 4549 1519 4596 Καὶ
1589 4545 1732 4616 ὑμεῖς

122 4635 354 4708 καθαροί
407 4633 542 4702 ἐστε,
607 4633 712 4686 ἀλλ’
772 4635 898 4704 ούχὶ
946 4636 1128 4696 πάντες
1174 4651 1188 4665 ·
1232 4632 1400 4686 καὶέν
1463 4630 1732 4706 διαφόροις

125 4721 192 4778 δὲ
259 4731 458 4798 καιροῖς
519 4723 681 4776 πολλά
751 4731 972 4774 τοιαῦτα
1051 4723 1414 4796 φθεγξάμενος,
1483 4725 1734 4775 νύττοντα

121 4818 283 4888 μόνον
312 4815 369 4865 τὸ
398 4820 490 4864 τοῦ
529 4807 795 4884 προδότου
845 4807 1103 4880 συνειδὸς,
1164 4817 1253 4864 καὶ
1300 4811 1411 4884 ἅμα
1458 4813 1547 4883 μὲν
1576 4807 1733 4864 διδά-

123 4921 324 4956 σκοντα
379 4903 456 4953 ὃτι
522 4900 580 4952 ού
640 4899 877 4952 λανθάνει
942 4898 1300 4967 ἐπιϐουλεύων,
1351 4899 1462 4973 ἄμα
1519 4896 1578 4953 δὲ
1643 4905 1733 4953 καὶ

123 4992 199 5050 εἰς
261 4989 594 5062 μεταμέλειαν
673 4993 762 5041 καὶ
835 4985 1122 5065 διόρθωσιν
1203 4989 1569 5063 ἐκκαλούμενα,
1638 4989 1732 5043 οὑκ

124 5079 324 5130 ἔπεισε.

204 5305 251 5342 ⁸⁸
280 5305 474 5362 Matth.
501 5323 559 5376 κ,
587 5309 676 5364 24.
808 5310 1018 5367 “Joan.
1049 5325 1170 5378 xm,
1205 5310 1290 5367 10.

1847 533 2136 589 Dominus
2167 550 2322 599 sum,
2347 535 2467 590 lavi
2498 541 2727 591 vestros
2756 535 2962 607 pedes,
2983 536 3086 608 qui
3114 541 3329 592 natura
3349 536 3499 592 servi

1846 621 2006 688 estis,
2043 623 2229 678 multo
2270 622 2467 694 magis
2496 639 2603 680 vos
2641 624 2899 681 invicem
2929 625 3225 695 conservi,
3274 625 3498 681 debetis

1846 711 1942 767 alii
1957 711 2422 769 aliorumlavare
2462 713 2669 784 pedes.
2693 716 2892 786 Neque
2919 714 3059 769 dixit
3093 730 3105 769 :
3137 714 3193 771 Si
3226 729 3334 784 ego
3365 730 3500 788 pro-

1845 800 2051 855 ditoris
2073 800 2192 855 lavi
2219 800 2423 872 pedes,
2452 801 2637 857 multo
2665 801 2858 872 magis
2889 818 2996 858 vos
3034 802 3452 858 insidiatorum
3483 818 3496 858 :

1847 889 1950 945 sed
1979 889 2105 944 haec
2131 905 2236 961 per
2273 906 2458 963 opera
2496 891 2857 962 signiﬁcans,
2899 892 3116 948 horum
3146 891 3497 964 disputatio-

1844 993 1984 1033 nem
2015 977 2250 1052 reliquit
2279 979 2625 1036 auditorum
2665 980 3071 1038 conscientiae.

1916 1068 2173 1123 Vers.15.
2225 1069 2578 1138 Exemplum
2615 1070 2868 1127 —vobis.
2911 1071 3261 1144 Exemplum
3301 1069 3500 1142 dejec-

1848 1156 2020 1213 tionis
2046 1157 2106 1213 in
2137 1157 2466 1230 dilectione,
2496 1159 2612 1216 hoc
2641 1175 2818 1233 opere
2849 1159 3068 1216 tradidi
3101 1160 3290 1217 vobis.

1916 1337 2078 1392 Vers.
2143 1338 2226 1394 l5.
2290 1339 2361 1394 Ut
2401 1339 2732 1408 —faciatis.
2782 1341 2861 1395 Ex
2893 1338 3205 1396 dilectione
3259 1339 3493 1411 dejecti,

1846 1442 1916 1483 ac
1942 1426 2194 1484 subditis
2226 1427 2648 1484 ministrantes.
2672 1433 2741 1485 At
2766 1445 2906 1486 vero
2932 1429 3056 1502 ipse
3096 1429 3341 1502 quidem
3373 1435 3499 1486 erat

1846 1518 2058 1586 major,
2100 1532 2284 1588 quam
2324 1516 2565 1588 intelligi
2595 1533 2664 1573 ac
2691 1517 2806 1574 dici
2846 1526 3048 1590 posset
3091 1535 3102 1573 :
3146 1535 3252 1574 nos
3298 1525 3496 1576 autem

1847 1621 2060 1660 sumus
2088 1609 2241 1661 terra
2269 1609 2324 1661 et
2349 1606 2512 1672 cinis,
2542 1606 2740 1680 pulvis
2767 1611 2822 1663 et
2849 1623 3104 1673 caenum,
3139 1613 3243 1664 ant
3272 1609 3319 1664 si
3350 1609 3497 1682 quid

1845 1693 1938 1749 his
1969 1693 2142 1750 vilius
2183 1700 2286 1750 est.
2316 1696 2565 1761 Quando
2608 1711 2746 1752 vero
2777 1711 2899 1753 non
2928 1702 3159 1754 tantum
3199 1697 3277 1754 ad
3310 1699 3498 1755 mino-

1597 1789 1736 1836 ’καὶ
1771 1801 1812 1852 Β
1847 1800 1940 1840 res
2007 1799 2127 1839 non
2180 1783 2495 1855 dejicimus
2577 1801 2709 1851 nos,
2768 1785 2877 1842 sed
2932 1802 3126 1858 neque
3170 1787 3242 1844 ad
3309 1790 3497 1860 majo-

1843 1885 1934 1924 res
1968 1887 1980 1924 :
2013 1885 2114 1924 nec
2137 1868 2332 1924 solum
2363 1870 2545 1941 pedes
2576 1886 2888 1927 servorum
2914 1887 3037 1926 non
3063 1871 3357 1939 lavamus,
3392 1873 3495 1928 sed

1844 1974 2038 2030 neque
2090 1958 2439 2024 amicorum,
2481 1976 2615 2015 cum
2641 1961 2819 2016 etiam
2851 1960 3265 2017 insidiatorum
3293 1961 3496 2019 lavare

1843 2047 2202 2103 debeamus:
2225 2064 2367 2119 qua,
2386 2049 2656 2114 obsecro,
2676 2049 3177 2105 condemnatione
3196 2050 3361 2120 digni
3383 2067 3495 2108 non

1844 2137 2067 2191 erimus
2112 2137 2140 2190 ?
2175 2136 2276 2209 qui
2317 2153 2438 2192 non
2500 2137 2689 2193 solum
2743 2138 2956 2194 Christi
3017 2155 3134 2194 non
3190 2138 3497 2196 imitamur

1844 2231 1898 2281 et
1920 2241 1991 2280 ex
2012 2225 2308 2282 diametro
2349 2226 2702 2294 extollimur,
2731 2243 2840 2282 nec
2865 2228 3028 2300 quod
3079 2228 3346 2284 debitum
3409 2235 3498 2286 est

1844 2315 2232 2371 exsolvimus.
2255 2317 2331 2370 Et
2355 2331 2473 2387 vos,
2492 2316 2705 2388 inquit,
2729 2316 2948 2374 debetis
2971 2319 3026 2372 in
3037 2318 3335 2374 vicemalii
3354 2319 3497 2376 alio-

1845 2420 1978 2460 rum
2011 2405 2219 2460 lavare
2246 2405 2432 2476 pedes.

1915 2494 2076 2550 Vers.
2115 2499 2197 2550 16.
2238 2496 2425 2551 Amen
2477 2526 2546 2536 —
2585 2495 2776 2551 illum.
2819 2495 3026 2569 Itaque
3083 2497 3131 2552 si
3192 2512 3322 2568 ego,
3389 2496 3494 2570 qui

1844 2583 2390 2655 incomparabiliter
2421 2585 2616 2656 major
2645 2602 2801 2656 sum,
2847 2586 3150 2657 meipsum
3182 2586 3334 2642 adeo
3392 2587 3498 2642 de-

1839 2672 1975 2743 jeci,
2019 2672 2207 2729 multo
2238 2673 2432 2744 magis
2486 2689 2613 2730 vos.
2655 2675 2724 2730 Et
2767 2675 2883 2731 hoc
2923 2681 3124 2732 autem
3175 2674 3492 2731 ineﬂabilis

1844 2761 2190 2818 humilitatis
2214 2763 2404 2835 ipsius
2424 2768 2530 2830 est,
2558 2763 2721 2835 quod
2751 2780 2878 2821 sese
2904 2765 3132 2821 dederit
3154 2765 3497 2836 exemplum

1846 2853 2182 2908 Creatorem
2231 2852 2506 2909 videlicet
2547 2853 2832 2910 creaturis
2875 2870 2889 2910 :
2938 2858 2995 2910 et
3041 2853 3496 2926 quodammodo

1845 2955 1907 2996 se
1946 2941 2408 3013 comparaverit,
2437 2943 2540 3015 qui
2573 2943 3064 3015 incomparabilis
3103 2949 3208 2999 est.

1917 3031 2071 3084 Dixit
2105 3035 2306 3086 autem
2346 3035 2402 3086 et
2456 3031 2614 3086 hanc
2663 3031 3021 3088 sententiam
3079 3032 3313 3088 decimo
3341 3047 3496 3088 nono

1045 3135 1057 3147 '
1105 3123 1194 3171 καὶ
1237 3121 1468 3179 ζήτησον
1501 3119 1605 3173 ἐκεῖ
1629 3126 1688 3174 τό
1722 3141 1734 3152 ·

1857 3118 2034 3187 capite
2060 3118 2229 3187 juxta
2263 3119 2595 3174 Matthzeum
2626 3134 2638 3175 :
2674 3119 2757 3174 ibi
2786 3135 2928 3190 ergo
2971 3136 3171 3192 qumre
3213 3120 3376 3192 quod
3409 3120 3498 3175 di-

1847 3207 1998 3262 citur
2023 3225 2035 3264 :
2069 3207 2203 3262 Non
2231 3213 2314 3262 est
2343 3207 2662 3278 discipulus
2691 3224 2870 3280 supra
2899 3208 3250 3278 magistrum
3305 3225 3492 3275 suum,

1846 3299 1903 3350 et
1928 3299 2142 3351 caetera
2171 3297 2244 3352 ⁸⁸.

1915 3385 2001 3454 Ἠι
2015 3384 2154 3440 Νοη
2183 3391 2268 3440 est
2295 3400 2520 3442 servus.
2561 3385 2834 3446 Quandiu
2865 3385 2959 3441 ille
2989 3385 3230 3458 quidem
3263 3391 3354 3442 est
3382 3403 3498 3443 ser-

1844 3489 1952 3529 vus
1980 3474 2183 3545 hujus,
2214 3473 2311 3529 hic
2341 3473 2649 3546 apostolus
2689 3473 2836 3545 ejus.
2868 3475 3164 3530 Inferioris
3208 3475 3369 3532 enim
3411 3481 3500 3534 est

1842 3562 2225 3629 conditionis,
2259 3563 2365 3618 sed
2387 3568 2444 3618 et
2471 3563 2772 3628 servire,et
2799 3564 3077 3619 nuntium
3106 3563 3278 3624 mitti.

1913 3653 2076 3708 Vers.
2112 3657 2192 3706 t7.
2231 3651 2294 3706 Si
2334 3683 2403 3692 -—-
2449 3669 2535 3710 ea.
2572 3652 2627 3706 Si
2659 3652 2787 3708 haec
2840 3652 3104 3718 novistis,
3155 3670 3291 3726 quae
3337 3652 3499 3711 dicta

1843 3750 2002 3811 sunt,
2030 3741 2279 3798 novistis
2309 3747 2510 3798 autem
2536 3759 2628 3809 ea,
2678 3758 2818 3798 cum
2865 3757 2901 3798 a
2949 3759 3046 3799 me
3094 3742 3424 3800 didiceritis
3477 3759 3496 3802 :

1842 3831 2016 3887 Beati
2067 3832 2232 3887 eritis
2274 3831 2325 3886 si
2373 3832 2647 3901 faceretis
2695 3847 2778 3899 ea,
2849 3847 3044 3906 neque
3097 3831 3259 3889 enim
3315 3847 3495 3889 nosse

1843 3919 2079 3986 sufficit,
2114 3920 2219 3975 sed
2247 3925 2303 3974 et
2328 3919 2520 3976 facere
2559 3925 2811 3992 oportet.
3428 3918 3436 3925 ’

1913 4011 2070 4064 Vers.
2111 4012 2193 4064 18.
2234 4009 2367 4065 Non
2414 4039 2480 4048 —
2529 4010 2680 4066 dico.
2744 4009 2913 4075 Puta,
2968 4009 3033 4064 Si
3077 4010 3343 4079 feceritis
3398 4025 3489 4067 ea.

1842 4100 1986 4154 Nam
2020 4097 2089 4151 de
2117 4097 2270 4153 Juda
2295 4099 2410 4153 hoc
2442 4097 2696 4162 dicebat,
2723 4099 2826 4170 qui
2851 4114 2969 4153 non
2992 4098 3186 4153 solum
3210 4115 3281 4154 ea
3309 4097 3492 4154 factu-

1839 4203 1942 4242 rus
1971 4202 2093 4241 non
2119 4192 2264 4251 erat,
2296 4189 2400 4241 sed
2428 4202 2535 4242 nec
2562 4186 2725 4240 aliud
2749 4187 3080 4258 quidquam
3112 4203 3319 4242 eorum
3349 4202 3488 4259 quae

1839 4281 2132 4347 praecepta
2164 4280 2353 4342 erant,
2385 4275 2459 4330 de
2491 4273 2823 4346 proditione
2840 4275 2968 4344 jam
2995 4291 3200 4329 curam
3231 4275 3484 4332 habens.

1910 4365 2072 4418 Vers.
2111 4367 2198 4418 l8.
2232 4365 2360 4432 Ego
2389 4393 2458 4403 —-
2487 4363 2778 4433 elegerim.
2807 4364 2967 4428 Novi,
2997 4368 3282 4435 tanquam
3306 4364 3484 4433 Deus,

1839 4453 2089 4525 quinam
2107 4468 2178 4508 ex
2195 4452 2394 4507 electis
2417 4451 2567 4506 meis
2591 4451 2796 4507 facturi
2839 4456 2977 4506 sunt
2991 4468 3082 4516 ea,
3098 4457 3172 4517 et,
3198 4451 3405 4525 etquis
3420 4453 3491 4509 sit

1839 4542 1943 4615 qui
1965 4557 2086 4597 non
2104 4541 2292 4598 faciet.
2314 4541 2591 4613 Superius
2611 4556 2849 4613 quoque
2866 4539 3011 4596 dixit
3031 4561 3043 4600 :
3065 4541 3143 4596 Et
3167 4556 3264 4598 vos
3281 4542 3495 4598 mundi

1839 4632 1998 4696 estis,
2022 4631 2122 4687 sed
2142 4647 2259 4687 non
2282 4632 2527 4687 omnes69
2554 4646 2568 4697 ;
2593 4629 2889 4702 variisque
2914 4631 3280 4702 temporibus
3301 4630 3492 4690 multa

1841 4720 2192 4791 hujusmodi
2212 4720 2444 4776 locutus
2465 4724 2570 4786 est,
2595 4735 2727 4791 quae
2758 4719 2942 4774 solius
2982 4717 3302 4791 proditoris
3342 4735 3492 4790 pun-

1840 4815 2042 4881 gerent
2063 4810 2503 4876 conscientiam,
2529 4809 2828 4881 simulque
2840 4810 3144 4877 docerent,
3162 4809 3330 4882 quod
3351 4825 3492 4866 eum

1840 4915 1964 4956 non
2002 4898 2205 4956 lateret
2236 4898 2523 4972 proditor,
2563 4903 2622 4955 et.
2640 4898 2808 4955 illum
2848 4897 2926 4954 ad
2965 4897 3378 4971 paenitentiam
3419 4914 3490 4956 ac

1821 4989 2271 5062 correctionem
2313 4992 2631 5047 evocarent
2683 5005 2698 5044 :
2747 5002 2958 5045 verum
3008 5002 3131 5044 non
3181 5002 3493 5062 persuase—
3531 5058 3536 5064 _

1841 5083 1995 5136 runt.

1344 5511 1570 5583 Variae
1608 5513 1934 5584 lectiones
1975 5525 2040 5584 et
2084 5524 2283 5585 notae.

224 5652 313 5712 9i)
347 5650 514 5709 Αὐτοῦ
545 5650 716 5710 abest
739 5656 805 5712 A.

224 5654 284 5711 91
347 5654 514 5709 Αὑτοῦ
545 5654 716 5710 abest
739 5656 805 5712 A.

200 5654 313 5802 imi
344 5729 478 5784 Haec
517 5732 766 5801 uterque
790 5728 852 5784 in
883 5727 1152 5801 margine
1189 5727 1392 5788 habet.
1423 5731 1592 5789 Caret
1618 5727 1692 5787 iis
1732 5729 2065 5791 Hentenius.
