4076 6466
714 343 850 402 1383
2033 335 2374 396 EUTHYMII
2416 337 2744 398 ZIGABENI
3825 351 3905 410 1334

783 474 894 526 Cur
914 473 1113 524 autem
1149 468 1327 524 etiam
1382 467 1744 541 proditorem
1776 466 2039 536 elegerit,
2094 465 2359 522 diximus

2293 483 2359 522 us
2393 470 2437 522 Α
2542 472 2692 520 Διατί
2723 463 2781 519 δέ
2811 464 3066 529 ἒξελίξατο
3109 471 3199 520 καὶ
3234 469 3321 518 τὸν
3369 465 3625 543 προδότην,
3668 473 3903 547 εἰρήκαμοῇ

708 559 1104 629 octavojuxta
1130 557 1393 612 Marcum
1445 557 1661 629 capite,
1702 564 1758 612 et
1810 556 1888 612 ibi
1940 570 2139 628 quare
2195 571 2318 627 quot

2294 555 2353 611 Μ]
2468 565 2538 628 τῷ
2583 553 2758 628 ὀγδόῳ
2787 555 3042 628 κεφαλαίῳ
3101 565 3192 609 τοῦ
3222 560 3357 609 κατὰ
3384 561 3576 633 Μάρκον
3606 580 3616 591 -
3662 567 3732 614 καὶ
3762 565 3904 623 ζήτω)

705 649 965 704 dicitur:
1000 647 1075 700 Et
1122 645 1383 701 ascendit
1434 646 1494 700 in
1553 651 1825 711 montem,
1868 649 1922 700 et
1963 644 2186 700 vocavit
2215 660 2315 714 quc

2295 659 2355 699 os
2465 645 2568 698 ἐκεῖ
2617 651 2676 698 τό
2700 663 2712 676 ·
2748 651 2846 698 Καὶ
2879 643 3142 698 ἀναϐαίνει
3171 645 3241 708 εὶς
3283 651 3339 698 τὸ
3369 651 3494 719 Quae,
3543 654 3620 702 καὶ
3653 653 3905 723 προσκαλεῖται

701 735 821 808 ipse
843 737 1027 791 voluit
1056 736 1126 800 ⁷ο,
1157 740 1211 789 et
1243 741 1475 799 caetera,
1505 740 1810 806 totamque
1859 733 2096 789 illorum
2147 732 2311 789 verbi

2294 748 2355 789 0-
2463 735 2550 797 οὒς
2582 734 2755 794 ἤθελεν
2791 737 2967 800 αὐτὸς,
2996 739 3086 786 καὶ
3113 738 3178 787 τὰ
3201 735 3317 798 ἑξῆς
3365 755 3378 768 ’
3410 741 3495 789 καὶ
3525 735 3738 808 ἀνάγνωθι
3757 747 3821 798 τήν
3841 744 3904 800 Em

698 841 833 882 rum
854 823 984 894 lege
1013 827 1473 879 enarrationem.

2462 823 2711 895 ὶξήγησιν
2741 833 2840 875 τῶν
2871 826 3117 876 τοιούτων
3144 824 3335 896 ῥητῶν.

769 917 929 969 Vers.
961 913 1044 968 t8.
1073 912 1189 968 Sed
1216 943 1282 951 —-
1311 927 1507 967 suum.
1545 912 1728 968 Etiam
1761 911 1819 968 in
1860 911 1975 966 hoc
2005 909 2136 966 loco
2175 909 2350 967 dictio

2295 912 2350 967 i0
2535 913 2667 965 Ἀλλ’
2697 944 2763 955 —
2785 915 3252 966 αὐτοῡ.1(οίνταύθα
3280 918 3336 966 τὸ
3362 913 3467 967 Ἰνα
3496 911 3742 973 δηλωτικόν
3771 917 3905 972 ἔσται.

696 1010 781 1068 ut,
812 1002 1245 1060 manifestativa
1272 1007 1360 1057 est
1383 1001 1513 1071 ejus
1540 1001 1701 1072 quod
1734 999 1999 1056 futurum
2039 1004 2182 1055 erat.
2231 1001 2306 1055 Ha

2294 1014 2349 1055 >c
2459 1002 2727 1074 μέλλοντος
2756 1023 2769 1035 ·
2803 1003 2928 1067 οἷον,
2970 1002 3084 1073 (93)
3137 1002 3290 1056 Ἀλλὰ
3321 999 3355 1055 δ
3362 1005 3414 1054 ιὰ
3459 1007 3540 1056 τὸν
3580 1002 3790 1079 προδότην
3824 1017 3904 1059 τοῡτε

693 1108 931 1166 quoque
990 1093 1145 1147 sicut
1194 1098 1251 1146 et
1302 1090 1422 1146 alia
1475 1095 1718 1162 propter
1769 1089 2134 1162 proditorem
2187 1088 2298 1144 dici

2293 1088 2346 1144 it.
2459 1091 2606 1163 λέγω,
2637 1091 2819 1144 Μέλλει
2849 1094 2949 1164 γὰρ
2982 1093 3012 1149 ἡ
3045 1096 3218 1164 Γραφὴ
3274 1091 3597 1165 πληρωθῆναι
3630 1100 3654 1151 ή
3685 1102 3903 1162 Δαυῐταὲ,ὲ

692 1185 840 1238 Nam
872 1181 1136 1237 futurum
1186 1185 1331 1246 erat,
1368 1186 1430 1235 ut
1479 1179 1872 1250 compleretur
1905 1178 2206 1250 Scriptura
2240 1179 2302 1233 Di

2295 1195 2348 1234 ιι·
2457 1180 2699 1252 λέγουσα·
2726 1179 2787 1232 ’0
2805 1180 2990 1233 ἐσθίων
3011 1180 3202 1256 ἄρτους
3227 1200 3328 1253 μου
3365 1181 3643 1254 iper/ﬂown
3669 1185 3730 1235 ἐπ’
3747 1184 3808 1256 ἐμὲ

692 1270 906 1334 vidica,
934 1285 1071 1342 quas
1096 1271 1210 1324 ait:
1241 1270 1353 1334 Qui
1375 1269 1624 1324 comedit
1644 1283 1818 1339 panes
1840 1282 1993 1323 meos
2033 1267 2346 1336 ampliavit
2456 1276 2659 1343 νισμον.

694 1359 1010 1416 adversum
1043 1373 1132 1413 me
1158 1359 1706 1427 supplantationem
1735 1358 1804 1410 ·¹¹.

770 1448 1160 1520 Septuaginta
1207 1463 1350 1516 ergo
1407 1462 1477 1502 ex
1530 1445 1813 1501 Hebraico
1859 1461 2042 1502 sensu
2081 1445 2235 1501 hanc
2266 1445 2348 1501 ita

2291 1450 2348 1501 ta
2529 1450 2594 1499 Οἱ
2623 1450 2712 1519 μεν
2742 1443 2830 1499 οὖν
2882 1443 3270 1519 Ἐϐδομήκοντα
3298 1447 3458 1508 οὕτως
3509 1447 3602 1502 ἀπὸ
3643 1449 3901 1522 tofi-1891isz

699 1536 1055 1610 interpretati
1087 1540 1222 1591 sunt
1252 1552 1264 1587 :
1315 1536 1578 1591 Christus
1605 1551 1741 1590 vero
1785 1535 2062 1590 eamdem
2095 1550 2250 1589 nunc
2274 1550 2304 1588 e

2290 1550 2345 1588 3x
2461 1540 2514 1588 r6
2552 1537 2710 1610 ῥητὸν
2742 1537 3075 1609 ἡρμήνευσαν
3118 1554 3131 1568 ’
3167 1539 3192 1589 6
3226 1534 3283 1590 δε
3319 1542 3564 1610 Χριστὸς,
3607 1538 3693 1590 ἀπὸ
3736 1549 3801 1590 τοῦ
3820 1547 3900 1590 τιτι.

697 1627 910 1683 eodem
933 1627 1368 1698 interpretatus,
1389 1624 1519 1679 aliis
1546 1624 1901 1679 dictionibus
1918 1623 2195 1679 eamdem
2226 1623 2307 1677 vii

2290 1641 2345 1678 ω
2455 1629 2512 1677 τὸ
2543 1629 2669 1676 αὐτὸ
2690 1633 2778 1676 νῦν
2797 1627 3208 1697 μεθερμηνεύων,
3231 1629 3296 1678 τὰ
3334 1631 3471 1678 αὑτὰ
3498 1633 3583 1679 καὶ
3606 1631 3736 1688 αὐτὸς
3769 1628 3850 1697 λεγει
3867 1626 3900 1678 ii

695 1713 1101 1772 obtinentibus
1145 1713 1351 1768 eadem
1379 1719 1434 1767 et
1481 1713 1606 1784 ipse
1645 1711 1804 1767 dicit.
1847 1711 2150 1782 Siquidem
2184 1711 2305 1766 idet

2291 1727 2343 1766 ω
2457 1715 2638 1786 ἑτέρων
2690 1710 3022 1785 ἰσοδυνοὶμων
3051 1713 3248 1776 λέξεων.
3281 1721 3424 1768 Ἴσον
3455 1719 3552 1790 γὰρ
3582 1720 3633 1768 τὸ
3675 1717 3901 1768 ὁίσθίωνιίι

696 1804 808 1860 sibi
865 1803 1088 1866 volunt,
1149 1803 1262 1869 Qui
1311 1802 1445 1868 edit,
1496 1817 1630 1855 cum
1699 1801 2084 1869 evangelista,
2137 1800 2302 1855 Chris

2290 1801 2344 1856 ili
2378 1832 2425 1890 Β
2457 1805 2515 1853 τὸ
2546 1803 2571 1853 ὁ
2594 1808 2822 1874 τρώγων,
2874 1808 2964 1854 καὶ
3006 1807 3065 1855 τὸ
3095 1802 3367 1876 ὶμεγοίλυνε
3413 1811 3501 1857 καὶ
3539 1809 3591 1857 τὸ
3621 1804 3748 1880 ὶπῆρί
3773 1823 3780 1832 ·
3806 1824 3900 1855 uit:

695 1893 879 1949 verba
916 1891 1195 1956 referens,
1233 1892 1451 1946 habeat
1497 1890 1555 1941 Ὀ
1585 1895 1827 1963 τρώγων;
1857 1895 1932 1954 et,
1964 1889 2072 1954 Qui
2097 1890 2305 1945 comed;

1549 1903 1555 1934 ι
1585 1895 1827 1963 τρώγων;
1857 1895 1932 1954 et,
1964 1889 2072 1954 Qui
2097 1890 2345 1945 comedit
2379 1888 2406 1890 —
2456 1890 2613 1942 λοιπὰ
2641 1888 2700 1943 δι
2726 1893 2917 1964 ὁμοίως
2949 1895 3159 1962 ἔχουσι.

695 1998 835 2038 cum
867 1981 1255 2054 Septuaginta
1286 1980 1485 2035 dicant
1539 1980 1564 2030 ὁ
1614 1981 1799 2031 iaetu»
1851 1996 1866 2032 :
1899 1984 1955 2035 et
1996 1978 2343 2048 Ampliavil,
2381 1977 2534 2034 sicut
2566 1980 2832 2044 Sustulit,
2870 1981 3205 2054 eodemque
3247 1982 3434 2039 modo
3473 1999 3536 2039 se
3565 1982 3756 2039 habent
3782 1984 3898 2038 etni-

691 2087 836 2145 qua.

760 2160 853 2215 Ait
877 2175 1018 2232 ergo
1043 2158 1116 2213 de
1149 2158 1324 2220 Juda,
1358 2158 1466 2223 Qui
1490 2158 1655 2226 apud
1683 2172 1772 2213 me
1791 2158 2072 2225 pascitur,
2115 2155 2220 2228 qui
2269 2155 2343 2210 de

2285 2155 2343 2210 le
2525 2161 2660 2214 Φησὶ
2688 2153 2746 2210 δε
2776 2163 2891 2232 περὶ
2916 2166 3006 2211 τοῦ
3037 2155 3216 2212 Ἰούδα
3247 2162 3325 2212 ὅτι
3345 2159 3407 2212 Ὀ
3439 2166 3716 2233 τρεφόμενος
3740 2159 3895 2231 παρ’

689 2249 903 2305 eadem
938 2265 1143 2303 mensa
1175 2264 1410 2302 mecum
1436 2250 1854 2310 communicat,
1889 2261 2084 2317 neque
2123 2245 2202 2299 ob
2228 2243 2299 2299 bo

2288 2260 2344 2299 )c
2453 2246 2478 2296 6
2509 2255 2761 2297 κοινωνῶν
2813 2266 2905 2318 μοι
2952 2249 3232 2316 τραπέζης,
3266 2246 3382 2301 οὐδ’
3439 2254 3565 2301 αὑτὸ
3592 2258 3722 2302 τοῦτο
3757 2245 3898 2300 αἰδετόες

690 2338 887 2410 ipsum
931 2354 1024 2392 me
1078 2342 1397 2402 reveretur,
1446 2335 1769 2404 Ampliavit
1799 2351 1867 2389 ac
1917 2333 2174 2396 sustulit,
2233 2332 2300 2388 hc

2287 2348 2345 2386 3c
2454 2332 2727 2404 ἆμεοιαλυνε
2777 2341 2867 2387 καὶ
2917 2335 3120 2408 ἐπῆρεν,
3150 2341 3308 2408 ἤγουν
3363 2337 3676 2412 ἄκραταίωσε
3702 2343 3770 2388 καὶ
3800 2336 3897 2386 eum

693 2434 781 2484 est
795 2472 807 2493 ,
824 2427 1213 2495 Conﬁrmavit
1233 2427 1354 2481 sive
1365 2432 1543 2480 movit
1562 2432 1876 2480 adversum
1896 2439 1985 2478 me
1999 2424 2303 2478 calcaneui

2280 2439 2345 2476 tm
2452 2423 2564 2474 κατ’
2598 2424 2724 2495 ἐμοῦ
2774 2429 2992 2498 πτέρναν
3035 2432 3124 2478 καὶ
3187 2432 3526 2501 πτερνισμὸν,
3582 2432 3726 2480 εἰτουν
3757 2423 3890 2476 imis}:

690 2524 738 2572 et
753 2516 1322 2585 supplantationem,
1349 2517 1469 2569 sive
1488 2515 1694 2569 dolum
1717 2530 1784 2569 ac
1804 2513 2071 2575 insidias,
2091 2528 2160 2567 eo
2180 2528 2300 2584 quo

2274 2513 2340 2566 nd
2452 2515 2541 2562 καὶ
2573 2507 2744 2576 δόλον,
2761 2508 2796 2565 δ
2802 2517 2855 2564 ιὰ
2880 2519 2937 2565 τὸ
2968 2513 3293 2573 συλλαλῆσαι
3310 2523 3424 2577 τοῖς
3445 2515 3669 2588 ἐχθροῖς.
3698 2515 3884 2576 suam:

692 2623 830 2662 cum
855 2603 1108 2660 inimicis
1138 2603 1210 2658 sit
1231 2604 1488 2658 locutus.
1521 2602 1721 2658 Solent
1753 2618 2034 2672 namque,
2081 2602 2184 2672 qui
2216 2617 2302 2656 cm

2295 2616 2346 2655 r-
2452 2601 2499 2650 οὶ
2546 2604 2667 2662 τοὺς
2710 2607 2997 2673 τρέχοντας
3039 2603 3401 2667 ὑποσκελίζειν
3462 2612 3741 2678 πειρώμενοι
3776 2599 3833 2654 διὰ

692 2700 887 2751 rentes
911 2693 1161 2764 dejicere
1214 2694 1499 2758 nituntur,
1531 2690 1814 2746 calcaneo
1857 2690 2144 2744 insidiari.
2206 2690 2302 2744 lde

2293 2706 2344 2745 to
2453 2693 2671 2761 πτέρνης
2701 2688 3066 2750 ἕπιϐου).εύειν.
3084 2697 3170 2745 Διὸ
3202 2698 3398 2765 πτέρνα
3424 2699 3515 2747 καὶ
3536 2693 3830 2767 πτερνισμὸςὲ

691 2783 1007 2840 calcaneus
1029 2796 1097 2836 ac
1130 2779 1538 2852 supplantatio
1568 2779 1771 2834 dolum
1800 2794 1869 2833 ac
1893 2779 2141 2833 insidias
2161 2779 2301 2833 deni

1365 2780 1538 2834 atatio
1568 2779 1771 2834 dolum
1800 2794 1869 2833 ac
1893 2779 2141 2833 insidias
2161 2779 2345 2833 deno-
2452 2775 2607 2835 ϐουλὴ
2637 2783 2727 2830 καὶ
2749 2780 2774 2830 ὸ
2806 2775 2975 2841 δόλος.

690 2878 794 2928 tat.

759 2960 924 3014 Vers.
963 2963 1044 3014 t9.
1073 2957 1252 3012 Nunc
1283 2986 1349 2997 —
1382 2972 1532 3012 sum.
1566 2955 1631 3011 Ut
1664 2971 1802 3011 cum
1832 2954 2005 3010 fuerit
2049 2954 2343 3026 completa

2294 2959 2343 3010 ta
2522 2955 2744 3031 ’Λπάρτι
2775 2989 2840 2997 -
2891 2957 3016 3030 εἰμι.
3067 2957 3196 3025 Ἱνα,
3264 2962 3388 3012 ὅταν
3441 2961 3678 3034 πληρωθῇ
3733 2960 3904 3016 ἒτθιτδπ

684 3047 1032 3122 hujusmodi
1058 3048 1378 3119 Scriptura,
1403 3046 1680 3111 credatis,
1709 3045 1872 3118 quod
1915 3060 2028 3116 ego
2067 3061 2220 3112 sum,
2265 3045 2294 3098 ι]

2300 3057 2342 3100 Le
2452 3049 2650 3116 Γραφὴ,
2683 3050 3001 3105 πιστεύσητε
3030 3050 3107 3100 ὁτι
3133 3047 3232 3120 ἐγώ
3263 3049 3373 3122 εἰμι
3406 3057 3524 3124 περὶ
3550 3051 3606 3104 οὗ
3634 3051 3770 3106 ἐκείνη
3790 3063 3910 3118 προεξε-

680 3154 803 3211 quo
841 3137 942 3194 illa
966 3135 1423 3192 vaticinabatur.

1034 3135 1423 3192 .ticinabatur.
2449 3152 2644 3188 τευσεν.

752 3227 916 3283 Vers.
945 3230 1032 3282 20.
1065 3227 1256 3282 Amen
1282 3256 1345 3266 ——
1373 3240 1480 3280 me.
1513 3226 1684 3280 Juxta
1708 3223 1888 3279 ﬁnem
1911 3238 2154 3296 quoque
2186 3221 2336 3277 deci-

2299 3221 2336 3276 i-
2373 3222 2414 3278 C
2517 3222 2690 3295 ,Αμὴν
2721 3255 2787 3265 —
2817 3243 2900 3296 μί·
2936 3230 3033 3278 καί
3061 3230 3187 3300 πρὸς
3213 3235 3284 3296 τῷ
3315 3227 3452 3281 τέλει
3483 3237 3574 3282 τοῦ
3603 3221 3909 3281 ﬂammigare

679 3316 760 3372 mi
778 3317 918 3372 noni
945 3316 1152 3388 capitis
1179 3313 1474 3382 Evangelii
1502 3314 1833 3368 secundum
1867 3311 2205 3368 Mattlueum
2251 3311 2287 3365 d

2303 3311 2335 3365 ἱ·
2445 3311 2721 3382 κεφαλαίου
2748 3321 2839 3365 τοῦ
2870 3318 3004 3366 κατὰ
3026 3317 3292 3367 θιατθαίον
3325 3313 3466 3370 εἶπεν
3498 3339 3509 3350 ·
3535 3317 3590 3370 Ὀ
3617 3315 3836 3387 δεχόμενος
3853 3313 3913 3376 ‘3?“

678 3406 803 3461 xit:
839 3405 946 3473 Qui
977 3405 1183 3474 recipit
1207 3419 1320 3467 ros,
1357 3418 1448 3458 me
1469 3401 1678 3469 recipit
1715 3420 1726 3459 :
1763 3408 1814 3457 et
1849 3403 1954 3472 qui
1984 3415 2072 3456 me
2102 3400 2286 3467 recipi

2305 3407 2333 3463 ἲ,
2446 3400 2531 3472 ὶμε
2558 3397 2775 3472 δέχεται
2798 3420 2808 3431 ·
2844 3408 2933 3454 καὶ
2962 3405 2986 3454 6
3017 3401 3104 3475 εμὶ
3131 3400 3416 3476 διχόμενος
3446 3403 3660 3479 δέχεται
3686 3409 3756 3457 τὸν

680 3495 887 3565 recipit
916 3508 1069 3562 eum,
1108 3494 1212 3563 qui
1252 3506 1342 3548 me
1381 3491 1544 3546 misit
1581 3491 1649 3546 τ’.
1680 3493 1842 3545 Nunc
1894 3494 2095 3544 autem
2153 3490 2290 3544 etiai

2305 3505 2334 3544 n
2442 3488 2601 3541 λαντά
2630 3510 2711 3562 με.
2752 3497 2849 3544 Καὶ
2878 3500 2964 3543 νῦν
2996 3488 3054 3544 δε
3085 3496 3143 3544 τὸ
3173 3498 3298 3545 αὐτὸ
3347 3494 3509 3567 λέγει,
3545 3501 3810 3569 παρηγορῶν
3824 3493 3915 3540 τιτι..

680 3584 841 3640 idem
871 3583 1033 3648 dicit,
1081 3581 1286 3637 volens
1319 3580 1582 3652 amplius
1634 3579 1768 3635 illos
1807 3577 2123 3643 consolari,
2169 3594 2290 3650 quo

2307 3577 2335 3632 1
2446 3577 2529 3631 ἐπὶ
2568 3579 2733 3647 πλέον⁹
2766 3580 3036 3653 μελλοντας
3067 3583 3186 3635 ὅσον
3217 3587 3360 3635 οὔπω
3396 3581 3433 3637 δ
3439 3590 3692 3659 ιατρέχειν
3724 3587 3794 3640 τήν
3826 3577 3917 3628 oue.-

683 3673 949 3751 futurum
975 3676 1130 3726 esset
1154 3677 1214 3726 ut
1243 3669 1425 3742 paulo
1458 3675 1590 3740 post
1642 3674 2043 3739 percurrerent
2069 3667 2297 3722 orbem.
2445 3672 2620 3740 μένην.

688 3767 696 3777 ·
755 3762 917 3817 Vers.
940 3763 1028 3814 2t.
1063 3759 1198 3815 Haec
1225 3788 1283 3801 -
1316 3761 1558 3826 spiritu.
1587 3758 1869 3828 Spiritum
1893 3756 2033 3812 dicit
2053 3755 2298 3811 aﬁectur

2308 3771 2333 3810 α
2515 3763 2694 3809 Ταῦτα
2737 3788 2792 3798 -
2816 3761 3090 3832 πνιύματι.
3126 3767 3333 3833 Πνεῦμα
3365 3767 3474 3815 νόει
3503 3766 3559 3815 τὸ
3589 3763 3735 3822 πάθος
3757 3755 3918 3816 λύπ-

682 3849 959 3906 mmroris
991 3864 1061 3904 ac
1094 3847 1470 3911 turbationis,
1503 3861 1625 3918 quo
1657 3848 2012 3901 movebatur
2035 3845 2115 3900 ob
2137 3845 2284 3918 prod

2309 3873 2330 3899 η·
2447 3850 2535 3897 καὶ
2577 3849 2906 3917 συγχύσεως,
2964 3856 3059 3909 τῆς
3119 3847 3200 3901 ini
3253 3858 3315 3922 τῇ
3374 3849 3607 3923 ἀπωλείᾳ
3645 3857 3722 3902 τοῦ
3747 3841 3919 3920 προοῖσται

678 3939 823 3995 toris
856 3936 1244 4009 perditionem
1285 3953 1298 4001 ;
1343 3951 1483 3990 nam
1533 3952 1649 4006 prae
1680 3936 1865 3990 nimia
1916 3933 2288 4005 compassiou

2312 3948 2335 3988 Β
2444 3934 2566 3987 Ὑπὸ
2597 3938 2698 4008 γὰρ
2725 3943 2819 3997 τῆς
2850 3938 2981 4008 ἄγαν
3015 3940 3344 4009 συμπαθείας
3370 3933 3922 4015 ἐταράχθημὲπιραὶγξπ

678 4027 1054 4086 turbabatur.
1097 4024 1490 4080 Vehementer
1536 4027 1695 4079 enim
1751 4041 1921 4095 uper
1969 4038 2039 4079 eo
2069 4022 2288 4078 doleba

2310 4041 2332 4077 μ.
2448 4028 2635 4079 αὐτοῦ.
2680 4029 2778 4077 Καὶ
2807 4024 2893 4077 ἐπὶ
2928 4034 3018 4078 τοῦ
3050 4027 3298 4100 Λαζάρου
3331 4024 3394 4081 δε
3427 4034 3488 4081 τὸ
3523 4027 3862 4102 Ἐνεϐριμιὲσατο
3891 4023 3920 4065 tu”

679 4119 759 4174 De
801 4119 1014 4172 Lazaro
1041 4115 1220 4170 etiam
1253 4115 1479 4170 dictum
1512 4112 1661 4168 illud
1697 4112 2090 4177 declarantes,
2145 4113 2289 4182 Infn

2311 4131 2335 4152 '-
2446 4112 3307 4189 πνεύματι,ἰρμηνευοντεςπνευμα
3335 4121 3395 4169 τὸ
3423 4121 3590 4180 πάθος
3617 4125 3703 4178 τῆς
3728 4113 3921 4184 σνγχύτετνῖ

676 4205 822 4262 muit
853 4205 1072 4276 spiritu
1094 4204 1168 4275 ⁷⁸,
1200 4204 1471 4276 spiritum
1515 4201 1779 4258 diximus
1812 4202 2166 4257 turbationis
2195 4201 2286 4258 alit

1137 4205 1168 4275 ',
1200 4204 1471 4276 spiritum
1515 4201 1779 4258 diximus
1812 4202 2166 4257 turbationis
2195 4201 2335 4258 atfe-
2453 4202 2747 4276 εἰρήκαμεν.

677 4301 862 4352 ctum.

753 4383 1010 4439 νει-821.
1071 4383 1147 4438 Et
1188 4396 1394 4438 —me.
1450 4379 1809 4437 Testiﬁcatus
1856 4386 1962 4444 est,
2018 4379 2140 4435 sive
2195 4394 2334 4452 pro-

2311 4409 2334 4422 -
2521 4385 2620 4433 Καὶ
2652 4411 2718 4420 -
2749 4400 2830 4453 με.
2883 4383 3294 4457 Ἐμαρτύρησεν,
3323 4388 3493 4456 ἤγουν
3525 4382 3847 4458 διεμαρτύρατο
3869 4390 3911 4422 πει

681 4478 932 4529 testatus
961 4472 1036 4526 de
1070 4470 1430 4544 proditione.

1258 4470 1430 4527 tione.
2449 4475 2506 4526 τῆ
2520 4487 2541 4528 ς
2562 4465 2868 4541 προδοσίας.

753 4561 919 4618 Vers.
955 4564 1043 4616 2'2.
1086 4559 1465 4629 Aspiciebant
1496 4588 1563 4600 —
1593 4557 1832 4614 diceret.
1877 4556 2188 4630 Siquidem
2229 4557 2337 4614 mi-

2308 4559 2337 4612 ζ-
2370 4575 2411 4630 D
2516 4555 2762 4610 Ἐϐλεπον
2792 4589 2860 4598 -
2889 4559 3044 4632 λέγει.
3078 4564 3236 4613 Οὔπω
3261 4563 3362 4634 γὰρ
3396 4563 3550 4621 ἤθελε
3577 4561 3867 4636 δημοσιεῦσαι
3886 4569 3918 4598 πῖ

682 4665 883 4707 serum
914 4648 1187 4706 nondum
1228 4646 1535 4720 publicare
1566 4645 1818 4713 volebat,
1851 4652 2206 4719 exspectans
2244 4662 2292 4703 ιιι

2107 4662 2206 4702 ans
2244 4646 2341 4703 ad-
2449 4645 2648 4716 ἄθλιον,
2679 4645 2938 4720 ἀναμένων
2969 4651 3044 4701 ἔτι
3068 4653 3160 4709 τὴν
3190 4648 3515 4725 ἐπιστροφὴν
3547 4656 3717 4706 αὑτοῦ.

683 4738 802 4795 huc
839 4739 966 4810 ejus
1005 4736 1482 4794 conversionem.

753 4827 916 4882 Vers.
957 4825 1044 4882 23.
1079 4825 1468 4882 Recumbebat
1495 4831 1690 4880 autem
1734 4854 1796 4864 —
1826 4824 2013 4880 Jesus.
2057 4825 2186 4895 Ipse
2216 4828 2342 4881 erat

2303 4828 2342 4881 tt
2520 4823 2618 4877 Ἦν
2650 4820 2709 4877 δε
2740 4826 3068 4898 ἀνακείμενος
3127 4857 3190 4867 -
3228 4827 3451 4888 Ἰησοῦς,
3496 4828 3666 4889 Αὐτὸς
3703 4823 3755 4884 ἦν
3785 4824 3803 4873 ὁ
3842 4828 3913 4868 tam

681 4915 786 4990 qui
820 4920 946 4972 hinc
977 4913 1294 4979 scribebat,
1328 4913 1487 4970 velut
1518 4912 1874 4983 signiﬁcavit
1910 4913 2069 4968 idem
2129 4914 2190 4969 in
2220 4913 2291 4968 ﬁn

2306 4929 2339 4970 θ
2446 4916 2677 4988 γράφων,
2730 4917 2800 4974 ὡς
2863 4919 3020 4977 αὐτὸς
3076 4915 3160 4968 ἐπὶ
3190 4915 3360 4977 τέλους
3416 4925 3512 4970 τοῦ
3545 4898 3912 4989 germanum

679 5002 995 5077 Evangelii.
1026 5003 1194 5060 Hunc
1223 5007 1425 5061 autem
1449 5001 1730 5074 diligebat
1761 5001 1950 5065 Jesus,
1990 5000 2123 5073 plus
2171 5001 2289 5058 Vidt

2293 5017 2339 5058 9-
2446 5002 2592 5058 λωκε.
2624 5009 2818 5056 Τοῦτον
2843 5000 2903 5057 δί
2928 5005 3110 5076 ἠγάπα
3139 5006 3165 5057 6
3193 5005 3428 5074 Ἰησοῦς,
3485 5007 3635 5060 πλέον
3677 5001 3903 5061 dolavith

749 5234 800 5273 "°
831 5234 1014 5293 Marc.
1045 5249 1127 5303 ιιι,
1159 5235 1248 5294 13.
1387 5234 1432 5273 τί
1467 5233 1621 5293 Psal.
1655 5250 1743 5302 ιι,
1782 5237 1865 5292 t0.
1988 5236 2035 5271 ⁷⁸
2066 5234 2263 5293 Matth.
2296 5251 2358 5305 x,

1467 5233 1621 5293 Psal.
1655 5250 1743 5302 ιι,
1782 5237 1865 5292 t0.
1988 5236 2035 5271 ⁷⁸
2066 5234 2263 5293 Matth.
2296 5251 2358 5305 x,
2385 5237 2474 5294 40.
2595 5237 2643 5272 ⁷³
2669 5237 2835 5295 Joan.
2876 5252 2954 5295 x1.
2982 5241 3077 5295 33.

1889 5439 2110 5508 Varias
2152 5440 2478 5510 lectiones
2511 5453 2577 5510 et
2605 5449 2806 5511 notas.

685 5663 872 5798 digit)
909 5657 1107 5721 Redde
1137 5673 1152 5719 :
1179 5658 1383 5721 veluti.
1439 5663 1554 5722 Sed
1573 5661 1676 5722 hoc
1697 5671 1948 5736 propter
1972 5665 2295 5736 proditore:

1240 5658 1383 5721 rluti.
1439 5663 1554 5722 Sed
1573 5661 1676 5722 hoc
1697 5671 1948 5736 propter
1972 5665 2340 5736 proditorem
2523 5666 2639 5743 (94)
2666 5673 2769 5721 Τοῦ
2792 5667 2850 5725 Β.
