4076 6446
114 337 238 396 1385

1131 334 1501 395 COMMENT.
1547 339 1614 395 ΙΝ
1653 335 2002 398 JOANNEM.
2048 372 2111 381 -
2153 335 2484 396 CAP.XI[I.

3317 331 3453 389 1386

118 463 244 525 οῐξιον
281 461 586 532 ἀγαπᾶσθαι
616 462 765 516 πλέον
797 460 831 516 δ’
837 465 891 516 ιὰ
920 463 1208 526 πλεονεξίαν
1246 463 1431 539 ἀρετῆς
1462 464 1690 536 μεγάλης
1719 507 1726 520 .

1844 465 2200 532 cetcateris,
2231 469 2296 520 ut
2325 465 2430 537 qui
2454 463 2589 536 plus
2619 461 2783 533 diligi
2813 461 3032 531 dignus
3063 462 3211 526 erat,
3241 459 3316 516 ob
3335 459 3458 514 vir-

120 553 172 610 ῆν
192 551 329 612 αὐτὸς
361 549 626 626 ἀπέκρυψε
656 548 750 604 δια
774 556 1234 627 μετριοφροσύνην.

188 732 391 800 Λέγεται
446 725 632 782 δὲκαὶ
685 739 932 783 τοσοῦτον
985 730 1039 783 ἐκ
1086 735 1317 794 νεότητος
1379 731 1694 805 ἐπιμελήσα-

126 819 235 869 σθαι
275 821 652 894 καθαρότητος,
709 823 775 881 ὡς
822 825 892 893 μὴ
929 821 1080 872 ἐᾶσαί
1128 841 1250 874 ποτε
1281 819 1419 895 μηδὲ
1443 822 1695 895 λογισμὸν

123 906 330 977 αἰσχρόν
376 907 627 967 ἀναϐῆναι
689 910 760 970 εἰς
807 915 899 968 τήν
931 907 1156 984 καρδίαν
1211 911 1372 964 αὑτοῦ
1403 929 1415 942 °
1445 912 1697 984 λογισμόν

125 991 178 1047 δὲ
211 995 430 1070 αἰσχρόν
458 997 515 1050 ού
551 1002 644 1056 τὴν
677 1003 902 1071 φυσικὴν
941 1003 1146 1056 κίνησιν
1187 999 1403 1066 οἰητέον,
1452 1000 1576 1053 ἀλλά
1607 1007 1698 1060 τὴν

124 1091 467 1160 προαιρετικὴν
523 1093 830 1159 φαντασίαν.
891 1092 977 1140 Διό
1035 1095 1123 1141 καὶ
1180 1092 1429 1161 παρθένος
1486 1092 1700 1164 ὕστερον

125 1172 472 1246 ἐπωνομάσθη.
513 1184 676 1229 Τοῦτο
729 1173 788 1230 δὲ
827 1182 1128 1254 προτέρημα
1188 1184 1277 1231 καὶ
1337 1188 1398 1252 τῇ
1465 1186 1701 1254 Θεοτόκῳ

122 1272 326 1334 προσῆν.

192 1358 332 1425 Λέγει
361 1351 418 1406 δὲ
449 1356 474 1405 ό
649 1361 1027 1430 Χρυσόστομος
1065 1360 1142 1410 ὅτι
1166 1360 1349 1429 ἠγάπα
1371 1359 1524 1411 αύτόν
1554 1359 1704 1411 πλέον

124 1448 207 1494 καὶ
231 1439 299 1494 δι’
328 1443 748 1516 ὑπερϐάλλουσαν
795 1450 1266 1522 ταπεινοφροσύνην
1297 1453 1386 1500 καὶ
1411 1453 1704 1523 πραότητα,

124 1531 244 1605 ἅπερ
273 1531 524 1590 ἐκτήσατο
542 1537 668 1606 μετά
694 1539 751 1586 τὸ
784 1534 1154 1608 ἐπιτιμηθῆναι
1173 1533 1267 1589 διά
1283 1542 1376 1596 τήν
1403 1535 1703 1612 προεδρίαν.

124 1627 288 1673 Ταύτα
317 1624 417 1694 γὰρ
449 1627 537 1674 καὶ
567 1626 652 1674 τόν
693 1626 919 1683 Μωύσῆν
946 1624 1184 1696 ύψωσαν.

1803 555 1941 611 tutis
1969 569 2208 624 magna
2239 553 2719 626 prarogativam,
2761 566 2950 624 quam
2977 550 3108 623 ipse
3143 547 3458 606 modestia

1803 660 1989 700 causa
2017 643 2351 700 occultavit.

1841 755 1844 760 ·
1876 733 2097 788 Dicitur
2136 737 2336 788 autem
2376 736 2598 788 tantam
2625 746 2662 787 a
2703 745 2889 804 puero
2928 742 3134 786 curam
3177 725 3460 783 habuisse

1805 822 2097 894 puritatis,
2132 827 2194 877 ut
2237 837 2310 877 ne
2350 825 2588 893 turpem
2635 819 2882 892 quidem
2912 817 3328 890 cogitationem
3349 829 3462 871 un-

1807 927 1988 983 quam
2014 913 2072 966 in
2095 927 2197 966 cor
2223 926 2400 966 suum
2424 909 2746 966 ascendere
2774 907 3135 980 permiserit:
3157 905 3346 975 turpis
3365 920 3464 959 au-

1813 1005 1926 1055 tem
1958 999 2259 1069 cogitatio,
2283 998 2492 1054 nonde
2518 1003 2682 1054 motu
2705 995 2961 1054 naturali
2987 993 3336 1068 accipienda
3353 997 3458 1057 est,

1810 1089 1911 1144 sed
1937 1089 2012 1143 de
2026 1088 2339 1159 phantasia
2364 1087 2706 1145 voluntaria
2728 1103 2740 1153 ;
2764 1085 2899 1142 ideo
2924 1084 3106 1142 etiam
3126 1098 3294 1153 Virgo
3307 1086 3467 1154 post-

1811 1180 2064 1234 modum
2103 1177 2560 1249 cOgnominatus
2597 1183 2703 1234 est.
2747 1179 2866 1233 Hoc
2915 1191 3054 1232 vero
3093 1172 3468 1247 privilegium

1814 1267 1912 1323 Dei
1935 1282 2177 1338 quoque
2208 1265 2480 1322 Genitrici
2508 1266 2715 1323 datum
2741 1269 2884 1322 erat.

1883 1357 2027 1412 Dicit
2105 1360 2306 1412 autem
2357 1355 2837 1428 Chrysostomus,
2891 1354 3054 1426 quod
3108 1353 3288 1410 etiam
3334 1366 3470 1408 am-

1816 1445 1971 1517 plius
2002 1461 2139 1500 eum
2177 1444 2488 1515 diligebat,
2544 1449 2786 1517 propter
2841 1442 3225 1501 excellentem
3284 1439 3472 1496 animi

1816 1535 2215 1590 humilitatem
2238 1551 2308 1590 ac
2330 1533 2877 1598 mansuetudinem,
2905 1549 3059 1605 quas
3086 1531 3474 1603 adeptuserat

1820 1629 2144 1695 postquam
2175 1624 2249 1678 de
2285 1623 2731 1696 praeminentia
2787 1628 3092 1694 correptus
3121 1621 3333 1676 fuerat.
3392 1618 3476 1676 Si-

1820 1714 2059 1784 quidem
2089 1713 2183 1768 ha
2210 1713 2449 1769 virtutes
2469 1713 2646 1768 etiam
2678 1715 2873 1768 Mosen
2901 1711 3330 1768 exaltaverunt.

195 1801 368 1850 Σκόπει
396 1794 454 1850 δὲ
475 1805 563 1851 καὶ
591 1807 742 1852 τοῦτο
791 1803 870 1853 ὅτι
903 1807 992 1854 καὶ
1029 1809 1136 1863 τοῖς
1193 1805 1383 1856 πάθεσι
1414 1812 1504 1856 τοῦ
1545 1801 1708 1857 διδα-

1895 1801 2219 1858 Considera
2233 1818 2374 1858 vero
2387 1807 2443 1858 et
2459 1803 2590 1867 hoc,
2615 1801 2918 1873 quomodo
2935 1800 3098 1857 solus
3120 1796 3478 1870 ediscipulis

129 1887 312 1938 σκάλου
344 1894 498 1959 μόνος
527 1896 626 1939 τῶν
684 1891 930 1961 μαθητῶν
979 1895 1276 1966 παρέμεινεν
1309 1894 1471 1964 ἄχρις
1509 1892 1569 1944 ἂν
1611 1893 1710 1956 ἐξέθ

126 1993 324 2029 πνευσε.
360 1980 454 2028 Διά
482 1985 648 2029 ταῦτα
679 1975 767 2030 οὖν
789 1984 876 2030 καὶ
909 1980 1149 2050 ἠγαπᾶτο
1173 1981 1338 2041 πλέον,
1373 1987 1461 2034 καὶ
1492 1981 1715 2036 ἀνέκειτο

126 2067 256 2115 κατά
291 2069 377 2116 τόν
409 2069 588 2140 καιρόν
622 2065 806 2118 ἐκεῖνον
839 2066 884 2118 ἐν
907 2077 978 2138 τῷ
1009 2069 1180 2140 κόλπῳ
1212 2070 1387 2141 αὐτου,
1423 2073 1486 2132 ὡς
1516 2080 1638 2135 παῖς
1669 2073 1717 2125 ἐν

128 2153 293 2224 κόλπῳ
325 2159 491 2228 πατρό
503 2176 541 2218 ς,
573 2156 833 2229 ἀναλόγως
861 2156 1078 2229 ἔγγίζων
1108 2158 1248 2230 αύτῷ
1272 2157 1363 2211 διὰ
1381 2165 1467 2218 τὴν
1505 2159 1603 2214 ἀπὸ
1630 2171 1720 2224 τῆς

133 2241 313 2314 ἀρετῆς
347 2242 624 2314 ἐγγύτητα.
661 2246 812 2303 Εἰκὸς
840 2249 940 2320 γὰρ
969 2247 1123 2298 αὐτόν
1153 2253 1337 2318 γνόντα
1367 2245 1470 2307 ἤδη
1499 2254 1586 2302 τόν
1625 2253 1721 2303 θά-

131 2349 276 2383 νατον
305 2339 396 2384 τοῦ
437 2329 766 2386 διδασκάλου
809 2332 1016 2408 σφόδρά
1047 2339 1461 2411 σκυθρωπάζειν,
1504 2345 1593 2392 καὶ
1631 2337 1724 2393 διὰ

134 2429 283 2474 τοῦτο
331 2425 462 2494 μετά
489 2427 573 2475 τόν
604 2434 831 2497 νιπτῆρα
874 2426 1267 2499 προσκληθῆναι
1329 2433 1419 2480 καὶ
1452 2428 1722 2482 ἀναπεσεῖν

134 2509 238 2563 ἐκεῖ
260 2515 422 2586 χάριν
446 2519 792 2587 παρηγορίας.
809 2514 1044 2588 Ἔγραψε
1061 2519 1150 2588 μὲν
1175 2516 1260 2568 οὖν
1284 2526 1468 2584 ταῦτα,
1498 2519 1556 2570 ού
1589 2520 1725 2592 φιλοο

134 2604 437 2673 τιμούμενος
470 2619 482 2631 ·
516 2607 600 2654 καὶ
658 2607 758 2679 γὰρ
819 2608 1015 2676 φεύγων
1071 2609 1156 2657 τόν
1187 2611 1405 2678 κόμπον,
1449 2611 1506 2660 τό
1540 2609 1724 2662 ἑαυτοῦ

136 2699 439 2762 παρεσιώπη
450 2711 532 2745 σεν
559 2697 736 2766 ὄνομα.

203 2870 335 2923 Ἀλλ’
367 2868 546 2930 ἐπειδὴ
590 2870 925 2948 παρέδραμον
987 2877 1036 2926 οἱ
1091 2875 1235 2928 ἄλλοι
1265 2877 1632 2950 εὖαγγελισταὶ
1664 2881 1729 2932 τὰ

130 2965 362 3032 περὶτοῦ
417 2960 728 3033 ἐμϐάφέντος
761 2963 974 3035 ψωμίου
1024 2969 1110 3016 καὶ
1159 2962 1396 3028 δοθέντος
1426 2976 1496 3038 τῷ
1528 2965 1728 3033 Ἰούδα,

131 3048 322 3120 μέλλων
348 3045 708 3119 διηγήσασθαι
737 3060 907 3115 τούτο,
963 3050 1255 3122 ἀναγκαίως
1301 3053 1501 3107 ἐνέπεσε
1539 3063 1627 3108 καὶ
1659 3057 1729 3118 εἰς

1824 1891 1886 1946 in
1925 1892 2192 1960 magistri
2222 1889 2643 1947 afﬂictionibus
2679 1890 3097 1962 permanserit,
3137 1887 3329 1944 donec
3361 1887 3480 1958 spi-

1825 1983 2004 2037 ritum
2031 1981 2399 2037 exhalasset:
2425 1980 2503 2036 ob
2524 1980 2652 2036 hac
2673 1995 2816 2050 ergo
2846 1981 3022 2036 etiam
3053 1977 3311 2050 amplius
3339 1991 3480 2031 eum

1827 2071 2129 2143 diligebat,
2172 2087 2242 2125 ac
2274 2075 2539 2142 tempore
2565 2070 2664 2125 illo
2690 2070 2748 2125 in
2775 2069 2911 2124 sinu
2949 2069 3078 2140 ejus
3103 2065 3482 2123 recumbebat

1829 2167 2117 2232 tanquam
2147 2160 2305 2215 ﬁlius
2334 2159 2393 2215 in
2435 2160 2570 2215 sinu
2602 2160 2787 2232 patris
2815 2177 2829 2226 ;
2871 2157 3371 2231 appropinquans
3409 2154 3482 2209 si-

1830 2250 2044 2305 militer
2056 2250 2108 2304 ei
2126 2254 2370 2320 propter
2390 2249 2616 2304 virtutis
2629 2248 3159 2320 propinquitatem.
3180 2243 3484 2316 Siquidem

1829 2337 2144 2393 verisimile
2157 2342 2265 2406 est,
2279 2337 2464 2409 quod,
2481 2337 2847 2409 pracognita
2854 2337 2980 2405 jam
2995 2333 3262 2404 magistri
3275 2335 3484 2396 morte,

1833 2433 2081 2483 moestus
2109 2428 2443 2483 admodum
2475 2433 2622 2493 erat,
2658 2433 2715 2483 et
2743 2431 3057 2499 propterea
3094 2429 3231 2497 post
3262 2423 3486 2495 pedum

1832 2517 2117 2572 lotionem
2145 2519 2367 2572 ascitus
2388 2517 2600 2582 fuerat,
2634 2517 2832 2588 ibique
2862 2515 3217 2572 recubuerat
3240 2529 3254 2568 :
3275 2526 3492 2568 conso-

1834 2606 2070 2662 lationis
2101 2621 2244 2676 ergo
2275 2607 2466 2675 gratia
2486 2607 2578 2678 (ii)
2598 2606 2726 2662 hac
2753 2605 3007 2678 scripsit,
3029 2619 3151 2660 non
3190 2601 3492 2672 gloriatio-

1835 2697 1928 2751 nis
1961 2712 1975 2752 :
2010 2711 2153 2751 nam
2201 2695 2433 2766 fugiens
2461 2695 2824 2768 jactantiam,
2877 2694 2971 2750 sui
3025 2694 3213 2766 ipsius
3268 2704 3491 2747 nomen

1836 2784 2136 2840 conticuit.

1910 2876 2126 2930 Verum
2159 2891 2297 2930 cum
2324 2873 2519 2930 cateri
2553 2873 2928 2944 evangelista
2976 2868 3494 2944 pratermisissent

1839 2979 1974 3036 qua
1999 2965 2068 3018 de
2086 2964 2429 3020 intinctione
2445 2967 2504 3018 et
2519 2963 2704 3019 offula
2726 2963 2893 3018 Juda
2923 2962 3058 3018 data
3083 2961 3490 3030 contigerant:

1842 3059 2189 3108 narraturus
2216 3054 2350 3119 hoc,
2378 3053 2583 3108 incidit
2621 3053 2962 3108 necessario
2992 3053 3052 3106 in
3078 3052 3292 3106 horum
3332 3063 3497 3104 enar-

133 3142 227 3193 τὴν
254 3139 445 3188 τούτων
474 3136 958 3208 ἀπαγγελίαν.Ἐτι-εὶ
979 3143 1076 3215 γὰρ
1105 3141 1577 3215 αύτὸς,ἐπιτραμεὶς
1590 3149 1726 3217 παρὰ

1843 3142 2153 3197 rationem.
2195 3143 2364 3205 Nam,
2407 3141 2551 3212 quia
2600 3141 2840 3197 hortatu
2894 3140 3041 3196 Petri
3075 3139 3224 3193 clam
3254 3138 3498 3193 interro-

135 3231 228 3277 τοῦ
253 3229 467 3298 Πέτρου,
505 3226 741 3299 ἠρώτησε
771 3233 999 3301 κρυφίως
1036 3234 1112 3290 τίς
1153 3229 1290 3282 ἐστιν
1341 3233 1364 3281 ό
1404 3231 1733 3304 παραδιδούς

136 3314 290 3366 αὐτόν
325 3331 336 3342 ·
373 3313 651 3384 ἀναγκαῖον
683 3313 744 3374 ἦν
793 3317 949 3369 εἰπεῖν
999 3327 1098 3370 που
1156 3318 1476 3392 ἀνακείμενος
1503 3319 1732 3380 ἠδύνατο

135 3403 325 3475 ἐρωτᾶν
355 3408 597 3475 κρυφίως,
649 3409 738 3456 καὶ
770 3414 874 3466 πῶς
929 3405 1130 3482 ἐθάρρει
1187 3406 1289 3460 ἐκεῖ
1340 3428 1390 3461 τε
1429 3407 1735 3466 ἀνακεῖσθαι

133 3498 224 3544 καὶ
251 3491 444 3566 ἐρωτᾶν
475 3501 759 3563 μυστικῶς.

209 3580 274 3632 Ἥ
312 3585 368 3632 τό
425 3586 516 3654 μὲν
573 3581 878 3636 ἀνακεῖσθαι
909 3583 956 3636 ἐν
1022 3595 1094 3656 τῷ
1139 3588 1310 3662 κόλπῳ
1361 3593 1522 3646 αὐτοῦ
1579 3613 1732 3666 φησι,

136 3667 310 3728 δηλῶν
363 3675 456 3729 τὴν
518 3673 860 3747 ύπεράπειρον
920 3680 1232 3729 ταπείνωσιν
1284 3689 1374 3732 τοῦ
1433 3689 1526 3741 τὴν
1578 3681 1736 3746 δόξαν

134 3762 482 3835 ύπεραπείρου
543 3778 555 3790 ·
614 3765 670 3813 τὸ
747 3759 805 3815 δε
892 3763 1196 3834 ἀγαπᾶσθαι
1265 3769 1417 3842 λέγει,
1490 3769 1735 3826 δεικνύων

134 3849 318 3902 ἑαυτόν
381 3870 434 3902 τε
510 3850 827 3926 εὐχάριστον
915 3852 1148 3907 κάκεῖνον
1229 3859 1734 3933 φιλανθρωπότατον.

137 3943 242 3991 Καὶ
269 3941 350 3990 ὅτι
397 3942 486 4010 μὲν
526 3942 768 4010 ἠγαπᾶτο
817 3941 1054 4014 ὁμολογεῖ
1086 3962 1097 3974 '
1133 3942 1277 3998 διατί
1317 3945 1374 4001 δὲ
1411 3951 1651 4022 ἠγαπᾶτο
1676 3954 1735 4006 οὗ

134 4029 506 4100 προστίθησιν,
597 4029 928 4104 εὐχαριστῶν
1008 4036 1099 4106 μὲν
1172 4035 1283 4109 οἶμα
1361 4045 1449 4092 καὶ
1536 4062 1740 4118 μετριο-

137 4135 359 4190 φρονων.

212 4207 366 4256 Νεύει
423 4236 490 4247 -
546 4205 704 4278 λέγει.
782 4210 938 4272 Αύτός
986 4216 1076 4284 μὲν
1139 4215 1231 4267 οὐκ
1289 4215 1572 4292 ὶθαρῥησεν
1613 4219 1740 4294 ἐρω-

133 4301 305 4352 τῆσαι
358 4291 450 4346 διὰ
500 4300 590 4354 τὴν
641 4297 812 4351 αἰτίαν
862 4299 920 4358 ἣν
961 4302 1233 4376 εἰρήκαμεν
1278 4305 1326 4357 ἐν
1357 4315 1427 4377 τῷ
1478 4307 1742 4381 ἑξηκοστῷ

136 4385 371 4457 τετάρτῳ
410 4385 667 4458 κεφαλαίῳ
721 4396 811 4440 τού
865 4394 1000 4443 κατὰ
1043 4396 1310 4447 Ματθαῖον
1343 4415 1354 4427 ·
1400 4405 1471 4468 τῷ
1532 4397 1741 4468 Ἰωάννῃ

138 4468 202 4522 δὲ
233 4480 390 4524 τοῦτο
440 4472 730 4548 ἐπέτρεψεν,
782 4481 851 4540 ὡς
886 4481 1204 4554 ἠγαπημένῳ
1261 4484 1493 4556 μάλιστα
1536 4497 1606 4558 τῷ
1655 4485 1743 4540 δι·-

136 4556 420 4634 δασκάλῳ,
475 4568 562 4615 καὶ
609 4563 918 4641 ἀνακείμένῳ
952 4579 1243 4628 τηνικαῦτα
1278 4573 1328 4625 ἐν
1355 4583 1423 4646 τῷ
1450 4575 1622 4650 κόλπῳ
1653 4578 1745 4630 αύ-

128 4668 252 4706 του.

213 4741 510 4796 Ἐπιπεσὼν
563 4740 622 4797 δὲ
674 4745 862 4806 ἐκεῖνος
932 4751 1094 4812 οὕτως
1166 4782 1234 4791 -
1291 4751 1430 4806 ἐστιν
1483 4771 1496 4822 ;
1553 4759 1746 4826 Οὕτως,

133 4833 205 4892 ὡς
239 4829 490 4900 ἀνέκειτο,
533 4837 775 4886 τουτέστι
827 4840 900 4907 μὴ
962 4836 1212 4905 ἀναστὰς,
1271 4839 1401 4894 ἀλλά
1464 4848 1615 4915 μόνον
1658 4865 1751 4918 με·-

132 4927 482 4995 ταστραφείς.
538 4921 597 4976 Ὀ
626 4925 716 4996 μὲν
766 4920 854 4976 οὖν
919 4926 1154 4989 Ἰωάννης
1211 4928 1263 4992 ἐξ
1313 4931 1600 4996 ἁπλότητος
1661 4940 1752 4989 καὶ

135 5009 355 5079 ἀγάπης
386 5014 645 5069 ἐπέπεσεν.
713 5017 873 5067 Οὔπω
909 5019 1010 5092 γὰρ
1052 5021 1200 5090 φύσει
1251 5024 1373 5074 Θεόν
1439 5022 1591 5075 αὐτόν
1645 5022 1754 5095 ἐγί-

132 5116 342 5149 νωσκεν
375 5118 392 5134 ο
443 5101 600 5164 αὐτὸς
657 5099 716 5156 δε
765 5105 1021 5177 ἠνέσχετο
1059 5106 1154 5159 κάν
1206 5113 1371 5182 τούτῳ
1410 5110 1752 5185 ψυχαγωγῶν

138 5203 335 5244 αυτόν,

1843 3234 2090 3300 gaverat
2118 3229 2400 3300 quisnam
2431 3234 2583 3286 esset
2633 3231 2735 3299 qui
2767 3244 2904 3284 eum
2943 3227 3220 3292 traderet,
3259 3239 3498 3281 necesse

1843 3324 1966 3375 erat
1989 3318 2208 3384 dicere,
2261 3317 2570 3390 quomodo
2618 3316 3006 3385 recumberet,
3050 3321 3112 3371 ut
3138 3314 3292 3370 clam
3325 3318 3500 3368 cate-

1843 3409 1924 3464 ris
1962 3413 2163 3480 posset
2192 3407 2579 3476 interrogare,
2620 3410 2675 3461 et
2703 3422 2826 3478 quo
2856 3411 3032 3478 pacto
3089 3419 3272 3461 ausus
3301 3406 3390 3459 est
3417 3400 3498 3458 ibi

1843 3495 2182 3553 recumbere
2209 3513 2279 3553 ac
2310 3500 2535 3552 secreto
2555 3495 2933 3564 interrogare.

1915 3591 2029 3641 Aut
2053 3585 2394 3640 recubuisse
2424 3601 2486 3640 se
2524 3584 2666 3640 dicit
2690 3585 2750 3639 in
2777 3583 2911 3640 sinu
2938 3584 3095 3655 ejus,
3144 3581 3503 3637 immensam

1846 3676 2003 3731 illius
2028 3674 2416 3731 manifestans
2446 3673 2860 3739 humilitatem,
2901 3675 3004 3747 qui
3030 3673 3344 3728 immensa
3375 3673 3505 3726 erat

1847 3765 2044 3836 gloria
2078 3782 2092 3818 :
2121 3781 2186 3819 se
2211 3781 2345 3820 vero
2365 3763 2530 3834 diligi
2554 3763 2656 3826 ait,
2696 3763 3041 3833 signiﬁcans
3077 3765 3136 3818 et
3173 3775 3234 3816 se
3265 3762 3506 3830 gratum

1845 3862 1901 3911 et
1929 3854 2086 3910 illum
2112 3854 2471 3910 humanum.
2499 3853 2816 3910 Conﬁtetur
2838 3868 3000 3925 ergo,
3029 3849 3194 3924 quod
3223 3847 3507 3920 diligeba-

1847 3950 1940 4000 tur
1963 3961 1976 4010 ;
1999 3960 2248 4000 causam
2261 3959 2398 4000 vero
2410 3960 2515 3999 cur
2529 3943 2872 4015 diligeretur
2891 3958 3013 3998 non
3039 3940 3221 4005 addit,
3253 3937 3431 3993 simul
3452 3941 3508 3994 et

1845 4041 2049 4106 gratus
2086 4039 2143 4090 et
2181 4033 2516 4093 modestus.

1921 4213 2193 4267 Vers.24.
2227 4211 2434 4266 Innuz't
2481 4211 2970 4284 —-diceret.lpse
3022 4211 3269 4284 quidem
3323 4227 3509 4267 ausus

1854 4318 1973 4358 non
2004 4307 2091 4357 est
2115 4301 2502 4369 interrogare,
2527 4305 2768 4372 propter
2789 4316 3036 4356 causam
3062 4317 3249 4373 quam
3271 4315 3510 4371 sexage-

1857 4392 2010 4448 simo
2031 4391 2433 4463 quartojuxta
2454 4390 2788 4446 Matthaum
2809 4390 3000 4461 capite
3013 4389 3274 4445 diximus
3300 4405 3313 4455 ;
3338 4391 3511 4445 Joan-

1777 4511 1825 4570 Β
1857 4482 1916 4538 ni
1975 4498 2114 4537 vero
2162 4481 2276 4536 hoc
2350 4479 2646 4534 commisit
2712 4484 3006 4552 tanquam
3055 4495 3090 4536 a
3148 4484 3511 4552 praceptore

1857 4572 2119 4628 maxime
2143 4569 2374 4636 dilecto,
2406 4567 2513 4641 qui
2551 4575 2690 4625 tunc
2747 4569 2805 4625 in
2861 4569 2995 4624 sinu
3025 4569 3153 4640 ejus
3198 4569 3515 4626 recumbe-

1856 4662 1979 4718 bat.

1928 4750 2094 4806 Vers.
2127 4750 2215 4806 25.
2273 4750 2422 4807 Cum
2479 4765 2618 4820 ergo
2669 4748 2775 4805 ille
2804 4747 3164 4805 recumberet
3189 4748 3362 4804 ita—
3387 4747 3514 4805 est?

1860 4845 1963 4908 lta,
1996 4841 2166 4897 sicuti
2194 4838 2599 4903 recumbebat,
2630 4838 2744 4894 hoc
2773 4842 2883 4906 est,
2938 4853 3060 4893 non
3100 4837 3380 4903 elevatus,
3408 4835 3514 4893 sed

1860 4935 2092 4988 tantum
2118 4945 2469 4987 conversus.
2507 4929 2765 4983 Joannes
2804 4927 3004 4998 itaque
3033 4942 3106 4982 ex
3137 4927 3517 4999 simplicitate

1861 5037 1929 5076 ac
1954 5021 2268 5077 dilectione
2293 5017 2686 5076 recumbebat
2719 5035 2732 5084 ;
2786 5015 3060 5072 nondum
3113 5016 3272 5072 enim
3301 5021 3518 5072 natura

1862 5115 2049 5168 Deum
2099 5125 2230 5166 esse
2287 5107 2733 5179 cognoscebat;
2788 5107 2913 5178 ipse
2942 5121 3083 5162 vero
3113 5105 3513 5178 permittebat,

1863 5204 2043 5258 etiam
2081 5202 2142 5257 in
2166 5201 2281 5257 hoc
2307 5197 2580 5256 animum
2608 5197 2762 5252 illius
2787 5195 3114 5252 obiectans.

1369 5379 1592 5451 Varia
1633 5381 1957 5453 lectiones
1999 5393 2063 5450 et
2093 5393 2294 5450 nota.

259 5509 376 5582 (95)
404 5511 558 5568 Tom.
591 5511 729 5582 vm,
759 5531 819 5588 p.
856 5517 958 5573 494
981 5518 1054 5578 A.

261 5635 355 5710 (ἰί)
390 5637 555 5712 Χάριν
573 5644 921 5717 παρηγορίας,
955 5641 1129 5715 male,
1162 5648 1225 5703 ιιι
1247 5645 1507 5712 videtur,
1531 5649 1723 5724 interp

1849 5649 2044 5709 retulit
2074 5648 2152 5707 ad
2181 5648 2490 5721 sequentia
2512 5647 2705 5726 ἔγραψε
2734 5653 2918 5714 ταῦτα,

483 5735 724 5793 ΡΛΗἸὈΙ..
769 5739 853 5796 GR
868 5784 880 5798 .
933 5739 1179 5802 CXXIX.

3213 5743 3285 5814 ιι
