4076 6468
134 336 251 398 1389

1112 319 1490 392 COMMENT.
1538 328 1605 387 IN
1648 318 2001 392 JOANNEM.
2047 369 2103 379 -.
2153 330 2314 393 CAP.
2364 324 2515 393 xm.

3338 324 3477 391 1390

189 469 366 519 Τεκνία
412 494 479 504 -
532 461 657 535 εἰμι.
718 460 878 514 Πάλιν
946 460 1183 537 προλέγει
1241 460 1415 519 αὐτοῖς
1463 459 1528 511 τὰ
1588 457 1758 532 μέλ-ὲ

1896 463 2053 517 Vers.
2101 466 2188 519 33.
2240 461 2445 518 Filioli
2500 492 2568 501 -—
2623 476 2774 517 sum.
2828 452 3050 516 Futura
3099 459 3309 516 iterum
3364 459 3478 515 illis

128 555 285 622 λοντα,
336 555 418 605 ἵνα
468 572 523 605 τε
582 553 714 624 μετά
768 558 937 603 ταῦτα
996 552 1515 623 ὑπομιμνησκόμενοι
1561 553 1711 619 γινὼσ

131 663 287 698 σκοιεν
330 645 408 695 ὃτι
450 648 662 715 προεῖπε
705 642 875 693 πάντα
925 648 1101 712 σαφῶς
1157 635 1331 706 εἰδὼς,
1372 642 1462 690 καὶ
1512 639 1594 689 ἶνα
1640 639 1711 707 μή

132 733 302 808 ἀθρόον
359 730 635 784 ἐπελθόντα
683 725 1072 803 διαταράξωσιν
1128 727 1313 788 αύτούς
1369 727 1427 778 ού
1482 721 1719 801 προσδο-

132 831 327 882 κῶντας.
358 824 545 873 Τεκνία
574 815 633 871 δὲ
662 817 872 870 ἐκάλεσε
895 820 1111 880 τούτους
1137 816 1195 869 ού
1222 821 1375 889 μόνον
1401 818 1470 878 ὡς
1494 817 1719 875 ποιητής

135 911 310 977 αὐτῶν,
336 908 463 962 ἀλλὰ
487 912 577 960 καὶ
602 910 665 967 ὡς
697 904 1043 969 διδάσκαλος.
1079 906 1246 960 Εἰπὼν
1288 900 1367 970 δὲ,
1408 910 1612 967 Τεκνία,
1647 906 1721 955 ἔτι

134 1003 307 1074 μικρὸν
345 1003 535 1073 χρόνον
592 996 703 1069 μεθ’
745 997 887 1069 ὑμῶν
958 995 1085 1069 εἰμι,
1149 990 1493 1068 σφοδρότερον
1548 991 1725 1052 αὐτοῖς

137 1090 326 1153 ἐξάπτει
346 1092 432 1141 τόν
461 1089 640 1140 πόθον.

203 1271 458 1327 Ζητήσετέ
487 1286 568 1340 με.
601 1267 748 1319 Μετά
775 1267 834 1317 τὸ
878 1262 1148 1317 ἀποθανεῖν
1191 1282 1279 1336 με,
1318 1268 1438 1323 Τοῖς
1480 1259 1570 1334 μὲν
1596 1259 1726 1313 Ἰου-

140 1355 303 1419 δαίοις
365 1357 560 1410 εἰπών’
613 1357 880 1413 Ζητήσετέ
933 1371 1033 1423 με·
1078 1354 1396 1426 προσέθηκεν
1474 1353 1557 1403 ὅτι
1630 1352 1730 1404 Καὶ

139 1447 237 1519 οὐχ
284 1448 526 1521 εὑρήσετε
560 1462 573 1474 ο
618 1442 700 1496 ἐπὶ
757 1440 816 1495 δὲ
869 1451 968 1495 τῶν
1031 1443 1274 1516 μαθητῶν
1331 1440 1389 1493 ού
1441 1441 1733 1515 προσέθηκε

141 1544 302 1606 τοῦτο,
369 1531 509 1587 διότι
562 1532 762 1606 ἔμελλον
817 1533 979 1606 εύρεῖν
1038 1531 1192 1584 αὐτόν
1246 1530 1391 1583 οὗτοι
1461 1532 1591 1602 μετά
1641 1532 1734 1586 τήν

141 1625 461 1677 ἀνάστασιν·
509 1626 606 1675 Καὶ
660 1619 868 1684 ἐκείνοις
923 1623 1034 1694 μεν,
1107 1621 1573 1694 παραμυθούμενος
1647 1622 1735 1676 τήν

141 1719 339 1789 μανίαν,
370 1714 503 1766 εἶπεν
533 1713 613 1764 ὅτι
644 1714 909 1769 Ζητήσετέ
936 1729 1020 1783 με,
1052 1712 1258 1772 τούτοις
1285 1705 1343 1762 δὲ
1370 1710 1527 1762 πόθον
1555 1707 1739 1781 ἐμϐάλ-

144 1805 237 1857 λων
262 1802 487 1856 πλείονα.

144 1982 366 2045 ἀναξίοις
392 1989 484 2033 τοῦ
509 1986 671 2033 τόπου
717 1980 932 2049 ἐκείνου,
962 1980 1164 2038 τούτοις
1198 1973 1257 2030 δὲ
1287 1979 1351 2037 ὡς
1378 1980 1520 2029 οὔπω
1549 1976 1744 2029 ἀποθα-

144 2091 229 2125 νου
234 2076 422 2143 μένοις.

217 2159 449 2217 Ἐντολήν
482 2188 547 2199 --
601 2156 871 2218 ἀλλήλους.
917 2160 1017 2209 Καὶ
1047 2160 1150 2228 μήν
1189 2154 1388 2207 παλαιά
1417 2153 1592 2214 ἐντολή
1637 2151 1697 2214 ἧν
1730 2176 1744 2190 -

150 2250 463 2321 Ἀγαπήσεις
490 2250 577 2299 τὸν
607 2246 833 2303 πλησίον
884 2264 979 2297 σου
1025 2247 1091 2307 ὣς
1142 2249 1359 2297 σεαυτόν
1389 2266 1400 2277 ·
1439 2243 1545 2297 ἀλλ’
1598 2246 1629 2303 ἡ
1661 2252 1749 2297 νύν

152 2335 401 2411 διδομένη
434 2336 628 2409 μείζων
660 2334 851 2395 ἐκείνης
884 2355 898 2367 ·
931 2333 1112 2405 ἐπάγει
1134 2336 1236 2407 γάρ
1272 2353 1285 2368 ·

225 2518 407 2578 Καθὼς
440 2545 508 2555 —
550 2513 819 2575 ἀλλήλους.
851 2519 1014 2565 Τοῦτο
1045 2513 1074 2571 ή
1110 2515 1371 2574 καινότης.
1423 2512 1616 2571 Ἐκείνη
1662 2514 1752 2585 μὲν

150 2610 251 2681 γὰρ
302 2605 522 2658 ἐκέλευεν
570 2602 777 2674 ἀγαπᾷν
835 2605 921 2653 τὸν
964 2600 1186 2660 πλησίον
1239 2603 1309 2662 ὡς
1361 2602 1563 2666 ἑαυτὸν,
1619 2603 1750 2660 αὕτη

155 2695 213 2750 δὲ
243 2700 328 2748 καὶ
372 2696 497 2768 ὑπὲρ
547 2692 749 2748 ἑαυτόν.
796 2690 855 2743 Ὀ
879 2693 981 2766 γὰρ
1015 2693 1244 2763 Χριστός
1275 2691 1439 2751 οὕτως
1482 2691 1755 2763 ἠγάπησεν

153 2789 313 2859 ἡμᾶς,
341 2787 410 2846 ὡς
450 2778 590 2857 μηδέ
621 2780 805 2834 ἑαυτοῦ
835 2782 1136 2853 φείσασθαι,
1185 2778 1291 2833 ἀλλ’
1324 2779 1597 2833 ἀποθανεῖν
1628 2782 1755 2855 ὑπὲρ

154 2878 319 2949 ἡμῶν.

225 2967 368 3025 Tui;
425 2958 485 3015 δὲ
549 2959 731 3035 ἑτέρως
789 2958 1158 3033 ἑρμηνεύουσιν
1226 2959 1326 3026 ὄτι,
1393 2956 1577 3019 ἑπειλὴ
1664 2980 1761 3013 πα-

155 3053 278 3105 λαιά
352 3050 526 3108 ἐντολὴ
612 3045 672 3106 ἦν
704 3068 716 3081 ·
773 3047 1094 3118 Ἀγαπήσεις
1168 3050 1255 3099 τόν
1338 3047 1559 3105 πλησίον
1644 3068 1761 3118 σου,

158 3146 248 3193 καὶ
290 3143 534 3212 μισήσεις
580 3141 666 3188 τόν
718 3134 908 3208 ἐχθρόν
969 3154 1063 3188 σου
1098 3156 1110 3168 ·

164 3252 247 3284 σιν
302 3229 506 3301 ἀγαπᾷν
562 3229 777 3294 πάντας,
827 3228 989 3298 ἤγουν
1041 3232 1127 3279 καὶ
1188 3230 1309 3289 τούς
1363 3226 1603 3300 ἐχθρούς.
1667 3233 1767 3281 Καὶ

162 3320 319 3381 αὐτὸς
356 3321 457 3392 γὰρ
501 3318 749 3388 ἠγάπησε
792 3319 913 3378 τοὺς
958 3317 1199 3388 μαθητὰς
1250 3317 1463 3382 πάντας,
1516 3318 1586 3377 ὡς
1629 3314 1767 3388 μηδὲ

162 3414 250 3463 τόν
305 3403 514 3461 Ἰούδαν
563 3412 798 3478 μισῆσαι
845 3402 1240 3457 ἐπιϐουλεύοντα
1294 3404 1453 3476 αύτῷ,
1509 3404 1638 3459 ἀλλά
1681 3410 1770 3459 καὶ

163 3497 355 3573 μᾶλλον
410 3496 748 3569 ταραχθῆναι
799 3502 872 3564 τῷ
921 3496 1195 3566 πνεύματι,
1244 3499 1484 3548 τουτέστι
1545 3503 1616 3565 τῷ
1673 3497 1769 3548 πά-

168 3591 244 3641 θει
293 3594 389 3646 τῆς
437 3584 602 3644 λύπης
652 3587 742 3635 καὶ
792 3585 1102 3654 συγχύσεως
1151 3592 1239 3644 τῆς
1292 3582 1376 3637 ἐπὶ
1428 3592 1488 3658 τῇ
1546 3583 1773 3658 ἀπωλείᾳ

166 3677 346 3730 αὐτοῦ.

239 3766 324 3818 Ἐν
374 3793 440 3805 —-
489 3760 750 3823 ἀλλήλοις.
812 3762 998 3823 Καθὼς
1027 3764 1116 3814 καὶ
1147 3759 1246 3834 ἐγὼ
1278 3764 1409 3837 πρὸς
1456 3764 1587 3837 ὑμᾶς
1620 3785 1633 3799 -
1668 3762 1775 3817 insi.

167 3860 261 3909 καὶ
320 3854 562 3927 μαθητής
604 3850 802 3912 ἀληθής
848 3852 873 3902 ό
923 3853 1234 3924 μιμούμενος
1289 3855 1377 3904 τόν
1427 3850 1772 3909 διδάσκαλον.

167 3952 336 3998 Τοῦτο
365 3946 534 4014 σαφὴς
559 3943 834 4014 χαρακτήρ
867 3946 957 3991 τοῦ
996 3944 1339 4010 Χριστιανοῦ,
1386 3951 1533 3996 τοῦτο
1564 3947 1777 4017 φανερόν

170 4039 452 4105 γνώρισμα
486 4050 499 4063 ο
537 4032 566 4088 ἡ
604 4028 802 4089 ἀληθής
829 4030 932 4104 γὰρ
979 4026 1156 4101 ἀγάπη
1189 4032 1362 4093 πάσης
1411 4031 1553 4086 ἐστὶν
1592 4035 1778 4109 ἀρετῆς

173 4120 473 4193 κεφάλαιον.

248 4214 312 4262 Τί
351 4205 438 4261 οὖν
467 4226 485 4280 ;
519 4207 576 4259 ού
623 4204 794 4277 πολλῷ
840 4206 1031 4279 μᾶλλον
1070 4210 1134 4260 τὰ
1185 4210 1427 4283 θαύματα
1482 4208 1783 4266 δεικνύουσι

170 4303 261 4354 τόν
312 4305 404 4350 τοῦ
457 4302 689 4371 Χριστοῦ
744 4297 1033 4368 μαθητήν;
1097 4295 1358 4371 Οὐδαμῶς
1388 4320 1399 4333 -

1461 4303 1632 4373 εἴρηκε
1682 4304 1783 4376 γὰρ

173 4392 303 4463 πρὸς
341 4394 413 4458 τῷ
455 4386 587 4438 τέλει
633 4392 725 4437 τοῦ
776 4386 926 4438 ἕκτου
980 4385 1260 4459 κεφαλαίου
1313 4395 1404 4440 τοῦ
1461 4393 1598 4443 κατά
1642 4397 1786 4444 Ματ-

1822 549 2108 622 prmdicit,
2134 557 2195 606 ut
2215 557 2425 624 postea
2445 549 2739 607 recordati
2761 554 3150 622 cognoscant,
3171 547 3335 621 quod
3354 564 3481 606 om-

1824 640 1925 695 nia
1946 640 2263 697 manifeste
2285 644 2475 696 sciens
2503 639 2843 711 praedixerit
2873 655 2886 695 :
2924 643 2980 695 et
3007 653 3083 694 ne
3114 642 3354 709 repente
3386 653 3482 692 su-

1825 729 2227 801 pervenientia
2248 729 2486 785 turbent
2503 728 2634 784 illos
2656 744 2774 785 non
2797 731 3227 801 exspectantes.
3250 725 3480 782 Filiolos

1826 834 1968 874 vero
2020 818 2257 875 vocavit
2306 834 2433 887 eos,
2488 834 2610 875 non
2660 816 2853 874 solum
2913 824 3205 889 tanquam
3257 821 3486 872 creator

1831 923 2060 974 eorum,
2093 924 2297 964 verum
2337 908 2512 963 etiam
2546 913 2837 979 tanquam
2877 906 3159 977 magister
3188 906 3483 977 ipsorum.

1832 995 2047 1052 Dicens
2065 1004 2265 1054 autem
2292 1017 2304 1057 ;
2327 998 2551 1062 Fitioli,
2570 995 2762 1053 adhuc
2778 995 3003 1052 modico
3024 1000 3279 1067 tempore
3302 993 3485 1051 vobis-

1835 1101 1969 1142 cum
2039 1102 2189 1153 sum,
2250 1086 2653 1144 vehementius
2729 1084 3042 1158 suspendit
3126 1081 3491 1140 desiderium

1836 1190 2059 1230 eorum.

1910 1267 2071 1320 Vers.
2095 1268 2182 1322 33.
2220 1265 2502 1333 Qum'etis
2524 1280 2633 1322 me.
2658 1265 2981 1337 Postquam
3005 1267 3277 1319 mortuus
3302 1261 3493 1319 fuero.

1837 1354 2056 1411 Judaeis
2088 1370 2227 1411 vero
2258 1371 2396 1411 cum
2436 1354 2675 1410 dixisset
2707 1370 2718 1407 :
2751 1352 3031 1419 Qua’retis
3061 1366 3170 1417 me,
3206 1349 3439 1408 addidit
3479 1365 3494 1406 :

1841 1445 1919 1499 Et
1968 1459 2087 1499 non
2120 1444 2427 1501 invenietis
2453 1444 2539 1511 77;
2598 1442 2904 1515 discipulis
2956 1445 3159 1498 autem
3209 1440 3325 1498 hoc
3377 1454 3501 1496 non

1844 1533 2078 1590 addidit
2106 1552 2119 1589 :
2144 1549 2285 1589 nam
2314 1532 2375 1589 hi
2399 1533 2693 1589 inventuri
2715 1548 2850 1588 eum
2882 1535 3052 1588 erant
3077 1534 3214 1604 post
3236 1543 3502 1586 resurre-

1847 1622 2129 1679 ctionem.
2160 1624 2224 1678 Et
2249 1621 2360 1678 illis
2382 1621 2628 1694 quidem
2654 1620 2958 1678 insaniam
2982 1619 3283 1690 mitigans,
3315 1616 3461 1674 dixit
3488 1632 3502 1673 :

1852 1712 2123 1780 Quaeretis
2154 1727 2245 1769 me
2269 1728 2282 1768 :
2310 1711 2404 1768 his
2436 1716 2635 1768 autem
2668 1710 2974 1768 ardentius
3002 1708 3330 1766 immittens
3357 1705 3510 1763 desi-

1772 1804 1817 1871 Β
1851 1802 2108 1858 derium.

212 1898 311 1947 Καὶ
365 1921 435 1935 -
478 1892 619 1967 ἄρτι.
677 1888 814 1942 Ἀλλ’
869 1892 1075 1949 ἐκείνοις
1131 1891 1219 1961 μεν
1274 1888 1381 1940 εἶπε
1454 1895 1607 1940 τοῦτο
1674 1884 1777 1948 ὠς“

1920 1893 2085 1947 Vers.
2128 1894 2215 1947 33.
2273 1890 2347 1948 Et
2399 1921 2467 1930 -—
2518 1904 2701 1946 nunc.
2756 1887 2870 1944 Sed
2922 1886 3035 1944 illis
3085 1884 3328 1960 quidem
3383 1889 3514 1942 tan-

1853 1997 2030 2052 quam
2060 1979 2321 2049 indignis
2350 1978 2464 2035 hoc
2502 1977 2651 2034 dixit
2680 1995 2693 2034 :
2736 1978 2829 2035 his
2867 1992 3005 2034 vero
3037 1980 3328 2049 tanquam
3357 1989 3516 2032 non-

1855 2072 1996 2127 dum
2027 2070 2348 2126 morituris.

1928 2163 2091 2217 Vers.
2119 2160 2206 2217 34.
2230 2161 2605 2227 Praeceptum
2622 2189 2691 2200 —
2718 2155 2984 2214 invicem.
3006 2156 3174 2230 Atqui
3192 2159 3365 2212 vetus
3392 2157 3519 2210 erat

1856 2255 2225 2324 praeceptum
2259 2265 2272 2304 :
2313 2249 2539 2319 Diliges
2573 2246 2918 2318 proximum
2949 2249 3138 2312 tuum,
3178 2246 3334 2302 sicut
3379 2243 3521 2313 teip«

1858 2354 2023 2405 sum;
2057 2353 2285 2402 verum,
2328 2335 2493 2408 quod
2544 2350 2707 2391 nunc
2763 2332 2959 2400 datur,
3014 2332 3214 2405 majus
3244 2330 3344 2388 illo
3382 2337 3518 2396 est;

1861 2426 2068 2484 subdit
2092 2425 2276 2482 enim.

1933 2519 2092 2573 Vers.
2125 2516 2214 2570 34.
2237 2514 2405 2572 Sicut
2430 2545 2500 2554 —
2523 2513 2795 2572 invicem.
2820 2512 2954 2568 Haec
2979 2515 3068 2568 est
3090 2509 3345 2567 novitas.
3369 2507 3526 2567 Illud

1863 2605 2160 2678 siquidem
2178 2603 2557 2676 praecipiebat
2573 2602 2918 2676 proximum
2947 2599 3211 2672 diligere,
3238 2604 3527 2672 tanquam

1865 2696 2129 2767 seipsum
2153 2710 2167 2760 ;
2193 2693 2307 2749 hoc
2348 2697 2571 2758 autem,
2632 2692 2810 2748 etiam
2842 2690 2978 2764 plus
3007 2704 3197 2763 quam
3237 2687 3524 2760 seipsum.

1865 2788 2015 2842 Nam
2041 2783 2122 2840 ita
2143 2782 2335 2839 dilexit
2366 2797 2477 2839 nos
2507 2779 2791 2847 Christus,
2820 2784 3013 2836 utnec
3039 2778 3151 2835 sibi
3184 2776 3297 2851 ipsi
3326 2790 3533 2848 parce-

1866 2880 1975 2944 ret,
2003 2873 2106 2928 sed
2138 2888 2245 2944 pro
2278 2871 2452 2928 nobis
2475 2874 2822 2927 moreretur.

1942 2961 2197 3029 Quidam
2231 2977 2371 3016 vero
2398 2959 2570 3016 aliter
2603 2958 3082 3031 interpretantur.
3112 2954 3285 3023 Quod
3315 2953 3534 3010 scilicet

1871 3056 2038 3107 vetus
2064 3055 2426 3122 praeceptum
2448 3054 2574 3104 erat
2597 3060 2610 3100 :
2643 3047 2870 3119 Diliges
2894 3049 3234 3116 proximum
3257 3050 3449 3109 tuum,
3477 3048 3532 3101 et

1160 3140 1248 3187 καὶ
1296 3143 1383 3186 νύν
1437 3136 1551 3207 (99)
1597 3133 1758 3189 δίδω-

1879 3140 1999 3195 odio
2030 3138 2267 3194 habebis
2296 3136 2602 3193 inimicum
2635 3143 2797 3191 tuum
2827 3136 2897 3202 ⁷⁸,
2930 3150 3092 3190 nunc
3124 3138 3326 3190 autem
3358 3130 3535 3188 tradit

1874 3244 2085 3284 omnes
2116 3242 2249 3282 esse
2300 3224 2658 3296 diligendos,
2693 3224 2967 3280 videlicet
3012 3223 3192 3279 etiam
3222 3220 3531 3286 inimicos;

1877 3315 2171 3388 siquidem
2205 3314 2330 3385 ipse
2380 3328 2590 3368 omnes
2619 3310 2817 3383 dilexit
2846 3310 3193 3382 discipulos,
3251 3313 3313 3365 ut
3342 3323 3538 3381 neque

1874 3405 2088 3462 Judam
2114 3403 2228 3459 sibi
2246 3407 2558 3475 parantem
2584 3400 2834 3457 insidias
2854 3399 2994 3456 odio
3010 3398 3275 3464 haberet,
3295 3396 3400 3452 sed
3432 3412 3541 3469 po-

1878 3495 1993 3551 tius
2025 3493 2360 3551 turbaretur
2389 3490 2616 3564 spiritu,
2645 3490 2761 3547 boc
2785 3494 2892 3555 est,
2924 3487 3144 3545 affectu
3173 3485 3447 3544 maeroris
3474 3501 3542 3542 ac

1878 3583 2147 3651 tristitiae,
2176 3586 2412 3654 propter
2444 3580 2599 3637 illius
2630 3578 3049 3653 perditionem.

1953 3765 2112 3819 Vers.
2146 3761 2236 3818 35.
2270 3761 2342 3817 In
2368 3792 2432 3801 —
2467 3765 2757 3816 mutuam.
2802 3758 2964 3816 Sicut
2993 3761 3050 3815 et
3078 3771 3192 3829 ego
3215 3770 3359 3826 erga
3387 3768 3497 3810 vos
3530 3770 3546 3812 :

1883 3853 2027 3925 quia
2056 3868 2230 3907 verus
2274 3849 2607 3923 discipulus
2646 3853 3074 3922 praeceptorem
3126 3845 3410 3901 imitatur.
3445 3844 3567 3911 Hic,

1888 3941 2239 3999 manifestus
2309 3946 2394 3997 est
2448 3938 2760 3996 Christiani
2830 3938 3157 4002 character,
3215 3935 3329 3991 hoc
3374 3933 3551 4006 plane

1887 4032 2117 4102 insigne
2152 4048 2166 4086 :
2194 4046 2337 4087 nam
2369 4045 2508 4086 vera
2545 4028 2777 4086 dilectio
2807 4028 3079 4084 omnium
3111 4030 3292 4097 caput
3318 4029 3411 4079 est
3438 4023 3556 4078 vir-

1889 4126 2103 4178 tutum.

1963 4205 2114 4270 Quid
2138 4219 2301 4275 ergo,
2333 4218 2409 4259 an
2436 4218 2557 4258 non
2591 4201 2778 4258 multo
2800 4199 2994 4270 magis
3021 4197 3429 4254 demonstrant
3448 4192 3557 4249 mi-

1894 4293 2097 4349 racula
2175 4292 2383 4347 Christi
2445 4288 2866 4362 discipulum?
2943 4290 3351 4358 Nequaquam.
3410 4280 3559 4338 Dixit

1893 4382 2053 4438 enim
2080 4380 2252 4451 juxta
2289 4379 2473 4435 ﬁnem
2504 4376 2688 4451 quinti
2731 4375 2939 4449 capitis
2991 4371 3294 4443 Evangelii
3341 4386 3557 4426 secun-

176 4481 325 4532 θαῐον
383 4476 464 4529 ὅτι
524 4473 709 4528 Πολλοὶ
764 4476 946 4548 ἓροῦσί
1010 4495 1100 4549 μοι
1161 4474 1210 4527 ἕν
1258 4478 1422 4551 ἐκείνῃ
1476 4486 1537 4552 τῇ
1594 4482 1758 4556 ήμρᾳ

1896 4471 2042 4526 dum
2074 4470 2408 4525 Matthmum
2436 4484 2448 4525 :
2479 4468 2660 4524 Multi
2678 4466 2873 4523 dicent
2898 4463 3048 4520 mihi
3068 4464 3129 4518 in
3158 4462 3262 4517 illo
3286 4461 3417 4556 die:
3445 4459 3559 4556 Do-

178 4568 363 4642 Κύριε,

178 4672 314 4731 μεν;
371 4657 462 4707 καὶ
514 4660 589 4724 τῷ
671 4660 746 4723 σῷ
827 4650 1042 4725 ὀνόματι

182 5015 349 5085 ἑξήγη
359 5033 461 5069 σιν.

261 5106 367 5154 Καὶ
443 5105 547 5174 μήν
615 5102 684 5154 τὰ
741 5102 985 5174 θαύματα
1055 5100 1288 5173 μάλιστα
1346 5107 1435 5164 τὴν
1497 5105 1799 5181 οἰκουμένην

186 5188 489 5261 ἕπηγάγετο
525 5210 538 5224 ο
570 5188 699 5244 ἀλλὰ
737 5186 875 5245 διότι
900 5198 1143 5273 προῦπήν
1173 5199 1285 5258 τοῖς
1315 5195 1803 5269 θαυματουργοῦσιν

188 5279 223 5340 ἡ
260 5278 467 5353 ἀγάπη.

270 5455 317 5499 ετ
349 5456 521 5516 Joan.
552 5472 653 5524 vn,
681 5458 768 5515 34.
809 5456 859 5495 ⁷⁸
889 5461 1091 5523 Matth.
1122 5478 1183 5536 ν,
1210 5465 1307 5522 43.

447 4565 623 4637 Κύριε,
691 4562 749 4615 ού
812 4571 884 4635 τῷ
972 4572 1047 4635 σῷ
1121 4562 1335 4637 ὀνόματί
1408 4572 1786 4642 προφητεύσα-

1128 4649 1377 4727 δαιμόνια
1448 4654 1746 4731 ἰξεϐάλομεν
1773 4674 1787 4727 ;

179 4750 275 4799 καὶ
345 4751 418 4815 τῷ
501 4749 577 4813 σῷ
664 4740 878 4813 ὀνόματι
955 4736 1203 4814 δυνάμεις
1272 4743 1463 4808 πολλὰς
1535 4745 1793 4807 ἐποιήσα-

179 4852 329 4911 μενς
392 4837 482 4886 καὶ
537 4835 652 4884 τότε
731 4828 1043 4902 ὁμολογήσω
1121 4831 1300 4896 αὐτοῖς
1373 4836 1454 4887 ὅτι
1532 4833 1796 4891 Οὐδέποτε

180 4930 343 4999 ἔγνων
373 4924 511 4997 ὑμᾶς
544 4923 668 4974 ’καὶ
718 4917 979 4992 ἀνάγνωθι
1028 4924 1122 4981 τήν
1171 4921 1275 4976 ἐκεῖ
1316 4924 1567 5001 ῥηθεῖσαν
1623 4933 1796 4980 πᾶσαν

1898 4575 2076 4626 mine,
2104 4559 2367 4625 Domine,
2402 4572 2600 4614 nonne
2625 4570 2737 4625 per
2756 4570 2967 4611 nomen
2999 4558 3161 4608 tuum
3189 4548 3563 4623 prophetavi-

1898 4665 2051 4721 mus,
2092 4655 2147 4706 et
2176 4664 2284 4719 per
2307 4662 2520 4704 nomen
2549 4651 2712 4701 tuum
2745 4642 3038 4700 daemonia
3066 4639 3354 4712 ejecimus,
3380 4643 3431 4694 et
3455 4651 3563 4707 per

1901 4753 2116 4796 nomen
2148 4745 2313 4793 tuum
2338 4736 2586 4792 virtutes
2605 4734 2826 4790 multas
2842 4732 3095 4803 fecimus
3109 4731 3137 4786 ’ἲ
3152 4735 3204 4787 et
3223 4735 3367 4784 tunc
3386 4726 3565 4795 conﬁ-

1907 4827 2208 4886 teborillis
2233 4825 2326 4882 :N
2328 4839 2590 4898 unquam
2612 4823 2866 4880 novivos
2897 4822 2946 4857 ⁷⁸
2976 4818 3412 4890 :etlegetotam
3427 4828 3566 4888 quin

1908 4919 1989 4976 ibi
2022 4918 2217 4992 posita
2243 4922 2352 4983 est,
2381 4911 2842 4972 enarrationem.

1982 5096 2155 5172 Atqui
2176 5092 2467 5152 miracula
2486 5090 2748 5149 maxime
2764 5076 2974 5146 orbem
2990 5085 3339 5143 allexerunt.
3362 5086 3572 5140 Verum

1913 5191 1975 5248 id
2005 5193 2153 5268 erat,
2202 5186 2346 5260 quia
2383 5181 2621 5264 dilectio
2672 5195 2777 5239 eos
2819 5176 2921 5252 qui
2966 5175 3227 5234 edebant
3266 5172 3574 5247 miracula,

1913 5277 2305 5355 praecedebat.

1424 5461 1474 5503 ⁷³
1509 5463 1726 5524 Matth.
1750 5480 1853 5536 vn,
1879 5464 1970 5521 22.
1993 5463 2061 5520 23

1429 5616 1648 5686 Variae
1683 5615 2016 5687 lectiones
2057 5622 2123 5683 et
2153 5616 2336 5679 notae

298 5756 413 5837 (99)
446 5758 662 5828 Καινήν,
688 5772 799 5833 pro
825 5752 915 5813 xui
934 5764 1043 5836 νῦν,
1074 5756 1141 5815 Α.
1171 5756 1339 5818 Forte
1365 5760 1547 5822 καινήν
1573 5765 1686 5825 νῦν.
