4076 6446
676 334 807 414 last
1997 332 2281 407 Eurum

2292 344 2337 403 ιι
2387 330 2713 403 ZIGABENl
3810 356 3894 415 1392

744 485 904 539 Vers.
938 484 1024 538 36.
1059 479 1223 535 Dixit
1251 508 1318 520 —
1347 492 1454 535 me.
1489 478 1693 534 Petrus
1730 474 1977 549 quidem
2003 473 2325 543 interroga-

2285 490 2325 528 ι.
2358 471 2403 524 Α
2509 474 2664 543 Λέγει
2720 503 2788 513 —
2862 489 2978 543 μοι,
3033 468 3093 523 Ὀ
3161 474 3252 542 μεν
3315 472 3495 547 Πέτρος
3556 472 3782 547 ἠρώτησεν,
3831 482 3895 552 οὐχ

674 570 774 636 vit,
815 584 935 627 non
964 573 1194 626 tantum
1237 568 1385 625 scire
1413 566 1644 634 volens,
1676 572 1970 639 quantum
2002 563 2173 637 sequi
2222 579 2284 619 cu

2284 580 2330 618 ι-
2437 561 2572 614 οὕτω
2614 559 2923 634 βουλομενος
2967 562 3167 632 μαθεῖν,
3222 563 3287 621 ὡς
3341 559 3580 633 ἕπιθυμῶν
3626 563 3894 626 ἀκολουθῆσαι.

671 659 862 735 piens.
896 658 1165 716 Christus
1198 667 1394 713 autem
1423 656 1721 726 cognitam
1749 654 1982 711 habens
2007 654 2137 723 ejus
2167 667 2281 707 me]

2286 666 2331 707 ιο
2434 650 2493 703 'O
2524 647 2584 703 δι
2632 654 2879 723 Χριστός,
2925 654 3020 708 τὴν
3065 645 3301 702 διάνοιαν
3346 650 3498 703 αὐτοῦ
3532 656 3675 723 γνούς,
3717 661 3813 728 πρὸς
3846 659 3896 709 αὶ·

672 757 813 813 tem,
832 747 907 804 ad
926 762 1064 803 eum
1090 744 1428 818 respondit;
1448 760 1569 801 non
1592 744 1738 799 dixit
1762 744 1945 812 enim,
1971 757 2093 816 quo
2119 740 2282 797 abire

2288 744 2326 805 ί,
2438 743 2533 798 τὴν
2559 738 2842 811 ἀπεκρίθη.
2892 743 3004 791 Οὐκ
3034 735 3141 791 εἶπε
3178 741 3280 814 γὰρ
3310 747 3409 791 ποῦ
3437 741 3620 812 ὑπάγει,
3659 741 3744 794 ἀλλ’
3775 747 3831 797 ὅτι
3856 749 3897 798 03

672 836 778 894 sed
810 854 825 892 :
859 836 990 893 Non
1025 842 1189 905 potes
1214 850 1299 890 me
1332 848 1493 890 nunc
1518 834 1677 905 sequi
1707 851 1720 903 ;
1745 831 2091 888 insinuabat
2127 835 2282 887 aute:

2288 845 2329 885 n
2437 826 2664 881 δύνασαί
2693 847 2782 900 μοι
2808 834 2896 879 νύν
2939 826 3322 886 ἁκαλουθῆσαι.
3369 825 3624 887 ’Υπεδήλου
3662 827 3710 883 δε
3742 840 3898 906 περὶτῆς

671 926 744 983 de
774 930 984 981 morte.

2437 925 2659 989 σφαγῆς.

742 1014 904 1070 Vers.
938 1013 1029 1070 37.
1070 1010 1228 1069 Dicit
1260 1041 1326 1053 —
1354 1025 1589 1083 ponam.
1646 1009 1798 1077 Quid
1854 1008 2003 1081 agis,
2037 1023 2074 1065 o
2105 1008 2270 1065 Petre
2298 1007 2327 1063 ?

2298 1007 2327 1063 ?
2507 1011 2656 1077 Λέγει
2709 1036 2771 1047 -
2822 1007 2988 1064 θήσω.
3044 1010 3108 1058 Τί
3154 1012 3339 1075 ποιεῖς,
3394 1003 3432 1057 ὦ
3484 1005 3824 1080 Πέτριιίκιὶνου
3862 1013 3898 1062 εἰ·

670 1103 818 1159 Cum
847 1102 941 1158 ille
980 1101 1181 1157 dicat:
1242 1099 1373 1156 Non
1406 1106 1584 1167 potes,
1616 1102 1681 1154 tu
1738 1097 1887 1154 dicis
1927 1115 1941 1154 :
1976 1099 2162 1167 Quare
2208 1112 2280 1153 na

2290 1112 2329 1153 η
2434 1100 2639 1160 πόντος,
2694 1097 2774 1148 ὅτι
2829 1095 2905 1147 Ou’
2973 1091 3223 1160 δύνασαι,
3282 1099 3347 1147 σύ
3399 1095 3549 1165 λέγεις
3607 1098 3675 1148 ὅτι
3720 1104 3825 1150 Διατί
3867 1102 3896 1151 α]

670 1207 908 1263 possum
944 1190 974 1247 Ἰ
1002 1189 1251 1246 Proinde
1291 1187 1657 1261 experientia
1684 1192 1738 1243 te
1785 1186 2039 1252 docebit,
2076 1201 2150 1243 ne
2191 1202 2280 1243 co:

2287 1201 2327 1241 ι·
2437 1182 2707 1257 δύναμαις
2750 1186 2952 1236 Οὗκοῡν
2995 1185 3024 1241 ἠ
3094 1191 3249 1257 πεῖρα
3295 1180 3499 1247 διδάξει
3550 1204 3601 1237 σε
3662 1190 3721 1257 μὴ
3779 1185 3897 1238 ivstis-

671 1281 949 1340 tradicas.

2435 1293 2561 1347 γειν.

742 1372 903 1427 Vers.
938 1372 1025 1427 38.
1068 1368 1480 1439 Respondit—
1529 1374 1637 1425 ter.
1693 1368 1901 1433 Quaere
1954 1366 2330 1436 sexagesimo

2286 1379 2330 1423 ιο
2509 1363 2791 1437 Ἀπεκρίθη
2880 1393 2938 1402 ·-
2999 1366 3130 1434 τρίς.
3211 1367 3450 1421 Ζήτήσον
3504 1361 3549 1414 ἕν
3611 1370 3672 1431 τῷ
3731 1362 3896 1431 ἑξηκοστῷ

669 1460 886 1530 quarto
920 1455 1090 1528 juxta
1136 1453 1469 1511 Matthteum
1509 1452 1722 1525 capite,
1766 1451 1868 1508 ubi
1906 1449 2120 1508 dicitur
2151 1468 2163 1507 :
2197 1453 2279 1508 Re

2286 1466 2331 1506 8-
2436 1454 2664 1525 τετάρτῳ
2718 1451 2976 1523 κεφαλαίῳ
3046 1459 3138 1503 τοῦ
3202 1456 3337 1504 κατὰ
3412 1453 3655 1505 Ματθαῖον
3696 1456 3769 1503 τὸυ
3811 1453 3896 1505 Ἀτι-

668 1545 935 1615 pandens
990 1548 1185 1600 autem
1238 1543 1439 1600 Petrus
1496 1542 1656 1598 dixit
1710 1541 1849 1600 illi:
1906 1542 1982 1597 Et
2034 1543 2087 1597 si
2131 1557 2278 1597 amnt

2288 1556 2330 1597 2s
2437 1544 2632 1615 κριθεὶς
2716 1538 2776 1593 δι
2857 1542 2883 1592 ὀ
2958 1544 3148 1615 Πέτρος
3225 1537 3359 1592 εἶπεν
3443 1543 3615 1611 αύτῷ·
3680 1542 3728 1594 Εἰ
3793 1548 3898 1601 πάντες

668 1635 1062 1704 offendantur
1097 1648 1207 1703 per
1261 1639 1331 1703 te,
1387 1647 1491 1703 ego
1542 1638 1742 1688 tamen
1790 1646 2090 1702 nunquam
2141 1632 2278 1701 offa:

2286 1647 2329 1687 ι-
2440 1627 2989 1688 σκανδαλισθήσονται
3083 1628 3132 1682 ἓν
3244 1636 3347 1695 σοὶ,
3435 1628 3528 1701 ἐγὼ
3618 1626 3668 1682 δι
3745 1627 3896 1682 o-Jiim

667 1725 781 1781 dar
809 1725 879 1788 ³⁸,
911 1730 967 1779 et
994 1723 1124 1791 lege
1154 1721 1234 1778 ibi
1264 1720 1486 1777 dictam
1526 1721 1988 1783 enarrationem,
2042 1726 2277 1792 praetera.l

2290 1735 2326 1774 ι
2440 1716 2970 1791 σκανδαλισθήσομαι
3001 1739 3014 1753 ο
3099 1724 3190 1771 καὶ
3260 1717 3517 1791 ἀνάγνωθι
3587 1724 3666 1771 καὶ
3724 1724 3793 1776 τήν
3844 1718 3897 1769 ἐκιί

670 1819 728 1870 et
750 1828 876 1879 eas,
908 1828 1043 1885 quas
1074 1816 1408 1883 sequuntur
1452 1825 1631 1881 usque
1682 1809 1759 1865 ad
1807 1824 1943 1864 eum
1994 1809 2191 1864 locum
2224 1808 2280 1864 ul

2284 1809 2323 1864 )i
2357 1823 2405 1881 Β
2433 1810 2684 1884 ῥηθεῖσαν
2734 1807 2982 1879 ἐξήγησιν
3013 1827 3026 1840 ο
3081 1810 3157 1860 ἔτι
3201 1804 3261 1860 δι
3297 1813 3383 1859 καὶ
3428 1811 3519 1868 τὰς
3566 1817 3652 1859 τῶν
3692 1807 3894 1879 ἑφιξῇςρι-

664 1901 923 1958 habetur
961 1916 974 1955 :
1019 1899 1299 1956 Similiter
1337 1904 1535 1955 autem
1573 1900 1629 1955 et
1676 1912 1870 1955 omnes
1911 1898 2193 1967 discipuli
2237 1898 2274 1953 ά

2276 1899 2325 1953 ’ἰν
2434 1905 2532 1948 τῶν
2563 1898 2694 1972 ἄχρι
2736 1905 2827 1949 τοῦ
2858 1919 2871 1931 ι
2898 1897 3120 1968 Ὁμοίως
3151 1893 3211 1950 δε
3239 1902 3325 1949 καὶ
3357 1898 3437 1967 (Ι)
3474 1901 3648 1959 πάντες
3682 1899 3721 1948 οἱ
3758 1898 3886 1968 μεθετι

664 1992 887 2044 xerunt
913 1985 957 2022 ⁸¹
970 2024 983 2039 .

981 2027 983 2036 .
2433 1981 2591 2040 εἶπον.

737 2072 907 2140 Quod
927 2073 976 2129 si
995 2072 1389 2130 variationem
1420 2070 1687 2144 aliquam
1718 2070 1914 2127 ferunt
1943 2071 2142 2138 verba,
2179 2071 2324 2129 nihil

2288 2071 2324 2129 il
2506 2076 2565 2127 Εἰ
2617 2071 2677 2127 δι
2731 2080 2821 2128 καὶ
2895 2075 3232 2149 παραλλαγήν
3294 2095 3414 2127 τινα
3470 2079 3667 2147 φέρουσι
3713 2077 3764 2126 τὰ
3810 2074 3894 2145 icti,

666 2164 903 2220 mirum.
949 2165 1080 2219 Hec
1117 2161 1411 2235 siquidem
1452 2160 1612 2217 dicta
1640 2165 1779 2217 sunt
1814 2161 2168 2233 priusquam
2207 2177 2276 2218 ex

2284 2163 2327 2218 i-
2431 2169 2607 2217 καινὸν
2659 2161 2829 2220 οὐδέν.
2888 2171 3065 2217 Ταυτα
3125 2168 3215 2237 μιν
3269 2166 3366 2239 γὰρ
3428 2162 3695 2239 ἐρρήθησαν
3741 2165 3811 2236 πρὸ
3852 2168 3892 2210 tr;

664 2257 797 2310 rent
824 2253 884 2309 in
916 2256 1180 2308 montem
1217 2250 1545 2316 Olivarum,
1594 2249 1696 2306 illa
1736 2265 1877 2306 vero
1907 2258 2228 2324 postquam
2261 2251 2274 2307 i

2284 2252 2326 2308 l-
2433 2253 2647 2317 ἐξελθεῖν
2700 2254 2889 2314 αύτούς
2931 2256 3006 2325 (2)
3056 2253 3127 2316 εἰς
3170 2257 3228 2306 τό
3272 2257 3387 2327 ὅρος
3430 2262 3528 2305 τῶν
3567 2252 3779 2305 Ἐλαιῶν·
3809 2250 3894 2301 sub:

666 2343 764 2399 luc
818 2342 1119 2398 exiverant
1157 2356 1173 2395 :
1217 2355 1359 2397 nam
1409 2356 1549 2396 cum
1609 2339 1694 2395 bis
1750 2339 2072 2396 obstitisset
2102 2340 2276 2397 Petru:

2282 2358 2321 2408 Β,
2434 2342 2493 2396 δι
2535 2348 2665 2416 μετὰ
2707 2347 2765 2396 τό
2811 2343 3022 2407 ἐξελθεῖν
3075 2343 3196 2396 ἐκεῖ.
3255 2348 3342 2404 Δὶς
3382 2346 3490 2416 γὰρ
3535 2342 3741 2395 ἐνστάντι
3779 2348 3824 2407 τῷ
3847 2344 3892 2389 Il:-

664 2432 750 2487 bis
797 2431 872 2487 de
921 2429 1237 2502 negatione
1288 2435 1646 2502 protestatus
1718 2434 1807 2485 est
1874 2429 1951 2485 illi
2013 2430 2274 2487 Christus

2275 2448 2320 2497 L;
2431 2452 2535 2507 τρῳ
2568 2431 2650 2494 δὶς
2696 2438 2809 2507 περὶ
2853 2441 2947 2496 τῆς
3002 2434 3267 2507 ἀρνήσεως
3305 2429 3679 2507 διεμαρτύρατο
3705 2432 3727 2482 ὀ
3750 2434 3885 2503 xum;

661 2527 717 2577 et
738 2520 814 2577 de
843 2520 1034 2592 prima
1071 2518 1317 2591 quidem
1347 2518 1777 2591 repugnatione
1806 2534 1877 2575 ac
1902 2522 2271 2591 protestatio:

2275 2536 2323 2576 to
2434 2528 2532 2576 Καὶ
2562 2527 2679 2597 περὶ
2704 2527 2793 2595 μεν
2819 2531 2909 2583 τῆς
2931 2521 3221 2584 ἕνστοὶσεως
3241 2527 3332 2574 καὶ
3352 2518 3721 2594 διαμαρτυρίας
3744 2521 3885 2572 Marini;

660 2608 1023 2683 scripserunt
1069 2607 1369 2664 Mattheus
1394 2613 1452 2662 et
1499 2607 1730 2663 Marcus
1773 2607 1818 2644 ⁸³
1873 2624 1887 2673 ;
1941 2608 2016 2664 de
2057 2609 2270 2665 secund

2286 2625 2323 2666 a
2429 2616 2518 2663 καὶ
2548 2614 2755 2683 Μάρκος
2789 2611 3041 2686 ἔγραψαν,
3071 2616 3188 2685 περὶ
3217 2607 3277 2664 δι
3297 2618 3389 2671 τῆς
3422 2607 3659 2685 δευτέρας
3694 2612 3837 2667 Λουκᾶς
3851 2623 3895 2654 1m

659 2714 797 2754 vero
829 2699 1014 2754 Lucas
1039 2698 1087 2732 ⁸⁸
1117 2702 1173 2752 et
1192 2696 1472 2752 Joannes.

1077 2698 1087 2732 '
1117 2702 1173 2752 et
1192 2696 1472 2752 Joannes.
2427 2699 2687 2762 Ἰωάννης.

652 2794 659 2798 ’
732 2790 877 2859 Cap.
937 2787 1067 2841 XIV.
1102 2787 1266 2841 Vers.
1324 2790 1376 2840 t.
1421 2785 1513 2841 Ne
1568 2814 1636 2826 —
1690 2800 1810 2841 cor.
1877 2788 2022 2842 Cum
2075 2786 2259 2842 dixiss

2288 2791 2322 2845 tt
2498 2794 2584 2848 Μή
2639 2818 2708 2831 -
2771 2785 2987 2862 καρδία.
3050 2789 3296 2851 Εἰπόντος
3363 2798 3460 2841 τοῦ
3520 2794 3695 2863 Κυρίου
3737 2784 3898 2860 πρὸςτέτ

657 2878 940 2933 Dominus
967 2873 1047 2930 ad
1076 2874 1305 2930 Petrum
1339 2888 1353 2927 :
1394 2873 1762 2930 Postmodum
1803 2890 1895 2932 me
1931 2877 2187 2947 sequeris
2216 2877 2264 2913 “

2301 2894 2315 2947 ;
2429 2883 2619 2952 Πέτρον
2716 2880 2797 2931 ὃτι
2885 2885 3128 2954 Ὕστερον
3230 2877 3603 2940 ἀκολουθήσεις
3679 2894 3801 2949 μοι’
3857 2889 3901 2919 ιιι

656 2972 713 3023 et
754 2981 767 3020 :
814 2965 922 3020 Ter
948 2977 1041 3020 me
1074 2962 1309 3034 negabis
1337 2962 1407 3029 ⁸⁵,
1449 2966 1687 3034 propter
1741 2967 2060 3037 utrumque
2101 2964 2266 3022 turba

2291 2967 2317 3023 ii
2426 2970 2506 3020 ὅτι
2549 2969 2856 3043 Ἀπαρνήσῃ
2902 2986 2965 3040 με
3011 2972 3120 3041 τρίς
3154 2988 3166 3001 ·
3213 2965 3589 3040 ἐταράχθησαν
3627 2963 3689 3018 δι’
3723 2962 3901 3036 insitus,

656 3059 818 3120 sunt,
852 3051 1125 3109 timentes
1151 3066 1228 3108 ne
1265 3053 1511 3124 quando
1542 3051 1646 3124 ipsi
1674 3050 1747 3109 ab
1800 3068 1872 3110 eo
1937 3060 2266 3127 amputare:

2297 3086 2320 3099 -
2426 3053 2726 3119 δεδοικότες
2789 3062 2991 3129 μήποτε
3043 3056 3191 3108 αὐτοὶ
3244 3055 3585 3115 ἀπεκόπησαν
3634 3055 3782 3119 αὐτοῦ,
3816 3066 3902 3121 μωθυ

657 3150 752 3200 tur
796 3140 890 3198 vel
945 3140 1303 3210 exciderent,
1336 3140 1464 3197 solo
1515 3140 1688 3197 Petro
1733 3149 2039 3215 sequente,
2093 3149 2197 3200 aut
2243 3161 2267 3200 n

2295 3160 2316 3200 Β
2351 3176 2394 3235 C
2428 3154 2517 3198 τοῦ
2578 3150 2770 3220 Πέτρου
2822 3144 3286 3211 ἀκολουθήσοντος,
3336 3150 3431 3198 καὶ
3492 3150 3681 3218 μήποτε
3718 3146 3787 3193 καὶ
3826 3136 3905 3187 sim

653 3231 903 3307 quando
942 3230 1056 3304 ipsi
1096 3245 1336 3303 quoque
1365 3246 1505 3286 eum
1571 3237 1871 3302 negarent,
1925 3234 2263 3305 quemadmt

2296 3266 2317 3277 -
2356 3225 2394 3235 ν’
2428 3242 2606 3289 τοῦτον
2673 3234 3096 3310 ἀπαρνήσωνται,
3157 3237 3223 3296 ὡς
3286 3236 3312 3287 ὁ
3370 3243 3660 3310 κορυφαῖος.
3715 3225 3906 3284 Rerum}-

652 3321 801 3377 dum
845 3326 903 3377 et
961 3335 1170 3376 eorum
1211 3318 1548 3391 praefectus.
1602 3319 1957 3392 Reprimens
2005 3338 2147 3393 ergo
2195 3324 2262 3380 illt

2297 3371 2321 3383 -
2425 3324 2523 3377 λων
2552 3322 2639 3377 οὖν
2677 3329 2771 3382 τὴν
2802 3323 3029 3377 ἐντεῦθεν
3062 3321 3289 3395 ἀγωνίαν
3350 3325 3543 3389 αὐτῶν,
3591 3330 3748 3395 πρῶτα
3767 3318 3907 3391 ptati?

652 3426 787 3467 rum
819 3409 1200 3474 anxietatem,
1242 3408 1506 3481 primum
1536 3408 1784 3481 quidem
1816 3410 2090 3468 timorem
2136 3431 2262 3486 nega

2301 3447 2320 3460 .
2425 3423 2516 3467 τοῦ
2548 3413 2705 3486 φόϐου
2732 3422 2827 3476 τῆς
2858 3413 3196 3485 ἀπαρνήσεως
3234 3416 3639 3487 παραμυθεῖται,
3669 3407 3759 3464 εἶτα
3774 3406 3911 3475 καὶπερ

654 3498 829 3555 tionis
861 3497 1222 3563 consolatur,
1263 3496 1480 3553 deinde
1518 3498 1695 3554 etiam
1725 3496 1800 3554 de
1840 3499 2054 3558 timore
2098 3519 2177 3561 an
2209 3521 2264 3579 pi

1536 3498 1695 3554 atiam
1725 3496 1800 3554 de
1840 3499 2054 3558 timore
2098 3519 2177 3561 an
2209 3521 2318 3579 pu-
2422 3512 2513 3557 τοῦ
2544 3502 2702 3577 φόϐου
2732 3512 2828 3565 τῆς
2857 3501 3146 3564 ἀποκοπῆς-

653 3587 897 3646 tationis
933 3586 1059 3644 sive
1087 3586 1425 3643 excisionis.

723 3679 885 3734 Vers.
914 3681 961 3732 t.
1019 3675 1255 3733 Credite
1286 3705 1340 3718 —
1371 3674 1609 3733 credite.
1655 3676 1891 3736 Credite
1944 3678 2190 3738 ﬁrmiter
2251 3684 2314 3741 in

2302 3701 2314 3741 ι
2494 3686 2766 3736 Πιστεύετε
2817 3713 2885 3723 -
2956 3684 3245 3736 πιστεύετε.
3315 3685 3594 3735 Πιστεύετε
3663 3676 3839 3751 βεϐαίως
3879 3668 3912 3725 είὶ

642 3761 838 3822 Deum
867 3765 1108 3824 Patrem
1137 3769 1195 3820 et
1217 3762 1278 3819 in
1307 3779 1421 3829 me,
1454 3779 1525 3820 ac
1557 3764 1728 3834 ﬁdes,
1769 3783 1907 3839 quas
1947 3769 2008 3826 in
2034 3786 2145 3826 nos
2183 3788 2252 3828 er:

2304 3814 2309 3833 ,
2420 3775 2505 3825 τὸν
2535 3776 2740 3847 Πατίρα
2766 3776 2856 3824 καὶ
2887 3771 2958 3832 εἰς
2996 3773 3082 3843 (uti
3104 3792 3118 3806 ο
3151 3775 3242 3823 καὶ
3276 3769 3457 3824 λοιπὸν
3492 3772 3521 3830 ἡ
3569 3770 3637 3831 εἰς
3663 3769 3779 3839 ᾖμᾱς
3804 3766 3914 3814 πίστις

652 3853 917 3911 servabit
937 3868 1043 3909 vos
1068 3851 1514 3925 insuperabiles.

2422 3866 2740 3937 συντηρήσει
2771 3863 2903 3934 ὑμᾶς
2937 3860 3244 3921 ἀηττήτους.

722 3943 886 3998 Vers.
933 3947 986 3998 2.
1040 3942 1113 3997 In
1158 3971 1214 3985 —
1271 3948 1429 3998 sunt.
1469 3941 1613 4011 Qua;
1660 3944 1961 4001 sufﬁciant
2006 3947 2083 4005 ad
2124 3950 2312 4006 susci-

2306 3981 2312 3992 -
2487 3950 2567 4005 Ἒν
2612 3982 2683 3992 —-
2725 3950 2875 4003 εἰσιν.
2905 3949 3099 4003 Ἱκαναὶ
3130 3947 3383 4013 δέξασθαι
3416 3953 3509 4002 καὶ
3550 3950 3690 4022 ὑμᾶς,
3733 3938 3916 4005 συνεσομέ-

631 4032 937 4107 'piendum
968 4046 1093 4098 vos,
1125 4036 1190 4088 ut
1213 4047 1449 4104 semper
1479 4033 1604 4088 sitis
1641 4034 1983 4091 nobiscum.

1213 4047 1449 4104 semper
1479 4033 1604 4088 sitis
1641 4034 1983 4091 nobiscum.
2416 4059 2536 4101 νους
2564 4042 2688 4113 ἡμῖν
2719 4039 2817 4093 ἀεί.

722 4121 885 4178 Vere.
952 4121 1007 4176 2.
1076 4121 1245 4189 Qucd
1288 4122 1339 4177 si
1370 4136 1625 4179 secus—
1676 4123 1854 4179 vobis.
1898 4126 2069 4191 Quod
2109 4126 2156 4183 si
2187 4144 2310 4186 non

2306 4176 2310 4185 ,
2490 4130 2549 4183 Εἰ
2576 4125 2635 4182 δέ
2658 4134 2730 4201 μὴ
2760 4159 2826 4172 -
2865 4131 3006 4202 ὑμῖν.
3060 4129 3119 4181 Εἰ
3157 4124 3217 4182 δι
3250 4133 3321 4201 μὴ
3356 4124 3494 4187 ἦσαν
3540 4127 3642 4181 ἐκεῖ
3682 4120 3831 4178 πολλαὶ
3861 4129 3916 4186 μο-

651 4216 849 4269 essent
905 4210 1109 4268 multas
1171 4211 1519 4268 mansiones
1572 4228 1643 4269 ac
1699 4213 2083 4286 splendidum
2137 4217 2260 4275 hab

2305 4250 2312 4262 -
2416 4225 2520 4289 ναὶ,
2576 4223 2666 4271 καὶ
2730 4215 2979 4290 δαψίλεια
3029 4222 3399 4291 καταγωγίων,’
3452 4214 3591 4271 εἷπον
3645 4214 3701 4267 ἂν
3746 4212 3836 4281 ὑμῖν
3873 4204 3915 4251 έτ¹

649 4302 937 4368 taculum,
969 4301 1247 4358 dixissem
1292 4302 1485 4371 vobis,
1539 4302 1703 4374 quod
1761 4304 1916 4361 vado
1970 4307 2047 4361 ad
2090 4323 2259 4379 parat

2304 4341 2306 4351 ι
2415 4312 2703 4384 πορεύομαι
2760 4308 3035 4381 ἑτοιμάσαι
3095 4312 3251 4360 τοπον
3317 4317 3484 4381 μονῆς
3528 4309 3643 4379 ύμῖν
3691 4308 3783 4361 τοῖς
3822 4294 3914 4367 igni;

650 4393 798 4448 dum
857 4392 1188 4449 mansionis
1238 4390 1438 4447 locum
1494 4392 1686 4461 vobis,
1736 4394 1834 4464 qui
1892 4396 2006 4450 mei
2054 4397 2197 4453 estis
2252 4418 2260 4452 ‹

2306 4417 2308 4454 ;
2416 4402 2506 4450 καὶ
2559 4402 2660 4471 πρὸ
2711 4399 2915 4450 πάντων
2987 4400 3171 4450 τούτου
3219 4394 3427 4459 πάντως
3471 4396 3532 4448 ἂν
3586 4395 3835 4468 ἐφρόντισα.
3874 4382 3916 4429 ἵνα

650 4481 934 4537 omnibus
972 4481 1273 4552 digniores
1322 4496 1336 4535 :
1380 4479 1495 4536 hoc
1546 4482 1795 4538 omnino
1838 4499 1977 4540 sane
2034 4486 2180 4542 mihi
2207 4504 2260 4543 Ct

2337 4522 2385 4580 Β
2416 4489 2545 4539 ὅπου
2596 4486 2702 4559 εἰμὶ
2731 4484 2829 4558 ἐγὼ
2856 4491 2943 4538 καὶ
2976 4487 3122 4558 ὑμεῖς
3152 4481 3261 4544 ἦτε.
3292 4490 3580 4559 Προείρήκε
3606 4485 3699 4556 γὰρ
3727 4475 3857 4532 αὐτοῖς
3876 4470 3915 4517 ἑτι

649 4586 731 4628 τω
800 4576 905 4636 est,
952 4573 1020 4625 ut
1075 4568 1176 4625 ubi
1233 4584 1367 4625 sum
1421 4584 1533 4639 ego
1577 4576 1633 4625 et
1681 4586 1792 4627 vos
1837 4572 1982 4629 sitis.
2034 4574 2259 4631 Preedix

2305 4558 2582 4631 ,νὊπου
2656 4576 2761 4649 εἰμὶ
2825 4574 2924 4646 ί*χώ
2981 4574 3085 4627 ἐκεῖ
3277 4579 3364 4629 καὶ
3420 4575 3447 4625 ὁ
3497 4570 3729 4630 διάκονος
3776 4567 3796 4616 ὁ
3836 4558 3915 4641 i315;

652 4660 810 4716 enim
859 4659 946 4715 eis
991 4657 1239 4714 dicens:
1288 4658 1397 4716 Ubi
1426 4673 1551 4714 sum
1592 4675 1715 4730 ego,
1758 4661 1890 4719 illic
1934 4669 1991 4721 et
2040 4665 2312 4723 minister
2416 4668 2587 4720 ἔσται.

649 4764 811 4806 meus
840 4747 969 4805 erit.

726 4837 888 4894 Vers.
949 4839 1001 4892 3.
1050 4836 1129 4892 Et
1179 4866 1247 4876 —
1298 4835 1448 4893 sitis.
1509 4838 1628 4894 Hoc
1676 4838 1859 4896 etiam
1884 4840 2172 4899 dixissem
2208 4860 2312 4900 vo—

2300 4875 2312 4887 -
2493 4846 2595 4896 Καὶ
2650 4872 2720 4884 —
2784 4837 2894 4900 ἦτε.
2942 4845 3045 4895 Καὶ
3101 4837 3240 4894 εἶπον
3288 4838 3349 4893 ἃν
3405 4838 3531 4913 ὑμῖν
3579 4843 3664 4891 καὶ
3701 4838 3837 4897 τοῦτο,
3873 4823 3910 4872 ἔτι

650 4926 744 4983 δίε
801 4941 820 4981 -'
870 4924 1035 4991 Ουοά
1099 4927 1154 4982 εί
1197 4926 1419 4991 abiero.
1486 4932 1553 4982 υτ
1617 4943 1945 5000 ρνεερανεηι
2008 4932 2169 4989 vobis
2223 4934 2306 4990 l0-
2415 4932 2533 4985 Ἐὰν
2634 4932 2870 5005 πορευθῶ
2966 4930 3242 5004 ἑτοιμάσαι
3346 4930 3468 5001 ὑμῖν
3577 4932 3723 4981 τόπον
3806 4921 3909 5005 μονξί

651 5031 787 5073 cum
819 5014 890 5087 “,
948 5019 1007 5071 et
1043 5018 1257 5071 cetera
1299 5029 1314 5071 :
1366 5015 1568 5088 itaque
1618 5031 1729 5073 nec
1791 5018 1876 5076 sic
1926 5020 2190 5094 oportuit
2242 5037 2261 5078 ε

2299 5052 2302 5063 ι
2410 5021 2563 5074 πάλιν
2664 5003 2894 5096 ἔρχομαι
2975 5003 3080 5073 καὶν
3166 5017 3552 5093 παραλήψομαι
3646 5017 3766 5089 ὑμᾶς
3841 5003 3909 5074 ﬁ”?

618 5212 630 5231 κ
721 5192 771 5228 ⁸⁸
845 5190 1045 5248 Matth.
1076 5206 1193 5261 xv1,
1224 5192 1313 5249 33.
1425 5193 1471 5232 ⁸¹
1505 5193 1648 5252 Ibid.
1681 5196 1772 5254 55.
1882 5197 1932 5234 ⁸³
1957 5199 2132 5256 Marc.
2162 5214 2228 5256 χι

648 5262 743 5320 38.
852 5262 901 5300 “
927 5263 1102 5321 Joan.
1133 5277 1232 5329 xu,
1274 5267 1365 5324 26.
1885 5301 1893 5309 ο

2344 5203 2405 5257 t9.
2518 5200 2567 5236 ⁸⁸
2600 5198 2745 5256 Luc.
2788 5213 2934 5268 xxu,
2969 5200 3057 5257 33.
3172 5198 3407 5256 “toan.
3432 5210 3550 5265 xm,
3583 5198 3667 5253 36.
3783 5174 3907 5239 "1W

1879 5412 2104 5483 Variae
2136 5413 2475 5512 lectiones,
2503 5423 2570 5484 et
2603 5423 2803 5483 nota.

751 5555 769 5605 1
840 5552 942 5603 Καί
968 5548 1141 5605 abest
1167 5551 1234 5604 Α.

751 5626 775 5677 2
840 5621 1003 5674 Αὐτόν
1032 5622 1099 5677 Α.

751 5551 799 5765 ΒΞ
836 5694 925 5750 Ab
955 5692 1059 5746 ἐκιί
1082 5692 1158 5750 ad
1189 5692 1358 5760 ierat,
1391 5690 1451 5749 in
1492 5709 1679 5765 marg.
1715 5709 1750 5750 a
1781 5710 1943 5752 man.
1975 5702 2193 5754 recent.
2238 5696 2300 5755 in

2458 5555 2575 5611 uod
2605 5571 2702 5628 per
2718 5569 2980 5611 errorem
3011 5570 3082 5611 ex
3101 5553 3512 5627 superioribus
3531 5556 3657 5610 erat
3671 5542 3905 5623 repetitum;

2409 5571 2731 5757 ﬁgggrﬁgss
2753 5627 3050 5697 dedimus,
3081 5627 3264 5684 habet
3299 5627 3434 5683 cod.
3478 5629 3528 5682 Δ
3566 5626 3625 5682 ιιι
3651 5617 3905 5679 context”

744 5617 798 5697 ἓ)
840 5621 1003 5697 ᾼὲίττέν
1032 5622 1099 5677 Αο
1140 5692 1153 5697 _
1195 5692 1216 5697 μ
1393 5690 1406 5697 _
2246 5696 2249 5697 ν
2411 5617 2582 5692 Quod
2606 5617 2723 5682 'nos
2753 5627 3050 5697 dedimus,
3081 5617 3264 5684 habet
3299 5627 3434 5683 cod.
3478 5629 3528 5682 Δ
3566 5626 3625 5682 in
3651 5617 3907 5679 θοιιιθιωδ

719 5690 799 5767 (β)
834 5694 925 5767 Ab
955 5692 1059 5746 ἐκιί
1082 5692 1158 5750 ad
1189 5692 1358 5760 ierat,
1391 5690 1451 5749 in
1473 5709 1679 5767 marg.
1715 5709 1750 5750 a
1781 5710 1943 5752 man.
1975 5702 2209 5767 recent.
2238 5696 2300 5755 in

2238 5696 2300 5755 in
2410 5690 2756 5757 Hentenius.
3038 5690 3048 5697 ’
3285 5738 3293 5747 .
3588 5733 3595 5741 .

648 5763 787 5829 θοὰ.
828 5766 891 5826 Β.
922 5767 1060 5825 Nam
1089 5781 1127 5826 a
1163 5779 1351 5824 manu
1396 5765 1591 5840 prima
1629 5763 1815 5825 'erat:
1869 5770 1969 5821 Καὶ
2012 5769 2157 5846 ὑμεῖς
2188 5764 2258 5830 is

922 5767 1060 5825 Nam
1089 5781 1127 5826 a
1163 5779 1351 5824 manu
1396 5765 1591 5840 prima
1629 5763 1815 5825 'erat:
1869 5770 1969 5821 Καὶ
2012 5769 2157 5846 ὑμεῖς
2188 5764 2297 5844 ἦτα,
2507 5776 2523 5794 ο
