4076 6438
166 366 301 427 1393

1226 360 1571 419 COMMENT
1610 358 1681 417 IN
1716 355 2065 414 JOANNEM.
2105 385 2176 400 --
2210 356 2369 414 CAP.
2410 354 2557 414 XIV.

3387 355 3528 418 1394

166 495 404 569 έμαυτόν,
452 499 542 548 καὶ
568 496 637 548 τὰ
664 494 801 559 ἑξῆς.
832 493 993 548 Ὠστε
1022 489 1146 547 οὑδὲ
1174 491 1338 552 οὑτως
1367 486 1475 543 ἔδει
1522 485 1758 559 ἀθυμεῖν.

1886 482 2043 538 nimo
2099 481 2361 553 dejectos
2412 497 2543 538 esse
2576 495 2590 548 ;
2619 478 2766 555 quia
2812 493 2953 537 vero
2978 476 3109 553 jam
3165 478 3308 538 olim
3370 496 3527 555 prte-

167 585 306 640 Ἐπεὶ
333 582 392 639 δε
428 586 590 640 πάλαι
637 587 1059 659 παρεσκεύασται
1101 586 1158 635 τό
1206 580 1396 641 πλῆθος
1425 586 1524 631 τῶν
1571 583 1760 649 μονῶν,

166 680 254 727 καὶ
284 674 736 750 ἀποκεκλήρωνται
779 681 885 736 τοῖς
916 673 1099 743 ἀξίοις,
1130 675 1239 747 χρὴ
1288 669 1512 744 θαρρεῖν,
1556 670 1648 718 καὶ
1685 667 1759 736 μὴ

169 763 561 836 ἀπογινώσκειν.

236 853 392 908 ’Ἐστι
431 852 491 907 δε
529 859 619 907 καὶ
658 853 841 927 ἑτέρως
888 852 1063 922 εἰπεῖν,
1096 852 1179 904 ὅτι
1236 852 1336 903 Καὶ
1394 846 1478 900 ἐὰν
1525 844 1762 917 πορευθῶ

168 944 440 1017 ἑτοιμάσαι
492 945 613 1016 ὑμῖν
664 948 843 1012 τόπον,
896 946 1059 1014 ἤγουν
1113 940 1409 1012 ἐγκαινίσαι
1459 937 1580 1009 ὑμῖν
1642 933 1761 985 ἄνο-

170 1030 258 1087 δον
292 1036 419 1107 πρός
447 1036 534 1086 τόν
576 1032 813 1108 οὐρανόν,
856 1031 916 1090 ἣν
948 1027 1122 1090 οὐδεὶς
1169 1025 1376 1081 οὐδέπω
1419 1034 1518 1078 τῶν
1564 1022 1761 1095 ἀνθρὼ-

166 1141 273 1174 πων
316 1120 520 1183 ἀνῆλθε,
573 1120 727 1173 πάλιν
776 1122 1004 1194 ἔρχομαι
1057 1119 1190 1169 κατὰ
1228 1120 1320 1174 τὴν
1374 1110 1618 1185 δευτέραν
1661 1129 1761 1182 μου

166 1214 480 1286 παρουσίαν,
548 1214 639 1262 καὶ
707 1207 1082 1283 παραλήψομαι
1153 1208 1287 1277 ὑμᾶς
1362 1206 1487 1277 πρὸς
1544 1200 1761 1274 ἐμαυτόν

167 1297 483 1360 ἀναστάντας
535 1298 590 1351 ἐκ
644 1306 853 1371 νεκρῶν,
916 1295 1426 1370 συμϐασιλεύσοντάς
1482 1312 1573 1365 μοι
1635 1289 1761 1343 αἰω-

164 1394 299 1450 νίως.
342 1388 401 1442 Εἰ
445 1391 548 1461 γὰρ
598 1394 686 1442 καὶ
740 1388 1082 1449 ἀποθανόντες
1135 1390 1262 1461 πρός
1309 1386 1463 1437 αὑτὸν
1521 1379 1757 1445 ἀνῆλθον,

166 1477 273 1531 ἀλλ’
323 1479 381 1531 οῦ
407 1481 536 1551 μετὰ
586 1487 685 1530 τῶν
748 1479 1023 1550 σωμάτων,
1082 1481 1172 1528 καὶ
1226 1475 1270 1527 εἰ
1319 1476 1546 1526 σύνεισιν
1598 1470 1758 1541 αὑτῷ,

165 1566 273 1621 ἀλλ’
334 1567 392 1621 οὑ
452 1566 939 1640 συμϐασιλεύοντες.
996 1566 1137 1620 Ἐπεὶ
1191 1561 1250 1617 δε
1303 1560 1452 1623 εἰδὼς
1503 1564 1570 1614 τὰ
1614 1565 1764 1618 κινή-

163 1677 306 1731 ματα
366 1665 463 1709 τῶν
516 1652 749 1730 καρδιῶν
804 1656 994 1722 αὑτῶν,
1045 1657 1170 1726 ἔγνω
1236 1652 1613 1725 ἐπιθυμοῦντας
1665 1668 1761 1720 μα-

166 1748 269 1799 θεῖν
315 1754 416 1800 ποῦ
469 1748 678 1818 ὑπάγει,
738 1750 828 1798 καὶ
878 1750 972 1804 τὴν
1030 1741 1152 1797 ὁδόν
1199 1747 1293 1802 τὴν
1341 1744 1574 1814 ἄγουσαν
1632 1740 1761 1791 ὅπου

162 1837 370 1908 ὑπάγει,
413 1855 479 1909 φη
489 1840 544 1888 σί
567 1852 581 1865 '

236 1929 338 1978 Καὶ
378 1957 446 1965 -
477 1922 694 1989 οἶδατε;
745 1924 832 1987 Ἐξ
883 1924 950 1975 ὧν
997 1920 1260 1997 διαφόρως
1313 1918 1453 1974 εἶπον
1507 1921 1650 1992 ὑμῖν,
1683 1921 1758 1971 οἶα

166 2011 291 2067 δατε
348 2019 439 2065 καὶ
504 2012 789 2086 ἀμφότερα,
852 2012 896 2065 εἰ
960 2009 1345 2083 ἀναμνησθῆτε.
1414 2015 1608 2078 ’Υπῆγε
1672 2010 1761 2079 μὲν

164 2100 251 2155 οὖν
290 2106 414 2175 πρὸς
466 2106 553 2154 τὸν
606 2106 811 2175 Πατέρα
865 2101 949 2173 ἀφ’
997 2100 1175 2153 οὔκαὶ
1232 2098 1455 2162 ἐξῆλθεν.
1495 2094 1652 2158 Ὁδὸς
1704 2092 1764 2149 δέ

166 2188 306 2242 ἔστιν
350 2191 526 2256 αὑτός,
560 2188 632 2243 δι’
676 2191 735 2243 οῦ
782 2190 1048 2263 ἐρχόμεθα
1091 2192 1219 2261 πρὸς
1275 2191 1362 2240 τὸν
1416 2190 1639 2261 Πατέρα,
1694 2188 1763 2248 ὡς

165 2284 359 2352 προῖὼν
391 2280 514 2354 ἐρεῖ.

240 2372 390 2440 Λέγει
433 2399 500 2409 -
530 2364 758 2435 εἰδέναι;
817 2367 970 2441 ’ῼετο
1018 2370 1120 2441 γὰρ
1175 2366 1426 2426 αἰσθητόν
1483 2361 1614 2419 εἶναί
1648 2384 1764 2417 τινα

164 2461 320 2510 τόπον
350 2459 480 2510 ὅπου
509 2458 717 2529 ὑπάγει,
743 2462 829 2509 καί
857 2454 980 2510 ὁδὸν
1011 2458 1198 2528 ὁμοίως
1222 2458 1489 2514 τοιαύτην.

1797 1876 1842 1932 Β

238 2640 391 2707 Λέγει.
441 2667 504 2676 —
535 2636 668 2696 ζωή.
719 2631 878 2698 Ὁδὸς
929 2637 1019 2708 μεν
1072 2636 1151 2687 ὅτι
1210 2630 1283 2687 δι’
1341 2633 1465 2707 ἐμοῦ
1505 2635 1758 2706 ἔρχεσθε·

164 2724 381 2783 ἀλήθεια
431 2721 507 2793 δὲ,
552 2727 632 2777 ὅτι
676 2723 931 2793 ἀληθεύω,
982 2729 1072 2777 καὶ
1116 2725 1317 2785 πάντως
1360 2725 1509 2775 ἔσται
1555 2729 1758 2774 ταῦτα’

165 2815 272 2876 ζωὴ
326 2811 407 2882 δὲ,
453 2816 533 2868 ὄτι
584 2819 675 2867 καὶ
726 2822 817 2866 τοῦ
877 2816 1098 2867 θανάτου
1148 2815 1391 2888 κυριεύω.
1430 2811 1489 2865 Εἰ
1518 2809 1606 2864 οὖν
1664 2809 1764 2882 ἐγώ

164 2903 269 2974 εἰμι
299 2905 329 2962 ἡ
364 2900 510 2973 ὁδὸς,
563 2900 820 2974 ὁδηγήσω
865 2905 1037 2976 ὑμᾶς·
1088 2903 1131 2955 εἰ
1163 2899 1222 2956 δε
1277 2906 1368 2955 καὶ
1422 2899 1658 2966 ἀλήθεια,
1702 2899 1761 2952 ού

162 2988 432 3063 ψεύδομαι
456 3010 467 3022 ·
504 2992 547 3045 εἰ
591 2988 650 3044 δε
676 2997 764 3044 καὶ
791 2992 922 3059 ζωὴ,
983 2988 1106 3044 οὐδὲ
1141 2993 1166 3043 6
1213 2992 1428 3050 θάνατος
1479 2986 1765 3047 διαστήσει

164 3081 301 3150 ὑμᾶς
326 3078 468 3150 ἐμοῦ.

239 3165 429 3228 Οὐδεὶς
484 3199 553 3208 -
592 3166 737 3240 ἐμοῦ.
805 3169 885 3222 Ἐν
941 3176 1013 3238 τῷ
1071 3166 1230 3239 ἐνάτῳ
1274 3164 1333 3220 δε
1377 3165 1634 3238 κεφαλαίῳ
1693 3162 1764 3217 εἷ-

1873 576 2084 644 parata
2106 577 2193 627 est
2211 571 2591 628 multitudine
2610 568 3020 637 mansionum,
3044 569 3343 642 ac'dignis
3370 574 3527 628 sorte

1871 661 2199 718 distributae
2228 666 2386 729 sunt,
2434 661 2722 718 ﬁduciam
2774 659 3000 717 habere
3030 664 3285 734 Oportet,
3318 664 3375 718 et
3401 676 3526 719 non

1870 751 2209 824 desperare.

1944 841 2148 899 Potest
2203 845 2261 897 et
2328 839 2500 896 aliter
2553 839 2673 896 dici
2726 857 2739 899 :
2797 838 2966 908 Quod
3030 838 3263 896 etiamsi
3327 838 3524 897 abiero

1872 936 1938 986 ut
1973 945 2306 1000 praeparem
2336 930 2490 987 vobis
2528 930 2742 995 locum,
2795 928 3084 995 videlicet,
3140 932 3205 985 ut
3240 929 3525 985 innovem

1870 1019 2044 1076 vobis
2075 1035 2398 1076 ascensum
2431 1020 2492 1076 in
2544 1018 2786 1088 caelum,
2817 1035 2940 1092 quo
2999 1017 3198 1074 nullus
3250 1033 3523 1091 unquam

1870 1109 2185 1165 hominum
2228 1108 2510 1175 ascendit,
2554 1124 2788 1165 rursum
2836 1108 3078 1165 veniam
3130 1107 3386 1164 secundo
3425 1107 3528 1163 ad—

1870 1206 2073 1270 ventu,
2127 1205 2185 1258 et
2239 1217 2549 1258 assumam
2606 1216 2709 1256 vos
2758 1200 2836 1257 ad
2890 1200 3211 1272 meipsum,
3266 1197 3530 1255 resusci-

1872 1293 2026 1347 tatos
2080 1306 2149 1347 ex
2196 1289 2469 1354 mortuis,
2525 1293 2588 1345 ut
2638 1289 3014 1360 conregnetis
3069 1289 3215 1345 mihi
3267 1288 3329 1344 in
3360 1292 3528 1345 aeter-

1870 1396 2041 1438 num.
2074 1380 2433 1452 Quanquam
2484 1379 2643 1435 enim
2684 1379 2906 1436 mortui
2945 1383 3083 1436 ante
3134 1394 3277 1435 eum
3323 1393 3528 1436 ascen-

1871 1471 2111 1540 derunt,
2150 1469 2253 1525 sed
2278 1484 2401 1524 non
2432 1484 2571 1525 cum
2588 1468 2942 1538 corporibus
2971 1486 2986 1535 ;
3019 1473 3075 1525 et
3098 1467 3148 1523 si
3175 1467 3353 1524 simul
3383 1483 3524 1525 cum

1871 1576 1943 1617 eo
1975 1563 2133 1625 sunt,
2166 1563 2227 1615 at
2256 1574 2375 1614 non
2438 1557 2614 1614 simul
2663 1562 2937 1627 regnant.
2979 1557 3126 1624 Quia
3154 1572 3293 1614 vero
3333 1558 3525 1613 sciens

1872 1656 2072 1706 motus
2131 1647 2403 1705 cordium
2456 1648 2740 1719 ipsorum,
2795 1646 3074 1718 cognovit
3124 1661 3342 1719 cupere
3389 1645 3522 1702 illos

1873 1738 2021 1794 scire
2049 1754 2173 1812 quo
2224 1738 2351 1803 iret,
2405 1740 2462 1793 et
2500 1736 2663 1792 viam
2702 1752 2830 1805 quas
2856 1752 2927 1793 eo
2951 1735 3197 1793 duceret
3239 1751 3362 1808 quo
3391 1736 3521 1803 iret,

1873 1828 1956 1883 ait
1983 1844 1996 1883 :

1942 1917 2104 1973 Vers.
2137 1920 2188 1972 4.
2251 1916 2325 1972 Et
2356 1914 2629 1971 —-scitis.
2688 1914 2775 1970 Ex
2833 1913 2944 1980 his,
2994 1929 3131 1988 quas
3183 1914 3526 1987 frequenter

1870 2005 1992 2062 dixi
2022 2005 2211 2070 vobis,
2240 2010 2297 2061 et
2322 2004 2436 2061 hoc
2460 2009 2518 2061 et
2562 2003 2710 2059 illud
2757 2003 2966 2071 nostis,
2997 2003 3047 2060 si
3095 2003 3521 2061 recordamini.

1869 2094 1958 2150 Ad
1989 2096 2218 2150 Patrem
2251 2109 2514 2167 namque
2565 2093 2692 2150 ibat
2720 2109 2758 2150 a
2802 2108 2926 2166 quo
2982 2092 3165 2150 etiam
3212 2092 3520 2150 exiverat:

1870 2184 1968 2241 via
2021 2188 2222 2240 autem
2278 2183 2406 2256 ipse
2460 2186 2572 2250 est,
2604 2197 2711 2255 per
2739 2198 2921 2256 quem
2967 2182 3126 2239 imus
3155 2180 3235 2238 ad
3260 2180 3521 2250 Patrem,

1870 2272 2046 2329 veluti
2075 2272 2136 2328 in
2167 2272 2557 2344 sequentibus
2589 2271 2848 2328 dicturus
2878 2274 2988 2327 est.

1942 2363 2106 2417 Vers.
2134 2367 2185 2419 5.
2222 2362 2375 2419 Dicit
2404 2394 2472 2402 —
2500 2363 2653 2419 scire
2677 2362 2705 2418 ‘I
2731 2361 2987 2419 Putabat
3037 2375 3299 2433 namque
3340 2358 3526 2417 sensi-

1870 2450 2053 2507 bilem
2095 2450 2358 2524 aliquem
2414 2451 2617 2507 locum
2670 2466 2825 2517 esse,
2866 2466 2984 2524 quo
3008 2449 3139 2515 iret,
3192 2454 3251 2506 et
3308 2448 3522 2507 eodem

1872 2540 2058 2597 modo
2084 2540 2240 2596 viam
2271 2556 2402 2597 esse
2441 2541 2715 2597 similem.

1949 2632 2165 2685 Vers.6.
2198 2629 2304 2686 Ait
2325 2660 2391 2671 —-
2409 2630 2550 2687 vita.
2578 2630 2685 2686 Via
2709 2630 2972 2702 quidem,
3000 2629 3140 2704 quia
3158 2645 3265 2703 per
3282 2644 3379 2686 me
3396 2643 3528 2699 gra-

1871 2717 2105 2785 dimini;
2161 2720 2379 2775 veritas
2430 2723 2654 2784 autem,
2708 2719 2854 2791 quia
2900 2734 3038 2776 vera
3091 2717 3328 2792 loquor,
3371 2723 3429 2776 et
3456 2733 3529 2775 ea

1871 2806 2257 2863 infailibiliter
2288 2818 2482 2874 erunt;
2514 2808 2637 2864 vita
2664 2824 2826 2875 vero,
2863 2809 3005 2880 quia
3054 2808 3231 2865 morti
3282 2823 3529 2882 quoque

1872 2896 2162 2953 dominor.
2219 2896 2278 2953 Si
2328 2912 2472 2967 ergo
2518 2912 2632 2968 ego
2682 2897 2780 2955 via
2847 2913 3002 2964 sum,
3058 2898 3280 2955 ducam
3327 2897 3529 2969 utique

1872 3002 1994 3052 vos;
2029 2986 2077 3041 si
2119 2987 2295 3042 etiam
2354 2986 2598 3051 veritas.
2648 3002 2774 3043 non
2826 2987 3128 3055 mentior;
3159 2985 3327 3061 quod
3377 2985 3428 3043 si
3473 2989 3531 3043 et

1871 3074 2015 3138 vita,
2047 3089 2244 3146 neque
2274 3091 2436 3132 mors
2462 3091 2570 3132 vos
2599 3091 2635 3132 a
2665 3091 2762 3132 me
2792 3076 3110 3147 separabit.

1947 3163 2105 3217 Vers.
2145 3169 2197 3218 6.
2240 3164 2425 3221 Nemo
2462 3194 2531 3204 --
2558 3178 2669 3220 me.
2717 3165 2883 3220 Nono
2934 3180 3072 3220 vero
3119 3165 3312 3238 capite
3342 3164 3526 3225 dixit:

167 3275 258 3309 πεν
284 3276 295 3289 ·
331 3253 519 3318 Ούδεὶς
559 3254 781 3310 δύναται
811 3257 969 3310 ἐλθεῖν
991 3261 1118 3331 πρὸς
1146 3256 1252 3328 ἐμὲ,
1289 3256 1372 3309 ἐὰν
1404 3260 1475 3327 μὴ
1524 3257 1551 3306 6
1582 3259 1763 3328 Πατὴρ

1886 3250 2059 3307 Nemo
2084 3256 2278 3321 potest
2307 3251 2504 3308 venire
2565 3252 2646 3307 ad
2688 3267 2796 3319 me,
2845 3252 2962 3308 nisi
2987 3225 3321 3325 Putem-qui
3377 3253 3531 3309 misit

170 3347 196 3398 6
226 3345 436 3418 πέμψας
475 3366 537 3419 με
567 3346 755 3420 ἑλκύσῃ
807 3346 959 3399 αὑτόν
983 3366 996 3379 ·
1032 3348 1059 3399 ό
1106 3350 1196 3418 μὲν
1225 3348 1326 3420 γὰρ
1386 3344 1569 3414 ἂκὺει,
1626 3345 1652 3395 ὁ
1707 3339 1766 3396 δε

170 3432 385 3507 ὀδηγεῖ’
426 3441 516 3489 καὶ
555 3434 835 3509 ἀμφότεροι
875 3443 1214 3511 συνεργοῦσιν
1262 3434 1334 3495 εἰς
1374 3437 1467 3492 τὴν
1504 3435 1767 3508 σωτηρίαν

169 3534 270 3577 τῶν
295 3524 597 3599 ἀνθρώπων.

243 3614 304 3667 Εἰ
362 3646 431 3655 —
490 3613 756 3686 ἐγνώκειτε
835 3616 917 3667 οἷν.
978 3614 1244 3688 Ἀνωτέρω
1308 3615 1399 3687 μὲν
1480 3612 1635 3666 εἰπὼν
1689 3613 1770 3663 ὅτι

171 3702 248 3775 (4)
300 3709 400 3757 Καὶ
442 3705 570 3757 ὃπου
630 3706 816 3776 ὑπάγω
870 3701 1071 3768 οἴδατε,
1103 3709 1193 3757 καὶ
1222 3707 1315 3762 τὴν
1373 3698 1497 3755 ὁδόν
1549 3697 1766 3754 οἴδατε·

170 3790 430 3851 ἐδήλωσεν
470 3796 549 3847 ὅτι
583 3800 672 3847 καὶ
717 3798 803 3846 τόν
851 3797 1058 3868 Πατέρα
1105 3789 1287 3846 οἴδασι
1328 3798 1418 3845 καὶ
1461 3791 1653 3844 αὐτόν·
1697 3788 1769 3841 ἐν·

168 3884 339 3935 ταῦθα
389 3878 447 3935 δε
503 3882 799 3955 ἐπαγαγὼν,
856 3884 938 3934 ὃτι
996 3882 1056 3935 Εἰ
1107 3881 1370 3955 ἐγνώκειτέ
1421 3900 1504 3954 με,
1555 3883 1769 3932 καὶτὸν

669 3972 934 4043 ἐγνώκειτε
1032 3974 1115 4039 ἄν,
1180 3972 1409 4045 ἐνέφηνεν
1507 3972 1586 4024 ὃτι
1682 3974 1771 4022 καὶ

171 4060 328 4111 αὐτόν
384 4059 634 4131 ἀγνοοῦσι
688 4066 772 4112 καὶ
826 4064 914 4114 τόν
963 4065 1183 4133 Πατέρα.
1238 4066 1337 4114 Καὶ
1380 4059 1653 4132 πολλαχοῦ
1711 4055 1770 4111 δε

168 4155 322 4201 τοῦτο
369 4157 526 4204 ποιεῖ.
580 4151 725 4203 Ἐπεὶ
779 4153 880 4225 γὰρ
931 4150 1209 4221 ἐγίνωσκον
1262 4155 1352 4224 μεν
1404 4155 1495 4201 καὶ
1552 4149 1771 4222 ἀμφοτέ-

169 4256 310 4311 ρους,
358 4238 463 4310 οὑχ
509 4241 573 4299 ὡς
606 4247 872 4311 προσῆκον
926 4237 1018 4293 δέ’
1079 4242 1293 4315 ὕστερον
1340 4242 1444 4312 γὰρ
1501 4237 1773 4308 έπιφοιτῆ-

172 4345 268 4378 σαν
327 4330 387 4379 τό
436 4329 689 4400 πανάγιον
748 4336 958 4401 Πνεῦμα
1021 4332 1404 4382 κατεσκεύασεν
1465 4327 1644 4388 αὑτοῖς
1695 4345 1770 4378 τε·

171 3976 376 4044 Πατέρα
466 3991 566 4043 μου

166 4414 305 4466 λείαν
356 4421 450 4474 τὴν
492 4424 722 4487 γνὼσιν’
787 4422 911 4472 ποτε
961 4421 1052 4491 μὲν
1110 4420 1191 4471 ὅτι
1241 4425 1567 4490 γινώσκουσι
1613 4415 1771 4486 λέγει,

171 4499 311 4558 διότι
346 4503 696 4565 ὁπωσδήποτε
722 4514 1049 4578 γινώσκουσι
1073 4525 1086 4538 ⁸
1121 4511 1243 4560 ποτε
1274 4505 1334 4560 δε
1381 4508 1464 4558 ὅτι
1515 4505 1574 4558 οῦ
1621 4509 1774 4576 γίνω-

1876 3356 1988 3404 me,
2038 3340 2300 3397 traxerit
2355 3357 2488 3398 eum
2537 3341 2629 3395 δτι
2676 3339 2772 3396 ille
2826 3341 3128 3414 siquidem
3184 3342 3381 3409 trahit,
3432 3342 3528 3400 hic

1878 3435 2080 3487 autem
2134 3429 2296 3486 ducit
2350 3435 2408 3487 et
2437 3430 2620 3487 ambo
2669 3437 3069 3504 cooperantur
3107 3431 3187 3488 ad
3216 3431 3531 3489 hominum

1880 3518 2160 3576 salutem.

1950 3610 2111 3665 Vers.
2167 3610 2220 3664 7.
2277 3608 2347 3665 Si
2372 3640 2440 3649 —
2494 3610 2700 3681 utique
2754 3608 3183 3681 cognovissctis.
3243 3609 3531 3683 Superius

1878 3699 2127 3773 quidem
2175 3698 2383 3755 dicens
2415 3699 2674 3771 :thuo
2720 3714 2825 3771 ego
2856 3700 3010 3757 vado
3066 3698 3247 3770 scitis,
3277 3705 3333 3757 et
3372 3700 3532 3759 viam

1878 3790 2042 3847 scitis
2098 3790 2167 3857 ⁸³,
2219 3788 2597 3858 signiﬁcavit,
2626 3789 2792 3862 quod
2848 3793 2902 3846 et
2931 3789 3165 3846 Patrem
3223 3794 3283 3846 et
3325 3805 3389 3846 se
3436 3805 3535 3846 co-

1878 3883 2258 3954 gnoscerent.
2306 3879 2409 3935 Hic
2434 3883 2637 3935 autem
2686 3879 2974 3951 adjiciens
3007 3897 3021 3936 :
3050 3880 3122 3938 Si
3159 3881 3533 3951 cognovisse-

1880 3970 1956 4025 tis
1985 3984 2095 4034 me,
2144 3971 2198 4025 et
2224 3969 2454 4025 Patrem
2485 3984 2679 4025 meum
2731 3970 2935 4041 utique
2973 3969 3399 4039 cognovissetis,
3440 3984 3535 4026 os-

1879 4059 2083 4122 tendit,
2124 4057 2291 4130 quod
2321 4062 2378 4113 et
2415 4074 2477 4112 se
2529 4062 2585 4113 et
2637 4060 2865 4114 Patrem
2905 4058 3272 4127 ignorarent.
3320 4058 3387 4113 Id
3431 4074 3535 4115 au-

1880 4151 1999 4202 tem
2027 4146 2228 4202 multis
2272 4146 2331 4201 in
2383 4146 2529 4202 locis
2581 4146 2771 4203 facit:
2823 4162 2965 4203 nam
3021 4147 3166 4220 quia
3210 4151 3534 4220 utrumque

1879 4234 2345 4306 cognoscebant,
2400 4239 2479 4305 at
2507 4249 2651 4300 non,
2702 4240 2764 4290 ut
2801 4234 3199 4292 conveniebat
3247 4236 3535 4308 (postmo-

1880 4322 2028 4378 dum
2083 4325 2248 4378 enim
2296 4322 2672 4379 descendens
2723 4322 2972 4394 Spiritus
3029 4326 3295 4389 sanctus,
3346 4322 3533 4394 perfe-

1880 4416 2038 4468 ctam
2066 4410 2152 4467 eis
2182 4410 2435 4482 praebuit
2463 4410 2917 4482 cognitionem),
2959 4411 3260 4468 interdum
3291 4410 3533 4483 quidem

1881 4501 2045 4568 dicit,
2094 4500 2260 4573 quod
2318 4505 2708 4569 cognoscunt.
2769 4501 2916 4573 quia
2967 4504 3272 4573 utcunque
3314 4515 3535 4571 cogno-

172 4613 384 4660 σκουσι,
414 4591 552 4647 διότι
582 4599 651 4657 ὡς
684 4595 847 4671 ἐχρῆν
880 4597 938 4649 οῦ
968 4603 1312 4670 γινώσκουσι,
1344 4603 1452 4649 Νῦν
1484 4591 1544 4648 δε
1573 4612 1730 4667 φησιν
1755 4609 1764 4623 ·

1886 4563 2057 4649 scunt
2088 4563 2494 4663 {quandoque
2531 4606 2693 4660 vero,
2759 4563 2923 4662 quod
2962 4605 3086 4647 non
3137 4563 3531 4659 cognoscunt,

172 4684 233 4736 Εἰ
285 4683 552 4755 ἐγνώκειτέ
606 4705 688 4757 με,
749 4689 819 4746 ὡς
869 4690 1002 4757 χρὴ,
1062 4691 1140 4747 τίς
1198 4685 1301 4758 εἰμι
1368 4689 1427 4737 τό
1480 4687 1770 4757 νοούμενον,

167 4778 258 4827 καὶ
321 4776 409 4826 τόν
492 4778 697 4847 Πατέρα
783 4792 883 4845 μου
972 4772 1238 4846 ἐγνώκειτε
1304 4776 1403 4827 ἄν·
1496 4773 1605 4827 ἐπεὶ
1668 4777 1770 4847 γὰρ

169 4861 283 4926 ἶσος
340 4863 457 4936 ἐμοὶ
495 4867 586 4915 καὶ
643 4861 1037 4936 ἀπαράλλακτός
1093 4862 1253 4929 ἐστιν,
1309 4864 1334 4916 ὁ
1392 4868 1643 4926 νενοηκὼς
1686 4863 1773 4937 ἐμὲ

167 4956 374 5011 νενόηκε
405 4954 483 5025 (5)
508 4955 595 5005 τὸν
625 4955 848 5027 Πατέρα.

246 5131 346 5180 Καὶ
379 5159 442 5168 -
484 5129 657 5184 αὐτόν.
699 5129 842 5184 Ἐπεὶ
890 5132 974 5204 ἐμὲ
1024 5135 1324 5204 γινώσκετε,
1358 5132 1401 5185 εἰ
1452 5138 1541 5186 καὶ
1591 5137 1661 5207 μὴ
1700 5135 1768 5196 ὡς

170 5218 308 5288 χρὴ,
339 5214 517 5269 λοιπὸν
547 5224 829 5289 γινώσκετε
862 5225 952 5274 καὶ
981 5220 1137 5274 αὑτὸν
1167 5222 1435 5283 ὡσαύτως.

245 5486 287 5521 ⁸⁷
319 5486 488 5542 Joan.
525 5502 601 5549 vx,
646 5486 738 5543 44.
856 5486 903 5521 ⁸⁸
941 5488 1114 5545 Joan.
1147 5504 1265 5553 xiv,
1306 5493 1359 5546 4.

1882 4685 2025 4755 quia
2055 4700 2196 4749 non,
2230 4690 2293 4739 ut
2316 4685 2564 4756 oportet,
2605 4685 2997 4751 cognoscunt.
3027 4682 3193 4736 Nunc
3228 4695 3369 4736 vero
3406 4678 3488 4737 ait
3518 4695 3533 4736 :

1883 4776 1953 4831 Si
1980 4772 2380 4845 cognovissetis
2406 4785 2514 4837 me,
2543 4774 2608 4826 ut
2663 4773 2910 4840 oportet,
2944 4768 3080 4842 quis
3135 4767 3272 4834 sim,
3333 4783 3535 4842 quan-

1886 4870 2007 4921 tum
2044 4863 2122 4919 ad
2173 4860 2554 4926 intellectum,
2605 4864 2658 4916 et
2682 4860 2918 4915 Patrem
2959 4873 3153 4915 meum
3207 4857 3405 4929 mulus
3443 4873 3535 4914 co-

1878 4952 2206 5026 gnovissetis
2237 4969 2251 5019 ;
2281 4966 2419 5006 nam
2447 4964 2584 5005 cum
2640 4947 2783 5003 mihi
2813 4946 2891 5003 sit
2939 4945 3210 5020 aqualis,
3276 4950 3335 5003 et
3364 4961 3402 5005 a
3437 4962 3534 5003 me

1880 5039 2317 5114 inseparabilis,
2337 5037 2441 5112 qui
2468 5053 2563 5095 me
2585 5035 2883 5108 cognovit,
2905 5039 2962 5092 et
2977 5037 3209 5092 Patrem
3234 5033 3532 5106 cognovit.

1952 5131 2113 5188 Vers.
2169 5137 2224 5186 7.
2282 5129 2363 5185 Et
2420 5159 2491 5169 —
2561 5142 2710 5185 cum.
2775 5126 2921 5183 Cum
2987 5140 3085 5182 me
3138 5123 3530 5196 cognoscatis,

1881 5236 2235 5296 quanquam
2295 5232 2411 5274 non
2462 5222 2528 5274 ut
2577 5218 2830 5289 oportet,
2887 5227 3269 5288 consequens
3317 5218 3411 5270 est
3470 5217 3535 5272 ut

1882 5316 1939 5368 et
1966 5312 2155 5385 ipsum
2185 5308 2451 5367 similiter
2479 5304 2880 5379 cognoscatis.

1393 5624 1615 5695 Variae
1650 5624 1977 5694 lectiones
2018 5632 2086 5691 et
2114 5630 2316 5692 notas.

246 5765 323 5837 (4)
361 5763 483 5817 Ὀτι
512 5762 683 5823 abest
710 5766 769 5822 Β.

1950 5767 2031 5842 (5)
2060 5770 2160 5823 Καὶ
2191 5766 2426 5828 videtur
2450 5766 2765 5827 excidisse.
