4076 6434
655 354 679 422 4
691 351 796 421 398

653 584 821 654 puta,
887 593 1008 635 non
1062 583 1194 651 post
1275 578 1534 635 multum
1592 583 1847 652 tempus,
1934 577 2309 651 cognoscetis

655 684 795 726 eum
858 672 923 724 ut
956 671 1204 740 Oportet,
1238 667 1343 723 ubi
1372 682 1548 740 super
1596 682 1706 724 vos
1759 666 2001 739 Spiritus
2063 670 2308 723 sanctus

655 756 1049 814 descenderit.

728 846 894 902 Vers.
954 846 1013 903 7.
1076 845 1152 901 Et
1220 844 1443 901 vidistis
1503 860 1655 902 cum.
1718 844 1905 901 Etiam
1976 844 2307 918 potentiam

658 935 787 1005 eius
839 935 1063 991 vidistis
1120 950 1228 1007 per
1289 950 1483 991 meam
1535 935 1886 1007 potentiam,
1947 950 2052 1006 per
2106 934 2312 991 divina

660 1026 853 1100 signa,
885 1041 1022 1100 quae
1067 1025 1225 1081 dedi.
1282 1027 1429 1082 Nam
1488 1042 1621 1097 qua:
1682 1040 1795 1096 ego
1848 1041 2122 1099 possum,
2181 1025 2311 1081 haec

661 1121 719 1173 et
746 1115 861 1172 ille.

732 1207 888 1261 Vere.
920 1206 974 1263 8.
1005 1205 1158 1261 Dicit
1185 1234 1251 1246 —
1279 1203 1458 1261 nobis.
1501 1235 1555 1246 -—
1602 1205 1679 1261 Et
1745 1205 1970 1275 sufﬁcit
2020 1204 2197 1270 vobis,
2251 1207 2314 1260 ut

663 1293 768 1367 qui
795 1294 995 1366 tejam
1026 1299 1203 1350 antea
1230 1293 1644 1364 cognovimus.
1705 1294 1855 1361 Quia
1900 1308 2040 1365 ergo
2095 1292 2316 1367 quaesi-

663 1383 748 1438 vit
789 1397 965 1439 nosse
1027 1383 1278 1448 Patrem,
1333 1383 1597 1440 ostendit
1639 1382 1905 1440 Christus
1958 1382 2115 1455 quod
2175 1397 2313 1438 eum

661 1471 791 1545 jam
822 1476 1043 1528 nosset.

738 1562 901 1617 Vers.
933 1563 987 1618 9.
1014 1563 1115 1619 Ait
1142 1593 1209 1603 —
1239 1562 1520 1634 Philippe
1540 1561 1568 1617 ἲ
1602 1561 2085 1634 interrogationis
2115 1576 2313 1619 sermo

667 1654 756 1707 est
786 1672 800 1706 :
834 1652 1024 1708 Tanto
1053 1657 1314 1721 tempore
1362 1653 1655 1709 vobiscum
1705 1668 1854 1715 sum,
1911 1652 2116 1709 divina
2145 1652 2318 1722 signa

668 1755 951 1813 operans,
983 1739 1140 1796 etab
1203 1740 1298 1796 his
1353 1756 1473 1797 non
1515 1742 1844 1811 cognovisti
1874 1757 1989 1808 me,
2030 1742 2166 1814 quis
2204 1740 2316 1796 sim

1976 358 2329 419 EUTHYMII
2380 357 2710 421 ZIGABENI

727 488 1189 563 Chrysostomus
1247 502 1405 554 vero,
1457 486 1813 561 Cognosoetis
1873 486 2303 559 interpretatur,
2336 485 2382 540 Δ

3805 368 3953 451 ίδθϐη

2491 488 2551 543 ’0
2642 489 2702 546 6's
2774 498 3155 571 Χρυσὸστομος
3228 500 3307 574 (6)
3374 506 3618 561 nemo;
3700 510 3895 585 ἑρμηνεᾶιέ

2423 583 2585 651 ἤγουν
2653 584 2772 635 ὅσον
2821 588 2963 637 οὔπω
3017 592 3278 658 γνώσεσθε
3347 591 3512 660 αὐτὸν,
3580 599 3640 660 ὡς
3693 583 3895 675 agonum,

2423 669 2854 743 ἐπιφοιτήσαντος
2883 675 3004 748 ὑμῖν
3029 685 3120 730 τοῦ
3151 678 3304 753 ἁγίου
3345 686 3639 756 Πνεύματος.

2496 854 2597 903 Καὶ
2661 851 2918 927 ίωράκατε
2974 856 3149 924 αὐτόν,
3206 862 3307 911 Καὶ
3368 858 3612 936 ἑωράκατε
3673 870 3749 923 τήν
3802 867 3899 922 66n-

2422 958 2510 1012 μιν
2541 940 2700 993 αὐτοῦ
2732 938 2825 994 διὰ
2849 951 2945 1006 τῆς
2973 943 3098 1017 iui;
3143 942 3428 1020 δυνάμεως,
3459 947 3549 1003 διὰ
3574 960 3661 1004 τῶν
3699 957 3897 1029 θεοπρεπέα,

2425 1034 2653 1101 σημείων
2702 1030 2770 1082 ὧν
2819 1030 3064 1092 ὖποίησα.
3126 1041 3186 1088 ‘A
3235 1039 3338 1113 γὰρ
3392 1037 3489 1111 ἕγὼ
3544 1037 3757 1115 δύναμαι,
3797 1055 3899 1100 ταᾶτι

2425 1126 2677 1180 κακεῖνος.

2503 1212 2649 1280 Λέγει
2695 1240 2762 1249 -
2793 1212 2936 1283 ἡμῖν.
2989 1244 3057 1253 -
3118 1220 3218 1268 Καὶ
3261 1214 3411 1289 ἀρκεῖ
3460 1219 3596 1289 ἡμῖν,
3644 1222 3704 1281 ὡς
3746 1224 3790 1274 σε
3829 1230 3899 1285 τέως

2427 1295 2726 1368 ἐγνωκόσιν.
2795 1298 2939 1355 Ἐπεὶ
2988 1298 3075 1354 οὖν
3128 1301 3354 1367 ὶζήτησε
3405 1315 3589 1377 γνῶναι
3634 1312 3707 1361 τὸν
3754 1317 3897 1386 Πατέρα,

2429 1383 2690 1440 δείκνυσιν
2721 1390 2747 1441 6
2770 1393 3003 1463 Χριστὸς
3026 1393 3106 1445 ὃτι
3135 1390 3274 1447 οἶδεν
3304 1395 3476 1450 αὐτόν.

2501 1571 2654 1640 Δίγει
2706 1601 2773 1610 -
2820 1570 3071 1641 Φίλιππες
3129 1574 3254 1627 Κατ’
3308 1574 3561 1651 ἐρώτησιν
3609 1578 3633 1629 6
3683 1577 3812 1650 λόγος.
3848 1589 3899 1634 Τις

2432 1664 2617 1710 σούτον
2675 1664 2867 1732 χρόνον
2935 1663 3051 1734 μεθ’
3134 1665 3277 1737 ὑμῶν
3340 1665 3471 1733 εἰμι,
3564 1668 3815 1741 Gaionatis;
3854 1674 3900 1745 5';-

2427 1750 2734 1820 γαζὸμενος,
2784 1755 2873 1803 καὶ
2911 1752 3005 1804 οὐκ
3035 1755 3262 1824 ἔγνωκάς
3302 1774 3368 1828 με
3399 1754 3500 1808 ἀπὸ
3538 1760 3726 1822 τούτων,
3762 1764 3817 1820 τίς
3844 1761 3898 1829 tum

668 1829 955 1900 dignitate
985 1838 1042 1886 et
1078 1830 1342 1903 potentia
1370 1831 1398 1888 ?
1454 1830 1615 1904 quod
1674 1834 1827 1887 Deus
1881 1833 2264 1903 omnipotens

2290 1828 2318 1883 τ
2348 1853 2393 1910 Β
2430 1842 2523 1894 τὴν
2562 1836 2709 1900 ἀξίαν
2752 1844 2838 1892 καὶ
2868 1845 2960 1899 τὴν
3011 1838 3269 1916 divulsa;
3321 1846 3405 1897 ὅτι
3436 1850 3559 1907 Θεὸς
3602 1828 3896 1920 παντοδὺναξιις.

671 1920 826 1975 Sane
863 1920 1113 1976 omnino
1144 1920 1472 1990 cognovisti
1507 1935 1622 1987 me,
1654 1925 1711 1977 et
1762 1935 2141 1993 consequens
2171 1934 2315 1989 ergo

668 2011 775 2073 est,
816 2011 881 2064 ut
927 2014 983 2064 et
1035 2009 1269 2066 Patrem
1320 2009 1722 2082 cognoveris;
1777 2024 1921 2066 nam
1975 2010 2177 2079 imago
2208 2024 2316 2082 per

667 2097 872 2154 omnia
892 2097 1098 2154 similis
1129 2114 1262 2154 sum
1288 2114 1400 2167 ego
1432 2099 1641 2155 Patris.

671 2213 682 2227 ο
738 2189 899 2243 Vers.
933 2188 986 2244 9.
1015 2188 1128 2256 Qui
1162 2219 1230 2229 —
1258 2190 1521 2246 Patrem.
1597 2189 1708 2255 Qui
1752 2203 1951 2245 meam
2034 2187 2315 2258 cognovit

666 2275 1021 2348 dignitatem
1095 2281 1154 2335 et
1237 2277 1587 2351 potentiam,
1672 2277 1951 2348 cognovit
2013 2284 2070 2334 et
2128 2276 2313 2333 Patris

665 2366 1009 2436 dignitatem
1067 2382 1137 2423 ac
1186 2368 1515 2441 potentiam
1588 2387 1601 2427 :
1645 2384 1855 2423 sumus
1904 2381 2171 2439 namque
2214 2382 2315 2438 per

664 2456 869 2514 omnia
899 2457 1142 2525 similes,
1171 2462 1228 2514 et
1275 2473 1431 2514 unus
1486 2472 1591 2531 per
1646 2457 1898 2515 alterum
1932 2461 2141 2513 mutuo
2173 2471 2311 2527 cog-

663 2545 972 2602 nascimur
983 2589 996 2602 .

734 2635 896 2691 Vers.
925 2638 976 2691 9.
1014 2634 1092 2691 Et
1138 2665 1206 2676 —
1237 2637 1474 2691 Patrem
1525 2633 1895 2701 ?Quomodo
1950 2649 2314 2705 cognoscere

660 2725 851 2797 cupis,
881 2738 1061 2798 quem
1101 2724 1218 2795 jam
1252 2723 1584 2794 cognovisti
1631 2723 1660 2779 ?
1717 2722 2026 2797 quomodo
2069 2724 2313 2797 quieris,

660 2812 825 2887 quod
855 2813 1062 2869 habes.
1094 2813 1122 2868 ?

732 2902 860 2959 Alio
872 2916 1114 2974 quoque
1141 2901 1323 2957 modo
1343 2898 1752 2970 intelliguntur
1776 2899 1905 2957 hinc
1928 2900 2130 2967 verba,
2153 2900 2312 2974 quod

657 2990 964 3063 quaerebat
984 2990 1286 3064 Philippus
1304 2989 1503 3047 videre
1523 2990 1755 3046 Patrem
1770 2989 2152 3046 sensibilibus
2172 3006 2313 3047 ocu-

656 3079 747 3150 lis,
782 3080 1033 3136 audiens
1076 3079 1341 3137 fortassis
1379 3095 1413 3135 a
1468 3078 1669 3136 multis
1723 3079 2064 3153 frequenter
2112 3080 2309 3135 visum

2428 1932 2531 1979 Nati.
2562 1929 2760 1989 πάντως
2806 1931 3025 2001 ἔγνωκάς
3075 1951 3171 2004 με’
3232 1938 3321 1986 καὶ
3373 1933 3422 1987 εἰ
3451 1938 3668 2006 ἔγνωκάς
3707 1956 3771 2008 με,
3798 1937 3897 1988 1m

2428 2017 2654 2088 ἔγνωκας
2687 2020 2769 2069 τὸν
2800 2023 3005 2093 Πατέρα
3029 2038 3041 2050 ·
3074 2020 3219 2074 εἰκὼν
3249 2024 3349 2098 γὰρ
3382 2023 3752 2098 ἀπαράλλακτος
3769 2024 3834 2097 ἐγὼ
3852 2034 3896 2076 to:

2430 2110 2651 2181 Πατρός.

2496 2193 2555 2246 Ὀ
2570 2226 2637 2235 -
2663 2201 2885 2269 Πατέρα.
2908 2195 2967 2250 Ὀ
2989 2196 3224 2270 ἕγνωκὼς
3240 2203 3328 2259 τὴν
3349 2199 3482 2273 ἐμὴν
3506 2200 3648 2266 ἀξίαν
3665 2208 3739 2256 καὶ
3755 2199 3895 2272 δύναμιν.

2427 2286 2614 2354 ἔγνωκε
2634 2290 2727 2344 τὴν
2757 2294 2848 2339 τοῦ
2880 2294 3079 2363 Πατρός
3104 2306 3116 2318 ·
3165 2288 3560 2366 ἀπαράλλακτοι
3585 2295 3679 2366 γὰρ
3713 2294 3830 2363 ἡμεῖς,
3852 2311 3893 2341 xx:

2428 2370 2500 2426 δι’
2529 2373 2759 2433 ἀλλήλων
2788 2377 3182 2451 γνωριζόμενοι.

2502 2629 2599 2677 Καὶ
2642 2656 2709 2665 -
2741 2629 2983 2701 "eripui;
3045 2633 3160 2689 Πῶς
3214 2626 3374 2689 θέλεις
3422 2637 3616 2701 γνῶναι
3654 2628 3702 2682 ὃν
3740 2631 3900 2700 From:

2427 2722 2532 2774 πῶς
2559 2714 2730 2777 ζητεῖς
2754 2715 2782 2768 6
2811 2717 2954 2788 ἔχεις
2977 2732 2992 2784 ;

2496 2898 2751 2944 Νοοῦνται
2812 2890 2871 2947 δε
2936 2898 3019 2946 καὶ
3087 2894 3265 2968 ἑτέρως
3330 2898 3400 2948 τὰ
3456 2897 3610 2971 ῥητὰ,
3670 2898 3737 2948 ὅτι
3776 2893 3905 2953 ὶζῆτῐπ

2425 2984 2514 3053 μιν
2577 2983 2603 3033 6
2660 2982 2914 3045 Φίλιππος
2958 2979 3089 3037 ἰδεῖν
3146 2988 3233 3036 τὸν
3301 2990 3518 3059 Πατέρα
3584 2992 3680 3046 τοῖς
3736 2982 3908 3037 «Metti;

2426 3069 2727 3143 ὀφθαλμοῖς,
2784 3074 2912 3133 ἴσως
2966 3071 3163 3125 ἀκούων
3221 3074 3482 3146 ὁραθῆναι
3535 3074 3719 3135 πολλοῖς
3760 3070 3909 3124 πολλάκις

656 3185 786 3227 esse
824 3169 1149 3243 prophetis,
1187 3169 1382 3242 specie
1430 3185 1501 3225 ac
1546 3168 1739 3237 ﬁgura
1780 3168 2064 3234 humana,
2119 3168 2257 3224 addi

2297 3201 2310 3209 .
2352 3204 2395 3263 ϐ
2425 3169 2522 3212 τῶν
2587 3170 2861 3236 προφητῶν
2931 3161 2979 3214 ἐν
3041 3161 3341 3236 ἀνθρωπίνῳ
3409 3161 3539 3218 εῖδει
3603 3168 3685 3216 καὶ
3741 3166 3907 3233 σχήματι

654 3275 768 3333 que
799 3275 812 3315 :
848 3260 925 3315 Et
952 3259 1179 3329 sufﬁcit
1210 3258 1397 3326 nobis,
1428 3263 1491 3314 ut
1529 3257 1623 3331 qui
1674 3257 1871 3330 ipsum
1927 3257 2132 3314 Filium
2179 3258 2308 3329 jam

652 3348 875 3405 videret
899 3364 969 3404 ac
996 3352 1218 3404 nosset.
1277 3347 1535 3404 Christus
1578 3352 1779 3403 autem
1823 3348 2096 3413 ostendit,
2143 3346 2306 3420 quod

652 3453 848 3511 neque
868 3453 933 3493 se
951 3438 1184 3495 vidisset
1200 3452 1393 3510 neque
1411 3441 1613 3492 nosset
1629 3435 1961 3492 secundum
1985 3436 2305 3493 divinitatis

651 3532 952 3584 naturam.
991 3526 1138 3582 Dicit
1163 3541 1305 3595 ergo
1335 3525 1387 3581 ei
1415 3524 1648 3598 prolata
1668 3525 1938 3595 negative
1965 3527 2257 3582 sententia
2289 3539 2301 3578 :

660 3617 851 3672 Tanto
876 3622 1137 3684 tempore
1161 3616 1454 3670 vobiscum
1481 3630 1606 3670 sum
1633 3620 1688 3671 et
1714 3630 1825 3670 ηοη
1856 3616 2171 3687 cognovisti
2194 3629 2303 3681 me,

653 3705 935 3773 Philippe
966 3720 979 3767 ;
1010 3719 1150 3758 nam
1181 3702 1385 3758 divina
1432 3707 1647 3758 natura
1694 3703 1875 3759 videri
1923 3719 2037 3758 non
2089 3708 2302 3775 potest,

653 3809 764 3851 nec
805 3793 1107 3864 cognosci.
1156 3793 1268 3859 Qui
1295 3792 1437 3849 vidit
1464 3807 1575 3860 me,
1616 3792 1764 3849 vidit
1793 3799 1849 3848 et
1893 3794 2125 3850 Patrem
2158 3811 2175 3857 ;
2203 3793 2305 3865 qui

653 3897 794 3938 vero
825 3896 920 3936 me
948 3881 1144 3935 videre
1172 3896 1292 3936 non
1322 3886 1535 3954 potest,
1588 3896 1783 3953 neque
1832 3881 2063 3937 Patrem
2104 3881 2305 3937 videre

653 3974 869 4044 potest.
904 3972 965 4026 Et
994 3970 1302 4042 quomodo
1344 3976 1403 4026 tu
1429 3970 1580 4026 dicis
1616 3990 1627 4030 :
1675 3971 1923 4027 Ostende
1971 3971 2137 4026 nobis
2201 3972 2311 4026 Pa-

656 4067 827 4125 trem,
858 4075 995 4115 cum
1028 4073 1137 4114 nec
1164 4075 1259 4115 me
1285 4058 1521 4121 videris,
1553 4074 1662 4115 nec
1701 4061 2073 4129 cognoveris,
2115 4075 2307 4133 quan.

655 4164 843 4223 quam
868 4153 923 4204 te
955 4148 1221 4219 opinaris
1247 4153 1301 4204 et
1329 4147 1549 4204 vidisse
1580 4154 1634 4204 et
1663 4147 2017 4219 cognovisse
2047 4164 2140 4204 me
2176 4148 2205 4204 ἲ

731 4240 891 4293 Vers.
920 4237 1005 4293 to.
1053 4238 1187 4293 Non
1239 4267 1304 4277 —
1336 4243 1418 4294 est
1447 4236 1478 4292 τ
1526 4237 1691 4303 Quod
1749 4243 1957 4293 mutuo
2008 4253 2162 4294 unus
2205 4254 2312 4310 per

660 4327 910 4385 alterum
950 4325 1377 4396 cognoscimur
1415 4330 1704 4399 tanquam
1762 4327 2013 4382 omnino
2062 4328 2308 4383 similes.

662 4417 872 4483 Quaere
925 4420 1125 4472 autem
1185 4414 1342 4471 circa
1403 4413 1582 4470 tinem
1644 4414 1860 4471 decimi
1930 4417 2143 4488 capitis
2214 4418 2315 4474 ubi

662 4505 879 4561 dicitur
929 4520 942 4561 :
1010 4505 1084 4562 Ut
1140 4504 1503 4574 cognoscatis
1555 4512 1607 4559 et
1664 4505 1940 4573 credatis,
1996 4506 2152 4576 quod
2206 4507 2312 4562 Pa-

666 4590 752 4652 ter
773 4595 837 4651 in
866 4610 954 4651 me
990 4600 1093 4660 est,
1121 4599 1174 4651 et
1205 4608 1309 4664 ego
1359 4593 1423 4649 in
1480 4608 1544 4649 eo
1574 4594 1643 4659 υ,
1694 4597 1753 4649 et
1802 4593 1930 4666 lege
1979 4596 2109 4667 ejus
2139 4611 2313 4652 enar-

665 4683 978 4741 rationem.

741 4774 899 4827 Vers.
938 4775 1018 4827 t0.
1075 4770 1263 4828 Verba
1298 4802 1353 4814 -
1393 4772 1623 4843 loquor.
1677 4771 1789 4828 Sed
1817 4787 1853 4828 a
1893 4773 2063 4829 Patre
2111 4791 2124 4829 :
2156 4773 2317 4847 quod

670 4861 717 4915 si
760 4877 793 4915 a
828 4860 1015 4930 Patre,
1057 4861 1315 4933 utiquea
1356 4860 1628 4933 meipso;
1666 4875 1809 4917 nam
1833 4877 1970 4935 quze
2006 4879 2137 4919 mea
2159 4868 2317 4930 sunt,

671 4949 851 5005 etiam
882 4948 1038 5004 illius
1075 4953 1215 5004 sunt
1248 4965 1262 5015 ;
1303 4954 1359 5004 et
1396 4965 1533 5020 quas
1574 4948 1750 5015 illius,
1797 4952 1973 5007 etiam
2013 4968 2138 5008 mea
2160 4957 2318 5009 sunt.

674 5038 889 5096 Omnia
927 5037 1218 5111 siquidem
1263 5037 1612 5094 communia
1656 5049 1713 5095 et
1746 5040 2004 5113 aequalia
2059 5042 2319 5113 posside-

676 5143 832 5183 mus.
903 5127 1113 5185 Dicens
1151 5131 1351 5185 autem
1389 5126 1463 5183 de
1508 5129 1909 5201 sermonibus,
1964 5129 2106 5187 dicit
2143 5130 2324 5190 etiam

675 5214 751 5273 de
798 5214 1095 5289 operibus.

747 5336 797 5375 "
826 5337 994 5395 Joan.
1042 5353 1103 5404 ι,
1137 5339 1225 5393 38.

2348 4558 2396 4615 D

2428 3255 2523 3302 Καὶ
2586 3252 2906 3321 προσέθηκεν
2965 3253 3044 3303 ὃτι
3113 3258 3213 3305 Καὶ
3292 3251 3447 3328 ἀρκεῖ
3515 3256 3653 3327 ἡμῖν,
3720 3253 3773 3312 ὡς
3825 3248 3909 3298 αὐτὸν

2425 3342 2549 3402 τέως
2589 3342 2718 3413 ὁρῶν
2748 3345 2837 3393 καὶ
2869 3338 3040 3401 εἰδώς.
3087 3347 3326 3395 Δείκνυσι
3357 3339 3419 3396 δε
3465 3344 3491 3395 6
3526 3344 3735 3417 Χριστὸς
3767 3340 3824 3391 ὅτι
3848 3338 3909 3388 ei?!

2422 3429 2577 3481 αὐτὸν
2608 3425 2741 3481 εἶδεν
2788 3425 2913 3482 οὔδε
2960 3426 3072 3483 οἶδε
3117 3434 3252 3483 κατὰ
3306 3435 3406 3490 τὴν
3439 3435 3595 3504 φύσιν
3622 3441 3708 3492 τῆς
3746 3432 3909 3483 bibam

2421 3522 2574 3587 Λέγει
2630 3515 2718 3571 οὖν
2767 3518 2907 3589 αὐτῷ
2964 3521 3101 3572 κατὰ
3157 3518 3461 3593 ἀπόφασιν·
3527 3528 3759 3574 Τοσοῦτον
3798 3522 3909 3589 Lam

2416 3608 2530 3682 μεθ’
2596 3609 2738 3680 ὑμῶν
2823 3608 2949 3681 εἰμι,
3012 3613 3103 3662 καὶ
3164 3609 3257 3662 οὐκ
3327 3613 3561 3680 ἔγνωκάς
3629 3628 3704 3683 με,
3761 3606 3912 3661 vium

2438 3699 2662 3758 Αθίατος
2702 3699 2804 3771 γὰρ
2846 3700 2875 3756 ἠ
2936 3699 3049 3751 θεία
3109 3701 3266 3771 φύσις
3331 3705 3424 3752 καὶ
3487 3694 3844 3773 ἅγνωστος.[“0
3875 3695 3912 3757 [7!

2417 3786 2655 3858 ἑωρακὼς
2708 3786 2795 3859 ἔμε
2856 3787 3048 3860 ἑώρακε
3103 3790 3190 3839 τὸν
3262 3793 3510 3863 Πατέρα·
3574 3791 3601 3841 6
3651 3784 3703 3840 δε
3762 3786 3825 3856 Qui
3863 3785 3903 3849 Pi

2419 3870 2699 3947 δυνάμενος
2767 3872 2895 3928 ἰδεῖν
2968 3872 3092 3929 οὐδε
3149 3880 3235 3929 τὸν
3300 3882 3518 3953 Πατέρα
3582 3874 3778 3929 δύναται
3829 3866 3914 3921 ἰδεῖν.

2422 3967 2521 4016 Καὶ
2569 3972 2674 4025 πῶς
2719 3968 2784 4017 σὺ
2838 3964 3022 4037 λέγεις.
3090 3965 3262 4029 Δεῖξον
3319 3968 3452 4039 ἡμῖν
3516 3970 3601 4019 τὸν
3657 3968 3837 4035 Πατέρα,
3873 3957 3917 4026 ἔμε

2419 4056 2492 4126 μὴ
2529 4049 2675 4119 ἰδὼν,
2707 4058 2838 4125 μήτε
2879 4057 3048 4126 γνοὺς,
3104 4055 3147 4108 εἰ
3190 4060 3278 4108 καὶ
3334 4055 3709 4130 ὑπολαμϐάνεις
3736 4047 3833 4104 ἰδεῖν
3869 4049 3915 4095 καὶ

2420 4145 2609 4214 γνῶναί
2634 4160 2696 4213 με
2722 4158 2734 4208 ;
2756 4142 2773 4212 ]

2494 4230 2570 4282 Οὐ
2602 4261 2669 4272 --
2708 4230 2884 4298 ista;
2931 4231 3048 4285 Ὀτι
3100 4229 3174 4285 δι’
3225 4230 3461 4292 ἀλλήλων
3516 4230 3845 4306 γνωριζόμεθα.
3881 4224 3915 4277 έδὲ

2424 4319 2832 4396 ἀπαράλλακτοι.
2877 4326 3116 4380 Ζήτησον
3152 4318 3212 4375 δε
3241 4326 3372 4398 πρὸς
3408 4331 3483 4396 τῷ
3538 4323 3663 4376 τεὶει
3712 4326 3789 4373 τοῦ
3830 4312 3916 4367 δαί·

2424 4428 2515 4461 του
2555 4409 2830 4482 κεφαλαίου
2862 4416 2918 4463 τό
2943 4431 2955 4443 ·
3007 4410 3117 4464 Ἱνα
3152 4420 3315 4482 γνῶτε
3353 4418 3447 4466 καὶ
3496 4414 3785 4467 πιστεύσητε
3816 4398 3915 4456 ὃτιδ

2428 4498 2537 4571 (ubi
2594 4501 2620 4551 6
2686 4505 2884 4573 Πατὴρ,
2947 4498 3092 4573 κάγὼ
3143 4499 3191 4553 ἕν
3244 4500 3419 4573 αὐτῷ·
3474 4507 3566 4554 καὶ
3625 4497 3839 4571 ἀνάγνωθι
3869 4494 3916 4543 τήν

2429 4588 2681 4661 ἐξήγησιν
2712 4588 2890 4643 αὐτοῦ.

2498 4770 2575 4819 Τὰ
2615 4766 2829 4841 ῥήματα
2859 4797 2925 4807 -
2959 4767 3111 4819 λαλῶ.
3174 4767 3311 4822 Ἀλλ’
3360 4767 3463 4821 ἀπὸ
3523 4776 3612 4821 τοῦ
3650 4766 3836 4839 Πατρός.
3869 4762 3915 4807 [ί

2430 4856 2474 4909 εἰ
2504 4855 2604 4908 ἀπὸ
2643 4864 2734 4909 τοῦ
2773 4860 2995 4929 Πατρός,
3051 4858 3156 4931 ἄρα
3213 4856 3300 4910 ἀπ’
3361 4855 3631 4929 ﬁgam-66‘
3654 4859 3713 4909 τὰ
3758 4852 3833 4925 ἒμά
3867 4846 3911 4913 7ί¹

2431 4944 2643 5013 ἐκείνου,
2673 4954 2761 4998 καὶ
2802 4948 2865 4999 τὰ
2895 4945 3086 4999 ἐκείνου
3119 4945 3217 5019 ἐμοὶ
3240 4966 3251 4978 ο
3289 4948 3458 4999 πάντα
3486 4950 3589 5020 γὰρ
3630 4946 3763 4997 κοινὰ
3784 4943 3847 4990 καὶ
3872 4932 3914 4984 ἶπ

2430 5036 2737 5107 κεκτήμεθα.
2765 5034 2931 5089 Εἰπὼν
2954 5030 2988 5088 δ
2992 5038 3013 5088 ξ
3030 5039 3146 5110 περὶ
3171 5043 3272 5088 τῶν
3295 5034 3484 5107 λόγων,
3513 5035 3645 5109 λέγει
3668 5029 3849 5101 καὶπερὶ
3869 5028 3913 5072 rei

2434 5127 2617 5201 ἕργὼν.

1908 5522 2126 5593 Variae
2155 5524 2482 5596 lectiones
2513 5531 2580 5592 et
2620 5532 2822 5593 notas.

756 5714 833 5784 (6)
872 5715 1036 5770 Tom.
1082 5713 1225 5779 VIII,
1360 5715 1560 5798 43?.0.
1593 5717 1768 5776 Recte
1814 5725 2015 5777 autem
2035 5720 2175 5778 dixit
2221 5722 2332 5778 hoc

756 5799 814 5842 30
824 5784 1273 5842 interpretatur.
1323 5788 1528 5842 acmus
1541 5793 1696 5842 enim
1710 5792 1926 5842 eratita
1938 5791 2328 5842 internretari-

682 5785 814 5843 ioco
824 5784 1528 5860 interpretaturIacitius
1541 5793 1696 5847 enim
1710 5794 1835 5847 erat
1845 5792 1926 5848 ita
1936 5791 2329 5866 interpretari.

2443 5722 2592 5789 Ergo
2633 5725 2855 5776 textum
2884 5719 3134 5791 mutavit
3164 5717 3644 5791 Chrysostomus.

2513 5792 2594 5864 (7)
2621 5790 2857 5849 Inclusa
2877 5790 3098 5848 desunt
3126 5795 3193 5847 Α.
