4076 6436
182 345 204 400 1
214 344 310 402 397

1155 339 1526 397 COMMENT.
1571 339 1644 395 IN
1684 337 2037 397 JOANNEM.
2080 373 2148 384 -—
2186 344 2336 400 CAP.
2380 345 2517 400 XIV.

3401 348 3540 407 1398

240 469 294 524 Ὀ
326 466 385 524 δι
425 473 604 543 Πατὴρ
635 499 702 511 -
734 470 878 543 ἔργα.
932 470 1068 544 Πρὸς
1099 477 1169 540 τῷ
1195 467 1326 521 τέλει
1357 470 1446 540 μὲν
1486 475 1578 519 τοῦ
1615 465 1747 539 εἰρη·

1953 473 2112 528 Vers.
2178 475 2260 528 10.
2309 472 2489 528 Pater
2553 475 2752 528 autem
2817 501 2887 512 —
2961 485 3162 541 opera.
3203 471 3291 529 Ad
3347 472 3530 530 ﬁnem

177 563 318 633 μένου
359 559 636 631 κεφαλαίου
667 556 822 612 εἶπεν⁸
854 559 913 612 Εἰ
951 559 1009 612 ού
1038 568 1168 611 ποιῶ
1198 562 1262 610 τὰ
1293 562 1420 631 ἔργα
1444 564 1535 608 τοῦ
1565 557 1766 627 Πατρός

175 669 287 721 μου,
334 654 404 721 μὴ
441 652 708 702 πιστεύετέ
743 667 851 721 μοι’
887 648 1104 701 ἐνταῦθα
1136 646 1194 701 δε
1224 648 1360 719 λέγει
1390 648 1470 700 ὅτι
1491 645 1550 698 Ὀ
1583 649 1762 715 Πατήρ

175 746 302 792 ποιεῖ
340 741 404 790 τὰ
441 742 589 813 ἔργα,
631 740 664 790 ἀ
691 738 982 813 ἐργάζομαι
1023 734 1286 795 δηλονότι.
1322 742 1422 789 Καὶ
1449 741 1565 788 τότε
1589 731 1648 786 δὲ
1674 738 1763 784 καὶ

174 836 253 878 νῦν
280 831 337 880 τὸ
370 827 495 880 αύτὸ
548 827 796 900 ἐνέφηνεν,
861 829 942 880 ὅτι
984 829 1049 879 τά
1100 829 1235 878 αύτά
1272 830 1359 878 καὶ
1394 821 1644 877 δύνανται
1673 827 1762 875 καὶ

177 916 419 970 θελουσιν.
471 915 532 972 Ὀ
572 922 740 968 τοὶνυν
801 922 979 989 Πατὴρ
1031 915 1174 969 λαλεῖ
1213 919 1303 988 μὲν
1353 911 1447 967 ὃιά
1479 920 1569 966 τοῦ
1615 914 1757 978 Υἱοῦ,

173 1009 231 1065 ὡς
256 1003 348 1058 διὰ
392 1002 560 1078 [ἰδίου
605 1007 681 1077 (8)
714 1005 890 1077 λόγον’
937 1004 1212 1078 ἐργάζεται
1253 1001 1310 1057 δὲ
1342 1000 1432 1056 διὸ
1464 1010 1554 1055 τοῦ
1613 1003 1757 1065 Υίοῦ,

172 1096 236 1156 ὡς
283 1091 399 1168 διὰ]
450 1091 590 1156 ἰδίας
627 1091 916 1166 δυνάμεως.
969 1098 1038 1146 Τὸ
1087 1093 1145 1146 δὲ
1196 1093 1254 1145 Ὀ
1312 1092 1360 1144 ἐν
1421 1095 1534 1165 ἐμοὶ
1573 1094 1754 1163 μένων,

172 1182 274 1237 ἀντὶ
305 1193 415 1250 τοῦ,
455 1184 511 1237 Ὀ
552 1189 623 1257 μὴ
656 1188 1044 1258 κεχωρισμένος
1083 1187 1111 1242 ἦ
1157 1185 1182 1236 ὁ
1216 1180 1290 1236 δι’
1321 1181 1444 1254 ἐμοῦ
1481 1200 1756 1256 χαρακτηο

166 1274 441 1347 ριζόμενος.

235 1455 504 1506 Πιστεύετε
584 1485 653 1492 —
723 1452 858 1526 ἐμοὶ.
932 1454 1206 1505 Πιστεύετέ
1261 1471 1351 1524 μοι
1407 1449 1607 1522 λέγοντι
1673 1451 1753 1502 ὅτι

160 1540 254 1612 ἐγω
307 1540 353 1593 ἐν
401 1549 471 1612 τῷ
527 1546 713 1616 Πατρί,
769 1547 858 1594 καὶ
916 1543 940 1593 ὁ
1005 1547 1184 1613 Πατὴρ
1251 1543 1299 1593 ἓν
1357 1540 1472 1612 ἐμοὶ
1536 1541 1752 1612 θεωρού-

156 1631 304 1700 μεθα.

225 1719 284 1771 Εἰ
341 1715 400 1772 δὲ
445 1725 516 1792 μὴ
581 1751 645 1760 --
704 1741 814 1793 μοι.
867 1723 926 1774 Εἰ
981 1717 1039 1772 δὲ
1087 1725 1157 1792 μὴ
1218 1721 1486 1772 πιστεύετέ
1526 1737 1616 1788 μοι
1657 1713 1749 1769 διὰ

1878 561 2148 632 prasdicti
2212 561 2418 633 capitis
2468 560 2750 630 dixit;Si
2798 575 2918 615 non
2963 562 3130 631 facio
3193 577 3370 634 opera
3420 563 3533 621 Pa-

1877 653 1984 706 tris
2029 653 2161 715 mei,
2217 651 2400 708 nolite
2455 650 2687 707 credere
2741 650 2890 707 mihi
2950 653 3035 719 9°;
3080 651 3173 707 hic
3211 668 3348 709 vero
3398 653 3526 709 ait:

1875 743 2047 797 Pater
2073 739 2212 797 facit
2245 756 2452 812 opera,
2508 755 2646 811 quas
2693 739 2965 796 videlicet
3000 755 3111 809 ego
3163 756 3399 812 operor.
3463 745 3530 798 Et

1875 834 2012 886 tunc
2052 836 2273 896 autem,
2328 834 2383 884 et
2427 845 2585 884 nunc
2649 828 2809 885 idem
2868 829 3244 899 signiﬁcavit,
3308 847 3526 905 nempe

1871 921 2034 991 quod
2094 919 2307 976 eadem
2347 924 2405 974 et
2460 918 2686 990 possint
2755 922 2811 974 et
2881 918 3080 975 velint.
3145 919 3317 976 Pater
3379 935 3523 991 ergo

1869 1008 2131 1081 loquitur
2181 1025 2287 1081 per
2357 1007 2585 1072 Filium,
2669 1012 2958 1079 tanquam
3013 1025 3116 1080 per
3168 1025 3346 1065 suum
3405 1026 3524 1067 ser-

1869 1114 2162 1162 monem;
2219 1101 2494 1169 operatur
2551 1112 2688 1153 vero
2749 1113 2856 1168 per
2921 1097 3153 1163 Filium,
3227 1102 3517 1171 tanquam

1868 1203 1974 1258 per
2021 1203 2192 1243 suam
2242 1186 2596 1259 potentiam.
2651 1185 2940 1242 Praeterea
2988 1187 3050 1242 in
3112 1202 3205 1244 me
3249 1203 3516 1258 manens,

1864 1275 1979 1332 hoc
2033 1281 2138 1343 est,
2190 1292 2226 1333 a
2266 1291 2363 1332 me
2408 1291 2532 1332 non
2579 1281 2921 1348 separatus,
2954 1276 3043 1332 vel
3075 1291 3181 1349 per
3230 1292 3329 1333 me
3357 1276 3518 1335 desi-

1863 1370 2100 1434 gnatus.

1933 1457 2094 1510 Vers.
2132 1461 2215 1511 11.
2271 1455 2502 1513 Credite
2541 1485 2612 1497 —
2639 1470 2750 1512 me.
2801 1454 3031 1512 Credite
3078 1455 3226 1513 mihi
3299 1455 3514 1513 dicen-

1862 1544 1923 1612 ti,
1970 1546 2124 1618 quod
2169 1561 2281 1618 ego
2333 1545 2394 1600 in
2443 1546 2630 1610 Patre,
2719 1548 2776 1601 et
2852 1547 3018 1602 Pater
3081 1545 3139 1602 in
3207 1561 3302 1602 me
3370 1561 3510 1603 con-

1861 1633 2124 1705 spicitur.

1932 1724 2091 1779 Vers.
2148 1725 2230 1779 11.
2275 1722 2518 1796 Alioqui
2575 1754 2642 1764 —
2675 1723 2842 1779 mihi.
2895 1723 2955 1780 Si
3013 1739 3157 1780 vero
3204 1739 3327 1781 non
3385 1739 3507 1781 cre-

156 1810 272 1868 τοῦς
326 1808 510 1880 λόγους
555 1830 676 1882 μου,
729 1812 822 1862 κοῖν
874 1807 966 1862 ὃιά
1017 1813 1082 1862 τά
1131 1812 1257 1881 ἔργα
1300 1809 1434 1860 αῦτά
1480 1809 1747 1859 πιστεύετέ

1871 1811 1994 1867 litis
2039 1813 2184 1868 mihi
2229 1817 2490 1884 propter
2521 1828 2830 1868 sermones
2880 1829 3070 1879 meos,
3130 1813 3222 1870 vel
3269 1819 3507 1887 prOpter

155 1993 224 2054 τῲ
266 1987 393 2038 τέλει
448 1985 505 2040 δὲ
553 1990 743 2060 ὁμοίως
797 1996 888 2040 τοῦ
942 1984 1253 2048 δηλωθέντος
1284 1985 1560 2058 κεφαλαίου
1604 1988 1746 2058 εἴρη-

155 2093 254 2126 κεν·
331 2077 408 2127 ὅτι
481 2079 584 2130 Κοίν
669 2077 782 2147 ἐμοὶ
855 2082 925 2147 μὴ
1005 2079 1306 2145 πιστεύητε,
1393 2095 1501 2136 τοις
1581 2077 1748 2147 ἔργοις

155 1915 260 1967 μοι,
326 1899 555 1972 ὑπερφυῆ
612 1905 702 1951 καὶ
771 1902 1024 1972 θεοπρεπῆ
1086 1903 1222 1952 ὄντα.
1289 1897 1413 1969 [Καὶ
1469 1901 1595 1968 πρὸς

331 2077 408 2127 ὅτι
481 2079 584 2130 Κοίν
669 2076 782 2148 ἐμοὶ
855 2082 925 2148 μὴ
1005 2079 1306 2145 πιστεύητε,

155 2168 480 2220 πιστεύσατε.
521 2167 536 2236 ]

227 2254 388 2326 Ἀμὴν
449 2286 512 2294 -—
590 2261 816 2314 ποιήσει.
869 2255 980 2306 Οὐκ
1051 2253 1184 2308 εἶπεν
1242 2257 1318 2307 ὅτι
1370 2260 1470 2308 Καὶ
1534 2256 1749 2328 μείζονα

153 2343 218 2392 ὧν
267 2343 592 2417 εἰργασάμην
657 2341 887 2416 δύναμαι
943 2343 1290 2417 ἐργάσασθαι-
1345 2343 1455 2396 ἀλλ’
1509 2346 1535 2396 ὃ
1580 2343 1748 2414 πολλῷ

154 2433 592 2507 θαυμασιώτερον,
674 2435 752 2486 ὅτι
843 2439 931 2486 καὶ
1009 2437 1192 2507 ἔτέροις
1282 2430 1439 2486 δώσω
1530 2441 1749 2485 τοιαῦτα

149 2519 482 2592 ἐργάξεσθαι·
554 2519 676 2576 Εἶτα
754 2524 1078 2596 προστίθησι
1144 2528 1233 2575 καὶ
1299 2527 1356 2575 τὸ
1413 2525 1488 2575 ἔτι
1545 2523 1744 2594 μεῖζον,

145 2609 303 2680 λέγων
314 2629 323 2639 ’

222 2705 320 2753 Καὶ
379 2731 443 2741 -
487 2707 716 2760 ποιήσει.
777 2708 940 2753 Τοῦτο
991 2697 1048 2752 δὲ
1086 2709 1182 2762 τῆς
1227 2698 1496 2772 δυνάμεως
1534 2709 1625 2753 τοῦ
1665 2697 1747 2753 δε-

143 2786 376 2852 δωκότος
430 2789 570 2842 ἐστὶν
628 2787 911 2852 ἀπόδειξις.
973 2791 1030 2842 ού
1088 2799 1179 2852 τῆς
1225 2799 1316 2843 τοῦ
1355 2798 1644 2852 ποιοῦντος.
1703 2797 1745 2842 Ο

139 2882 244 2950 γὰρ
295 2879 342 2931 ἐν
405 2888 475 2948 τῷ
529 2879 742 2952 ὀνόματι
795 2889 885 2932 τοῦ
945 2888 1180 2952 Χριστοῦ
1234 2885 1447 2952 μείζονα
1497 2889 1596 2932 τῶν
1653 2887 1744 2931 τοῦ

144 2974 378 3038 Χριστοῦ
432 2972 558 3041 ἔργα
600 2977 778 3034 ποιῶν,
830 2975 922 3026 τήν
969 2978 1059 3021 τοῦ
1103 2977 1332 3041 Χριστοῦ
1375 2968 1596 3041 δύναμιν
1629 2967 1748 3020 ἀνα-

143 3062 410 3131 κηρύττει.

215 3147 336 3199 Ὀτι
401 3180 468 3188 —
515 3151 817 3221 πορεύομαι.
863 3147 1046 3219 ’Υμῶλ
1101 3152 1280 3218 φησιν,
1332 3149 1443 3198 ἐστι
1496 3155 1585 3198 τοῦ
1643 3145 1744 3198 λοι-

144 3243 245 3287 ποῦ
321 3241 377 3287 τὸ
440 3242 527 3288 καὶ
598 3239 1029 3310 θαυματουργείν,
1107 3235 1244 3288 ὸιοτι
1314 3235 1410 3306 ἐγὼ
1465 3239 1593 3306 πρὸς
1659 3239 1743 3286 τὸν

147 3330 352 3400 Πατέρα
403 3345 502 3396 μου
556 3329 860 3400 πορεύομαι,
929 3331 1019 3378 καὶ
1067 3325 1133 3385 εἰς
1187 3330 1280 3383 τὴν
1338 3325 1528 3376 οἰκείαν
1585 3321 1742 3386 δόξαν

142 3413 592 3485 ἀποκαθίσταμαι.
665 3421 841 3467 Ταῦτα
923 3411 980 3466 δὲ
1057 3415 1226 3465 πάντα
1282 3414 1743 3486 παραμυθούμενος

140 3503 331 3566 αύτούς
409 3505 564 3574 ἔλεγε,
643 3505 1121 3576 σκυθρωπάζοντας
1173 3507 1262 3555 καὶ
1328 3499 1738 3575 δυσφοροῦντας,

138 3589 236 3645 διὰ
283 3597 338 3644 τὸ
386 3598 544 3666 μήπω
594 3600 864 3665 γινώσκειν
918 3597 1040 3654 τοὺς
1103 3598 1215 3664 περὶ
1270 3601 1360 3653 τῆς
1414 3590 1740 3654 ἀναστάσεως

135 3683 299 3735 αὐτοῦ
324 3683 528 3755 λόγους.

212 3778 311 3825 Καὶ
371 3804 439 3813 ——
495 3778 722 3831 ποιήσω.
783 3772 848 3825 Ὀ
903 3774 963 3824 οἶν
1029 3771 1282 3830 αἰτήσητε
1347 3771 1738 3844 ἐπικαλούμενοι

133 3866 192 3914 τὸ
235 3866 395 3934 ὄνομα
424 3882 543 3934 μου.
581 3867 794 3920 Ποιήσω
844 3859 923 3926 δε,
968 3863 1094 3928 εἷπε,
1138 3857 1342 3924 δεικνύς
1373 3866 1466 3920 τὴν
1498 3861 1735 3924 ἐξουσίαν

133 3952 319 4006 αὑτοῦ.

207 4041 317 4093 “luat
362 4071 425 4080 -—-
466 4043 589 4110 Υὶῷ.
627 4040 758 4102 Δόξα
781 4043 881 4113 γὰρ
922 4049 991 4111 τῷ
1035 4047 1218 4115 Πατρι,
1252 4045 1309 4093 τὸ
1339 4037 1734 4112 παντοὸύναμον

134 4139 228 4182 τοῦ
261 4133 402 4184 Υἱοῦ.

211 4219 327 4272 Ἐἀν
370 4253 414 4259 -
457 4224 682 4277 ποιήσω.
727 4219 859 4290 Ἐγὼ
889 4222 958 4281 ὡς
1005 4216 1404 4292 παντοδύναμος
1433 4218 1615 4280 ἐπίσης
1663 4228 1733 4289 τῷ

133 4314 323 4380 ῐιατρί.
358 4313 426 4360 Τὸ
467 4308 593 4360 αὐτὸ
627 4304 685 4360 δὲ
712 4307 864 4379 λέγει,
902 4308 1126 4380 βεϐαιῶν
1157 4308 1386 4380 μάλιστα
1434 4312 1518 4359 τόν
1562 4307 1729 4378 λογον.

131 4398 276 4450 Ἐπεὶ
312 4395 369 4450 δὲ
399 4396 620 4457 ἐκείνους
665 4403 775 4468 χρὴ
817 4399 994 4466 αἰτεῖν,
1048 4402 1166 4458 τοῦς
1205 4400 1511 4467 ἀγαπῶντας
1556 4397 1731 4461 αὐτὸν,

129 4483 410 4551 διδάσκει,
460 4496 569 4548 πῶς
598 4492 706 4558 χρὴ
752 4487 953 4559 ἀγαπᾷν
986 4487 1157 4551 αὐτὸν,
1189 4488 1270 4538 ὁτι
1304 4485 1362 4538 ού
1392 4485 1527 4558 λόγῳ
1558 4491 1728 4558 μόνον,

126 4575 261 4627 ἀλλά
288 4581 376 4628 καὶ
408 4579 556 4649 ἔργῳ.
1767 4559 1814 4614 D

204 4665 321 4718 Ἐἀν
373 4695 440 4705 —
491 4672 772 4739 τηρήσατε.
828 4671 930 4716 Τοῦ
985 4663 1190 4734 ἀγαπᾷν
1235 4685 1296 4735 με
1343 4667 1442 4736 γὰρ
1495 4673 1730 4736 σημεῖον,

125 4757 158 4812 ἡ
209 4760 431 4829 τήρησις
470 4764 566 4806 τῶν
625 4753 834 4805 ἐντολῶν
892 4762 989 4804 τὼν
1041 4751 1190 4824 ἐμῶν.
1239 4761 1470 4827 Τηρησις
1529 4751 1587 4806 δὲ
1637 4755 1732 4805 αῦ-

122 4854 250 4912 τὼν,
303 4848 332 4902 ἡ
399 4845 668 4918 πλήρωσις
717 4843 745 4900 ἠ
800 4841 1020 4915 ἐργασία
1074 4842 1261 4898 αὐτῶν.
1307 4843 1448 4897 Ἐπεὶ
1498 4841 1556 4896 δὲ
1597 4843 1730 4904 εἰκὸς

124 4936 316 4992 αὐτούς
356 4931 618 4992 ἐπιζητεῖν
681 4936 774 4990 την
842 4935 1145 4997 σωματικὴν
1211 4933 1371 4985 αὐτοῦ
1449 4939 1730 4986 συνουσίαν

121 5025 216 5070 καὶ
251 5024 339 5081 τὰς
372 5023 612 5082 συνήθεις
639 5021 862 5094 ὁμιὶὶας,
895 5024 969 5073 ἔτι
995 5023 1460 5096 παραμυθούμενος
1486 5026 1542 5074 τὸ
1574 5022 1731 5094 ἄλγος

122 5106 300 5158 αὐτῶν
331 5115 478 5180 φησί’

206 5200 303 5249 Καὶ
355 5227 422 5240 —
475 5199 614 5270 ύμῖν.
677 5199 932 5255 Ἐντεῦθεν
1008 5203 1232 5275 ἄρχεται
1297 5207 1566 5278 γνωρίζειν
1625 5211 1733 5264 τοῖς

201 5376 253 5410 ⁹⁰
281 5376 454 5433 Joan.
489 5383 550 5443 A,
583 5379 673 5433 27.
805 5380 850 5415 ⁹¹
885 5378 1037 5440 Ibid.
1076 5383 1164 5436 38.

1857 1917 2039 1973 Opera
2081 1902 2213 1973 ipsa
2255 1902 2476 1958 credite
2516 1901 2681 1966 mihi,
2727 1918 2864 1957 cum
2891 1902 3364 1974 supernaturalia
3389 1903 3508 1959 sint

1855 2006 1926 2046 ac
1971 1992 2190 2047 divina.
2251 1991 2528 2046 Similiter
2587 2006 2830 2063 quoque
2873 1991 2951 2046 ad
3011 1991 3194 2048 ﬁnem
3238 1991 3504 2066 praedicti

1855 2080 2062 2152 capitis
2092 2080 2239 2136 dixit
2291 2097 2304 2136 :
2366 2081 2529 2146 Quod
2575 2081 2625 2134 si
2675 2081 2824 2137 mihi
2853 2096 2972 2138 non
3003 2081 3264 2148 creditis.
3310 2081 3508 2152 operi-

1858 2169 1960 2223 bus
1989 2171 2204 2226 credite
2223 2173 2291 2223 ει.

1925 2261 2092 2317 Vers.
2177 2266 2256 2316 12.
2322 2261 2512 2316 Amen
2576 2289 2647 2301 -
2704 2260 2905 2331 faciet.
2954 2261 3086 2316 Non
3138 2260 3288 2317 dixit
3336 2276 3348 2316 :
3391 2261 3506 2318 Ma-

1849 2351 1986 2422 jora
2036 2351 2230 2406 facere
2290 2366 2542 2422 possum
2605 2350 2698 2405 his
2764 2365 2901 2422 qua;
2965 2349 3098 2412 feci.
3164 2349 3268 2406 sed
3336 2350 3504 2422 quod

1855 2439 2188 2496 mirabilius
2234 2445 2343 2504 est,
2415 2442 2595 2494 etiam
2661 2438 2791 2494 aliis
2868 2439 3153 2508 tribuam,
3229 2444 3292 2495 ut
3371 2439 3506 2496 talia

1855 2535 2191 2601 operentur.
2235 2529 2455 2584 Deinde
2493 2529 2680 2594 addit,
2721 2527 2888 2600 quod
2927 2527 3120 2584 adhuc
3171 2529 3368 2600 majus
3420 2532 3510 2584 est

1855 2619 2059 2674 dicens
2113 2634 2126 2674 :

1929 2710 2088 2763 Vers.
2153 2709 2236 2762 12.
2301 2708 2378 2762 Et
2443 2738 2510 2748 —
2559 2706 2760 2776 faciet.
2816 2707 2947 2764 Hoc
2996 2710 3196 2763 autem
3259 2706 3508 2763 demon-

1857 2797 2058 2853 stratio
2097 2802 2186 2852 est
2212 2796 2493 2869 potentias
2546 2811 2698 2866 ejus,
2754 2795 2860 2867 qui
2934 2795 3117 2860 dedit,
3195 2811 3316 2851 non
3383 2796 3509 2865 ejus

1855 2887 1959 2958 qui
2011 2887 2182 2956 signa
2235 2885 2356 2941 edit
2409 2903 2423 2953 ;
2473 2900 2619 2940 nam
2672 2886 2775 2957 qui
2852 2900 2960 2956 per
3025 2884 3234 2941 Christi
3281 2898 3504 2940 nomen

1857 2977 2088 3046 majora
2121 2976 2262 3032 facit
2285 2991 2482 3046 Opera,
2518 2991 2704 3045 quam
2737 2974 3004 3030 Christus
3044 2973 3317 3043 ediderit,
3344 2973 3505 3029 Chri-

1858 3065 1930 3119 sti
1963 3065 2286 3135 potentiam
2313 3065 2615 3136 praedicat.

1785 3176 1826 3232 ρ
1930 3156 2086 3208 Vers.
2148 3152 2230 3206 12.
2285 3153 2427 3217 Quia
2485 3183 2551 3194 -—
2604 3152 2778 3219 vado,
2842 3153 3112 3208 Vestrum
3159 3151 3370 3223 inquit,
3418 3155 3510 3206 est

1855 3242 2131 3311 deinceps
2165 3240 2453 3295 miracula
2487 3240 2738 3312 operari,
2788 3239 2933 3312 quia
2983 3254 3094 3308 ego
3147 3240 3226 3296 ad
3275 3240 3508 3296 Patrem

1856 3347 2058 3385 meum
2093 3329 2270 3398 vado,
2316 3335 2377 3384 ut
2428 3328 2489 3384 in
2537 3329 2842 3400 propriam
2901 3328 3178 3384 restituar
3233 3329 3504 3398 gloriam.

1855 3421 1986 3476 Haec
2013 3424 2210 3475 autem
2244 3418 2447 3474 omnia
2489 3417 2564 3473 ad
2609 3417 3048 3472 consolandum
3097 3432 3202 3472 eos
3245 3416 3507 3486 dicebat,

1849 3509 2012 3580 quod
2098 3508 2292 3564 tristes
2361 3511 2581 3571 essent,
2645 3522 2712 3561 ac
2760 3504 3020 3576 graviter
3078 3504 3317 3569 ferrent,
3370 3506 3509 3576 quia

1851 3613 2158 3654 sermones
2213 3596 2288 3652 de
2360 3595 2788 3653 resurrectione
2865 3595 2996 3666 ejus
3049 3610 3170 3652 non
3223 3593 3508 3667 intellige-

1849 3687 2019 3744 bant.

1923 3777 2088 3833 Vers.
2126 3777 2208 3831 13.
2239 3777 2317 3832 Et
2343 3807 2412 3816 —
2446 3775 2700 3846 faciam.
2749 3805 2818 3815 —
2867 3772 3169 3845 Quidquid
3221 3772 3508 3846 petieritis

1848 3865 2124 3922 invocato
2156 3865 2398 3922 nomine
2428 3879 2582 3920 meo.
2613 3863 2765 3920 Dixit
2793 3868 2992 3920 autem
3033 3863 3293 3929 Faciam,
3333 3878 3505 3919 suam

1847 3955 2172 4011 ostendens
2227 3953 2579 4026 potentiam.

1921 4045 2082 4099 Vers.
2144 4048 2222 4100 13.
2288 4045 2360 4100 Ut
2390 4075 2459 4084 —
2483 4043 2723 4098 Filium.
2759 4041 2954 4098 Patris
2988 4040 3286 4110 siquidem
3317 4040 3507 4112 gloria

1847 4138 1934 4189 est
1966 4134 2084 4190 Filii
2115 4132 2568 4203 omnipotentia.

1920 4224 2087 4278 Vers.
2122 4225 2204 4277 14.
2237 4221 2298 4277 Si
2311 4252 2380 4262 —
2401 4221 2655 4291 faciam.
2691 4222 2812 4290 Ego
2843 4223 3136 4291 tanquam
3165 4235 3304 4275 cum
3333 4218 3506 4275 Patre

1846 4311 2152 4384 aequaliter
2164 4312 2564 4381 omnipotens.
2589 4311 2744 4364 Idem
2762 4314 2962 4364 autem
2983 4308 3148 4374 dixit,
3164 4324 3504 4364 sermonem

1848 4401 2108 4456 maxime
2130 4400 2518 4456 conﬁrmans.
2539 4397 2689 4466 Quia
2712 4413 2846 4452 vero
2874 4397 3006 4453 illos
3033 4403 3229 4469 petere
3252 4402 3499 4469 oportet,

1845 4491 1948 4562 qui
1975 4505 2111 4544 eum
2144 4488 2417 4557 diligunt,
2459 4487 2634 4543 docet
2675 4485 2984 4558 quomodo
3041 4486 3205 4541 illum
3258 4486 3502 4557 diligere

1843 4582 2133 4650 oporteat,
2165 4577 2304 4650 quia
2337 4593 2454 4632 non
2486 4575 2612 4632 solo
2647 4576 2846 4643 verbo,
2879 4575 2983 4630 sed
3016 4580 3072 4632 et
3109 4591 3316 4647 opere.

1914 4667 2078 4723 Vers.
2131 4673 2219 4723 15.
2266 4667 2326 4721 Si
2377 4673 2689 4722 —servate.
2746 4667 2894 4720 Nam
2947 4663 3284 4720 dilectionis
3355 4680 3501 4721 meae

1840 4757 2080 4826 signum
2147 4761 2238 4811 est
2288 4753 2627 4811 observatio
2683 4757 3110 4824 praeceptorum
3167 4769 3438 4810 meorum
3485 4768 3497 4806 :

1839 4863 2047 4902 eorum
2080 4861 2221 4900 vero
2251 4843 2589 4900 observatio
2608 4846 2694 4897 est
2733 4841 3051 4912 completio
3085 4847 3188 4898 aut
3225 4843 3498 4916 operatio

1841 4936 2102 4991 illorum.
2125 4933 2275 5000 Quia
2287 4937 2487 4988 autem
2501 4929 2818 4986 verisimile
2832 4934 2959 4986 erat
2974 4930 3346 5004 corporalem
3364 4931 3498 5002 ejus

1840 5023 2365 5086 conversationem,
2387 5023 2746 5091 assuetaque
2763 5017 3064 5092 colloquia
3083 5035 3188 5076 eos
3204 5023 3482 5092 expetere

1840 5114 2036 5171 adhuc
2064 5110 2405 5169 consolatur
2432 5109 2661 5164 illorum
2690 5106 2979 5178 dolorem,
2999 5109 3206 5166 dicens
3237 5127 3251 5167 :

1913 5205 2079 5259 Vers.
2149 5203 2238 5257 16.
2292 5201 2367 5256 Et
2413 5228 2484 5241 —
2527 5196 2705 5255 vobis.
2759 5195 2905 5254 Hinc
2961 5198 3168 5273 incipit
3207 5198 3504 5272 discipuli

1363 5560 1582 5630 Varia
1607 5561 1936 5632 lectiones
1977 5570 2046 5628 et
2070 5569 2270 5628 notae.

200 5752 281 5824 (8)
316 5751 547 5810 Inclusa
576 5752 924 5811 exciderunt
958 5761 1016 5809 Α.

1914 5747 2000 5831 (9)
2024 5757 2262 5817 Inclusa
2291 5757 2527 5816 omittit.
