4076 6458
642 355 808 415 ⁴1399

1992 347 2343 408 EUTHYMII
2381 348 2717 411 ZIGABENI
3816 371 3900 432 “00

666 483 943 542 notitiam
968 480 1113 541 dare
1133 481 1203 539 de
1233 480 1454 555 Spiritu
1483 483 1719 540 sancto:
1748 478 1966 543 Alium,
1996 479 2276 553 inquit}:

2293 507 2324 535 ,-
2351 475 2395 530 Α
2433 478 2693 549 μαθηταῖς
2741 483 2805 534 τὰ
2852 486 2970 557 περὶ
3026 491 3120 538 τοῦ
3166 484 3316 559 ἁγίου
3377 491 3662 562 ηνεύματος.
3707 492 3845 552 Ἀλλον
3870 499 3903 558 δὶ

667 574 979 640 racletum,
998 578 1288 646 tanquam
1316 587 1429 639 me,
1460 571 1583 627 sive
1609 569 2048 627 admonitorem
2080 586 2147 626 ac
2178 584 2324 641 pra).

653 666 971 733 'ceptorem
1030 663 1090 719 in
1121 660 1551 718 certaminibus
1605 660 1883 716 virtutis:
1936 659 2209 715 solatium
2255 674 2324 715 ac

670 751 1009 809 subsidium
1037 752 1098 808 in
1128 750 1572 807 aﬂlictionibus.
1616 750 1828 805 Dicens
1870 748 2073 821 itaque
2121 748 2318 811 alium,

672 841 935 899 ostendit
960 857 1353 914 personarum
1383 837 1800 895 diﬂ'erentiam.
1840 837 2097 894 Dicendo
2122 843 2322 893 autem

680 932 1080 998 Paraeletum,
1094 931 1218 987 sive
1232 928 1911 993 Consolatorem,docuit
1925 932 2150 983 naturae
2165 927 2326 983 iden-

655 1022 899 1078 ‘titatem
932 1040 947 1075 :
1001 1020 1293 1094 siquidem
1341 1018 1748 1076 consolatores
1780 1021 1923 1074 sunt
1977 1023 2035 1074 et
2064 1016 2244 1072 Filius
2272 1022 2326 1073 et

678 1110 931 1183 Spiritus
964 1115 1222 1166 sanctus.

662 1228 677 1245 ο
747 1200 875 1257 Non
902 1204 1106 1256 tamen
1132 1199 1284 1256 dixit
1334 1197 1622 1267 :Mittam,
1669 1212 1744 1253 ne
1795 1197 1893 1253 Dei
1950 1195 2330 1255 adversarius

662 1305 809 1347 ‘esse
849 1288 1164 1353 videretur,
1212 1292 1272 1344 et
1316 1287 1493 1360 quasi
1545 1285 1797 1357 alicujus
1846 1286 2086 1342 alterius
2118 1288 2329 1343 virtute

676 1378 872 1436 facere
902 1393 1209 1435 sermones
1242 1394 1255 1433 :
1288 1377 1392 1434 sed
1422 1392 1583 1433 nunc
1606 1374 1850 1449 quidem
1881 1382 2228 1446 rogaturum
2265 1392 2330 1433 se

680 1470 911 1526 Patrem
942 1467 1230 1541 promisit,
1261 1471 1318 1523 et
1347 1471 1587 1539 propter
1629 1465 1851 1521 dictam
1878 1481 2149 1530 causam,
2180 1471 2237 1522 et
2268 1470 2333 1523 ut

675 1558 798 1614 ﬂde
827 1558 1044 1629 dignus
1072 1556 1412 1613 haberetur.
1445 1559 1508 1611 In
1539 1554 1926 1628 sequentibus
1956 1559 2159 1611 autem
2198 1570 2334 1627 pro-

678 1647 873 1720 priam
895 1646 1515 1716 ostenditdignitatem
1528 1645 1734 1701 dicens
1751 1661 1765 1699 :
1783 1645 1850 1702 Si
1865 1660 1963 1716 ego
1975 1660 2095 1701 non
2111 1645 2330 1712 abiero,

679 1738 1029 1795 Paracletus
1046 1753 1167 1793 non
1197 1737 1388 1793 veniet
1406 1735 1481 1792 ad
1506 1750 1638 1801 vos;
1669 1736 1721 1791 si
1741 1741 1936 1792 autem
1959 1735 2181 1799 abiero,
2202 1736 2337 1791 mit-

2438 568 2790 642 Παράκλητον,
2835 574 2905 634 ὡς
2949 572 3054 646 ἔμε,
3107 579 3247 642 ἤτοι,
3294 584 3590 651 παραινίτην
3627 589 3702 637 καὶ

2434 659 2483 750 εν
2528 667 2639 720 τοῖς
2693 661 2873 723 οἶθλοις
2924 673 3018 726 τῆς
3092 664 3300 739 ἀρετῆς,
3368 675 3455 722 καὶ
3504 672 3607 742 (10)
3653 672 3901 750 ψυχαγωγίπε

2435 746 2483 799 ὲν
2538 756 2651 810 ταῖς
2711 750 2918 822 θλίψεσι
2966 759 3057 807 καὶ
3103 754 3393 828 ἀντίληψιν.
3449 759 3608 812 Εἰπὼν
3747 746 3901 832 οὖν,νᾶτι

2433 836 2604 908 ἄλλον,
2663 836 2829 904 ἔδειξε
2876 852 2976 894 τῶν
3037 846 3374 900 ὖποστοίσεων
3424 852 3481 901 τό
3523 846 3752 925 διάφορον
3800 862 3901 928 ῖιξςις

2436 923 2516 993 δε,
2575 930 2655 980 ὅτι
2716 932 3075 1005 Παράκλητον,
3132 931 3346 999 ἐδίδαξε
3395 945 3487 1000 τῆς
3531 923 3707 1011 φύσεώς
3747 923 3899 999 rim-

2433 1021 2540 1071 τόν.
2593 1020 2924 1091 Παράκλητοι
2963 1025 3067 1095 γὰρ
3122 1029 3213 1077 καὶ
3260 1027 3287 1077 6
3336 1029 3456 1089 Υἱὸς
3490 1033 3573 1080 καὶ
3615 1035 3664 1082 τό
3702 1038 3900 1106 ﬁerifieri

2436 1125 2605 1178 αγιον.

2511 1196 2622 1249 Οὐκ
2672 1194 2781 1252 εἷπε
2828 1195 2906 1265 δι,
2963 1203 3043 1254 ὃτι
3094 1203 3312 1277 Πίμψω,
3365 1206 3448 1257 ἵνα
3484 1210 3553 1278 μὴ
3615 1206 3798 1269 ἆντιθεος
3832 1210 3899 1262 ιίιιι

2440 1280 2569 1359 δόξῃ
2614 1306 2711 1352 τις,
2744 1294 2833 1342 καὶ
2871 1292 2943 1352 ὡς
2980 1290 3080 1344 ἀπὸ
3126 1293 3288 1356 ἄλλης
3330 1298 3468 1357 τινος
3510 1294 3717 1358 ἐξουσίας
3738 1304 3901 1352 ποιεῖσθαι

2439 1378 2559 1436 τοὺς
2614 1374 2813 1447 λόγους.
2887 1379 3044 1433 Ἀλλὰ
3098 1390 3185 1433 νῦν
3233 1386 3322 1455 μεν
3374 1383 3628 1456 ἆρωτῆσαι
3676 1390 3746 1438 τὸν
3784 1394 3901 1461 [latin

2441 1462 2802 1536 ἐπηγγείλατο,
2857 1464 2951 1521 διοί
3016 1489 3067 1523 τε
3121 1475 3216 1529 τὴν
3269 1473 3521 1546 ῥηθεῖσαν
3571 1473 3736 1542 αἰτίαν,
3770 1483 3830 1529 καὶ
3863 1481 3902 1529 in

2441 1552 2660 1627 λογισθῇ
2712 1555 3036 1620 ἀξιόπιστος.
3086 1566 3287 1633 Προῖὼν
3336 1558 3398 1614 δε
3449 1566 3506 1614 τὸ
3550 1562 3712 1615 οἰκεῖον
3740 1568 3902 1637 inscita

2443 1642 2667 1717 ἀξίωμα,
2721 1645 2899 1717 λέγων’
2953 1648 3068 1701 Ἐὰν
3108 1648 3208 1720 ὶγὼ
3258 1655 3330 1723 μὴ
3381 1650 3599 1719 amem,
3633 1654 3656 1705 6
3690 1655 3902 1729 Παράιλιτος

2443 1733 2535 1785 οὐκ
2589 1733 2849 1788 ἕλεύσεται
2897 1740 3022 1810 πρὸς
3060 1739 3211 1810 ὑμᾶς.
3280 1739 3399 1794 Ἐὰν
3455 1737 3514 1793 δὲ
3557 1745 3771 1817 πορευθῶ,
3801 1748 3900 1815 πέμᾲι.

684 1834 801 1884 tam
838 1827 1000 1885 vobis
1029 1841 1160 1883 eum
1194 1828 1266 1880 ".
1308 1825 1375 1881 Et
1400 1840 1638 1882 rursum
1682 1840 1696 1881 :
1737 1826 2000 1894 Accipite
2036 1826 2294 1895 Spiritui

2289 1842 2331 1881 νη
2369 1822 2412 1877 Β
2444 1822 2596 1876 αὐτὸν
2661 1828 2793 1899 πρὸς
2872 1827 3028 1899 ὑμᾶς.
3118 1832 3219 1881 Καὶ
3296 1828 3473 1881 πάλιν·
3560 1830 3731 1885 Λάϐετε
3789 1838 3899 1905 [litin

676 1922 943 1974 sanctum
982 1916 1054 1972 ⁸³.

752 2006 867 2064 Sed
896 2004 1207 2079 quomodo
1236 2004 1313 2061 ab
1338 2003 1456 2061 alio
1484 2003 1662 2061 datur
1689 2019 1758 2061 ac
1777 2002 2045 2069 mittitur,
2070 2003 2174 2076 qui
2202 2002 2338 2060 ubi-

676 2106 799 2170 que
835 2111 1107 2170 praesens
1157 2100 1265 2161 est,
1295 2110 1524 2167 suaque
1576 2094 1786 2150 dividit
1834 2092 2104 2161 singulis,
2157 2097 2336 2166 prout

678 2185 809 2242 vult
832 2186 1196 2242 charismata
1233 2185 1283 2219 “
1310 2185 1339 2239 ?
1370 2186 1494 2240 Non
1523 2187 1811 2256 tanquam
1834 2198 2041 2238 servus
2061 2182 2237 2238 datur
2265 2197 2335 2238 ac

678 2274 947 2342 mittitur,
983 2274 1085 2330 sed
1120 2278 1409 2346 tanquam
1440 2271 1713 2343 ejusdem
1744 2276 1993 2335 naturae,
2024 2276 2082 2328 et
2119 2270 2334 2327 eadem

679 2364 887 2421 volens
916 2379 1053 2419 cum
1086 2364 1256 2420 Patre
1282 2378 1351 2419 ac
1382 2361 1541 2419 Filio.
1574 2362 1699 2417 Non
1731 2361 1891 2417 enim
1923 2361 2078 2417 sicut
2114 2361 2242 2417 hac
2274 2360 2335 2417 in

680 2454 966 2510 creaturis
1003 2453 1359 2523 significant,
1400 2452 1481 2508 ita
1536 2457 1594 2507 et
1623 2451 1683 2507 in
1720 2450 1998 2507 Trinitate
2050 2451 2335 2507 increata.

680 2542 937 2599 Etdatur
963 2543 1209 2616 quidem
1243 2558 1279 2598 a
1316 2544 1506 2605 Patre,
1534 2547 1731 2613 utpote
1752 2540 1946 2597 abillo
1981 2540 2330 2614 procedens,

680 2631 927 2687 mittitur
964 2646 1106 2687 vero
1135 2646 1172 2687 a
1201 2629 1350 2686 Filio
1377 2629 1549 2701 quasi
1577 2645 1909 2700 cooperans
1950 2636 2008 2685 et
2045 2636 2164 2686 non
2194 2645 2332 2686 con-

679 2721 918 2776 trarius.
951 2724 1115 2777 Nunc
1132 2719 1329 2791 itaque
1354 2718 1482 2774 dari
1506 2734 1576 2774 ac
1604 2718 1751 2773 mitti
1779 2717 1863 2773 ait
1885 2718 2164 2789 Spiritum
2197 2734 2332 2776 san-

678 2813 840 2866 ctum
875 2808 973 2865 :in
1009 2806 1392 2879 sequentibus
1417 2811 1616 2862 autem
1649 2807 1828 2862 etiam
1854 2806 2037 2877 hujus
2076 2807 2334 2865 ostendit

675 2901 1030 2970 potestatem
1069 2895 1277 2952 dicens
1308 2910 1323 2951 :
1358 2897 1503 2951 Cum
1529 2900 1727 2952 autem
1759 2897 1983 2952 venerit
2013 2896 2115 2953 ille
2170 2898 2241 2963 ⁸⁸,
2276 2901 2334 2954 et

675 2989 910 3043 caetera.

746 3075 911 3132 Vers.
939 3078 1022 3131 16.
1047 3074 1117 3132 Ut
1145 3104 1211 3116 —
1232 3080 1526 3132 aeternum.
1553 3073 1664 3139 Qui
1685 3088 1793 3130 nec
1808 3078 1944 3145 post
1967 3078 2220 3132 mortem
2237 3090 2332 3132 νος

674 3169 859 3221 stram
887 3166 1214 3237 separetur.
1241 3162 1463 3220 Deinde
1480 3163 1660 3219 etiam
1680 3162 1873 3231 docet,
1900 3162 2034 3236 quis
2065 3166 2142 3221 sit
2172 3163 2328 3220 alius

672 3253 1029 3311 Paracletus.

744 3343 906 3400 Vers.
944 3348 1028 3399 t7.
1059 3342 1342 3403 Spiritum
1366 3342 1645 3399 veritatis.
1676 3344 1796 3398 Hoc
1820 3346 1928 3406 est,
1960 3357 2168 3400 verum
2200 3343 2323 3400 sive

672 3433 1067 3506 pracipuum,
1096 3437 1391 3505 quantum
1409 3431 1486 3488 ad
1504 3432 1657 3487 alios
1684 3430 1944 3502 spiritus.
1966 3434 2112 3488 Nam
2142 3437 2200 3488 et
2223 3447 2327 3488 an-

671 3521 837 3594 gelus
865 3521 1082 3578 dicitur
1105 3521 1338 3592 spiritus
1362 3525 1421 3577 et
1453 3520 1662 3576 anima
1690 3524 1749 3576 et
1778 3524 1992 3575 ventus
2034 3535 2105 3577 ac
2129 3521 2323 3593 plera-

671 3627 792 3685 que
821 3610 958 3667 alia.
984 3614 1062 3667 Ne
1088 3615 1291 3666 autem
1312 3609 1499 3665 alium
1524 3608 1801 3680 spiritum
1831 3608 2163 3675 audientes,
2188 3626 2322 3666 sus-

672 3701 947 3774 picentur
965 3701 1144 3756 etiam
1167 3699 1335 3755 illum
1370 3713 1502 3754 esse
1533 3697 1594 3754 in
1620 3712 1821 3767 carne,
1844 3713 1914 3754 ac
1939 3698 2322 3757 sensibilibus

670 3788 960 3846 visibilem
993 3787 1204 3856 oculis,
1245 3788 1326 3844 ait
1367 3803 1382 3844 :

743 3879 905 3933 Vers.
937 3879 1023 3933 17.
1059 3877 1237 3944 Quem
1261 3908 1331 3917 —
1355 3875 1642 3947 accipere.
1671 3878 1798 3934 Non
1838 3881 2031 3949 potest
2055 3879 2324 3952 accipere

675 3965 1054 4024 sensibiliter.

746 4057 908 4113 Vers.
950 4056 1033 4112 l7.
1075 4055 1222 4123 Quia
1252 4087 1321 4097 —
1347 4071 1497 4113 eum.
1527 4054 1940 4128 Corporaliter,
1967 4071 2106 4113 cum
2137 4056 2212 4114 sit
2239 4057 2325 4114 in-

671 4145 1022 4220 corporalis.

743 4238 905 4292 Vers.
959 4240 1041 4291 i7.
1092 4235 1216 4292 Nec
1272 4236 1736 4306 cognosciteum.
1778 4235 1924 4291 Cum
1984 4235 2153 4292 illum
2201 4251 2323 4293 non

670 4325 885 4381 videat.

744 4412 1088 4485 Intelligitur
1108 4417 1308 4470 autem
1330 4416 1386 4469 et
1402 4412 1598 4469 aliter:
1616 4414 1781 4485 quod
1804 4413 1853 4468 is
1893 4413 1989 4470 cui
2014 4414 2325 4471 mundana

671 4518 826 4559 cura;
856 4508 1019 4567 sunt,
1045 4518 1163 4558 non
1213 4506 1409 4574 potest
1433 4501 1599 4557 illum
1648 4502 1968 4573 suscipere,
2010 4504 2153 4576 quia
2200 4520 2322 4560 non

2444 1932 2611 1984 αγιον.

2516 2002 2674 2055 Ἀλλὰ
2718 2011 2824 2065 πῶς
2879 2004 3001 2080 παρ’
3067 2005 3222 2059 ἄλλου
3281 2003 3498 2061 δίδοται
3536 2013 3620 2061 καὶ
3668 2014 3895 2083 tiamne

2444 2100 2721 2165 πανταχοῦ
2768 2097 2933 2169 παρόν
2993 2100 3084 2149 καὶ
3143 2092 3386 2171 διαιροῦν
3447 2095 3559 2171 ἰδίᾳ
3612 2099 3774 2170 ἑκάστῳ
3810 2102 3896 2155 uis;

2447 2179 2692 2253 βούλεται
2751 2185 2817 2235 τὰ
2863 2189 3213 2257 χαρίσματα;
3269 2186 3395 2257 Οὐχ
3453 2190 3523 2249 ὡς
3569 2183 3744 2253 δοῦλον,

2444 2270 2682 2341 ὀμοφυὶς,
2740 2276 2830 2324 καὶ
2876 2276 2940 2324 τὰ
2991 2274 3127 2326 αὑτὰ
3167 2283 3239 2345 τῷ
3287 2280 3460 2348 Πατρὶ
3488 2279 3577 2328 καὶ
3610 2285 3673 2347 τῷ
3712 2279 3786 2347 Υὶῷ
3806 2276 3893 2349 ﬁmi

2444 2377 2612 2430 μενον.
2668 2360 2744 2413 Οὐ
2799 2364 2901 2437 γὰρ
2950 2364 3124 2436 ὥσπερ
3179 2363 3262 2417 ἐπὶ
3306 2373 3410 2416 τῶν
3460 2374 3688 2429 κτιστῶν,
3733 2366 3822 2417 o-Jru
3852 2385 3889 2413 ιιι

2445 2446 2529 2500 ἐπὶ
2579 2457 2671 2509 τῆς
2726 2448 2977 2503 ἀιτίστου
3030 2448 3256 2525 Τριάδος
3305 2456 3375 2506 τὰ
3421 2462 3633 2507 τοιαῦτα
3685 2459 3880 2525 ensum.

2450 2542 2548 2590 Καὶ
2587 2534 2799 2591 δίδοται
2991 2542 3047 2592 ἑκ
3094 2549 3185 2593 τοῦ
3244 2547 3474 2616 Πατρός,
3518 2546 3582 2603 ὡς
3617 2542 3664 2605 ἐξ
3697 2542 3894 2595 rimata

2443 2631 2736 2700 ρευόμενον*
2792 2633 3050 2702 πέμπεται
3105 2627 3166 2683 δι
3217 2635 3367 2705 Παρά
3420 2642 3514 2685 τοῦ
3553 2635 3685 2699 Υίοῡ,
3729 2636 3777 2693 ὡς
3810 2650 3901 2701 wn;-

2442 2718 2535 2786 γόν
2586 2722 2677 2769 καὶ
2729 2717 2823 2769 οὐκ
2885 2716 3135 2775 ἕναντίον.
3195 2726 3302 2773 Νῦν
3496 2717 3583 2773 οὖν
3644 2717 3831 2773 δίδοσθαι
3860 2738 3902 2767 ιιι

2442 2807 2740 2877 πέμπεσθαί
2792 2826 2922 2878 φησι
2966 2811 3024 2860 τὸ
3078 2815 3288 2881 Πνεῦμα
3333 2813 3395 2861 τό
3440 2810 3608 2882 ὀξγιον⁵
3644 2808 3852 2883 προϐαίνων
3877 2803 3903 2856 ἔξ

2441 2898 2531 2946 καὶ
2565 2899 2660 2952 τὴν
2709 2899 2893 2948 τούτου
2932 2893 3197 2951 δείκνυσιν
3236 2897 3498 2965 ἐξουσίαν,
3550 2899 3711 2971 λέγων·
3753 2897 3857 2949 Ὀταν
3877 2892 3903 2944 ii

2442 2988 2489 3050 (Ι
2507 2984 2553 3053 i)
2584 2983 2705 3057 ἔλθῃ
2738 2984 2940 3046 ἐκεῖνος.

2509 3070 2618 3125 ἰνα
2676 3104 2743 3114 -
2796 3074 2979 3132 αἰῶνα.
3037 3072 3189 3134 Mue)“:
3242 3080 3375 3149 μετὰ
3457 3083 3551 3136 τὴν
3604 3077 3795 3133 τελευτήν
3834 3076 3905 3142 ὁμὲν

2441 3158 2805 3234 ἀφιστάμενος.
2864 3169 2992 3216 Είτα
3044 3160 3316 3235 διδάσκει,
3364 3172 3462 3219 καὶ
3512 3172 3586 3228 τίς
3633 3165 3750 3219 ἐστιν
3784 3160 3907 3218 diuis;

2360 3230 2403 3288 Ο
2439 3230 2801 3323 Παρακλητος.

2505 3344 2575 3393 T6
2632 3347 2837 3415 Πνεῦμα
2888 3351 2978 3404 τῆς
3028 3342 3286 3405 ἀληθείας.
3337 3348 3411 3398 T6
3474 3344 3713 3411 ἀληθινὸν,
3765 3348 3846 3401 ἦτοι
3877 3344 3903 3389 τέ

2434 3429 2685 3505 ἐξαίρετον
2750 3435 2877 3504 πρὸς
2952 3436 3017 3485 τὰ
3092 3433 3221 3486 ἄλλα
3289 3437 3580 3508 πνεύματα.
3652 3442 3814 3505 Πνεῦμα
3856 3434 3903 3498 γάε

2432 3518 2634 3591 λέγεται
2681 3525 2772 3573 καὶ
2819 3522 2844 3573 6
2873 3521 3108 3593 ἄγγελος.
3143 3527 3232 3575 καὶ
3259 3525 3289 3581 ἡ
3321 3522 3483 3596 ψυχὴ
3527 3529 3611 3577 καὶ
3647 3526 3671 3576 6
3703 3524 3840 3594 ἄνεμος
3863 3520 3907 3567 ni

2432 3610 2577 3682 ἕτερα
2616 3608 2842 3665 πλείονα.
2900 3610 3012 3665 Ἵνα
3085 3607 3145 3664 δε
3222 3616 3293 3684 μὴ
3369 3614 3680 3676 ἀκούσαντες
3723 3614 3785 3664 ὅτι
3825 3606 3907 3659 ἰὼν

2432 3698 2783 3771 παράκλητον,
2814 3701 3185 3754 ὑποπτεύσωσι
3208 3700 3445 3755 κάκεῖνον
3468 3705 3698 3779 ῖνσαρκον
3722 3706 3790 3752 καὶ
3805 3697 3908 3771 ips???

2434 3788 2710 3850 αἰσθητοῖς
2735 3788 3034 3861 ὀφθαλμοῖς,
3069 3794 3251 3863 φησίν·

2501 3876 2568 3929 ’0
2602 3876 2855 3932 -λαϐεῖν.
2884 3879 2960 3932 Οὐ
2990 3874 3214 3932 δυναται
3238 3876 3411 3933 λαϐεῖν
3441 3882 3710 3941 αἰσθητῶς.

2503 4053 2624 4109 Ὀτι
2648 4088 2716 4097 -
2746 4057 2890 4111 αὐτό.
2924 4064 3232 4130 Σωματικῶς
3264 4058 3567 4132 ’Δσὼμοιτον
3602 4060 3713 4131 γάρ.

2503 4231 2644 4288 Οὑδε
2671 4241 2918 4307 γινώσκει
2941 4236 3087 4307 αὐτὸ,
3117 4240 3202 4295 Μὴ
3234 4232 3360 4290 ἰδὼν
3391 4238 3543 4293 αὐτό.

2504 4419 2713 4465 Νοεῖται
2757 4409 2816 4465 δε
2872 4416 2962 4466 καὶ
3004 4413 3204 4488 ίτίρως,
3232 4414 3336 4481 ζὸτι
3385 4415 3412 4466 6
3464 4413 3683 4487 κοσμικὰ
3715 4413 3856 4483 φρονῶν
3882 4418 3907 4448 σι

2434 4496 2655 4553 δύναται
2697 4499 3053 4565 ὑποδέξασθαι
3094 4502 3239 4567 αὐτὸ,
3271 4504 3351 4555 ὅτι
3380 4503 3441 4555 οὐ
3473 4505 3642 4574 θεωρεῖ
3669 4499 3789 4560 αὐτὸ,
3818 4507 3910 4544 πεπυ

670 4591 828 4648 videt
844 4607 1002 4656 eum,
1034 4590 1334 4664 siquidem
1375 4597 1706 4647 excmcatus
1743 4598 1831 4646 est
1859 4592 2042 4647 oculis
2063 4592 2280 4649 intellec

2299 4623 2324 4636 -
2355 4595 2401 4651 D
2431 4595 2652 4663 ρωμίνος
2707 4597 2774 4642 ὢν
2820 4596 2941 4653 τοὺς
2986 4596 3202 4653 νοητοὺς
3249 4592 3560 4664 ὀφθαλμούς·
3608 4586 3719 4643 add“;
3758 4590 3909 4655 γινώσκω

669 4679 934 4736 tualibus
977 4694 992 4734 :
1027 4695 1137 4735 nec
1166 4680 1473 4750 cognoscit
1517 4695 1678 4747 eum,
1711 4696 1847 4737 cum
1887 4680 2033 4737 nihil
2065 4681 2323 4739 sublime

670 4769 863 4842 possit
890 4768 1234 4837 intelligere.

742 4858 906 4915 Vers.
952 4857 1037 4915 i7.
1088 4860 1184 4913 Vos
1212 4889 1283 4900 —
1330 4873 1480 4916 eum.
1527 4859 1974 4931 Propemodum
2013 4859 2179 4917 illum
2225 4876 2324 4917 co-

670 4946 972 5015 gnoscitis.
1007 4950 1156 5004 Nam
1188 4952 1322 5020 post
1381 4948 1562 5005 breve
1606 4953 1845 5022 tempus
1889 4948 2215 5006 descendet
2250 4965 2322 5007 ac

668 5036 904 5093 docebit
941 5052 1072 5092 vos.

737 5126 859 5192 Vel,
893 5125 1253 5197 cognoscitis
1292 5141 1431 5184 eum
1460 5143 1533 5186 ex
1563 5128 1682 5185 mei
1737 5128 2096 5199 cognitione.
2154 5128 2322 5185 Sicut

737 5323 786 5359 υ
823 5324 991 5381 Joan.
1022 5337 1145 5390 xvx,
1175 5328 1230 5379 7.
1369 5325 1416 5362 ”
1447 5325 1618 5384 Joan.
1645 5341 1745 5392 xx,
1769 5329 1857 5383 22.

2434 4681 2578 4747 αὐτὸ,
2606 4678 2772 4753 μηδεν
2797 4679 2996 4753 ὑψηλὸν
3028 4679 3211 4734 ἐννοεῖν
3249 4681 3473 4754 ἰσχύων.

2503 4855 2671 4930 Ὑμεῖς
2687 4887 2752 4899 -
2779 4858 2921 4912 αὐτὸ.
2956 4864 3238 4911 Γινώσκετε
3261 4860 3382 4912 ὅσον
3407 4862 3570 4913 οὔπω.
3601 4855 3700 4909 Οὐκ
3721 4851 3775 4912 εἰς
3793 4860 3906 4922 Pu?”

2429 4950 2531 5019 γὰρ
2567 4947 2895 5019 ίπιφοιτήσει
2924 4952 3013 5000 καὶ
3044 4944 3252 5011 διδάξει
3281 4950 3442 5020 ὑμᾶς.

2500 5133 2562 5183 Ἢ
2615 5134 2896 5201 γινώσκετε
2947 5127 3075 5181 αὖτό
3131 5125 3232 5181 ἀπὸ
3289 5134 3381 5180 τοῦ
3417 5130 3680 5200 γινώσκειν
3723 5119 3804 5192 ἒμ-
3841 5110 3907 5162 Ὧδ’

1995 5325 2045 5363 ⁸⁸
2074 5327 2094 5381 l
2121 5326 2253 5383 Cor.
2281 5342 2382 5392 xu,
2420 5331 2507 5385 Η.

1863 5504 2090 5576 Varia;
2131 5505 2464 5601 lectiones
2509 5514 2575 5575 et
2617 5517 2822 5575 notae.

738 5700 851 5772 (10)
909 5700 1030 5757 Hoc
1073 5702 1164 5772 καὶ
1193 5711 1311 5755 non
1354 5700 1626 5769 agnoscit
1650 5701 1915 5759 Hentenii
1956 5702 2169 5760 versio.
2203 5704 2315 5761 Sed

661 5786 773 5831 nec
803 5770 886 5830 sic
922 5770 1297 5847 acquiescere
1326 5786 1597 5845 possum.
1636 5772 1842 5831 Malim
1872 5788 2014 5847 ergo
2043 5775 2174 5833 loco
2203 5780 2312 5842 καὶ,

2427 5703 2723 5764 corrigere
2747 5706 2897 5764 πρὸς.

2497 5775 2615 5849 (li)
2652 5779 2713 5829 Ai
2743 5775 2914 5833 abest
2936 5775 3002 5831 Α.
