4076 6436
81 370 171 426 ἱο1
1053 360 1422 420 COMMENT.
1467 359 1538 415 IN
1573 354 1928 414 JOANNEM.
1970 389 2038 399 —
2076 359 2230 416 CAP.
2275 357 2417 415 XIV.
3303 355 3443 413 1402

81 517 124 571 ερ
181 498 298 570 γὰρ
361 495 387 546 ὁ
424 495 676 555 νενοηκὼς
723 489 810 564 ipf:
848 493 1052 549 νενόηκε
1091 492 1178 541 τὸν
1229 490 1436 560 Πατέρα
1466 506 1482 520 ο
1535 485 1670 538 οὕτω

1827 483 1942 540 nim
1979 484 2083 556 qui
2114 484 2281 542 novit
2305 499 2423 554 me,
2464 483 2631 540 novit
2671 487 2729 540 et
2757 482 3014 549 Patrem;
3050 480 3132 538 ita
3165 494 3437 538 rursumv

81 586 196 637 είλιν
258 587 287 636 ό
351 587 600 643 νενοηκὼς
675 580 761 654 ἔμε
831 584 1036 638 νενόηκε
1108 582 1166 631 τό
1238 584 1450 648 Πνεῦμα
1481 595 1495 610 ο
1545 580 1670 648 μιᾶς

1828 573 1883 628 ui
1911 574 2074 630 novit
2103 573 2391 639 me,novit
2413 578 2468 630 et
2498 574 2778 646 Spiritum
2810 576 3104 628 sanctum.
3135 573 3288 628 Nam
3323 577 3437 628 tres

81 678 138 750 Ξιρ
185 677 242 727 οἱ
303 680 448 747 τρεῖς
494 671 680 734 οὐσίας
733 675 823 724 καὶ
877 673 1078 743 φύσεως
1129 673 1218 720 καὶ
1259 663 1526 739 δυνάμεως
1581 670 1671 717 καὶ

1826 664 1958 718 nius
1989 669 2126 720 sunt
2165 664 2514 721 substantia
2539 679 2610 719 ac
2635 666 2885 728 natura,
2930 660 3210 736 potentiae
3253 676 3325 718 ac
3353 661 3436 717 di-

81 765 219 826 ξίας.

1778 753 2054 824 gnitatis.
2342 801 2345 804 .

106 852 243 904 ”Οτι
307 883 381 892 -
434 855 590 924 μένει.
642 849 842 922 Ὠσπερ
900 850 1002 923 γὰρ
1079 847 1104 898 ό
1159 849 1333 919 Πατὴρ
1396 863 1489 916 μετ
1543 843 1669 916 ἐμοῦ

1846 842 2008 898 Vers.
2038 848 2119 899 l7.
2154 843 2294 910 Quia
2326 874 2391 885 —
2417 849 2636 900 manet.
2687 841 2852 898 Sicut
2894 841 3054 898 enim
3100 842 3268 898 Pater
3306 855 3435 896 me-

81 961 189 993 ι’τιν
219 963 232 975 -
260 941 406 994 οὕτω
427 943 515 992 καὶ
545 943 602 992 τό
635 946 844 1011 Πνεῦμα
875 958 888 972 ο
927 936 1225 1010 ἀχώριστος
1248 937 1346 1008 γάρ
1374 935 1403 992 ἠ
1435 937 1672 1006 μακαρία

1825 947 1916 986 um
1985 935 2095 998 est,
2153 932 2238 988 ita
2287 937 2346 989 et
2401 933 2652 1004 Spiritus
2699 935 2962 988 sanctus.
3030 930 3435 1004 lnseparabile

81 1033 230 1103 ριάς.
1779 1020 2076 1094 siquidem
2103 1027 2191 1077 est
2216 1021 2392 1079 beata
2421 1021 2698 1078 Trinitas.

115 1125 226 1173 Καὶ
257 1119 312 1172 ἐν
356 1121 478 1191 ὑμῖν
508 1121 677 1171 ἔσται.
724 1121 809 1176 Μὴ
859 1114 1191 1175 ἀποθνῆσκον
1233 1114 1372 1184 (12).
1430 1115 1494 1173 ὡς

1849 1110 2012 1167 Vers.
2079 1116 2165 1166 l7.
2197 1113 2272 1166 Et
2306 1111 2371 1167 in
2405 1111 2562 1168 vobis
2591 1111 2726 1168 erit.
2777 1113 2902 1167 Non
2947 1109 3232 1176 moriens,
3278 1109 3433 1166 sicut

86 1205 191 1262 ύὸἐ
235 1212 347 1281 γὰρ
405 1207 794 1280 ἐνηνθρωπησεν
846 1209 916 1267 ὡς
967 1204 1082 1276 ἐγώ.
1135 1203 1276 1256 Ἐπεὶ
1325 1198 1385 1254 δε
1435 1206 1671 1253 τοσαῦτα

1825 1215 1891 1270 go
1925 1217 1938 1256 :
1973 1215 2168 1273 neque
2201 1201 2360 1256 enim
2388 1201 2732 1257 incarnatus
2760 1204 2867 1265 est,
2901 1199 3057 1255 sicut
3101 1215 3230 1269 ego.
3284 1198 3435 1267 Quia.

80 1302 205 1350 ,πὼν
239 1301 394 1350 οὔπω
423 1301 510 1355 τὴν
543 1295 768 1368 ἀθυμίαν
793 1295 960 1347 αὐτῶν
991 1291 1240 1360 ἐξέϐαλεν,
1270 1287 1668 1362 ἀδημονούντων

1821 1305 1912 1345 ero
1940 1305 2080 1345 cum
2136 1294 2258 1346 tam
2312 1289 2499 1346 multa
2537 1289 2796 1355 dixisset,
2830 1288 3102 1345 nondum
3137 1287 3431 1346 tristitiam

79 1407 118 1438 ri
152 1391 249 1439 καὶ
283 1385 664 1458 ἀλγυνομένων,
716 1388 780 1444 ὡς
809 1383 1037 1458 ὀρφανῶν
1071 1378 1178 1441 ἤδη
1219 1380 1669 1453 καταλιμπανομέο

1823 1378 2017 1435 lorum
2047 1378 2359 1451 repulerat,
2391 1379 2536 1452 quia
2562 1379 2818 1448 graviter
2847 1377 3045 1434 adhuc
3066 1377 3338 1434 ferebant
3363 1393 3433 1434 ac

79 1498 166 1545 ων,
204 1478 485 1549 θεραπεύει
513 1477 568 1526 τὸ
599 1481 834 1526 τοιοῦτον
858 1472 1032 1544 ἄλγος.

1825 1469 2213 1536 imrebant,ut
2242 1469 2344 1541 qui
2371 1468 2500 1539 jam
2517 1467 3289 1541 orphanirelinquerentur,
3323 1465 3435 1522 hu-

1770 1556 2038 1628 jusmodi
2070 1562 2237 1613 curat
2277 1557 2645 1614 maestitiam.

119 1654 238 1706 Ούκ
271 1684 344 1695 —
384 1653 656 1728 ὀρφανούς.
692 1659 954 1725 [ἰατρικῆς
993 1649 1381 1721 εὐσπλαγχνίας
1410 1651 1467 1700 τό
1497 1647 1664 1722 ῥῆμα.

1848 1646 2009 1702 Vers.
2046 1648 2136 1703 l8.
2175 1679 2244 1686 —
2267 1647 2401 1703 Non
2414 1647 2735 1717 orphanos.
2754 1646 3018 1702 Paterne
3033 1644 3432 1702 miserationis

80 1744 486 1814 πολλὴνείσοίγον
512 1742 840 1818 παράκλησιν
861 1745 951 1793 καὶ
975 1740 1352 1812 ψυχαγωγίαν.
1377 1737 1452 1790 Ού
1474 1739 1667 1790 παντά-

1821 1735 2024 1792 erbum
2081 1740 2186 1807 est,
2208 1735 2460 1792 multam
2508 1735 2764 1792 efferens
2813 1735 3283 1791 consolationem
3361 1750 3431 1791 ac

80 1853 212 1886 uatv
243 1832 438 1906 ἀφήσω
467 1834 600 1894 ὑμᾶς
629 1835 696 1884 τά
719 1835 894 1884 τεκνία
917 1849 1040 1903 μου.

1822 1825 2256 1882 blectationem.
2285 1827 2677 1899 Nequaquam
2704 1841 2810 1881 vos
2848 1824 3184 1898 relinquam
3215 1825 3432 1898 orpha-

1775 1931 1888 1971 nos
1916 1915 2019 1987 qui
2045 1915 2147 1972 ﬁlii
2189 1915 2306 1970 mei
2334 1914 2492 1971 estis.

119 2012 400 2085 Ἔρχομαι
454 2013 585 2086 πρὸς
639 2011 792 2083 ὑμᾶς.
846 2007 1115 2082 Ἔρχομαι
1178 2006 1331 2060 παλιν
1387 2009 1516 2080 μετὰ
1571 2010 1666 2065 τὴν

1849 2005 2007 2060 Vers.
2055 2009 2138 2061 18.
2196 2005 2436 2062 Veniam
2484 2005 2566 2061 ad
2591 2019 2705 2060 vos.
2742 2002 2980 2059 Veniam
3027 2017 3262 2058 rursum
3294 2005 3430 2074 post

79 2107 337 2174 ριημερον
371 2099 680 2168 ἀνάστασιν,
713 2101 756 2152 εί
785 2103 874 2151 καὶ
901 2102 974 2170 μὴ
1003 2101 1070 2161 ὡς
1100 2100 1158 2150 τό
1187 2101 1430 2172 πρότερον
1455 2100 1667 2150 συνεσό-

1812 2094 1926 2150 artii
1948 2094 2592 2158 dieiresurrectionem,
2610 2108 2967 2167 quanquam
2991 2108 3130 2157 non,
3154 2095 3218 2147 ut
3235 2091 3422 2164 prius,

79 2209 226 2251 ιενος.

1775 2199 1887 2240 COD
1895 2200 2158 2241 versans.

125 2279 246 2332 Ἔτι
275 2311 342 2320 -
377 2281 570 2353 θεωρεῖ.
603 2278 956 2331 Ἀποθανόντα
981 2278 1046 2338 ὡς
1069 2277 1358 2350 ἄνθρωπον.

1844 2275 2005 2330 Vers.
2045 2275 2122 2330 19.
2148 2274 2364 2331 Adhuc
2393 2305 2459 2316 —
2489 2273 2726 2331 videbit.
2747 2272 2896 2330 Cum
2927 2276 3214 2346 tanquam
3235 2271 3421 2330 homo

1774 2379 2013 2421 moriar.

124 2453 300 2526 ’Υμεῖς
382 2485 451 2494 —-
539 2473 624 2523 με.
709 2452 1128 2526 Ἐπιφαινόμενον
1210 2453 1332 2525 ύμῖν
1413 2450 1466 2504 ἐκ
1547 2449 1663 2504 δια-

1846 2456 2006 2509 Vers.
2039 2458 2120 2510 t9.
2152 2454 2259 2508 Vos
2287 2483 2345 2492 —
2376 2468 2486 2510 me.
2506 2453 2904 2523 Apparentem
2935 2449 3107 2506 vobis
3131 2465 3233 2520 per
3250 2449 3423 2506 inter-

82 2547 375 2616 ειμμοίτων,
435 2547 676 2606 συνόντος
750 2544 870 2615 ύμῖν
937 2541 1015 2595 ἀεὶ
1094 2549 1186 2594 τοῦ
1250 2541 1407 2595 ἄλλου
1486 2549 1661 2616 Παρα-

1813 2543 1962 2600 missa
1979 2549 2267 2614 tempora,
2303 2545 2691 2598 conversante
2709 2555 2946 2612 semper
2969 2537 3283 2595 vobiscum
3304 2537 3423 2596 alio

77 2633 270 2691 ,λὴτου.

1771 2641 2072 2696 Paracleto
2087 2685 2098 2697 .

1840 2732 2009 2787 Vers.
2049 2736 2133 2787 19.
2163 2731 2315 2798 Quia
2345 2745 2450 2799 ego
2483 2731 2694 2786 vivam.
2722 2730 2934 2785 Vivam
2959 2743 3170 2784 rursus
3201 2743 3237 2784 a
3262 2743 3420 2784 mor-

114 2812 183 2865 ’⁷0
195 2833 240 2865 τι
270 2812 369 2884 ἐγὼ
401 2813 494 2874 ζῶ.
519 2819 620 2879 Ζῶ,
644 2811 798 2864 πάλιν
825 2809 1050 2871 ἀναστὰς
1075 2808 1129 2862 ἐκ
1159 2818 1368 2884 νεκρῶν.

644 2811 798 2864 πάλιν
825 2809 1050 2871 ἀναστὰς
1075 2808 1129 2862 ἐκ
1159 2818 1368 2884 νεκρῶν.
1768 2820 1885 2877 tuis
1915 2836 2253 2891 resurgens.

119 2908 222 2956 Καὶ
276 2904 419 2974 ὑμεῖς
472 2903 718 2964 ζήσεσθε.
772 2905 858 2958 Μὴ
912 2898 1272 2974 ἀναιρούμενοι
1329 2899 1519 2952 αύτίκα
1563 2903 1656 2952 σὺν

1839 2910 2006 2967 Vers.
2052 2915 2141 2967 l9.
2211 2911 2289 2966 Et
2340 2925 2430 2964 vos
2484 2909 2707 2966 vivatis.
2748 2909 2878 2964 Non
2918 2906 3118 2964 statim
3183 2921 3417 2963 mecum

77 2996 180 3060 uol,
219 2990 326 3041 ἀλλ’
354 2993 454 3042 ὑπό
485 2999 574 3050 τῆς
601 2989 728 3062 ἐμῆς
754 2985 1024 3060 δυνάμεως
1061 2987 1134 3060 ἐφ’
1169 2991 1341 3040 ἱκανόν
1373 2991 1657 3062 συντηρού-

1809 3000 2073 3064 iterfecti,
2102 2999 2204 3054 sed
2266 3015 2400 3055 mea
2425 2999 2635 3054 virtute
2692 2998 2878 3055 multo
2914 2997 3114 3053 adhuc
3152 3000 3419 3068 tempore

77 3098 213 3132 ενοι.
241 3078 311 3130 "II
343 3083 433 3130 καὶ
463 3079 609 3150 ὑμεῖς
657 3078 884 3138 ζήσεσθε
913 3079 1044 3150 μετά
1089 3078 1306 3129 θανατον
1343 3081 1438 3134 τὴν
1488 3097 1655 3149 μακα-

1805 3089 2120 3143 onservati.
2159 3089 2282 3152 Vel,
2345 3103 2450 3143 vos
2500 3087 2706 3143 vivetis
2757 3087 2937 3143 etiam
2975 3091 3107 3158 post
3163 3090 3415 3142 mortem

84 3172 164 3219 ίαν
201 3171 359 3227 ζῶὴν.
1685 3203 1694 3251 η

603 3253 614 3257 Α
893 3256 898 3257 γ
1329 3252 1340 3257 _
1512 3255 1518 3257 Δ
1685 3198 1731 3257 C
1765 3175 1882 3230 vita
1922 3175 2115 3231 beata.

121 3256 202 3308 ’Ev
237 3287 305 3296 ο-
337 3275 458 3328 μου.
493 3255 574 3308 Ἐν
596 3253 759 3328 ἐκείνῃ
783 3263 844 3327 τῇ
879 3256 1066 3329 ἡμέρᾳ,
1097 3262 1158 3326 τῇ
1192 3261 1287 3316 τῆς
1319 3252 1654 3314 ἀναστάσεως
1695 3252 1727 3257 ﬁ

1836 3265 1996 3319 Vers.
2017 3267 2107 3320 20.
2132 3264 2200 3320 In
2215 3295 2281 3304 —
2294 3279 2437 3320 meo.
2464 3266 2524 3318 ln
2557 3263 2657 3320 illo
2675 3262 2792 3330 die,
2809 3261 3258 3318 resurrectionis
3273 3277 3415 3318 mea;

75 3365 148 3397 ιου
187 3342 450 3411 δηλονότι,
479 3346 742 3416 γνώσεσθε
786 3346 866 3396 ὅτι
913 3343 1013 3416 ἐγὼ
1040 3342 1088 3395 ἐν
1122 3351 1196 3413 τῷ
1225 3347 1394 3417 Πατρί
1417 3363 1539 3415 μου,
1572 3345 1653 3395 ὅτι

1803 3352 2052 3420 idelicet,
2073 3356 2469 3423 cognoscetis,
2495 3351 2661 3426 quod
2687 3368 2800 3422 ego
2827 3369 2859 3409 a
2891 3352 3059 3408 Patre
3089 3366 3225 3407 meo
3263 3350 3413 3407 indi-

75 3441 148 3505 γὼ
181 3431 475 3509 ἀδιαίρετος
522 3441 614 3486 τοῦ
647 3438 848 3508 Πατρός
875 3453 998 3506 μου,
1032 3431 1080 3485 ἓν
1109 3441 1181 3504 τῷ
1223 3436 1289 3485 τά
1316 3431 1450 3484 αύτά
1476 3431 1651 3504 ἐκείνῳ

1316 3431 1450 3484 αὗτά
1476 3431 1651 3504 ἕκείνῳ
1760 3442 1928 3498 visus
1959 3443 2092 3508 sim,
2125 3441 2338 3499 eadem
2378 3447 2590 3515 potens
2629 3458 2766 3498 cum
2800 3441 2922 3498 illo.

75 3524 330 3580 ⁸ύνασθαι.

122 3618 221 3666 Καὶ
245 3646 313 3653 -
341 3615 487 3686 ὑμῖν.
530 3617 630 3666 Καὶ
656 3615 735 3666 ὅτι
764 3617 854 3665 καὶ
883 3610 1026 3685 ὑμεῖς
1065 3610 1112 3664 ἐν
1139 3610 1252 3684 ἐμοὶ
1277 3614 1649 3685 φρουρούμενοι

1833 3622 1997 3677 Vers.
2026 3624 2115 3677 20.
2135 3622 2211 3678 Et
2238 3621 2503 3678 —vobis.
2559 3622 2626 3677 Et
2642 3621 2798 3694 quod
2830 3637 2938 3676 vos
2963 3619 3142 3676 etiam
3188 3620 3250 3676 in
3292 3635 3407 3689 me,

82 3708 134 3755 αὶ
173 3706 492 3776 νευρούμενοι
525 3724 538 3736 ο
581 3701 727 3774 κάγώ
783 3702 832 3754 ἕν
885 3702 1000 3774 ἐμοὶ
1055 3709 1288 3775 φρουρῶν
1329 3706 1418 3754 καὶ
1459 3709 1646 3774 νευρῶν

1797 3711 2028 3767 ustoditi
2060 3727 2130 3767 ac
2159 3711 2422 3767 robornti
2466 3729 2479 3767 :
2521 3717 2578 3767 et
2606 3726 2718 3780 ego
2750 3711 2809 3766 in
2842 3711 3029 3781 vobis,
3063 3709 3407 3766 custodiens

80 3800 202 3865 μᾶς.
237 3794 500 3845 Γνωσεσθε
538 3789 596 3845 δε
633 3799 817 3855 ταῦτα,
851 3800 951 3843 τῶν
1001 3789 1204 3863 ίχθρών
1243 3790 1644 3864 καταστελλομέ-

1795 3817 1820 3856 c
1839 3801 2130 3857 roborans
2160 3817 2289 3858 vos.
2316 3801 2451 3857 Haec
2472 3807 2672 3858 autem
2695 3799 3091 3872 cognoscetis,
3120 3799 3405 3872 repressis

77 3904 161 3946 ων,
217 3883 357 3953 ὑμῶν
417 3881 942 3957 παρρησιαζομένων,
990 3887 1082 3933 τοῦ
1135 3882 1474 3953 κηρύγματος
1524 3881 1642 3933 καθ’

1793 3890 2027 3954 mimicis,
2047 3891 2339 3965 vobisque
2355 3891 2536 3948 libere
2557 3891 2960 3965 loquentibus,
2991 3907 3061 3947 ac
3084 3889 3403 3962 Evangelio

75 3973 267 4028 κάστην
298 3969 569 4032 ἀνθοῦντος
597 3974 692 4028 τὴν
714 3971 928 4046 ἡμέραν.

666 3991 692 4021 ν
714 3971 928 4046 ἡμέραν.
1750 3977 1811 4034 in
1849 3979 1976 4035 dies
2005 3979 2271 4037 ﬂorente.

117 4059 172 4110 Ὀ
199 4063 284 4130 μὲν
315 4056 399 4111 οὖν
441 4063 670 4132 Χριστὸς
717 4061 765 4112 ἓν
795 4079 865 4131 τῳ
914 4063 1101 4132 Πατρὶ,
1152 4061 1288 4112 κατὰ
1328 4058 1477 4130 λόγον
1525 4059 1640 4112 ἰσο-

1824 4069 2302 4142 Christusitaque
2335 4070 2393 4126 iu
2425 4072 2609 4136 Patre,
2642 4071 2863 4126 ratione
2897 4069 3170 4140 ejusdem
3200 4073 3403 4140 poten-

75 4146 342 4219 ⁸υναμίαςο
373 4150 423 4200 οἰ
472 4145 530 4200 δὲ
578 4147 858 4201 ἀπόστολοι
915 4151 964 4200 ἂν
1013 4148 1174 4219 αὐτῷ,
1229 4153 1318 4200 καὶ
1371 4149 1528 4210 αύτός
1591 4147 1639 4200 ἓν

1793 4174 1876 4224 as;
1912 4159 2164 4230 apostoli
2201 4175 2339 4214 vero
2366 4160 2426 4215 in
2457 4175 2528 4214 eo
2555 4163 2611 4214 et
2632 4161 2756 4231 ipse
2787 4159 2844 4214 in
2878 4159 3012 4223 illis,
3047 4158 3270 4214 ratione
3299 4174 3402 4214 au-

75 4236 242 4300 εύτοῐς,
294 4240 427 4290 κατὰ
477 4237 628 4310 λόγον
704 4236 969 4310 βοηθείας.
1027 4235 1156 4290 Οἵδε
1206 4241 1306 4311 γὰρ
1374 4239 1404 4296 ἡ
1463 4243 1636 4312 Γραφή

1791 4246 1892 4301 ilii.
1936 4247 2242 4319 Siquidem
2275 4251 2436 4304 novit
2465 4249 2802 4320 frequenter
2834 4249 3134 4320 Scriptura
3172 4247 3401 4304 eisdem

75 4325 286 4388 τολλάκις
334 4334 438 4388 τοῖς
467 4327 644 4390 αὐτοῖς
673 4333 899 4400 ρήμασιν
929 4331 1013 4380 ἐπὶ
1046 4334 1180 4380 Θεοῦ
1225 4332 1314 4378 καὶ
1357 4325 1638 4399 ἀνθρώπων

1783 4335 1945 4390 'erbis
1962 4341 2016 4390 et
2033 4335 2106 4390 de
2124 4338 2240 4391 Deo
2256 4341 2312 4392 et
2329 4335 2572 4392 homine
2605 4336 2830 4407 positis,
2850 4353 2971 4392 non
2989 4335 3256 4392 similiter
3285 4337 3393 4393 uti.

75 4419 292 4488 ,ειμένοις
361 4416 466 4487 ούχ
515 4419 699 4489 ὁμοίως
759 4418 1079 4488 κεχρῆσθαι.
1136 4421 1238 4470 Καὶ
1311 4418 1337 4468 ό
1409 4421 1638 4492 Χριστός

1797 4440 1896 4480 am
1927 4430 1982 4480 et
2013 4425 2274 4481 Christus
2305 4431 2362 4481 et
2386 4441 2496 4481 nos
2548 4425 2652 4482 ﬁlii
2713 4425 2812 4481 Dei
2865 4443 2936 4482 ac
2988 4425 3082 4481 dei
3124 4425 3403 4489 dicimur,

75 4508 168 4576 οὰρ,
223 4511 308 4557 καὶ
371 4507 520 4578 ἡμεῖς
571 4509 676 4560 υἱοὶ
723 4514 857 4559 Θεοῦ
913 4509 1002 4556 καὶ
1059 4506 1163 4557 θεοὶ
1219 4505 1488 4578 λεγόμεθα,
1547 4511 1685 4608 καὶΙ

82 4591 1456 4608 ...._.....__.........

1791 4519 1803 4569 t
1829 4513 2030 4582 imago
2057 4530 2126 4570 ac
2152 4514 2338 4584 gloria
2377 4515 2480 4570 Dei
2514 4515 2655 4570 :sed
2689 4530 2911 4586 magna
2940 4521 3029 4571 est
3048 4514 3401 4581 differentia,

79 4594 192 4644 ἑκὼν
221 4600 361 4660 Θεοῦ,
393 4599 482 4647 καὶ
529 4592 660 4660 δόξα
697 4604 830 4649 Θεοῦ
868 4615 882 4629 ο
931 4593 1057 4645 ἀλλά
1086 4593 1216 4646 πολὺ
1269 4598 1327 4647 τὸ
1363 4591 1632 4670 διάφορον.
1665 4591 1689 4608 ⁸

1575 4615 1632 4650 ιν.
1665 4591 1711 4608 υ
1747 4609 1801 4658 et
1834 4602 2018 4659 multa
2061 4603 2234 4658 variis
2263 4603 2324 4658 in
2364 4602 2507 4660 locis
2537 4604 2756 4660 similia
2784 4604 3185 4661 inveniuntur.

75 4688 150 4736 {ul
171 4683 321 4736 πολλά
343 4684 460 4738 πολ)
471 4693 610 4757 αχοῦ
631 4692 865 4738 τοιαῦτα.

119 4774 172 4826 Ὀ
213 4805 272 4815 -
304 4795 388 4848 με.
443 4775 552 4826 Ούκ
599 4773 747 4846 ἀρκεῖ
786 4776 885 4846 γάρ
939 4777 996 4826 τό
1048 4778 1188 4847 ἔχειν
1243 4775 1406 4838 αύτάς
1457 4779 1632 4848 μόνον,

1817 4782 1982 4837 Vers.
2015 4785 2104 4838 2t.
2139 4783 2249 4849 Qui
2289 4813 2352 4824 —
2382 4798 2486 4840 me.
2514 4785 2714 4856 Neque
2731 4783 2890 4840 enim
2918 4783 3137 4840 sufﬁcit
3173 4799 3247 4841 ea
3275 4787 3401 4840 tan-

75 4865 172 4916 ελλά
199 4869 300 4938 χρὴ
331 4869 420 4916 καὶ
449 4870 610 4916 ποιεῖν
641 4863 818 4924 αὐτάς.
852 4863 1023 4917 Εἰπὼν
1072 4862 1133 4918 δε
1171 4872 1322 4918 τοῦτο
1369 4871 1460 4919 καὶ
1504 4871 1636 4942 πρό-

1788 4887 1872 4927 ιαι
1903 4871 2146 4938 habere,
2181 4872 2288 4928 sed
2319 4877 2376 4928 et
2400 4871 2593 4930 facere
2622 4872 2724 4930 illa
2743 4879 2990 4945 oportet.
3021 4873 3167 4930 Cum
3197 4878 3398 4930 autem

76 4973 206 5025 ερον,
236 4954 359 5026 λέγει
402 4953 529 5006 αύτό
561 4958 650 5006 καὶ
694 4960 803 5018 νῦν,
858 4951 1112 5026 ἐμφαίνων
1162 4956 1242 5008 ὃτι
1288 4964 1384 5018 τῆς
1421 4956 1632 5028 ἀγάπης

1790 4975 1857 5016 oc
1897 4959 2158 5031 primum
2181 4960 2443 5025 dixisset,
2474 4976 2633 5018 nunc
2674 4977 2912 5019 rursum
2944 4962 3275 5029 idemdicit,
3307 4978 3400 5018 os-

75 5041 204 5092 ιύτοῦ
234 5051 457 5114 σημεῖον,
499 5042 557 5096 ού
590 5046 648 5096 τό
681 5042 894 5116 ἀθυμεῖν
931 5043 1016 5097 ἰπὶ
1045 5053 1116 5115 τῷ
1141 5053 1404 5120 χωρισμῷ
1431 5046 1591 5100 αύτοῦ
1617 5067 1630 5082 ο

1788 5048 1994 5104 :ndens
2015 5048 2181 5123 quod
2203 5049 2535 5106 dilectionis
2553 5050 2742 5123 ipsius
2771 5051 3010 5122 signum
3029 5065 3152 5108 non
3173 5056 3264 5108 est
3291 5051 3398 5108 do-

75 5135 194 5180 ὀῦτο
219 5132 313 5202 γὰρ
343 5128 538 5195 δειλίας
560 5131 751 5206 μᾶλλόν
783 5131 922 5186 ἔστιν
952 5154 964 5167 ·
1001 5131 1128 5186 ἀλλά
1154 5137 1210 5187 τό
1241 5135 1521 5208 φυλάσσειν
1543 5139 1631 5198 τὰς

1789 5154 1860 5194 ere
1889 5137 1964 5195 de
1990 5141 2364 5211 separatione
2397 5139 2558 5211 ejus;
2597 5155 2734 5196 nam
2755 5139 2817 5196 id
2846 5139 3174 5197 timiditatis
3205 5140 3399 5213 potius

80 5217 248 5279 ντολάς
273 5219 444 5274 αύτοῦ.

1742 5231 1852 5287 est.
1896 5228 2000 5285 sed
2031 5233 2326 5301 praecepta
2371 5229 2500 5300 ejus
2536 5244 2789 5285 servare.

122 5305 177 5358 Ὀ
224 5338 286 5347 -
347 5307 518 5363 αύτόν.
587 5315 686 5364 Καὶ
751 5313 850 5382 ἓγώ
899 5315 969 5373 ὡς
1034 5315 1166 5384 μετά
1230 5317 1289 5366 τό
1341 5314 1630 5374 ἀναστῆναι

1813 5319 1973 5373 Vers.
2006 5322 2098 5375 2|.
2141 5320 2248 5384 Qui
2277 5350 2346 5360 —
2387 5335 2534 5376 eum.
2566 5319 2632 5374 Et
2657 5334 2788 5390 ego,
2823 5323 3114 5392 tanquam
3139 5323 3274 5392 post
3305 5334 3399 5376 re-

75 5398 400 5458 ιποκαταστάς
447 5397 521 5460 εἰς
560 5402 617 5452 τό
652 5404 898 5476 πρότερον
946 5399 1166 5475 ἀξίωμα.
1217 5401 1359 5478 Ὀρα,
1399 5401 1458 5457 δε
1509 5407 1631 5459 θαυ-

1783 5407 2165 5464 urrectionem
2211 5424 2273 5464 in
2304 5408 2620 5482 pristinam
2667 5409 2970 5476 restitutus
3018 5408 3393 5480 dignitatem.

1252 5579 1478 5652 Variae
1501 5581 1832 5655 lectiones
1860 5593 1927 5654 et
1957 5594 2162 5655 note.

130 5771 229 5844 (12)
254 5769 470 5830 ’Δποθνή
482 5789 638 5838 σκων,
672 5775 738 5827 Δ.
