4076 6434
103 377 174 434 Ol

1058 367 1428 428 COMMENT.
1473 366 1542 422 IN
1578 361 1932 421 JOANNEM.
1975 397 2042 406 —
2080 365 2234 422 CAP.
2279 363 2422 422 XIV.

3308 363 3447 420 1402

96 525 129 579 ῑρ
185 505 302 578 γὰρ
364 502 390 554 ό
428 504 680 563 νενοηκὼς
727 497 814 573 ip):
852 499 1056 557 νενόηκε
1095 499 1182 549 τὸν
1233 497 1441 568 Πατέρα
1471 514 1486 528 ·
1539 493 1658 545 οὖτά

1790 489 1946 546 enim
1983 490 2088 563 qui
2119 491 2286 548 novit
2310 505 2428 560 me,
2469 489 2636 547 novit
2676 494 2733 546 et
2762 488 3019 556 Patrem;
3055 487 3138 546 ita
3170 501 3443 546 rursum'

95 593 200 646 εὶιν
262 594 291 644 ὁ
355 595 604 650 νενοηκὼς
679 588 765 661 ἔμε
835 592 1041 645 νενόηκε
1112 589 1172 638 τό
1243 591 1454 656 Πνεῦμα
1486 603 1500 617 ·
1549 588 1675 655 μιᾶς

95 703 143 757 ιρ
190 685 246 734 οἱ
309 688 452 755 τρεῖς
499 680 684 742 οὐσίας
738 683 828 732 καὶ
881 681 1082 751 φύσεως
1133 671 1531 746 καὶδυνάμεως
1585 678 1676 724 καὶ

95 772 224 832 ξίας.

111 859 248 912 "On
311 891 385 900 —
438 862 594 932 μένει.
647 857 846 929 Ὠσπερ
905 857 1007 930 γὰρ
1085 855 1110 905 ό
1165 857 1338 927 Πατὴρ
1401 870 1494 923 μετ
1549 850 1674 924 ἐμοῦ

93 969 194 1001 ττιν
223 971 236 983 ·
265 949 411 1002 οὑτω
431 951 519 1000 καὶ
550 951 608 1000 τό
641 953 849 1019 Πνεῦμα
881 967 893 979 ·
931 944 1230 1018 ἀχώριστος
1253 945 1351 1015 γάρ
1378 942 1408 1000 ἡ
1440 944 1678 1014 μακαρία

93 1041 234 1100 οιεὶς.

121 1133 230 1181 Καὶ
262 1127 316 1180 ἐν
360 1129 483 1199 ὑμῖν
512 1129 682 1179 ἔσται.
729 1129 814 1184 Μὴ
864 1122 1196 1183 ἀποθνῆσκον
1239 1122 1377 1192 (12),
1435 1122 1500 1181 ὡς

92 1213 196 1270 ῦδέ
241 1220 351 1289 γάρ
409 1215 798 1288 ἐνηνθρωπησεν
851 1216 920 1275 ὡς
973 1211 1087 1284 ἐγώ.
1140 1211 1281 1264 Ἐπεὶ
1331 1206 1390 1262 δὲ
1441 1214 1676 1260 τοσαῦτα

93 1311 211 1358 πὼν
243 1309 399 1358 οὔπω
427 1309 516 1363 τὴν
548 1303 773 1376 ἀθυμίαν
797 1302 965 1354 αύτῶν
997 1299 1245 1368 ἐξέϐαλεν,
1275 1295 1673 1370 ἀδημονούντων

91 1415 123 1446 ἰ
157 1399 254 1447 καὶ
289 1393 669 1466 ἀλγυνομένων,
721 1396 785 1453 ὡς
814 1391 1042 1466 ὀρφανῶν
1076 1386 1182 1449 ἤδη
1224 1387 1674 1460 καταλιμπανομέ·

89 1506 172 1553 ον,
209 1485 490 1557 θεραπεύει
518 1485 573 1534 τὸ
605 1488 839 1534 τοιοῦτον
863 1480 1038 1552 ἄλγος.

125 1662 242 1714 Ούκ
277 1692 349 1703 —
389 1660 661 1735 ὀρφανούς.
697 1666 958 1732 [ἰατρικῆς
997 1656 1386 1729 εὐσπλαγχνίας
1415 1659 1472 1708 τὸ
1503 1655 1669 1730 ῥῆμα,

90 1751 491 1822 ολλήνείσοξγον
516 1750 846 1826 παράκλησιν
866 1753 956 1800 καὶ
980 1748 1357 1820 ψυχαγωγίαν.
1383 1745 1458 1798 Ού
1479 1747 1672 1799 παντά-

92 1861 219 1894 ασιν
249 1840 442 1914 ἀφήσω
471 1842 605 1902 ὑμᾶς
634 1842 701 1892 τὰ
725 1843 900 1892 τεκνία
923 1857 1044 1911 μου.

125 2020 405 2094 ’Ἔρχομαι
460 2021 590 2094 πρὸς
645 2019 797 2091 ὑμᾶς.
852 2015 1121 2090 Ἔρχομαι
1183 2014 1337 2068 παλιν
1393 2017 1522 2088 μετά
1577 2017 1671 2073 τὴν

87 2115 343 2182 ριημερον
377 2107 685 2176 ἀνάστασιν,
717 2107 762 2159 εἰ
789 2110 879 2158 καὶ
907 2109 979 2178 μὴ
1008 2109 1076 2168 ὡς
1105 2107 1164 2157 τὸ
1193 2108 1436 2180 πρότερον
1462 2108 1672 2157 συνεσό-

85 2217 232 2259 ιενος.

131 2286 252 2340 Ἔτι
281 2318 347 2328 -
382 2288 576 2361 θεωρεῖ.
608 2285 961 2339 Ἀποθανόντα
987 2286 1052 2345 ὡς
1074 2285 1363 2357 ἄνθρωπον.

130 2461 305 2534 ’Υμεῖς
388 2493 456 2502 -—
544 2481 630 2532 με.
714 2460 1133 2534 Ἐπιφαινόμενον
1216 2461 1337 2533 ὑμῖν
1418 2458 1472 2511 ἐκ
1552 2456 1669 2512 δια·

89 2555 381 2624 ειμμάτων,
441 2555 682 2614 συνόντος
755 2552 876 2622 ὑμῖν
943 2549 1021 2603 ἀεὶ
1099 2556 1192 2602 τοῦ
1256 2549 1413 2603 ἄλλου
1491 2556 1667 2624 Παρα-

83 2641 153 2699 Dor}
162 2661 255 2694 του
265 2684 276 2696 .

121 2820 246 2873 Ὀτι
276 2820 375 2892 ἐγὼ
407 2821 500 2882 ζῶ.
525 2826 625 2886 Ζῶ,
650 2819 803 2872 πάλιν
831 2817 1056 2879 ἀναστὰς
1081 2816 1133 2870 ἐκ
1164 2826 1374 2892 νεκρῶν.

125 2916 229 2964 Καὶ
282 2912 425 2983 ὑμεῖς
479 2910 723 2972 ζήσεσθε.
778 2913 864 2966 Μὴ
918 2906 1277 2982 ἀναιρούμενοι
1335 2907 1525 2959 αὐτίκα
1569 2911 1661 2960 σύν

81 3005 187 3070 μοὶ,
226 2998 332 3049 ἀλλ’
361 3000 460 3050 ὑπὸ
491 3007 580 3057 τῆς
607 2997 734 3070 ἐμῆς
760 2994 1030 3068 δυνάμεως
1067 2995 1140 3068 ἐφ’
1175 2999 1347 3048 ἱκανόν
1379 2999 1662 3070 συντηρού-

81 3106 220 3140 ιενοι.
247 3086 317 3138 ’Ἡ
349 3091 438 3138 καὶ
469 3087 615 3158 ὑμεῖς
663 3087 890 3146 ζήσεσθε
919 3087 1050 3158 μετά
1095 3086 1312 3137 θανατον
1350 3089 1444 3143 τὴν
1493 3105 1661 3156 μακα-

79 3180 171 3227 δίαν
207 3179 365 3235 ζώἡν.

128 3264 209 3316 Ἐν
243 3294 311 3303 ~—
343 3283 465 3336 μου.
499 3262 580 3316 Ἐν
602 3262 765 3335 ἐκείνη
789 3271 850 3336 τῇ
885 3264 1072 3338 ἡμέρᾳ,
1103 3271 1164 3335 τῇ
1198 3269 1293 3324 τῆς
1325 3260 1660 3322 ἀναστάσεώς

79 3373 154 3405 ιου
193 3349 456 3419 δηλονότι,
485 3354 749 3423 γνώσεσθε
791 3354 871 3404 ὃτι
919 3351 1019 3423 ὶγώ
1046 3350 1095 3403 ἐν
1128 3359 1202 3422 τῷ
1232 3355 1400 3426 Πατρί
1423 3371 1544 3423 μου,
1577 3353 1658 3403 ὅτι

80 3449 155 3514 γὼ
188 3439 481 3516 ἀδιαίρετος
529 3449 620 3494 τοῦ
653 3445 854 3516 Πατρός
882 3461 1004 3515 μου,
1039 3439 1086 3492 ἐν
1116 3449 1187 3512 τῷ
1229 3444 1295 3494 τά
1322 3440 1456 3493 αύτά
1482 3439 1657 3512 ἐκείνῳ

79 3529 337 3587 Γύνασθαι.

129 3626 228 3674 Καὶ
253 3653 319 3661 -
347 3622 493 3694 ὑμῖν.
537 3625 636 3674 Καὶ
662 3623 742 3673 ὃτι
770 3625 860 3672 καὶ
890 3618 1032 3693 ὑμεῖς
1071 3618 1118 3672 ἓν
1145 3618 1258 3693 ἐμοὶ
1283 3622 1655 3693 φρουρούμενοι

79 3716 141 3763 ιαὶ
180 3714 499 3784 νευρούμενοι
532 3732 544 3744 ·
587 3709 734 3781 κάγὼ
790 3709 838 3762 ἄν
891 3709 1006 3782 ἐμοὶ
1061 3716 1294 3784 φρουρῶν
1335 3714 1425 3762 καὶ
1465 3717 1652 3781 νευρῶν

79 3807 210 3873 υμᾶς.
245 3802 506 3853 Γνὼσεσθε
544 3796 602 3852 δὲ
640 3807 823 3864 ταῦτα,
857 3807 958 3851 τῶν
1007 3797 1211 3870 ἐχθρῶν
1250 3798 1650 3871 καταστελλομέ·

85 3912 168 3954 ων,
225 3891 363 3961 ὑμῶν
424 3888 948 3964 παρρησιαζομένων,
997 3895 1090 3940 τοῦ
1141 3890 1480 3961 κηρύγματος
1530 3889 1647 3941 καθ’

80 3980 273 4036 κάστην
305 3977 576 4040 ἀνθοῦντος
604 3982 698 4036 τὴν
720 3979 935 4053 ἡμέραν.

125 4067 180 4118 Ὀ
206 4072 291 4138 μὲν
321 4064 406 4119 οὖν
447 4071 677 4140 Χριστός
723 4069 772 4119 ἐν
801 4087 872 4138 τῳ
921 4071 1108 4140 Πατρὶ,
1159 4068 1294 4119 κατὰ
1334 4065 1483 4138 λόγον
1530 4066 1646 4120 ἰσο-

79 4152 348 4227 Γυναμίας·
380 4158 429 4208 οἰ
478 4153 537 4208 δὲ
585 4155 864 4209 ἀπόστολοι
921 4159 971 4208 ἓν
1020 4156 1180 4226 αύτῷ,
1235 4160 1325 4208 καὶ
1377 4156 1534 4218 αύτός
1597 4155 1645 4208 ἕν

79 4243 248 4307 ιύτοῖς,
301 4247 434 4298 κατὰ
483 4244 635 4318 λόγον
711 4244 976 4318 βοηθείας.
1033 4242 1162 4298 Οἵδε
1213 4249 1313 4318 γάρ
1380 4247 1410 4303 ἠ
1468 4250 1642 4319 Γραφή

79 4333 292 4396 τολλάκις
341 4342 444 4396 τοῖς
474 4335 651 4397 αὑτοῖς
679 4341 906 4407 ρήμασιν
937 4338 1020 4386 ἐπὶ
1053 4341 1187 4388 Θεοῦ
1232 4339 1321 4386 καὶ
1364 4333 1644 4406 ἀνθρώπων

79 4427 298 4495 ιειμὲνοις
368 4424 473 4496 ούχ
521 4427 706 4496 ὁμοίως
766 4425 1085 4496 κεχρῆσθαι.
1143 4428 1244 4476 Καὶ
1317 4425 1344 4475 ό
1415 4428 1645 4499 Χριστός

79 4516 175 4584 μὰρ,
230 4518 315 4565 καὶ
378 4515 527 4586 ἡμεῖς
578 4517 682 4567 υἱοὶ
730 4521 864 4566 θεοῦ
919 4517 1009 4564 καὶ
1067 4513 1170 4565 θεοὶ
1226 4512 1495 4584 λεγόμεθα,
1553 4519 1642 4566 καὶ

937 4600 1064 4652 ἀ)λά
1093 4601 1222 4654 πολὺ
1276 4605 1334 4654 τό
1370 4599 1638 4677 διάφορον.

1671 4559 1719 4615 D

87 4602 200 4652 ἰκὼν
228 4608 368 4667 Θεοῦ,
399 4607 490 4654 καὶ
536 4600 668 4667 δόξα
703 4611 837 4657 Θεοῦ
875 4623 889 4636 ο

79 4696 158 4744 (αἱ
179 4691 328 4744 πολλά
350 4691 467 4745 πολ)
478 4701 616 4764 αχοῦ
637 4700 872 4746 τοιαῦτα.

128 4782 180 4834 Ὀ
221 4813 279 4823 —
311 4803 394 4856 με.
450 4782 558 4834 Ούκ
606 4780 754 4854 ἀρκεῖ
793 4783 892 4853 γάρ
946 4785 1003 4834 τό
1055 4785 1196 4854 ἔχειν
1249 4782 1413 4846 αύτάς
1464 4787 1638 4856 μόνον,

79 4872 180 4924 ι).λά
207 4877 307 4946 χρὴ
339 4877 427 4924 καὶ
455 4878 618 4924 ποιεῖν
648 4870 824 4931 αὑτάς.
860 4870 1030 4924 Εἰπὼν
1079 4870 1139 4926 δὲ
1177 4879 1329 4926 τοῦτο
1376 4878 1467 4926 καὶ
1512 4878 1642 4950 πρό-

79 4981 214 5033 ἐρον,
243 4962 366 5034 λέγει
409 4961 536 5014 αὑτό
567 4966 657 5014 καὶ
701 4967 810 5025 νῦν,
864 4959 1120 5033 ἐμφαίνων
1169 4965 1249 5015 ότι
1296 4971 1392 5026 τῆς
1428 4963 1639 5035 ἀγάπης

79 5049 212 5100 ιύτοῦ
241 5058 464 5122 σημεῖον,
505 5050 564 5104 οὑ
597 5054 654 5103 τό
687 5049 900 5123 ἀθυμεῖν
938 5050 1022 5105 ἰπὶ
1052 5060 1123 5123 τῷ
1149 5061 1410 5127 χωρισμῷ
1438 5053 1598 5106 αὑτοῦ
1623 5075 1637 5090 ο

79 5143 201 5188 ὀῦτο
227 5140 319 5209 γὰρ
350 5135 545 5202 δειλίας
567 5139 758 5213 μᾶλλόν
790 5139 929 5194 ἔστιν
958 5161 971 5174 ο
1007 5139 1135 5194 ἀλλά
1161 5145 1217 5195 τό
1248 5142 1528 5215 φυλάσσειν
1549 5146 1638 5205 τάς

79 5225 256 5287 ςντολάς
280 5226 450 5282 αὑτοῦ.

131 5313 184 5367 Ὀ
231 5345 292 5355 -
352 5315 525 5370 αὑτόν.
594 5323 694 5370 Καὶ
757 5320 857 5390 ἐγὼ
907 5321 976 5380 ὡς
1041 5323 1174 5392 μετά
1237 5324 1296 5374 τό
1348 5322 1637 5382 ἀναστῆναι

79 5405 406 5466 ὶποκαταστὰς
454 5405 528 5468 εἰς
566 5409 624 5459 τό
659 5411 905 5483 πρότερον
953 5406 1173 5482 ἀξίωμα.
1225 5409 1366 5486 Ὀρα¹
1406 5409 1465 5465 δε
1516 5415 1637 5467 θαυ-

1784 581 1888 652 qui
1916 581 2079 636 novit
2108 579 2396 645 me,novit
2418 585 2472 636 et
2502 580 2783 653 Spiritum
2815 583 3110 635 sanctum.
3141 579 3294 634 Nam
3328 583 3444 635 tres

1784 671 1963 726 unius
1994 676 2130 726 sunt
2169 671 2519 727 substantia
2544 685 2615 726 ac
2640 672 2890 735 naturae,
2935 667 3216 742 potentia:
3258 683 3331 725 ac
3359 668 3442 724 di-

1783 760 2058 831 gnitatis.

1852 849 2013 906 Vers.
2043 854 2124 906 l7.
2159 849 2298 916 Quia
2330 881 2395 892 —
2421 856 2641 906 manet.
2693 848 2856 905 Sicut
2899 847 3059 904 enim
3105 849 3272 904 Pater
3311 862 3442 904 me-

1783 953 1920 994 cum
1990 942 2100 1005 est,
2159 939 2242 995 ita
2293 944 2351 996 et
2406 939 2657 1010 Spiritus
2704 941 2967 994 sanctus.
3036 937 3442 1010 inseparabile

1784 1027 2080 1101 siquidem
2109 1033 2195 1084 est
2221 1029 2398 1086 beata
2425 1028 2703 1084 Trinitas.

1855 1117 2017 1174 Vers.
2085 1124 2170 1173 l7.
2202 1120 2277 1174 Et
2311 1118 2376 1174 in
2409 1118 2566 1175 vobis
2595 1118 2732 1174 erit.
2782 1120 2907 1174 Non
2952 1116 3236 1182 moriens,
3283 1117 3440 1174 sicut

1783 1222 1896 1278 ego
1930 1224 1944 1263 :
1978 1223 2173 1280 neque
2207 1209 2365 1263 enim
2393 1208 2737 1264 incarnatus
2765 1211 2872 1272 est,
2907 1206 3062 1262 sicut
3106 1222 3236 1276 ego.
3290 1205 3441 1275 Quia

1781 1312 1917 1352 vero
1945 1313 2086 1352 cum
2141 1301 2263 1353 tam
2317 1296 2504 1353 multa
2542 1296 2802 1362 dixisset,
2835 1295 3108 1352 nondum
3142 1295 3437 1352 tristitiam

1783 1385 2022 1442 illorum
2052 1385 2364 1458 repulerat,
2395 1387 2541 1459 quia
2568 1387 2823 1455 graviter
2853 1385 3050 1441 adhuc
3072 1384 3343 1441 ferebant
3368 1400 3440 1441 ac

1781 1477 2219 1544 mmrehant,ut
2247 1475 2350 1548 qui
2377 1476 2506 1546 jam
2523 1474 3294 1548 orphanirelinquerentur,
3329 1473 3441 1530 hu-

1776 1563 2043 1635 jusmouli
2075 1569 2242 1621 curat
2283 1564 2650 1620 maestitiam.

1853 1654 2014 1710 Vers.
2051 1655 2141 1711 l8.
2181 1686 2249 1694 —
2273 1654 2740 1724 Nonorphanos.
2760 1653 3024 1708 Paterna:
3039 1651 3438 1708 miserationis

1779 1743 2029 1799 verbum
2087 1743 2465 1814 est,multam
2514 1742 2770 1799 efferens
2819 1741 3288 1798 consolationem
3366 1757 3437 1798 ac

1705 1832 1749 1888 Β
1781 1833 2261 1890 oblectationem.
2291 1834 2682 1906 Nequaquam
2709 1847 2815 1888 vos
2854 1831 3188 1904 relinquam
3221 1832 3438 1904 orpha-

1781 1938 1893 1979 nos
1921 1922 2024 1995 qui
2052 1922 2152 1979 ﬁlii
2195 1922 2311 1978 mei
2340 1921 2497 1978 estis.

1853 2013 2012 2067 Vers.
2061 2017 2143 2068 l8.
2202 2013 2442 2069 Veniam
2489 2012 2572 2068 ad
2597 2026 2710 2068 vos.
2747 2009 2985 2066 Veniam
3033 2024 3267 2066 rursum
3299 2012 3436 2081 post

1781 2101 1932 2158 tertii
1953 2102 2072 2158 diei
2087 2102 2596 2165 resurrectionem,
2616 2115 2972 2174 quanquam
2997 2115 3136 2165 non,
3159 2103 3222 2155 ut
3241 2099 3428 2172 prius,

1781 2206 1892 2247 COD
1901 2207 2164 2248 versans.

1850 2282 2010 2338 Vers.
2050 2283 2127 2338 {9.
2154 2281 2370 2338 Adhuc
2398 2313 2465 2322 —
2495 2279 2731 2338 videbit.
2752 2279 2901 2336 Cum
2932 2283 3220 2352 tanquam
3241 2278 3428 2336 homo

1976 2389 2018 2427 Γ.

1976 2389 2018 2427 Γ.

1779 2387 2011 2516 migra
2044 2465 2125 2518 19.
2158 2461 2264 2516 Vos
2292 2491 2350 2500 -—
2381 2475 2491 2516 me.
2511 2461 2909 2530 Apparentem
2940 2457 3112 2512 vobis
3137 2472 3239 2527 per
3255 2456 3430 2513 inter-

1779 2550 1968 2607 missa
1985 2557 2272 2621 tempora,
2308 2552 2696 2605 conversante
2714 2561 2951 2618 semper
2974 2545 3289 2602 vobiscum
3310 2544 3430 2602 alio

1776 2648 2078 2704 Paracleto
2092 2692 2104 2704 .

1847 2739 2014 2795 Vers.
2055 2743 2138 2795 l9.
2169 2738 2320 2806 Quia
2351 2753 2455 2806 ego
2487 2738 2699 2794 vivam.
2728 2737 2939 2792 Vivam
2963 2749 3175 2791 rursus
3207 2749 3242 2791 a
3267 2750 3426 2791 mor-

1775 2827 1890 2885 tuis
1921 2843 2259 2898 resurgens.

1845 2917 2012 2974 Vers.
2058 2923 2146 2975 l9.
2216 2919 2294 2973 Et
2345 2933 2435 2972 vos
2489 2916 2713 2973 vivetis.
2753 2916 2884 2971 Non
2923 2913 3123 2971 statim
3189 2928 3424 2970 mecum

1769 3006 2078 3072 interfecti,
2107 3007 2210 3062 sed
2271 3022 2405 3062 mea
2430 3007 2640 3062 virtute
2697 3005 2883 3062 multo
2919 3003 3119 3060 adhuc
3158 3007 3426 3076 tempore

1769 3097 2126 3151 conservati.
2166 3096 2288 3160 Vel,
2351 3110 2456 3150 vos
2504 3094 2711 3150 vivetis
2763 3095 2941 3150 etiam
2980 3098 3112 3165 post
3169 3098 3422 3150 mortem

1691 3206 1736 3265 ο
1771 3182 1888 3238 vita
1928 3183 2122 3238 beata.

1841 3272 2002 3327 Vers.
2023 3275 2113 3327 20.
2138 3271 2206 3328 In
2220 3303 2287 3312 —
2299 3287 2443 3328 meo.
2469 3274 2528 3326 ln
2563 3271 2663 3327 illo
2681 3269 2797 3338 die,
2815 3269 3264 3326 resurrectionis
3279 3285 3422 3325 meas

1768 3360 2057 3427 videlicet,
2078 3363 2474 3430 cognoscetis,
2501 3359 2666 3434 quod
2692 3375 2806 3429 ego
2832 3377 2864 3416 a
2897 3360 3065 3416 Patre
3095 3374 3231 3414 meo
3269 3357 3420 3414 indi-

1766 3450 1933 3506 visus
1965 3451 2098 3516 sim,
2131 3449 2344 3506 eadem
2384 3455 2595 3523 potens
2634 3466 2772 3506 cum
2806 3448 2928 3505 illo.

1839 3629 2002 3684 Vers.
2032 3630 2217 3686 20.19:
2243 3628 2509 3686 —vobis.
2565 3630 2632 3684 Et
2648 3628 2804 3701 quod
2837 3644 2943 3684 vos
2969 3627 3148 3684 etiam
3194 3628 3256 3683 in
3298 3642 3414 3696 me,

1763 3719 2035 3774 custoditi
2066 3735 2136 3775 ac
2165 3718 2428 3774 roborati
2472 3737 2485 3775 :
2527 3725 2583 3774 et
2612 3733 2724 3788 ego
2755 3719 2815 3774 in
2848 3717 3035 3788 vobis,
3069 3715 3413 3773 custodiens

1760 3824 1825 3864 ac
1845 3808 2136 3864 roborans
2165 3825 2294 3865 vos.
2322 3808 2456 3864 Haec
2477 3814 2678 3865 autem
2701 3807 3096 3879 cognoscetis,
3126 3805 3411 3880 repressis

1757 3895 2033 3962 inimicis,
2054 3899 2345 3972 vobisque
2361 3898 2542 3956 libere
2563 3897 2966 3972 loquentibus,
2997 3914 3067 3954 ac
3091 3896 3409 3969 Evangelio

1756 3985 1817 4042 in
1856 3987 1982 4043 dies
2011 3987 2278 4044 ﬂorente.

1829 4077 2307 4150 Christusitaque
2340 4077 2399 4133 iu
2430 4080 2615 4144 Patre,
2647 4079 2869 4134 ratione
2903 4076 3176 4148 ejusdem
3205 4080 3410 4148 poten-

1757 4165 1882 4231 tias;
1918 4167 2170 4237 apostoli
2207 4183 2345 4222 vero
2373 4167 2432 4222 in
2463 4183 2534 4222 eo
2561 4171 2616 4222 et
2637 4169 2762 4239 ipse
2793 4167 2850 4221 in
2884 4166 3018 4230 illis,
3053 4165 3276 4222 ratione
3305 4181 3409 4221 au-

1757 4253 1898 4309 xilii.
1942 4255 2247 4326 Siquidem
2281 4258 2441 4311 novit
2471 4256 2808 4328 frequenter
2840 4256 3140 4327 Scriptura
3178 4253 3408 4310 eisdem

1756 4342 1951 4398 verbis
1968 4349 2022 4398 et
2039 4343 2112 4398 de
2129 4345 2246 4399 Deo
2262 4349 2317 4400 et
2335 4343 2578 4400 homine
2611 4344 2837 4415 positis,
2857 4360 2976 4400 non
2995 4343 3262 4400 similiter
3291 4345 3400 4400 uti.

1756 4434 1901 4488 Nam
1933 4438 1988 4488 et
2018 4433 2280 4488 Christus
2311 4438 2367 4489 et
2392 4449 2502 4489 nos
2555 4433 2657 4490 ﬁlii
2720 4433 2819 4489 Dei
2871 4450 2942 4490 ac
2994 4433 3088 4489 dei
3130 4432 3410 4496 dicimur,

1754 4526 1809 4576 et
1835 4521 2036 4590 imago
2063 4538 2132 4578 ac
2159 4521 2344 4591 gloria
2383 4523 2486 4578 Dei
2521 4523 2660 4578 :sed
2694 4537 2917 4594 magna
2946 4521 3408 4588 estdiﬂ'erentia,

1753 4615 1808 4666 et
1840 4610 2024 4666 multa
2067 4611 2240 4666 variis
2269 4611 2329 4666 in
2371 4610 2512 4667 locis
2543 4612 2762 4668 similia
2790 4611 3193 4668 inveniuntur.

1825 4789 1988 4845 Vers.
2021 4793 2110 4846 2t.
2145 4791 2255 4856 Qui
2294 4822 2357 4832 —
2388 4806 2492 4848 me.
2520 4793 2720 4864 Neque
2737 4791 2896 4847 enim
2925 4790 3144 4847 sufﬁcit
3180 4806 3254 4848 ea
3281 4795 3409 4848 tan-

1752 4883 1879 4934 tum
1909 4879 2152 4946 habere,
2188 4880 2294 4936 sed
2325 4885 2382 4936 et
2405 4879 2599 4937 facere
2628 4881 2730 4937 illa
2750 4885 2996 4952 Oportet.
3027 4880 3174 4937 Cum
3204 4885 3406 4938 autem

1749 4965 1863 5023 hoc
1903 4967 2164 5039 primum
2188 4968 2450 5033 dixisset,
2480 4984 2639 5025 nunc
2680 4985 2918 5026 rursum
2951 4969 3110 5026 idem
3123 4969 3282 5036 dicit,
3314 4985 3408 5024 os-

1750 5055 2000 5111 tendens
2022 5056 2187 5130 quod
2209 5057 2541 5114 dilectionis
2559 5057 2748 5130 ipsius
2778 5059 3016 5130 signum
3036 5072 3159 5114 non
3179 5063 3270 5115 est
3299 5058 3406 5115 do-

1750 5144 1866 5202 lere
1895 5145 1971 5202 de
1996 5148 2370 5219 separatione
2403 5146 2565 5219 ejus;
2602 5163 2740 5204 nam
2761 5147 2823 5203 id
2853 5146 3181 5204 timiditatis
3211 5147 3406 5220 potius

1749 5239 1859 5294 est.
1903 5235 2005 5292 sed
2036 5240 2332 5308 praecepta
2377 5237 2507 5308 ejus
2542 5251 2796 5293 servare.

1820 5326 1979 5381 Vers.
2012 5330 2105 5382 2t.
2147 5327 2254 5392 Qui
2283 5357 2353 5367 —
2393 5343 2541 5384 eum.
2573 5327 2638 5382 Et
2663 5342 2795 5398 ego,
2829 5330 3120 5398 tanquam
3146 5330 3280 5399 post
3311 5341 3406 5382 re-

1748 5415 2173 5472 surrectionem
2218 5431 2280 5472 1n
2310 5416 2626 5489 pristinam
2674 5417 2977 5482 restitutus
3021 5415 3401 5490 dignitatem.

1259 5587 1485 5659 Variae
1508 5589 1839 5662 lectiones
1867 5600 1934 5661 et
1964 5601 2168 5662 nota.

137 5779 236 5851 (12)
261 5777 478 5838 ’Δποθνή
489 5796 646 5846 σκων,
679 5783 745 5835 Δ.
