4076 6436
133 354 254 433 uos

1091 365 1462 426 COMMENT.
1505 364 1574 421 IN
1602 351 1942 422 JoANNEM.
1988 397 2051 408 —
2093 366 2248 427 CAP.
2291 370 2436 430 XIV.

3322 348 3474 433 ‘ltok

130 477 433 574 7wopr’vovg.
506 478 679 572 [Εἰκὸς
747 495 864 568 (15)
952 497 1049 571 γὰρ
1123 494 1311 556 αὐτοὺς
1369 491 1686 546 ἐπιλαθέσθαι

1821 493 2064 550 reducet
2101 496 2209 570 (εΗ-
2251 498 2700 570 perfectioribus
2731 499 2944 572 factis).
2976 501 3126 556 Nam
3156 494 3473 554 verisimile

131 599 282 644 τινῶν.

195 679 408 753 Εἰρήνην
467 675 658 750 ἀφίημι
689 677 834 749 ὑμῖν,
890 677 956 727 Οἱ
984 677 1074 746 μὲν
1103 673 1249 726 ἄλλοι
1278 673 1544 738 ἄνθρωποι
1586 669 1712 723 ἁπο-

132 771 421 830 θνήσκοντες
474 770 734 841 χρήματα
765 769 856 818 καὶ
886 768 1130 836 κτήματα
1155 769 1266 824 τοῖς
1313 761 1524 821 οἰκεὶοις
1554 758 1710 832 ἀφιᾶ-

132 879 204 912 σιν
235 878 246 890 ⁸
279 859 303 910 6
335 854 393 910 δὲ
419 860 643 932 Χριστὸς
681 855 886 928 εἰρήνην
911 861 1022 915 τοῖς
1053 849 1210 914 ἰδίοις
1233 850 1443 924 ἀφῆκεν,
1477 850 1706 924 εἰρήνην,

127 952 179 1001 τὸ
202 947 356 1019 γλυκύ
389 951 479 999 καὶ
500 951 720 1019 πρᾷγμα
743 950 832 997 καὶ
863 942 1289 1017 ὅνομα.Εἰρήνην,
1313 943 1492 1013 φησὶν,
1518 938 1709 1011 ἀφίημι

129 1038 254 1110 ὑμῖν,
289 1037 368 1087 ἱνα
395 1035 686 1110 εἰρηνεύητε
719 1035 847 1108 πρὸς
871 1030 1118 1092 ἀλλήλους
1161 1030 1270 1101 (16)
1302 1033 1391 1080 καὶ
1415 1031 1546 1103 πρὸς
1569 1026 1655 1100 ἐμέ
1691 1042 1707 1058 ⁸

30 1119 34 1142 ί
126 1130 209 1177 καὶ
247 1124 422 1176 λοιπὸν
455 1121 606 1176 οὐδὲν
641 1124 772 1196 ὑμᾶς
818 1124 847 1180 ἠ
882 1129 973 1173 τοῦ
1025 1125 1226 1192 κόσμου
1266 1121 1478 1194 ταραχὴ
1515 1115 1708 1190 βλάψει

125 1211 230 1266 οὐδ’
246 1210 542 1286 ἐμποδίσει.

190 1303 400 1378 Εἰρήνην
426 1333 494 1342 -
520 1303 660 1374 ὑμῖν.
696 1305 802 1360 Τήν
833 1298 947 1373 ἐμοὶ
986 1297 1332 1372 πεφιλημένην
1361 1301 1456 1354 τήν
1486 1294 1570 1348 ἐπὶ
1597 1301 1705 1356 τοῖς

120 1392 493 1465 ψυχωγελέσιν,
527 1394 584 1443 οὑ
602 1395 695 1450 τήν
719 1398 810 1443 τοῦ
835 1393 1036 1462 κόσμου
1063 1392 1156 1448 τήν
1188 1386 1270 1441 ἐπὶ
1295 1393 1405 1449 τοῖς
1423 1382 1702 1458 ψυχοϐλα-

26 1503 33 1508 ·
120 1479 272 1538 ϐέσιν,

185 1659 254 1711 Οὐ
285 1692 350 1700 -
377 1661 519 1732 ὑμῖν.
581 1658 640 1712 '0
697 1677 786 1732 μεν
815 1661 915 1732 γὰρ
956 1661 1168 1730 κόσμος,
1203 1661 1365 1729 ἤγουν
1397 1658 1444 1708 οἱ
1473 1657 1704 1728 κοσμικὰ

22 1777 24 1782 υ
115 1757 424 1821 φρονοῦντες,
451 1749 658 1822 εἰρήνην
709 1745 957 1802 διδόασιν
987 1747 1098 1819 (17)
1123 1745 1361 1808 ἀλλήλοις
1390 1745 1476 1798 ἐπὶ
1507 1753 1650 1816 κακῷ
1686 1762 1698 1774 ⁸

111 1837 204 1910 ἐγω
231 1836 287 1892 δε
307 1839 508 1914 εἰρήνην
548 1835 753 1911 δίδωμι
777 1840 896 1911 ὑμῖν
921 1837 997 1890 ἐπ’
1027 1836 1233 1909 ἀγαθῷ.

180 1927 244 1980 Ἠ
293 1928 405 1999 (18ὶ
460 1929 484 1980 ὁ
565 1932 655 2001 μὲν
717 1931 911 2000 κόσμος
989 1932 1248 2000 χρήματα
1298 1930 1387 1977 καὶ
1456 1929 1703 1997 κτήματα

20 2031 32 2060 i1
111 2013 301 2070 δίδωσι
352 2024 463 2079 τοῖς
510 2017 670 2070 αὐτοῦ
727 2033 740 2048 ⁸
794 2015 893 2088 ἐγὼ
954 2012 1012 2068 δε
1079 2015 1284 2088 εἰρήνην
1326 2011 1527 2086 δίδωμι
1580 2015 1700 2086 ὑμῖν

108 2113 210 2166 τοῖς
269 2105 429 2178 ἐμοῖς.
499 2107 639 2160 Ἐπεὶ
717 2102 777 2158 δε
861 2108 919 2158 τὸ
1001 2104 1220 2176 Ἀφίημι
1271 2106 1413 2176 ὑμῖν,

20 2215 24 2222 ·
106 2214 258 2269 ρησιν
312 2195 570 2270 ἐμφαῖνον,
625 2198 894 2269 σύγχυσιν
951 2193 1158 2248 πλείονα
1201 2193 1380 2256 αὐτοῖς
1412 2192 1696 2258 ἕνεποίησε,

18 2307 30 2334 :.
109 2290 232 2357 φησί
262 2302 274 2315 '

178 2379 259 2433 Μή
292 2406 359 2415 -
393 2371 654 2428 δειλιάτω.
685 2373 843 2449 Ὀρᾶς
872 2376 953 2427 ὅτι
1009 2374 1068 2426 οὐ
1099 2381 1373 2427 τοσοῦντον
1427 2372 1528 2426 ἀπό
1561 2373 1700 2446 φιλο-

18 2491 20 2494 ν
108 2469 367 2540 στοργίας,
401 2466 522 2516 ὅσον
564 2463 664 2516 ἀπὸ
689 2460 887 2525 δειλίας
917 2467 1172 2536 ἔπασχον,
1206 2464 1429 2537 οἰόμενοι
1457 2460 1491 2516 δ
1498 2483 1696 2516 ιασπα-

1490 2101 1699 2175 ἀναχώ-

18 2580 30 2608 :
99 2555 474 2628 ραχθήσεσθαι
513 2555 656 2628 παρὰ
678 2561 778 2606 τῶν
809 2552 1012 2626 ἐχθρῶν
1053 2552 1232 2607 αὐτοῦ.

169 2732 456 2785 Ἠκούσατε
501 2764 568 2772 -
635 2733 788 2805 ὑμᾶς.
840 2731 950 2784 Οὐκ
1019 2729 1157 2785 εἷπον
1206 2733 1286 2784 ὅτι
1335 2729 1544 2802 Ὑπάγω
1604 2735 1696 2803 μό-

16 2855 21 2881 τ
91 2841 200 2890 νον,
232 2820 344 2892 ἀλλ,
382 2823 462 2874 ὅτι
489 2827 578 2874 καὶ
621 2820 893 2896 Ἔρχομαι
919 2824 1049 2898 πρὸς
1079 2822 1232 2895 ὑμᾶς.
1266 2825 1462 2875 Λοιπὸν
1501 2820 1554 2872 τί
1584 2816 1696 2872 δει-

89 2911 234 2964 λιᾶτε
267 2931 282 2978 ;

167 2998 225 3050 Εἰ
269 3031 319 3040 -
381 3003 604 3074 Πατέρα.
667 2996 877 3056 Ἐπειδὴ
910 3003 1052 3051 οὔπω
1111 3004 1228 3070 περὶ
1281 3007 1374 3060 τῆς
1435 2998 1562 3069 ἐμῆς
1604 3017 1690 3050 πε·

16 3147 20 3156 τ
92 3086 496 3160 πληροφόρησθε
585 3085 873 3160 δυνάμεως,
959 3094 1047 3140 καὶ
1138 3084 1279 3140 διότι
1352 3085 1686 3149 ἀποθνήσκω,

90 3175 324 3247 νομίζετε
372 3195 434 3248 με
501 3180 572 3249 μὴ
643 3173 902 3228 δύνασθαι
967 3179 1095 3248 μετὰ
1150 3177 1362 3228 θάνατον
1420 3181 1690 3246 συντηρεῖν

354 3263 573 3337 ὀφείλετε
649 3269 880 3336 χαίρειν,
966 3267 1043 3318 ὅτι
1129 3262 1286 3327 εἶπον,
1394 3265 1690 3335 Πορεύομάι

15 3417 20 3424 θ
90 3357 223 3426 πρὸς
277 3357 362 3405 τὸν
421 3357 646 3426 Πατέρα,
701 3358 787 3405 τὸν
869 3350 1150 3426 δυνάμενον
1237 3352 1495 3416 ἐξελέσθαι
1555 3353 1690 3423 ὑμᾶς

90 3445 267 3504 πάσης
327 3441 617 3507 ἐπιϐουλῆς,
678 3441 956 3504 ἐννοοῦντες
1002 3445 1081 3496 ὅτι
1133 3441 1436 3518 πρεσϐεύσω
1483 3442 1689 3503 πάντως

12 3313 24 3334 λ
91 3266 224 3336 ὑμᾶς
280 3270 294 3292 ⁶

12 3583 14 3588 .
90 3534 217 3606 ὑπερ
245 3534 405 3604 ὑμῶν.

158 3621 364 3674 Ὀτι-
396 3620 528 3676 ἐστι.
563 3653 629 3662 -
661 3622 866 3683 Μείζων
913 3624 1017 3695 μού
1067 3621 1200 3690 ἐστι,
1229 3630 1289 3694 τῇ
1353 3618 1593 3693 δυνάμει,
1623 3623 1688 3681 ὡς

83 3714 234 3785 ὑμεῖς
281 3709 500 3776 δοκεῖτε,
562 3711 651 3764 άτε
708 3717 1135 3788 περιφανέστερον
1195 3711 1244 3763 ἓν
1299 3719 1409 3772 ταῖς
1463 3717 1686 3784 Γραφαίς

80 3801 586 3873 ἀνακηρυττόμενος.
661 3808 840 3854 Ταῦτα
897 3798 955 3853 δὲ
999 3803 1168 3853 πάντα
1235 3801 1371 3873 λέγει
1427 3819 1685 3873 συγκατα-

77 3891 271 3944 ϐαίνων
339 3899 400 3963 τῇ
461 3890 718 3961 ὑπολήψει
784 3896 873 3942 καὶ
940 3889 1180 3964 ἀσθενείᾳ
1249 3901 1348 3943 τῶν
1412 3893 1679 3963 μαθητῶν,

74 3985 169 4032 καὶ
196 3979 253 4041 ἐξ
293 3979 454 4041 αὐτῆς
485 3988 573 4039 τῆς
629 3979 723 4031 οὐκ
790 3982 948 4055 ὀρθῆς
989 3981 1156 4032 αὐτῶν
1213 3980 1512 4052 ὑπολήψεως
1551 3980 1684 4052 ἐλέγ-

71 4088 193 4141 χων
253 4067 461 4128 αὐτούς.
519 4070 665 4120 Κατά
703 4069 804 4142 γὰρ
845 4072 930 4121 τὸν
971 4069 1135 4129 ἀληθῆ
1203 4069 1373 4141 λόγον,
1423 4071 1448 4121 6
1499 4074 1680 4142 Πατὴρ

69 4156 272 4230 μείζων
303 4159 414 4228 μὲν,
450 4154 556 4207 ἀλλ’
586 4156 643 4207 οὗ
687 4165 748 4228 τῇ
804 4155 1023 4232 δυνάμει
1066 4163 1247 4231 ;μόνῳ
1279 4155 1337 4211 δε
1384 4168 1453 4229 τῷ
1510 4159 1681 4230 αἰτίῳ,

69 4248 157 4298 ὃτι
199 4247 367 4307 αἴτιος
412 4253 481 4316 τῷ
506 4253 609 4315 Υιῴ
639 4254 728 4307 τῆς
751 4253 1055 4318 γεννήσεως.
1099 4249 1186 4302 Ἐκ
1217 4256 1306 4300 τοῦ
1351 4251 1550 4322 [ἰατρὸς
1578 4249 1680 4320 γὰρ

68 4333 96 4385 6
133 4335 278 4395 Υἱὸς.

151 4426 254 4474 Καὶ
298 4453 363 4462 —
395 4425 730 4482 πιστεύσητε.
775 4429 974 4499 Εἳρηκα
1019 4427 1138 4499 ὑμῖν
1191 4429 1254 4479 τὰ
1281 4432 1394 4501 περὶ
1425 4435 1519 4488 τῆς
1551 4425 1684 4479 ἀπο-

63 4507 278 4582 δημίας
309 4516 397 4564 καὶ
433 4512 585 4564 πάλιν
633 4511 918 4588 ἕπιδημίας
971 4535 1096 4587 μου,
1155 4521 1243 4567 καὶ
1299 4519 1363 4567 τὰ
1417 4521 1534 4590 περὶ
1589 4525 1679 4570 τοῦ

57 4599 229 4651 ἄλλον
285 4601 646 4675 Παρακλήτου,
683 4605 764 4656 ἵνα
813 4608 933 4658 ὅταν
987 4609 1214 4676 γένηται,
1247 4609 1564 4666 πιστεύσητε
1603 4610 1680 4660 ὄτι

54 4691 242 4743 πάντα
273 4697 360 4743 καὶ
386 4687 508 4744 οἶδα
544 4697 630 4744 καὶ
660 4689 911 4765 δύναμαι.
972 4694 1149 4757 Οὕτως
1178 4692 1264 4746 οὖν
1287 4699 1678 4771 παραμυθησά·

50 4800 215 4853 μενος
244 4780 454 4844 αὐτοὺς,
487 4780 639 4833 πάλιν
668 4781 800 4852 λέγει
826 4784 892 4833 τὰ
922 4781 1152 4856 λυπηρὰ,
1192 4792 1254 4856 τῇ
1284 4791 1531 4859 συνεχείᾳ
1560 4791 1678 4840 τού..

47 4889 161 4922 των
183 4870 470 4943 γυμνάζων
499 4869 688 4932 αὐτοὺς
715 4870 788 4932 εἰς
817 4874 874 4922 τό
906 4875 977 4944 μὴ
1037 4872 1393 4945 θορυϐηθήναι
1422 4880 1558 4929 κατά
1587 4881 1674 4930 τὸν

46 4961 250 5030 καιρὸν
280 4968 379 5010 τῶν
425 4955 625 5012 δεινῶν.
681 4963 749 5012 T6
803 4963 904 5035 γὰρ
959 4958 1322 5034 προσδοκηθεν
1354 4964 1672 5042 ὁμαλώτερον

53 5047 214 5096 εἴωθε
243 5047 610 5120 προσϐάλλειν.

135 5133 256 5184 Οὖκ
321 5138 394 5187 ῖτι
453 5168 524 5178 -—
579 5139 782 5213 ἄρχων.
841 5137 1089 5194 Ἐνταῦθα
1157 5146 1355 5216 κόσμον
1406 5147 1496 5218 μεν
1537 5145 1672 5218 λέγει

47 5225 154 5281 τήν
183 5227 377 5276 κακίαν
412 5244 425 5258 ο
460 5227 697 5302 ἄρχοντα
737 5225 797 5282 δε
827 5233 913 5283 τὸν
945 5227 1187 5285 διάϐολον
1216 5250 1229 5264 ο
1265 5233 1323 5286 οὐ
1367 5238 1470 5309 γὰρ
1522 5237 1674 5314 οὐρα-

1821 590 1926 648 est,
1960 599 2064 641 eos
2095 588 2376 659 quendam
2407 589 2689 646 oblivioni
2720 588 3060 660 tradidisse.

1891 674 2056 731 Vers.
2089 680 2178 731 27.
2224 681 2436 735 Pacem
2485 680 2752 752 relinquo
2805 679 2980 735 vobis.
3043 676 3156 732 Alii
3221 673 3470 748 quidem

1819 763 2091 820 homines
2133 767 2452 824 morientes
2481 769 2768 841 pecunias
2823 784 2892 824 ac
2922 766 3340 841 possessiones
3368 762 3476 820 do-

1821 853 2087 909 mesticis
2120 857 2467 929 relinquunt
2496 875 2509 924 ;
2540 858 2804 914 Christus
2833 873 2975 913 vero
2998 871 3204 929 pacem
3240 853 3366 908 suis
3387 866 3475 908 re-

1819 941 2057 1015 linquit,
2072 959 2304 1017 pacem,
2323 948 2497 1021 cujus
2522 952 2682 1002 etres
2700 954 2986 1002 etnomen
3001 945 3204 1001 dulce:
3234 943 3472 1008 Pacem,

1818 1030 2031 1105 inquit,
2051 1035 2323 1108 relinquo
2340 1037 2586 1102 vobis,ut
2608 1036 2838 1108 paciﬁci
2861 1052 3004 1106 erga
3028 1051 3132 1090 vos
3162 1036 3373 1088 mutuo
3400 1030 3476 1084 si-

1817 1120 1892 1176 tis
1941 1127 1997 1178 et
2025 1138 2170 1192 erga
2196 1141 2310 1193 me,
2353 1131 2408 1182 et
2440 1124 2522 1181 ita
2553 1127 2724 1182 vobis
2754 1126 2918 1182 nulla
2967 1123 3178 1181 mundi
3210 1118 3471 1177 turbatio

1815 1210 2146 1284 quidquam
2177 1213 2432 1282 nocebit,
2465 1230 2660 1288 neque
2692 1215 3123 1288 impedimento
3150 1211 3276 1267 erit.

1887 1301 2043 1356 Vers.
2086 1303 2178 1360 27.
2214 1304 2424 1360 Pacem
2471 1335 2540 1344 —
2580 1305 2752 1361 vobis.
2791 1306 2933 1370 Quae
2979 1319 3015 1360 a
3068 1317 3163 1357 me
3211 1301 3466 1365 amatur,

1813 1404 1950 1462 quae
1982 1396 2225 1463 propter
2245 1392 2345 1448 illa
2372 1409 2510 1466 quas
2542 1395 2759 1451 animae
2793 1397 3063 1465 prosunt,
3085 1390 3468 1446 conceditur:

1812 1496 1935 1537 non
1993 1480 2203 1537 mundi
2233 1497 2445 1555 pacem
2472 1499 2606 1557 qua:
2632 1483 2711 1540 ob
2740 1499 2807 1540 ea
2839 1499 2967 1556 quae
2982 1486 3196 1538 nocent
3227 1481 3479 1538 animm,

1815 1576 2104 1628 servatur.

1886 1665 2050 1718 Vers.
2083 1662 2170 1717 27.
2202 1664 2339 1719 Non
2365 1693 2433 1703 —-
2467 1663 2642 1720 vobis.
2681 1663 2987 1736 Siquidem
3021 1663 3286 1718 mundus
3345 1661 3469 1716 sive

1812 1753 2126 1808 mundana
2147 1752 2458 1823 sapientes,
2476 1768 2686 1824 pacem
2709 1759 2918 1809 mutuo
2933 1752 3080 1808 dant
3094 1751 3234 1806 mali
3248 1766 3464 1807 causa:

1812 1857 1924 1910 ego
1957 1857 2095 1896 vero
2136 1858 2345 1914 pacem
2369 1841 2449 1897 do
2467 1841 2636 1897 vobis
2664 1841 2806 1898 boni
2840 1857 3048 1898 causa.

1883 1929 2176 1986 Autaliter
2199 1947 2211 1985 :
2231 1930 2494 1986 mundus
2513 1931 2797 2002 pecunias
2815 1947 2885 1986 ac
2905 1928 3322 2002 possessiones
3343 1928 3466 1984 suis

1809 2019 2080 2092 largitur,
2131 2035 2240 2090 ego
2270 2037 2407 2076 vero
2458 2035 2665 2093 pacem
2693 2020 2772 2076 do
2814 2019 3005 2084 vobis,
3037 2019 3130 2091 qui
3155 2017 3271 2074 mei
3301 2018 3462 2074 estis.

1811 2110 1960 2176 Quia
1990 2115 2188 2166 autem
2211 2109 2466 2166 dicendo
2493 2127 2506 2165 :
2540 2111 2745 2167 Pacem
2758 2110 3022 2180 relinquo
3051 2109 3360 2180 vobis,quo
3379 2122 3466 2162 se-

1808 2199 2180 2268 parationem
2213 2197 2530 2264 indicabat,
2554 2199 2845 2270 majorem
2865 2199 2947 2254 eis
2967 2197 3248 2270 injecerat
3266 2195 3465 2252 turba-

1809 2287 2051 2353 tionem,
2081 2287 2160 2343 ait
2202 2304 2215 2342 :

1877 2380 2038 2432 Vers.
2101 2382 2189 2432 27.
2257 2379 2346 2434 Ne
2409 2409 2477 2418 —
2526 2378 2827 2448 form:det.
2861 2376 3056 2442 Vides,
3107 2374 3272 2449 quod
3339 2391 3462 2433 non

1806 2469 2037 2523 tantum
2056 2467 2276 2522 amoris
2292 2467 2702 2532 magnitudine
2727 2466 3148 2533 mouebantur,
3166 2469 3463 2537 quantum

1805 2555 2127 2612 formidine
2160 2573 2174 2612 :
2206 2562 2495 2628 putantes.
2530 2572 2591 2612 se
2623 2555 3048 2628 discerpendos
3069 2555 3146 2610 ab
3165 2553 3318 2610 illius
3343 2553 3463 2610 ini-

1805 2645 1995 2701 micis.

1876 2733 2188 2791 Vers.28.A
2201 2735 2406 2791 adistis
2426 2766 2479 2775 ——
2500 2738 2667 2791 vos.N
2672 2750 2748 2791 on
2765 2733 2962 2790 solum
2975 2733 3094 2788 dixi
3112 2733 3275 2806 quod
3290 2733 3459 2799 vado,

1805 2823 1908 2878 sed
1941 2825 2117 2880 etiam
2132 2824 2296 2897 quod
2326 2824 2493 2881 venio
2518 2824 2593 2881 ad
2605 2840 2716 2881 vos.
2737 2822 2892 2890 Quid
2912 2837 3055 2892 ergo
3073 2820 3410 2880 formidatis
3431 2820 3460 2876 ?

1876 3007 2035 3059 Vers.
2065 3007 2153 3059 28.
2182 3004 2332 3060 Si—
2363 3006 2618 3062 Patrem.
2673 3004 2819 3070 Quia
2863 3002 2938 3056 de
2996 3017 3132 3057 mea
3186 2999 3458 3056 nondum

1803 3093 2078 3148 certiores
2110 3093 2246 3148 facti
2281 3095 2417 3148 estis
2448 3093 2733 3164 potentia,
2769 3099 2822 3146 et
2843 3092 2986 3163 quia
3018 3091 3258 3155 morior,
3294 3094 3461 3161 puta-

1805 3180 1895 3248 tis,
1919 3198 2010 3235 me
2029 3190 2163 3254 post
2190 3188 2436 3238 mortem
2463 3198 2582 3237 non
2606 3198 2782 3248 posse
2807 3197 2912 3235 vos
2939 3194 3289 3234 conservare
3317 3196 3330 3244 ;
3361 3178 3459 3234 de-

1803 3269 1950 3325 betis
1983 3276 2182 3325 tamen
2207 3271 2488 3342 gaudere,
2517 3270 2683 3342 quod
2705 3269 2956 3324 dixerim
2987 3285 3000 3320 :
3058 3269 3219 3324 Vada
3243 3266 3326 3324 ad
3350 3267 3456 3324 Pa-

1803 3367 1972 3424 trem,
1997 3361 2098 3432 qui
2123 3365 2333 3432 potens
2363 3364 2452 3415 est
2468 3376 2572 3414 vos
2597 3358 2674 3414 ab
2697 3357 2983 3413 omnibus
3007 3356 3245 3412 insidiis
3271 3354 3453 3426 eripe-

1800 3463 1881 3513 re,
1926 3458 2379 3518 cognoscentes,
2407 3449 2566 3522 quod
2623 3447 2866 3503 omnino
2901 3445 3196 3516 legatione
3241 3443 3458 3513 fungar

1800 3552 1908 3608 pro
1937 3537 2127 3593 vobis.

1867 3627 2029 3683 Vers.
2057 3627 2143 3682 28.
2181 3627 2330 3696 Quia
2363 3659 2428 3668 —
2495 3634 2601 3684 est.
2634 3659 2702 3667 ——
2733 3626 2932 3696 Major
2959 3639 3052 3680 me
3079 3629 3182 3690 est,
3235 3626 3297 3678 ut
3347 3636 3457 3676 vos

1796 3717 2032 3788 putatis,
2061 3721 2348 3789 tanquam
2383 3716 2759 3772 manifestius
2782 3716 2838 3770 in
2862 3713 3178 3786 Scripturis
3193 3709 3456 3785 promul'

1797 3810 1991 3878 gatus.
2029 3809 2158 3862 Haec
2180 3811 2379 3862 autem
2407 3807 2611 3862 omnia
2629 3806 2766 3861 dicit
2789 3803 3104 3873 indulgens
3135 3800 3454 3874 suspicioni

1795 3911 1864 3950 ac
1896 3895 2284 3951 imbecillitati
2308 3895 2564 3961 illorum,
2595 3900 2650 3952 et
2680 3912 2747 3951 ex
2773 3895 2906 3968 ipsa
2931 3909 3049 3949 non
3067 3898 3222 3948 recta
3245 3907 3455 3948 eorum

1795 3985 2076 4057 opinione
2096 4002 2356 4055 arguens
2377 3985 2526 4040 illos.
2549 3989 2694 4041 Nam
2718 3985 2776 4040 in
2796 3984 3040 4041 veritate
3067 3983 3238 4039 Pater
3260 3981 3456 4051 major

1795 4075 2039 4148 quidem
2066 4081 2171 4142 est,
2223 4080 2283 4131 at
2326 4091 2444 4131 non
2498 4075 2780 4147 potentia,
2832 4075 2934 4130 sed
2992 4072 3121 4128 solo
3177 4069 3453 4144 principii

1795 4165 1998 4229 modo,
2020 4165 2154 4236 quia
2174 4165 2311 4220 Filio
2329 4165 2681 4236 principium
2702 4168 2791 4219 est
2813 4162 3204 4236 generationis
3229 4177 3242 4215 :
3269 4159 3452 4232 siqui-

1795 4253 1932 4310 dem
1965 4270 2033 4310 ex
2068 4255 2235 4310 Patre
2263 4259 2350 4308 est
2375 4253 2578 4309 Filius.

1867 4433 2026 4488 Vers.
2061 4432 2148 4487 29.
2173 4433 2246 4488 Et
2270 4465 2330 4472 —
2362 4433 2638 4488 credatis.
2666 4431 2788 4486 Dixi
2835 4430 3021 4496 vobis,
3046 4446 3182 4503 qum
3215 4434 3351 4485 sunt
3380 4431 3450 4484 de

1796 4539 1927 4578 mea
1959 4522 2340 4594 profectione,
2376 4538 2444 4576 ac
2472 4538 2709 4577 rursum
2740 4523 2810 4576 de
2843 4537 2978 4576 meo
3029 4520 3218 4576 reditu
3277 4525 3336 4574 et
3374 4519 3450 4576 de

1793 4611 1908 4668 alio
1968 4612 2289 4675 Paracleto,
2343 4617 2405 4667 ut
2454 4627 2591 4667 cum
2641 4611 2768 4667 ﬁeri
2813 4611 3097 4680 videritis,
3167 4609 3445 4674 credatis,

1789 4702 1953 4774 quod
1977 4702 2180 4756 omnia
2198 4714 2254 4756 et
2278 4702 2544 4756 noverim
2571 4706 2626 4756 et
2649 4701 2895 4772 possim.
2920 4702 3006 4758 Ita
3028 4699 3448 4756 consolaturus

1789 4807 1912 4855 eos,
1947 4807 2183 4846 rursum
2215 4791 2400 4846 tristia
2447 4789 2608 4857 dicit,
2659 4791 2875 4846 horum
2931 4789 3264 4863 frequentia
3312 4787 3445 4844 illos

1789 4897 2090 4948 exercens,
2137 4897 2209 4935 ne
2265 4879 2662 4953 periculorum
2719 4884 2984 4951 tempore
3045 4878 3444 4945 turbarentur,

1787 4971 2077 5044 siquidem
2097 4969 2255 5043 quod
2271 4975 2681 5042 exspectatum
2705 4975 2790 5026 est
2811 4969 2994 5025 levius
3022 4968 3156 5025 ferri
3179 4967 3343 5025 solet.

1855 5153 2013 5206 Vers.
2047 5153 2138 5206 30.
2168 5150 2305 5206 Jam
2327 5164 2442 5204 non
2459 5179 2522 5189 —
2537 5145 3445 5220 princeps.'_Mundum'appellat

1781 5238 1895 5305 hic,
1929 5239 2218 5296 malitiam
2249 5257 2263 5306 ;
2297 5239 2632 5312 principem
2664 5253 2826 5304 vero,
2887 5236 3202 5294 diabolum
3253 5253 3266 5294 :
3319 5250 3442 5294 non

1272 5431 1497 5502 Varia:
1539 5432 1862 5503 lectiones
1903 5445 1968 5504 et
2005 5443 2212 5505 notat.

125 5635 252 5721 (t5)
305 5634 537 5718 Inclusa
600 5641 843 5722 uterque
892 5639 953 5697 in
991 5642 1282 5714 margine.
1337 5645 1676 5722 Τελεωτέρους

41 5715 364 5785 γενομένους
386 5715 669 5785 omiserat
693 5715 996 5785 interpres.

128 5778 256 5851 (l6)
299 5781 380 5832 Ἐν
407 5778 662 5844 ἀλλήλοις.
695 5784 766 5838 Α.

1855 5649 1968 5793 ἕΠ)
2010 5645 2257 5719 Δίδωσιν,
2292 5652 2358 5706 Α.
2393 5653 2557 5708 Forte
2588 5647 2834 5705 διδοῦσιν
2863 5631 3074 5708 voluit.

1877 5720 1968 5793 18)
2002 5722 2134 5778 Post
2163 5722 2200 5782 ,ἣ
2235 5722 2399 5780 addit
2433 5723 2722 5793 interpres
2753 5722 2936 5787 ἄλλως.

1877 5720 1968 5793 18)
2002 5722 2134 5778 Post
2163 5722 2200 5782 ,ἣ
2235 5722 2399 5780 addit
2433 5723 2722 5797 interpres
2753 5722 2936 5787 ἄλλως.
