4076 6432
725 325 865 388 U07

2073 332 2364 391 EU'I‘HYM
2374 331 2422 389 II
2467 329 2806 393 ZIGABENI

3839 347 3916 406 lilii

723 456 884 513 enim
913 455 1065 514 cmlo
1093 473 1162 515 ac
1192 462 1358 516 terra
1423 459 1790 525 dominatur,
1842 459 1945 516 sed
1991 459 2233 516 malitias
2256 460 2330 530 (ιι

2324 460 2376 530 ἶ),
2411 457 2458 510 Α
2487 465 2578 510 νοῦ
2605 464 2695 512 καὶ
2722 467 2818 530 γῆς
2849 461 3028 536 ἄρχει.
3063 463 3204 515 Ἐπεὶ
3250 463 3416 516 πάντα
3458 462 3514 515 ἃν
3541 462 3736 540 ἀνέτρεψε
3758 475 3917 527 uimi-

724 547 887 619 quod
915 547 1122 604 omnia
1152 550 1422 607 straverit
1452 567 1522 606 ac
1580 551 1935 623 perverterit,
1995 549 2127 621 Ipse
2180 553 2380 604 autem

725 635 933 691 dicitur
961 637 1138 694 etiam
1172 640 1447 711 princeps
1499 642 1902 701 tenebrarum.
1959 640 2080 695 sive
2129 638 2377 711 peccati.

725 725 816 780 Ait
842 741 986 795 ergo
1021 750 1033 782 :
1071 729 1232 785 Venit
1263 730 1583 786 adversum
1637 746 1733 786 me
1764 729 2044 786 diabolus
2077 745 2211 784 cum
2243 743 2379 799 per-

724 814 912 869 versis
934 814 1178 882 Judmis,
1203 819 1344 873 data
1381 818 1487 873 sibi
1522 836 1553 874 e
1586 819 1859 890 supernis
1885 823 2197 891 potestate.
2234 819 2380 872 Nam

727 906 782 957 et
805 903 967 974 apud
1003 907 1217 962 Lucam
1245 907 1394 963 dixit
1450 907 1528 963 ad
1571 924 1692 972 eos,
1748 908 1852 981 qui
1885 923 1946 962 se
1999 905 2384 977 comprehen-

726 991 949 1048 debant
980 1012 993 1049 :
1042 996 1180 1051 Haec
1208 1004 1281 1050 est
1314 998 1465 1054 hora
1509 1002 1696 1054 vestra
1740 1004 1793 1055 et
1821 1001 2073 1069 potestas
2117 995 2383 1052 tenebra-

727 1097 861 1137 rum
890 1085 959 1136 ".

799 1172 959 1226 Vers.
992 1177 1078 1228 30.
1105 1175 1176 1228 Et
1199 1205 1266 1217 -
1290 1177 1631 1249 quidquam.
1675 1179 1735 1233 In
1768 1177 1901 1233 aliis
1931 1176 2172 1249 quidem
2194 1174 2383 1232 homi-

727 1261 908 1317 nibus
941 1270 1254 1333 peccatum
1282 1272 1372 1322 est
1397 1283 1580 1322 causa
1611 1267 1839 1334 mortis,
1868 1264 2066 1322 nullus
2082 1265 2380 1337 siquidem

727 1353 954 1424 peccati
984 1369 1195 1426 expers
1225 1360 1330 1419 est,
1367 1357 1499 1412 ideo
1529 1356 1730 1412 nullus
1765 1355 2119 1412 immortalis
2148 1371 2162 1420 ;
2197 1355 2254 1411 in
2287 1369 2382 1410 me

704 1456 871 1498 .vero
901 1458 1020 1497 non
1053 1442 1233 1500 habet
1262 1444 1441 1500 ullam
1485 1446 1690 1501 mortis
1726 1461 1974 1500 causam
2006 1461 2020 1509 ;
2065 1459 2177 1516 ego
2222 1444 2382 1499 enim

728 1528 961 1602 absque
984 1537 1231 1602 peccato
1258 1550 1417 1599 sum,
1439 1539 1496 1589 et
1527 1541 1842 1606 propterea
1861 1531 2379 1596 condemuabitur,

729 1619 880 1674 sicut
911 1620 1074 1691 prius
1099 1621 1337 1676 decimo
1356 1624 1566 1695 quinto
1595 1623 1785 1695 capite
1811 1621 2245 1685 enarravimus,
2281 1621 2381 1676 ubi

728 1707 944 1765 dicitur
973 1711 1180 1767 :Nunc
1193 1712 1478 1782 judicium
1504 1719 1585 1769 est
1605 1712 1787 1782 hujus
1813 1711 2384 1782 mundi,nuncprin-

729 1812 863 1865 σερε
904 1799 1080 1868 hujus
1106 1801 1319 1857 mundi
1339 1803 1604 1870 ejiciatur
1620 1802 1785 1871 foras
1813 1802 1879 1854 ³⁷.

800 1888 961 1944 Vers.
993 1890 1078 1944 31.
1098 1890 1218 1946 Sed
1244 1921 1309 1930 —
1331 1892 1591 1946 Patrem.
1623 1890 1733 1946 Sed
1771 1889 2013 1952 morior,
2048 1893 2382 1958 utcognos-

729 1982 869 2033 cant
898 1994 1127 2044 omnes,
1156 1979 1317 2051 quod
1351 1979 1598 2049 diligam
1631 1980 1874 2046 Patrem,
1908 1978 2197 2034 obediens
2226 1979 2382 2033 illius

728 2065 1020 2122 voluntati
1055 2085 1069 2133 ;
1102 2068 1376 2125 voluntas
1397 2075 1596 2125 autem
1630 2085 1759 2140 ejus
1788 2073 1899 2138 est,
1934 2073 1995 2123 ut
2026 2067 2249 2123 moriar
2280 2083 2382 2140 pro

731 2155 922 2212 salute
943 2157 1280 2215 hominum.

802 2244 958 2300 Vers.
997 2250 1055 2302 3|
1095 2247 1168 2301 Et
1201 2278 1266 2287 —
1293 2246 1464 2316 facio.
1523 2250 1590 2304 Ut
1619 2251 2006 2317 cognoscant,
2046 2247 2206 2320 quod
2239 2261 2383 2318 prie-

728 2339 965 2407 ceptum
997 2337 1126 2406 ejus
1159 2338 1420 2392 moriens
1459 2337 1844 2408 adimpleam.

799 2424 958 2480 Vers.
993 2429 1081 2482 3t.
1112 2426 1367 2497 Surgite,
1399 2442 1597 2483 eamus
1625 2427 1783 2483 hinc.
1821 2426 2035 2481 Videns
2053 2424 2382 2495 discipulos

726 2512 1058 2571 admodum
1092 2521 1447 2581 metuentes,
1497 2522 1552 2572 et
1583 2533 1643 2572 se
1659 2518 1785 2588 jam
1838 2515 2266 2588 comprehendi
2311 2530 2381 2570 ac

727 2601 971 2658 interfici
988 2604 1405 2673 imaginantes,
1422 2612 1477 2661 et
1501 2613 1814 2678 propterea
1836 2606 2039 2660 crebro
2058 2610 2378 2660 retrorsum

729 2709 792 2748 se
839 2695 1260 2762 convertenda,
1313 2711 1434 2750 non
1488 2697 1628 2750 satis
1676 2696 1768 2751 his
1817 2710 1952 2767 qum
2002 2694 2374 2758 dicebantur,

726 2781 1071 2838 advertere:
1098 2784 1391 2856 siquidem
1412 2784 1742 2839 maximum
1769 2783 1882 2839 illis
1904 2798 2190 2851 angorem
2215 2782 2381 2837 indu-

727 2869 916 2935 cebat,
950 2876 1074 2926 tum
1108 2872 1277 2927 locus
1311 2872 1610 2944 publicus,
1645 2879 1769 2928 tum
1825 2888 1938 2927 nox
2000 2877 2056 2926 et
2080 2872 2378 2942 precipue

726 2959 892 3032 quod
917 2960 1200 3017 dixisset:
1239 2963 1402 3018 Venit
1427 2965 1700 3031 princeps
1743 2961 1955 3016 mundi
2003 2961 2071 3027 ",
2106 2960 2381 3016 transfert

728 3047 858 3104 illos
896 3048 956 3104 in
983 3048 1174 3106 locum
1206 3052 1388 3107 alium
1422 3052 1714 3117 tutiorem,
1741 3067 1863 3123 quo
1893 3051 2298 3105 existimantes
2321 3050 2377 3105 in

730 3144 853 3195 tuto
878 3154 1026 3205 esse,
1053 3139 1282 3214 absque
1312 3141 1430 3197 ullo
1458 3147 1616 3197 metu
1643 3140 1919 3197 audirent
1948 3157 1960 3195 :
1991 3156 2131 3196 nam
2158 3155 2380 3210 magna

727 3227 983 3285 audituri
1009 3235 1178 3287 erant
1205 3230 1510 3301 dogmata.
1544 3230 1761 3287 Deinde
1789 3246 2024 3286 rursum
2053 3229 2133 3284 ait
2162 3248 2175 3285 :

798 3411 940 3480 Cap.
981 3409 1086 3463 XV.
1121 3409 1286 3465 Vers.
1328 3411 1378 3465 1.
1443 3411 1557 3480 Ego
1605 3440 1671 3450 —
1713 3424 1871 3465 vera.
1897 3409 1957 3463 Id
1999 3412 2088 3462 est
2139 3407 2380 3475 eximia,

724 3496 1182 3569 incorruptibilis
1214 3498 1571 3569 spiritualis:
1606 3497 1896 3570 siquidem
1938 3497 2065 3552 haec
2108 3496 2383 3569 frequen-

727 3590 812 3644 ter
841 3587 1134 3656 significat
1171 3603 1392 3642 nomen
1426 3587 1686 3645 ἀληθινόν.

797 3675 974 3732 Aliter
998 3692 1240 3748 quoque
1266 3675 1501 3740 dicitur,
1549 3677 1688 3732 Vilis
1716 3691 1878 3739 vera,
1898 3676 2041 3748 quia
2068 3690 2177 3747 pro
2192 3673 2384 3730 fructu

727 3763 949 3837 profert
971 3765 1299 3821 veritatem.

801 3854 1081 3926 Seipsum
1096 3855 1295 3927 itaque
1310 3855 1486 3911 vitem
1504 3857 1773 3912 nominat
1792 3862 1994 3927 utpote
2020 3857 2381 3929 pra-bentem

725 3941 1102 3999 dulcedinem
1133 3959 1203 4000 ac
1232 3944 1482 4000 humani
1500 3946 1695 4001 cordis
1721 3946 1998 4010 laetitiam,
2024 3947 2216 4019 ipsam
2236 3945 2387 4000 vide-

724 4031 861 4088 licet
892 4032 1396 4103 praadicationem,
1429 4050 1610 4107 quam
1643 4035 1820 4091 etiam
1843 4036 2145 4106 Scriptura
2178 4036 2381 4090 vinum

726 4121 1005 4194 appellat,
1031 4127 1086 4178 et
1106 4128 1391 4196 tanquam
1421 4123 1680 4179 radicem
1734 4124 2167 4195 discipulorum
2200 4141 2212 4179 :
2253 4124 2382 4197 pat-

727 4212 898 4268 mites
929 4227 1068 4268 vero
1097 4212 1437 4285 discipulos,
1469 4213 1638 4285 quasi
1671 4229 1742 4268 ex
1795 4214 1924 4284 ipso
1978 4214 2383 4282 germinantes

728 4317 1003 4357 sermone
1033 4302 1332 4366 doctrinae,
1367 4307 1423 4357 et
1461 4318 1567 4374 per
1587 4319 1723 4357 eum
1759 4303 2008 4358 nutritos
2038 4302 2116 4357 ab
2147 4302 2384 4357 fructifi~

727 4391 1025 4447 cationem
1055 4397 1426 4447 maturorum
1453 4391 1783 4457 botrorum,
1821 4392 1943 4446 sive
1976 4392 2276 4456 virtutum,
2327 4395 2386 4445 ut

727 4483 787 4535 et
815 4479 922 4551 ipsi
955 4480 1226 4536 similiter
1252 4480 1562 4552 praebeant
1591 4480 1798 4536 vinum
1831 4481 2134 4536 doctrinae.

801 4568 962 4625 Vere.
1000 4570 1049 4623 1.
1083 4570 1162 4625 Et
1209 4571 1390 4625 Pater
1442 4602 1509 4610 —
1567 4576 1664 4626 est.
1718 4572 1988 4633 Curator,
2042 4585 2162 4625 non
2199 4574 2388 4624 tamen

727 4659 965 4724 radicis,
995 4658 1100 4715 sed
1129 4658 1471 4730 palmitum.
1513 4661 1655 4715 Vere
1683 4659 1809 4714 hac
1844 4658 1975 4714 vitis
2010 4659 2230 4714 eximia
2281 4662 2387 4716 est,

728 4748 789 4805 in
811 4765 935 4823 qua
957 4748 1030 4804 de
1061 4748 1202 4805 solis
1229 4747 1576 4823 palmitibus
1620 4764 1828 4804 curam
1876 4748 2096 4804 habere
2119 4752 2347 4820 oportet
2376 4765 2388 4814 ;

799 4927 849 4963 "
877 4928 1057 4985 Joan.
1091 4943 1206 4995 xvr,
1243 4931 1325 4985 t3.
1440 4929 1487 4963 ’⁸
1511 4928 1648 4984 Luc.
1682 4943 1820 4998 χιιι,
1850 4926 1934 4983 53.

2422 3277 2463 3333 C

2423 4541 2464 4595 D

2049 4927 2091 4960 ⁸⁷
2122 4927 2297 4982 Joan.
2329 4939 2429 4993 xu,
2457 4924 2546 4979 3t.

2490 545 2655 600 ϐάλεν.
2685 547 2743 600 ’0
2771 549 2919 609 αὐτὸς
2949 546 3007 602 δε
3036 555 3126 602 καὶ
3158 552 3337 625 ἄρχων
3367 560 3456 604 τοῦ
3503 559 3686 616 σκότους
3708 556 3914 628 ὀνομάζεις

2490 640 2651 707 ἤγουν
2674 646 2768 700 τῆς
2793 638 3075 713 ἁμαρτίας.
3111 645 3274 698 Φησὶν
3305 640 3388 692 οὖν
3417 644 3492 692 ὅτι
3518 641 3731 716 Ἔρχεται
3752 649 3830 697 κατ’
3853 650 3914 718 ἐμεῦ

2491 727 2517 776 ό
2545 722 2784 788 διάϐολος
2813 732 2942 799 μετὰ
2971 737 3070 780 τῶν
3124 738 3360 801 πονηρῶν
3389 727 3656 798 Ἰουδαίων,
3684 729 3857 796 δοθείσης
3875 743 3915 790 τᾷ-

2490 823 2599 877 τοίς
2639 816 2873 880 ἐξουσίας
2899 820 3108 873 ἄνωθεν.
3152 817 3298 890 [Eine
3340 824 3438 893 γὰρ
3477 827 3558 873 καὶ
3600 823 3694 891 (19)
3721 822 3756 873 ἐν
3785 835 3832 892 τῷ
3849 847 3913 877 ut:

2491 912 2699 958 Λουκᾶν
2743 907 3038 978 Εὐαγγεὶίῳ
3078 913 3209 982 πρός
3249 913 3365 971 τοὺς
3415 909 3913 982 συλλαμϐάνονταςαᾲτεν

2479 998 2570 1047 -ὅτι
2594 997 2734 1054 Αὕτη
2777 997 2918 1069 ὑμῶν
2971 996 3110 1050 ἔστιν
3151 1002 3178 1057 ἡ
3236 1001 3344 1074 ὥρα
3391 1004 3477 1051 καὶ
3529 1000 3761 1063 ἑέξουσὶα
3785 1013 3842 1053 τοῦ
3863 1023 3912 1054 :1:-

2489 1105 2633 1147 τους,

2565 1181 2664 1228 Καὶ
2693 1208 2758 1217 -—
2787 1173 2958 1231 οὐδέν.
3015 1178 3133 1232 Ἐπὶ
3173 1182 3262 1250 μὲν
3287 1187 3387 1230 τῶν
3421 1178 3575 1230 ἄλλων
3606 1178 3820 1253 ἀνθρώπων
3839 1187 3912 1232 ritu;

2491 1274 2582 1318 τοῦ
2635 1267 2747 1334 (20)
2802 1268 3020 1319 θανάτου
3052 1270 3081 1325 ἡ
3117 1269 3351 1342 ἁμαρτία
3384 1286 3395 1297 ’
3439 1265 3600 1331 οὐδεὶς
3633 1273 3714 1341 γὰρ
3748 1268 3914 1341 inuadat:-

2490 1376 2598 1424 τος,
2632 1353 2717 1408 διὸ
2739 1361 2828 1409 καὶ
2858 1353 3027 1417 οὐδεὶς
3059 1355 3308 1418 ἀθάνατος
3362 1374 3376 1386 ·
3426 1356 3472 1408 έν
3504 1356 3608 1428 ἐμοὶ
3635 1355 3683 1409 δὲ
3708 1359 3777 1409 οὐκ
3799 1363 3914 1428 ἔχεις.-

2493 1442 2579 1498 δεν
2618 1450 2783 1498 αἰτιον
2844 1447 3066 1497 θανάτου
3102 1466 3114 1478 ·
3160 1448 3524 1519 ἀναμάρτητος
3564 1449 3651 1520 γὰρ
3817 1458 3913 1499 Iun:

2490 1538 2957 1608 κατακριθήσεται,
3017 1537 3212 1606 [καθὼς
3261 1537 3374 1605 (21)
3408 1537 3812 1610 προεξηγησάμεὸα
3843 1543 3866 1587 ;—.~
3887 1549 3913 1586 ’ς

2495 1621 2936 1696 πεντεκαιδεκάτῳ
2966 1624 3243 1696 κεφαλαίῳ,
3276 1627 3399 1677 ἔνθα
3450 1633 3605 1677 κεῖται
3632 1631 3679 1676 τό
3707 1638 3718 1650 ⁸
3745 1632 3816 1676 ‘S’n
3834 1645 3914 1697 ne:

2493 1715 2608 1767 ἐστι
2635 1723 2724 1766 τοῦ
2757 1719 2958 1786 κόσμου
2983 1718 3191 1780 τούτου,
3221 1723 3306 1766 νῦν
3339 1717 3364 1766 ό
3391 1717 3572 1788 ἄρχων
3600 1723 3680 1766 του
3712 1719 3845 1785 κόσμον
3863 1735 3914 1765 π.-

2494 1823 2583 1856 του
2615 1803 2767 1862 έκϐλη
2779 1806 2993 1856 θύσεται
3025 1803 3173 1876 firm]

2566 1893 2700 1946 Ἀλλ’
2745 1925 2808 1932 —
2842 1899 3060 1965 Πατέρα.
3090 1892 3227 1946 Ἀλλ’
3253 1891 3588 1960 ἀποθνήσκω,
3639 1896 3707 1944 ἱνα
3745 1897 3913 1963 γνώοιτέν

2493 2002 2573 2044 τες
2604 1985 2683 2034 ὃτι
2714 1982 2900 2054 ἀγαπῶ
2925 1986 3010 2034 τὸν
3063 1986 3286 2055 Πατέρα,
3321 1983 3595 2033 ὑπακούων
3628 1981 3756 2033 αὐτοῦ
3789 1982 3911 2048 $13527:-

2493 2092 2637 2144 ματι.
2667 2072 2792 2128 Θέλη
2805 2091 2873 2123 ua
2901 2068 3141 2123 dia-3109
3174 2069 3450 2124 ἀποθανεῖν
3478 2091 3539 2143 με
3569 2072 3680 2145 ὑπὲρ
3709 2079 3912 2129 fine-rm:

2494 2170 2592 2213 τῶν
2624 2160 2924 2234 ἀνθρώπων.

2569 2256 2667 2304 Καὶ
2697 2282 2763 2289 -—
2803 2258 2953 2302 ποιῶ·
2988 2255 3086 2303 Καὶ
3122 2252 3201 2300 ἱνα
3230 2258 3424 2320 γνῶσιν
3455 2251 3535 2302 ὅτι
3558 2249 3720 2322 πληρῶ
3742 2253 3804 2305 τὴν
3823 2246 3911 2299 ἐπεῖ-τ,

2494 2340 2653 2391 αὐτοῦ
2677 2338 3042 2409 ἀποθνήσκων.

2569 2430 2874 2501 Ἐγείρεσθε,
2935 2430 3139 2499 ἄγωμεν
3185 2426 3430 2482 ἐντεῦθεν.
3487 2427 3674 2480 Βλέπων
3704 2427 3901 2492 reuixit;

2495 2515 2702 2590 σφόδρα
2729 2514 3030 2577 δειλινῦντας
3052 2522 3140 2568 καὶ
3173 2517 3590 2588 φανταζομένους
3614 2511 3706 2573 ἤδη
3735 2512 3912 2570 1053;13:-

2490 2609 2747 2680 ψομένους
2802 2612 2892 2658 καὶ
2953 2605 3348 2680 ἀναιρήσοντας,
3406 2611 3498 2658 καὶ
3550 2602 3639 2658 διὰ
3705 2611 3915 2655 τούτοτλίι

2490 2701 3016 2770 μεταστρεφομένους,
3095 2699 3177 2746 καὶ
3247 2700 3316 2764 μὴ
3413 2691 3713 2766 δυναμένους
3773 2707 3916 2761 προσεχεί

2490 2796 2599 2848 τοῖς
2648 2787 2933 2858 λεγομένοις
2983 2799 2997 2813 ·
3032 2788 3120 2836 καὶ
3161 2786 3262 2855 γὰρ
3312 2783 3574 2836 ἱνεποίουν
3621 2783 3767 2843 αὐτοῖς
3799 2778 3920 2848 ἄγων-πλ-

2489 2883 2578 2928 καὶ
2608 2878 2633 2928 ό
2678 2882 2852 2937 τόπος,
2884 2870 3181 2933 κατάδηλος
3207 2874 3294 2936 ὢν,
3350 2878 3443 2925 καὶ
3504 2876 3530 2931 ἡ
3572 2873 3672 2936 νὺξ,
3707 2877 3772 2921 καὶ
3801 2873 3922 2918 tanta?

2490 2969 2570 3018 ὃτι
2595 2965 2848 3038 Ἔρχεται
2879 2964 2904 3014 ό
2944 2970 3035 3014 τοῦ
3090 2966 3290 3033 κόσμου
3347 2963 3534 3035 ἄρχων
3570 2977 3585 2993 ·
3617 2963 3788 3033 μετάγει
3822 2973 3925 3005 τςιτ.;

2492 3056 2558 3115 εἰς
2588 3058 2751 3127 ἔτερον
2797 3058 2951 3105 τόπον
2993 3053 3393 3123 ἀσφαλέστερον,
3455 3052 3556 3111 ἵνα,
3587 3055 3831 3120 νομίσαντες
3850 3043 3873 3092 ἐι
3893 3060 3918 3088 ιτ

2492 3144 2672 3217 φαλείᾳ
2723 3149 3068 3206 καταστῆναι,
3101 3142 3232 3211 μετὰ
3283 3135 3471 3200 ἀδείας
3527 3137 3783 3190 ἀκούσωσι.
3817 3139 3925 3192 Itin:-

2493 3233 2693 3306 ἔμελλον
2745 3231 2978 3304 μεγάλων
3027 3228 3346 3281 ἀκούσεσθαι
3415 3225 3704 3300 δογμάτων,
3746 3224 3825 3278 εἶτα
3865 3220 3927 3268 τί»-

2494 3329 2679 3398 qua“.

2564 3416 2698 3484 Ἐγὼ
2783 3442 2848 3450 -
2934 3408 3171 3466 ἀληθινή.
3235 3406 3292 3460 Ἠ
3370 3407 3648 3480 ἐξαίρετος,
3707 3409 3730 3463 ἡ
3781 3403 3932 3472 ἀφεκρηκ

2493 3506 2522 3562 ἡ
2597 3505 2935 3573 πνευματική.
3019 3504 3199 3551 Ταῦτα
3264 3500 3362 3571 γὰρ
3437 3497 3677 3557 πολλάκις
3723 3498 3769 3545 τὸ
3814 3489 3928 3542 αὶξειεῖ

2494 3590 2528 3646 δ
2533 3591 2665 3651 ηλοί.

2567 3684 2689 3752 [Καὶ
2721 3679 2901 3753 ἑτέρως
2940 3678 3050 3748 ('22)
3105 3672 3163 3728 δε
3208 3675 3468 3748 Ἀμπελος
3530 3663 3936 3743 ahenum-nl“-

2497 3774 2634 3824 Θειαν
2667 3775 3093 3841 καρποφοροῦσα.

2565 3857 2822 3930 ’Ἄμπελον
2873 3860 2962 3927 μεν
2994 3851 3081 3906 οὖν
3123 3854 3299 3906 ἑαυτὸν
3345 3853 3613 3926 ὀνομάζει,
3674 3854 3732 3911 ὡς
3773 3857 3940 3914 παρέχετ-

2494 3952 2551 3999 τό
2602 3954 2848 4017 νόστιμον
2901 3950 2988 3996 καὶ
3066 3943 3332 4015 εὐφραῖνον
3388 3939 3614 4014 καρδίαν
3673 3939 3876 4010 ἁνθρωπου
3909 3949 3942 3974 z"

2494 4056 2691 4111 ρυγμα,
2715 4037 2738 4087 ὁ
2771 4040 2859 4086 καὶ
2889 4031 3020 4086 οἶνον
3042 4035 3068 4090 ἡ
3096 4037 3268 4104 Γραφή
3299 4034 3691 4103 προσαγορεύει·
3715 4033 3786 4078 καὶ
3810 4029 3855 4073 ὡς
3876 4022 3940 4090 ﬁt?

2495 4136 2593 4177 τῶν
2640 4126 2880 4197 μαθητῶν
2912 4142 2923 4154 ·
2958 4121 3190 4194 κλήματα
3219 4123 3332 4190 (‘23)
3386 4117 3447 4172 δὲ
3484 4124 3604 4179 τοὺς
3657 4118 3847 4190 μαθῂτάς
3880 4122 3943 4162 τάπὶ

2495 4215 2655 4266 αὐτόν
2714 4212 3120 4285 βλαστήσαντας
3168 4218 3239 4279 τῷ
3267 4209 3406 4280 λόγῳ
3450 4217 3546 4270 τῆς
3601 4203 3938 4260 δίδασοιοι).ία;ι²Ξ

2497 4301 2570 4357 δι’
2603 4304 2762 4354 αὐτου
2789 4305 3126 4374 τρεφομένους
3144 4300 3211 4360 εἰς
3234 4303 3592 4372 καρποφορίαν
3614 4295 3812 4370 βοτρύων

2497 4393 2662 4441 εἶτουν
2695 4386 2904 4462 ἀρετῶν,
2934 4390 3022 4437 καὶ
3049 4388 3287 4457 παροχὴν
3344 4385 3540 4454 ὁμοιως
3572 4390 3658 4433 τοῦ
3706 4374 3944 4431 titiam-Ia“

2497 4481 2634 4530 οἴνου
2645 4516 2657 4528 .

2571 4567 2684 4637 (24)
2714 4565 2770 4616 Ὀ
2804 4568 2979 4636 Πατὴρ
3019 4593 3087 4603 -
3119 4561 3280 4614 ἔστιν.
3311 4560 3368 4612 Ὀ
3399 4558 3727 4632 ἐπιμελητὴς,
3751 4547 3892 4608 ultimi

2500 4657 2671 4731 ῥίζης,
2706 4653 2832 4705 ἀλλὰ
2861 4661 2959 4705 τῶν
2990 4647 3214 4704 κλάδων.
3259 4649 3552 4723 Ἐξαίρετος
3615 4651 3706 4720 γὰρ
3746 4648 3858 4696 ὅντως

2503 4747 2531 4804 ἡ
2575 4743 2821 4816 ἄμπελος,
2870 4745 3000 4794 κατὰ
3061 4745 3181 4801 τοὺς
3236 4735 3460 4798 κλάδους
3515 4743 3663 4810 μόνον
3713 4731 3873 4803 δεομένη

2660 4924 2706 4958 ⁸⁸
2729 4923 2900 4978 Joan.
2936 4937 3054 4988 xlv,
3081 4923 3165 4976 30.

1925 5103 2145 5173 Variae
2175 5103 2502 5173 lectiones
2534 5113 2598 5169 et
2640 5112 2839 5168 notas.

800 5307 913 5377 (19)
955 5303 1191 5377 Inclusa
1228 5304 1452 5361 absunt
1481 5309 1549 5360 A.

800 5375 914 5444 (20)
948 5378 1074 5444 Τοῦ,
1106 5375 1274 5432 abest
1298 5383 1360 5432 Δ.

805 5445 918 5517 (21)
951 5445 1188 5502 Inclusa
1213 5447 1438 5503 absunt
1463 5448 1528 5502 A.

802 5517 912 5588 (22l
950 5517 1184 5576 Inclusa
1214 5519 1436 5574 absunt
1464 5520 1530 5574 A.

809 5587 920 5664 (23)
986 5588 1151 5664 Ὑμεῖς
1197 5592 1264 5644 τὰ
1309 5589 1569 5664 κλήματα,
1624 5604 1695 5646 ex
1757 5603 1927 5645 versu
1984 5593 2035 5654 5,
2094 5587 2220 5654 Hic,
2278 5602 2388 5660 pro

2500 5315 2662 5356 more
2716 5313 2844 5363 suo,
2915 5296 3091 5354 infert
3128 5293 3437 5368 Chrysost.
3507 5300 3553 5352 t.
3625 5290 3756 5355 VIII,
3783 5302 3830 5359 p.
3852 5269 3937 5336 4ἐὲ

2498 5375 2830 5513 Ηῖἳιλίζαι,
2861 5444 2998 5496 ante
3029 5441 3054 5492 ό
3087 5442 3290 5513 Πατὴρ,
3321 5437 3494 5510 quod
3526 5416 3810 5494 flentenius
3829 5425 3944 5491 exii?"

2498 5509 2588 5578 sit,
2617 5509 2825 5572 neuter
2874 5527 3151 5568 meorum
3180 5509 3382 5566 habet.

803 5761 900 5835 (ιι)
921 5760 1033 5820 Sed
1059 5759 1326 5826 malitiae,
1365 5765 1471 5818 etc.
1505 5758 1806 5832 Siquidem
1837 5757 2046 5818 omnia
2063 5759 2345 5816 everteret
2374 5755 2728 5828 etdejiceret.
