4076 6446
85 373 138 431 υ9
957 356 1327 426 ΕΟΜΜΕᾸΤ.
1370 359 1438 424 ΙΝ
1474 361 1666 424 JOANl

1718 366 1826 424 ΞΜ.
1865 396 1936 409 -
1974 355 2131 422 CAP.
2173 363 2290 420 XV.

3194 361 3332 421 1410

85 505 210 561 ιείας.
235 505 307 568 Τῷ
332 499 496 568 Πατρὶ
519 493 578 548 δε
602 499 696 554 τὴν
719 493 1006 568 ἔπιμίλειαν
1037 495 1204 546 αὐτῶν
1237 491 1562 560 ἀνατίθησιν,
1599 494 1647 549 Α

1721 488 1832 546 atri
1858 491 2058 546 autem
2080 502 2285 544 curam
2305 501 2516 544 eorum
2546 482 2833 558 attribuit,
2863 491 3155 560 tanquam
3187 491 3329 558 Deo,

101 596 228 658 Θεῷ·
269 582 465 647 δεικνύς
495 587 574 637 ὃτι
608 591 846 656 συνεργεῖ
889 591 993 644 τοῖς
1037 590 1432 658 καρποφοροῦσι
1480 586 1570 634 καὶ

85 680 199 739 ιάζει
221 679 324 735 τούς
351 680 419 746 μὴ
453 682 932 748 καρποφορούντας.

85 772 176 818 Πᾶν
223 796 278 805 -
313 767 442 838 αἴρει
494 763 641 818 αεᾶτό.
685 769 792 816 Πᾶν
838 762 1015 835 κλῆμα
1071 761 1118 814 ἐν
1177 763 1293 834 ἐμοὶ
1343 759 1571 834 βλαστῆ-

85 877 122 923 ν,
163 859 242 906 καὶ
290 850 375 906 διὰ
404 858 627 914 πίστεως
684 855 938 924 ἡνωμένον
969 871 1080 925 μοι,
1125 855 1196 923 μὴ
1245 855 1393 923 φέρον
1446 869 1570 922 καρ-

641 939 879 992 ἐκκὸπτει
944 939 1071 992 αὐτὸ
1136 943 1206 1001 ὼς
1268 941 1567 1012 ἄχρηστον,

110 899 122 923 ἲ

85 966 120 1010 ν,
177 947 318 1014 ἤγουν
381 940 579 1016 ἀρετὰς,

85 1040 96 1084 ι
142 1035 289 1104 πυρὸς
335 1031 497 1094 ἄξιον.
551 1033 744 1083 Λοιπὸν
803 1025 890 1081 οὖν
937 1035 1038 1091 πᾶς
1087 1032 1400 1100 Χριστιανὸς
1459 1034 1568 1100 μεν,

85 1141 225 1192 αρπος
267 1116 338 1188 δὲ,
365 1118 670 1171 ἐκκέκοπται
701 1119 814 1186 (23)
841 1125 931 1170 τοῦ
959 1125 1212 1190 Χριστοῦ,
1238 1122 1328 1169 καὶ
1382 1117 1424 1169 εἰ
1460 1117 1572 1187 (26)

85 1218 150 1262 ιεῖ
181 1211 420 1282 συνῆφθαι
463 1208 603 1277 αὐτῷ
645 1204 679 1260 δ
685 1210 739 1258 ιὰ
765 1216 859 1268 τῆς
895 1211 1132 1272 πίστεως,
1166 1211 1255 1258 καὶ
1289 1214 1358 1277 τῷ
1388 1205 1574 1277 αἰωνίῳ

85 1305 129 1372 ρὶ
157 1304 437 1372 τετήρηται.

85 1394 172 1442 Καὶ
215 1420 278 1429 -
306 1392 448 1460 φέρῃ.
504 1388 752 1459 Καθαίρει
795 1385 920 1438 αὐτὸ
970 1381 1063 1437 διὰ
1104 1393 1204 1436 τῶν
1255 1391 1574 1460 πειρασμῶν,

85 1485 316 1550 ραχωρῶν
366 1475 650 1548 ἐπάγεσθαι
709 1477 919 1535 τούτους
968 1473 1127 1544 αὐτῷ,
1161 1480 1261 1526 πᾶν
1315 1476 1404 1546 μεν
1454 1471 1580 1545 βλα-

85 1571 147 1618 ιὸν
189 1565 499 1629 ἀποξέοντας,
539 1570 712 1617 πᾶσαν
767 1560 825 1616 δὲ
885 1562 1206 1638 στερρότητα
1233 1567 1322 1614 καὶ
1373 1564 1580 1632 γονιμόο

85 1676 136 1707 τα
184 1655 398 1716 πλείονος
455 1653 643 1728 ἀρετῆς
691 1653 1051 1726 ἐμποιοῦντας.
1083 1651 1193 1705 Ἰνα
1237 1648 1296 1703 δὲ
1342 1655 1414 1723 μῆ
1447 1653 1580 1702 ύπο-

85 1744 224 1796 ἴωσιν
283 1743 544 1818 ἀκάρπους
607 1739 735 1794 εἶναί
796 1762 938 1804 τινας
1018 1740 1206 1806 αὐτῶν,
1269 1746 1358 1792 καὶ
1429 1739 1581 1792 πάλιν

1679 579 2000 635 ostendens
2020 577 2175 650 quod
2205 576 2299 632 his
2325 576 2424 648 qui
2453 575 2808 634 fructiﬁcant
2831 576 3042 634 auxilio
3067 586 3174 646 est,
3203 595 3335 636 eos-

1679 681 1796 740 que
1827 666 1999 739 punit
2027 665 2133 738 qui
2163 665 2418 721 fructum
2451 680 2572 722 non
2606 665 2825 724 ferunt.

1753 756 1918 812 Vers.
1943 760 1995 810 2.
2032 758 2263 810 Omnem
2281 784 2349 795 —
2375 754 2555 812 tollit.
2584 754 2838 811 Omnem
2867 754 3197 828 palmitem,
3229 755 3334 830 qui

1679 861 1751 901 ex
1781 861 1878 900 me
1925 843 2294 915 germinavit,
2338 841 2606 915 mihique
2645 858 2750 915 per
2779 842 2957 899 ﬁdem
2999 845 3197 900 unitus
3227 850 3332 912 est,

1679 949 1789 990 nec
1821 935 2078 989 fructum
2109 931 2294 996 aﬂ'ert,
2318 931 2602 988 exscindit
2630 939 2912 1004 tanquam
2965 932 3235 990 inutilem
3266 950 3336 992 ac

1681 1023 1932 1093 dignum
1971 1021 2130 1091 igne.
2159 1021 2364 1076 Omnis
2387 1021 2591 1093 itaque
2620 1021 3002 1090 christianus,
3021 1023 3126 1094 qui
3151 1022 3338 1080 infru-

1683 1117 1929 1168 ctuosus
1959 1115 2068 1176 est,
2105 1126 2142 1166 a
2171 1109 2401 1166 Christo
2431 1110 2669 1167 excisus
2708 1117 2819 1176 est,
2852 1127 3203 1184 quanquam
3233 1127 3340 1184 per

1685 1199 1864 1257 ﬁdem
1891 1199 1974 1255 illi
2003 1199 2364 1271 conjunctus
2395 1215 2527 1256 esse
2560 1198 2824 1258 videatur
2861 1206 2919 1257 et
2957 1206 3183 1257 interno
3222 1199 3340 1271 igni

1684 1293 2016 1346 reservatus
2036 1295 2146 1345 est.

1761 1379 1924 1436 Vers.
1957 1381 2009 1432 2.
2041 1379 2113 1434 Et
2162 1409 2232 1420 —
2269 1379 2498 1449 afferat.
2551 1379 2768 1450 Purgat
2802 1396 2941 1437 eum
2995 1394 3101 1452 per
3159 1385 3342 1438 tenta-

1687 1470 1901 1532 tiones,
1934 1468 2284 1540 permittens
2303 1474 2366 1524 ut
2384 1469 2445 1524 in
2471 1484 2611 1524 eum
2635 1468 3016 1525 inducantur.
3035 1468 3155 1526 Illm
3177 1485 3346 1526 nam-

1688 1574 1806 1631 que
1827 1558 1987 1629 quod
2005 1557 2300 1614 damnum
2321 1557 2514 1625 affert,
2536 1559 2860 1630 expoliunt,
2886 1575 2956 1616 ac
2969 1574 3150 1616 omne
3165 1559 3347 1616 robur

1693 1648 2105 1720 majoremque
2151 1647 2435 1703 virtutum
2474 1647 2834 1705 fertilitatem
2886 1654 3216 1705 accersunt.
3265 1651 3346 1706 Ne

1695 1744 1894 1792 autem
1925 1737 2161 1808 aliquos
2188 1753 2259 1792 ex
2282 1735 2425 1809 ipsis
2450 1737 2854 1794 infructuosos
2883 1755 3014 1794 esse
3041 1739 3350 1810 suspicen-

85 1832 324 1890 ›υϐηθῶσι
353 1837 468 1905 περὶ
509 1831 696 1884 ἑαυτῶν
730 1832 866 1902 (27).
897 1837 1202 1904 προαναιρεί
1229 1834 1314 1881 τὸν
1353 1838 1580 1882 τοιουτον
1616 1851 1658 1908 Β

1721 1841 1808 1892 ur,
1841 1832 2020 1898 atque
2043 1826 2117 1881 de
2150 1827 2360 1898 seipsis
2387 1827 2600 1882 iterum
2629 1827 2964 1894 turbentur,
2999 1826 3348 1898 hujusmodi

85 1921 236 1990 ›υϐον,
262 1920 414 1992 λέγων
437 1939 450 1950 ⁸

86 2009 260 2069 Ἱῐδην.
307 2042 372 2051 —
412 2012 553 2083 ύμῖν.
596 2010 1064 2084 Περικαθαρθέντες
1092 2016 1162 2079 τῷ
1218 2004 1586 2078 διδασκαλικῷ

86 2122 137 2171 ίῳ
198 2120 312 2172 μου.
373 2097 524 2172 Ὁρᾷς
586 2101 665 2151 ὅτι
729 2097 773 2149 εἰ
833 2103 923 2149 καὶ
975 2097 1202 2170 ἄμπελος
1251 2097 1408 2161 ἐστιν,
1462 2095 1588 2148 ἀλλά

85 2211 91 2240 ι
143 2193 376 2261 γεωργός.
431 2193 584 2245 Κοινὴ
617 2190 718 2259 γὰρ
775 2189 803 2245 η
856 2189 1072 2244 τοιαύτη
1121 2190 1352 2260 γεωργία
1397 2190 1486 2238 καὶ
1516 2193 1588 2256 τῷ

86 2283 170 2350 τρὶ
209 2282 294 2328 καὶ
329 2285 400 2346 τῷ
439 2279 565 2348 riga,
595 2279 769 2349 ὥσπερ
813 2273 877 2334 δὴ
907 2281 997 2328 καὶ
1036 2275 1214 2327 τᾶλλα.
1246 2274 1356 2329 Ἵνα
1404 2272 1462 2328 δε
1513 2279 1584 2348 μὴ

85 2371 102 2418 '9
150 2374 235 2426 τῆς
278 2365 462 2426 πολλῆς
503 2363 701 2426 δειλίας
754 2363 1134 2437 ἀποσχισθώσι
1165 2374 1258 2425 τῆς
1313 2366 1385 2427 εὶς
1434 2365 1589 2417 αὐτὸν

85 2475 223 2517 ττεως
257 2459 341 2506 καὶ
387 2459 637 2527 σχέσεως,
685 2457 1082 2526 κεχαυνωμένην
1132 2454 1298 2506 αὐτῶν
1342 2451 1448 2512 ἤδη
1496 2473 1590 2512 την

85 2550 182 2616 χὴν
213 2544 520 2616 ἐπισφίγγει,
559 2550 648 2595 καὶ
675 2543 842 2614 ἐαυτῷ
877 2543 1156 2615 συγκολλᾲ,
1191 2543 1343 2595 εἰπὼν
1369 2561 1382 2573 ⁶

85 2641 285 2687 κιείνατε
318 2665 379 2674 -
401 2635 541 2706 ὑμῖν.
573 2635 791 2687 Μείνατε
822 2631 870 2683 ἐν
901 2631 1036 2705 ἐμοὶ,
1067 2631 1481 2704 συγκολλωμενοί
1500 2652 1591 2704 μοι

85 2724 323 2799 ἴαιοτερον
381 2720 474 2776 διά
532 2727 755 2784 πίστεως
820 2719 1144 2774 ἀδιστάκτου
1206 2727 1296 2774 καὶ
1356 2728 1590 2794 σχέσεως

85 2816 279 2879 "rexi-ou,
317 2812 462 2885 κάγώ
491 2821 625 2884 μενῶ
658 2810 705 2863 ἐν
738 2813 881 2884 ὑμῖν,
918 2815 1081 2864 συνὼν
1128 2818 1190 2884 τῇ
1239 2809 1459 2884 δυνάμει
1501 2817 1591 2864 καὶ

86 2909 245 2955 ιιέπων
284 2905 313 2961 ἤ
350 2906 583 2973 συνέχων
624 2902 780 2973 ὑμᾶς,
821 2903 886 2962 ὡς
929 2900 1156 2974 ἄμπελος
1189 2900 1451 2974 κλήματα,
1502 2907 1591 2954 καὶ

85 2996 349 3064 ›ποφόρους
380 2989 816 3064 ἀπεργαζόμενος.

85 3169 253 3228 (αθὼς
278 3198 346 3208 —-
372 3172 596 3238 μείνητε.
632 3163 771 3218 Ούδε
804 3167 950 3238 ὑμεῖς
973 3163 1202 3218 δύνασθε
1226 3174 1588 3240 καρποφορεῖν,
1625 3201 1666 3260 c

115 3256 485 3327 ἀποσχισθῆτε
511 3264 605 3316 τῆς
638 3261 916 3328 συναφείας
939 3275 1061 3327 μου.

89 3351 202 3415 Εγνι)
276 3376 346 3385 -
383 3345 560 3398 πολύν.
637 3345 911 3416 Σαφηνίζει
953 3349 1046 3403 τὴν
1117 3343 1437 3417 παραϐολὴν,
1503 3349 1592 3396 καὶ

87 3441 184 3486 insi
240 3442 345 3494 πῶς
407 3429 578 3486 εἶπεν·
647 3432 705 3485 Ὀ
781 3438 941 3505 μένων
1000 3432 1048 3484 ἐν
1124 3432 1257 3506 ἐμοὶ,
1327 3435 1473 3506 κάγὼ
1547 3436 1594 3485 ἐν

87 3533 160 3594 -ᾠ,
231 3523 380 3585 οὗτος
448 3527 586 3597 φέρει
647 3526 844 3597 καρπὸν
918 3525 1096 3578 πολύν.
1185 3521 1434 3583 Πολλάκις
1493 3526 1595 3598 γὰρ

93 3633 134 3665 ει
189 3618 278 3685 μέν
311 3633 392 3674 τις
435 3611 482 3664 ἐν
513 3622 584 3684 τῷ
631 3620 866 3688 Χριστῷ,
931 3616 1255 3685 συνημμένος
1311 3614 1448 3686 αὐτῷ
1507 3611 1602 3667 διὰ

88 3725 90 3760 ;
144 3710 384 3768 πίστεως,
447 3703 504 3754 ού
557 3706 694 3775 μένει
742 3699 800 3755 δε
849 3707 937 3755 καὶ
986 3704 1012 3754 ὁ
1059 3707 1284 3777 Χριστὸς
1338 3707 1386 3757 ἐν
1436 3704 1598 3775 αύτῷ,

87 3797 451 3865 ›στρεφόμενος
530 3793 706 3858 αὑτὸν,
785 3794 853 3853 ὡς
930 3792 1150 3855 ἀναξίως
1225 3793 1384 3846 αὐτοῦ
1455 3793 1602 3848 πολι-

89 3887 290 3953 όμενον.
347 3881 514 3941 Οὗτος
554 3886 692 3953 φέρει
747 3883 838 3952 μεν
906 3886 1124 3954 καρπὸν,
1195 3882 1366 3955 ὀλίγον
1425 3880 1504 3948 δὲ,
1554 3885 1603 3938 ἓν

107 3970 326 4040 ἀγαθὸν,
366 3971 394 4029 ἡ
447 3975 534 4021 καὶ
585 3967 680 4022 δύο
729 3989 829 4022 που
885 3967 1325 4044 διαπραξάμενος,
1377 3973 1604 4048 Ὀρῶμεν

114 4065 206 4110 καὶ
257 4057 306 4109 ἐν
357 4057 600 4131 ἀμπέλοις
647 4067 865 4111 τοιαῦτα
916 4059 1176 4133 κλήματα,
1234 4061 1270 4114 ἂ
1337 4068 1409 4136 μὴ
1474 4086 1608 4138 χαι-

97 4157 202 4198 σών
264 4147 445 4210 αὐτοῖς
494 4157 592 4199 τῶν
646 4147 882 4220 ἀμπελων
935 4147 1196 4226 βοτρύδια
1261 4151 1445 4226 οἰκτρά
1491 4173 1608 4208 τινα

93 4256 266 4288 ουσιν.

89 4330 186 4378 Οτί
245 4355 309 4366 -—
358 4322 528 4382 οὐδέν.
583 4327 781 4406 Ὠσπερ
833 4326 950 4383 οὐδ’
989 4333 1037 4383 οἱ
1080 4329 1300 4403 βλαστοὶ
1359 4337 1430 4406 μὴ
1483 4333 1609 4387 ἀπο-

90 4433 244 4476 οντες
279 4411 547 4480 δυνάμεως
597 4415 650 4468 ἔκ
700 4429 794 4480 τῆς
838 4421 1013 4493 ῥίζης.
1043 4421 1211 4474 Εἰπὼν
1263 4418 1322 4475 δε
1374 4422 1608 4499 ἀνωτέρω

1695 1914 1982 1987 praevenit
2015 1915 2358 1980 tumultum,
2391 1915 2591 1970 dicens
2623 1933 2638 1975 :

1770 2005 1939 2061 Vers.
1972 2008 2028 2061 2.
2066 2005 2301 2060 Jam—
2337 2003 2506 2059 vobis.
2562 2003 2803 2074 Purgati
2854 2019 3006 2071 meo,
3057 2020 3179 2077 quo
3240 2021 3350 2062 vos

1695 2094 1896 2164 docui,
1929 2108 2224 2149 sermone.
2252 2093 2440 2160 Vides,
2488 2094 2654 2166 quod
2685 2094 2820 2150 licet
2848 2093 2985 2150 vitis
3016 2093 3108 2161 sit,
3147 2099 3237 2150 est
3268 2102 3352 2152 ta-

1699 2199 1835 2239 men
1877 2185 2056 2239 etiam
2107 2182 2373 2253 agricola
2419 2201 2432 2252 ;
2493 2192 2580 2238 est
2610 2183 2766 2238 enim
2814 2184 2944 2239 haec
2987 2183 3354 2254 agricultura

1698 2272 2041 2329 communis
2082 2272 2238 2329 Patri
2278 2280 2333 2329 et
2365 2273 2524 2340 Filio,
2577 2271 2755 2328 veluti
2814 2288 2958 2328 sane
3008 2280 3065 2330 et
3094 2273 3228 2330 alia.
3270 2276 3351 2330 Ne

1699 2367 1901 2418 autem
1947 2378 2071 2435 prae
2126 2361 2316 2418 nimia
2352 2362 2670 2418 formidine
2699 2362 3038 2418 exciderent
3068 2378 3104 2419 a
3131 2363 3248 2420 ﬁde
3281 2379 3353 2420 ac

1697 2451 1929 2518 habitu,
1957 2467 2080 2523 quo
2096 2466 2240 2522 erga
2261 2467 2323 2507 se
2353 2450 2546 2508 affecti
2572 2456 2761 2520 erant,
2785 2451 3044 2508 laxatam
3073 2452 3196 2524 jam
3223 2453 3356 2509 ani-

1699 2556 1864 2596 mam
1894 2541 2189 2612 astringit,
2221 2540 2452 2612 sibique
2477 2540 2871 2612 conglutinat,
2898 2540 3143 2596 dicens:

1773 2631 1932 2683 Vers.
1972 2632 2026 2684 4.
2057 2629 2289 2685 Manete
2312 2659 2381 2668 —
2409 2629 2579 2684 vobis.
2609 2658 2681 2668 —
2726 2630 2967 2686 Manete
3010 2629 3072 2685 in
3119 2646 3235 2696 me,
3263 2628 3356 2686 ﬁro

1700 2717 1874 2772 miter
1901 2717 2048 2772 mihi
2101 2717 2480 2788 conglutinati
2537 2733 2644 2789 per
2691 2717 2876 2774 ﬁdem
2930 2718 3354 2788 indubitatam,

1699 2805 2093 2879 habitumque
2105 2806 2606 2872 indissolubilem,
2621 2811 2800 2877 etego
2817 2809 3076 2866 manebo
3091 2810 3150 2864 in
3165 2808 3355 2877 vobis,

1702 2895 1969 2968 potentia
1991 2897 2307 2952 vobiscum
2327 2911 2708 2966 permanens,
2723 2912 2947 2969 vosque
2971 2897 3356 2970 amplectens,

1702 2986 2132 3041 autcontinens
2147 3001 2278 3055 vos,
2298 2986 2444 3041 sicut
2462 2987 2592 3042 vitis
2615 2985 2905 3058 palmites,
2935 3002 3005 3042 ac
3029 2986 3360 3043 fructiferas

1702 3074 1981 3129 reddens.

1779 3166 1935 3218 Vers.
1969 3166 2022 3217 4.
2054 3162 2212 3219 Sicut
2246 3195 2313 3203 —
2345 3165 2695 3220 manseritis.
2721 3167 2921 3236 Neque
2965 3180 3073 3221 vos
3111 3164 3364 3221 fructiﬁ-

1705 3269 1840 3310 care
1870 3256 2131 3324 potestis,
2166 3255 2213 3308 si
2253 3270 2289 3310 a
2319 3254 2436 3308 mei
2468 3254 2888 3324 conjunctione
2926 3253 3361 3312 distrahamini.

1774 3342 1938 3398 Vers.
1975 3347 2024 3399 5.
2059 3345 2186 3414 Ego
2215 3373 2284 3384 —
2340 3343 2614 3398 multum.
2668 3343 2956 3414 Explanat
2984 3343 3358 3414 parabolam.

1706 3434 1773 3490 Et
1793 3432 2108 3489 considera
2145 3432 2450 3505 quomodo
2470 3431 2704 3487 dixerit:
2733 3432 2843 3500 Qui
2871 3439 3073 3488 manet
3102 3433 3165 3488 in
3191 3446 3282 3488 me
3307 3436 3362 3487 et

1707 3539 1808 3595 ego
1832 3523 1896 3578 in
1909 3537 1986 3593 eo,
2017 3523 2114 3578 hic
2126 3523 2249 3592 fert
2266 3523 2536 3592 fructum
2553 3522 2828 3577 multum.
2855 3525 3001 3578 Nam
3034 3521 3366 3594 frequenter

1710 3618 1915 3669 manet
1942 3613 2078 3686 quis
2117 3612 2474 3683 conjunctus
2503 3612 2562 3667 in
2583 3611 2811 3667 Christo
2839 3627 2944 3684 per
2973 3610 3151 3668 ﬁdem
3185 3625 3201 3679 ;
3242 3625 3366 3667 non

1711 3707 1914 3758 manet
1926 3708 2125 3757 autem
2139 3700 2405 3757 Christus
2419 3702 2479 3755 in
2491 3715 2877 3766 eo,aversans
2891 3699 3060 3756 illum
3075 3705 3367 3774 tanquam

1712 3791 1957 3862 indigne
1987 3807 2048 3846 se
2073 3797 2370 3862 gerentem
2396 3805 2421 3847 .°
2445 3790 2540 3846 hic
2581 3789 2692 3846 fert
2719 3790 2966 3862 quidem
2998 3790 3277 3856 fructum,
3310 3792 3372 3846 at

1713 3881 2121 3946 modicum,un
2131 3896 2231 3935 um
2245 3887 2348 3937 aut
2361 3880 2603 3936 alterum
2616 3895 2769 3953 opus
2785 3881 2995 3936 bonum
3010 3875 3371 3952 obiter(mm)

1713 3971 2044 4043 perﬁciens.
2075 3970 2357 4026 Videmus
2387 3976 2587 4027 autem
2619 3977 2675 4027 et
2703 3971 2762 4026 in
2795 3971 2979 4027 vineis
3017 3967 3371 4041 hujusmodi

1715 4060 2012 4133 palmites,
2039 4061 2141 4132 qui
2171 4060 2317 4116 dum
2347 4060 2460 4116 illis
2490 4075 2611 4116 non
2643 4060 2907 4130 gaudent
2950 4060 3158 4125 vineas,
3190 4059 3371 4115 mise-

1715 4150 1934 4206 rabiles
1955 4149 2255 4222 quosdam
2280 4149 2476 4205 ferunt
2492 4150 2850 4206 racemulos.

1789 4327 1952 4384 Vers.
1981 4332 2032 4385 ὅ.
2057 4327 2204 4394 Quia
2227 4354 2288 4364 —
2303 4328 2520 4396 facere.
2561 4328 2872 4398 Tanquam
2913 4325 3200 4396 germina,
3232 4341 3370 4400 qum

1718 4420 1932 4475 virtute
1975 4433 2009 4472 a
2050 4417 2248 4472 radice
2307 4416 2668 4488 procedente
2717 4431 2835 4471 non
2875 4414 3171 4471 fruuntur.
3224 4417 3374 4473 Cum

139 4505 218 4557 Ού
309 4503 540 4559 δύνασθε
617 4518 982 4586 καρποφορεῖν,
1074 4510 1157 4563 ἐὰν
1218 4518 1290 4585 μὴ
1365 4513 1413 4566 ἐν
1493 4513 1666 4614 ἔμοιῙΣ

1719 4514 1920 4564 autem
1946 4506 2218 4580 superius
2237 4505 2446 4562 dixerit
2467 4505 2633 4561 :Non
2655 4507 2898 4576 potestis
2917 4505 3082 4576 ferre
3091 4507 3372 4575 fructum,

89 4614 210 4651 νητε
237 4613 248 4624 ·
278 4603 370 4646 νῦν
408 4595 543 4668 λέγει
591 4604 678 4651 καὶ
709 4602 795 4652 τὸν
848 4597 1088 4652 κίνδυνον
1140 4609 1231 4653 τοῦ
1259 4607 1332 4675 μὴ
1390 4601 1438 4654 ἓν
1469 4603 1609 4678 αὐτῷ

90 4704 262 4746 οντος.

89 4776 189 4826 Εάν
218 4807 291 4815 —
322 4775 520 4849 κλῆμα.
540 4774 629 4836 Ὠς
657 4779 713 4829 τὸ
745 4775 918 4849 κλῆμα
947 4781 1004 4830 τὸ
1025 4779 1322 4853 ἄχρηστον.

89 4959 167 5006 ἰαὶ
198 4955 488 5028 ἐξηράνθη.
544 4959 638 5008 Καὶ
671 4952 930 5008 ἀπώλεσεν
971 4956 1032 5016 ἣν
1073 4957 1212 5032 εἶχεν
1239 4957 1294 5012 ἐκ
1326 4969 1422 5024 τῆς
1460 4960 1613 5038 ῥίζης

91 5040 208 5093 άδα
238 5046 488 5116 χάριτος.

91 5134 174 5180 ἰαὶ
220 5134 545 5201 συνάγουσιν
597 5135 748 5186 αὑτά.
786 5139 885 5187 Καὶ
944 5137 1234 5208 συνάγουσι
1281 5141 1348 5192 τά
1399 5146 1617 5193 τοιαῦτα

94 5236 250 5290 ματα
282 5220 334 5270 ὁὶ
367 5221 579 5292 ἄγγελοι
609 5226 744 5277 κατά
772 5227 858 5277 τὸν
881 5229 1060 5302 καιρὸν
1088 5235 1183 5290 τῆς
1211 5233 1453 5302 κρίσεως.

1721 4599 1840 4654 nisi
1864 4598 1922 4653 in
1953 4611 2042 4652 me
2067 4594 2411 4660 manseritis,
2440 4609 2601 4650 nunc
2649 4594 2822 4651 etiam
2869 4594 3204 4667 periculum
3235 4594 3375 4654 dicit

1720 4687 1851 4758 ejus
1879 4685 1984 4758 qui
2021 4685 2082 4741 in
2115 4701 2180 4741 se
2208 4699 2333 4741 non
2363 4683 2674 4741 manserit.

1796 4776 1954 4831 Vers.
2013 4779 2065 4831 6.
2096 4773 2595 4843 Nisi—palmes.
2647 4774 2952 4846 Tanquam
3005 4777 3378 4833 sarmentum

1719 4865 1945 4923 inutile.

1795 4957 1956 5011 Vers.
1999 4958 2052 5012 6.
2082 4955 2162 5010 Et
2201 4957 2522 5012 exarescet.
2556 4952 2622 5010 Et
2650 4951 2876 5026 perdet,
2898 4968 3081 5026 quem
3111 4951 3380 5014 habebat

1724 5060 1798 5102 ex
1819 5044 2017 5101 radice
2055 5044 2260 5117 gratiae
2299 5044 2639 5100 humorem.

1797 5134 1958 5190 Vers.
1993 5139 2046 5191 6.
2073 5133 2156 5192 Et
2176 5134 2459 5206 colligent
2475 5148 2588 5190 eos.
2609 5134 2676 5189 Et
2699 5131 3154 5204 congregabunt
3177 5129 3379 5206 angeli

1723 5225 2078 5299 hujusmodi
2117 5230 2422 5284 sarmenta
2448 5224 2511 5282 in
2547 5223 2638 5282 die
2665 5223 2896 5296 judicii.

1193 5432 1422 5506 Variae
1467 5434 1797 5506 lectiones
1833 5443 1900 5504 et
1928 5445 2133 5506 notae.

91 5648 185 5720 25)
221 5647 573 5703 Ἐκκόπτεται
603 5656 659 5706 Β.

91 5724 180 5788 26)
505 5728 617 5802 καὶ,
644 5729 748 5802 aut
773 5722 869 5779 κᾶν
896 5721 1051 5802 δοκῇ.

91 5792 243 5869 mm)
279 5792 506 5854 Obiter.
539 5797 730 5856 Forte.

1803 5660 1919 5735 (27)
1957 5661 2032 5714 Δι’
2058 5664 2245 5731 αὐτῶν,
2277 5662 2344 5720 Α.
2376 5661 2546 5720 Forte
2585 5657 2879 5726 δι’ἱαυτοὺς
2909 5660 3107 5722 voluit.

2551 5802 2564 5826 ι
