4076 6444
87 365 138 424 39'
957 350 1328 420 COMMEAT.
1370 354 1438 418 1N
1474 355 1826 420 JOANNEM.
1865 391 1936 404 —
1974 349 2131 417 CAP.
2173 359 2290 416 xv.

3194 357 3332 418 1410

88 498 211 554 κείας.
235 498 308 562 Τῷ
333 492 496 562 Πατρὶ
520 486 579 541 δὲ
602 491 697 547 τὴν
720 487 1006 562 ἐπιμελειαν
1038 488 1204 540 αὐτῶν
1238 486 1563 554 ἀνατίθησιν,
1600 489 1647 544 Α

1716 482 1832 540 ’atri
1859 487 2058 540 autem
2080 497 2285 539 curam
2305 496 2516 539 eorum
2546 478 2833 554 attribuit,
2862 487 3155 556 tanquam
3187 487 3330 555 Deo,

101 589 228 650 Θεῷ·
271 574 466 640 δεικνὺς
495 579 575 630 ὅτι
609 585 847 650 συνεργεῖ
889 585 994 638 τοῖς
1038 585 1432 652 καρποφοροῦσι
1480 581 1570 629 καὶ

88 672 199 732 τάξει
222 671 325 728 τοὺς
351 673 420 740 μὴ
453 675 933 742 καρποφορούντας.

87 765 176 811 Πᾶν
223 789 279 798 --
314 760 442 831 αἴρει
494 756 642 812 αὐτὸ.
685 762 793 809 Πᾶν
839 756 1015 828 κλῆμα
1071 755 1119 808 ἓν
1177 756 1294 828 ἐμοὶ
1343 753 1572 828 βλαστῆ-

87 870 122 916 ν,
163 851 242 899 καὶ
291 843 376 898 διὰ
404 851 628 907 πίστεως
684 848 939 917 ἡνωμένον
969 864 1081 918 μοι,
1126 849 1196 917 μὴ
1245 849 1393 917 φέρον
1446 864 1571 917 καρ-

87 959 120 1002 ι,
176 939 319 1007 ἤγουν
381 933 580 1008 ἀρετὰς,
641 933 879 986 ἐκκόπτει
945 933 1070 986 αύτό
1137 936 1206 995 ὡς
1268 935 1567 1007 ἄχρηστον,

87 1047 94 1077 ι
141 1027 290 1097 πυρὸς
335 1023 498 1086 ἄξιον.
551 1027 744 1076 Λοιπὸν
803 1019 890 1075 οὖν
936 1029 1038 1085 πᾶς
1087 1026 1401 1094 Χριστιανὸς
1459 1028 1569 1094 μὲν,

87 1133 225 1185 κρπος
267 1109 338 1181 δὲ,
365 1111 670 1165 ἐκκέκοπται
702 1113 814 1180 (23)
841 1118 931 1164 τοῦ
959 1119 1212 1184 Χριστοῦ,
1237 1116 1328 1163 καὶ
1381 1111 1425 1163 εἰ
1461 1111 1573 1182 (26)

87 1211 150 1254 isi
180 1203 420 1274 συνῆφθαι
464 1201 604 1270 αὐτῷ
645 1198 739 1253 διὰ
764 1209 859 1262 τῆς
895 1205 1132 1267 πίστεως,
1167 1206 1255 1252 καὶ
1289 1208 1358 1272 τῷ
1388 1200 1574 1272 αἰωνίῳ

87 1298 129 1344 οὶ
157 1297 437 1366 τετήρηται.

87 1387 172 1434 Καὶ
215 1413 278 1422 -
306 1385 448 1454 φέρῃ.
504 1381 752 1452 Καθαίρει
795 1379 920 1431 αὐτὸ
970 1375 1063 1431 διά
1104 1388 1204 1430 τῶν
1255 1385 1574 1454 πειρασμῶν,

87 1478 316 1543 οαχωρών
367 1468 650 1540 ἐπάγεσθαι
709 1471 918 1529 τούτους
968 1467 1127 1538 αὐτῷ,
1161 1474 1260 1520 πᾶν
1314 1471 1403 1540 μὲν
1454 1465 1580 1539 βλα-

87 1563 146 1610 ιὸν
189 1558 500 1623 ἀποξέοντας,
538 1563 712 1610 πᾶσαν
767 1554 825 1609 δὲ
885 1556 1206 1631 στερρότητα
1232 1561 1321 1608 καὶ
1372 1559 1580 1626 γονιμό·

87 1669 136 1700 τα
183 1647 398 1708 πλείονος
455 1646 643 1720 ἀρετῆς
691 1645 1050 1720 ἐμποιοῦντας.
1082 1645 1192 1699 Ἰνα
1237 1642 1296 1697 δε
1341 1650 1414 1717 μὴ
1446 1647 1580 1696 ὑπο-

87 1737 223 1788 ῗωσιν
283 1736 544 1811 ἀκάρπους
607 1733 734 1787 εἶναί
796 1755 938 1797 τινας
1017 1734 1206 1801 αὐτῶν,
1268 1740 1357 1787 καὶ
1428 1733 1580 1786 πάλιν

1679 573 2000 630 ostendens
2020 572 2175 646 quod
2205 571 2299 627 his
2325 572 2425 643 qui
2453 570 2808 630 iructiﬁcant
2831 573 3049 630 auxilio
3067 582 3174 643 est,
3203 591 3334 632 eos-

1680 677 1797 734 que
1827 661 1999 734 punit
2027 661 2133 733 qui
2163 660 2418 716 iructum
2451 676 2572 716 non
2606 661 2825 720 ferunt.

1751 751 1918 806 Vers.
1943 755 1995 806 2.
2032 753 2349 806 Omnem—
2375 749 2555 807 tollit.
2585 750 2838 806 Omnem
2867 750 3197 824 palmitem,
3228 751 3334 826 qui

1679 855 1751 896 ex
1781 855 1878 894 me
1926 838 2293 910 germinavit,
2338 837 2606 910 mihique
2645 854 2750 910 per
2778 838 2956 895 ﬁdem
2999 841 3197 896 unitus
3227 847 3332 908 est,

1680 944 1789 984 nec
1821 930 2077 984 fructum
2109 926 2294 992 affert,
2318 927 2602 984 exscindit
2630 934 2912 999 tanquam
2965 928 3235 986 inutilem
3266 946 3336 988 ac

1682 1017 1932 1088 dignum
1971 1016 2130 1086 igne.
2158 1016 2364 1071 Omnis
2386 1017 2591 1088 itaque
2620 1017 3002 1086 christianus,
3021 1019 3126 1090 qui
3151 1018 3337 1076 infru-

1683 1112 1929 1162 ctuosus
1959 1110 2068 1171 est,
2104 1121 2142 1162 a
2171 1104 2401 1162 Christo
2431 1106 2669 1162 excisus
2708 1113 2819 1173 est,
2852 1123 3202 1180 quanquam
3233 1123 3340 1180 per

1685 1193 1864 1251 ﬁdem
1891 1194 1974 1250 illi
2003 1194 2364 1266 conjunctus
2394 1211 2526 1252 esse
2560 1194 2824 1253 videatur
2861 1202 2918 1253 et
2957 1203 3182 1254 aeterno
3222 1196 3340 1267 igni

1684 1288 2015 1340 reservatus
2036 1290 2145 1340 est.

1761 1373 1924 1430 Vers.
1957 1376 2008 1428 2.
2040 1373 2113 1428 Et
2162 1404 2232 1415 —
2269 1374 2497 1444 afferat.
2550 1375 2767 1446 Purgat
2802 1391 2940 1432 eum
2994 1390 3100 1448 per
3158 1381 3342 1434 tenta-

1688 1464 1901 1527 tiones,
1934 1463 2283 1536 permittens
2302 1469 2364 1520 ut
2383 1464 2444 1520 in
2471 1479 2610 1519 eum
2635 1464 3015 1522 inducantur.
3035 1464 3154 1522 Illa;
3176 1481 3344 1523 nam-

1687 1569 1806 1626 que
1827 1553 1986 1624 quod
2004 1552 2299 1609 damnum
2321 1552 2513 1621 aﬁ'ert,
2536 1554 2859 1626 expoliunt,
2885 1571 2955 1612 ac
2968 1571 3148 1612 omne
3164 1555 3346 1612 robur

1693 1643 2104 1715 majoremque
2150 1642 2435 1698 virtutum
2472 1643 2832 1700 fertilitatem
2885 1650 3215 1701 accersunt.
3264 1648 3345 1702 Ne

1694 1738 1893 1787 autem
1924 1731 2160 1804 aliquos
2188 1748 2259 1786 ex
2281 1731 2424 1804 ipsis
2449 1731 2853 1790 infructuosos
2883 1749 3012 1790 esse
3040 1735 3349 1806 suspicen-

87 1825 324 1884 ›υϐηθῶσι
353 1830 468 1898 περὶ
508 1825 695 1877 ἑαυτῶν
729 1825 866 1896 (27),
897 1831 1202 1898 προαναιρεῖ
1228 1828 1314 1875 τὸν
1353 1832 1580 1876 τοιουτον
1615 1845 1658 1903 Β

1721 1836 1807 1886 ur,
1840 1827 2020 1892 atque
2042 1820 2116 1876 de
2149 1822 2359 1893 seipsis
2386 1823 2599 1877 iterum
2628 1823 2964 1890 turbentur,
2998 1822 3347 1894 hujusmodi

87 1914 236 1984 ›υϐον,
261 1913 414 1986 λέγων
437 1932 449 1944 '

88 2002 259 2062 Ἡδην.
307 2035 372 2044 —
411 2005 552 2076 ύμῖν.
596 2003 1063 2077 Περικαθαρθέντες
1091 2010 1161 2073 τῷ
1217 1998 1585 2072 ὃιδασκαλικῷ

87 2115 136 2164 ’ῳ
197 2113 312 2164 μου.
372 2090 524 2165 Ὁρᾷς
585 2094 664 2144 ὅτι
728 2091 772 2142 εἰ
833 2096 922 2143 καὶ
973 2091 1202 2164 ἄμπελος
1249 2091 1408 2155 ἐστιν,
1461 2089 1587 2142 ἀλλά

88 2226 90 2230 ,
142 2185 375 2254 γεωργός.
430 2186 583 2238 Κοινὴ
616 2183 717 2252 γὰρ
774 2183 802 2238 ὴ
855 2183 1070 2238 τοιαύτη
1120 2183 1351 2254 γεωργία
1395 2185 1485 2231 καὶ
1515 2187 1586 2250 τῷ

90 2275 169 2344 τρὶ
208 2275 293 2321 καὶ
329 2278 399 2340 τῷ
438 2272 564 2341 Υἰῷ,
594 2273 768 2342 ὥσπερ
811 2266 876 2326 δὴ
907 2274 996 2321 καὶ
1035 2269 1213 2321 τοίλλα.
1245 2268 1354 2322 ’Ίνα
1403 2266 1462 2322 δι
1512 2274 1583 2342 μὴ

87 2364 100 2411 5
149 2367 234 2419 τῆς
277 2358 461 2419 πολλῆς
502 2355 699 2419 δειλίας
753 2357 1133 2430 ἀποσχισθώσι
1163 2368 1257 2419 τῆς
1311 2360 1383 2421 εἰς
1433 2359 1588 2410 αὐτὸν

87 2468 222 2510 ττεως
256 2452 340 2500 καὶ
386 2452 636 2520 σχέσεως,
683 2451 1081 2520 κεχαυνωμένην
1131 2448 1296 2500 αὐτῶν
1341 2445 1447 2506 ἤδη
1494 2467 1588 2506 την

87 2543 180 2608 χὴν
211 2537 519 2609 ἐπισφίγγει,
557 2543 646 2589 καὶ
673 2537 840 2608 ἐαυτῷ
876 2536 1154 2609 συγκολλᾲ,
1190 2537 1342 2589 εἰπών
1368 2555 1380 2566 ·

87 2634 284 2680 ι1είνατε
316 2658 378 2667 -
400 2629 539 2699 ὑμῖν.
571 2628 789 2680 Μείνατι
820 2625 868 2677 ἐν
900 2624 1034 2699 ἐμοὶ,
1066 2625 1480 2698 συγκολλὼμενοί
1498 2646 1589 2699 μοι

87 2717 321 2792 ἷαιοτερον
379 2713 472 2769 διὰ
530 2720 753 2776 πίστεως
817 2712 1142 2768 ἀδιστάκτου
1204 2721 1295 2768 καὶ
1354 2721 1589 2788 σχέσεως

87 2813 277 2871 μήκτου,
315 2805 460 2878 κάγώ
489 2814 623 2877 μενῶ
655 2803 703 2856 ἐν
736 2806 879 2877 ύμῖν,
915 2809 1079 2857 συνὼν
1126 2811 1188 2878 τῇ
1237 2802 1458 2878 δυνάμει
1499 2811 1589 2858 καὶ

95 2901 243 2948 ιέπων
281 2899 311 2954 ἤ
349 2899 581 2966 συνέχων
622 2895 778 2966 ὑμᾶς,
819 2897 884 2955 ὡς
927 2893 1154 2967 ἄμπελος
1187 2894 1449 2968 κλήματα,
1499 2900 1589 2948 καὶ

87 2989 347 3057 ιποφόρους
378 2982 814 3057 ἀπεργαζόμενος.

87 3162 251 3221 (add);
276 3191 344 3200 —
370 3165 593 3230 μείνητε.
629 3157 769 3212 Οὐδὲ
802 3161 948 3232 ὑμεῖς
971 3157 1199 3212 δύνασθε
1224 3168 1585 3234 καρποφορεῖν,
1622 3196 1663 3255 c

113 3249 482 3320 ἀποσχισθῆτε
508 3257 603 3309 τῆς
635 3253 913 3320 συναφείας
937 3269 1058 3321 μου.

88 3344 199 3408 liv/ri)
274 3369 343 3378 —
380 3337 557 3391 πολύν.
634 3339 908 3409 Σαφηνίζει
951 3343 1043 3397 τὴν
1114 3336 1434 3411 παραϐολὴν,
1500 3343 1590 3390 καὶ

87 3447 181 3479 ,πει
237 3435 343 3487 πῶς
404 3422 576 3478 εἶπεν·
645 3425 702 3478 Ὀ
778 3431 938 3498 μένων
997 3426 1046 3478 ἐν
1121 3425 1254 3499 ἐμοὶ,
1324 3429 1470 3500 κάγὼ
1544 3430 1592 3479 ἐν

87 3525 158 3587 ᾧ,
228 3515 378 3578 οὗτος
445 3520 583 3590 φέρει
644 3519 841 3590 καρπὸν
915 3519 1093 3571 πολύν.
1182 3515 1432 3578 Πολλάκις
1490 3520 1592 3592 γὰρ

90 3626 132 3658 ει
186 3610 275 3677 μέν
308 3625 388 3667 τις
433 3604 480 3657 ἐν
510 3614 581 3677 τῷ
626 3613 864 3680 Χριστῷ,
929 3609 1252 3678 συνημμένος
1308 3608 1445 3680 αὐτῷ
1505 3605 1599 3662 διὰ

141 3702 381 3761 πίστεως,
444 3696 502 3747 ού
553 3699 692 3767 μένει
739 3692 797 3748 δὲ
846 3701 934 3748 καὶ
983 3698 1008 3747 ὁ
1053 3700 1280 3771 Χριστός
1335 3701 1383 3751 ἐν
1433 3698 1594 3769 αὐτῷ,

87 3789 448 3857 ›στρεφὸμενος
527 3785 703 3851 αὑτὸν,
783 3787 850 3846 ὡς
927 3785 1147 3848 ἀναξίως
1222 3786 1381 3840 αὐτοῦ
1451 3787 1598 3842 πολι-

87 3879 286 3945 όμενον.
344 3874 511 3934 Οὗτος
551 3879 689 3946 φέρει
744 3876 835 3946 μεν
903 3880 1121 3948 καρπὸν,
1192 3875 1362 3949 ὀλίγον
1421 3875 1500 3942 δὲ,
1551 3878 1599 3932 ἓν

104 3962 322 4033 ἀγαθὸν,
363 3964 390 4022 ἡ
443 3968 531 4014 καὶ
581 3959 677 4014 δύο
726 3983 826 4015 που
883 3960 1322 4038 διαπραξάμενος,
1373 3967 1600 4041 Ὀρῶμεν

111 4058 202 4102 καὶ
254 4050 303 4102 ἐν
353 4049 596 4124 ἀμπέλοις
643 4060 862 4104 τοιαῦτα
912 4053 1172 4126 κλήματα,
1231 4054 1266 4107 ἂ
1334 4061 1405 4130 μὴ
1471 4079 1604 4131 χαι-

94 4149 199 4191 σὼν
261 4141 442 4202 αὐτοῖς
490 4150 589 4192 τῶν
643 4141 879 4213 ἀμπελων
931 4141 1192 4219 βοτρύδια
1257 4145 1441 4219 οἰκτρά
1488 4167 1604 4202 τινα

89 4249 262 4280 ουσιν.

87 4322 183 4370 0τί
242 4348 306 4359 -
354 4315 524 4374 οὐδέν.
579 4319 777 4398 Ὠσπερ
830 4319 947 4376 οὐδ’
986 4326 1033 4376 οἱ
1076 4322 1297 4397 βλαστοὶ
1355 4331 1426 4400 μὴ
1479 4326 1605 4381 ἀπο-

95 4426 240 4469 οντες
275 4404 543 4473 δυνάμεως
593 4409 647 4462 ἐκ
696 4421 790 4474 τῆς
834 4414 1009 4486 ῥίζης.
1039 4414 1208 4466 Εἰπὼν
1259 4411 1318 4468 δὲ
1371 4415 1604 4492 ἀνωτέρω

135 4499 214 4550 Ov}
305 4496 536 4553 δύνασθε
613 4511 978 4580 καρποφορεῖν,
1070 4503 1153 4557 ἐὰν
1214 4511 1286 4579 μὴ
1361 4506 1409 4560 ἐν
1488 4507 1598 4581 ἐμοὶ

87 4607 205 4645 mre
233 4606 244 4617 ·
274 4596 366 4639 νῦν
404 4587 539 4661 λέγει
587 4597 674 4644 καὶ
704 4595 791 4645 τὸν
844 4590 1084 4646 κίνδυνον
1136 4603 1227 4647 τοῦ
1256 4600 1328 4668 μὴ
1386 4595 1434 4648 ἐν
1465 4597 1605 4672 αὐτῷ

87 4697 257 4739 οντος.

87 4769 185 4820 Εάν
214 4800 286 4808 -
318 4768 515 4842 κλῆμα.
536 4767 625 4830 Ὠς
653 4773 709 4822 τὸ
740 4768 914 4842 κλῆμα
943 4774 1000 4824 τὸ
1022 4772 1318 4846 ἄχρηστον.

87 4951 163 4998 ἰαὶ
194 4947 483 5022 ἐξηράνθη.
537 4952 635 5001 Καὶ
666 4945 925 5002 ἀπώλεσεν
967 4949 1027 5010 ἣν
1068 4951 1208 5026 εἶχεν
1235 4951 1289 5006 ἐκ
1321 4962 1418 5017 τῆς
1455 4955 1609 5032 ῥίζης

88 5033 203 5086 άδα
233 5039 484 5110 χάριτος.

87 5127 170 5172 ἰαὶ
216 5127 541 5194 συνάγουσιν
593 5128 743 5180 αὑτά.
782 5132 880 5181 Καὶ
940 5131 1230 5202 συνάγουσι
1277 5135 1344 5186 τά
1394 5141 1612 5187 τοιαῦτα

91 5229 246 5282 ματα
277 5213 329 5263 ὁὶ
362 5214 575 5285 ἄγγελοι
604 5219 740 5270 κατὰ
767 5221 852 5270 τὸν
875 5223 1056 5295 καιρὸν
1083 5230 1178 5284 τῆς
1205 5227 1448 5296 κρίσεως.

1635 4551 1684 4608 D

1694 1909 1981 1981 prmvenit
2014 1909 2357 1974 tumultum,
2390 1909 2590 1965 dicens
2622 1929 2637 1970 :

1769 2000 1938 2056 Vers.
1970 2002 2026 2056 2.
2065 2000 2202 2054 Jam
2230 2029 2300 2038 —
2336 1998 2505 2054 vobis.
2561 1999 2802 2070 Purgati
2853 2015 3005 2067 ineo,
3055 2016 3178 2073 quo
3239 2017 3348 2058 vos

1695 2088 1895 2159 docui,
1928 2103 2223 2144 sermone.
2250 2088 2439 2154 Vides,
2486 2089 2652 2160 quod
2683 2089 2819 2145 licet
2847 2088 2984 2146 ritis
3015 2089 3107 2157 sit,
3145 2095 3236 2146 est
3266 2098 3351 2148 ta-

1698 2193 1834 2233 men
1875 2179 2054 2234 etiam
2106 2177 2372 2248 agricola
2417 2195 2432 2247 ;
2491 2187 2579 2234 est
2609 2178 2764 2234 enim
2813 2180 2942 2234 hac
2985 2179 3353 2250 agricultura

1696 2267 2040 2323 communis
2080 2267 2236 2324 Patri
2276 2275 2332 2324 et
2363 2268 2522 2335 Filio,
2576 2267 2754 2324 veluti
2812 2283 2956 2324 sane
3006 2276 3063 2325 et
3092 2269 3226 2326 alia.
3269 2272 3350 2326 Ne

1697 2362 1900 2413 autem
1946 2373 2069 2429 prae
2124 2356 2314 2413 nimia
2350 2357 2668 2413 formidine
2697 2358 3036 2413 exciderent
3066 2374 3102 2415 a
3129 2359 3247 2415 ﬁde
3280 2375 3352 2416 ac

1696 2446 1927 2512 habitu,
1955 2461 2078 2518 quo
2094 2461 2238 2516 erga
2259 2461 2321 2502 se
2351 2445 2545 2503 affecti
2570 2451 2759 2516 erant,
2783 2447 3042 2504 laxatam
3071 2448 3195 2519 jam
3221 2449 3354 2505 ani-

1697 2550 1863 2591 mam
1893 2536 2187 2607 astringit,
2219 2535 2450 2608 sibique
2475 2536 2869 2607 conglutinat,
2897 2536 3141 2592 dicens:

1771 2625 1930 2678 Vers.
1970 2627 2024 2678 4.
2055 2624 2287 2680 Manete
2310 2654 2379 2663 —
2407 2624 2577 2678 vobis.
2607 2654 2679 2664 —
2723 2625 2965 2682 Manete
3008 2625 3070 2680 in
3117 2641 3233 2692 me,
3261 2624 3355 2682 ﬁr-

1697 2712 1872 2767 miter
1899 2712 2046 2767 mihi
2099 2712 2478 2783 conglutinati
2535 2727 2641 2785 per
2689 2712 2874 2770 ﬁdem
2928 2713 3351 2783 indubitatam,

1697 2799 2091 2874 habitumque
2103 2801 2604 2868 indissolubilem,
2618 2806 2676 2858 et
2686 2817 2798 2873 ego
2815 2804 3073 2861 manebo
3089 2805 3147 2860 in
3163 2804 3353 2873 vobis,

1699 2889 1967 2962 potentia
1988 2891 2305 2946 vobiscum
2325 2906 2706 2961 permanens,
2721 2907 2944 2964 vosque
2968 2893 3355 2966 amplectens,

1700 2981 2130 3036 autcontinens
2144 2996 2275 3050 vos,
2295 2981 2442 3036 sicut
2459 2981 2590 3036 vitis
2613 2981 2903 3052 palmites,
2932 2997 3003 3037 ac
3026 2982 3357 3039 fructiferos

1699 3068 1978 3124 reddens.

1776 3160 1932 3213 Vers.
1967 3161 2019 3212 4.
2051 3157 2209 3214 Sicut
2243 3179 2310 3198 ——
2341 3160 2692 3215 manseritis.
2719 3163 2918 3232 Neque
2963 3176 3070 3216 vos
3109 3160 3362 3216 fructiﬁ-

1703 3264 1838 3304 care
1868 3251 2128 3319 potestis,
2163 3250 2210 3303 si
2249 3265 2286 3304 a
2315 3249 2433 3304 mei
2465 3249 2885 3320 conjunctione
2923 3248 3359 3309 distrahamini.

1771 3337 1935 3392 Vers.
1973 3342 2022 3394 5.
2056 3339 2183 3408 Ego
2213 3367 2282 3379 —
2337 3339 2612 3393 multum.
2665 3338 2953 3410 Explanat
2981 3338 3356 3410 parabolam.

1703 3429 1770 3484 Et
1790 3427 2105 3483 considera
2143 3427 2447 3500 quomodo
2467 3427 2700 3483 dixerit:
2730 3427 2840 3495 Qui
2869 3435 3071 3484 manet
3099 3428 3162 3484 in
3188 3442 3280 3484 me
3305 3433 3360 3484 et

1703 3534 1805 3590 ego
1829 3518 1893 3573 in
1907 3532 1982 3588 eo,
2015 3517 2111 3573 hic
2123 3517 2246 3587 fert
2263 3517 2534 3588 fructum
2550 3517 2824 3573 multum.
2852 3521 2998 3574 Nam
3031 3517 3364 3590 frequenter

1707 3613 1912 3664 manet
1939 3608 2075 3680 quis
2113 3607 2470 3678 conjunctus
2500 3607 2559 3662 in
2580 3606 2808 3662 Christo
2836 3623 2941 3680 per
2971 3605 3148 3664 ﬁdem
3182 3621 3198 3675 ;
3239 3621 3364 3663 non

1708 3701 1910 3753 manet
1923 3703 2121 3751 autem
2136 3695 2401 3752 Christus
2415 3697 2475 3750 in
2488 3711 2873 3761 eo,aversans
2887 3695 3056 3752 illum
3071 3701 3364 3770 tanquam

1708 3786 1953 3856 indigne
1984 3801 2045 3840 se
2070 3791 2366 3856 gerentem
2393 3800 2417 3842 .’
2441 3785 2537 3842 hic
2577 3785 2688 3842 fert
2716 3785 2963 3858 quidem
2995 3786 3274 3852 fructum,
3307 3788 3368 3842 at

1708 3875 2118 3941 modicum,un
2127 3891 2228 3930 um
2243 3881 2344 3932 aut
2358 3875 2599 3931 alterum
2613 3890 2766 3948 opus
2782 3876 2992 3932 bonum
3007 3871 3368 3948 obiter(mm)

1709 3965 2040 4037 perﬁciens.
2071 3965 2353 4021 Videmus
2383 3972 2584 4022 autem
2615 3972 2672 4022 et
2700 3967 2760 4020 in
2792 3967 2976 4022 vineis
3014 3964 3368 4036 hujusmodi

1711 4055 2008 4127 palmites,
2035 4056 2138 4128 qui
2167 4055 2313 4111 dum
2343 4055 2456 4110 illis
2486 4071 2608 4111 non
2639 4056 2904 4125 gaudent
2947 4056 3155 4121 vinem,
3187 4055 3368 4111 mise-

1711 4144 1930 4201 rabiles
1951 4144 2252 4216 quosdam
2276 4145 2472 4200 ferunt
2488 4145 2847 4201 racemuios.

1785 4322 1948 4378 Vers.
2053 4321 2199 4389 Quia
2223 4349 2284 4359 -—
2300 4323 2516 4392 facere.
2557 4323 2868 4394 Tanquam
2909 4321 3196 4392 germina,
3229 4337 3367 4396 quia

1713 4414 1928 4469 virtute
1971 4428 2005 4466 a
2047 4411 2244 4467 radice
2304 4411 2664 4483 procedente
2714 4427 2831 4466 non
2871 4410 3168 4467 fruuntur.
3220 4413 3370 4469 Cum

1716 4508 1916 4558 autem
1943 4501 2214 4574 superius
2234 4500 2441 4557 dixerit
2463 4501 2629 4557 :Non
2651 4502 2894 4571 potestis
2913 4501 3078 4572 ferre
3087 4503 3368 4571 fructum,

1717 4593 1836 4647 nisi
1860 4592 1919 4647 in
1950 4606 2038 4647 me
2062 4589 2408 4655 manseritis,
2436 4605 2597 4646 nunc
2645 4590 2817 4646 etiam
2865 4590 3200 4662 periculum
3231 4590 3371 4650 dicit

1716 4681 1846 4752 ejus
1875 4679 1980 4753 qui
2018 4679 2078 4735 in
2111 4695 2176 4736 se
2204 4693 2329 4736 non
2359 4678 2669 4736 manserit.

1792 4770 1950 4826 Vers.
2010 4773 2061 4826 6.
2092 4768 2591 4838 Nisi—palmes.
2643 4770 2948 4842 Tanquam
3002 4772 3374 4829 sarmentum

1714 4859 1941 4917 inutile.

1791 4951 1952 5005 Vers.
1996 4953 2048 5006 6.
2078 4949 2158 5005 Et
2197 4953 2518 5007 exarescet.
2551 4947 2617 5005 Et
2645 4946 2872 5021 perdet,
2894 4963 3077 5022 quem
3106 4947 3375 5009 habebat

1719 5055 1793 5096 ex
1813 5039 2012 5096 radice
2051 5039 2256 5112 gratia;
2295 5039 2635 5095 humorem.

1792 5128 1954 5185 Vers.
1989 5133 2042 5185 6.
2069 5128 2153 5186 Et
2171 5129 2455 5200 coiiigent
2470 5143 2584 5185 eos.
2604 5129 2672 5184 Et
2695 5126 3150 5200 congregabunt
3173 5124 3374 5201 angeli

1719 5219 2073 5294 hujusmodi
2112 5224 2418 5278 sarmenta
2444 5219 2507 5276 in
2543 5218 2634 5276 die
2660 5217 2892 5290 judicii.

1187 5425 1416 5500 Varia
1462 5428 1792 5501 lectiones
1829 5438 1896 5500 et
1924 5439 2128 5501 nota.

87 5641 180 5713 25)
216 5640 568 5696 Ἐκκόπτεται
597 5649 654 5699 Β.

87 5717 174 5781 26)
215 5715 473 5796 Forte‘si
500 5721 612 5796 καὶ,
639 5722 742 5796 aut
768 5715 864 5772 κᾶν
891 5716 1046 5796 δοκῇ.

87 5785 238 5862 mm)
273 5785 501 5846 Obiter.
534 5789 724 5849 Forte.

1797 5655 1914 5729 (27)
1952 5655 2026 5709 Δι’
2053 5659 2240 5726 αὐτῶν,
2271 5657 2338 5715 Α.
2370 5651 2540 5715 Forte
2581 5652 2873 5720 δι’ἑαυτοὺς
2903 5654 3102 5717 voluit.

2497 5774 2502 5777 1
2546 5796 2558 5820 ι
