4076 6440
78 363 161 421 409

969 348 1340 417 εΟΜΜΕλΤ.
1382 352 1451 416 IN
1487 353 1838 418 JOANNEM.
1877 389 1949 402 —
1986 348 2144 414 CAP.
2186 357 2303 414 xv.

3207 355 3345 416 1410

79 491 230 551 ελιίας.
254 495 324 558 Τῷ
347 489 508 558 Πατρὶ
533 483 591 538 δὲ
615 489 709 544 τήν
732 484 1018 559 ἐπιμέλειαν
1050 486 1217 538 αὐτῶν
1250 484 1575 552 ἀνατίθησιν,
1611 528 1620 541 .

1727 481 1844 538 ’atri
1871 485 2070 538 autem
2093 495 2298 537 curam
2318 495 2528 537 eorum
2559 476 2845 552 attribuit,
2875 485 3168 554 tanquam
3200 486 3342 554 Deo,

81 585 248 647 ςΘεῷ’
287 571 478 637 δεικνύς
508 577 588 627 ὅτι
621 582 859 647 συνεργεῖ
901 583 1006 635 τοῖς
1050 582 1444 649 καρποφοροῦσι
1492 579 1582 627 καὶ

77 667 219 729 ολάζει
241 669 339 725 τοὺς
364 670 432 737 μὴ
465 672 945 739 καρποφοροῦντας,

105 762 196 808 Πᾶν
242 786 295 795 -
329 757 455 828 αἴρει
507 753 654 808 αύτό.
698 760 805 806 Πᾶν
850 753 1027 826 κλῆμα
1083 752 1131 805 ἐν
1189 754 1306 826 ἐμοὶ
1355 751 1584 826 βλαστῆ-

77 865 144 913 αν,
183 849 260 896 καὶ
306 840 388 896 διὰ
416 847 640 904 πίστεως
696 845 951 914 ἡνωμένον
981 862 1093 917 μοι,
1137 847 1208 914 μὴ
1257 847 1404 915 φέρον
1458 862 1583 915 καρ-

77 937 141 1000 ὀν,
196 936 334 1004 ἤγουν
394 931 592 1006 ἀρετὰς,
654 930 891 984 ἐκκόπτει
956 931 1082 984 αὐτὸ
1148 935 1218 993 ὡς
1280 933 1578 1005 ἄχρηστον,

77 1027 117 1074 xi
162 1024 305 1094 πυρὸς
349 1021 510 1083 ἄξιον.
563 1024 756 1074 Λοιπὸν
815 1016 902 1072 οὖν
948 1027 1050 1083 πᾶς
1099 1024 1412 1092 Χρισιιανὸς
1470 1026 1580 1092 μὲν,

77 1130 243 1182 καρπος
283 1106 352 1178 δὲ,
378 1108 682 1162 ἐκκέκοπται
714 1110 826 1178 (23)
853 1116 943 1162 τοῦ
973 1117 1224 1182 Χριστοῦ,
1249 1115 1340 1161 καὶ
1393 1109 1436 1161 εἰ
1472 1109 1584 1179 (26)

77 1207 169 1251 exii
199 1201 432 1272 συνῆφθαι
475 1198 616 1268 αὐτῷ
657 1195 751 1250 διὰ
777 1207 871 1260 τῆς
906 1203 1144 1264 πίστεως,
1178 1203 1267 1250 καὶ
1300 1207 1370 1269 τῷ
1399 1197 1586 1270 αἰωνίῳ

77 1295 148 1363 υρὶ
175 1293 449 1362 τετήρηται.

103 1384 190 1432 Καὶ
232 1410 293 1419 -
320 1382 460 1450 φέρῃ.
516 1378 764 1449 Καθαίρει
807 1377 932 1428 αὐτὸ
982 1372 1074 1429 διὰ
1116 1385 1215 1428 τῶν
1266 1384 1585 1451 πειρασμῶν,

77 1475 330 1540 χραχωρῶν
379 1465 662 1538 ἐπάγεσθαι
720 1468 930 1526 τούτους
980 1465 1138 1536 αύτῷ,
1172 1471 1272 1518 πᾶν
1326 1469 1415 1537 μὲν
1465 1463 1592 1536 βλα-

77 1561 164 1631 ερὸν
205 1555 511 1620 ἀποξέοντας,
550 1560 724 1607 πᾶσαν
779 1551 837 1606 δὲ
897 1553 1216 1628 στερρότητα
1244 1559 1333 1605 καὶ
1383 1557 1592 1624 γονιμόο

77 1666 154 1703 ῖτα
199 1644 410 1706 πλείονος
467 1643 654 1718 ἀρετῆς
703 1643 1062 1717 ἐμποιοῦντας.
1094 1642 1204 1696 Ἰνα
1249 1639 1307 1695 δὲ
1353 1647 1424 1715 μὴ
1457 1645 1591 1694 ύπο-

77 1734 238 1786 ξϐωσιν
297 1733 555 1808 ἀκάρπους
618 1730 746 1785 εἶναί
807 1753 949 1794 τινας
1029 1731 1217 1797 αὐτῶν,
1280 1737 1369 1784 καὶ
1438 1731 1592 1784 πάλιν

1691 571 2012 628 ostendens
2033 571 2188 644 quod
2217 569 2311 625 his
2337 570 2437 641 qui
2465 569 2821 628 fructiﬁcant
2843 570 3061 628 auxilio
3080 581 3186 641 est,
3216 589 3347 631 eos-

1691 675 1809 732 que
1839 659 2010 732 punit
2039 659 2145 732 qui
2175 659 2430 715 fructum
2463 674 2585 715 non
2619 659 2837 718 ferunt.

1763 749 1931 805 Vers.
1956 754 2007 804 2.
2044 751 2275 804 Omnem
2293 778 2361 789 —
2387 747 2568 805 tollit.
2596 748 2851 805 Omnem
2879 749 3210 822 palmitem,
3241 751 3346 824 qui

1691 853 1762 894 ex
1793 854 1890 892 me
1938 836 2306 909 germinavit,
2350 835 2618 909 mihique
2656 853 2762 909 per
2790 837 2968 894 ﬁdem
3012 840 3209 895 unitus
3239 845 3345 908 est,

1691 942 1802 982 nec
1834 928 2089 982 fructum
2121 924 2306 990 affert,
2330 925 2614 982 exscindit
2642 933 2924 998 tanquam
2977 927 3247 985 inutilem
3277 945 3349 987 ac

1694 1016 1944 1086 dignum
1984 1014 2142 1084 igne.
2170 1013 2376 1070 Omnis
2398 1015 2602 1087 itaque
2632 1015 3013 1085 christianus,
3033 1017 3138 1089 qui
3163 1017 3349 1075 infru-

1695 1110 1941 1160 ctuosus
1971 1108 2079 1170 est,
2116 1120 2154 1160 a
2183 1102 2412 1160 Christo
2442 1104 2681 1161 excisus
2720 1112 2831 1172 est,
2864 1121 3214 1179 quanquam
3245 1123 3352 1179 per

1697 1192 1876 1250 fidem
1902 1192 1986 1248 illi
2015 1193 2376 1264 conjunctus
2406 1209 2539 1250 esse
2571 1193 2836 1252 videatur
2873 1200 2930 1252 et
2969 1201 3194 1252 esterno
3234 1195 3352 1266 igni

1696 1286 2026 1339 reservatus
2047 1288 2157 1338 est.

1772 1371 1935 1428 Vers.
1969 1374 2020 1426 2.
2052 1371 2124 1427 Et
2173 1403 2243 1413 —
2280 1372 2509 1442 afferat.
2561 1373 2778 1444 Purgat
2813 1390 2952 1431 eum
3006 1389 3112 1447 per
3169 1380 3354 1433 tenta-

1699 1463 1912 1525 tiones,
1945 1461 2295 1533 permittens
2313 1467 2376 1518 ut
2395 1463 2456 1517 in
2481 1478 2622 1518 eum
2647 1463 3027 1520 inducantur.
3047 1463 3166 1521 Illa)
3187 1480 3357 1522 nam-

1699 1567 1818 1623 que
1838 1551 1998 1622 quod
2015 1550 2311 1608 damnum
2332 1551 2524 1619 affert,
2547 1553 2871 1624 expoliunt,
2897 1570 2967 1610 ac
2980 1569 3160 1610 omne
3176 1554 3358 1611 robur

1705 1641 2116 1712 majoremque
2162 1640 2446 1697 virtutum
2484 1641 2844 1699 fertilitatem
2896 1649 3227 1701 accersunt.
3275 1647 3357 1701 Ne

1705 1736 1904 1785 autem
1935 1729 2172 1802 aliquos
2199 1746 2270 1785 ex
2292 1729 2436 1802 ipsis
2461 1730 2865 1788 infructuosos
2894 1748 3024 1789 esse
3052 1733 3361 1805 suspicen-

77 1822 337 1896 ιρυϐηθῶσι
365 1827 480 1896 περὶ
519 1822 707 1874 ἑαυτῶν
741 1822 877 1893 (27),
908 1828 1213 1896 προαναιρεῖ
1239 1825 1325 1872 τὸν
1364 1830 1591 1874 τοιοῦτον

1732 1834 1819 1884 ur,
1851 1825 2031 1891 atque
2053 1819 2127 1874 de
2161 1820 2370 1891 seipsis
2397 1821 2610 1876 iterum
2639 1821 2975 1888 turbentur,
3009 1821 3359 1893 hujusmodi

77 1911 250 1984 ιρυϐον,
275 1910 426 1983 λέγων
449 1929 460 1941 ⁸

93 1999 273 2059 Ἤὸην.
319 2033 384 2041 -
423 2002 564 2073 ὑμῖν.
607 2001 1074 2074 Περικαθαρθέντες
1103 2007 1173 2070 τῷ
1229 1996 1596 2070 διδασκαλικῷ

81 2112 152 2161 γῳ
212 2110 325 2162 μου.
384 2087 535 2162 Ὁρᾷς
597 2091 676 2142 ὅτι
739 2089 784 2140 εἰ
844 2093 933 2140 καὶ
985 2088 1213 2161 ἄμπελος
1260 2088 1418 2153 ἐστιν,
1472 2087 1598 2140 ἀλλά

77 2183 105 2229 ci
158 2183 387 2251 γεωργός.
441 2183 594 2236 Κοινὴ
627 2181 729 2250 γὰρ
785 2180 814 2236 η
867 2180 1082 2236 τοιαύτη
1132 2181 1362 2252 γεωργία
1406 2182 1496 2229 καὶ
1526 2185 1598 2248 τῷ

77 2273 184 2341 ατρὶ
222 2271 306 2318 καὶ
341 2275 411 2336 τῷ
449 2269 575 2338 Υίῷ,
605 2270 779 2340 ὥσπερ
823 2264 887 2324 δὴ
917 2272 1006 2319 καὶ
1046 2267 1224 2318 milia.
1256 2264 1366 2320 Ἵνα
1414 2264 1472 2320 δὲ
1523 2271 1594 2340 μὴ

77 2361 116 2408 τὸ
163 2364 247 2416 τῆς
289 2355 472 2416 πολλῆς
513 2353 711 2416 δειλίας
764 2354 1144 2427 ἀποσχισθῶσι
1174 2365 1268 2417 τῆς
1323 2357 1394 2418 εἰς
1444 2357 1599 2408 αὐτὸν

84 2465 235 2507 στεως
268 2449 351 2496 καὶ
398 2449 647 2517 σχέσεως,
694 2448 1092 2517 κεχαυνωμένην
1141 2445 1308 2498 αὐτῶν
1351 2442 1458 2504 ἤδη
1506 2465 1599 2503 την

77 2539 194 2606 ιχὴν
225 2534 530 2606 ἐπισφίγγει,
569 2540 657 2586 καὶ
685 2534 851 2605 ἐαυτῷ
887 2534 1165 2606 συγκολλᾲ,
1201 2534 1353 2586 εἰπὼν
1379 2553 1391 2564 ·

87 2631 296 2677 Mature
328 2655 388 2664 —-
411 2625 550 2696 ὑμῖν.
583 2625 800 2678 Μείνατε
831 2621 879 2674 ἐν
911 2622 1046 2696 ἐμοὶ,
1077 2623 1492 2696 συγκολλώμενοί
1509 2644 1600 2696 μοι

82 2713 332 2789 ϐαιοτερον
390 2711 483 2766 διὰ
541 2718 764 2774 πίστεως
829 2709 1154 2766 ἀδιστάκτου
1216 2719 1306 2766 καὶ
1365 2719 1600 2786 σχέσεως

77 2806 288 2877 ῥηκτου,
327 2802 471 2875 κάγὼ
500 2811 634 2874 μενῶ
667 2800 714 2854 ἓν
747 2803 890 2875 ὑμῖν,
927 2807 1090 2854 συνὼν
1137 2810 1199 2876 τῇ
1248 2800 1468 2876 δυνάμει
1510 2809 1600 2856 καὶ

77 2898 254 2966 οιέπων
293 2896 322 2951 ἧ
359 2897 592 2963 συνέχων
633 2893 789 2964 ὑμᾶς,
830 2894 895 2953 ὡς
937 2891 1165 2965 ἄμπελος
1198 2891 1460 2966 κλήματα,
1511 2899 1600 2946 καὶ

77 2986 358 3054 ρποφὸρους
389 2980 825 3054 ἀπεργαζόμενος.

81 3159 262 3218 Καθὼς
287 3188 354 3198 —
380 3163 604 3229 μείνητε.
640 3155 780 3209 Ούὸε
813 3159 959 3229 ὑμεῖς
982 3154 1210 3210 δύνασθε
1235 3166 1596 3232 καρποφορεῖν,
1633 3194 1674 3253 c

77 3270 90 3296 ρ
123 3246 494 3317 ἀποσχισθῆτε
519 3254 613 3306 τῆς
646 3251 924 3318 συναφείας
947 3267 1070 3318 μου.

77 3339 210 3405 Ἐγώ
285 3366 353 3376 -
390 3335 568 3389 πολύν.
645 3337 919 3407 Σαφηνίζει
961 3340 1054 3394 τὴν
1125 3334 1445 3409 παραϐολὴν,
1511 3342 1600 3389 καὶ

78 3430 191 3476 οπει
247 3432 353 3484 πῶς
415 3420 586 3476 εἶπεν·
655 3423 713 3476 Ὀ
789 3429 949 3496 μένων
1008 3424 1056 3476 ἐν
1132 3423 1265 3497 ἐμοὶ,
1335 3427 1481 3498 κάγὼ
1555 3429 1602 3477 ἐν

77 3522 167 3584 τῷ,
238 3513 388 3576 οὗτος
455 3518 594 3588 φέρει
654 3517 852 3588 καρπὸν
926 3517 1104 3569 πολύν.
1192 3513 1442 3576 Πολλάκις
1501 3518 1603 3590 γὰρ

77 3623 141 3655 νει
195 3607 285 3674 μέν
318 3623 399 3665 τις
443 3602 490 3655 ίν
521 3612 592 3675 τῷ
637 3611 874 3678 Χριστῷ,
939 3607 1263 3676 συνημμένος
1319 3606 1456 3678 αύτῷ
1515 3604 1610 3660 διὰ

77 3715 96 3755 ς
150 3699 392 3758 πίστεως,
454 3693 512 3745 ού
564 3697 702 3765 μένει
749 3690 808 3746 δὲ
856 3698 945 3746 καὶ
994 3695 1019 3745 ὁ
1064 3699 1291 3769 Χριστὸς
1346 3699 1394 3749 ἒν
1443 3696 1605 3768 αύτῷ,

79 3786 458 3855 οστρεφόμενος
537 3783 714 3849 αὐτὸν,
793 3785 860 3844 ὡς
937 3783 1157 3846 ἀναξίως
1233 3785 1392 3838 αὐτοῦ
1463 3786 1609 3840 πολι-

77 3876 296 3943 ιόμενον.
354 3872 522 3932 Οὗτος
561 3877 699 3944 φέρει
754 3874 845 3944 μεν
913 3878 1132 3946 καρπὸν,
1203 3873 1373 3947 ὀλίγον
1432 3873 1511 3940 δὲ,
1562 3877 1610 3930 ἔν

111 3959 332 4030 ἀγαθὸν,
373 3962 401 4019 ἦ
454 3965 542 4012 καὶ
591 3957 688 4013 δύο
736 3981 836 4013 που
893 3958 1332 4036 διαπραξάμενος,
1384 3965 1611 4040 Ὀρῶμεν

118 4056 210 4100 καὶ
262 4048 312 4100 ἐν
363 4047 606 4122 ἀμπέλοις
654 4059 872 4102 τοιαῦτα
923 4051 1183 4124 κλήματα,
1241 4053 1277 4105 ἂ
1345 4060 1416 4128 μὴ
1481 4078 1614 4129 χχι..

77 4146 207 4188 ισῶν
269 4138 452 4200 αὐτοῖς
501 4148 599 4190 τῶν
653 4139 889 4211 ἀμπέλων
942 4139 1203 4217 βοτρύδια
1268 4143 1452 4217 οἰκτρά
1498 4165 1614 4200 τινα

77 4245 270 4278 ιουσιν.

77 4315 190 4368 Ὀτί
249 4345 314 4356 -—
365 4313 535 4372 οὐδέν.
590 4317 788 4396 ’Ὠσπερ
840 4317 957 4374 οὐδ’
996 4323 1044 4375 οὶ
1087 4320 1307 4395 βλαστοὶ
1365 4329 1436 4398 μὴ
1489 4325 1615 4379 ἀπο-

77 4408 248 4466 Ξοντες
283 4401 554 4470 δυνάμεως
603 4407 657 4459 ἐκ
707 4419 801 4472 τῆς
844 4411 1020 4484 ῥίζης.
1049 4412 1218 4464 Εἰπὼν
1269 4410 1328 4466 δὲ
1381 4414 1614 4491 ἀνωτέρω

140 4495 221 4547 Ού
314 4493 546 4550 δύνασθε
623 4509 988 4578 καρποφορεῖν,
1080 4501 1164 4555 ἐὰν
1225 4509 1297 4576 μὴ
1372 4504 1419 4558 ἐν
1499 4505 1608 4580 ἐμοὶ

83 4603 212 4642 νητε
239 4603 250 4614 ’
281 4593 376 4637 νῦν
415 4585 550 4659 λέγει
598 4594 684 4642 καὶ
714 4593 801 4642 τὸν
855 4587 1094 4644 κίνδυνον
1147 4600 1238 4645 τοῦ
1267 4598 1338 4666 μὴ
1396 4593 1444 4646 ἐν
1475 4595 1615 4670 αὐτῷ

77 4694 264 4736 ιοντος.

80 4766 190 4817 Εάν
219 4797 294 4806 —-
326 4765 526 4840 κλῆμα.
546 4765 636 4827 Ὠς
663 4766 925 4840 τόκλῆμα
953 4772 1011 4822 τὸ
1032 4770 1328 4844 ἄχρηστον.

77 4948 166 4996 (αἱ
198 4945 494 5018 ἐξηράνθη.
550 4949 645 4998 Καὶ
676 4943 936 4999 ἀπώλεσεν
977 4947 1038 5007 ἣν
1078 4948 1217 5023 εἶχεν
1245 4949 1299 5003 ἐκ
1332 4960 1427 5015 τῆς
1465 4953 1619 5030 ῥίζης

77 5029 207 5083 ,άδα
238 5036 494 5107 χάριτος.

77 5125 171 5170 (αὶ
219 5124 551 5192 συνάγουσιν
603 5126 754 5178 αύτά.
792 5129 890 5178 Καὶ
950 5129 1239 5200 συνάγουσι
1287 5133 1354 5183 τά
1403 5138 1622 5185 τοιαῦτα

77 5226 250 5280 ιματα
283 5211 337 5260 οἱ
371 5211 585 5282 ἄγγελοι
614 5217 750 5268 κατὰ
777 5218 862 5268 τὸν
885 5220 1065 5292 καιρὸν
1093 5227 1188 5281 τῆς
1216 5225 1458 5293 κρίσεως.

1645 4549 1694 4607 D

1705 1907 1993 1979 praevenit
2025 1908 2368 1973 tumultum,
2401 1908 2601 1964 dicens
2633 1927 2648 1969 :

1779 1997 1949 2054 Vers.
1981 2001 2038 2054 2.
2076 1999 2213 2053 Jam
2242 2027 2312 2037 —
2348 1997 2516 2053 vobis.
2572 1998 2814 2068 Purgati
2863 2014 3016 2066 meo,
3067 2015 3190 2072 quo
3251 2016 3360 2057 vos

1705 2086 1907 2156 docui,
1939 2101 2234 2142 sermone.
2262 2087 2450 2153 Vides,
2498 2087 2664 2159 quod
2694 2088 2830 2143 licet
2859 2087 2995 2144 vitis
3026 2087 3119 2156 sit,
3157 2093 3248 2145 est
3278 2097 3362 2148 ta-

1709 2191 1845 2231 men
1887 2178 2066 2232 etiam
2117 2175 2383 2246 agricola
2429 2194 2442 2245 ;
2503 2185 2590 2232 est
2619 2177 2775 2232 enim
2823 2179 2954 2233 haec
2997 2178 3364 2249 agricultura

1708 2265 2051 2321 communis
2091 2265 2248 2322 Patri
2288 2273 2343 2322 et
2374 2266 2534 2333 Filio,
2587 2266 2765 2322 veluti
2823 2282 2967 2323 sane
3017 2275 3075 2324 et
3104 2267 3238 2325 alia.
3280 2271 3361 2325 Ne

1709 2359 1911 2411 autem
1957 2371 2080 2427 prae
2136 2355 2326 2412 nimia
2361 2356 2679 2411 formidine
2709 2357 3048 2413 exciderent
3077 2373 3114 2414 a
3141 2358 3258 2415 ﬁde
3291 2374 3363 2415 ac

1707 2444 1939 2511 habitu,
1967 2459 2089 2516 quo
2105 2459 2249 2514 erga
2271 2460 2332 2500 se
2363 2443 2556 2501 affecti
2581 2449 2770 2515 erant,
2795 2445 3053 2503 laxatam
3082 2447 3206 2518 jam
3233 2449 3365 2504 ani-

1709 2548 1874 2589 mam
1904 2534 2198 2605 astringit,
2231 2534 2462 2606 sibique
2487 2534 2880 2606 conglutinet,
2908 2535 3153 2591 dicens:

1783 2623 1941 2676 Vers.
1981 2625 2035 2676 4.
2067 2622 2298 2678 Maneto
2321 2652 2390 2661 —
2418 2622 2588 2678 vobis.
2618 2652 2690 2663 —
2735 2624 2976 2680 Manete
3019 2624 3081 2680 in
3128 2641 3244 2692 me,
3273 2623 3366 2682 ﬁr-

1709 2710 1882 2765 miter
1910 2710 2057 2766 mihi
2110 2710 2490 2782 conglutinati
2547 2726 2653 2783 per
2701 2711 2885 2768 ﬁdem
2939 2712 3363 2782 indubitatam,

1708 2797 2102 2872 habitumque
2114 2799 2615 2866 indissolubilem,
2630 2805 2687 2857 et
2697 2816 2810 2872 ego
2825 2803 3085 2860 manebo
3100 2804 3159 2859 in
3174 2803 3364 2872 vobis,

1710 2887 1978 2960 potentia
1999 2890 2316 2945 vobiscum
2336 2905 2716 2960 permanens,
2732 2906 2956 2964 vosque
2979 2892 3366 2965 amplectens,

1711 2983 1814 3033 aut
1829 2979 2141 3034 continens
2155 2995 2286 3048 vos,
2307 2979 2453 3035 sicut
2470 2981 2600 3036 vitis
2624 2980 2914 3051 palmites,
2943 2997 3014 3036 ac
3037 2981 3368 3038 fructiferas

1710 3067 1989 3122 reddens.

1787 3159 1944 3212 Vers.
1978 3159 2030 3210 4.
2063 3155 2221 3212 Sicut
2254 3177 2322 3196 —
2353 3159 2703 3214 manseritis.
2730 3161 2929 3231 Neque
2974 3175 3081 3216 vos
3120 3159 3372 3216 fructiﬁ-

1714 3262 1848 3302 care
1878 3249 2139 3318 potestis,
2175 3249 2221 3301 si
2261 3263 2297 3303 a
2326 3248 2444 3302 mei
2476 3248 2896 3318 conjunctione
2934 3248 3369 3308 distrahamini.

1782 3335 1946 3391 Vers.
1984 3341 2033 3392 5.
2067 3337 2194 3407 Ego
2223 3366 2293 3378 —
2349 3337 2623 3392 multum.
2675 3337 2964 3409 Explanat
2992 3337 3367 3409 parabolam.

1715 3427 1781 3483 Et
1801 3426 2116 3482 considera
2153 3426 2458 3498 quomodo
2478 3425 2711 3482 dixerit:
2741 3427 2852 3494 Qui
2880 3433 3081 3483 manet
3110 3427 3173 3482 in
3199 3441 3290 3483 me
3315 3431 3370 3484 et

1715 3532 1816 3588 ego
1840 3516 1904 3571 in
1918 3530 1994 3586 eo,
2026 3516 2122 3572 hic
2134 3516 2258 3586 fert
2274 3516 2545 3586 fructum
2561 3517 2836 3572 multum.
2863 3519 3009 3572 Nam
3042 3515 3374 3589 frequenter

1718 3611 1922 3662 manet
1950 3607 2086 3679 quis
2124 3605 2481 3676 conjunctus
2510 3606 2570 3661 in
2591 3605 2819 3662 Christo
2847 3622 2952 3679 per
2981 3604 3159 3662 fidem
3193 3620 3208 3674 ;
3250 3621 3374 3662 non

1719 3700 1921 3751 manet
1933 3701 2132 3750 autem
2147 3693 2412 3750 Christus
2427 3696 2486 3749 in
2499 3709 2884 3760 eo,aversans
2898 3694 3068 3751 illum
3083 3700 3374 3768 tanquam

1719 3784 1964 3855 indigne
1995 3800 2056 3839 se
2081 3790 2377 3854 gerentem
2403 3799 2428 3841 .·
2451 3785 2548 3840 hic
2588 3783 2699 3840 fert
2727 3785 2974 3857 quidem
3005 3785 3285 3851 fructum,
3318 3787 3379 3842 at

1719 3873 2128 3939 modicum,un
2139 3889 2238 3929 um
2253 3880 2354 3930 aut
2369 3874 2610 3929 alterum
2623 3889 2776 3946 opus
2792 3875 3002 3931 bonum
3017 3870 3378 3947 obiter(mm)

1719 3964 2051 4035 perﬁciens.
2082 3963 2364 4020 Videmus
2394 3970 2594 4021 autem
2626 3971 2682 4021 et
2710 3966 2770 4020 in
2803 3966 2986 4022 vineis
3025 3963 3378 4036 hujusmodi

1722 4053 2019 4126 palmites,
2046 4055 2149 4126 qui
2178 4053 2324 4109 dum
2354 4054 2467 4109 illis
2497 4069 2619 4110 non
2650 4055 2915 4124 gaudent
2957 4055 3166 4120 vineas,
3197 4055 3378 4110 mise-

1722 4143 1941 4199 rabiles
1961 4142 2263 4214 quosdam
2287 4143 2483 4199 ferunt
2499 4144 2857 4200 racemulos.

1795 4320 1958 4376 Vers.
2065 4320 2211 4388 Quia
2234 4348 2295 4358 —
2311 4321 2527 4390 facere.
2567 4323 2879 4393 Tanquam
2919 4320 3206 4391 germina,
3239 4335 3377 4395 quae

1724 4413 1938 4468 virtute
1982 4426 2016 4465 a
2057 4410 2254 4466 radice
2315 4410 2674 4481 procedente
2724 4426 2842 4465 non
2881 4409 3178 4466 fruuntur.
3230 4412 3380 4468 Cum

1726 4506 1926 4557 autem
1953 4499 2224 4572 superius
2245 4498 2452 4556 dixerit
2474 4499 2640 4556 :Non
2662 4501 2904 4570 potestis
2923 4501 3088 4570 ferre
3097 4502 3378 4570 fructum,

1727 4591 1846 4646 nisi
1870 4591 1929 4646 in
1960 4604 2049 4646 me
2073 4588 2418 4654 manseritis,
2447 4603 2608 4644 nunc
2655 4588 2828 4645 etiam
2876 4589 3210 4662 periculum
3240 4589 3381 4650 dicit

1726 4679 1778 4751 ej
1790 4695 1857 4734 us
1885 4678 1990 4751 qui
2029 4678 2088 4734 in
2122 4694 2186 4734 se
2215 4692 2340 4734 non
2369 4677 2680 4735 manserit.

1803 4769 1960 4824 Vers.
2020 4772 2071 4824 6.
2103 4767 2601 4836 Nisi—palmes.
2653 4768 2958 4840 Tanquam
3012 4771 3384 4828 sarmentum

1725 4857 1951 4916 inutile.

1801 4949 1962 5004 Vers.
2006 4951 2058 5005 6.
2088 4947 2168 5004 Et
2207 4951 2528 5005 exarescet.
2562 4945 2628 5003 Et
2655 4945 2881 5019 perdet,
2904 4962 3087 5020 quem
3115 4947 3384 5008 habebat

1729 5053 1803 5094 ex
1823 5037 2023 5094 radice
2061 5037 2266 5110 gratia:
2305 5037 2645 5093 humorem.
2762 5034 2764 5036 ’

1802 5126 1964 5183 Vers.
1999 5131 2052 5184 6.
2078 5126 2163 5184 Et
2181 5127 2464 5198 colligant
2480 5141 2594 5183 eos.
2614 5127 2682 5182 Et
2705 5125 3159 5198 congregabunt
3183 5123 3384 5200 angeli

1729 5217 2083 5292 hujusmodi
2122 5222 2428 5276 sarmenta
2454 5217 2517 5275 in
2553 5216 2644 5274 die
2670 5216 2902 5289 judicii.

1198 5423 1426 5497 Variaa
1472 5425 1802 5498 lectiones
1839 5436 1905 5498 et
1933 5437 2138 5498 notae.

78 5639 180 5710 25)
218 5637 578 5694 Ἐκκόπτιται
607 5647 664 5697 Β.

77 5714 174 5778 26)
511 5718 622 5794 καὶ,
649 5720 752 5794 aut
778 5713 873 5770 κάν
900 5713 1055 5794 δοκῇ.

77 5782 240 5860 mm)
277 5782 511 5844 Obiter.
544 5787 734 5846 Forte.

1807 5651 1924 5727 (27)
1961 5653 2036 5706 Δι’
2062 5656 2249 5724 αὐτῶν,
2281 5654 2348 5713 Α.
2380 5654 2550 5713 Forte
2590 5651 2883 5719 δι’ἑαυτοὺς
2913 5653 3112 5716 voluit.
