4076 6442
60 342 163 399 413

1080 320 1438 394 (ξιιιιιιΕΝΤ.
1485 335 1552 390 IN
1592 316 1938 390 JOANNE'M.
1982 365 2048 376 -
2090 334 2250 390 CAP.
2297 315 2416 388 xv.

3249 315 3388 386 {4'14

65 466 154 529 δη.
214 475 454 538 Συνεχως
512 461 571 517 δε
635 466 701 515 τά
771 471 988 516 τοιαῦτα
1052 463 1204 535 λέγει,
1268 462 1623 527 ἀνεξάλειπτον

1763 460 1912 518 vobis
1929 460 2059 533 jam
2084 458 2332 516 moriar.
2357 458 2719 532 Frequenter
2747 459 2950 516 autem
2971 455 3114 514 talia
3142 453 3305 522 dicit,
3328 458 3397 510 ut

60 567 142 620 αῖς
170 553 419 631 καρδίαις
449 553 616 606 αὐτῶν
648 551 974 624 ἐγκολάπτων
1000 557 1092 611 τὴν
1120 552 1346 624 ἀγάπην,

96 647 233 722 Ὀρα
271 643 330 698 δὲ
381 646 677 716 θαυμασίαν
725 644 926 716 σειράν⁶
972 639 1236 695 δέδεικται
1288 646 1387 715 γὰρ
1442 644 1520 695 ὅτι
1571 645 1626 694 τὸ

59 746 199 790 ιείναι
243 734 290 787 ἓν
327 743 399 805 τῷ
451 742 667 806 Χριστῷ
703 737 902 803 γίνεται
935 732 1038 784 ἀπὸ
1073 740 1162 783 τοῦ
1193 731 1400 803 ἀγαπᾷν
1452 732 1625 784 αὐτὸν·

65 831 88 878 ὸ
157 823 214 878 δὲ
265 823 472 894 ἀγαπᾷν
523 822 678 873 αὐτὸν
756 819 855 872 ἀπὸ
906 829 998 872 τοῦ
1051 823 1142 882 τὰς
1200 819 1403 881 ἐντολὰς
1471 821 1630 874 αὐτοῦ

67 921 222 985 ηρεῖν·
265 915 294 970 ἠ
355 911 527 969 ἑντολὴ
577 907 635 962 δὲ
683 909 863 976 αὐτοῦ,
916 913 997 962 ἳνα
1041 908 1318 982 ἀγαπῶμεν
1360 909 1628 972 ἀλλήλους’

59 1008 167 1055 ὶστε
196 1005 252 1054 τὸ
303 999 508 1072 ἀγαπᾷν
555 999 802 1061 ἀλλήλους
839 1003 1005 1072 μένειν
1050 997 1098 1051 ἐν
1126 1008 1196 1070 τῷ
1226 1005 1443 1072 Χριστῷ
1496 999 1630 1065 ἐστι,

59 1099 121 1146 αἱ
191 1090 394 1164 ἀγαπᾷν
469 1093 554 1142 τὸν
618 1094 745 1142 Θεὸν
829 1088 960 1152 ἐστι,
1029 1095 1118 1142 καὶ
1197 1088 1635 1162 ἀναπεπλεγμέναι

59 1187 163 1255 πρὸς
220 1180 440 1241 ἀλλήλας
507 1180 638 1232 εἰσὶν
693 1183 722 1238 ἡ
801 1198 852 1231 τε
914 1182 1043 1251 πρὸς
1101 1182 1229 1232 Θεὸν
1283 1185 1372 1232 καὶ
1423 1182 1452 1238 η
1509 1184 1635 1253 πρὸς

59 1272 282 1332 ελλήλους
359 1269 556 1342 ἀγάπη.
636 1269 802 1320 Εἰπὼν
867 1265 924 1320 δὲ
995 1270 1075 1321 ὅτι
1148 1270 1317 1329 καθὼς
1379 1270 1637 1339 ἠγάπησα

63 1367 185 1431 μᾶς,
217 1356 406 1422 ἔδειξεν
438 1360 518 1411 ὃτι
549 1357 798 1420 ἑκουσίως
832 1356 1150 1416 ἀποθνήσκει
1177 1354 1268 1410 διὰ
1305 1363 1398 1416 τὴν
1432 1358 1636 1430 ἀγάπην

60 1449 215 1502 ὁτῶν.

105 1539 329 1597 Μείζονα
377 1567 443 1576 —
483 1536 663 1590 αὐτοῦ.
700 1536 926 1597 Μείζονα
977 1540 1169 1597 ταύτης
1221 1544 1314 1597 τῆς
1371 1537 1504 1588 οὕτω
1553 1556 1635 1610 με-

65 1627 195 1689 οίλης
253 1629 323 1688 ὡς
374 1632 466 1678 καὶ
515 1630 609 1684 τὴν
653 1624 840 1697 ψυχὴν
897 1625 1098 1698 ἀφεῖναι
1145 1629 1271 1701 υπερ
1327 1635 1423 1679 τῶν
1455 1627 1633 1698 φίλων,

63 1719 203 1776 αθὼς
254 1714 351 1787 ἐγὼ
406 1723 538 1767 ποιῶ
593 1722 702 1768 νῦν.
754 1719 946 1768 Λοιπὸν
997 1712 1083 1767 οὖν
1123 1716 1216 1767 οὐκ
1265 1715 1318 1778 ἐξ
1373 1715 1635 1779 ἀσθενείας

245 1804 340 1820 ’πλε
409 1804 462 1820 ον
534 1803 546 1817 9
617 1807 627 1819 ο

59 1902 252 1962 ομικῶς
313 1895 456 1966 ὑμῶν
532 1893 856 1967 χωρίζομαι,
916 1899 1006 1946 καὶ
1053 1899 1124 1966 μὴ
1179 1893 1440 1967 ἀθυμεῖτε.
1493 1897 1638 1948 Ἐπεὶ

59 1987 97 2036 ⁵ε
143 1984 311 2056 φίλους
342 1983 501 2035 αὑτοῦ
537 1983 650 2054 (28)
699 1979 1026 2050 ὑπεδήλωσε,
1059 1983 1194 2056 λέγει
1241 1993 1346 2045 πῶς
1377 1985 1479 2037 εἱσι
1505 1984 1640 2057 φῦσι

59 2073 220 2124 ιὺτοῡ.

111 2161 271 2232 Ὑμεῖς
329 2193 393 2202 -
454 2162 594 2232 ὑμῖν.
668 2159 738 2212 ’.(1
812 2169 902 2222 τῆς
983 2160 1286 2215 ἀνεικάστου
1354 2163 1637 2238 φιλανθρω-

59 2250 210 2312 τίαςὶ
273 2249 344 2322 ἐφ’
397 2252 540 2322 ἡμῶν
592 2254 682 2322 μὲν
751 2251 845 2302 οὐκ
903 2253 963 2302 ἄν
1023 2256 1145 2304 ποτέ
1197 2271 1272 2312 τις
1322 2256 1409 2304 τὸν
1457 2254 1637 2324 εὐγνω·

59 2360 173 2391 ιονα
203 2335 385 2391 δοῦλον
427 2344 624 2411 ποιήσῃ
676 2339 840 2411 φίλον·
899 2341 924 2391 ὁ
965 2337 1024 2392 δε
1075 2345 1302 2413 Χριστὸς
1349 2347 1438 2394 καὶ
1489 2351 1639 2394 τοῦτο

59 2435 196 2496 τοιεῐ,
249 2427 435 2500 μᾶλλον
496 2425 554 2480 δὲ
602 2432 688 2480 καὶ
750 2425 967 2500 ἀδελφὸν
1035 2429 1191 2481 αὐτὸν
1265 2428 1634 2505 ἀπεργάζεται·

59 2517 419 2588 Απαγγείλατε
482 2519 604 2590 γὰρ,
678 2522 827 2589 φησὶ,
896 2525 1001 2578 τοῖς
1067 2515 1310 2590 ἀδελφοῖς
1380 2539 1500 2586 μου,
1559 2528 1642 2572 ἰνα

59 2605 328 2658 επέλθωσιν
403 2605 469 2665 εἰς
541 2610 633 2664 τὴν
708 2606 1001 2658 Γαλιλαίαν·
1055 2614 1144 2660 καὶ
1193 2610 1412 2661 υἱοθετεί
1459 2617 1640 2662 τοῦτον

60 2704 110 2765 ’ῷ
166 2699 348 2768 Πατρὶ,
383 2699 472 2747 καὶ
514 2697 742 2766 καθιστᾷ
781 2695 1199 2771 συγκληρονόμον
1242 2705 1334 2758 τῆς
1365 2695 1641 2770 βασιλείας

69 2794 136 2835 ὠν
165 2784 412 2858 οὐρανῶν,

110 2873 220 2924 Οὐκ
271 2876 343 2925 ἔτι
398 2904 468 2914 -
524 2870 757 2935 δούλους.
822 2880 920 2927 Καὶ
959 2880 1082 2928 πότε
1133 2874 1318 2937 αὐτοὺς
1367 2885 1471 2929 εἷπε
1512 2874 1640 2930 δού-

67 2980 194 3031 ους;
233 2960 354 3014 Ὀτε
411 2959 685 3015 διδάσκων
736 2963 1061 3017 ἀπεκάλυπτε
1108 2969 1201 3022 τήν
1243 2965 1480 3028 ἐξουσίαν
1546 2975 1638 3028 τῆς

61 3059 224 3103 αυτοῦ
274 3053 534 3114 θεότητος.
593 3057 692 3105 Καὶ
771 3052 1041 3126 προλαϐών
1123 3050 1182 3106 δὲ
1253 3056 1407 3106 εἶπεν
1471 3055 1640 3127 Ὑμεῖς

1739 550 2025 607 cordibus
2049 567 2259 606 eorum
2285 549 2638 606 charitatem
2658 547 3049 605 indelebiliter
3075 544 3393 617 insculpat.

1807 641 1950 697 Vide
1989 646 2189 696 autem
2230 639 2657 696 admirandum
2696 637 3048 703 vinculum;
3098 634 3396 708 siquidem

1739 735 2046 786 ostensum
2093 734 2203 796 est,
2245 728 2408 802 quod
2462 729 2699 786 mansio
2742 728 2804 785 in
2847 725 3079 784 Christo
3131 723 3401 798 procedit

1741 836 1813 876 ex
1843 819 1974 890 ejus
2031 818 2346 875 dilectione
2397 823 2454 875 et
2502 818 2916 875 observatione
2969 814 3398 872 mandatorum

1742 907 1934 977 illius;
1969 912 2334 980 praeceptum
2356 923 2495 964 vero
2526 908 2655 980 ejus
2688 911 2794 969 est.
2823 912 2888 962 ut
2941 904 3261 975 diligamus
3290 917 3403 959 nos

1746 998 2017 1054 invicem.
2062 999 2266 1070 Itaque
2295 997 2538 1067 diligere
2553 1013 2665 1054 nos
2683 996 2942 1053 invicem
2959 1001 3052 1051 est
3077 993 3138 1050 in
3169 992 3402 1050 Christo

1747 1101 1990 1142 manere
2007 1103 2020 1153 ;
2037 1091 2094 1142 et
2111 1102 2349 1143 servare
2369 1085 2466 1142 Dei
2491 1089 2810 1158 praecepta,
2825 1089 2915 1142 est
2931 1083 3176 1154 diligere
3193 1083 3403 1150 Deum;

1747 1180 2004 1248 suntque
2032 1175 2182 1230 inter
2209 1191 2273 1230 se
2296 1191 2579 1232 connexis
2637 1174 2874 1231 dilectio
2919 1189 3057 1246 qua:
3115 1175 3203 1230 est
3261 1185 3408 1242 erga

1749 1269 1956 1332 Deum,
1972 1270 2030 1320 et
2048 1281 2184 1340 quas
2206 1271 2293 1322 est
2315 1279 2458 1335 erga
2478 1281 2587 1322 nos
2605 1265 2880 1322 invicem.
2908 1264 3118 1322 Dicens
3151 1268 3351 1320 autem
3389 1275 3402 1317 :

1747 1354 1910 1411 Sicut
1935 1355 2259 1419 dilexivos,
2289 1354 2550 1411 ostendit
2577 1354 2745 1428 quod
2787 1353 3123 1411 voluntarie
3171 1354 3409 1424 propter

1748 1443 1985 1500 illorum
2031 1444 2412 1501 dilectionem
2447 1445 2757 1501 moriatur.

1818 1534 1981 1589 Vers.
2024 1535 2110 1590 43.
2143 1534 2432 1604 Maiorem
2464 1564 2533 1574 —
2562 1535 2703 1591 suis.
2758 1533 3042 1607 Majorem
3088 1531 3224 1597 hac,
3271 1547 3407 1604 quas

1749 1623 1901 1679 adeo
1946 1638 2234 1694 magnam
2261 1628 2370 1690 est,
2407 1627 2468 1680 ut
2497 1623 2676 1680 etiam
2707 1623 2914 1680 anima
2941 1639 3050 1696 pro
3077 1621 3287 1680 amicis
3315 1636 3408 1677 re-

1749 1712 1999 1785 linquat,
2063 1713 2214 1769 sicut
2260 1728 2371 1784 ego
2419 1727 2582 1769 nunc
2636 1713 2813 1770 facio.
2877 1713 3086 1786 Itaque
3135 1727 3260 1769 non
3335 1725 3408 1767 ex

1749 1891 2180 1964 dispensatorie
2206 1908 2242 1948 a
2271 1891 2441 1948 vobis
2468 1907 2710 1964 separor
2750 1908 2764 1959 ;
2789 1891 2966 1949 nolite
2996 1907 3140 1962 ergo
3189 1889 3410 1948 contri-

1747 1981 1908 2036 stari.
1935 1980 2160 2053 thuia
2185 1981 2414 2036 amicos
2439 1997 2540 2037 eos
2571 1981 2850 2048 ostendit,
2876 1996 3038 2037 nunc
3066 1980 3244 2036 etiam
3268 1977 3411 2035 dicit

1746 2070 2056 2142 quomodo
2087 2070 2206 2126 sint
2226 2069 2406 2126 amici
2447 2070 2557 2126 sui.

1818 2159 1984 2214 Vers.
2019 2159 2107 2226 14,
2147 2161 2255 2216 Vos
2285 2190 2348 2201 —
2402 2159 2576 2216 vobis.
2627 2161 2670 2217 Ο
2725 2157 3266 2232 incomparabilem
3296 2157 3410 2213 hu-

1748 2248 2122 2305 manitatem!
2150 2252 2466 2322 Nunquam
2489 2249 2795 2322 quispiam
2817 2265 3061 2305 servum
3078 2249 3406 2318 benignum

1746 2338 1885 2393 facit
1910 2337 2023 2393 sibi
2045 2338 2308 2394 amicum
2336 2354 2349 2404 ;
2379 2339 2642 2394 Christus
2681 2343 2878 2395 autem
2908 2338 3084 2394 etiam
3106 2339 3219 2394 hoc
3244 2335 3406 2401 facit,

1748 2427 1940 2497 magis
1957 2433 2155 2483 autem
2171 2435 2227 2482 et
2240 2427 2478 2484 fratrem
2495 2443 2634 2483 eum
2650 2426 2854 2484 etﬂcit:
2872 2427 3178 2494 Nuntiate,
3191 2425 3404 2498 inquit,

1741 2516 2040 2587 fratribus
2055 2516 2198 2573 meis
2220 2523 2283 2572 ut
2296 2517 2515 2574 abeant
2537 2517 2602 2572 in
2627 2517 2940 2574 Galilaeam
2954 2519 3002 2552 ”
3028 2532 3042 2583 ;
3061 2521 3240 2589 atque
3253 2513 3408 2570 Patri

1745 2606 1907 2662 hunc
1933 2606 1994 2660 in
2036 2605 2242 2662 Filium
2283 2606 2540 2675 asciscit,
2594 2606 2894 2680 simulque
2923 2606 3087 2677 regni
3125 2605 3408 2662 caelorum

1746 2694 2044 2752 basredem
2071 2695 2390 2752 constituit.

1819 2874 1984 2930 Vers.
2020 2875 2106 2928 45.
2151 2875 2290 2932 Jam
2333 2890 2448 2931 non
2492 2905 2561 2915 —
2607 2888 2822 2931 servos.
2885 2875 2951 2930 Et
2973 2873 3222 2946 quando
3275 2872 3406 2930 illos

1749 2963 1916 3028 dixit,
1950 2964 2196 3020 servos?
2222 2963 2479 3028 Quando
2508 2965 2732 3020 docens
2761 2962 3102 3019 occultabat
3130 2963 3240 3035 (oo)
3281 2980 3405 3018 sua:

1750 3051 2078 3108 divinitatis
2136 3054 2486 3124 potentiam.
2545 3053 2609 3108 In
2685 3051 3153 3124 praecedentibus
3225 3053 3408 3109 etiam

59 3143 249 3192 ιωνεῖτέ
285 3160 348 3212 με
395 3143 419 3193 ὁ
473 3144 662 3216 Κύριος
709 3148 799 3194 καὶ
851 3144 876 3194 ὁ
930 3139 1275 3204 διδάσκαλος·
1331 3148 1420 3196 καὶ
1478 3143 1638 3206 καλῶς

1763 3141 1924 3196 dixit:
1945 3142 2052 3197 Vos
2063 3144 2280 3197 vocatis
2291 3157 2383 3198 me
2401 3141 2705 3197 dominum
2719 3147 2774 3198 et
2786 3141 3222 3212 magistrum,et
3239 3142 3408 3198 bene-

68 3233 224 3300 έγετε·
267 3230 371 3303 εἰμὶ
399 3232 520 3303 γάρ.

108 3317 228 3370 ’Ὁτι
257 3351 323 3358 -
350 3322 556 3395 Κύριος.
584 3325 648 3372 Τί
671 3328 811 3373 ποιεῖ
837 3319 1150 3395 ἀπορρητον.

107 3407 263 3480 ’Υριάς
323 3440 380 3450 -
430 3409 570 3481 ὑμῖν.
631 3409 938 3481 Ἀνὴγγειλα
975 3411 1096 3482 ὑμῖν
1139 3411 1209 3472 ὡς
1253 3409 1419 3483 φίλοις
1448 3413 1637 3478 πάντα,

70 3515 139 3548 σα
191 3494 456 3554 ἠδύνασθε
522 3496 810 3570 βαστάζειν
895 3495 1156 3570 δηλονότι,
1242 3502 1341 3552 ὅσα
1417 3499 1639 3553 ἀκοῦσαι

69 3593 173 3658 μᾶς
201 3586 347 3646 εἰκός.
379 3593 461 3657 Τῷ
493 3587 620 3659 φίλῳ
651 3591 748 3661 γάρ
803 3608 902 3653 τις,
933 3588 991 3640 οὗ
1032 3597 1104 3660 τῷ
1154 3584 1341 3661 δούλῳ,
1374 3608 1638 3643 καταπισ-

70 3677 172 3728 εύει
201 3678 262 3728 τά
291 3675 581 3751 ἀπόρρητα.

113 3860 212 3908 Καὶ
257 3861 360 3928 μὴν
411 3853 646 3931 ἀνωτέρω
693 3856 866 3909 εἰπὼν·
933 3855 1102 3930 Ὑμεῖς
1160 3857 1296 3930 φίλοι
1343 3861 1444 3932 μού
1500 3857 1636 3927 ἕστε,

65 3950 120 3999 ἀν
189 3954 372 4004 ποιῆτε
433 3947 533 3998 ὅσα
616 3947 716 4016 ἐγώ
804 3945 1094 4019 ἕντέλλοριᾳι
1177 3948 1317 4020 ὑμῖν·
1409 3947 1638 4022 ἐνέφηνεν

67 4056 117 4087 τι
144 4038 286 4087 οὔπη
332 4035 481 4101 εἰσὶν,
516 4034 644 4087 ἀλλά
692 4041 805 4088 τότε
852 4036 982 4088 εἰσὶν
1022 4038 1105 4089 ὅτε
1144 4046 1376 4090 «meum:
1411 4048 1519 4101 πῶς
1551 4035 1639 4091 οὖν

67 4127 260 4176 ιταῦθςί
312 4143 489 4194 φησιν·
556 4123 713 4197 ’Υμᾶς
770 4121 829 4178 δε
872 4128 1054 4198 εἴρηκα
1102 4126 1299 4198 φίλους,
1355 4129 1434 4180 ὅτι
1473 4130 1642 4180 πάντα

129 4217 336 4271 ἤκουσα
405 4216 549 4288 παρά
593 4222 684 4265 τοῦ
757 4220 958 4287 Πατρός
1014 4235 1114 4288 μου
1179 4213 1437 4289 ἐγνώρισα
1482 4218 1636 4288 ὑμίν;

69 4306 104 4327 οὲ
166 4301 278 4327 l__‘.
354 4301 456 4327 _’.___‘.

81 4321 108 4353 ο

75 4396 130 4441 αἱ
189 4390 256 4450 εἰς
298 4394 356 4441 τὸ
419 4391 535 4454 ἑξῆς
588 4389 874 4464 διαμένετε,
911 4391 996 4446 ἐὰν
1041 4401 1225 4452 ποιῆτε
1265 4393 1366 4445 ὅσα
1415 4391 1514 4465 ἐγὼ
1571 4393 1643 4445 ἑν-

73 4478 284 4551 έλλομαι
323 4480 463 4552 ὑμῖν.

113 4659 241 4710 Εἶτα
264 4659 448 4716 τίθησι
469 4665 557 4712 καὶ
587 4659 706 4713 ἄλλο
731 4663 1008 4735 τεκμήριον
1027 4667 1117 4712 τοῦ
1148 4661 1288 4732 ἔχειν
1315 4658 1501 4720 αὐτοὺς
1531 4660 1645 4732 (29)

78 4745 223 4809 ίλους
245 4746 448 4802 ἑαυτοῦ.

109 4836 232 4909 Οὐχ
289 4869 360 4880 —
412 4840 566 4910 ὑμᾶς.
610 4839 757 4891 Κατά
813 4835 1075 4910 ἀπὸφαοιν
1114 4839 1140 4890 ὃ
1203 4837 1371 4911 λόγος,
1423 4840 1502 4892 ὅτι
1547 4837 1646 4911 ἐγὼ

109 5017 156 5049 ὀ
192 5015 393 5072 Matth.
422 5019 728 5085 xxv1u,10.
842 5018 859 5053 ¹
893 5017 1062 5074 Joan.
1095 5034 1216 5087 xm,
1253 5023 1334 5076 l3.

1675 4524 1721 4580 Ι)

1753 3229 1948 3285 dicitis
1977 3246 1990 3285 :
2019 3245 2150 3285 sum
2167 3229 2380 3286 etenim
2406 3229 2448 3284 ¹.

1821 3319 1984 3374 Vers.
2014 3323 2097 3374 45.
2129 3317 2277 3386 Quia
2293 3349 2362 3358 —
2387 3317 2683 3374 dominus.
2707 3316 2862 3383 Quid
2883 3317 3065 3374 faciat
3083 3316 3408 3374 occultum.

1822 3409 1979 3465 Vers.
2011 3411 2098 3464 45.
2135 3409 2240 3464 Vos
2270 3440 2337 3451 ——
2366 3407 2544 3464 vobis.
2584 3406 2935 3474 Renuntiavi
2989 3405 3160 3463 vobis
3206 3409 3412 3467 omnia

1751 3503 2036 3570 tanquam
2067 3497 2295 3563 amicis,
2343 3511 2722 3569 quaecunque
2773 3495 3044 3553 videlicet
3097 3495 3248 3554 ferre
3307 3513 3412 3569 ρος

1752 3587 1973 3656 tuistis,
2037 3602 2411 3659 quacunque
2513 3599 2757 3657 asquum
2849 3588 2996 3650 erat,
3080 3589 3144 3641 ut
3239 3587 3408 3643 audi-

1746 3677 1886 3733 retis
1915 3693 1927 3732 :
1960 3676 2154 3733 amico
2176 3691 2440 3749 namque
2479 3680 2674 3732 etnon
2704 3689 2875 3732 servo
2903 3673 3090 3731 credit
3105 3674 3408 3748 quispiam

1751 3781 1993 3823 arcana.

1818 3855 1996 3928 Atqui
2022 3853 2290 3927 superius
2320 3869 2460 3910 cum
2489 3853 2742 3912 diceret:
2782 3853 2880 3909 Vos
2911 3853 3088 3910 amici
3111 3853 3229 3912 mei
3252 3853 3405 3920 estis,

1749 3947 1800 4002 si
1809 3945 2084 4015 feceritis,
2102 3959 2466 4017 quacunque
2481 3959 2587 4013 ego
2597 3944 2878 4014 praecipio
2893 3943 3051 4000 vobis
3069 3946 3111 4009 ³,
3127 3944 3405 4010 ostendit,

1750 4035 1912 4108 quod
1965 4035 2240 4090 nondum
2303 4037 2490 4099 erant,
2542 4032 2646 4088 sed
2700 4033 2880 4088 futuri
2935 4038 3096 4099 tunc,
3151 4049 3290 4088 cum
3336 4048 3410 4089 ea

1753 4125 2013 4180 facerent
2065 4145 2077 4177 :
2133 4123 2444 4195 quomodo
2495 4137 2638 4191 ergo
2685 4121 2781 4178 hic
2838 4122 2920 4177 ait
2975 4139 2989 4175 :
3053 4121 3162 4177 Vos
3214 4127 3409 4178 autem

1751 4213 1879 4270 dixi
1907 4213 2146 4277 amicos,
2175 4214 2320 4282 quia
2347 4210 2549 4266 omnia
2575 4224 2708 4281 quae
2736 4209 2944 4266 audivi
2971 4225 3009 4265 a
3033 4209 3213 4266 Patre
3260 4223 3407 4274 meo,

1751 4309 1892 4358 nota
1915 4302 2038 4370 feci
2062 4301 2212 4355 vobis
2259 4297 2596 4364 iVerbum,
2639 4298 2816 4361 Estis,
2875 4297 2998 4353 sive
3059 4297 3252 4362 Eritis,
3305 4313 3414 4370 pro

1751 4389 2180 4446 Permanebitis
2205 4387 2488 4460 accipito,
2519 4402 2591 4444 ac
2630 4386 2680 4442 si
2708 4385 2867 4443 dicat
2899 4405 2912 4446 :
2947 4388 3096 4444 Cum
3113 4385 3242 4457 jam
3263 4385 3411 4454 sitis,

1753 4479 1933 4536 etiam
1971 4478 2035 4535 in
2088 4476 2358 4534 futurum
2415 4474 2866 4550 permanebitis,
2934 4474 2985 4531 si
3036 4474 3312 4545 feceriti,
3359 4480 3417 4534 et

1756 4574 1986 4625 caetera.

1828 4656 2052 4713 Deinde
2083 4659 2140 4713 et
2161 4655 2327 4714 aliud
2355 4655 2525 4728 ponit
2548 4655 2816 4727 signum,
2841 4651 3008 4727 quod
3035 4668 3138 4712 eos
3165 4651 3416 4720 haberet

1757 4747 1983 4804 amicos
2001 4762 2162 4801 suos.

1828 4837 1991 4894 Vers.
2018 4837 2109 4894 46.
2139 4836 2274 4894 Non
2303 4865 2370 4878 —-
2409 4849 2530 4892 vos.
2562 4833 2840 4904 Negative
2873 4832 3001 4906 (pp)
3029 4848 3230 4892 sermo
3279 4847 3412 4906 pro-

1470 5021 1492 5056 ²
1519 5020 1690 5077 Joan.
1719 5035 1820 5085 xv,
1845 5019 1932 5074 14.

1275 5197 1494 5267 Variae
1522 5197 1852 5268 lectiones
1879 5203 1946 5266 et
1973 5202 2175 5267 notas.

111 5387 225 5458 (28)
277 5383 492 5459 Αὐτοὺς,
542 5394 612 5447 Α.
673 5391 760 5447 Ita
797 5393 1137 5452 Hentenius.
1186 5398 1318 5454 Mox
1361 5394 1653 5453 adﬁnem

78 5473 252 5515 ersus
279 5460 348 5514 45
378 5465 704 5535 utrumque
723 5465 1128 5537 conjungitur.

109 5636 802 5718 (oo)_0ceultabat_Almo,
836 5641 1164 5715 aperiebat,
1203 5643 1518 5703 revelabat.
1558 5640 1650 5702 Vis

81 5715 212 5762 etur
240 5709 455 5774 legisse
481 5709 816 5768 ἄπεκάλυπτε.

108 5781 242 5854 (pp)
255 5781 558 5854 Negative,
575 5790 684 5844 etc.
702 5785 1065 5845 Sententiam
1076 5787 1324 5862 quidem
1338 5788 1646 5863 expressit;

1835 5393 1948 5468 (29)
1974 5389 2172 5456 Αὐτούς
2201 5389 2418 5450 omittit
2442 5390 2514 5450 B.

1757 5643 1862 5700 sed
1892 5659 1928 5700 a
1984 5640 2190 5699 Graeco
2245 5639 2510 5714 recessit.
2570 5634 2967 5714 κρυ-’ἀπόφασιν
3027 5640 3118 5714 est
3165 5637 3411 5714 directe.

1758 5717 2001 5773 Rectum
2031 5721 2114 5772 est
2134 5712 2611 5784 pronuntiatum,
2641 5719 2800 5771 recte
2814 5711 3255 5784 pronuntiavit.
3299 5713 3414 5782 Qui

1757 5788 1920 5845 enim
1947 5783 2276 5858 interrogat
2299 5783 2549 5860 obliqua
2565 5784 2803 5842 videtur
2824 5783 3091 5844 Oratione
3110 5785 3219 5846 uti.
