4076 6464
82 510 169 580 μού
197 504 316 560 ἕστε.
346 501 645 574 Εὖψυχεῖτε
675 497 762 555 οὖν
788 501 856 554 τὰ
883 501 1040 574 ὅμοια
1067 509 1140 573 τῷ
1171 497 1481 572 διδασκάλῳ
1501 502 1647 553 πάσ-
1677 501 1724 555 Α

83 613 244 668 χοντες
268 598 349 645 καὶ
368 594 482 645 κατ’
513 596 664 664 ἴχνος
687 591 1084 653 ἁκολουθοῦντές
1111 611 1222 664 μοι.

149 772 201 824 Ei
246 803 306 814 -—
361 775 680 844 τηρήσουσι.
749 775 889 828 Μήτι
955 767 1263 842 διωκόμενοι
1321 765 1645 840 δυσφορεῖτε,

82 866 198 934 μήτε
242 869 322 913 τοῦ
375 861 530 932 λόγου
583 863 725 932 ὑμῶν
778 858 1140 931 ἁθετουμένου.
1194 857 1257 911 ΑΑ
1303 860 1405 931 γὰρ
1449 857 1522 918 εὶς
1564 855 1649 928 ἐμὲ

81 948 378 1014 ἐνεδείξαντο,
457 958 624 1002 ταῦτα
692 953 781 1000 καὶ
852 947 919 1008 εἰς
984 950 1114 1020 ὑμᾶς
1172 943 1504 1009 ἐνδείξονται,
1557 949 1648 996 καὶ

80 1041 307 1113 Ἀρκετόν,
339 1044 488 1111 φησι,
527 1048 598 1108 τῷ
657 1034 846 1109 δούλῳ,
897 1039 980 1088 ἵνα
1024 1041 1235 1109 γένηται
1286 1039 1353 1098 ὡς
1393 1039 1418 1087 ό
1475 1038 1650 1108 κύριος

78 1128 238 1182 αὐτοῦ.

141 1215 278 1269 Ἀλλά
304 1248 368 1256 -
406 1237 526 1289 μου.
550 1224 728 1270 Ταῦτα
757 1219 945 1282 πάντα,
979 1212 1252 1277 διώκοντες
1293 1211 1525 1280 δηλαδὴ,
1557 1221 1647 1268 καὶ

72 1309 152 1358 τόν
192 1305 326 1377 λόγον
367 1308 508 1378 ὑμῶν
547 1311 618 1380 μὴ
667 1313 962 1380 τηροῦντες.
1019 1305 1080 1357 Εἰ
1136 1305 1224 1357 οὗν
1281 1304 1516 1376 ἀγαπᾶτέ
1560 1324 1642 1377 με,

69 1399 311 1468 χαρήσετε
344 1398 567 1462 πάντως,
619 1397 701 1448 ὅτι
759 1392 832 1448 δι’
890 1393 976 1467 ἐμὲ
1032 1401 1197 1446 ταῦτα
1239 1396 1498 1465 πάσχετε,
1539 1393 1646 1446 ἐπεὶ

69 1481 204 1554 κάγὼ
230 1480 296 1536 δι’
344 1485 479 1556 ὑμᾶς
511 1501 524 1512 ·
565 1489 655 1537 καὶ
703 1486 849 1557 ὑμεῖς
895 1487 984 1556 μὲν
1033 1486 1158 1558 υπερ
1207 1487 1486 1550 Δεσπότὸυ,
1546 1482 1644 1554 ἐγὼ

69 1568 126 1624 δὲ
153 1573 266 1647 ὑπὲρ
297 1569 511 1630 δούλων.
545 1572 672 1626 Εἶτα
699 1576 881 1631 τίθησι
911 1577 1000 1625 καὶ
1025 1572 1183 1631 οἴλλην
1214 1575 1572 1647 παραμυθίαν.

133 1748 244 1802 Ὀτι
267 1781 329 1790 -
358 1770 441 1823 με.
469 1750 591 1803 Ὀτι
622 1750 869 1803 ἀθετοῦσι
896 1753 983 1802 τὸν
1015 1748 1392 1802 ἀποστείλαντά
1420 1770 1501 1823 με,
1527 1770 1644 1803 του·
1676 1783 1722 1839 Β

62 1843 224 1890 τέο-τιν
249 1838 518 1914 ὑϐρίζουσι
539 1844 626 1892 καὶ
673 1843 760 1892 τὸν
797 1843 1021 1910 Πατέρα.
1056 1843 1251 1891 Λοιπὸν
1286 1845 1458 1892 τοίνυν
1492 1838 1645 1911 ἀγαλ-

62 1926 236 1980 λιᾶσθε
260 1927 586 2001 ὑϐριζόμενοι
609 1930 722 1999 μεθ’
754 1931 921 2000 ἡμῶν.
961 1927 1180 1980 Ἔπειτα
1218 1927 1496 2002 ἀποστερεῖ
1532 1933 1648 1989 τοὺς

63 2012 334 2079 Ἰουδαίους
389 2016 602 2077 ὗπάσης
660 2022 976 2089 συγγνώμης
1043 2016 1490 2084 ἐθελοκακοῡντας,
1558 2023 1648 2070 καὶ

60 2113 268 2158 τοιαῦτα
297 2103 790 2179 διαπραττομένους.

129 2284 186 2337 Εἰ
213 2315 274 2324 —-
318 2284 503 2338 αὐτῶν.
552 2284 614 2336 Εἰ
656 2289 728 2356 μὴ
781 2281 1005 2347 ἐδίδαξα
1047 2284 1237 2345 αὐτοὺς
1266 2285 1525 2359 ἁμαρτίαν
1554 2285 1648 2338 οὐκ

59 2372 218 2444 εἶχον,
271 2369 536 2433 διώκοντες
565 2377 654 2425 καὶ
693 2371 989 2445 ὑϐρίζοντες
1019 2372 1105 2446 ἐμέ
1147 2393 1201 2426 τε
1229 2380 1316 2426 καὶ
1349 2376 1480 2446 ὑμᾶς
1527 2380 1651 2438 τοὺς

59 2461 227 2534 ἐμοὺς,
253 2464 315 2522 ὡς
345 2467 476 2534 μήτε
504 2468 580 2522 τίς
610 2461 716 2533 εἰμι
743 2461 976 2534 λέγοντα,
1009 2468 1140 2535 μήτε
1172 2461 1272 2515 ἀπὸ
1304 2472 1402 2516 τῶν
1435 2471 1648 2540 Γραφῶν

59 2557 204 2602 τοῦτο
231 2546 547 2606 δεικνύοντα.

123 2727 180 2780 Ὀ
238 2758 302 2768 -
351 2733 514 2800 μισεῖ.
579 2728 854 2800 Σαφηνίζει
904 2733 995 2780 καὶ⁹
1052 2728 1196 2792 αὔξει
1245 2733 1338 2788 τὴν
1391 2729 1649 2806 ἁμαρτιαν

59 2817 238 2887 αὐτῶν,
270 2816 426 2888 λέγων
475 2819 553 2868 ὅτι
590 2822 680 2870 καὶ
730 2820 760 2876 ὴ
797 2825 888 2870 τοῦ
931 2819 1055 2870 Υὶοῦ
1104 2817 1268 2892 ὕϐρις,
1319 2827 1412 2870 τοῦ
1452 2825 1649 2894 Πατρός

59 2905 188 2959 ἐστιν
226 2904 390 2977 ὕϐρις.
444 2907 610 2959 Εἰπὼν
656 2903 715 2958 δὲ
761 2913 878 2982 περὶ
919 2915 1013 2969 τῆς
1066 2905 1417 2969 διδασκαλίας
1465 2910 1644 2980 αὐτοῦ,

59 2999 181 3067 λέγει
201 3001 288 3047 καὶ
317 3002 430 3068 περὶ
464 3004 564 3047 τῶν
599 3000 829 3067 σημείων
863 2997 1042 3051 αὐτοῦ.

122 3085 179 3136 Εἰ
229 3116 296 3123 -—
345 3082 510 3154 εἶχον.
562 3089 661 3136 Καὶ
715 3089 870 3145 ὄντως
929 3083 1076 3136 αὐτοὶ
1128 3087 1318 3136 τούτων
1373 3089 1644 3158 μάρτυρες,
1683 3055 1726 3112 C

59 3178 276 3244 λέγοντες
318 3174 398 3224 ὅτι
429 3169 694 3224 Οὐδέποτε
721 3173 883 3234 οὕτως
908 3173 1065 3244 ἐφάνη
1113 3171 1161 3224 ἐν
1191 3181 1263 3244 τῷ
1297 3174 1528 3248 Ἰσραὴλ,
1560 3181 1649 3227 καὶ

59 3264 195 3333 ἔτερα
214 3268 448 3314 τοιαῦτα.

117 3354 224 3402 Νῦν
254 3380 322 3388 -
343 3348 624 3422 ἑωράκασι.
656 3352 734 3401 Τὰ
761 3357 979 3402 τοιαῦτα
1005 3352 1145 3424 ἔργα.

121 3443 220 3491 Καὶ
261 3469 328 3478 -
357 3457 478 3509 μου.
522 3437 783 3512 Ἀνωτέρω
830 3441 932 3511 γὰρ
979 3436 1136 3506 εἶπεν,
1193 3441 1272 3492 ὅτι
1318 3439 1376 3492 Ὀ
1407 3439 1493 3513 ἐμὲ
1536 3441 1649 3510 (37)

59 3535 212 3578 ιισών
244 3527 358 3596 (38)
400 3531 489 3578 καὶ
532 3530 620 3578 τόν
666 3531 874 3600 Πατέρα
915 3548 1014 3600 μου
1062 3537 1225 3601 μισεῖ.
1277 3535 1377 3582 Καὶ
1417 3528 1650 3602 ἀλλαχοῦ

59 3615 196 3668 τάλιν
231 3635 243 3647 ·
277 3615 334 3667 Ὀ
361 3620 432 3702 μὴ
466 3624 628 3689 τιμῶν
659 3620 746 3669 τὸν
775 3617 912 3680 Υἰον,
946 3618 1005 3670 οὐ
1044 3624 1172 3690 τιμᾷ
1201 3622 1288 3670 τὸν
1332 3623 1535 3693 Πατέρα
1561 3624 1649 3672 τὸν

59 3704 184 3777 τέμψ
193 3724 324 3756 αντα
353 3704 527 3759 αὐτόν.

109 3793 253 3845 Ἀλλ’
311 3825 377 3834 -
436 3790 655 3867 δωρεάν.
700 3793 978 3848 Κάνταῦθα
1025 3798 1083 3848 τό
1130 3795 1241 3849 Ἰνα
1286 3797 1379 3848 οὐκ
1432 3798 1650 3851 αἰτιολο-

59 3885 210 3947 ιικόν,
274 3880 404 3933 ἀλλὰ
461 3879 774 3948 δηλωτικόν,
829 3891 922 3935 τοῦ
993 3884 1278 3956 μέλλοντος,
1333 3888 1413 3938 ὅτι
1481 3887 1650 3958 μέλλει

59 3971 386 4042 τληρωθῆναι
429 3972 454 4022 ὁ
507 3971 659 4043 λόγος
716 3968 880 4035 οὗτος.
928 3978 1100 4046 Νόμον
1154 3971 1214 4028 δὲ
1259 3976 1394 4045 λέγει
1432 3981 1526 4035 τὴν
1567 3975 1650 4049 βί-

59 4058 157 4109 ἷλον
198 4067 299 4110 τῶν
353 4060 575 4132 Ψαλμῶν
633 4062 682 4112 ἐν
825 4065 1134 4137 γέγραπται,
1191 4065 1266 4116 ὅτι
1320 4069 1420 4116 Καὶ
1481 4065 1651 4137 λόγοις

59 4153 228 4206 ιίσους
296 4145 593 4200 ἐκύκλωσαν
650 4168 731 4220 με,
790 4156 880 4202 καὶ
935 4150 1255 4224 ἔπολέμησάν
1317 4172 1380 4224 με
1427 4150 1648 4226 δωρεάν,

59 4240 340 4307 [ἐμίσησαν
397 4232 484 4288 οὖν
542 4237 696 4289 αὐτὸν
755 4233 973 4312 δωρεὰν,
1029 4244 1148 4299 ἤτοι
1199 4243 1388 4312 μάτην,
1443 4240 1651 4295 ἀνευλό-

65 4344 133 4384 ως
160 4324 302 4395 (39),
337 4321 430 4377 διὰ
456 4330 549 4384 τὴν
583 4332 834 4400 πονηρίαν
856 4328 1043 4384 αὐτῶν.

101 4412 216 4466 Ἵνα
249 4410 312 4466 δὲ
358 4419 430 4486 μὴ
481 4418 694 4468 εἷπωσιν
742 4420 791 4469 οἱ
836 4417 1156 4471 ἀπόστολον
1211 4419 1272 4471 Εἰ
1321 4422 1378 4471 σε
1429 4415 1648 4482 ἐδίωξαν

61 4506 120 4553 αἱ
163 4506 252 4554 τόν
306 4502 459 4574 λόγον
513 4523 608 4556 σου
657 4504 751 4557 οὐκ
808 4505 1088 4581 ἐτήρησαν,
1133 4507 1176 4559 εἰ
1223 4514 1439 4559 τοιαῦτα
1484 4503 1647 4559 διδα-

59 4592 255 4659 ;θέντες
294 4597 388 4644 καὶ
430 4601 650 4646 τοιαῦτα
679 4595 960 4669 ἑωρακότες
990 4593 1142 4648 οὐδὲν
1182 4594 1468 4666 ἆπώναντο,
1518 4596 1560 4648 εἰ
1591 4599 1648 4648 σὲ

60 4683 118 4730 αὶ
172 4683 268 4731 τὸν
327 4685 534 4755 Πατέρα
596 4702 690 4736 σου
749 4689 1094 4756 μεμισήκασι,
1149 4684 1393 4757 μέλλουσι
1442 4681 1502 4738 δε
1555 4689 1645 4737 καὶ

59 4767 101 4829 ἰς
172 4770 317 4840 ἡμᾶς
395 4773 462 4823 τὰ
517 4773 672 4844 ὃμοια
743 4770 1094 4839 ἐνδείξασθαι,
1157 4779 1290 4835 τίνος
1353 4775 1511 4828 ἕνεκεν
1580 4776 1648 4835 είς

59 4859 310 4922 οιούτους
393 4858 724 4921 ἀποστέλλεις
815 4863 1013 4933 ἡμᾶς;

1680 4313 1725 4366 D

1094 4864 1107 4888 ’
1117 4865 1310 4935 Επάγει
1402 4883 1646 4936 παραμυ-

99 5047 122 5080 ⁸
153 5039 367 5102 Matth.
392 5053 450 5106 Χ,
485 5040 576 5097 ‘25.
687 5041 709 5076 θ
741 5040 938 5098 Matth.
969 5057 1042 5112 ix,
1069 5045 1158 5100 33.
1272 5044 1320 5080 ³ο
1347 5044 1518 5100 Joan.
1539 5060 1632 5099 xv.
1659 5044 1748 5101 23.

1041 353 1410 432 COMMENT.
1463 358 1532 430 1N
1568 356 1912 430 JoANNEM.
1952 386 2020 414 _-.
2059 365 2219 428 CAP.
2273 361 2389 428 xv.

3272 353 3414 429 uis

1757 503 1862 570 est,
1898 503 1962 555 ut
1987 498 2036 553 si
2067 497 2190 570 (qq)
2221 496 2337 552 mei
2365 495 2505 553 estis
2534 494 2829 569 discipuli,
2859 495 3024 555 bono
3050 496 3175 554 sitis
3204 498 3410 555 animo

1758 588 1836 644 ad
1869 587 2088 644 similia
2117 602 2254 642 cum
2305 589 2667 658 praeceptore
2695 584 3056 654 sufferenda,
3090 589 3148 643 et
3184 601 3286 659 per
3311 601 3412 644 ve-

1759 677 1932 748 stigia
1957 693 2054 733 me
2085 675 2482 748 sequendum.

1829 767 1998 823 Vers.
2032 769 2120 821 20.
2148 765 2212 820 Si
2239 796 2304 805 —
2331 764 2676 822 servabunt.
2732 766 2937 838 Neque
2979 765 3236 837 graviter
3261 766 3412 823 fera-

1757 857 1848 926 tis,
1881 855 2046 927 quod
2075 871 2183 909 vos
2215 857 2673 925 persequantur,
2700 859 2802 910 aut
2832 854 2998 926 quod
3017 860 3240 911 vestros
3273 871 3411 912 con-

1757 949 2021 1000 temnant
2052 959 2361 999 sermones
2390 964 2403 996 :
2433 958 2570 1015 quae
2592 944 2752 999 enim
2789 943 2850 1000 in
2873 961 2969 1000 me
3000 945 3407 1010 ostenderunt,

1757 1034 1884 1089 haec
1903 1033 2078 1088 etiam
2095 1033 2156 1088 in
2171 1049 2278 1087 vos
2297 1032 2640 1088 ostendent:
2662 1038 2716 1089 et
2737 1034 2983 1104 sufﬁcit,
3004 1033 3212 1106 inquit,
3228 1050 3406 1100 servo,

1756 1128 1822 1179 ut
1837 1125 1912 1181 sit
1930 1124 2078 1179 sicut
2106 1124 2372 1179 dominus
2398 1124 2524 1192 ejus
2547 1125 2590 1176 ⁸.

1827 1215 1990 1269 Vers.
2021 1217 2111 1268 2t.
2145 1213 2350 1268 Sed—
2386 1227 2592 1269 meum.
2646 1213 2780 1270 Haec
2837 1214 3058 1281 omnia,
3091 1218 3239 1286 puta
3284 1230 3412 1287 per-

1756 1308 2090 1375 sequentes,
2125 1309 2181 1357 et
2209 1317 2548 1358 sermonem
2576 1306 2840 1358 vestrum
2895 1318 3017 1359 non
3084 1310 3411 1361 servantes.

1758 1392 1817 1450 Si
1837 1406 1980 1462 ergo
2009 1391 2246 1462 diligitis
2276 1407 2380 1460 me,
2414 1391 2753 1461 gaudebitis
2783 1392 3055 1462 omnino,
3095 1394 3239 1466 quia
3285 1394 3411 1451 hac

1754 1485 1998 1554 propter
2024 1497 2117 1536 me
2158 1479 2452 1552 patimini,
2483 1481 2628 1553 quia
2669 1485 2726 1537 et
2753 1496 2866 1552 ego
2915 1488 3154 1554 propter
3179 1498 3322 1539 vos:
3355 1486 3413 1540 et

1754 1585 1861 1626 vos
1902 1570 2145 1641 quidem
2195 1584 2305 1640 pro
2371 1569 2643 1640 Domino,
2695 1585 2808 1639 ego
2861 1586 3002 1627 vero
3044 1587 3155 1644 pro
3203 1572 3408 1629 servis.

1758 1659 1972 1714 Deinde
2001 1659 2239 1730 ponitet
2259 1657 2439 1714 aliam
2470 1657 2965 1715 consolationem.

1827 1747 1993 1802 Vers.
2024 1751 2112 1802 2t.
2149 1749 2300 1814 Quia
2347 1777 2415 1788 —
2455 1762 2562 1804 me.
2620 1747 2772 1812 Quia
2823 1753 3217 1806 contemnunt
3270 1766 3410 1806 eum

1755 1837 1855 1908 qui
1881 1852 1976 1892 me
2005 1835 2375 1904 amandavit,
2403 1837 2518 1892 hoc
2539 1840 2649 1904 est,
2673 1836 2907 1893 Patrem
2929 1853 3176 1911 quoque
3205 1843 3412 1896 contu-

1759 1925 1936 1982 melia
1965 1924 2251 1981 afﬁciunt.
2295 1925 2554 1982 Gaudete
2585 1927 2785 1998 itaque
2842 1927 3159 1984 nobiscum
3217 1928 3411 1986 affecti

1757 2015 2133 2071 contumelia.
2168 2014 2309 2070 Post
2342 2015 2470 2070 haec
2512 2014 2748 2071 Iudaeos
2780 2016 2942 2072 omni
2980 2016 3176 2087 privat
3212 2017 3408 2084 venia,

1757 2103 1921 2176 quod
1953 2104 2027 2159 de
2059 2103 2350 2160 industria
2380 2118 2696 2176 perperam
2726 2105 2954 2177 operati
2977 2106 3111 2172 sint,
3153 2105 3412 2180 taliaque

1756 2194 2245 2265 perpetraverint.

1827 2283 1988 2338 Vers.
2021 2286 2108 2337 22.
2142 2282 2204 2337 Si
2232 2313 2296 2326 ——
2325 2298 2449 2339 suo.
2485 2283 2541 2340 Si
2579 2298 2702 2339 non
2733 2282 3078 2340 docuissem
3103 2299 3230 2349 eos,
3262 2299 3411 2356 pec-

1759 2375 1956 2427 catum
1990 2387 2107 2426 non
2138 2370 2429 2427 haberent
2471 2372 2891 2445 persequendo
2939 2389 3010 2429 ac
3047 2372 3414 2431 contumelia

1759 2460 2074 2516 efﬁciendo
2131 2465 2188 2515 et
2229 2475 2326 2516 me
2375 2465 2431 2516 et
2485 2477 2612 2528 vos,
2665 2461 2770 2532 qui
2819 2462 2937 2518 mei
3002 2462 3162 2531 estis,
3208 2467 3412 2535 utpote

1759 2565 1880 2607 non
1919 2549 2214 2606 dicentem
2271 2551 2406 2621 quis
2450 2565 2667 2619 essem,
2723 2565 2833 2606 nec
2899 2549 2962 2606 id
3011 2565 3049 2607 a
3103 2550 3414 2624 Scripturis

1759 2639 2189 2695 ostendentem.

1831 2727 1994 2783 Vers.
2014 2727 2102 2782 23.
2135 2727 2250 2794 Qui
2270 2758 2340 2768 -
2369 2727 2515 2783 odit.
2560 2725 2854 2798 Explanat
2879 2731 2936 2783 et
2983 2732 3162 2798 auget
3205 2744 3416 2800 pecca-

1760 2821 1886 2874 tum
1917 2816 2143 2872 illorum
2179 2816 2403 2882 dicens,
2431 2816 2596 2889 quod
2655 2817 2776 2872 Filii
2817 2817 3056 2888 injuria,
3101 2818 3288 2875 Patris
3326 2823 3415 2876 est

1758 2908 2000 2979 injuria.
2033 2907 2353 2978 Postquam
2385 2911 2587 2963 autem
2613 2906 2762 2964 dixit
2783 2908 2855 2964 de
2877 2907 3150 2964 doctrina
3170 2925 3300 2977 sua,
3334 2909 3414 2965 di-

1759 2997 1834 3052 cit
1863 2997 2040 3052 etiam
2069 2997 2139 3051 de
2171 2996 2360 3066 signis
2400 2997 2543 3052 suis.

1830 3087 1996 3140 Vers.
2030 3085 2118 3140 24.
2171 3085 2230 3140 δι
2288 3115 2360 3126 -
2418 3085 2720 3141 haberent.
2777 3087 2843 3140 Et
2891 3101 3027 3141 vere
3077 3086 3191 3157 ipsi
3236 3090 3416 3143 testes

1760 3179 1928 3229 erant
1953 3173 2220 3227 dicentes
2245 3188 2260 3226 :
2281 3173 2604 3243 Nunquam
2626 3173 2908 3242 apparuit
2951 3173 3034 3230 sic
3058 3175 3117 3229 in
3151 3174 3340 3230 Israel
3366 3175 3410 3239 ο,

1759 3262 1996 3334 aliaque
2019 3261 2254 3316 similia.

1828 3353 1990 3406 Vers.
2018 3353 2106 3404 24.
2138 3350 2313 3404 Nunc
2344 3379 2415 3390 --
2459 3349 2756 3406 viderunt.
2803 3348 3156 3421 Hujusmodi
3205 3365 3411 3423 opera.

1827 3440 1990 3494 Vers.
2022 3440 2110 3493 24.
2141 3439 2216 3493 Et
2248 3469 2300 3479 —
2348 3452 2561 3493 meum.
2588 3436 2873 3509 Superius
2915 3454 3180 3510 namque
3224 3439 3410 3496 dixit:

1758 3527 1868 3595 Qui
1891 3542 1982 3584 me
2009 3527 2154 3592 odit,
2180 3526 2230 3581 is
2256 3533 2309 3583 et
2341 3527 2581 3582 Patrem
2619 3541 2806 3582 meum
2850 3526 2974 3582 odit
3036 3528 3102 3580 ιο.
3165 3530 3232 3583 Et
3282 3543 3412 3584 rur-

1758 3632 1893 3672 sum
1921 3615 2066 3672 alibi
2095 3634 2108 3675 :
2145 3614 2255 3680 Qui
2281 3630 2401 3671 non
2430 3615 2685 3672 honorat
2717 3615 2959 3682 Filium,
2997 3631 3118 3672 non
3163 3616 3414 3674 honorat

1758 3707 2008 3770 Patrem,
2039 3706 2146 3776 qui
2171 3704 2327 3760 misit
2355 3705 2529 3759 illum
2557 3705 2626 3759 ¹¹.

1828 3797 1989 3852 Vers.
2015 3795 2102 3848 25.
2162 3793 2274 3850 Sed
2315 3823 2382 3833 —
2433 3793 2636 3864 gratis.
2689 3793 2877 3850 Etiam
2936 3794 3032 3850 hic
3093 3795 3269 3852 dictio
3324 3801 3410 3861 ut,

1757 3901 1879 3942 non
1931 3889 2019 3940 est
2074 3883 2351 3948 causalis,
2378 3883 2482 3938 sed
2535 3883 2714 3939 futuri
2776 3884 3189 3955 signiﬁcativa,
3247 3886 3416 3958 quod

1757 3975 2024 4031 futurum
2055 3974 2148 4039 sit,
2182 3977 2248 4029 ut
2265 3973 2362 4029 hic
2384 3988 2582 4028 sermo
2608 3973 3000 4045 compleatur.
3035 3975 3250 4045 Legem
3274 3991 3414 4030 vero

1755 4064 1896 4119 dicit
1928 4063 2144 4118 librum
2176 4062 2589 4126 Psalmorum,
2620 4061 2682 4116 in
2713 4078 2834 4134 quo
2867 4063 3156 4134 scriptum
3183 4068 3270 4118 est
3296 4081 3309 4118 :
3335 4064 3412 4118 Et

1755 4152 2122 4209 sermonibus
2153 4151 2274 4206 odii
2299 4151 2816 4206 circumdederunt
2845 4166 2934 4207 me
2959 4158 3010 4207 et
3037 4166 3416 4220 oppugnave-

1757 4248 1901 4297 runt
1939 4256 2027 4296 me
2050 4240 2236 4310 gratis
2268 4241 2336 4290 ι’.
2389 4239 2652 4294 Oderunt
2677 4254 2818 4307 ergo
2861 4238 3026 4293 illum
3078 4239 3264 4307 gratis
3290 4240 3414 4296 sive

1758 4330 2001 4395 frustra,
2029 4328 2262 4398 absque
2282 4326 2533 4389 ratione,
2588 4332 2829 4398 propter
2880 4343 3047 4381 suam
3097 4327 3410 4384 malitiam.

1832 4419 1911 4472 Ne
1939 4421 2138 4471 autem
2165 4415 2366 4470 dicant
2392 4412 2642 4485 apostoli
2673 4431 2686 4468 :
2716 4414 2773 4469 Si
2833 4419 2884 4469 te
2912 4416 3202 4485 persecuti
3251 4422 3408 4484 sunt,

1759 4511 1817 4562 et
1871 4519 2209 4560 sermonem
2266 4508 2437 4558 tuum
2486 4516 2609 4558 non
2663 4509 3051 4559 servaverunt
3112 4520 3126 4571 ;
3179 4504 3228 4559 si
3284 4520 3413 4560 cum

1759 4595 1900 4652 talia
1956 4593 2150 4648 edocti
2206 4597 2363 4657 sunt,
2419 4591 2678 4663 taliaque
2743 4592 3038 4657 viderunt,
3099 4593 3246 4648 nihil
3301 4593 3414 4648 illis

1757 4684 1972 4758 profuit
2025 4683 2122 4748 ;si
2171 4689 2225 4737 te
2281 4687 2338 4738 et
2383 4683 2614 4737 Patrem
2670 4686 2837 4737 tuum
2890 4683 3163 4748 oderunt,
3199 4683 3417 4742 similia

1755 4789 1998 4847 quoque
2021 4771 2347 4827 adversum
2364 4785 2475 4825 nos
2495 4769 3009 4837 demonstrabunt,
3029 4786 3214 4843 quam
3237 4771 3417 4842 igitur

1756 4863 1836 4920 ob
1874 4877 2123 4918 causam
2155 4860 2233 4916 ad
2269 4858 2417 4916 tales
2474 4873 2585 4914 nos
2637 4858 2871 4915 mittis?
2926 4859 3154 4916 inducit
3201 4875 3418 4917 conso-

1882 5043 1922 5079 ¹¹
1949 5041 2119 5097 Joan.
2154 5057 2207 5107 ν,
2239 5043 2327 5096 23.
2446 5040 2508 5093 l2
2552 5037 2702 5094 Psal.
2737 5055 2885 5107 cvm,
2916 5043 2969 5094 2.

1258 5195 1483 5266 Variae
1530 5195 1858 5265 lectiones
1900 5203 1965 5262 et
2004 5204 2206 5261 notae.

118 5365 220 5431 37)
264 5369 457 5416 Μισῶν
487 5359 594 5433 ἐμέ.
628 5369 692 5418 Α.

118 5365 220 5431 37)
264 5369 457 5416 Μισῶν
487 5364 594 5433 ἐμέ.
628 5369 692 5418 Α.

59 5364 366 5563 1Ἠὶιι
392 5433 559 5490 addit
583 5433 793 5501 codex,
815 5437 882 5491 A.
906 5444 1074 5508 μισεῖ.
1099 5436 1282 5494 Paulo
1307 5442 1436 5510 post
1461 5440 1656 5495 autem

91 5684 228 5758 (qq)
283 5685 362 5743 Ut
391 5716 457 5725 —
495 5684 565 5740 si.
597 5683 926 5755 Siquidem.

373 5785 604 5840 PATROL.
648 5782 752 5839 Gn.
788 5783 1029 5842 CXXIX.

1837 5365 1950 5437 (39)
1985 5362 2307 5437 Hentenius
2348 5362 2593 5437 fortasse
2648 5360 2866 5437 reperit
2921 5379 3038 5414 ανευ
3085 5361 3261 5435 λόγου,
3302 5361 3422 5420 Sed

1767 5432 1883 5494 hoc
1909 5432 2153 5508 quoque
2183 5435 2438 5507 probum
2468 5433 2508 5488 i.
2532 5450 2584 5490 e.
2609 5435 2701 5486 οὑκ
2719 5432 2968 5505 εὐλόγως.
