4076 6468
73 354 235 428 ιίιτ

1099 345 2448 424 COMMENT.1NJ0ANNEM.—.CAP.xv.

3330 345 3472 421 tli8

77 501 191 571 μού
228 495 371 551 ἕστε.
402 492 704 565 Εύψυχιῖτε
733 489 821 546 οὖν
847 492 915 546 τὰ
942 493 1100 566 ὅμοια
1125 501 1199 564 τῷ
1229 489 1540 564 διδασκάλῳ
1560 493 1702 544 πάσ-

1831 495 1920 561 est,
1956 495 2020 546 ut
2046 489 2094 544 si
2125 488 2248 560 (qq)
2280 487 2395 544 mei
2423 486 2564 544 estis
2593 485 2887 560 discipuli,
2917 487 3083 547 bono
3108 488 3233 546 sitis
3263 490 3468 547 animo

78 605 288 659 χοντες
317 589 406 637 καὶ
425 586 540 636 κατ’
572 587 722 656 ἴχνος
746 582 1142 645 ἀκολουθοῦντες
1170 602 1280 656 μοι.

167 764 235 816 Εἰ
291 795 360 805 --
418 767 738 836 τηρήσουσι.
807 766 948 820 Μήτι
1014 758 1321 833 διωκόμενοι
1380 757 1703 831 δυσφορεῑτε,

1252 849 1315 902 ⁸Α
1362 851 1464 922 γὰρ
1507 848 1580 910 εἰς
1622 846 1708 919 ἐμὲ

516 950 682 993 ταῦτα
750 945 839 992 καὶ
911 939 977 1000 εἰς
1043 942 1172 1012 ὑμᾶς
1230 935 1562 1000 ἐνδείξονται,
1615 941 1706 988 καὶ

83 858 233 926 μήτε
286 860 378 904 τοῦ
433 852 588 924 λόγου
642 854 784 924 ὑμῶν
836 850 1198 922 ὰθετουμένου.

83 940 437 1005 ἐνεδείξαντο,

83 1032 362 1104 Ἀρκετὸν,
394 1035 546 1103 φησὶ,
585 1039 656 1100 τῷ
715 1026 904 1100 δούλῳ,
956 1030 1038 1080 ἶνα
1082 1033 1293 1100 γένηται
1344 1031 1411 1089 ὡς
1451 1030 1476 1078 ὁ
1533 1029 1708 1099 κύριος

83 1120 284 1174 αὐτοῦ.

164 1206 329 1260 Ἀλλά
358 1239 426 1248 —--
464 1227 585 1280 μου.
608 1215 786 1261 Ταῦτα
815 1209 1004 1272 πάντα,
1037 1203 1310 1268 διώκοντες
1351 1203 1385 1258 δ
1391 1202 1527 1264 ηλαδ
1531 1210 1583 1271 ἡ,
1615 1212 1705 1259 καὶ

80 1300 181 1348 τὸν
229 1296 381 1368 λόγον
425 1299 566 1369 ὑμῶν
605 1303 676 1370 μὴ
725 1305 1020 1371 τηροῦντες.
1077 1296 1138 1348 Εἰ
1193 1297 1282 1348 οὖν
1339 1295 1574 1367 ἀγαπᾶτέ
1619 1315 1700 1368 με,

78 1390 366 1460 χαρήσιτε
401 1389 625 1453 πάντως,
678 1388 760 1439 ὃτι
817 1383 890 1440 δι’
948 1385 1034 1458 ἐμὲ
1090 1392 1255 1438 ταῦτα
1297 1387 1556 1456 πάσχετε,
1597 1384 1704 1438 ἐπεὶ

79 1472 245 1545 κάγὼ
275 1471 350 1526 δι’
401 1476 537 1547 ὑμᾶς
569 1492 582 1504 ⁶
623 1481 713 1528 καὶ
761 1477 908 1548 ὑμεῖς
954 1478 1043 1547 μὲν
1091 1478 1216 1550 υπερ
1265 1478 1544 1541 Δεσπότόυ,
1605 1473 1702 1545 ἐγὼ

83 1559 153 1615 δὲ
185 1563 318 1639 ὑπὲρ
351 1560 569 1622 δούλων,
603 1563 730 1618 Εἶτα
757 1567 939 1622 τίθησι
969 1569 1058 1616 καὶ
1083 1563 1240 1622 ἄλλην
1272 1566 1630 1638 παραμυθίαν.

1817 579 1894 636 ad
1927 578 2146 635 similia
2175 593 2313 633 cum
2364 580 2725 649 praeceptore
2753 576 3114 645 suﬂ‘erenda,
3148 582 3206 635 et
3243 592 3344 651 per
3369 593 3471 636 ve-

1817 669 1990 739 stigia
2015 685 2112 724 me
2143 666 2540 739 sequendum.

1886 758 2056 815 Vers.
2091 761 2178 812 20.
2207 756 2271 811 Si
2297 787 2362 796 —
2390 755 2735 814 servabunt.
2791 758 2995 830 Neque
3037 757 3294 828 graviter
3319 757 3470 815 fera-

1816 848 1906 917 tis,
1940 846 2104 918 quod
2135 862 2242 901 vos
2275 849 2731 917 persequantur,
2758 851 2861 901 aut
2890 847 3056 918 quod
3075 852 3299 903 vestros
3331 863 3470 904 con-

1816 941 2079 992 temnant
2111 950 2420 990 sermones
2448 955 2461 987 :
2491 950 2628 1007 qua:
2650 935 2810 990 enim
2847 935 2908 992 in
2931 953 3028 992 me
3058 937 3465 1002 ostenderunt,

1816 1026 1943 1080 haec
1961 1025 2136 1080 etiam
2153 1024 2215 1079 in
2231 1040 2336 1078 vos
2355 1023 2698 1080 ostendent:
2720 1029 2776 1080 et
2796 1025 3041 1096 sufﬁcit,
3063 1025 3271 1098 inquit,
3286 1041 3464 1093 servo,

1814 1119 1879 1171 ut
1895 1116 1969 1172 sit
1988 1115 2136 1171 sicut
2164 1115 2431 1170 dominus
2456 1116 2583 1184 ejus
2605 1116 2648 1167 ⁸.

1886 1206 2048 1260 Vers.
2079 1209 2169 1260 2t.
2202 1204 2408 1260 Sed—
2445 1219 2650 1260 meum.
2705 1205 2838 1261 Haec
2895 1206 3116 1272 omnia,
3149 1211 3296 1278 puta
3343 1222 3470 1279 per-

1813 1299 2148 1366 sequentes,
2183 1299 2239 1349 et
2267 1307 2606 1349 sermonem
2635 1298 2898 1350 vestrum
2953 1310 3076 1350 non
3142 1302 3469 1353 servantes.

1816 1383 1874 1441 Si
1895 1398 2038 1453 ergo
2066 1383 2304 1453 diligitis
2335 1399 2438 1451 me,
2471 1382 2811 1453 gaudebitis
2841 1384 3113 1454 omnino,
3153 1385 3297 1457 quia
3342 1386 3469 1443 haec

1813 1476 2056 1545 propter
2081 1488 2175 1527 me
2215 1471 2510 1543 patimini,
2541 1472 2686 1544 quia
2727 1476 2784 1528 et
2812 1488 2924 1543 ego
2973 1480 3212 1546 propter
3238 1490 3380 1532 vos:
3413 1478 3471 1532 et

1812 1576 1918 1617 vos
1960 1561 2202 1632 quidem
2253 1575 2362 1632 pro
2428 1560 2702 1632 Domino,
2753 1576 2866 1631 ego
2920 1577 3061 1618 vero
3101 1579 3213 1636 pro
3261 1564 3466 1622 servis.

1815 1649 2030 1705 Deinde
2059 1650 2297 1722 ponitet
2317 1649 2497 1705 aliam
2529 1649 3023 1707 consolationem.

163 1738 292 1792 Ὀτι
318 1773 386 1780 -
415 1760 500 1814 με.
528 1741 649 1794 Ὀτι
680 1742 926 1794 ἀθετοῡσι
954 1744 1040 1792 τόν
1073 1739 1450 1794 ἀποστείλαντά
1478 1761 1558 1814 με,
1585 1761 1702 1795 του-

1883 1738 2050 1794 Vers.
2082 1743 2170 1793 2t.
2207 1739 2357 1804 Quia
2405 1769 2473 1779 —
2513 1753 2620 1794 me.
2678 1738 2830 1804 Quia
2881 1744 3275 1798 contemnunt
3328 1758 3468 1798 eum

82 1833 271 1881 τέστιν
299 1829 576 1905 ὑϐρίζουσι
597 1835 684 1882 καὶ
731 1833 818 1882 τόν
855 1834 1079 1902 Πατέρα.
1113 1834 1309 1882 Λοιπὸν
1345 1835 1517 1882 τοίνυν
1550 1829 1703 1902 ἀγαλ-

83 1917 284 1971 λιᾶσθε
312 1918 644 1992 ὑϐριζόμενοι
667 1921 780 1990 μεθ’
812 1922 979 1990 ἡμῶν.
1019 1917 1239 1971 Ἔπειτα
1276 1918 1554 1993 ἀποστερεῖ
1589 1925 1705 1980 τούς

87 2002 390 2070 Ἰουδαίους
447 2007 660 2068 ἂπάσης
718 2014 1033 2080 συγγνώμης
1101 2007 1548 2075 ἑθελοκακοῦντας,
1615 2014 1706 2062 καὶ

85 2104 321 2148 τοιαῦτα
351 2093 848 2169 διαπραττομένους.

169 2275 232 2328 Εἰ
262 2307 328 2316 --
374 2275 561 2329 αὐτῶν.
610 2274 671 2327 Εἰ
714 2279 785 2346 μὴ
839 2271 1063 2338 ἐδίδαξα
1106 2275 1295 2336 αύτούς
1324 2275 1582 2349 ἁμαρτίαν
1612 2276 1706 2328 ούκ

91 2362 268 2435 εἶχον,
325 2360 594 2423 διώκοντες
622 2368 712 2415 καὶ
751 2362 1047 2435 ὑϐρίζοντες
1077 2363 1163 2436 ἐμέ
1205 2384 1259 2416 τί
1286 2370 1374 2417 καὶ
1406 2366 1537 2436 ὑμᾶς
1585 2371 1709 2430 τοὺς

93 2452 280 2525 ἐμούς,
305 2455 372 2513 ὡς
401 2458 534 2524 μήτε
562 2458 638 2513 τίς
667 2451 773 2524 ἐίμι
801 2452 1034 2524 λέγοντα,
1067 2459 1198 2525 μήτε
1229 2452 1330 2506 ἀπὸ
1361 2463 1460 2506 τῶν
1492 2461 1706 2530 Γραφῶν

93 2548 254 2594 τοῦτο
283 2538 604 2596 δεικνύοντα.

170 2717 230 2771 Ὀ
291 2749 358 2759 -
407 2725 572 2791 μισεῖ.
635 2719 911 2791 Σαφηνίζει
962 2723 1052 2771 καὶ
1111 2719 1254 2782 αὔξει
1303 2725 1396 2778 τὴν
1448 2720 1706 2796 ἁμαρτιαν

97 2808 292 2879 αὐτῶν,
325 2807 483 2879 λέγων
532 2810 610 2860 ὃτι
647 2813 737 2861 καὶ
787 2811 817 2867 ἠ
855 2816 945 2860 τοῦ
989 2811 1112 2860 Υίοῦ
1161 2807 1326 2884 ὕϐρις,
1377 2818 1469 2862 τοῦ
1509 2817 1706 2886 Πατρός

97 2896 240 2950 ἔστιν
279 2895 448 2969 ὕϐρις.
500 2897 667 2950 Εἰπὼν
713 2894 772 2950 δὲ
818 2903 936 2972 περὶ
977 2906 1070 2960 τῆς
1123 2895 1475 2960 διδασκαλίας
1522 2901 1701 2971 αὑτοῦ,

95 2987 234 3058 λέγει
255 2992 344 3038 καὶ
373 2993 488 3059 περὶ
521 2995 620 3038 τῶν
656 2992 886 3058 σημείων
919 2987 1100 3042 αὐτοῦ.

1813 1828 1913 1899 qui
1938 1843 2032 1883 me
2063 1827 2432 1895 amandavit,
2460 1828 2576 1884 hoc
2597 1832 2707 1895 est,
2731 1827 2966 1884 Patrem
2988 1845 3233 1902 quoque
3263 1835 3470 1888 contu-

1816 1915 1993 1972 melia
2023 1915 2309 1972 aﬁciunt.
2353 1917 2612 1973 Gaudete
2642 1919 2842 1990 itaque
2899 1919 3217 1976 nobiscum
3275 1919 3469 1977 affecti

1814 2005 2190 2062 contumelia.
2226 2005 2367 2061 Post
2399 2006 2528 2061 haec
2571 2006 2805 2062 Judaios
2839 2008 3001 2063 omni
3038 2008 3234 2079 privat
3270 2009 3466 2076 venia,

1814 2094 1979 2167 quod
2011 2095 2085 2150 de
2116 2093 2407 2151 industria
2438 2110 2754 2168 perperam
2784 2096 3012 2168 operati
3035 2098 3168 2164 sint,
3212 2097 3470 2171 taliaque

1814 2185 2302 2256 perpetraverint.

1884 2274 2046 2328 Vers.
2078 2278 2166 2328 22.
2199 2273 2261 2328 Si
2289 2305 2354 2317 -—
2382 2289 2508 2330 suo.
2543 2275 2599 2331 Si
2637 2289 2760 2330 non
2791 2274 3135 2332 docuissem
3161 2291 3288 2342 eos,
3319 2290 3468 2348 pec-

1816 2367 2014 2418 catum
2048 2378 2164 2418 non
2195 2362 2486 2419 haberent
2529 2364 2949 2436 persequendo
2997 2381 3068 2420 ac
3105 2364 3472 2423 contumelia

1816 2451 2131 2507 efﬁciendo
2189 2456 2246 2506 et
2287 2467 2384 2507 me
2432 2457 2489 2507 et
2544 2468 2670 2519 vos,
2723 2453 2828 2524 qui
2877 2453 2994 2509 mei
3059 2454 3220 2522 estis,
3267 2458 3470 2527 utpote

1817 2556 1938 2598 non
1976 2541 2272 2597 dicentem
2329 2542 2464 2613 quis
2508 2555 2724 2611 essem,
2781 2556 2891 2598 nec
2956 2541 3020 2597 id
3069 2557 3106 2598 a
3161 2542 3472 2616 Scripturis

1817 2629 2246 2686 ostendentem.

1887 2719 2052 2774 Vers.
2071 2718 2159 2773 23.
2193 2719 2307 2786 Qui
2327 2749 2398 2759 —
2426 2718 2572 2774 odit.
2617 2717 2912 2790 Explanat
2937 2722 2994 2774 et
3041 2724 3219 2790 auget
3263 2736 3474 2792 pecca-

1817 2813 1943 2865 tum
1974 2807 2200 2863 illorum
2237 2807 2460 2874 dicens,
2488 2808 2654 2880 quod
2712 2809 2835 2864 Filii
2875 2809 3113 2879 injuria,
3158 2810 3346 2866 Patris
3383 2815 3472 2868 est

1815 2899 2058 2970 injuria.
2090 2899 2411 2970 Postquam
2443 2903 2644 2955 autem
2671 2898 2820 2955 dixit
2841 2900 2912 2956 de
2935 2899 3207 2957 doctrina
3228 2917 3357 2968 sua,
3391 2901 3471 2957 di-

1817 2989 1892 3044 cit
1920 2989 2098 3044 etiam
2125 2989 2197 3042 de
2229 2988 2417 3058 signis
2458 2989 2600 3043 suis.

177 3076 234 3127 Εἰ
285 3107 352 3114 -
402 3073 566 3146 εἶχον.
618 3080 718 3127 Καὶ
771 3079 928 3136 ὅντως
985 3075 1134 3127 αύτοὶ
1185 3078 1375 3128 τούτων
1430 3080 1701 3149 μάρτυρες,

1888 3078 2054 3132 Vers.
2087 3077 2176 3131 24.
2229 3045 2317 3132 διν
2345 3107 2417 3117 -—
2476 3076 2778 3132 haberent.
2833 3079 2900 3132 Et
2948 3093 3085 3133 vere
3133 3077 3248 3149 ipsi
3293 3082 3474 3135 testes

97 3164 332 3234 λέγοντες
375 3165 454 3214 ὅτι
486 3159 751 3215 Οὐδέποτε
778 3164 940 3225 οὕτως
965 3165 1122 3236 ἐφάνη
1170 3163 1219 3215 ἐν
1249 3173 1320 3235 τῷ
1353 3165 1585 3240 Ἰσραὴλ,
1617 3172 1707 3218 καὶ

100 3254 252 3324 ἕτερα
271 3259 505 3304 τοιαῦτα.

175 3344 281 3392 Νῦν
311 3371 378 3378 -
400 3339 681 3412 ἑωράκασι.
713 3343 790 3392 Τὰ
819 3348 1036 3393 τοιαῦτα
1063 3343 1202 3415 ἔργα.

179 3433 278 3481 Καὶ
318 3459 384 3468 -
414 3448 535 3500 μου.
580 3428 840 3503 Ἀνωτέρω
888 3432 989 3502 γὰρ
1036 3427 1193 3497 εἶπεν,
1250 3432 1329 3483 ὃτι
1375 3431 1434 3483 Ὀ
1464 3430 1550 3504 ἐμὲ
1593 3432 1706 3501 (37)

101 3525 271 3590 μισῶν
303 3517 415 3587 (38)
457 3522 546 3569 καὶ
589 3521 676 3569 τόν
724 3521 931 3591 Πατέρα
972 3539 1071 3591 μου
1119 3528 1282 3592 μισεῖ.
1334 3525 1434 3574 Καὶ
1473 3519 1707 3593 ἀλλαχοῦ

102 3605 255 3659 πάλιν
290 3626 302 3638 ·
335 3605 392 3657 Ὀ
418 3611 488 3692 μὴ
523 3615 685 3680 τιμῶν
716 3611 803 3660 τόν
832 3608 970 3671 Υἰον,
1003 3609 1062 3661 ού
1101 3615 1229 3681 τιμᾷ
1257 3613 1345 3662 τόν
1389 3613 1592 3684 Πατέρα
1618 3615 1706 3663 τόν

103 3694 382 3767 πέμψαντα
411 3695 584 3750 αὐτόν.

173 3784 313 3836 Ἀλλ’
368 3815 434 3824 -
493 3780 712 3858 δωρεάν.
756 3784 1035 3838 Κάνταῦθα
1081 3789 1140 3839 τό
1187 3786 1298 3840 Ἱνα
1343 3788 1436 3840 ούκ
1489 3789 1706 3842 αἰτιολο-

103 3876 271 3944 γικόν,
334 3871 461 3924 ἀλλὰ
519 3869 831 3939 δηλωτικὸν,
887 3883 978 3926 τοῦ
1050 3876 1334 3947 μέλλοντος,
1389 3879 1469 3930 ὅτι
1537 3878 1707 3950 μέλλει

106 3961 442 4032 πληρωθῆναι
486 3963 512 4012 ό
564 3962 716 4034 λόγος
772 3959 937 4025 οὗτος.
986 3969 1158 4037 Νόμον
1211 3962 1270 4019 δὲ
1316 3967 1452 4037 λέγει
1488 3973 1582 4026 τὴν
1623 3967 1707 4041 βί-

109 4048 224 4101 ϐλον
261 4057 358 4100 τῶν
411 4051 632 4122 Ψαλμῶν
689 4053 738 4102 ἐν
881 4055 1190 4128 γέγραπται,
1247 4057 1323 4107 ὅτι
1377 4061 1478 4108 Καὶ
1537 4057 1708 4128 λόγοις

108 4143 290 4210 μίσους
355 4136 650 4190 ἐκύκλωσάν
707 4159 788 4212 με,
847 4147 937 4193 καὶ
991 4141 1312 4216 ἐπολέμησάν
1373 4164 1436 4216 με
1484 4142 1704 4218 δωρεάν,

109 4226 397 4298 Ἐμίσησαν
454 4223 541 4279 οὖν
599 4228 753 4280 αὐτόν
813 4225 1030 4303 δωρεὰν,
1086 4235 1204 4290 ἤτοι
1255 4234 1445 4304 μάτην,
1501 4231 1707 4287 ἀνευλό-

105 4335 205 4387 γως
229 4315 361 4386 (39),
395 4312 486 4367 διὰ
513 4320 606 4375 τὴν
640 4323 890 4392 πονηρίαν
913 4319 1099 4376 αὐτῶν.

176 4402 282 4457 Ἵνα
312 4401 371 4457 δὲ
415 4410 487 4477 μὴ
537 4409 751 4460 εἵπωσιν
799 4411 848 4460 οἱ
893 4408 1212 4462 ἀπόστολοι·
1268 4409 1328 4462 Εἰ
1378 4413 1434 4462 σὲ
1486 4408 1704 4474 ἐδίωξαν

107 4497 196 4544 καὶ
233 4497 316 4544 τόν
365 4493 516 4565 λόγον
570 4514 664 4547 σου
713 4496 807 4548 ούκ
865 4495 1144 4572 ὶτήρησαν,
1189 4499 1232 4550 εἰ
1279 4506 1496 4550 τοιαῦτα
1541 4495 1704 4550 διδα-

110 4582 317 4652 χθέντες
355 4587 445 4634 καὶ
486 4592 707 4637 τοιαῦτα
735 4585 1016 4660 ἑωρακότες
1046 4583 1197 4640 οὐδὲν
1239 4585 1525 4658 ἁπῶναντο,
1574 4587 1617 4640 εἰ
1648 4591 1705 4640 σε

109 4673 197 4720 καὶ⁵
243 4673 330 4721 τόν
384 4676 591 4745 Πατέρα
653 4693 746 4726 σου
805 4679 1150 4747 μεμισήκασι,
1205 4675 1450 4748 μέλλουσι
1499 4673 1558 4729 δὲ
1611 4680 1701 4729 καὶ

113 4757 183 4819 εἰς
243 4760 376 4830 ἡμᾶς
452 4764 519 4814 τὰ
574 4764 728 4835 ὃμοια
799 4760 1150 4830 ἐνδείξασθαι,
1214 4770 1347 4826 τίνος
1410 4767 1567 4819 ἕνεκεν
1637 4767 1704 4826 εἰς

110 4849 370 4912 τοιούτους
449 4848 780 4912 ἀποστέλλεις
871 4854 1068 4924 ἡμᾶς;
1151 4855 1367 4926 Ἐπάγει
1458 4873 1702 4927 παραμυ-

184 5037 204 5071 ³
230 5030 424 5093 Matth.
449 5044 507 5096 Χ,
541 5031 633 5088 ‘25.
744 5032 765 5066 ⁹
797 5031 994 5089 Matth.
1025 5047 1098 5103 ix,
1126 5035 1214 5090 33.

1329 5035 1376 5071 1ο
1404 5035 1575 5091 Joan.
1595 5051 1688 5091 xv.
1716 5035 1805 5092 23.

1818 3170 1985 3220 erant
2010 3165 2278 3219 dicentes
2303 3180 2317 3218 :
2339 3164 2662 3234 Nunquam
2683 3164 2966 3233 apparuit
3009 3165 3176 3221 sicin
3208 3165 3398 3222 Israel
3423 3167 3468 3231 ’,

1815 3253 2053 3325 aliaque
2075 3253 2311 3307 similia.

1886 3344 2048 3396 Vers.
2075 3344 2163 3396 24.
2195 3341 2370 3396 Nunc
2402 3371 2471 3381 —
2517 3341 2814 3397 viderunt.
2861 3339 3214 3412 Hujusmodi
3263 3357 3468 3414 opera.

1885 3431 2047 3485 Vers.
2079 3431 2167 3484 24.
2199 3430 2274 3484 E’t
2305 3460 2356 3470 —
2405 3444 2618 3485 meum.
2645 3427 2930 3500 Superius
2973 3445 3238 3502 namque
3281 3430 3467 3488 dixit:

1815 3519 1926 3586 Qui
1947 3534 2039 3575 me
2067 3519 2211 3585 odit,
2237 3517 2288 3572 is
2313 3525 2367 3574 et
2399 3520 2637 3574 Patrem
2676 3532 2863 3573 meum
2908 3517 3032 3574 odit
3094 3520 3159 3572 ίο.
3223 3521 3289 3575 Et
3340 3535 3469 3575 rur-

1815 3623 1950 3663 sum
1979 3606 2124 3663 alibi
2151 3626 2165 3666 :
2202 3606 2312 3672 Qui
2338 3623 2459 3663 non
2487 3606 2742 3663 honorat
2775 3606 3016 3674 Filium,
3054 3623 3176 3664 non
3220 3607 3472 3666 honorat

1815 3698 2065 3762 Patrem,
2096 3697 2202 3767 qui
2228 3696 2385 3752 misit
2412 3696 2586 3751 illum
2615 3696 2684 3751 ¹¹.

1885 3788 2047 3842 Vers.
2072 3787 2159 3840 25.
2219 3785 2332 3842 Sed
2373 3815 2439 3824 —
2490 3784 2694 3855 gratis.
2746 3785 2934 3841 Etiam
2993 3785 3089 3842 hic
3149 3786 3326 3844 dictio
3381 3793 3467 3852 ut,

1815 3893 1936 3933 non
1989 3881 2076 3932 est
2131 3874 2409 3939 causalis,
2435 3875 2540 3929 sed
2591 3874 2771 3930 futuri
2833 3875 3246 3946 signiﬁcativa,
3305 3877 3472 3950 quod

1813 3966 2081 4022 futurum
2112 3966 2205 4031 sit,
2239 3969 2305 4020 ut
2322 3964 2419 4020 hic
2441 3980 2639 4020 sermo
2665 3964 3058 4036 compleatur.
3092 3966 3308 4036 Legem
3332 3982 3472 4022 vero

1813 4056 1953 4111 dicit
1986 4055 2201 4110 librum
2233 4053 2646 4117 Psalmorum,
2677 4053 2739 4107 in
2770 4069 2892 4125 quo
2924 4054 3212 4125 scriptum
3241 4059 3327 4109 est
3354 4072 3366 4109 :
3393 4055 3471 4110 Et

1812 4143 2179 4200 sermonibus
2210 4143 2331 4197 odii
2356 4142 2873 4197 circumdederunt
2901 4157 2991 4198 me
3015 4149 3066 4197 et
3095 4157 3473 4212 oppugnave—

1814 4239 1958 4289 runt
1995 4249 2084 4288 me
2107 4231 2293 4302 gratis
2324 4233 2393 4282 ¹².
2445 4231 2708 4286 Oderunt
2732 4245 2875 4298 ergo
2919 4229 3083 4284 illum
3135 4230 3321 4299 gratis
3348 4231 3471 4288 sive

1737 4305 1782 4358 D
1815 4321 2057 4386 frustra,
2086 4321 2318 4390 absque
2339 4318 2589 4381 ratione,
2644 4323 2886 4389 propter
2937 4334 3104 4373 suam
3154 4319 3468 4376 malitiam.

1888 4411 1968 4464 Ne
1995 4413 2194 4463 autem
2221 4406 2423 4461 dicant
2449 4404 2697 4476 apostoli
2729 4422 2742 4460 :
2772 4406 2830 4460 Si
2890 4410 2941 4460 te
2969 4407 3259 4477 persecuti
3309 4413 3465 4476 sunt,

1815 4503 1873 4554 et
1927 4511 2264 4552 sermonem
2323 4500 2492 4549 tuum
2542 4508 2665 4549 non
2719 4500 3108 4551 servaverunt
3169 4511 3182 4560 ;
3236 4496 3284 4550 si
3341 4512 3471 4551 cum

1817 4587 1957 4643 talia
2012 4585 2207 4640 edocti
2263 4589 2419 4649 sunt,
2475 4583 2735 4655 taliaque
2800 4583 3094 4649 viderunt,
3156 4584 3302 4640 nihil
3357 4585 3472 4640 illis

1814 4675 2028 4749 profuit
2082 4674 2178 4740 ;si
2227 4679 2282 4728 te
2337 4678 2394 4729 et
2439 4673 2670 4728 Patrem
2726 4677 2893 4728 tuum
2947 4674 3220 4740 oderunt,
3256 4675 3474 4733 similia

1811 4781 2054 4838 quoque
2077 4763 2402 4818 adversum
2420 4777 2532 4816 nos
2552 4761 3065 4829 demonstrabunt,
3085 4778 3271 4834 quam
3293 4763 3474 4834 igitur

1813 4854 1892 4912 ob
1931 4868 2180 4908 causam
2211 4851 2290 4908 ad
2325 4849 2474 4907 tales
2530 4864 2642 4906 nos
2694 4850 2928 4907 mittis?
2982 4850 3211 4908 inducit
3258 4867 3475 4909 conso-

1938 5034 1979 5069 ¹¹
2006 5032 2176 5088 Joan.
2209 5049 2263 5099 v,
2295 5035 2384 5087 23.
2502 5031 2564 5084 12
2608 5028 2757 5085 Psal.
2792 5047 2942 5098 cvm,
2972 5034 3025 5086 2.

1315 5186 1539 5257 Variae
1587 5185 1914 5257 lectiones
1956 5195 2021 5254 et
2060 5195 2263 5252 notae.

205 5355 290 5421 37)
329 5360 514 5406 Μισῶν
543 5350 650 5424 ἐμέ.
684 5359 749 5409 Δ.

184 5424 294 5553 (ea!
302 5425 423 5552 1,Ηὶιι
448 5424 616 5480 addit
639 5424 850 5492 codex,
872 5427 939 5481 A.
963 5434 1130 5498 μισεῖ.
1155 5426 1338 5485 Paulo
1363 5433 1492 5501 post
1517 5431 1712 5486 autem

113 5513 229 5557 omn
281 5513 298 5552 ι
328 5539 342 5552 .

186 5674 300 5749 (qq)
346 5675 418 5734 Ut
447 5707 513 5716 —
552 5675 621 5732 si.
653 5675 983 5747 Siquidem.

429 5776 660 5831 PATROL.
704 5774 808 5830 Gn.
845 5775 1086 5833 CXXIX.

1893 5357 2006 5429 (39)
2041 5354 2363 5429 Hentenius
2404 5354 2649 5429 fortasse
2703 5353 2922 5429 reperit
2977 5372 3093 5406 ανευ
3141 5353 3316 5427 λόγου,
3358 5352 3477 5412 Sed

1823 5425 1940 5485 hoc
1965 5425 2209 5500 quoque
2239 5427 2494 5499 probum
2524 5425 2564 5481 i.
2587 5441 2639 5481 e.
2664 5427 2757 5477 οὑκ
2787 5425 3024 5498 εὐλόγως.
