4076 6430
81 330 245 398 4424

1145 325 1509 396 COMMENT.
1550 337 1622 394 IN
1658 333 2004 393 JOANNEM.
2040 369 2110 378 _
2139 335 2294 392 CAP.
2336 315 2490 392 xvi.

3354 313 3496 398 tm

179 471 300 521 Καὶ
331 497 397 507 -
425 465 532 538 ἐμί.
584 465 657 518 Δι’
688 463 774 526 οὓς
802 472 971 517 ταῦτα
1009 465 1398 524 ύποστὰσεσθε.
1443 468 1543 518 Καὶ
1582 461 1731 538 ἀρκεῖ

1917 463 2079 518 Vers.
2134 465 2186 518 3.
2213 462 2285 518 Et
2309 489 2378 506 -α
2432 477 2542 519 me.
2596 462 2842 536 Propter
2889 464 3046 536 quos
3082 461 3211 528 hmo
3241 461 3496 520 sustine-

88 559 234 629 ὑμῖν
284 557 353 616 εἰς
385 555 715 630 παράκλησιν
748 558 805 607 τό
841 552 912 607 δι’
941 557 1081 627 ἡμᾶς
1111 563 1278 606 ταῦτα
1307 557 1557 626 πάσχειν.
1616 553 1727 606 Ούκ

88 649 356 717 ἔγνωσαν
388 642 449 698 δε
472 649 556 698 τόν
593 650 798 717 Πατέρα
849 641 972 697 ούδε
1013 643 1099 717 ἐμὲ
1147 644 1364 714 ἑκόντες,
1397 646 1462 704 ὡς
1491 643 1726 697 ἐθελοκα-

91 743 349 796 κοῡντες.

179 914 354 967 Ἀλλά
384 946 440 954 -
468 916 609 986 ύμῖν.
637 913 768 976 Ὶνα,
797 915 916 965 ὅταν
948 912 1067 984 ἔλθῃ
1099 913 1124 963 ό
1165 915 1350 984 καιρός
1379 919 1473 973 τῆς
1505 908 1730 974 διώξεως

97 1009 202 1055 καὶ
233 1003 553 1076 ἀναιρέσεως
591 1005 753 1074 ὑμῶν,
788 1004 1142 1075 μνημονεύητε
1188 1001 1354 1053 αὐτῶν
1393 1002 1461 1051 ὧν
1503 998 1569 1058 δὴ
1613 1001 1728 1070 (44)

97 1092 383 1149 λελάληκα
430 1094 573 1164 ὑμῖν,
605 1096 766 1163 ἤγουν
799 1093 882 1142 ῖνα
945 1093 1298 1163 μνημονεύητε
1353 1092 1432 1142 ὅτι
1462 1089 1563 1161 ἐγώ
1590 1085 1731 1141 εἶπον

101 1183 241 1252 ὑμῖν
269 1183 463 1246 πάντα,
497 1184 567 1242 ὡς
597 1183 768 1233 πάντα
807 1176 976 1245 εἲδὼς,
1027 1184 1118 1231 καὶ
1145 1181 1228 1231 ἱνα
1259 1182 1359 1231 ἀπό
1398 1187 1488 1239 τῆς
1515 1177 1733 1238 ἀληθοῦς

101 1273 549 1342 προαγορεύσεως
578 1278 677 1322 τῶν
710 1271 822 1341 (45)
855 1271 1178 1343 σκυθρωπῶν
1221 1269 1427 1338 ἡγῆσθέ
1451 1287 1514 1340 με
1544 1271 1732 1319 πιστόν

99 1364 204 1411 καὶ
233 1357 324 1411 ἐπὶ
371 1367 484 1419 ταῖς
519 1357 735 1430 ἀγαθαῖς
765 1357 1112 1429 ἐπαγγελίαις.
1153 1357 1211 1409 Ὀ
1269 1360 1370 1431 γὰρ
1429 1355 1637 1408 ἀπατῶν
1673 1355 1731 1408 ού

102 1447 366 1521 προλέγει
396 1451 462 1500 τὰ
493 1446 760 1518 ἀπάγοντα
783 1455 878 1509 τῆς
906 1448 1023 1518 (46)
1062 1445 1283 1510 ἀπάτης,
1318 1443 1447 1497 ἀλλά
1498 1449 1633 1517 μόνα
1668 1446 1734 1497 τά

103 1537 355 1591 ἕλκοντα.

184 1723 374 1769 Ταῦτα
412 1712 471 1770 δὲ
501 1721 590 1768 καὶ
640 1718 704 1768 τά
735 1723 952 1767 τοιαῦτα
1004 1723 1233 1786 συνεχῶς
1278 1713 1452 1775 αὐτοῖς
1492 1713 1731 1784 ἐπιλέγει,

112 1808 225 1872 ἱνα,
265 1807 390 1857 ὅταν
419 1807 680 1877 πάσχωσι
709 1809 780 1876 μὴ
838 1806 1177 1877 θορύϐωνται,
1210 1800 1508 1875 προειδότες
1562 1809 1731 1867 τοῦτο,
1763 1820 1804 1873 Β

114 1890 268 1963 μηδὲ
299 1893 695 1965 μαλακίζωνται
731 1899 1075 1965 γινώσκοντες
1109 1895 1188 1944 ὅτι
1221 1889 1314 1944 diu
1343 1895 1428 1942 τὸν
1457 1894 1585 1943 Θεὸν
1638 1893 1734 1942 πά-

119 1985 514 2054 σχουσι.Μέγα
539 1986 640 2057 γὰρ
671 1985 939 2056 φάρμακον
971 1981 1018 2032 ἐν
1046 1990 1153 2042 τοῖς
1183 1982 1308 2054 ὑπὲρ
1333 1989 1519 2054 αρετῆς
1542 1979 1728 2051 ἀγῶσι,

121 2075 186 2123 τό
219 2079 502 2142 γινώσκειν
533 2073 660 2144 ὑπὲρ
714 2077 850 2131 τίνος
890 2073 914 2122 ό
944 2069 1101 2141 ἀγών.
1159 2075 1258 2122 Καὶ
1301 2072 1434 2142 ἡμᾶς
1466 2065 1573 2136 οὖν,
1606 2071 1732 2143 ὑπὲρ

121 2159 293 2211 καλοῦ
325 2162 657 2231 πάσχοντας,
682 2161 1093 2233 παραμυθείσθω
1114 2179 1168 2210 το
1197 2165 1471 2229 γινώσκειν
1497 2160 1576 2209 ὃτι
1606 2159 1732 2231 ὑπὲρ

122 2249 293 2300 καλοῦ
321 2251 600 2321 πάσχομεν
632 2268 644 2281 ο
681 2249 724 2300 εἰ
768 2251 869 2321 γὰρ
902 2250 1028 2320 ὑπὲρ
1061 2247 1334 2319 ἀγαπητοῦ
1384 2267 1458 2307 τις
1508 2249 1734 2318 πάσχων

124 2342 336 2412 χαίρει,
401 2337 570 2407 πολλῷ
627 2336 817 2409 μᾶλλον
874 2339 1001 2410 ύπὶρ
1075 2344 1167 2388 τοῦ
1233 2343 1366 2390 Θεοῦ
1441 2341 1530 2387 καὶ
1607 2337 1732 2407 ὑπὲρ

126 2425 289 2499 ἀρετῆ
303 2446 344 2486 ς.

199 2521 384 2566 Ταῦτα
415 2544 484 2554 -
522 2517 684 2585 ἤμην.
724 2514 845 2568 Ὀτι
897 2515 1011 2585 μεθ’
1057 2515 1200 2586 ὑμῶν
1248 2517 1338 2565 καὶ
1377 2514 1471 2566 οὐκ
1509 2512 1735 2586 ἐμέλλετε

126 2603 267 2655 οὕτω
289 2605 491 2669 παθεῖν,
526 2604 618 2665 ἕως
650 2604 764 2676 μεθ’
794 2605 934 2675 ὑμῶν
965 2606 1123 2672 ἥμην.
1157 2609 1264 2655 Νῦν
1293 2599 1350 2654 δὲ
1387 2610 1550 2654 ταῦτα
1580 2601 1730 2673 λέγω,

127 2687 273 2744 διότι
304 2693 796 2765 χωρίζομαιύμών,
853 2696 945 2742 καὶ
1004 2690 1303 2762 ἐγγίζουσιν
1351 2687 1460 2748 ἤδη
1493 2693 1558 2742 τά
1589 2687 1734 2742 δεινά

129 2781 276 2852 ὑμῖν,

204 2875 305 2922 Καὶ
357 2874 460 2941 μὴν
504 2875 594 2921 καὶ
633 2868 686 2932 ἐξ
715 2868 912 2944 ἀρχῆς,
953 2870 1035 2920 ὅτε
1101 2867 1332 2921 ἐκάλεσεν
1391 2867 1595 2932 αύτούς,
1645 2872 1734 2919 καὶ

126 2957 227 3031 [εἰς
277 2958 394 3030 (47)
449 2957 744 3019 ἀποστοξὴν
797 2957 1016 3024 ἔταξεν,]
1075 2953 1210 3008 εἶπεν
1270 2957 1441 3016 αὐτοῖς
1481 2957 1592 3027 (48)
1654 2957 1735 3007 ὅτι

133 3044 275 3100 Ἰδού
329 3046 428 3117 ἐγὼ
472 3045 766 3097 ἀποστέλλω
851 3047 980 3115 ὑμᾶς
1051 3047 1117 3104 ὡς
1190 3043 1430 3116 πρόϐατα
1483 3043 1530 3094 ἐν
1594 3049 1735 3113 μέσῳ

131 3136 300 3187 λύκων
356 3152 368 3164 ·
411 3139 500 3186 xui
543 3137 623 3185 ὅτι
678 3131 1097 3207 Παραόώσουσιν
1151 3134 1282 3203 ὑμᾶς
1342 3133 1412 3191 εἰς
1466 3128 1714 3202 συνέδρια

137 3229 226 3275 καὶ
317 3222 364 3273 ἐν
439 3230 556 3284 ταῖς
645 3229 978 3292 συναγωγαῖς
1053 3220 1219 3271 αὐτῶν
1307 3225 1737 3292 μαστιγώσουσιν

141 3312 344 3384 [ὑμᾶς’
405 3312 516 3382 (49)
580 3315 670 3362 καὶ
731 3313 810 3362 ότι
865 3310 980 3362 Ἐπὶ
1044 3311 1301 3381 ἡγεμόνας
1353 3313 1438 3360 καὶ
1501 3307 1740 3380 βασιλεῖς

141 3399 447 3468 ἀχθήσεσθε
498 3401 657 3452 ἕνεκεν
708 3397 873 3470 ἐμοῦ.
907 3404 996 3451 καὶ
1061 3400 1142 3450 ὅτι
1184 3397 1404 3450 Ἐσεσθε
1433 3401 1740 3469 μισούμενοι

141 3489 240 3539 ύπό
269 3491 468 3540 πάντων
516 3485 609 3540 διά
642 3491 700 3540 τό
750 3489 910 3561 ὄνομά
939 3507 1040 3559 μου
1071 3507 1082 3519 ο
1116 3493 1206 3538 καὶ
1244 3489 1322 3538 ὅτι
1379 3491 1461 3544 Μὴ
1511 3485 1740 3559 φοϐῆσθε

143 3575 242 3628 ἀπό
296 3586 394 3628 τῶν
425 3576 827 3630 ἀποκτεινόντων
867 3581 924 3629 τό
959 3585 1110 3649 σῶμα
1143 3593 1154 3604 ·
1185 3581 1200 3642 ]
1241 3581 1330 3627 καὶ
1376 3576 1536 3628 πολλά
1564 3584 1737 3628 τοιαῦ-

143 3685 225 3720 τα.

215 3763 328 3817 Πῶς
356 3753 442 3808 οὖν
474 3752 609 3808 εἶπεν
640 3758 720 3808 ὅτι
753 3763 932 3808 Ταῦτα
971 3757 1091 3827 ύμῖν
1123 3754 1176 3818 ἐξ
1229 3754 1406 3830 ἀρχῆς
1435 3754 1527 3807 οῦκ
1555 3751 1692 3807 εἶπον
1721 3770 1735 3819 ;

145 3850 282 3897 Διότι
304 3844 524 3897 ἐνταῦθα
550 3849 606 3896 τὸ
633 3853 810 3897 Ταῦτα
847 3846 994 3918 ἕτερα
1030 3846 1149 3920 παρ’
1182 3844 1347 3898 ἐκεῖνα
1403 3841 1576 3907 δηλοῖ,
1607 3849 1738 3916 φημὶ

148 3932 214 3991 δὴ
246 3939 300 3985 τό
331 3952 343 3963 ·
375 3934 511 3986 Ἀλλ’
564 3937 777 4005 ἔρχεται
827 3935 955 4008 ὥρα,
1010 3937 1171 3986 εἷτουν
1220 3934 1449 4005 Ἐγγίζει
1478 3953 1490 3966 ·
1520 3939 1610 3986 καὶ
1630 3939 1685 3986 τό
1721 3950 1734 3964 ·

147 4022 254 4074 Ἲνα
280 4029 379 4082 πᾶς
409 4024 434 4074 ό
466 4021 769 4084 ἀποκτείνας
807 4024 937 4095 ὑμᾶς
958 4020 1110 4096 [δόξῃ
1164 4024 1281 4093 (50)
1312 4023 1546 4096 λατρείαν
1573 4043 1738 4097 προσ-

152 4117 310 4186 φέρειν
336 4121 407 4183 τῷ
436 4112 588 4182 Θεῷ.]
614 4118 794 4164 Ταῦτα
837 4115 938 4187 γὰρ
979 4119 1065 4164 νῦν
1112 4109 1244 4164 εἶπεν
1286 4113 1476 4176 αὐτοῖς,
1521 4112 1741 4185 φοϐερώ-

151 4219 268 4273 τερα
295 4200 494 4253 ἐκείνων
522 4205 660 4255 ὄντα.

224 4297 324 4342 Νῦν
382 4322 448 4330 -
503 4289 717 4361 ὑπάγεις
773 4307 786 4356 ;
838 4287 986 4342 Ἰδὼν
1038 4290 1229 4352 αὐτοὺς
1289 4289 1445 4349 οὕτως
1496 4289 1596 4340 ύπό
1653 4296 1744 4349 τῆς

1833 1098 2046 1156 eorum
2074 1099 2211 1155 quae
2252 1083 2522 1140 videlicet
2550 1085 2788 1143 locutus
2813 1102 2947 1142 sum
2978 1086 3144 1142 vobis

1719 3173 1734 3196 ’
1773 3172 1810 3224 (ἶ

1835 550 1974 606 bitis
2006 569 2017 606 :
2053 557 2108 606 et
2149 551 2288 606 satis
2327 555 2414 606 est
2459 550 2628 606 vobis
2685 552 2761 608 ad
2806 550 3301 618 consolationem,
3335 550 3497 623 quod

1833 639 1963 694 huic
1996 644 2234 711 propter
2263 655 2376 694 nos
2415 640 2744 710 patiamini.
2784 641 2923 696 Non
2954 645 3244 697 noverunt
3297 644 3496 697 autem

1836 731 2101 792 Patrem,
2133 743 2320 799 neque
2343 743 2452 793 me,
2502 727 2678 801 idque
2704 729 3052 798 voluntarie,
3097 734 3308 802 sponte
3335 729 3498 788 vide-

1837 817 1972 874 licet
2033 817 2325 874 deteriora
2378 820 2692 874 sectantes.
3469 859 3472 866 .

1908 907 2066 961 Vers.
2120 908 2176 962 4.
2206 904 2318 961 Sed
2342 937 2409 946 —
2439 906 2617 962 vobis.
2681 909 2768 977 Ut,
2799 923 2934 963 cum
2971 907 3200 964 venerit
3256 911 3494 980 tempus

1839 994 2264 1067 persecutionis
2339 1010 2410 1050 ac
2479 997 2682 1050 mortis
2747 1001 2972 1063 vestrae,
3025 996 3496 1053 reminiscamini

3189 1102 3202 1140 :
3244 1087 3387 1152 sive,
3429 1089 3494 1142 ut

1841 1173 2252 1238 recordemini,
2287 1173 2452 1246 quod
2506 1189 2618 1243 ego
2668 1175 3043 1247 prmdixerim
3091 1175 3262 1231 vobis
3291 1175 3498 1240 omnia

1841 1269 2131 1334 tanquam
2181 1264 2461 1320 universa
2516 1279 2887 1334 cognoscens
2921 1283 2934 1321 :
2967 1270 3024 1321 et
3055 1270 3118 1322 ut
3153 1280 3190 1322 a
3220 1281 3360 1322 vera
3399 1265 3498 1322 tri-

1843 1351 2024 1406 stium
2057 1353 2574 1423 prae-nuntiatione,
2605 1352 2846 1409 ﬁdelem
2877 1370 2974 1410 me
3001 1353 3280 1412 habeatis
3309 1354 3494 1411 etiam

1841 1441 1901 1496 in
1925 1441 2220 1496 bonorum
2254 1442 2769 1514 promissionibus.
2787 1443 2936 1499 Nam
2961 1443 3243 1516 deceptor
3273 1443 3496 1517 (tt)non

1843 1541 1914 1581 ea
1942 1525 2228 1597 praedicit,
2269 1543 2406 1598 quia
2436 1542 2475 1582 a
2501 1527 2854 1600 deceptione
2900 1527 3233 1596 abducunt,
3288 1528 3396 1586 sed
3425 1544 3497 1586 ea

1841 1619 2072 1670 tantum
2103 1630 2233 1687 quae
2263 1615 2584 1670 attrahunt.
3480 1669 3482 1673 ,

1915 1703 2048 1758 Haec
2080 1719 2216 1758 vero
2247 1710 2303 1760 et
2341 1704 2556 1760 similia
2600 1704 2937 1778 frequenter
2960 1705 3044 1762 eis
3082 1705 3355 1774 inculcat,
3408 1711 3492 1773 ut,

1841 1791 1987 1847 dum
2015 1793 2173 1863 passi
2205 1793 2440 1858 fuerint,
2465 1809 2586 1848 non
2609 1793 2935 1858 turbentur,
2966 1811 3104 1851 cum
3121 1796 3236 1852 hoc
3257 1797 3498 1868 praesci-

1842 1883 2030 1938 verint
2069 1899 2083 1938 :
2118 1899 2309 1954 neque
2346 1889 2688 1955 torpescant
2731 1884 3000 1950 scientes,
3051 1887 3215 1958 quod
3254 1892 3498 1959 propter

1843 1973 2032 2028 Deum
2066 1973 2303 2044 passuri
2343 1975 2476 2028 sint.
2519 1975 2796 2044 Magnum
2831 1975 3130 2047 siquidem
3161 1976 3496 2034 remedium

1844 2068 1928 2116 est
1959 2062 2049 2116 his
2075 2061 2180 2134 qui
2213 2078 2319 2132 pro
2361 2063 2568 2118 virtute
2599 2063 2918 2135 decertant,
2983 2081 3342 2136 cognoscere
3386 2081 3496 2138 pro

1842 2166 1965 2222 quo
2005 2151 2077 2205 sit
2102 2156 2423 2206 certamen.
2458 2154 2526 2206 Et
2553 2151 2730 2208 nobis
2769 2168 2910 2224 ergo
2940 2168 3050 2224 pro
3093 2154 3350 2212 honesto
3389 2169 3499 2227 pa-

1845 2239 2124 2294 tientibus
2149 2241 2540 2296 consolationi
2562 2241 2653 2306 sit,
2681 2256 3044 2312 cognoscere
3062 2243 3231 2316 quod
3252 2259 3360 2315 pro
3390 2244 3498 2300 ho-

1843 2334 2012 2384 nesto
2036 2328 2165 2400 (uu)
2205 2330 2488 2400 patimur.
2529 2331 2680 2386 Nam
2707 2330 2754 2385 si
2793 2346 2903 2403 pro
2942 2330 3154 2388 dilecto
3209 2333 3345 2405 quis
3377 2333 3499 2406 pati

1845 2416 2085 2486 gaudet,
2122 2417 2308 2474 multo
2340 2419 2537 2489 magis
2563 2434 2672 2492 pro
2703 2423 2820 2476 Deo
2859 2424 2914 2476 et
2945 2435 3054 2492 pro
3084 2421 3322 2478 virtute.

1916 2507 2074 2561 Vers.
2106 2507 2158 2559 4.
2200 2507 2336 2563 Hac
2365 2539 2435 2548 —
2463 2524 2653 2566 eram.
2706 2510 2850 2574 Quia
2891 2509 3198 2566 vobiscum
3235 2526 3402 2568 eram
3441 2515 3498 2569 et

1843 2595 1924 2651 ita
1964 2597 2202 2666 passuri
2233 2612 2354 2652 non
2386 2598 2580 2664 eratis,
2613 2598 2883 2671 quandiu
2929 2599 3240 2656 vobiscum
3279 2616 3496 2658 essem.

1845 2687 2008 2740 Nunc
2039 2692 2239 2742 autem
2279 2687 2407 2742 haec
2445 2687 2602 2754 dico,
2655 2687 2799 2760 quia
2828 2704 3074 2761 separor
3110 2707 3146 2745 a
3194 2689 3389 2756 vobis,
3440 2693 3499 2747 et

1836 2772 1963 2845 jam
1993 2774 2218 2831 instant
2243 2775 2416 2831 vobis
2439 2777 2720 2848 pericula.

1915 2864 2091 2935 Atqui
2122 2864 2302 2920 etiam
2342 2865 2419 2920 ab
2447 2865 2638 2932 initio,
2682 2881 2821 2922 cum
2869 2867 3108 2924 vocavit
3160 2883 3286 2938 eos,
3337 2873 3393 2925 et
3438 2869 3499 2925 in

1845 2953 2249 3022 apostolatum
2281 2954 2601 3018 ordinavit,
2635 2955 2776 3010 dixit
2816 2956 2902 3010 eis
2934 2973 2947 3010 :
2999 2959 3135 3014 Ecce
3183 2973 3288 3028 ego
3331 2960 3499 3014 mitto

1847 3053 1965 3104 vos,
2016 3046 2296 3112 tanquam
2326 3058 2458 3098 oves
2488 3043 2546 3096 in
2584 3043 2769 3099 medio
2797 3045 3075 3112 luporum
3106 3047 3174 3098 ¹⁴.
3206 3049 3272 3102 Et
3302 3065 3316 3099 :
3356 3047 3499 3102 Tra-

1846 3129 1983 3184 dent
1997 3145 2090 3184 vos
2107 3131 2188 3186 ad
2204 3133 2478 3200 concilia,
2494 3138 2548 3188 et
2563 3131 2622 3187 in
2637 3134 2956 3203 synagogis
2976 3136 3100 3190 suis
3120 3135 3502 3192 verberabant

1847 3235 1967 3288 vos,
1993 3223 2044 3274 et
2069 3219 2150 3273 ad
2188 3233 2352 3288 reges
2382 3227 2434 3274 et
2483 3221 2759 3288 praesides
2791 3222 3091 3278 ducemim’
3132 3229 3374 3292 propter
3409 3240 3502 3281 me

1847 3313 1901 3368 et
1951 3308 2113 3364 eritis
2167 3307 2297 3364 odio
2351 3308 2542 3364 habili
2563 3309 2632 3363 ab
2679 3309 2945 3366 omnibus
2985 3317 3232 3382 propter
3288 3328 3499 3368 nomen

1846 3413 2034 3455 meum
2069 3398 2135 3450 η.
2173 3400 2434 3469 Itemque
2466 3414 2476 3451 :
2511 3399 2602 3453 Ne
2620 3397 2768 3453 vobis
2801 3400 2878 3455 ab
2908 3400 2999 3456 his
3042 3401 3369 3467 timueritis,
3401 3417 3504 3472 qus

1848 3488 2124 3546 occidunt
2156 3501 2370 3557 corpus
2403 3489 2469 3552 ¹⁶,
2513 3504 2582 3543 ac
2609 3487 2797 3546 multa
2821 3489 3184 3560 hujusmodi.

1921 3753 2238 3821 Quomodo
2263 3771 2406 3826 ergo
2435 3755 2516 3812 ait
2543 3769 2555 3808 :
2584 3754 2720 3812 Haec
2745 3756 2906 3813 vobis
2924 3757 2994 3814 ab
3008 3757 3307 3816 initionon
3323 3759 3455 3817 dixi
3471 3759 3504 3815 9

1848 3846 2000 3911 Quia
2015 3844 2196 3900 dictio
2213 3845 2356 3915 haec,
2376 3845 2436 3899 in
2472 3846 2740 3916 praesenti
2786 3846 2904 3903 alia
2919 3848 2998 3904 ab
3020 3848 3132 3904 illis
3162 3848 3456 3919 signiﬁcat
3487 3865 3500 3904 :

1848 3935 1983 3990 dico
2013 3949 2177 3998 sane,
2207 3933 2314 3989 sed
2345 3934 2509 3990 Venit
2541 3934 2665 3989 sive
2681 3937 3132 4008 appropinquat
3163 3945 3407 4008 tempus,
3437 3947 3501 3995 ut

1851 4024 2114 4096 quisquis
2133 4023 2496 4093 interfecerit
2518 4040 2633 4090 vos,
2664 4025 2942 4081 videatur
2961 4028 3186 4083 cultum
3219 4036 3507 4096 praestare

1855 4115 1969 4169 Deo
2000 4129 2011 4166 :
2034 4128 2175 4167 nam
2189 4113 2315 4167 haec
2337 4112 2482 4167 dixit
2498 4129 2677 4178 nunc,
2694 4131 2827 4186 quae
2848 4116 3316 4186 praecedentibus
3337 4121 3506 4173 erant

1853 4200 2342 4256 formidabiliora.

1927 4293 2088 4344 Vers.
2119 4290 2171 4343 5.
2213 4290 2390 4345 Nunc
2417 4320 2480 4329 -
2520 4290 2644 4345 abis
2671 4290 2698 4343 ‘2
2756 4291 2974 4346 Videas
3013 4309 3116 4348 eos
3154 4293 3214 4348 in
3271 4298 3504 4352 tantum

155 4377 373 4450 ἀθυμίας
430 4379 970 4445 καταπαλαισθέντας,
1036 4383 1104 4441 ὡς
1176 4378 1406 4450 ἀφώνους
1480 4379 1734 4448 γενέσθαι,

1858 4377 2087 4434 tristitia
2136 4377 2451 4449 absorptos
2485 4378 2615 4447 (vv),
2661 4384 2720 4433 ut
2751 4381 2898 4434 muti
2959 4380 3353 4445 efﬁcerentur,
3398 4399 3506 4442 nec

154 4473 329 4539 καὶμὴ
373 4465 636 4521 δύνασθαι
661 4469 802 4538 αὐτῷ
833 4468 1162 4542 προσλαλεῖν,
1215 4464 1462 4527 ὀνειδίζει
1511 4472 1603 4525 τὴν
1641 4471 1744 4519 από

155 4566 240 4617 τῆς
299 4560 546 4620 τοιαύτης
601 4556 825 4630 ἀθυμίας
876 4563 1051 4630 σιγὴν,
1102 4557 1258 4630 λέγων
1302 4574 1314 4587 ⁸
1371 4564 1480 4611 Νῦν
1531 4557 1644 4628 (51)
1685 4554 1744 4609 δὲ

224 4709 268 4743 ιι
303 4709 493 4766 Matth.
524 4727 583 4776 Χ,
630 4714 713 4766 ιδ.
847 4707 892 4740 ³⁵
923 4705 1067 4762 ibid.
1101 4708 1188 4772 t7,
1227 4711 1311 4775 18,
1343 4711 1430 4765 2-2.

1857 4481 2212 4538 responsum
2233 4465 2439 4520 eidare
2466 4471 2736 4538 possent,
2760 4468 3077 4540 exprobrat
3105 4469 3188 4524 eis
3209 4470 3505 4528 silentium

1858 4572 1894 4612 a
1921 4555 2022 4611 tali
2068 4555 2302 4610 tristitia
2344 4559 2560 4621 ortum,
2605 4556 2809 4612 dicens
2853 4574 2866 4612 :
2907 4559 3083 4616 Nunc
3137 4565 3331 4616 autem
3362 4561 3506 4618 abeo

1555 4709 1604 4743 ¹⁸
1641 4706 1789 4764 ibid.
1820 4709 1913 4763 ‘28.

1392 4885 1958 4958 Variaelccliones
1981 4895 2259 4954 etnola.

231 5056 337 5197 (44)
365 5054 596 5124 Δηλαδὴ,
624 5057 756 5114 loco
788 5053 882 5124 δή,
915 5063 978 5112 Δ.

233 5128 316 5196 (45
360 5129 586 5197 Ἐκθρών
615 5136 811 5195 antea,
837 5129 943 5186 sed
972 5150 978 5181 4

233 5127 337 5197 (45)
360 5129 586 5200 Ἐκθρών
615 5136 811 5195 antea,
837 5129 943 5186 sed
972 5144 1044 5186 ex
1081 5128 1445 5186 correctione
1476 5127 1749 5199 ejusdem

169 5213 392 5273 manus,
429 5201 770 5273 σκυθρωπῶν.
805 5207 862 5256 Β.

233 5271 335 5339 (46)
370 5270 604 5343 ’Δγάπής
651 5271 712 5326 in
752 5276 1029 5328 contextu
1083 5276 1139 5328 et
1196 5288 1372 5343 supra
1431 5270 1654 5343 ἀπάτης,
1690 5279 1746 5324 Β.

175 5340 482 5424 Utrumque
513 5340 592 5419 ab
632 5343 834 5424 eadem
867 5359 1077 5416 manu.
1109 5340 1306 5422 Codex
1325 5345 1380 5418 Α
1403 5343 1582 5426 habet
1613 5340 1751 5416 ἀπά-

169 5418 517 5474 τηςιᾶῐηιιω.
1019 5425 1022 5428 '
1309 5425 1312 5428 ’

233 5592 320 5661 (tt)
340 5593 646 5659 Deceptor.
683 5592 847 5648 Forte
873 5590 1033 5661 legit,
1053 5593 1079 5644 6
1111 5591 1364 5646 ἀπατεὼν.

234 5664 350 5734 (ιιυ)
382 5665 502 5719 Pro
530 5663 786 5719 honesto.
823 5665 890 5720 In
919 5667 1117 5720 Graeco
1148 5671 1254 5730 est,
1286 5680 1394 5733 pro
1423 5667 1638 5721 amato.

235 5733 340 5810 (υυ)
369 5734 712 5807 Apsorptos.
744 5734 1019 5793 Gnaeum
1057 5741 1244 5805 notat,
1277 5738 1434 5794 lucta
1465 5737 1664 5807 victos,
1687 5735 1750 5793 id

1956 5127 2044 5190 48)
2085 5127 2270 5190 Αῦτοίς
2302 5128 2516 5182 omittit
2553 5132 2618 5183 Α.

1952 5197 2042 5270 49)
2117 5198 2353 5254 Inclusa
2418 5199 2634 5256 omittit
2697 5202 2765 5256 A.
2844 5203 3060 5260 Eorum
3112 5203 3245 5262 loco
3305 5210 3509 5264 autem

1855 5270 2040 5327 habet
2069 5275 2157 5322 καὶ
2189 5272 2255 5322 τὰ
2298 5270 2440 5332 ἑξῆς.

1928 5343 2042 5414 (50)
2084 5341 2319 5414 Inclusa
2348 5341 2569 5398 absunt
2594 5344 2663 5397 A.

1929 5413 2042 5486 (δι)
2084 5416 2145 5466 Δέ
2173 5413 2342 5469 abest
2381 5418 2444 5468 Α.

1953 5056 2044 5196 47)
2088 5055 2323 5111 Inclusa
2348 5057 2561 5111 desunt
2587 5059 2652 5111 A.

1956 5131 2020 5182 48
2085 5127 2270 5190 Αῦτοίς
2302 5128 2516 5182 omittit
2553 5132 2618 5183 Α.

1952 5197 2042 5270 49)
2117 5198 2353 5254 Inclusa
2418 5199 2634 5256 omittit

1929 5296 1936 5324 ι
1985 5275 2040 5324 et
2069 5275 2157 5322 xui.
2189 5272 2255 5322 τὰ
2298 5270 2440 5324 ἑξῆς.

1859 5596 1962 5660 est,
2007 5595 2354 5662 prostratos.
2388 5592 2680 5664 Interpres
2703 5593 2938 5651 videtur
2965 5595 3263 5656 invenisse
3286 5617 3512 5664 καταπο·

1862 5665 2038 5725 θεντως
2067 5665 2166 5719 aut
2193 5666 2717 5729 καταποτινσθέντας.
2775 5695 2780 5702 -
2943 5679 2948 5686 ‘
3015 5673 3048 5682 ”
