4076 6436
689 300 827 389 ιω

2006 298 2360 380 EUTHYMIi
2391 300 2727 385 ZIGABENI

3863 327 3957 387 ιω

682 452 767 508 ad
795 466 922 509 eam
951 464 1055 522 qui
1093 446 1374 515 misitme,
1406 455 1461 506 et
1491 463 1660 507 nemo
1686 449 2012 521 interrogat
2053 464 2163 514 me,
2216 450 2292 517 Ou

2372 453 2419 508 Α
2450 452 2633 523 ὑπάγω
2666 455 2798 527 πρὸς
2846 455 2935 505 τὸν
2964 452 3243 524 πέμψαντά
3291 471 3370 525 με,
3401 457 3491 507 καὶ
3538 450 3702 516 οὐδεὶς
3748 453 3881 528 ἐρωτᾷ
3900 478 3952 528 με,

692 540 938 701 abAutqtfi
983 627 1189 683 Petrus
1218 627 1603 697 interrogavit
1626 643 1765 683 eum
1787 627 1994 683 dicens
2027 644 2038 681 :
2076 627 2339 691 Domine,

682 734 796 791 quo
820 717 951 774 nbis
996 718 1039 752 "
1070 716 1098 771 ?
1123 715 1243 772 Sed
1268 715 1351 772 ibi
1376 731 1520 773 sane
1539 720 1740 773 Petrus
1761 716 1988 779 dicens,
2025 717 2147 782 Quo
2170 716 2293 771 abis
2313 714 2341 770 ?

684 810 760 865 de
797 807 931 864 loco
961 805 1387 876 interrogavit;
1420 806 1515 862 hic
1547 823 1701 872 vero,
1737 808 1862 874 Quo
1891 806 2010 862 abis
2039 804 2068 860 Τ
2117 804 2344 875 signiﬁ-

682 905 796 968 cat,
831 896 985 963 Ouid
1016 895 1146 965 agis
1172 896 1200 951 τ
1222 894 1427 951 Solent
1464 911 1727 968 namque
1782 896 1887 968 qui
1917 910 2073 965 egre
2123 894 2337 959 ferunt,

681 989 763 1045 ita
789 1000 1072 1043 revocare
1102 999 1263 1054 eum,
1295 983 1401 1056 qui
1431 991 1674 1057 repente
1703 984 1931 1057 prosilit
1953 984 2029 1040 ad
2062 990 2337 1040 mortem.

682 1074 955 1149 Oportuit
982 1087 1125 1144 ergo
1156 1078 1213 1129 et
1241 1072 1565 1145 discipulos
1595 1073 1812 1139 dicere,
1847 1076 1963 1139 Quo
1992 1074 2119 1130 abis
2139 1073 2167 1129 ‘t
2192 1072 2339 1148 sive,

679 1164 833 1233 Quid
862 1164 1009 1236 agis,
1040 1177 1154 1219 nos
1192 1162 1536 1234 relinquens
1557 1162 1586 1217 7

747 1256 943 1311 Potest
966 1266 1212 1325 quoque
1241 1257 1298 1307 et
1325 1249 1442 1307 alio
1474 1250 1658 1307 modo
1690 1250 1830 1317 dici,
1862 1250 2029 1324 quod
2067 1266 2205 1307 cum
2236 1250 2337 1307 Pe-

674 1346 768 1401 tro
827 1343 1227 1410 interrogante
1281 1354 1405 1396 non
1458 1340 1883 1413 respondisset,
1949 1356 2074 1413 quo
2126 1340 2335 1405 abiret,

674 1430 940 1505 Oportuit
978 1445 1049 1486 eo
1104 1443 1343 1485 rursum
1388 1429 1769 1499 interrogare.

749 1523 911 1577 Vers.
954 1522 1010 1576 6.
1039 1518 1159 1576 Sed
1189 1548 1244 1561 —
1269 1532 1396 1576 eor.
1431 1518 1775 1575 Admodum
1805 1517 2141 1575 contristati
2170 1517 2331 1583 estis,

672 1615 732 1670 et
758 1614 1073 1685 propterea
1104 1606 1307 1663 siletis.

744 1701 903 1756 Vers.
965 1703 1022 1753 7.
1100 1696 1211 1753 Sed
1277 1726 1343 1736 —
1395 1695 1574 1752 vobis.
1634 1695 1840 1767 Utpote
1898 1695 2033 1768 ipsa
2092 1694 2329 1751 veritas.

2453 548 2560 593 Ποῦ
2598 543 2811 611 ὑπάγεις
2844 558 2858 607 ;

2526 637 2625 683 Καὶ
2654 636 2757 702 μὴν
2810 633 2835 683 ὁ
2870 636 3061 702 Πέτρος
3090 632 3357 704 ἠρώτησεν
3407 632 3585 696 αὐτὸν,
3617 632 3755 684 εἰπών
3789 650 3800 661 ’
3831 637 3951 705 Κύριε,

2448 727 2550 771 ποῦ
2576 720 2794 791 ὑπάγεις
2822 737 2836 785 ;
2871 720 3004 774 Ἀλλ’
3037 719 3140 772 ἐκεῖ
3280 721 3306 772 ὀ
3339 726 3520 795 Πέτρος
3542 720 3689 772 εἰπών
3719 740 3729 751 ·
3760 727 3847 772 Ποῦ
3869 723 3951 772 inri-

2448 828 2556 879 7u;
2588 826 2601 875 ;
2630 814 2746 880 περὶ
2775 816 2936 861 τόπου
2968 810 3235 883 ἠρώτησεν
3282 828 3285 833 '
3336 810 3556 861 ἐνταῦθα
3582 806 3639 861 δε
3665 814 3736 877 τὸ,
3757 816 3844 861 Ποῦ
3871 812 3952 860 ὑπή-

2448 916 2557 968 γεις
2592 916 2605 963 ;
2636 902 2692 949 τὸ
2722 902 2784 951 Ti
2831 905 2992 959 ποιεῖς
3021 900 3349 969 ςύποφαίνει.
3405 898 3633 951 Εἰὼθασι
3667 900 3758 970 γὰρ
3783 900 3825 949 οἱ
3847 894 3949 949 δεικ-

2449 988 2731 1049 παθοίντες
2758 987 2921 1049 οὕτως
2952 986 3218 1059 ἐπιφωνεῖν
3265 995 3337 1057 τῷ
3378 991 3509 1061 πρὸς
3552 989 3754 1040 θάνατον
3778 988 3947 1060 (ipsum.

2448 1071 2596 1127 Ἔδει
2625 1071 2713 1127 οὗν
2742 1080 2830 1128 καὶ
2882 1080 3001 1138 τοὺς
3040 1078 3283 1149 μαθητὰς
3326 1074 3598 1147 ἐπιλέγειν,
3644 1081 3742 1128 Ποῦ
3768 1077 3947 1145 ὑπάγεις

2449 1166 2633 1233 ἤγουν,
2664 1168 2727 1217 Τί
2754 1172 2922 1227 ποιεῖς
2952 1164 3320 1237 ἀπολιμπάνων
3344 1167 3485 1236 ἡμᾶς
3508 1182 3522 1230 ;

2518 1252 2672 1306 Ἐστι
2706 1250 2767 1306 δε
2794 1258 2885 1306 καὶ
2921 1254 3103 1328 Eripe»;
3132 1255 3309 1321 εἰπεῖν,
3337 1256 3436 1320 ὅτι,
3469 1250 3649 1311 ἐπειδὴ
3670 1259 3772 1305 τότε
3796 1260 3866 1303 τοῦ
3888 1257 3944 1303 [ιε-

2444 1360 2570 1415 τρου
2601 1344 2979 1416 ἐρωτήσαντος,
3012 1344 3107 1395 οὐκ
3147 1343 3479 1417 ἀπεκρίνατο,
3510 1362 3611 1395 που
3639 1344 3820 1413 ὑπάγει,
3840 1340 3943 1413 tibi?

2443 1430 2631 1493 αὐτοὺς
2655 1431 2807 1483 πάλιν
2836 1431 2992 1505 ἐρωτῆ
3003 1451 3113 1485 σαι.

2515 1520 2651 1574 Ἀλλ’
2682 1551 2747 1562 -
2778 1519 3025 1596 καρδίαν.
3056 1519 3265 1596 Σφόδρα
3292 1522 3605 1593 ἐλυπήθητε,
3644 1527 3725 1573 καὶ
3758 1517 3832 1573 διὰ
3849 1528 3941 1571 rain

2443 1616 2645 1681 σιγᾶτε.

2514 1700 2634 1751 Αλλ’
2665 1732 2732 1743 -
2789 1703 2929 1774 ὑμῖν.
2982 1701 3067 1761 Ὠς
3121 1701 3490 1759 αὖτοάλήθεια.
3550 1700 3653 1754 Κᾶν
3690 1702 3777 1773 γὰρ
3821 1702 3938 1771 μνριέ·

670 1790 1031 1862 Ouanquam
1071 1786 1232 1841 enim
1258 1784 1418 1841 mille
1443 1784 1637 1841 modis
1659 1785 1819 1841 anxii
1851 1785 1995 1850 sitis,
2025 1785 2280 1840 veritate!

2326 1806 2330 1839 ι
2373 1805 2413 1859 Β
2440 1808 2523 1850 auc
2556 1789 2811 1853 λυπῆσθε,
2863 1795 2957 1848 τὴν
3005 1790 3247 1849 ἀλήθειαν
3298 1790 3456 1862 λέγω,
3497 1797 3589 1842 καὶ
3624 1790 3711 1841 οὐκ
3742 1788 3936 1861 ἀποχρῆν

666 1879 888 1949 dicam,
909 1891 1019 1933 nec
1045 1874 1235 1931 tristia
1254 1873 1590 1943 occultabo,
1620 1874 1771 1930 sicut
1797 1874 2052 1947 iiquiad
2076 1874 2331 1943 gratiam

667 1968 1017 2042 loquuntur.
1050 1962 1272 2020 Deinde
1309 1962 1683 2020 consolando
1723 1964 1984 2019 ostendit
2016 1962 2215 2019 utilem
2245 1962 2331 2018 eis

664 2071 797 2113 esse
856 2070 1031 2111 suam
1086 2051 1528 2126 profectionem.

736 2146 900 2201 Vers.
934 2148 997 2201 7.
1032 2142 1287 2212 Expedit
1314 2171 1383 2184 —
1410 2157 1528 2198 vos.
1564 2142 1678 2197 Vos
1729 2141 1966 2214 quidem
1997 2141 2234 2213 optatis,
2266 2146 2330 2196 ut

662 2248 777 2305 ego
805 2247 1002 2289 verser
1030 2230 1361 2295 vobiscum,
1402 2246 1609 2286 verum
1636 2230 1800 2285 aliud
1866 2230 2037 2286 vobis
2066 2228 2323 2301 expedit.

661 2321 1063 2381 Procuratoris
1122 2324 1215 2376 est
1264 2325 1487 2383 autem,
1549 2334 1669 2375 non
1714 2318 2024 2389 indulgere
2069 2317 2321 2382 dilectis,

659 2427 797 2468 cum
828 2410 1058 2468 inutilia
1087 2408 1546 2481 concupiscunt.
1571 2411 1719 2465 Nam
1765 2409 1911 2481 quia
1957 2407 2216 2479 desuper
2245 2407 2323 2465 ita

657 2506 877 2557 sancta
905 2498 1169 2556 Trinitati
1195 2498 1389 2554 visum
1418 2502 1528 2563 est,
1563 2503 1626 2553 ut
1657 2497 1825 2553 Pater
1848 2496 2098 2569 quidem
2129 2496 2205 2553 ad
2239 2497 2323 2551 Fi-

655 2588 810 2647 lium
840 2604 944 2645 eos
973 2587 1296 2645 attraheret
1321 2604 1338 2641 :
1372 2586 1549 2642 Filius
1575 2591 1776 2642 autem
1806 2585 1938 2641 illos
1963 2585 2222 2650 doceret,
2251 2600 2321 2641 ac

656 2678 908 2751 Spiritus
938 2682 1182 2733 sanctus
1202 2677 1365 2747 ipsos
1385 2673 1687 2746 perﬁceret
1718 2690 1731 2728 :
1764 2680 1820 2728 et
1845 2675 1971 2744 jam
2003 2675 2126 2729 duo
2156 2691 2315 2730 com-

655 2766 816 2839 pleta
843 2770 1029 2829 erant,
1073 2763 1387 2835 oportebat
1426 2768 1481 2818 et
1522 2763 1761 2818 tertium
1788 2762 2010 2833 perﬁci,
2041 2778 2318 2819 consum—

658 2855 986 2911 mationem
1021 2851 1293 2909 videlicet
1324 2851 1576 2923 Spiritus
1614 2851 1801 2907 sancti
1834 2852 1988 2921 (xz).
2021 2853 2151 2907 Non
2191 2858 2315 2909 erat

652 2946 855 3000 autem
890 2958 1153 3014 aequum,
1190 2946 1253 2995 ut
1281 2940 1395 2996 hoc
1422 2939 1607 3003 ﬁeret,
1640 2940 1751 2995 nisi
1779 2946 2101 3012 postquam
2137 2941 2313 2996 Filius

651 3032 1019 3088 recessisset.
1036 3030 1284 3099 Expedit
1308 3031 1501 3101 itaque
1512 3029 1675 3085 vobis
1688 3036 1749 3083 ut
1772 3044 1876 3099 ego
1897 3029 2123 3085 abeam.
2152 3031 2314 3087 Sicut

651 3122 834 3189 enim,
864 3120 926 3176 Si
952 3135 1049 3191 ego
1078 3135 1192 3175 non
1222 3118 1445 3186 abiero,
1478 3118 1824 3175 Paracletus
1861 3134 1981 3173 non
2016 3119 2201 3175 veniet
2232 3121 2314 3176 ad
2342 3160 2384 3216 ς

652 3225 753 3267 vos
786 3210 906 3267 :ita
929 3210 1133 3279 etiam,
1186 3210 1237 3265 si
1268 3208 1609 3266 Paracletus
1640 3223 1762 3264 non
1797 3209 2020 3263 venerit
2061 3209 2137 3263 ad
2180 3225 2305 3274 vos,

648 3313 1041 3372 nequaquam
1096 3297 1507 3372 perﬂciemini.
1557 3300 1801 3353 Necesse
1866 3304 1953 3353 est
2024 3313 2190 3368 ergo.
2245 3304 2309 3355 ut

648 3402 763 3459 ego
817 3387 1053 3453 abeam,
1106 3386 1408 3459 completo
1460 3386 1583 3456 jam
1634 3401 1836 3458 opere,
1875 3386 2041 3457 quod
2073 3403 2169 3443 me
2222 3387 2307 3443 fa-

648 3490 783 3533 cere
806 3476 1090 3550 oportuit,
1121 3481 1187 3533 ut
1201 3476 1354 3532 alius
1381 3477 1718 3531 exhortator
1746 3475 2049 3540 adveniat,
2082 3492 2309 3549 vosque

648 3565 945 3639 perﬁciat.

722 3656 880 3711 Vers.
913 3654 969 3709 8.
1002 3656 1267 3726 Cumque
1293 3654 1513 3710 venerit
1565 3682 1631 3695 —
1662 3653 1909 3723 iudicio.
1959 3685 2025 3695 —
2060 3655 2307 3725 Arguet,

648 3742 766 3800 hoc
795 3748 906 3808 est,
938 3741 1369 3798 condemnabit
1398 3741 1642 3798 tandem
1673 3743 1803 3814 (νυ)
1827 3743 2038 3809 malos,
2072 3744 2309 3800 inexcu-

649 3830 871 3887 sabiles
921 3831 1162 3902 penitus
1217 3830 1673 3896 demonstrabit,
1728 3848 1866 3888 cum
1922 3848 2017 3888 me
2072 3843 2311 3889 mortuo

649 3918 899 3975 eximias
922 3919 1238 3991 apparabit
1266 3919 1591 3976 doctrinas.
1625 3926 1682 3976 et
1712 3925 1773 3975 ut
1796 3921 1970 3989 signa
2007 3921 2154 3977 tiant
2184 3938 2306 3977 ωδ.-

646 4007 813 4065 xima
829 4008 905 4064 ad
923 4008 1039 4064 mei
1056 4008 1316 4065 nominis
1333 4009 1795 4065 invocationem.
1823 4010 1977 4075 Quid
1992 4026 2133 4081 ergo
2152 4018 2311 4083 post-

646 4096 763 4155 hac
790 4096 1114 4155 adversum
1148 4113 1243 4153 me
1260 4097 1481 4161 dicent,
1503 4099 1669 4170 quod
1722 4099 1797 4153 sit
1818 4100 2031 4154 rationi
2061 4115 2309 4156 consen-

645 4192 892 4246 taneum
920 4187 948 4243 7
973 4186 1154 4257 Cujus
1192 4188 1373 4243 etiam
1408 4188 1623 4243 mortui
1674 4202 1897 4243 nomen
1960 4189 2100 4245 talia
2156 4206 2311 4261 pras-

648 4282 805 4333 stare
837 4276 1051 4349 poterit
1078 4277 1105 4332 ?
1136 4277 1400 4349 profecto
1428 4277 1592 4332 nihil.
1625 4277 1849 4335 Deinde
1874 4294 1946 4335 ea
1996 4278 2179 4335 etiam
2208 4295 2305 4336 ex-

645 4365 879 4439 planat,
905 4365 983 4421 de
1009 4366 1231 4437 quibus
1260 4365 1393 4422 illos
1441 4372 1670 4435 arguet.

717 4455 884 4512 Vers.
909 4458 962 4509 6.
992 4456 1072 4511 De
1101 4484 1171 4496 -—
1201 4470 1309 4511 me.
1342 4456 1487 4510 Nam
1533 4454 1935 4512 irremissibile
1963 4456 2071 4514 erit
2099 4473 2306 4530 pecca-

642 4547 798 4608 tum,
827 4542 1028 4598 adhuc
1058 4542 1119 4599 in
1147 4558 1242 4599 me
1286 4559 1409 4599 non
1441 4544 1702 4599 credere.

716 4634 875 4687 Vers.
906 4633 993 4687 10.
1028 4633 1113 4688 De
1138 4661 1209 4673 —
1239 4647 1349 4688 me.
1389 4633 1537 4687 Justi
1567 4648 1821 4704 namque
1854 4634 2141 4692 indicium
2193 4642 2303 4706 est,

646 4720 931 4777 accedere
979 4720 1056 4776 ad
1088 4720 1298 4784 Deum,
1331 4720 1630 4793 simulque
1672 4737 1810 4777 cum
1841 4737 1913 4779 eo
1943 4739 2094 4781 esse.
2155 4728 2300 4783 Nam

642 4808 759 4867 hoc
778 4810 1068 4880 signiﬁcat
1098 4826 1114 4864 :
1143 4811 1216 4865 Et
1247 4811 1498 4879 posthac
1518 4825 1636 4866 non
1669 4811 1939 4867 videbitis
1959 4829 2067 4869 me.
2101 4815 2304 4887 Itaque

641 4898 759 4956 nisi
802 4898 1001 4970 justus
1071 4913 1289 4965 essem,
1346 4914 1469 4956 non
1532 4900 1879 4957 accederem
1926 4903 2003 4957 ad
2066 4905 2299 4961 Deum:

711 5051 881 5109 Joan.
923 5066 1045 5124 xui,
1077 5054 1168 5109 36.

2440 1880 2506 1931 τὰ
2560 1876 2789 1953 λυπηρὰ,
2844 1882 2913 1941 ὡς
2962 1882 3011 1931 οἱ
3052 1879 3278 1950 λέγοντες
3328 1883 3463 1953 πρὸς
3520 1881 3696 1951 χάριν,
3737 1874 3823 1929 εἶτε
3862 1895 3936 1947 τερα

2442 1976 2644 2041 ηγορῶν
2677 1964 2914 2021 δείκνυσι
2954 1968 3324 2022 λυσιτελοῦσαν
3361 1968 3549 2029 αὐτοῖς
3589 1972 3679 2026 τήν
3729 1962 3933 2036 ἀποδημία

2439 2056 2623 2112 αὑτοῦ.

2510 2152 2759 2223 Συμγέρει
2800 2177 2866 2189 -
2925 2149 3079 2220 ὑμᾶς.
3138 2147 3301 2219 Ὑμεῖς
3493 2144 3735 2219 βούλεσθε
3787 2148 3927 2195 συνεῖναί

2436 2256 2500 2308 με
2540 2238 2699 2308 ὑμῖν·
2734 2240 2846 2289 ἔστι
2904 2234 2964 2290 δέ
3020 2240 3079 2290 τὸ
3134 2240 3394 2311 συμφέρον
3453 2237 3623 2299 ἕτερον
3666 2254 3679 2266 ·
3732 2229 3923 2303 κηδομένη

2437 2323 2497 2379 δε
2553 2330 2610 2378 τό
2665 2331 2735 2398 μὴ
2792 2323 3065 2399 φείδεσθαι
3128 2336 3229 2378 τῶν
3276 2327 3651 2398 ἠγαπημένων,
3695 2326 3795 2375 ὅταν
3829 2320 3921 2387 ἐσία-

2434 2434 2565 2487 γορα
2610 2413 2927 2487 βούλωνται.
2969 2415 3110 2468 Ἐπεὶ
3138 2419 3237 2489 γὰρ
3287 2411 3578 2473 εὐδόκησεν
3630 2412 3913 2475 ἄνωθενὲηυ

2430 2506 2592 2578 Τριὰς
2640 2508 2729 2557 τὸν
2773 2507 2863 2576 μεν
2918 2509 3127 2576 Πατεφα
3202 2503 3417 2556 ἂκύσαι
3489 2502 3677 2563 αὐτοὺς
3753 2504 3842 2572 πρὸς
3870 2501 3916 2545 τέτ

2431 2596 2549 2646 γιον
2588 2611 2600 2622 ·
2632 2596 2717 2645 τὸν
2744 2590 2801 2645 δί
2827 2597 2945 2646 Υἶὸν
2975 2589 3197 2656 διδάξαι
3227 2593 3421 2653 αὐτούς
3463 2611 3476 2623 ο
3522 2596 3581 2644 τὸ
3641 2587 3696 2643 δε
3732 2590 3926 2656 Hyrieus

2429 2682 2577 2753 ἅγιον
2620 2682 2890 2735 τελειῶσαι
2940 2682 3130 2745 αὐτούς
3190 2698 3202 2708 ·
3242 2686 3331 2734 καὶ
3383 2684 3452 2734 τὰ
3605 2677 3697 2733 δύο
3741 2674 3821 2735 ἤδη
3840 2691 3930 2743 7m

2427 2791 2577 2824 νασιν
2618 2788 2630 2800 ·
2665 2767 2772 2823 ἔδει
2800 2767 2858 2823 δε
2885 2773 3127 2841 γενέσθαι
3157 2775 3246 2823 καὶ
3299 2774 3357 2823 τὸ
3402 2776 3598 2844 τρίτον,
3656 2774 3738 2825 τὴν
3782 2761 3850 2816 διὰ
3878 2768 3929 2810 τοὺ

2426 2859 2579 2930 ἁγίου
2631 2863 2923 2932 Πνεύματος
2972 2859 3233 2912 τελείωσιν
3277 2880 3289 2891 ·
3320 2859 3415 2911 οὐχ
3473 2856 3536 2917 ἦν
3592 2854 3649 2910 δε
3692 2856 3804 2915 εἰκὸς
3837 2858 3930 2903 ταῦτα

2425 2946 2603 3005 ἐλθεῖν,
2650 2953 2722 3018 μὴ
2777 2947 3087 3008 ἀπελθόντος
3131 2956 3223 3000 τοῦ
3277 2950 3440 3001 Υἱου·
3493 2951 3651 3018 φησιν
3689 2947 3759 2996 ὁτι
3804 2948 3930 3008 Eu???

2422 3056 2500 3110 ρει
2556 3038 2691 3109 ὒμῖν,
2754 3039 2837 3089 ἱνα
2887 3036 2987 3108 ἐγὼ
3044 3036 3267 3101 annos,
3349 3042 3443 3088 καὶ
3501 3039 3568 3088 τόι
3638 3034 3757 3096 ἑξῆς.
3799 3029 3927 3097 Ὠσπιξ

2420 3127 2544 3198 γάρ,
2596 3124 2712 3178 Ἐάν
2796 3124 2897 3195 ἐγὼ
2973 3130 3043 3196 μὴ
3125 3123 3350 3190 inﬂati,
3442 3126 3470 3176 ὁ
3532 3121 3832 3196 Παράπλητος
3875 3116 3929 3165 ait

2422 3211 2684 3266 ἐλεύσεται
2713 3218 2842 3288 πρὸς
2867 3215 2998 3285 ὑμᾶς
3021 3232 3033 3243 θ
3077 3215 3211 3266 οὗτοι
3243 3224 3353 3279 και,
3388 3212 3475 3265 ἐὰν
3517 3215 3542 3265 ὁ
3576 3204 3927 3284 Παράιλητοςούι

2421 3300 2682 3355 ἐλεύσεται
2720 3307 2845 3377 πρὸς
2870 3304 3021 3374 ὑμᾶς,
3048 3302 3109 3355 οὗ
3136 3302 3373 3360 τελειωθή
3385 3304 3561 3355 σεσθε.
3602 3304 3863 3369 Ἀναγκαῖον
3878 3289 3927 3344 οὖν

2419 3389 2595 3443 λοιπὸν
2656 3391 2744 3464 ius
2797 3390 3050 3456 ἀπελθεῖν,
3124 3391 3507 3464 πεπληρωκοτα
3545 3396 3603 3444 τὸ
3645 3394 3772 3461 ἔργον
3808 3388 3827 3437 ὀ
3864 3382 3926 3433 ἔδει

2417 3488 2540 3538 nou}
2552 3484 2642 3532 σαί
2671 3499 2756 3553 με,
2790 3482 2872 3533 ἵνα
2909 3481 2935 3532 ὀ
2958 3479 3109 3543 ἄλλος
3136 3480 3474 3553 παράκλητος
3503 3479 3623 3553 ἔλθῃ
3654 3482 3733 3531 καὶ
3756 3475 3925 3536 nium:

2418 3568 2574 3641 ὑμᾶς.

2494 3663 2594 3710 Καὶ
2644 3656 2799 3711 ἐλθὼν
2849 3690 2913 3699 -
2978 3665 3219 3734 κρίσεως.
3301 3690 3370 3699 -
3451 3658 3692 3731 Ἐλέγξεὶ,
3767 3654 3929 3706 τουτέστι

2424 3743 2786 3800 Καταδιιιάσει
2839 3747 3003 3801 τέλεον
3053 3752 3175 3810 τοὺς
3237 3752 3523 3821 πονηροὺς,
3612 3742 3931 3811 ἀναπολογέταυς

2419 3838 2755 3889 παντάπασιν
2804 3840 2920 3905 (52)
2979 3835 3241 3910 ἀποφήνῃ,
3296 3839 3439 3901 ὅταν,
3500 3836 3817 3891 ἀποθανόντος
3855 3846 3930 3898 μου,

2419 3927 2803 3998 παρασκευάσῃ
2862 3924 3070 3996 ὑψηλὰς
3126 3927 3239 3997 (53)
3273 3922 3631 3987 διδασκαλίας
3676 3922 3933 3991 χαῖρέ-[ωτι

2421 4022 2615 4085 σημεῖα
2666 4013 3011 4068 ἐπιτελεῖσθαι
3064 4016 3182 4086 (54)
3221 4014 3307 4067 ἐπὶ
3361 4024 3421 4088 τῇ
3467 4015 3649 4073 κλήσει
3698 4019 3775 4064 τοῦ
3807 4007 3931 4074 ὄνομα·

2418 4108 2501 4164 τός
2529 4123 2650 4175 μου.
2691 4109 2754 4156 Ti
2801 4107 2901 4176 γὰρ
2956 4103 3160 4177 ἐροῦσιν
3200 4108 3276 4156 ἔτι
3323 4104 3436 4156 κατ’
3483 4104 3606 4177 ἐμοῦ
3656 4088 3928 4168 εὔλοισκθδ

2418 4198 2508 4243 καὶ
2538 4194 2883 4253 ἀποθανόντος
2944 4192 3233 4251 τηλικαῦτα
3261 4190 3485 4246 δύναται
3515 4197 3572 4246 τό
3624 4197 3766 4262 ὄνομα
3798 4195 3925 4258 μανῦνέ

2418 4288 2614 4343 Ὄντως
2650 4278 2821 4336 οὐδέν.
2869 4278 2996 4335 Εἶτα
3035 4281 3365 4357 ἐφερμηνεύει
3392 4288 3484 4335 καὶ
3512 4281 3585 4354 ἐφ’
3609 4282 3676 4341 οἷς
3703 4276 3852 4347 ἐλέγξει
3872 4268 3926 4319 αὖα

2416 4389 2555 4433 τους.

2490 4465 2614 4529 Περὶ
2641 4490 2708 4501 -
2884 4459 3141 4533 Ἀμαρτία
3168 4462 3271 4534 γὰρ
3302 4479 3674 4532 ασυγγνωστος
3698 4460 3749 4509 τὸ
3768 4457 3825 4526 μὴ
3850 4463 3924 4499 πισ-

2414 4552 2576 4602 τεύειν
2605 4551 2683 4601 ῖτι
2713 4549 2783 4611 εἰς
2813 4548 2919 4622 ἐμέ.

2489 4643 2613 4712 Περὶ
2652 4669 2720 4679 -
2770 4658 2853 4711 με.
2884 4643 3097 4691 Δικαίου
3153 4642 3256 4712 γὰρ
3313 4645 3591 4711 γνώρισμα
3616 4641 3669 4690 τὸ
3696 4628 3922 4704 «optimis!

2412 4731 2540 4800 πρὸς
2590 4731 2676 4780 τὸν
2724 4730 2853 4781 Θεὸν
2901 4736 2991 4781 και
3049 4734 3279 4781 συνεῖναι
3334 4729 3497 4800 αὐτῷ.
3526 4735 3682 4781 Τοῦτο
3707 4726 3792 4796 γὰρ
3824 4714 3921 4771 δηλοῖ

2414 4820 2472 4869 τό
2501 4831 2515 4847 ⁸
2552 4822 2654 4870 Καὶ
2695 4816 2870 4870 οὐκετι
2926 4818 3158 4891 θεωρεῖτέ
3197 4836 3279 4890 με.
3338 4822 3438 4872 Καὶ
3477 4818 3666 4879 λοιπόν,
3694 4813 3807 4883 εἰμὴ
3832 4810 3915 4875 ἐμίν

2414 4902 2640 4975 δίκαιος,
2701 4906 2797 4958 οὐκ
2854 4905 2915 4958 ἂν
2946 4904 3262 4981 ἐπορευόμην
3300 4910 3429 4983 πρὸς
3471 4910 3557 4959 τὸν
3588 4906 3770 4975 Πατέρα
3807 4913 3817 4927 ·
3849 4897 3915 4945 πῶς

1862 5179 2084 5249 Varie
2140 5182 2471 5254 lectiones
2514 5194 2581 5254 et
2617 5194 2822 5254 notae.

701 5369 1174 5454 .(52)_'A_m>_9awt
1230 5372 1675 5447 corrigendum,
1754 5375 1921 5449 quod
1970 5377 2295 5437 Hentenius

640 5444 819 5501 etiam
851 5444 1052 5501 habet.

707 5515 824 5587 (53)
879 5519 1105 5574 Durum
1176 5516 1314 5582 hoc,
1382 5520 1747 5591 παρασευάσέι
1800 5514 2164 5586 διδασαλὶκσς
2208 5527 2299 5577 καὶ

710 5638 842 5789 ἔξω)
872 5637 1138 5709 Spiritus
1162 5635 1378 5699 sancti.
1425 5641 1803 5715 PerSpirtum
1833 5650 2139 5704 sanctum.

774 5720 833 5787 ν)
875 5714 1157 5772 Tandem.
1192 5713 1463 5771 Prorsus.
1490 5714 1656 5772 Forte
1679 5718 1824 5781 τιλος
1862 5718 2139 5789 ;invenit.

774 5720 833 5787 ν)
875 5714 1157 5772 Tandem.
1192 5713 1463 5771 Prorsus.
1490 5713 1656 5772 Forte
1679 5718 1824 5781 τιλος
1862 5718 2145 5789 ;invenit.

2407 5375 2773 5457 ἐπιτελεῖσθαι.
2797 5380 2993 5439 Malim
3013 5396 3157 5455 ergo
3181 5387 3319 5457 post
3344 5376 3703 5444 διδασκαλίας,
3725 5373 3904 5439 interpo'

2406 5468 2565 5525 nere
2576 5455 2837 5525 γίνεσθαι.

2479 5523 2596 5599 (54)
2624 5525 2893 5581 Τελεῖσθαι
2933 5531 2990 5580 Β.
