4076 6432
162 403 188 459 ~t
199 402 301 458 425

1132 394 1507 457 COMMENT.
1554 395 1625 453 IN
1661 391 2015 452 JOANNEM.
2056 424 2125 437 -—
2164 392 2323 452 CAP.
2363 392 2508 451 XVI.

3386 386 3527 446 1426

160 530 263 602 γὰρ
315 525 375 578 ἀν
432 522 732 599 ἁμαρτωλὸς
783 524 873 576 καὶ
929 520 1117 583 πλάνος
1172 526 1263 575 καὶ
1308 524 1601 597 παράνομος
1669 525 1755 574 καί

1879 518 2174 593 quomodo
2223 534 2489 592 namque
2550 519 2827 591 peccator
2888 528 2959 573 ac
3018 511 3320 584 seductor,
3376 515 3524 586 legis

164 616 389 676 ἀντίθεος
418 616 690 688 πορευθείη
726 616 852 689 πρὸς
890 615 976 665 τὸν
1008 608 1211 664 δίκαιον
1258 616 1350 665 καὶ
1394 610 1633 670 ἀληθινὸν
1671 614 1762 662 καὶ

164 706 443 775 νομοθέτην
464 708 555 757 καὶ
586 707 713 757 Θεὸν
736 719 750 769 ;

240 883 339 933 Καὶ
382 880 535 931 πόθεν
575 874 733 937 δῆλον
764 879 845 931 ὅτι
900 880 1032 949 πρὸς
1086 879 1173 929 τὸν
1228 880 1355 930 Θεὸν
1413 875 1526 948 (55)
1565 874 1763 937 ἀπῆλθε

164 974 254 1021 καὶ
307 972 541 1020 σύνεστιν
607 967 787 1038 αὐτῷς
860 969 1053 1030 Πόθεν;
1110 967 1241 1018 Ἀπὸ
1313 973 1409 1027 τῆς
1464 973 1557 1019 τοῦ
1606 965 1759 1039 ἁγίου

166 1059 462 1129 Πνεῦματος
511 1061 825 1129 μαρτυρίας,
878 1064 968 1116 τῆς
1026 1052 1099 1108 δι’
1160 1054 1459 1127 ἐλλάμψεως
1514 1059 1605 1107 καὶ
1666 1072 1759 1111 σηο

160 1150 342 1219 μείων,
397 1148 466 1208 ὡς
504 1150 829 1221 ττροείρητιιιι⁹
881 1144 967 1198 ἐπὶ
1014 1152 1086 1217 τῷ
1134 1144 1349 1217 ὀνόματι
1397 1143 1557 1197 αὐτοῦ
1612 1163 1761 1216 γινο-

160 1240 319 1308 μένης
344 1234 479 1306 (56).

233 1324 423 1377 Οῦκέτι
486 1320 545 1376 δε
604 1325 839 1397 θεωρεῖτέ
903 1342 983 1395 με,
1044 1326 1175 1395 μετά
1220 1331 1316 1385 τῆς
1369 1330 1457 1374 νῦν
1516 1318 1761 1380 δηλονότι

158 1409 380 1476 ἀδοξίας
424 1417 513 1465 καὶ
546 1412 822 1473 εὐτελείας·
857 1412 1058 1485 ἔμελλον
1105 1415 1207 1486 γὰρ
1253 1411 1408 1463 αὐτὸν
1457 1412 1599 1485 ὀρᾴν,
1651 1409 1761 1462 ἀλλ’

158 1502 265 1574 οὐχ
296 1504 367 1565 ὡς
395 1506 450 1554 τὸ
477 1507 748 1576 πρότερον.

233 1596 358 1663 Περὶ
397 1622 454 1631 --
482 1596 735 1663 κέκριται.
766 1589 887 1643 Ὀτι
918 1591 943 1642 ὁ
970 1586 1213 1653 διάϐολος
1260 1595 1633 1663 κατακέκριται
1669 1593 1758 1641 καὶ

158 1680 463 1738 ἐκϐέϐληται
510 1689 605 1743 τῆς
650 1677 965 1741 δυναστείας
1002 1680 1179 1744 αὐτοῦ,
1230 1684 1418 1752 μηκέτι
1475 1677 1760 1751 δυνάμενος

158 1770 287 1831 ὅλως
331 1774 494 1843 φέρειν
550 1774 608 1821 τό
662 1767 780 1841 ἐμὸν
812 1773 991 1842 ὄνομα,
1036 1768 1166 1821 ἀλλά
1215 1772 1518 1842 παραυτίκα
1566 1765 1761 1842 δραπε-

1873 615 2301 682 transgressor,
2378 609 2599 682 Deique
2683 605 3079 674 adversarius,
3184 606 3528 678 perveniret

1872 700 1949 757 ad
2018 716 2157 756 eum
2225 699 2331 771 qui
2393 698 2593 770 justus
2658 702 2767 770 est,
2837 709 3042 760 verax,
3106 694 3410 767 legislator
3452 710 3526 754 ac

1873 793 2026 847 Deus
2047 791 2077 846 Ἰ

1945 880 2059 937 Sed
2098 879 2258 935 unde
2285 878 2664 935 manifestum
2690 878 2817 944 erit,
2836 878 3001 952 quod
3030 877 3110 935 ad
3139 879 3326 933 Deum
3348 874 3525 933 abeat

1871 974 1927 1025 et
1953 986 2090 1025 cum
2118 984 2189 1026 eo
2218 969 2292 1024 sit
2318 968 2346 1023 ?
2377 969 2558 1025 Unde.
2587 968 2636 1022 A
2663 968 2913 1040 Spiritus
2939 967 3130 1024 sancti
3160 964 3523 1034 testimonio,

1875 1076 1976 1132 per
2007 1059 2469 1125 illuslz-ationem,
2520 1061 2587 1113 ut
2609 1056 2837 1115 dictum
2868 1061 2974 1125 est,
3005 1071 3077 1114 ac
3138 1055 3332 1128 signa,
3386 1070 3523 1129 quas

1871 1164 1977 1223 per
2000 1164 2223 1205 nomen
2248 1148 2377 1220 ejus
2401 1147 2673 1204 edentur.

1942 1328 2190 1385 Posthac
2216 1331 2415 1383 autem
2432 1341 2551 1384 non
2571 1326 2847 1383 videbitis
2866 1340 2984 1393 me,
3014 1339 3155 1381 cum
3178 1324 3295 1381 hac
3320 1321 3523 1381 videli-

1870 1423 1962 1474 cet
1991 1417 2315 1488 ignominia
2345 1420 2402 1473 et
2443 1415 2795 1488 abjectione,
2828 1413 3128 1489 siquidem
3170 1412 3358 1471 visuri
3381 1428 3521 1470 eum

1870 1512 2058 1571 erant,
2091 1507 2194 1563 sed
2226 1522 2344 1563 non
2384 1509 2447 1562 ut
2474 1506 2663 1580 prius.

1932 1600 2096 1654 Vers.
2136 1599 2224 1652 11.
2262 1599 2343 1654 De
2367 1628 2432 1638 -
2442 1596 2744 1666 judicatus
2772 1599 2879 1652 est.
2906 1594 3056 1662 Quia
3083 1592 3362 1650 diabolus
3384 1607 3527 1650 con-

1870 1687 2186 1743 demnatus
2222 1692 2334 1751 est,
2369 1691 2425 1742 et
2460 1690 2771 1759 potentatu
2819 1701 2930 1742 suo
2971 1685 3212 1757 ejectus,
3252 1698 3376 1740 non
3418 1698 3525 1757 po-

1868 1779 1998 1834 tens
2029 1777 2277 1847 posthac
2305 1792 2496 1832 meum
2531 1775 2783 1832 omnino
2812 1774 2963 1832 ferre
2991 1788 3235 1839 nomen,
3269 1773 3378 1829 sed
3403 1776 3525 1829 sta-

160 1862 337 1913 τεύων.
392 1866 507 1921 Πῶς
560 1857 614 1910 δ’
671 1860 732 1909 ἄν
787 1866 941 1911 τοῦτο
995 1861 1259 1923 πέπονθεν,
1304 1859 1349 1911 εἰ
1407 1858 1547 1931 φίλον
1600 1856 1755 1909 αῦτὸν

1879 1866 1977 1923 tim
2021 1866 2254 1938 fugiens
2285 1882 2300 1921 :
2341 1864 2671 1938 quomodo,
2711 1864 2985 1929 obsecro,
3016 1862 3079 1919 id
3114 1862 3194 1919 illi
3220 1862 3525 1932 conﬁnge-

160 1945 326 2019 εἶχον,
359 1949 427 2010 ὡς
469 1950 518 1999 οἱ
547 1951 764 2021 πονηροὶ⁵
790 1947 1032 2019 λέγουσιν
1057 1965 1069 1977 ·
1105 1950 1186 2001 ὃτι
1232 1947 1281 2000 ἐν
1328 1968 1400 2020 τῳ
1455 1944 1755 2008 Βεελζεϐοῦλ

157 2039 384 2111 ἄρχοντι
413 2045 512 2088 τῶν
554 2034 838 2109 δαιμονίων
877 2035 1103 2088 ἐκϐάλλω
1137 2040 1204 2089 τὰ
1248 2034 1515 2111 δαιμόνια,
1550 2040 1639 2088 καὶ
1678 2037 1759 2087 ὅτι

160 2124 432 2199 δαιμόνιον
458 2128 586 2197 ἔχω,
620 2130 711 2177 καὶ
736 2126 802 2176 τά
830 2132 1049 2177 τοιαῦτα
1072 2142 1085 2190 ;

1548 2302 1756 2369 Ἐλθὼν,

160 2396 340 2463 φησιν,
390 2392 415 2442 ὀ
484 2389 823 2465 Παράκλητος
872 2390 1061 2462 ἐλέγξει
1132 2396 1249 2452 τοὺς
1306 2394 1601 2466 πονηρούς’
1675 2392 1759 2445 ἐπὶ

228 2303 339 2356 Ἰνα
408 2298 465 2353 δε
532 2303 620 2352 τὸν
698 2300 849 2373 λόγον
919 2300 1470 2375 ἀνακεφαλαιώσωμεν,

160 2479 389 2551 ἁμαρτίᾳ
445 2483 535 2551 μεν
566 2480 646 2531 ὅτι
699 2479 1081 2553 ἁμαρτάνουσι,
1130 2485 1202 2553 μὴ
1263 2484 1588 2543 πιστεύοντες
1644 2485 1755 2534 ἔτι*

160 2568 242 2621 ἐπὶ
270 2564 581 2641 δικαιοσύνῃ
616 2564 695 2635 δε,
725 2570 805 2621 ὅτι
837 2565 1044 2631 δίκαιος
1064 2568 1162 2641 ἐγὼ
1192 2574 1281 2621 καὶ
1308 2570 1413 2641 οὐχ
1439 2570 1755 2642 ἁμαρτωλὸς,

158 2659 227 2716 ὡς
266 2657 416 2708 αῦτοὶ
453 2657 689 2727 λέγουσιν
716 2673 728 2685 ·
784 2655 867 2708 ἐπὶ
908 2661 1081 2729 κρίσει
1138 2653 1197 2709 δε
1252 2660 1370 2716 ἦτοι
1422 2662 1754 2731 κατακρίσει,

157 2747 237 2798 ὅτι
278 2748 652 2820 κατακέκριται
681 2746 707 2797 ὁ
737 2746 920 2821 ἄρχων
949 2754 1048 2798 τῶν
1095 2741 1400 2819 δαιμονίων,
1450 2750 1515 2809 ὡς
1566 2746 1756 2821 ἐχθρὸς

156 2839 245 2887 καὶ
270 2834 329 2887 οῦ
356 2834 500 2908 φίλος
528 2853 650 2907 μου.

226 3012 342 3067 "En
386 3044 453 3054 —
504 3014 647 3087 ἄρτι.
708 3011 931 3074 Ἀτελείς
984 3017 1119 3074 ὄντες
1168 3016 1263 3079 ἔτι,
1313 3020 1403 3067 καὶ
1444 3020 1603 3086 μήπω
1662 3012 1757 3068 διὰ

153 3110 253 3154 τῶν
308 3102 357 3154 ἐν
396 3110 468 3172 τῷ
513 3109 725 3175 σταυρῷ
778 3106 869 3153 καὶ
925 3110 985 3174 τῇ
1050 3101 1333 3155 ἀναστάσει
1382 3122 1481 3175 μου
1531 3112 1754 3177 φρικτῶν

1869 1961 1975 2020 ret,
2007 1955 2055 2011 si
2095 1955 2349 2011 amicum
2379 1970 2519 2011 eum
2548 1954 2856 2019 haberem,
2889 1952 3070 2010 veluti
3119 1950 3325 2009 dicunt
3354 1950 3517 2019 mali,

1866 2045 2032 2119 quod
2064 2061 2163 2116 per
2200 2042 2506 2100 Beelzebul
2545 2043 2876 2116 principem
2939 2040 3379 2099 dasmoniorum
3419 2040 3523 2113 eji-

1868 2134 2023 2192 ciam
2048 2134 2350 2191 dmmonia
2380 2134 2449 2201 “,
2467 2132 2751 2207 quodque
2766 2131 3137 2189 daemonium
3152 2129 3418 2188 habeam
3446 2130 3522 2201 η,

1866 2229 1921 2280 et
1945 2227 2159 2280 caetera
2195 2221 2544 2295 hujusmodi
2568 2222 2597 2276 ?

1941 2316 2010 2369 Ut
2063 2317 2266 2369 autem
2324 2326 2669 2367 sermonem
2723 2309 3074 2367 summatim
3120 2308 3519 2380 colligamus:

1870 2402 2018 2459 Cum
2048 2401 2270 2459 venerit
2322 2399 2682 2465 Paracletus,
2717 2405 2927 2470 arguet
2983 2397 3264 2456 mundum
3294 2399 3368 2455 de
3388 2411 3523 2468 pec-

1868 2497 2019 2556 cato,
2062 2490 2208 2563 quia
2256 2493 2520 2562 peccant,
2553 2488 2659 2561 qui
2710 2488 2909 2545 adhuc
2938 2502 3062 2543 non
3117 2486 3372 2544 credunt
3403 2501 3420 2554 ;
3449 2486 3524 2543 de

1857 2580 2097 2650 justitia
2125 2585 2348 2643 autem,
2376 2578 2519 2650 quia
2541 2577 2740 2649 justus
2772 2590 2884 2646 ego
2914 2592 3049 2631 sum
3080 2579 3138 2632 et
3174 2591 3299 2633 non
3320 2590 3527 2649 pecca-

1867 2673 1977 2733 tor,
2028 2666 2179 2723 sicut
2216 2666 2329 2739 ipsi
2369 2666 2576 2721 dicunt
2597 2683 2612 2735 ;
2641 2664 2716 2721 de
2732 2662 2967 2735 judicio
3019 2678 3183 2730 vero,
3215 2664 3339 2720 sive
3368 2678 3522 2721 con-

1865 2755 2272 2821 damnatione,
2340 2754 2487 2827 quia
2558 2753 2999 2810 condemnatus
3078 2756 3171 2810 est
3238 2752 3523 2826 princeps

1864 2845 2319 2915 daemoniorum,
2359 2848 2651 2917 tanquam
2696 2842 3002 2909 inimicus,
3035 2846 3094 2898 et
3140 2856 3265 2899 non
3303 2841 3524 2899 amicus

1864 2951 2099 3081 mittis.
2152 3025 2236 3079 t2.
2281 3022 2484 3078 Adhuc
2519 3051 2587 3062 —
2638 3036 2817 3078 nunc.
2869 3020 3020 3077 Cum
3064 3020 3266 3077 adhuc
3307 3019 3527 3093 imperb

1863 3111 1994 3167 fecti
2025 3111 2171 3178 sitis,
2204 3115 2261 3166 et
2303 3110 2560 3165 necdum
2592 3125 2697 3181 per
2733 3108 3098 3164 horrendam
3151 3107 3259 3180 (xz)
3298 3108 3527 3180 passio-

154 3195 243 3242 καὶ
272 3185 583 3264 παραδόξων
604 3189 985 3263 προκόψαντες,
1009 3187 1149 3263 μηδε
1169 3188 1510 3264 ἐνδυσάμενοι
1532 3189 1753 3265 δύναμιν

1879 3216 2022 3264 mem,
2055 3214 2127 3255 ac
2164 3198 2539 3270 inopinatam
2578 3196 3067 3253 resurrectionem
3094 3211 3292 3253 meam
3324 3196 3524 3269 prole.

156 3278 209 3340 εξ
233 3278 421 3348 ὕψους.

224 3366 385 3419 Ὀταν
459 3398 526 3406 -
576 3365 836 3425 ἀλήθειαν.
912 3368 995 3430 Εἰς
1060 3371 1118 3420 τὸ
1175 3365 1366 3421 εἰδέναι
1423 3376 1597 3423 πᾶσαν
1660 3375 1754 3430 τὴν

157 3454 401 3513 ἀλήθειαν
466 3463 567 3507 τῶν
649 3458 793 3508 θείων
850 3453 1147 3530 δογμάτων,
1216 3463 1311 3517 τὴν
1380 3464 1754 3531 προσήκουσαν

158 3541 405 3603 δηλονότι
437 3546 794 3616 γνωρισθῆναι
843 3547 983 3618 ὑμῖν.
1034 3544 1159 3599 Εἶτα
1193 3548 1275 3599 ἵνα
1323 3551 1419 3621 μὴ,
1467 3548 1756 3606 τηλικαῦτα

156 3638 278 3706 περὶ
326 3641 417 3686 τοῦ
479 3634 632 3705 ἆγίου
709 3637 1008 3707 Πνεῦματος
1077 3636 1410 3704 ἀκούσαντες,
1474 3638 1653 3711 μεῖζον
1694 3643 1753 3692 τὸ

159 3729 369 3794 Πνεῦμα
392 3728 671 3795 νομίσωσι,
701 3730 789 3775 καὶ
814 3724 884 3785 εἰς
906 3724 1143 3797 ἐσχάτην
1174 3724 1411 3779 ἀσέϐειαν
1438 3725 1751 3800 ἐμπέσωσιν,

158 3812 343 3883 ἐπάγει
378 3814 649 3888 θεραπείαν
679 3818 769 3865 καί
793 3833 950 3886 φησιν
975 3834 988 3847 ·

231 3900 308 3953 Οῦ
346 3901 651 3959 -ἐαυτοῦ,
699 3901 899 3977 Ὠσπερ
953 3900 1068 3958 οὐδ’
1118 3904 1236 3977 ἐγὼ,
1268 3908 1439 3968 καθὼς
1491 3904 1754 3983 διαφόρως

156 3986 666 4063 προδιεστειλάμην·
713 3988 866 4045 οῦδεν
919 3996 1021 4069 γὰρ
1072 3990 1211 4047 ἴδιον
1239 3992 1414 4049 οὐδενὶ
1460 4004 1552 4058 τῆς
1604 3997 1756 4070 ἁγίας

153 4076 404 4154 Τριάδος,
447 4079 580 4139 πλὴν
612 4078 940 4153 ἀγεννησίας,
976 4087 1065 4135 καὶ
1093 4089 1395 4155 γεννήσεως,
1452 4090 1542 4139 καὶ
1596 4085 1753 4140 ἐκπο-

152 4172 398 4243 ρεῦσεως,
432 4168 558 4224 ἀλλά
582 4172 731 4223 κοινὰ
759 4172 925 4224 πάντα
955 4171 1109 4245 αὐτῇ.

227 4434 357 4486 Ἀλλ’
414 4465 481 4476 -
533 4435 767 4495 λαλήσει.
840 4437 981 4491 Ὀσα
1044 4438 1105 4491 ἀν
1185 4440 1385 4514 ἀκούσῃ
1459 4444 1602 4514 παρά
1661 4450 1754 4495 τοῦ

1863 3288 2091 3352 ceratis,
2123 3302 2318 3359 neque
2348 3285 2539 3342 induti
2583 3285 2709 3340 sitis
2736 3284 2951 3341 virtute
2981 3300 3053 3340 ex
3084 3283 3206 3341 alto
3237 3286 3310 3340 η.

1934 3378 2097 3434 Vers.
2143 3378 2231 3433 13.
2279 3377 2429 3432 Cum
2473 3405 2541 3416 —
2581 3374 2907 3431 veritatem.
2950 3373 3039 3429 Ad
3087 3372 3221 3441 hoc,
3277 3376 3342 3431 ut
3378 3372 3527 3430 scia-

1862 3465 1938 3523 tis
1962 3481 2208 3522 omnem
2235 3464 2536 3521 veritatem
2562 3462 2902 3519 divinorum
2931 3462 3309 3533 dogmatum,
3336 3478 3525 3535 quam

1862 3554 2134 3612 videlicet
2162 3553 2397 3626 expedit
2419 3552 2592 3609 vobis
2618 3567 3001 3620 cognoscere.
3042 3550 3288 3617 Deinde,
3310 3567 3387 3608 ne
3420 3568 3526 3609 au-

1864 3644 1998 3700 ditis
2030 3643 2247 3701 talibus
2288 3642 2363 3699 de
2392 3642 2613 3715 Spiritu
2640 3645 2869 3709 sancto,
2904 3640 3199 3713 majorem
3224 3640 3524 3700 existima-

1862 3739 1993 3791 rent
2022 3750 2155 3791 esse
2200 3732 2511 3805 Spiritum,
2545 3734 2602 3787 et
2629 3730 2690 3787 in
2713 3735 3038 3788 extremam
3072 3729 3387 3788 inciderint
3410 3729 3528 3789 im-

1863 3824 2163 3898 pietatem,
2216 3821 2513 3878 medelam
2538 3819 2810 3893 adjungit
2839 3819 3046 3877 dicens
3074 3833 3092 3878 :

1933 3913 2097 3969 Vers.
2142 3912 2226 3967 t3.
2266 3911 2405 3968 Non
2450 3941 2519 3953 —
2571 3909 2897 3980 semetipso.
2946 3908 3108 3967 Sicut
3151 3923 3346 3984 neque
3385 3924 3519 3981 ego,

1862 4001 2383 4076 quemadmodum
2456 4000 2640 4057 variis
2706 3999 2770 4056 in
2858 3998 3007 4057 locis
3069 3998 3519 4072 explicavimus.

1866 4092 2176 4165 Siquidem
2256 4090 2403 4147 nihil
2502 4088 2607 4145 ulli
2688 4092 2911 4145 sanctae
2976 4086 3277 4145 Trinitatis
3352 4103 3521 4161 pers-

1861 4196 1957 4237 nm
2012 4178 2325 4253 proprium
2365 4182 2473 4241 est,
2518 4181 2734 4249 praeter
2780 4175 3330 4243 innascibilitatem,
3371 4176 3522 4235 nati-

1864 4270 2105 4325 vitatem
2156 4272 2212 4324 et
2271 4266 2742 4339 processionem,
2804 4262 2909 4321 sed
2954 4264 3165 4322 omnia
3219 4264 3307 4321 eis
3358 4280 3521 4323 com-

1863 4372 2091 4413 munia.

1930 4445 2104 4502 Vers.
2160 4445 2241 4501 13.
2283 4442 2395 4501 Sed
2437 4473 2507 4485 -
2553 4443 2845 4516 loquetur.
2890 4440 3273 4515 Quacunque
3317 4441 3521 4500 audie-

155 4527 378 4596 Πατρός,
412 4524 438 4576 ὁ
476 4530 564 4576 καὶ
622 4531 737 4599 περὶ
768 4526 993 4598 ἐμαυτοῦ
1032 4528 1274 4591 πολλάκις
1322 4534 1526 4602 εἴρηκα,
1580 4528 1754 4589 δηλῶν

1879 4534 1937 4591 ‘it
1966 4550 2002 4590 a
2031 4533 2222 4598 Patre,
2257 4534 2408 4589 sicut
2436 4532 2616 4589 etiam
2642 4530 2983 4605 frequenter
3019 4531 3095 4587 de
3126 4530 3359 4605 meipso
3394 4530 3516 4588 dixi

152 4615 210 4664 τὸ
251 4614 549 4685 ὁμοοῦσιον,
601 4619 689 4666 καὶ
723 4616 960 4687 ὁμοφυες,
1006 4623 1095 4670 καὶ
1133 4622 1271 4685 ἴσον,
1316 4624 1406 4671 καὶ
1456 4618 1751 4694 ἀπαράλλα-

155 4721 296 4754 κτον.
327 4702 524 4776 Ὧσπερ
571 4706 673 4776 γὰρ
718 4705 743 4754 ὁ
774 4706 895 4765 Υἱὸς
923 4704 1181 4778 πλήρωμα
1208 4712 1367 4781 νόμου
1421 4715 1511 4761 καὶ
1555 4730 1753 4785 προφη-

155 4799 275 4859 τῶν,
355 4796 419 4845 τὰ
467 4799 695 4852 τυπικῶς
764 4788 1225 4867 προδιαγραφέντα
1295 4795 1589 4869 βεϐαιώσας
1658 4796 1752 4853 διά

156 4888 251 4942 τῆς
299 4881 574 4941 (nudetur
631 4879 767 4933 οὕτω
824 4885 913 4934 καὶ
952 4885 1010 4935 τό
1062 4884 1193 4936 θεῖον
1235 4891 1442 4959 Πνεῦμα
1491 4886 1753 4963 πλήρωμα

230 5056 275 5091 ιο
300 5058 496 5113 Matth.
526 5074 626 5127 xu,
657 5062 747 5115 24.
863 5062 909 5097 ι’
931 5061 1097 5119 Joan.
1122 5077 1217 5135 vn,
1248 5062 1337 5131 20,

1862 4622 2208 4693 signiﬁcans
2269 4621 2621 4679 substantias
2680 4637 2749 4677 ac
2834 4625 3061 4677 natura!
3116 4620 3511 4689 identitatem,

1861 4711 2284 4784 aequalitatem,
2382 4726 2454 4767 ac
2544 4708 2965 4766 omnimodam
3040 4708 3511 4767 similitudinem.

1861 4800 2385 4867 Quemadmodum
2432 4799 2593 4855 enim
2663 4798 2842 4854 Filius
2915 4796 3179 4870 impletio
3230 4797 3380 4869 legis
3427 4802 3516 4856 est

1860 4906 1931 4948 ac
1977 4888 2355 4963 prophetam,
2427 4888 2669 4947 veritate
2724 4886 3109 4955 conﬁrmans,
3173 4903 3305 4961 qua:
3348 4887 3515 4961 prius

1450 5066 1499 5103 ²⁰
1534 5066 1674 5124 Luc.
1700 5079 1867 5139 xxiv,
1894 5065 1987 5126 49.

1370 5268 1588 5338 Variae
1625 5269 1955 5340 lectiones
1985 5280 2051 5338 et
2086 5280 2288 5341 notae.

190 5458 336 5547 tesi
977 5461 1038 5547 in
1065 5468 1347 5547 contextu
1375 5464 1579 5532 habet,
1614 5470 1747 5544 πρὸς

146 5532 255 5598 τόν,
282 5534 338 5586 et
356 5546 561 5603 supra,
593 5532 683 5589 αῦ.
706 5532 745 5587 i.
778 5548 832 5589 e.
864 5532 1040 5600 αὐτόν,
1076 5539 1131 5591 et
1157 5539 1307 5591 Θεὸν.

1925 5467 2041 5541 (56)
2083 5471 2362 5542 Γενομένης
2387 5468 2457 5527 Δ.

221 5708 345 5795 (εξ)
362 5708 479 5795 Pe];
506 5710 889 5777 horrendam,
923 5716 1032 5768 etc.
1063 5715 1164 5769 Per
1190 5729 1260 5771 ea
1285 5729 1417 5788 quea
1446 5715 1506 5771 in
1543 5732 1713 5774 cruce
1753 5722 1809 5776 et
1834 5719 2266 5777 resurrectione
2293 5733 2433 5776 mea
2482 5718 2756 5776 accident
2783 5716 3086 5776 horrenda
3103 5719 3162 5774 et
3189 5713 3527 5795 mirabilia,~

150 5779 540 5853 proieceritis.
