4076 6446
687 312 825 401 ma
1678 380 1681 383 ν
2003 308 2358 391 summit
2388 310 2723 396 nciam
3853 338 3943 397 ml

680 464 765 520 od
793 478 920 520 eum
949 475 1053 533 qui
1090 458 1248 517 misit
1268 474 1371 526 me,
1403 466 1458 518 et
1488 474 1657 518 nemo
1684 459 2009 531 interrogat
2050 475 2160 525 me,
2213 461 2290 529 Qu

2328 478 2338 514 ι
2369 464 2417 518 Α
2448 462 2631 534 ὑπάγω
2663 466 2795 538 πρὸς
2844 465 2932 515 τὸν
2961 463 3241 535 πέμψαντά
3288 482 3368 535 με,
3399 467 3489 517 καὶ
3534 460 3696 527 οὐδεὶς
3740 463 3870 539 ipsa}
3889 488 3938 539 με,

689 551 821 609 abis
897 551 928 606 ν

2450 558 2558 604 Ποῦ
2596 554 2808 622 ὑπάγεις
2842 569 2854 617 ;

752 639 935 712 Atqui
980 638 1186 694 Petrus
1216 638 1600 707 interrogavit
1623 654 1763 695 eum
1784 637 1991 694 dicens
2024 654 2035 691 :
2074 638 2336 702 Domine,

2327 679 2336 701 ,
2523 647 2622 693 Καὶ
2652 647 2755 713 μὴν
2807 643 2833 693 6
2867 646 3059 713 Πέτρος
3088 642 3354 715 ἠρώτησεν
3405 642 3580 706 αὐτὸν,
3612 642 3747 694 εἰπών
3781 660 3791 671 ·
3822 648 3937 715 Κύριε,

680 745 794 803 quo
818 728 948 785 abis
994 729 1037 763 "
1068 727 1095 782 ?
1120 726 1240 783 Sed
1264 726 1347 783 ibi
1373 743 1518 784 sane
1536 730 1738 785 Petrus
1758 727 1985 791 dicens,
2023 727 2144 793 Quo
2168 727 2290 782 abis

2327 726 2339 778 Ρ
2446 738 2547 782 ποῦ
2573 731 2791 801 ὑπάγεις
2820 748 2833 796 ;
2868 730 3002 784 Ἀλλ’
3034 729 3138 783 iui
3278 731 3303 783 6
3336 734 3516 805 Πέτρος
3538 730 3683 782 εἰπών
3712 749 3723 761 ι
3752 733 3937 783 [1055m-

681 821 757 876 de
794 818 929 875 loco
958 816 1384 887 interrogavit;
1417 817 1513 873 hic
1544 834 1699 882 vero,
1734 818 1859 885 Quo
1888 817 2008 873 abis
2036 815 2065 871 τ
2114 815 2291 885 signif

2327 846 2341 857 -
2445 838 2553 889 7n;
2586 836 2599 885 ;
2627 825 2743 890 περὶ
2772 827 2933 872 τοπου
2965 820 3233 894 ἠρώτησεν
3333 821 3552 871 ἐνταῦθα
3578 816 3633 871 6”:
3659 822 3729 887 τό,
3749 826 3834 871 Ποῦ
3861 822 3937 870 ὑπά-

680 916 794 979 cat,
829 906 983 974 Quid
1014 906 1144 976 agis
1170 906 1197 962 τ
1220 905 1424 962 Solent
1460 922 1725 979 namque
1780 907 1884 979 qui
1915 921 2070 976 aegre
2120 905 2289 962 ferun

2326 946 2335 969 ,
2445 927 2554 979 7n;
2588 926 2602 974 ;
2633 912 2689 960 τὸ
2718 913 2781 961 Τί
2828 915 2989 970 ποιεῖς
3018 910 3346 979 ςὺποφαίνει.
3402 908 3628 961 Εἰώθασι
3661 910 3750 981 γὰρ
3774 910 3815 959 οἱ
3836 904 3936 959 δεινο-

678 1000 761 1056 ita
787 1010 1070 1054 revocare
1100 1010 1261 1065 eum,
1292 995 1399 1067 qui
1428 1002 1672 1067 repente
1700 996 1929 1068 prosilit
1951 995 2027 1051 ad
2059 1001 2288 1051 morten

2322 1032 2334 1047 .
2447 998 2728 1059 παθοίντες
2756 998 2919 1059 οὕτως
2950 996 3215 1069 ἱπιφωνεῐν
3262 1006 3333 1067 τῷ
3374 1001 3505 1071 πρὸς
3548 999 3746 1050 θάνατον
3769 998 3932 1070 ὃρμὼντι,

679 1085 953 1160 Oportuit
979 1098 1123 1155 ergo
1154 1089 1211 1140 et
1238 1082 1563 1156 discipulos
1593 1084 1810 1150 dicere,
1844 1085 1961 1150 Quo
1989 1084 2117 1141 abis
2136 1084 2165 1139 Ἰ
2189 1083 2289 1138 sim

2322 1130 2336 1158 ,
2446 1081 2593 1138 Ἔδει
2623 1081 2710 1137 οὖν
2740 1091 2827 1138 καὶ
2879 1090 2999 1148 τοὺς
3038 1088 3280 1159 μαθητὰς
3323 1084 3593 1157 ἐπιλέγειν,
3639 1091 3735 1138 Ποῦ
3760 1086 3932 1155 {md-[ag

676 1175 830 1243 Quid
860 1174 1007 1247 agis,
1038 1188 1153 1229 nos
1189 1172 1534 1245 relinquens
1555 1173 1583 1227 ?

2446 1176 2630 1243 ἤγουν,
2661 1179 2725 1227 Ti
2752 1183 2919 1237 ποιεῖς
2949 1174 3317 1247 ἀπολιμπάνων
3342 1177 3481 1247 ἡμᾶς
3504 1192 3517 1241 ;

745 1267 940 1322 Potest
964 1276 1209 1335 quoque
1239 1268 1296 1318 et
1323 1260 1440 1318 alio
1472 1261 1656 1318 modo
1688 1261 1828 1329 dici,
1859 1261 2025 1335 quod
2064 1278 2202 1317 cum
2233 1261 2334 1318 Pe-

2320 1291 2334 1304 -
2515 1262 2669 1317 Ἐστι
2704 1260 2764 1317 δε
2792 1269 2883 1316 καὶ
2919 1264 3100 1338 Eripis;
3129 1265 3307 1331 εἰπεῖν,
3334 1267 3433 1330 ὃτι,
3466 1260 3643 1322 ἐπειδή
3665 1268 3765 1316 τότε
3789 1270 3856 1314 τοῦ
3878 1268 3930 1313 Ili-

672 1357 766 1411 tro
824 1354 1225 1421 interrogante
1279 1365 1403 1407 non
1456 1351 1880 1425 respondisset,
1947 1367 2071 1423 quo
2122 1350 2282 1407 abire

2319 1393 2332 1416 ,
2442 1370 2567 1426 τρου
2598 1355 2976 1426 ἐρωτήσαντος,
3010 1354 3105 1406 οὐκ
3144 1354 3476 1428 ἁπεκρίνατο,
3506 1372 3607 1405 που
3634 1353 3812 1423 ὑπάγει,
3831 1350 3929 1423 ἐλεεῖ

671 1442 938 1517 Oportuit
975 1456 1047 1497 eo
1102 1454 1341 1496 rursum
1386 1440 1767 1510 interrogare.

1500 1454 1767 1510 :rrogare.
2441 1441 2629 1503 αὐτοὺς
2652 1442 2805 1494 πάλιν
2834 1441 2990 1516 Epona
3000 1461 3110 1495 σαι.

746 1534 909 1589 Vers.
951 1533 1008 1587 ϐ.
1037 1529 1157 1587 Sed
1187 1559 1242 1571 —
1267 1543 1394 1587 cor.
1429 1529 1774 1586 Admodum
1802 1528 2138 1585 contristati
2167 1528 2328 1593 estis,

2318 1568 2328 1593 ν
2512 1530 2649 1585 Ἀλλ’
2680 1562 2745 1573 -
2776 1530 3022 1607 καρδίαν.
3054 1529 3262 1607 Σφόδρα
3289 1531 3601 1603 mnsam,
3639 1536 3719 1584 καὶ
3751 1527 3823 1583 διὰ
3840 1537 3928 1581 rm

669 1626 730 1681 et
756 1625 1071 1696 propterea
1102 1618 1305 1674 siletis.

1032 1634 1071 1674 :a
1102 1618 1305 1674 siletis.
2441 1627 2642 1691 σιγᾶτε.

740 1712 901 1767 Vers.
963 1714 1020 1764 7.
1098 1707 1209 1764 Sed
1275 1737 1342 1747 —
1394 1706 1572 1763 vobis.
1632 1706 1838 1778 Utpote
1896 1706 2030 1779 ipsa
2090 1705 2327 1762 veritas.

2315 1746 2327 1761 .
2512 1710 2632 1762 Αλλ⁹
2663 1742 2730 1753 -
2786 1713 2928 1784 ὐμίν.
2980 1711 3065 1771 Ὠς
3118 1711 3487 1769 αὐτοάλήθεια.
3546 1710 3649 1764 Κᾶν
3685 1712 3770 1783 γὰρ
3813 1712 3925 1781 pupli-

668 1801 1029 1873 Quanquam
1068 1797 1230 1852 enim
1256 1794 1416 1851 mille
1441 1795 1635 1852 modis
1657 1796 1817 1852 anxii
1848 1796 1993 1861 sitis,
2023 1796 2278 1851 veritate:

2314 1811 2327 1850 ¹
2371 1816 2411 1870 Β
2438 1819 2520 1861 κις
2554 1799 2809 1863 λυπῆσθε,
2861 1805 2955 1859 τὴν
3003 1800 3244 1860 ἀλήθειαν
3294 1800 3453 1871 λέγω,
3494 1807 3584 1852 καὶ
3620 1800 3706 1851 οὐκ
3735 1798 3924 1871 inruas-iis

664 1890 886 1960 dicam,
907 1902 1018 1944 nec
1043 1884 1233 1942 tristia
1252 1884 1588 1954 occultabo,
1618 1885 1769 1941 sicut
1796 1885 2049 1958 iiquiad
2074 1885 2274 1953 gratia:

2313 1900 2329 1939 ι
2438 1890 2503 1941 τὰ
2558 1888 2787 1963 λυπηρὰ,
2842 1892 2911 1951 ὡς
2960 1892 3009 1941 οἱ
3049 1889 3275 1961 λέγοντες
3325 1893 3461 1962 πρὸς
3516 1891 3691 1961 χάριν,
3730 1883 3815 1939 εἶτα
3852 1904 3923 1957 περ

665 1979 1015 2053 loquuntur.
1047 1974 1270 2031 Deinde
1308 1973 1682 2031 consolando
1721 1974 1982 2030 ostendit
2013 1973 2212 2030 utilem
2242 1989 2274 2028 e

2310 1990 2329 2027 ι
2440 1986 2642 2052 ηγορῶν
2675 1974 2912 2031 δείκνυσι
2951 1978 3321 2031 λυσιτελοῦσαν
3358 1978 3546 2038 αὐτοῖς
3585 1982 3673 2036 τὴν
3723 1972 3920 2045 inmittite

663 2082 796 2125 esse
854 2081 1029 2123 suam
1084 2062 1527 2137 prolectionem.

1009 2081 1029 2121 ι
1084 2062 1527 2137 profectionem.
2436 2066 2619 2121 αὑτοῦ.

735 2157 898 2213 Vers.
932 2160 995 2212 7.
1030 2153 1285 2223 Expedit
1313 2182 1381 2195 —
1408 2168 1526 2209 vos.
1562 2152 1677 2208 Vos
1728 2152 1964 2225 quidem
1995 2151 2232 2224 optatis,
2262 2156 2327 2206 ut

2308 2156 2327 2206 ί
2508 2162 2757 2233 Συμγέρει
2797 2187 2864 2199 -
2922 2159 3077 2230 ὑμᾶς.
3134 2156 3298 2229 ’Υμείς
3491 2154 3729 2228 βούλεσθε
3780 2160 3915 2205 συνεῖναι

660 2258 775 2316 ego
803 2258 1001 2301 verser
1029 2242 1359 2305 vobiscum,
1401 2256 1607 2297 verum
1634 2240 1798 2296 aliud
1864 2241 2035 2296 vobis
2064 2238 2270 2311 expedi

2307 2280 2321 2293 ι
2433 2266 2497 2318 με
2538 2248 2697 2318 ὑμῖν·
2732 2250 2844 2299 ἔστι
2902 2243 2961 2300 δε
3018 2250 3076 2299 τὸ
3131 2249 3389 2320 συμφέρον
3451 2246 3619 2309 ἕτερον
3662 2263 3673 2276 ·
3727 2238 3912 2313 arietare:

659 2332 1062 2391 Procuratoris
1121 2336 1213 2387 est
1263 2336 1486 2394 autem,
1547 2345 1667 2385 non
1712 2328 2021 2399 indulgere
2067 2328 2265 2384 dilecti

2304 2369 2319 2393 ν
2434 2333 2494 2389 δι
2550 2340 2608 2388 τὸ
2662 2341 2733 2408 μὴ
2791 2332 3063 2408 φείδεσθαι
3126 2345 3226 2387 τῶν
3274 2337 3647 2407 ἡγαπημένων,
3690 2335 3788 2385 ὅταν
3822 2329 3910 2397 ἀΐξα-

658 2438 796 2480 cum
826 2420 1057 2479 inutilia
1085 2419 1544 2491 concupiscunt.
1569 2422 1717 2475 Nam
1763 2420 1909 2491 quia
1954 2417 2214 2489 desuper
2242 2417 2268 2473 i1

2292 2433 2320 2475 ι
2432 2444 2563 2497 γορα
2607 2423 2924 2497 βούλωνται.
2966 2425 3107 2477 Ἐπεὶ
3136 2428 3233 2499 γὰρ
3284 2420 3575 2483 εὐδόκησεν
3626 2418 3902 2485 ιὶιηιιιθεινιέὶγίΙ

656 2516 876 2568 sanctm
903 2509 1167 2567 Trinitati
1193 2509 1387 2565 visum
1416 2513 1526 2574 est,
1561 2514 1624 2563 ut
1656 2508 1824 2564 Pater
1846 2506 2095 2579 quidem
2126 2506 2203 2563 ad
2236 2507 2266 2560 F

2300 2536 2321 2547 ·
2428 2516 2589 2588 Τριὰς
2638 2518 2727 2567 τὸν
2770 2517 2861 2586 μεν
2915 2519 3125 2586 Πατεφα
3198 2513 3413 2566 ἑλκύσαι
3486 2512 3672 2573 αὐτοὺς
3747 2511 3905 2582 πρὸςτέτ

654 2600 808 2658 lium
838 2615 943 2657 eos
972 2598 1294 2655 attraheret
1319 2615 1336 2652 :
1370 2596 1547 2653 Filius
1573 2601 1774 2653 autem
1804 2596 1936 2651 illos
1961 2596 2219 2660 doceret,
2249 2610 2264 2650 ι

2305 2610 2319 2651 3
2430 2606 2547 2656 Υἱον
2586 2621 2597 2632 ·
2629 2607 2714 2655 τὸν
2741 2600 2798 2655 δί
2824 2607 2942 2656 Υἶόν
2973 2599 3195 2666 διδάξαι
3226 2602 3419 2663 αὐτούς
3462 2621 3474 2633 ο
3519 2606 3577 2654 τὸ
3637 2597 3691 2653 δέ
3727 2598 3915 2667 Πνεύξιατδ

654 2688 907 2761 Spiritus
936 2693 1181 2744 sanctus
1201 2687 1364 2758 ipsos
1384 2684 1685 2756 perliceret
1716 2701 1729 2739 :
1763 2690 1819 2739 et
1843 2685 1969 2754 jam
2001 2685 2124 2740 duo
2154 2701 2264 2740 con

2309 2716 2313 2726 ι
2427 2692 2574 2763 ἅγιον
2617 2692 2888 2745 τελειῶσαι
2937 2692 3128 2755 αὐτούς
3188 2708 3199 2718 ·
3239 2696 3329 2744 καὶ
3379 2694 3451 2744 τὰ
3601 2687 3692 2743 δύο
3735 2684 3815 2745 ἤδη
3832 2686 3919 2753 γηδ-

653 2776 815 2850 pleta
842 2781 1027 2839 erant,
1071 2774 1385 2846 oportebat
1424 2779 1479 2829 et
1520 2773 1759 2829 tertium
1787 2772 2009 2844 perﬁci,
2039 2789 2263 2829 consun

2309 2805 2315 2815 ι
2425 2801 2574 2834 νασιν
2616 2799 2629 2810 ·
2662 2778 2770 2833 ἔδει
2796 2778 2855 2833 δε
2882 2783 3125 2851 γενέσθαι
3155 2785 3244 2833 καὶ
3297 2784 3355 2833 τὸ
3399 2786 3595 2854 τρίτον,
3652 2783 3733 2835 τὴν
3775 2772 3843 2827 σ’ιά
3869 2777 3919 2819 τθί

656 2866 984 2922 mationem
1020 2862 1291 2919 videlicet
1322 2862 1574 2934 Spiritus
1612 2861 1800 2917 sancti
1832 2862 1986 2932 (xz).
2019 2863 2148 2918 Non
2189 2868 2313 2919 erat

651 2956 854 3010 autem
888 2968 1152 3025 equum,
1188 2957 1251 3006 ut
1280 2950 1393 3006 hoc
1420 2950 1605 3013 ﬁeret,
1638 2950 1750 3005 nisi
1777 2956 2099 3023 postquam
2135 2951 2310 3006 Filius

649 3042 1017 3099 recessisset.
1034 3040 1282 3110 Expedit
1307 3042 1500 3111 itaque
1510 3040 1673 3095 vobis
1685 3046 1747 3094 ut
1770 3055 1875 3109 ego
1895 3039 2121 3096 abeam.
2150 3041 2311 3097 Sicut

649 3132 833 3199 enim,
863 3130 925 3186 Si
950 3146 1047 3202 ego
1076 3145 1190 3186 non
1220 3129 1443 3197 abiero,
1476 3128 1823 3185 Paractetus
1859 3145 1979 3184 non
2014 3130 2199 3186 veniet
2230 3131 2312 3186 ad
2340 3170 2379 3218 η

650 3235 751 3278 vos
784 3220 904 3278 :ita
928 3220 1131 3290 etiam,
1184 3220 1235 3276 si
1266 3218 1607 3277 Paracletus
1639 3234 1760 3274 non
1794 3219 2018 3274 venerit
2059 3219 2135 3274 ad
2178 3235 2303 3284 vos,
2340 3204 2382 3226 ’³

646 3324 1040 3383 nequaquam
1094 3307 1505 3382 perﬁciemini.
1556 3311 1799 3363 Necesse
1864 3314 1951 3363 est
2022 3323 2188 3378 ergo,
2243 3315 2308 3365 ut

647 3412 761 3470 ego
816 3397 1051 3463 abeam,
1104 3396 1406 3469 completo
1459 3396 1581 3466 iam
1633 3411 1835 3469 opere,
1873 3396 2040 3468 quod
2071 3413 2167 3453 me
2220 3397 2305 3454 fa-

647 3502 781 3544 cere
805 3487 1089 3561 oportuit,
1119 3491 1185 3543 ut
1199 3486 1352 3543 alius
1379 3486 1717 3542 exhortator
1745 3486 2047 3551 adveniat,
2080 3502 2307 3560 vosque

646 3576 943 3650 perﬁciat.

721 3667 879 3722 Vers.
912 3664 967 3721 8.
1000 3667 1266 3737 Cumque
1292 3664 1511 3720 venerit
1564 3693 1631 3705 —
1661 3664 1907 3733 iudicio.
1957 3695 2023 3705 —
2058 3666 2305 3735 Arguet,

647 3753 765 3811 hoc
795 3758 904 3818 est,
936 3752 1367 3809 condemnabit
1396 3752 1640 3808 tandem
1672 3753 1802 3825 (νυ)
1826 3753 2036 3819 malos,
2070 3754 2307 3810 inexcu-

648 3841 870 3898 sabiles
919 3842 1160 3913 penitus
1215 3840 1672 3907 demonstrabit,
1727 3858 1865 3898 cum
1921 3859 2016 3899 me
2070 3854 2309 3900 mortuo

647 3929 898 3986 eximias
921 3930 1236 4001 apparebit
1265 3930 1590 3987 doctrinas.
1623 3936 1681 3987 et
1710 3936 1772 3986 ut
1795 3932 1969 3999 signa
2006 3932 2153 3987 ﬁant
2182 3948 2304 3987 ma-

644 4018 812 4076 xime
828 4020 904 4075 ad
921 4018 1037 4075 mei
1054 4019 1315 4075 nominis
1331 4019 1793 4076 invocationem.
1822 4020 1975 4086 Quid
1990 4037 2132 4092 ergo
2150 4028 2309 4093 post-

644 4108 762 4165 hac
790 4107 1113 4166 adversum
1146 4123 1241 4165 me
1259 4108 1480 4174 dicent,
1502 4110 1668 4181 quod
1720 4110 1796 4165 sit
1816 4111 2030 4165 rationi
2059 4126 2307 4167 consen-

644 4202 891 4257 taneum
918 4199 947 4254 ?
972 4197 1153 4269 Cujus
1191 4199 1372 4254 etiam
1406 4200 1622 4254 mortui
1673 4213 1897 4254 nomen
1958 4199 2098 4255 talia
2155 4216 2309 4271 pras-

646 4293 804 4344 stare
836 4287 1050 4359 poterit
1076 4288 1104 4343 ?
1135 4288 1399 4360 profecto
1427 4288 1590 4343 nihil.
1623 4288 1847 4345 Deinde
1873 4304 1945 4345 ea
1995 4289 2177 4345 etiam
2206 4305 2304 4346 ex-

644 4376 878 4450 planat,
904 4376 981 4432 de
1008 4376 1229 4448 quibus
1259 4375 1392 4433 illos
1440 4382 1669 4445 arguet.

716 4466 883 4523 Vers.
908 4469 961 4520 6.
989 4467 1071 4522 De
1100 4495 1169 4507 -—
1199 4480 1307 4522 me.
1340 4467 1485 4521 Nam
1531 4465 1933 4523 irremissibile
1962 4466 2069 4524 erit
2097 4483 2305 4541 pecca-

640 4558 797 4619 tum,
826 4553 1027 4609 adhuc
1056 4553 1118 4609 in
1145 4569 1240 4609 me
1285 4570 1408 4609 non
1440 4554 1699 4610 credere.

1306 4570 1408 4609 ιοει
1440 4554 1699 4610 credere.
2335 4553 2382 4577 "
2412 4563 2574 4613 τεύειν
2603 4562 2681 4612 ἔτι
2710 4559 2781 4622 εἰς
2811 4559 2916 4633 ἔμε.

715 4645 874 4699 Vers.
904 4644 991 4697 to.
1026 4644 1111 4698 De
1137 4672 1207 4683 —
1237 4658 1348 4699 me.
1387 4643 1536 4697 Justi
1566 4658 1819 4715 namque
1853 4645 2139 4702 indicium
2191 4652 2301 4716 est,

2486 4654 2612 4722 Περὶ
2649 4680 2718 4689 —
2768 4668 2851 4721 με.
2882 4654 3095 4702 Δικαίου
3151 4652 3253 4722 γὰρ
3310 4655 3587 4721 γνώρισμα
3612 4650 3665 4700 τὸ
3692 4636 3915 4713 πορεύεσθαι

644 4731 929 4789 accedere
977 4730 1055 4787 ad
1086 4730 1297 4794 Deum,
1330 4731 1629 4803 simulque
1670 4748 1809 4788 cum
1840 4748 1911 4790 eo
1942 4750 2093 4791 esse.
2153 4738 2254 4793 Nai

2411 4741 2538 4810 πρὸς
2588 4741 2675 4790 τὸν
2722 4742 2851 4791 Θεὸν
2899 4746 2990 4791 και
3047 4743 3277 4791 πνείνάι
3332 4739 3493 4809 αὐτῷ,
3523 4744 3678 4791 Τοῦτο
3703 4735 3787 4807 γὰρ
3818 4722 3914 4780 δηλοῖ

641 4819 757 4877 hoc
776 4820 1067 4890 signiﬁcat
1096 4836 1113 4874 :
1140 4822 1215 4875 Et
1245 4821 1497 4889 posthac
1516 4837 1635 4877 non
1667 4822 1938 4878 videbitis
1957 4840 2066 4880 me.
2100 4825 2251 4897 ltaqt

2299 4848 2302 4877 ε
2412 4830 2471 4879 τὸ
2499 4842 2514 4857 ·
2550 4832 2652 4881 Καὶ
2694 4827 2868 4880 οὐκέτι
2924 4829 3157 4901 θεωρεῖτέ
3194 4847 3277 4901 με.
3335 4832 3435 4882 Καὶ
3474 4827 3662 4888 λοιπὸν,
3690 4822 3727 4875 εἰ
3744 4823 3802 4892 μὴ
3826 4818 3909 4883 ξξιτν

641 4909 758 4967 nisi
800 4909 999 4981 justus
1070 4923 1288 4975 essem,
1344 4925 1469 4966 non
1531 4911 1878 4968 accederem
1924 4913 2002 4969 ad
2064 4915 2246 4972 Deum

2413 4913 2638 4986 δίκαιος,
2700 4916 2795 4969 οὐκ
2853 4915 2913 4968 ἂν
2944 4914 3260 4992 ἐπορευόμην
3297 4920 3426 4993 πρὸς
3468 4920 3554 4969 τὸν
3584 4916 3765 4984 Πατέρα
3801 4922 3812 4936 ’
3843 4906 3908 4955 πῦἱ

2424 2870 2577 2940 ἁγίου
2628 2874 2921 2942 Πνεύματος
2969 2869 3231 2923 τελείωσιν
3275 2890 3287 2901 ·
3317 2869 3413 2921 οὐκ
3472 2866 3534 2928 ἧν
3589 2864 3645 2921 δι
3688 2866 3798 2925 εἰκὸς
3830 2868 3921 2913 τοῦτΰ

2422 2956 2600 3015 ἐλθεῖν,
2648 2963 2720 3029 μὴ
2775 2957 3084 3019 ἀπελθόντος
3129 2966 3221 3010 τοῦ
3274 2960 3399 3011 Υἱού
3426 2975 3439 2987 ⁸
3492 2962 3647 3029 φησιν
3685 2957 3753 3005 ὅτι
3797 2958 3921 3018 Συμῖξσ

2419 3066 2499 3120 ρει
2553 3049 2689 3119 Spir,
2752 3050 2835 3099 ἱνα
2885 3046 2985 3118 ἐγὼ
3043 3046 3265 3111 ἀπελθω,
3347 3052 3442 3098 καὶ
3500 3049 3566 3098 τὰ
3634 3044 3752 3107 ἑξῆς.
3793 3038 3919 3106 Ὠσπίξ

2418 3138 2541 3208 γάρ,
2594 3135 2710 3188 Ἐάν
2794 3134 2895 3205 ὶγὼ
2971 3140 3042 3206 μὴ
3123 3134 3348 3200 ἀπέλθω,
3441 3136 3469 3186 6
3529 3131 3825 3205 Παράκλιςτος
3868 3124 3919 3176 si:

2419 3222 2682 3276 ἕλεύσεται
2711 3229 2840 3298 πρὸς
2864 3226 2996 3296 ὑμᾶς
3019 3242 3031 3254 ’
3075 3226 3210 3276 οὕτω
3242 3234 3352 3290 καὶ,
3385 3222 3474 3276 ἰὰν
3514 3225 3540 3275 6
3574 3213 3919 3294 Παράιλητοςοῦι

2419 3310 2680 3365 ἇλεύσεται
2718 3317 2842 3388 πρὸς
2868 3315 3019 3384 ὑμᾶς,
3046 3312 3107 3365 οὐ
3134 3312 3371 3370 τελειωθή
3382 3315 3558 3365 σεσθε.
3599 3313 3856 3379 Ἀναγκαῖον
3870 3298 3917 3353 οὖν

2416 3400 2593 3454 λοιπὸν
2654 3401 2742 3475 ἐμὲ
2795 3401 3048 3467 ἀπελθεῖν,
3122 3402 3505 3474 πεπληρωκότα
3542 3405 3598 3454 τὸ
3640 3403 3766 3471 ἔργον
3801 3396 3820 3446 ὁ
3856 3390 3917 3443 ita

2415 3495 2640 3549 ποιῆσαί
2669 3510 2753 3563 με,
2787 3492 2870 3543 ἵνα
2907 3492 2933 3543 6
2956 3490 3107 3553 ἄλλος
3134 3490 3471 3564 παράκλητος
3500 3489 3619 3563 ΰθῃ
3649 3492 3728 3540 καὶ
3750 3484 3915 3545 aliter;

2416 3580 2572 3652 ὑμᾶς.

2492 3674 2592 3721 Καὶ
2642 3667 2797 3721 ελθὼν
2847 3700 2910 3709 -
2975 3675 3217 3744 κρίσεως,
3298 3700 3368 3709 -
3450 3668 3687 3741 Ἐλέ-γξιί,
3761 3663 3921 3715 τουτέστι

2422 3753 2784 3810 Καταδικάσει
2836 3757 3001 3811 τέλεον
3051 3762 3173 3819 τοὺς
3236 3763 3519 3831 πονηροὺς,
3607 3752 3922 3821 ἀναπολογήτονέ

2417 3848 2752 3899 παντάπασιν
2802 3850 2918 3917 (52)
2977 3846 3239 3920 ἀποφήνῃ,
3294 3849 3438 3912 ὅταν,
3498 3846 3810 3901 ἀποθανόντος
3848 3854 3922 3908 μον,

2417 3938 2800 4008 παρασκευάσῃ
2860 3935 3069 4007 ὑψηλὰς
3124 3937 3237 4007 (53)
3270 3932 3626 3996 διδασκαλίας
3672 3937 3749 3985 καὶ
3772 3932 3923 4000 mm!

2419 4032 2613 4095 σημεῖα
2664 4024 3010 4078 ἕπιτελείσθαι
3062 4026 3180 4096 (Si)
3220 4024 3305 4078 ἰπὶ
3359 4034 3421 4098 τῇ
3464 4025 3644 4083 κλήσει
3694 4017 3923 4082 1665:6514-

2416 4118 2499 4174 τός
2527 4133 2647 4185 μου.
2689 4119 2751 4166 Ti
2799 4117 2899 4187 γὰρ
2953 4113 3158 4187 ἐροῦσιν
3198 4118 3273 4167 ἔτι
3321 4097 3434 4167 κατ’
3481 4113 3603 4186 ἐμοῦ
3652 4097 3920 4177 sile/07:03

2416 4208 2507 4254 καὶ
2536 4204 2882 4263 ἀποθανόντος
2942 4203 3231 4261 τηλικαῦτα
3258 4200 3483 4256 δύναται
3512 4207 3568 4256 τὸ
3619 4206 3761 4272 ὄνομα
3792 4200 3917 4267 μόνωέ

2416 4298 2612 4354 Ὄντως
2647 4289 2819 4347 οὐδέν.
2867 4289 2994 4346 Εἶτα
3033 4291 3363 4367 ἐφερμηνεύει
3390 4298 3481 4344 καὶ
3508 4290 3581 4363 ἐφ’
3606 4291 3672 4349 οἷς
3699 4284 3845 4355 ᾶέγξιι
3865 4276 3918 4328 r3-

2414 4400 2554 4443 τους.

2487 4475 2612 4539 Περὶ
2638 4500 2706 4511 -
2738 4469 2848 4543 ἔμε.
2882 4470 3139 4544 Ἀμαρτία
3165 4472 3268 4544 γὰρ
3299 4487 3669 4542 ασνγγνωστος
3694 4469 3745 4518 τὸ
3763 4465 3820 4534 μὴ
3844 4471 3917 4508 κη’

2794 3134 2895 3205 ἰγὼ
2971 3140 3042 3206 μὴ
3123 3134 3348 3200 ἀπέλθω,

710 5062 881 5120 toan.
922 5076 1044 5135 xui,
1076 5064 1167 5119 36.

1860 5190 2083 5260 Variae
2138 5193 2469 5265 lectiones
2512 5204 2579 5265 et
2615 5204 2820 5265 note.

700 5380 1173 5467 .(52).'A_1ro‘puwi
1229 5383 1674 5458 corrigendum,
1754 5387 1920 5460 quod
1969 5388 2294 5448 Hentenius

2405 5386 2771 5467 ἓπιτελείσθαι.
2796 5391 2991 5450 Malim
3011 5390 3155 5465 ergo
3179 5396 3317 5467 post
3341 5387 3699 5453 διδασκαλίας,
3720 5383 3898 5447 interi”

639 5454 819 5511 etiam
851 5454 1052 5511 habet.

706 5469 819 5510 tam
851 5466 1052 5511 habet.

706 5525 824 5598 (53)
879 5529 1106 5585 Durum
1176 5526 1314 5593 hoc,
1382 5531 1747 5602 παρασινάσέι
1799 5526 2162 5597 διδασαλὶκσς
2206 5538 2298 5589 καὶ

2403 5479 2547 5521 nere
2574 5466 2835 5536 γίνεσθαι.

1225 5543 1314 5593 oc,
1382 5531 1747 5602 παρασινάσέι
1799 5526 2162 5597 διδασαλὶκσς
2206 5538 2298 5589 καὶ
2477 5534 2594 5602 (54)
2622 5536 2833 5592 Τελείσο

2477 5534 2594 5610 (54)
2622 5536 2892 5592 Τελείσοαι
2931 5542 2988 5591 B.

732 5652 843 5723 xx)
871 5648 1138 5726 Spiritus
1161 5646 1378 5726 sgncti.
1425 5652 1803 5726 PerSpirtum
1832 5661 2138 5715 sanctum.

774 5728 833 5798 ν)
875 5724 1157 5783 Tandem.
1192 5724 1463 5782 Prorsus.
1489 5724 1656 5784 Forte
1678 5728 1824 5793 τελος
1861 5729 2144 5801 ςίηνοαίι.
