  <div class='ocr_page' id='page_1' title='image "/cluster/home/n/w/nwhite01/storage/ocr_20150623/129/hvd.32044019208511/926.png"; bbox 0 0 4076 6440; ppageno 0'>
   <div class='ocr_carea' id='block_1_1' title="bbox 115 417 262 477">
    <p class='ocr_par' dir='ltr' id='par_1_1' title="bbox 115 417 262 477">
     <span class='ocr_line' id='line_1_1' title="bbox 115 417 262 477; baseline -0.02 0"><span class='ocrx_word' id='word_1_1' title='bbox 115 417 262 477; x_wconf 68' lang='grc'><strong>1425</strong></span> 
     </span>
    </p>
   </div>
   <div class='ocr_carea' id='block_1_2' title="bbox 1092 385 2468 461">
    <p class='ocr_par' dir='ltr' id='par_1_2' title="bbox 1092 385 2468 461">
     <span class='ocr_line' id='line_1_2' title="bbox 1092 385 2468 461; baseline -0.015 0"><span class='ocrx_word' id='word_1_2' title='bbox 1092 399 1467 461; x_wconf 86' lang='lat' dir='ltr'><strong>COMMENT.</strong></span> <span class='ocrx_word' id='word_1_3' title='bbox 1513 397 1584 455; x_wconf 87' lang='lat' dir='ltr'><strong>IN</strong></span> <span class='ocrx_word' id='word_1_4' title='bbox 1621 390 1976 453; x_wconf 80' lang='lat' dir='ltr'><strong>JOANNEM.</strong></span> <span class='ocrx_word' id='word_1_5' title='bbox 2016 421 2085 435; x_wconf 87' lang='lat'><strong>-—</strong></span> <span class='ocrx_word' id='word_1_6' title='bbox 2123 388 2283 448; x_wconf 84' lang='lat' dir='ltr'><strong>CAP.</strong></span> <span class='ocrx_word' id='word_1_7' title='bbox 2323 385 2468 444; x_wconf 80' lang='lat' dir='ltr'><strong>XVI.</strong></span> 
     </span>
    </p>
   </div>
   <div class='ocr_carea' id='block_1_3' title="bbox 3345 368 3487 430">
    <p class='ocr_par' dir='ltr' id='par_1_3' title="bbox 3345 368 3487 430">
     <span class='ocr_line' id='line_1_3' title="bbox 3345 368 3487 430; baseline -0.014 0"><span class='ocrx_word' id='word_1_8' title='bbox 3345 368 3487 430; x_wconf 75' lang='grc'><strong>1426</strong></span> 
     </span>
    </p>
   </div>
   <div class='ocr_carea' id='block_1_4' title="bbox 115 497 1742 620">
    <p class='ocr_par' dir='ltr' id='par_1_4' title="bbox 115 525 1723 620">
     <span class='ocr_line' id='line_1_4' title="bbox 115 525 1723 620; baseline -0.014 -23"><span class='ocrx_word' id='word_1_9' title='bbox 115 547 224 620; x_wconf 80' lang='grc' dir='ltr'>γὰρ</span> <span class='ocrx_word' id='word_1_10' title='bbox 276 540 338 594; x_wconf 77' lang='grc' dir='ltr'>ἄν</span> <span class='ocrx_word' id='word_1_11' title='bbox 393 534 694 613; x_wconf 80' lang='grc' dir='ltr'>ἁμαρτωλὸς</span> <span class='ocrx_word' id='word_1_12' title='bbox 744 535 835 587; x_wconf 80' lang='grc' dir='ltr'><strong>καὶ</strong></span> <span class='ocrx_word' id='word_1_13' title='bbox 890 530 1078 592; x_wconf 91' lang='grc' dir='ltr'>πλάνος</span> <span class='ocrx_word' id='word_1_14' title='bbox 1133 533 1224 582; x_wconf 78' lang='grc' dir='ltr'><strong>καὶ</strong></span> <span class='ocrx_word' id='word_1_15' title='bbox 1269 528 1562 602; x_wconf 85' lang='grc' dir='ltr'>παράνομος</span> <span class='ocrx_word' id='word_1_16' title='bbox 1630 525 1723 575; x_wconf 80' lang='grc' dir='ltr'>καὶ</span> 
     </span>
    </p>
   </div>
   <div class='ocr_carea' id='block_1_5' title="bbox 1862 497 3485 620">
    <p class='ocr_par' dir='ltr' id='par_1_5' title="bbox 1862 497 3485 620">
     <span class='ocr_line' id='line_1_5' title="bbox 1862 497 3485 592; baseline -0.014 -16"><span class='ocrx_word' id='word_1_17' title='bbox 1862 515 2135 592; x_wconf 87' lang='lat' dir='ltr'><strong>[uomodo</strong></span> <span class='ocrx_word' id='word_1_18' title='bbox 2184 528 2451 586; x_wconf 81' lang='lat' dir='ltr'><strong>namque</strong></span> <span class='ocrx_word' id='word_1_19' title='bbox 2511 509 2789 583; x_wconf 78' lang='lat' dir='ltr'><strong>peccator</strong></span> <span class='ocrx_word' id='word_1_20' title='bbox 2849 517 2920 561; x_wconf 90' lang='lat' dir='ltr'><strong>ac</strong></span> <span class='ocrx_word' id='word_1_21' title='bbox 2979 497 3282 568; x_wconf 81' lang='lat' dir='ltr'><strong>seductOr,</strong></span> <span class='ocrx_word' id='word_1_22' title='bbox 3337 499 3485 568; x_wconf 81' lang='lat' dir='ltr'><strong>legis</strong></span> 
     </span>
     <span class='ocr_line' id='line_1_6' title="bbox 2341 589 3485 620; baseline 0 0"><span class='ocrx_word' id='word_1_23' title='bbox 2341 607 2379 620; x_wconf 65' lang='grc' dir='ltr'><strong><em>η</em></strong></span> <span class='ocrx_word' id='word_1_24' title='bbox 2396 618 2409 620; x_wconf 83' lang='lat'>_</span> <span class='ocrx_word' id='word_1_25' title='bbox 2424 603 2436 620; x_wconf 71' lang='grc' dir='ltr'><strong>ε</strong></span> <span class='ocrx_word' id='word_1_26' title='bbox 2453 617 2520 620; x_wconf 26' lang='grc' dir='ltr'>μή</span> <span class='ocrx_word' id='word_1_27' title='bbox 2539 617 2555 620; x_wconf 80' lang='lat'>_</span> <span class='ocrx_word' id='word_1_28' title='bbox 2648 616 2671 620; x_wconf 77' lang='lat'>_</span> <span class='ocrx_word' id='word_1_29' title='bbox 2692 593 3019 620; x_wconf 69' lang='lat' dir='ltr'><strong>.I_-..--..:....</strong></span> <span class='ocrx_word' id='word_1_30' title='bbox 3146 589 3485 620; x_wconf 66' lang='grc' dir='ltr'><strong>..Α-κιιηὲ-ιιι</strong></span> 
     </span>
    </p>
   </div>
   <div class='ocr_carea' id='block_1_6' title="bbox 120 615 1724 702">
    <p class='ocr_par' dir='ltr' id='par_1_6' title="bbox 120 615 1724 702">
     <span class='ocr_line' id='line_1_7' title="bbox 120 615 1724 702; baseline -0.014 -15"><span class='ocrx_word' id='word_1_31' title='bbox 120 615 352 692; x_wconf 75' lang='grc' dir='ltr'>ἆντίθεος</span> <span class='ocrx_word' id='word_1_32' title='bbox 380 629 652 702; x_wconf 73' lang='grc' dir='ltr'><strong>πορευθείη</strong></span> <span class='ocrx_word' id='word_1_33' title='bbox 689 627 815 700; x_wconf 89' lang='grc' dir='ltr'>πρὸς</span> <span class='ocrx_word' id='word_1_34' title='bbox 853 625 939 676; x_wconf 90' lang='grc' dir='ltr'>τὸν</span> <span class='ocrx_word' id='word_1_35' title='bbox 970 617 1173 674; x_wconf 83' lang='grc' dir='ltr'>δίκαιον</span> <span class='ocrx_word' id='word_1_36' title='bbox 1221 621 1312 670; x_wconf 83' lang='grc' dir='ltr'>καὶ</span> <span class='ocrx_word' id='word_1_37' title='bbox 1356 615 1595 674; x_wconf 78' lang='grc' dir='ltr'>ἀληθινὸν</span> <span class='ocrx_word' id='word_1_38' title='bbox 1633 615 1724 664; x_wconf 78' lang='grc' dir='ltr'>καὶ</span> 
     </span>
    </p>
   </div>
   <div class='ocr_carea' id='block_1_7' title="bbox 121 719 714 793">
    <p class='ocr_par' dir='ltr' id='par_1_7' title="bbox 121 719 714 793">
     <span class='ocr_line' id='line_1_8' title="bbox 121 719 714 793; baseline -0.012 -19"><span class='ocrx_word' id='word_1_39' title='bbox 121 722 408 793; x_wconf 78' lang='grc' dir='ltr'><strong>νομοθέτην</strong></span> <span class='ocrx_word' id='word_1_40' title='bbox 427 722 519 770; x_wconf 84' lang='grc' dir='ltr'>καὶ</span> <span class='ocrx_word' id='word_1_41' title='bbox 549 719 676 770; x_wconf 85' lang='grc' dir='ltr'><strong>Θεὸν</strong></span> <span class='ocrx_word' id='word_1_42' title='bbox 700 730 714 781; x_wconf 87' lang='lat'>;</span> 
     </span>
    </p>
   </div>
   <div class='ocr_carea' id='block_1_8' title="bbox 203 877 1728 959">
    <p class='ocr_par' dir='ltr' id='par_1_8' title="bbox 203 877 1728 959">
     <span class='ocr_line' id='line_1_9' title="bbox 203 877 1728 959; baseline -0.012 -10"><span class='ocrx_word' id='word_1_43' title='bbox 203 900 305 950; x_wconf 78' lang='grc' dir='ltr'><strong>Καὶ</strong></span> <span class='ocrx_word' id='word_1_44' title='bbox 348 895 501 946; x_wconf 85' lang='grc' dir='ltr'>πόθεν</span> <span class='ocrx_word' id='word_1_45' title='bbox 540 887 699 950; x_wconf 83' lang='grc' dir='ltr'>δῆλον</span> <span class='ocrx_word' id='word_1_46' title='bbox 730 890 811 942; x_wconf 84' lang='grc' dir='ltr'>ὅτι</span> <span class='ocrx_word' id='word_1_47' title='bbox 865 888 997 959; x_wconf 88' lang='grc' dir='ltr'>πρὸς</span> <span class='ocrx_word' id='word_1_48' title='bbox 1051 887 1138 937; x_wconf 88' lang='grc' dir='ltr'>τὸν</span> <span class='ocrx_word' id='word_1_49' title='bbox 1193 885 1320 936; x_wconf 80' lang='grc' dir='ltr'><strong>Θεὸν</strong></span> <span class='ocrx_word' id='word_1_50' title='bbox 1377 879 1491 952; x_wconf 80' lang='lat'><strong>(55)</strong></span> <span class='ocrx_word' id='word_1_51' title='bbox 1530 877 1728 939; x_wconf 78' lang='grc' dir='ltr'>ἀπῆλθε</span> 
     </span>
    </p>
   </div>
   <div class='ocr_carea' id='block_1_9' title="bbox 124 967 1726 1050">
    <p class='ocr_par' dir='ltr' id='par_1_9' title="bbox 124 967 1726 1050">
     <span class='ocr_line' id='line_1_10' title="bbox 124 967 1726 1050; baseline -0.012 -12"><span class='ocrx_word' id='word_1_52' title='bbox 124 990 220 1038; x_wconf 87' lang='grc' dir='ltr'>καὶ</span> <span class='ocrx_word' id='word_1_53' title='bbox 273 987 508 1037; x_wconf 76' lang='grc' dir='ltr'><strong>σύνεστιν</strong></span> <span class='ocrx_word' id='word_1_54' title='bbox 573 979 753 1050; x_wconf 83' lang='grc' dir='ltr'>αύτῷ;</span> <span class='ocrx_word' id='word_1_55' title='bbox 826 978 1020 1038; x_wconf 86' lang='grc' dir='ltr'>Πόθεν;</span> <span class='ocrx_word' id='word_1_56' title='bbox 1075 975 1207 1026; x_wconf 86' lang='grc' dir='ltr'><strong>Ἀπὸ</strong></span> <span class='ocrx_word' id='word_1_57' title='bbox 1279 978 1376 1032; x_wconf 81' lang='grc' dir='ltr'>τῆς</span> <span class='ocrx_word' id='word_1_58' title='bbox 1430 976 1522 1022; x_wconf 81' lang='grc' dir='ltr'><strong>τοῦ</strong></span> <span class='ocrx_word' id='word_1_59' title='bbox 1571 967 1726 1041; x_wconf 83' lang='grc' dir='ltr'>ἁγίου</span> 
     </span>
    </p>
   </div>
   <div class='ocr_carea' id='block_1_10' title="bbox 129 1059 1727 1146">
    <p class='ocr_par' dir='ltr' id='par_1_10' title="bbox 129 1059 1727 1146">
     <span class='ocr_line' id='line_1_11' title="bbox 129 1059 1727 1146; baseline -0.013 -18"><span class='ocrx_word' id='word_1_60' title='bbox 129 1076 429 1146; x_wconf 86' lang='grc' dir='ltr'>Πνεύματος</span> <span class='ocrx_word' id='word_1_61' title='bbox 479 1073 792 1143; x_wconf 78' lang='grc' dir='ltr'><strong>μαρτυρίας,</strong></span> <span class='ocrx_word' id='word_1_62' title='bbox 845 1073 936 1126; x_wconf 82' lang='grc' dir='ltr'>τῆς</span> <span class='ocrx_word' id='word_1_63' title='bbox 993 1061 1066 1117; x_wconf 82' lang='grc' dir='ltr'><strong>δι’</strong></span> <span class='ocrx_word' id='word_1_64' title='bbox 1127 1059 1425 1133; x_wconf 76' lang='grc' dir='ltr'>ἓλλάμψεως</span> <span class='ocrx_word' id='word_1_65' title='bbox 1480 1061 1572 1110; x_wconf 87' lang='grc' dir='ltr'>καὶ</span> <span class='ocrx_word' id='word_1_66' title='bbox 1633 1074 1727 1113; x_wconf 83' lang='grc' dir='ltr'><strong>ση-</strong></span> 
     </span>
    </p>
   </div>
   <div class='ocr_carea' id='block_1_11' title="bbox 125 1147 1729 1237">
    <p class='ocr_par' dir='ltr' id='par_1_11' title="bbox 125 1147 1729 1237">
     <span class='ocr_line' id='line_1_12' title="bbox 125 1147 1729 1237; baseline -0.012 -21"><span class='ocrx_word' id='word_1_67' title='bbox 125 1167 311 1237; x_wconf 88' lang='grc' dir='ltr'>μείων,</span> <span class='ocrx_word' id='word_1_68' title='bbox 366 1163 434 1223; x_wconf 84' lang='grc' dir='ltr'>ὡς</span> <span class='ocrx_word' id='word_1_69' title='bbox 472 1162 798 1235; x_wconf 81' lang='grc' dir='ltr'>προείρηται,</span> <span class='ocrx_word' id='word_1_70' title='bbox 849 1154 935 1208; x_wconf 73' lang='grc' dir='ltr'>ἐπὶ</span> <span class='ocrx_word' id='word_1_71' title='bbox 982 1160 1054 1225; x_wconf 80' lang='grc' dir='ltr'>τῷ</span> <span class='ocrx_word' id='word_1_72' title='bbox 1102 1150 1317 1224; x_wconf 84' lang='grc' dir='ltr'>ὀνόματι</span> <span class='ocrx_word' id='word_1_73' title='bbox 1365 1147 1526 1202; x_wconf 78' lang='grc' dir='ltr'>αὐτοῦ</span> <span class='ocrx_word' id='word_1_74' title='bbox 1580 1165 1729 1219; x_wconf 83' lang='grc' dir='ltr'>γινο-</span> 
     </span>
    </p>
   </div>
   <div class='ocr_carea' id='block_1_12' title="bbox 125 1249 449 1326">
    <p class='ocr_par' dir='ltr' id='par_1_12' title="bbox 125 1249 449 1326">
     <span class='ocr_line' id='line_1_13' title="bbox 125 1249 449 1326; baseline -0.006 -19"><span class='ocrx_word' id='word_1_75' title='bbox 125 1256 288 1326; x_wconf 81' lang='grc' dir='ltr'><strong>μένης</strong></span> <span class='ocrx_word' id='word_1_76' title='bbox 313 1249 449 1322; x_wconf 76' lang='lat'><strong>(56).</strong></span> 
     </span>
    </p>
   </div>
   <div class='ocr_carea' id='block_1_13' title="bbox 201 1321 1731 1410">
    <p class='ocr_par' dir='ltr' id='par_1_13' title="bbox 201 1321 1731 1410">
     <span class='ocr_line' id='line_1_14' title="bbox 201 1321 1731 1410; baseline -0.013 -17"><span class='ocrx_word' id='word_1_77' title='bbox 201 1341 394 1394; x_wconf 76' lang='grc' dir='ltr'>Οὐκέτι</span> <span class='ocrx_word' id='word_1_78' title='bbox 456 1334 515 1390; x_wconf 67' lang='grc' dir='ltr'>δε</span> <span class='ocrx_word' id='word_1_79' title='bbox 575 1338 808 1410; x_wconf 87' lang='grc' dir='ltr'>θεωρείτὲ</span> <span class='ocrx_word' id='word_1_80' title='bbox 873 1351 954 1406; x_wconf 86' lang='grc' dir='ltr'><strong>με,</strong></span> <span class='ocrx_word' id='word_1_81' title='bbox 1014 1332 1146 1403; x_wconf 86' lang='grc' dir='ltr'>μετὰ</span> <span class='ocrx_word' id='word_1_82' title='bbox 1189 1337 1286 1390; x_wconf 84' lang='grc' dir='ltr'>τῆς</span> <span class='ocrx_word' id='word_1_83' title='bbox 1338 1334 1427 1378; x_wconf 86' lang='grc' dir='ltr'><strong>νῦν</strong></span> <span class='ocrx_word' id='word_1_84' title='bbox 1486 1321 1731 1383; x_wconf 79' lang='grc' dir='ltr'>δηλονότι</span> 
     </span>
    </p>
   </div>
   <div class='ocr_carea' id='block_1_14' title="bbox 125 1409 1731 1495">
    <p class='ocr_par' dir='ltr' id='par_1_14' title="bbox 125 1409 1731 1495">
     <span class='ocr_line' id='line_1_15' title="bbox 125 1409 1731 1495; baseline -0.012 -12"><span class='ocrx_word' id='word_1_85' title='bbox 125 1426 352 1493; x_wconf 78' lang='grc' dir='ltr'><strong>ἀδοξίας</strong></span> <span class='ocrx_word' id='word_1_86' title='bbox 395 1431 485 1480; x_wconf 84' lang='grc' dir='ltr'>καὶ</span> <span class='ocrx_word' id='word_1_87' title='bbox 517 1424 792 1485; x_wconf 85' lang='grc' dir='ltr'><strong>εύτελείας⁹</strong></span> <span class='ocrx_word' id='word_1_88' title='bbox 828 1421 1030 1495; x_wconf 73' lang='grc' dir='ltr'>ἔμελλον</span> <span class='ocrx_word' id='word_1_89' title='bbox 1076 1421 1178 1494; x_wconf 82' lang='grc' dir='ltr'>γὰρ</span> <span class='ocrx_word' id='word_1_90' title='bbox 1224 1416 1379 1469; x_wconf 75' lang='grc' dir='ltr'>αὐτὸν</span> <span class='ocrx_word' id='word_1_91' title='bbox 1427 1415 1570 1489; x_wconf 83' lang='grc' dir='ltr'>ὀρᾷν,</span> <span class='ocrx_word' id='word_1_92' title='bbox 1621 1409 1731 1464; x_wconf 82' lang='grc' dir='ltr'>ἀλλ’</span> 
     </span>
    </p>
   </div>
   <div class='ocr_carea' id='block_1_15' title="bbox 126 1519 721 1591">
    <p class='ocr_par' dir='ltr' id='par_1_15' title="bbox 126 1519 721 1591">
     <span class='ocr_line' id='line_1_16' title="bbox 126 1519 721 1591; baseline -0.008 -20"><span class='ocrx_word' id='word_1_93' title='bbox 126 1519 236 1591; x_wconf 76' lang='grc' dir='ltr'>οὑχ</span> <span class='ocrx_word' id='word_1_94' title='bbox 268 1520 339 1581; x_wconf 85' lang='grc' dir='ltr'>ὡς</span> <span class='ocrx_word' id='word_1_95' title='bbox 367 1520 422 1569; x_wconf 89' lang='grc' dir='ltr'>τὸ</span> <span class='ocrx_word' id='word_1_96' title='bbox 449 1520 721 1589; x_wconf 86' lang='grc' dir='ltr'>πρότερον.</span> 
     </span>
    </p>
   </div>
   <div class='ocr_carea' id='block_1_16' title="bbox 204 1593 1731 1680">
    <p class='ocr_par' dir='ltr' id='par_1_16' title="bbox 204 1593 1731 1680">
     <span class='ocr_line' id='line_1_17' title="bbox 204 1593 1731 1680; baseline -0.012 -19"><span class='ocrx_word' id='word_1_97' title='bbox 204 1611 332 1680; x_wconf 85' lang='grc' dir='ltr'>Περὶ</span> <span class='ocrx_word' id='word_1_98' title='bbox 369 1637 427 1646; x_wconf 90' lang='lat'><strong>-—</strong></span> <span class='ocrx_word' id='word_1_99' title='bbox 455 1609 708 1676; x_wconf 75' lang='grc' dir='ltr'>κέκριται.</span> <span class='ocrx_word' id='word_1_100' title='bbox 739 1599 861 1654; x_wconf 83' lang='grc' dir='ltr'>Ὀτι</span> <span class='ocrx_word' id='word_1_101' title='bbox 891 1600 916 1652; x_wconf 98' lang='lat'><strong>6</strong></span> <span class='ocrx_word' id='word_1_102' title='bbox 942 1595 1186 1660; x_wconf 81' lang='grc' dir='ltr'>διάϐολος</span> <span class='ocrx_word' id='word_1_103' title='bbox 1232 1598 1606 1666; x_wconf 78' lang='grc' dir='ltr'><strong>κατακέκριται</strong></span> <span class='ocrx_word' id='word_1_104' title='bbox 1642 1593 1731 1642; x_wconf 80' lang='grc' dir='ltr'>καὶ</span> 
     </span>
    </p>
   </div>
   <div class='ocr_carea' id='block_1_17' title="bbox 128 1681 1734 1759">
    <p class='ocr_par' dir='ltr' id='par_1_17' title="bbox 128 1681 1734 1759">
     <span class='ocr_line' id='line_1_18' title="bbox 128 1681 1734 1759; baseline -0.012 -9"><span class='ocrx_word' id='word_1_105' title='bbox 128 1697 438 1754; x_wconf 73' lang='grc' dir='ltr'>ἒκϐἐϐληται</span> <span class='ocrx_word' id='word_1_106' title='bbox 483 1702 579 1756; x_wconf 78' lang='grc' dir='ltr'>τῆς</span> <span class='ocrx_word' id='word_1_107' title='bbox 624 1689 938 1750; x_wconf 85' lang='grc' dir='ltr'>δυναστείας</span> <span class='ocrx_word' id='word_1_108' title='bbox 976 1688 1154 1752; x_wconf 77' lang='grc' dir='ltr'>αὐτοῦ,</span> <span class='ocrx_word' id='word_1_109' title='bbox 1204 1689 1392 1759; x_wconf 79' lang='grc' dir='ltr'>μηκέτι</span> <span class='ocrx_word' id='word_1_110' title='bbox 1449 1681 1734 1753; x_wconf 85' lang='grc' dir='ltr'>δυνάμενος</span> 
     </span>
    </p>
   </div>
   <div class='ocr_carea' id='block_1_18' title="bbox 129 1767 1736 1858">
    <p class='ocr_par' dir='ltr' id='par_1_18' title="bbox 129 1767 1736 1858">
     <span class='ocr_line' id='line_1_19' title="bbox 129 1767 1736 1858; baseline -0.012 -18"><span class='ocrx_word' id='word_1_111' title='bbox 129 1787 262 1848; x_wconf 82' lang='grc' dir='ltr'>ὅλως</span> <span class='ocrx_word' id='word_1_112' title='bbox 306 1789 469 1858; x_wconf 77' lang='grc' dir='ltr'>φερειν</span> <span class='ocrx_word' id='word_1_113' title='bbox 525 1786 584 1834; x_wconf 80' lang='grc' dir='ltr'>τὸ</span> <span class='ocrx_word' id='word_1_114' title='bbox 637 1779 755 1853; x_wconf 74' lang='grc' dir='ltr'>ἇμὸν</span> <span class='ocrx_word' id='word_1_115' title='bbox 786 1783 966 1852; x_wconf 78' lang='grc' dir='ltr'>ὄνομα,</span> <span class='ocrx_word' id='word_1_116' title='bbox 1011 1776 1141 1829; x_wconf 81' lang='grc' dir='ltr'>ἀλλὰ</span> <span class='ocrx_word' id='word_1_117' title='bbox 1189 1777 1492 1848; x_wconf 82' lang='grc' dir='ltr'>παραυτίκα</span> <span class='ocrx_word' id='word_1_118' title='bbox 1540 1767 1736 1844; x_wconf 71' lang='grc' dir='ltr'>δραπε-</span> 
     </span>
    </p>
   </div>
   <div class='ocr_carea' id='block_1_19' title="bbox 1835 589 3490 680">
    <p class='ocr_par' dir='ltr' id='par_1_19' title="bbox 1835 589 3490 680">
     <span class='ocr_line' id='line_1_20' title="bbox 1835 589 3490 680; baseline -0.013 -12"><span class='ocrx_word' id='word_1_119' title='bbox 1835 589 2264 680; x_wconf 71' lang='lat' dir='ltr'><strong>transgressor,</strong></span> <span class='ocrx_word' id='word_1_120' title='bbox 2339 603 2562 675; x_wconf 85' lang='lat' dir='ltr'><strong>Deique</strong></span> <span class='ocrx_word' id='word_1_121' title='bbox 2645 593 3041 662; x_wconf 82' lang='lat' dir='ltr'><strong>adversarius,</strong></span> <span class='ocrx_word' id='word_1_122' title='bbox 3146 589 3490 664; x_wconf 89' lang='lat' dir='ltr'><strong>perveniret</strong></span> 
     </span>
    </p>
   </div>
   <div class='ocr_carea' id='block_1_20' title="bbox 1835 679 3488 768">
    <p class='ocr_par' dir='ltr' id='par_1_20' title="bbox 1835 679 3488 768">
     <span class='ocr_line' id='line_1_21' title="bbox 1835 679 3488 768; baseline -0.013 -12"><span class='ocrx_word' id='word_1_123' title='bbox 1835 699 1912 756; x_wconf 85' lang='lat' dir='ltr'><strong>ad</strong></span> <span class='ocrx_word' id='word_1_124' title='bbox 1982 679 2121 754; x_wconf 87' lang='lat' dir='ltr'><strong>eum</strong></span> <span class='ocrx_word' id='word_1_125' title='bbox 2188 693 2294 768; x_wconf 87' lang='lat' dir='ltr'><strong>qui</strong></span> <span class='ocrx_word' id='word_1_126' title='bbox 2357 692 2556 764; x_wconf 88' lang='lat' dir='ltr'><strong>justus</strong></span> <span class='ocrx_word' id='word_1_127' title='bbox 2621 693 2730 760; x_wconf 89' lang='lat' dir='ltr'><strong>est,</strong></span> <span class='ocrx_word' id='word_1_128' title='bbox 2800 697 3006 748; x_wconf 85' lang='lat' dir='ltr'><strong>verax,</strong></span> <span class='ocrx_word' id='word_1_129' title='bbox 3069 679 3372 753; x_wconf 80' lang='lat' dir='ltr'><strong>legislator</strong></span> <span class='ocrx_word' id='word_1_130' title='bbox 3415 692 3488 736; x_wconf 89' lang='lat' dir='ltr'><strong>ac</strong></span> 
     </span>
    </p>
   </div>
   <div class='ocr_carea' id='block_1_21' title="bbox 1837 788 3490 941">
    <p class='ocr_par' dir='ltr' id='par_1_21' title="bbox 1837 788 3490 941">
     <span class='ocr_line' id='line_1_22' title="bbox 1837 788 3490 941; baseline -0.013 -6"><span class='ocrx_word' id='word_1_131' title='bbox 1837 788 2041 936; x_wconf 51' lang='lat'><strong>063:;</strong></span> <span class='ocrx_word' id='word_1_132' title='bbox 2063 875 2224 931; x_wconf 87' lang='lat' dir='ltr'><strong>unde</strong></span> <span class='ocrx_word' id='word_1_133' title='bbox 2250 871 2630 929; x_wconf 76' lang='lat' dir='ltr'><strong>manifestum</strong></span> <span class='ocrx_word' id='word_1_134' title='bbox 2655 867 2782 934; x_wconf 88' lang='lat' dir='ltr'><strong>erit,</strong></span> <span class='ocrx_word' id='word_1_135' title='bbox 2801 866 2966 941; x_wconf 90' lang='lat' dir='ltr'><strong>quod</strong></span> <span class='ocrx_word' id='word_1_136' title='bbox 2995 863 3075 922; x_wconf 90' lang='lat' dir='ltr'><strong>ad</strong></span> <span class='ocrx_word' id='word_1_137' title='bbox 3103 865 3291 920; x_wconf 90' lang='lat' dir='ltr'><strong>Deum</strong></span> <span class='ocrx_word' id='word_1_138' title='bbox 3313 857 3490 916; x_wconf 84' lang='lat' dir='ltr'><strong>abeat</strong></span> 
     </span>
    </p>
   </div>
   <div class='ocr_carea' id='block_1_22' title="bbox 1837 947 3489 1032">
    <p class='ocr_par' dir='ltr' id='par_1_22' title="bbox 1837 947 3489 1032">
     <span class='ocr_line' id='line_1_23' title="bbox 1837 947 3489 1032; baseline -0.012 -10"><span class='ocrx_word' id='word_1_139' title='bbox 1837 973 2057 1024; x_wconf 86' lang='lat' dir='ltr'><strong>etcum</strong></span> <span class='ocrx_word' id='word_1_140' title='bbox 2084 980 2156 1023; x_wconf 92' lang='lat' dir='ltr'><strong>eo</strong></span> <span class='ocrx_word' id='word_1_141' title='bbox 2185 964 2259 1019; x_wconf 85' lang='lat' dir='ltr'><strong>sit</strong></span> <span class='ocrx_word' id='word_1_142' title='bbox 2283 963 2312 1018; x_wconf 73' lang='lat' dir='ltr'><strong>‘I</strong></span> <span class='ocrx_word' id='word_1_143' title='bbox 2343 962 2525 1019; x_wconf 85' lang='lat' dir='ltr'><strong>Unde.</strong></span> <span class='ocrx_word' id='word_1_144' title='bbox 2553 959 2602 1014; x_wconf 86' lang='lat' dir='ltr'><strong>A</strong></span> <span class='ocrx_word' id='word_1_145' title='bbox 2629 957 2880 1032; x_wconf 81' lang='lat' dir='ltr'><strong>Spiritus</strong></span> <span class='ocrx_word' id='word_1_146' title='bbox 2905 953 3096 1012; x_wconf 78' lang='lat' dir='ltr'><strong>sancti</strong></span> <span class='ocrx_word' id='word_1_147' title='bbox 3125 947 3489 1016; x_wconf 87' lang='lat' dir='ltr'><strong>testimonio,</strong></span> 
     </span>
    </p>
   </div>
   <div class='ocr_carea' id='block_1_23' title="bbox 1841 1040 3490 1132">
    <p class='ocr_par' dir='ltr' id='par_1_23' title="bbox 1841 1040 3490 1132">
     <span class='ocr_line' id='line_1_24' title="bbox 1841 1040 3490 1132; baseline -0.013 -18"><span class='ocrx_word' id='word_1_148' title='bbox 1841 1075 1944 1132; x_wconf 82' lang='lat' dir='ltr'><strong>per</strong></span> <span class='ocrx_word' id='word_1_149' title='bbox 1974 1054 2436 1119; x_wconf 69' lang='lat' dir='ltr'><strong>illusta-ationem,</strong></span> <span class='ocrx_word' id='word_1_150' title='bbox 2486 1053 2554 1106; x_wconf 89' lang='lat' dir='ltr'><strong>ut</strong></span> <span class='ocrx_word' id='word_1_151' title='bbox 2577 1047 2804 1105; x_wconf 89' lang='lat' dir='ltr'><strong>dictum</strong></span> <span class='ocrx_word' id='word_1_152' title='bbox 2835 1049 2942 1112; x_wconf 88' lang='lat' dir='ltr'><strong>est,</strong></span> <span class='ocrx_word' id='word_1_153' title='bbox 2971 1058 3044 1102; x_wconf 92' lang='lat' dir='ltr'><strong>ac</strong></span> <span class='ocrx_word' id='word_1_154' title='bbox 3105 1040 3299 1113; x_wconf 86' lang='lat' dir='ltr'><strong>signa,</strong></span> <span class='ocrx_word' id='word_1_155' title='bbox 3353 1053 3490 1112; x_wconf 68' lang='lat' dir='ltr'><strong>qua</strong></span> 
     </span>
    </p>
   </div>
   <div class='ocr_carea' id='block_1_24' title="bbox 1839 1140 2641 1222">
    <p class='ocr_par' dir='ltr' id='par_1_24' title="bbox 1839 1140 2641 1222">
     <span class='ocr_line' id='line_1_25' title="bbox 1839 1140 2641 1222; baseline -0.015 -15"><span class='ocrx_word' id='word_1_156' title='bbox 1839 1164 1946 1222; x_wconf 89' lang='lat' dir='ltr'><strong>per</strong></span> <span class='ocrx_word' id='word_1_157' title='bbox 1968 1159 2192 1204; x_wconf 84' lang='lat' dir='ltr'><strong>nomen</strong></span> <span class='ocrx_word' id='word_1_158' title='bbox 2215 1143 2345 1215; x_wconf 86' lang='lat' dir='ltr'><strong>ejus</strong></span> <span class='ocrx_word' id='word_1_159' title='bbox 2369 1140 2641 1198; x_wconf 90' lang='lat' dir='ltr'><strong>edentur.</strong></span> 
     </span>
    </p>
   </div>
   <div class='ocr_carea' id='block_1_25' title="bbox 1912 1305 3492 1384">
    <p class='ocr_par' dir='ltr' id='par_1_25' title="bbox 1912 1305 3492 1384">
     <span class='ocr_line' id='line_1_26' title="bbox 1912 1305 3492 1384; baseline -0.011 -2"><span class='ocrx_word' id='word_1_160' title='bbox 1912 1325 2160 1384; x_wconf 80' lang='lat' dir='ltr'><strong>Posthac</strong></span> <span class='ocrx_word' id='word_1_161' title='bbox 2185 1325 2386 1380; x_wconf 90' lang='lat' dir='ltr'><strong>autem</strong></span> <span class='ocrx_word' id='word_1_162' title='bbox 2402 1334 2522 1377; x_wconf 88' lang='lat' dir='ltr'><strong>non</strong></span> <span class='ocrx_word' id='word_1_163' title='bbox 2541 1315 2817 1374; x_wconf 76' lang='lat' dir='ltr'><strong>videbitis</strong></span> <span class='ocrx_word' id='word_1_164' title='bbox 2835 1328 2954 1381; x_wconf 92' lang='lat' dir='ltr'><strong>me,</strong></span> <span class='ocrx_word' id='word_1_165' title='bbox 2983 1325 3124 1368; x_wconf 92' lang='lat' dir='ltr'><strong>cum</strong></span> <span class='ocrx_word' id='word_1_166' title='bbox 3147 1309 3264 1367; x_wconf 86' lang='lat' dir='ltr'><strong>hac</strong></span> <span class='ocrx_word' id='word_1_167' title='bbox 3289 1305 3492 1365; x_wconf 83' lang='lat' dir='ltr'><strong>videli-</strong></span> 
     </span>
    </p>
   </div>
   <div class='ocr_carea' id='block_1_26' title="bbox 1841 1396 3492 1486">
    <p class='ocr_par' dir='ltr' id='par_1_26' title="bbox 1841 1396 3492 1486">
     <span class='ocr_line' id='line_1_27' title="bbox 1841 1396 3492 1486; baseline -0.013 -12"><span class='ocrx_word' id='word_1_168' title='bbox 1841 1421 1933 1474; x_wconf 90' lang='lat' dir='ltr'><strong>cet</strong></span> <span class='ocrx_word' id='word_1_169' title='bbox 1962 1412 2286 1486; x_wconf 77' lang='lat' dir='ltr'><strong>ignominia</strong></span> <span class='ocrx_word' id='word_1_170' title='bbox 2315 1414 2373 1468; x_wconf 88' lang='lat' dir='ltr'><strong>et</strong></span> <span class='ocrx_word' id='word_1_171' title='bbox 2413 1406 2766 1480; x_wconf 88' lang='lat' dir='ltr'><strong>abjectione,</strong></span> <span class='ocrx_word' id='word_1_172' title='bbox 2799 1401 3099 1478; x_wconf 84' lang='lat' dir='ltr'><strong>siquidem</strong></span> <span class='ocrx_word' id='word_1_173' title='bbox 3139 1396 3328 1456; x_wconf 82' lang='lat' dir='ltr'><strong>visuri</strong></span> <span class='ocrx_word' id='word_1_174' title='bbox 3351 1411 3492 1454; x_wconf 87' lang='lat' dir='ltr'><strong>eum</strong></span> 
     </span>
    </p>
   </div>
   <div class='ocr_carea' id='block_1_27' title="bbox 1842 1498 2636 1573">
    <p class='ocr_par' dir='ltr' id='par_1_27' title="bbox 1842 1498 2636 1573">
     <span class='ocr_line' id='line_1_28' title="bbox 1842 1498 2636 1573; baseline -0.015 -9"><span class='ocrx_word' id='word_1_175' title='bbox 1842 1511 2030 1570; x_wconf 88' lang='lat' dir='ltr'><strong>erant,</strong></span> <span class='ocrx_word' id='word_1_176' title='bbox 2063 1503 2166 1559; x_wconf 89' lang='lat' dir='ltr'><strong>sed</strong></span> <span class='ocrx_word' id='word_1_177' title='bbox 2197 1517 2316 1558; x_wconf 92' lang='lat' dir='ltr'><strong>non</strong></span> <span class='ocrx_word' id='word_1_178' title='bbox 2355 1503 2420 1556; x_wconf 92' lang='lat' dir='ltr'><strong>ut</strong></span> <span class='ocrx_word' id='word_1_179' title='bbox 2445 1498 2636 1573; x_wconf 90' lang='lat' dir='ltr'><strong>prius.</strong></span> 
     </span>
    </p>
   </div>
   <div class='ocr_carea' id='block_1_28' title="bbox 1905 1577 3498 1660">
    <p class='ocr_par' dir='ltr' id='par_1_28' title="bbox 1905 1577 3498 1660">
     <span class='ocr_line' id='line_1_29' title="bbox 1905 1577 3498 1660; baseline -0.012 -10"><span class='ocrx_word' id='word_1_180' title='bbox 1905 1599 2069 1652; x_wconf 90' lang='lat' dir='ltr'><strong>Vers.</strong></span> <span class='ocrx_word' id='word_1_181' title='bbox 2108 1595 2197 1649; x_wconf 82' lang='grc'><strong>11.</strong></span> <span class='ocrx_word' id='word_1_182' title='bbox 2234 1594 2316 1648; x_wconf 86' lang='lat' dir='ltr'><strong>De</strong></span> <span class='ocrx_word' id='word_1_183' title='bbox 2339 1621 2404 1632; x_wconf 92' lang='lat'>—</span> <span class='ocrx_word' id='word_1_184' title='bbox 2415 1588 2716 1660; x_wconf 84' lang='lat' dir='ltr'><strong>judicatus</strong></span> <span class='ocrx_word' id='word_1_185' title='bbox 2744 1588 2852 1642; x_wconf 82' lang='lat' dir='ltr'><strong>est.</strong></span> <span class='ocrx_word' id='word_1_186' title='bbox 2877 1581 3028 1650; x_wconf 85' lang='lat' dir='ltr'><strong>Quia</strong></span> <span class='ocrx_word' id='word_1_187' title='bbox 3055 1577 3334 1636; x_wconf 79' lang='lat' dir='ltr'><strong>diabolus</strong></span> <span class='ocrx_word' id='word_1_188' title='bbox 3356 1590 3498 1634; x_wconf 84' lang='lat' dir='ltr'><strong>con-</strong></span> 
     </span>
    </p>
   </div>
   <div class='ocr_carea' id='block_1_29' title="bbox 1844 1671 3498 1752">
    <p class='ocr_par' dir='ltr' id='par_1_29' title="bbox 1844 1671 3498 1752">
     <span class='ocr_line' id='line_1_30' title="bbox 1844 1671 3498 1752; baseline -0.013 -10"><span class='ocrx_word' id='word_1_189' title='bbox 1844 1686 2160 1742; x_wconf 87' lang='lat' dir='ltr'><strong>demnatus</strong></span> <span class='ocrx_word' id='word_1_190' title='bbox 2196 1687 2308 1745; x_wconf 90' lang='lat' dir='ltr'><strong>est,</strong></span> <span class='ocrx_word' id='word_1_191' title='bbox 2342 1684 2399 1736; x_wconf 92' lang='lat' dir='ltr'><strong>et</strong></span> <span class='ocrx_word' id='word_1_192' title='bbox 2434 1680 2746 1752; x_wconf 84' lang='lat' dir='ltr'><strong>potentatu</strong></span> <span class='ocrx_word' id='word_1_193' title='bbox 2792 1689 2904 1730; x_wconf 94' lang='lat' dir='ltr'><strong>suo</strong></span> <span class='ocrx_word' id='word_1_194' title='bbox 2945 1671 3186 1744; x_wconf 89' lang='lat' dir='ltr'><strong>ejectus,</strong></span> <span class='ocrx_word' id='word_1_195' title='bbox 3226 1682 3350 1724; x_wconf 94' lang='lat' dir='ltr'><strong>non</strong></span> <span class='ocrx_word' id='word_1_196' title='bbox 3391 1680 3498 1739; x_wconf 90' lang='lat' dir='ltr'><strong>po-</strong></span> 
     </span>
    </p>
   </div>
   <div class='ocr_carea' id='block_1_30' title="bbox 1842 1756 3500 1845">
    <p class='ocr_par' dir='ltr' id='par_1_30' title="bbox 1842 1756 3500 1845">
     <span class='ocr_line' id='line_1_31' title="bbox 1842 1756 3500 1845; baseline -0.014 -11"><span class='ocrx_word' id='word_1_197' title='bbox 1842 1779 1973 1834; x_wconf 86' lang='lat' dir='ltr'><strong>tens</strong></span> <span class='ocrx_word' id='word_1_198' title='bbox 2003 1773 2252 1845; x_wconf 85' lang='lat' dir='ltr'><strong>posthac</strong></span> <span class='ocrx_word' id='word_1_199' title='bbox 2279 1785 2471 1826; x_wconf 86' lang='lat' dir='ltr'><strong>meum</strong></span> <span class='ocrx_word' id='word_1_200' title='bbox 2505 1765 2758 1824; x_wconf 90' lang='lat' dir='ltr'><strong>omnino</strong></span> <span class='ocrx_word' id='word_1_201' title='bbox 2786 1763 2938 1821; x_wconf 88' lang='lat' dir='ltr'><strong>ferre</strong></span> <span class='ocrx_word' id='word_1_202' title='bbox 2965 1773 3210 1824; x_wconf 88' lang='lat' dir='ltr'><strong>nomen,</strong></span> <span class='ocrx_word' id='word_1_203' title='bbox 3243 1756 3352 1814; x_wconf 89' lang='lat' dir='ltr'><strong>sed</strong></span> <span class='ocrx_word' id='word_1_204' title='bbox 3377 1758 3500 1812; x_wconf 82' lang='lat' dir='ltr'><strong>sta-</strong></span> 
     </span>
    </p>
   </div>
   <div class='ocr_carea' id='block_1_31' title="bbox 133 1845 1742 1936">
    <p class='ocr_par' dir='ltr' id='par_1_31' title="bbox 133 1859 1732 1935">
     <span class='ocr_line' id='line_1_32' title="bbox 133 1859 1732 1935; baseline -0.012 -7"><span class='ocrx_word' id='word_1_205' title='bbox 133 1879 313 1929; x_wconf 86' lang='grc' dir='ltr'>τεύων,</span> <span class='ocrx_word' id='word_1_206' title='bbox 367 1880 483 1935; x_wconf 87' lang='grc' dir='ltr'>Πῶς</span> <span class='ocrx_word' id='word_1_207' title='bbox 535 1870 590 1923; x_wconf 82' lang='grc' dir='ltr'><strong>δ’</strong></span> <span class='ocrx_word' id='word_1_208' title='bbox 646 1871 708 1922; x_wconf 85' lang='grc' dir='ltr'><strong>ἄν</strong></span> <span class='ocrx_word' id='word_1_209' title='bbox 763 1876 916 1922; x_wconf 85' lang='grc' dir='ltr'>τοῦτο</span> <span class='ocrx_word' id='word_1_210' title='bbox 971 1868 1235 1929; x_wconf 78' lang='grc' dir='ltr'><strong>πέπονθεν,</strong></span> <span class='ocrx_word' id='word_1_211' title='bbox 1279 1864 1324 1917; x_wconf 84' lang='grc' dir='ltr'>εἰ</span> <span class='ocrx_word' id='word_1_212' title='bbox 1381 1861 1523 1935; x_wconf 87' lang='grc' dir='ltr'>φίλον</span> <span class='ocrx_word' id='word_1_213' title='bbox 1575 1859 1732 1912; x_wconf 73' lang='grc' dir='ltr'>αὐτὸν</span> 
     </span>
    </p>
   </div>
   <div class='ocr_carea' id='block_1_32' title="bbox 1862 1845 3500 1936">
    <p class='ocr_par' dir='ltr' id='par_1_32' title="bbox 1862 1845 3500 1936">
     <span class='ocr_line' id='line_1_33' title="bbox 1862 1845 3500 1936; baseline -0.014 -15"><span class='ocrx_word' id='word_1_214' title='bbox 1862 1865 1953 1922; x_wconf 86' lang='lat' dir='ltr'><strong>;im</strong></span> <span class='ocrx_word' id='word_1_215' title='bbox 1996 1863 2229 1936; x_wconf 80' lang='lat' dir='ltr'><strong>fugiens</strong></span> <span class='ocrx_word' id='word_1_216' title='bbox 2260 1877 2276 1916; x_wconf 92' lang='lat'><strong>:</strong></span> <span class='ocrx_word' id='word_1_217' title='bbox 2317 1856 2647 1932; x_wconf 89' lang='lat' dir='ltr'><strong>quomodo,</strong></span> <span class='ocrx_word' id='word_1_218' title='bbox 2687 1854 2960 1917; x_wconf 90' lang='lat' dir='ltr'><strong>obsecro,</strong></span> <span class='ocrx_word' id='word_1_219' title='bbox 2991 1849 3054 1906; x_wconf 91' lang='lat' dir='ltr'><strong>id</strong></span> <span class='ocrx_word' id='word_1_220' title='bbox 3089 1847 3170 1905; x_wconf 88' lang='lat' dir='ltr'><strong>illi</strong></span> <span class='ocrx_word' id='word_1_221' title='bbox 3195 1845 3500 1936; x_wconf 68' lang='lat' dir='ltr'><strong>continge-</strong></span> 
     </span>
    </p>
   </div>
   <div class='ocr_carea' id='block_1_33' title="bbox 135 1945 1732 2036">
    <p class='ocr_par' dir='ltr' id='par_1_33' title="bbox 135 1945 1732 2036">
     <span class='ocr_line' id='line_1_34' title="bbox 135 1945 1732 2036; baseline -0.011 -19"><span class='ocrx_word' id='word_1_222' title='bbox 135 1961 303 2036; x_wconf 86' lang='grc' dir='ltr'>εἶχον,</span> <span class='ocrx_word' id='word_1_223' title='bbox 336 1964 404 2025; x_wconf 85' lang='grc' dir='ltr'>ὡς</span> <span class='ocrx_word' id='word_1_224' title='bbox 446 1963 495 2014; x_wconf 83' lang='grc' dir='ltr'>οἱ</span> <span class='ocrx_word' id='word_1_225' title='bbox 523 1962 740 2033; x_wconf 83' lang='grc' dir='ltr'>πονηροὶ</span> <span class='ocrx_word' id='word_1_226' title='bbox 767 1957 1009 2029; x_wconf 73' lang='grc' dir='ltr'>λέγουσιν</span> <span class='ocrx_word' id='word_1_227' title='bbox 1034 1973 1046 1985; x_wconf 91' lang='grc'><strong>·</strong></span> <span class='ocrx_word' id='word_1_228' title='bbox 1081 1957 1162 2008; x_wconf 90' lang='grc' dir='ltr'>ὃτι</span> <span class='ocrx_word' id='word_1_229' title='bbox 1208 1953 1258 2006; x_wconf 79' lang='grc' dir='ltr'>ἐν</span> <span class='ocrx_word' id='word_1_230' title='bbox 1304 1973 1376 2025; x_wconf 84' lang='grc' dir='ltr'><strong>τῳ</strong></span> <span class='ocrx_word' id='word_1_231' title='bbox 1430 1945 1732 2010; x_wconf 80' lang='grc' dir='ltr'>Βεελζεϐούλ</span> 
     </span>
    </p>
   </div>
   <div class='ocr_carea' id='block_1_34' title="bbox 132 2038 1736 2128">
    <p class='ocr_par' dir='ltr' id='par_1_34' title="bbox 132 2038 1736 2128">
     <span class='ocr_line' id='line_1_35' title="bbox 132 2038 1736 2128; baseline -0.011 -22"><span class='ocrx_word' id='word_1_232' title='bbox 132 2056 362 2128; x_wconf 78' lang='grc' dir='ltr'>ἄρχοντι</span> <span class='ocrx_word' id='word_1_233' title='bbox 391 2059 490 2103; x_wconf 87' lang='grc' dir='ltr'><strong>τῶν</strong></span> <span class='ocrx_word' id='word_1_234' title='bbox 531 2047 816 2121; x_wconf 82' lang='grc' dir='ltr'>δαιμονίων</span> <span class='ocrx_word' id='word_1_235' title='bbox 854 2043 1080 2098; x_wconf 71' lang='grc' dir='ltr'>ἐκϐάλλω</span> <span class='ocrx_word' id='word_1_236' title='bbox 1115 2047 1182 2096; x_wconf 81' lang='grc' dir='ltr'><strong>τὰ</strong></span> <span class='ocrx_word' id='word_1_237' title='bbox 1225 2039 1492 2116; x_wconf 80' lang='grc' dir='ltr'>δαιμόνια,</span> <span class='ocrx_word' id='word_1_238' title='bbox 1527 2043 1617 2090; x_wconf 83' lang='grc' dir='ltr'>καὶ</span> <span class='ocrx_word' id='word_1_239' title='bbox 1655 2038 1736 2089; x_wconf 85' lang='grc' dir='ltr'>ὅτι</span> 
     </span>
    </p>
   </div>
   <div class='ocr_carea' id='block_1_35' title="bbox 137 2137 1064 2216">
    <p class='ocr_par' dir='ltr' id='par_1_35' title="bbox 137 2137 1064 2216">
     <span class='ocr_line' id='line_1_36' title="bbox 137 2137 1064 2216; baseline -0.012 -20"><span class='ocrx_word' id='word_1_240' title='bbox 137 2140 411 2216; x_wconf 85' lang='grc' dir='ltr'>δαιμόνιον</span> <span class='ocrx_word' id='word_1_241' title='bbox 436 2142 565 2211; x_wconf 75' lang='grc' dir='ltr'>ἔχω,</span> <span class='ocrx_word' id='word_1_242' title='bbox 599 2141 690 2188; x_wconf 84' lang='grc' dir='ltr'>καὶ</span> <span class='ocrx_word' id='word_1_243' title='bbox 714 2137 781 2188; x_wconf 80' lang='grc' dir='ltr'><strong>τὰ</strong></span> <span class='ocrx_word' id='word_1_244' title='bbox 808 2141 1028 2187; x_wconf 88' lang='grc' dir='ltr'>τοιαῦτα</span> <span class='ocrx_word' id='word_1_245' title='bbox 1051 2149 1064 2198; x_wconf 93' lang='grc'>;</span> 
     </span>
    </p>
   </div>
   <div class='ocr_carea' id='block_1_36' title="bbox 207 2304 1736 2384">
    <p class='ocr_par' dir='ltr' id='par_1_36' title="bbox 207 2304 1736 2384">
     <span class='ocr_line' id='line_1_37' title="bbox 207 2304 1736 2384; baseline -0.01 -13"><span class='ocrx_word' id='word_1_246' title='bbox 207 2319 320 2372; x_wconf 83' lang='grc' dir='ltr'><strong>Ἵνα</strong></span> <span class='ocrx_word' id='word_1_247' title='bbox 388 2312 446 2368; x_wconf 76' lang='grc' dir='ltr'><strong>δ”ε</strong></span> <span class='ocrx_word' id='word_1_248' title='bbox 512 2316 600 2366; x_wconf 83' lang='grc' dir='ltr'>τὸν</span> <span class='ocrx_word' id='word_1_249' title='bbox 678 2311 830 2384; x_wconf 77' lang='grc' dir='ltr'>λόγον</span> <span class='ocrx_word' id='word_1_250' title='bbox 899 2309 1451 2382; x_wconf 80' lang='grc' dir='ltr'>ἀνακεφαλαιώσωμεν,</span> <span class='ocrx_word' id='word_1_251' title='bbox 1527 2304 1736 2371; x_wconf 84' lang='grc' dir='ltr'>Ἐλθὼν,</span> 
     </span>
    </p>
   </div>
   <div class='ocr_carea' id='block_1_37' title="bbox 140 2393 1740 2480">
    <p class='ocr_par' dir='ltr' id='par_1_37' title="bbox 140 2393 1740 2480">
     <span class='ocr_line' id='line_1_38' title="bbox 140 2393 1740 2480; baseline -0.008 -21"><span class='ocrx_word' id='word_1_252' title='bbox 140 2412 322 2480; x_wconf 77' lang='grc' dir='ltr'>φησὶν,</span> <span class='ocrx_word' id='word_1_253' title='bbox 371 2407 396 2457; x_wconf 89' lang='lat'><strong>6</strong></span> <span class='ocrx_word' id='word_1_254' title='bbox 465 2401 805 2479; x_wconf 82' lang='grc' dir='ltr'>Παράκλητος</span> <span class='ocrx_word' id='word_1_255' title='bbox 854 2399 1042 2472; x_wconf 69' lang='grc' dir='ltr'>ἐλέγξει</span> <span class='ocrx_word' id='word_1_256' title='bbox 1113 2402 1230 2459; x_wconf 80' lang='grc' dir='ltr'>τοὺς</span> <span class='ocrx_word' id='word_1_257' title='bbox 1286 2397 1543 2470; x_wconf 85' lang='grc' dir='ltr'>πονηρούς</span> <span class='ocrx_word' id='word_1_258' title='bbox 1569 2412 1582 2425; x_wconf 90' lang='grc'><strong>·</strong></span> <span class='ocrx_word' id='word_1_259' title='bbox 1657 2393 1740 2446; x_wconf 75' lang='grc' dir='ltr'><strong>ἐπὶ</strong></span> 
     </span>
    </p>
   </div>
   <div class='ocr_carea' id='block_1_38' title="bbox 141 2486 1737 2568">
    <p class='ocr_par' dir='ltr' id='par_1_38' title="bbox 141 2486 1737 2568">
     <span class='ocr_line' id='line_1_39' title="bbox 141 2486 1737 2568; baseline -0.009 -19"><span class='ocrx_word' id='word_1_260' title='bbox 141 2497 372 2568; x_wconf 80' lang='grc' dir='ltr'>ἁμαρτίᾳ</span> <span class='ocrx_word' id='word_1_261' title='bbox 427 2497 518 2566; x_wconf 72' lang='grc' dir='ltr'><strong>μεν</strong></span> <span class='ocrx_word' id='word_1_262' title='bbox 548 2493 629 2545; x_wconf 85' lang='grc' dir='ltr'>ὅτι</span> <span class='ocrx_word' id='word_1_263' title='bbox 681 2490 1064 2564; x_wconf 76' lang='grc' dir='ltr'>ἁμαρτάνουσι,</span> <span class='ocrx_word' id='word_1_264' title='bbox 1113 2492 1184 2561; x_wconf 79' lang='grc' dir='ltr'>μὴ</span> <span class='ocrx_word' id='word_1_265' title='bbox 1244 2488 1570 2545; x_wconf 76' lang='grc' dir='ltr'><strong>πιστεύοντες</strong></span> <span class='ocrx_word' id='word_1_266' title='bbox 1625 2486 1737 2536; x_wconf 75' lang='grc' dir='ltr'>ἔτιο</span> 
     </span>
    </p>
   </div>
   <div class='ocr_carea' id='block_1_39' title="bbox 142 2572 1738 2654">
    <p class='ocr_par' dir='ltr' id='par_1_39' title="bbox 142 2572 1738 2654">
     <span class='ocr_line' id='line_1_40' title="bbox 142 2572 1738 2654; baseline -0.009 -16"><span class='ocrx_word' id='word_1_267' title='bbox 142 2585 226 2638; x_wconf 79' lang='grc' dir='ltr'><strong>ἐπὶ</strong></span> <span class='ocrx_word' id='word_1_268' title='bbox 253 2580 565 2654; x_wconf 71' lang='grc' dir='ltr'>δικαιοσύνῃ</span> <span class='ocrx_word' id='word_1_269' title='bbox 599 2577 680 2647; x_wconf 68' lang='grc' dir='ltr'>δί,</span> <span class='ocrx_word' id='word_1_270' title='bbox 708 2581 788 2632; x_wconf 81' lang='grc' dir='ltr'>ὃτι</span> <span class='ocrx_word' id='word_1_271' title='bbox 820 2575 1028 2640; x_wconf 83' lang='grc' dir='ltr'>δίκαιος</span> <span class='ocrx_word' id='word_1_272' title='bbox 1047 2576 1145 2649; x_wconf 74' lang='grc' dir='ltr'><strong>ἐγὼ</strong></span> <span class='ocrx_word' id='word_1_273' title='bbox 1176 2580 1264 2628; x_wconf 82' lang='grc' dir='ltr'><strong>καὶ</strong></span> <span class='ocrx_word' id='word_1_274' title='bbox 1290 2575 1396 2646; x_wconf 85' lang='grc' dir='ltr'><strong>ούχ</strong></span> <span class='ocrx_word' id='word_1_275' title='bbox 1421 2572 1738 2645; x_wconf 82' lang='grc' dir='ltr'>ἁμαρτωλὸς,</span> 
     </span>
    </p>
   </div>
   <div class='ocr_carea' id='block_1_40' title="bbox 142 2660 1738 2741">
    <p class='ocr_par' dir='ltr' id='par_1_40' title="bbox 142 2660 1738 2741">
     <span class='ocr_line' id='line_1_41' title="bbox 142 2660 1738 2741; baseline -0.009 -15"><span class='ocrx_word' id='word_1_276' title='bbox 142 2677 212 2734; x_wconf 85' lang='grc' dir='ltr'>ὡς</span> <span class='ocrx_word' id='word_1_277' title='bbox 251 2672 400 2725; x_wconf 74' lang='grc' dir='ltr'>αὐτοὶ</span> <span class='ocrx_word' id='word_1_278' title='bbox 437 2672 674 2741; x_wconf 78' lang='grc' dir='ltr'>λέγουσιν</span> <span class='ocrx_word' id='word_1_279' title='bbox 700 2685 712 2697; x_wconf 88' lang='grc'>⁶</span> <span class='ocrx_word' id='word_1_280' title='bbox 769 2666 852 2720; x_wconf 76' lang='grc' dir='ltr'><strong>ἐπὶ</strong></span> <span class='ocrx_word' id='word_1_281' title='bbox 891 2669 1065 2738; x_wconf 88' lang='grc' dir='ltr'>κρίσει</span> <span class='ocrx_word' id='word_1_282' title='bbox 1122 2660 1180 2716; x_wconf 73' lang='grc' dir='ltr'><strong>δὲ</strong></span> <span class='ocrx_word' id='word_1_283' title='bbox 1236 2666 1354 2722; x_wconf 79' lang='grc' dir='ltr'>ἤτοι</span> <span class='ocrx_word' id='word_1_284' title='bbox 1405 2664 1738 2734; x_wconf 89' lang='grc' dir='ltr'>κατακρίσει,</span> 
     </span>
    </p>
   </div>
   <div class='ocr_carea' id='block_1_41' title="bbox 142 2748 1742 2834">
    <p class='ocr_par' dir='ltr' id='par_1_41' title="bbox 142 2748 1742 2834">
     <span class='ocr_line' id='line_1_42' title="bbox 142 2748 1742 2834; baseline -0.009 -19"><span class='ocrx_word' id='word_1_285' title='bbox 142 2764 223 2816; x_wconf 83' lang='grc' dir='ltr'>ὅτι</span> <span class='ocrx_word' id='word_1_286' title='bbox 263 2763 638 2834; x_wconf 82' lang='grc' dir='ltr'>κατακέκριται</span> <span class='ocrx_word' id='word_1_287' title='bbox 666 2758 692 2809; x_wconf 91' lang='lat'><strong>6</strong></span> <span class='ocrx_word' id='word_1_288' title='bbox 722 2757 905 2832; x_wconf 81' lang='grc' dir='ltr'>ἄρχων</span> <span class='ocrx_word' id='word_1_289' title='bbox 934 2763 1033 2807; x_wconf 88' lang='grc' dir='ltr'><strong>τῶν</strong></span> <span class='ocrx_word' id='word_1_290' title='bbox 1080 2749 1384 2826; x_wconf 86' lang='grc' dir='ltr'>δαιμονίων,</span> <span class='ocrx_word' id='word_1_291' title='bbox 1435 2753 1500 2812; x_wconf 85' lang='grc' dir='ltr'>ὡς</span> <span class='ocrx_word' id='word_1_292' title='bbox 1551 2748 1742 2823; x_wconf 75' lang='grc' dir='ltr'>ἐχθρὸς</span> 
     </span>
    </p>
   </div>
   <div class='ocr_carea' id='block_1_42' title="bbox 141 2849 636 2924">
    <p class='ocr_par' dir='ltr' id='par_1_42' title="bbox 141 2849 636 2924">
     <span class='ocr_line' id='line_1_43' title="bbox 141 2849 636 2924; baseline -0.006 -19"><span class='ocrx_word' id='word_1_293' title='bbox 141 2856 232 2905; x_wconf 80' lang='grc' dir='ltr'>καὶ</span> <span class='ocrx_word' id='word_1_294' title='bbox 257 2849 315 2904; x_wconf 75' lang='grc' dir='ltr'>οὗ</span> <span class='ocrx_word' id='word_1_295' title='bbox 342 2849 486 2924; x_wconf 87' lang='grc' dir='ltr'>φίλος</span> <span class='ocrx_word' id='word_1_296' title='bbox 515 2866 636 2921; x_wconf 91' lang='grc' dir='ltr'>μου.</span> 
     </span>
    </p>
   </div>
   <div class='ocr_carea' id='block_1_43' title="bbox 213 3013 1745 3101">
    <p class='ocr_par' dir='ltr' id='par_1_43' title="bbox 213 3013 1745 3101">
     <span class='ocr_line' id='line_1_44' title="bbox 213 3013 1745 3101; baseline -0.01 -18"><span class='ocrx_word' id='word_1_297' title='bbox 213 3029 331 3083; x_wconf 78' lang='grc' dir='ltr'>Ἔτι</span> <span class='ocrx_word' id='word_1_298' title='bbox 373 3058 442 3068; x_wconf 94' lang='lat'>—</span> <span class='ocrx_word' id='word_1_299' title='bbox 492 3026 635 3101; x_wconf 77' lang='grc' dir='ltr'>ἄρτι.</span> <span class='ocrx_word' id='word_1_300' title='bbox 695 3021 918 3083; x_wconf 85' lang='grc' dir='ltr'>Ἀτελεῖς</span> <span class='ocrx_word' id='word_1_301' title='bbox 972 3025 1108 3082; x_wconf 81' lang='grc' dir='ltr'>ὄντες</span> <span class='ocrx_word' id='word_1_302' title='bbox 1156 3022 1251 3085; x_wconf 78' lang='grc' dir='ltr'>ἔτι,</span> <span class='ocrx_word' id='word_1_303' title='bbox 1300 3023 1391 3071; x_wconf 79' lang='grc' dir='ltr'><strong>καὶ</strong></span> <span class='ocrx_word' id='word_1_304' title='bbox 1433 3023 1591 3090; x_wconf 78' lang='grc' dir='ltr'>μήπω</span> <span class='ocrx_word' id='word_1_305' title='bbox 1650 3013 1745 3070; x_wconf 83' lang='grc' dir='ltr'>διὰ</span> 
     </span>
    </p>
   </div>
   <div class='ocr_carea' id='block_1_44' title="bbox 142 3109 1743 3187">
    <p class='ocr_par' dir='ltr' id='par_1_44' title="bbox 142 3109 1743 3187">
     <span class='ocr_line' id='line_1_45' title="bbox 142 3109 1743 3187; baseline -0.01 -15"><span class='ocrx_word' id='word_1_306' title='bbox 142 3127 242 3172; x_wconf 84' lang='grc' dir='ltr'>τῶν</span> <span class='ocrx_word' id='word_1_307' title='bbox 297 3118 347 3170; x_wconf 77' lang='grc' dir='ltr'><strong>ἐν</strong></span> <span class='ocrx_word' id='word_1_308' title='bbox 385 3124 457 3187; x_wconf 81' lang='grc' dir='ltr'>τῷ</span> <span class='ocrx_word' id='word_1_309' title='bbox 503 3120 714 3187; x_wconf 85' lang='grc' dir='ltr'>σταυρῷ</span> <span class='ocrx_word' id='word_1_310' title='bbox 766 3117 858 3163; x_wconf 87' lang='grc' dir='ltr'>καὶ</span> <span class='ocrx_word' id='word_1_311' title='bbox 913 3118 974 3183; x_wconf 79' lang='grc' dir='ltr'><strong>τῇ</strong></span> <span class='ocrx_word' id='word_1_312' title='bbox 1039 3109 1323 3162; x_wconf 79' lang='grc' dir='ltr'>ἀναστάσει</span> <span class='ocrx_word' id='word_1_313' title='bbox 1371 3125 1470 3179; x_wconf 90' lang='grc' dir='ltr'><strong>μου</strong></span> <span class='ocrx_word' id='word_1_314' title='bbox 1519 3113 1743 3180; x_wconf 82' lang='grc' dir='ltr'>φρικτῶν</span> 
     </span>
    </p>
   </div>
   <div class='ocr_carea' id='block_1_45' title="bbox 1845 1933 3492 2019">
    <p class='ocr_par' dir='ltr' id='par_1_45' title="bbox 1845 1933 3492 2019">
     <span class='ocr_line' id='line_1_46' title="bbox 1845 1933 3492 2019; baseline -0.013 -9"><span class='ocrx_word' id='word_1_315' title='bbox 1845 1959 1952 2019; x_wconf 86' lang='lat' dir='ltr'><strong>ret,</strong></span> <span class='ocrx_word' id='word_1_316' title='bbox 1983 1952 2032 2008; x_wconf 85' lang='lat' dir='ltr'><strong>si</strong></span> <span class='ocrx_word' id='word_1_317' title='bbox 2068 1933 2326 2008; x_wconf 76' lang='lat' dir='ltr'><strong>amicum</strong></span> <span class='ocrx_word' id='word_1_318' title='bbox 2355 1963 2495 2005; x_wconf 92' lang='lat' dir='ltr'><strong>eum</strong></span> <span class='ocrx_word' id='word_1_319' title='bbox 2523 1944 2833 2008; x_wconf 80' lang='lat' dir='ltr'><strong>haberem,</strong></span> <span class='ocrx_word' id='word_1_320' title='bbox 2865 1938 3046 1997; x_wconf 88' lang='lat' dir='ltr'><strong>veluti</strong></span> <span class='ocrx_word' id='word_1_321' title='bbox 3095 1936 3302 1994; x_wconf 90' lang='lat' dir='ltr'><strong>dicunt</strong></span> <span class='ocrx_word' id='word_1_322' title='bbox 3330 1933 3492 2001; x_wconf 83' lang='lat' dir='ltr'><strong>mali,</strong></span> 
     </span>
    </p>
   </div>
   <div class='ocr_carea' id='block_1_46' title="bbox 1844 2022 3500 2118">
    <p class='ocr_par' dir='ltr' id='par_1_46' title="bbox 1844 2022 3500 2118">
     <span class='ocr_line' id='line_1_47' title="bbox 1844 2022 3500 2118; baseline -0.013 -17"><span class='ocrx_word' id='word_1_323' title='bbox 1844 2043 2010 2118; x_wconf 91' lang='lat' dir='ltr'><strong>quod</strong></span> <span class='ocrx_word' id='word_1_324' title='bbox 2041 2058 2141 2114; x_wconf 90' lang='lat' dir='ltr'><strong>per</strong></span> <span class='ocrx_word' id='word_1_325' title='bbox 2178 2035 2484 2096; x_wconf 84' lang='lat' dir='ltr'><strong>Beelzebul</strong></span> <span class='ocrx_word' id='word_1_326' title='bbox 2522 2033 2854 2108; x_wconf 90' lang='lat' dir='ltr'><strong>principem</strong></span> <span class='ocrx_word' id='word_1_327' title='bbox 2916 2025 3357 2118; x_wconf 62' lang='lat' dir='ltr'><strong>daemoniorum</strong></span> <span class='ocrx_word' id='word_1_328' title='bbox 3397 2022 3500 2096; x_wconf 80' lang='lat' dir='ltr'><strong>eji-</strong></span> 
     </span>
    </p>
   </div>
   <div class='ocr_carea' id='block_1_47' title="bbox 1845 2113 3501 2198">
    <p class='ocr_par' dir='ltr' id='par_1_47' title="bbox 1845 2113 3501 2198">
     <span class='ocr_line' id='line_1_48' title="bbox 1845 2113 3501 2198; baseline -0.012 -8"><span class='ocrx_word' id='word_1_329' title='bbox 1845 2113 2002 2191; x_wconf 77' lang='lat' dir='ltr'><strong>ciam</strong></span> <span class='ocrx_word' id='word_1_330' title='bbox 2026 2113 2328 2188; x_wconf 83' lang='lat' dir='ltr'><strong>daemonia</strong></span> <span class='ocrx_word' id='word_1_331' title='bbox 2357 2128 2428 2194; x_wconf 82' lang='grc'><strong>¹⁸,</strong></span> <span class='ocrx_word' id='word_1_332' title='bbox 2445 2123 2729 2198; x_wconf 81' lang='lat' dir='ltr'><strong>quodque</strong></span> <span class='ocrx_word' id='word_1_333' title='bbox 2744 2118 3116 2179; x_wconf 69' lang='lat' dir='ltr'><strong>dmmouium</strong></span> <span class='ocrx_word' id='word_1_334' title='bbox 3131 2113 3396 2173; x_wconf 83' lang='lat' dir='ltr'><strong>habeam</strong></span> <span class='ocrx_word' id='word_1_335' title='bbox 3424 2113 3501 2184; x_wconf 71' lang='grc' dir='ltr'><strong>η,</strong></span> 
     </span>
    </p>
   </div>
   <div class='ocr_carea' id='block_1_48' title="bbox 1845 2213 2576 2290">
    <p class='ocr_par' dir='ltr' id='par_1_48' title="bbox 1845 2213 2576 2290">
     <span class='ocr_line' id='line_1_49' title="bbox 1845 2213 2576 2290; baseline -0.015 -10"><span class='ocrx_word' id='word_1_336' title='bbox 1845 2227 1901 2280; x_wconf 91' lang='lat' dir='ltr'><strong>et</strong></span> <span class='ocrx_word' id='word_1_337' title='bbox 1924 2225 2138 2279; x_wconf 75' lang='lat' dir='ltr'><strong>caetera</strong></span> <span class='ocrx_word' id='word_1_338' title='bbox 2173 2213 2524 2290; x_wconf 91' lang='lat' dir='ltr'><strong>hujusmodi</strong></span> <span class='ocrx_word' id='word_1_339' title='bbox 2547 2214 2576 2268; x_wconf 83' lang='lat'><strong>?</strong></span> 
     </span>
    </p>
   </div>
   <div class='ocr_carea' id='block_1_49' title="bbox 1921 2292 3499 2368">
    <p class='ocr_par' dir='ltr' id='par_1_49' title="bbox 1921 2292 3499 2368">
     <span class='ocr_line' id='line_1_50' title="bbox 1921 2292 3499 2368; baseline -0.012 0"><span class='ocrx_word' id='word_1_340' title='bbox 1921 2314 1990 2368; x_wconf 91' lang='lat' dir='ltr'><strong>Ut</strong></span> <span class='ocrx_word' id='word_1_341' title='bbox 2043 2313 2247 2366; x_wconf 90' lang='lat' dir='ltr'><strong>autem</strong></span> <span class='ocrx_word' id='word_1_342' title='bbox 2304 2317 2650 2362; x_wconf 84' lang='lat' dir='ltr'><strong>sermonem</strong></span> <span class='ocrx_word' id='word_1_343' title='bbox 2703 2296 3055 2356; x_wconf 84' lang='lat' dir='ltr'><strong>summatim</strong></span> <span class='ocrx_word' id='word_1_344' title='bbox 3101 2292 3499 2364; x_wconf 77' lang='lat' dir='ltr'><strong>colligamus:</strong></span> 
     </span>
    </p>
   </div>
   <div class='ocr_carea' id='block_1_50' title="bbox 1851 2383 3504 2460">
    <p class='ocr_par' dir='ltr' id='par_1_50' title="bbox 1851 2383 3504 2460">
     <span class='ocr_line' id='line_1_51' title="bbox 1851 2383 3504 2460; baseline -0.013 -2"><span class='ocrx_word' id='word_1_345' title='bbox 1851 2401 2000 2458; x_wconf 89' lang='lat' dir='ltr'><strong>Cum</strong></span> <span class='ocrx_word' id='word_1_346' title='bbox 2029 2396 2250 2457; x_wconf 77' lang='lat' dir='ltr'><strong>venerit</strong></span> <span class='ocrx_word' id='word_1_347' title='bbox 2302 2391 2664 2456; x_wconf 83' lang='lat' dir='ltr'><strong>Paracletus,</strong></span> <span class='ocrx_word' id='word_1_348' title='bbox 2698 2392 2908 2460; x_wconf 81' lang='lat' dir='ltr'><strong>arguet</strong></span> <span class='ocrx_word' id='word_1_349' title='bbox 2964 2383 3245 2443; x_wconf 81' lang='lat' dir='ltr'><strong>mundum</strong></span> <span class='ocrx_word' id='word_1_350' title='bbox 3275 2383 3349 2439; x_wconf 82' lang='lat' dir='ltr'><strong>de</strong></span> <span class='ocrx_word' id='word_1_351' title='bbox 3369 2393 3504 2452; x_wconf 77' lang='lat' dir='ltr'><strong>peo-</strong></span> 
     </span>
    </p>
   </div>
   <div class='ocr_carea' id='block_1_51' title="bbox 1850 2469 3506 2560">
    <p class='ocr_par' dir='ltr' id='par_1_51' title="bbox 1850 2469 3506 2560">
     <span class='ocr_line' id='line_1_52' title="bbox 1850 2469 3506 2560; baseline -0.013 -13"><span class='ocrx_word' id='word_1_352' title='bbox 1850 2495 2002 2554; x_wconf 87' lang='lat' dir='ltr'><strong>cato,</strong></span> <span class='ocrx_word' id='word_1_353' title='bbox 2044 2487 2190 2560; x_wconf 90' lang='lat' dir='ltr'><strong>quia</strong></span> <span class='ocrx_word' id='word_1_354' title='bbox 2237 2485 2502 2557; x_wconf 86' lang='lat' dir='ltr'><strong>peccant,</strong></span> <span class='ocrx_word' id='word_1_355' title='bbox 2535 2479 2641 2553; x_wconf 84' lang='lat' dir='ltr'><strong>qui</strong></span> <span class='ocrx_word' id='word_1_356' title='bbox 2692 2477 2892 2535; x_wconf 90' lang='lat' dir='ltr'><strong>adhuc</strong></span> <span class='ocrx_word' id='word_1_357' title='bbox 2920 2489 3044 2532; x_wconf 91' lang='lat' dir='ltr'><strong>non</strong></span> <span class='ocrx_word' id='word_1_358' title='bbox 3099 2471 3354 2530; x_wconf 88' lang='lat' dir='ltr'><strong>credunt</strong></span> <span class='ocrx_word' id='word_1_359' title='bbox 3385 2483 3402 2538; x_wconf 90' lang='lat'><strong>;</strong></span> <span class='ocrx_word' id='word_1_360' title='bbox 3430 2469 3506 2526; x_wconf 79' lang='lat' dir='ltr'><strong>de</strong></span> 
     </span>
    </p>
   </div>
   <div class='ocr_carea' id='block_1_52' title="bbox 1840 2565 3510 2649">
    <p class='ocr_par' dir='ltr' id='par_1_52' title="bbox 1840 2565 3510 2649">
     <span class='ocr_line' id='line_1_53' title="bbox 1840 2565 3510 2649; baseline -0.012 -15"><span class='ocrx_word' id='word_1_361' title='bbox 1840 2577 2081 2649; x_wconf 81' lang='lat' dir='ltr'><strong>justitia</strong></span> <span class='ocrx_word' id='word_1_362' title='bbox 2107 2581 2331 2638; x_wconf 87' lang='lat' dir='ltr'><strong>autem,</strong></span> <span class='ocrx_word' id='word_1_363' title='bbox 2359 2571 2502 2644; x_wconf 90' lang='lat' dir='ltr'><strong>quia</strong></span> <span class='ocrx_word' id='word_1_364' title='bbox 2524 2569 2724 2641; x_wconf 89' lang='lat' dir='ltr'><strong>justus</strong></span> <span class='ocrx_word' id='word_1_365' title='bbox 2755 2579 2867 2636; x_wconf 87' lang='lat' dir='ltr'><strong>ego</strong></span> <span class='ocrx_word' id='word_1_366' title='bbox 2897 2578 3033 2620; x_wconf 87' lang='lat' dir='ltr'><strong>sum</strong></span> <span class='ocrx_word' id='word_1_367' title='bbox 3063 2565 3122 2618; x_wconf 92' lang='lat' dir='ltr'><strong>et</strong></span> <span class='ocrx_word' id='word_1_368' title='bbox 3156 2575 3282 2649; x_wconf 88' lang='lat' dir='ltr'><strong>non</strong></span> <span class='ocrx_word' id='word_1_369' title='bbox 3302 2573 3510 2633; x_wconf 88' lang='lat' dir='ltr'><strong>pecca-</strong></span> 
     </span>
    </p>
   </div>
   <div class='ocr_carea' id='block_1_53' title="bbox 1850 2648 3505 2734">
    <p class='ocr_par' dir='ltr' id='par_1_53' title="bbox 1850 2648 3505 2734">
     <span class='ocr_line' id='line_1_54' title="bbox 1850 2648 3505 2734; baseline -0.013 -12"><span class='ocrx_word' id='word_1_370' title='bbox 1850 2672 1961 2732; x_wconf 90' lang='lat' dir='ltr'><strong>tor,</strong></span> <span class='ocrx_word' id='word_1_371' title='bbox 2011 2664 2163 2720; x_wconf 86' lang='lat' dir='ltr'><strong>sicut</strong></span> <span class='ocrx_word' id='word_1_372' title='bbox 2199 2661 2313 2734; x_wconf 91' lang='lat' dir='ltr'><strong>ipsi</strong></span> <span class='ocrx_word' id='word_1_373' title='bbox 2353 2659 2560 2715; x_wconf 90' lang='lat' dir='ltr'><strong>dicunt</strong></span> <span class='ocrx_word' id='word_1_374' title='bbox 2580 2675 2597 2728; x_wconf 87' lang='lat'>;</span> <span class='ocrx_word' id='word_1_375' title='bbox 2625 2655 2700 2712; x_wconf 84' lang='lat' dir='ltr'><strong>de</strong></span> <span class='ocrx_word' id='word_1_376' title='bbox 2716 2651 2951 2726; x_wconf 79' lang='lat' dir='ltr'><strong>judicio</strong></span> <span class='ocrx_word' id='word_1_377' title='bbox 3002 2665 3168 2716; x_wconf 90' lang='lat' dir='ltr'><strong>vero,</strong></span> <span class='ocrx_word' id='word_1_378' title='bbox 3199 2648 3324 2705; x_wconf 82' lang='lat' dir='ltr'><strong>sive</strong></span> <span class='ocrx_word' id='word_1_379' title='bbox 3352 2661 3505 2704; x_wconf 89' lang='lat' dir='ltr'><strong>con-</strong></span> 
     </span>
    </p>
   </div>
   <div class='ocr_carea' id='block_1_54' title="bbox 1850 2736 3508 2821">
    <p class='ocr_par' dir='ltr' id='par_1_54' title="bbox 1850 2736 3508 2821">
     <span class='ocr_line' id='line_1_55' title="bbox 1850 2736 3508 2821; baseline -0.012 -10"><span class='ocrx_word' id='word_1_380' title='bbox 1850 2747 2268 2816; x_wconf 36' lang='lat' dir='ltr'><strong>demnatione,’</strong></span> <span class='ocrx_word' id='word_1_381' title='bbox 2325 2747 2472 2821; x_wconf 92' lang='lat' dir='ltr'><strong>quia</strong></span> <span class='ocrx_word' id='word_1_382' title='bbox 2543 2743 2985 2802; x_wconf 90' lang='lat' dir='ltr'><strong>condemnatus</strong></span> <span class='ocrx_word' id='word_1_383' title='bbox 3063 2742 3156 2796; x_wconf 84' lang='lat' dir='ltr'><strong>est</strong></span> <span class='ocrx_word' id='word_1_384' title='bbox 3222 2736 3508 2811; x_wconf 89' lang='lat' dir='ltr'><strong>princeps</strong></span> 
     </span>
    </p>
   </div>
   <div class='ocr_carea' id='block_1_55' title="bbox 1850 2824 3510 2910">
    <p class='ocr_par' dir='ltr' id='par_1_55' title="bbox 1850 2824 3510 2910">
     <span class='ocr_line' id='line_1_56' title="bbox 1850 2824 3510 2910; baseline -0.014 -8"><span class='ocrx_word' id='word_1_385' title='bbox 1850 2841 2305 2910; x_wconf 82' lang='lat' dir='ltr'><strong>daemoniorum,</strong></span> <span class='ocrx_word' id='word_1_386' title='bbox 2343 2842 2637 2910; x_wconf 91' lang='lat' dir='ltr'><strong>tanquam</strong></span> <span class='ocrx_word' id='word_1_387' title='bbox 2682 2831 2988 2897; x_wconf 90' lang='lat' dir='ltr'><strong>inimicus,</strong></span> <span class='ocrx_word' id='word_1_388' title='bbox 3021 2832 3080 2885; x_wconf 89' lang='lat' dir='ltr'><strong>et</strong></span> <span class='ocrx_word' id='word_1_389' title='bbox 3125 2841 3251 2884; x_wconf 91' lang='lat' dir='ltr'><strong>non</strong></span> <span class='ocrx_word' id='word_1_390' title='bbox 3288 2824 3510 2883; x_wconf 85' lang='lat' dir='ltr'><strong>amicus</strong></span> 
     </span>
    </p>
   </div>
   <div class='ocr_carea' id='block_1_56' title="bbox 1851 2949 3514 3078">
    <p class='ocr_par' dir='ltr' id='par_1_56' title="bbox 1851 2949 3514 3078">
     <span class='ocr_line' id='line_1_57' title="bbox 1851 2949 3514 3078; baseline -0.011 0"><span class='ocrx_word' id='word_1_391' title='bbox 1851 2949 2088 3078; x_wconf 36' lang='lat' dir='ltr'><strong>magis.</strong></span> <span class='ocrx_word' id='word_1_392' title='bbox 2139 3021 2224 3075; x_wconf 70' lang='lat'><strong>12.</strong></span> <span class='ocrx_word' id='word_1_393' title='bbox 2269 3015 2471 3073; x_wconf 80' lang='lat' dir='ltr'><strong>Adhuc</strong></span> <span class='ocrx_word' id='word_1_394' title='bbox 2507 3043 2576 3055; x_wconf 94' lang='lat'><strong>—</strong></span> <span class='ocrx_word' id='word_1_395' title='bbox 2625 3025 2805 3068; x_wconf 80' lang='lat' dir='ltr'><strong>nunc.</strong></span> <span class='ocrx_word' id='word_1_396' title='bbox 2857 3008 3008 3065; x_wconf 92' lang='lat' dir='ltr'><strong>Cum</strong></span> <span class='ocrx_word' id='word_1_397' title='bbox 3051 3005 3253 3063; x_wconf 89' lang='lat' dir='ltr'><strong>adhuc</strong></span> <span class='ocrx_word' id='word_1_398' title='bbox 3294 3003 3514 3077; x_wconf 62' lang='lat' dir='ltr'><strong>imperb</strong></span> 
     </span>
    </p>
   </div>
   <div class='ocr_carea' id='block_1_57' title="bbox 1852 3091 3516 3174">
    <p class='ocr_par' dir='ltr' id='par_1_57' title="bbox 1852 3091 3516 3174">
     <span class='ocr_line' id='line_1_58' title="bbox 1852 3091 3516 3174; baseline -0.01 -8"><span class='ocrx_word' id='word_1_399' title='bbox 1852 3109 1984 3166; x_wconf 80' lang='lat' dir='ltr'><strong>fecti</strong></span> <span class='ocrx_word' id='word_1_400' title='bbox 2014 3107 2160 3174; x_wconf 86' lang='lat' dir='ltr'><strong>sitis,</strong></span> <span class='ocrx_word' id='word_1_401' title='bbox 2193 3110 2250 3161; x_wconf 89' lang='lat' dir='ltr'><strong>et</strong></span> <span class='ocrx_word' id='word_1_402' title='bbox 2291 3103 2550 3160; x_wconf 90' lang='lat' dir='ltr'><strong>necdum</strong></span> <span class='ocrx_word' id='word_1_403' title='bbox 2580 3115 2686 3173; x_wconf 87' lang='lat' dir='ltr'><strong>per</strong></span> <span class='ocrx_word' id='word_1_404' title='bbox 2721 3095 3087 3154; x_wconf 88' lang='lat' dir='ltr'><strong>horrendam</strong></span> <span class='ocrx_word' id='word_1_405' title='bbox 3139 3091 3247 3166; x_wconf 79' lang='lat' dir='ltr'><strong>(zz)</strong></span> <span class='ocrx_word' id='word_1_406' title='bbox 3286 3091 3516 3164; x_wconf 84' lang='lat' dir='ltr'><strong>passio-</strong></span> 
     </span>
    </p>
   </div>
   <div class='ocr_carea' id='block_1_58' title="bbox 143 3179 1742 3279">
    <p class='ocr_par' dir='ltr' id='par_1_58' title="bbox 143 3179 1742 3279">
     <span class='ocr_line' id='line_1_59' title="bbox 143 3179 1742 3279; baseline -0.009 -20"><span class='ocrx_word' id='word_1_407' title='bbox 143 3211 234 3259; x_wconf 87' lang='grc' dir='ltr'>καὶ</span> <span class='ocrx_word' id='word_1_408' title='bbox 262 3179 574 3279; x_wconf 57' lang='grc' dir='ltr'>παραδόξων</span> <span class='ocrx_word' id='word_1_409' title='bbox 594 3179 974 3274; x_wconf 76' lang='grc' dir='ltr'>προκόψαντες,</span> <span class='ocrx_word' id='word_1_410' title='bbox 999 3194 1139 3270; x_wconf 59' lang='grc' dir='ltr'>μηδι</span> <span class='ocrx_word' id='word_1_411' title='bbox 1158 3193 1500 3268; x_wconf 77' lang='grc' dir='ltr'>ἕνδυσάμενοι</span> <span class='ocrx_word' id='word_1_412' title='bbox 1521 3191 1742 3267; x_wconf 87' lang='grc' dir='ltr'>δύναμιν</span> 
     </span>
    </p>
   </div>
   <div class='ocr_carea' id='block_1_59' title="bbox 1862 3179 3514 3279">
    <p class='ocr_par' dir='ltr' id='par_1_59' title="bbox 1862 3179 3514 3265">
     <span class='ocr_line' id='line_1_60' title="bbox 1862 3179 3514 3265; baseline -0.012 -11"><span class='ocrx_word' id='word_1_413' title='bbox 1862 3214 2012 3262; x_wconf 89' lang='lat' dir='ltr'><strong>nem,</strong></span> <span class='ocrx_word' id='word_1_414' title='bbox 2045 3211 2117 3252; x_wconf 90' lang='lat' dir='ltr'><strong>ac</strong></span> <span class='ocrx_word' id='word_1_415' title='bbox 2153 3192 2529 3265; x_wconf 88' lang='lat' dir='ltr'><strong>inopinatam</strong></span> <span class='ocrx_word' id='word_1_416' title='bbox 2567 3185 3057 3245; x_wconf 88' lang='lat' dir='ltr'><strong>resurrectionem</strong></span> <span class='ocrx_word' id='word_1_417' title='bbox 3083 3196 3282 3239; x_wconf 89' lang='lat' dir='ltr'><strong>meam</strong></span> <span class='ocrx_word' id='word_1_418' title='bbox 3314 3179 3514 3254; x_wconf 76' lang='lat' dir='ltr'><strong>prote-</strong></span> 
     </span>
    </p>
   </div>
   <div class='ocr_carea' id='block_1_60' title="bbox 147 3293 412 3364">
    <p class='ocr_par' dir='ltr' id='par_1_60' title="bbox 147 3293 412 3364">
     <span class='ocr_line' id='line_1_61' title="bbox 147 3293 412 3364; baseline 0 -16"><span class='ocrx_word' id='word_1_419' title='bbox 147 3295 200 3358; x_wconf 71' lang='grc' dir='ltr'>εξ</span> <span class='ocrx_word' id='word_1_420' title='bbox 223 3293 412 3364; x_wconf 75' lang='grc' dir='ltr'>ὕψους.</span> 
     </span>
    </p>
   </div>
   <div class='ocr_carea' id='block_1_61' title="bbox 215 3371 1746 3438">
    <p class='ocr_par' dir='ltr' id='par_1_61' title="bbox 215 3371 1746 3438">
     <span class='ocr_line' id='line_1_62' title="bbox 215 3371 1746 3438; baseline -0.007 -3"><span class='ocrx_word' id='word_1_421' title='bbox 215 3382 377 3435; x_wconf 85' lang='grc' dir='ltr'>Ὀταν</span> <span class='ocrx_word' id='word_1_422' title='bbox 450 3411 518 3420; x_wconf 92' lang='lat'>—</span> <span class='ocrx_word' id='word_1_423' title='bbox 567 3377 827 3438; x_wconf 80' lang='grc' dir='ltr'>ἀλήθειαν.</span> <span class='ocrx_word' id='word_1_424' title='bbox 903 3377 988 3438; x_wconf 84' lang='grc' dir='ltr'>Εἰς</span> <span class='ocrx_word' id='word_1_425' title='bbox 1052 3378 1110 3428; x_wconf 88' lang='grc' dir='ltr'>τὸ</span> <span class='ocrx_word' id='word_1_426' title='bbox 1167 3371 1358 3428; x_wconf 79' lang='grc' dir='ltr'>εἰδέναι</span> <span class='ocrx_word' id='word_1_427' title='bbox 1414 3379 1589 3426; x_wconf 86' lang='grc' dir='ltr'>πᾶσαν</span> <span class='ocrx_word' id='word_1_428' title='bbox 1651 3376 1746 3431; x_wconf 77' lang='grc' dir='ltr'>τὴν</span> 
     </span>
    </p>
   </div>
   <div class='ocr_carea' id='block_1_62' title="bbox 150 3463 1746 3539">
    <p class='ocr_par' dir='ltr' id='par_1_62' title="bbox 150 3463 1746 3539">
     <span class='ocr_line' id='line_1_63' title="bbox 150 3463 1746 3539; baseline -0.007 -15"><span class='ocrx_word' id='word_1_429' title='bbox 150 3471 393 3530; x_wconf 78' lang='grc' dir='ltr'>ἀλήθειαν</span> <span class='ocrx_word' id='word_1_430' title='bbox 458 3476 560 3522; x_wconf 85' lang='grc' dir='ltr'>τῶν</span> <span class='ocrx_word' id='word_1_431' title='bbox 641 3470 786 3520; x_wconf 90' lang='grc' dir='ltr'>θείων</span> <span class='ocrx_word' id='word_1_432' title='bbox 842 3463 1140 3539; x_wconf 76' lang='grc' dir='ltr'>δογμάτων,</span> <span class='ocrx_word' id='word_1_433' title='bbox 1209 3468 1304 3523; x_wconf 82' lang='grc' dir='ltr'>τὴν</span> <span class='ocrx_word' id='word_1_434' title='bbox 1372 3467 1746 3535; x_wconf 80' lang='grc' dir='ltr'>προσήκουσαν</span> 
     </span>
    </p>
   </div>
   <div class='ocr_carea' id='block_1_63' title="bbox 152 3551 1750 3630">
    <p class='ocr_par' dir='ltr' id='par_1_63' title="bbox 152 3551 1750 3630">
     <span class='ocr_line' id='line_1_64' title="bbox 152 3551 1750 3630; baseline -0.008 -15"><span class='ocrx_word' id='word_1_435' title='bbox 152 3558 399 3620; x_wconf 77' lang='grc' dir='ltr'>δηλονότι</span> <span class='ocrx_word' id='word_1_436' title='bbox 430 3558 787 3630; x_wconf 75' lang='grc' dir='ltr'>γνωρισθῆναι</span> <span class='ocrx_word' id='word_1_437' title='bbox 836 3556 976 3628; x_wconf 86' lang='grc' dir='ltr'>ύμῖν.</span> <span class='ocrx_word' id='word_1_438' title='bbox 1027 3551 1154 3607; x_wconf 81' lang='grc' dir='ltr'>Εἶτα</span> <span class='ocrx_word' id='word_1_439' title='bbox 1186 3554 1269 3605; x_wconf 82' lang='grc' dir='ltr'><strong>ἵνα</strong></span> <span class='ocrx_word' id='word_1_440' title='bbox 1317 3555 1414 3626; x_wconf 74' lang='grc' dir='ltr'>μὴ,</span> <span class='ocrx_word' id='word_1_441' title='bbox 1460 3551 1750 3610; x_wconf 76' lang='grc' dir='ltr'>τηλικαῦτα</span> 
     </span>
    </p>
   </div>
   <div class='ocr_carea' id='block_1_64' title="bbox 151 3641 1748 3722">
    <p class='ocr_par' dir='ltr' id='par_1_64' title="bbox 151 3641 1748 3722">
     <span class='ocr_line' id='line_1_65' title="bbox 151 3641 1748 3722; baseline -0.007 -19"><span class='ocrx_word' id='word_1_442' title='bbox 151 3653 273 3722; x_wconf 86' lang='grc' dir='ltr'>περὶ</span> <span class='ocrx_word' id='word_1_443' title='bbox 319 3656 412 3701; x_wconf 86' lang='grc' dir='ltr'><strong>τοῦ</strong></span> <span class='ocrx_word' id='word_1_444' title='bbox 473 3647 626 3719; x_wconf 74' lang='grc' dir='ltr'>ἁγίου</span> <span class='ocrx_word' id='word_1_445' title='bbox 702 3647 1002 3718; x_wconf 87' lang='grc' dir='ltr'>Πνεύματος</span> <span class='ocrx_word' id='word_1_446' title='bbox 1071 3643 1405 3708; x_wconf 80' lang='grc' dir='ltr'>ἀκούσαντες,</span> <span class='ocrx_word' id='word_1_447' title='bbox 1469 3641 1648 3714; x_wconf 78' lang='grc' dir='ltr'>μεῖζον</span> <span class='ocrx_word' id='word_1_448' title='bbox 1687 3643 1748 3693; x_wconf 87' lang='grc' dir='ltr'>τὸ</span> 
     </span>
    </p>
   </div>
   <div class='ocr_carea' id='block_1_65' title="bbox 156 3729 1747 3810">
    <p class='ocr_par' dir='ltr' id='par_1_65' title="bbox 156 3729 1747 3810">
     <span class='ocr_line' id='line_1_66' title="bbox 156 3729 1747 3810; baseline -0.007 -18"><span class='ocrx_word' id='word_1_449' title='bbox 156 3745 365 3810; x_wconf 79' lang='grc' dir='ltr'>Πνεῦμα</span> <span class='ocrx_word' id='word_1_450' title='bbox 387 3741 667 3810; x_wconf 89' lang='grc' dir='ltr'>νομίσωσι,</span> <span class='ocrx_word' id='word_1_451' title='bbox 696 3740 784 3786; x_wconf 82' lang='grc' dir='ltr'>καὶ</span> <span class='ocrx_word' id='word_1_452' title='bbox 809 3734 880 3795; x_wconf 83' lang='grc' dir='ltr'><strong>εἰς</strong></span> <span class='ocrx_word' id='word_1_453' title='bbox 901 3732 1138 3805; x_wconf 76' lang='grc' dir='ltr'>ἔσχάτην</span> <span class='ocrx_word' id='word_1_454' title='bbox 1169 3729 1407 3784; x_wconf 74' lang='grc' dir='ltr'>ἀσέϐειαν</span> <span class='ocrx_word' id='word_1_455' title='bbox 1433 3729 1747 3803; x_wconf 74' lang='grc' dir='ltr'>ἐμπέσωσιν,</span> 
     </span>
    </p>
   </div>
   <div class='ocr_carea' id='block_1_66' title="bbox 155 3829 984 3902">
    <p class='ocr_par' dir='ltr' id='par_1_66' title="bbox 155 3829 984 3902">
     <span class='ocr_line' id='line_1_67' title="bbox 155 3829 984 3902; baseline -0.008 -20"><span class='ocrx_word' id='word_1_456' title='bbox 155 3829 339 3899; x_wconf 74' lang='grc' dir='ltr'>ἐπάγει</span> <span class='ocrx_word' id='word_1_457' title='bbox 374 3829 646 3902; x_wconf 84' lang='grc' dir='ltr'>θεραπείαν</span> <span class='ocrx_word' id='word_1_458' title='bbox 675 3829 764 3876; x_wconf 87' lang='grc' dir='ltr'><strong>καί</strong></span> <span class='ocrx_word' id='word_1_459' title='bbox 789 3843 946 3897; x_wconf 77' lang='grc' dir='ltr'>φησιν</span> <span class='ocrx_word' id='word_1_460' title='bbox 971 3842 984 3855; x_wconf 91' lang='grc'><strong>·</strong></span> 
     </span>
    </p>
   </div>
   <div class='ocr_carea' id='block_1_67' title="bbox 229 3907 1752 3987">
    <p class='ocr_par' dir='ltr' id='par_1_67' title="bbox 229 3907 1752 3987">
     <span class='ocr_line' id='line_1_68' title="bbox 229 3907 1752 3987; baseline -0.005 -17"><span class='ocrx_word' id='word_1_461' title='bbox 229 3916 305 3970; x_wconf 84' lang='grc' dir='ltr'>Ού</span> <span class='ocrx_word' id='word_1_462' title='bbox 343 3947 408 3958; x_wconf 90' lang='grc'><strong><em>-</em></strong></span> <span class='ocrx_word' id='word_1_463' title='bbox 443 3915 648 3971; x_wconf 74' lang='grc' dir='ltr'>ἑαυτοῦ.</span> <span class='ocrx_word' id='word_1_464' title='bbox 696 3912 896 3987; x_wconf 78' lang='grc' dir='ltr'>Ὠσπερ</span> <span class='ocrx_word' id='word_1_465' title='bbox 950 3908 1065 3966; x_wconf 76' lang='grc' dir='ltr'><strong>οὐδ’</strong></span> <span class='ocrx_word' id='word_1_466' title='bbox 1116 3910 1233 3984; x_wconf 79' lang='grc' dir='ltr'>ὶγὼ,</span> <span class='ocrx_word' id='word_1_467' title='bbox 1265 3912 1438 3972; x_wconf 83' lang='grc' dir='ltr'>καθὼς</span> <span class='ocrx_word' id='word_1_468' title='bbox 1489 3907 1752 3984; x_wconf 74' lang='grc' dir='ltr'>διαφόρως</span> 
     </span>
    </p>
   </div>
   <div class='ocr_carea' id='block_1_68' title="bbox 155 3997 1754 4081">
    <p class='ocr_par' dir='ltr' id='par_1_68' title="bbox 155 3997 1754 4081">
     <span class='ocr_line' id='line_1_69' title="bbox 155 3997 1754 4081; baseline -0.006 -21"><span class='ocrx_word' id='word_1_469' title='bbox 155 4002 665 4081; x_wconf 60' lang='grc' dir='ltr'>προδιεστειλάμην</span> <span class='ocrx_word' id='word_1_470' title='bbox 711 3998 863 4055; x_wconf 68' lang='grc' dir='ltr'>ούδὶν</span> <span class='ocrx_word' id='word_1_471' title='bbox 917 4004 1020 4078; x_wconf 81' lang='grc' dir='ltr'><strong>γὰρ</strong></span> <span class='ocrx_word' id='word_1_472' title='bbox 1070 3997 1209 4055; x_wconf 76' lang='grc' dir='ltr'>ἴδιον</span> <span class='ocrx_word' id='word_1_473' title='bbox 1237 3997 1413 4054; x_wconf 80' lang='grc' dir='ltr'>οὐδενὶ</span> <span class='ocrx_word' id='word_1_474' title='bbox 1458 4007 1551 4061; x_wconf 84' lang='grc' dir='ltr'>τῆς</span> <span class='ocrx_word' id='word_1_475' title='bbox 1603 3999 1754 4072; x_wconf 85' lang='grc' dir='ltr'>ἁγίας</span> 
     </span>
    </p>
   </div>
   <div class='ocr_carea' id='block_1_69' title="bbox 153 4086 1753 4171">
    <p class='ocr_par' dir='ltr' id='par_1_69' title="bbox 153 4086 1753 4171">
     <span class='ocr_line' id='line_1_70' title="bbox 153 4086 1753 4171; baseline -0.004 -23"><span class='ocrx_word' id='word_1_476' title='bbox 153 4091 403 4171; x_wconf 80' lang='grc' dir='ltr'>Τριάδος,</span> <span class='ocrx_word' id='word_1_477' title='bbox 446 4093 579 4153; x_wconf 70' lang='grc' dir='ltr'>πλὴν</span> <span class='ocrx_word' id='word_1_478' title='bbox 611 4091 939 4166; x_wconf 80' lang='grc' dir='ltr'>ἁγεννησίας,</span> <span class='ocrx_word' id='word_1_479' title='bbox 974 4094 1065 4143; x_wconf 82' lang='grc' dir='ltr'><strong>καὶ</strong></span> <span class='ocrx_word' id='word_1_480' title='bbox 1093 4095 1395 4162; x_wconf 85' lang='grc' dir='ltr'>γεννήσεως,</span> <span class='ocrx_word' id='word_1_481' title='bbox 1452 4093 1542 4142; x_wconf 81' lang='grc' dir='ltr'><strong>καὶ</strong></span> <span class='ocrx_word' id='word_1_482' title='bbox 1595 4086 1753 4141; x_wconf 77' lang='grc' dir='ltr'>ἔκπο-</span> 
     </span>
    </p>
   </div>
   <div class='ocr_carea' id='block_1_70' title="bbox 153 4179 1110 4260">
    <p class='ocr_par' dir='ltr' id='par_1_70' title="bbox 153 4179 1110 4260">
     <span class='ocr_line' id='line_1_71' title="bbox 153 4179 1110 4260; baseline -0.006 -22"><span class='ocrx_word' id='word_1_483' title='bbox 153 4188 398 4260; x_wconf 83' lang='grc' dir='ltr'>ρεύσεως,</span> <span class='ocrx_word' id='word_1_484' title='bbox 431 4183 558 4238; x_wconf 75' lang='grc' dir='ltr'>ἀλλὰ</span> <span class='ocrx_word' id='word_1_485' title='bbox 581 4183 731 4235; x_wconf 88' lang='grc' dir='ltr'>κοινὰ</span> <span class='ocrx_word' id='word_1_486' title='bbox 758 4182 926 4234; x_wconf 84' lang='grc' dir='ltr'>πάντα</span> <span class='ocrx_word' id='word_1_487' title='bbox 955 4179 1110 4254; x_wconf 69' lang='grc' dir='ltr'>αὐτῇ.</span> 
     </span>
    </p>
   </div>
   <div class='ocr_carea' id='block_1_71' title="bbox 229 4445 1757 4518">
    <p class='ocr_par' dir='ltr' id='par_1_71' title="bbox 229 4445 1757 4518">
     <span class='ocr_line' id='line_1_72' title="bbox 229 4445 1757 4518; baseline -0.005 -16"><span class='ocrx_word' id='word_1_488' title='bbox 229 4450 360 4502; x_wconf 85' lang='grc' dir='ltr'>Ἀλλ’</span> <span class='ocrx_word' id='word_1_489' title='bbox 417 4479 484 4491; x_wconf 90' lang='grc'><strong><em>-</em></strong></span> <span class='ocrx_word' id='word_1_490' title='bbox 535 4448 771 4508; x_wconf 85' lang='grc' dir='ltr'>λαλήσει.</span> <span class='ocrx_word' id='word_1_491' title='bbox 842 4447 985 4501; x_wconf 83' lang='grc' dir='ltr'>Ὀσα</span> <span class='ocrx_word' id='word_1_492' title='bbox 1047 4445 1108 4500; x_wconf 83' lang='grc' dir='ltr'>ἃν</span> <span class='ocrx_word' id='word_1_493' title='bbox 1189 4446 1388 4518; x_wconf 74' lang='grc' dir='ltr'>ἀκούσῃ</span> <span class='ocrx_word' id='word_1_494' title='bbox 1462 4445 1606 4516; x_wconf 88' lang='grc' dir='ltr'>παρὰ</span> <span class='ocrx_word' id='word_1_495' title='bbox 1664 4450 1757 4496; x_wconf 88' lang='grc' dir='ltr'><strong>τοῦ</strong></span> 
     </span>
    </p>
   </div>
   <div class='ocr_carea' id='block_1_72' title="bbox 160 4529 1758 4614">
    <p class='ocr_par' dir='ltr' id='par_1_72' title="bbox 160 4529 1758 4614">
     <span class='ocr_line' id='line_1_73' title="bbox 160 4529 1758 4614; baseline -0.004 -23"><span class='ocrx_word' id='word_1_496' title='bbox 160 4543 382 4614; x_wconf 79' lang='grc' dir='ltr'>Πατρός,</span> <span class='ocrx_word' id='word_1_497' title='bbox 416 4539 442 4590; x_wconf 86' lang='grc' dir='ltr'><strong><em>ὃ</em></strong></span> <span class='ocrx_word' id='word_1_498' title='bbox 479 4542 568 4590; x_wconf 82' lang='grc' dir='ltr'>καὶ</span> <span class='ocrx_word' id='word_1_499' title='bbox 625 4543 742 4611; x_wconf 83' lang='grc' dir='ltr'>περὶ</span> <span class='ocrx_word' id='word_1_500' title='bbox 771 4537 996 4610; x_wconf 71' lang='grc' dir='ltr'>ἐμαυτοῦ</span> <span class='ocrx_word' id='word_1_501' title='bbox 1035 4535 1278 4597; x_wconf 84' lang='grc' dir='ltr'>πολλάκις</span> <span class='ocrx_word' id='word_1_502' title='bbox 1326 4538 1530 4606; x_wconf 78' lang='grc' dir='ltr'>εἴρηκα,</span> <span class='ocrx_word' id='word_1_503' title='bbox 1585 4529 1758 4590; x_wconf 80' lang='grc' dir='ltr'>δηλῶν</span> 
     </span>
    </p>
   </div>
   <div class='ocr_carea' id='block_1_73' title="bbox 159 4621 1756 4701">
    <p class='ocr_par' dir='ltr' id='par_1_73' title="bbox 159 4621 1756 4701">
     <span class='ocr_line' id='line_1_74' title="bbox 159 4621 1756 4701; baseline -0.004 -20"><span class='ocrx_word' id='word_1_504' title='bbox 159 4632 215 4682; x_wconf 87' lang='grc' dir='ltr'>τὸ</span> <span class='ocrx_word' id='word_1_505' title='bbox 256 4631 554 4701; x_wconf 86' lang='grc' dir='ltr'>ὀμοούσιον,</span> <span class='ocrx_word' id='word_1_506' title='bbox 605 4631 695 4679; x_wconf 81' lang='grc' dir='ltr'>καὶ</span> <span class='ocrx_word' id='word_1_507' title='bbox 727 4628 965 4699; x_wconf 74' lang='grc' dir='ltr'>ὁμοφυες,</span> <span class='ocrx_word' id='word_1_508' title='bbox 1009 4630 1100 4678; x_wconf 83' lang='grc' dir='ltr'>καὶ</span> <span class='ocrx_word' id='word_1_509' title='bbox 1138 4627 1276 4691; x_wconf 79' lang='grc' dir='ltr'>ἴσον,</span> <span class='ocrx_word' id='word_1_510' title='bbox 1321 4628 1412 4676; x_wconf 84' lang='grc' dir='ltr'>καὶ</span> <span class='ocrx_word' id='word_1_511' title='bbox 1461 4621 1756 4696; x_wconf 81' lang='grc' dir='ltr'>ἀπαράλλα-</span> 
     </span>
    </p>
   </div>
   <div class='ocr_carea' id='block_1_74' title="bbox 162 4713 1759 4791">
    <p class='ocr_par' dir='ltr' id='par_1_74' title="bbox 162 4713 1759 4791">
     <span class='ocr_line' id='line_1_75' title="bbox 162 4713 1759 4791; baseline -0.004 -21"><span class='ocrx_word' id='word_1_512' title='bbox 162 4738 302 4771; x_wconf 87' lang='grc' dir='ltr'>κτον.</span> <span class='ocrx_word' id='word_1_513' title='bbox 332 4717 530 4791; x_wconf 82' lang='grc' dir='ltr'>Ὧσπερ</span> <span class='ocrx_word' id='word_1_514' title='bbox 577 4719 680 4790; x_wconf 79' lang='grc' dir='ltr'><strong>γὰρ</strong></span> <span class='ocrx_word' id='word_1_515' title='bbox 724 4717 749 4766; x_wconf 89' lang='lat'><strong>6</strong></span> <span class='ocrx_word' id='word_1_516' title='bbox 779 4718 901 4776; x_wconf 85' lang='grc' dir='ltr'>Υἱὸς</span> <span class='ocrx_word' id='word_1_517' title='bbox 927 4713 1187 4786; x_wconf 83' lang='grc' dir='ltr'>πλήρωμα</span> <span class='ocrx_word' id='word_1_518' title='bbox 1213 4717 1373 4786; x_wconf 82' lang='grc' dir='ltr'>νόμου</span> <span class='ocrx_word' id='word_1_519' title='bbox 1427 4718 1518 4764; x_wconf 83' lang='grc' dir='ltr'>καὶ</span> <span class='ocrx_word' id='word_1_520' title='bbox 1561 4732 1759 4787; x_wconf 81' lang='grc' dir='ltr'>προφη-</span> 
     </span>
    </p>
   </div>
   <div class='ocr_carea' id='block_1_75' title="bbox 163 4797 1760 4877">
    <p class='ocr_par' dir='ltr' id='par_1_75' title="bbox 163 4797 1760 4877">
     <span class='ocr_line' id='line_1_76' title="bbox 163 4797 1760 4877; baseline -0.004 -17"><span class='ocrx_word' id='word_1_521' title='bbox 163 4816 282 4876; x_wconf 87' lang='grc' dir='ltr'>τῶν,</span> <span class='ocrx_word' id='word_1_522' title='bbox 361 4811 426 4861; x_wconf 80' lang='grc' dir='ltr'>τὰ</span> <span class='ocrx_word' id='word_1_523' title='bbox 474 4811 703 4865; x_wconf 84' lang='grc' dir='ltr'>τυπικῶς</span> <span class='ocrx_word' id='word_1_524' title='bbox 770 4799 1232 4877; x_wconf 77' lang='grc' dir='ltr'>προδιαγραφέντα</span> <span class='ocrx_word' id='word_1_525' title='bbox 1301 4799 1596 4873; x_wconf 83' lang='grc' dir='ltr'>βεϐαιώσας</span> <span class='ocrx_word' id='word_1_526' title='bbox 1665 4797 1760 4854; x_wconf 72' lang='grc' dir='ltr'><strong>διὰ</strong></span> 
     </span>
    </p>
   </div>
   <div class='ocr_carea' id='block_1_76' title="bbox 166 4887 1761 4965">
    <p class='ocr_par' dir='ltr' id='par_1_76' title="bbox 166 4887 1761 4965">
     <span class='ocr_line' id='line_1_77' title="bbox 166 4887 1761 4965; baseline -0.004 -15"><span class='ocrx_word' id='word_1_527' title='bbox 166 4905 260 4959; x_wconf 83' lang='grc' dir='ltr'>τῆς</span> <span class='ocrx_word' id='word_1_528' title='bbox 307 4897 582 4956; x_wconf 75' lang='grc' dir='ltr'>ἀληθείαςο</span> <span class='ocrx_word' id='word_1_529' title='bbox 639 4891 775 4945; x_wconf 75' lang='grc' dir='ltr'>οὕτω</span> <span class='ocrx_word' id='word_1_530' title='bbox 831 4894 922 4944; x_wconf 82' lang='grc' dir='ltr'><strong>καὶ</strong></span> <span class='ocrx_word' id='word_1_531' title='bbox 959 4894 1017 4944; x_wconf 89' lang='grc' dir='ltr'>τό</span> <span class='ocrx_word' id='word_1_532' title='bbox 1068 4892 1200 4944; x_wconf 84' lang='grc' dir='ltr'>θεῖον</span> <span class='ocrx_word' id='word_1_533' title='bbox 1241 4897 1450 4964; x_wconf 84' lang='grc' dir='ltr'>Πνεῦμα</span> <span class='ocrx_word' id='word_1_534' title='bbox 1499 4887 1761 4965; x_wconf 78' lang='grc' dir='ltr'>πλήρωμα</span> 
     </span>
    </p>
   </div>
   <div class='ocr_carea' id='block_1_77' title="bbox 239 5067 1347 5141">
    <p class='ocr_par' dir='ltr' id='par_1_77' title="bbox 239 5067 1347 5141">
     <span class='ocr_line' id='line_1_78' title="bbox 239 5067 1347 5141; baseline -0.002 -15"><span class='ocrx_word' id='word_1_535' title='bbox 239 5073 286 5108; x_wconf 72' lang='grc' dir='ltr'>η</span> <span class='ocrx_word' id='word_1_536' title='bbox 310 5072 506 5129; x_wconf 85' lang='lat' dir='ltr'><strong>Matth.</strong></span> <span class='ocrx_word' id='word_1_537' title='bbox 534 5087 636 5140; x_wconf 85' lang='lat' dir='ltr'><strong>xu,</strong></span> <span class='ocrx_word' id='word_1_538' title='bbox 666 5073 757 5127; x_wconf 75' lang='grc'><strong>24.</strong></span> <span class='ocrx_word' id='word_1_539' title='bbox 872 5072 918 5108; x_wconf 73' lang='grc' dir='ltr'><strong>³ο</strong></span> <span class='ocrx_word' id='word_1_540' title='bbox 939 5070 1106 5128; x_wconf 83' lang='lat' dir='ltr'><strong>Joan.</strong></span> <span class='ocrx_word' id='word_1_541' title='bbox 1131 5083 1226 5141; x_wconf 83' lang='lat' dir='ltr'><strong>vn,</strong></span> <span class='ocrx_word' id='word_1_542' title='bbox 1257 5067 1347 5136; x_wconf 78' lang='lat'><strong>20,</strong></span> 
     </span>
    </p>
   </div>
   <div class='ocr_carea' id='block_1_78' title="bbox 1854 3269 3300 3355">
    <p class='ocr_par' dir='ltr' id='par_1_78' title="bbox 1854 3269 3300 3355">
     <span class='ocr_line' id='line_1_79' title="bbox 1854 3269 3300 3355; baseline -0.014 -10"><span class='ocrx_word' id='word_1_543' title='bbox 1854 3285 2082 3350; x_wconf 79' lang='lat' dir='ltr'><strong>ceratis,</strong></span> <span class='ocrx_word' id='word_1_544' title='bbox 2113 3297 2309 3355; x_wconf 88' lang='lat' dir='ltr'><strong>neque</strong></span> <span class='ocrx_word' id='word_1_545' title='bbox 2339 3277 2530 3335; x_wconf 89' lang='lat' dir='ltr'><strong>induti</strong></span> <span class='ocrx_word' id='word_1_546' title='bbox 2573 3276 2700 3332; x_wconf 86' lang='lat' dir='ltr'><strong>sitis</strong></span> <span class='ocrx_word' id='word_1_547' title='bbox 2726 3274 2942 3330; x_wconf 85' lang='lat' dir='ltr'><strong>virtute</strong></span> <span class='ocrx_word' id='word_1_548' title='bbox 2971 3287 3044 3328; x_wconf 92' lang='lat' dir='ltr'><strong>ex</strong></span> <span class='ocrx_word' id='word_1_549' title='bbox 3075 3269 3197 3327; x_wconf 91' lang='lat' dir='ltr'><strong>alto</strong></span> <span class='ocrx_word' id='word_1_550' title='bbox 3227 3270 3300 3324; x_wconf 74' lang='grc' dir='ltr'><strong>³ο.</strong></span> 
     </span>
    </p>
   </div>
   <div class='ocr_carea' id='block_1_79' title="bbox 1925 3355 3519 3431">
    <p class='ocr_par' dir='ltr' id='par_1_79' title="bbox 1925 3355 3519 3431">
     <span class='ocr_line' id='line_1_80' title="bbox 1925 3355 3519 3431; baseline -0.012 0"><span class='ocrx_word' id='word_1_551' title='bbox 1925 3376 2089 3431; x_wconf 84' lang='lat' dir='ltr'><strong>Vers.</strong></span> <span class='ocrx_word' id='word_1_552' title='bbox 2135 3374 2223 3428; x_wconf 77' lang='grc'><strong>13.</strong></span> <span class='ocrx_word' id='word_1_553' title='bbox 2270 3371 2421 3427; x_wconf 85' lang='lat' dir='ltr'><strong>Cum</strong></span> <span class='ocrx_word' id='word_1_554' title='bbox 2464 3397 2532 3409; x_wconf 90' lang='lat'><strong><em>—</em></strong></span> <span class='ocrx_word' id='word_1_555' title='bbox 2571 3364 2899 3422; x_wconf 78' lang='lat' dir='ltr'><strong>veritatem.</strong></span> <span class='ocrx_word' id='word_1_556' title='bbox 2941 3359 3030 3417; x_wconf 86' lang='lat' dir='ltr'><strong>Ad</strong></span> <span class='ocrx_word' id='word_1_557' title='bbox 3078 3358 3213 3426; x_wconf 89' lang='lat' dir='ltr'><strong>hoc,</strong></span> <span class='ocrx_word' id='word_1_558' title='bbox 3268 3360 3334 3414; x_wconf 85' lang='lat' dir='ltr'><strong>ut</strong></span> <span class='ocrx_word' id='word_1_559' title='bbox 3370 3355 3519 3413; x_wconf 82' lang='lat' dir='ltr'><strong>scia-</strong></span> 
     </span>
    </p>
   </div>
   <div class='ocr_carea' id='block_1_80' title="bbox 1854 3449 3518 3523">
    <p class='ocr_par' dir='ltr' id='par_1_80' title="bbox 1854 3449 3518 3523">
     <span class='ocr_line' id='line_1_81' title="bbox 1854 3449 3518 3523; baseline -0.011 0"><span class='ocrx_word' id='word_1_560' title='bbox 1854 3465 1931 3523; x_wconf 87' lang='lat' dir='ltr'><strong>tis</strong></span> <span class='ocrx_word' id='word_1_561' title='bbox 1955 3477 2201 3521; x_wconf 89' lang='lat' dir='ltr'><strong>omuem</strong></span> <span class='ocrx_word' id='word_1_562' title='bbox 2226 3458 2529 3516; x_wconf 85' lang='lat' dir='ltr'><strong>veritatem</strong></span> <span class='ocrx_word' id='word_1_563' title='bbox 2554 3453 2894 3510; x_wconf 85' lang='lat' dir='ltr'><strong>divinorum</strong></span> <span class='ocrx_word' id='word_1_564' title='bbox 2923 3449 3302 3520; x_wconf 84' lang='lat' dir='ltr'><strong>dogmatum,</strong></span> <span class='ocrx_word' id='word_1_565' title='bbox 3328 3460 3518 3519; x_wconf 87' lang='lat' dir='ltr'><strong>quam</strong></span> 
     </span>
    </p>
   </div>
   <div class='ocr_carea' id='block_1_81' title="bbox 1855 3536 3519 3622">
    <p class='ocr_par' dir='ltr' id='par_1_81' title="bbox 1855 3536 3519 3622">
     <span class='ocr_line' id='line_1_82' title="bbox 1855 3536 3519 3622; baseline -0.013 -11"><span class='ocrx_word' id='word_1_566' title='bbox 1855 3552 2127 3612; x_wconf 88' lang='lat' dir='ltr'><strong>videlicet</strong></span> <span class='ocrx_word' id='word_1_567' title='bbox 2156 3547 2390 3622; x_wconf 85' lang='lat' dir='ltr'><strong>expedit</strong></span> <span class='ocrx_word' id='word_1_568' title='bbox 2412 3545 2586 3602; x_wconf 89' lang='lat' dir='ltr'><strong>vobis</strong></span> <span class='ocrx_word' id='word_1_569' title='bbox 2611 3554 2995 3611; x_wconf 77' lang='lat' dir='ltr'><strong>cognoscere.</strong></span> <span class='ocrx_word' id='word_1_570' title='bbox 3035 3536 3282 3602; x_wconf 89' lang='lat' dir='ltr'><strong>Deinde,</strong></span> <span class='ocrx_word' id='word_1_571' title='bbox 3304 3550 3380 3592; x_wconf 90' lang='lat' dir='ltr'><strong>ne</strong></span> <span class='ocrx_word' id='word_1_572' title='bbox 3413 3549 3519 3592; x_wconf 86' lang='lat' dir='ltr'><strong>au-</strong></span> 
     </span>
    </p>
   </div>
   <div class='ocr_carea' id='block_1_82' title="bbox 1858 3623 3518 3708">
    <p class='ocr_par' dir='ltr' id='par_1_82' title="bbox 1858 3623 3518 3708">
     <span class='ocr_line' id='line_1_83' title="bbox 1858 3623 3518 3708; baseline -0.011 -8"><span class='ocrx_word' id='word_1_573' title='bbox 1858 3643 1993 3699; x_wconf 90' lang='lat' dir='ltr'><strong>ditis</strong></span> <span class='ocrx_word' id='word_1_574' title='bbox 2023 3640 2242 3698; x_wconf 86' lang='lat' dir='ltr'><strong>talibus</strong></span> <span class='ocrx_word' id='word_1_575' title='bbox 2281 3637 2358 3693; x_wconf 89' lang='lat' dir='ltr'><strong>de</strong></span> <span class='ocrx_word' id='word_1_576' title='bbox 2386 3634 2609 3708; x_wconf 89' lang='lat' dir='ltr'><strong>Spiritu</strong></span> <span class='ocrx_word' id='word_1_577' title='bbox 2635 3634 2864 3698; x_wconf 88' lang='lat' dir='ltr'><strong>sancto,</strong></span> <span class='ocrx_word' id='word_1_578' title='bbox 2899 3627 3194 3700; x_wconf 87' lang='lat' dir='ltr'><strong>majorem</strong></span> <span class='ocrx_word' id='word_1_579' title='bbox 3218 3623 3518 3683; x_wconf 77' lang='lat' dir='ltr'><strong>existima-</strong></span> 
     </span>
    </p>
   </div>
   <div class='ocr_carea' id='block_1_83' title="bbox 1857 3712 3523 3800">
    <p class='ocr_par' dir='ltr' id='par_1_83' title="bbox 1857 3712 3523 3800">
     <span class='ocr_line' id='line_1_84' title="bbox 1857 3712 3523 3800; baseline -0.013 -10"><span class='ocrx_word' id='word_1_580' title='bbox 1857 3736 1990 3790; x_wconf 90' lang='lat' dir='ltr'><strong>rent</strong></span> <span class='ocrx_word' id='word_1_581' title='bbox 2017 3746 2150 3788; x_wconf 87' lang='lat' dir='ltr'><strong>esse</strong></span> <span class='ocrx_word' id='word_1_582' title='bbox 2195 3727 2507 3800; x_wconf 89' lang='lat' dir='ltr'><strong>Spiritum,</strong></span> <span class='ocrx_word' id='word_1_583' title='bbox 2540 3726 2597 3780; x_wconf 90' lang='lat' dir='ltr'><strong>et</strong></span> <span class='ocrx_word' id='word_1_584' title='bbox 2624 3721 2686 3778; x_wconf 92' lang='lat' dir='ltr'><strong>in</strong></span> <span class='ocrx_word' id='word_1_585' title='bbox 2708 3725 3034 3777; x_wconf 83' lang='lat' dir='ltr'><strong>extremam</strong></span> <span class='ocrx_word' id='word_1_586' title='bbox 3067 3713 3382 3772; x_wconf 88' lang='lat' dir='ltr'><strong>inciderint</strong></span> <span class='ocrx_word' id='word_1_587' title='bbox 3405 3712 3523 3771; x_wconf 88' lang='lat' dir='ltr'><strong>im-</strong></span> 
     </span>
    </p>
   </div>
   <div class='ocr_carea' id='block_1_84' title="bbox 1859 3807 3088 3897">
    <p class='ocr_par' dir='ltr' id='par_1_84' title="bbox 1859 3807 3088 3897">
     <span class='ocr_line' id='line_1_85' title="bbox 1859 3807 3088 3897; baseline -0.012 -17"><span class='ocrx_word' id='word_1_588' title='bbox 1859 3823 2159 3897; x_wconf 88' lang='lat' dir='ltr'><strong>pietatem,</strong></span> <span class='ocrx_word' id='word_1_589' title='bbox 2211 3815 2510 3873; x_wconf 87' lang='lat' dir='ltr'><strong>medelam</strong></span> <span class='ocrx_word' id='word_1_590' title='bbox 2534 3809 2806 3884; x_wconf 84' lang='lat' dir='ltr'><strong>adjuugit</strong></span> <span class='ocrx_word' id='word_1_591' title='bbox 2835 3807 3042 3897; x_wconf 85' lang='lat' dir='ltr'><strong>dicens</strong></span> <span class='ocrx_word' id='word_1_592' title='bbox 3070 3819 3088 3865; x_wconf 90' lang='lat'><strong>:</strong></span> 
     </span>
    </p>
   </div>
   <div class='ocr_carea' id='block_1_85' title="bbox 1930 3895 3517 3970">
    <p class='ocr_par' dir='ltr' id='par_1_85' title="bbox 1930 3895 3517 3970">
     <span class='ocr_line' id='line_1_86' title="bbox 1930 3895 3517 3970; baseline -0.012 -3"><span class='ocrx_word' id='word_1_593' title='bbox 1930 3911 2094 3968; x_wconf 88' lang='lat' dir='ltr'><strong>Vers.</strong></span> <span class='ocrx_word' id='word_1_594' title='bbox 2139 3907 2224 3964; x_wconf 86' lang='lat' dir='ltr'><strong>l3.</strong></span> <span class='ocrx_word' id='word_1_595' title='bbox 2263 3905 2402 3963; x_wconf 83' lang='lat' dir='ltr'><strong>Non</strong></span> <span class='ocrx_word' id='word_1_596' title='bbox 2447 3933 2516 3946; x_wconf 89' lang='lat'>—</span> <span class='ocrx_word' id='word_1_597' title='bbox 2568 3899 2894 3970; x_wconf 79' lang='lat' dir='ltr'><strong>semetipso.</strong></span> <span class='ocrx_word' id='word_1_598' title='bbox 2943 3895 3106 3955; x_wconf 90' lang='lat' dir='ltr'><strong>Sicut</strong></span> <span class='ocrx_word' id='word_1_599' title='bbox 3148 3909 3344 3969; x_wconf 85' lang='lat' dir='ltr'><strong>neque</strong></span> <span class='ocrx_word' id='word_1_600' title='bbox 3382 3906 3517 3964; x_wconf 86' lang='lat' dir='ltr'><strong>ego,</strong></span> 
     </span>
    </p>
   </div>
   <div class='ocr_carea' id='block_1_86' title="bbox 1861 3982 3518 4074">
    <p class='ocr_par' dir='ltr' id='par_1_86' title="bbox 1861 3982 3518 4074">
     <span class='ocr_line' id='line_1_87' title="bbox 1861 3982 3518 4074; baseline -0.01 -16"><span class='ocrx_word' id='word_1_601' title='bbox 1861 3995 2382 4074; x_wconf 89' lang='lat' dir='ltr'><strong>quemadmodum</strong></span> <span class='ocrx_word' id='word_1_602' title='bbox 2454 3991 2638 4050; x_wconf 90' lang='lat' dir='ltr'><strong>variis</strong></span> <span class='ocrx_word' id='word_1_603' title='bbox 2705 3989 2768 4046; x_wconf 87' lang='lat' dir='ltr'><strong>in</strong></span> <span class='ocrx_word' id='word_1_604' title='bbox 2857 3986 3006 4045; x_wconf 88' lang='lat' dir='ltr'><strong>locis</strong></span> <span class='ocrx_word' id='word_1_605' title='bbox 3067 3982 3518 4058; x_wconf 78' lang='lat' dir='ltr'><strong>explicavimus.</strong></span> 
     </span>
    </p>
   </div>
   <div class='ocr_carea' id='block_1_87' title="bbox 1865 4072 3520 4164">
    <p class='ocr_par' dir='ltr' id='par_1_87' title="bbox 1865 4072 3520 4164">
     <span class='ocr_line' id='line_1_88' title="bbox 1865 4072 3520 4164; baseline -0.013 -16"><span class='ocrx_word' id='word_1_606' title='bbox 1865 4072 2175 4164; x_wconf 73' lang='lat' dir='ltr'><strong>Siquidem</strong></span> <span class='ocrx_word' id='word_1_607' title='bbox 2255 4083 2403 4142; x_wconf 92' lang='lat' dir='ltr'><strong>nihil</strong></span> <span class='ocrx_word' id='word_1_608' title='bbox 2501 4079 2606 4137; x_wconf 90' lang='lat' dir='ltr'><strong>ulli</strong></span> <span class='ocrx_word' id='word_1_609' title='bbox 2687 4080 2911 4135; x_wconf 65' lang='lat' dir='ltr'><strong>sancte</strong></span> <span class='ocrx_word' id='word_1_610' title='bbox 2975 4072 3276 4164; x_wconf 69' lang='lat' dir='ltr'><strong>Trinitatis</strong></span> <span class='ocrx_word' id='word_1_611' title='bbox 3351 4086 3520 4144; x_wconf 85' lang='lat' dir='ltr'><strong>pers-</strong></span> 
     </span>
    </p>
   </div>
   <div class='ocr_carea' id='block_1_88' title="bbox 1861 4158 3522 4250">
    <p class='ocr_par' dir='ltr' id='par_1_88' title="bbox 1861 4158 3522 4250">
     <span class='ocr_line' id='line_1_89' title="bbox 1861 4158 3522 4250; baseline -0.011 -15"><span class='ocrx_word' id='word_1_612' title='bbox 1861 4158 1966 4235; x_wconf 48' lang='lat' dir='ltr'><strong>nas-</strong></span> <span class='ocrx_word' id='word_1_613' title='bbox 2012 4174 2325 4250; x_wconf 88' lang='lat' dir='ltr'><strong>pr0prium</strong></span> <span class='ocrx_word' id='word_1_614' title='bbox 2365 4175 2474 4234; x_wconf 89' lang='lat' dir='ltr'><strong>est,</strong></span> <span class='ocrx_word' id='word_1_615' title='bbox 2518 4171 2735 4242; x_wconf 74' lang='lat' dir='ltr'><strong>praeter</strong></span> <span class='ocrx_word' id='word_1_616' title='bbox 2780 4161 3330 4250; x_wconf 82' lang='lat' dir='ltr'><strong>innascibilitatem,</strong></span> <span class='ocrx_word' id='word_1_617' title='bbox 3371 4158 3522 4217; x_wconf 86' lang='lat' dir='ltr'><strong>nati-</strong></span> 
     </span>
    </p>
   </div>
   <div class='ocr_carea' id='block_1_89' title="bbox 1864 4248 3523 4334">
    <p class='ocr_par' dir='ltr' id='par_1_89' title="bbox 1864 4248 3523 4334">
     <span class='ocr_line' id='line_1_90' title="bbox 1864 4248 3523 4334; baseline -0.01 -13"><span class='ocrx_word' id='word_1_618' title='bbox 1864 4248 2213 4323; x_wconf 17' lang='lat' dir='ltr'><strong>vitatemiet</strong></span> <span class='ocrx_word' id='word_1_619' title='bbox 2271 4258 2744 4334; x_wconf 85' lang='lat' dir='ltr'><strong>processionem,</strong></span> <span class='ocrx_word' id='word_1_620' title='bbox 2805 4251 2910 4309; x_wconf 88' lang='lat' dir='ltr'><strong>sed</strong></span> <span class='ocrx_word' id='word_1_621' title='bbox 2955 4250 3167 4308; x_wconf 89' lang='lat' dir='ltr'><strong>omnia</strong></span> <span class='ocrx_word' id='word_1_622' title='bbox 3221 4248 3308 4306; x_wconf 91' lang='lat' dir='ltr'><strong>eis</strong></span> <span class='ocrx_word' id='word_1_623' title='bbox 3359 4263 3523 4306; x_wconf 88' lang='lat' dir='ltr'><strong>com-</strong></span> 
     </span>
    </p>
   </div>
   <div class='ocr_carea' id='block_1_90' title="bbox 1865 4369 2093 4410">
    <p class='ocr_par' dir='ltr' id='par_1_90' title="bbox 1865 4369 2093 4410">
     <span class='ocr_line' id='line_1_91' title="bbox 1865 4369 2093 4410; baseline -0.009 0"><span class='ocrx_word' id='word_1_624' title='bbox 1865 4369 2093 4410; x_wconf 80' lang='lat' dir='ltr'><strong>munia.</strong></span> 
     </span>
    </p>
   </div>
   <div class='ocr_carea' id='block_1_91' title="bbox 1933 4424 3524 4507">
    <p class='ocr_par' dir='ltr' id='par_1_91' title="bbox 1933 4424 3524 4507">
     <span class='ocr_line' id='line_1_92' title="bbox 1933 4424 3524 4507; baseline -0.011 -9"><span class='ocrx_word' id='word_1_625' title='bbox 1933 4442 2107 4498; x_wconf 84' lang='lat' dir='ltr'><strong>Vers.</strong></span> <span class='ocrx_word' id='word_1_626' title='bbox 2163 4441 2245 4496; x_wconf 80' lang='lat'><strong>13.</strong></span> <span class='ocrx_word' id='word_1_627' title='bbox 2286 4435 2398 4495; x_wconf 83' lang='lat' dir='ltr'><strong>Sed</strong></span> <span class='ocrx_word' id='word_1_628' title='bbox 2439 4465 2510 4477; x_wconf 90' lang='lat'>—</span> <span class='ocrx_word' id='word_1_629' title='bbox 2556 4434 2848 4507; x_wconf 85' lang='lat' dir='ltr'><strong>loquetur.</strong></span> <span class='ocrx_word' id='word_1_630' title='bbox 2893 4428 3276 4501; x_wconf 61' lang='lat' dir='ltr'><strong>Quaecunque</strong></span> <span class='ocrx_word' id='word_1_631' title='bbox 3319 4424 3524 4484; x_wconf 86' lang='lat' dir='ltr'><strong>audie-</strong></span> 
     </span>
    </p>
   </div>
   <div class='ocr_carea' id='block_1_92' title="bbox 1864 4513 3521 4594">
    <p class='ocr_par' dir='ltr' id='par_1_92' title="bbox 1864 4513 3521 4594">
     <span class='ocr_line' id='line_1_93' title="bbox 1864 4513 3521 4594; baseline -0.012 -5"><span class='ocrx_word' id='word_1_632' title='bbox 1864 4531 1942 4589; x_wconf 91' lang='lat' dir='ltr'><strong>rit</strong></span> <span class='ocrx_word' id='word_1_633' title='bbox 1970 4547 2006 4588; x_wconf 90' lang='lat' dir='ltr'><strong>a</strong></span> <span class='ocrx_word' id='word_1_634' title='bbox 2034 4529 2226 4594; x_wconf 88' lang='lat' dir='ltr'><strong>Patre,</strong></span> <span class='ocrx_word' id='word_1_635' title='bbox 2261 4527 2413 4584; x_wconf 89' lang='lat' dir='ltr'><strong>sicut</strong></span> <span class='ocrx_word' id='word_1_636' title='bbox 2441 4523 2621 4581; x_wconf 87' lang='lat' dir='ltr'><strong>etiam</strong></span> <span class='ocrx_word' id='word_1_637' title='bbox 2645 4521 2988 4594; x_wconf 87' lang='lat' dir='ltr'><strong>frequenter</strong></span> <span class='ocrx_word' id='word_1_638' title='bbox 3023 4517 3100 4574; x_wconf 91' lang='lat' dir='ltr'><strong>de</strong></span> <span class='ocrx_word' id='word_1_639' title='bbox 3130 4515 3363 4589; x_wconf 87' lang='lat' dir='ltr'><strong>meipso</strong></span> <span class='ocrx_word' id='word_1_640' title='bbox 3398 4513 3521 4570; x_wconf 84' lang='lat' dir='ltr'><strong>dixi</strong></span> 
     </span>
    </p>
   </div>
   <div class='ocr_carea' id='block_1_93' title="bbox 1867 4603 3516 4692">
    <p class='ocr_par' dir='ltr' id='par_1_93' title="bbox 1867 4603 3516 4692">
     <span class='ocr_line' id='line_1_94' title="bbox 1867 4603 3516 4692; baseline -0.011 -15"><span class='ocrx_word' id='word_1_641' title='bbox 1867 4619 2213 4692; x_wconf 81' lang='lat' dir='ltr'><strong>signiﬁcans</strong></span> <span class='ocrx_word' id='word_1_642' title='bbox 2274 4612 2626 4672; x_wconf 64' lang='lat' dir='ltr'><strong>substantia:</strong></span> <span class='ocrx_word' id='word_1_643' title='bbox 2685 4626 2755 4668; x_wconf 89' lang='lat' dir='ltr'><strong>ac</strong></span> <span class='ocrx_word' id='word_1_644' title='bbox 2839 4612 3066 4664; x_wconf 64' lang='lat' dir='ltr'><strong>natura</strong></span> <span class='ocrx_word' id='word_1_645' title='bbox 3121 4603 3516 4692; x_wconf 84' lang='lat' dir='ltr'><strong>identitatem,</strong></span> 
     </span>
    </p>
   </div>
   <div class='ocr_carea' id='block_1_94' title="bbox 1867 4691 3517 4782">
    <p class='ocr_par' dir='ltr' id='par_1_94' title="bbox 1867 4691 3517 4782">
     <span class='ocr_line' id='line_1_95' title="bbox 1867 4691 3517 4782; baseline -0.012 -15"><span class='ocrx_word' id='word_1_646' title='bbox 1867 4691 2290 4782; x_wconf 64' lang='lat' dir='ltr'><strong>aequalitatem,</strong></span> <span class='ocrx_word' id='word_1_647' title='bbox 2388 4719 2460 4760; x_wconf 88' lang='lat' dir='ltr'><strong>ac</strong></span> <span class='ocrx_word' id='word_1_648' title='bbox 2549 4696 2971 4758; x_wconf 89' lang='lat' dir='ltr'><strong>omnimodam</strong></span> <span class='ocrx_word' id='word_1_649' title='bbox 3045 4691 3517 4751; x_wconf 83' lang='lat' dir='ltr'><strong>similitudinem.</strong></span> 
     </span>
    </p>
   </div>
   <div class='ocr_carea' id='block_1_95' title="bbox 1868 4781 3523 4866">
    <p class='ocr_par' dir='ltr' id='par_1_95' title="bbox 1868 4781 3523 4866">
     <span class='ocr_line' id='line_1_96' title="bbox 1868 4781 3523 4866; baseline -0.01 -11"><span class='ocrx_word' id='word_1_650' title='bbox 1868 4781 2392 4866; x_wconf 87' lang='lat' dir='ltr'><strong>Quemadmodum</strong></span> <span class='ocrx_word' id='word_1_651' title='bbox 2439 4791 2600 4848; x_wconf 90' lang='lat' dir='ltr'><strong>enim</strong></span> <span class='ocrx_word' id='word_1_652' title='bbox 2669 4787 2849 4844; x_wconf 82' lang='lat' dir='ltr'><strong>Filius</strong></span> <span class='ocrx_word' id='word_1_653' title='bbox 2921 4783 3186 4857; x_wconf 88' lang='lat' dir='ltr'><strong>impletio</strong></span> <span class='ocrx_word' id='word_1_654' title='bbox 3237 4781 3387 4853; x_wconf 89' lang='lat' dir='ltr'><strong>legis</strong></span> <span class='ocrx_word' id='word_1_655' title='bbox 3434 4783 3523 4839; x_wconf 86' lang='lat' dir='ltr'><strong>est</strong></span> 
     </span>
    </p>
   </div>
   <div class='ocr_carea' id='block_1_96' title="bbox 1867 4869 3522 4961">
    <p class='ocr_par' dir='ltr' id='par_1_96' title="bbox 1867 4869 3522 4961">
     <span class='ocr_line' id='line_1_97' title="bbox 1867 4869 3522 4961; baseline -0.012 -14"><span class='ocrx_word' id='word_1_656' title='bbox 1867 4904 1939 4947; x_wconf 92' lang='lat' dir='ltr'><strong>ac</strong></span> <span class='ocrx_word' id='word_1_657' title='bbox 1985 4885 2364 4961; x_wconf 88' lang='lat' dir='ltr'><strong>prophetam,</strong></span> <span class='ocrx_word' id='word_1_658' title='bbox 2435 4879 2677 4938; x_wconf 89' lang='lat' dir='ltr'><strong>veritate</strong></span> <span class='ocrx_word' id='word_1_659' title='bbox 2732 4873 3118 4941; x_wconf 83' lang='lat' dir='ltr'><strong>conﬁrmans,</strong></span> <span class='ocrx_word' id='word_1_660' title='bbox 3181 4887 3313 4946; x_wconf 67' lang='lat' dir='ltr'><strong>quae</strong></span> <span class='ocrx_word' id='word_1_661' title='bbox 3356 4869 3522 4944; x_wconf 89' lang='lat' dir='ltr'><strong>prius</strong></span> 
     </span>
    </p>
   </div>
   <div class='ocr_carea' id='block_1_97' title="bbox 1459 5063 1998 5138">
    <p class='ocr_par' dir='ltr' id='par_1_97' title="bbox 1459 5063 1998 5138">
     <span class='ocr_line' id='line_1_98' title="bbox 1459 5063 1998 5138; baseline -0.004 -12"><span class='ocrx_word' id='word_1_662' title='bbox 1459 5069 1508 5106; x_wconf 79' lang='grc' dir='ltr'><strong>³ο</strong></span> <span class='ocrx_word' id='word_1_663' title='bbox 1542 5069 1684 5125; x_wconf 88' lang='lat' dir='ltr'><strong>Luc.</strong></span> <span class='ocrx_word' id='word_1_664' title='bbox 1710 5079 1877 5138; x_wconf 76' lang='lat' dir='ltr'><strong>xxiv,</strong></span> <span class='ocrx_word' id='word_1_665' title='bbox 1904 5063 1998 5124; x_wconf 68' lang='grc'><strong>49.</strong></span> 
     </span>
    </p>
   </div>
   <div class='ocr_carea' id='block_1_98' title="bbox 1381 5269 2301 5342">
    <p class='ocr_par' dir='ltr' id='par_1_98' title="bbox 1381 5269 2301 5342">
     <span class='ocr_line' id='line_1_99' title="bbox 1381 5269 2301 5342; baseline -0.007 -2"><span class='ocrx_word' id='word_1_666' title='bbox 1381 5271 1600 5342; x_wconf 65' lang='lat' dir='ltr'><strong>Variae</strong></span> <span class='ocrx_word' id='word_1_667' title='bbox 1636 5269 1968 5341; x_wconf 87' lang='lat' dir='ltr'><strong>lectiones</strong></span> <span class='ocrx_word' id='word_1_668' title='bbox 1997 5277 2063 5335; x_wconf 89' lang='lat' dir='ltr'><strong>et</strong></span> <span class='ocrx_word' id='word_1_669' title='bbox 2098 5274 2301 5335; x_wconf 64' lang='lat' dir='ltr'><strong>nota.</strong></span> 
     </span>
    </p>
   </div>
   <div class='ocr_carea' id='block_1_99' title="bbox 205 5468 1761 5560">
    <p class='ocr_par' dir='ltr' id='par_1_99' title="bbox 205 5468 1761 5560">
     <span class='ocr_line' id='line_1_100' title="bbox 205 5468 1761 5560; baseline 0.001 -30"><span class='ocrx_word' id='word_1_670' title='bbox 205 5474 348 5560; x_wconf 35' lang='lat'><strong>&#39;(552</strong></span> <span class='ocrx_word' id='word_1_671' title='bbox 387 5476 470 5529; x_wconf 91' lang='lat' dir='ltr'><strong>lta</strong></span> <span class='ocrx_word' id='word_1_672' title='bbox 990 5469 1052 5557; x_wconf 79' lang='lat' dir='ltr'><strong>in</strong></span> <span class='ocrx_word' id='word_1_673' title='bbox 1078 5475 1361 5560; x_wconf 68' lang='lat' dir='ltr'><strong>contextu</strong></span> <span class='ocrx_word' id='word_1_674' title='bbox 1387 5468 1594 5535; x_wconf 86' lang='lat' dir='ltr'><strong>habet,</strong></span> <span class='ocrx_word' id='word_1_675' title='bbox 1627 5470 1761 5545; x_wconf 83' lang='grc' dir='ltr'>πρὸς</span> 
     </span>
    </p>
   </div>
   <div class='ocr_carea' id='block_1_100' title="bbox 163 5541 1321 5617">
    <p class='ocr_par' dir='ltr' id='par_1_100' title="bbox 163 5541 1321 5617">
     <span class='ocr_line' id='line_1_101' title="bbox 163 5541 1321 5617; baseline -0.003 -17"><span class='ocrx_word' id='word_1_676' title='bbox 163 5541 270 5615; x_wconf 79' lang='grc' dir='ltr'>τόν,</span> <span class='ocrx_word' id='word_1_677' title='bbox 296 5541 353 5602; x_wconf 84' lang='lat' dir='ltr'><strong>et</strong></span> <span class='ocrx_word' id='word_1_678' title='bbox 371 5559 576 5617; x_wconf 87' lang='lat' dir='ltr'><strong>supra,</strong></span> <span class='ocrx_word' id='word_1_679' title='bbox 608 5541 698 5601; x_wconf 79' lang='grc' dir='ltr'><strong>αὖ.</strong></span> <span class='ocrx_word' id='word_1_680' title='bbox 721 5541 760 5598; x_wconf 92' lang='lat' dir='ltr'><strong>i.</strong></span> <span class='ocrx_word' id='word_1_681' title='bbox 793 5557 847 5600; x_wconf 92' lang='lat' dir='ltr'><strong>e.</strong></span> <span class='ocrx_word' id='word_1_682' title='bbox 879 5541 1055 5608; x_wconf 77' lang='grc' dir='ltr'>αὐτόν,</span> <span class='ocrx_word' id='word_1_683' title='bbox 1090 5546 1145 5598; x_wconf 89' lang='lat' dir='ltr'><strong>et</strong></span> <span class='ocrx_word' id='word_1_684' title='bbox 1171 5545 1321 5597; x_wconf 84' lang='grc' dir='ltr'><strong>Θεὸν.</strong></span> 
     </span>
    </p>
   </div>
   <div class='ocr_carea' id='block_1_101' title="bbox 1939 5460 2472 5538">
    <p class='ocr_par' dir='ltr' id='par_1_101' title="bbox 1939 5460 2472 5538">
     <span class='ocr_line' id='line_1_102' title="bbox 1939 5460 2472 5538; baseline -0.006 -15"><span class='ocrx_word' id='word_1_685' title='bbox 1939 5465 2056 5538; x_wconf 76' lang='lat'><strong>(56)</strong></span> <span class='ocrx_word' id='word_1_686' title='bbox 2096 5465 2376 5537; x_wconf 71' lang='grc' dir='ltr'>Γενομένης</span> <span class='ocrx_word' id='word_1_687' title='bbox 2401 5460 2472 5520; x_wconf 74' lang='grc' dir='ltr'><strong>Δ.</strong></span> 
     </span>
    </p>
   </div>
   <div class='ocr_carea' id='block_1_102' title="bbox 238 5696 3545 5796">
    <p class='ocr_par' dir='ltr' id='par_1_102' title="bbox 238 5696 3545 5796">
     <span class='ocr_line' id='line_1_103' title="bbox 238 5696 3545 5796; baseline -0.008 -15"><span class='ocrx_word' id='word_1_688' title='bbox 238 5723 343 5796; x_wconf 72' lang='lat' dir='ltr'><strong>(ss)</strong></span> <span class='ocrx_word' id='word_1_689' title='bbox 379 5723 495 5796; x_wconf 16' lang='lat' dir='ltr'><strong>Per,</strong></span> <span class='ocrx_word' id='word_1_690' title='bbox 522 5721 905 5786; x_wconf 80' lang='lat' dir='ltr'><strong>horrendam,</strong></span> <span class='ocrx_word' id='word_1_691' title='bbox 939 5724 1049 5777; x_wconf 92' lang='lat' dir='ltr'><strong>etc.</strong></span> <span class='ocrx_word' id='word_1_692' title='bbox 1079 5722 1180 5776; x_wconf 89' lang='lat' dir='ltr'><strong>Per</strong></span> <span class='ocrx_word' id='word_1_693' title='bbox 1205 5735 1277 5777; x_wconf 90' lang='lat' dir='ltr'><strong>ea</strong></span> <span class='ocrx_word' id='word_1_694' title='bbox 1300 5734 1433 5793; x_wconf 65' lang='lat' dir='ltr'><strong>quas</strong></span> <span class='ocrx_word' id='word_1_695' title='bbox 1463 5719 1523 5775; x_wconf 87' lang='lat' dir='ltr'><strong>in</strong></span> <span class='ocrx_word' id='word_1_696' title='bbox 1559 5733 1730 5776; x_wconf 90' lang='lat' dir='ltr'><strong>cruce</strong></span> <span class='ocrx_word' id='word_1_697' title='bbox 1769 5722 1826 5776; x_wconf 92' lang='lat' dir='ltr'><strong>et</strong></span> <span class='ocrx_word' id='word_1_698' title='bbox 1851 5715 2283 5775; x_wconf 86' lang='lat' dir='ltr'><strong>resurrectione</strong></span> <span class='ocrx_word' id='word_1_699' title='bbox 2310 5726 2451 5769; x_wconf 89' lang='lat' dir='ltr'><strong>mea</strong></span> <span class='ocrx_word' id='word_1_700' title='bbox 2499 5708 2774 5768; x_wconf 86' lang='lat' dir='ltr'><strong>accident</strong></span> <span class='ocrx_word' id='word_1_701' title='bbox 2799 5703 3103 5765; x_wconf 85' lang='lat' dir='ltr'><strong>horrenda</strong></span> <span class='ocrx_word' id='word_1_702' title='bbox 3120 5704 3179 5760; x_wconf 90' lang='lat' dir='ltr'><strong>et</strong></span> <span class='ocrx_word' id='word_1_703' title='bbox 3205 5696 3545 5777; x_wconf 49' lang='lat' dir='ltr'><strong>mirabilia.</strong></span> 
     </span>
    </p>
   </div>
   <div class='ocr_carea' id='block_1_103' title="bbox 171 5794 558 5870">
    <p class='ocr_par' dir='ltr' id='par_1_103' title="bbox 171 5794 558 5870">
     <span class='ocr_line' id='line_1_104' title="bbox 171 5794 558 5870; baseline -0.003 -16"><span class='ocrx_word' id='word_1_704' title='bbox 171 5794 558 5870; x_wconf 66' lang='lat' dir='ltr'><strong>proieceritis.</strong></span> 
     </span>
    </p>
   </div>
  </div>
