4076 6472
184 385 338 451 M29

1175 385 1550 444 COMMENT.
1584 385 1672 440 ΙΝ
1711 385 2064 443 JOANNEM.
2104 417 2174 429 —
2213 385 2372 444 CAP.
2415 386 2564 446 XVI.

3424 377 3566 439 1430

183 519 294 574 τοῖς
323 513 604 585 μαθηταῖς
637 514 697 564 τό
741 518 952 584 Πνεῦμα
981 506 1040 565 δε
1068 512 1128 564 1'6
1170 509 1320 583 ἅγιον
1365 511 1666 586 εἰργάσατο,
1711 511 1794 565 ἵνα

1922 511 2058 585 pulis
2109 513 2360 585 operari,
2438 527 2506 570 ea
2569 517 2781 572 tamen,
2827 513 3121 584 operatus.
3153 512 3250 575 est.
3313 511 3560 582 Spiritus

183 603 431 674 μάθωμεν
481 606 570 653 καὶ
615 601 775 653 αὐτοῦ
819 606 912 659 τὴν
954 597 1176 673 δύναμιν
1221 606 1310 652 καὶ
1358 599 1624 671 θεότητα.]
1659 600 1809 662 Ἐπεὶ

183 694 289 762 γὰρ
323 695 440 762 περὶ
469 693 558 762 μὲν
608 697 700 742 τοῦ
740 693 938 764 Πατρός
985 686 1162 752 όύδεὶς
1207 687 1514 761 ἀμφέϐαλλε,
1574 692 1692 758 περὶ
1741 684 1798 740 δὲ

183 788 282 836 τοι)
311 782 434 833 Υὶοῡ
468 784 557 832 καὶ
606 787 698 832 τοῦ
730 779 882 850 ἁγίου
917 781 1211 850 Πνεύματος
1240 779 1478 849 ἠγνόουν,
1528 773 1620 830 διὰ
1647 784 1804 830 τοῦτο

184 870 213 920 ό
255 872 346 939 μὲν
378 866 448 922 δι’
489 868 923 943 ἐνανθρωπήσεως
961 867 1128 940 ὁμιλεῖ
1173 867 1368 938 αὐτοῖς,
1412 870 1470 919 τό
1522 863 1798 940 δὲτρόπον

183 959 356 1030 ἕτερον
383 959 640 1033 καταρτίζ
643 976 704 1012 ει.

263 1143 364 1192 Καὶ
417 1138 523 1189 ἐπεὶ
578 1143 691 1212 περὶ
738 1141 828 1210 μὲν
908 1146 1000 1189 τοῦ
1054 1140 1255 1210 Πατρός
1316 1135 1478 1188 πολλὰ
1545 1142 1798 1201 ἤκουσαν,

179 1230 272 1279 τόν
326 1223 384 1280 δε
423 1228 541 1279 Υὶόν
594 1225 840 1288 πολλάκις
898 1223 1035 1279 εἶδον
1079 1229 1368 1297 θεοπρεπῶς
1434 1225 1796 1300 ἐργαζόμενον,

181 1321 282 1373 τὴν
330 1312 389 1367 δε
438 1324 532 1371 τοι)Δ
579 1315 728 1386 ἁγίου
777 1319 1072 1388 Πνεύματος
1119 1315 1266 1378 ἀξίαν
1322 1316 1441 1367 οὔτε
1491 1313 1563 1368 δι’
1613 1315 1794 1381 ἀκοῆς,

178 1408 304 1461 οὔτε
357 1401 432 1456 δι’
483 1404 650 1474 ὅψεως
703 1404 1002 1476 ἐγίνωσκον,
1061 1405 1237 1457 λοιπόν
1296 1407 1439 1477 παρά
1485 1408 1671 1457 τούτου
1721 1424 1798 1458 τε-

173 1492 461 1559 λειοῦνται,
511 1495 594 1546 ἵνα
649 1499 738 1546 καὶ
791 1497 885 1552 τὴν
952 1497 1136 1546 τούτου
1199 1497 1423 1551 θεότητα
1470 1498 1792 1568 γνωρίσωσι.

176 1586 281 1636 Διά
310 1590 464 1634 τοῦτο
493 1588 584 1635 καὶ
631 1583 714 1635 ἐπὶ
767 1592 858 1636 του
904 1585 1042 1636 θείου
1088 1582 1454 1656 βαπτίσματος
1485 1585 1514 1641 ἠ
1559 1583 1794 1654 ζωοπάρ-

177 1692 314 1743 οχος
353 1674 508 1743 Τριὰς
557 1670 1040 1744 παραλαμϐάνεται,
1099 1672 1204 1743 οὐχ
1262 1675 1330 1733 ὡς
1383 1680 1474 1724 τοῦ
1525 1673 1633 1734 ἑνός
1692 1676 1794 1743 μό-

177 1780 272 1817 νου
325 1766 396 1832 μὴ
436 1759 712 1835 ἀρκοῦντος
755 1761 822 1821 εἰς
866 1759 1225 1832 ἀναγέννησιν,
1284 1760 1392 1814 ἀλλ’
1442 1763 1525 1813 ἳνα
1567 1757 1663 1813 διὰ
1701 1768 1793 1823 τῆς

177 1855 454 1912 κοινωνίας
501 1858 601 1902 τῶν
646 1851 959 1909 ἐπικλήσεων
1009 1852 1038 1909 ἠ
1087 1854 1330 1902 κοινωνία
1379 1857 1474 1911 τῆς
1561 1852 1794 1911 θεότητος
1831 1881 1878 1933 Β

182 1937 322 1996 δήλη
352 1943 472 2010 γένη
486 1938 614 2012 rain]
659 2011 663 2014 .
1082 1998 1084 2000 τ

256 2032 456 2101 Μικρὸν
490 2057 552 2068 —-
585 2046 664 2090 με.
693 2029 1018 2099 Τεθαμμένον
1044 2028 1144 2078 ὑπό
1179 2035 1304 2097 γῆν.

260 2121 360 2168 Καὶ
389 2136 470 2188 με.
503 2117 828 2170 ’Δναστοίντα
855 2114 910 2167 ἑκ
939 2124 1149 2190 νεκρῶν..

254 2201 375 2255 ’Ὁτι
430 2235 492 2245 -
551 2208 775 2278 Πατέρα.
832 2204 1082 2256 Διάϐασιν
1136 2212 1412 2276 πανταχοῦ
1470 2208 1527 2256 τό
1574 2224 1795 2278 πραγμα

181 2292 348 2356 καλεῖ,
412 2289 619 2353 δεικνὺς
701 2294 781 2346 ὅτι
852 2293 910 2345 οὐ
985 2295 1444 2364 κατασχεθήσεται
1510 2296 1594 2346 επὶ
1664 2293 1792 2346 πολὺ

181 2384 329 2453 παρὰ
358 2389 447 2434 τοῦ
488 2384 728 2436 θανάτου.
765 2387 1024 2456 Χαρίεντα
1072 2386 1162 2454 μεν
1215 2379 1302 2434 οὖν
1351 2388 1468 2455 περὶ
1506 2390 1597 2434 τοῦ
1636 2382 1796 2446 αλλου

184 2469 531 2543 Παρακλητου
615 2471 1067 2543 ἱπαγγειλάμενος,
1166 2471 1374 2544 λυπηρὰ
1469 2471 1622 2524 πάλιν
1709 2471 1794 2523 ἐπ-

183 2563 370 2629 ήγαγε.
432 2564 532 2612 Καὶ
573 2558 821 2621 πολλάκις
861 2556 969 2618 ἤδη
1018 2569 1172 2612 τοῦτο
1221 2565 1470 2618 πεποίηκε
1509 2565 1598 2612 καὶ
1632 2566 1791 2626 ποιεῖ,

181 2655 294 2708 τοῖς
345 2650 603 2720 θυμήρεσι
651 2650 715 2700 τὰ
779 2648 1016 2720 θυμαλγῆ
1100 2647 1413 2715 ἀναπλέκων,
1491 2646 1575 2701 οἷα
1639 2658 1792 2701 τοῦτο

180 2739 274 2808 μὲν
341 2746 651 2810 παρηγορῶν
703 2742 1147 2802 καταπίπτοντας,
1203 2745 1357 2790 τοῦτο
1406 2735 1465 2792 δὲ
1511 2740 1796 2811 γυμνάζων,

182 2825 434 2887 ἑστῶτας.
490 2828 556 2880 Οἱ
593 2829 695 2900 γὰρ
753 2825 801 2885 ἓν
851 2834 957 2887 τοῖς
1004 2827 1210 2901 ῥήμασι
1252 2829 1318 2879 τὰ
1357 2825 1650 2880 ἀπευκταῖος
1700 2847 1794 2899 με-

180 2914 487 2976 λετήσαντες
533 2915 874 2990 εὐφορώτερον
931 2916 1134 2988 ἔμελλον
1188 2920 1349 2970 οῖσιιν
1396 2921 1529 2970 aura
1579 2920 1628 2969 ἓν
1684 2924 1791 2980 τοῖς

181 3006 511 3075 πράγμασιν.

258 3091 412 3144 Εἶπον
460 3121 529 3134 --
570 3092 732 3148 λαλεῖ.
775 3089 978 3145 Ἐδόκει
1006 3095 1107 3164 γὰρ
1141 3093 1319 3154 αὐτοῖς
1346 3093 1646 3167 παραϐολήν
1676 3113 1793 3145 τινα

181 3181 454 3238 κάνταῦθα
491 3181 670 3251 λέγειν,
703 3184 772 3242 ὡς
801 3187 889 3234 καὶ
915 3181 962 3232 ἓν
993 3190 1064 3252 τῷ
1095 3185 1230 3234 κατά
1255 3185 1520 3235 Ματθαῖόν
1555 3188 1794 3256 πρόειρὴ-

184 3289 365 3340 καμεν.
400 3269 550 3330 Ἴσως
581 3267 638 3322 δε
668 3275 757 3322 καὶ
778 3273 834 3322 1'6
868 3267 1094 3342 σφοδρόν
1121 3280 1213 3332 τῆς
1239 3270 1466 3344 ἀθυμίας
1492 3276 1587 3329 τὴν
1615 3271 1792 3324 ἀναισ-
1831 3265 1836 3279 ’

189 3361 379 3415 θησίαν
441 3361 635 3416 ταύτην
674 3357 966 3418 ἐνεποίησεν
1015 3360 1210 3428 αὐτοῖς,
1280 3365 1370 3412 καὶ
1427 3361 1477 3412 οἱ
1548 3360 1794 3424 πολλάκις

185 3455 353 3500 ταῦτα
400 3446 716 3508 ἀκούσαντες
753 3447 887 3500 οὕτω
919 3445 1170 3501 διέκειντο
1215 3451 1278 3510 ὡς
1327 3445 1590 3521 μηδέποτε
1628 3445 1794 3522 μηδεν

186 3540 382 3591 τούτων
411 3536 706 3600 ἀκηκοότες.

262 3715 427 3788 Ἔγνω
457 3747 524 3757 -
549 3735 612 3789 με
636 3733 649 3783 ;
689 3713 813 3772 Εἶτα
845 3713 1171 3789 διερμηνευει
1191 3719 1249 3769 τό
1276 3717 1609 3789 ζητοῦμενον.

259 3896 429 3968 Ἀμὴν
473 3925 541 3936 —
589 3896 748 3967 ὑμιίς.
802 3898 886 3952 Μὴ
922 3897 1226 3970 θεωροῦντές
1263 3914 1326 3968 με
1355 3896 1422 3958 ὡς
1481 3896 1790 3968 τεθαμμένον

193 3986 293 4036 ὑπὸ
331 3993 450 4056 γῆν.

257 4072 316 4126 Ὀ
338 4070 396 4126 δὲ
421 4077 614 4145 κόσμος
643 4077 962 4146 χαρήσεται.
999 4075 1064 4130 Οἱ
1089 4078 1327 4147 πονηροὶ,
1355 4077 1423 4136 ὡς
1472 4072 1790 4146 ἀπαλλαγέν-

189 4181 265 4222 τις
291 4181 412 4234 μου.

257 4251 428 4324 ’Υμεῐς
457 4247 516 4303 δὲ
562 4250 950 4310 λυπηθήσεσθε.
995 4254 1132 4323 Πρὸς
1175 4255 1354 4324 καιρόν
1383 4271 1518 4306 τινα.
1568 4251 1704 4320 Ὀρα
1734 4248 1792 4307 δε

189 4349 292 4400 πῶς
335 4337 462 4407 εἶπε,
512 4339 769 4394 κλαύσετε
806 4345 897 4393 καὶ
945 4343 1226 4415 θρηνήσετε
1265 4346 1354 4393 καὶ
1400 4340 1790 4410 λυπηθήσεσθε,

187 4430 464 4499 γυμνάζων
490 4428 675 4490 αὐτοὺς
707 4428 788 4481 ἐπὶ
819 4429 966 4482 πλέον
997 4430 1068 4491 εἰς
1098 4432 1360 4502 ὑπομονὴν
1390 4426 1424 4481 ὃ
1431 4432 1483 4480 ιὰ
1512 4438 1607 4490 τῆς
1665 4448 1791 4481 συν-

193 4521 367 4587 εχείας
397 4521 484 4568 καὶ
509 4516 794 4579 ἐπιτάσεως
823 4527 920 4569 τῶν
955 4518 1290 4589 ἀλγυνόντων.
1825 4577 1868 4631 D

261 4693 398 4746 Ἀλλ’
467 4725 534 4734 -—
588 4701 878 4765 γενήσεται.

191 4782 484 4836 ἀναστάντα
531 4784 586 4834 ἐκ
623 4791 811 4856 νεκρῶν
860 4779 991 4841 ἤδη.
1042 4780 1170 4836 Εἶτα
1216 4785 1400 4840 τίθησι
1438 4789 1527 4836 καὶ
1558 4785 1668 4856 (60)
1702 4805 1793 4838 κο-

959 4695 1116 4746 nam
1203 4696 1523 4768 θεωρούντων
1579 4715 1660 4767 με,
1729 4699 1792 4758 ὡς

192 4878 375 4946 σμικόν
407 4871 770 4946 ἀναντίρρητον
820 4868 1162 4947 παράδειγμα
1188 4881 1282 4934 τῆς
1328 4877 1421 4931 τὴν
1468 4871 1634 4933 λύπην
1667 4873 1794 4947 ἁφα-

190 4963 436 5024 vita)”;
465 4969 664 5035 χαρᾶς.

1911 605 2176 666 sanctus,
2195 606 2259 658 ut
2283 603 2412 674 ejus
2438 618 2679 675 quoque
2701 601 3005 656 discamus
3032 600 3361 672 potentiam
3385 615 3455 656 ac
3475 600 3558 656 di-

1911 694 2238 750 vinitatem.
2266 697 2415 749 Nam
2446 693 2592 765 quia
2619 692 2692 748 de
2721 693 2893 747 Patre
2923 691 3169 763 quidem
3201 689 3398 746 nullus
3439 693 3560 747 hae-

1911 781 2146 848 sitabat,
2167 782 2239 836 de
2275 781 2413 838 Filio
2443 785 2643 837 autem
2672 796 2740 836 ac
2759 781 2979 852 Spiritu
2999 786 3206 836 sancto
3225 779 3569 851 ignorantia,

1908 872 2282 936 tenebantur,
2315 876 2632 943 propterea
2656 869 2749 924 ille
2781 885 2924 926 sane
2952 884 3058 940 per
3086 869 3570 930 incarnationem.

1911 974 2042 1013 cum
2068 959 2152 1014 eis
2183 966 2570 1016 conversatus
2600 965 2706 1026 est,
2732 959 2829 1015 hic
2856 973 2993 1014 vero
3024 957 3141 1014 alio
3195 957 3376 1018 modo
3429 973 3561 1029 per-

1911 1046 2062 1108 fecit.

1982 1139 2267 1192 Praeterea
2312 1136 2386 1192 de
2439 1139 2604 1198 Patre
2657 1135 2902 1208 quidem
2955 1135 3146 1190 multa.
3199 1134 3556 1191 audierant:

1914 1224 2113 1288 Filium
2142 1242 2381 1297 quoque
2401 1225 2619 1296 saepius
2639 1224 2838 1280 divina
2871 1229 3218 1294 cperantem
3241 1238 3562 1294 conspexe-

1907 1323 2039 1369 rant
2070 1333 2082 1369 :
2119 1315 2374 1385 Spiritus
2404 1315 2588 1370 sancti
2621 1319 2820 1369 autem
2843 1313 3212 1382 dignitatem,
3241 1328 3435 1384 neque
3461 1328 3562 1368 au-

1906 1403 2030 1458 ditu
2055 1419 2262 1474 ,neque
2280 1409 2520 1475 aspectu
2542 1403 3005 1472 cognoscebant.
3023 1402 3110 1458 Ab
3131 1403 3244 1457 hoc
3260 1402 3462 1474 itaque
3485 1401 3560 1474 (c)

1907 1492 2522 1564 perﬁciuntur,utejus
2535 1508 2777 1564 quoque
2789 1491 3158 1547 divinitatem
3171 1495 3559 1560 cognoscant.

1905 1584 2222 1653 Propterea
2282 1582 2460 1638 etiam
2507 1581 2569 1638 in
2599 1581 2800 1637 divino
2855 1580 3220 1652 baptismate
3251 1578 3568 1644 viviﬁcans,

1905 1670 2164 1727 Trinitas
2180 1672 2508 1729 assumitur
2541 1689 2552 1726 :
2582 1687 2702 1727 non
2724 1671 2892 1742 quod
2913 1685 3034 1726 una
3059 1669 3185 1728 sola
3208 1685 3459 1742 persona
3483 1669 3565 1746 ad,

1904 1760 2413 1829 regenerationem
2440 1777 2561 1817 non
2578 1759 2852 1825 sufﬁciat,
2875 1758 2984 1815 sed
3005 1764 3066 1815 ut
3079 1774 3185 1830 per
3209 1759 3561 1821 invoccatio-

1906 1849 1998 1904 nis
2015 1850 2619 1906 communicationem
2644 1848 2880 1905 Deitatis
2898 1848 3360 1906 communicatio
3383 1847 3564 1921 signi-~

1905 1939 2129 1995 ficetur.

1976 2030 2143 2084 Vers.
2184 2029 2270 2084 16.
2300 2029 2532 2084 Pusillo
2560 2058 2631 2069 —
2657 2043 2766 2084 me.
2804 2026 2925 2084 Sub
2955 2031 3108 2083 terra
3141 2026 3464 2099 sepultum.

1975 2119 2135 2173 Vers.
2182 2117 2264 2173 16.
2296 2118 2376 2173 Et
2404 2147 2471 2158 -—
2521 2132 2628 2173 me.
2665 2116 2774 2173 Ubi
2805 2133 2841 2174 a
2868 2115 3114 2172 mortuis
3163 2130 3558 2172 resurrexero.

1978 2208 2133 2262 Vers.
2163 2208 2246 2262 16.
2280 2207 2424 2272 Quia
2449 2237 2517 2247 —
2556 2209 2813 2263 Patrem.
2847 2205 3150 2262 Passionis
3205 2204 3564 2278 mysterium

1905 2294 2162 2367 appellat
2198 2296 2420 2368 ubique
2447 2295 2782 2361 transitum,
2835 2294 3178 2360 ostendens,
3240 2293 3394 2366 quod
3442 2308 3566 2364 non

1908 2384 2095 2444 multo
2127 2389 2388 2456 tempore
2419 2384 2595 2442 morti
2625 2384 2732 2440 erit
2778 2384 3107 2453 subjectus.
3139 2385 3345 2456 Itaque
3395 2386 3565 2455 post-

1906 2488 2090 2543 quam
2119 2472 2256 2528 laeta
2285 2473 2359 2528 de
2407 2473 2592 2530 altero
2623 2471 2929 2529 Paracleto
2980 2471 3268 2544 promisit,
3320 2486 3564 2544 rursum

1905 2561 2093 2616 tristia
2143 2561 2387 2626 inducit,
2439 2561 2620 2634 idque
2668 2561 3007 2634 frequenter
3032 2567 3086 2615 et
3134 2560 3270 2615 fecit
3321 2559 3450 2631 jam
3507 2563 3565 2615 et

1904 2648 2063 2716 facit,
2128 2649 2276 2706 lastis
2333 2651 2526 2707 tristia
2575 2650 2961 2722 permiscens,
3019 2656 3081 2704 ut
3127 2649 3270 2706 hinc
3319 2647 3565 2721 quidem

1905 2738 2245 2794 consoletur
2298 2739 2585 2809 dejectos,
2639 2739 2778 2794 hinc
2827 2753 2966 2794 vero
2994 2742 3220 2794 stantes
3273 2739 3562 2794 exerceat.

1906 2829 2049 2883 Nam
2091 2826 2191 2899 qui
2223 2827 2282 2882 in
2308 2826 2495 2883 verbis
2524 2827 2824 2882 horrenda
2853 2827 3118 2899 primum
3143 2826 3365 2884 medita
3393 2825 3564 2882 tifue-

1902 2922 2058 2987 rant,
2098 2932 2170 2974 ea
2200 2917 2588 2989 postmodum
2619 2916 2676 2973 in
2727 2917 2906 2974 rebus
2967 2916 3334 2973 tolerabilius
3386 2915 3566 2979 laturi

1903 3011 2093 3063 erant.

1977 3096 2138 3149 Vers.
2186 3095 2267 3149 i7.
2309 3096 2605 3151 Dixerunt
2635 3127 2702 3136 —
2731 3095 2897 3151 Vers.
2932 3095 2999 3149 18
3033 3096 3348 3166 .loquatur.
3377 3093 3568 3166 Siqui-

1834 3239 1838 3245 _
1905 3182 2042 3238 dem
2077 3183 2427 3252 parabolam
2459 3185 2542 3237 eis
2573 3183 2892 3238 videbatur
2922 3183 3189 3254 aliquam
3236 3182 3420 3244 etiam
3468 3182 3566 3239 hic

1906 3269 2118 3334 dicere,
2151 3271 2302 3328 sicut
2331 3278 2384 3326 et
2415 3271 2475 3326 in
2498 3271 2817 3339 Evangelio
2855 3272 3026 3342 juxta
3051 3272 3395 3328 Matthmum
3441 3287 3565 3342 pra:

1906 3358 2178 3416 diximus.
2212 3361 2504 3416 Fortassis
2542 3364 2742 3416 autem
2778 3365 2832 3415 et
2887 3359 3129 3416 tristitia:
3185 3360 3566 3422 vehementia

1907 3447 2414 3504 insensibilitatem
2454 3449 2607 3504 hanc
2639 3448 2722 3503 eis
2763 3447 3045 3519 injecerat
3076 3465 3090 3503 :
3124 3453 3178 3504 et
3198 3447 3298 3519 qui
3322 3447 3567 3520 freqen-y

1906 3542 1990 3596 ter
2018 3538 2148 3594 hac
2211 3537 2545 3604 audierant,
2598 3537 2680 3593 sic
2724 3537 2917 3595 affecti
2949 3541 3136 3604 erant,
3185 3537 3362 3610 quasi
3411 3533 3566 3594 nihil

1905 3642 2173 3698 unquam
2204 3627 2422 3683 horum
2455 3626 2778 3684 audissent.

1974 3717 2144 3774 Vers.
2195 3721 2280 3776 19.
2313 3717 2582 3787 Cognovit
2617 3747 2685 3756 —
2727 3717 2858 3774 me?
2888 3714 3106 3776 Deinde
3135 3712 3303 3788 quod
3330 3727 3565 3787 quaere—

1905 3805 2050 3872 bant
2081 3805 2522 3879 interpretatur.

1975 3896 2137 3952 Vers.
2169 3899 2258 3952 20.
2313 3897 2497 3955 Amen
2535 3927 2592 3938 -
2626 3912 2740 3956 vos.
2785 3895 2914 3954 Non
2954 3895 3220 3954 videntes
3277 3909 3395 3961 me,
3449 3892 3564 3956 sub

1904 3989 2057 4042 terra
2082 3985 2351 4042 videlicet
2382 3986 2704 4058 sepultum.
3345 4043 3350 4049 ,

1972 4077 2134 4131 Vers.
2165 4076 2254 4131 20.
2295 4076 2553 4132 Mundus
2610 4091 2748 4133 vero
2786 4075 3080 4147 gaudebit,
3124 4075 3262 4134 Mali
3319 4073 3562 4139 scilicet.

1901 4168 2193 4236 tanquam
2226 4181 2262 4220 a
2291 4181 2386 4220 me
2411 4165 2663 4221 liberati.

1972 4252 2131 4307 Vers.
2163 4255 2251 4308 20.
2298 4253 2396 4308 Vos
2433 4259 2623 4310 autem
2649 4251 3162 4310 contristabimim‘.
3194 4251 3285 4308 Ad
3315 4249 3564 4323 aliquod

1903 4344 2158 4412 tempus.
2197 4340 2337 4396 Vide
2366 4344 2585 4406 autem,
2616 4341 2921 4412 quomodo
2947 4340 3162 4398 dixerit
3191 4355 3203 4394 :
3240 4339 3564 4405 Plorabitis

1903 4434 1956 4485 et
1971 4430 2436 4487 lamentabimini
2449 4448 2518 4488 ac
2541 4431 3049 4498 contristabimini,
3072 4430 3151 4488 ad
3182 4430 3562 4490 tolerantiam

1903 4519 2164 4591 amplius
2191 4536 2294 4576 eos
2321 4536 2662 4587 excercens,
2686 4537 2792 4594 per
2811 4520 3326 4578 continuationem
3353 4521 3435 4593 (d)
3459 4535 3563 4578 eo-

1904 4624 2036 4664 rum
2066 4625 2197 4681 quee
2235 4626 2487 4666 mcerore
2525 4609 2808 4666 afﬁciant.

1974 4698 2133 4752 Vers.
2169 4702 2254 4756 20.
2289 4698 2398 4755 Sed
2427 4730 2494 4740 ——
2527 4703 2804 4756 vertetur.
2838 4698 2988 4754 Cum
3014 4714 3112 4755 me
3138 4699 3354 4756 iterum
3392 4696 3556 4774 vide-

1903 4786 2037 4842 bitis
2065 4803 2133 4842 ex
2158 4789 2408 4844 mortuis
2437 4789 2875 4844 resuscitatum.
2915 4788 3137 4845 Deinde
3167 4789 3339 4862 ponit
3376 4787 3560 4844 etiam

1904 4876 2142 4945 vulgare
2173 4877 2246 4949 (e)
2277 4893 2347 4933 ac
2381 4878 2779 4934 certissimum
2809 4877 3155 4951 exemplum
3193 4877 3268 4936 de
3308 4875 3556 4949 gaudio,

1904 4966 2069 5038 quod
2109 4981 2424 5024 maerorem
2453 4984 2484 5024 e
2525 4967 2725 5026 medio
2756 4967 2924 5027 tollit.

1427 5166 1653 5236 Varia:
1725 5167 2050 5238 lectiones
2100 5177 2165 5238 et
2225 5179 2427 5239 notae.

260 5366 373 5440 (60)
400 5371 619 5440 Μικρὸν,
650 5383 758 5440 pro
796 5373 1050 5443 κοσμικόν
1091 5375 1152 5421 Α.

252 5546 332 5616 (c)
363 5545 451 5601 Ab
483 5545 591 5601 hoc
620 5547 836 5617 itaque.
871 5547 1126 5617 Denique
1153 5547 1230 5602 ab
1261 5548 1393 5603 hoc.

257 5620 337 5688 (ιι)
373 5619 898 5674 Continuationem.
947 5618 1466 5676 Continuationem
1505 5624 1562 5676 et
1599 5620 1787 5677 inten-

189 5689 428 5822 tioEuem.
461 5691 584 5745 Non
610 5691 841 5748 videtur
870 5689 1113 5760 legisse,
1149 5695 1238 5742 καὶ
1269 5689 1576 5758 inritatur,
1609 5693 1670 5756 id
1696 5698 1792 5756 est

189 5781 250 5812 αυ
288 5779 472 5820 ησεως.

1974 5553 2048 5625 (ε)
2096 5553 2361 5624 Vulgare.
2396 5557 2460 5609 In
2487 5554 2690 5612 Grieco
2721 5559 2827 5625 est,
2859 5555 3238 5617 mundanum.
3261 5554 3321 5611 id
3352 5558 3461 5619 est,
3485 5569 3560 5613 ex

1901 5624 2101 5702 rebus,
2131 5626 2356 5702 quaem
2381 5627 2609 5702 mundo
2661 5624 2854 5685 solent
2901 5625 3183 5695 accidere,
3225 5627 3556 5702 repetitum.

1900 5696 2021 5750 Nisi
2060 5700 2228 5749 κοινόν
2265 5696 2491 5771 legerit.

3360 5795 3378 5835 '\
