4076 6464
633 378 758 436 1431

625 590 924 648 dolorum.

696 682 856 736 Vers.
921 683 1008 734 21.
1067 680 1212 735 Cum
1270 711 1337 720 -—
1399 681 1697 736 mundum.
1752 679 2279 746 Quemadmodum

623 769 822 825 brevis
848 767 941 824 ille
971 784 1210 833 maeror,
1238 769 1340 840 qui
1374 769 1603 824 mulieri
1653 771 1712 824 in
1766 776 1938 841 partu
1982 768 2279 824 laboranti

622 858 894 931 provenit
946 874 981 911 a
1024 864 1230 930 partus
1281 858 1609 927 doloribus,
1657 874 1946 930 magumu
1991 858 2144 930 parit
2204 857 2280 913 de

625 947 784 1002 edita
822 945 988 1016 prole
1018 946 1303 1015 gaudium
1349 963 1362 1001 :
1405 948 1486 1003 ita
1531 963 1775 1019 quoque
1832 947 2003 1002 vobis
2056 951 2284 1019 tempo-

624 1035 765 1091 ralis
795 1035 868 1092 de
899 1042 1088 1091 morte
1115 1051 1251 1091 mea
1283 1051 1520 1099 maeror,
1573 1041 1925 1108 perpetuum
1984 1037 2284 1107 generabit

624 1124 699 1180 de
735 1125 1162 1181 resurrectione
1196 1141 1330 1181 mea
1359 1125 1670 1194 gaudium.

699 1213 863 1269 Vers.
895 1215 984 1267 22.
1013 1213 1090 1268 Et
1118 1245 1185 1253 —
1241 1214 1418 1269 vobis.
1470 1217 1652 1270 Nemo
1698 1230 1734 1269 a
1784 1214 1958 1269 vobis
2006 1213 2279 1269 auferet:

627 1309 769 1358 tunc
797 1303 955 1358 enim
985 1318 1107 1358 non
1134 1303 1388 1374 amplius
1430 1303 1668 1367 moriar,
1713 1319 1822 1358 nec
1870 1303 2154 1374 deinceps
2188 1318 2283 1358 me

627 1390 1033 1465 privabimini.
1070 1391 1384 1456 Quomodo
1441 1397 1639 1447 autem
1700 1392 1768 1446 de
1822 1391 2065 1447 muliere
2114 1391 2281 1456 dixit,

628 1480 786 1553 quod
803 1481 1179 1553 gaudetquia
1204 1486 1376 1536 natus
1400 1487 1486 1535 est
1507 1481 1689 1535 homo
1708 1481 1770 1536 in
1799 1481 2114 1547 mundum,
2144 1496 2283 1536 cum

628 1585 752 1626 non
778 1574 1093 1641 propterea
1120 1570 1394 1639 gaudeat,
1455 1569 1560 1624 sed
1609 1570 1770 1639 quod
1831 1569 1945 1624 sibi
1973 1576 2151 1624 natus
2212 1569 2284 1624 sit

629 1659 975 1730 puerulus?
1017 1662 1133 1714 Hoc
1191 1659 1354 1725 dixit,
1426 1659 1714 1730 quoniam
1781 1658 1860 1713 ab
1915 1658 2085 1714 initio
2143 1658 2286 1714 dixit

633 1750 789 1804 Deus
810 1764 822 1804 :
847 1749 1099 1804 Crescite
1115 1755 1169 1805 et
1190 1748 1647 1819 multiplicamini
1663 1764 1728 1802 ac
1741 1749 1960 1818 replete
1978 1754 2191 1804 terram
2212 1749 2281 1819 ²¹,

1947 367 2292 428 EUTHYMII
2335 371 2668 428 ZIGABENI

701 502 862 559 Vers.
902 503 992 557 2t.
1041 499 1262 558 Mulier
1289 529 1362 543 —
1417 501 1563 572 ejus.
1610 502 1868 573 Tempus
1909 499 2276 558 laboriosum
2306 503 2355 556 Α

3828 377 3926 435 “3‘2

2459 501 2517 554 Ἡ
2582 505 2712 572 γυνὴ
2769 531 2838 540 —
2922 499 3114 562 αὐτῆς.
3180 498 3241 552 ’0
3316 502 3497 572 καιρὸς
3557 507 3654 551 τῶν
3712 498 3926 557 ἐπωδύνων

2388 587 2588 643 ὠδίνων
2622 591 2756 661 (6|).

2456 679 2616 731 Ὀταν
2647 711 2714 719 -
2744 684 2959 752 κόσμον.
2985 678 3185 753 Ὠσπερ
3208 687 3271 752 τῇ
3301 675 3568 751 ὧδενούσᾳ
3596 682 3828 748 γυναικὶή

2388 778 2486 820 τῶν
2507 770 2621 837 (6'2)
2646 765 2846 821 ὠδίνων
2878 766 3114 842 βραχεῖα
3141 768 3277 826 λύπη
3307 773 3464 839 ’γεννᾷ
3493 771 3586 824 τὴν
3608 765 3687 820 ἐπὶ
3713 777 3776 838 τῷ
3798 778 3922 839 72mg.

2389 878 2515 930 ματι
2544 858 2770 929 μεγάλην
2800 860 2993 930 χαράν·
3037 858 3172 910 οὕτω
3202 863 3292 910 καὶ
3321 859 3444 929 ὑμῖν
3495 858 3526 914 ἡ
3565 855 3664 908 ἀπὸ
3701 865 3780 908 τοῦ
3811 859 3919 909 θανά.

2388 967 2478 1000 του
2508 967 2612 1020 μου
2647 952 2965 1020 πρόσκαιρος
2994 945 3131 1005 λύπη
3162 952 3397 1018 γεννήσει
3424 949 3522 1004 τὴν
3553 944 3634 998 ἐπὶ
3758 945 3920 998 ἀναστά-

2394 1057 2473 1090 σει
2501 1057 2601 1110 μου
2633 1033 2847 1095 διηνεκῆ
2883 1038 3080 1112 χαράν.

2467 1218 2566 1267 Καὶ
2610 1245 2678 1254 —
2717 1215 2878 1285 ὑμῶν.
2928 1209 3124 1274 Οὐδεὶς
3168 1211 3471 1284 ἀφαιρεῖται
3502 1213 3663 1283 ὑμῶν·
3689 1211 3834 1264 οὐκέτι
3854 1217 3918 1284 γὰρ

2393 1304 2776 1374 ἀποθανοῦμαι,
2834 1302 3009 1354 οὐκέτι
3059 1322 3121 1373 με
3164 1303 3595 1374 ζημιωθήσεσθε.
3645 1307 3746 1362 Πῶς
3779 1298 3918 1375 dirui

2393 1403 2483 1453 τῆς
2511 1394 2754 1463 γυναικός
2785 1389 2920 1444 εἶπεν
2947 1394 3026 1443 ὅτι
3057 1397 3256 1466 χαίρει,
3294 1387 3436 1443 διότι
3463 1389 3701 1462 ἐγεννήθη
3730 1392 3917 1462 ἅνθρωπος

2393 1483 2464 1543 εἰς
2501 1485 2587 1533 τὸν
2619 1486 2853 1550 nocua-1;
2889 1481 2964 1531 Ou’
2997 1477 3090 1532 διὰ
3116 1488 3267 1532 τοῦτο
3303 1483 3408 1552 γὰρ
3457 1485 3657 1552 χαίρει,
3690 1478 3797 1532 ἀλλὰ
3825 1477 3915 1532 διατι

2392 1570 2634 1641 ἐγεννήθη
2676 1570 2801 1641 αὐτῇ
2856 1566 3096 1623 παιδίον·
3152 1578 3305 1621 τοῦτο
3345 1566 3483 1632 εἶπε,
3513 1565 3649 1620 διότι
3674 1573 3914 1639 καταρχὴὸ

2394 1663 2520 1720 Θεὸς
2555 1662 2771 1732 εἰρηκεν·
2821 1659 3130 1723 Αὗξάνεσθε,
3179 1663 3268 1710 καὶ
3298 1657 3645 1720 πληθύνεσθε,
3676 1662 3752 1709 καὶ
3777 1659 3913 1731 alter

2396 1767 2518 1800 σατε
2569 1753 2663 1805 τὴν
2709 1756 2825 1818 γῆν.
2881 1753 2980 1801 Καὶ
3023 1752 3426 1821 προηγουμένως
3458 1750 3551 1817 μὲν
3583 1746 3651 1807 εἰς
3677 1746 3752 1797 τόν
3785 1751 3912 1816 κόσμον

630 1842 682 1893 et
736 1839 795 1892 in
850 1837 1060 1908 primis
1118 1837 1356 1909 quidem
1409 1838 1594 1892 homo
1663 1836 1933 1892 nascitur
1997 1837 2056 1892 in
2116 1852 2280 1892 muno

2391 1843 2630 1908 γεννᾶται
2660 1839 2686 1888 ό
2708 1838 2972 1909 ἄνθρωπος
2999 1836 3267 1909 ἑπομένως,
3298 1833 3359 1889 δε
3385 1841 3479 1888 καὶ
3511 1835 3580 1896 εἰς
3613 1837 3836 1910 θεραπείαν
3854 1845 3911 1886 τόν

629 1926 798 1993 dum,
825 1942 897 1982 ex
925 1927 1314 1999 consequenti
1337 1943 1473 1983 vero
1502 1927 1680 1983 etiam
1701 1924 1778 1981 ad
1797 1925 2152 1997 obsequium
2183 1942 2287 1998 pa-

624 2020 883 2072 rentum°

700 2103 890 2160 Simul
922 2108 1123 2161 autem
1154 2109 1209 2159 et
1242 2106 1562 2177 mysticum
1592 2105 1888 2177 quiddam
1920 2105 2061 2160 hinc
2093 2104 2283 2175 signi-

629 2194 859 2259 ﬁcatur,
893 2194 1058 2266 quod
1089 2194 1351 2249 Christus
1383 2209 1482 2265 per
1525 2200 1778 2250 mortem
1836 2197 2073 2266 genitus
2112 2193 2284 2265 quasi

629 2299 737 2357 per
787 2282 1117 2356 quemdam
1179 2288 1433 2348 uterum,
1490 2290 1545 2339 et
1590 2284 1797 2339 solutis
1830 2284 2040 2339 mortis
2070 2282 2286 2338 dolori-

629 2373 745 2429 bus
770 2378 940 2428 natus
973 2372 1043 2427 sit
1069 2388 1262 2427 novus
1314 2372 1498 2428 homo
1542 2374 1603 2428 in
1653 2373 1948 2428 mundum
1999 2388 2226 2428 novum
2270 2392 2282 2424 :

631 2462 1065 2535 primogenitus
1091 2477 1160 2517 ex
1189 2461 1429 2518 mortuis
1463 2462 1519 2517 in
1561 2477 1812 2531 regnum
1845 2462 2156 2517 cmlorum.

704 2640 862 2694 Vers.
891 2641 981 2693 23.
1009 2639 1084 2692 Et
1130 2667 1200 2678 —
1252 2654 1368 2694 non
1397 2638 1740 2710 quidquam.
1799 2667 1862 2679 —
1918 2639 1985 2693 In
2029 2639 2135 2693 illo
2178 2638 2282 2703 die,

632 2728 749 2784 hoc
779 2732 887 2790 est,
919 2743 1056 2782 cum
1084 2729 1311 2783 venerit
1340 2728 1699 2790 Paracletus,
1730 2743 1845 2784 non
1876 2727 2150 2797 rogabitis
2197 2741 2284 2782 me

634 2816 948 2889 quidquam
968 2831 1172 2870 eorum
1188 2831 1320 2887 quae
1342 2832 1501 2871 nunc
1523 2817 1769 2885 rogatis,
1794 2821 1953 2888 puta,
1976 2816 2099 2882 Quo
2113 2815 2238 2871 abis
2261 2817 2290 2871 Υ

635 2910 724 2961 et:
761 2904 1012 2961 Ostende
1043 2905 1210 2961 nobis
1228 2905 1478 2968 Patrem,
1508 2921 1576 2960 ac
1609 2904 1938 2970 similia,de
1952 2905 2233 2960 omnibus
2254 2921 2290 2961 a

635 2993 934 3051 Paracleto
982 2994 1190 3050 edocti.

706 3082 808 3138 Vel
835 3083 1016 3140 etiam
1061 3083 1264 3139 aliter:
1322 3082 1446 3138 Non
1486 3098 1726 3138 necesse
1772 3081 2001 3138 habetis
2051 3099 2288 3139 mecum

635 3174 861 3230 versari
893 3172 1296 3244 corporaliter,
1338 3187 1480 3228 nam
1527 3171 1640 3227 hoc
1685 3172 1976 3241 signiﬁcat
2009 3190 2021 3227 :
2050 3173 2142 3228 Me
2171 3188 2288 3228 non

637 3265 909 3335 rogabitis
925 3262 1269 3334 quidquam,
1297 3262 1402 3317 sed
1433 3268 1661 3318 tantum
1695 3277 1914 3318 nomen
1950 3278 2145 3317 meum
2189 3278 2293 3317 no-

639 3353 955 3416 minantes,
987 3356 1204 3408 cuncta
1235 3351 1560 3424 accipietis,
1603 3367 1738 3423 qua:
1773 3351 2054 3418 petieritis
2099 3371 2110 3409 :
2148 3352 2293 3408 sub-

635 3443 831 3515 jungit
861 3442 1020 3497 enim
1053 3460 1065 3499 :

714 3535 873 3588 Vers.
904 3532 993 3587 23.
1022 3532 1199 3586 Amen
1236 3560 1306 3572 —
1354 3529 1528 3586 vobis.
1583 3529 1763 3599 Cujus
1816 3535 2016 3585 autem
2072 3545 2293 3587 nomen

643 3626 805 3679 tanta
833 3626 1048 3693 potest,
1080 3619 1413 3675 certissime
1439 3620 1586 3672 Deus
1614 3624 1722 3677 est.
1768 3619 1906 3674 Ideo
1958 3621 2136 3675 etiam
2182 3624 2296 3678 Da-

639 3711 740 3766 vid
767 3710 940 3766 variis
991 3710 1051 3764 in
1099 3708 1245 3763 locis
1287 3707 1432 3762 illud
1485 3707 1765 3772 laudans,
1825 3723 1981 3763 nunc
2049 3710 2294 3782 quidem

641 3799 721 3854 ait
751 3817 764 3855 :
807 3799 988 3865 Quam
1009 3796 1358 3852 admirabile
1386 3800 1464 3852 est
1512 3813 1716 3854 nomen
1748 3804 1906 3853 tuum
1932 3800 1990 3852 in
2021 3801 2293 3857 universa

642 3895 804 3944 terra
831 3889 879 3922 ³³
907 3885 1100 3940 lnunc
1120 3899 1263 3940 vero
1297 3903 1310 3952 ;
1345 3885 1700 3942 Etaltatum
1720 3893 1799 3943 est
1831 3902 2030 3944 nomen
2060 3889 2187 3956 ejus
2213 3903 2296 3943 so-

645 3975 761 4032 lius
792 3975 862 4029 ²³.

711 4061 1152 4120 Advertendum
1179 4065 1267 4117 est
1297 4068 1517 4134 autem,
1537 4062 1702 4135 quod
1726 4062 2022 4119 interdum
2049 4064 2295 4136 quidem

640 4154 949 4211 dationem
986 4167 1194 4209 eorum
1235 4169 1371 4224 qum
1404 4157 1701 4225 petuntur,
1757 4153 1908 4208 Patri
1957 4153 2225 4210 attribuit
2280 4172 2292 4210 :

640 4242 1010 4317 quandoque
1033 4257 1172 4297 vero
1194 4241 1305 4296 sibi
1327 4242 1457 4314 ipsi,
1485 4241 1637 4295 sicut
1661 4249 1717 4296 et
1736 4240 1854 4297 alia
1873 4258 2036 4307 sane,
2059 4248 2298 4315 pr0pter

641 4332 1045 4404 aequalitatem
1076 4330 1473 4401 eamdemque
1524 4330 1898 4402 potentiam;
1951 4331 2044 4386 hic
2093 4338 2296 4389 autem

643 4426 700 4477 et
729 4421 885 4477 Patri
914 4426 970 4476 et
1000 4420 1109 4475 sibi
1139 4419 1274 4491 ipsi.
1307 4421 1458 4474 Nam
1481 4420 1561 4475 ait
1597 4438 1608 4476 :
1645 4418 1714 4472 In
1762 4420 1988 4476 nomine
2032 4437 2178 4477 meo.
2233 4425 2297 4476 Et

2393 1930 2734 2000 γεννητόρων.

2464 2107 2606 2178 Ἀμα
2636 2102 2695 2158 δε
2737 2110 2826 2157 καὶ
2875 2124 2926 2156 τι
2972 2107 3227 2176 μυστικὸν
3275 2102 3510 2156 ἐντεῦθεν
3560 2103 3668 2173 (63)
3711 2099 3909 2158 ὑποδεὶοῡ-

2396 2215 2500 2263 ται,
2551 2198 2631 2246 ὅτι
2686 2198 2752 2255 ὡς
2786 2191 2880 2246 διὰ
2933 2199 3134 2268 μήτρας
3165 2195 3324 2258 τινὸς,
3380 2192 3478 2244 die:
3516 2200 3606 2244 τοῦ
3640 2194 3833 2254 θανάτου,
3866 2210 3907 2241 τι·

2396 2287 2545 2357 χθεὶς
2593 2286 2618 2335 ὀ
2669 2287 2914 2353 Χριστὸς,
2962 2284 3171 2344 καὶτὰς
3202 2278 3399 2343 ὠδῖνας
3429 2289 3526 2335 τοῦ
3569 2283 3767 2333 θανάτου
3791 2281 3903 2338 λύεις,

2397 2375 2640 2446 ἐγεννήθη
2698 2375 2969 2446 ἄνθρωπός
3012 2376 3183 2431 καινὸς
3239 2371 3309 2432 εἰς
3360 2375 3452 2424 τόν
3511 2377 3702 2442 κόσμον
3750 2372 3896 2420 τόνω-

2395 2471 2497 2528 νόν,
2562 2467 2890 2535 πρωτότοκος
2940 2460 2995 2513 ἐκ
3048 2470 3236 2534 νεκρῶν
3298 2461 3369 2522 εἰς
3424 2465 3523 2520 τὴν
3580 2460 3812 2533 βασιλείαν
3841 2464 3894 2504 ’ἐν

2396 2553 2646 2625 οὐρανῶν.

2471 2647 2569 2695 Καὶ
2625 2672 2694 2683 -
2751 2636 2922 2694 οὐδέν.
2983 2669 3049 2680 —
3118 2639 3199 2691 Ἐν
3257 2637 3430 2710 ἐκείνῃ
3493 2647 3556 2711 τῇ
3613 2639 3776 2710 ἡμέρᾳ,
3818 2653 3910 2685 τυντ-

2397 2736 2537 2784 ίστιν
2581 2730 2807 2789 ἐλθόντος
2855 2737 2946 2781 τοῦ
3025 2728 3389 2802 Παραλήτου,
3458 2727 3556 2780 οὐκ
3607 2726 3842 2800 ἐρωτήσετέ
3876 2739 3912 2790 με

2397 2817 2548 2872 avidis
2584 2820 2650 2870 ὧν
2683 2818 2899 2891 ἐρωτᾶτε
2940 2826 3048 2883 νῦν,
3096 2817 3201 2870 οἷον
3237 2824 3342 2869 Ποῦ
3382 2819 3644 2888 ὑπάγεις;
3685 2819 3777 2876 καὶ,
3803 2811 3910 2872 Διῖξςτ

2399 2912 2518 2981 ὑμῖν
2547 2912 2630 2961 τὸν
2665 2913 2889 2982 Πατέρα,
2923 2913 3011 2958 καὶ
3041 2910 3107 2958 τὰ
3135 2914 3373 2970 τοιαῦτα,
3427 2903 3781 2976 διδασκόμενοι
3806 2904 3913 2952 sit?!

2399 3000 2498 3052 ὑπὸ
2526 3007 2615 3050 τοῦ
2645 2997 2888 3072 Παρακλή
2897 3015 2986 3049 του
3000 3039 3012 3052 .

2474 3087 2567 3161 [Ἦ
2627 3089 2738 3158 (64)
2788 3091 2878 3138 καὶ
2927 3084 3126 3157 ἑτέρως.
3181 3084 3304 3156 Οὐχ
3360 3084 3501 3146 ἕξετε
3554 3087 3722 3158 χρείαν
3755 3079 3913 3146 impii

2327 3206 2372 3266 α
2401 3197 2490 3250 μοι
2534 3184 2865 3248 σωματικῶς·
2925 3182 3077 3226 τοῦτο
3106 3176 3207 3245 ⁹γὰρ
3242 3169 3399 3231 δηλοῖ
3446 3178 3528 3238 τὸ,
3584 3173 3692 3243 Ἐμὲ
3733 3168 3808 3221 οὐκ
3841 3164 3915 3237 ἐρω-

2401 3271 2586 3323 τήσετε
2614 3261 2782 3317 οὐδέν·
2829 3263 2955 3315 ἀλλὰ
3007 3269 3159 3334 μόνον
3209 3267 3265 3314 τό
3317 3264 3484 3334 ὄνομα
3515 3281 3612 3333 μου
3647 3258 3912 3329 ὀνομάζοντεςι

2403 3356 2572 3406 πάντα
2599 3352 2828 3424 λήψεσθε
2852 3356 2918 3405 τὰ
2958 3355 3268 3424 ζητούμενα·
3305 3350 3492 3422 ἐπείγει

2477 3534 2641 3604 ’Δμὴν
2676 3561 2740 3571 —
2789 3533 2933 3602 ὑμῖν.
2975 3531 3051 3584 Οὗ
3101 3527 3159 3583 δε
3205 3534 3263 3582 τό
3309 3533 3472 3602 ὄνομα
3521 3534 3737 3581 τοσαῦτα
3770 3520 3914 3574 δύναται

2406 3625 2532 3683 Θεὸς
2584 3619 2962 3694 ἁναντιρῥήτως
3001 3619 3133 3672 ἔστί·
3187 3624 3275 3672 Διὸ
3323 3624 3414 3670 καὶ
3468 3620 3494 3671 ὁ
3535 3613 3684 3671 Δαυίό
3730 3611 3912 3681 διαφόρως

2405 3712 2572 3782 ὑμνῶν
2636 3709 2762 3762 αὐτό
2843 3728 3001 3781 φησιν
3067 3717 3153 3760 νῦν
3224 3712 3332 3780 μέν·
3414 3707 3504 3769 Ὠς
3572 3705 3829 3775 θαυμαστὸν
3880 3712 3911 3744 τε

2405 3801 2564 3870 ὄνομα
2611 3817 2704 3850 σου
2759 3798 2808 3851 ἐν
2865 3801 3010 3870 πάσῃ
3066 3805 3126 3870 τῇ
3161 3805 3248 3870 γῇ·
3284 3805 3371 3848 νῦν
3427 3793 3506 3850 δέ·
3565 3797 3642 3848 ὅτι
3675 3790 3841 3862 ’Υψὼθη
3877 3785 3910 3832 τά

2405 3893 2564 3960 ὄνομα
2585 3888 2744 3940 αὐτοῦ
2769 3893 2947 3960 μόνου.

2479 4070 2874 4140 Παρατηρητίον
2925 4061 2983 4117 δε
3032 4065 3113 4116 ὃτι
3154 4066 3278 4116 ποτε
3316 4067 3407 4136 μεν
3464 4070 3536 4133 τῷ
3577 4064 3726 4132 Πατρὶ
3765 4059 3836 4110 τήν
3858 4047 3914 4101 δσ-

2409 4173 2490 4206 σιν
2534 4164 2633 4205 τῶν
2691 4154 3000 4212 αἰτηθέντων
3059 4151 3359 4221 ἀνατίθησι,
3413 4155 3535 4204 ποτε
3574 4146 3630 4202 δε
3665 4147 3818 4213 ἑαυτῷ,
3847 4141 3912 4189 ὦς·

2405 4262 2497 4315 περ
2550 4240 2617 4301 δὴ
2668 4248 2757 4295 καὶ
2806 4242 2988 4311 τᾶλλα,
3040 4238 3134 4294 διὰ
3183 4245 3240 4294 τό
3288 4245 3402 4293 ἴσον
3446 4245 3535 4292 καὶ
3579 4236 3830 4310 ὁμοσθενές’
3865 4224 3911 4275 έν·

2406 4334 2574 4383 ταῠθα
2631 4328 2690 4384 δε
2743 4336 2833 4382 καὶ
2887 4339 2958 4402 τῷ
3018 4336 3181 4404 Πατρὶ
3249 4334 3338 4381 καὶ
3382 4329 3565 4382 ἕαντῶ.
3600 4329 3722 4383 ψησὶ
3757 4323 3910 4391 γάρθτι

2407 4421 2488 4474 Ἐν
2523 4431 2592 4491 τῷ
2625 4423 2837 4490 ὀνόματί
2867 4436 2988 4493 μου·
3019 4420 3207 4493 ὁμοίως
3241 4416 3298 4472 δε
3329 4424 3417 4471 καὶ
3449 4419 3559 4490 (65)
3591 4417 3698 4468 ἔνθα
3735 4410 3782 4462 ἂν
3809 4411 3908 4457 τοὺτε

641 4509 774 4582 pari
803 4508 984 4565 modo
1008 4507 1348 4574 dicendum,
1385 4506 1726 4580 ubicunque
1773 4507 1888 4564 hoc
1947 4509 2289 4581 adjunctum

2373 4573 2376 4600 ι
2407 4510 2521 4580 (66ὶ
2548 4511 2906 4570 συνέζευκται.

645 4603 757 4654 est.

715 4690 759 4758 -ε-
812 4690 1191 4760 Quaecunque
1227 4684 1542 4742 conferunt
1572 4689 1630 4742 et
1658 4685 1820 4742 utilia
1847 4691 2010 4742 sunt.

718 4867 878 4922 Vers.
937 4868 1025 4920 24.
1082 4866 1390 4921 Hactenus
1449 4878 1588 4920 meo.
1657 4865 1832 4936 Atqui
1891 4865 2140 4936 quando
2194 4883 2295 4920 eos

648 4954 812 5013 misit
839 4954 981 5012 data
1005 4957 1293 5026 potestate
1321 4952 1610 5010 adversus
1640 4952 1878 5026 spiritus
1920 4955 2289 5021 immundos,

745 5109 789 5144 ³³
820 5105 963 5164 Gen.
995 5121 1032 5172 ι,
1065 5107 1154 5162 28.

2481 4690 2684 4759 [Ὅσα
2739 4690 2852 4760 (67)
2917 4690 2978 4739 οἶν
3045 4687 3316 4746 αἰτήσητε’
3377 4688 3478 4740 ὃσα
3539 4685 3820 4756 συμφέροντα
3853 4671 3905 4720 ιιιὶ

2407 4778 2656 4850 ὠφέλιμα.
2693 4781 2712 4847 ]
3882 4844 3888 4857 ὶ

2477 4867 2604 4926 Ἕως
2658 4869 2776 4939 ἄρτι
2825 4897 2891 4908 -
2944 4886 3066 4938 μου.
3121 4871 3220 4920 Καὶ
3269 4870 3393 4938 μὴν,
3445 4868 3526 4918 ὅτε
3573 4854 3819 4914 ἀπέστειλεν
3851 4854 3904 4896 τά·

2405 4961 2539 5027 τοὺς,
2599 4953 2725 5018 δοὺς
2781 4955 3019 5018 ἐξουσίαν
3090 4956 3396 5027 πνευμάτων
3464 4953 3762 5025 ἀκαθάρτων,
3820 4949 3901 4988 ωσπ

1272 5107 1319 5140 ²²
1345 5103 1495 5162 Psal.
1526 5120 1648 5170 vni,
1680 5109 1732 5160 2.
1768 5108 1813 5140 ³³
1842 5105 1998 5163 Psal.
2033 5121 2263 5162 chvm.
2322 5107 2410 5163 13.

1849 5282 2076 5351 Variae
2103 5283 2428 5354 lectiones
2459 5296 2525 5353 et
2566 5295 2765 5354 notae.

744 5457 833 5515 61)
871 5450 1104 5508 Ὀδυνῶν
1153 5456 1218 5511 Α.

747 5523 835 5586 ϐἳδ
871 5523 1105 5580 Ὀδυνῶν
1136 5526 1201 5582 Β.

746 5598 838 5672 63)
879 5600 1136 5672 Ἐνταῦθα

746 5669 835 5730 6ιὶ
877 5671 1112 5728 Inclusa
1137 5669 1360 5726 absunt
1382 5670 1450 5723 Α.
1709 5721 1718 5730 ,

725 5673 813 5742 (64
877 5673 1112 5728 Inclusa
1137 5673 1450 5726 absuntA.
1709 5721 1718 5730 ,

725 5673 839 5820 (65;
867 5742 1056 5806 Intell.
1099 5741 1266 5816 ἑαυτῷ
1303 5742 1390 5795 καὶ
1419 5742 1491 5813 τῷ
1517 5743 1685 5814 Πατρὶ
1725 5737 2024 5799 mrtem.

2508 5456 2599 5523 66)
2625 5458 2694 5508 Τὸ
2799 5461 2869 5526 τῷ
2900 5452 3116 5526 ὀνόματί
3137 5474 3258 5528 μου.
3291 5453 3406 5528 sed
3433 5445 3722 5528 Hentenjug
3970 5425 3971 5460 ἦ

2413 5503 2598 5594 didit?
2624 5503 2694 5584 si
2726 5503 2772 5580 si
2806 5503 2946 5597 66s?
2963 5503 3723 5598 ἕᾶἷἰὲιῗὲῆθῑίΐλᾶἒᾶξζβεςι
3747 5510 3791 5566 id
3820 5503 3893 5558 tor-

2415 5589 2579 5656 tasse'
2601 5589 3038 5671 perspicuitatis
3053 5613 3242 5671 causa
3271 5598 3349 5671 de
3375 5613 3484 5653 suo
3508 5589 3728 5671 addidit:

2485 5659 2758 5742 (67)‘Haeé
2786 5672 3037 5742 uterque
3066 5669 3258 5728 codex
3284 5669 3346 5726 in
3371 5683 3560 5739 marg.
3589 5659 3752 5721 habet.

3969 313 3971 434 Ν
