4076 6500
164 389 300 447 1433

1157 381 1527 440 COMMENT.
1572 382 1640 438 IN
1679 382 2032 440 JOANNEM.
2081 415 2149 424 —
2186 382 2343 440 CAP.
2388 381 2532 438 XVI.

3403 376 3544 439 1434

167 515 422 569 ἐκϐάλλειν
490 512 643 580 αὐτὰ,
711 517 801 566 καὶ
874 511 1168 584 θεραπεύειν
1225 516 1400 563 πᾶσαν
1475 513 1628 562 νόσον
1684 513 1769 563 καὶ

1895 513 1948 566 ut
2000 509 2276 582 ejicerent
2324 508 2474 576 illos,
2525 512 2583 564 et
2634 510 2913 564 curarent
2955 521 3200 564 omnem
3259 508 3543 566 morbum

167 612 339 658 πᾶσαν
387 603 666 676 μαλακίαν,
723 601 772 654 ἐν
835 609 908 671 τῷ
976 600 1190 672 ὀνόματι
1242 600 1402 652 αὐτοῦ
1463 598 1710 672 ἆνήρσγουν
1757 616 1771 630 ⁸

169 693 298 747 ἀλλὰ
348 698 460 747 τότε
521 692 579 746 οῦ
631 695 718 744 τόν
775 694 980 766 Πατέρα
1047 690 1265 762 ᾐτοῦντο
1332 688 1380 741 ἐν
1434 698 1507 760 τῷ
1558 688 1775 761 ὀνόματι

168 784 326 836 αὐτοῦ
339 827 351 838 .

240 873 440 927 Αἰτεῖτε
479 903 546 912 -
585 870 979 946 πεπληρωμένη.
1011 866 1140 934 Ἵνα,
1167 871 1372 940 γνόντες
1397 867 1499 920 ὅσα
1521 870 1580 920 τό
1608 869 1772 940 ὄνομά

167 982 266 1034 μου
327 959 569 1028 δύναται,
625 962 800 1035 χαρὰν
847 961 1007 1031 ἔχητε
1061 956 1275 1022 τελείαν,
1328 960 1442 1015 ἤτοι
1493 956 1683 1016 πολλὴν
1738 961 1768 1016 ἦ

166 1050 395 1104 πλείονα.

237 1147 416 1193 Ταῦτα
491 1170 561 1179 -
638 1139 780 1210 ὑμῖν.
863 1139 1115 1189 Τουτέστι
1175 1139 1607 1208 συνεσκιασμένα,
1683 1139 1774 1188 καὶ

164 1228 225 1280 οὐ
251 1231 418 1287 πάντη
454 1235 616 1300 σαφῆ,
659 1223 817 1290 διότι,
875 1222 1174 1286 δεδοικότες
1202 1227 1277 1277 ἔτι
1306 1228 1396 1277 καὶ
1437 1223 1770 1296 ἀθυμοῦντες,

162 1318 225 1370 οῦ
274 1314 505 1370 δύνασθε
543 1320 824 1390 προσέχειν
854 1322 957 1375 τοῖς
993 1314 1306 1388 λεγομένοις,
1343 1317 1373 1372 ἤ
1404 1313 1572 1366 πολεῖν
1603 1313 1774 1366 ἐνωτί-

165 1408 386 1460 σασθαι.

239 1495 372 1553 Ἀλλ’
394 1527 463 1535 -
479 1496 621 1567 ὑμῖν.
643 1500 898 1569 Ἔρχεται
927 1496 1122 1566 καιρός,
1157 1494 1182 1544 ό
1202 1499 1290 1553 τῆς
1317 1491 1650 1554 ἀναστάσεως
1668 1511 1769 1565 μου

161 1580 394 1651 δηλαδὴ,
424 1585 506 1637 ὅτε
532 1581 984 1658 ἀπαρακαλύπτως
1011 1588 1101 1634 καὶ
1131 1590 1308 1654 σαφῶς
1331 1577 1535 1643 διδάξω
1561 1583 1697 1654 ὑμᾶς
1722 1581 1770 1634 ἓν

158 1673 386 1746 εὐθυμία
422 1677 720 1746 ’γενομένους
756 1669 886 1731 ἤδη.
933 1676 1031 1724 Καὶ
1064 1674 1165 1745 γὰρ
1194 1674 1325 1743 μετὰ
1349 1676 1443 1729 τὴν
1483 1669 1772 1723 ἀνάστασιν

158 1763 250 1815 ἐπὶ
295 1764 685 1838 τεσσαράκοντα
713 1765 906 1834 ἡμέρας
949 1758 1010 1819 ἦν
1054 1759 1391 1832 ὀπτανόμενος
1439 1760 1632 1827 αὐτοῖς,
1682 1765 1772 1814 καὶ

155 1851 321 1922 λέγων
350 1854 417 1904 τὰ
439 1855 558 1924 περὶ
585 1859 677 1912 τῆς
729 1849 1003 1923 βασιλείας
1048 1859 1137 1902 τοῦ
1170 1857 1323 1914 Θεοῦ,
1365 1850 1503 1901 καθά
1551 1869 1707 1921 φησιν
1737 1852 1766 1909 ἠ

160 1939 348 2014 βίϐλος
379 1949 478 1993 τῶν
509 1940 770 2015 Πράξεων.

237 2030 318 2084 Ἐν
346 2060 412 2071 -
445 2030 747 2087 αἰτήσεσθε.
774 2028 995 2101 Ἡμέραι
1033 2031 1122 2079 τόν
1152 2030 1333 2102 καιρὸν
1360 2027 1608 2090 πολλάκις
1627 2030 1771 2082 εἴωθε

153 2119 344 2191 λέγειν.
378 2127 610 2190 Συνεχῶς
647 2114 705 2170 δε
736 2123 852 2192 περὶ
874 2127 969 2178 τῆς
1000 2115 1047 2168 ἐν
1085 2125 1156 2187 τῷ
1197 2116 1410 2188 ὀνόματι
1440 2116 1600 2169 αὐτοῦ
1629 2117 1769 2176 αἰτή-

161 2228 287 2268 σεως
319 2207 474 2279 λέγει,
507 2207 844 2280 πληροφορῶν
875 2205 1067 2266 αὐτοὺς
1097 2211 1214 2277 περὶ
1256 2215 1352 2268 τῆς
1383 2202 1647 2279 δυνάμεως
1683 2207 1772 2258 αῦ-

157 2306 274 2362 τοῦ,
295 2301 386 2349 καὶ
409 2299 602 2369 θάρσος
633 2294 912 2367 ἐμϐάλλων.

234 2391 332 2439 Καὶ
363 2416 431 2426 --
461 2386 621 2457 ὑμῶν.
652 2390 753 2438 Καὶ
779 2384 836 2436 οὐ
867 2383 996 2455 λέγω
1022 2385 1142 2456 ὑμῖν
1171 2388 1285 2437 τότε
1329 2386 1408 2437 ὅτι
1436 2386 1573 2457 Ἐγὼ
1599 2405 1769 2462 παρα-

158 2475 362 2527 καλέσω
387 2477 475 2526 τόν
507 2477 712 2547 Πατέρα
740 2478 858 2547 περὶ
889 2475 1052 2544 ὑμῶν.

237 2562 398 2623 Αὐτός
452 2594 520 2603 -
582 2561 811 2624 ἐξῆλθον.
890 2561 1059 2623 Αὐτός
1132 2564 1234 2637 γὰρ
1300 2564 1326 2614 ό
1391 2568 1569 2638 Πατὴρ
1639 2563 1771 2636 φιλεί

159 2652 292 2723 ὑμᾶς
319 2655 455 2720 τότε,
483 2654 552 2712 ὡς
573 2649 694 2721 ἐγὼ,
734 2649 1041 2723 ἐμμένοντας
1079 2659 1145 2723 τῇ
1190 2655 1316 2727 πρὸς
1359 2651 1446 2724 ἐμὲ
1496 2652 1640 2724 φιλίᾳ
1677 2658 1768 2705 καὶ

155 2760 362 2796 ιπιστει.

229 2829 476 2893 Ἐξῆλθον
545 2859 612 2869 -
677 2832 903 2903 Πατέρα.
971 2832 1041 2882 Τό
1117 2828 1380 2897 Ἐξῆλθον,

157 2919 312 2982 λυθα,
363 2923 452 2971 καὶ
499 2919 738 2990 Ἀφίημι,
789 2923 880 2970 καὶ
938 2921 1251 2991 Πορεύομαι,
1297 2924 1386 2970 καὶ
1438 2921 1502 2971 τὰ
1549 2927 1769 2972 τοιαῦτα

158 3005 628 3078 συγκαταϐατικῶς
656 3005 793 3077 λέγει
824 3003 918 3058 διὰ
948 3011 1041 3064 τὴν
1088 3005 1354 3058 ἀσθένειαν
1401 3015 1497 3068 τῆς
1537 3004 1768 3069 διανοίας

1458 2833 1548 2882 καὶ
1619 2829 1768 2889 Ἐλήο

155 3106 256 3149 τῶν
307 3099 576 3160 μαθητῶν,
609 3099 673 3155 ὡς
723 3091 991 3169 διαφόρως
1021 3095 1318 3166 εἰρήκαμεν.
1353 3095 1438 3157 Ὠς
1468 3099 1568 3169 γὰρ
1615 3100 1765 3164 Θεὸς,

154 3191 246 3237 καὶ
281 3184 328 3236 ἐν
355 3193 427 3254 τῷ
470 3189 637 3258 Πατρὶ
676 3180 758 3250 ἦν,
804 3188 894 3235 καὶ
941 3182 988 3234 ἐν
1019 3191 1091 3254 τῷ
1122 3189 1304 3256 κόσμῳ
1330 3205 1342 3217 ·
1386 3183 1768 3259 ἀπερίγραπτον
1800 3173 1838 3228 C

157 3277 258 3347 γὰρ
291 3275 320 3330 ἡ
357 3275 505 3330 θεότη
517 3293 557 3333 ς.

233 3365 250 3433 [
299 3367 368 3414 Τὸ
417 3365 506 3434 μὲν
560 3361 681 3434 (68)
735 3358 842 3424 οὖν,
899 3362 1161 3425 Ἐξῆλθοεν
1220 3365 1364 3436 παρὰ
1393 3370 1485 3415 τοῦ
1544 3367 1768 3438 Πατρός,

157 3447 315 3508 δηλοί
366 3454 423 3502 τό
474 3447 603 3502 εἶναι
671 3450 826 3502 αὐτόν
874 3453 928 3503 ἐκ
987 3460 1078 3511 τῆς
1144 3452 1327 3513 οῦσίας
1398 3459 1490 3504 τοῦ
1549 3456 1767 3526 Πατρός,

154 3543 321 3610 ἤγουν
373 3542 492 3592 Υἰόν
552 3545 769 3610 γνήσιον
827 3548 918 3592 τοῦ
979 3546 1178 3614 Πατρός
1209 3561 1221 3574 ·
1283 3544 1342 3593 τό
1398 3537 1456 3592 δὲ
1514 3541 1771 3600 Ἐληλυθα

154 3628 229 3689 εἰς
310 3632 396 3680 τόν
472 3633 689 3700 κόσμον,
777 3633 1096 3700 σημαντικόν
1171 3637 1264 3692 τῆς
1342 3630 1770 3702 ἐνανθρωπήσεως

154 3717 354 3769 αὐτοῦ·
401 3719 588 3790 ὁμοίως
647 3713 705 3770 δὲ
758 3722 846 3770 καὶ
902 3723 961 3770 τό
1023 3719 1241 3789 Ἀφίημι
1290 3725 1374 3771 τόν
1418 3724 1612 3790 κόσμον
1649 3737 1659 3748 ·
1710 3722 1768 3772 τὸ

154 3803 237 3868 δὲ,
309 3809 598 3881 Πορεύομαι
667 3810 797 3881 πρός
853 3811 939 3858 τόν
1018 3811 1242 3882 Πατέρα,
1306 3813 1602 3880 παρίστησι
1673 3813 1768 3868 τὴν

151 3893 586 3949 ἀποκατάστασιν
652 3903 744 3957 τῆς
817 3901 1072 3970 προτέρας
1148 3895 1386 3960 ἐξουσίας
1449 3903 1540 3951 καὶ
1608 3895 1766 3962 δόξῆς

154 3982 370 4056 αὐτοῦ]

227 4077 460 4144 Λέγουσι
512 4105 580 4114 —
639 4073 820 4146 λέγεις.
871 4105 936 4116 -
990 4082 1098 4128 Νῦν
1153 4085 1374 4152 φανερῶς
1427 4076 1619 4144 λαλεῖς,
1676 4082 1766 4130 καὶ

151 4157 307 4214 οὐδὲν
366 4167 803 4237 συνεσκιασμένον
854 4164 1014 4236 λέγεις
1055 4183 1067 4196 °
1125 4168 1344 4239 ἔγνωμεν
1392 4169 1494 4237 γὰρ
1549 4164 1585 4219 ἃ
1634 4165 1766 4228 εἶπες

149 4271 261 4304 νυν.

225 4347 332 4393 Νῦν
395 4371 464 4380 --
533 4339 724 4412 ἐρωτᾷ.
799 4350 962 4397 Τοῦτο
1027 4343 1240 4414 λέγουσι
1313 4346 1763 4416 παρηγορηθέντες

152 4427 213 4480 οὐ
272 4437 466 4502 μικρῶς
520 4429 622 4482 ἀπό
677 4439 778 4483 τῶν
829 4433 1085 4507 ῥηθέντων
1141 4433 1326 4505 λόγων,
1391 4437 1456 4494 ὡς
1512 4436 1761 4505 μαθόντες

1883 615 2248 671 omnemque
2270 598 2625 670 languorem
2655 598 2725 662 “,
2751 597 2811 653 in
2842 597 3086 652 nomine
3114 596 3304 669 ipsius
3335 613 3544 669 opera-

1882 688 2122 745 bantur.
2138 691 2353 744 Verum
2375 691 2516 744 tunc
2536 702 2658 743 non
2677 687 2961 758 petebant
2975 689 3208 742 Patrem
3224 685 3284 742 in
3298 686 3544 743 nomine

1885 777 2098 849 ipsius.

1955 867 2120 923 Vers.
2162 867 2250 922 24.
2296 868 2480 922 Petite
2507 897 2577 908 —
2618 868 2946 937 impletum.
2978 867 3068 932 Ut,
3091 868 3414 938 postquam
3446 881 3544 921 co-

1883 956 2207 1025 gnoveritis
2245 963 2476 1028 quanta
2505 956 2693 1027 possit
2738 971 2960 1012 nomen
2999 971 3224 1020 meum,
3251 953 3542 1023 gaudium

1881 1045 2153 1102 habeatis
2205 1045 2531 1118 perfectum
2593 1044 2713 1100 sive
2765 1044 3022 1101 multum
3069 1050 3172 1100 aut
3218 1043 3538 1115 copiosius.

1956 1134 2233 1192 Vers.25.
2279 1136 2420 1191 Haec
2447 1165 2518 1176 —
2563 1135 2744 1192 vobis.
2787 1135 2910 1190 Hoc
2940 1139 3048 1202 est,
3091 1132 3444 1190 obumbrata
3485 1136 3544 1189 et

1881 1239 2004 1279 non
2026 1226 2274 1281 omnino
2304 1223 2644 1294 manifesta,
2677 1222 2821 1296 quia
2870 1223 3069 1280 adhuc
3098 1227 3259 1278 metu
3299 1226 3356 1278 et
3398 1238 3542 1278 mm.

1881 1329 2013 1370 rore
2035 1314 2249 1379 aﬁecti,
2286 1315 2380 1370 his
2425 1330 2560 1385 quae
2604 1314 2884 1370 dicuntur
2907 1329 3028 1369 non
3057 1312 3305 1386 potestis
3332 1311 3542 1368 adver-

1882 1409 2023 1469 tere,
2056 1413 2160 1460 aut
2181 1404 2440 1476 amplius
2464 1405 2796 1476 percipere.

1953 1496 2115 1551 Vers.
2150 1499 2238 1550 25.
2271 1495 2391 1551 Sed
2428 1525 2499 1537 --
2548 1494 2715 1550 vobis.
2770 1495 2956 1549 Instat
2984 1497 3238 1564 tempus,
3284 1507 3542 1548 resurre-

1881 1584 2089 1641 ctionis
2125 1599 2274 1639 mete
2294 1583 2584 1648 videlicet,
2608 1583 2856 1654 quando
2887 1588 3086 1654 aperte
3125 1597 3195 1637 ac
3228 1580 3540 1636 manifeste

1881 1670 2102 1727 docebo
2131 1688 2260 1738 vos,
2303 1673 2431 1743 jam
2461 1673 2523 1728 in
2569 1672 2774 1729 laetitia
2812 1671 3188 1727 constitutos.
3236 1669 3536 1739 Siquidem

1881 1765 2016 1832 post
2043 1762 2539 1818 resurrectionem
2568 1777 2673 1833 per
2701 1759 3100 1833 quadraginta
3132 1758 3259 1814 dies
3291 1773 3541 1830 appare-

1878 1849 1984 1906 bat
2007 1850 2110 1915 eis,
2145 1856 2200 1906 et
2225 1851 2481 1907 docebat
2507 1852 2580 1907 de
2607 1867 2791 1924 regno
2823 1850 2943 1916 Dei,
2979 1851 3133 1906 sicut
3160 1854 3365 1906 narrat
3389 1848 3540 1905 liber

1879 1940 2164 1996 Actorum
2193 1941 2263 1994 ³⁵.

1954 2031 2111 2084 Vers.
2152 2033 2242 2088 26.
2274 2030 2339 2085 In
2375 2060 2442 2071 —
2487 2029 2713 2099 petetis.
2762 2028 2925 2085 Diem
2950 2033 3007 2086 et
3052 2028 3265 2084 horam
3296 2028 3370 2100 (ﬂ
3392 2027 3541 2084 solet

1880 2117 2218 2191 frequenter
2236 2120 2435 2192 ipsum
2463 2124 2700 2192 tempus
2727 2118 3043 2191 appellare.
3083 2118 3309 2189 Saepius
3337 2123 3538 2174 autem

1879 2207 1953 2262 de
2005 2208 2286 2280 petitione
2337 2209 2398 2264 in
2449 2209 2694 2265 nomine
2729 2224 2838 2264 suo
2886 2208 3048 2274 dicit,
3103 2207 3382 2263 certiores
3434 2222 3539 2262 eos

1880 2296 2138 2352 reddens
2167 2297 2241 2352 de
2269 2297 2456 2370 ipsius
2487 2297 2700 2354 virtute
2729 2301 2786 2352 et
2815 2297 3102 2352 ﬁduciam
3130 2295 3426 2367 injiciens.

1951 2385 2111 2440 Vers.
2145 2390 2233 2442 26.
2261 2387 2428 2442 Et—
2461 2387 2642 2443 vobis.
2679 2389 2744 2442 Et
2775 2401 2896 2441 non
2915 2385 3111 2441 dicam
3143 2383 3312 2440 vobis
3352 2389 3492 2440 tunc
3520 2397 3534 2439 :

1881 2473 2174 2530 Precabor
2212 2475 2446 2530 Patrem
2480 2491 2590 2548 pro
2621 2475 2813 2532 vobis.

1955 2563 2113 2619 Vers.
2167 2565 2254 2619 27.
2298 2565 2526 2634 Ipse—
2577 2565 2754 2622 exivi.
2809 2567 2957 2620 Nam
2989 2565 3117 2635 ipse
3170 2562 3343 2619 Pater
3393 2569 3537 2619 tunc

1878 2666 1983 2706 vos
2019 2651 2266 2717 amabit,
2316 2653 2470 2708 sicut
2497 2667 2626 2722 ego,
2687 2656 3108 2725 permanentes
3151 2650 3429 2707 videlicet
3475 2650 3537 2707 in

1877 2755 2084 2795 amore
2123 2757 2191 2796 ac
2217 2741 2338 2796 ﬁde
2355 2756 2498 2813 erga
2523 2757 2640 2797 me.

1949 2829 2111 2884 Vers.
2142 2831 2231 2886 28.
2275 2831 2460 2888 Exivi
2487 2861 2555 2871 —
2584 2832 2839 2888 Patrem.
2873 2828 3063 2886 Verba
3103 2830 3252 2895 haec,
3287 2828 3462 2886 Exivi
3480 2831 3536 2886 et

1888 2919 2050 2986 Veni,
2083 2920 2371 2991 Relinque
2400 2925 2457 2976 et
2495 2921 2674 2985 Vada,
2710 2935 2779 2976 ac
2811 2919 3044 2985 similia,
3073 2918 3443 2975 demittendo
3473 2933 3536 2975 se

1878 3007 2040 3073 dicit,
2073 3013 2315 3081 propter
2347 3008 2750 3065 inﬁrmitatem
2780 3008 3182 3079 intelligentiae
3213 3007 3537 3079 discipulo-

1878 3112 2034 3160 rum,
2095 3097 2275 3152 veluti
2322 3096 2663 3169 frequenter
2713 3097 3001 3153 diximus.
3053 3100 3198 3152 Nam
3241 3101 3534 3169 tanquam

1878 3185 2032 3239 Deus
2063 3190 2120 3240 et
2148 3185 2210 3239 in
2235 3187 2402 3239 Patre
2452 3191 2579 3241 erat
2614 3191 2672 3241 et
2700 3185 2759 3240 in
2805 3185 3034 3240 mundo
3068 3201 3082 3251 ;
3117 3185 3413 3256 siquidem
3441 3200 3534 3240 res

1878 3273 2012 3328 loco
2038 3289 2157 3328 non
2188 3273 2644 3346 circumscripta
2671 3279 2756 3330 est
2781 3274 3076 3328 divinitas.

1951 3363 2155 3434 Itaque
2179 3363 2348 3416 Exivi
2369 3377 2406 3418 a
2427 3363 2626 3426 Patre,
2651 3361 2952 3431 signiﬁcat
2991 3377 3120 3418 esse
3140 3378 3270 3416 eum
3301 3361 3376 3417 de
3398 3361 3535 3418 sub-

1882 3452 2095 3506 stantia
2131 3451 2334 3514 Patris,
2370 3452 2490 3507 sive
2527 3451 2857 3521 legitimum
2890 3451 3076 3507 Patris
3118 3450 3347 3507 Filium.
3393 3449 3536 3507 Veni

1879 3541 1939 3595 in
1959 3540 2266 3604 mundum,
2287 3539 2736 3610 signiﬁcativum
2754 3545 2844 3596 est
2859 3539 3288 3596 incarnationis
3304 3539 3492 3611 ipsius
3515 3555 3530 3606 ;

1879 3633 1937 3684 et
1959 3627 2225 3684 similiter
2263 3631 2424 3702 quod
2459 3631 2558 3699 ait,
2594 3630 2871 3700 Relinquo
2897 3630 3199 3685 mundum.
3232 3628 3326 3684 Ait
3362 3628 3531 3697 illud,

1890 3719 2042 3776 Vada
2072 3721 2154 3776 ad
2170 3722 2427 3787 Patrem,
2453 3720 2828 3777 demonstrat
2849 3721 3282 3778 restitutionem
3322 3719 3535 3793 prioris

1878 3809 2156 3882 potentiae
2188 3825 2259 3866 ac
2289 3810 2492 3881 gloriae
2522 3811 2734 3883 ipsrus.

1947 4078 2106 4134 Vers.
2138 4080 2228 4134 29.
2270 4077 2568 4135 Dicunt—
2591 4078 2759 4135 dicis.
2793 4109 2862 4119 —
2884 4079 3064 4136 Nunc
3103 4078 3416 4148 manifeste
3456 4078 3534 4133 ιο-

1873 4171 2092 4239 queris,
2117 4173 2172 4224 et
2199 4168 2347 4225 nihil
2375 4168 2675 4224 obtectum
2705 4167 2853 4225 dicis
2880 4187 2893 4238 ;
2917 4168 3316 4225 intelleximus
3345 4168 3528 4236 enim,

1873 4273 2009 4330 qum
2040 4272 2201 4312 nunc
2239 4256 2458 4311 dixisti.

1945 4345 2104 4400 Vers.
2137 4348 2223 4401 30.
2264 4345 2444 4401 Nunc
2472 4344 2810 4417 interroget.
2847 4345 2968 4402 Hoc
2998 4345 3220 4410 dicunt,
3256 4346 3532 4404 consola-

1873 4434 2029 4490 tione
2060 4449 2179 4489 non
2204 4434 2442 4490 modica
2465 4440 2710 4506 accepta
2741 4435 2819 4490 ab
2841 4434 2952 4503 his,
2983 4436 3386 4508 quoslocutus
3417 4441 3525 4501 est,

153 4518 235 4569 ὅτι
273 4515 650 4584 ἀναστήσεται,
683 4525 772 4574 καὶ
813 4523 967 4574 πάλιν
1001 4518 1209 4585 διδάξει
1254 4523 1462 4592 αὐτοὺς,
1511 4528 1598 4576 καὶ
1628 4524 1706 4575 ὅτι
1735 4525 1760 4576 ό

1895 4522 2270 4590 ιθτωοηὼιιε,
2337 4527 2539 4594 utpote
2597 4523 3019 4594 intelligentes,
3068 4525 3233 4598 quod
3287 4541 3526 4581 rursum

157 4610 336 4678 ΙΙατηρ
387 4606 521 4678 φιλεῖ
574 4609 778 4671 αὐτούς.
838 4615 908 4663 T6
966 4615 1055 4682 μὲν
1111 4614 1212 4683 γὰρ
1272 4608 1460 4664 ἐλπίδα
1515 4609 1762 4684 βοηθείας

153 4702 395 4769 παρεῖχε,
450 4700 508 4748 τό
568 4693 627 4750 δὲ
703 4699 1054 4772 πληροφορίαν
1108 4699 1265 4774 ὀρθῆς
1321 4705 1545 4762 πίστεως
1577 4719 1590 4731 ·
1645 4706 1760 4754 τότε

150 4785 252 4856 γὰρ
316 4791 483 4838 ταῦτα
531 4786 765 4858 μάλιστα
825 4792 1116 4846 νενοηκασι.
1179 4794 1340 4842 Φασὶν
1393 4786 1480 4842 οὖν
1525 4791 1606 4842 ὅτι
1652 4797 1760 4844 Νῦν

149 4869 366 4946 οἴδαμεν
420 4876 501 4926 ὅτι
583 4872 735 4938 οἶδας
792 4877 982 4940 πάντα,
1041 4882 1132 4930 καὶ
1209 4881 1275 4930 τὰ
1336 4877 1608 4954 ἀπόρρητα
1660 4888 1758 4932 τῶν

151 4959 453 5035 ἀνθρώπων,
499 4969 588 5017 καὶ
637 4965 696 5017 οῦ
748 4970 934 5039 χρείαν
995 4969 1153 5038 ἔχεις,
1209 4968 1292 5020 ἵνα
1346 4972 1428 5030 τίς
1487 4987 1544 5021 σε
1590 4969 1760 5042 ἐρωτᾷ

152 5053 268 5119 περὶ
339 5051 406 5100 ὧν
478 5051 723 5123 βούλεται
777 5057 982 5128 μαθεῖν,
1056 5055 1183 5108 ἀλλὰ
1242 5059 1548 5130 προφθάνων
1620 5057 1758 5120 λύεις

147 5136 206 5188 τὸ
254 5134 587 5209 ζητούμενον.
636 5149 736 5196 Καὶ
793 5145 938 5217 ἡμῶν
987 5147 1088 5218 γὰρ
1138 5145 1502 5208 σνζητοῦντων
1552 5151 1603 5200 τί
1641 5145 1756 5200 ἐστι

224 5310 272 5346 ³⁸
311 5312 512 5370 Matth.
542 5331 603 5373 x.
635 5322 682 5372 1.
833 5321 879 5356 ³⁵
901 5321 1025 5377 Act.
1056 5323 1108 5389 1,
1140 5326 1170 5378 3
1194 5337 1364 5395 seqq.

1871 4617 2309 4668 resurrecturus
2352 4617 2529 4682 esset,
2573 4628 2937 4686 rursumque
2976 4630 3079 4671 eos
3113 4614 3437 4671 docturus:
3473 4621 3530 4672 et

1869 4700 2033 4773 quod
2065 4700 2234 4756 Pater
2280 4702 2445 4772 ipsos
2495 4707 2745 4758 amaret.
2778 4701 2928 4757 lllud
2982 4703 3278 4774 siquidem
3325 4702 3530 4760 auxilii

1871 4805 2040 4862 spem
2056 4789 2383 4862 praebebat,
2407 4789 2520 4845 hoc
2532 4795 2733 4846 autem
2750 4795 2924 4847 rectas
2935 4791 3075 4846 ﬁdei
3092 4792 3523 4860 certitudinem,

1868 4895 2012 4936 nam
2074 4883 2212 4935 tunc
2247 4877 2630 4950 potissimum
2667 4879 2793 4935 haec
2855 4878 3289 4938 intellexerunt.
3342 4882 3530 4940 Aiunt

1869 4984 2030 5040 ergo,
2085 4969 2260 5025 Nunc
2283 4967 2495 5025 scimus
2534 4968 2684 5039 quod
2731 4970 2840 5025 scis
2869 4973 3086 5037 omnia,
3125 4971 3305 5027 etiam
3339 4970 3530 5027 homi-

1867 5073 2012 5113 num
2040 5072 2263 5114 arcana
2289 5079 2301 5123 ;
2333 5072 2437 5113 nec
2461 5073 2600 5129 opus
2622 5063 2706 5114 est
2734 5058 2862 5122 tibi,
2891 5063 2958 5114 ut
2979 5059 3176 5132 quiste
3203 5060 3528 5132 interroget

1865 5147 1940 5203 de
1968 5146 2062 5203 his
2085 5163 2217 5219 quea
2255 5146 2486 5202 discere
2540 5146 2811 5214 voluerit,
2853 5147 2962 5204 sed
3003 5148 3374 5222 praeveniens
3411 5147 3529 5205 d18-

1382 5445 1602 5515 Variae
1634 5448 1960 5516 lectiones
1989 5459 2051 5514 et
2093 5457 2295 5516 notae.

217 5579 332 5651 (68)
364 5579 598 5639 Inclusa
631 5584 852 5640 absunt
882 5587 947 5641 A.

214 5754 290 5829 (Γ)
315 5757 392 5815 Et
423 5759 660 5820 horam.
694 5769 795 5820 Καί
823 5771 959 5839 ῷραν
983 5780 1107 5825 non
1133 5769 1223 5824 est
1240 5766 1302 5824 in
1334 5767 1564 5827 Graeco.
