  <div class='ocr_page' id='page_1' title='image "/cluster/home/n/w/nwhite01/storage/ocr_20150623/129/hvd.32044019208511/932.png"; bbox 0 0 4076 6426; ppageno 0'>
   <div class='ocr_carea' id='block_1_1' title="bbox 119 355 259 413">
    <p class='ocr_par' dir='ltr' id='par_1_1' title="bbox 119 355 259 413">
     <span class='ocr_line' id='line_1_1' title="bbox 119 355 259 413; baseline 0.007 -1"><span class='ocrx_word' id='word_1_1' title='bbox 119 355 259 413; x_wconf 67' lang='lat'><strong>“37</strong></span> 
     </span>
    </p>
   </div>
   <div class='ocr_carea' id='block_1_2' title="bbox 1125 354 2519 417">
    <p class='ocr_par' dir='ltr' id='par_1_2' title="bbox 1125 354 2519 417">
     <span class='ocr_line' id='line_1_2' title="bbox 1125 354 2519 417; baseline 0.003 -5"><span class='ocrx_word' id='word_1_2' title='bbox 1125 355 1501 415; x_wconf 85' lang='lat' dir='ltr'><strong>COMMENT.</strong></span> <span class='ocrx_word' id='word_1_3' title='bbox 1541 355 1612 410; x_wconf 87' lang='lat' dir='ltr'><strong>IN</strong></span> <span class='ocrx_word' id='word_1_4' title='bbox 1649 354 2011 417; x_wconf 70' lang='lat' dir='ltr'><strong>JOANNEM.</strong></span> <span class='ocrx_word' id='word_1_5' title='bbox 2049 387 2117 400; x_wconf 87' lang='lat'><strong>--</strong></span> <span class='ocrx_word' id='word_1_6' title='bbox 2149 358 2311 416; x_wconf 83' lang='lat' dir='ltr'><strong>CAP.</strong></span> <span class='ocrx_word' id='word_1_7' title='bbox 2354 359 2519 416; x_wconf 83' lang='lat' dir='ltr'><strong>XVII.</strong></span> 
     </span>
    </p>
   </div>
   <div class='ocr_carea' id='block_1_3' title="bbox 3344 355 3486 412">
    <p class='ocr_par' dir='ltr' id='par_1_3' title="bbox 3344 355 3486 412">
     <span class='ocr_line' id='line_1_3' title="bbox 3344 355 3486 412; baseline 0 0"><span class='ocrx_word' id='word_1_8' title='bbox 3344 355 3486 412; x_wconf 81' lang='grc'><strong>1438</strong></span> 
     </span>
    </p>
   </div>
   <div class='ocr_carea' id='block_1_4' title="bbox 112 482 1715 558">
    <p class='ocr_par' dir='ltr' id='par_1_4' title="bbox 112 482 1715 558">
     <span class='ocr_line' id='line_1_4' title="bbox 112 482 1715 558; baseline -0.002 -20"><span class='ocrx_word' id='word_1_9' title='bbox 112 487 291 538; x_wconf 76' lang='grc' dir='ltr'>πίπτει</span> <span class='ocrx_word' id='word_1_10' title='bbox 346 482 430 537; x_wconf 71' lang='grc' dir='ltr'><strong>ἰπὶ</strong></span> <span class='ocrx_word' id='word_1_11' title='bbox 470 487 772 558; x_wconf 79' lang='grc' dir='ltr'>πρόσωπόν,</span> <span class='ocrx_word' id='word_1_12' title='bbox 823 485 1112 558; x_wconf 73' lang='grc' dir='ltr'><strong>νομοθετῶν</strong></span> <span class='ocrx_word' id='word_1_13' title='bbox 1139 487 1452 536; x_wconf 73' lang='grc' dir='ltr'><strong>ταπείνωσιν</strong></span> <span class='ocrx_word' id='word_1_14' title='bbox 1481 486 1572 535; x_wconf 82' lang='grc' dir='ltr'>καὶ</span> <span class='ocrx_word' id='word_1_15' title='bbox 1599 501 1715 535; x_wconf 88' lang='grc' dir='ltr'>συν-</span> 
     </span>
    </p>
   </div>
   <div class='ocr_carea' id='block_1_5' title="bbox 1834 482 3484 558">
    <p class='ocr_par' dir='ltr' id='par_1_5' title="bbox 1834 483 3484 556">
     <span class='ocr_line' id='line_1_5' title="bbox 1834 483 3484 556; baseline 0.001 -17"><span class='ocrx_word' id='word_1_16' title='bbox 1834 485 2002 540; x_wconf 85' lang='lat' dir='ltr'><strong>tuens</strong></span> <span class='ocrx_word' id='word_1_17' title='bbox 2027 483 2422 556; x_wconf 82' lang='lat' dir='ltr'><strong>dejectionem</strong></span> <span class='ocrx_word' id='word_1_18' title='bbox 2451 501 2521 542; x_wconf 89' lang='lat' dir='ltr'><strong>ac</strong></span> <span class='ocrx_word' id='word_1_19' title='bbox 2551 485 2747 542; x_wconf 78' lang='lat' dir='ltr'><strong>cordis</strong></span> <span class='ocrx_word' id='word_1_20' title='bbox 2776 483 3190 541; x_wconf 86' lang='lat' dir='ltr'><strong>contritionem</strong></span> <span class='ocrx_word' id='word_1_21' title='bbox 3215 487 3484 556; x_wconf 87' lang='lat' dir='ltr'><strong>tempore</strong></span> 
     </span>
    </p>
   </div>
   <div class='ocr_carea' id='block_1_6' title="bbox 122 574 1719 652">
    <p class='ocr_par' dir='ltr' id='par_1_6' title="bbox 122 574 1719 652">
     <span class='ocr_line' id='line_1_6' title="bbox 122 574 1719 652; baseline -0.002 -22"><span class='ocrx_word' id='word_1_22' title='bbox 122 577 306 652; x_wconf 78' lang='grc' dir='ltr'>τριϐὴν</span> <span class='ocrx_word' id='word_1_23' title='bbox 333 574 559 647; x_wconf 83' lang='grc' dir='ltr'>καρδιας</span> <span class='ocrx_word' id='word_1_24' title='bbox 588 577 637 630; x_wconf 74' lang='grc' dir='ltr'>ἄν</span> <span class='ocrx_word' id='word_1_25' title='bbox 675 585 788 648; x_wconf 85' lang='grc' dir='ltr'>ταῖς</span> <span class='ocrx_word' id='word_1_26' title='bbox 820 579 1027 648; x_wconf 71' lang='grc' dir='ltr'>εὐχαῖς.</span> <span class='ocrx_word' id='word_1_27' title='bbox 1068 576 1228 630; x_wconf 83' lang='grc' dir='ltr'>Ἦλθε</span> <span class='ocrx_word' id='word_1_28' title='bbox 1250 579 1352 648; x_wconf 75' lang='grc' dir='ltr'>γὰρ</span> <span class='ocrx_word' id='word_1_29' title='bbox 1392 575 1497 647; x_wconf 73' lang='grc' dir='ltr'><strong>οὐχ</strong></span> <span class='ocrx_word' id='word_1_30' title='bbox 1538 575 1719 628; x_wconf 73' lang='grc' dir='ltr'>ἑαυτὸν</span> 
     </span>
    </p>
   </div>
   <div class='ocr_carea' id='block_1_7' title="bbox 121 665 1719 741">
    <p class='ocr_par' dir='ltr' id='par_1_7' title="bbox 121 665 1719 741">
     <span class='ocr_line' id='line_1_7' title="bbox 121 665 1719 741; baseline -0.003 -21"><span class='ocrx_word' id='word_1_31' title='bbox 121 665 290 730; x_wconf 81' lang='grc' dir='ltr'>δεῖξαι</span> <span class='ocrx_word' id='word_1_32' title='bbox 332 673 504 739; x_wconf 78' lang='grc' dir='ltr'>μόνον,</span> <span class='ocrx_word' id='word_1_33' title='bbox 563 666 690 718; x_wconf 79' lang='grc' dir='ltr'><strong>ἀλλὰ</strong></span> <span class='ocrx_word' id='word_1_34' title='bbox 729 673 819 719; x_wconf 87' lang='grc' dir='ltr'>καὶ</span> <span class='ocrx_word' id='word_1_35' title='bbox 851 666 1036 741; x_wconf 75' lang='grc' dir='ltr'>ἀρετὴν</span> <span class='ocrx_word' id='word_1_36' title='bbox 1067 666 1420 740; x_wconf 77' lang='grc' dir='ltr'>παραδοῦναι.</span> <span class='ocrx_word' id='word_1_37' title='bbox 1450 669 1522 737; x_wconf 77' lang='grc' dir='ltr'><strong>μὴ</strong></span> <span class='ocrx_word' id='word_1_38' title='bbox 1565 671 1719 736; x_wconf 83' lang='grc' dir='ltr'>μόνον</span> 
     </span>
    </p>
   </div>
   <div class='ocr_carea' id='block_1_8' title="bbox 121 750 1720 830">
    <p class='ocr_par' dir='ltr' id='par_1_8' title="bbox 121 750 1720 830">
     <span class='ocr_line' id='line_1_8' title="bbox 121 750 1720 830; baseline -0.003 -21"><span class='ocrx_word' id='word_1_39' title='bbox 121 754 212 810; x_wconf 75' lang='grc' dir='ltr'>διὰ</span> <span class='ocrx_word' id='word_1_40' title='bbox 240 757 503 830; x_wconf 79' lang='grc' dir='ltr'><strong>ῥημάτων,</strong></span> <span class='ocrx_word' id='word_1_41' title='bbox 533 755 661 808; x_wconf 80' lang='grc' dir='ltr'>ἀλλὰ</span> <span class='ocrx_word' id='word_1_42' title='bbox 698 761 785 809; x_wconf 79' lang='grc' dir='ltr'>καὶ</span> <span class='ocrx_word' id='word_1_43' title='bbox 837 752 931 809; x_wconf 74' lang='grc' dir='ltr'><strong>διὰ</strong></span> <span class='ocrx_word' id='word_1_44' title='bbox 959 758 1295 828; x_wconf 63' lang='grc' dir='ltr'>πραγμάτων.</span> <span class='ocrx_word' id='word_1_45' title='bbox 1319 761 1483 806; x_wconf 74' lang='grc' dir='ltr'>Τοῦτο</span> <span class='ocrx_word' id='word_1_46' title='bbox 1504 756 1606 826; x_wconf 83' lang='grc' dir='ltr'><strong>γὰρ</strong></span> <span class='ocrx_word' id='word_1_47' title='bbox 1640 750 1720 806; x_wconf 84' lang='grc' dir='ltr'>δι-</span> 
     </span>
    </p>
   </div>
   <div class='ocr_carea' id='block_1_9' title="bbox 123 840 672 907">
    <p class='ocr_par' dir='ltr' id='par_1_9' title="bbox 123 840 672 907">
     <span class='ocr_line' id='line_1_9' title="bbox 123 840 672 907; baseline 0.005 -11"><span class='ocrx_word' id='word_1_48' title='bbox 123 840 157 897; x_wconf 88' lang='grc' dir='ltr'><strong>δ</strong></span> <span class='ocrx_word' id='word_1_49' title='bbox 161 844 390 897; x_wconf 75' lang='grc' dir='ltr'>ασκάλου</span> <span class='ocrx_word' id='word_1_50' title='bbox 432 844 672 907; x_wconf 82' lang='grc' dir='ltr'>ἀληθοῦς.</span> 
     </span>
    </p>
   </div>
   <div class='ocr_carea' id='block_1_10' title="bbox 197 933 1721 1008">
    <p class='ocr_par' dir='ltr' id='par_1_10' title="bbox 197 933 1721 1008">
     <span class='ocr_line' id='line_1_10' title="bbox 197 933 1721 1008; baseline -0.002 -21"><span class='ocrx_word' id='word_1_51' title='bbox 197 939 298 987; x_wconf 83' lang='grc' dir='ltr'><strong>Καὶ</strong></span> <span class='ocrx_word' id='word_1_52' title='bbox 336 965 384 974; x_wconf 81' lang='lat'><strong>--</strong></span> <span class='ocrx_word' id='word_1_53' title='bbox 438 934 595 1008; x_wconf 82' lang='grc' dir='ltr'>ὧρα.]</span> <span class='ocrx_word' id='word_1_54' title='bbox 622 934 680 987; x_wconf 74' lang='grc' dir='ltr'><strong>Ἠ</strong></span> <span class='ocrx_word' id='word_1_55' title='bbox 707 941 798 987; x_wconf 82' lang='grc' dir='ltr'>τοῦ</span> <span class='ocrx_word' id='word_1_56' title='bbox 829 935 1044 999; x_wconf 77' lang='grc' dir='ltr'>πάθους,</span> <span class='ocrx_word' id='word_1_57' title='bbox 1075 936 1105 992; x_wconf 85' lang='grc' dir='ltr'>ἡ</span> <span class='ocrx_word' id='word_1_58' title='bbox 1140 941 1231 986; x_wconf 83' lang='grc' dir='ltr'>τοῦ</span> <span class='ocrx_word' id='word_1_59' title='bbox 1263 935 1484 986; x_wconf 80' lang='grc' dir='ltr'>θανάτου</span> <span class='ocrx_word' id='word_1_60' title='bbox 1515 936 1632 1005; x_wconf 84' lang='grc' dir='ltr'>περὶ</span> <span class='ocrx_word' id='word_1_61' title='bbox 1659 933 1721 992; x_wconf 79' lang='grc' dir='ltr'>ἧς</span> 
     </span>
    </p>
   </div>
   <div class='ocr_carea' id='block_1_11' title="bbox 123 1020 1718 1098">
    <p class='ocr_par' dir='ltr' id='par_1_11' title="bbox 123 1020 1718 1098">
     <span class='ocr_line' id='line_1_11' title="bbox 123 1020 1718 1098; baseline 0.001 -24"><span class='ocrx_word' id='word_1_62' title='bbox 123 1021 306 1094; x_wconf 81' lang='grc' dir='ltr'>ἔλεγεν,</span> <span class='ocrx_word' id='word_1_63' title='bbox 359 1025 438 1076; x_wconf 84' lang='grc' dir='ltr'>ὅτι</span> <span class='ocrx_word' id='word_1_64' title='bbox 492 1024 550 1076; x_wconf 73' lang='grc' dir='ltr'><strong>Ὀ</strong></span> <span class='ocrx_word' id='word_1_65' title='bbox 601 1027 778 1098; x_wconf 82' lang='grc' dir='ltr'>καιρὸς</span> <span class='ocrx_word' id='word_1_66' title='bbox 819 1023 990 1096; x_wconf 81' lang='grc' dir='ltr'><strong>όέμός</strong></span> <span class='ocrx_word' id='word_1_67' title='bbox 1017 1027 1160 1076; x_wconf 73' lang='grc' dir='ltr'>οὔπω</span> <span class='ocrx_word' id='word_1_68' title='bbox 1186 1025 1434 1097; x_wconf 80' lang='grc' dir='ltr'>πάρεστιν</span> <span class='ocrx_word' id='word_1_69' title='bbox 1465 1039 1476 1052; x_wconf 89' lang='grc'><strong>·</strong></span> <span class='ocrx_word' id='word_1_70' title='bbox 1515 1021 1566 1094; x_wconf 87' lang='grc' dir='ltr'>[ό</span> <span class='ocrx_word' id='word_1_71' title='bbox 1602 1020 1718 1094; x_wconf 74' lang='grc'><strong>(74)</strong></span> 
     </span>
    </p>
   </div>
   <div class='ocr_carea' id='block_1_12' title="bbox 123 1110 1719 1188">
    <p class='ocr_par' dir='ltr' id='par_1_12' title="bbox 123 1110 1719 1188">
     <span class='ocr_line' id='line_1_12' title="bbox 123 1110 1719 1188; baseline 0.001 -27"><span class='ocrx_word' id='word_1_72' title='bbox 123 1117 322 1184; x_wconf 88' lang='grc' dir='ltr'>καιρός,</span> <span class='ocrx_word' id='word_1_73' title='bbox 353 1111 407 1164; x_wconf 86' lang='grc' dir='ltr'>ὃν</span> <span class='ocrx_word' id='word_1_74' title='bbox 437 1114 463 1164; x_wconf 89' lang='grc' dir='ltr'><strong>ό</strong></span> <span class='ocrx_word' id='word_1_75' title='bbox 492 1112 801 1188; x_wconf 78' lang='grc' dir='ltr'>προσλαϐὼν</span> <span class='ocrx_word' id='word_1_76' title='bbox 848 1117 974 1174; x_wconf 77' lang='grc' dir='ltr'><strong>Θεὸς</strong></span> <span class='ocrx_word' id='word_1_77' title='bbox 1006 1114 1166 1186; x_wconf 79' lang='grc' dir='ltr'>ὥρισε</span> <span class='ocrx_word' id='word_1_78' title='bbox 1211 1120 1284 1182; x_wconf 83' lang='grc' dir='ltr'>τῷ</span> <span class='ocrx_word' id='word_1_79' title='bbox 1341 1110 1719 1186; x_wconf 75' lang='grc' dir='ltr'>προσληφθέντι</span> 
     </span>
    </p>
   </div>
   <div class='ocr_carea' id='block_1_13' title="bbox 121 1200 424 1274">
    <p class='ocr_par' dir='ltr' id='par_1_13' title="bbox 121 1200 424 1274">
     <span class='ocr_line' id='line_1_13' title="bbox 121 1200 424 1274; baseline 0.01 -22"><span class='ocrx_word' id='word_1_80' title='bbox 121 1200 424 1274; x_wconf 56' lang='grc' dir='ltr'>ἀνθρώπῳ]</span> 
     </span>
    </p>
   </div>
   <div class='ocr_carea' id='block_1_14' title="bbox 191 1289 1717 1364">
    <p class='ocr_par' dir='ltr' id='par_1_14' title="bbox 191 1289 1717 1364">
     <span class='ocr_line' id='line_1_14' title="bbox 191 1289 1717 1364; baseline 0 -22"><span class='ocrx_word' id='word_1_81' title='bbox 191 1289 416 1352; x_wconf 83' lang='grc' dir='ltr'>Δόξασόν</span> <span class='ocrx_word' id='word_1_82' title='bbox 454 1310 550 1343; x_wconf 87' lang='grc' dir='ltr'><strong>σου</strong></span> <span class='ocrx_word' id='word_1_83' title='bbox 579 1294 664 1343; x_wconf 86' lang='grc' dir='ltr'><strong>τόν</strong></span> <span class='ocrx_word' id='word_1_84' title='bbox 701 1293 839 1345; x_wconf 82' lang='grc' dir='ltr'>Υἰόν.</span> <span class='ocrx_word' id='word_1_85' title='bbox 871 1298 992 1352; x_wconf 85' lang='grc' dir='ltr'><strong>Τοῖς</strong></span> <span class='ocrx_word' id='word_1_86' title='bbox 1039 1292 1165 1364; x_wconf 74' lang='grc' dir='ltr'>ὑπὲρ</span> <span class='ocrx_word' id='word_1_87' title='bbox 1203 1297 1296 1342; x_wconf 77' lang='grc' dir='ltr'>τοῦ</span> <span class='ocrx_word' id='word_1_88' title='bbox 1335 1294 1535 1362; x_wconf 73' lang='grc' dir='ltr'>κόσμου</span> <span class='ocrx_word' id='word_1_89' title='bbox 1566 1291 1717 1342; x_wconf 83' lang='grc' dir='ltr'>πάθε·</span> 
     </span>
    </p>
   </div>
   <div class='ocr_carea' id='block_1_15' title="bbox 120 1375 1718 1454">
    <p class='ocr_par' dir='ltr' id='par_1_15' title="bbox 120 1375 1718 1454">
     <span class='ocr_line' id='line_1_15' title="bbox 120 1375 1718 1454; baseline -0.001 -24"><span class='ocrx_word' id='word_1_90' title='bbox 120 1397 194 1430; x_wconf 89' lang='grc' dir='ltr'>σι.</span> <span class='ocrx_word' id='word_1_91' title='bbox 220 1379 353 1442; x_wconf 84' lang='grc' dir='ltr'><strong>Δόξα</strong></span> <span class='ocrx_word' id='word_1_92' title='bbox 393 1383 491 1454; x_wconf 73' lang='grc' dir='ltr'>γὰρ</span> <span class='ocrx_word' id='word_1_93' title='bbox 522 1379 634 1453; x_wconf 78' lang='grc' dir='ltr'><strong>ἐμοὶ</strong></span> <span class='ocrx_word' id='word_1_94' title='bbox 663 1389 734 1452; x_wconf 84' lang='grc' dir='ltr'>τῷ</span> <span class='ocrx_word' id='word_1_95' title='bbox 764 1385 997 1453; x_wconf 77' lang='grc' dir='ltr'>Δεσπότη</span> <span class='ocrx_word' id='word_1_96' title='bbox 1053 1383 1284 1452; x_wconf 80' lang='grc' dir='ltr'><strong>πάσχειν</strong></span> <span class='ocrx_word' id='word_1_97' title='bbox 1315 1381 1442 1454; x_wconf 68' lang='grc' dir='ltr'>ὑπὲρ</span> <span class='ocrx_word' id='word_1_98' title='bbox 1473 1388 1572 1431; x_wconf 89' lang='grc' dir='ltr'><strong>τῶν</strong></span> <span class='ocrx_word' id='word_1_99' title='bbox 1595 1375 1718 1430; x_wconf 81' lang='grc' dir='ltr'>δού-</span> 
     </span>
    </p>
   </div>
   <div class='ocr_carea' id='block_1_16' title="bbox 113 1466 1716 1543">
    <p class='ocr_par' dir='ltr' id='par_1_16' title="bbox 113 1466 1716 1543">
     <span class='ocr_line' id='line_1_16' title="bbox 113 1466 1716 1543; baseline 0 -25"><span class='ocrx_word' id='word_1_100' title='bbox 113 1466 215 1518; x_wconf 82' lang='grc' dir='ltr'><strong>λων</strong></span> <span class='ocrx_word' id='word_1_101' title='bbox 246 1488 367 1540; x_wconf 79' lang='grc' dir='ltr'>μου,</span> <span class='ocrx_word' id='word_1_102' title='bbox 419 1474 509 1521; x_wconf 82' lang='grc' dir='ltr'>καὶ</span> <span class='ocrx_word' id='word_1_103' title='bbox 537 1475 805 1543; x_wconf 70' lang='grc' dir='ltr'><strong>γνωρίζειν</strong></span> <span class='ocrx_word' id='word_1_104' title='bbox 845 1469 1068 1522; x_wconf 72' lang='grc' dir='ltr'>ἐντευθεν</span> <span class='ocrx_word' id='word_1_105' title='bbox 1122 1477 1231 1529; x_wconf 89' lang='grc' dir='ltr'>τοῖς</span> <span class='ocrx_word' id='word_1_106' title='bbox 1271 1471 1578 1542; x_wconf 76' lang='grc' dir='ltr'>ἀνθρώποις,</span> <span class='ocrx_word' id='word_1_107' title='bbox 1605 1469 1716 1519; x_wconf 80' lang='grc' dir='ltr'>οἷαν</span> 
     </span>
    </p>
   </div>
   <div class='ocr_carea' id='block_1_17' title="bbox 111 1555 1714 1632">
    <p class='ocr_par' dir='ltr' id='par_1_17' title="bbox 111 1555 1714 1632">
     <span class='ocr_line' id='line_1_17' title="bbox 111 1555 1714 1632; baseline 0.001 -25"><span class='ocrx_word' id='word_1_108' title='bbox 111 1559 228 1628; x_wconf 79' lang='grc' dir='ltr'><strong>ἔχω</strong></span> <span class='ocrx_word' id='word_1_109' title='bbox 259 1557 668 1632; x_wconf 76' lang='grc' dir='ltr'>φιλανθρωπίαν,</span> <span class='ocrx_word' id='word_1_110' title='bbox 719 1561 852 1612; x_wconf 80' lang='grc' dir='ltr'>ὥστε</span> <span class='ocrx_word' id='word_1_111' title='bbox 881 1555 1242 1632; x_wconf 73' lang='grc' dir='ltr'><strong>προσδραμεῖν</strong></span> <span class='ocrx_word' id='word_1_112' title='bbox 1279 1560 1449 1611; x_wconf 77' lang='grc' dir='ltr'>πάντα</span> <span class='ocrx_word' id='word_1_113' title='bbox 1480 1560 1546 1610; x_wconf 80' lang='grc' dir='ltr'><strong>τὰ</strong></span> <span class='ocrx_word' id='word_1_114' title='bbox 1573 1559 1714 1619; x_wconf 82' lang='grc' dir='ltr'>ἔθνη,</span> 
     </span>
    </p>
   </div>
   <div class='ocr_carea' id='block_1_18' title="bbox 108 1647 1718 1722">
    <p class='ocr_par' dir='ltr' id='par_1_18' title="bbox 108 1647 1718 1722">
     <span class='ocr_line' id='line_1_18' title="bbox 108 1647 1718 1722; baseline 0.008 -26"><span class='ocrx_word' id='word_1_115' title='bbox 108 1651 205 1696; x_wconf 81' lang='grc' dir='ltr'>καὶ</span> <span class='ocrx_word' id='word_1_116' title='bbox 265 1651 456 1717; x_wconf 85' lang='grc' dir='ltr'>γνῶναί</span> <span class='ocrx_word' id='word_1_117' title='bbox 533 1665 596 1721; x_wconf 78' lang='grc' dir='ltr'>με</span> <span class='ocrx_word' id='word_1_118' title='bbox 654 1656 808 1704; x_wconf 83' lang='grc' dir='ltr'>Θεον.</span> <span class='ocrx_word' id='word_1_119' title='bbox 885 1647 1047 1721; x_wconf 77' lang='grc' dir='ltr'>[Φησὶ</span> <span class='ocrx_word' id='word_1_120' title='bbox 1097 1649 1209 1719; x_wconf 79' lang='grc'><strong>(75)</strong></span> <span class='ocrx_word' id='word_1_121' title='bbox 1263 1651 1364 1722; x_wconf 78' lang='grc' dir='ltr'>γὰρ</span> <span class='ocrx_word' id='word_1_122' title='bbox 1429 1649 1453 1698; x_wconf 86' lang='grc' dir='ltr'><strong><em>ὁ</em></strong></span> <span class='ocrx_word' id='word_1_123' title='bbox 1518 1647 1718 1709; x_wconf 71' lang='grc' dir='ltr'>Παῦλος</span> 
     </span>
    </p>
   </div>
   <div class='ocr_carea' id='block_1_19' title="bbox 109 1735 1716 1813">
    <p class='ocr_par' dir='ltr' id='par_1_19' title="bbox 109 1735 1716 1813">
     <span class='ocr_line' id='line_1_19' title="bbox 109 1735 1716 1813; baseline 0 -26"><span class='ocrx_word' id='word_1_124' title='bbox 109 1737 198 1787; x_wconf 85' lang='grc' dir='ltr'>ὃτι</span> <span class='ocrx_word' id='word_1_125' title='bbox 238 1737 419 1798; x_wconf 73' lang='grc' dir='ltr'>Οὖτως</span> <span class='ocrx_word' id='word_1_126' title='bbox 466 1739 739 1809; x_wconf 79' lang='grc' dir='ltr'>ἠγάπησεν</span> <span class='ocrx_word' id='word_1_127' title='bbox 795 1740 956 1810; x_wconf 71' lang='grc' dir='ltr'>ἡμᾶς,</span> <span class='ocrx_word' id='word_1_128' title='bbox 988 1740 1122 1791; x_wconf 84' lang='grc' dir='ltr'>ὥστε</span> <span class='ocrx_word' id='word_1_129' title='bbox 1174 1735 1506 1813; x_wconf 80' lang='grc' dir='ltr'>παραδοῦναι</span> <span class='ocrx_word' id='word_1_130' title='bbox 1537 1737 1716 1790; x_wconf 81' lang='grc' dir='ltr'>ἑαυτὸν</span> 
     </span>
    </p>
   </div>
   <div class='ocr_carea' id='block_1_20' title="bbox 110 1825 447 1897">
    <p class='ocr_par' dir='ltr' id='par_1_20' title="bbox 110 1825 447 1897">
     <span class='ocr_line' id='line_1_20' title="bbox 110 1825 447 1897; baseline 0 -21"><span class='ocrx_word' id='word_1_131' title='bbox 110 1826 243 1897; x_wconf 66' lang='grc' dir='ltr'>ὑπὲρ</span> <span class='ocrx_word' id='word_1_132' title='bbox 284 1825 447 1897; x_wconf 72' lang='grc' dir='ltr'>ἡμῶν,</span> 
     </span>
    </p>
   </div>
   <div class='ocr_carea' id='block_1_21' title="bbox 188 1912 1712 1990">
    <p class='ocr_par' dir='ltr' id='par_1_21' title="bbox 188 1912 1712 1990">
     <span class='ocr_line' id='line_1_21' title="bbox 188 1912 1712 1990; baseline 0 -24"><span class='ocrx_word' id='word_1_133' title='bbox 188 1912 276 1978; x_wconf 87' lang='grc' dir='ltr'>Ἦ,</span> <span class='ocrx_word' id='word_1_134' title='bbox 337 1915 562 1978; x_wconf 78' lang='grc' dir='ltr'>Δόξασόν</span> <span class='ocrx_word' id='word_1_135' title='bbox 623 1935 704 1988; x_wconf 80' lang='grc' dir='ltr'><strong>με,</strong></span> <span class='ocrx_word' id='word_1_136' title='bbox 756 1925 1112 1990; x_wconf 80' lang='grc' dir='ltr'>τερατουργῶν</span> <span class='ocrx_word' id='word_1_137' title='bbox 1170 1914 1217 1967; x_wconf 87' lang='grc' dir='ltr'>ἐν</span> <span class='ocrx_word' id='word_1_138' title='bbox 1281 1923 1352 1984; x_wconf 82' lang='grc' dir='ltr'>τῷ</span> <span class='ocrx_word' id='word_1_139' title='bbox 1404 1923 1570 1988; x_wconf 81' lang='grc' dir='ltr'>καιρῷ</span> <span class='ocrx_word' id='word_1_140' title='bbox 1621 1922 1712 1966; x_wconf 82' lang='grc' dir='ltr'>τοῦ</span> 
     </span>
    </p>
   </div>
   <div class='ocr_carea' id='block_1_22' title="bbox 112 2000 1718 2079">
    <p class='ocr_par' dir='ltr' id='par_1_22' title="bbox 112 2000 1718 2079">
     <span class='ocr_line' id='line_1_22' title="bbox 112 2000 1718 2079; baseline 0.001 -25"><span class='ocrx_word' id='word_1_141' title='bbox 112 2012 352 2078; x_wconf 73' lang='grc' dir='ltr'>σταυροῦ</span> <span class='ocrx_word' id='word_1_142' title='bbox 399 2007 465 2056; x_wconf 82' lang='grc' dir='ltr'><strong>τὰ</strong></span> <span class='ocrx_word' id='word_1_143' title='bbox 524 2005 712 2079; x_wconf 79' lang='grc' dir='ltr'>φοϐερὰ</span> <span class='ocrx_word' id='word_1_144' title='bbox 782 2011 871 2056; x_wconf 83' lang='grc' dir='ltr'>καὶ</span> <span class='ocrx_word' id='word_1_145' title='bbox 918 2005 1127 2068; x_wconf 82' lang='grc' dir='ltr'>ἐξαίσια</span> <span class='ocrx_word' id='word_1_146' title='bbox 1188 2011 1399 2075; x_wconf 73' lang='grc' dir='ltr'>σημεῖα,</span> <span class='ocrx_word' id='word_1_147' title='bbox 1465 2009 1555 2056; x_wconf 85' lang='grc' dir='ltr'>καὶ</span> <span class='ocrx_word' id='word_1_148' title='bbox 1611 2000 1718 2056; x_wconf 77' lang='grc' dir='ltr'>δει-</span> 
     </span>
    </p>
   </div>
   <div class='ocr_carea' id='block_1_23' title="bbox 108 2089 1715 2164">
    <p class='ocr_par' dir='ltr' id='par_1_23' title="bbox 108 2089 1715 2164">
     <span class='ocr_line' id='line_1_23' title="bbox 108 2089 1715 2164; baseline 0.001 -20"><span class='ocrx_word' id='word_1_149' title='bbox 108 2096 280 2144; x_wconf 79' lang='grc' dir='ltr'>κνύων</span> <span class='ocrx_word' id='word_1_150' title='bbox 338 2095 392 2144; x_wconf 77' lang='grc' dir='ltr'>ἐκ</span> <span class='ocrx_word' id='word_1_151' title='bbox 421 2097 617 2146; x_wconf 83' lang='grc' dir='ltr'>τούτων</span> <span class='ocrx_word' id='word_1_152' title='bbox 649 2096 728 2146; x_wconf 83' lang='grc' dir='ltr'>ὅτι</span> <span class='ocrx_word' id='word_1_153' title='bbox 754 2098 973 2164; x_wconf 78' lang='grc' dir='ltr'>γνήσιος</span> <span class='ocrx_word' id='word_1_154' title='bbox 999 2096 1118 2153; x_wconf 80' lang='grc' dir='ltr'>Υἱός</span> <span class='ocrx_word' id='word_1_155' title='bbox 1164 2112 1257 2144; x_wconf 88' lang='grc' dir='ltr'><strong>σου</strong></span> <span class='ocrx_word' id='word_1_156' title='bbox 1303 2093 1430 2164; x_wconf 83' lang='grc' dir='ltr'><strong>εἰμί.</strong></span> <span class='ocrx_word' id='word_1_157' title='bbox 1457 2099 1636 2145; x_wconf 77' lang='grc' dir='ltr'>Ταῦτα</span> <span class='ocrx_word' id='word_1_158' title='bbox 1657 2089 1715 2145; x_wconf 72' lang='grc' dir='ltr'>δὲ</span> 
     </span>
    </p>
   </div>
   <div class='ocr_carea' id='block_1_24' title="bbox 112 2179 1714 2255">
    <p class='ocr_par' dir='ltr' id='par_1_24' title="bbox 112 2179 1714 2255">
     <span class='ocr_line' id='line_1_24' title="bbox 112 2179 1714 2255; baseline 0.001 -22"><span class='ocrx_word' id='word_1_159' title='bbox 112 2186 317 2255; x_wconf 81' lang='grc' dir='ltr'>εἴρηται</span> <span class='ocrx_word' id='word_1_160' title='bbox 345 2188 434 2234; x_wconf 88' lang='grc' dir='ltr'>καὶ</span> <span class='ocrx_word' id='word_1_161' title='bbox 479 2185 599 2235; x_wconf 80' lang='grc' dir='ltr'>ἔνθα</span> <span class='ocrx_word' id='word_1_162' title='bbox 635 2190 804 2235; x_wconf 69' lang='grc' dir='ltr'>κεῖται</span> <span class='ocrx_word' id='word_1_163' title='bbox 843 2201 898 2234; x_wconf 86' lang='grc' dir='ltr'><strong>το</strong></span> <span class='ocrx_word' id='word_1_164' title='bbox 943 2201 954 2215; x_wconf 88' lang='grc'><strong>·</strong></span> <span class='ocrx_word' id='word_1_165' title='bbox 986 2189 1092 2235; x_wconf 81' lang='grc' dir='ltr'>Νῦν</span> <span class='ocrx_word' id='word_1_166' title='bbox 1118 2179 1380 2244; x_wconf 80' lang='grc' dir='ltr'><strong>ἐδοξάσθη</strong></span> <span class='ocrx_word' id='word_1_167' title='bbox 1423 2183 1448 2234; x_wconf 88' lang='grc' dir='ltr'><strong>ό</strong></span> <span class='ocrx_word' id='word_1_168' title='bbox 1476 2185 1596 2243; x_wconf 82' lang='grc' dir='ltr'><strong>Υἱός</strong></span> <span class='ocrx_word' id='word_1_169' title='bbox 1622 2189 1714 2234; x_wconf 82' lang='grc' dir='ltr'>τοῦ</span> 
     </span>
    </p>
   </div>
   <div class='ocr_carea' id='block_1_25' title="bbox 114 2270 431 2344">
    <p class='ocr_par' dir='ltr' id='par_1_25' title="bbox 114 2270 431 2344">
     <span class='ocr_line' id='line_1_25' title="bbox 114 2270 431 2344; baseline 0.009 -22"><span class='ocrx_word' id='word_1_170' title='bbox 114 2270 431 2344; x_wconf 59' lang='lat' dir='ltr'><strong>irrepo-ruam]</strong></span> 
     </span>
    </p>
   </div>
   <div class='ocr_carea' id='block_1_26' title="bbox 183 2357 1713 2434">
    <p class='ocr_par' dir='ltr' id='par_1_26' title="bbox 183 2357 1713 2434">
     <span class='ocr_line' id='line_1_26' title="bbox 183 2357 1713 2434; baseline -0.001 -20"><span class='ocrx_word' id='word_1_171' title='bbox 183 2359 294 2414; x_wconf 80' lang='grc' dir='ltr'>Ἵνα</span> <span class='ocrx_word' id='word_1_172' title='bbox 333 2391 400 2401; x_wconf 93' lang='grc'><strong><em>-</em></strong></span> <span class='ocrx_word' id='word_1_173' title='bbox 446 2380 521 2415; x_wconf 83' lang='grc' dir='ltr'><strong>σε,</strong></span> <span class='ocrx_word' id='word_1_174' title='bbox 575 2364 667 2413; x_wconf 80' lang='grc' dir='ltr'><strong>Διὰ</strong></span> <span class='ocrx_word' id='word_1_175' title='bbox 722 2369 812 2420; x_wconf 82' lang='grc' dir='ltr'><strong>τῆς</strong></span> <span class='ocrx_word' id='word_1_176' title='bbox 849 2360 1034 2414; x_wconf 75' lang='grc' dir='ltr'>ἑαυτοῦ</span> <span class='ocrx_word' id='word_1_177' title='bbox 1067 2357 1222 2423; x_wconf 80' lang='grc' dir='ltr'><strong>δόξης</strong></span> <span class='ocrx_word' id='word_1_178' title='bbox 1254 2378 1266 2390; x_wconf 84' lang='lat'><strong><em>°</em></strong></span> <span class='ocrx_word' id='word_1_179' title='bbox 1302 2369 1399 2413; x_wconf 85' lang='grc' dir='ltr'><strong>τῶν</strong></span> <span class='ocrx_word' id='word_1_180' title='bbox 1424 2363 1525 2434; x_wconf 80' lang='grc' dir='ltr'><strong>γὰρ</strong></span> <span class='ocrx_word' id='word_1_181' title='bbox 1559 2360 1713 2414; x_wconf 79' lang='grc' dir='ltr'>ἐθνῶν</span> 
     </span>
    </p>
   </div>
   <div class='ocr_carea' id='block_1_27' title="bbox 111 2447 1713 2524">
    <p class='ocr_par' dir='ltr' id='par_1_27' title="bbox 111 2447 1713 2524">
     <span class='ocr_line' id='line_1_27' title="bbox 111 2447 1713 2524; baseline 0.001 -22"><span class='ocrx_word' id='word_1_182' title='bbox 111 2455 462 2502; x_wconf 76' lang='grc' dir='ltr'>πιστευόντων</span> <span class='ocrx_word' id='word_1_183' title='bbox 507 2450 575 2511; x_wconf 86' lang='grc' dir='ltr'><strong>εἰς</strong></span> <span class='ocrx_word' id='word_1_184' title='bbox 632 2453 735 2522; x_wconf 65' lang='grc' dir='ltr'><strong>ἐμὲ,</strong></span> <span class='ocrx_word' id='word_1_185' title='bbox 769 2455 858 2502; x_wconf 79' lang='grc' dir='ltr'>καὶ</span> <span class='ocrx_word' id='word_1_186' title='bbox 912 2454 977 2502; x_wconf 76' lang='grc' dir='ltr'>σὺ</span> <span class='ocrx_word' id='word_1_187' title='bbox 1033 2447 1367 2524; x_wconf 77' lang='grc' dir='ltr'>δοξασθηση.</span> <span class='ocrx_word' id='word_1_188' title='bbox 1425 2455 1523 2504; x_wconf 78' lang='grc' dir='ltr'><strong>Καὶ</strong></span> <span class='ocrx_word' id='word_1_189' title='bbox 1545 2450 1611 2510; x_wconf 83' lang='grc' dir='ltr'><strong>εἰς</strong></span> <span class='ocrx_word' id='word_1_190' title='bbox 1657 2454 1713 2503; x_wconf 67' lang='grc' dir='ltr'><strong>σε</strong></span> 
     </span>
    </p>
   </div>
   <div class='ocr_carea' id='block_1_28' title="bbox 110 2536 1713 2614">
    <p class='ocr_par' dir='ltr' id='par_1_28' title="bbox 110 2536 1713 2614">
     <span class='ocr_line' id='line_1_28' title="bbox 110 2536 1713 2614; baseline 0.001 -24"><span class='ocrx_word' id='word_1_191' title='bbox 110 2542 215 2614; x_wconf 82' lang='grc' dir='ltr'>γὰρ</span> <span class='ocrx_word' id='word_1_192' title='bbox 269 2542 640 2603; x_wconf 76' lang='grc' dir='ltr'>πιστεύσουσι,</span> <span class='ocrx_word' id='word_1_193' title='bbox 685 2545 775 2592; x_wconf 82' lang='grc' dir='ltr'>καὶ</span> <span class='ocrx_word' id='word_1_194' title='bbox 833 2537 1126 2602; x_wconf 74' lang='grc' dir='ltr'>δοξάσουσί</span> <span class='ocrx_word' id='word_1_195' title='bbox 1179 2560 1254 2603; x_wconf 83' lang='grc' dir='ltr'><strong>σε,</strong></span> <span class='ocrx_word' id='word_1_196' title='bbox 1319 2542 1383 2600; x_wconf 83' lang='grc' dir='ltr'><strong>ὡς</strong></span> <span class='ocrx_word' id='word_1_197' title='bbox 1436 2549 1528 2592; x_wconf 82' lang='grc' dir='ltr'>τοῦ</span> <span class='ocrx_word' id='word_1_198' title='bbox 1573 2536 1713 2592; x_wconf 82' lang='grc' dir='ltr'>ἰδίου</span> 
     </span>
    </p>
   </div>
   <div class='ocr_carea' id='block_1_29' title="bbox 114 2628 1710 2702">
    <p class='ocr_par' dir='ltr' id='par_1_29' title="bbox 114 2628 1710 2702">
     <span class='ocr_line' id='line_1_29' title="bbox 114 2628 1710 2702; baseline 0.001 -22"><span class='ocrx_word' id='word_1_199' title='bbox 114 2648 212 2680; x_wconf 88' lang='grc' dir='ltr'><strong>σου</strong></span> <span class='ocrx_word' id='word_1_200' title='bbox 259 2631 382 2680; x_wconf 83' lang='grc' dir='ltr'><strong>Υἱοῦ</strong></span> <span class='ocrx_word' id='word_1_201' title='bbox 429 2633 500 2701; x_wconf 78' lang='grc' dir='ltr'><strong>μὴ</strong></span> <span class='ocrx_word' id='word_1_202' title='bbox 571 2633 874 2702; x_wconf 74' lang='grc' dir='ltr'>φεισάμενον</span> <span class='ocrx_word' id='word_1_203' title='bbox 934 2631 1063 2702; x_wconf 72' lang='grc' dir='ltr'>ὑπὲρ</span> <span class='ocrx_word' id='word_1_204' title='bbox 1135 2629 1323 2697; x_wconf 66' lang='grc' dir='ltr'>αὐτῶν,</span> <span class='ocrx_word' id='word_1_205' title='bbox 1382 2634 1472 2680; x_wconf 77' lang='grc' dir='ltr'>καὶ</span> <span class='ocrx_word' id='word_1_206' title='bbox 1530 2631 1559 2686; x_wconf 81' lang='grc' dir='ltr'>ἡ</span> <span class='ocrx_word' id='word_1_207' title='bbox 1615 2628 1710 2700; x_wconf 74' lang='grc' dir='ltr'><strong>ἐμὴ</strong></span> 
     </span>
    </p>
   </div>
   <div class='ocr_carea' id='block_1_30' title="bbox 114 2714 1712 2791">
    <p class='ocr_par' dir='ltr' id='par_1_30' title="bbox 114 2714 1712 2791">
     <span class='ocr_line' id='line_1_30' title="bbox 114 2714 1712 2791; baseline 0 -22"><span class='ocrx_word' id='word_1_208' title='bbox 114 2715 250 2779; x_wconf 83' lang='grc' dir='ltr'>δόξα</span> <span class='ocrx_word' id='word_1_209' title='bbox 293 2720 442 2769; x_wconf 84' lang='grc' dir='ltr'>ἔσται</span> <span class='ocrx_word' id='word_1_210' title='bbox 493 2722 582 2769; x_wconf 88' lang='grc' dir='ltr'>καὶ</span> <span class='ocrx_word' id='word_1_211' title='bbox 641 2722 730 2775; x_wconf 74' lang='grc' dir='ltr'><strong>σή.</strong></span> <span class='ocrx_word' id='word_1_212' title='bbox 767 2717 968 2791; x_wconf 84' lang='grc' dir='ltr'>[Ζητῶν</span> <span class='ocrx_word' id='word_1_213' title='bbox 1001 2719 1113 2789; x_wconf 78' lang='grc'><strong>(76)</strong></span> <span class='ocrx_word' id='word_1_214' title='bbox 1154 2715 1261 2783; x_wconf 79' lang='grc' dir='ltr'>οὖν,</span> <span class='ocrx_word' id='word_1_215' title='bbox 1303 2721 1371 2778; x_wconf 84' lang='grc' dir='ltr'><strong>ὡς</strong></span> <span class='ocrx_word' id='word_1_216' title='bbox 1397 2714 1712 2782; x_wconf 78' lang='grc' dir='ltr'>δεδήλωται,</span> 
     </span>
    </p>
   </div>
   <div class='ocr_carea' id='block_1_31' title="bbox 113 2803 1715 2881">
    <p class='ocr_par' dir='ltr' id='par_1_31' title="bbox 113 2803 1715 2881">
     <span class='ocr_line' id='line_1_31' title="bbox 113 2803 1715 2881; baseline -0.001 -22"><span class='ocrx_word' id='word_1_217' title='bbox 113 2803 462 2872; x_wconf 77' lang='grc' dir='ltr'>δοξασθῆναι,</span> <span class='ocrx_word' id='word_1_218' title='bbox 511 2803 778 2860; x_wconf 83' lang='grc' dir='ltr'>δείκνυσιν</span> <span class='ocrx_word' id='word_1_219' title='bbox 825 2809 905 2859; x_wconf 86' lang='grc' dir='ltr'>ὅτι</span> <span class='ocrx_word' id='word_1_220' title='bbox 944 2806 1026 2859; x_wconf 81' lang='grc' dir='ltr'><strong>ἐπὶ</strong></span> <span class='ocrx_word' id='word_1_221' title='bbox 1067 2811 1154 2858; x_wconf 89' lang='grc' dir='ltr'>τὸν</span> <span class='ocrx_word' id='word_1_222' title='bbox 1193 2810 1416 2881; x_wconf 83' lang='grc' dir='ltr'>σταυρόν</span> <span class='ocrx_word' id='word_1_223' title='bbox 1466 2805 1715 2868; x_wconf 72' lang='grc' dir='ltr'>ἔκουσίως</span> 
     </span>
    </p>
   </div>
   <div class='ocr_carea' id='block_1_32' title="bbox 111 2891 1715 2967">
    <p class='ocr_par' dir='ltr' id='par_1_32' title="bbox 111 2891 1715 2967">
     <span class='ocr_line' id='line_1_32' title="bbox 111 2891 1715 2967; baseline 0.001 -20"><span class='ocrx_word' id='word_1_224' title='bbox 111 2899 348 2967; x_wconf 78' lang='grc' dir='ltr'>ἔρχεται.</span> <span class='ocrx_word' id='word_1_225' title='bbox 403 2891 530 2948; x_wconf 81' lang='grc' dir='ltr'>Εἶτα</span> <span class='ocrx_word' id='word_1_226' title='bbox 559 2895 695 2967; x_wconf 70' lang='grc' dir='ltr'>λέγει</span> <span class='ocrx_word' id='word_1_227' title='bbox 725 2900 811 2948; x_wconf 82' lang='grc' dir='ltr'>καὶ</span> <span class='ocrx_word' id='word_1_228' title='bbox 838 2901 931 2955; x_wconf 79' lang='grc' dir='ltr'>τὴν</span> <span class='ocrx_word' id='word_1_229' title='bbox 965 2896 1134 2948; x_wconf 83' lang='grc' dir='ltr'>αἰτίαν</span> <span class='ocrx_word' id='word_1_230' title='bbox 1161 2892 1232 2948; x_wconf 84' lang='grc' dir='ltr'><strong>δι’</strong></span> <span class='ocrx_word' id='word_1_231' title='bbox 1267 2896 1325 2954; x_wconf 82' lang='grc' dir='ltr'><strong>ἢν</strong></span> <span class='ocrx_word' id='word_1_232' title='bbox 1352 2897 1498 2957; x_wconf 76' lang='grc' dir='ltr'>ζητεῖ</span> <span class='ocrx_word' id='word_1_233' title='bbox 1524 2893 1715 2959; x_wconf 83' lang='grc' dir='ltr'>δόξασ-</span> 
     </span>
    </p>
   </div>
   <div class='ocr_carea' id='block_1_33' title="bbox 113 2987 317 3053">
    <p class='ocr_par' dir='ltr' id='par_1_33' title="bbox 113 2987 317 3053">
     <span class='ocr_line' id='line_1_33' title="bbox 113 2987 317 3053; baseline 0 -17"><span class='ocrx_word' id='word_1_234' title='bbox 113 2987 317 3053; x_wconf 77' lang='grc' dir='ltr'>θῆναι.]</span> 
     </span>
    </p>
   </div>
   <div class='ocr_carea' id='block_1_34' title="bbox 186 3071 1716 3145">
    <p class='ocr_par' dir='ltr' id='par_1_34' title="bbox 186 3071 1716 3145">
     <span class='ocr_line' id='line_1_34' title="bbox 186 3071 1716 3145; baseline -0.002 -19"><span class='ocrx_word' id='word_1_235' title='bbox 186 3076 370 3134; x_wconf 84' lang='grc' dir='ltr'>Καθὼς</span> <span class='ocrx_word' id='word_1_236' title='bbox 397 3104 460 3112; x_wconf 86' lang='grc'><strong><em>-</em></strong></span> <span class='ocrx_word' id='word_1_237' title='bbox 496 3078 705 3145; x_wconf 81' lang='grc' dir='ltr'>σαρκός.</span> <span class='ocrx_word' id='word_1_238' title='bbox 755 3105 818 3112; x_wconf 92' lang='grc'><strong>-</strong></span> <span class='ocrx_word' id='word_1_239' title='bbox 874 3075 1076 3138; x_wconf 79' lang='grc' dir='ltr'>Καθὼς,</span> <span class='ocrx_word' id='word_1_240' title='bbox 1111 3071 1222 3124; x_wconf 79' lang='grc' dir='ltr'>ἀντὶ</span> <span class='ocrx_word' id='word_1_241' title='bbox 1253 3082 1343 3124; x_wconf 72' lang='grc' dir='ltr'>τοῦ</span> <span class='ocrx_word' id='word_1_242' title='bbox 1367 3078 1525 3125; x_wconf 87' lang='grc' dir='ltr'>Διότι.</span> <span class='ocrx_word' id='word_1_243' title='bbox 1552 3077 1716 3130; x_wconf 79' lang='grc' dir='ltr'>Φησὶν</span> 
     </span>
    </p>
   </div>
   <div class='ocr_carea' id='block_1_35' title="bbox 1829 574 3484 644">
    <p class='ocr_par' dir='ltr' id='par_1_35' title="bbox 1829 574 3484 644">
     <span class='ocr_line' id='line_1_35' title="bbox 1829 574 3484 644; baseline 0.001 -16"><span class='ocrx_word' id='word_1_244' title='bbox 1829 575 2136 630; x_wconf 89' lang='lat' dir='ltr'><strong>orationis.</strong></span> <span class='ocrx_word' id='word_1_245' title='bbox 2192 577 2363 632; x_wconf 92' lang='lat' dir='ltr'><strong>Venit</strong></span> <span class='ocrx_word' id='word_1_246' title='bbox 2411 576 2570 631; x_wconf 89' lang='lat' dir='ltr'><strong>enim</strong></span> <span class='ocrx_word' id='word_1_247' title='bbox 2619 591 2742 630; x_wconf 87' lang='lat' dir='ltr'><strong>non</strong></span> <span class='ocrx_word' id='word_1_248' title='bbox 2792 579 3046 639; x_wconf 86' lang='lat' dir='ltr'><strong>tantum,</strong></span> <span class='ocrx_word' id='word_1_249' title='bbox 3097 578 3161 630; x_wconf 89' lang='lat' dir='ltr'><strong>ut</strong></span> <span class='ocrx_word' id='word_1_250' title='bbox 3215 574 3484 644; x_wconf 89' lang='lat' dir='ltr'><strong>seipsum</strong></span> 
     </span>
    </p>
   </div>
   <div class='ocr_carea' id='block_1_36' title="bbox 1829 663 3484 729">
    <p class='ocr_par' dir='ltr' id='par_1_36' title="bbox 1829 663 3484 729">
     <span class='ocr_line' id='line_1_36' title="bbox 1829 663 3484 729; baseline 0.001 -11"><span class='ocrx_word' id='word_1_251' title='bbox 1829 663 2180 729; x_wconf 83' lang='lat' dir='ltr'><strong>ostenderet,</strong></span> <span class='ocrx_word' id='word_1_252' title='bbox 2211 665 2312 719; x_wconf 92' lang='lat' dir='ltr'><strong>sed</strong></span> <span class='ocrx_word' id='word_1_253' title='bbox 2333 669 2388 720; x_wconf 89' lang='lat' dir='ltr'><strong>et</strong></span> <span class='ocrx_word' id='word_1_254' title='bbox 2411 665 2681 721; x_wconf 81' lang='lat' dir='ltr'><strong>virtutem</strong></span> <span class='ocrx_word' id='word_1_255' title='bbox 2711 664 2982 729; x_wconf 77' lang='lat' dir='ltr'><strong>traderet,</strong></span> <span class='ocrx_word' id='word_1_256' title='bbox 3013 679 3132 720; x_wconf 88' lang='lat' dir='ltr'><strong>non</strong></span> <span class='ocrx_word' id='word_1_257' title='bbox 3163 663 3359 718; x_wconf 86' lang='lat' dir='ltr'><strong>verbis</strong></span> <span class='ocrx_word' id='word_1_258' title='bbox 3393 679 3484 720; x_wconf 91' lang='lat' dir='ltr'><strong>so-</strong></span> 
     </span>
    </p>
   </div>
   <div class='ocr_carea' id='block_1_37' title="bbox 1827 751 3482 826">
    <p class='ocr_par' dir='ltr' id='par_1_37' title="bbox 1827 751 3482 826">
     <span class='ocr_line' id='line_1_37' title="bbox 1827 751 3482 826; baseline 0.001 -20"><span class='ocrx_word' id='word_1_259' title='bbox 1827 751 1973 818; x_wconf 85' lang='lat' dir='ltr'><strong>lum,</strong></span> <span class='ocrx_word' id='word_1_260' title='bbox 2007 753 2111 808; x_wconf 91' lang='lat' dir='ltr'><strong>sed</strong></span> <span class='ocrx_word' id='word_1_261' title='bbox 2159 759 2214 810; x_wconf 87' lang='lat' dir='ltr'><strong>et</strong></span> <span class='ocrx_word' id='word_1_262' title='bbox 2241 754 2548 826; x_wconf 85' lang='lat' dir='ltr'><strong>operibus.</strong></span> <span class='ocrx_word' id='word_1_263' title='bbox 2581 755 2730 810; x_wconf 86' lang='lat' dir='ltr'><strong>Nam</strong></span> <span class='ocrx_word' id='word_1_264' title='bbox 2779 755 2893 809; x_wconf 90' lang='lat' dir='ltr'><strong>hoc</strong></span> <span class='ocrx_word' id='word_1_265' title='bbox 2948 753 3069 808; x_wconf 91' lang='lat' dir='ltr'><strong>veri</strong></span> <span class='ocrx_word' id='word_1_266' title='bbox 3101 753 3482 825; x_wconf 65' lang='lat' dir='ltr'><strong>praeceptoris</strong></span> 
     </span>
    </p>
   </div>
   <div class='ocr_carea' id='block_1_38' title="bbox 1829 847 1933 897">
    <p class='ocr_par' dir='ltr' id='par_1_38' title="bbox 1829 847 1933 897">
     <span class='ocr_line' id='line_1_38' title="bbox 1829 847 1933 897; baseline -0.01 0"><span class='ocrx_word' id='word_1_267' title='bbox 1829 847 1933 897; x_wconf 88' lang='lat' dir='ltr'><strong>est.</strong></span> 
     </span>
    </p>
   </div>
   <div class='ocr_carea' id='block_1_39' title="bbox 1899 931 3484 1003">
    <p class='ocr_par' dir='ltr' id='par_1_39' title="bbox 1899 931 3484 1003">
     <span class='ocr_line' id='line_1_39' title="bbox 1899 931 3484 1003; baseline 0.001 -17"><span class='ocrx_word' id='word_1_268' title='bbox 1899 931 2059 986; x_wconf 88' lang='lat' dir='ltr'><strong>Vers.</strong></span> <span class='ocrx_word' id='word_1_269' title='bbox 2088 937 2131 986; x_wconf 88' lang='lat' dir='ltr'><strong>l.</strong></span> <span class='ocrx_word' id='word_1_270' title='bbox 2158 933 2229 988; x_wconf 85' lang='lat' dir='ltr'><strong>Et</strong></span> <span class='ocrx_word' id='word_1_271' title='bbox 2256 963 2322 972; x_wconf 91' lang='lat'><strong>-—</strong></span> <span class='ocrx_word' id='word_1_272' title='bbox 2343 932 2842 996; x_wconf 84' lang='lat' dir='ltr'><strong>hora.Passionis,</strong></span> <span class='ocrx_word' id='word_1_273' title='bbox 2874 937 2977 987; x_wconf 89' lang='lat' dir='ltr'><strong>aut</strong></span> <span class='ocrx_word' id='word_1_274' title='bbox 2993 931 3224 1000; x_wconf 84' lang='lat' dir='ltr'><strong>mortis,</strong></span> <span class='ocrx_word' id='word_1_275' title='bbox 3257 931 3330 986; x_wconf 93' lang='lat' dir='ltr'><strong>de</strong></span> <span class='ocrx_word' id='word_1_276' title='bbox 3361 946 3484 1003; x_wconf 84' lang='lat' dir='ltr'><strong>qua</strong></span> 
     </span>
    </p>
   </div>
   <div class='ocr_carea' id='block_1_40' title="bbox 1827 1019 3481 1092">
    <p class='ocr_par' dir='ltr' id='par_1_40' title="bbox 1827 1019 3481 1092">
     <span class='ocr_line' id='line_1_40' title="bbox 1827 1019 3481 1092; baseline 0 -18"><span class='ocrx_word' id='word_1_277' title='bbox 1827 1019 2056 1075; x_wconf 82' lang='lat' dir='ltr'><strong>dixerat</strong></span> <span class='ocrx_word' id='word_1_278' title='bbox 2089 1037 2101 1075; x_wconf 91' lang='lat'><strong>:</strong></span> <span class='ocrx_word' id='word_1_279' title='bbox 2135 1023 2371 1092; x_wconf 82' lang='lat' dir='ltr'><strong>Tempus</strong></span> <span class='ocrx_word' id='word_1_280' title='bbox 2403 1037 2590 1079; x_wconf 84' lang='lat' dir='ltr'><strong>meum</strong></span> <span class='ocrx_word' id='word_1_281' title='bbox 2616 1021 2877 1078; x_wconf 83' lang='lat' dir='ltr'><strong>nondum</strong></span> <span class='ocrx_word' id='word_1_282' title='bbox 2901 1021 3056 1077; x_wconf 86' lang='lat' dir='ltr'><strong>adest</strong></span> <span class='ocrx_word' id='word_1_283' title='bbox 3085 1023 3134 1056; x_wconf 81' lang='grc' dir='ltr'><strong><em>³ο</em></strong></span> <span class='ocrx_word' id='word_1_284' title='bbox 3162 1040 3179 1092; x_wconf 83' lang='grc'>;</span> <span class='ocrx_word' id='word_1_285' title='bbox 3225 1025 3481 1092; x_wconf 87' lang='lat' dir='ltr'><strong>tempus,</strong></span> 
     </span>
    </p>
   </div>
   <div class='ocr_carea' id='block_1_41' title="bbox 1827 1109 3484 1184">
    <p class='ocr_par' dir='ltr' id='par_1_41' title="bbox 1827 1109 3484 1184">
     <span class='ocr_line' id='line_1_41' title="bbox 1827 1109 3484 1184; baseline 0.001 -19"><span class='ocrx_word' id='word_1_286' title='bbox 1827 1109 1990 1180; x_wconf 91' lang='lat' dir='ltr'><strong>quod</strong></span> <span class='ocrx_word' id='word_1_287' title='bbox 2013 1113 2166 1166; x_wconf 85' lang='lat' dir='ltr'><strong>Deus</strong></span> <span class='ocrx_word' id='word_1_288' title='bbox 2193 1112 2296 1182; x_wconf 89' lang='lat' dir='ltr'><strong>qui</strong></span> <span class='ocrx_word' id='word_1_289' title='bbox 2325 1111 2896 1184; x_wconf 87' lang='lat' dir='ltr'><strong>assumpsithomini</strong></span> <span class='ocrx_word' id='word_1_290' title='bbox 2935 1115 3246 1184; x_wconf 86' lang='lat' dir='ltr'><strong>assumpto</strong></span> <span class='ocrx_word' id='word_1_291' title='bbox 3277 1110 3484 1166; x_wconf 85' lang='lat' dir='ltr'><strong>deﬁni-</strong></span> 
     </span>
    </p>
   </div>
   <div class='ocr_carea' id='block_1_42' title="bbox 1825 1197 1927 1255">
    <p class='ocr_par' dir='ltr' id='par_1_42' title="bbox 1825 1197 1927 1255">
     <span class='ocr_line' id='line_1_42' title="bbox 1825 1197 1927 1255; baseline -0.01 -2"><span class='ocrx_word' id='word_1_292' title='bbox 1825 1197 1927 1255; x_wconf 90' lang='lat' dir='ltr'><strong>vit.</strong></span> 
     </span>
    </p>
   </div>
   <div class='ocr_carea' id='block_1_43' title="bbox 1897 1288 3482 1362">
    <p class='ocr_par' dir='ltr' id='par_1_43' title="bbox 1897 1288 3482 1362">
     <span class='ocr_line' id='line_1_43' title="bbox 1897 1288 3482 1362; baseline 0.001 -18"><span class='ocrx_word' id='word_1_293' title='bbox 1897 1288 2059 1344; x_wconf 89' lang='lat' dir='ltr'><strong>Vers.</strong></span> <span class='ocrx_word' id='word_1_294' title='bbox 2077 1291 2127 1344; x_wconf 87' lang='grc'><strong>1.</strong></span> <span class='ocrx_word' id='word_1_295' title='bbox 2145 1289 2433 1359; x_wconf 71' lang='lat' dir='ltr'><strong>Gtorcﬁca</strong></span> <span class='ocrx_word' id='word_1_296' title='bbox 2446 1290 2660 1347; x_wconf 77' lang='lat' dir='ltr'><strong>Filium</strong></span> <span class='ocrx_word' id='word_1_297' title='bbox 2679 1289 3482 1362; x_wconf 80' lang='lat' dir='ltr'><strong>tuum.Afﬂictionibus,quas</strong></span> 
     </span>
    </p>
   </div>
   <div class='ocr_carea' id='block_1_44' title="bbox 1826 1380 3481 1453">
    <p class='ocr_par' dir='ltr' id='par_1_44' title="bbox 1826 1380 3481 1453">
     <span class='ocr_line' id='line_1_44' title="bbox 1826 1380 3481 1453; baseline 0.001 -19"><span class='ocrx_word' id='word_1_298' title='bbox 1826 1393 1935 1450; x_wconf 87' lang='lat' dir='ltr'><strong>pro</strong></span> <span class='ocrx_word' id='word_1_299' title='bbox 1957 1381 2182 1434; x_wconf 88' lang='lat' dir='ltr'><strong>mundo</strong></span> <span class='ocrx_word' id='word_1_300' title='bbox 2205 1380 2514 1452; x_wconf 88' lang='lat' dir='ltr'><strong>perpetiar.</strong></span> <span class='ocrx_word' id='word_1_301' title='bbox 2542 1383 2678 1437; x_wconf 86' lang='lat' dir='ltr'><strong>Nam</strong></span> <span class='ocrx_word' id='word_1_302' title='bbox 2705 1381 2870 1445; x_wconf 88' lang='lat' dir='ltr'><strong>mihi,</strong></span> <span class='ocrx_word' id='word_1_303' title='bbox 2893 1381 2992 1453; x_wconf 89' lang='lat' dir='ltr'><strong>qui</strong></span> <span class='ocrx_word' id='word_1_304' title='bbox 3021 1380 3306 1436; x_wconf 86' lang='lat' dir='ltr'><strong>Dominus</strong></span> <span class='ocrx_word' id='word_1_305' title='bbox 3324 1396 3481 1444; x_wconf 89' lang='lat' dir='ltr'><strong>sum,</strong></span> 
     </span>
    </p>
   </div>
   <div class='ocr_carea' id='block_1_45' title="bbox 1827 1467 3479 1542">
    <p class='ocr_par' dir='ltr' id='par_1_45' title="bbox 1827 1467 3479 1542">
     <span class='ocr_line' id='line_1_45' title="bbox 1827 1467 3479 1542; baseline 0.001 -20"><span class='ocrx_word' id='word_1_306' title='bbox 1827 1467 2014 1536; x_wconf 81' lang='lat' dir='ltr'><strong>gloria</strong></span> <span class='ocrx_word' id='word_1_307' title='bbox 2039 1474 2128 1524; x_wconf 86' lang='lat' dir='ltr'><strong>est</strong></span> <span class='ocrx_word' id='word_1_308' title='bbox 2157 1470 2276 1542; x_wconf 87' lang='lat' dir='ltr'><strong>pati</strong></span> <span class='ocrx_word' id='word_1_309' title='bbox 2308 1486 2416 1541; x_wconf 87' lang='lat' dir='ltr'><strong>pro</strong></span> <span class='ocrx_word' id='word_1_310' title='bbox 2442 1471 2644 1536; x_wconf 84' lang='lat' dir='ltr'><strong>servis,</strong></span> <span class='ocrx_word' id='word_1_311' title='bbox 2680 1475 2740 1526; x_wconf 93' lang='lat' dir='ltr'><strong>ut</strong></span> <span class='ocrx_word' id='word_1_312' title='bbox 2761 1470 2902 1525; x_wconf 91' lang='lat' dir='ltr'><strong>hinc</strong></span> <span class='ocrx_word' id='word_1_313' title='bbox 2940 1468 3282 1526; x_wconf 88' lang='lat' dir='ltr'><strong>hominibus</strong></span> <span class='ocrx_word' id='word_1_314' title='bbox 3313 1469 3479 1524; x_wconf 81' lang='lat' dir='ltr'><strong>inno-</strong></span> 
     </span>
    </p>
   </div>
   <div class='ocr_carea' id='block_1_46' title="bbox 1826 1558 3481 1630">
    <p class='ocr_par' dir='ltr' id='par_1_46' title="bbox 1826 1558 3481 1630">
     <span class='ocr_line' id='line_1_46' title="bbox 1826 1558 3481 1630; baseline 0.001 -18"><span class='ocrx_word' id='word_1_315' title='bbox 1826 1561 2029 1627; x_wconf 90' lang='lat' dir='ltr'><strong>tescat,</strong></span> <span class='ocrx_word' id='word_1_316' title='bbox 2057 1575 2178 1630; x_wconf 92' lang='lat' dir='ltr'><strong>quo</strong></span> <span class='ocrx_word' id='word_1_317' title='bbox 2197 1558 2444 1615; x_wconf 78' lang='lat' dir='ltr'><strong>affectus</strong></span> <span class='ocrx_word' id='word_1_318' title='bbox 2465 1559 2576 1615; x_wconf 90' lang='lat' dir='ltr'><strong>sim</strong></span> <span class='ocrx_word' id='word_1_319' title='bbox 2600 1559 2914 1615; x_wconf 88' lang='lat' dir='ltr'><strong>hominum</strong></span> <span class='ocrx_word' id='word_1_320' title='bbox 2941 1575 3165 1628; x_wconf 89' lang='lat' dir='ltr'><strong>amore,</strong></span> <span class='ocrx_word' id='word_1_321' title='bbox 3195 1564 3255 1614; x_wconf 89' lang='lat' dir='ltr'><strong>ut</strong></span> <span class='ocrx_word' id='word_1_322' title='bbox 3277 1575 3481 1614; x_wconf 86' lang='lat' dir='ltr'><strong>accur-</strong></span> 
     </span>
    </p>
   </div>
   <div class='ocr_carea' id='block_1_47' title="bbox 1826 1651 3473 1718">
    <p class='ocr_par' dir='ltr' id='par_1_47' title="bbox 1826 1651 3473 1718">
     <span class='ocr_line' id='line_1_47' title="bbox 1826 1651 3473 1718; baseline 0.001 -17"><span class='ocrx_word' id='word_1_323' title='bbox 1826 1653 1959 1703; x_wconf 85' lang='lat' dir='ltr'><strong>rant</strong></span> <span class='ocrx_word' id='word_1_324' title='bbox 1987 1664 2198 1704; x_wconf 87' lang='lat' dir='ltr'><strong>omnes</strong></span> <span class='ocrx_word' id='word_1_325' title='bbox 2233 1655 2459 1718; x_wconf 82' lang='lat' dir='ltr'><strong>gentes,</strong></span> <span class='ocrx_word' id='word_1_326' title='bbox 2489 1655 2546 1704; x_wconf 88' lang='lat' dir='ltr'><strong>et</strong></span> <span class='ocrx_word' id='word_1_327' title='bbox 2577 1665 2670 1705; x_wconf 94' lang='lat' dir='ltr'><strong>me</strong></span> <span class='ocrx_word' id='word_1_328' title='bbox 2702 1651 2891 1705; x_wconf 91' lang='lat' dir='ltr'><strong>Deum</strong></span> <span class='ocrx_word' id='word_1_329' title='bbox 2922 1665 3055 1704; x_wconf 88' lang='lat' dir='ltr'><strong>esse</strong></span> <span class='ocrx_word' id='word_1_330' title='bbox 3087 1653 3473 1717; x_wconf 80' lang='lat' dir='ltr'><strong>cognoscant.</strong></span> 
     </span>
    </p>
   </div>
   <div class='ocr_carea' id='block_1_48' title="bbox 1824 1736 3485 1809">
    <p class='ocr_par' dir='ltr' id='par_1_48' title="bbox 1824 1736 3485 1809">
     <span class='ocr_line' id='line_1_48' title="bbox 1824 1736 3485 1809; baseline 0 -17"><span class='ocrx_word' id='word_1_331' title='bbox 1824 1736 1915 1792; x_wconf 78' lang='lat' dir='ltr'><strong>Ait</strong></span> <span class='ocrx_word' id='word_1_332' title='bbox 1941 1737 2098 1792; x_wconf 89' lang='lat' dir='ltr'><strong>enim</strong></span> <span class='ocrx_word' id='word_1_333' title='bbox 2127 1739 2340 1794; x_wconf 86' lang='lat' dir='ltr'><strong>Paulus</strong></span> <span class='ocrx_word' id='word_1_334' title='bbox 2371 1740 2414 1774; x_wconf 68' lang='grc'>³³</span> <span class='ocrx_word' id='word_1_335' title='bbox 2448 1738 2610 1809; x_wconf 88' lang='lat' dir='ltr'><strong>quod</strong></span> <span class='ocrx_word' id='word_1_336' title='bbox 2638 1739 2720 1794; x_wconf 91' lang='lat' dir='ltr'><strong>sic</strong></span> <span class='ocrx_word' id='word_1_337' title='bbox 2745 1738 2948 1794; x_wconf 79' lang='lat' dir='ltr'><strong>dilexit</strong></span> <span class='ocrx_word' id='word_1_338' title='bbox 2971 1753 3100 1802; x_wconf 90' lang='lat' dir='ltr'><strong>nos,</strong></span> <span class='ocrx_word' id='word_1_339' title='bbox 3139 1742 3200 1792; x_wconf 89' lang='lat' dir='ltr'><strong>ut</strong></span> <span class='ocrx_word' id='word_1_340' title='bbox 3225 1736 3485 1793; x_wconf 83' lang='lat' dir='ltr'><strong>traderet</strong></span> 
     </span>
    </p>
   </div>
   <div class='ocr_carea' id='block_1_49' title="bbox 1754 1825 2451 1898">
    <p class='ocr_par' dir='ltr' id='par_1_49' title="bbox 1754 1825 2451 1898">
     <span class='ocr_line' id='line_1_49' title="bbox 1754 1825 2451 1898; baseline 0.004 -19"><span class='ocrx_word' id='word_1_341' title='bbox 1754 1839 1796 1892; x_wconf 75' lang='grc' dir='ltr'><strong>Β</strong></span> <span class='ocrx_word' id='word_1_342' title='bbox 1827 1825 2090 1897; x_wconf 89' lang='lat' dir='ltr'><strong>seipsum</strong></span> <span class='ocrx_word' id='word_1_343' title='bbox 2122 1842 2230 1898; x_wconf 88' lang='lat' dir='ltr'><strong>pro</strong></span> <span class='ocrx_word' id='word_1_344' title='bbox 2258 1827 2451 1883; x_wconf 91' lang='lat' dir='ltr'><strong>nobis.</strong></span> 
     </span>
    </p>
   </div>
   <div class='ocr_carea' id='block_1_50' title="bbox 1898 1914 3481 1988">
    <p class='ocr_par' dir='ltr' id='par_1_50' title="bbox 1898 1914 3481 1988">
     <span class='ocr_line' id='line_1_50' title="bbox 1898 1914 3481 1988; baseline 0 -18"><span class='ocrx_word' id='word_1_345' title='bbox 1898 1914 2022 1985; x_wconf 85' lang='lat' dir='ltr'><strong>Vel,</strong></span> <span class='ocrx_word' id='word_1_346' title='bbox 2046 1917 2317 1988; x_wconf 73' lang='lat' dir='ltr'><strong>Gloriﬁca</strong></span> <span class='ocrx_word' id='word_1_347' title='bbox 2331 1933 2439 1984; x_wconf 88' lang='lat' dir='ltr'><strong>me,</strong></span> <span class='ocrx_word' id='word_1_348' title='bbox 2467 1917 2650 1972; x_wconf 89' lang='lat' dir='ltr'><strong>edens</strong></span> <span class='ocrx_word' id='word_1_349' title='bbox 2671 1923 2938 1988; x_wconf 88' lang='lat' dir='ltr'><strong>tempore</strong></span> <span class='ocrx_word' id='word_1_350' title='bbox 2957 1916 3258 1988; x_wconf 88' lang='lat' dir='ltr'><strong>passionis</strong></span> <span class='ocrx_word' id='word_1_351' title='bbox 3281 1914 3481 1988; x_wconf 89' lang='lat' dir='ltr'><strong>prodi-</strong></span> 
     </span>
    </p>
   </div>
   <div class='ocr_carea' id='block_1_51' title="bbox 1825 2004 3481 2078">
    <p class='ocr_par' dir='ltr' id='par_1_51' title="bbox 1825 2004 3481 2078">
     <span class='ocr_line' id='line_1_51' title="bbox 1825 2004 3481 2078; baseline 0 -19"><span class='ocrx_word' id='word_1_352' title='bbox 1825 2005 1941 2074; x_wconf 88' lang='lat' dir='ltr'><strong>gia,</strong></span> <span class='ocrx_word' id='word_1_353' title='bbox 1976 2021 2046 2060; x_wconf 91' lang='lat' dir='ltr'><strong>ac</strong></span> <span class='ocrx_word' id='word_1_354' title='bbox 2075 2005 2355 2062; x_wconf 88' lang='lat' dir='ltr'><strong>terribilia</strong></span> <span class='ocrx_word' id='word_1_355' title='bbox 2381 2006 2860 2078; x_wconf 89' lang='lat' dir='ltr'><strong>admirandaque</strong></span> <span class='ocrx_word' id='word_1_356' title='bbox 2898 2006 3070 2075; x_wconf 89' lang='lat' dir='ltr'><strong>signa</strong></span> <span class='ocrx_word' id='word_1_357' title='bbox 3105 2027 3118 2061; x_wconf 84' lang='lat'><strong>:</strong></span> <span class='ocrx_word' id='word_1_358' title='bbox 3161 2011 3215 2061; x_wconf 87' lang='lat' dir='ltr'><strong>et</strong></span> <span class='ocrx_word' id='word_1_359' title='bbox 3265 2021 3337 2060; x_wconf 85' lang='lat' dir='ltr'><strong>ex</strong></span> <span class='ocrx_word' id='word_1_360' title='bbox 3385 2004 3481 2060; x_wconf 89' lang='lat' dir='ltr'><strong>his</strong></span> 
     </span>
    </p>
   </div>
   <div class='ocr_carea' id='block_1_52' title="bbox 1822 2095 3482 2168">
    <p class='ocr_par' dir='ltr' id='par_1_52' title="bbox 1822 2095 3482 2168">
     <span class='ocr_line' id='line_1_52' title="bbox 1822 2095 3482 2168; baseline 0 -20"><span class='ocrx_word' id='word_1_361' title='bbox 1822 2095 2164 2160; x_wconf 88' lang='lat' dir='ltr'><strong>ostendens,</strong></span> <span class='ocrx_word' id='word_1_362' title='bbox 2179 2095 2345 2168; x_wconf 90' lang='lat' dir='ltr'><strong>quod</strong></span> <span class='ocrx_word' id='word_1_363' title='bbox 2358 2096 2640 2152; x_wconf 83' lang='lat' dir='ltr'><strong>naturalis</strong></span> <span class='ocrx_word' id='word_1_364' title='bbox 2658 2096 2773 2150; x_wconf 90' lang='lat' dir='ltr'><strong>sim</strong></span> <span class='ocrx_word' id='word_1_365' title='bbox 2794 2095 2975 2150; x_wconf 87' lang='lat' dir='ltr'><strong>Filius</strong></span> <span class='ocrx_word' id='word_1_366' title='bbox 3003 2102 3160 2150; x_wconf 89' lang='lat' dir='ltr'><strong>tuus.</strong></span> <span class='ocrx_word' id='word_1_367' title='bbox 3185 2097 3316 2150; x_wconf 71' lang='lat' dir='ltr'><strong>Haec</strong></span> <span class='ocrx_word' id='word_1_368' title='bbox 3333 2109 3482 2166; x_wconf 88' lang='lat' dir='ltr'><strong>quo-</strong></span> 
     </span>
    </p>
   </div>
   <div class='ocr_carea' id='block_1_53' title="bbox 1821 2182 3482 2256">
    <p class='ocr_par' dir='ltr' id='par_1_53' title="bbox 1821 2182 3482 2256">
     <span class='ocr_line' id='line_1_53' title="bbox 1821 2182 3482 2256; baseline 0.001 -19"><span class='ocrx_word' id='word_1_369' title='bbox 1821 2198 1939 2253; x_wconf 91' lang='lat' dir='ltr'><strong>que</strong></span> <span class='ocrx_word' id='word_1_370' title='bbox 1969 2182 2128 2238; x_wconf 86' lang='lat' dir='ltr'><strong>dicta</strong></span> <span class='ocrx_word' id='word_1_371' title='bbox 2158 2188 2309 2253; x_wconf 87' lang='lat' dir='ltr'><strong>sunt,</strong></span> <span class='ocrx_word' id='word_1_372' title='bbox 2345 2185 2446 2240; x_wconf 93' lang='lat' dir='ltr'><strong>ubi</strong></span> <span class='ocrx_word' id='word_1_373' title='bbox 2475 2185 2750 2250; x_wconf 88' lang='lat' dir='ltr'><strong>habetur,</strong></span> <span class='ocrx_word' id='word_1_374' title='bbox 2780 2185 2960 2242; x_wconf 82' lang='lat' dir='ltr'><strong>Nunc</strong></span> <span class='ocrx_word' id='word_1_375' title='bbox 2995 2184 3364 2256; x_wconf 72' lang='lat' dir='ltr'><strong>glori/iratus</strong></span> <span class='ocrx_word' id='word_1_376' title='bbox 3396 2187 3482 2240; x_wconf 79' lang='lat' dir='ltr'><strong>est</strong></span> 
     </span>
    </p>
   </div>
   <div class='ocr_carea' id='block_1_54' title="bbox 1819 2271 2397 2329">
    <p class='ocr_par' dir='ltr' id='par_1_54' title="bbox 1819 2271 2397 2329">
     <span class='ocr_line' id='line_1_54' title="bbox 1819 2271 2397 2329; baseline 0.002 -2"><span class='ocrx_word' id='word_1_377' title='bbox 1819 2271 2012 2327; x_wconf 81' lang='lat' dir='ltr'><strong>Filius</strong></span> <span class='ocrx_word' id='word_1_378' title='bbox 2047 2273 2296 2329; x_wconf 80' lang='lat' dir='ltr'><strong>hominis</strong></span> <span class='ocrx_word' id='word_1_379' title='bbox 2329 2277 2397 2328; x_wconf 79' lang='grc'><strong>⁸³.</strong></span> 
     </span>
    </p>
   </div>
   <div class='ocr_carea' id='block_1_55' title="bbox 1893 2360 3481 2433">
    <p class='ocr_par' dir='ltr' id='par_1_55' title="bbox 1893 2360 3481 2433">
     <span class='ocr_line' id='line_1_55' title="bbox 1893 2360 3481 2433; baseline 0 -18"><span class='ocrx_word' id='word_1_380' title='bbox 1893 2361 2052 2416; x_wconf 87' lang='lat' dir='ltr'><strong>Vers.</strong></span> <span class='ocrx_word' id='word_1_381' title='bbox 2084 2368 2129 2418; x_wconf 84' lang='lat' dir='ltr'><strong>l.</strong></span> <span class='ocrx_word' id='word_1_382' title='bbox 2161 2361 2230 2420; x_wconf 86' lang='lat' dir='ltr'><strong>Ut</strong></span> <span class='ocrx_word' id='word_1_383' title='bbox 2250 2394 2318 2402; x_wconf 95' lang='lat'><strong>—</strong></span> <span class='ocrx_word' id='word_1_384' title='bbox 2339 2370 2414 2420; x_wconf 89' lang='lat' dir='ltr'><strong>te.</strong></span> <span class='ocrx_word' id='word_1_385' title='bbox 2434 2363 2542 2419; x_wconf 87' lang='lat' dir='ltr'><strong>Per</strong></span> <span class='ocrx_word' id='word_1_386' title='bbox 2563 2379 2735 2418; x_wconf 90' lang='lat' dir='ltr'><strong>suam</strong></span> <span class='ocrx_word' id='word_1_387' title='bbox 2767 2362 3019 2433; x_wconf 79' lang='lat' dir='ltr'><strong>gloriam</strong></span> <span class='ocrx_word' id='word_1_388' title='bbox 3043 2381 3056 2421; x_wconf 90' lang='lat'><strong>:</strong></span> <span class='ocrx_word' id='word_1_389' title='bbox 3083 2377 3220 2418; x_wconf 82' lang='lat' dir='ltr'><strong>nam</strong></span> <span class='ocrx_word' id='word_1_390' title='bbox 3238 2360 3481 2417; x_wconf 81' lang='lat' dir='ltr'><strong>creden-</strong></span> 
     </span>
    </p>
   </div>
   <div class='ocr_carea' id='block_1_56' title="bbox 1823 2449 3478 2524">
    <p class='ocr_par' dir='ltr' id='par_1_56' title="bbox 1823 2449 3478 2524">
     <span class='ocr_line' id='line_1_56' title="bbox 1823 2449 3478 2524; baseline -0.001 -18"><span class='ocrx_word' id='word_1_391' title='bbox 1823 2449 1980 2506; x_wconf 83' lang='lat' dir='ltr'><strong>tibus</strong></span> <span class='ocrx_word' id='word_1_392' title='bbox 1997 2450 2057 2506; x_wconf 88' lang='lat' dir='ltr'><strong>in</strong></span> <span class='ocrx_word' id='word_1_393' title='bbox 2075 2467 2168 2506; x_wconf 88' lang='lat' dir='ltr'><strong>me</strong></span> <span class='ocrx_word' id='word_1_394' title='bbox 2190 2451 2488 2521; x_wconf 83' lang='lat' dir='ltr'><strong>gentibus,</strong></span> <span class='ocrx_word' id='word_1_395' title='bbox 2507 2457 2564 2508; x_wconf 92' lang='lat' dir='ltr'><strong>et</strong></span> <span class='ocrx_word' id='word_1_396' title='bbox 2591 2457 2651 2507; x_wconf 89' lang='lat' dir='ltr'><strong>tu</strong></span> <span class='ocrx_word' id='word_1_397' title='bbox 2677 2451 3129 2524; x_wconf 87' lang='lat' dir='ltr'><strong>gloriﬁcaberis.</strong></span> <span class='ocrx_word' id='word_1_398' title='bbox 3165 2449 3478 2523; x_wconf 91' lang='lat' dir='ltr'><strong>Siqiudem</strong></span> 
     </span>
    </p>
   </div>
   <div class='ocr_carea' id='block_1_57' title="bbox 1821 2537 3478 2612">
    <p class='ocr_par' dir='ltr' id='par_1_57' title="bbox 1821 2537 3478 2612">
     <span class='ocr_line' id='line_1_57' title="bbox 1821 2537 3478 2612; baseline 0.001 -19"><span class='ocrx_word' id='word_1_399' title='bbox 1821 2539 2060 2594; x_wconf 90' lang='lat' dir='ltr'><strong>credent</strong></span> <span class='ocrx_word' id='word_1_400' title='bbox 2091 2540 2149 2594; x_wconf 88' lang='lat' dir='ltr'><strong>in</strong></span> <span class='ocrx_word' id='word_1_401' title='bbox 2178 2545 2231 2596; x_wconf 91' lang='lat' dir='ltr'><strong>te</strong></span> <span class='ocrx_word' id='word_1_402' title='bbox 2262 2546 2317 2596; x_wconf 89' lang='lat' dir='ltr'><strong>et</strong></span> <span class='ocrx_word' id='word_1_403' title='bbox 2347 2540 2757 2612; x_wconf 84' lang='lat' dir='ltr'><strong>gloriﬁcabunt</strong></span> <span class='ocrx_word' id='word_1_404' title='bbox 2795 2546 2872 2606; x_wconf 90' lang='lat' dir='ltr'><strong>te,</strong></span> <span class='ocrx_word' id='word_1_405' title='bbox 2906 2540 3009 2612; x_wconf 88' lang='lat' dir='ltr'><strong>qui</strong></span> <span class='ocrx_word' id='word_1_406' title='bbox 3049 2539 3286 2612; x_wconf 89' lang='lat' dir='ltr'><strong>proprio</strong></span> <span class='ocrx_word' id='word_1_407' title='bbox 3339 2537 3478 2594; x_wconf 84' lang='lat' dir='ltr'><strong>Filio</strong></span> 
     </span>
    </p>
   </div>
   <div class='ocr_carea' id='block_1_58' title="bbox 1822 2626 3479 2702">
    <p class='ocr_par' dir='ltr' id='par_1_58' title="bbox 1822 2626 3479 2702">
     <span class='ocr_line' id='line_1_58' title="bbox 1822 2626 3479 2702; baseline 0.001 -20"><span class='ocrx_word' id='word_1_408' title='bbox 1822 2632 1924 2683; x_wconf 90' lang='lat' dir='ltr'><strong>tuo</strong></span> <span class='ocrx_word' id='word_1_409' title='bbox 1956 2644 2064 2698; x_wconf 91' lang='lat' dir='ltr'><strong>pro</strong></span> <span class='ocrx_word' id='word_1_410' title='bbox 2094 2630 2179 2684; x_wconf 91' lang='lat' dir='ltr'><strong>eis</strong></span> <span class='ocrx_word' id='word_1_411' title='bbox 2207 2645 2328 2685; x_wconf 91' lang='lat' dir='ltr'><strong>non</strong></span> <span class='ocrx_word' id='word_1_412' title='bbox 2359 2632 2696 2702; x_wconf 88' lang='lat' dir='ltr'><strong>peperceris</strong></span> <span class='ocrx_word' id='word_1_413' title='bbox 2753 2648 2765 2686; x_wconf 92' lang='lat'>:</span> <span class='ocrx_word' id='word_1_414' title='bbox 2825 2643 3079 2701; x_wconf 90' lang='lat' dir='ltr'><strong>meaque</strong></span> <span class='ocrx_word' id='word_1_415' title='bbox 3133 2626 3325 2700; x_wconf 85' lang='lat' dir='ltr'><strong>gloria</strong></span> <span class='ocrx_word' id='word_1_416' title='bbox 3371 2626 3479 2683; x_wconf 88' lang='lat' dir='ltr'><strong>erit</strong></span> 
     </span>
    </p>
   </div>
   <div class='ocr_carea' id='block_1_59' title="bbox 1822 2714 3475 2788">
    <p class='ocr_par' dir='ltr' id='par_1_59' title="bbox 1822 2714 3475 2788">
     <span class='ocr_line' id='line_1_59' title="bbox 1822 2714 3475 2788; baseline -0.001 -17"><span class='ocrx_word' id='word_1_417' title='bbox 1822 2721 1875 2770; x_wconf 89' lang='lat' dir='ltr'><strong>et</strong></span> <span class='ocrx_word' id='word_1_418' title='bbox 1899 2722 2016 2772; x_wconf 90' lang='lat' dir='ltr'><strong>tua.</strong></span> <span class='ocrx_word' id='word_1_419' title='bbox 2049 2719 2326 2783; x_wconf 76' lang='lat' dir='ltr'><strong>Quzerens</strong></span> <span class='ocrx_word' id='word_1_420' title='bbox 2345 2734 2507 2788; x_wconf 88' lang='lat' dir='ltr'><strong>ergo,</strong></span> <span class='ocrx_word' id='word_1_421' title='bbox 2539 2724 2600 2774; x_wconf 92' lang='lat' dir='ltr'><strong>ut</strong></span> <span class='ocrx_word' id='word_1_422' title='bbox 2627 2719 3104 2774; x_wconf 89' lang='lat' dir='ltr'><strong>demonstratum</strong></span> <span class='ocrx_word' id='word_1_423' title='bbox 3131 2723 3240 2785; x_wconf 89' lang='lat' dir='ltr'><strong>est,</strong></span> <span class='ocrx_word' id='word_1_424' title='bbox 3262 2714 3475 2786; x_wconf 85' lang='lat' dir='ltr'><strong>gloriﬁ.</strong></span> 
     </span>
    </p>
   </div>
   <div class='ocr_carea' id='block_1_60' title="bbox 1821 2803 3479 2880">
    <p class='ocr_par' dir='ltr' id='par_1_60' title="bbox 1821 2803 3479 2880">
     <span class='ocr_line' id='line_1_60' title="bbox 1821 2803 3479 2880; baseline -0.002 -19"><span class='ocrx_word' id='word_1_425' title='bbox 1821 2806 1959 2872; x_wconf 88' lang='lat' dir='ltr'><strong>cari,</strong></span> <span class='ocrx_word' id='word_1_426' title='bbox 1977 2806 2235 2862; x_wconf 89' lang='lat' dir='ltr'><strong>ostendit</strong></span> <span class='ocrx_word' id='word_1_427' title='bbox 2251 2807 2414 2880; x_wconf 91' lang='lat' dir='ltr'><strong>quod</strong></span> <span class='ocrx_word' id='word_1_428' title='bbox 2437 2807 2513 2864; x_wconf 85' lang='lat' dir='ltr'><strong>ad</strong></span> <span class='ocrx_word' id='word_1_429' title='bbox 2533 2823 2766 2863; x_wconf 88' lang='lat' dir='ltr'><strong>crucem</strong></span> <span class='ocrx_word' id='word_1_430' title='bbox 2787 2812 2993 2880; x_wconf 89' lang='lat' dir='ltr'><strong>sponte</strong></span> <span class='ocrx_word' id='word_1_431' title='bbox 3014 2806 3232 2862; x_wconf 85' lang='lat' dir='ltr'><strong>veniat.</strong></span> <span class='ocrx_word' id='word_1_432' title='bbox 3258 2803 3479 2860; x_wconf 89' lang='lat' dir='ltr'><strong>Deinde</strong></span> 
     </span>
    </p>
   </div>
   <div class='ocr_carea' id='block_1_61' title="bbox 1821 2895 3479 2970">
    <p class='ocr_par' dir='ltr' id='par_1_61' title="bbox 1821 2895 3479 2970">
     <span class='ocr_line' id='line_1_61' title="bbox 1821 2895 3479 2970; baseline 0 -20"><span class='ocrx_word' id='word_1_433' title='bbox 1821 2895 2000 2952; x_wconf 90' lang='lat' dir='ltr'><strong>etiam</strong></span> <span class='ocrx_word' id='word_1_434' title='bbox 2017 2912 2264 2952; x_wconf 89' lang='lat' dir='ltr'><strong>causam</strong></span> <span class='ocrx_word' id='word_1_435' title='bbox 2285 2896 2692 2970; x_wconf 85' lang='lat' dir='ltr'><strong>dicit,propter</strong></span> <span class='ocrx_word' id='word_1_436' title='bbox 2707 2913 2888 2970; x_wconf 90' lang='lat' dir='ltr'><strong>quam</strong></span> <span class='ocrx_word' id='word_1_437' title='bbox 2906 2895 3221 2968; x_wconf 82' lang='lat' dir='ltr'><strong>gloriﬁcari</strong></span> <span class='ocrx_word' id='word_1_438' title='bbox 3234 2897 3479 2968; x_wconf 72' lang='lat' dir='ltr'><strong>quaerat.</strong></span> 
     </span>
    </p>
   </div>
   <div class='ocr_carea' id='block_1_62' title="bbox 1898 3075 3482 3149">
    <p class='ocr_par' dir='ltr' id='par_1_62' title="bbox 1898 3075 3482 3149">
     <span class='ocr_line' id='line_1_62' title="bbox 1898 3075 3482 3149; baseline 0.003 -20"><span class='ocrx_word' id='word_1_439' title='bbox 1898 3077 2060 3131; x_wconf 88' lang='lat' dir='ltr'><strong>Vers.</strong></span> <span class='ocrx_word' id='word_1_440' title='bbox 2111 3077 2360 3131; x_wconf 85' lang='lat' dir='ltr'><strong>Sicut—</strong></span> <span class='ocrx_word' id='word_1_441' title='bbox 2407 3079 2630 3134; x_wconf 84' lang='lat' dir='ltr'><strong>carnis.</strong></span> <span class='ocrx_word' id='word_1_442' title='bbox 2682 3108 2752 3119; x_wconf 96' lang='lat'><strong>—</strong></span> <span class='ocrx_word' id='word_1_443' title='bbox 2789 3078 2978 3142; x_wconf 86' lang='lat' dir='ltr'><strong>Sicut,</strong></span> <span class='ocrx_word' id='word_1_444' title='bbox 3028 3093 3138 3149; x_wconf 90' lang='lat' dir='ltr'><strong>pro</strong></span> <span class='ocrx_word' id='word_1_445' title='bbox 3186 3076 3359 3142; x_wconf 86' lang='lat' dir='ltr'><strong>Quia.</strong></span> <span class='ocrx_word' id='word_1_446' title='bbox 3392 3075 3482 3133; x_wconf 81' lang='lat' dir='ltr'><strong>Ait</strong></span> 
     </span>
    </p>
   </div>
   <div class='ocr_carea' id='block_1_63' title="bbox 107 3158 1715 3243">
    <p class='ocr_par' dir='ltr' id='par_1_63' title="bbox 107 3158 1714 3231">
     <span class='ocr_line' id='line_1_63' title="bbox 107 3158 1714 3231; baseline -0.001 -18"><span class='ocrx_word' id='word_1_447' title='bbox 107 3161 200 3214; x_wconf 75' lang='grc' dir='ltr'>οὖν</span> <span class='ocrx_word' id='word_1_448' title='bbox 235 3182 246 3193; x_wconf 90' lang='grc'><strong>·</strong></span> <span class='ocrx_word' id='word_1_449' title='bbox 277 3161 504 3223; x_wconf 83' lang='grc' dir='ltr'>Δόξασόν</span> <span class='ocrx_word' id='word_1_450' title='bbox 561 3181 652 3212; x_wconf 89' lang='grc' dir='ltr'><strong>σου</strong></span> <span class='ocrx_word' id='word_1_451' title='bbox 705 3165 790 3213; x_wconf 86' lang='grc' dir='ltr'>τὸν</span> <span class='ocrx_word' id='word_1_452' title='bbox 823 3163 963 3228; x_wconf 56' lang='lat' dir='ltr'><strong>res»,</strong></span> <span class='ocrx_word' id='word_1_453' title='bbox 1000 3158 1142 3214; x_wconf 84' lang='grc' dir='ltr'>διότι</span> <span class='ocrx_word' id='word_1_454' title='bbox 1168 3158 1369 3222; x_wconf 74' lang='grc' dir='ltr'>ἔδωκας</span> <span class='ocrx_word' id='word_1_455' title='bbox 1394 3162 1534 3231; x_wconf 72' lang='grc' dir='ltr'>αὐτῷ</span> <span class='ocrx_word' id='word_1_456' title='bbox 1571 3160 1714 3222; x_wconf 79' lang='grc' dir='ltr'>ἐξου-</span> 
     </span>
    </p>
   </div>
   <div class='ocr_carea' id='block_1_64' title="bbox 1834 3158 3479 3243">
    <p class='ocr_par' dir='ltr' id='par_1_64' title="bbox 1834 3165 3479 3238">
     <span class='ocr_line' id='line_1_64' title="bbox 1834 3165 3479 3238; baseline 0.001 -19"><span class='ocrx_word' id='word_1_457' title='bbox 1834 3179 1994 3232; x_wconf 80' lang='lat' dir='ltr'><strong>ergo:</strong></span> <span class='ocrx_word' id='word_1_458' title='bbox 2017 3166 2320 3233; x_wconf 82' lang='lat' dir='ltr'><strong>Gloriﬁcat</strong></span> <span class='ocrx_word' id='word_1_459' title='bbox 2337 3165 2560 3221; x_wconf 78' lang='lat' dir='ltr'><strong>Filium</strong></span> <span class='ocrx_word' id='word_1_460' title='bbox 2579 3172 2767 3235; x_wconf 80' lang='lat' dir='ltr'><strong>tuum,</strong></span> <span class='ocrx_word' id='word_1_461' title='bbox 2787 3167 2922 3238; x_wconf 91' lang='lat' dir='ltr'><strong>quia</strong></span> <span class='ocrx_word' id='word_1_462' title='bbox 2937 3166 3145 3222; x_wconf 88' lang='lat' dir='ltr'><strong>dedisti</strong></span> <span class='ocrx_word' id='word_1_463' title='bbox 3160 3167 3208 3219; x_wconf 89' lang='lat' dir='ltr'><strong>ei</strong></span> <span class='ocrx_word' id='word_1_464' title='bbox 3224 3170 3479 3237; x_wconf 85' lang='lat' dir='ltr'><strong>potesta—</strong></span> 
     </span>
    </p>
   </div>
   <div class='ocr_carea' id='block_1_65' title="bbox 111 3247 1711 3323">
    <p class='ocr_par' dir='ltr' id='par_1_65' title="bbox 111 3247 1711 3323">
     <span class='ocr_line' id='line_1_65' title="bbox 111 3247 1711 3323; baseline -0.001 -19"><span class='ocrx_word' id='word_1_465' title='bbox 111 3257 234 3304; x_wconf 73' lang='grc' dir='ltr'>σίαν</span> <span class='ocrx_word' id='word_1_466' title='bbox 265 3254 466 3302; x_wconf 81' lang='grc' dir='ltr'>πάντων</span> <span class='ocrx_word' id='word_1_467' title='bbox 501 3258 600 3301; x_wconf 88' lang='grc' dir='ltr'><strong>τῶν</strong></span> <span class='ocrx_word' id='word_1_468' title='bbox 632 3249 806 3315; x_wconf 82' lang='grc' dir='ltr'>ἐθνῶν,</span> <span class='ocrx_word' id='word_1_469' title='bbox 836 3253 972 3303; x_wconf 78' lang='grc' dir='ltr'>ὥστε</span> <span class='ocrx_word' id='word_1_470' title='bbox 999 3247 1324 3312; x_wconf 73' lang='grc' dir='ltr'>δοξάζεσθαι</span> <span class='ocrx_word' id='word_1_471' title='bbox 1355 3251 1476 3323; x_wconf 88' lang='grc' dir='ltr'>παρ’</span> <span class='ocrx_word' id='word_1_472' title='bbox 1523 3249 1711 3302; x_wconf 66' lang='grc' dir='ltr'>αὐτῶν.</span> 
     </span>
    </p>
   </div>
   <div class='ocr_carea' id='block_1_66' title="bbox 107 3337 1714 3414">
    <p class='ocr_par' dir='ltr' id='par_1_66' title="bbox 107 3337 1714 3414">
     <span class='ocr_line' id='line_1_66' title="bbox 107 3337 1714 3414; baseline -0.002 -20"><span class='ocrx_word' id='word_1_473' title='bbox 107 3346 404 3414; x_wconf 73' lang='grc' dir='ltr'>Γέγραπται</span> <span class='ocrx_word' id='word_1_474' title='bbox 435 3343 532 3414; x_wconf 70' lang='grc' dir='ltr'>γάρ</span> <span class='ocrx_word' id='word_1_475' title='bbox 569 3360 581 3372; x_wconf 78' lang='grc' dir='ltr'><strong>ο</strong></span> <span class='ocrx_word' id='word_1_476' title='bbox 616 3346 714 3392; x_wconf 85' lang='grc' dir='ltr'><strong>Καὶ</strong></span> <span class='ocrx_word' id='word_1_477' title='bbox 745 3337 904 3392; x_wconf 83' lang='grc' dir='ltr'>δώσω</span> <span class='ocrx_word' id='word_1_478' title='bbox 964 3346 1047 3393; x_wconf 88' lang='grc' dir='ltr'>σοὶ</span> <span class='ocrx_word' id='word_1_479' title='bbox 1077 3343 1194 3399; x_wconf 83' lang='grc' dir='ltr'>ἔθνη</span> <span class='ocrx_word' id='word_1_480' title='bbox 1253 3346 1345 3398; x_wconf 81' lang='grc' dir='ltr'><strong>την</strong></span> <span class='ocrx_word' id='word_1_481' title='bbox 1371 3341 1714 3414; x_wconf 66' lang='grc' dir='ltr'>κληρονομίαν</span> 
     </span>
    </p>
   </div>
   <div class='ocr_carea' id='block_1_67' title="bbox 108 3431 1710 3502">
    <p class='ocr_par' dir='ltr' id='par_1_67' title="bbox 108 3431 1710 3502">
     <span class='ocr_line' id='line_1_67' title="bbox 108 3431 1710 3502; baseline -0.002 -18"><span class='ocrx_word' id='word_1_482' title='bbox 108 3449 207 3484; x_wconf 89' lang='grc' dir='ltr'><strong>σου</strong></span> <span class='ocrx_word' id='word_1_483' title='bbox 255 3435 344 3482; x_wconf 87' lang='grc' dir='ltr'>καὶ</span> <span class='ocrx_word' id='word_1_484' title='bbox 399 3435 493 3488; x_wconf 82' lang='grc' dir='ltr'>τὴν</span> <span class='ocrx_word' id='word_1_485' title='bbox 543 3431 873 3500; x_wconf 70' lang='grc' dir='ltr'>κατάσχεσιν</span> <span class='ocrx_word' id='word_1_486' title='bbox 936 3450 1030 3482; x_wconf 88' lang='grc' dir='ltr'><strong>σου</strong></span> <span class='ocrx_word' id='word_1_487' title='bbox 1079 3433 1145 3482; x_wconf 78' lang='grc' dir='ltr'>τὰ</span> <span class='ocrx_word' id='word_1_488' title='bbox 1200 3435 1399 3502; x_wconf 83' lang='grc' dir='ltr'>πέρατα</span> <span class='ocrx_word' id='word_1_489' title='bbox 1445 3439 1539 3490; x_wconf 85' lang='grc' dir='ltr'><strong>τῆς</strong></span> <span class='ocrx_word' id='word_1_490' title='bbox 1591 3438 1710 3501; x_wconf 80' lang='grc' dir='ltr'><strong>γῆς.</strong></span> 
     </span>
    </p>
   </div>
   <div class='ocr_carea' id='block_1_68' title="bbox 108 3516 1714 3594">
    <p class='ocr_par' dir='ltr' id='par_1_68' title="bbox 108 3516 1714 3594">
     <span class='ocr_line' id='line_1_68' title="bbox 108 3516 1714 3594; baseline -0.001 -21"><span class='ocrx_word' id='word_1_491' title='bbox 108 3520 364 3594; x_wconf 79' lang='grc' dir='ltr'>[Δόξασόν</span> <span class='ocrx_word' id='word_1_492' title='bbox 417 3539 514 3571; x_wconf 92' lang='grc' dir='ltr'><strong>σου</strong></span> <span class='ocrx_word' id='word_1_493' title='bbox 545 3523 630 3570; x_wconf 79' lang='grc' dir='ltr'><strong>τόν</strong></span> <span class='ocrx_word' id='word_1_494' title='bbox 681 3522 817 3582; x_wconf 80' lang='grc' dir='ltr'>Υὶόν,</span> <span class='ocrx_word' id='word_1_495' title='bbox 871 3516 1013 3571; x_wconf 87' lang='grc' dir='ltr'>διότι</span> <span class='ocrx_word' id='word_1_496' title='bbox 1042 3517 1337 3580; x_wconf 69' lang='grc' dir='ltr'>εὐδόκησας</span> <span class='ocrx_word' id='word_1_497' title='bbox 1361 3522 1714 3594; x_wconf 82' lang='grc' dir='ltr'>γνωρισθῆναι</span> 
     </span>
    </p>
   </div>
   <div class='ocr_carea' id='block_1_69' title="bbox 107 3605 1714 3682">
    <p class='ocr_par' dir='ltr' id='par_1_69' title="bbox 107 3605 1714 3682">
     <span class='ocr_line' id='line_1_69' title="bbox 107 3605 1714 3682; baseline -0.001 -21"><span class='ocrx_word' id='word_1_498' title='bbox 107 3610 267 3662; x_wconf 74' lang='grc' dir='ltr'>αὐτόν</span> <span class='ocrx_word' id='word_1_499' title='bbox 306 3615 395 3661; x_wconf 77' lang='grc' dir='ltr'>καὶ</span> <span class='ocrx_word' id='word_1_500' title='bbox 460 3605 786 3671; x_wconf 81' lang='grc' dir='ltr'>δοξασθῆναι</span> <span class='ocrx_word' id='word_1_501' title='bbox 825 3612 968 3682; x_wconf 71' lang='grc' dir='ltr'>πάσῃ</span> <span class='ocrx_word' id='word_1_502' title='bbox 1022 3617 1084 3678; x_wconf 72' lang='grc' dir='ltr'>τῇ</span> <span class='ocrx_word' id='word_1_503' title='bbox 1145 3609 1442 3682; x_wconf 70' lang='grc' dir='ltr'>οἰκουμένῇ.</span> <span class='ocrx_word' id='word_1_504' title='bbox 1499 3612 1602 3664; x_wconf 83' lang='grc' dir='ltr'><strong>Καὶ</strong></span> <span class='ocrx_word' id='word_1_505' title='bbox 1657 3612 1714 3661; x_wconf 87' lang='grc' dir='ltr'><strong>τό</strong></span> 
     </span>
    </p>
   </div>
   <div class='ocr_carea' id='block_1_70' title="bbox 107 3695 1715 3768">
    <p class='ocr_par' dir='ltr' id='par_1_70' title="bbox 107 3695 1715 3768">
     <span class='ocr_line' id='line_1_70' title="bbox 107 3695 1715 3768; baseline 0 -18"><span class='ocrx_word' id='word_1_506' title='bbox 107 3701 284 3760; x_wconf 78' lang='grc' dir='ltr'>ζητεῖν</span> <span class='ocrx_word' id='word_1_507' title='bbox 328 3695 387 3750; x_wconf 61' lang='grc' dir='ltr'>δὲ</span> <span class='ocrx_word' id='word_1_508' title='bbox 435 3695 780 3765; x_wconf 82' lang='grc' dir='ltr'>δοξασθῆναι,</span> <span class='ocrx_word' id='word_1_509' title='bbox 834 3703 923 3750; x_wconf 87' lang='grc' dir='ltr'>καὶ</span> <span class='ocrx_word' id='word_1_510' title='bbox 953 3702 1010 3750; x_wconf 89' lang='grc' dir='ltr'><strong>τό</strong></span> <span class='ocrx_word' id='word_1_511' title='bbox 1052 3698 1192 3768; x_wconf 82' lang='grc' dir='ltr'>λέγεν</span> <span class='ocrx_word' id='word_1_512' title='bbox 1223 3700 1302 3750; x_wconf 86' lang='grc' dir='ltr'>ὅτι</span> <span class='ocrx_word' id='word_1_513' title='bbox 1334 3695 1591 3763; x_wconf 80' lang='grc' dir='ltr'>Ἕδωκας,</span> <span class='ocrx_word' id='word_1_514' title='bbox 1625 3702 1715 3751; x_wconf 84' lang='grc' dir='ltr'>καὶ</span> 
     </span>
    </p>
   </div>
   <div class='ocr_carea' id='block_1_71' title="bbox 108 3786 1710 3859">
    <p class='ocr_par' dir='ltr' id='par_1_71' title="bbox 108 3786 1710 3859">
     <span class='ocr_line' id='line_1_71' title="bbox 108 3786 1710 3859; baseline 0 -21"><span class='ocrx_word' id='word_1_515' title='bbox 108 3789 178 3838; x_wconf 83' lang='grc' dir='ltr'>τὰ</span> <span class='ocrx_word' id='word_1_516' title='bbox 209 3796 449 3853; x_wconf 73' lang='grc' dir='ltr'>τοιαῦτα,</span> <span class='ocrx_word' id='word_1_517' title='bbox 509 3786 980 3858; x_wconf 80' lang='grc' dir='ltr'>συγκαταϐατικῶς</span> <span class='ocrx_word' id='word_1_518' title='bbox 1017 3787 1149 3857; x_wconf 80' lang='grc' dir='ltr'>λέγει</span> <span class='ocrx_word' id='word_1_519' title='bbox 1207 3793 1296 3840; x_wconf 78' lang='grc' dir='ltr'>καὶ</span> <span class='ocrx_word' id='word_1_520' title='bbox 1353 3787 1710 3859; x_wconf 76' lang='grc' dir='ltr'>οἰκονομικῶς,</span> 
     </span>
    </p>
   </div>
   <div class='ocr_carea' id='block_1_72' title="bbox 109 3873 1711 3950">
    <p class='ocr_par' dir='ltr' id='par_1_72' title="bbox 109 3873 1711 3950">
     <span class='ocr_line' id='line_1_72' title="bbox 109 3873 1711 3950; baseline 0.001 -23"><span class='ocrx_word' id='word_1_521' title='bbox 109 3878 182 3937; x_wconf 82' lang='grc' dir='ltr'><strong>ὡς</strong></span> <span class='ocrx_word' id='word_1_522' title='bbox 232 3873 492 3950; x_wconf 77' lang='grc' dir='ltr'>διαφόρως</span> <span class='ocrx_word' id='word_1_523' title='bbox 571 3873 1094 3949; x_wconf 80' lang='grc' dir='ltr'>προδιεστειλάμεθα,</span> <span class='ocrx_word' id='word_1_524' title='bbox 1154 3878 1182 3936; x_wconf 84' lang='grc' dir='ltr'>ἡ</span> <span class='ocrx_word' id='word_1_525' title='bbox 1244 3881 1334 3928; x_wconf 82' lang='grc' dir='ltr'>καὶ</span> <span class='ocrx_word' id='word_1_526' title='bbox 1393 3879 1462 3937; x_wconf 79' lang='grc' dir='ltr'><strong>ὼς</strong></span> <span class='ocrx_word' id='word_1_527' title='bbox 1516 3878 1711 3950; x_wconf 78' lang='grc' dir='ltr'>ἄνθρω-</span> 
     </span>
    </p>
   </div>
   <div class='ocr_carea' id='block_1_73' title="bbox 109 3965 246 4034">
    <p class='ocr_par' dir='ltr' id='par_1_73' title="bbox 109 3965 246 4034">
     <span class='ocr_line' id='line_1_73' title="bbox 109 3965 246 4034; baseline -0.007 -18"><span class='ocrx_word' id='word_1_528' title='bbox 109 3965 246 4034; x_wconf 85' lang='grc' dir='ltr'>πος.]</span> 
     </span>
    </p>
   </div>
   <div class='ocr_carea' id='block_1_74' title="bbox 180 4051 1713 4126">
    <p class='ocr_par' dir='ltr' id='par_1_74' title="bbox 180 4051 1713 4126">
     <span class='ocr_line' id='line_1_74' title="bbox 180 4051 1713 4126; baseline 0.003 -22"><span class='ocrx_word' id='word_1_529' title='bbox 180 4051 381 4105; x_wconf 77' lang='grc' dir='ltr'>Ἰνα-</span> <span class='ocrx_word' id='word_1_530' title='bbox 419 4054 638 4104; x_wconf 83' lang='grc' dir='ltr'>αἰώνιον.</span> <span class='ocrx_word' id='word_1_531' title='bbox 699 4052 862 4106; x_wconf 83' lang='grc' dir='ltr'>Ὀσον</span> <span class='ocrx_word' id='word_1_532' title='bbox 914 4058 972 4107; x_wconf 83' lang='grc' dir='ltr'><strong>τό</strong></span> <span class='ocrx_word' id='word_1_533' title='bbox 1033 4054 1111 4106; x_wconf 84' lang='grc' dir='ltr'><strong>ἐπ’</strong></span> <span class='ocrx_word' id='word_1_534' title='bbox 1169 4056 1330 4126; x_wconf 71' lang='grc' dir='ltr'>αὐτῷ.</span> <span class='ocrx_word' id='word_1_535' title='bbox 1389 4057 1444 4109; x_wconf 83' lang='grc' dir='ltr'>Εἰ</span> <span class='ocrx_word' id='word_1_536' title='bbox 1501 4053 1561 4108; x_wconf 84' lang='grc' dir='ltr'>δέ</span> <span class='ocrx_word' id='word_1_537' title='bbox 1585 4075 1713 4117; x_wconf 72' lang='grc' dir='ltr'>τινες</span> 
     </span>
    </p>
   </div>
   <div class='ocr_carea' id='block_1_75' title="bbox 104 4141 1712 4210">
    <p class='ocr_par' dir='ltr' id='par_1_75' title="bbox 104 4141 1712 4210">
     <span class='ocr_line' id='line_1_75' title="bbox 104 4141 1712 4210; baseline 0 -15"><span class='ocrx_word' id='word_1_538' title='bbox 104 4145 227 4195; x_wconf 75' lang='grc' dir='ltr'>οὔτε</span> <span class='ocrx_word' id='word_1_539' title='bbox 247 4141 581 4207; x_wconf 84' lang='grc' dir='ltr'>ἐπιστευσαν,</span> <span class='ocrx_word' id='word_1_540' title='bbox 615 4146 728 4194; x_wconf 73' lang='grc' dir='ltr'>οὔτε</span> <span class='ocrx_word' id='word_1_541' title='bbox 753 4142 932 4196; x_wconf 77' lang='grc' dir='ltr'>ἔλαϐον</span> <span class='ocrx_word' id='word_1_542' title='bbox 960 4145 1098 4204; x_wconf 76' lang='grc' dir='ltr'>ζωὴν</span> <span class='ocrx_word' id='word_1_543' title='bbox 1129 4145 1355 4210; x_wconf 79' lang='grc' dir='ltr'>αἰώνιον,</span> <span class='ocrx_word' id='word_1_544' title='bbox 1398 4155 1495 4197; x_wconf 87' lang='grc' dir='ltr'><strong>τῶν</strong></span> <span class='ocrx_word' id='word_1_545' title='bbox 1542 4148 1712 4197; x_wconf 84' lang='grc' dir='ltr'>τοιού-</span> 
     </span>
    </p>
   </div>
   <div class='ocr_carea' id='block_1_76' title="bbox 102 4230 1711 4306">
    <p class='ocr_par' dir='ltr' id='par_1_76' title="bbox 102 4230 1711 4306">
     <span class='ocr_line' id='line_1_76' title="bbox 102 4230 1711 4306; baseline 0.002 -24"><span class='ocrx_word' id='word_1_546' title='bbox 102 4250 206 4282; x_wconf 87' lang='grc' dir='ltr'><strong>των</strong></span> <span class='ocrx_word' id='word_1_547' title='bbox 245 4230 359 4283; x_wconf 83' lang='grc' dir='ltr'>ἐστὶ</span> <span class='ocrx_word' id='word_1_548' title='bbox 384 4235 441 4284; x_wconf 86' lang='grc' dir='ltr'>τὸ</span> <span class='ocrx_word' id='word_1_549' title='bbox 471 4232 728 4304; x_wconf 74' lang='grc' dir='ltr'>ἔγκλημα.</span> <span class='ocrx_word' id='word_1_550' title='bbox 760 4231 819 4285; x_wconf 80' lang='grc' dir='ltr'><strong>Ὀ</strong></span> <span class='ocrx_word' id='word_1_551' title='bbox 843 4237 934 4305; x_wconf 69' lang='grc' dir='ltr'><strong>μὶν</strong></span> <span class='ocrx_word' id='word_1_552' title='bbox 959 4236 1060 4306; x_wconf 75' lang='grc' dir='ltr'><strong>γὰρ</strong></span> <span class='ocrx_word' id='word_1_553' title='bbox 1083 4240 1275 4306; x_wconf 80' lang='grc' dir='ltr'>Πατὴρ</span> <span class='ocrx_word' id='word_1_554' title='bbox 1305 4230 1588 4291; x_wconf 79' lang='grc' dir='ltr'>εὐδόκησεν</span> <span class='ocrx_word' id='word_1_555' title='bbox 1630 4236 1711 4285; x_wconf 79' lang='grc' dir='ltr'>ἵνα</span> 
     </span>
    </p>
   </div>
   <div class='ocr_carea' id='block_1_77' title="bbox 103 4319 1711 4395">
    <p class='ocr_par' dir='ltr' id='par_1_77' title="bbox 103 4319 1711 4395">
     <span class='ocr_line' id='line_1_77' title="bbox 103 4319 1711 4395; baseline 0.002 -23"><span class='ocrx_word' id='word_1_556' title='bbox 103 4322 308 4372; x_wconf 81' lang='grc' dir='ltr'>πάντων</span> <span class='ocrx_word' id='word_1_557' title='bbox 337 4323 361 4372; x_wconf 91' lang='grc' dir='ltr'><strong>ό</strong></span> <span class='ocrx_word' id='word_1_558' title='bbox 389 4324 510 4382; x_wconf 77' lang='grc' dir='ltr'><strong>Υἱός</strong></span> <span class='ocrx_word' id='word_1_559' title='bbox 536 4320 822 4395; x_wconf 77' lang='grc' dir='ltr'>ὶξουσιάση</span> <span class='ocrx_word' id='word_1_560' title='bbox 867 4319 960 4375; x_wconf 83' lang='grc' dir='ltr'>διὰ</span> <span class='ocrx_word' id='word_1_561' title='bbox 1005 4332 1102 4386; x_wconf 84' lang='grc' dir='ltr'><strong>τῆς</strong></span> <span class='ocrx_word' id='word_1_562' title='bbox 1129 4329 1373 4387; x_wconf 85' lang='grc' dir='ltr'>πίστεως,</span> <span class='ocrx_word' id='word_1_563' title='bbox 1405 4329 1496 4375; x_wconf 84' lang='grc' dir='ltr'>καὶ</span> <span class='ocrx_word' id='word_1_564' title='bbox 1525 4327 1711 4385; x_wconf 74' lang='grc' dir='ltr'>πάντες</span> 
     </span>
    </p>
   </div>
   <div class='ocr_carea' id='block_1_78' title="bbox 103 4411 1707 4484">
    <p class='ocr_par' dir='ltr' id='par_1_78' title="bbox 103 4411 1707 4484">
     <span class='ocr_line' id='line_1_78' title="bbox 103 4411 1707 4484; baseline 0.002 -23"><span class='ocrx_word' id='word_1_565' title='bbox 103 4411 207 4462; x_wconf 76' lang='grc' dir='ltr'><strong>ὑπὸ</strong></span> <span class='ocrx_word' id='word_1_566' title='bbox 243 4414 326 4461; x_wconf 87' lang='grc' dir='ltr'><strong>τόν</strong></span> <span class='ocrx_word' id='word_1_567' title='bbox 362 4413 518 4482; x_wconf 85' lang='grc' dir='ltr'>ζυγόν</span> <span class='ocrx_word' id='word_1_568' title='bbox 570 4420 670 4463; x_wconf 90' lang='grc' dir='ltr'><strong>τῶν</strong></span> <span class='ocrx_word' id='word_1_569' title='bbox 729 4412 939 4464; x_wconf 80' lang='grc' dir='ltr'>ἐντολῶν</span> <span class='ocrx_word' id='word_1_570' title='bbox 986 4413 1147 4465; x_wconf 69' lang='grc' dir='ltr'>αὐτοῦ</span> <span class='ocrx_word' id='word_1_571' title='bbox 1201 4416 1450 4484; x_wconf 82' lang='grc' dir='ltr'>γένωνται</span> <span class='ocrx_word' id='word_1_572' title='bbox 1503 4429 1514 4440; x_wconf 89' lang='grc'><strong>·</strong></span> <span class='ocrx_word' id='word_1_573' title='bbox 1567 4414 1707 4464; x_wconf 82' lang='grc' dir='ltr'>καὶὸ</span> 
     </span>
    </p>
   </div>
   <div class='ocr_carea' id='block_1_79' title="bbox 104 4496 1786 4596">
    <p class='ocr_par' dir='ltr' id='par_1_79' title="bbox 104 4496 1786 4596">
     <span class='ocr_line' id='line_1_79' title="bbox 104 4496 1786 4596; baseline 0 -44"><span class='ocrx_word' id='word_1_574' title='bbox 104 4502 228 4559; x_wconf 73' lang='grc' dir='ltr'><strong>Υἱός</strong></span> <span class='ocrx_word' id='word_1_575' title='bbox 275 4496 334 4552; x_wconf 69' lang='grc' dir='ltr'>δὲ</span> <span class='ocrx_word' id='word_1_576' title='bbox 388 4507 522 4552; x_wconf 86' lang='grc' dir='ltr'>πᾶσι</span> <span class='ocrx_word' id='word_1_577' title='bbox 571 4497 664 4552; x_wconf 79' lang='grc' dir='ltr'><strong>διὰ</strong></span> <span class='ocrx_word' id='word_1_578' title='bbox 712 4511 811 4552; x_wconf 85' lang='grc' dir='ltr'><strong>τῶν</strong></span> <span class='ocrx_word' id='word_1_579' title='bbox 867 4501 1168 4553; x_wconf 79' lang='grc' dir='ltr'>ἀποστόλων</span> <span class='ocrx_word' id='word_1_580' title='bbox 1222 4497 1420 4554; x_wconf 81' lang='grc' dir='ltr'>δέδωκε</span> <span class='ocrx_word' id='word_1_581' title='bbox 1450 4505 1507 4552; x_wconf 87' lang='grc' dir='ltr'>τὸ</span> <span class='ocrx_word' id='word_1_582' title='bbox 1534 4501 1708 4573; x_wconf 70' lang='grc' dir='ltr'>Εὐαγ-</span> <span class='ocrx_word' id='word_1_583' title='bbox 1739 4540 1786 4596; x_wconf 82' lang='lat' dir='ltr'><strong>D</strong></span> 
     </span>
    </p>
   </div>
   <div class='ocr_carea' id='block_1_80' title="bbox 103 4589 1708 4660">
    <p class='ocr_par' dir='ltr' id='par_1_80' title="bbox 103 4589 1708 4660">
     <span class='ocr_line' id='line_1_80' title="bbox 103 4589 1708 4660; baseline 0.002 -21"><span class='ocrx_word' id='word_1_584' title='bbox 103 4589 295 4659; x_wconf 77' lang='grc' dir='ltr'>γέλιον,</span> <span class='ocrx_word' id='word_1_585' title='bbox 351 4593 444 4646; x_wconf 78' lang='grc' dir='ltr'>τὴν</span> <span class='ocrx_word' id='word_1_586' title='bbox 500 4591 834 4660; x_wconf 83' lang='grc' dir='ltr'>θεογνωσίαν,</span> <span class='ocrx_word' id='word_1_587' title='bbox 888 4593 999 4649; x_wconf 75' lang='grc' dir='ltr'>ἣτις</span> <span class='ocrx_word' id='word_1_588' title='bbox 1043 4591 1158 4642; x_wconf 72' lang='grc' dir='ltr'>ἐστὶ</span> <span class='ocrx_word' id='word_1_589' title='bbox 1219 4594 1324 4653; x_wconf 79' lang='grc' dir='ltr'><strong>ζωὴ</strong></span> <span class='ocrx_word' id='word_1_590' title='bbox 1385 4591 1708 4653; x_wconf 79' lang='grc' dir='ltr'>αἰώνιος.ως</span> 
     </span>
    </p>
   </div>
   <div class='ocr_carea' id='block_1_81' title="bbox 106 4675 1703 4752">
    <p class='ocr_par' dir='ltr' id='par_1_81' title="bbox 106 4675 1703 4752">
     <span class='ocr_line' id='line_1_81' title="bbox 106 4675 1703 4752; baseline 0.001 -21"><span class='ocrx_word' id='word_1_591' title='bbox 106 4677 351 4750; x_wconf 79' lang='grc' dir='ltr'>πρόξενος</span> <span class='ocrx_word' id='word_1_592' title='bbox 381 4679 519 4739; x_wconf 77' lang='grc' dir='ltr'>ζωῆς</span> <span class='ocrx_word' id='word_1_593' title='bbox 548 4678 813 4751; x_wconf 80' lang='grc' dir='ltr'>αἰωνίου.[</span> <span class='ocrx_word' id='word_1_594' title='bbox 853 4681 920 4730; x_wconf 79' lang='lat' dir='ltr'><strong>Oi.</strong></span> <span class='ocrx_word' id='word_1_595' title='bbox 964 4675 1024 4731; x_wconf 74' lang='grc' dir='ltr'>δὲ</span> <span class='ocrx_word' id='word_1_596' title='bbox 1073 4681 1189 4749; x_wconf 72' lang='grc'><strong>(7³1)</strong></span> <span class='ocrx_word' id='word_1_597' title='bbox 1229 4685 1300 4751; x_wconf 75' lang='grc' dir='ltr'><strong>μὴ</strong></span> <span class='ocrx_word' id='word_1_598' title='bbox 1347 4685 1703 4752; x_wconf 82' lang='grc' dir='ltr'>υποταγέντες,</span> 
     </span>
    </p>
   </div>
   <div class='ocr_carea' id='block_1_82' title="bbox 107 4763 1708 4841">
    <p class='ocr_par' dir='ltr' id='par_1_82' title="bbox 107 4763 1708 4841">
     <span class='ocr_line' id='line_1_82' title="bbox 107 4763 1708 4841; baseline 0.002 -22"><span class='ocrx_word' id='word_1_599' title='bbox 107 4763 250 4840; x_wconf 62' lang='grc' dir='ltr'>μηδὲ</span> <span class='ocrx_word' id='word_1_600' title='bbox 309 4765 747 4841; x_wconf 79' lang='grc' dir='ltr'>παραδεξάμενοι,</span> <span class='ocrx_word' id='word_1_601' title='bbox 833 4767 980 4820; x_wconf 73' lang='grc' dir='ltr'>αὐτοὶ</span> <span class='ocrx_word' id='word_1_602' title='bbox 1037 4777 1127 4830; x_wconf 84' lang='grc' dir='ltr'><strong>τῆς</strong></span> <span class='ocrx_word' id='word_1_603' title='bbox 1206 4769 1399 4822; x_wconf 75' lang='grc' dir='ltr'>ἑαυτῶν</span> <span class='ocrx_word' id='word_1_604' title='bbox 1451 4769 1708 4834; x_wconf 75' lang='grc' dir='ltr'>ἀπωλείας</span> 
     </span>
    </p>
   </div>
   <div class='ocr_carea' id='block_1_83' title="bbox 109 4854 1705 4935">
    <p class='ocr_par' dir='ltr' id='par_1_83' title="bbox 109 4854 1705 4935">
     <span class='ocr_line' id='line_1_83' title="bbox 109 4854 1705 4935; baseline 0.003 -27"><span class='ocrx_word' id='word_1_605' title='bbox 109 4861 271 4909; x_wconf 82' lang='grc' dir='ltr'>αἴτιοι</span> <span class='ocrx_word' id='word_1_606' title='bbox 303 4874 314 4886; x_wconf 89' lang='grc'><strong>·</strong></span> <span class='ocrx_word' id='word_1_607' title='bbox 350 4854 538 4909; x_wconf 76' lang='grc' dir='ltr'>οὐδένα</span> <span class='ocrx_word' id='word_1_608' title='bbox 565 4859 666 4929; x_wconf 76' lang='grc' dir='ltr'>γὰρ</span> <span class='ocrx_word' id='word_1_609' title='bbox 699 4857 892 4908; x_wconf 79' lang='grc' dir='ltr'>ἄκοντα</span> <span class='ocrx_word' id='word_1_610' title='bbox 929 4859 1333 4930; x_wconf 75' lang='grc' dir='ltr'>καταναγκάζει.</span> <span class='ocrx_word' id='word_1_611' title='bbox 1366 4859 1549 4934; x_wconf 82' lang='grc' dir='ltr'>Αἰρετὴ</span> <span class='ocrx_word' id='word_1_612' title='bbox 1603 4864 1705 4935; x_wconf 83' lang='grc' dir='ltr'><strong>γὰρ</strong></span> 
     </span>
    </p>
   </div>
   <div class='ocr_carea' id='block_1_84' title="bbox 109 4943 1515 5025">
    <p class='ocr_par' dir='ltr' id='par_1_84' title="bbox 109 4943 1515 5025">
     <span class='ocr_line' id='line_1_84' title="bbox 109 4943 1515 5025; baseline 0.001 -9"><span class='ocrx_word' id='word_1_613' title='bbox 109 4948 140 5002; x_wconf 66' lang='grc' dir='ltr'>ἡ</span> <span class='ocrx_word' id='word_1_614' title='bbox 176 4943 392 5019; x_wconf 61' lang='grc' dir='ltr'>ἀρετή-ι</span> <span class='ocrx_word' id='word_1_615' title='bbox 965 5014 972 5024; x_wconf 81' lang='grc'><strong>,</strong></span> <span class='ocrx_word' id='word_1_616' title='bbox 1179 4993 1184 4999; x_wconf 74' lang='lat'><strong>.</strong></span> <span class='ocrx_word' id='word_1_617' title='bbox 1506 5014 1515 5025; x_wconf 81' lang='grc'><strong>,</strong></span> 
     </span>
    </p>
   </div>
   <div class='ocr_carea' id='block_1_85' title="bbox 184 5031 1704 5108">
    <p class='ocr_par' dir='ltr' id='par_1_85' title="bbox 184 5031 1704 5108">
     <span class='ocr_line' id='line_1_85' title="bbox 184 5031 1704 5108; baseline 0.008 -27"><span class='ocrx_word' id='word_1_618' title='bbox 184 5031 323 5090; x_wconf 75' lang='grc' dir='ltr'>Αὕτη</span> <span class='ocrx_word' id='word_1_619' title='bbox 381 5064 450 5074; x_wconf 92' lang='grc'><strong>-</strong></span> <span class='ocrx_word' id='word_1_620' title='bbox 481 5038 728 5108; x_wconf 86' lang='grc' dir='ltr'>Χριστόν.</span> <span class='ocrx_word' id='word_1_621' title='bbox 783 5040 882 5088; x_wconf 80' lang='grc' dir='ltr'><strong>Καὶ</strong></span> <span class='ocrx_word' id='word_1_622' title='bbox 940 5041 1094 5098; x_wconf 83' lang='grc' dir='ltr'>ὄντως</span> <span class='ocrx_word' id='word_1_623' title='bbox 1152 5037 1352 5098; x_wconf 78' lang='grc' dir='ltr'>αἰώνιος</span> <span class='ocrx_word' id='word_1_624' title='bbox 1382 5038 1488 5098; x_wconf 77' lang='grc' dir='ltr'><strong>ζωὴ</strong></span> <span class='ocrx_word' id='word_1_625' title='bbox 1525 5040 1554 5097; x_wconf 76' lang='grc' dir='ltr'>ἡ</span> <span class='ocrx_word' id='word_1_626' title='bbox 1593 5041 1704 5092; x_wconf 85' lang='grc' dir='ltr'>θεο-</span> 
     </span>
    </p>
   </div>
   <div class='ocr_carea' id='block_1_86' title="bbox 107 5123 1706 5202">
    <p class='ocr_par' dir='ltr' id='par_1_86' title="bbox 107 5123 1706 5202">
     <span class='ocr_line' id='line_1_86' title="bbox 107 5123 1706 5202; baseline 0.008 -32"><span class='ocrx_word' id='word_1_627' title='bbox 107 5125 331 5190; x_wconf 81' lang='grc' dir='ltr'>γνωσία,</span> <span class='ocrx_word' id='word_1_628' title='bbox 362 5129 423 5193; x_wconf 77' lang='grc' dir='ltr'>τῇ</span> <span class='ocrx_word' id='word_1_629' title='bbox 464 5127 640 5176; x_wconf 83' lang='grc' dir='ltr'>πίστει</span> <span class='ocrx_word' id='word_1_630' title='bbox 692 5130 780 5177; x_wconf 84' lang='grc' dir='ltr'>καὶ</span> <span class='ocrx_word' id='word_1_631' title='bbox 824 5135 924 5178; x_wconf 88' lang='grc' dir='ltr'><strong>τῶν</strong></span> <span class='ocrx_word' id='word_1_632' title='bbox 954 5129 1116 5199; x_wconf 78' lang='grc' dir='ltr'>ἔργων</span> <span class='ocrx_word' id='word_1_633' title='bbox 1148 5123 1392 5185; x_wconf 85' lang='grc' dir='ltr'>δηλονότι</span> <span class='ocrx_word' id='word_1_634' title='bbox 1425 5129 1706 5202; x_wconf 76' lang='grc' dir='ltr'>συνεζευγ-</span> 
     </span>
    </p>
   </div>
   <div class='ocr_carea' id='block_1_87' title="bbox 177 5299 1744 5392">
    <p class='ocr_par' dir='ltr' id='par_1_87' title="bbox 177 5299 1744 5392">
     <span class='ocr_line' id='line_1_87' title="bbox 177 5299 1744 5392; baseline 0.004 -39"><span class='ocrx_word' id='word_1_635' title='bbox 177 5300 224 5334; x_wconf 84' lang='grc'><strong>²⁹</strong></span> <span class='ocrx_word' id='word_1_636' title='bbox 263 5299 430 5356; x_wconf 83' lang='lat' dir='ltr'><strong>Joan.</strong></span> <span class='ocrx_word' id='word_1_637' title='bbox 465 5315 562 5365; x_wconf 83' lang='lat' dir='ltr'><strong>vn,</strong></span> <span class='ocrx_word' id='word_1_638' title='bbox 593 5304 647 5357; x_wconf 89' lang='lat'><strong>6.</strong></span> <span class='ocrx_word' id='word_1_639' title='bbox 784 5307 842 5360; x_wconf 86' lang='lat' dir='ltr'><strong>3t</strong></span> <span class='ocrx_word' id='word_1_640' title='bbox 883 5303 1072 5361; x_wconf 88' lang='lat' dir='ltr'><strong>Galat.</strong></span> <span class='ocrx_word' id='word_1_641' title='bbox 1116 5323 1172 5372; x_wconf 90' lang='grc' dir='ltr'><strong>ιι,</strong></span> <span class='ocrx_word' id='word_1_642' title='bbox 1202 5309 1272 5362; x_wconf 80' lang='lat'><strong>20</strong></span> <span class='ocrx_word' id='word_1_643' title='bbox 1307 5324 1319 5374; x_wconf 92' lang='lat'><strong>;</strong></span> <span class='ocrx_word' id='word_1_644' title='bbox 1357 5307 1567 5392; x_wconf 81' lang='lat' dir='ltr'><strong>Ephes.</strong></span> <span class='ocrx_word' id='word_1_645' title='bbox 1601 5325 1654 5375; x_wconf 91' lang='lat' dir='ltr'><strong>v,</strong></span> <span class='ocrx_word' id='word_1_646' title='bbox 1691 5311 1744 5362; x_wconf 82' lang='lat'><strong>2.</strong></span> 
     </span>
    </p>
   </div>
   <div class='ocr_carea' id='block_1_88' title="bbox 1828 3253 3482 3324">
    <p class='ocr_par' dir='ltr' id='par_1_88' title="bbox 1828 3253 3482 3324">
     <span class='ocr_line' id='line_1_88' title="bbox 1828 3253 3482 3324; baseline 0.001 -16"><span class='ocrx_word' id='word_1_647' title='bbox 1828 3261 1940 3308; x_wconf 89' lang='lat' dir='ltr'><strong>tem</strong></span> <span class='ocrx_word' id='word_1_648' title='bbox 1979 3253 2250 3308; x_wconf 92' lang='lat' dir='ltr'><strong>omnium</strong></span> <span class='ocrx_word' id='word_1_649' title='bbox 2284 3254 2574 3322; x_wconf 87' lang='lat' dir='ltr'><strong>gentium,</strong></span> <span class='ocrx_word' id='word_1_650' title='bbox 2609 3260 2670 3310; x_wconf 90' lang='lat' dir='ltr'><strong>ut</strong></span> <span class='ocrx_word' id='word_1_651' title='bbox 2697 3255 2774 3309; x_wconf 89' lang='lat' dir='ltr'><strong>ab</strong></span> <span class='ocrx_word' id='word_1_652' title='bbox 2805 3255 2886 3310; x_wconf 85' lang='lat' dir='ltr'><strong>eis</strong></span> <span class='ocrx_word' id='word_1_653' title='bbox 2927 3254 3300 3324; x_wconf 84' lang='lat' dir='ltr'><strong>gloriﬁcetur.</strong></span> <span class='ocrx_word' id='word_1_654' title='bbox 3332 3255 3482 3310; x_wconf 88' lang='lat' dir='ltr'><strong>Scri-</strong></span> 
     </span>
    </p>
   </div>
   <div class='ocr_carea' id='block_1_89' title="bbox 1825 3341 3476 3413">
    <p class='ocr_par' dir='ltr' id='par_1_89' title="bbox 1825 3341 3476 3413">
     <span class='ocr_line' id='line_1_89' title="bbox 1825 3341 3476 3413; baseline 0.003 -18"><span class='ocrx_word' id='word_1_655' title='bbox 1825 3349 1990 3412; x_wconf 88' lang='lat' dir='ltr'><strong>ptum</strong></span> <span class='ocrx_word' id='word_1_656' title='bbox 2007 3346 2099 3396; x_wconf 88' lang='lat' dir='ltr'><strong>est</strong></span> <span class='ocrx_word' id='word_1_657' title='bbox 2116 3341 2274 3397; x_wconf 92' lang='lat' dir='ltr'><strong>enim</strong></span> <span class='ocrx_word' id='word_1_658' title='bbox 2297 3359 2309 3398; x_wconf 92' lang='lat'>:</span> <span class='ocrx_word' id='word_1_659' title='bbox 2335 3343 2488 3398; x_wconf 84' lang='lat' dir='ltr'><strong>dabo</strong></span> <span class='ocrx_word' id='word_1_660' title='bbox 2501 3343 2604 3405; x_wconf 76' lang='lat' dir='ltr'><strong>tibi</strong></span> <span class='ocrx_word' id='word_1_661' title='bbox 2635 3350 2836 3413; x_wconf 83' lang='lat' dir='ltr'><strong>gentes</strong></span> <span class='ocrx_word' id='word_1_662' title='bbox 2871 3343 3270 3399; x_wconf 77' lang='lat' dir='ltr'><strong>hwreditatem</strong></span> <span class='ocrx_word' id='word_1_663' title='bbox 3287 3349 3476 3410; x_wconf 77' lang='lat' dir='ltr'><strong>tuam,</strong></span> 
     </span>
    </p>
   </div>
   <div class='ocr_carea' id='block_1_90' title="bbox 1822 3432 3479 3500">
    <p class='ocr_par' dir='ltr' id='par_1_90' title="bbox 1822 3432 3479 3500">
     <span class='ocr_line' id='line_1_90' title="bbox 1822 3432 3479 3500; baseline 0.001 -13"><span class='ocrx_word' id='word_1_664' title='bbox 1822 3436 1876 3488; x_wconf 83' lang='lat' dir='ltr'><strong>et</strong></span> <span class='ocrx_word' id='word_1_665' title='bbox 1901 3433 2311 3500; x_wconf 79' lang='lat' dir='ltr'><strong>possessionem</strong></span> <span class='ocrx_word' id='word_1_666' title='bbox 2334 3439 2495 3488; x_wconf 86' lang='lat' dir='ltr'><strong>tuam</strong></span> <span class='ocrx_word' id='word_1_667' title='bbox 2521 3433 2795 3489; x_wconf 81' lang='lat' dir='ltr'><strong>terminos</strong></span> <span class='ocrx_word' id='word_1_668' title='bbox 2815 3439 2988 3488; x_wconf 56' lang='lat' dir='ltr'><strong>terra</strong></span> <span class='ocrx_word' id='word_1_669' title='bbox 3004 3433 3072 3486; x_wconf 81' lang='grc'><strong>⁸³.</strong></span> <span class='ocrx_word' id='word_1_670' title='bbox 3103 3462 3168 3473; x_wconf 91' lang='grc'><strong>-</strong></span> <span class='ocrx_word' id='word_1_671' title='bbox 3190 3432 3479 3500; x_wconf 77' lang='lat' dir='ltr'><strong>Gloriﬁca</strong></span> 
     </span>
    </p>
   </div>
   <div class='ocr_carea' id='block_1_91' title="bbox 1823 3520 3478 3594">
    <p class='ocr_par' dir='ltr' id='par_1_91' title="bbox 1823 3520 3478 3594">
     <span class='ocr_line' id='line_1_91' title="bbox 1823 3520 3478 3594; baseline 0.001 -18"><span class='ocrx_word' id='word_1_672' title='bbox 1823 3521 2044 3576; x_wconf 84' lang='lat' dir='ltr'><strong>Filium</strong></span> <span class='ocrx_word' id='word_1_673' title='bbox 2063 3527 2248 3587; x_wconf 84' lang='lat' dir='ltr'><strong>tuum,</strong></span> <span class='ocrx_word' id='word_1_674' title='bbox 2268 3522 2411 3594; x_wconf 88' lang='lat' dir='ltr'><strong>quia</strong></span> <span class='ocrx_word' id='word_1_675' title='bbox 2424 3521 2851 3594; x_wconf 86' lang='lat' dir='ltr'><strong>complacitum</strong></span> <span class='ocrx_word' id='word_1_676' title='bbox 2871 3527 2955 3577; x_wconf 89' lang='lat' dir='ltr'><strong>est</strong></span> <span class='ocrx_word' id='word_1_677' title='bbox 2973 3520 3097 3587; x_wconf 87' lang='lat' dir='ltr'><strong>tibi,</strong></span> <span class='ocrx_word' id='word_1_678' title='bbox 3114 3526 3321 3576; x_wconf 84' lang='lat' dir='ltr'><strong>notum</strong></span> <span class='ocrx_word' id='word_1_679' title='bbox 3340 3536 3478 3578; x_wconf 87' lang='lat' dir='ltr'><strong>eum</strong></span> 
     </span>
    </p>
   </div>
   <div class='ocr_carea' id='block_1_92' title="bbox 1822 3609 3475 3680">
    <p class='ocr_par' dir='ltr' id='par_1_92' title="bbox 1822 3609 3475 3680">
     <span class='ocr_line' id='line_1_92' title="bbox 1822 3609 3475 3680; baseline 0 -16"><span class='ocrx_word' id='word_1_680' title='bbox 1822 3609 1944 3665; x_wconf 86' lang='lat' dir='ltr'><strong>ﬁeri</strong></span> <span class='ocrx_word' id='word_1_681' title='bbox 1967 3626 2036 3665; x_wconf 85' lang='lat' dir='ltr'><strong>ac</strong></span> <span class='ocrx_word' id='word_1_682' title='bbox 2062 3609 2374 3680; x_wconf 82' lang='lat' dir='ltr'><strong>gloriﬁcari</strong></span> <span class='ocrx_word' id='word_1_683' title='bbox 2418 3611 2700 3667; x_wconf 89' lang='lat' dir='ltr'><strong>universo</strong></span> <span class='ocrx_word' id='word_1_684' title='bbox 2749 3610 2899 3667; x_wconf 90' lang='lat' dir='ltr'><strong>orbi.</strong></span> <span class='ocrx_word' id='word_1_685' title='bbox 2954 3612 3228 3676; x_wconf 71' lang='lat' dir='ltr'><strong>Quaarcre</strong></span> <span class='ocrx_word' id='word_1_686' title='bbox 3277 3614 3475 3665; x_wconf 89' lang='lat' dir='ltr'><strong>autem</strong></span> 
     </span>
    </p>
   </div>
   <div class='ocr_carea' id='block_1_93' title="bbox 1823 3699 3480 3770">
    <p class='ocr_par' dir='ltr' id='par_1_93' title="bbox 1823 3699 3480 3770">
     <span class='ocr_line' id='line_1_93' title="bbox 1823 3699 3480 3770; baseline 0.001 -16"><span class='ocrx_word' id='word_1_687' title='bbox 1823 3699 2141 3770; x_wconf 84' lang='lat' dir='ltr'><strong>gloriﬁcari</strong></span> <span class='ocrx_word' id='word_1_688' title='bbox 2161 3716 2230 3756; x_wconf 86' lang='lat' dir='ltr'><strong>ac</strong></span> <span class='ocrx_word' id='word_1_689' title='bbox 2247 3701 2442 3757; x_wconf 88' lang='lat' dir='ltr'><strong>dicere</strong></span> <span class='ocrx_word' id='word_1_690' title='bbox 2460 3701 2688 3757; x_wconf 80' lang='lat' dir='ltr'><strong>Dedisti</strong></span> <span class='ocrx_word' id='word_1_691' title='bbox 2698 3706 2752 3757; x_wconf 91' lang='lat' dir='ltr'><strong>et</strong></span> <span class='ocrx_word' id='word_1_692' title='bbox 2774 3699 3008 3765; x_wconf 90' lang='lat' dir='ltr'><strong>similia,</strong></span> <span class='ocrx_word' id='word_1_693' title='bbox 3028 3699 3395 3756; x_wconf 87' lang='lat' dir='ltr'><strong>demittendo</strong></span> <span class='ocrx_word' id='word_1_694' title='bbox 3415 3714 3480 3756; x_wconf 86' lang='lat' dir='ltr'><strong>se</strong></span> 
     </span>
    </p>
   </div>
   <div class='ocr_carea' id='block_1_94' title="bbox 1821 3787 3479 3862">
    <p class='ocr_par' dir='ltr' id='par_1_94' title="bbox 1821 3787 3479 3862">
     <span class='ocr_line' id='line_1_94' title="bbox 1821 3787 3479 3862; baseline 0 -19"><span class='ocrx_word' id='word_1_695' title='bbox 1821 3788 1963 3846; x_wconf 88' lang='lat' dir='ltr'><strong>dicit</strong></span> <span class='ocrx_word' id='word_1_696' title='bbox 1992 3806 2063 3846; x_wconf 89' lang='lat' dir='ltr'><strong>ac</strong></span> <span class='ocrx_word' id='word_1_697' title='bbox 2093 3791 2545 3862; x_wconf 88' lang='lat' dir='ltr'><strong>dispensatorie,</strong></span> <span class='ocrx_word' id='word_1_698' title='bbox 2593 3790 2762 3846; x_wconf 90' lang='lat' dir='ltr'><strong>sicuti</strong></span> <span class='ocrx_word' id='word_1_699' title='bbox 2811 3791 2990 3846; x_wconf 89' lang='lat' dir='ltr'><strong>variis</strong></span> <span class='ocrx_word' id='word_1_700' title='bbox 3046 3790 3105 3845; x_wconf 91' lang='lat' dir='ltr'><strong>in</strong></span> <span class='ocrx_word' id='word_1_701' title='bbox 3155 3788 3300 3844; x_wconf 89' lang='lat' dir='ltr'><strong>locis</strong></span> <span class='ocrx_word' id='word_1_702' title='bbox 3359 3787 3479 3844; x_wconf 80' lang='lat' dir='ltr'><strong>dis-</strong></span> 
     </span>
    </p>
   </div>
   <div class='ocr_carea' id='block_1_95' title="bbox 1823 3881 3230 3956">
    <p class='ocr_par' dir='ltr' id='par_1_95' title="bbox 1823 3881 3230 3956">
     <span class='ocr_line' id='line_1_95' title="bbox 1823 3881 3230 3956; baseline -0.002 -21"><span class='ocrx_word' id='word_1_703' title='bbox 1823 3882 2186 3954; x_wconf 84' lang='lat' dir='ltr'><strong>putavimus.</strong></span> <span class='ocrx_word' id='word_1_704' title='bbox 2219 3886 2330 3938; x_wconf 79' lang='lat' dir='ltr'><strong>Aut</strong></span> <span class='ocrx_word' id='word_1_705' title='bbox 2358 3882 2537 3938; x_wconf 86' lang='lat' dir='ltr'><strong>etiam</strong></span> <span class='ocrx_word' id='word_1_706' title='bbox 2586 3888 2876 3956; x_wconf 88' lang='lat' dir='ltr'><strong>tanquam</strong></span> <span class='ocrx_word' id='word_1_707' title='bbox 2907 3882 3091 3938; x_wconf 87' lang='lat' dir='ltr'><strong>homo</strong></span> <span class='ocrx_word' id='word_1_708' title='bbox 3131 3881 3230 3938; x_wconf 87' lang='lat' dir='ltr'><strong>ait.</strong></span> 
     </span>
    </p>
   </div>
   <div class='ocr_carea' id='block_1_96' title="bbox 1891 4061 3477 4127">
    <p class='ocr_par' dir='ltr' id='par_1_96' title="bbox 1891 4061 3477 4127">
     <span class='ocr_line' id='line_1_96' title="bbox 1891 4061 3477 4127; baseline -0.001 -10"><span class='ocrx_word' id='word_1_709' title='bbox 1891 4061 2052 4117; x_wconf 89' lang='lat' dir='ltr'><strong>Vers.</strong></span> <span class='ocrx_word' id='word_1_710' title='bbox 2083 4064 2228 4116; x_wconf 87' lang='lat'><strong>2.—.</strong></span> <span class='ocrx_word' id='word_1_711' title='bbox 2265 4063 2334 4119; x_wconf 88' lang='lat' dir='ltr'><strong>Ut</strong></span> <span class='ocrx_word' id='word_1_712' title='bbox 2361 4069 2663 4118; x_wconf 63' lang='lat' dir='ltr'><strong>mternam.</strong></span> <span class='ocrx_word' id='word_1_713' title='bbox 2699 4063 2997 4127; x_wconf 87' lang='lat' dir='ltr'><strong>Quantum</strong></span> <span class='ocrx_word' id='word_1_714' title='bbox 3028 4061 3088 4116; x_wconf 89' lang='lat' dir='ltr'><strong>in</strong></span> <span class='ocrx_word' id='word_1_715' title='bbox 3117 4076 3178 4115; x_wconf 92' lang='lat' dir='ltr'><strong>se</strong></span> <span class='ocrx_word' id='word_1_716' title='bbox 3197 4064 3302 4115; x_wconf 87' lang='lat' dir='ltr'><strong>est.</strong></span> <span class='ocrx_word' id='word_1_717' title='bbox 3328 4062 3477 4116; x_wconf 86' lang='lat' dir='ltr'><strong>Nam</strong></span> 
     </span>
    </p>
   </div>
   <div class='ocr_carea' id='block_1_97' title="bbox 1818 4150 3476 4222">
    <p class='ocr_par' dir='ltr' id='par_1_97' title="bbox 1818 4150 3476 4222">
     <span class='ocr_line' id='line_1_97' title="bbox 1818 4150 3476 4222; baseline -0.001 -18"><span class='ocrx_word' id='word_1_718' title='bbox 1818 4150 2204 4222; x_wconf 86' lang='lat' dir='ltr'><strong>licetquidam</strong></span> <span class='ocrx_word' id='word_1_719' title='bbox 2223 4166 2344 4205; x_wconf 91' lang='lat' dir='ltr'><strong>non</strong></span> <span class='ocrx_word' id='word_1_720' title='bbox 2371 4150 2750 4215; x_wconf 87' lang='lat' dir='ltr'><strong>crediderint,</strong></span> <span class='ocrx_word' id='word_1_721' title='bbox 2771 4166 2960 4220; x_wconf 83' lang='lat' dir='ltr'><strong>neque</strong></span> <span class='ocrx_word' id='word_1_722' title='bbox 2992 4150 3173 4204; x_wconf 83' lang='lat' dir='ltr'><strong>vitam</strong></span> <span class='ocrx_word' id='word_1_723' title='bbox 3198 4154 3476 4204; x_wconf 66' lang='lat' dir='ltr'><strong>cateruam</strong></span> 
     </span>
    </p>
   </div>
   <div class='ocr_carea' id='block_1_98' title="bbox 1820 4237 3477 4310">
    <p class='ocr_par' dir='ltr' id='par_1_98' title="bbox 1820 4237 3477 4310">
     <span class='ocr_line' id='line_1_98' title="bbox 1820 4237 3477 4310; baseline -0.001 -16"><span class='ocrx_word' id='word_1_724' title='bbox 1820 4239 2242 4310; x_wconf 86' lang='lat' dir='ltr'><strong>acceperint.id</strong></span> <span class='ocrx_word' id='word_1_725' title='bbox 2257 4238 2704 4293; x_wconf 84' lang='lat' dir='ltr'><strong>tamenillorum</strong></span> <span class='ocrx_word' id='word_1_726' title='bbox 2723 4237 2902 4310; x_wconf 89' lang='lat' dir='ltr'><strong>culpa</strong></span> <span class='ocrx_word' id='word_1_727' title='bbox 2918 4241 3036 4293; x_wconf 89' lang='lat' dir='ltr'><strong>est:</strong></span> <span class='ocrx_word' id='word_1_728' title='bbox 3057 4237 3356 4310; x_wconf 91' lang='lat' dir='ltr'><strong>siquidem</strong></span> <span class='ocrx_word' id='word_1_729' title='bbox 3379 4240 3477 4292; x_wconf 85' lang='lat' dir='ltr'><strong>Pa-</strong></span> 
     </span>
    </p>
   </div>
   <div class='ocr_carea' id='block_1_99' title="bbox 1822 4325 3476 4398">
    <p class='ocr_par' dir='ltr' id='par_1_99' title="bbox 1822 4325 3476 4398">
     <span class='ocr_line' id='line_1_99' title="bbox 1822 4325 3476 4398; baseline 0 -16"><span class='ocrx_word' id='word_1_730' title='bbox 1822 4327 1886 4382; x_wconf 89' lang='lat' dir='ltr'><strong>tri</strong></span> <span class='ocrx_word' id='word_1_731' title='bbox 1909 4326 2328 4396; x_wconf 85' lang='lat' dir='ltr'><strong>complacitum</strong></span> <span class='ocrx_word' id='word_1_732' title='bbox 2357 4333 2443 4381; x_wconf 88' lang='lat' dir='ltr'><strong>est</strong></span> <span class='ocrx_word' id='word_1_733' title='bbox 2470 4331 2532 4381; x_wconf 87' lang='lat' dir='ltr'><strong>ut</strong></span> <span class='ocrx_word' id='word_1_734' title='bbox 2554 4326 2732 4380; x_wconf 88' lang='lat' dir='ltr'><strong>Filius</strong></span> <span class='ocrx_word' id='word_1_735' title='bbox 2757 4325 2997 4382; x_wconf 87' lang='lat' dir='ltr'><strong>haberet</strong></span> <span class='ocrx_word' id='word_1_736' title='bbox 3015 4325 3285 4382; x_wconf 90' lang='lat' dir='ltr'><strong>omnium</strong></span> <span class='ocrx_word' id='word_1_737' title='bbox 3314 4331 3476 4398; x_wconf 80' lang='lat' dir='ltr'><strong>pote-</strong></span> 
     </span>
    </p>
   </div>
   <div class='ocr_carea' id='block_1_100' title="bbox 1818 4415 3475 4486">
    <p class='ocr_par' dir='ltr' id='par_1_100' title="bbox 1818 4415 3475 4486">
     <span class='ocr_line' id='line_1_100' title="bbox 1818 4415 3475 4486; baseline -0.001 -14"><span class='ocrx_word' id='word_1_738' title='bbox 1818 4421 2028 4472; x_wconf 89' lang='lat' dir='ltr'><strong>statem</strong></span> <span class='ocrx_word' id='word_1_739' title='bbox 2046 4415 2359 4486; x_wconf 84' lang='lat' dir='ltr'><strong>perﬁdem,</strong></span> <span class='ocrx_word' id='word_1_740' title='bbox 2379 4421 2653 4471; x_wconf 89' lang='lat' dir='ltr'><strong>etomnes</strong></span> <span class='ocrx_word' id='word_1_741' title='bbox 2673 4415 2788 4471; x_wconf 88' lang='lat' dir='ltr'><strong>sub</strong></span> <span class='ocrx_word' id='word_1_742' title='bbox 2809 4416 3022 4485; x_wconf 84' lang='lat' dir='ltr'><strong>jugum</strong></span> <span class='ocrx_word' id='word_1_743' title='bbox 3044 4420 3475 4486; x_wconf 72' lang='lat' dir='ltr'><strong>praeceptorum</strong></span> 
     </span>
    </p>
   </div>
   <div class='ocr_carea' id='block_1_101' title="bbox 1817 4503 3474 4576">
    <p class='ocr_par' dir='ltr' id='par_1_101' title="bbox 1817 4503 3474 4576">
     <span class='ocr_line' id='line_1_101' title="bbox 1817 4503 3474 4576; baseline 0 -16"><span class='ocrx_word' id='word_1_744' title='bbox 1817 4507 1941 4575; x_wconf 87' lang='lat' dir='ltr'><strong>ejus</strong></span> <span class='ocrx_word' id='word_1_745' title='bbox 1971 4504 2196 4559; x_wconf 86' lang='lat' dir='ltr'><strong>ﬁerent.</strong></span> <span class='ocrx_word' id='word_1_746' title='bbox 2235 4503 2409 4559; x_wconf 87' lang='lat' dir='ltr'><strong>Filius</strong></span> <span class='ocrx_word' id='word_1_747' title='bbox 2450 4519 2694 4576; x_wconf 90' lang='lat' dir='ltr'><strong>quoque</strong></span> <span class='ocrx_word' id='word_1_748' title='bbox 2722 4503 3010 4560; x_wconf 86' lang='lat' dir='ltr'><strong>universis</strong></span> <span class='ocrx_word' id='word_1_749' title='bbox 3038 4521 3144 4576; x_wconf 88' lang='lat' dir='ltr'><strong>per</strong></span> <span class='ocrx_word' id='word_1_750' title='bbox 3167 4503 3474 4576; x_wconf 83' lang='lat' dir='ltr'><strong>apostolos</strong></span> 
     </span>
    </p>
   </div>
   <div class='ocr_carea' id='block_1_102' title="bbox 1815 4593 3476 4666">
    <p class='ocr_par' dir='ltr' id='par_1_102' title="bbox 1815 4593 3476 4666">
     <span class='ocr_line' id='line_1_102' title="bbox 1815 4593 3476 4666; baseline 0 -16"><span class='ocrx_word' id='word_1_751' title='bbox 1815 4593 1983 4650; x_wconf 89' lang='lat' dir='ltr'><strong>dedit</strong></span> <span class='ocrx_word' id='word_1_752' title='bbox 2027 4593 2434 4664; x_wconf 88' lang='lat' dir='ltr'><strong>Evangelium,</strong></span> <span class='ocrx_word' id='word_1_753' title='bbox 2468 4594 2689 4666; x_wconf 89' lang='lat' dir='ltr'><strong>Deique</strong></span> <span class='ocrx_word' id='word_1_754' title='bbox 2733 4593 3032 4660; x_wconf 89' lang='lat' dir='ltr'><strong>notitiam,</strong></span> <span class='ocrx_word' id='word_1_755' title='bbox 3083 4609 3217 4666; x_wconf 65' lang='lat' dir='ltr'><strong>quae</strong></span> <span class='ocrx_word' id='word_1_756' title='bbox 3236 4599 3325 4649; x_wconf 88' lang='lat' dir='ltr'><strong>est</strong></span> <span class='ocrx_word' id='word_1_757' title='bbox 3353 4593 3476 4650; x_wconf 82' lang='lat' dir='ltr'><strong>vita</strong></span> 
     </span>
    </p>
   </div>
   <div class='ocr_carea' id='block_1_103' title="bbox 1817 4682 3472 4755">
    <p class='ocr_par' dir='ltr' id='par_1_103' title="bbox 1817 4682 3472 4755">
     <span class='ocr_line' id='line_1_103' title="bbox 1817 4682 3472 4755; baseline -0.001 -15"><span class='ocrx_word' id='word_1_758' title='bbox 1817 4691 2057 4748; x_wconf 60' lang='lat' dir='ltr'><strong>alterna,</strong></span> <span class='ocrx_word' id='word_1_759' title='bbox 2086 4689 2289 4755; x_wconf 88' lang='lat' dir='ltr'><strong>utpote</strong></span> <span class='ocrx_word' id='word_1_760' title='bbox 2313 4682 2498 4739; x_wconf 87' lang='lat' dir='ltr'><strong>vitam</strong></span> <span class='ocrx_word' id='word_1_761' title='bbox 2519 4683 2850 4738; x_wconf 90' lang='lat' dir='ltr'><strong>concilians</strong></span> <span class='ocrx_word' id='word_1_762' title='bbox 2880 4688 3156 4738; x_wconf 72' lang='lat' dir='ltr'><strong>aeternam</strong></span> <span class='ocrx_word' id='word_1_763' title='bbox 3192 4699 3204 4739; x_wconf 92' lang='lat'><strong>:</strong></span> <span class='ocrx_word' id='word_1_764' title='bbox 3239 4683 3341 4755; x_wconf 90' lang='lat' dir='ltr'><strong>qui</strong></span> <span class='ocrx_word' id='word_1_765' title='bbox 3372 4699 3472 4738; x_wconf 72' lang='lat' dir='ltr'><strong>auo</strong></span> 
     </span>
    </p>
   </div>
   <div class='ocr_carea' id='block_1_104' title="bbox 1818 4770 3474 4844">
    <p class='ocr_par' dir='ltr' id='par_1_104' title="bbox 1818 4770 3474 4844">
     <span class='ocr_line' id='line_1_104' title="bbox 1818 4770 3474 4844; baseline -0.001 -16"><span class='ocrx_word' id='word_1_766' title='bbox 1818 4779 1934 4828; x_wconf 89' lang='lat' dir='ltr'><strong>tem</strong></span> <span class='ocrx_word' id='word_1_767' title='bbox 1955 4787 2069 4827; x_wconf 90' lang='lat' dir='ltr'><strong>non</strong></span> <span class='ocrx_word' id='word_1_768' title='bbox 2088 4777 2226 4828; x_wconf 89' lang='lat' dir='ltr'><strong>sunt</strong></span> <span class='ocrx_word' id='word_1_769' title='bbox 2246 4771 2518 4843; x_wconf 90' lang='lat' dir='ltr'><strong>subjecti,</strong></span> <span class='ocrx_word' id='word_1_770' title='bbox 2541 4787 2733 4844; x_wconf 91' lang='lat' dir='ltr'><strong>neque</strong></span> <span class='ocrx_word' id='word_1_771' title='bbox 2751 4771 2899 4827; x_wconf 89' lang='lat' dir='ltr'><strong>illud</strong></span> <span class='ocrx_word' id='word_1_772' title='bbox 2923 4779 3331 4844; x_wconf 87' lang='lat' dir='ltr'><strong>susceperunt,</strong></span> <span class='ocrx_word' id='word_1_773' title='bbox 3357 4770 3474 4844; x_wconf 83' lang='lat' dir='ltr'><strong>ipsi</strong></span> 
     </span>
    </p>
   </div>
   <div class='ocr_carea' id='block_1_105' title="bbox 1819 4861 3476 4934">
    <p class='ocr_par' dir='ltr' id='par_1_105' title="bbox 1819 4861 3476 4934">
     <span class='ocr_line' id='line_1_105' title="bbox 1819 4861 3476 4934; baseline 0.001 -18"><span class='ocrx_word' id='word_1_774' title='bbox 1819 4862 1932 4918; x_wconf 88' lang='lat' dir='ltr'><strong>sibi</strong></span> <span class='ocrx_word' id='word_1_775' title='bbox 1959 4861 2307 4934; x_wconf 89' lang='lat' dir='ltr'><strong>perditionis</strong></span> <span class='ocrx_word' id='word_1_776' title='bbox 2357 4877 2544 4917; x_wconf 86' lang='lat' dir='ltr'><strong>causa</strong></span> <span class='ocrx_word' id='word_1_777' title='bbox 2571 4866 2724 4927; x_wconf 90' lang='lat' dir='ltr'><strong>sunt,</strong></span> <span class='ocrx_word' id='word_1_778' title='bbox 2776 4861 3070 4918; x_wconf 86' lang='lat' dir='ltr'><strong>neminem</strong></span> <span class='ocrx_word' id='word_1_779' title='bbox 3098 4861 3257 4918; x_wconf 90' lang='lat' dir='ltr'><strong>enim</strong></span> <span class='ocrx_word' id='word_1_780' title='bbox 3296 4862 3476 4934; x_wconf 87' lang='lat' dir='ltr'><strong>cogit-</strong></span> 
     </span>
    </p>
   </div>
   <div class='ocr_carea' id='block_1_106' title="bbox 1817 4949 3002 5007">
    <p class='ocr_par' dir='ltr' id='par_1_106' title="bbox 1817 4949 3002 5007">
     <span class='ocr_line' id='line_1_106' title="bbox 1817 4949 3002 5007; baseline -0.001 -1"><span class='ocrx_word' id='word_1_781' title='bbox 1817 4951 2085 5007; x_wconf 90' lang='lat' dir='ltr'><strong>invitum.</strong></span> <span class='ocrx_word' id='word_1_782' title='bbox 2119 4953 2268 5007; x_wconf 88' lang='lat' dir='ltr'><strong>Nam</strong></span> <span class='ocrx_word' id='word_1_783' title='bbox 2310 4950 2493 5006; x_wconf 90' lang='lat' dir='ltr'><strong>virtus</strong></span> <span class='ocrx_word' id='word_1_784' title='bbox 2524 4949 2860 5006; x_wconf 87' lang='lat' dir='ltr'><strong>voluntaria</strong></span> <span class='ocrx_word' id='word_1_785' title='bbox 2898 4955 3002 5006; x_wconf 87' lang='lat' dir='ltr'><strong>est.</strong></span> 
     </span>
    </p>
   </div>
   <div class='ocr_carea' id='block_1_107' title="bbox 1892 5038 3476 5097">
    <p class='ocr_par' dir='ltr' id='par_1_107' title="bbox 1892 5038 3476 5097">
     <span class='ocr_line' id='line_1_107' title="bbox 1892 5038 3476 5097; baseline 0.002 -3"><span class='ocrx_word' id='word_1_786' title='bbox 1892 5041 2046 5096; x_wconf 86' lang='lat' dir='ltr'><strong>Vers.</strong></span> <span class='ocrx_word' id='word_1_787' title='bbox 2082 5043 2133 5096; x_wconf 87' lang='lat'><strong>3.</strong></span> <span class='ocrx_word' id='word_1_788' title='bbox 2156 5041 2300 5097; x_wconf 79' lang='lat' dir='ltr'><strong>Haec</strong></span> <span class='ocrx_word' id='word_1_789' title='bbox 2316 5071 2386 5080; x_wconf 95' lang='lat'><strong>—</strong></span> <span class='ocrx_word' id='word_1_790' title='bbox 2405 5038 2708 5096; x_wconf 79' lang='lat' dir='ltr'><strong>Christum</strong></span> <span class='ocrx_word' id='word_1_791' title='bbox 2743 5041 2829 5095; x_wconf 87' lang='lat' dir='ltr'><strong>-Et</strong></span> <span class='ocrx_word' id='word_1_792' title='bbox 2844 5054 2982 5095; x_wconf 91' lang='lat' dir='ltr'><strong>vere</strong></span> <span class='ocrx_word' id='word_1_793' title='bbox 2993 5039 3113 5096; x_wconf 89' lang='lat' dir='ltr'><strong>vita</strong></span> <span class='ocrx_word' id='word_1_794' title='bbox 3141 5043 3362 5097; x_wconf 80' lang='lat' dir='ltr'><strong>aeterna</strong></span> <span class='ocrx_word' id='word_1_795' title='bbox 3386 5043 3476 5097; x_wconf 89' lang='lat' dir='ltr'><strong>est</strong></span> 
     </span>
    </p>
   </div>
   <div class='ocr_carea' id='block_1_108' title="bbox 1811 5127 3474 5201">
    <p class='ocr_par' dir='ltr' id='par_1_108' title="bbox 1811 5127 3474 5201">
     <span class='ocr_line' id='line_1_108' title="bbox 1811 5127 3474 5201; baseline 0.001 -17"><span class='ocrx_word' id='word_1_796' title='bbox 1811 5129 1919 5186; x_wconf 82' lang='lat' dir='ltr'><strong>.Dei</strong></span> <span class='ocrx_word' id='word_1_797' title='bbox 1943 5130 2216 5201; x_wconf 77' lang='lat' dir='ltr'><strong>cognitio,</strong></span> <span class='ocrx_word' id='word_1_798' title='bbox 2242 5128 2358 5184; x_wconf 86' lang='lat' dir='ltr'><strong>ﬁde</strong></span> <span class='ocrx_word' id='word_1_799' title='bbox 2379 5145 2449 5185; x_wconf 89' lang='lat' dir='ltr'><strong>ac</strong></span> <span class='ocrx_word' id='word_1_800' title='bbox 2472 5127 2758 5200; x_wconf 83' lang='lat' dir='ltr'><strong>Operibus</strong></span> <span class='ocrx_word' id='word_1_801' title='bbox 2784 5128 3139 5200; x_wconf 89' lang='lat' dir='ltr'><strong>conjunctis.</strong></span> <span class='ocrx_word' id='word_1_802' title='bbox 3163 5131 3311 5186; x_wconf 90' lang='lat' dir='ltr'><strong>Nam</strong></span> <span class='ocrx_word' id='word_1_803' title='bbox 3329 5130 3474 5198; x_wconf 82' lang='lat' dir='ltr'><strong>ﬁdes</strong></span> 
     </span>
    </p>
   </div>
   <div class='ocr_carea' id='block_1_109' title="bbox 1877 5305 2913 5378">
    <p class='ocr_par' dir='ltr' id='par_1_109' title="bbox 1877 5305 2913 5378">
     <span class='ocr_line' id='line_1_109' title="bbox 1877 5305 2913 5378; baseline -0.001 -14"><span class='ocrx_word' id='word_1_804' title='bbox 1877 5308 1947 5364; x_wconf 81' lang='lat'><strong>3&#39;2</strong></span> <span class='ocrx_word' id='word_1_805' title='bbox 1969 5310 2138 5364; x_wconf 82' lang='lat' dir='ltr'><strong>Joan.</strong></span> <span class='ocrx_word' id='word_1_806' title='bbox 2167 5324 2290 5374; x_wconf 83' lang='lat' dir='ltr'><strong>xm,</strong></span> <span class='ocrx_word' id='word_1_807' title='bbox 2324 5311 2408 5373; x_wconf 89' lang='lat'><strong>33,</strong></span> <span class='ocrx_word' id='word_1_808' title='bbox 2554 5305 2718 5366; x_wconf 84' lang='lat' dir='ltr'><strong>Psal.</strong></span> <span class='ocrx_word' id='word_1_809' title='bbox 2771 5323 2829 5378; x_wconf 76' lang='grc' dir='ltr'><strong>ιι,</strong></span> <span class='ocrx_word' id='word_1_810' title='bbox 2859 5308 2913 5363; x_wconf 89' lang='grc'><strong>8.</strong></span> 
     </span>
    </p>
   </div>
   <div class='ocr_carea' id='block_1_110' title="bbox 1332 5484 2261 5554">
    <p class='ocr_par' dir='ltr' id='par_1_110' title="bbox 1332 5484 2261 5554">
     <span class='ocr_line' id='line_1_110' title="bbox 1332 5484 2261 5554; baseline 0.001 -4"><span class='ocrx_word' id='word_1_811' title='bbox 1332 5484 1556 5552; x_wconf 54' lang='lat' dir='ltr'><strong>Varia),</strong></span> <span class='ocrx_word' id='word_1_812' title='bbox 1589 5485 1915 5554; x_wconf 78' lang='lat' dir='ltr'><strong>lectiones</strong></span> <span class='ocrx_word' id='word_1_813' title='bbox 1949 5495 2013 5553; x_wconf 89' lang='lat' dir='ltr'><strong>et</strong></span> <span class='ocrx_word' id='word_1_814' title='bbox 2053 5494 2261 5552; x_wconf 66' lang='lat' dir='ltr'><strong>notae.</strong></span> 
     </span>
    </p>
   </div>
   <div class='ocr_carea' id='block_1_111' title="bbox 323 5674 907 5736">
    <p class='ocr_par' dir='ltr' id='par_1_111' title="bbox 323 5674 907 5736">
     <span class='ocr_line' id='line_1_111' title="bbox 323 5674 907 5736; baseline 0.009 -6"><span class='ocrx_word' id='word_1_815' title='bbox 323 5674 560 5732; x_wconf 78' lang='lat' dir='ltr'><strong>Inclusa</strong></span> <span class='ocrx_word' id='word_1_816' title='bbox 589 5675 812 5732; x_wconf 83' lang='lat' dir='ltr'><strong>omittit</strong></span> <span class='ocrx_word' id='word_1_817' title='bbox 839 5680 907 5736; x_wconf 80' lang='grc' dir='ltr'><strong>Α.</strong></span> 
     </span>
    </p>
   </div>
   <div class='ocr_carea' id='block_1_112' title="bbox 201 5676 899 5819">
    <p class='ocr_par' dir='ltr' id='par_1_112' title="bbox 201 5676 899 5819">
     <span class='ocr_line' id='line_1_112' title="bbox 201 5676 899 5735; baseline 0.006 -5"><span class='ocrx_word' id='word_1_818' title='bbox 201 5678 269 5731; x_wconf 74' lang='grc'><strong>74</strong></span> <span class='ocrx_word' id='word_1_819' title='bbox 323 5676 560 5732; x_wconf 81' lang='lat' dir='ltr'><strong>Inclusa</strong></span> <span class='ocrx_word' id='word_1_820' title='bbox 589 5676 812 5732; x_wconf 83' lang='lat' dir='ltr'><strong>omittit</strong></span> <span class='ocrx_word' id='word_1_821' title='bbox 839 5680 899 5735; x_wconf 79' lang='grc' dir='ltr'><strong>Α.</strong></span> 
     </span>
     <span class='ocr_line' id='line_1_113' title="bbox 202 5676 899 5819; baseline 0.004 -18"><span class='ocrx_word' id='word_1_822' title='bbox 202 5676 295 5819; x_wconf 63' lang='grc' dir='ltr'><strong>7δῖ</strong></span> <span class='ocrx_word' id='word_1_823' title='bbox 333 5746 568 5806; x_wconf 87' lang='lat' dir='ltr'><strong>Inclusa</strong></span> <span class='ocrx_word' id='word_1_824' title='bbox 592 5747 809 5806; x_wconf 87' lang='lat' dir='ltr'><strong>absunt</strong></span> <span class='ocrx_word' id='word_1_825' title='bbox 833 5750 899 5804; x_wconf 83' lang='grc' dir='ltr'><strong>Α.</strong></span> 
     </span>
    </p>
   </div>
   <div class='ocr_carea' id='block_1_113' title="bbox 202 5751 268 5803">
    <p class='ocr_par' dir='ltr' id='par_1_113' title="bbox 202 5751 268 5803">
     <span class='ocr_line' id='line_1_114' title="bbox 202 5751 268 5803; baseline 0.03 -2"><span class='ocrx_word' id='word_1_826' title='bbox 202 5751 268 5803; x_wconf 82' lang='lat'><strong>75</strong></span> 
     </span>
    </p>
   </div>
   <div class='ocr_carea' id='block_1_114' title="bbox 1908 5680 2635 5752">
    <p class='ocr_par' dir='ltr' id='par_1_114' title="bbox 1908 5680 2635 5752">
     <span class='ocr_line' id='line_1_115' title="bbox 1908 5680 2635 5752; baseline 0.003 -16"><span class='ocrx_word' id='word_1_827' title='bbox 1908 5683 2000 5752; x_wconf 83' lang='grc'><strong>76)</strong></span> <span class='ocrx_word' id='word_1_828' title='bbox 2032 5680 2269 5737; x_wconf 81' lang='lat' dir='ltr'><strong>Inclusa</strong></span> <span class='ocrx_word' id='word_1_829' title='bbox 2313 5680 2535 5737; x_wconf 86' lang='lat' dir='ltr'><strong>desunt</strong></span> <span class='ocrx_word' id='word_1_830' title='bbox 2571 5687 2635 5738; x_wconf 78' lang='grc' dir='ltr'><strong>Α.</strong></span> 
     </span>
    </p>
   </div>
   <div class='ocr_carea' id='block_1_115' title="bbox 1883 5683 2575 5824">
    <p class='ocr_par' dir='ltr' id='par_1_115' title="bbox 1883 5683 2575 5824">
     <span class='ocr_line' id='line_1_116' title="bbox 1908 5683 2575 5752; baseline 0.001 -16"><span class='ocrx_word' id='word_1_831' title='bbox 1908 5683 2000 5752; x_wconf 83' lang='grc'><strong>76)</strong></span> <span class='ocrx_word' id='word_1_832' title='bbox 2032 5683 2269 5737; x_wconf 81' lang='lat' dir='ltr'><strong>Inclusa</strong></span> <span class='ocrx_word' id='word_1_833' title='bbox 2313 5683 2535 5737; x_wconf 86' lang='lat' dir='ltr'><strong>desunt</strong></span> <span class='ocrx_word' id='word_1_834' title='bbox 2571 5715 2575 5737; x_wconf 55' lang='grc' dir='ltr'><em>λ</em></span> 
     </span>
     <span class='ocr_line' id='line_1_117' title="bbox 1883 5683 2575 5824; baseline 0.001 -17"><span class='ocrx_word' id='word_1_835' title='bbox 1883 5683 1996 5824; x_wconf 49' lang='grc' dir='ltr'><strong>ξ’Π)</strong></span> <span class='ocrx_word' id='word_1_836' title='bbox 2024 5751 2258 5809; x_wconf 76' lang='lat' dir='ltr'><strong>Inclusa</strong></span> <span class='ocrx_word' id='word_1_837' title='bbox 2277 5753 2496 5810; x_wconf 70' lang='lat' dir='ltr'><strong>omittit</strong></span> <span class='ocrx_word' id='word_1_838' title='bbox 2513 5755 2575 5808; x_wconf 68' lang='grc' dir='ltr'><strong>Δ.</strong></span> 
     </span>
    </p>
   </div>
  </div>
