4076 6456
133 373 291 431 1137

1156 372 1532 433 COMMENT.
1573 373 1644 428 IN
1681 371 2042 434 JO‘ANNEM.
2081 401 2148 417 ά-
2181 376 2342 433 CAP.
2386 377 2550 432 XVII.

3376 371 3517 430 1438

122 505 323 556 πίπτει
377 501 461 556 ἐπὶ
501 505 804 576 πρόσωπον,
855 502 1144 576 νομοθετῶν
1170 505 1483 554 ταπείνωσιν
1513 504 1603 552 καὶ
1631 519 1748 552 συν-

1866 503 2034 557 tuens
2058 500 2453 574 dejectionem
2482 519 2553 560 ac
2583 502 2778 560 cordis
2807 501 3222 558 contritionem
3247 503 3516 574 tempore

135 595 336 670 τριϐὴν
365 593 590 665 καρδιας
619 595 668 648 ὶν
707 603 820 666 ταῖς
851 597 1059 667 εὐχαῖς.
1100 594 1259 648 Ἦλθε
1282 597 1384 666 γὰρ
1423 593 1529 665 οὐχ
1569 593 1751 645 ἑαυτὸν

132 683 322 747 δεῖξαι
364 691 536 757 μόνον,
594 684 722 736 ἀλλὰ
761 691 850 737 καὶ
882 684 1067 759 ἀρετὴν
1099 683 1452 758 παραδοῦναι,
1482 687 1553 754 μὴ
1597 688 1751 754 μόνον

133 772 243 828 διὰ
272 775 535 849 ῥημάτων,
564 773 692 826 ἀλλὰ
729 779 816 828 καὶ
869 771 962 828 διὰ
990 775 1326 846 πραγμάτων.
1350 779 1514 824 Τοῦτο
1536 773 1638 844 γὰρ
1672 767 1751 823 δι-

136 859 422 915 δασκάλου
463 862 704 925 ἀληθοῦς.

228 957 330 1005 Καὶ
368 983 416 992 -
470 952 626 1026 ὧρα.]
654 952 711 1005 Ἦ
739 958 830 1005 τοῦ
861 954 1076 1017 πάθους,
1107 954 1136 1010 ἡ
1170 959 1263 1004 τοῦ
1295 953 1516 1003 θανάτου
1547 954 1664 1023 περὶ
1690 951 1753 1010 ἧς

140 1040 337 1112 ἔλεγεν,
391 1043 470 1095 ὅτι
523 1042 581 1094 ’0
633 1045 810 1116 καιρός
851 1041 1021 1114 sepe;
1049 1045 1192 1094 οὔπω
1217 1043 1466 1115 πάρεστιν
1496 1057 1508 1070 ·
1547 1039 1597 1112 [ὁ
1634 1038 1750 1112 (74)

143 1135 354 1202 καιρός,
385 1129 439 1182 ὃν
468 1131 494 1182 ὁ
525 1130 833 1206 προσλαϐὼν
880 1135 1006 1192 Θεὸς
1038 1132 1198 1204 ὥρισε
1243 1138 1316 1200 τῷ
1372 1128 1751 1204 προσληφθέντι

140 1218 456 1293 ἀνθρώπῳ]

221 1308 448 1370 Δόξασὸν
486 1328 582 1361 σου
611 1312 696 1361 τόν
732 1311 871 1363 Υἰόν.
903 1316 1024 1370 Τοῖς
1071 1310 1197 1383 ὑπὲρ
1236 1315 1328 1360 τοῦ
1367 1312 1567 1380 κόσμου
1598 1309 1749 1360 πάθε-

141 1415 224 1448 σι.
251 1397 384 1460 Δόξα
425 1401 523 1472 γὰρ
554 1397 666 1471 ἐμοὶ
695 1408 766 1470 τῷ
796 1403 1029 1471 Δεσπότη
1085 1401 1315 1470 πάσχειν
1347 1399 1474 1472 ὑπὲρ
1506 1405 1604 1449 τῶν
1627 1393 1660 1448 δ
1665 1399 1750 1448 ού-

133 1484 246 1536 λων
278 1506 399 1559 μου9
451 1493 540 1540 καὶ
569 1493 837 1561 γνωρίζειν
877 1487 1100 1540 ἐντευθεν
1154 1495 1263 1548 τοῖς
1303 1489 1609 1560 ἀνθρώποις,
1637 1486 1748 1537 οἵαν

133 1577 259 1646 ἔχω
291 1575 700 1650 φιλανθρωπίαν,
751 1579 884 1630 ὥστε
913 1573 1274 1650 προσδραμεῖν
1311 1578 1481 1629 πάντα
1512 1578 1578 1628 τὰ
1606 1577 1746 1636 ἔθνη,

917 1665 1080 1738 [Φησὶ
1129 1667 1241 1737 (75)
1295 1669 1396 1739 γὰρ
1461 1667 1485 1716 ὁ
1550 1664 1750 1726 Παῦλος

133 1756 226 1806 ὅτι
270 1755 451 1817 Οὕτως
498 1757 770 1827 ἠγάπησεν
827 1758 989 1828 ἡμᾶς,
1019 1758 1154 1808 ὥστε
1206 1752 1538 1830 παραδοῦναι
1569 1755 1748 1808 ἑαυτόν

129 1669 236 1715 καὶ
298 1669 489 1735 γνῶναί
565 1683 628 1739 με
686 1675 840 1722 Θιον.

135 1845 275 1916 ὑπὲρ
315 1844 478 1916 ἡμῶν.

216 1931 307 1996 Ἢ,
369 1933 594 1996 Δόξασόν
655 1954 736 2006 με,
788 1942 1144 2008 τερατουργῶν
1202 1932 1250 1984 ἐν
1313 1941 1384 2002 τῷ
1436 1941 1602 2006 καιρῷ
1653 1939 1744 1984 τοῦ

138 2030 384 2096 σταυροῦ
431 2025 497 2075 τὰ
555 2023 745 2097 φοϐερὰ
814 2028 903 2076 καὶ
950 2023 1159 2086 ἐξαίσια
1220 2029 1431 2093 σημεῖα,
1498 2026 1588 2073 καὶ
1643 2018 1750 2074 δει-

133 2114 312 2162 κνύων
370 2113 425 2162 ἐκ
453 2115 649 2164 τούτων
681 2114 760 2164 ὅτι
786 2116 1006 2182 γνήσιος
1030 2114 1150 2171 Υἱός
1196 2130 1290 2162 σου
1335 2111 1462 2182 εἰμί.
1490 2117 1668 2163 Ταῦτα
1689 2107 1748 2162 δὲ

135 2205 349 2274 εἰρηται
377 2206 466 2252 καὶ
511 2203 631 2254 ἔνθα
667 2208 836 2253 κεῖται
875 2220 930 2253 το
975 2219 986 2233 ·
1018 2207 1124 2253 Νῦν
1150 2197 1412 2262 ἐδοξάσθη
1455 2201 1480 2252 ὁ
1508 2203 1628 2261 Υἱὸς
1655 2207 1746 2252 τοῦ

137 2289 463 2362 arrepant-om]

214 2378 326 2432 Ἵνα
366 2410 432 2420 -
478 2398 553 2433 σε.
606 2382 700 2432 Διὰ
754 2387 844 2438 τῆς
882 2379 1066 2432 ἑαυτοῦ
1099 2376 1254 2441 δόξης
1286 2396 1298 2408 ⁸
1334 2387 1431 2431 τῶν
1457 2381 1557 2451 γὰρ
1591 2377 1745 2431 ἐθνῶν

134 2473 494 2520 πιστευόντων
539 2469 607 2529 εἰς
664 2471 767 2541 ἐμὲ,
801 2473 890 2520 καὶ
945 2472 1010 2520 σύ
1065 2465 1400 2542 δοξασθήση.
1457 2474 1555 2522 Καὶ
1577 2468 1643 2529 εἰς
1689 2472 1745 2521 σε

133 2561 247 2632 γὰρ
301 2560 672 2622 πιστεύσουσι,
717 2563 807 2610 καὶ
866 2555 1159 2620 δοξάσουσί
1211 2577 1286 2622 σε,
1351 2560 1416 2618 ὡς
1468 2566 1560 2610 τοῦ
1606 2554 1745 2610 ἰδίου

139 2666 244 2699 σου
290 2649 414 2699 Υὶοῦ
461 2651 533 2719 μὴ
604 2651 907 2720 φεισάμενον
967 2649 1096 2720 ὑπὲρ
1167 2647 1356 2715 αὐτῶν,
1415 2652 1504 2698 καὶ
1563 2649 1592 2704 ὴ
1647 2647 1743 2718 ἐμὴ

140 2733 282 2798 δόξα
325 2738 474 2788 ἔσται
525 2741 614 2787 καὶ
674 2740 762 2794 σή.
800 2735 1000 2809 [Ζητῶν
1033 2737 1146 2808 (76)
1186 2733 1294 2802 οὖν,
1336 2740 1403 2796 ὡς
1430 2732 1746 2801 δεδήλωται,

139 2822 494 2891 δοξασθῆναι,
544 2821 810 2879 δείκνυσιν
857 2827 937 2878 ὅτι
977 2825 1059 2878 ἐπὶ
1101 2830 1186 2877 τὸν
1225 2829 1448 2899 σταυρόν
1497 2824 1748 2886 ἑκουσίως

136 2918 380 2987 ἔρχεται.
435 2910 562 2966 Εἶτα
591 2913 728 2986 λέγει
757 2919 844 2966 καὶ
871 2919 964 2973 τὴν
997 2915 1166 2967 αἰτίαν
1193 2911 1265 2966 δι’
1299 2915 1358 2972 ἣν
1385 2915 1530 2975 ζητεί
1556 2911 1748 2977 δοξασ-

139 3005 349 3072 θῆναμ]

218 3094 402 3153 Καθὼς
429 3123 492 3130 —
528 3097 738 3164 σαρκός.
788 3123 850 3130 -
906 3093 1108 3157 Καθὼς,
1143 3089 1255 3142 ἀντὶ
1286 3100 1376 3142 τοῦ
1399 3096 1558 3143 Διότι.
1585 3095 1748 3148 Φησὶν

134 3180 232 3233 οὖν
268 3200 279 3212 ·
310 3181 536 3242 Δόξασόν
593 3199 685 3231 σου
737 3183 822 3232 τὸν
855 3182 996 3246 rae»,
1033 3176 1174 3232 διότι
1199 3175 1402 3240 ἔδωκας
1427 3179 1566 3249 αὐτῷ
1603 3178 1747 3241 ἐξου-

139 3275 266 3322 σίαν
298 3272 498 3320 πάντων
533 3277 632 3320 τῶν
664 3268 839 3334 ἐθνῶν,
869 3271 1004 3321 ὥστε
1031 3265 1356 3330 δοξάζεσθαι
1387 3269 1509 3340 παρ’
1556 3267 1743 3320 αὐτῶν.

135 3365 437 3433 Γέγραπται
467 3361 565 3432 γάρ
602 3378 614 3390 ·
649 3363 747 3410 Καὶ
777 3355 936 3410 δώσω
997 3364 1079 3411 σοὶ
1109 3361 1226 3417 ἔθνη
1285 3363 1378 3416 τὴν
1403 3359 1746 3432 κληρονομίαν

137 3468 240 3502 σου
287 3453 377 3500 καὶ
432 3454 525 3506 τὴν
576 3449 906 3518 κατάσχεσίν
969 3468 1062 3500 σου
1111 3451 1177 3500 τὰ
1232 3453 1432 3520 πέρατα
1477 3456 1572 3508 τῆς
1624 3455 1742 3518 γῆς.

138 3538 396 3613 [Δοξασόν
451 3557 546 3589 σου
577 3541 662 3588 τόν
713 3539 850 3600 Υἰόν,
905 3534 1046 3589 διότι
1074 3535 1370 3598 εὐδόκησας
1394 3540 1747 3612 γνωρισθῆναι

137 3629 300 3681 αὐτόν
339 3632 428 3679 καὶ
493 3623 820 3689 δοξασθῆναι
858 3629 1002 3700 πάσῃ
1055 3635 1116 3696 τῇ
1178 3627 1475 3699 οἰκουμένῇ.
1533 3629 1635 3681 Καὶ
1689 3630 1746 3678 τό

138 3719 317 3778 ζητεῖν
361 3713 420 3768 δε
467 3713 814 3783 δοξασθῆναι,
867 3720 1043 3768 καὶτὸ
1085 3716 1224 3786 λέγεν
1256 3718 1335 3768 ὅτι
1364 3713 1624 3781 Ἕδωκας,
1658 3720 1747 3768 καὶ

139 3808 210 3857 τὰ
241 3813 482 3871 τοιαῦτα,
541 3804 1014 3876 συγκαταϐατικῶς
1050 3805 1182 3875 λέγει
1241 3810 1328 3858 καὶ
1386 3805 1742 3876 οἰκονομικῶς,

142 3897 214 3955 ὡς
265 3890 525 3968 διαφόρως
604 3891 1126 3967 προδιεστειλάμεθα,
1187 3895 1215 3954 ἦ
1277 3899 1366 3946 καὶ
1426 3897 1495 3955 ὼς
1549 3896 1744 3968 ἅνθρω·

141 3983 279 4052 πος.]

213 4069 414 4124 Ἰνασ-
451 4071 671 4122 αἰώνιον.
732 4069 895 4123 Ὀσον
947 4075 1006 4125 τό
1067 4071 1144 4125 ἐπ’
1202 4073 1362 4144 αὐτῷ.
1421 4074 1477 4126 Εἰ
1534 4070 1594 4126 δέ
1618 4093 1746 4134 τινες

138 4163 260 4214 οὔτε
280 4159 614 4225 ἐπιστευσαν,
647 4164 762 4212 οὔτε
785 4160 965 4214 ἔλαϐον
993 4163 1130 4222 ζωὴν
1162 4163 1388 4228 αἰώνιον,
1430 4172 1528 4214 τῶν
1575 4166 1746 4215 τοιού-

137 4269 240 4301 των
279 4247 392 4301 ἐστὶ
417 4253 474 4302 τὸ
504 4250 761 4322 ἔγκλημα.
793 4249 852 4303 Ὀ
877 4255 967 4323 μὲν
992 4253 1093 4324 γαρ
1117 4258 1308 4324 Πατὴρ
1338 4248 1620 4309 εὐδόκησεν
1663 4254 1744 4303 ἵνα

136 4340 342 4391 πάντων
370 4340 394 4390 ό
422 4341 544 4400 Υἱός
569 4338 856 4413 ἔξουσιάση
901 4337 994 4393 διὰ
1038 4350 1135 4403 τῆς
1163 4347 1406 4406 πίστεως,
1439 4346 1528 4393 καὶ
1558 4345 1744 4402 πάντες

136 4430 240 4479 ὑπὸ
275 4431 359 4479 τόν
395 4431 551 4500 ζυγὸν
603 4438 703 4481 τῶν
762 4429 972 4482 ἐντολῶν
1019 4430 1180 4482 αὐτοῦ
1234 4434 1483 4502 γένωνται
1536 4447 1547 4458 ·
1599 4431 1741 4482 καὶὸ

137 4520 261 4577 Υἱὸς
307 4514 367 4570 δὲ
421 4525 555 4570 πᾶσι
605 4515 697 4570 διὰ
745 4528 845 4570 τῶν
901 4518 1201 4571 ἀποστόλων
1255 4515 1454 4571 δέδωκε
1483 4523 1540 4570 τό
1567 4519 1741 4591 Εὐαγ-
1772 4558 1818 4613 D

137 4606 328 4677 γέλιον,
385 4611 478 4664 τὴν
533 4609 868 4678 θεογνωσίαν,
921 4611 1032 4667 ἣτις
1076 4609 1192 4660 ἐστὶ
1253 4612 1358 4670 ζωὴ
1418 4608 1741 4670 αἰώνιος.ὡς

140 4695 384 4768 πρόξενος
415 4697 552 4757 ζωῆς
581 4696 847 4769 αἰωνίου.[
886 4699 953 4748 Οἱ
997 4693 1056 4749 δὲ
1106 4699 1222 4767 ('77)
1262 4703 1333 4769 μὴ
1381 4703 1736 4769 υποταγέντες,

141 4781 259 4858 μηδ
262 4789 283 4838 '1
342 4783 780 4859 παραδεξάμενοι,

144 4878 305 4927 αἴτιοι
337 4893 348 4905 ·
383 4872 572 4927 οὐδένα
598 4876 700 4947 γὰρ
732 4874 926 4926 ἄκοντα
962 4877 1366 4948 καταναγκάζει.
1399 4877 1582 4950 Αἰρετὴ
1637 4881 1738 4952 γὰρ

144 4961 425 5038 war]-
768 5039 770 5042 ,
999 5031 1005 5042 ,
1212 5009 1218 5017 .
1329 5039 1331 5041 ,
1540 5031 1549 5042 .

218 5049 356 5108 Αὒτη
415 5083 484 5092 -
513 5056 761 5126 Χριστόν.
816 5058 915 5106 Καὶ
973 5058 1128 5116 ὅντως
1186 5055 1386 5115 αἰώνιος
1415 5055 1522 5116 ζωὴ
1558 5057 1587 5114 ἡ
1626 5058 1737 5109 θεο-

143 5143 364 5208 γνωσία,
395 5147 457 5211 τῇ
497 5145 673 5194 πίστει
725 5147 813 5195 καὶ
857 5152 958 5195 τῶν
987 5145 1150 5216 ἔργων
1181 5140 1426 5203 δηλονότι
1458 5146 1738 5218 συνεζευγ-

867 4785 1014 4838 αὐτοὶ
1070 4795 1162 4848 τῆς
1239 4787 1432 4840 ἑαυτῶν
1484 4787 1742 4852 ἀπωλείας

212 5319 259 5353 ²⁹
297 5318 463 5374 Joan.
498 5333 596 5384 vn,
627 5321 680 5374 6.
817 5325 875 5378 3t
915 5321 1106 5378 Galat.
1150 5339 1206 5388 ιι,
1236 5326 1306 5379 20
1340 5341 1352 5391 ;
1389 5324 1600 5410 Ephes.
1634 5341 1688 5392 ν,
1724 5328 1778 5380 2.

1860 592 2168 646 orationis.
2223 594 2394 650 Venit
2442 593 2602 648 enim
2651 608 2773 648 non
2824 596 3078 656 tantum,
3127 596 3192 647 ut
3247 591 3515 662 seipsum

1860 681 2212 747 ostenderet,
2243 682 2344 736 sed
2365 687 2420 737 et
2441 683 2713 738 virtutem
2742 681 3013 747 traderet,
3045 697 3164 736 non
3195 681 3390 735 verbis
3425 697 3516 736 so-

1858 769 2005 836 lum,
2039 770 2143 826 sed
2191 777 2246 828 et
2273 772 2580 843 operibus.
2613 772 2762 827 Nam
2810 771 2924 826 hoc
2979 770 3100 826 veri
3132 770 3513 843 praeceptoris

1861 865 1964 915 est.

1930 949 2090 1003 Vers.
2120 955 2162 1004 I.
2189 951 2261 1005 Et
2287 981 2354 990 —
2375 949 2874 1014 hora.Passionis,
2905 948 3256 1018 autmortis,
3288 948 3362 1003 de
3392 964 3516 1020 qua

1859 1036 2088 1093 dixerat
2121 1055 2133 1092 :
2167 1041 2403 1109 Tempus
2434 1055 2622 1096 meum
2647 1039 2909 1095 nondum
2932 1038 3086 1095 adest
3117 1040 3165 1074 ³ο
3193 1057 3211 1109 ;
3257 1043 3512 1109 tempus,

1858 1127 2022 1198 quod
2045 1130 2198 1184 Deus
2225 1129 2328 1200 qui
2357 1128 2927 1202 assumpsithomini
2967 1132 3278 1201 assumpto
3308 1127 3515 1184 deﬁni-

1857 1215 1959 1273 vit.

1929 1306 2090 1362 Vers.
2109 1308 2159 1361 1.
2177 1307 2465 1376 ϐιονιβσα
2477 1307 2692 1364 Filium
2711 1307 3514 1379 tuum.Afﬂictionibus,quas

1859 1411 1967 1468 pro
1989 1399 2214 1452 mundo
2237 1398 2546 1470 perpetiar.
2573 1401 2710 1454 Nam
2738 1398 2902 1463 mihi,
2924 1399 3025 1470 qui
3052 1397 3337 1453 Dominus
3355 1413 3512 1461 sum,

1859 1485 2046 1554 gloria
2072 1491 2160 1541 est
2189 1488 2307 1558 pati
2340 1503 2448 1559 pro
2474 1488 2675 1553 servis,
2711 1492 2772 1543 ut
2793 1487 2934 1542 hinc
2971 1485 3314 1543 hominibus
3344 1486 3511 1542 inno-

1859 1579 2062 1644 tescat,
2089 1592 2210 1648 quo
2229 1575 2476 1633 affectus
2497 1577 2608 1633 sim
2632 1576 2946 1632 hominum
2973 1592 3196 1646 amore,
3226 1581 3287 1631 ut
3309 1592 3513 1631 accur-

1858 1671 1991 1720 rant
2020 1681 2230 1721 omnes
2265 1672 2492 1736 gentes,
2521 1673 2578 1722 et
2610 1682 2702 1722 me
2734 1668 2923 1722 Deum
2954 1682 3087 1721 esse
3119 1669 3505 1734 cognoscant.

1856 1753 1947 1809 Ait
1973 1755 2130 1810 enim
2159 1756 2372 1812 Paulus
2403 1757 2446 1791 3‘
2480 1756 2642 1827 quod
2670 1756 2751 1811 sic
2777 1755 2980 1811 dilexit
3003 1770 3132 1819 nos,
3171 1759 3232 1809 ut
3256 1754 3517 1810 traderet

1786 1855 1827 1909 Β
1859 1843 2122 1914 seipsum
2155 1860 2263 1915 pro
2290 1844 2483 1900 nobis.

1930 1931 2054 2003 Vel,
2078 1934 2349 2006 Glori/ica
2363 1950 2472 2002 me,
2499 1934 2683 1990 edens
2703 1939 2970 2005 tempore
2989 1933 3290 2006 passionis
3313 1931 3513 2004 prodi-

1855 2022 1973 2092 gia,
2008 2039 2078 2078 ac
2107 2023 2387 2080 terribilia
2413 2023 2892 2095 admirandaque
2930 2023 3102 2092 signa
3137 2044 3150 2078 :
3193 2027 3247 2078 et
3297 2038 3369 2078 ex
3417 2021 3512 2077 his

1854 2113 2196 2178 ostendens,
2212 2113 2378 2185 quod
2391 2113 2672 2169 naturalis
2690 2113 2805 2168 sim
2825 2113 3007 2168 Filius
3035 2119 3193 2168 tuus.
3217 2114 3348 2167 Haec
3365 2126 3514 2183 quo-

1853 2216 1971 2271 que
2001 2199 2160 2256 dicta
2190 2205 2341 2270 sunt,
2377 2202 2478 2258 ubi
2506 2202 2782 2268 habetur,
2813 2203 2992 2259 Nunc
3027 2201 3396 2274 gloriﬁcatus
3429 2205 3513 2256 est

1852 2289 2044 2345 Filius
2079 2290 2328 2346 hominis
2362 2294 2429 2345 ³³.

1924 2378 2084 2434 Vers.
2116 2385 2162 2436 l.
2193 2379 2263 2438 Ut
2282 2411 2350 2420 ——
2372 2387 2446 2437 te.
2466 2381 2574 2436 Per
2595 2396 2768 2436 suam
2799 2379 3051 2450 gloriam
3075 2398 3088 2438 :
3115 2394 3252 2435 nam
3271 2377 3513 2434 creden-

1855 2467 2012 2523 tibus
2030 2468 2089 2524 in
2107 2484 2201 2524 me
2223 2469 2520 2539 gentibus,
2539 2475 2596 2525 et
2622 2475 2683 2524 tu
2709 2468 3160 2541 gloriﬁcaberis.
3198 2465 3510 2540 Siqiudem

1854 2557 2092 2612 credent
2123 2558 2182 2612 in
2210 2563 2263 2614 te
2294 2563 2350 2614 et
2379 2557 2789 2629 gloriﬁcabunt
2828 2563 2904 2623 te,
2938 2558 3042 2630 qui
3081 2555 3318 2629 proprio
3371 2554 3510 2610 Filio

1854 2650 1957 2701 tuo
1989 2661 2096 2716 pro
2127 2647 2212 2701 eis
2239 2662 2359 2702 non
2391 2649 2728 2720 peperceris
2785 2666 2797 2703 :
2856 2661 3111 2718 meaque
3165 2643 3357 2717 gloria
3403 2642 3511 2700 erit

1855 2739 1908 2788 et
1931 2739 2049 2790 tua.
2082 2737 2358 2800 Quaerens
2378 2752 2539 2805 ergo,
2570 2741 2631 2792 ut
2659 2737 3136 2792 demonstratum
3164 2740 3272 2803 est,
3294 2731 3507 2802 gloriﬁ.

1854 2824 1992 2890 cari,
2009 2824 2268 2880 ostendit
2283 2825 2447 2897 quod
2469 2824 2546 2882 ad
2565 2841 2799 2880 crucem
2820 2829 3026 2897 sponte
3046 2823 3264 2880 veniat.
3291 2821 3511 2877 Deinde

1854 2913 2033 2970 etiam
2050 2930 2296 2970 causam
2317 2914 2725 2988 dicit,propter
2739 2930 2921 2986 quam
2938 2913 3253 2985 gloriﬁcari
3266 2914 3511 2985 quaerat.

1929 3095 2093 3149 Vers.
2144 3095 2392 3149 Sicut—
2439 3095 2662 3150 carnis.
2714 3125 2784 3136 --
2821 3095 3010 3159 Sicut,
3061 3110 3170 3166 pro
3219 3093 3391 3159 Quia.
3424 3092 3514 3150 Ait

1786 3203 1827 3261 ο
1858 3197 2026 3250 ergo:
2049 3183 2352 3251 Gloriﬁcat
2369 3183 2593 3238 Filium
2612 3189 2799 3253 tuum,
2819 3185 2954 3255 quia
2970 3184 3178 3238 dedisti
3193 3184 3240 3236 ei
3255 3187 3512 3254 potesta-

1860 3279 1972 3326 tem
2011 3270 2282 3325 omnium
2316 3271 2607 3340 gentium,
2641 3277 2703 3327 ut
2729 3271 2806 3326 ab
2837 3272 2919 3327 eis
2959 3271 3332 3341 gloriﬁcetur.
3364 3271 3514 3327 Scri-

1858 3366 2022 3430 ptum
2040 3363 2131 3414 est
2149 3359 2306 3414 enim
2329 3376 2341 3415 :
2367 3361 2520 3416 dabo
2533 3360 2637 3422 tibi
2667 3367 2868 3430 gentes
2903 3360 3302 3416 hcereditatem
3319 3365 3509 3426 tuam,

1854 3454 1908 3506 et
1933 3451 2344 3517 possessionem
2367 3457 2528 3506 tuam
2554 3449 2827 3506 terminos
2847 3456 3020 3506 terrae
3037 3450 3104 3503 ³³.
3135 3479 3201 3490 --
3222 3448 3511 3518 Gloriﬁca

1855 3538 2076 3594 Filium
2096 3544 2280 3605 tuum,
2301 3539 2444 3611 quia
2457 3539 2884 3611 complacitum
2903 3545 2988 3594 est
3006 3538 3130 3605 tibi,
3146 3543 3353 3593 notum
3372 3553 3510 3594 eum

1855 3626 1976 3683 ﬁeri
1999 3644 2068 3682 ac
2094 3627 2407 3697 gloriﬁcari
2451 3629 2733 3684 universo
2781 3627 2932 3684 orbi.
2987 3629 3260 3693 Quaerere
3309 3631 3507 3682 autem

1855 3716 2174 3787 gloriﬁcari
2194 3734 2263 3773 ac
2279 3718 2475 3774 dicere
2493 3718 2786 3774 Dedistiet
2807 3716 3040 3783 similia,
3061 3716 3427 3773 demittenda
3448 3731 3512 3772 se

1854 3806 1996 3863 dicit
2025 3823 2096 3864 ac
2126 3808 2577 3880 dispensatorie,
2626 3807 2795 3864 sicuti
2843 3808 3023 3864 variis
3078 3807 3138 3862 in
3186 3805 3332 3862 locis
3392 3803 3512 3860 dis-

1855 3899 2218 3972 putavimus.
2252 3903 2362 3955 Aut
2391 3899 2569 3956 etiam
2618 3905 2908 3972 tanquam
2939 3899 3124 3956 homo
3163 3898 3262 3954 ait.

1923 4079 2084 4134 Vers.
2115 4081 2261 4134 2.—.
2298 4080 2367 4136 Ut
2393 4086 2696 4136 aeternam.
2732 4080 3030 4144 Quantum
3060 4078 3120 4133 in
3150 4093 3210 4133 se
3229 4081 3335 4132 est.
3361 4080 3510 4133 Nam

1850 4167 2237 4239 licetquidam
2255 4183 2376 4222 non
2404 4167 2782 4233 crediderint,
2805 4183 2993 4238 neque
3025 4167 3206 4222 vitam
3231 4171 3508 4221 aeternam

1853 4256 2276 4328 acceperint,id
2289 4262 2488 4311 tamen
2501 4256 2738 4310 illorum
2756 4255 2934 4326 culpa
2951 4259 3042 4310 est
3058 4271 3069 4310 :
3090 4254 3389 4327 siquidem
3411 4257 3510 4310 Pa-

1855 4345 1919 4400 tri
1941 4344 2361 4414 complacitum
2389 4350 2476 4398 est
2503 4348 2565 4398 ut
2587 4343 2766 4398 Filius
2790 4343 3029 4399 haberet
3048 4343 3318 4399 omnium
3347 4349 3509 4415 pote.

1850 4438 2061 4490 statem
2078 4449 2181 4504 per
2193 4433 2392 4496 fidem,
2412 4439 2467 4487 et
2481 4449 2686 4488 omnes
2706 4432 2820 4488 sub
2842 4433 3056 4502 jugum
3077 4437 3508 4503 praceptorum

1850 4525 1974 4594 ejus
2003 4521 2228 4577 ﬁerent.
2267 4521 2442 4577 Filius
2483 4537 2728 4593 quoque
2755 4521 3043 4577 universis
3070 4538 3177 4594 per
3201 4520 3507 4593 apostolos

1848 4611 2016 4668 dedit
2060 4610 2467 4682 Evangelium,
2502 4611 2722 4682 Deique
2765 4610 3065 4677 notitiam,
3116 4627 3250 4683 quae
3270 4616 3358 4666 est
3386 4610 3509 4667 vita

1850 4709 2090 4765 aeterna,
2119 4707 2322 4772 utpote
2346 4699 2531 4756 vitam
2553 4699 2883 4756 concilians
2913 4705 3189 4756 aaternam
3225 4717 3237 4756 :
3272 4701 3374 4773 qui
3405 4716 3505 4755 au-

1850 4796 1968 4845 tem
1987 4805 2103 4844 non
2121 4794 2258 4845 sunt
2279 4788 2550 4860 subjecti,
2574 4804 2766 4860 neque
2783 4788 2932 4844 illud
2956 4795 3364 4861 susceperunt,
3391 4787 3506 4861 ipsi

1851 4879 1965 4935 sibi
1991 4878 2340 4951 perditionis
2390 4895 2577 4934 causa
2604 4883 2756 4945 sunt,
2809 4878 3104 4934 neminem
3132 4878 3290 4936 enim
3329 4880 3509 4950 cogit-

1849 4969 2118 5024 invitum.
2152 4971 2302 5025 Nam
2343 4968 2526 5023 virtus
2557 4966 2892 5024 voluntaria
2931 4971 3035 5023 est.

1925 5059 2080 5114 Vers.
2115 5061 2166 5114 3.
2189 5059 2332 5115 Haec
2349 5088 2419 5097 —
2438 5055 2741 5113 Christum
2776 5058 3014 5112 -Etvere
3026 5057 3146 5114 vita
3175 5061 3395 5114 aeterna
3419 5060 3509 5114 est

1843 5146 1953 5204 .Dei
1976 5147 2250 5218 cegnitio,
2275 5145 2390 5201 ﬁde
2413 5161 2482 5202 ac
2505 5145 2792 5217 operibus
2818 5146 3172 5217 conjunctis.
3197 5148 3345 5202 Nam
3363 5146 3507 5215 ﬁdes

1910 5325 1980 5380 3'2
2003 5327 2170 5381 Joan.
2199 5341 2324 5391 xm,
2357 5328 2442 5390 33,
2588 5322 2751 5384 Psal.
2804 5341 2862 5396 ιι,
2893 5325 2946 5381 8.

1365 5464 1590 5570 Variae
1623 5484 1948 5572 lectiones
1981 5512 2046 5571 et
2087 5511 2294 5570 notas.

235 5695 328 5753 74)
357 5693 593 5750 Inclusa
623 5691 844 5750 omittit
871 5698 940 5753 Α.

236 5697 303 5750 74
357 5695 593 5750 Inclusa
623 5695 844 5750 omittit
871 5698 932 5752 Α.

236 5695 328 5838 75;
366 5765 601 5823 Inclusa
626 5765 842 5824 absunt
866 5767 932 5822 A.

1918 5700 2034 5770 (76)
2066 5697 2303 5770 Inclusa
2347 5698 2568 5755 desunt
2604 5705 2669 5756 Α.

1917 5769 2030 5842 (‘77)
2059 5769 2292 5828 Inclusa
2315 5771 2530 5828 omittit
2547 5773 2608 5826 Α.
