4076 6502
197 330 331 400 tul

1175 320 1535 395 COMMENT.
1581 336 1648 392 1N
1687 318 2046 391 JOANNEM.
2087 365 2155 375 —
2193 327 2349 390 CAP.
2392 321 2575 393 XVII.

3425 333 3557 396 1442

196 475 258 542 τῇ
308 475 374 541 σῇ
417 465 648 539 ἐξουσίᾳ·
703 468 806 538 πρὸ
843 469 936 516 τοῦ
979 464 1067 515 τόν
1105 465 1304 534 κόσμον
1340 463 1603 534 γενίσθαι,
1651 479 1794 514 τουτ·

1920 461 2264 531 potestatem
2270 457 2651 532 ;priusquam
2664 458 2760 515 hic
2773 457 3036 514 mundus
3047 455 3297 526 ﬁeret,id
3309 464 3498 527 est,an
3509 469 3558 515 te

197 562 312 610 έστι
359 559 459 630 πρό
501 556 704 608 πάντων
749 557 840 605 καὶ
885 549 983 606 ἀεί.
1025 550 1108 624 [τό
1147 548 1206 604 δε
1235 550 1371 622 (82),
1408 555 1510 603 Kal
1537 557 1645 620 νῦν,
1687 547 1800 602 ἀντὶ

200 653 312 708 τοῦ,
342 648 563 698 Λοοπόν.

273 739 373 788 Kal
427 734 578 806 ἡμεῖς
627 737 799 785 τοίνυν
843 728 1204 802 ἀπολαύσομεν
1253 730 1447 790 ταύτης
1495 737 1590 790 τῆς
1639 723 1802 790 δόξης

199 822 283 876 ἐὰν
322 823 678 896 μιμησωμεθα
729 821 907 876 αὐτόν.
972 824 1109 877 Φησὶ
1155 821 1256 892 γὰρ
1307 819 1334 869 6
1385 817 1600 878 Παῦλος.
1645 819 1797 892 Εἴπερ

202 902 608 985 συμπάσχομεν,
705 911 788 962 ἶνα
863 914 954 962 καὶ
1043 903 1501 979 συνδοξασθῶμεν.
1587 909 1799 978 Μυρίων

199 1001 302 1076 ἄρα
341 996 584 1073 δακρύων
636 999 773 1063 ἄξιοι
802 1001 1007 1060 πάντως
1043 999 1112 1062 οἱ,
1155 998 1424 1061 τοιαύτης,
1467 999 1801 1069 προκειμένης

200 1087 380 1156 δόξης,
427 1087 754 1149 ἐκπίπτοντες
810 1087 970 1148 αὐτῆς
1018 1083 1112 1140 διὰ
1156 1086 1440 1160 ῥᾳθυμίαν,
1489 1088 1580 1136 καὶ
1645 1079 1800 1141 δίκην

197 1181 514 1251 μαινομένων
587 1182 678 1230 καὶ
761 1175 988 1235 ἀνοήτων
1085 1173 1495 1235 ἐπιϐουλεύοντες
1574 1173 1796 1233 ἑαυτοῖς.

200 1271 302 1322 Καὶ
331 1267 374 1320 εἰ
420 1271 493 1340 μὴ
532 1266 748 1329 κόλασις
794 1268 894 1341 γὰρ
947 1262 1030 1333 ἦν,
1070 1263 1381 1317 ἀθλιώτατοι
1419 1263 1489 1328 οἱ,
1539 1260 1801 1335 συμϐασι-

196 1356 380 1411 λεῦσαι
430 1360 519 1409 καὶ
577 1352 1004 1419 συνδοξασθῆναι
1045 1362 1118 1425 τῷ
1175 1355 1279 1423 Υἱῷ
1327 1359 1421 1405 τοῦ
1457 1358 1592 1406 Θεοῦ
1633 1354 1800 1422 παρὸν

195 1446 516 1504 τηλικούτων
590 1444 800 1518 ἀγαθῶν
883 1443 1096 1506 ἑαυτούς
1177 1441 1604 1514 ἀποστεροῦντες.
1690 1439 1800 1493 Οὐκ

194 1536 323 1599 ἄξια
371 1537 493 1609 γὰρ,
543 1539 698 1607 φησὶ,
755 1536 823 1586 τὰ
873 1535 1163 1605 παθήματα
1207 1539 1299 1585 τοῦ
1329 1538 1414 1582 νῦν
1444 1537 1632 1603 καιροῦ
1668 1534 1801 1604 πρὸς

191 1628 291 1683 τὴν
310 1623 597 1697 μέλλουσαν
637 1619 796 1686 δόξαν
822 1621 1252 1694 ἀποκαλυφθῆναι
1281 1621 1353 1682 εἰς
1377 1620 1559 1693 ἠμάς].

267 1803 598 1876 Ἐφανέρωσά
654 1830 714 1842 —-
775 1799 1086 1874 ἀνθρώποις.
1159 1800 1331 1852 Εἰπὼν
1384 1800 1464 1851 ὅτι
1523 1802 1594 1851 T6
1650 1801 1797 1871 ἔργον

190 1891 482 1960 ἄτιλείωσα,
541 1889 868 1962 ἕπεξηγείται
923 1893 1010 1943 τόν
1080 1889 1251 1960 λόγον.
1329 1892 1430 1942 Kal
1510 1892 1614 1960 μὴν
1689 1895 1798 1949 τοῖς

189 1977 474 2042 Ἰουδαίοις
549 1983 963 2053 πεφανερωμίνον
1064 1975 1125 2036 ἦν
1220 1981 1277 2030 τό
1366 1980 1527 2049 ὄνομα
1615 1975 1795 2030 αύτοῦο

189 2067 417 2144 ᾔδεισαν
444 2072 545 2143 γὰρ
573 2071 653 2122 ὃτι
684 2072 814 2130 Θεὸς
843 2067 1001 2120 ἔστιν·
1028 2065 1156 2120 ἀλλὰ
1180 2072 1299 2140 περὶ
1319 2074 1418 2118 τῶν
1441 2065 1606 2119 ἄλλων
1646 2064 1799 2119 ἐθνῶν

189 2159 351 2230 λέγει,
379 2156 457 2219 οἷς
489 2158 757 2229 ἄγνωστον
784 2164 936 2209 τοῦτο
967 2153 1050 2216 ἦν.

266 2245 335 2302 Ἦ
389 2250 550 2320 ὄνομα
593 2245 729 2317 λέγει
773 2248 830 2298 τὸ
876 2247 1150 2319 πατρικὸν,
1194 2245 1274 2296 ὅτι
1322 2242 1432 2297 ἐστὶ
1461 2247 1642 2316 Πατὴρ
1675 2245 1798 2296 Υῖοῦ

191 2340 442 2408 γνησίου.
506 2342 672 2389 Τοῦτο
729 2336 832 2408 γὰρ
892 2333 1078 2407 ἀφανὶς
1127 2333 1305 2394 αὐτοῖς
1352 2337 1406 2385 ἄν
1452 2332 1574 2406 παρ’
1639 2332 1798 2385 αὐτοῦ

195 2422 417 2496 ἔφανερὼ
425 2424 486 2481 θη
495 2464 509 2478 .

269 2512 371 2572 Οῦς
399 2541 468 2552 -—
489 2506 644 2570 ἦσαν.
677 2508 767 2572 Ὠς
787 2517 942 2566 Θεοῦ.

269 2605 366 2654 Kal
414 2629 486 2641 —
543 2595 802 2660 δέδωκας.
856 2597 945 2660 Ὠς
1005 2601 1108 2670 ἴσῳ
1177 2602 1301 2673 Περὶ
1348 2605 1447 2649 τῶν
1499 2595 1797 2650 ἀποστόλων

196 2684 256 2743 δε
310 2690 337 2742 6
392 2688 564 2761 λόγος.
628 2692 868 2740 Δείκνυσι
931 2683 991 2740 δὲ
1049 2685 1316 2739 κάνταῦθα
1366 2688 1447 2738 ὅτι
1497 2685 1591 2738 οῦκ
1656 2687 1794 2738 ἔστιν

193 2776 436 2839 ἀντίθεος,
498 2781 588 2829 καὶ
643 2778 724 2829 ὅτι
791 2774 1038 2849 βούλημά
1112 2773 1226 2828 ἔστι
1313 2782 1406 2827 τοῦ
1475 2777 1676 2848 Πατρός
1737 2778 1795 2828 τό

189 2869 455 2920 πιστεύειν
525 2865 712 2926 αύτούς
769 2865 839 2928 εἰς
892 2869 980 2918 τόν
1051 2869 1189 2918 Υἰόνο
1243 2864 1288 2916 εἰ
1350 2867 1472 2937 γὰρ,
1539 2866 1608 2926 ὦς
1663 2883 1796 2924 τινες

192 2956 461 3031 ληροῦσιν,
518 2957 602 3008 ὅτε
645 2951 780 3013 ἦσαν
826 2961 919 3006 τοῦ
980 2957 1200 3026 Πατρός,
1237 2953 1328 3005 οὐκ
1359 2949 1492 3010 ἦσαν
1528 2960 1619 3004 τοῦ
1649 2955 1793 3019 Υἱοῦ,

187 3044 388 3110 λοιπόν,
447 3041 575 3106 δούς
622 3044 808 3103 αὐτούς
881 3042 953 3112 τῷ
1005 3044 1128 3112 riga,
1185 3039 1364 3103 ἇξέστη
1424 3043 1613 3105 αὐτῶν,
1672 3044 1793 3116 ὅπερ

189 3135 405 3186 ἄτοπον.
451 3127 690 3192 Δέδωκας
739 3127 797 3182 δέ
829 3149 939 3199 μοι,
984 3125 1112 3196 εἶπε,
1161 3128 1276 3180 καθ’
1329 3130 1384 3180 ὃν
1436 3131 1608 3201 εἴρηκε
1644 3128 1795 3199 λόγον

187 3225 456 3294 πρότερον
508 3220 588 3272 ὅτι
645 3214 833 3279 Ούδιὶς
888 3215 1110 3270 δύναται
1159 3217 1318 3269 ελθεῐν
1375 3219 1500 3292 πρός
1548 3215 1656 3289 έμε,
1711 3215 1794 3268 ἐὰν

189 3314 262 3381 μὴ
292 3310 318 3360 6
350 3311 532 3382 Πατὴρ
563 3309 590 3359 6
615 3306 828 3378 πέμψας
855 3325 919 3379 με
948 3305 1140 3378 ἑλκύσῃ
1170 3305 1346 3360 αὐτόν.

261 3396 422 3450 Ἀλλὰ
479 3405 591 3458 πῶς
657 3398 874 3469 εἴρηκεν
943 3393 1049 3457 Oti;
1116 3391 1354 3457 δέδωκάς
1426 3413 1516 3466 μοι
1575 3393 1631 3446 ix
1703 3402 1795 3448 τοῦ

187 3490 431 3558 κόσμους
497 3483 769 3559 προλαϐὼν
837 3485 940 3559 γὰρ
1007 3486 1099 3556 ἔφη
1162 3485 1288 3557 πρὸς
1342 3483 1528 3544 αύτούς
1578 3485 1656 3536 ὃτι
1709 3485 1796 3538 Ἐκ

187 3581 284 3628 τοῦ
337 3577 542 3647 κόσμου
592 3573 688 3625 ούκ
736 3571 869 3627 έστέ.
925 3577 1132 3645 Κόσμον
1180 3570 1282 3625 ἐκεῖ
1330 3575 1421 3645 μεν
1472 3577 1594 3636 τοὺς
1639 3592 1796 3633 πονη-

185 3666 314 3739 ροὺς
337 3663 625 3736 ὠνόμασεν,
666 3660 888 3715 ἐνταῦθα
927 3657 986 3714 δε
1011 3661 1146 3733 λέγει
1174 3665 1270 3717 τὴν
1297 3665 1472 3714 κτίσιν
1504 3664 1720 3720 ταύτην.

265 3756 365 3806 Καὶ
395 3783 464 3792 -
492 3755 834 3825 τετηρήκασι.
868 3754 938 3804 Τό
991 3750 1187 3822 θέλημά
1236 3769 1330 3804 σου
1372 3749 1791 3824 πεπληρῶκασιν,

185 3841 238 3895 έν
259 3850 332 3913 τῷ
359 3847 646 3894 πιστεῦσαι
672 3839 747 3902 εἰς
775 3838 882 3911 έμέ.

259 3937 366 3984 Νῦν
393 3962 458 3972 -
495 3930 630 3984 ἐστι.
659 3960 725 3970 —
755 3935 883 3996 Νῦν,
917 3932 1032 3988 ἦτοι
1055 3932 1186 4001 μετὰ
1211 3933 1270 3982 τό
1297 3931 1499 4003 μαθεῖν,
1525 3929 1793 4001 Ἐγνωσαν

185 4021 270 4072 ὅτι
299 4023 470 4072 πάντα
507 4019 620 4090 (83)
649 4020 750 4072 ὅσα
780 4014 1020 4080 δέδωκάς
1041 4038 1151 4090 μοι,
1185 4023 1472 4072 τουτέστινο
1495 4019 1635 4072 Ὀσα
1662 4021 1793 4093 λέγω

184 4113 279 4160 καὶ
311 4105 578 4172 διδάσκω,
626 4106 728 4160 ἀπό
782 4115 877 4160 σοῦ
908 4107 1032 4175 εἰσι,
1074 4112 1142 4160 σά
1195 4109 1326 4160 εἰσιν
1357 4108 1663 4181 ἐντάλματα,
1705 4115 1794 4163 καὶ

185 4194 343 4251 οὐδεν
367 4195 505 4250 ἴδιον
535 4197 650 4270 ἐμοὶ
677 4197 706 4256 ἣ
744 4195 1009 4271 ἀλλότριόν
1053 4217 1171 4250 σου.
1203 4193 1330 4251 Εἶτα
1358 4197 1493 4269 λέγει
1517 4203 1608 4250 καὶ
1640 4201 1792 4252 πόθεν

184 4293 343 4340 τοῦτο
368 4289 619 4359 ἔγνωσαν.

256 4463 377 4517 Ὀτι
432 4496 501 4505 —
565 4463 888 4529 ἀπέστειλας.
965 4473 1130 4522 Τοῦτο
1211 4468 1441 4536 ἰγνωσαν
1511 4464 1615 4518 ἀπό
1691 4473 1792 4518 τῶν

182 4554 438 4629 ῥημάτων
489 4553 556 4603 ὧν
617 4551 828 4606 δέδωκα
896 4556 1094 4617 αὐτοῖς.
1159 4559 1259 4606 Kal
1313 4556 1414 4626 γὰρ
1492 4551 1791 4628 διαρρήδην

186 4637 474 4694 ἐδίδασκον
530 4642 611 4694 ὅτι
647 4644 715 4695 σά
763 4642 894 4696 εἰσιν
935 4646 1036 4696 ὅσα
1075 4642 1207 4713 λέγω
1249 4647 1338 4695 καὶ
1395 4631 1664 4713 διδάσκω,
1703 4647 1793 4696 καὶ

185 4731 338 4785 αὐτοὶ
367 4729 548 4784 ἔλαϐον
576 4731 840 4791 εὐπειθῶς.

256 4828 437 4875 Ταῦτα
491 4817 550 4874 δε
612 4824 703 4872 καὶ
768 4821 836 4872 τὰ
889 4825 1111 4872 τοιαῦτα
1167 4815 1466 4891 διαλέγεται
1519 4824 1651 4896 πρὸς
1704 4825 1793 4874 τόν

184 4915 413 4985 Πατέρα,
463 4907 712 4963 δεικνύων
785 4915 891 4970 τοῖς
950 4911 1210 4981 μαθηταῖς
1257 4911 1362 4962 οἷον
1421 4913 1536 4983 ἔχει
1587 4910 1792 4984 φίλτρον

185 4999 379 5054 αὐτῶν.
427 4997 487 5052 Ὀ
535 5001 638 5073 γὰρ
688 5002 762 5072 μὴ
819 5002 973 5071 μόνον
1016 5001 1084 5052 τὰ
1132 4997 1258 5074 παρ’
1296 4997 1486 5054 ἑαυτοῦ
1521 5003 1792 5077 παρέχων,

187 5083 318 5138 ἀλλὰ
402 5090 490 5137 καὶ
571 5086 722 5140 ἄλλον
801 5088 871 5152 εἰς
946 5095 1099 5141 τοῦτο
1185 5087 1520 5164 παρακαλῶν,
1584 5087 1794 5144 πλείονα

188 5165 414 5226 δεικνύει
438 5176 528 5226 τόν
551 5177 735 5231 πόθον.

261 5317 308 5352 ³³
351 5317 518 5372 Rom.
553 5330 667 5371 ml.
705 5320 790 5372 l7.
902 5319 951 5356 ‘°
975 5318 1120 5378 ibid.
1158 5322 1247 5378 18.

1356 5322 1402 5358 ⁴¹
1435 5320 1610 5379 Joan.
1637 5336 1730 5379 vn.
1762 5320 1854 5379 44.

1908 547 2112 603 omnia
2135 552 2191 603 et
2211 563 2468 619 semper.
2491 547 2660 608 Quod
2678 552 2878 604 autem
2902 546 3133 615 dicitur,
3152 548 3227 604 Et
3248 564 3428 614 nunc,
3446 549 3562 606 hoc

1907 642 2014 706 est,
2044 635 2352 708 Deinceps.

1979 725 2046 781 Et
2071 740 2182 782 nos
2209 740 2352 796 ergo
2370 724 2484 780 hac
2503 724 2773 781 fruemur
2802 725 3008 795 gloria,
3044 726 3093 782 si
3114 742 3252 782 eum
3275 725 3562 785 fuerimus

1905 813 2142 869 imitati.
2165 813 2258 869 Ait
2287 813 2447 870 enim
2479 813 2731 872 Paulus:
2761 813 2822 869 Si
2843 823 3238 886 compattmur
3266 822 3330 872 ut
3353 825 3407 873 et
3432 833 3565 874 con-

1905 903 2312 973 gioriﬁcemur
2340 905 2410 959 ³⁹.
2446 903 2699 959 Omnino
2719 919 2864 960 sane
2886 904 3216 959 innumeris
3244 904 3404 975 digni
3427 913 3565 964 sunt

1907 990 2199 1064 lacrymis,
2226 991 2493 1064 quicum
2527 993 2833 1064 proposita
2869 994 2942 1048 sit
2967 993 3311 1064 hujusmodi
3345 995 3559 1064 gloria,

1909 1095 2021 1136 sua
2043 1081 2292 1150 segnitie
2309 1080 2386 1137 ab
2404 1097 2471 1136 ea
2491 1081 2834 1146 exciderint,
2861 1088 2917 1137 et
2941 1098 3108 1138 more
3133 1082 3563 1142 insanientium

1908 1184 1980 1225 ac
2012 1168 2380 1226 dementium
2413 1169 2527 1226 sibi
2556 1169 2704 1242 ipsis
2733 1169 2980 1226 insidias
3016 1173 3374 1242 paraverint.
3415 1177 3564 1232 Nam

1907 1258 2014 1314 etsi
2036 1257 2269 1314 nullum
2289 1264 2446 1314 esset
2461 1258 2841 1331 supplicium,
2861 1259 3178 1316 miserrimi
3197 1265 3396 1318 tamen
3411 1263 3567 1334 judi-

1907 1351 2181 1403 carentur
2213 1367 2225 1406 :
2254 1348 2356 1420 qui
2381 1363 2516 1404 cum
2541 1348 2652 1403 sibi
2674 1353 2952 1420 paratum
2969 1349 3194 1416 fuisset,
3221 1355 3426 1406 utcum
3450 1351 3566 1409 ﬁlio

1906 1436 2008 1491 Dei
2025 1442 2527 1507 conregnarentet
2539 1452 2650 1493 con
2659 1437 3147 1508 gloriﬁcarentur,
3162 1440 3274 1510 ipsi
3295 1456 3422 1497 sese
3439 1442 3567 1498 tali-

1905 1524 2022 1580 bus
2040 1525 2370 1597 privassent
2387 1525 2719 1582 bonis.Non
2739 1533 2874 1582 sunt
2891 1527 3051 1583 enim
3065 1530 3379 1600 condigme
3401 1531 3568 1601 afﬂi-

1906 1614 2122 1670 ctiones
2135 1614 2305 1685 hujus
2318 1615 2596 1683 temporis
2616 1615 2696 1670 ad
2710 1616 2990 1684 futuram
3027 1617 3430 1692 gloriam,quw
3445 1636 3569 1678 ma-

1905 1702 2284 1773 nifestabitur
2307 1719 2445 1775 erga
2464 1719 2570 1760 nos
2602 1705 2676 1762 ‘0.

1979 1792 2588 1862 Vers.6.Manifeslavi
2603 1825 2667 1833 —
2687 1794 3037 1851 hominibus.
3057 1795 3383 1868 Postquam
3397 1798 3564 1856 dixit:

1909 1879 2069 1950 Opus
2086 1881 2511 1948 consummavi,
2533 1882 2816 1954 explanat
2835 1899 2995 1939 nunc
3015 1901 3373 1942 sermonem.
3393 1887 3570 1960 Atqui

1906 1969 2124 2025 Iudaeis
2155 1970 2604 2026 manifestatum
2657 1977 2783 2028 erat
2806 1989 3029 2028 nomen
3089 1974 3254 2045 ejus;
3283 1985 3570 2035 noverant

1908 2058 2067 2114 enim
2089 2059 2248 2131 quod
2279 2061 2433 2114 Deus
2463 2065 2635 2126 esset,
2669 2063 2768 2117 sed
2791 2061 2905 2117 hoc
2931 2061 3004 2117 de
3037 2062 3166 2118 aliis
3196 2063 3338 2120 dicit
3374 2065 3562 2136 genti-

1907 2147 2040 2212 bus,
2076 2148 2298 2220 quibus
2326 2149 2386 2203 id
2421 2149 2689 2219 ignotum
2720 2157 2864 2206 erat.

1980 2241 2090 2292 Aut
2126 2253 2349 2293 nomen
2381 2237 2523 2294 dicit
2549 2244 2888 2310 paternum,
2935 2241 3099 2312 quod
3127 2241 3297 2299 Pater
3331 2244 3408 2300 sit
3439 2245 3561 2302 Filii

1907 2325 2216 2382 naturalis.
2240 2327 2392 2382 Nam
2416 2343 2554 2382 cum
2577 2327 2640 2383 id
2670 2344 2770 2383 eos
2790 2328 3018 2394 lateret,
3051 2329 3130 2385 ab
3154 2329 3288 2402 ipso
3321 2333 3564 2390 manife-

1910 2419 2134 2471 statum
2165 2419 2276 2472 est.

1978 2503 2140 2559 Vers.
2165 2507 2217 2559 6.
2247 2504 2396 2572 Quos
2419 2534 2490 2546 —
2509 2512 2700 2563 erant.
2729 2507 3039 2578 Tanquam
3070 2507 3191 2564 Dei.

1980 2591 2141 2647 Vers.
2162 2596 2214 2646 6.
2241 2593 2315 2647 Et
2338 2624 2403 2634 —
2422 2593 2657 2650 dedisti.
2676 2596 2988 2666 Tanquam
3003 2595 3236 2667 aequali.
3256 2599 3347 2652 Est
3361 2606 3562 2656 autem

1907 2680 1978 2736 de
2003 2680 2293 2751 apostolis
2323 2697 2540 2738 sermo.
2574 2683 2704 2748 Quo
2743 2683 2926 2739 etiam
2956 2684 3052 2740 hic
3096 2687 3372 2754 ostendit,
3400 2691 3563 2759 quod

1904 2785 2026 2826 non
2052 2770 2128 2826 sit
2145 2769 2266 2826 Deo
2287 2771 2642 2838 contrarius,
2662 2772 2948 2844 quodque
2970 2775 3152 2830 Patris
3175 2781 3267 2832 est
3293 2777 3563 2836 voluntas

1907 2864 1970 2914 ut.
1997 2859 2244 2916 credant
2267 2861 2324 2914 in
2352 2859 2581 2916 Filium.
2606 2863 2754 2917 Nam
2784 2863 2852 2926 si,
2880 2867 2945 2916 ut
2968 2864 3218 2936 quidam
3242 2873 3560 2936 nugantur,

1905 2963 2045 3004 cum
2076 2949 2266 3004 Patris
2310 2954 2497 3019 erant,
2532 2965 2655 3006 non
2687 2957 2858 3006 erant
2894 2952 3041 3017 Filii,
3077 2969 3452 3026 consequens
3478 2963 3565 3013 est

1906 3043 1989 3100 ut,
2018 3052 2156 3090 cum
2187 3052 2288 3090 eos
2327 3037 2558 3092 dederit
2615 3038 2772 3102 Filio,
2823 3040 3169 3097 alienaverit
3218 3059 3363 3111 eos;
3406 3045 3565 3117 quod

1905 3123 2242 3179 absurdum
2272 3129 2381 3178 est.
2442 3125 2688 3190 Dedisti,
2722 3128 2933 3198 inquit,
2969 3131 3136 3194 mihi,
3171 3132 3347 3202 juxta
3381 3149 3563 3204 quem

1906 3213 2158 3267 modum
2188 3211 2366 3267 etiam
2391 3214 2557 3283 prius
2575 3213 2824 3280 dixerat,
2847 3217 3028 3272 Nemo
3045 3224 3235 3285 potest
3265 3223 3462 3277 venire
3485 3223 3566 3278 ad

1904 3315 2016 3366 me,
2049 3300 2162 3355 nisi
2185 3302 2388 3368 Pater,
2414 3302 2514 3372 qui
2542 3303 2703 3358 misit
2729 3318 2840 3366 me,
2875 3306 3124 3360 traxerit
3153 3321 3283 3362 eum
3313 3309 3381 3364 ⁴¹.

1977 3387 2092 3446 Sed
2107 3389 2412 3461 quomodo
2428 3391 2579 3446 dixit
2601 3407 2615 3446 :
2637 3391 2790 3458 Quos
2820 3393 3032 3449 dedisti
3053 3395 3200 3451 mihi
3228 3396 3301 3453 de
3316 3399 3560 3465 mundo,

1905 3494 2042 3534 cum
2079 3479 2244 3550 prius
2284 3479 2500 3536 dixerit
2517 3481 2597 3536 ad
2621 3495 2725 3536 eos
2758 3503 2771 3535 :
2796 3481 2880 3538 De
2908 3483 3132 3539 mundo
3161 3500 3282 3540 non
3309 3487 3442 3542 estis
3467 3487 3516 3522 ⁴²
3536 3487 3564 3542 ?

1902 3567 1986 3623 Ibi
2016 3566 2262 3640 quidem
2324 3567 2518 3624 malos
2547 3568 2864 3641 appellavit
2911 3570 3211 3628 mundum
3244 3588 3258 3629 :
3302 3573 3398 3630 hic
3426 3591 3563 3632 vero

1904 3655 2197 3713 fabricam
2226 3656 2426 3728 ipsam
2451 3657 2846 3714 mundialem.

1968 3747 2137 3802 Vers.
2158 3745 2303 3802 6.Et
2318 3777 2387 3786 —
2403 3749 3201 3808 servaverunt.Voluntatem
3218 3757 3384 3810 tuam
3403 3769 3564 3812 com-

1901 3835 2235 3909 pleverunt,
2260 3836 2562 3894 credendo
2598 3838 2659 3893 in
2689 3854 2809 3895 me.

1976 3927 2132 3981 Vers.
2165 3931 2218 3980 7.
2249 3926 2424 3983 Nunc
2450 3958 2520 3968 —
2545 3933 2704 3984 sunt.
2729 3959 2798 3970 -—
2822 3930 3023 3995 Nunc,
3056 3937 3372 4006 postquam
3403 3935 3562 3992 vide-

1900 4014 2032 4072 licet
2045 4014 2978 4091 didicerunt,coynoveruntquod
2989 4023 3189 4078 omnia
3202 4039 3333 4094 quae
3343 4024 3562 4081 dedisti

1901 4105 2071 4173 mihi,
2113 4104 2228 4160 hoc
2268 4111 2379 4169 est,
2411 4107 2788 4179 Quaecunque
2817 4109 2951 4164 dico
2999 4126 3070 4165 ac
3108 4110 3318 4177 doceo,
3370 4113 3475 4168 abs
3506 4118 3561 4172 te

1901 4199 2062 4260 sunt,
2097 4199 2196 4248 tua
2243 4199 2378 4248 sunt
2425 4201 2743 4266 praecepta,
2772 4201 2825 4252 et
2864 4197 3009 4251 nihil
3070 4199 3216 4254 mihi
3245 4201 3556 4272 proprium

1901 4286 1992 4338 est
2019 4287 2123 4336 aut
2147 4281 2410 4337 alienum
2441 4298 2478 4338 a
2509 4289 2589 4340 te.
2634 4284 2855 4339 Deinde
2885 4285 3070 4342 etiam
3099 4286 3237 4344 dicit
3272 4289 3427 4345 unde
3449 4291 3556 4347 hoc

1901 4373 2334 4438 cognoverunt.

1975 4457 2137 4512 Vers.
2171 4459 2224 4513 8.
2277 4457 2431 4526 Quia
2465 4489 2536 4500 —
2563 4459 2795 4517 misisti.
2856 4461 2977 4518 Hoc
3024 4471 3436 4534 cognoverunt
3486 4483 3559 4526 ex

1829 4544 1870 4600 D
1902 4546 2122 4612 verbis,
2165 4561 2302 4619 quas
2342 4547 2479 4604 dedi
2510 4549 2613 4604 eis.
2656 4549 2962 4621 Siquidem
3018 4562 3219 4625 aperte
3263 4555 3559 4614 docebam

1902 4642 2004 4694 tua
2030 4647 2161 4693 esse
2183 4652 2564 4709 quaecunque
2589 4638 2867 4696 dicebam
2899 4656 2970 4697 ac
3000 4642 3317 4701 docebam.
3351 4647 3418 4702 Et
3442 4647 3561 4720 ipsi

1903 4733 2280 4799 acceperunt,
2306 4726 2478 4782 facile
2513 4727 2811 4798 persuasi.

1975 4817 2110 4872 Hice
2135 4821 2338 4872 autem
2365 4821 2421 4872 et
2450 4815 2667 4872 similia
2689 4817 2953 4890 loquitur
2977 4821 3053 4875 ad
3075 4820 3332 4891 Patrem,
3363 4828 3560 4882 osten-

1903 4905 2054 4963 dens
2081 4905 2413 4978 discipulis,
2447 4921 2628 4978 quem
2667 4922 2810 4978 erga
2829 4907 2963 4964 illos
3001 4909 3557 4975 haberetamorem.

1904 4997 2055 5052 Nam
2083 4996 2178 5067 qui
2215 5010 2338 5051 non
2368 4999 2601 5051 tantum
2643 5011 2756 5053 sua
2793 4995 3014 5064 tribuit,
3049 4999 3155 5056 sed
3183 5005 3242 5056 et
3268 5001 3456 5059 alium
3481 5006 3560 5064 ad

1901 5084 2018 5141 hoc
2046 5088 2342 5157 precatur,
2385 5083 2982 5144 vehementissimum
3020 5089 3278 5148 ostendit
3318 5091 3560 5152 deside-

1902 5191 2080 5232 rium.

1964 5320 2014 5358 ι’
2046 5321 2222 5379 Joan.
2250 5337 2343 5377 xv.
2379 5322 2461 5376 19.

1385 5502 1612 5576 Variae
1647 5504 1980 5576 lectiones
2017 5513 2084 5573 et
2133 5514 2338 5574 notae.

259 5667 371 5736 (82)
401 5664 641 5725 Inclusa
672 5665 894 5727 absunt
916 5675 981 5728 A.

256 5739 374 5817 (83)
426 5745 528 5795 Kal
573 5739 627 5810 οἷ,
659 5756 769 5816 pro
828 5743 948 5813 ὅσα,
999 5745 1064 5804 Β.
1111 5741 1382 5820 Ἐγνωσαν
1409 5750 1637 5816 autem,

1903 5673 2128 5805 ξῖνωκαν
2142 5689 2316 5730 versu
2342 5673 2392 5758 ἶ,
2417 5691 2555 5732 cum
2585 5673 3012 5750 Chrysostomo
3055 5672 3216 5751 legit,
3248 5675 3353 5756 qui
3400 5691 3556 5740 vers.

1666 5746 1804 5808 loco
1979 5752 2037 5806 et
2065 5751 2100 5804 8
2127 5746 2418 5808 confudit.

1979 5752 2037 5806 et
2065 5751 2100 5804 8
2127 5746 2418 5818 confudit,
