4076 6436
705 327 845 387 1413

704 547 908 602 homo.
945 549 1090 601 Nam
1117 552 1173 601 et
1201 547 1296 602 hic
1326 553 1380 603 et
1410 548 1468 602 in
1500 548 1774 620 sequenti
1809 549 2099 604 sententia
2130 549 2360 622 capitur

708 644 875 707 ιρωτῶ
908 651 1016 706 pro
1041 635 1285 690 obsecro.

776 726 941 780 Vers.
976 730 1027 780 9.
1058 726 1192 781 Non
1225 757 1291 766 —-
1321 733 1478 782 sunt.
1517 729 1640 783 Non
1672 743 1779 798 pro
1819 729 2049 784 mundo
2081 729 2359 783 universo

704 829 935 886 precor,
956 814 1060 869 sed
1079 831 1188 883 pro
1206 815 1299 871 his
1317 816 1419 887 qui
1471 816 1722 872 credunt
1758 817 1818 872 in
1853 834 1985 884 me;
2019 833 2160 873 nam
2179 818 2359 890 quiin

705 920 798 959 me
815 919 934 959 non
954 904 1214 968 credunt,
1240 905 1449 961 nolunt
1469 912 1528 961 ut
1548 921 1655 977 pro
1679 905 1764 960 eis
1795 923 1981 962 orem.
2011 909 2362 979 Frequenter

703 1000 903 1049 autem
961 995 1129 1065 ponit
1178 994 1424 1050 verbum
1482 995 1711 1061 dedisti,
1760 1002 1821 1050 ut
1851 997 2079 1050 ﬁrmius
2105 995 2356 1062 discant,

703 1082 869 1156 quod
918 1084 1098 1138 Patris
1156 1084 1430 1139 voluntas
1470 1084 1542 1139 sit
1575 1091 1636 1139 ut
1693 1085 1968 1140 credatur
2033 1086 2091 1140 in
2127 1085 2354 1140 Filium.

704 1173 918 1228 Verum
945 1173 1104 1244 quia,
1140 1173 1379 1236 Dedisti,
1415 1179 1472 1228 et
1501 1173 1608 1230 Tui
1637 1181 1796 1239 sunt,
1847 1190 1916 1229 ac
1949 1175 2186 1237 similia,
2220 1174 2357 1229 insi-

701 1262 1001 1334 pientibus
1061 1276 1277 1332 pravas
1348 1269 1704 1333 generatura
1734 1269 1902 1319 erant
1961 1264 2355 1334 suspiciones,

703 1366 914 1422 nempe
935 1349 1099 1422 quod
1127 1352 1316 1420 major
1337 1357 1393 1405 et
1423 1351 1725 1423 antiquior
1754 1357 1913 1407 esset
1941 1351 2127 1407 Patris
2157 1356 2357 1424 poten-

703 1441 804 1506 tia,
837 1440 948 1496 has
989 1440 1157 1494 solvit
1182 1439 1388 1494 dicens
1418 1463 1428 1494 :

776 1530 938 1584 Vers.
973 1531 1056 1584 10.
1099 1529 1175 1584 Et
1214 1559 1283 1568 —
1311 1544 1462 1584 mea.
1523 1530 1705 1584 Vides
1763 1530 2061 1586 honorum
2114 1529 2357 1602 aequali-

691 1625 878 1674 tatem
921 1620 949 1675 7
981 1634 1120 1673 nam
1169 1618 1279 1672 hoc
1311 1618 1608 1689 signiﬁcat
1648 1634 1807 1673 nunc
1849 1618 1961 1673 ista
2019 1620 2351 1673 conversio.

703 1707 850 1762 Cum
883 1707 1040 1761 enim
1075 1707 1239 1769 dixit,
1279 1707 1557 1771 Tuisunl,
1594 1707 1870 1770 ostendit,
1894 1707 2057 1779 quod
2086 1708 2260 1762 etiam
2295 1707 2353 1762 hi

700 1799 801 1869 qui
844 1796 955 1851 sibi
984 1796 1104 1850 dati
1135 1801 1291 1858 sunt,
1321 1800 1582 1866 paterna:
1614 1795 1731 1851 sint
1759 1799 2088 1867 potestatis,
2119 1812 2191 1851 ne
2219 1796 2353 1868 quis

699 1901 842 1954 ergo
865 1886 1248 1956 potentiorem
1283 1889 1516 1955 putaret
1545 1885 1793 1950 Patrem,
1818 1885 2050 1940 addidit
2088 1887 2194 1941 :El
2227 1902 2352 1942 mea

699 1978 898 2032 omnia
931 1983 1030 2029 tua
1051 1979 1206 2036 sunt.
1228 1978 1280 2029 et
1300 1980 1399 2029 tua
1419 1989 1545 2029 mea
1565 1981 1722 2029 sunt.
1759 1976 1959 2047 Itaque
1992 1977 2166 2030 etiam
2190 1983 2354 2030 ante-

699 2081 882 2138 quam
911 2066 1212 2127 darentur,
1241 2063 1358 2118 Filii
1391 2068 1580 2128 erant,
1615 2069 1672 2118 et
1697 2069 2018 2136 pestquam
2047 2065 2169 2119 dati
2193 2070 2346 2124 sunt.

700 2155 883 2209 Patris
918 2160 1392 2225 permanserunt,
1420 2153 1535 2208 hoc
1577 2159 1682 2217 est,
1737 2170 1974 2225 semper
2006 2153 2348 2219 amborum,

702 2248 906 2315 utpote
944 2242 1267 2314 aequalium
1301 2243 1358 2297 in
1386 2241 1718 2298 honoribus
1750 2248 1803 2297 et
1836 2242 2033 2298 bonis.
2068 2245 2177 2298 Eos
2209 2259 2350 2314 ergo

701 2332 846 2390 mihi
885 2332 1117 2396 dedisti,
1164 2333 1269 2403 qui
1301 2333 1416 2387 mei
1447 2337 1631 2388 erant.
1669 2332 1893 2387 Dedisti
1917 2347 2056 2387 vero
2081 2331 2199 2387 dixi
2233 2333 2349 2387 dis-

699 2421 1056 2495 pensatorie,
1081 2425 1541 2489 utcognoscant,
1574 2419 1739 2492 quod
1765 2436 1884 2475 non
1911 2425 2114 2491 prater
2141 2420 2352 2477 volun-

700 2516 876 2566 tatem
907 2517 1070 2564 tuam
1090 2508 1199 2562 hos
1230 2509 1598 2564 attraxerim.

769 2599 931 2654 Vers.
968 2603 1047 2652 10.
1086 2598 1158 2652 Et
1187 2629 1250 2635 —
1278 2599 1374 2652 eis.
1411 2598 1596 2653 Etiam
1632 2602 1985 2668 potestatem
2031 2596 2259 2652 habens
2292 2598 2348 2653 in

697 2690 790 2745 his
817 2705 952 2760 quas
987 2694 1086 2742 tua
1118 2693 1270 2750 sunt,
1304 2688 1456 2740 sicut
1492 2688 1552 2741 in
1579 2687 1669 2741 his
1700 2703 1832 2758 quae
1860 2703 1993 2742 mea
2027 2687 2353 2758 :quemad-

700 2778 948 2834 modum
975 2781 1032 2830 et
1061 2780 1120 2829 tu
1175 2775 1232 2829 in
1272 2775 1363 2829 his
1421 2791 1556 2846 quae
1611 2791 1747 2829 mea
1779 2779 1934 2840 sunt,
1981 2775 2131 2829 sicut
2161 2775 2220 2830 in
2260 2774 2350 2830 his

697 2883 830 2938 quae
871 2873 988 2919 tua.

774 2954 891 3019 Vel,
918 2952 1284 3022 gloriﬁcatus
1309 2967 1441 3006 sum
1483 2951 1541 3006 in
1569 2951 1896 3024 discipulis,
1929 2954 2033 3024 qui
2057 2953 2198 3008 mihi
2225 2953 2349 3010 dati

697 3047 854 3109 sunt,
878 3040 1342 3113 agnoscentibus
1361 3056 1454 3096 me
1474 3040 1790 3095 Dominum
1809 3056 2008 3105 suum,
2029 3042 2351 3098 etadoran-

694 3134 852 3189 tibus
880 3149 949 3186 ac
991 3128 1452 3202 praedicantibus
1494 3145 1587 3185 me
1611 3129 1819 3185 Deum.

769 3223 935 3276 Vers.
969 3225 1050 3275 11.
1085 3220 1160 3273 Et
1191 3249 1258 3258 —-
1295 3219 1532 3274 mundo.
1591 3218 1776 3273 Paulo
1819 3225 1950 3290 post
1999 3220 2344 3275 moriturus.

698 3315 948 3368 Rursum
981 3315 1176 3364 autem
1218 3324 1554 3363 sermonem
1587 3308 1660 3362 de
1715 3314 1903 3363 morte
1936 3325 2047 3364 sua
2101 3308 2345 3374 inducit,

691 3399 1227 3458 commendaturus
1260 3413 1362 3451 eos
1391 3402 1680 3469 tanquam
1710 3397 1895 3451 homo
1927 3398 2045 3452 Deo
2068 3414 2135 3453 ac
2169 3399 2345 3454 Patri.

697 3493 783 3546 Ait
806 3505 967 3560 ergo,
997 3488 1123 3543 Jam
1151 3504 1268 3542 non
1300 3503 1422 3542 sum
1463 3488 1524 3540 in
1556 3486 1798 3552 mundo,
1847 3486 1998 3542 sicut
2037 3487 2345 3553 hactenus,

693 3597 830 3636 cum
886 3579 971 3635 eis
1015 3592 1333 3632 conversar
1388 3580 1445 3630 et
1480 3575 1867 3641 conﬁrmans,
1924 3576 2223 3647 inungens
2282 3594 2348 3633 ac

695 3670 1014 3726 consolans
1058 3666 1208 3720 illos.

766 3757 1045 3813 Vers.“.
1099 3755 1174 3809 Et
1232 3785 1299 3794 —
1351 3759 1506 3809 sunt.
1555 3753 1831 3809 Nondum
1884 3755 2228 3818 morientes,
2293 3761 2349 3810 et

695 3852 1011 3920 propterea
1042 3853 1142 3898 tuo
1173 3849 1348 3911 egent
1399 3842 1638 3898 auxilio.
1673 3845 1814 3898 Cum
1851 3848 2047 3898 autem
2080 3843 2345 3910 dixisset,

692 3938 824 3992 Jam
853 3951 969 3990 non
995 3949 1121 3989 sum
1149 3933 1210 3988 in
1243 3933 1485 3996 mundo,
1519 3933 1934 4003 interpretatur
1959 3932 2072 3986 hoc
2099 3933 2304 3987 dicens
2332 3951 2344 3988 :

766 4025 929 4080 Vers.
972 4024 1060 4080 11.
1095 4023 1171 4077 Et
1212 4054 1277 4063 —
1311 4023 1490 4077 venio.
1528 4023 1686 4076 Sicut
1739 4020 1917 4075 Filius
1958 4020 2035 4075 ad
2091 4020 2345 4085 Patrem,

690 4118 1108 4170 consummato
1132 4113 1258 4182 jam
1294 4127 1492 4182 opere,
1538 4114 1599 4164 ut
1626 4110 1850 4164 dictum
1882 4115 1988 4164 est.

767 4203 931 4260 Vers.
962 4205 1046 4257 11.
1079 4204 1255 4256 Pater
1293 4231 1360 4239 —
1397 4215 1505 4255 me.
1539 4202 1641 4254 Per
1667 4214 1887 4253 nomen
1938 4205 2106 4254 tuum
2158 4199 2346 4254 omni-

696 4299 931 4366 potens,
963 4290 1125 4363 quod
1171 4295 1226 4345 et
1279 4305 1389 4358 ego
1421 4292 1637 4343 natura
1681 4286 1898 4342 habeo.
1955 4288 2102 4342 Nam
2145 4294 2198 4343 et
2238 4304 2374 4360 ego

698 4386 850 4438 Deus
882 4399 1038 4436 sum.
1073 4381 1281 4434 Iterum
1299 4384 1497 4433 autem
1529 4377 1629 4442 ait,
1649 4377 1902 4442 donasti,
1938 4393 2010 4431 ne
2044 4377 2162 4432 Deo
2191 4377 2351 4432 vide-

695 4479 854 4527 retur
892 4487 1025 4525 esse
1053 4468 1402 4525 contrarius.
1439 4465 1559 4535 Vel,
1584 4466 1744 4536 quod
1771 4466 1983 4521 dedisti
2014 4466 2181 4533 mihi,
2223 4473 2349 4522 tan-

695 4577 885 4634 quam
922 4559 1172 4615 homini.

768 4653 932 4705 Vers.
964 4655 1014 4704 tt
1051 4649 1118 4705 Ut
1149 4648 1264 4703 sint
1297 4662 1497 4701 unum.
1527 4643 1761 4700 Unitate
1790 4643 1953 4709 ﬁdei,
1985 4660 2120 4716 quas
2161 4644 2221 4700 in
2255 4660 2350 4700 me

696 4745 801 4805 est,
844 4743 902 4795 et
932 4743 1139 4794 mutua
1167 4736 1501 4800 dilectione,
1537 4733 1612 4789 de
1664 4749 1786 4806 qua
1834 4732 2109 4806 superius
2162 4731 2350 4788 multa

697 4829 782 4885 eis
794 4831 1172 4901 prteceperat.

767 4918 934 4975 Vers.
962 4919 1022 4973 11
1044 4960 1057 4975 .
1086 4915 1252 4973 Sicut
1280 4929 1405 4970 nos.
1438 4911 1707 4969 Prmdixit
1733 4912 1916 4982 enim,
1943 4911 2061 4984 Ego
2093 4917 2144 4968 et
2169 4911 2351 4968 Pater

691 5025 882 5066 unum
913 5021 1108 5064 sumus
1138 5007 1208 5062 “.
1240 5004 1407 5060 Prius
1429 5007 1629 5060 autem
1653 5001 1780 5058 aliis
1808 5003 1866 5057 in
1898 5001 2044 5057 locis
2064 5000 2346 5056 disserui-

772 5164 815 5197 ⁸³
847 5162 1015 5216 Joan.
1041 5175 1099 5227 x,
1127 5161 1214 5214 30.

2381 4525 2428 4581 D

2042 325 2393 393 EUTHYMII
2431 327 2754 392 ZIGABENI
3863 347 3947 404 litt

779 457 941 512 Vers.
971 456 1022 510 9.
1057 457 1185 527 Ego
1208 487 1274 498 -
1299 471 1454 528 rogo.
1482 457 1590 513 Pro
1616 457 1700 512 eis
1721 461 1776 514 te
1802 473 2034 530 precor,
2069 464 2356 530 tanquam
2392 463 2436 516 Α

2540 461 2675 533 Ἐγὼ
2737 493 2804 502 -
2859 462 3051 537 ἐρωτῶ.
3120 461 3269 536 ’Υπὶρ
3321 461 3482 515 αὐτῶν
3536 468 3782 539 παρακαλῶ
3820 490 3876 534 σε,
3910 477 3946 533 ὡς

2470 549 2708 624 ἆνθρωπο
2723 571 2760 612 ς.

2541 729 2614 779 0'3
2655 760 2720 771 —
2752 729 2900 783 εἰσιν.
2929 730 3005 781 Οὐ
3039 735 3152 801 περὶ
3192 739 3284 782 τοῦ
3317 736 3514 802 κόσμου
3543 737 3713 796 παντὸς
3738 739 3944 809 «apud;

2469 817 2596 870 ἀλλά
2631 823 2746 890 περὶ
2798 828 2898 869 τῶν
2945 825 3292 871 πιστευόντων
3343 821 3412 881 εἰς
3591 825 3650 873 Oi
3688 826 3775 894 γὰρ
3800 831 3851 894 μή
3875 846 3944 877 πισ-

2467 910 2695 968 τεύοντες
2728 908 2785 959 οὒ
2819 907 3053 960 θελουσιν
3082 910 3164 959 ἵνα
3194 915 3309 981 περὶ
3339 909 3498 961 αὐτῶν
3526 911 3790 983 παρακαλῶ.
3818 921 3943 975 "satis;

2468 993 2527 1048 δὲ
2573 999 2755 1054 τίθησι
2815 1003 2870 1048 τὸ
2920 994 3180 1062 Δέδωκάς,
3246 1000 3326 1049 ἶνα
3380 1001 3585 1070 μάθωσι
3628 999 3940 1074 βεϐαιότερενὸτι

2470 1085 2667 1156 θέλημα
2713 1094 2806 1137 τοὺ
2866 1091 3068 1158 Πατρός
3128 1091 3237 1138 ἐστι
3297 1091 3354 1139 τὸ
3411 1091 3661 1140 πιστεύειν
3696 1090 3939 1149 strains.

2465 1173 2634 1246 [Ἐπεὶ
2675 1174 2788 1242 (84)
2837 1172 2895 1227 δί
2935 1179 2991 1226 τὸ
3051 1172 3289 1236 Δέδωκάς
3326 1196 3433 1248 μοι,
3472 1182 3640 1229 καὶτὸ
3681 1186 3752 1230 Σοί
3790 1181 3938 1246 tivam

2467 1266 2530 1314 τὰ
2555 1259 2770 1315 τοιαῦτα
2815 1263 3016 1335 ἔμελλον
3057 1263 3346 1335 ἐμποιῆσαι
3392 1272 3496 1326 τοῖς
3541 1265 3939 1337 ἀσυνέτοιςῦποῷας

2467 1372 2696 1424 πονηρας
2724 1355 2803 1404 ὃτι
2832 1355 3024 1424 μείζων
3051 1356 3080 1411 ἡ
3109 1352 3320 1416 ἐξουσία
3347 1362 3435 1406 τοῦ
3471 1359 3658 1428 Πατρός
3679 1362 3938 1427 καὶπρογεγες-

2463 1447 2603 1514 τέρα.
2628 1441 2735 1493 λύει
2761 1445 2954 1503 ταύτας
2978 1441 3179 1512 λέγων]

2541 1536 2638 1583 Καὶ
2691 1561 2753 1570 --
2803 1529 2917 1601 ἐμά.
2981 1528 3132 1592 Εἶδες
3188 1531 3453 1603 ἰσοτιμίαν
3495 1549 3508 1597 ;
3565 1541 3703 1584 τοῦτο
3745 1537 3822 1604 γὰρ
3856 1532 3938 1588 iri-ai

2464 1627 2550 1668 νῦν
2609 1621 2636 1675 ἠ
2699 1625 3038 1692 αντιστροφή.
3121 1619 3289 1671 Εἰπων
3347 1624 3438 1691 μὲν
3491 1617 3574 1672 οὖν
3626 1623 3696 1672 ὅτι
3746 1627 3810 1672 Σοί
3851 1623 3935 1676 risu,

2465 1702 2651 1767 ἔδειξεν
2733 1709 2813 1757 ὅτι
2876 1711 2960 1757 καὶ
3015 1702 3245 1766 δοθέντες
3320 1707 3463 1778 αὐτῷ
3535 1717 3624 1768 τῆς
3680 1707 3936 1770 έξουσὶαςτε.

2394 1818 2430 1871 Β
2467 1802 2668 1866 Ιῐατρος
2717 1795 2864 1846 εἰσιν.
2928 1794 3037 1848 Ἰνα
3085 1791 3143 1847 δὲ
3197 1800 3270 1867 μὴ
3326 1802 3518 1868 νομίσῃ
3571 1816 3643 1858 τις
3695 1796 3862 1848 ἐντινθιν
3898 1799 3934 1846 ἐτς

2463 1884 2991 1957 ἑξουσιαστικωτιρος
3049 1884 3190 1935 ἐστιν
3248 1886 3274 1935 ὁ
3331 1891 3538 1958 Πατὴρ,
3593 1888 3845 1958 προσέθηιν
3886 1892 3934 1936 lix:

2461 1976 2522 2023 τα
2566 1971 2663 2043 ὶμα
2712 1977 2898 2035 πάντα,
2936 1976 3003 2023 σά
3056 1971 3187 2035 ἐστι,
3250 1975 3430 2024 καὶτὰ
3480 1977 3548 2026 σὰ
3590 1972 3931 2044 ἐμά.[’1ὶστεξ8ζςι

2459 2069 2547 2113 καὶ
2607 2065 2704 2136 πρὸ
2760 2071 2852 2113 τοῦ
2906 2058 3127 2118 δοθῆναι
3184 2070 3276 2114 τοῦ
3320 2065 3449 2114 Tia!)
3501 2060 3651 2128 ἦσαν,
3692 2069 3764 2114 καὶ
3797 2081 3931 2133 μετετς

2462 2147 2682 2208 δοθῆναι
2739 2159 2829 2202 τοὺ
2897 2155 3121 2221 Πατρός,
3186 2157 3456 2204 τουτέστιν
3512 2151 3588 2204 ἀεὶ
3640 2152 3864 2224 apponam
3900 2153 3931 2207 9,-

2461 2240 2731 2310 ἰσοτίμων.
2802 2235 3040 2300 Δέδωκας
3109 2235 3196 2290 οὖν
3277 2258 3368 2311 μοι
3426 2245 3548 2302 τοὺς
3611 2240 3756 2311 ἐμούς.
3798 2236 3930 2294 Δέὸωιπς

2459 2326 2518 2381 δὲ
2566 2325 2707 2380 εἷπον
2764 2329 3120 2399 οἰκονομικῶς,
3181 2329 3263 2379 ἵνα
3321 2338 3520 2400 γνῶσιν
3571 2333 3648 2382 ὃτι
3695 2329 3744 2381 οὐ
3779 2334 3865 2398 πειεά
3895 2346 3925 2375 τε

2462 2423 2551 2470 σὸν
2587 2417 2782 2490 ϐέλη-μα
2814 2421 3028 2478 τούτους
3060 2416 3494 2492 ἐπισπασάμην].

2536 2601 2633 2648 Καὶ
2678 2628 2741 2636 -
2774 2595 2970 2657 αὐτοῖς.
3030 2599 3129 2647 Καὶ
3175 2594 3416 2658 ἰξουσίαν
3467 2599 3577 2668 ἔχω
3617 2596 3663 2648 ἓν
3706 2593 3940 2654 τοίςσθῖςὲς

2463 2684 2618 2756 ἐμοῖς,
2649 2684 2820 2757 ὥσπερ
2853 2690 2937 2736 καὶ
2972 2689 3037 2736 σὺ
3068 2689 3116 2737 ιν
3150 2693 3259 2746 τοῖς
3289 2686 3437 2757 ἐμοῖς
3463 2688 3532 2746 ὡς
3558 2693 3682 2746 σοῖς.

2531 2950 2618 3016 Ἦ,
2661 2947 2989 3021 δεδόξασμαι
3039 2950 3082 3001 ἰν
3113 2958 3216 3011 τοῖς
3263 2947 3471 3004 δοθεῖσι
3509 2971 3597 3023 μοι
3633 2952 3847 3023 μαθηταὶς
3883 2951 3940 2994 it:-

2456 3060 2642 3111 γνουσι
2717 3044 2806 3110 μὲν
2887 3043 3070 3113 Κύριον
3156 3041 3349 3092 ἑαυτῶν
3395 3046 3490 3092 καὶ
3569 3046 3865 3114 προσκυνοῦσι
3898 3053 3939 3082 11

2457 3132 2780 3201 κηρύττουσι
2809 3148 2872 3200 με
2897 3133 3044 3182 Θεὸν.

2535 3223 2630 3270 Καὶ
2685 3249 2748 3257 —
2797 3222 2997 3289 κόσμῳ.
3077 3220 3219 3269 Μετὰ
3289 3222 3480 3292 μικρὸν
3539 3217 3848 3274 ἀποθνήσκων.
3885 3217 3938 3260 Πι-

2457 3307 2531 3358 λιν
2562 3311 2668 3376 (36)
2704 3304 2760 3359 δὴ
2801 3307 2998 3378 ιίσοὶγιι
3027 3311 3080 3358 τὸ
3111 3312 3229 3379 περὶ
3274 3315 3366 3358 τοῦ
3401 3309 3624 3359 Θανάτου
3653 3306 3804 3365 αὑτοῦ,
3829 3299 3936 3371 μεὶῖιὲέῖ

2458 3398 2667 3458 αὐτοὺς,
2702 3399 2763 3455 ὡς
2790 3398 3074 3468 ἄνθρωπος,
3122 3397 3456 3468 παραθέσθαι
3478 3404 3549 3466 τῷ
3579 3402 3686 3464 Θεῷ
3732 3398 3804 3443 καὶ
3831 3396 3928 3455 llr}:

2457 3490 2622 3542 Φησὶν
2653 3485 2741 3536 οὖν
2767 3487 2846 3536 ὄτι
2892 3485 3080 3537 Οὐκέτι
3112 3487 3226 3552 (8⁸7)
3259 3484 3361 3555 εἰμί
3404 3484 3455 3536 ἐν
3487 3493 3559 3554 τῷ
3589 3489 3769 3553 κοσμω,
3799 3478 3935 3529 καθέτίλ

2458 3577 2590 3646 οἱχρι
2646 3582 2752 3640 νῦν,
2795 3579 2978 3638 συνὼν,
3032 3579 3121 3626 καὶ
3175 3574 3462 3647 στηρίζων,
3531 3579 3618 3626 καὶ
3674 3571 3861 3642 ἀλείφων,
3897 3581 3939 3610 ιι

2459 3673 2764 3737 παρηγορῶν
2789 3663 2969 3722 αὐτούς
2995 3662 3129 3734 (88).

2533 3736 2656 3823 [Καὶ
2710 3751 2823 3823 (89)
2871 3783 2937 3792 —
2988 3752 3107 3805 εἰσί.
3161 3755 3332 3809 Μήπω
3378 3750 3790 3809 ἀποθνήσκοντες,
3814 3751 3876 3795 καὶ
3897 3736 3939 3790 δῖλ

2459 3851 2610 3894 τοῦτο
2651 3851 2744 3902 τῆς
2795 3849 2887 3901 σῆς
2947 3837 3151 3893 δέονται
3205 3839 3478 3913 βοηθείας.
3531 3841 3692 3893 Εἰπὼν
3725 3835 3775 3890 δὴ
3810 3836 3941 3885 ὅτιθέι

2460 3931 2565 4003 εἰμι
2595 3929 2642 3982 ἐν
2673 3938 2742 4000 τῷ
2773 3935 2976 4001 κόσμῳ,
3011 3929 3337 4003 ἕφιρμηνιύει
3362 3940 3517 3982 τουτο
3542 3929 3710 4001 λέγων·

2533 4025 2632 4072 Καὶ
2680 4049 2747 4059 —
2794 4017 3063 4091 ῖρχομαι].
3114 4019 3201 4081 Ὠς
3249 4021 3365 4080 Υἱὸς
3394 4023 3528 4092 πρὸς
3568 4021 3772 4088 [Im-ipa,
3800 4013 3941 4077 τρεργςν

2459 4108 2534 4160 τι)
2546 4115 2704 4160 ιιώσα
2714 4128 2752 4173 ς,
2787 4112 2848 4168 ὡς
2879 4111 3101 4180 εἴρηται.

2535 4199 2699 4272 Πάτερ
2754 4228 2822 4237 -—
2875 4216 2980 4257 μοι.
3026 4200 3120 4248 Διὰ
3166 4204 3258 4248 τοῦ
3311 4196 3564 4269 ὀνόματός
3610 4215 3698 4248 σου
3726 4199 3801 4245 τοῦ
3838 4202 3941 4239 παντε-

2461 4285 2696 4359 δυνάμου
2728 4289 2752 4338 ὅ
2796 4289 2905 4358 ἔχω
2958 4289 3108 4357 φύσει
3156 4284 3320 4356 κάγώ.
3365 4285 3517 4359 [Θεὸς
3567 4286 3673 4356 (90)
3715 4285 3798 4354 γὰρ
3832 4275 3932 4341 τὴν,

2463 4378 2621 4429 Πάλιν
2653 4372 2711 4428 δι
2739 4380 2793 4428 τὸ
2835 4372 3089 4440 Δέδωκας,
3121 4377 3202 4427 ἱνα
3232 4379 3303 4446 μὴ
3339 4371 3465 4448 δοξη
3502 4374 3738 4434 ἀντίθεος·
3764 4373 3788 4428 ἡ
3815 4363 3942 4419 56m

2460 4470 2556 4528 xci;
2583 4485 2692 4538 μοι,
2720 4468 2786 4526 ὡς
2823 4465 3097 4537 ἀνθρώπῳ.

2529 4643 2640 4696 Ἰνα
2684 4640 2809 4695 ὦσιν
2860 4645 2929 4696 ἓν.
2979 4641 3090 4696 Ἱνα
3133 4638 3260 4694 ὦσιν
3291 4644 3361 4708 ἵν,
3406 4649 3470 4713 τῇ
3522 4641 3693 4694 ἕνώσιι
3726 4643 3802 4694 τῆς
3832 4630 3877 4686 εἷς

2458 4738 2700 4797 πίστεως,
2752 4737 2841 4784 καὶ
2885 4741 2979 4793 τῆς
3033 4731 3104 4792 εἷς
3136 4730 3379 4791 ἀλλήλους
3414 4729 3642 4802 ἀγάπης,
3676 4727 3798 4801 [περὶ
3822 4720 3898 4791 (91)
3919 4728 3941 4758 ’4

2459 4821 2692 4894 ἀνωτέρω
2712 4821 2875 4873 πολλὰ
2904 4820 3078 4881 αὐτοῖς
3106 4819 3432 4894 iuuante].

2532 4913 2718 4972 Καθὼς
2791 4913 2961 4982 ἡμεῖς.
3039 4908 3349 4983 [Προιίρηκι
3421 4910 3540 4982 (92)
3605 4909 3721 4981 γάρ’
3773 4903 3836 4954 ὅτι
3873 4896 3939 4957 Ἕί*

2451 5005 2549 5053 «καὶ
2603 5002 2631 5051 ὁ
2689 5004 2869 5074 Πατὴρ
2929 5000 2978 5052 ἓν
3029 5001 3203 5072 ἔσμεν.
3287 4995 3776 5072 Προδιιστειλάμιθα
3829 4985 3870 5038 o'i
3899 4995 3938 5027 ιι

1878 5278 2098 5358 Varia:
2148 5277 2477 5347 lectiones
2535 5286 2600 5344 et
2635 5286 2838 5358 notae.

915 5452 1152 5511 Inclusa
1185 5452 1402 5509 omittit
1425 5452 1492 5505 A.

795 5523 885 5583 85)
910 5526 1148 5582 Inclusa
1173 5524 1397 5580 absunt.
1426 5523 1495 5578 A.

793 5596 883 5668 86)
931 5597 1089 5650 Ηαλιν
1119 5596 1299 5668 ἐπαγει
1330 5598 1394 5648 Α.

769 5670 1030 5740 (87)"01';
1057 5671 1151 5722 οὐκ
1182 5672 1287 5739 εἰμί
1357 5672 1420 5720 Δ.

770 5457 863 5528 (et

866 5455 885 5670 ξ

769 5731 886 5830 (88)
931 5743 1071 5800 Post
1119 5731 1332 5807 Δύτοὺς,
1391 5734 1562 5794 addit
1612 5734 1660 5789 Α
1707 5731 1919 5791 ;Τὸ,δὲ
1949 5739 2039 5790 καὶ
2083 5737 2185 5808 ἐγὼ
2223 5735 2358 5810 πρός

2467 5448 2804 5572 σὶιῗέξέῗηαέί

2597 5515 2661 5584 9)·
2685 5515 2917 5573 Inclusa
2957 5515 3180 5573 absunt
3214 5517 3282 5573 A.

2559 5591 2648 5660 90)
2684 5589 2918 5644 Inclusa
2943 5587 3294 5660 exciderunt
3325 5588 3394 5642 A.

2536 5659 2648 5732 (91)
2680 5660 2916 5717 Inclusa
2955 5659 3181 5732 absunt
3216 5662 3287 5715 Δ.

2538 5731 3287 5808 (92).1ιηοιυια.ιδμωιι.Δ.
