4076 6432
165 315 308 380 ΜΔιὸ

1158 301 1516 370 COMMENT.
1561 307 1630 365 ΙΝ
1669 303 2024 365 ΑΙΟΑΝΝΕΜ.
2070 337 2133 346 -
2174 304 2333 361 CAP.
2376 293 2548 361 XVII.

3391 294 3536 363 4M6

173 449 220 504 ἂν
259 449 442 510 ἄλλοις
471 448 554 500 ὅτι
581 449 641 499 τὸ
677 446 880 504 «Καθὼς
915 446 1007 494 καὶ
1037 443 1104 494 τά
1141 447 1362 492 τοιαῦτα
1407 437 1492 490 ἐπὶ
1547 439 1635 508 μεν
1683 443 1778 496 τῆς

1912 449 2040 498 nus,
2061 430 2225 504 quod
2247 432 2420 492 καθὼς
2439 429 2608 494 sicut,
2628 432 2685 485 et
2703 429 2939 494 similia,
2958 429 3032 486 de
3054 436 3265 486 sancta
3289 431 3536 502 quidem

175 541 320 610 ἁγίας
365 533 591 611 Τριάδος
649 535 870 591 ἰσότητα
924 528 1198 593 δηλοῦσιν,
1255 529 1337 581 ἐπὶ
1394 524 1452 579 δε
1511 533 1643 580 Θεοῦ
1691 529 1779 576 καὶ

173 628 455 703 ἀνθρώπων
510 627 762 698 ὁμοίωσίν
827 641 962 675 τινα.
1021 619 1108 673 Ἓν
1183 615 1270 670 οὖν
1325 617 1456 670 εἰσιν
1515 617 1542 667 6
1599 618 1778 688 Πατὴρ

179 723 260 769 xui
289 719 315 768 6
342 713 513 788 Υἱὸς],
543 715 716 787 ὥσπερ
749 719 810 783 τῇ
844 710 1002 782 οὐσίᾳ
1047 713 1137 761 καὶ
1166 714 1278 768 τοῖς
1307 706 1502 770 illo“,
1527 705 1663 757 οὕτω
1691 714 1781 762 καὶ

179 815 238 878 τῇ
269 807 499 877 ὁμονοίᾳ.
538 805 732 856 Λοιπὸν
761 797 848 854 οὖν
874 803 955 867 τό,
983 801 1167 860 Καθὼς
1186 799 1355 868 ἡμεῖς,
1385 791 1479 848 διὰ
1510 798 1568 846 τὸ
1601 791 1780 846 ἀδιαί-

181 915 320 970 ρετον
349 899 439 946 καὶ
460 889 830 966 ἀδιάῤῥηκτον.

248 983 370 1036 Ὀτε
396 1013 462 1022 -
494 1001 610 1035 σου.
645 979 768 1032 "Ore
793 982 933 1051 ἤμην
965 977 1012 1029 ἐν
1044 985 1116 1047 τῷ
1155 980 1338 1048 κόσμῳ
1365 977 1432 1035 ὡς
1463 973 1731 1046 ἅνθρωπος
1766 991 1779 1004 ο

183 1072 260 1125 ἀεὶ
286 1075 384 1144 ’γὰρ
437 1070 542 1142 εἰμι
572 1073 640 1130 ὡς
689 1073 814 1128 Θεὸς
846 1084 857 1097 ⁸
889 1069 970 1120 ὅτε
1009 1065 1108 1137 ἐγὼ
1153 1064 1370 1137 ἐτήρουν
1400 1063 1589 1123 αύτούς
1621 1059 1669 1112 ἐν
1717 1068 1778 1132 τῇ

185 1159 401 1232 δυνάμει
445 1179 560 1224 σου,
607 1162 769 1229 ἤγουν
821 1156 869 1208 ἐν
917 1159 1000 1208 σοί
1030 1174 1043 1187 ”
1083 1157 1112 1212 ἡ
1157 1153 1251 1226 ἐμὴ
1289 1155 1390 1228 γὰρ
1443 1148 1660 1222 δύναμις
1691 1155 1781 1214 σὴ,

183 1255 269 1302 καὶ
299 1248 398 1321 ἐγὼ
425 1254 514 1300 xui
548 1251 612 1300 σύ
640 1249 688 1300 ἓν
717 1246 895 1318 ἐσμεν,

257 1344 357 1391 Kui
406 1341 476 1400 ὡς
523 1339 793 1409 ἄνθρωπος
838 1332 896 1388 δὲ
948 1341 1117 1386 ταῦτα
1145 1337 1234 1384 καὶ
1284 1333 1348 1384 τά
1401 1337 1623 1382 τοιαῦτα
1671 1324 1788 1380 δια-

183 1428 404 1499 λέγεται,
444 1431 536 1478 xai
584 1424 677 1479 διὰ
705 1430 798 1483 την
851 1424 1116 1477 ἀσθένειαν
1161 1431 1260 1474 τῶν
1291 1421 1556 1493 μαθητῶν.
1620 1417 1786 1491 [Ἐπεὶ

183 1521 284 1592 ’γὰρ
351 1517 490 1588 (93),
565 1515 728 1568 πολλὰ
792 1518 912 1586 περὶ
967 1521 1062 1574 τῆς
1123 1513 1245 1584 παρ’
1318 1509 1479 1562 αὑτοῦ
1537 1506 1787 1581 βοηθείας

188 1605 520 1671 ἀκούσαντες,
615 1608 704 1656 καὶ
788 1605 869 1655 ὅτι
939 1601 1098 1654 Πάλιν
1179 1599 1378 1672 ὄψομαι
1461 1599 1615 1667 ὑμᾶς,
1699 1601 1788 1648 καὶ

186 1700 487 1770 χαρήσεται
540 1695 683 1766 ὑμῶν
739 1694 770 1750 ἡ
845 1689 1065 1765 καρδία,
1115 1695 1204 1742 καὶ
1263 1693 1358 1746 τὴν
1414 1689 1589 1760 χαρὰν
1647 1687 1787 1758 ὑμῶν

186 1781 360 1846 οὐδεὶς
412 1787 546 1857 αἴρει
621 1781 708 1854 ἀφ’
765 1783 907 1853 ὑμῶν
941 1799 952 1809 ’

186 1883 275 1934 τῆς
307 1873 532 1946 ἀθυμίας
571 1871 732 1924 τελεον
767 1889 777 1900 ·
812 1879 884 1940 τῷ
916 1875 1085 1941 Πατρί
1115 1869 1292 1920 λοιπόν
1324 1868 1449 1940 ύπερ
1480 1865 1647 1918 αὐτῶν
1677 1861 1790 1916 δια-

187 1963 406 2035 λέγεται,
445 1963 528 2014 ἱνα
555 1963 651 2012 κᾶν
689 1967 815 2030 ’γοῦν
844 1968 916 2030 τῷ
968 1963 1134 2032 Πατρὶ
1165 1959 1566 2030 παρατιθέμενοι
1593 1953 1791 2028 θαῤῥη-

191 2071 373 2105 σωσιν.
427 2051 640 2110 Ἀτελιῖς
667 2052 770 2121 ’γὰρ
797 2053 934 2108 ὄντες
985 2047 1088 2118 ούχ
1135 2047 1278 2098 ούπω
1318 2052 1422 2105 τοῖς
1452 2043 1674 2115 ὑψηλοῖς
1705 2049 1793 2095 καὶ

190 2144 493 2213 θεοπρεπέσι
513 2139 748 2212 ῥήμασιν
788 2139 1056 2188 inici-suav
1085 2137 1156 2196 ως
1178 2142 1286 2196 τοίς
1311 2135 1686 2206 ταπεινοτέροις
1705 2137 1793 2184 καὶ

187 2230 246 2281 ἀν
254 2232 312 2301 θρ
319 2227 702 2300 ωποπρεπέσιν]
715 2267 728 2279 .

261 2318 368 2379 Ούς
413 2347 473 2358 -
521 2314 791 2374 ἀπωλείας.
836 2309 1062 2374 Ἰούδας,
1120 2315 1146 2364 6
1194 2309 1478 2385 προδότης,
1536 2311 1562 2361 6
1615 2308 1792 2381 φίλτα-

191 2426 278 2468 τος
337 2413 428 2462 τῆς
510 2402 782 2465 ἀπωλείας,
860 2404 886 2454 6
946 2401 1177 2473 φιληθεὶς
1234 2401 1364 2472 αὐτῇ
1420 2405 1509 2452 καὶ
1571 2399 1794 2470 φιλήσας

192 2495 380 2552 αὐτην,
439 2491 718 2546 Ἀπωλειαν
767 2488 826 2544 δε
863 2495 965 2542 νόει
1012 2495 1104 2548 τὴν
1156 2489 1255 2542 ἀπό
1285 2497 1376 2542 τοῦ
1425 2495 1558 2542 Θεοῦ
1602 2490 1792 2540 Exn-rw-

195 2589 274 2636 σίν
328 2602 382 2636 τε
435 2586 526 2634 καὶ
571 2579 934 2655 ἀλλοτρίωσιν,
1006 2583 1036 2637 ἦ
1110 2585 1199 2631 xui
1263 2583 1346 2630 τόν
1414 2575 1654 2630 διάϐολον
1727 2578 1793 2638 ὡς

192 2671 507 2724 ἀπολλύοντα
563 2673 684 2731 τούς
736 2670 1066 2740 πειθομένους
1119 2668 1276 2738 αύτῷ.
1339 2666 1620 2738 [Ἄπωλετο
1672 2666 1793 2736 (94)

187 2765 286 2836 γὰρ
333 2762 357 2812 6
403 2755 612 2820 Ἰούδας
660 2757 909 2817 ἑκουσίως
955 2753 1049 2808 διά
1095 2756 1396 2828 φαυλότητα
1423 2758 1791 2828 προαιρέσεως.

178 2857 292 2904 »Καὶ
339 2855 442 2922 μὴν
492 2854 582 2902 καὶ
638 2847 784 2900 ἄλλοι
833 2846 935 2899 ἀπὸ
990 2855 1088 2899 τῶν
1137 2844 1496 2918 ἐϐδομήκοντα
1546 2847 1791 2917 μαθητῶν

190 2939 470 3005 ἀπώλοντο,
506 2938 614 2990 ἀλλ’
645 2938 705 2989 ού
735 2943 872 3002 τότε,
919 2935 1026 2988 ἀλλ’
1057 2937 1295 3010 ὕστερον.
1332 2939 1455 2988 Τότε
1493 2931 1554 2987 δε
1583 2940 1738 3006 μόνος
1765 2936 1791 2986 6

187 3025 422 3104 προδότη
435 3049 455 3090 ς
487 3025 742 3097 ἀπώλετο]
757 3068 768 3077 .

1885 521 2161 578 Trinitate
2208 519 2384 584 dicta,
2437 517 2839 590 aequalitatem
2884 519 3260 588 significent;
3300 519 3374 574 de
3419 520 3538 575 Deo

1889 626 2028 666 vero
2042 614 2100 665 et
2123 607 2487 673 hominibus,
2511 606 2959 663 similitudinem
2977 607 3323 680 quamdam.
3345 607 3540 664 Unum

1876 716 2032 770 ergo
2057 704 2194 754 sunt
2228 697 2393 752 Pater
2418 701 2474 752 et
2510 695 2699 762 Filius,
2731 697 2878 752 sicut
2902 699 3156 753 essentia
3187 705 3242 752 et
3273 697 3422 763 aliis,
3461 697 3543 753 ita

1889 791 2070 845 etiam
2102 786 2439 843 concordia.
2495 785 2642 841 Dicit
2687 787 2908 858 itaque,
2945 786 3105 842 Sicut
3143 803 3267 851 nos,
3301 793 3544 859 propter

1887 877 2303 934 indivisionem
2332 891 2402 931 ac
2430 875 3022 946 inseparabilitatem.

1968 966 2128 1022 Vers.
2165 969 2247 1021 t2.
2279 965 2422 1020 Cum
2471 969 2740 1019 —tuum.
2771 965 2919 1020 Cum
2964 980 3155 1020 essem
3180 965 3239 1021 in
3292 965 3539 1031 mundo,

1892 1062 1958 1112 ut
1985 1057 2189 1118 homo,
2221 1053 2326 1127 qui
2352 1067 2579 1124 semper
2603 1053 2665 1108 in
2691 1069 2762 1109 eo
2794 1071 2948 1119 sum,
2978 1060 3041 1109 ut
3078 1057 3249 1119 Deus,
3275 1060 3414 1110 tunc
3435 1071 3545 1126 ego

1893 1144 2203 1202 servabam
2235 1159 2336 1199 eos
2358 1159 2464 1214 per
2489 1143 2769 1200 virtutem
2807 1150 2988 1212 tuam,
3012 1144 3135 1199 sive
3162 1159 3266 1213 per
3297 1149 3348 1200 te
3369 1161 3383 1212 ;
3402 1161 3547 1202 nam

1893 1251 2028 1292 mea
2053 1234 2233 1290 virtus
2265 1238 2365 1289 tua
2395 1237 2501 1296 est.
2533 1239 2588 1288 et
2618 1248 2731 1302 ego
2761 1238 2816 1288 et
2848 1239 2906 1288 tu
2931 1249 3107 1288 unum
3141 1250 3365 1290 sumus.

1967 1326 2105 1379 Haec
2127 1327 2328 1378 autem
2344 1327 2399 1376 et
2420 1321 2634 1376 similia
2655 1321 2934 1394 loquitur,
2958 1328 3015 1377 et
3032 1327 3317 1395 tanquam
3341 1323 3546 1391 homo,

1895 1419 1952 1470 et
1985 1418 2226 1486 propter
2262 1409 2699 1482 discipulorum
2725 1410 3206 1468 imbecillitatem.
3240 1412 3548 1484 Siquidem

1895 1504 2039 1577 quia
2085 1501 2288 1557 multis
2330 1500 2404 1556 de
2449 1501 2578 1571 ejus
2637 1500 2860 1556 auxilio
2902 1501 3142 1568 auditis,
3190 1507 3291 1558 et:
3335 1503 3550 1558 lterum

1896 1592 2093 1650 videbo
2141 1606 2258 1653 vos.
2314 1594 2366 1646 et
2402 1589 2671 1660 gaudebit
2721 1605 2822 1646 cor
2865 1597 3134 1657 vestrum,
3171 1597 3228 1648 et
3273 1593 3549 1661 gaudium

1896 1688 2148 1738 vestrum
2176 1694 2335 1735 nemo
2372 1679 2535 1734 tollet
2561 1693 2597 1734 a
2629 1678 2786 1734 vobis
2817 1679 2883 1743 “,
2918 1679 3188 1734 nondum
3221 1681 3474 1750 perfecte
3515 1697 3550 1737 a

1019 1780 1112 1832 οὐκ
1197 1776 1471 1848 ἀπηλλάγη
1482 1796 1576 1828 σαν
1646 1777 1789 1826 οὔπω

1912 1786 2153 1827 maerore
2175 1769 2402 1823 liberati
2420 1774 2614 1822 erant:
2639 1767 2795 1824 Patri
2818 1767 3097 1840 deinceps
3123 1784 3231 1840 pro
3261 1770 3343 1824 eis
3363 1769 3552 1842 loqui-

1901 1867 2012 1930 tur,
2033 1864 2093 1914 ut
2107 1857 2253 1913 Patri
2266 1872 2511 1929 quoque
2524 1857 2926 1923 commendati,
2946 1857 3105 1912 bono
3118 1866 3312 1914 essent
3325 1859 3549 1917 animo.

1903 1953 2050 2006 Cum
2081 1948 2240 2002 enim
2274 1945 2618 2018 imperfecti,
2665 1954 2881 2011 essent,
2910 1963 3031 2002 non
3073 1949 3149 2003 ita
3191 1948 3553 2005 sublimibus

1901 2054 1972 2094 ac
1992 2037 2210 2092 divinis
2230 2035 2428 2090 verbis
2451 2035 2790 2100 credebant,
2814 2037 3330 2108 quemadmodum
3360 2038 3554 2095 humi-

1902 2126 2149 2183 lioribus
2189 2141 2260 2181 ac
2289 2141 2455 2180 more
2484 2126 2754 2181 humano
2781 2125 2970 2181 dictis.

1975 2306 2137 2360 Vers.
2197 2309 2276 2360 i2.
2329 2303 2484 2370 Quos
2531 2334 2599 2343 —
2640 2305 2993 2374 perditionis
3038 2306 3222 2362 Judas
3269 2308 3550 2379 proditor,

1905 2393 2353 2449 amantissimus
2379 2392 2742 2461 perditionis,
2769 2393 3016 2449 dilectus
3037 2395 3116 2450 ab
3149 2411 3241 2464 ea,
3268 2396 3554 2468 illamque

1904 2481 2181 2554 diligens.
2213 2481 2614 2537 Perditionem
2648 2499 2784 2538 vero
2810 2482 3065 2552 intellige
3104 2501 3302 2540 casum
3333 2492 3390 2540 et
3419 2485 3556 2540 alie-

1901 2573 2206 2626 nationem
2230 2587 2266 2625 a
2289 2571 2429 2636 Deo,
2453 2576 2555 2625 aut
2575 2570 2752 2625 etiam
2780 2571 3088 2627 diabolum
3113 2575 3326 2644 ipsum,
3354 2581 3554 2646 utpote

1904 2659 2246 2731 perdentem
2277 2659 2408 2714 illos
2427 2659 2531 2731 qui
2557 2660 2608 2714 ei
2634 2659 2937 2716 obediunt.
2961 2661 3128 2716 Periit
3151 2670 3348 2718 autem
3367 2665 3554 2718 ludas

1903 2753 2246 2820 spontanee,
2291 2756 2533 2820 propter
2583 2748 2908 2805 voluntatis
2956 2751 3325 2821 pravitatem.
3378 2754 3554 2825 Atqui

1902 2839 2079 2894 etiam
2096 2838 2194 2893 alii
2210 2837 2284 2892 de
2298 2837 2679 2909 septuaginta
2696 2841 3014 2910 perierunt,
3029 2856 3242 2897 verum
3255 2857 3379 2898 non-
3396 2848 3555 2909 tunc,

1899 2944 2046 2986 nam
2079 2929 2242 2984 solus
2272 2929 2542 3000 proditor
2566 2934 2706 2985 tunc
2736 2931 2910 3002 periit

257 3124 367 3170 Ἵνα
395 3119 424 3173 ἡ
480 3119 653 3188 Γραφὴ
710 3114 980 3185 πληρωθῇ
1024 3113 1080 3164 Ἦ
1127 3117 1400 3176 Δαυῑτικὴ,
1433 3113 1463 3168 ἡ
1523 3109 1790 3181 πολλαχοῦ

1974 3105 2138 3160 Vers.
2183 3107 2270 3159 12.
2326 3107 2397 3162 Ut
2448 3106 2761 3174 Scriptura
2805 3110 3206 3176 compleretur.
3252 3110 3553 3176 Davidica,

190 3211 308 3278 περὶ
335 3214 428 3266 τὴς
459 3202 715 3263 ἀπωλείας
746 3202 907 3254 αύτοῦ
935 3198 969 3253 δ
976 3200 1388 3272 ιαλαμϐοίνουσιι,
1419 3205 1508 3252 xui
1533 3198 1721 3271 μᾶλλον
1747 3196 1793 3248 ἐν

189 3314 262 3364 τῳ
293 3293 552 3362 ἑκατοστῷ
583 3287 753 3362 ὀγδόῳ
773 3289 983 3362 ψαλμῷ.
1016 3289 1294 3342 Κάνταῦθα
1313 3293 1481 3342 τοίνυν
1511 3291 1570 3340 τὸ
1603 3289 1686 3339 ἵνα
1702 3287 1792 3339 ούκ

191 3383 361 3442 αἰτίας
391 3385 501 3434 ἐστὶ
534 3377 842 3443 δηλωτικόν,
879 3377 1008 3430 ἀλλά
1035 3387 1128 3431 τοῦ
1173 3381 1373 3439 πάντως
1417 3380 1681 3450 ἐσομένου,
1714 3379 1794 3428 ὅτι

193 3469 363 3542 μέλλει
387 3471 417 3527 ἠ
454 3473 629 3541 Γραφὴ
657 3467 1018 3541 πληρωθῆναι.

267 3653 373 3698 Νῦν
431 3678 498 3686 —
573 3649 820 3720 ἔρχομαι.
895 3645 1052 3697 Πάλιν
1113 3649 1170 3696 τό
1225 3648 1360 3717 Πρὸς
1415 3665 1471 3697 σε
1544 3647 1790 3720 ἔρχομαι,

195 3738 369 3810 ὥσπερ
427 3741 518 3788 καὶ
569 3739 627 3787 τὸ
681 3737 847 3808 Παρὰ
903 3743 994 3787 τοῦ
1070 3742 1204 3787 Θεοῦ
1261 3734 1493 3797 ἐξῆλθον,

196 3834 430 3889 τοιαύτα,
463 3834 524 3898 τῇ
559 3831 808 3897 συνεχείᾳ
840 3828 1042 3886 πάντως
1071 3827 1154 3877 ἐπὶ
1193 3825 1340 3876 πλέον
1369 3823 1593 3897 βεϐαιῶν
1619 3823 1797 3885 αὐτοῖς

1564 3739 1654 3785 καὶ
1731 3737 1796 3786 τά

195 3923 380 3984 ταῦτα,
423 3920 514 3967 xui
543 3915 654 3987 ἅμα
682 3916 1022 3988 παραμυθίαν
1053 3916 1280 3966 ἐντεῦθεν
1311 3914 1370 3966 ού
1400 3920 1493 3972 τὴν
1524 3923 1797 3985 τυχοῦσαν

194 4009 459 4077 παρέχων.

269 4098 368 4144 Καὶ
425 4123 494 4133 -
563 4093 761 4153 αὐτοῖς.
813 4098 991 4144 Ταῦτα
1045 4092 1202 4155 λαλῶ,
1263 4095 1311 4144 ἓν
1368 4100 1440 4163 τῷ
1489 4099 1672 4166 κόσμῳ
1729 4099 1796 4145 ὧν

195 4181 289 4234 ἔτι.
352 4189 549 4242 Ταῦτα,
616 4189 786 4246 ποῖα;
836 4186 926 4245 Τὸ,
989 4186 1126 4256 Πρός
1180 4185 1236 4233 σε
1289 4184 1536 4255 ἔρχομαι,
1595 4188 1793 4248 καὶτὸ,

193 4275 436 4342 Τήρησον
497 4270 703 4331 αύτούς.
790 4278 968 4322 Ταῦτα
1039 4270 1148 4334 οὖν,
1223 4275 1403 4342 φησὶν,

197 4361 367 4429 εχωσι
397 4363 488 4414 τὴν
530 4363 705 4434 χαρὰν
749 4364 841 4417 τὴν
888 4365 1005 4431 περὶ
1053 4360 1176 4432 ἐμοῦ
1205 4358 1427 4422 ὁλοτελῆ,
1465 4357 1798 4432 πληροφορη-

790 4278 968 4322 Ταῦτα
1039 4268 1148 4334 οὖν,
1223 4275 1403 4335 φησὶν,
1485 4269 1641 4335 λαλῶ,
1717 4271 1799 4321 ἱνα

1903 3209 2039 3265 quae
2069 3193 2406 3264 frequenter
2428 3195 2502 3248 de
2529 3195 2655 3264 ejus
2680 3194 3306 3268 perditioneloquitur,
3331 3207 3385 3255 et
3410 3216 3558 3270 prm-

1905 3284 2077 3354 cipue
2103 3281 2336 3354 psalmo
2371 3285 2698 3338 centesimo
2725 3291 2956 3338 octavo.
2993 3287 3055 3339 Et
3085 3285 3181 3339 hic
3211 3301 3352 3355 ergo
3379 3289 3557 3344 dictio

1903 3377 1985 3438 ut,
2027 3387 2149 3426 non
2197 3378 2285 3426 est
2341 3387 2537 3427 causas
2576 3372 2989 3442 signiﬁcativa,
3041 3375 3146 3429 sed
3192 3375 3344 3446 ejus,
3397 3379 3559 3448 quod

1903 3463 2150 3519 omnino
2201 3461 2467 3516 futurum
2497 3468 2640 3531 erat,
2682 3466 2826 3533 puta
2873 3463 3041 3534 quod
3067 3463 3370 3536 Scriptura
3398 3482 3558 3523 com-

1903 3551 2180 3625 pleretur.

1975 3641 2139 3695 Vers.
2164 3637 2248 3704 13,
2267 3639 2452 3700 Nunc
2467 3670 2535 3678 --
2556 3640 2746 3696 venio.
2767 3641 3020 3696 Rursum
3038 3642 3248 3714 repetit
3267 3643 3374 3716 (Ii),
3397 3645 3486 3699 Ad
3505 3651 3561 3702 te

1906 3731 2090 3796 venio,
2115 3729 2270 3784 sicut
2291 3734 2368 3796 et,
2385 3730 2430 3783 A
2454 3728 2571 3785 Deo
2592 3730 2772 3794 exivi,
2796 3729 2925 3786 haec
2946 3731 3426 3803 frequentissime
3445 3735 3560 3791 illis

1905 3820 2296 3884 conﬁrmans,
2346 3818 2524 3874 simul
2553 3821 2730 3876 etiam
2767 3819 3238 3879 consolationem
3265 3824 3406 3880 hinc
3444 3841 3560 3881 non

1906 3910 2218 3980 vulgarem
2250 3908 2541 3966 tribuens.

1978 4089 2141 4144 Vers.
2186 4089 2278 4145 13.
2329 4089 2400 4142 Et
2447 4117 2518 4129 -
2567 4089 2903 4158 semetipsis.
2957 4089 3088 4145 Haec
3134 4089 3368 4163 loquor,
3421 4108 3561 4148 cum

1908 4155 2106 4234 adhuc
2123 4179 2184 4232 in
2205 4177 2435 4232 muudo
2458 4193 2625 4243 sum;
2649 4155 2797 4243 haec,
2825 4195 3108 4250 quaenam
3130 4179 3158 4233 ?
3185 4155 3282 4235 A-d
3301 4155 3360 4236 te
3382 4183 3560 4250 venio,

1908 4272 1983 4333 et,
2002 4269 2189 4322 Serva
2221 4280 2333 4322 eos.
2362 4269 2493 4321 Haec
2517 4282 2677 4336 ergo,
2706 4266 2918 4337 inquit,
2941 4267 3174 4339 loquor,
3204 4274 3264 4324 ut
3299 4269 3565 4328 habeant

1907 4355 2194 4426 gaudium
2212 4355 2285 4409 de
2309 4371 2402 4410 me
2427 4373 2440 4410 :
2468 4355 2727 4427 perfecte
2748 4356 3027 4412 certiores
3055 4356 3248 4413 effecti
3272 4359 3438 4430 quod
3467 4376 3563 4416 me

199 4449 362 4507 θέντες
392 4450 470 4499 ὁτι
509 4453 599 4500 καὶ
627 4451 714 4520 ἐμὲ
761 4448 818 4500 ού
865 4448 1069 4509 καθέξει
1119 4449 1143 4498 ὁ
1193 4444 1346 4516 ᾅδης,
1394 4452 1482 4498 καί
1517 4466 1574 4498 σε
1625 4447 1790 4509 ἕξουσι

1912 4459 2031 4499 non
2060 4443 2329 4499 retinebit
2358 4444 2640 4511 infernus,
2685 4449 2743 4500 et
2781 4450 2834 4500 te
2863 4445 3176 4502 habebunt
3203 4449 3560 4519 adjutorem.

203 4534 418 4606 βοηθόν.
455 4537 658 4609 Eis/ap,
691 4536 976 4598 ἐπίστευον,
1011 4535 1158 4601 ἀλλὰ,
1181 4541 1340 4606 μήπω
1371 4538 1801 4610 καταρτισθέντες

197 4629 290 4676 καὶ
320 4623 652 4697 ὸιυμαίνοντο
682 4633 790 4688 τοῖς
820 4625 1088 4696 λογισμοῖς
1112 4625 1284 4690 πάλιν,
1318 4631 1406 4676 καὶ
1449 4626 1655 4699 ἠρεμεῖν
1705 4625 1800 4678 οὐκ

198 4710 480 4772 ἠδύναντο.

275 4801 365 4875 [Ἦ
393 4804 528 4876 (95),
561 4806 738 4859 Ταῦτα
765 4800 921 4866 λαλῶ,
954 4804 1020 4854 τά
1050 4805 1267 4854 ταπεινά
1309 4807 1399 4856 καὶ
1439 4801 1802 4879 ἀνθρωποπρε-

197 4900 295 4958 πῆ,
347 4894 449 4960 ἵνα,
509 4891 901 4966 ἀναπαυομένης
956 4899 1053 4954 τῆς
1095 4889 1343 4954 ἀσθενοῦς
1394 4895 1514 4955 τίως
1567 4889 1805 4958 διανοίας

272 5068 319 5103 “
343 5068 511 5124 Joan.
545 5070 763 5138 “1,22.

1909 4535 2267 4606 Quanquam
2287 4534 2446 4588 enim
2470 4533 2811 4601 credebant,
2841 4535 3114 4591 nondum
3141 4542 3344 4593 tamen
3368 4545 3566 4594 mente

1908 4623 2242 4694 compositi,
2289 4624 2744 4695 cogitationibus
2784 4625 2980 4680 adhuc
3020 4624 3414 4695 ﬂuctuabant,
3455 4643 3568 4684 nec

1907 4713 2216 4784 quiescere
2247 4718 2545 4785 poterant.

1984 4801 2105 4868 Vel,
2135 4802 2270 4858 Haec
2321 4803 2531 4876 loquor
2558 4801 2810 4859 humilia
2851 4819 2922 4859 ac
2954 4820 3121 4861 more
3169 4805 3439 4864 humano
3479 4812 3567 4878 ut,

1855 4941 1864 4959 ._
1904 4898 2173 4950 cessante
2203 4892 2269 4966 (ί)
2302 4893 2538 4950 interim
2571 4893 2910 4951 inﬁrmitate
2955 4896 3171 4952 mentis
3197 4912 3430 4963 eorum,
3451 4898 3567 4954 ab-

1439 5196 1656 5268 Variae
1703 5199 2026 5271 lectiones
2060 5212 2123 5268 et
2155 5213 2355 5271 notae.

274 5372 389 5446 (93)
428 5372 658 5431 Inclusa
680 5373 910 5434 «absunt
942 5382 1006 5435 Α.

275 5447 390 5518 (94)
432 5446 664 5504 Inclusa
694 5447 917 5506 absunt
945 5452 1012 5505 Α.

271 5621 358 5770 ἱζι)
386 5623 636 5693 Repetit,
665 5639 785 5680 non
815 5628 903 5682 est
928 5625 988 5681 in
1010 5625 1232 5682 Graeco.
1444 5671 1448 5676 .

296 5699 336 5767 ι)
371 5695 441 5754 Ut
471 5703 754 5764 cessante,
779 5701 889 5755 etc.
915 5699 985 5754 Ut
1010 5697 1448 5770 acquiescentei

296 5695 336 5769 ί)
371 5695 441 5754 Ut
471 5703 754 5764 cessante,
779 5701 889 5755 etc.
915 5699 985 5754 Ut
1010 5697 1425 5774 acquiescente
1444 5697 1685 5758 inﬁrma
1701 5700 1807 5760 ad-

1982 5380 2098 5455 (95)
2132 5379 2362 5437 Inclusa
2391 5379 2608 5438 absunt
2635 5383 2703 5437 Α.

1909 5629 2028 5686 huc
2064 5635 2261 5686 mente
2289 5645 2522 5710 eorum,
2566 5629 2734 5702 plene
2761 5629 3062 5710 (perfecte)
3109 5633 3434 5706 gaudeant,
3471 5649 3569 5696 me

1906 5717 2052 5759 non
2070 5709 2368 5760 centauro
2391 5710 2725 5779 apparente
2767 5709 2908 5764 Deo.
