  <div class='ocr_page' id='page_1' title='image "/cluster/home/n/w/nwhite01/storage/ocr_20150623/129/hvd.32044019208511/940.png"; bbox 0 0 4076 6458; ppageno 0'>
   <div class='ocr_carea' id='block_1_1' title="bbox 35 365 165 426">
    <p class='ocr_par' dir='ltr' id='par_1_1' title="bbox 35 365 165 426">
     <span class='ocr_line' id='line_1_1' title="bbox 35 365 165 426; baseline 0 0"><span class='ocrx_word' id='word_1_1' title='bbox 35 365 165 426; x_wconf 72' lang='grc'><strong>1449</strong></span> 
     </span>
    </p>
   </div>
   <div class='ocr_carea' id='block_1_2' title="bbox 990 353 2385 421">
    <p class='ocr_par' dir='ltr' id='par_1_2' title="bbox 990 353 2385 421">
     <span class='ocr_line' id='line_1_2' title="bbox 990 353 2385 421; baseline -0.001 0"><span class='ocrx_word' id='word_1_2' title='bbox 990 359 1359 421; x_wconf 83' lang='lat' dir='ltr'>COMMENT.</span> <span class='ocrx_word' id='word_1_3' title='bbox 1412 362 1479 420; x_wconf 90' lang='lat' dir='ltr'>IN</span> <span class='ocrx_word' id='word_1_4' title='bbox 1517 361 1861 420; x_wconf 77' lang='lat' dir='ltr'>JOANNEM.</span> <span class='ocrx_word' id='word_1_5' title='bbox 1901 395 1968 402; x_wconf 90' lang='lat'>—</span> <span class='ocrx_word' id='word_1_6' title='bbox 2007 353 2167 420; x_wconf 84' lang='lat' dir='ltr'>CAP.</span> <span class='ocrx_word' id='word_1_7' title='bbox 2223 361 2385 419; x_wconf 82' lang='lat' dir='ltr'><strong>XVII.</strong></span> 
     </span>
    </p>
   </div>
   <div class='ocr_carea' id='block_1_3' title="bbox 3246 364 3386 427">
    <p class='ocr_par' dir='ltr' id='par_1_3' title="bbox 3246 364 3386 427">
     <span class='ocr_line' id='line_1_3' title="bbox 3246 364 3386 427; baseline 0.014 -2"><span class='ocrx_word' id='word_1_8' title='bbox 3246 371 3271 425; x_wconf 76' lang='grc'>1</span> <span class='ocrx_word' id='word_1_9' title='bbox 3281 364 3386 427; x_wconf 62' lang='lat'>.150</span> 
     </span>
    </p>
   </div>
   <div class='ocr_carea' id='block_1_4' title="bbox 35 487 1649 563">
    <p class='ocr_par' dir='ltr' id='par_1_4' title="bbox 35 490 1624 563">
     <span class='ocr_line' id='line_1_4' title="bbox 35 490 1624 563; baseline -0.004 -15"><span class='ocrx_word' id='word_1_10' title='bbox 35 498 98 547; x_wconf 78' lang='grc' dir='ltr'>ὢν</span> <span class='ocrx_word' id='word_1_11' title='bbox 129 493 410 548; x_wconf 76' lang='grc' dir='ltr'>ἀπέστειλα</span> <span class='ocrx_word' id='word_1_12' title='bbox 441 492 649 554; x_wconf 75' lang='grc' dir='ltr'>αὐτούς.</span> <span class='ocrx_word' id='word_1_13' title='bbox 680 490 840 546; x_wconf 87' lang='grc' dir='ltr'>Ἀλλά</span> <span class='ocrx_word' id='word_1_14' title='bbox 870 495 934 544; x_wconf 83' lang='grc' dir='ltr'>σὺ</span> <span class='ocrx_word' id='word_1_15' title='bbox 962 494 1050 563; x_wconf 74' lang='grc' dir='ltr'>μὲν</span> <span class='ocrx_word' id='word_1_16' title='bbox 1077 496 1254 562; x_wconf 79' lang='grc' dir='ltr'>Πατήρ</span> <span class='ocrx_word' id='word_1_17' title='bbox 1287 511 1386 562; x_wconf 87' lang='grc' dir='ltr'>μου</span> <span class='ocrx_word' id='word_1_18' title='bbox 1419 492 1567 562; x_wconf 74' lang='grc' dir='ltr'>φύσει</span> <span class='ocrx_word' id='word_1_19' title='bbox 1608 506 1624 522; x_wconf 89' lang='grc'><strong>·</strong></span> 
     </span>
    </p>
   </div>
   <div class='ocr_carea' id='block_1_5' title="bbox 1768 487 3383 563">
    <p class='ocr_par' dir='ltr' id='par_1_5' title="bbox 1768 487 3383 560">
     <span class='ocr_line' id='line_1_5' title="bbox 1768 487 3383 560; baseline 0.004 -17"><span class='ocrx_word' id='word_1_20' title='bbox 1768 487 1870 543; x_wconf 82' lang='lat' dir='ltr'>nisi</span> <span class='ocrx_word' id='word_1_21' title='bbox 1901 504 2020 544; x_wconf 91' lang='lat' dir='ltr'>eos.</span> <span class='ocrx_word' id='word_1_22' title='bbox 2076 487 2190 544; x_wconf 85' lang='lat' dir='ltr'>Sed</span> <span class='ocrx_word' id='word_1_23' title='bbox 2222 491 2282 542; x_wconf 93' lang='lat' dir='ltr'>tu</span> <span class='ocrx_word' id='word_1_24' title='bbox 2310 487 2554 560; x_wconf 86' lang='lat' dir='ltr'>quidem</span> <span class='ocrx_word' id='word_1_25' title='bbox 2609 491 2825 546; x_wconf 88' lang='lat' dir='ltr'>natura</span> <span class='ocrx_word' id='word_1_26' title='bbox 2877 494 3044 547; x_wconf 88' lang='lat' dir='ltr'>Pater</span> <span class='ocrx_word' id='word_1_27' title='bbox 3083 508 3252 548; x_wconf 90' lang='lat' dir='ltr'>meus</span> <span class='ocrx_word' id='word_1_28' title='bbox 3302 511 3383 559; x_wconf 89' lang='lat' dir='ltr'>es,</span> 
     </span>
    </p>
   </div>
   <div class='ocr_carea' id='block_1_6' title="bbox 35 581 1629 658">
    <p class='ocr_par' dir='ltr' id='par_1_6' title="bbox 35 581 1629 658">
     <span class='ocr_line' id='line_1_6' title="bbox 35 581 1629 658; baseline -0.004 -22"><span class='ocrx_word' id='word_1_29' title='bbox 35 585 127 656; x_wconf 81' lang='grc' dir='ltr'>ἐγὼ</span> <span class='ocrx_word' id='word_1_30' title='bbox 166 581 224 636; x_wconf 71' lang='grc' dir='ltr'>δὲ</span> <span class='ocrx_word' id='word_1_31' title='bbox 270 588 451 658; x_wconf 78' lang='grc' dir='ltr'>Πατὴρ</span> <span class='ocrx_word' id='word_1_32' title='bbox 485 583 670 650; x_wconf 75' lang='grc' dir='ltr'>αὐτῶν,</span> <span class='ocrx_word' id='word_1_33' title='bbox 702 585 766 642; x_wconf 86' lang='grc' dir='ltr'>ὡς</span> <span class='ocrx_word' id='word_1_34' title='bbox 804 586 1020 641; x_wconf 75' lang='grc' dir='ltr'>κτίστης</span> <span class='ocrx_word' id='word_1_35' title='bbox 1059 584 1145 632; x_wconf 84' lang='grc' dir='ltr'>καὶ</span> <span class='ocrx_word' id='word_1_36' title='bbox 1199 584 1484 653; x_wconf 80' lang='grc' dir='ltr'>προνοητης</span> <span class='ocrx_word' id='word_1_37' title='bbox 1538 583 1629 630; x_wconf 82' lang='grc' dir='ltr'>καὶ</span> 
     </span>
    </p>
   </div>
   <div class='ocr_carea' id='block_1_7' title="bbox 35 663 1630 744">
    <p class='ocr_par' dir='ltr' id='par_1_7' title="bbox 35 663 1630 744">
     <span class='ocr_line' id='line_1_7' title="bbox 35 663 1630 744; baseline -0.005 -18"><span class='ocrx_word' id='word_1_38' title='bbox 35 670 377 734; x_wconf 80' lang='grc' dir='ltr'>διδάσκαλος.</span> <span class='ocrx_word' id='word_1_39' title='bbox 405 672 492 734; x_wconf 80' lang='grc' dir='ltr'>Ὧς</span> <span class='ocrx_word' id='word_1_40' title='bbox 521 675 726 744; x_wconf 87' lang='grc' dir='ltr'>γεγονὸς</span> <span class='ocrx_word' id='word_1_41' title='bbox 758 667 817 722; x_wconf 75' lang='grc' dir='ltr'>δὲ</span> <span class='ocrx_word' id='word_1_42' title='bbox 857 670 994 741; x_wconf 84' lang='grc' dir='ltr'>λέγει</span> <span class='ocrx_word' id='word_1_43' title='bbox 1022 672 1080 721; x_wconf 89' lang='grc' dir='ltr'>τὸ</span> <span class='ocrx_word' id='word_1_44' title='bbox 1136 674 1499 740; x_wconf 85' lang='grc' dir='ltr'>γενησόμενον,</span> <span class='ocrx_word' id='word_1_45' title='bbox 1537 663 1630 718; x_wconf 82' lang='grc' dir='ltr'>διὰ</span> 
     </span>
    </p>
   </div>
   <div class='ocr_carea' id='block_1_8' title="bbox 35 755 1628 834">
    <p class='ocr_par' dir='ltr' id='par_1_8' title="bbox 35 755 1628 834">
     <span class='ocr_line' id='line_1_8' title="bbox 35 755 1628 834; baseline -0.002 -20"><span class='ocrx_word' id='word_1_46' title='bbox 35 767 87 814; x_wconf 82' lang='grc' dir='ltr'>τό</span> <span class='ocrx_word' id='word_1_47' title='bbox 169 758 275 821; x_wconf 79' lang='grc' dir='ltr'>ἤδη</span> <span class='ocrx_word' id='word_1_48' title='bbox 370 761 568 834; x_wconf 76' lang='grc' dir='ltr'>μέλλειν</span> <span class='ocrx_word' id='word_1_49' title='bbox 648 759 954 813; x_wconf 80' lang='grc' dir='ltr'>ἀποστεῖλαι</span> <span class='ocrx_word' id='word_1_50' title='bbox 1026 758 1213 819; x_wconf 73' lang='grc' dir='ltr'>αὐτούς</span> <span class='ocrx_word' id='word_1_51' title='bbox 1292 761 1422 830; x_wconf 87' lang='grc' dir='ltr'>μετά</span> <span class='ocrx_word' id='word_1_52' title='bbox 1517 755 1628 827; x_wconf 87' lang='lat'>(98)</span> 
     </span>
    </p>
   </div>
   <div class='ocr_carea' id='block_1_9' title="bbox 35 856 238 923">
    <p class='ocr_par' dir='ltr' id='par_1_9' title="bbox 35 856 238 923">
     <span class='ocr_line' id='line_1_9' title="bbox 35 856 238 923; baseline 0.015 -21"><span class='ocrx_word' id='word_1_53' title='bbox 35 856 238 923; x_wconf 82' lang='grc' dir='ltr'>μικρόν.</span> 
     </span>
    </p>
   </div>
   <div class='ocr_carea' id='block_1_10' title="bbox 112 935 1625 1012">
    <p class='ocr_par' dir='ltr' id='par_1_10' title="bbox 112 935 1625 1012">
     <span class='ocr_line' id='line_1_10' title="bbox 112 935 1625 1012; baseline -0.003 -19"><span class='ocrx_word' id='word_1_54' title='bbox 112 945 205 993; x_wconf 79' lang='grc' dir='ltr'>Καὶ</span> <span class='ocrx_word' id='word_1_55' title='bbox 241 972 307 982; x_wconf 89' lang='lat'><strong><em>—</em></strong></span> <span class='ocrx_word' id='word_1_56' title='bbox 357 939 597 1012; x_wconf 84' lang='grc' dir='ltr'>ἐμαυτόν.</span> <span class='ocrx_word' id='word_1_57' title='bbox 632 938 764 1010; x_wconf 84' lang='grc' dir='ltr'>Ἐγὼ</span> <span class='ocrx_word' id='word_1_58' title='bbox 809 943 1054 998; x_wconf 86' lang='grc' dir='ltr'>εκουσίως</span> <span class='ocrx_word' id='word_1_59' title='bbox 1103 939 1339 1000; x_wconf 78' lang='grc' dir='ltr'>θυσιάζω</span> <span class='ocrx_word' id='word_1_60' title='bbox 1387 935 1625 1008; x_wconf 85' lang='grc' dir='ltr'>ἐμαυτόν.</span> 
     </span>
    </p>
   </div>
   <div class='ocr_carea' id='block_1_11' title="bbox 35 1023 1630 1103">
    <p class='ocr_par' dir='ltr' id='par_1_11' title="bbox 35 1023 1630 1103">
     <span class='ocr_line' id='line_1_11' title="bbox 35 1023 1630 1103; baseline -0.005 -21"><span class='ocrx_word' id='word_1_61' title='bbox 35 1027 320 1101; x_wconf 80' lang='grc' dir='ltr'>Ἀγιασμόν</span> <span class='ocrx_word' id='word_1_62' title='bbox 362 1031 462 1103; x_wconf 80' lang='grc' dir='ltr'>γὰρ</span> <span class='ocrx_word' id='word_1_63' title='bbox 493 1030 714 1081; x_wconf 76' lang='grc' dir='ltr'>ἐνταῦθα</span> <span class='ocrx_word' id='word_1_64' title='bbox 744 1031 829 1080; x_wconf 88' lang='grc' dir='ltr'>τόν</span> <span class='ocrx_word' id='word_1_65' title='bbox 887 1029 1180 1100; x_wconf 85' lang='grc' dir='ltr'>θυσιασμόν</span> <span class='ocrx_word' id='word_1_66' title='bbox 1232 1025 1387 1097; x_wconf 86' lang='grc' dir='ltr'>λέγει.</span> <span class='ocrx_word' id='word_1_67' title='bbox 1450 1023 1630 1096; x_wconf 71' lang='grc' dir='ltr'>Ἆγιον</span> 
     </span>
    </p>
   </div>
   <div class='ocr_carea' id='block_1_12' title="bbox 35 1115 1630 1193">
    <p class='ocr_par' dir='ltr' id='par_1_12' title="bbox 35 1115 1630 1193">
     <span class='ocr_line' id='line_1_12' title="bbox 35 1115 1630 1193; baseline -0.003 -23"><span class='ocrx_word' id='word_1_68' title='bbox 35 1121 132 1193; x_wconf 83' lang='grc' dir='ltr'>γὰρ</span> <span class='ocrx_word' id='word_1_69' title='bbox 171 1118 363 1190; x_wconf 77' lang='grc' dir='ltr'>λὲγεται</span> <span class='ocrx_word' id='word_1_70' title='bbox 405 1122 494 1170; x_wconf 80' lang='grc' dir='ltr'>καὶ</span> <span class='ocrx_word' id='word_1_71' title='bbox 525 1119 554 1176; x_wconf 83' lang='grc' dir='ltr'>ἡ</span> <span class='ocrx_word' id='word_1_72' title='bbox 605 1119 781 1188; x_wconf 88' lang='grc' dir='ltr'>θυσία,</span> <span class='ocrx_word' id='word_1_73' title='bbox 813 1121 901 1169; x_wconf 81' lang='grc' dir='ltr'>καὶ</span> <span class='ocrx_word' id='word_1_74' title='bbox 952 1116 1064 1187; x_wconf 85' lang='grc'>(99)</span> <span class='ocrx_word' id='word_1_75' title='bbox 1111 1115 1268 1167; x_wconf 76' lang='grc' dir='ltr'>πολλά</span> <span class='ocrx_word' id='word_1_76' title='bbox 1301 1118 1543 1188; x_wconf 80' lang='grc' dir='ltr'>σημαίνει</span> <span class='ocrx_word' id='word_1_77' title='bbox 1571 1116 1630 1165; x_wconf 84' lang='grc' dir='ltr'>τὸ</span> 
     </span>
    </p>
   </div>
   <div class='ocr_carea' id='block_1_13' title="bbox 35 1209 202 1279">
    <p class='ocr_par' dir='ltr' id='par_1_13' title="bbox 35 1209 202 1279">
     <span class='ocr_line' id='line_1_13' title="bbox 35 1209 202 1279; baseline 0.012 -20"><span class='ocrx_word' id='word_1_78' title='bbox 35 1209 101 1279; x_wconf 77' lang='grc' dir='ltr'>ἀγ</span> <span class='ocrx_word' id='word_1_79' title='bbox 110 1227 181 1260; x_wconf 93' lang='grc' dir='ltr'>ιον</span> <span class='ocrx_word' id='word_1_80' title='bbox 189 1251 202 1262; x_wconf 90' lang='grc'>.</span> 
     </span>
    </p>
   </div>
   <div class='ocr_carea' id='block_1_14' title="bbox 107 1381 1633 1458">
    <p class='ocr_par' dir='ltr' id='par_1_14' title="bbox 107 1381 1633 1458">
     <span class='ocr_line' id='line_1_14' title="bbox 107 1381 1633 1458; baseline -0.004 -19"><span class='ocrx_word' id='word_1_81' title='bbox 107 1386 314 1440; x_wconf 82' lang='grc' dir='ltr'>Ἴνα-</span> <span class='ocrx_word' id='word_1_82' title='bbox 357 1385 591 1458; x_wconf 79' lang='grc' dir='ltr'>ἀληθείᾳ.</span> <span class='ocrx_word' id='word_1_83' title='bbox 646 1385 756 1438; x_wconf 84' lang='grc' dir='ltr'>Ἰνα</span> <span class='ocrx_word' id='word_1_84' title='bbox 783 1389 873 1438; x_wconf 87' lang='grc' dir='ltr'>καὶ</span> <span class='ocrx_word' id='word_1_85' title='bbox 926 1383 1074 1437; x_wconf 74' lang='grc' dir='ltr'>αὐτοὶ</span> <span class='ocrx_word' id='word_1_86' title='bbox 1131 1381 1231 1436; x_wconf 81' lang='grc' dir='ltr'>ὦσι</span> <span class='ocrx_word' id='word_1_87' title='bbox 1289 1385 1557 1456; x_wconf 82' lang='grc' dir='ltr'>τεθυμένοι</span> <span class='ocrx_word' id='word_1_88' title='bbox 1583 1382 1633 1434; x_wconf 89' lang='grc' dir='ltr'>ἐν</span> 
     </span>
    </p>
   </div>
   <div class='ocr_carea' id='block_1_15' title="bbox 35 1470 1634 1550">
    <p class='ocr_par' dir='ltr' id='par_1_15' title="bbox 35 1470 1634 1550">
     <span class='ocr_line' id='line_1_15' title="bbox 35 1470 1634 1550; baseline -0.004 -21"><span class='ocrx_word' id='word_1_89' title='bbox 35 1477 254 1548; x_wconf 75' lang='grc' dir='ltr'>ἀληθινῇ</span> <span class='ocrx_word' id='word_1_90' title='bbox 288 1477 464 1548; x_wconf 80' lang='grc' dir='ltr'>θυσίᾳ.</span> <span class='ocrx_word' id='word_1_91' title='bbox 503 1475 561 1528; x_wconf 81' lang='grc' dir='ltr'><strong>Ἡ</strong></span> <span class='ocrx_word' id='word_1_92' title='bbox 607 1478 708 1550; x_wconf 84' lang='grc' dir='ltr'>γὰρ</span> <span class='ocrx_word' id='word_1_93' title='bbox 770 1478 956 1548; x_wconf 85' lang='grc' dir='ltr'>νομική</span> <span class='ocrx_word' id='word_1_94' title='bbox 1012 1476 1170 1527; x_wconf 86' lang='grc' dir='ltr'>θυσία</span> <span class='ocrx_word' id='word_1_95' title='bbox 1224 1475 1380 1534; x_wconf 81' lang='grc' dir='ltr'>τύπος</span> <span class='ocrx_word' id='word_1_96' title='bbox 1428 1470 1509 1541; x_wconf 74' lang='grc' dir='ltr'>ἦν,</span> <span class='ocrx_word' id='word_1_97' title='bbox 1542 1475 1634 1524; x_wconf 85' lang='grc' dir='ltr'>ούκ</span> 
     </span>
    </p>
   </div>
   <div class='ocr_carea' id='block_1_16' title="bbox 36 1561 1634 1637">
    <p class='ocr_par' dir='ltr' id='par_1_16' title="bbox 36 1561 1634 1637">
     <span class='ocr_line' id='line_1_16' title="bbox 36 1561 1634 1637; baseline -0.004 -18"><span class='ocrx_word' id='word_1_98' title='bbox 36 1567 271 1625; x_wconf 76' lang='grc' dir='ltr'>ἀλήθεια.</span> <span class='ocrx_word' id='word_1_99' title='bbox 299 1564 409 1618; x_wconf 79' lang='grc' dir='ltr'>Ἵνα</span> <span class='ocrx_word' id='word_1_100' title='bbox 435 1561 493 1618; x_wconf 75' lang='grc' dir='ltr'>δὲ</span> <span class='ocrx_word' id='word_1_101' title='bbox 537 1561 638 1617; x_wconf 82' lang='grc' dir='ltr'>ὦσι</span> <span class='ocrx_word' id='word_1_102' title='bbox 664 1567 949 1637; x_wconf 80' lang='grc' dir='ltr'>τεθυμένοι,</span> <span class='ocrx_word' id='word_1_103' title='bbox 1007 1565 1071 1623; x_wconf 86' lang='grc' dir='ltr'>ὡς</span> <span class='ocrx_word' id='word_1_104' title='bbox 1099 1571 1192 1624; x_wconf 86' lang='grc' dir='ltr'>τῆς</span> <span class='ocrx_word' id='word_1_105' title='bbox 1218 1562 1436 1634; x_wconf 79' lang='grc' dir='ltr'>κεφαλῆς</span> <span class='ocrx_word' id='word_1_106' title='bbox 1468 1566 1634 1614; x_wconf 77' lang='grc' dir='ltr'>αὐτῶν</span> 
     </span>
    </p>
   </div>
   <div class='ocr_carea' id='block_1_17' title="bbox 35 1659 296 1716">
    <p class='ocr_par' dir='ltr' id='par_1_17' title="bbox 35 1659 296 1716">
     <span class='ocr_line' id='line_1_17' title="bbox 35 1659 296 1716; baseline -0.008 -5"><span class='ocrx_word' id='word_1_107' title='bbox 35 1659 296 1716; x_wconf 79' lang='grc' dir='ltr'>τυθείσης.</span> 
     </span>
    </p>
   </div>
   <div class='ocr_carea' id='block_1_18' title="bbox 103 1741 1634 1816">
    <p class='ocr_par' dir='ltr' id='par_1_18' title="bbox 103 1741 1634 1816">
     <span class='ocr_line' id='line_1_18' title="bbox 103 1741 1634 1816; baseline -0.003 -20"><span class='ocrx_word' id='word_1_108' title='bbox 103 1751 173 1796; x_wconf 84' lang='grc' dir='ltr'>’Ἡ</span> <span class='ocrx_word' id='word_1_109' title='bbox 233 1747 298 1804; x_wconf 88' lang='grc' dir='ltr'>ὡς</span> <span class='ocrx_word' id='word_1_110' title='bbox 387 1747 477 1796; x_wconf 88' lang='grc' dir='ltr'>καὶ</span> <span class='ocrx_word' id='word_1_111' title='bbox 533 1743 680 1796; x_wconf 74' lang='grc' dir='ltr'>αὐτοὶ</span> <span class='ocrx_word' id='word_1_112' title='bbox 755 1744 1011 1816; x_wconf 85' lang='grc' dir='ltr'>θυόμενοι.</span> <span class='ocrx_word' id='word_1_113' title='bbox 1085 1741 1460 1814; x_wconf 80' lang='grc' dir='ltr'>Ἐλογίσθημεν</span> <span class='ocrx_word' id='word_1_114' title='bbox 1532 1744 1634 1816; x_wconf 84' lang='grc' dir='ltr'>γὰρ</span> 
     </span>
    </p>
   </div>
   <div class='ocr_carea' id='block_1_19' title="bbox 35 1832 1000 1907">
    <p class='ocr_par' dir='ltr' id='par_1_19' title="bbox 35 1832 1000 1907">
     <span class='ocr_line' id='line_1_19' title="bbox 35 1832 1000 1907; baseline -0.001 -22"><span class='ocrx_word' id='word_1_115' title='bbox 35 1838 217 1907; x_wconf 76' lang='grc' dir='ltr'>φησὶν,</span> <span class='ocrx_word' id='word_1_116' title='bbox 287 1835 356 1896; x_wconf 84' lang='grc' dir='ltr'>ὡς</span> <span class='ocrx_word' id='word_1_117' title='bbox 418 1832 655 1906; x_wconf 79' lang='grc' dir='ltr'>πρόϐατα</span> <span class='ocrx_word' id='word_1_118' title='bbox 719 1841 920 1904; x_wconf 78' lang='grc' dir='ltr'>σφαγῆς</span> <span class='ocrx_word' id='word_1_119' title='bbox 987 1848 1000 1863; x_wconf 86' lang='grc'><strong><em>⁸</em></strong></span> 
     </span>
    </p>
   </div>
   <div class='ocr_carea' id='block_1_20' title="bbox 36 1920 1635 1995">
    <p class='ocr_par' dir='ltr' id='par_1_20' title="bbox 36 1920 1635 1995">
     <span class='ocr_line' id='line_1_20' title="bbox 36 1920 1635 1995; baseline -0.003 -19"><span class='ocrx_word' id='word_1_120' title='bbox 36 1927 98 1976; x_wconf 84' lang='grc' dir='ltr'>τά</span> <span class='ocrx_word' id='word_1_121' title='bbox 177 1922 302 1995; x_wconf 82' lang='grc' dir='ltr'>μέλη</span> <span class='ocrx_word' id='word_1_122' title='bbox 380 1923 457 1994; x_wconf 88' lang='grc' dir='ltr'>(Ι)</span> <span class='ocrx_word' id='word_1_123' title='bbox 534 1924 695 1995; x_wconf 80' lang='grc' dir='ltr'>ὑμῶν,</span> <span class='ocrx_word' id='word_1_124' title='bbox 776 1924 962 1974; x_wconf 80' lang='grc' dir='ltr'>θυσίαν</span> <span class='ocrx_word' id='word_1_125' title='bbox 1038 1922 1234 1981; x_wconf 77' lang='grc' dir='ltr'>ζῶσαν.</span> <span class='ocrx_word' id='word_1_126' title='bbox 1314 1920 1466 1973; x_wconf 81' lang='grc' dir='ltr'>Ἔστι</span> <span class='ocrx_word' id='word_1_127' title='bbox 1538 1924 1635 1994; x_wconf 79' lang='grc' dir='ltr'>γὰρ</span> 
     </span>
    </p>
   </div>
   <div class='ocr_carea' id='block_1_21' title="bbox 38 2007 1636 2084">
    <p class='ocr_par' dir='ltr' id='par_1_21' title="bbox 38 2007 1636 2084">
     <span class='ocr_line' id='line_1_21' title="bbox 38 2007 1636 2084; baseline -0.002 -19"><span class='ocrx_word' id='word_1_128' title='bbox 38 2015 260 2065; x_wconf 76' lang='grc' dir='ltr'>θύεσθαι</span> <span class='ocrx_word' id='word_1_129' title='bbox 343 2017 434 2064; x_wconf 85' lang='grc' dir='ltr'>καὶ</span> <span class='ocrx_word' id='word_1_130' title='bbox 498 2008 636 2082; x_wconf 86' lang='grc' dir='ltr'>δίχα</span> <span class='ocrx_word' id='word_1_131' title='bbox 715 2019 943 2084; x_wconf 74' lang='grc' dir='ltr'>σφαγῆς.</span> <span class='ocrx_word' id='word_1_132' title='bbox 1012 2009 1122 2063; x_wconf 79' lang='grc' dir='ltr'>Ἵνα</span> <span class='ocrx_word' id='word_1_133' title='bbox 1197 2007 1256 2062; x_wconf 76' lang='grc' dir='ltr'>δὲ</span> <span class='ocrx_word' id='word_1_134' title='bbox 1316 2015 1388 2082; x_wconf 76' lang='grc' dir='ltr'>μὴ</span> <span class='ocrx_word' id='word_1_135' title='bbox 1445 2014 1636 2082; x_wconf 76' lang='grc' dir='ltr'>νομίσῃ</span> 
     </span>
    </p>
   </div>
   <div class='ocr_carea' id='block_1_22' title="bbox 37 2098 1636 2176">
    <p class='ocr_par' dir='ltr' id='par_1_22' title="bbox 37 2098 1636 2176">
     <span class='ocr_line' id='line_1_22' title="bbox 37 2098 1636 2176; baseline -0.002 -23"><span class='ocrx_word' id='word_1_136' title='bbox 37 2121 119 2163; x_wconf 90' lang='grc' dir='ltr'>τις</span> <span class='ocrx_word' id='word_1_137' title='bbox 152 2102 278 2176; x_wconf 75' lang='grc' dir='ltr'>ὑπὲρ</span> <span class='ocrx_word' id='word_1_138' title='bbox 329 2109 427 2153; x_wconf 85' lang='grc' dir='ltr'>τῶν</span> <span class='ocrx_word' id='word_1_139' title='bbox 474 2099 771 2152; x_wconf 80' lang='grc' dir='ltr'>ἀποστόλων</span> <span class='ocrx_word' id='word_1_140' title='bbox 827 2103 992 2172; x_wconf 89' lang='grc' dir='ltr'>μόνων</span> <span class='ocrx_word' id='word_1_141' title='bbox 1049 2107 1216 2151; x_wconf 80' lang='grc' dir='ltr'>ταῦτα</span> <span class='ocrx_word' id='word_1_142' title='bbox 1269 2098 1428 2171; x_wconf 82' lang='grc' dir='ltr'>λέγειν</span> <span class='ocrx_word' id='word_1_143' title='bbox 1464 2103 1636 2165; x_wconf 72' lang='grc' dir='ltr'>αὐτὸν,</span> 
     </span>
    </p>
   </div>
   <div class='ocr_carea' id='block_1_23' title="bbox 41 2195 227 2263">
    <p class='ocr_par' dir='ltr' id='par_1_23' title="bbox 41 2195 227 2263">
     <span class='ocr_line' id='line_1_23' title="bbox 41 2195 227 2263; baseline 0.011 -21"><span class='ocrx_word' id='word_1_144' title='bbox 41 2195 227 2263; x_wconf 72' lang='grc' dir='ltr'>φησίν.</span> 
     </span>
    </p>
   </div>
   <div class='ocr_carea' id='block_1_24' title="bbox 114 2274 1637 2351">
    <p class='ocr_par' dir='ltr' id='par_1_24' title="bbox 114 2274 1637 2351">
     <span class='ocr_line' id='line_1_24' title="bbox 114 2274 1637 2351; baseline -0.001 -21"><span class='ocrx_word' id='word_1_145' title='bbox 114 2278 190 2330; x_wconf 78' lang='grc' dir='ltr'>Ού</span> <span class='ocrx_word' id='word_1_146' title='bbox 217 2309 284 2318; x_wconf 93' lang='lat'><strong>—</strong></span> <span class='ocrx_word' id='word_1_147' title='bbox 313 2274 461 2334; x_wconf 82' lang='grc' dir='ltr'>ὦσιν,</span> <span class='ocrx_word' id='word_1_148' title='bbox 503 2276 646 2350; x_wconf 72' lang='grc' dir='ltr'>Ἀμα</span> <span class='ocrx_word' id='word_1_149' title='bbox 670 2281 760 2329; x_wconf 85' lang='grc' dir='ltr'>καὶ</span> <span class='ocrx_word' id='word_1_150' title='bbox 810 2278 1218 2351; x_wconf 79' lang='grc' dir='ltr'>παρεμυθήσατο</span> <span class='ocrx_word' id='word_1_151' title='bbox 1249 2277 1437 2339; x_wconf 74' lang='grc' dir='ltr'>αὐτοὺς</span> <span class='ocrx_word' id='word_1_152' title='bbox 1463 2277 1637 2342; x_wconf 82' lang='grc' dir='ltr'>πάλιν,</span> 
     </span>
    </p>
   </div>
   <div class='ocr_carea' id='block_1_25' title="bbox 42 2362 1643 2440">
    <p class='ocr_par' dir='ltr' id='par_1_25' title="bbox 42 2362 1643 2440">
     <span class='ocr_line' id='line_1_25' title="bbox 42 2362 1643 2440; baseline 0.001 -22"><span class='ocrx_word' id='word_1_153' title='bbox 42 2362 222 2428; x_wconf 84' lang='grc' dir='ltr'>δείξας</span> <span class='ocrx_word' id='word_1_154' title='bbox 250 2368 330 2418; x_wconf 65' lang='grc' dir='ltr'>ὃτι</span> <span class='ocrx_word' id='word_1_155' title='bbox 357 2362 451 2419; x_wconf 81' lang='grc' dir='ltr'>διὰ</span> <span class='ocrx_word' id='word_1_156' title='bbox 475 2374 567 2419; x_wconf 85' lang='grc' dir='ltr'>τοῦ</span> <span class='ocrx_word' id='word_1_157' title='bbox 597 2369 929 2440; x_wconf 73' lang='grc' dir='ltr'>κηρύγματος</span> <span class='ocrx_word' id='word_1_158' title='bbox 954 2366 1121 2418; x_wconf 66' lang='grc' dir='ltr'>αὐτῶν</span> <span class='ocrx_word' id='word_1_159' title='bbox 1150 2371 1239 2419; x_wconf 86' lang='grc' dir='ltr'>καὶ</span> <span class='ocrx_word' id='word_1_160' title='bbox 1268 2366 1412 2419; x_wconf 81' lang='grc' dir='ltr'>α”λλοι</span> <span class='ocrx_word' id='word_1_161' title='bbox 1439 2369 1643 2419; x_wconf 82' lang='grc' dir='ltr'>ἔσονται</span> 
     </span>
    </p>
   </div>
   <div class='ocr_carea' id='block_1_26' title="bbox 39 2458 296 2527">
    <p class='ocr_par' dir='ltr' id='par_1_26' title="bbox 39 2458 296 2527">
     <span class='ocr_line' id='line_1_26' title="bbox 39 2458 296 2527; baseline 0 -20"><span class='ocrx_word' id='word_1_162' title='bbox 39 2458 296 2527; x_wconf 81' lang='grc' dir='ltr'>μαθηταί.</span> 
     </span>
    </p>
   </div>
   <div class='ocr_carea' id='block_1_27' title="bbox 776 1922 1234 1981">
    <p class='ocr_par' dir='ltr' id='par_1_27' title="bbox 776 1922 1234 1981">
     <span class='ocr_line' id='line_1_27' title="bbox 776 1922 1234 1981; baseline 0 -7"><span class='ocrx_word' id='word_1_163' title='bbox 776 1924 962 1974; x_wconf 80' lang='grc' dir='ltr'>θυσίαν</span> <span class='ocrx_word' id='word_1_164' title='bbox 1038 1922 1234 1981; x_wconf 76' lang='grc' dir='ltr'>ζῶσαν.</span> 
     </span>
    </p>
   </div>
   <div class='ocr_carea' id='block_1_28' title="bbox 117 2631 1639 2709">
    <p class='ocr_par' dir='ltr' id='par_1_28' title="bbox 117 2631 1639 2709">
     <span class='ocr_line' id='line_1_28' title="bbox 117 2631 1639 2709; baseline 0.001 -22"><span class='ocrx_word' id='word_1_165' title='bbox 117 2636 296 2695; x_wconf 84' lang='grc' dir='ltr'>Καθὼς</span> <span class='ocrx_word' id='word_1_166' title='bbox 359 2665 428 2674; x_wconf 93' lang='grc'><strong><em>--</em></strong></span> <span class='ocrx_word' id='word_1_167' title='bbox 500 2631 619 2687; x_wconf 85' lang='grc' dir='ltr'>ὦσι.</span> <span class='ocrx_word' id='word_1_168' title='bbox 675 2637 851 2696; x_wconf 82' lang='grc' dir='ltr'>Καθὼς</span> <span class='ocrx_word' id='word_1_169' title='bbox 909 2638 974 2687; x_wconf 79' lang='grc' dir='ltr'>σὺ</span> <span class='ocrx_word' id='word_1_170' title='bbox 1031 2633 1080 2686; x_wconf 82' lang='grc' dir='ltr'>ἐν</span> <span class='ocrx_word' id='word_1_171' title='bbox 1163 2643 1224 2708; x_wconf 72' lang='grc' dir='ltr'>τῇ</span> <span class='ocrx_word' id='word_1_172' title='bbox 1283 2634 1376 2708; x_wconf 77' lang='grc' dir='ltr'>ἐμῇ</span> <span class='ocrx_word' id='word_1_173' title='bbox 1443 2635 1639 2709; x_wconf 79' lang='grc' dir='ltr'>ἀγάπη,</span> 
     </span>
    </p>
   </div>
   <div class='ocr_carea' id='block_1_29' title="bbox 41 2723 1638 2797">
    <p class='ocr_par' dir='ltr' id='par_1_29' title="bbox 41 2723 1638 2797">
     <span class='ocr_line' id='line_1_29' title="bbox 41 2723 1638 2797; baseline 0.002 -23"><span class='ocrx_word' id='word_1_174' title='bbox 41 2723 188 2795; x_wconf 83' lang='grc' dir='ltr'>κάγὼ</span> <span class='ocrx_word' id='word_1_175' title='bbox 220 2723 268 2775; x_wconf 90' lang='grc' dir='ltr'>ἐν</span> <span class='ocrx_word' id='word_1_176' title='bbox 319 2732 380 2796; x_wconf 74' lang='grc' dir='ltr'>τῇ</span> <span class='ocrx_word' id='word_1_177' title='bbox 417 2731 506 2796; x_wconf 73' lang='grc' dir='ltr'>σῇ,</span> <span class='ocrx_word' id='word_1_178' title='bbox 542 2727 623 2776; x_wconf 83' lang='grc' dir='ltr'>ἵνα</span> <span class='ocrx_word' id='word_1_179' title='bbox 670 2729 758 2776; x_wconf 84' lang='grc' dir='ltr'>καὶ</span> <span class='ocrx_word' id='word_1_180' title='bbox 788 2723 936 2776; x_wconf 68' lang='grc' dir='ltr'>αὐτοὶ</span> <span class='ocrx_word' id='word_1_181' title='bbox 964 2723 1011 2775; x_wconf 80' lang='grc' dir='ltr'>ἐν</span> <span class='ocrx_word' id='word_1_182' title='bbox 1060 2725 1202 2796; x_wconf 76' lang='grc' dir='ltr'>ἡμῖν,</span> <span class='ocrx_word' id='word_1_183' title='bbox 1265 2728 1425 2796; x_wconf 78' lang='grc' dir='ltr'>ἤγουν</span> <span class='ocrx_word' id='word_1_184' title='bbox 1489 2724 1536 2777; x_wconf 86' lang='grc' dir='ltr'>ἐν</span> <span class='ocrx_word' id='word_1_185' title='bbox 1578 2733 1638 2797; x_wconf 78' lang='grc' dir='ltr'>τῇ</span> 
     </span>
    </p>
   </div>
   <div class='ocr_carea' id='block_1_30' title="bbox 44 2810 1645 2888">
    <p class='ocr_par' dir='ltr' id='par_1_30' title="bbox 44 2810 1645 2888">
     <span class='ocr_line' id='line_1_30' title="bbox 44 2810 1645 2888; baseline 0 -23"><span class='ocrx_word' id='word_1_186' title='bbox 44 2813 117 2874; x_wconf 84' lang='grc' dir='ltr'>εἰς</span> <span class='ocrx_word' id='word_1_187' title='bbox 176 2815 315 2886; x_wconf 80' lang='grc' dir='ltr'>ἡμᾶς</span> <span class='ocrx_word' id='word_1_188' title='bbox 377 2817 576 2878; x_wconf 81' lang='grc' dir='ltr'>πίστει,</span> <span class='ocrx_word' id='word_1_189' title='bbox 641 2813 689 2866; x_wconf 83' lang='grc' dir='ltr'>ἓν</span> <span class='ocrx_word' id='word_1_190' title='bbox 725 2810 872 2867; x_wconf 81' lang='grc' dir='ltr'>ὦσιν.</span> <span class='ocrx_word' id='word_1_191' title='bbox 922 2811 1104 2875; x_wconf 79' lang='grc' dir='ltr'>’Ὁντες</span> <span class='ocrx_word' id='word_1_192' title='bbox 1170 2816 1271 2888; x_wconf 81' lang='grc' dir='ltr'>γὰρ</span> <span class='ocrx_word' id='word_1_193' title='bbox 1348 2813 1395 2865; x_wconf 84' lang='grc' dir='ltr'>ἐν</span> <span class='ocrx_word' id='word_1_194' title='bbox 1451 2822 1512 2886; x_wconf 75' lang='grc' dir='ltr'>τῇ</span> <span class='ocrx_word' id='word_1_195' title='bbox 1573 2815 1645 2876; x_wconf 85' lang='grc' dir='ltr'>εἰς</span> 
     </span>
    </p>
   </div>
   <div class='ocr_carea' id='block_1_31' title="bbox 44 2902 1647 2975">
    <p class='ocr_par' dir='ltr' id='par_1_31' title="bbox 44 2902 1647 2975">
     <span class='ocr_line' id='line_1_31' title="bbox 44 2902 1647 2975; baseline 0.001 -22"><span class='ocrx_word' id='word_1_196' title='bbox 44 2904 184 2975; x_wconf 75' lang='grc' dir='ltr'>ἡμᾶς</span> <span class='ocrx_word' id='word_1_197' title='bbox 266 2902 443 2954; x_wconf 89' lang='grc' dir='ltr'>πίστέι</span> <span class='ocrx_word' id='word_1_198' title='bbox 506 2902 575 2970; x_wconf 80' lang='grc' dir='ltr'>ἓν,</span> <span class='ocrx_word' id='word_1_199' title='bbox 655 2905 856 2954; x_wconf 85' lang='grc' dir='ltr'>ἔσονται</span> <span class='ocrx_word' id='word_1_200' title='bbox 909 2906 998 2953; x_wconf 87' lang='grc' dir='ltr'>καὶ</span> <span class='ocrx_word' id='word_1_201' title='bbox 1046 2902 1094 2954; x_wconf 84' lang='grc' dir='ltr'>ἐν</span> <span class='ocrx_word' id='word_1_202' title='bbox 1146 2911 1207 2974; x_wconf 77' lang='grc' dir='ltr'>τῇ</span> <span class='ocrx_word' id='word_1_203' title='bbox 1264 2903 1334 2964; x_wconf 84' lang='grc' dir='ltr'>εἰς</span> <span class='ocrx_word' id='word_1_204' title='bbox 1397 2903 1647 2965; x_wconf 80' lang='grc' dir='ltr'>ἀλλήλους</span> 
     </span>
    </p>
   </div>
   <div class='ocr_carea' id='block_1_32' title="bbox 49 2991 1647 3065">
    <p class='ocr_par' dir='ltr' id='par_1_32' title="bbox 49 2991 1647 3065">
     <span class='ocr_line' id='line_1_32' title="bbox 49 2991 1647 3065; baseline 0.001 -23"><span class='ocrx_word' id='word_1_205' title='bbox 49 2992 251 3063; x_wconf 77' lang='grc' dir='ltr'>ἀγάπῃ,</span> <span class='ocrx_word' id='word_1_206' title='bbox 303 2993 378 3046; x_wconf 79' lang='grc' dir='ltr'>ἓν.</span> <span class='ocrx_word' id='word_1_207' title='bbox 417 2991 632 3064; x_wconf 86' lang='grc' dir='ltr'>[Εῖρηκε</span> <span class='ocrx_word' id='word_1_208' title='bbox 808 2993 906 3065; x_wconf 80' lang='grc' dir='ltr'>γὰρ</span> <span class='ocrx_word' id='word_1_209' title='bbox 965 2992 1042 3042; x_wconf 83' lang='grc' dir='ltr'>ὅτι</span> <span class='ocrx_word' id='word_1_210' title='bbox 1068 2991 1126 3041; x_wconf 74' lang='grc' dir='ltr'>Ὀ</span> <span class='ocrx_word' id='word_1_211' title='bbox 1156 2994 1289 3062; x_wconf 80' lang='grc' dir='ltr'>ἔχων</span> <span class='ocrx_word' id='word_1_212' title='bbox 1321 2995 1413 3053; x_wconf 81' lang='grc' dir='ltr'>τὰς</span> <span class='ocrx_word' id='word_1_213' title='bbox 1444 2991 1647 3053; x_wconf 79' lang='grc' dir='ltr'>ἐντολάς</span> 
     </span>
    </p>
   </div>
   <div class='ocr_carea' id='block_1_33' title="bbox 47 3085 604 3153">
    <p class='ocr_par' dir='ltr' id='par_1_33' title="bbox 47 3085 604 3153">
     <span class='ocr_line' id='line_1_33' title="bbox 47 3085 604 3153; baseline -0.004 -21"><span class='ocrx_word' id='word_1_214' title='bbox 47 3100 148 3153; x_wconf 84' lang='grc' dir='ltr'>μου</span> <span class='ocrx_word' id='word_1_215' title='bbox 250 3085 340 3131; x_wconf 85' lang='grc' dir='ltr'>καὶ</span> <span class='ocrx_word' id='word_1_216' title='bbox 434 3088 604 3152; x_wconf 82' lang='grc' dir='ltr'>τηρῶν</span> 
     </span>
    </p>
   </div>
   <div class='ocr_carea' id='block_1_34' title="bbox 266 2901 575 2970">
    <p class='ocr_par' dir='ltr' id='par_1_34' title="bbox 266 2901 575 2970">
     <span class='ocr_line' id='line_1_34' title="bbox 266 2901 575 2970; baseline -0.003 -16"><span class='ocrx_word' id='word_1_217' title='bbox 266 2907 325 2954; x_wconf 91' lang='grc' dir='ltr'>πί</span> <span class='ocrx_word' id='word_1_218' title='bbox 334 2902 443 2954; x_wconf 89' lang='grc' dir='ltr'>στέι</span> <span class='ocrx_word' id='word_1_219' title='bbox 506 2901 575 2970; x_wconf 79' lang='grc' dir='ltr'>ἓν,</span> 
     </span>
    </p>
   </div>
   <div class='ocr_carea' id='block_1_35' title="bbox 700 3079 1648 3151">
    <p class='ocr_par' dir='ltr' id='par_1_35' title="bbox 700 3079 1648 3151">
     <span class='ocr_line' id='line_1_35' title="bbox 700 3079 1648 3151; baseline 0.002 -22"><span class='ocrx_word' id='word_1_220' title='bbox 700 3079 878 3143; x_wconf 69' lang='grc' dir='ltr'>αὐτὰς,</span> <span class='ocrx_word' id='word_1_221' title='bbox 969 3081 1157 3140; x_wconf 80' lang='grc' dir='ltr'>ἐκεῖνός</span> <span class='ocrx_word' id='word_1_222' title='bbox 1250 3079 1391 3130; x_wconf 87' lang='grc' dir='ltr'>ἐστιν</span> <span class='ocrx_word' id='word_1_223' title='bbox 1439 3082 1464 3130; x_wconf 90' lang='grc' dir='ltr'>ό</span> <span class='ocrx_word' id='word_1_224' title='bbox 1523 3080 1648 3151; x_wconf 83' lang='grc' dir='ltr'>ἀγα-</span> 
     </span>
    </p>
   </div>
   <div class='ocr_carea' id='block_1_36' title="bbox 1737 575 3389 653">
    <p class='ocr_par' dir='ltr' id='par_1_36' title="bbox 1737 575 3389 653">
     <span class='ocr_line' id='line_1_36' title="bbox 1737 575 3389 653; baseline 0.004 -22"><span class='ocrx_word' id='word_1_225' title='bbox 1737 592 1848 646; x_wconf 90' lang='lat' dir='ltr'>ego</span> <span class='ocrx_word' id='word_1_226' title='bbox 1875 592 2009 632; x_wconf 85' lang='lat' dir='ltr'>vero</span> <span class='ocrx_word' id='word_1_227' title='bbox 2037 575 2205 632; x_wconf 87' lang='lat' dir='ltr'>Pater</span> <span class='ocrx_word' id='word_1_228' title='bbox 2228 592 2459 641; x_wconf 89' lang='lat' dir='ltr'>eorum,</span> <span class='ocrx_word' id='word_1_229' title='bbox 2483 581 2767 648; x_wconf 88' lang='lat' dir='ltr'>tanquam</span> <span class='ocrx_word' id='word_1_230' title='bbox 2785 585 3016 636; x_wconf 82' lang='lat' dir='ltr'>creator</span> <span class='ocrx_word' id='word_1_231' title='bbox 3041 584 3096 636; x_wconf 92' lang='lat' dir='ltr'>et</span> <span class='ocrx_word' id='word_1_232' title='bbox 3115 582 3389 653; x_wconf 82' lang='lat' dir='ltr'>provisor</span> 
     </span>
    </p>
   </div>
   <div class='ocr_carea' id='block_1_37' title="bbox 1738 665 3387 743">
    <p class='ocr_par' dir='ltr' id='par_1_37' title="bbox 1738 665 3387 743">
     <span class='ocr_line' id='line_1_37' title="bbox 1738 665 3387 743; baseline 0.005 -23"><span class='ocrx_word' id='word_1_233' title='bbox 1738 681 1808 720; x_wconf 89' lang='lat' dir='ltr'>ac</span> <span class='ocrx_word' id='word_1_234' title='bbox 1849 665 2148 736; x_wconf 84' lang='lat' dir='ltr'>magister.</span> <span class='ocrx_word' id='word_1_235' title='bbox 2186 666 2353 732; x_wconf 89' lang='lat' dir='ltr'>Quod</span> <span class='ocrx_word' id='word_1_236' title='bbox 2395 672 2596 721; x_wconf 90' lang='lat' dir='ltr'>autem</span> <span class='ocrx_word' id='word_1_237' title='bbox 2651 667 2913 724; x_wconf 84' lang='lat' dir='ltr'>futurum</span> <span class='ocrx_word' id='word_1_238' title='bbox 2948 674 3058 739; x_wconf 87' lang='lat' dir='ltr'>est,</span> <span class='ocrx_word' id='word_1_239' title='bbox 3095 675 3387 743; x_wconf 82' lang='lat' dir='ltr'>tanquam</span> 
     </span>
    </p>
   </div>
   <div class='ocr_carea' id='block_1_38' title="bbox 1737 752 3389 830">
    <p class='ocr_par' dir='ltr' id='par_1_38' title="bbox 1737 752 3389 830">
     <span class='ocr_line' id='line_1_38' title="bbox 1737 752 3389 830; baseline 0.004 -22"><span class='ocrx_word' id='word_1_240' title='bbox 1737 752 1964 809; x_wconf 88' lang='lat' dir='ltr'>factum</span> <span class='ocrx_word' id='word_1_241' title='bbox 2003 754 2162 819; x_wconf 87' lang='lat' dir='ltr'>dicit,</span> <span class='ocrx_word' id='word_1_242' title='bbox 2193 771 2263 811; x_wconf 92' lang='lat' dir='ltr'>eo</span> <span class='ocrx_word' id='word_1_243' title='bbox 2306 754 2468 827; x_wconf 90' lang='lat' dir='ltr'>quod</span> <span class='ocrx_word' id='word_1_244' title='bbox 2512 756 2640 826; x_wconf 89' lang='lat' dir='ltr'>jam</span> <span class='ocrx_word' id='word_1_245' title='bbox 2672 757 2852 828; x_wconf 92' lang='lat' dir='ltr'>paulo</span> <span class='ocrx_word' id='word_1_246' title='bbox 2903 763 3040 830; x_wconf 91' lang='lat' dir='ltr'>post</span> <span class='ocrx_word' id='word_1_247' title='bbox 3089 764 3240 815; x_wconf 82' lang='lat' dir='ltr'>esset</span> <span class='ocrx_word' id='word_1_248' title='bbox 3287 776 3389 816; x_wconf 91' lang='lat' dir='ltr'>eos</span> 
     </span>
    </p>
   </div>
   <div class='ocr_carea' id='block_1_39' title="bbox 1739 842 2054 898">
    <p class='ocr_par' dir='ltr' id='par_1_39' title="bbox 1739 842 2054 898">
     <span class='ocr_line' id='line_1_39' title="bbox 1739 842 2054 898; baseline 0.003 -2"><span class='ocrx_word' id='word_1_249' title='bbox 1739 842 2054 898; x_wconf 88' lang='lat' dir='ltr'>missurus.</span> 
     </span>
    </p>
   </div>
   <div class='ocr_carea' id='block_1_40' title="bbox 1816 932 3392 1007">
    <p class='ocr_par' dir='ltr' id='par_1_40' title="bbox 1816 932 3392 1007">
     <span class='ocr_line' id='line_1_40' title="bbox 1816 932 3392 1007; baseline 0.006 -21"><span class='ocrx_word' id='word_1_250' title='bbox 1816 932 1954 987; x_wconf 89' lang='lat' dir='ltr'>Vers</span> <span class='ocrx_word' id='word_1_251' title='bbox 2003 933 2088 986; x_wconf 71' lang='lat'>49.</span> <span class='ocrx_word' id='word_1_252' title='bbox 2117 934 2196 988; x_wconf 88' lang='lat' dir='ltr'>Et</span> <span class='ocrx_word' id='word_1_253' title='bbox 2222 964 2290 978; x_wconf 94' lang='lat'><strong><em>—</em></strong></span> <span class='ocrx_word' id='word_1_254' title='bbox 2314 935 2613 1004; x_wconf 83' lang='lat' dir='ltr'>meipsum.</span> <span class='ocrx_word' id='word_1_255' title='bbox 2638 937 2758 1007; x_wconf 89' lang='lat' dir='ltr'>Ego</span> <span class='ocrx_word' id='word_1_256' title='bbox 2786 936 3122 993; x_wconf 86' lang='lat' dir='ltr'>voluntarie</span> <span class='ocrx_word' id='word_1_257' title='bbox 3150 938 3392 996; x_wconf 90' lang='lat' dir='ltr'>immolo</span> 
     </span>
    </p>
   </div>
   <div class='ocr_carea' id='block_1_41' title="bbox 1743 1022 3394 1092">
    <p class='ocr_par' dir='ltr' id='par_1_41' title="bbox 1743 1022 3394 1092">
     <span class='ocr_line' id='line_1_41' title="bbox 1743 1022 3394 1092; baseline 0.005 -16"><span class='ocrx_word' id='word_1_258' title='bbox 1743 1022 2055 1092; x_wconf 91' lang='lat' dir='ltr'>meipsum.</span> <span class='ocrx_word' id='word_1_259' title='bbox 2081 1025 2224 1079; x_wconf 89' lang='lat' dir='ltr'>Nam</span> <span class='ocrx_word' id='word_1_260' title='bbox 2267 1024 2381 1080; x_wconf 91' lang='lat' dir='ltr'>hoc</span> <span class='ocrx_word' id='word_1_261' title='bbox 2410 1024 2470 1080; x_wconf 91' lang='lat' dir='ltr'>in</span> <span class='ocrx_word' id='word_1_262' title='bbox 2502 1025 2629 1081; x_wconf 94' lang='lat' dir='ltr'>loco</span> <span class='ocrx_word' id='word_1_263' title='bbox 2667 1027 2970 1083; x_wconf 83' lang='lat' dir='ltr'>victimam</span> <span class='ocrx_word' id='word_1_264' title='bbox 3002 1027 3146 1084; x_wconf 80' lang='lat' dir='ltr'>dicit</span> <span class='ocrx_word' id='word_1_265' title='bbox 3178 1029 3394 1084; x_wconf 87' lang='lat' dir='ltr'>sancti-</span> 
     </span>
    </p>
   </div>
   <div class='ocr_carea' id='block_1_42' title="bbox 1739 1110 3389 1188">
    <p class='ocr_par' dir='ltr' id='par_1_42' title="bbox 1739 1110 3389 1188">
     <span class='ocr_line' id='line_1_42' title="bbox 1739 1110 3389 1188; baseline 0.006 -24"><span class='ocrx_word' id='word_1_266' title='bbox 1739 1110 2098 1166; x_wconf 86' lang='lat' dir='ltr'>ﬁcationem.</span> <span class='ocrx_word' id='word_1_267' title='bbox 2149 1112 2432 1170; x_wconf 86' lang='lat' dir='ltr'>Sanctum</span> <span class='ocrx_word' id='word_1_268' title='bbox 2463 1115 2623 1171; x_wconf 88' lang='lat' dir='ltr'>enim</span> <span class='ocrx_word' id='word_1_269' title='bbox 2655 1115 2866 1172; x_wconf 90' lang='lat' dir='ltr'>dicitur</span> <span class='ocrx_word' id='word_1_270' title='bbox 2895 1122 2952 1172; x_wconf 92' lang='lat' dir='ltr'>et</span> <span class='ocrx_word' id='word_1_271' title='bbox 2997 1117 3133 1188; x_wconf 91' lang='lat' dir='ltr'>ipsa</span> <span class='ocrx_word' id='word_1_272' title='bbox 3160 1118 3389 1174; x_wconf 88' lang='lat' dir='ltr'>hostia:</span> 
     </span>
    </p>
   </div>
   <div class='ocr_carea' id='block_1_43' title="bbox 1742 1199 3392 1280">
    <p class='ocr_par' dir='ltr' id='par_1_43' title="bbox 1742 1199 3392 1280">
     <span class='ocr_line' id='line_1_43' title="bbox 1742 1199 3392 1280; baseline 0.005 -26"><span class='ocrx_word' id='word_1_273' title='bbox 1742 1199 1930 1257; x_wconf 88' lang='lat' dir='ltr'>multa</span> <span class='ocrx_word' id='word_1_274' title='bbox 1971 1217 2214 1274; x_wconf 86' lang='lat' dir='ltr'>quoque</span> <span class='ocrx_word' id='word_1_275' title='bbox 2245 1202 2524 1260; x_wconf 90' lang='lat' dir='ltr'>dicuntur</span> <span class='ocrx_word' id='word_1_276' title='bbox 2558 1211 2784 1271; x_wconf 89' lang='lat' dir='ltr'>sancta,</span> <span class='ocrx_word' id='word_1_277' title='bbox 2822 1211 3113 1280; x_wconf 90' lang='lat' dir='ltr'>tanquam</span> <span class='ocrx_word' id='word_1_278' title='bbox 3155 1207 3392 1278; x_wconf 84' lang='lat' dir='ltr'>signum</span> 
     </span>
    </p>
   </div>
   <div class='ocr_carea' id='block_1_44' title="bbox 1745 1288 2090 1345">
    <p class='ocr_par' dir='ltr' id='par_1_44' title="bbox 1745 1288 2090 1345">
     <span class='ocr_line' id='line_1_44' title="bbox 1745 1288 2090 1345; baseline 0.003 -2"><span class='ocrx_word' id='word_1_279' title='bbox 1745 1288 2090 1345; x_wconf 75' lang='lat' dir='ltr'>sanctitatis.</span> 
     </span>
    </p>
   </div>
   <div class='ocr_carea' id='block_1_45' title="bbox 1813 1379 3395 1457">
    <p class='ocr_par' dir='ltr' id='par_1_45' title="bbox 1813 1379 3395 1457">
     <span class='ocr_line' id='line_1_45' title="bbox 1813 1379 3395 1457; baseline 0.007 -26"><span class='ocrx_word' id='word_1_280' title='bbox 1813 1379 1973 1434; x_wconf 89' lang='lat' dir='ltr'>Vers.</span> <span class='ocrx_word' id='word_1_281' title='bbox 2021 1381 2108 1435; x_wconf 78' lang='grc'>19.</span> <span class='ocrx_word' id='word_1_282' title='bbox 2163 1382 2234 1436; x_wconf 91' lang='lat' dir='ltr'>Ut</span> <span class='ocrx_word' id='word_1_283' title='bbox 2280 1414 2346 1422; x_wconf 90' lang='lat'><strong>—</strong></span> <span class='ocrx_word' id='word_1_284' title='bbox 2388 1381 2701 1439; x_wconf 82' lang='lat' dir='ltr'>veritatem.</span> <span class='ocrx_word' id='word_1_285' title='bbox 2745 1386 2814 1440; x_wconf 93' lang='lat' dir='ltr'>Ut</span> <span class='ocrx_word' id='word_1_286' title='bbox 2849 1388 2908 1440; x_wconf 92' lang='lat' dir='ltr'>et</span> <span class='ocrx_word' id='word_1_287' title='bbox 2947 1384 3062 1457; x_wconf 87' lang='lat' dir='ltr'>ipsi</span> <span class='ocrx_word' id='word_1_288' title='bbox 3105 1385 3395 1442; x_wconf 85' lang='lat' dir='ltr'>immolati</span> 
     </span>
    </p>
   </div>
   <div class='ocr_carea' id='block_1_46' title="bbox 1745 1467 3396 1546">
    <p class='ocr_par' dir='ltr' id='par_1_46' title="bbox 1745 1467 3396 1546">
     <span class='ocr_line' id='line_1_46' title="bbox 1745 1467 3396 1546; baseline 0.006 -25"><span class='ocrx_word' id='word_1_289' title='bbox 1745 1467 1860 1523; x_wconf 90' lang='lat' dir='ltr'>sint</span> <span class='ocrx_word' id='word_1_290' title='bbox 1887 1484 1990 1539; x_wconf 89' lang='lat' dir='ltr'>per</span> <span class='ocrx_word' id='word_1_291' title='bbox 2019 1485 2223 1526; x_wconf 82' lang='lat' dir='ltr'>veram</span> <span class='ocrx_word' id='word_1_292' title='bbox 2254 1471 2513 1527; x_wconf 89' lang='lat' dir='ltr'>hostiam</span> <span class='ocrx_word' id='word_1_293' title='bbox 2543 1490 2556 1528; x_wconf 78' lang='grc' dir='ltr'>ε</span> <span class='ocrx_word' id='word_1_294' title='bbox 2591 1472 2793 1543; x_wconf 83' lang='lat' dir='ltr'>legalis</span> <span class='ocrx_word' id='word_1_295' title='bbox 2838 1474 3128 1546; x_wconf 88' lang='lat' dir='ltr'>siquidem</span> <span class='ocrx_word' id='word_1_296' title='bbox 3154 1475 3396 1532; x_wconf 86' lang='lat' dir='ltr'>victima</span> 
     </span>
    </p>
   </div>
   <div class='ocr_carea' id='block_1_47' title="bbox 1743 1555 3393 1633">
    <p class='ocr_par' dir='ltr' id='par_1_47' title="bbox 1743 1555 3393 1633">
     <span class='ocr_line' id='line_1_47' title="bbox 1743 1555 3393 1633; baseline 0.005 -22"><span class='ocrx_word' id='word_1_297' title='bbox 1743 1555 1938 1626; x_wconf 86' lang='lat' dir='ltr'>ﬁgura</span> <span class='ocrx_word' id='word_1_298' title='bbox 1980 1563 2123 1625; x_wconf 87' lang='lat' dir='ltr'>erat,</span> <span class='ocrx_word' id='word_1_299' title='bbox 2170 1575 2292 1614; x_wconf 88' lang='lat' dir='ltr'>non</span> <span class='ocrx_word' id='word_1_300' title='bbox 2340 1561 2572 1625; x_wconf 88' lang='lat' dir='ltr'>veritas,</span> <span class='ocrx_word' id='word_1_301' title='bbox 2615 1566 2675 1617; x_wconf 92' lang='lat' dir='ltr'>ut</span> <span class='ocrx_word' id='word_1_302' title='bbox 2707 1567 2764 1617; x_wconf 87' lang='lat' dir='ltr'>et</span> <span class='ocrx_word' id='word_1_303' title='bbox 2811 1563 2916 1633; x_wconf 89' lang='lat' dir='ltr'>ipsi</span> <span class='ocrx_word' id='word_1_304' title='bbox 2944 1564 3236 1620; x_wconf 88' lang='lat' dir='ltr'>immolati</span> <span class='ocrx_word' id='word_1_305' title='bbox 3259 1565 3393 1633; x_wconf 89' lang='lat' dir='ltr'>sint,</span> 
     </span>
    </p>
   </div>
   <div class='ocr_carea' id='block_1_48' title="bbox 1746 1645 2896 1720">
    <p class='ocr_par' dir='ltr' id='par_1_48' title="bbox 1746 1645 2896 1720">
     <span class='ocr_line' id='line_1_48' title="bbox 1746 1645 2896 1720; baseline 0.006 -21"><span class='ocrx_word' id='word_1_306' title='bbox 1746 1645 1939 1716; x_wconf 85' lang='lat' dir='ltr'>capite</span> <span class='ocrx_word' id='word_1_307' title='bbox 1968 1647 2245 1702; x_wconf 83' lang='lat' dir='ltr'>videlicet</span> <span class='ocrx_word' id='word_1_308' title='bbox 2273 1649 2546 1720; x_wconf 90' lang='lat' dir='ltr'>ipsorum</span> <span class='ocrx_word' id='word_1_309' title='bbox 2569 1650 2896 1706; x_wconf 87' lang='lat' dir='ltr'>immolato.</span> 
     </span>
    </p>
   </div>
   <div class='ocr_carea' id='block_1_49' title="bbox 1820 1735 3397 1810">
    <p class='ocr_par' dir='ltr' id='par_1_49' title="bbox 1820 1735 3397 1810">
     <span class='ocr_line' id='line_1_49' title="bbox 1820 1735 3397 1810; baseline 0.006 -22"><span class='ocrx_word' id='word_1_310' title='bbox 1820 1735 1922 1789; x_wconf 90' lang='lat' dir='ltr'>Vel</span> <span class='ocrx_word' id='word_1_311' title='bbox 1951 1737 2152 1802; x_wconf 88' lang='lat' dir='ltr'>etiam,</span> <span class='ocrx_word' id='word_1_312' title='bbox 2180 1742 2469 1809; x_wconf 87' lang='lat' dir='ltr'>tanquam</span> <span class='ocrx_word' id='word_1_313' title='bbox 2501 1744 2555 1794; x_wconf 86' lang='lat' dir='ltr'>et</span> <span class='ocrx_word' id='word_1_314' title='bbox 2584 1739 2697 1810; x_wconf 88' lang='lat' dir='ltr'>ipsi</span> <span class='ocrx_word' id='word_1_315' title='bbox 2729 1740 3039 1796; x_wconf 87' lang='lat' dir='ltr'>immolati.</span> <span class='ocrx_word' id='word_1_316' title='bbox 3069 1741 3277 1797; x_wconf 84' lang='lat' dir='ltr'>Habiti</span> <span class='ocrx_word' id='word_1_317' title='bbox 3305 1758 3397 1797; x_wconf 85' lang='lat' dir='ltr'>su-</span> 
     </span>
    </p>
   </div>
   <div class='ocr_carea' id='block_1_50' title="bbox 1071 1823 1649 1906">
    <p class='ocr_par' dir='ltr' id='par_1_50' title="bbox 1071 1836 1638 1906">
     <span class='ocr_line' id='line_1_50' title="bbox 1071 1836 1638 1906; baseline 0 -23"><span class='ocrx_word' id='word_1_318' title='bbox 1071 1838 1160 1884; x_wconf 88' lang='lat' dir='ltr'>xui</span> <span class='ocrx_word' id='word_1_319' title='bbox 1205 1852 1218 1864; x_wconf 90' lang='grc'><strong>·</strong></span> <span class='ocrx_word' id='word_1_320' title='bbox 1256 1836 1504 1906; x_wconf 86' lang='grc' dir='ltr'>Ιιαραστὴ</span> <span class='ocrx_word' id='word_1_321' title='bbox 1514 1851 1638 1883; x_wconf 88' lang='grc' dir='ltr'>σατε</span> 
     </span>
    </p>
   </div>
   <div class='ocr_carea' id='block_1_51' title="bbox 1768 1823 3401 1906">
    <p class='ocr_par' dir='ltr' id='par_1_51' title="bbox 1768 1823 3401 1897">
     <span class='ocr_line' id='line_1_51' title="bbox 1768 1823 3401 1897; baseline 0.007 -21"><span class='ocrx_word' id='word_1_322' title='bbox 1768 1838 1891 1887; x_wconf 86' lang='lat' dir='ltr'>nus,</span> <span class='ocrx_word' id='word_1_323' title='bbox 1912 1823 2118 1894; x_wconf 87' lang='lat' dir='ltr'>inquit,</span> <span class='ocrx_word' id='word_1_324' title='bbox 2134 1825 2280 1880; x_wconf 82' lang='lat' dir='ltr'>sicut</span> <span class='ocrx_word' id='word_1_325' title='bbox 2299 1841 2428 1882; x_wconf 90' lang='lat' dir='ltr'>oves</span> <span class='ocrx_word' id='word_1_326' title='bbox 2442 1827 2585 1882; x_wconf 72' lang='lat' dir='ltr'>caedi</span> <span class='ocrx_word' id='word_1_327' title='bbox 2600 1829 2898 1896; x_wconf 53' lang='lat' dir='ltr'>deputata)</span> <span class='ocrx_word' id='word_1_328' title='bbox 2913 1831 2958 1864; x_wconf 67' lang='grc'>⁸⁸</span> <span class='ocrx_word' id='word_1_329' title='bbox 2977 1848 2988 1897; x_wconf 93' lang='grc'><strong>;</strong></span> <span class='ocrx_word' id='word_1_330' title='bbox 3010 1835 3094 1885; x_wconf 90' lang='lat' dir='ltr'>et:</span> <span class='ocrx_word' id='word_1_331' title='bbox 3113 1831 3401 1888; x_wconf 70' lang='lat' dir='ltr'>Exhibete</span> 
     </span>
    </p>
   </div>
   <div class='ocr_carea' id='block_1_52' title="bbox 1751 1915 3397 1991">
    <p class='ocr_par' dir='ltr' id='par_1_52' title="bbox 1751 1915 3397 1991">
     <span class='ocr_line' id='line_1_52' title="bbox 1751 1915 3397 1991; baseline 0.006 -26"><span class='ocrx_word' id='word_1_332' title='bbox 1751 1915 2002 1970; x_wconf 81' lang='lat' dir='ltr'>membra</span> <span class='ocrx_word' id='word_1_333' title='bbox 2055 1919 2244 1971; x_wconf 84' lang='lat' dir='ltr'>vestra</span> <span class='ocrx_word' id='word_1_334' title='bbox 2292 1915 2543 1972; x_wconf 84' lang='lat' dir='ltr'>hostiam</span> <span class='ocrx_word' id='word_1_335' title='bbox 2575 1918 2852 1974; x_wconf 80' lang='lat' dir='ltr'>viventem</span> <span class='ocrx_word' id='word_1_336' title='bbox 2884 1920 2950 1969; x_wconf 61' lang='grc' dir='ltr'>δ’.</span> <span class='ocrx_word' id='word_1_337' title='bbox 3007 1925 3201 1991; x_wconf 85' lang='lat' dir='ltr'>potest</span> <span class='ocrx_word' id='word_1_338' title='bbox 3239 1921 3397 1975; x_wconf 90' lang='lat' dir='ltr'>enim</span> 
     </span>
    </p>
   </div>
   <div class='ocr_carea' id='block_1_53' title="bbox 1751 1994 3402 2080">
    <p class='ocr_par' dir='ltr' id='par_1_53' title="bbox 1751 1994 3402 2080">
     <span class='ocr_line' id='line_1_53' title="bbox 1751 1994 3402 2080; baseline 0.005 -24"><span class='ocrx_word' id='word_1_339' title='bbox 1751 2003 1928 2057; x_wconf 90' lang='lat' dir='ltr'>etiam</span> <span class='ocrx_word' id='word_1_340' title='bbox 2005 2005 2128 2059; x_wconf 86' lang='lat' dir='ltr'>sine</span> <span class='ocrx_word' id='word_1_341' title='bbox 2191 2006 2352 2060; x_wconf 65' lang='lat' dir='ltr'>caede</span> <span class='ocrx_word' id='word_1_342' title='bbox 2427 1994 2728 2062; x_wconf 88' lang='lat' dir='ltr'>immolari</span> <span class='ocrx_word' id='word_1_343' title='bbox 2816 2008 3038 2065; x_wconf 89' lang='lat' dir='ltr'>hostia.</span> <span class='ocrx_word' id='word_1_344' title='bbox 3117 2012 3194 2064; x_wconf 92' lang='lat' dir='ltr'>Ne</span> <span class='ocrx_word' id='word_1_345' title='bbox 3270 2009 3402 2080; x_wconf 88' lang='lat' dir='ltr'>quis</span> 
     </span>
    </p>
   </div>
   <div class='ocr_carea' id='block_1_54' title="bbox 1750 2094 3397 2169">
    <p class='ocr_par' dir='ltr' id='par_1_54' title="bbox 1750 2094 3397 2169">
     <span class='ocr_line' id='line_1_54' title="bbox 1750 2094 3397 2169; baseline 0.004 -22"><span class='ocrx_word' id='word_1_346' title='bbox 1750 2096 1952 2147; x_wconf 88' lang='lat' dir='ltr'>autem</span> <span class='ocrx_word' id='word_1_347' title='bbox 1983 2109 2122 2161; x_wconf 88' lang='lat' dir='ltr'>eum</span> <span class='ocrx_word' id='word_1_348' title='bbox 2150 2098 2383 2166; x_wconf 84' lang='lat' dir='ltr'>putaret</span> <span class='ocrx_word' id='word_1_349' title='bbox 2410 2094 2539 2150; x_wconf 65' lang='lat' dir='ltr'>hinc</span> <span class='ocrx_word' id='word_1_350' title='bbox 2568 2111 2677 2167; x_wconf 91' lang='lat' dir='ltr'>pro</span> <span class='ocrx_word' id='word_1_351' title='bbox 2705 2096 2844 2153; x_wconf 91' lang='lat' dir='ltr'>solis</span> <span class='ocrx_word' id='word_1_352' title='bbox 2869 2098 3156 2169; x_wconf 86' lang='lat' dir='ltr'>apostolis</span> <span class='ocrx_word' id='word_1_353' title='bbox 3182 2097 3397 2165; x_wconf 87' lang='lat' dir='ltr'>dicere,</span> 
     </span>
    </p>
   </div>
   <div class='ocr_carea' id='block_1_55' title="bbox 1751 2180 2001 2238">
    <p class='ocr_par' dir='ltr' id='par_1_55' title="bbox 1751 2180 2001 2238">
     <span class='ocr_line' id='line_1_55' title="bbox 1751 2180 2001 2238; baseline 0.016 -4"><span class='ocrx_word' id='word_1_354' title='bbox 1751 2180 1953 2237; x_wconf 87' lang='lat' dir='ltr'>subdit</span> <span class='ocrx_word' id='word_1_355' title='bbox 1980 2199 2001 2238; x_wconf 87' lang='lat'><strong><em>:</em></strong></span> 
     </span>
    </p>
   </div>
   <div class='ocr_carea' id='block_1_56' title="bbox 1821 2270 3404 2349">
    <p class='ocr_par' dir='ltr' id='par_1_56' title="bbox 1821 2270 3404 2349">
     <span class='ocr_line' id='line_1_56' title="bbox 1821 2270 3404 2349; baseline 0.005 -25"><span class='ocrx_word' id='word_1_356' title='bbox 1821 2270 1984 2325; x_wconf 83' lang='lat' dir='ltr'>Vers.</span> <span class='ocrx_word' id='word_1_357' title='bbox 2031 2270 2126 2328; x_wconf 73' lang='lat'>20.</span> <span class='ocrx_word' id='word_1_358' title='bbox 2159 2273 2292 2330; x_wconf 85' lang='lat' dir='ltr'>Non</span> <span class='ocrx_word' id='word_1_359' title='bbox 2324 2303 2390 2314; x_wconf 92' lang='lat'>—</span> <span class='ocrx_word' id='word_1_360' title='bbox 2417 2273 2578 2330; x_wconf 88' lang='lat' dir='ltr'>Vers.</span> <span class='ocrx_word' id='word_1_361' title='bbox 2611 2276 2701 2330; x_wconf 81' lang='lat' dir='ltr'>2t.</span> <span class='ocrx_word' id='word_1_362' title='bbox 2749 2274 2885 2331; x_wconf 87' lang='lat' dir='ltr'>sint.</span> <span class='ocrx_word' id='word_1_363' title='bbox 2943 2275 3128 2332; x_wconf 89' lang='lat' dir='ltr'>Simul</span> <span class='ocrx_word' id='word_1_364' title='bbox 3167 2293 3404 2349; x_wconf 85' lang='lat' dir='ltr'>quoque</span> 
     </span>
    </p>
   </div>
   <div class='ocr_carea' id='block_1_57' title="bbox 1753 2359 3406 2438">
    <p class='ocr_par' dir='ltr' id='par_1_57' title="bbox 1753 2359 3406 2438">
     <span class='ocr_line' id='line_1_57' title="bbox 1753 2359 3406 2438; baseline 0.005 -26"><span class='ocrx_word' id='word_1_365' title='bbox 1753 2373 1856 2413; x_wconf 89' lang='lat' dir='ltr'>eos</span> <span class='ocrx_word' id='word_1_366' title='bbox 1931 2359 2144 2416; x_wconf 90' lang='lat' dir='ltr'>iterum</span> <span class='ocrx_word' id='word_1_367' title='bbox 2212 2363 2556 2418; x_wconf 87' lang='lat' dir='ltr'>consolatus</span> <span class='ocrx_word' id='word_1_368' title='bbox 2648 2372 2756 2429; x_wconf 89' lang='lat' dir='ltr'>est,</span> <span class='ocrx_word' id='word_1_369' title='bbox 2825 2365 3148 2421; x_wconf 89' lang='lat' dir='ltr'>ostendens</span> <span class='ocrx_word' id='word_1_370' title='bbox 3237 2366 3406 2438; x_wconf 92' lang='lat' dir='ltr'>quod</span> 
     </span>
    </p>
   </div>
   <div class='ocr_carea' id='block_1_58' title="bbox 1752 2451 3406 2526">
    <p class='ocr_par' dir='ltr' id='par_1_58' title="bbox 1752 2451 3406 2526">
     <span class='ocr_line' id='line_1_58' title="bbox 1752 2451 3406 2526; baseline 0.005 -25"><span class='ocrx_word' id='word_1_371' title='bbox 1752 2461 1858 2518; x_wconf 90' lang='lat' dir='ltr'>per</span> <span class='ocrx_word' id='word_1_372' title='bbox 1887 2462 2096 2505; x_wconf 91' lang='lat' dir='ltr'>eorum</span> <span class='ocrx_word' id='word_1_373' title='bbox 2125 2451 2610 2522; x_wconf 69' lang='lat' dir='ltr'>praedicationem</span> <span class='ocrx_word' id='word_1_374' title='bbox 2639 2453 2736 2509; x_wconf 91' lang='lat' dir='ltr'>alii</span> <span class='ocrx_word' id='word_1_375' title='bbox 2783 2469 3022 2526; x_wconf 89' lang='lat' dir='ltr'>quoque</span> <span class='ocrx_word' id='word_1_376' title='bbox 3060 2457 3204 2510; x_wconf 87' lang='lat' dir='ltr'>ﬁent</span> <span class='ocrx_word' id='word_1_377' title='bbox 3231 2454 3406 2510; x_wconf 89' lang='lat' dir='ltr'>disci-</span> 
     </span>
    </p>
   </div>
   <div class='ocr_carea' id='block_1_59' title="bbox 1754 2535 1898 2606">
    <p class='ocr_par' dir='ltr' id='par_1_59' title="bbox 1754 2535 1898 2606">
     <span class='ocr_line' id='line_1_59' title="bbox 1754 2535 1898 2606; baseline 0.007 -15"><span class='ocrx_word' id='word_1_378' title='bbox 1754 2535 1898 2606; x_wconf 91' lang='lat' dir='ltr'>puli.</span> 
     </span>
    </p>
   </div>
   <div class='ocr_carea' id='block_1_60' title="bbox 1825 2626 3407 2704">
    <p class='ocr_par' dir='ltr' id='par_1_60' title="bbox 1825 2626 3407 2704">
     <span class='ocr_line' id='line_1_60' title="bbox 1825 2626 3407 2704; baseline 0.006 -23"><span class='ocrx_word' id='word_1_379' title='bbox 1825 2626 1988 2683; x_wconf 91' lang='lat' dir='ltr'>Vers.</span> <span class='ocrx_word' id='word_1_380' title='bbox 2040 2632 2134 2686; x_wconf 84' lang='lat'>2|.</span> <span class='ocrx_word' id='word_1_381' title='bbox 2192 2629 2353 2686; x_wconf 82' lang='lat' dir='ltr'>Sicut</span> <span class='ocrx_word' id='word_1_382' title='bbox 2398 2630 2634 2688; x_wconf 81' lang='lat' dir='ltr'>—sint.</span> <span class='ocrx_word' id='word_1_383' title='bbox 2683 2631 2840 2688; x_wconf 90' lang='lat' dir='ltr'>Sicut</span> <span class='ocrx_word' id='word_1_384' title='bbox 2882 2633 3030 2688; x_wconf 90' lang='lat' dir='ltr'>tuin</span> <span class='ocrx_word' id='word_1_385' title='bbox 3061 2634 3177 2689; x_wconf 90' lang='lat' dir='ltr'>mei</span> <span class='ocrx_word' id='word_1_386' title='bbox 3216 2637 3273 2689; x_wconf 90' lang='lat' dir='ltr'>et</span> <span class='ocrx_word' id='word_1_387' title='bbox 3298 2649 3407 2704; x_wconf 87' lang='lat' dir='ltr'>ego</span> 
     </span>
    </p>
   </div>
   <div class='ocr_carea' id='block_1_61' title="bbox 1753 2715 3408 2794">
    <p class='ocr_par' dir='ltr' id='par_1_61' title="bbox 1753 2715 3408 2794">
     <span class='ocr_line' id='line_1_61' title="bbox 1753 2715 3408 2794; baseline 0.004 -24"><span class='ocrx_word' id='word_1_388' title='bbox 1753 2717 1813 2770; x_wconf 86' lang='lat' dir='ltr'>in</span> <span class='ocrx_word' id='word_1_389' title='bbox 1840 2715 1925 2770; x_wconf 86' lang='lat' dir='ltr'>tui</span> <span class='ocrx_word' id='word_1_390' title='bbox 1953 2716 2288 2784; x_wconf 84' lang='lat' dir='ltr'>dilectione,</span> <span class='ocrx_word' id='word_1_391' title='bbox 2315 2727 2376 2774; x_wconf 91' lang='lat' dir='ltr'>ut</span> <span class='ocrx_word' id='word_1_392' title='bbox 2396 2724 2451 2776; x_wconf 88' lang='lat' dir='ltr'>et</span> <span class='ocrx_word' id='word_1_393' title='bbox 2470 2720 2582 2792; x_wconf 90' lang='lat' dir='ltr'>ipsi</span> <span class='ocrx_word' id='word_1_394' title='bbox 2604 2719 2664 2776; x_wconf 91' lang='lat' dir='ltr'>in</span> <span class='ocrx_word' id='word_1_395' title='bbox 2683 2721 2881 2786; x_wconf 88' lang='lat' dir='ltr'>nobis,</span> <span class='ocrx_word' id='word_1_396' title='bbox 2911 2722 3031 2778; x_wconf 91' lang='lat' dir='ltr'>sive</span> <span class='ocrx_word' id='word_1_397' title='bbox 3055 2722 3116 2777; x_wconf 91' lang='lat' dir='ltr'>in</span> <span class='ocrx_word' id='word_1_398' title='bbox 3137 2721 3255 2777; x_wconf 88' lang='lat' dir='ltr'>ﬁde</span> <span class='ocrx_word' id='word_1_399' title='bbox 3273 2738 3408 2794; x_wconf 67' lang='lat' dir='ltr'>quas</span> 
     </span>
    </p>
   </div>
   <div class='ocr_carea' id='block_1_62' title="bbox 1754 2806 3409 2883">
    <p class='ocr_par' dir='ltr' id='par_1_62' title="bbox 1754 2806 3409 2883">
     <span class='ocr_line' id='line_1_62' title="bbox 1754 2806 3409 2883; baseline 0.004 -23"><span class='ocrx_word' id='word_1_400' title='bbox 1754 2806 1916 2861; x_wconf 90' lang='lat' dir='ltr'>estin</span> <span class='ocrx_word' id='word_1_401' title='bbox 1938 2821 2070 2877; x_wconf 91' lang='lat' dir='ltr'>nos,</span> <span class='ocrx_word' id='word_1_402' title='bbox 2116 2823 2302 2863; x_wconf 90' lang='lat' dir='ltr'>unum</span> <span class='ocrx_word' id='word_1_403' title='bbox 2337 2808 2469 2865; x_wconf 91' lang='lat' dir='ltr'>sint.</span> <span class='ocrx_word' id='word_1_404' title='bbox 2516 2810 2666 2865; x_wconf 91' lang='lat' dir='ltr'>Nam</span> <span class='ocrx_word' id='word_1_405' title='bbox 2696 2813 2793 2881; x_wconf 90' lang='lat' dir='ltr'>qui</span> <span class='ocrx_word' id='word_1_406' title='bbox 2820 2811 2878 2866; x_wconf 91' lang='lat' dir='ltr'>in</span> <span class='ocrx_word' id='word_1_407' title='bbox 2905 2811 3044 2876; x_wconf 82' lang='lat' dir='ltr'>fide,</span> <span class='ocrx_word' id='word_1_408' title='bbox 3071 2827 3205 2883; x_wconf 61' lang='lat' dir='ltr'>quae</span> <span class='ocrx_word' id='word_1_409' title='bbox 3235 2817 3321 2866; x_wconf 89' lang='lat' dir='ltr'>est</span> <span class='ocrx_word' id='word_1_410' title='bbox 3347 2811 3409 2866; x_wconf 91' lang='lat' dir='ltr'>in</span> 
     </span>
    </p>
   </div>
   <div class='ocr_carea' id='block_1_63' title="bbox 1755 2899 3410 2972">
    <p class='ocr_par' dir='ltr' id='par_1_63' title="bbox 1755 2899 3410 2972">
     <span class='ocr_line' id='line_1_63' title="bbox 1755 2899 3410 2972; baseline 0.002 -22"><span class='ocrx_word' id='word_1_411' title='bbox 1755 2911 1866 2951; x_wconf 90' lang='lat' dir='ltr'>nos</span> <span class='ocrx_word' id='word_1_412' title='bbox 1898 2911 2082 2951; x_wconf 91' lang='lat' dir='ltr'>unum</span> <span class='ocrx_word' id='word_1_413' title='bbox 2118 2902 2276 2963; x_wconf 88' lang='lat' dir='ltr'>sunt,</span> <span class='ocrx_word' id='word_1_414' title='bbox 2309 2903 2480 2953; x_wconf 91' lang='lat' dir='ltr'>erunt</span> <span class='ocrx_word' id='word_1_415' title='bbox 2533 2915 2776 2972; x_wconf 90' lang='lat' dir='ltr'>quoque</span> <span class='ocrx_word' id='word_1_416' title='bbox 2808 2899 2868 2954; x_wconf 92' lang='lat' dir='ltr'>in</span> <span class='ocrx_word' id='word_1_417' title='bbox 2909 2907 3121 2957; x_wconf 89' lang='lat' dir='ltr'>mutua</span> <span class='ocrx_word' id='word_1_418' title='bbox 3159 2902 3306 2956; x_wconf 89' lang='lat' dir='ltr'>inter</span> <span class='ocrx_word' id='word_1_419' title='bbox 3346 2915 3410 2954; x_wconf 89' lang='lat' dir='ltr'>se</span> 
     </span>
    </p>
   </div>
   <div class='ocr_carea' id='block_1_64' title="bbox 1756 2984 3412 3059">
    <p class='ocr_par' dir='ltr' id='par_1_64' title="bbox 1756 2984 3412 3059">
     <span class='ocr_line' id='line_1_64' title="bbox 1756 2984 3412 3059; baseline 0.005 -22"><span class='ocrx_word' id='word_1_420' title='bbox 1756 2984 2070 3040; x_wconf 90' lang='lat' dir='ltr'>dilectione</span> <span class='ocrx_word' id='word_1_421' title='bbox 2099 3001 2308 3041; x_wconf 89' lang='lat' dir='ltr'>unum.</span> <span class='ocrx_word' id='word_1_422' title='bbox 2347 2987 2500 3042; x_wconf 86' lang='lat' dir='ltr'>Dixit</span> <span class='ocrx_word' id='word_1_423' title='bbox 2523 2990 2681 3043; x_wconf 90' lang='lat' dir='ltr'>enim</span> <span class='ocrx_word' id='word_1_424' title='bbox 2717 3013 2728 3043; x_wconf 87' lang='lat'><strong>:</strong></span> <span class='ocrx_word' id='word_1_425' title='bbox 2766 2990 2877 3054; x_wconf 83' lang='lat' dir='ltr'>Qui</span> <span class='ocrx_word' id='word_1_426' title='bbox 2899 2990 3086 3059; x_wconf 60' lang='lat' dir='ltr'>{habet</span> <span class='ocrx_word' id='word_1_427' title='bbox 3116 2995 3412 3059; x_wconf 75' lang='lat' dir='ltr'>prwcepta</span> 
     </span>
    </p>
   </div>
   <div class='ocr_carea' id='block_1_65' title="bbox 1760 3075 3412 3147">
    <p class='ocr_par' dir='ltr' id='par_1_65' title="bbox 1760 3075 3412 3147">
     <span class='ocr_line' id='line_1_65' title="bbox 1760 3075 3412 3147; baseline 0.006 -23"><span class='ocrx_word' id='word_1_428' title='bbox 1760 3087 1883 3127; x_wconf 89' lang='lat' dir='ltr'>mea</span> <span class='ocrx_word' id='word_1_429' title='bbox 1917 3079 1968 3128; x_wconf 88' lang='lat' dir='ltr'>et</span> <span class='ocrx_word' id='word_1_430' title='bbox 2000 3080 2195 3129; x_wconf 80' lang='lat' dir='ltr'>servat</span> <span class='ocrx_word' id='word_1_431' title='bbox 2227 3089 2311 3137; x_wconf 86' lang='lat' dir='ltr'>ea,</span> <span class='ocrx_word' id='word_1_432' title='bbox 2349 3075 2442 3131; x_wconf 81' lang='lat' dir='ltr'>hic</span> <span class='ocrx_word' id='word_1_433' title='bbox 2473 3082 2554 3130; x_wconf 87' lang='lat' dir='ltr'>est</span> <span class='ocrx_word' id='word_1_434' title='bbox 2595 3079 2693 3147; x_wconf 81' lang='lat' dir='ltr'>qui</span> <span class='ocrx_word' id='word_1_435' title='bbox 2708 3078 2900 3147; x_wconf 80' lang='lat' dir='ltr'>diligit</span> <span class='ocrx_word' id='word_1_436' title='bbox 2925 3094 3010 3134; x_wconf 86' lang='lat' dir='ltr'>me</span> <span class='ocrx_word' id='word_1_437' title='bbox 3038 3081 3086 3112; x_wconf 80' lang='grc' dir='ltr'>⁵ο</span> <span class='ocrx_word' id='word_1_438' title='bbox 3111 3094 3124 3142; x_wconf 88' lang='lat'><strong>;</strong></span> <span class='ocrx_word' id='word_1_439' title='bbox 3153 3082 3211 3133; x_wconf 83' lang='lat' dir='ltr'>et</span> <span class='ocrx_word' id='word_1_440' title='bbox 3243 3096 3255 3132; x_wconf 92' lang='lat'>:</span> <span class='ocrx_word' id='word_1_441' title='bbox 3290 3079 3412 3134; x_wconf 87' lang='lat' dir='ltr'>Hoc</span> 
     </span>
    </p>
   </div>
   <div class='ocr_carea' id='block_1_66' title="bbox 48 3165 1649 3254">
    <p class='ocr_par' dir='ltr' id='par_1_66' title="bbox 48 3165 1649 3240">
     <span class='ocr_line' id='line_1_66' title="bbox 48 3165 1649 3240; baseline 0 -21"><span class='ocrx_word' id='word_1_442' title='bbox 48 3178 156 3222; x_wconf 88' lang='grc' dir='ltr'>πῶν</span> <span class='ocrx_word' id='word_1_443' title='bbox 179 3188 242 3240; x_wconf 89' lang='grc' dir='ltr'>με</span> <span class='ocrx_word' id='word_1_444' title='bbox 271 3185 284 3198; x_wconf 77' lang='grc'><strong><em>⁸</em></strong></span> <span class='ocrx_word' id='word_1_445' title='bbox 315 3173 404 3218; x_wconf 82' lang='grc' dir='ltr'>καί</span> <span class='ocrx_word' id='word_1_446' title='bbox 445 3185 457 3196; x_wconf 89' lang='grc'><strong>·</strong></span> <span class='ocrx_word' id='word_1_447' title='bbox 484 3167 627 3224; x_wconf 76' lang='grc' dir='ltr'>Αὕτη</span> <span class='ocrx_word' id='word_1_448' title='bbox 671 3166 812 3218; x_wconf 83' lang='grc' dir='ltr'>ἐστὶν</span> <span class='ocrx_word' id='word_1_449' title='bbox 869 3169 899 3224; x_wconf 86' lang='grc' dir='ltr'>ἡ</span> <span class='ocrx_word' id='word_1_450' title='bbox 953 3165 1123 3224; x_wconf 80' lang='grc' dir='ltr'>ἐντολὴ</span> <span class='ocrx_word' id='word_1_451' title='bbox 1153 3169 1182 3225; x_wconf 80' lang='grc' dir='ltr'>ἡ</span> <span class='ocrx_word' id='word_1_452' title='bbox 1213 3167 1330 3239; x_wconf 84' lang='grc' dir='ltr'>ἐμὴ,</span> <span class='ocrx_word' id='word_1_453' title='bbox 1393 3170 1475 3219; x_wconf 83' lang='grc' dir='ltr'>ἵνα</span> <span class='ocrx_word' id='word_1_454' title='bbox 1520 3168 1649 3240; x_wconf 78' lang='grc' dir='ltr'>ἀγοίο</span> 
     </span>
    </p>
   </div>
   <div class='ocr_carea' id='block_1_67' title="bbox 1768 3165 3409 3254">
    <p class='ocr_par' dir='ltr' id='par_1_67' title="bbox 1768 3165 3409 3235">
     <span class='ocr_line' id='line_1_67' title="bbox 1768 3165 3409 3235; baseline 0.005 -21"><span class='ocrx_word' id='word_1_455' title='bbox 1768 3166 1844 3214; x_wconf 81' lang='lat' dir='ltr'>est</span> <span class='ocrx_word' id='word_1_456' title='bbox 1872 3169 2209 3228; x_wconf 80' lang='lat' dir='ltr'>preceptum</span> <span class='ocrx_word' id='word_1_457' title='bbox 2249 3178 2458 3228; x_wconf 83' lang='lat' dir='ltr'>meum,</span> <span class='ocrx_word' id='word_1_458' title='bbox 2501 3172 2560 3219; x_wconf 87' lang='lat' dir='ltr'>ut</span> <span class='ocrx_word' id='word_1_459' title='bbox 2612 3165 2878 3235; x_wconf 84' lang='lat' dir='ltr'>diligatis</span> <span class='ocrx_word' id='word_1_460' title='bbox 2925 3183 3019 3222; x_wconf 87' lang='lat' dir='ltr'>vos</span> <span class='ocrx_word' id='word_1_461' title='bbox 3061 3167 3306 3222; x_wconf 86' lang='lat' dir='ltr'>invicem</span> <span class='ocrx_word' id='word_1_462' title='bbox 3340 3169 3409 3222; x_wconf 69' lang='grc'>⁵⁸.</span> 
     </span>
    </p>
   </div>
   <div class='ocr_carea' id='block_1_68' title="bbox 50 3254 1652 3328">
    <p class='ocr_par' dir='ltr' id='par_1_68' title="bbox 50 3254 1652 3328">
     <span class='ocr_line' id='line_1_68' title="bbox 50 3254 1652 3328; baseline -0.002 -19"><span class='ocrx_word' id='word_1_463' title='bbox 50 3265 179 3309; x_wconf 81' lang='grc' dir='ltr'>πᾶτε</span> <span class='ocrx_word' id='word_1_464' title='bbox 230 3255 497 3316; x_wconf 77' lang='grc' dir='ltr'>ἀλλήλους.</span> <span class='ocrx_word' id='word_1_465' title='bbox 556 3255 646 3307; x_wconf 87' lang='grc' dir='ltr'>Ἐκ</span> <span class='ocrx_word' id='word_1_466' title='bbox 701 3263 793 3317; x_wconf 81' lang='grc' dir='ltr'>τῆς</span> <span class='ocrx_word' id='word_1_467' title='bbox 839 3254 1042 3326; x_wconf 77' lang='grc' dir='ltr'>ἀγάπης</span> <span class='ocrx_word' id='word_1_468' title='bbox 1071 3260 1241 3307; x_wconf 82' lang='grc' dir='ltr'>τοίνυν</span> <span class='ocrx_word' id='word_1_469' title='bbox 1295 3261 1384 3307; x_wconf 83' lang='grc' dir='ltr'>καὶ</span> <span class='ocrx_word' id='word_1_470' title='bbox 1413 3258 1652 3328; x_wconf 84' lang='grc' dir='ltr'>ὁμονοίας</span> 
     </span>
    </p>
   </div>
   <div class='ocr_carea' id='block_1_69' title="bbox 56 3344 1651 3418">
    <p class='ocr_par' dir='ltr' id='par_1_69' title="bbox 56 3344 1651 3418">
     <span class='ocr_line' id='line_1_69' title="bbox 56 3344 1651 3418; baseline 0.001 -22"><span class='ocrx_word' id='word_1_471' title='bbox 56 3346 362 3418; x_wconf 76' lang='grc' dir='ltr'>ἀρξάμενος,</span> <span class='ocrx_word' id='word_1_472' title='bbox 417 3345 490 3406; x_wconf 80' lang='grc' dir='ltr'>εἰς</span> <span class='ocrx_word' id='word_1_473' title='bbox 550 3347 746 3402; x_wconf 86' lang='grc' dir='ltr'>ταύτην</span> <span class='ocrx_word' id='word_1_474' title='bbox 800 3344 952 3396; x_wconf 82' lang='grc' dir='ltr'>πάλιν</span> <span class='ocrx_word' id='word_1_475' title='bbox 1013 3345 1309 3398; x_wconf 81' lang='grc' dir='ltr'>κατέκλεισε</span> <span class='ocrx_word' id='word_1_476' title='bbox 1359 3345 1651 3412; x_wconf 85' lang='grc' dir='ltr'>τὸνλόγον,</span> 
     </span>
    </p>
   </div>
   <div class='ocr_carea' id='block_1_70' title="bbox 56 3432 1654 3509">
    <p class='ocr_par' dir='ltr' id='par_1_70' title="bbox 56 3432 1654 3509">
     <span class='ocr_line' id='line_1_70' title="bbox 56 3432 1654 3509; baseline -0.001 -22"><span class='ocrx_word' id='word_1_477' title='bbox 56 3432 258 3494; x_wconf 75' lang='grc' dir='ltr'>δεικνύς</span> <span class='ocrx_word' id='word_1_478' title='bbox 346 3435 428 3486; x_wconf 83' lang='grc' dir='ltr'>6τέ</span> <span class='ocrx_word' id='word_1_479' title='bbox 496 3433 721 3506; x_wconf 64' lang='grc' dir='ltr'>θεοφιλὲς</span> <span class='ocrx_word' id='word_1_480' title='bbox 776 3439 866 3486; x_wconf 86' lang='grc' dir='ltr'>καὶ</span> <span class='ocrx_word' id='word_1_481' title='bbox 919 3433 1377 3509; x_wconf 85' lang='grc' dir='ltr'>περισπούδαστον</span> <span class='ocrx_word' id='word_1_482' title='bbox 1431 3437 1460 3494; x_wconf 84' lang='grc' dir='ltr'><strong>ἠ</strong></span> <span class='ocrx_word' id='word_1_483' title='bbox 1519 3433 1654 3506; x_wconf 81' lang='grc' dir='ltr'>ἀγοί-</span> 
     </span>
    </p>
   </div>
   <div class='ocr_carea' id='block_1_71' title="bbox 53 3522 200 3596">
    <p class='ocr_par' dir='ltr' id='par_1_71' title="bbox 53 3522 200 3596">
     <span class='ocr_line' id='line_1_71' title="bbox 53 3522 200 3596; baseline -0.007 -20"><span class='ocrx_word' id='word_1_484' title='bbox 53 3543 124 3581; x_wconf 91' lang='grc' dir='ltr'>πη</span> <span class='ocrx_word' id='word_1_485' title='bbox 159 3522 200 3596; x_wconf 92' lang='grc'>].</span> 
     </span>
    </p>
   </div>
   <div class='ocr_carea' id='block_1_72' title="bbox 122 3611 1658 3681">
    <p class='ocr_par' dir='ltr' id='par_1_72' title="bbox 122 3611 1658 3681">
     <span class='ocr_line' id='line_1_72' title="bbox 122 3611 1658 3681; baseline 0 -15"><span class='ocrx_word' id='word_1_486' title='bbox 122 3611 234 3666; x_wconf 83' lang='grc' dir='ltr'>Ἵνα</span> <span class='ocrx_word' id='word_1_487' title='bbox 263 3645 332 3652; x_wconf 91' lang='grc'><strong>-</strong></span> <span class='ocrx_word' id='word_1_488' title='bbox 369 3611 696 3676; x_wconf 86' lang='grc' dir='ltr'>ἀπέστειλας.</span> <span class='ocrx_word' id='word_1_489' title='bbox 748 3644 816 3653; x_wconf 91' lang='grc'><strong><em>-</em></strong></span> <span class='ocrx_word' id='word_1_490' title='bbox 854 3612 982 3681; x_wconf 80' lang='grc' dir='ltr'>Ἵνα,</span> <span class='ocrx_word' id='word_1_491' title='bbox 1033 3616 1323 3674; x_wconf 84' lang='grc' dir='ltr'>πιστεύσας</span> <span class='ocrx_word' id='word_1_492' title='bbox 1367 3621 1474 3676; x_wconf 89' lang='grc' dir='ltr'>τοῖς</span> <span class='ocrx_word' id='word_1_493' title='bbox 1527 3613 1658 3666; x_wconf 88' lang='grc' dir='ltr'>ἀπο-</span> 
     </span>
    </p>
   </div>
   <div class='ocr_carea' id='block_1_73' title="bbox 57 3701 1658 3775">
    <p class='ocr_par' dir='ltr' id='par_1_73' title="bbox 57 3701 1658 3775">
     <span class='ocr_line' id='line_1_73' title="bbox 57 3701 1658 3775; baseline 0.001 -20"><span class='ocrx_word' id='word_1_494' title='bbox 57 3701 280 3769; x_wconf 84' lang='grc' dir='ltr'>στόλοις,</span> <span class='ocrx_word' id='word_1_495' title='bbox 343 3704 606 3775; x_wconf 76' lang='grc' dir='ltr'>πιστεύσῃ</span> <span class='ocrx_word' id='word_1_496' title='bbox 671 3702 751 3754; x_wconf 86' lang='grc' dir='ltr'>ὃτι</span> <span class='ocrx_word' id='word_1_497' title='bbox 815 3705 880 3754; x_wconf 89' lang='grc' dir='ltr'>σύ</span> <span class='ocrx_word' id='word_1_498' title='bbox 947 3721 1009 3775; x_wconf 83' lang='grc' dir='ltr'>με</span> <span class='ocrx_word' id='word_1_499' title='bbox 1086 3701 1410 3765; x_wconf 81' lang='grc' dir='ltr'>ἀπέστειλας.</span> <span class='ocrx_word' id='word_1_500' title='bbox 1495 3711 1658 3756; x_wconf 83' lang='grc' dir='ltr'>Τοῦτο</span> 
     </span>
    </p>
   </div>
   <div class='ocr_carea' id='block_1_74' title="bbox 49 3789 1658 3868">
    <p class='ocr_par' dir='ltr' id='par_1_74' title="bbox 49 3789 1658 3868">
     <span class='ocr_line' id='line_1_74' title="bbox 49 3789 1658 3868; baseline 0 -24"><span class='ocrx_word' id='word_1_501' title='bbox 49 3795 153 3866; x_wconf 80' lang='grc' dir='ltr'>γὰρ</span> <span class='ocrx_word' id='word_1_502' title='bbox 214 3791 459 3864; x_wconf 86' lang='grc' dir='ltr'>μέλλουσι</span> <span class='ocrx_word' id='word_1_503' title='bbox 506 3794 798 3864; x_wconf 84' lang='grc' dir='ltr'>κηρύττειν.</span> <span class='ocrx_word' id='word_1_504' title='bbox 866 3789 1033 3844; x_wconf 67' lang='grc' dir='ltr'>Οὐδὲν</span> <span class='ocrx_word' id='word_1_505' title='bbox 1081 3795 1181 3868; x_wconf 87' lang='grc' dir='ltr'>γάρ</span> <span class='ocrx_word' id='word_1_506' title='bbox 1238 3793 1397 3854; x_wconf 76' lang='grc' dir='ltr'>οὕτως</span> <span class='ocrx_word' id='word_1_507' title='bbox 1462 3792 1658 3866; x_wconf 76' lang='grc' dir='ltr'>ἔμελλεν</span> 
     </span>
    </p>
   </div>
   <div class='ocr_carea' id='block_1_75' title="bbox 53 3879 1660 3955">
    <p class='ocr_par' dir='ltr' id='par_1_75' title="bbox 53 3879 1660 3955">
     <span class='ocr_line' id='line_1_75' title="bbox 53 3879 1660 3955; baseline 0.001 -21"><span class='ocrx_word' id='word_1_508' title='bbox 53 3879 359 3955; x_wconf 75' lang='grc' dir='ltr'>ἐμποδίζειν</span> <span class='ocrx_word' id='word_1_509' title='bbox 413 3890 486 3953; x_wconf 83' lang='grc' dir='ltr'>τῷ</span> <span class='ocrx_word' id='word_1_510' title='bbox 564 3884 868 3954; x_wconf 80' lang='grc' dir='ltr'>κηρύγματι</span> <span class='ocrx_word' id='word_1_511' title='bbox 931 3884 996 3942; x_wconf 88' lang='grc' dir='ltr'>ὡς</span> <span class='ocrx_word' id='word_1_512' title='bbox 1069 3885 1127 3934; x_wconf 87' lang='grc' dir='ltr'>τό</span> <span class='ocrx_word' id='word_1_513' title='bbox 1180 3879 1495 3953; x_wconf 87' lang='grc' dir='ltr'>διεσχίσθαι</span> <span class='ocrx_word' id='word_1_514' title='bbox 1544 3887 1660 3944; x_wconf 79' lang='grc' dir='ltr'>τοὺς</span> 
     </span>
    </p>
   </div>
   <div class='ocr_carea' id='block_1_76' title="bbox 55 3968 1660 4046">
    <p class='ocr_par' dir='ltr' id='par_1_76' title="bbox 55 3968 1660 4046">
     <span class='ocr_line' id='line_1_76' title="bbox 55 3968 1660 4046; baseline 0.001 -22"><span class='ocrx_word' id='word_1_515' title='bbox 55 3977 314 4046; x_wconf 84' lang='grc' dir='ltr'>κήρυκας,</span> <span class='ocrx_word' id='word_1_516' title='bbox 349 3979 411 4044; x_wconf 78' lang='grc' dir='ltr'>τῇ</span> <span class='ocrx_word' id='word_1_517' title='bbox 454 3991 509 4023; x_wconf 88' lang='grc' dir='ltr'>τε</span> <span class='ocrx_word' id='word_1_518' title='bbox 563 3968 793 4044; x_wconf 81' lang='grc' dir='ltr'>διαφορᾷ</span> <span class='ocrx_word' id='word_1_519' title='bbox 835 3978 926 4032; x_wconf 83' lang='grc' dir='ltr'>τῆς</span> <span class='ocrx_word' id='word_1_520' title='bbox 981 3975 1225 4037; x_wconf 88' lang='grc' dir='ltr'>πίστεως,</span> <span class='ocrx_word' id='word_1_521' title='bbox 1289 3976 1378 4024; x_wconf 82' lang='grc' dir='ltr'>καὶ</span> <span class='ocrx_word' id='word_1_522' title='bbox 1424 3980 1482 4044; x_wconf 77' lang='grc' dir='ltr'>τῇ</span> <span class='ocrx_word' id='word_1_523' title='bbox 1535 3976 1660 4045; x_wconf 89' lang='grc' dir='ltr'>πρὸς</span> 
     </span>
    </p>
   </div>
   <div class='ocr_carea' id='block_1_77' title="bbox 57 4057 1657 4135">
    <p class='ocr_par' dir='ltr' id='par_1_77' title="bbox 57 4057 1657 4135">
     <span class='ocr_line' id='line_1_77' title="bbox 57 4057 1657 4135; baseline -0.001 -22"><span class='ocrx_word' id='word_1_524' title='bbox 57 4060 311 4122; x_wconf 69' lang='grc' dir='ltr'>ἀλλήλους</span> <span class='ocrx_word' id='word_1_525' title='bbox 407 4059 684 4132; x_wconf 77' lang='grc' dir='ltr'>ἀπεχθείᾳ,</span> <span class='ocrx_word' id='word_1_526' title='bbox 757 4057 961 4125; x_wconf 77' lang='grc' dir='ltr'>ἐπειδὴ,</span> <span class='ocrx_word' id='word_1_527' title='bbox 1028 4065 1361 4133; x_wconf 85' lang='grc' dir='ltr'>μαχομένων,</span> <span class='ocrx_word' id='word_1_528' title='bbox 1431 4061 1657 4135; x_wconf 80' lang='grc' dir='ltr'>ἐροῦσιν,</span> 
     </span>
    </p>
   </div>
   <div class='ocr_carea' id='block_1_78' title="bbox 57 4146 1658 4225">
    <p class='ocr_par' dir='ltr' id='par_1_78' title="bbox 57 4146 1658 4225">
     <span class='ocr_line' id='line_1_78' title="bbox 57 4146 1658 4225; baseline -0.001 -22"><span class='ocrx_word' id='word_1_529' title='bbox 57 4151 152 4203; x_wconf 67' lang='grc' dir='ltr'>οὐκ</span> <span class='ocrx_word' id='word_1_530' title='bbox 208 4150 467 4224; x_wconf 84' lang='grc' dir='ltr'>εἰρηνικοῦ</span> <span class='ocrx_word' id='word_1_531' title='bbox 528 4146 654 4202; x_wconf 83' lang='grc' dir='ltr'>εἶναι</span> <span class='ocrx_word' id='word_1_532' title='bbox 709 4150 1064 4221; x_wconf 76' lang='grc' dir='ltr'>μαθητάςοεί</span> <span class='ocrx_word' id='word_1_533' title='bbox 1123 4147 1181 4203; x_wconf 72' lang='grc' dir='ltr'>δὲ</span> <span class='ocrx_word' id='word_1_534' title='bbox 1230 4151 1323 4202; x_wconf 76' lang='grc' dir='ltr'>ούκ</span> <span class='ocrx_word' id='word_1_535' title='bbox 1378 4150 1658 4225; x_wconf 83' lang='grc' dir='ltr'>ἓὶρηνικοῡ,</span> 
     </span>
    </p>
   </div>
   <div class='ocr_carea' id='block_1_79' title="bbox 57 4237 1662 4312">
    <p class='ocr_par' dir='ltr' id='par_1_79' title="bbox 57 4237 1662 4312">
     <span class='ocr_line' id='line_1_79' title="bbox 57 4237 1662 4312; baseline 0 -20"><span class='ocrx_word' id='word_1_536' title='bbox 57 4238 184 4292; x_wconf 68' lang='grc' dir='ltr'>οὐδὲ</span> <span class='ocrx_word' id='word_1_537' title='bbox 231 4242 374 4311; x_wconf 75' lang='grc' dir='ltr'>παρὰ</span> <span class='ocrx_word' id='word_1_538' title='bbox 431 4246 526 4290; x_wconf 82' lang='grc' dir='ltr'>σοῦ</span> <span class='ocrx_word' id='word_1_539' title='bbox 585 4238 955 4300; x_wconf 86' lang='grc' dir='ltr'>ἀποσταλέντες</span> <span class='ocrx_word' id='word_1_540' title='bbox 1008 4258 1020 4269; x_wconf 80' lang='grc'><em>’</em></span> <span class='ocrx_word' id='word_1_541' title='bbox 1070 4241 1562 4312; x_wconf 84' lang='grc' dir='ltr'>ὁμογνωμονούντων</span> <span class='ocrx_word' id='word_1_542' title='bbox 1605 4237 1662 4292; x_wconf 74' lang='grc' dir='ltr'>δὲ</span> 
     </span>
    </p>
   </div>
   <div class='ocr_carea' id='block_1_80' title="bbox 57 4327 1666 4400">
    <p class='ocr_par' dir='ltr' id='par_1_80' title="bbox 57 4327 1666 4400">
     <span class='ocr_line' id='line_1_80' title="bbox 57 4327 1666 4400; baseline -0.002 -19"><span class='ocrx_word' id='word_1_543' title='bbox 57 4333 148 4381; x_wconf 86' lang='grc' dir='ltr'>καὶ</span> <span class='ocrx_word' id='word_1_544' title='bbox 190 4331 284 4389; x_wconf 80' lang='grc' dir='ltr'>τὰς</span> <span class='ocrx_word' id='word_1_545' title='bbox 348 4327 554 4389; x_wconf 82' lang='grc' dir='ltr'>ἐντολάς</span> <span class='ocrx_word' id='word_1_546' title='bbox 612 4347 712 4400; x_wconf 88' lang='grc' dir='ltr'>μου</span> <span class='ocrx_word' id='word_1_547' title='bbox 772 4327 1143 4399; x_wconf 77' lang='grc' dir='ltr'>φυλαττόντων,</span> <span class='ocrx_word' id='word_1_548' title='bbox 1193 4333 1482 4400; x_wconf 80' lang='grc' dir='ltr'>γνώσονται</span> <span class='ocrx_word' id='word_1_549' title='bbox 1541 4330 1666 4380; x_wconf 83' lang='grc' dir='ltr'>πάν-</span> 
     </span>
    </p>
   </div>
   <div class='ocr_carea' id='block_1_81' title="bbox 60 4415 1664 4489">
    <p class='ocr_par' dir='ltr' id='par_1_81' title="bbox 60 4415 1664 4489">
     <span class='ocr_line' id='line_1_81' title="bbox 60 4415 1664 4489; baseline -0.001 -20"><span class='ocrx_word' id='word_1_550' title='bbox 60 4436 144 4478; x_wconf 88' lang='grc' dir='ltr'>τες</span> <span class='ocrx_word' id='word_1_551' title='bbox 189 4418 268 4469; x_wconf 87' lang='grc' dir='ltr'>ὃτι</span> <span class='ocrx_word' id='word_1_552' title='bbox 322 4415 434 4489; x_wconf 85' lang='grc' dir='ltr'>ἐμοὶ</span> <span class='ocrx_word' id='word_1_553' title='bbox 488 4418 722 4488; x_wconf 88' lang='grc' dir='ltr'>μαθηταί</span> <span class='ocrx_word' id='word_1_554' title='bbox 771 4416 892 4488; x_wconf 79' lang='grc' dir='ltr'>εἰσι,</span> <span class='ocrx_word' id='word_1_555' title='bbox 925 4422 1013 4470; x_wconf 84' lang='grc' dir='ltr'>καὶ</span> <span class='ocrx_word' id='word_1_556' title='bbox 1069 4418 1149 4469; x_wconf 86' lang='grc' dir='ltr'>ὃτι</span> <span class='ocrx_word' id='word_1_557' title='bbox 1201 4419 1266 4469; x_wconf 86' lang='grc' dir='ltr'>σύ</span> <span class='ocrx_word' id='word_1_558' title='bbox 1315 4436 1378 4489; x_wconf 80' lang='grc' dir='ltr'>με</span> <span class='ocrx_word' id='word_1_559' title='bbox 1426 4415 1664 4469; x_wconf 83' lang='grc' dir='ltr'>ἀπέστει-</span> 
     </span>
    </p>
   </div>
   <div class='ocr_carea' id='block_1_82' title="bbox 59 4507 173 4566">
    <p class='ocr_par' dir='ltr' id='par_1_82' title="bbox 59 4507 173 4566">
     <span class='ocr_line' id='line_1_82' title="bbox 59 4507 173 4566; baseline -0.018 -8"><span class='ocrx_word' id='word_1_560' title='bbox 59 4507 173 4566; x_wconf 90' lang='grc' dir='ltr'>λας.</span> 
     </span>
    </p>
   </div>
   <div class='ocr_carea' id='block_1_83' title="bbox 1765 3249 3408 3325">
    <p class='ocr_par' dir='ltr' id='par_1_83' title="bbox 1765 3249 3408 3325">
     <span class='ocr_line' id='line_1_83' title="bbox 1765 3249 3408 3325; baseline 0.004 -21"><span class='ocrx_word' id='word_1_561' title='bbox 1765 3250 1910 3304; x_wconf 89' lang='lat' dir='ltr'>Cum</span> <span class='ocrx_word' id='word_1_562' title='bbox 1960 3263 2101 3320; x_wconf 87' lang='lat' dir='ltr'>ergo</span> <span class='ocrx_word' id='word_1_563' title='bbox 2167 3266 2202 3304; x_wconf 91' lang='lat' dir='ltr'>a</span> <span class='ocrx_word' id='word_1_564' title='bbox 2257 3249 2570 3306; x_wconf 86' lang='lat' dir='ltr'>dilectione</span> <span class='ocrx_word' id='word_1_565' title='bbox 2624 3257 2680 3308; x_wconf 90' lang='lat' dir='ltr'>et</span> <span class='ocrx_word' id='word_1_566' title='bbox 2723 3255 3044 3310; x_wconf 88' lang='lat' dir='ltr'>concordia</span> <span class='ocrx_word' id='word_1_567' title='bbox 3104 3255 3408 3325; x_wconf 89' lang='lat' dir='ltr'>inceperit,</span> 
     </span>
    </p>
   </div>
   <div class='ocr_carea' id='block_1_84' title="bbox 1764 3337 3414 3407">
    <p class='ocr_par' dir='ltr' id='par_1_84' title="bbox 1764 3337 3414 3407">
     <span class='ocr_line' id='line_1_84' title="bbox 1764 3337 3414 3407; baseline 0.004 -16"><span class='ocrx_word' id='word_1_568' title='bbox 1764 3351 2000 3392; x_wconf 87' lang='lat' dir='ltr'>rursum</span> <span class='ocrx_word' id='word_1_569' title='bbox 2043 3339 2102 3393; x_wconf 89' lang='lat' dir='ltr'>in</span> <span class='ocrx_word' id='word_1_570' title='bbox 2163 3337 2277 3394; x_wconf 89' lang='lat' dir='ltr'>hac</span> <span class='ocrx_word' id='word_1_571' title='bbox 2325 3340 2617 3396; x_wconf 88' lang='lat' dir='ltr'>conclusit</span> <span class='ocrx_word' id='word_1_572' title='bbox 2673 3357 3031 3407; x_wconf 89' lang='lat' dir='ltr'>sermonem,</span> <span class='ocrx_word' id='word_1_573' title='bbox 3092 3343 3414 3398; x_wconf 91' lang='lat' dir='ltr'>ostendens</span> 
     </span>
    </p>
   </div>
   <div class='ocr_carea' id='block_1_85' title="bbox 1764 3427 3416 3501">
    <p class='ocr_par' dir='ltr' id='par_1_85' title="bbox 1764 3427 3416 3501">
     <span class='ocr_line' id='line_1_85' title="bbox 1764 3427 3416 3501; baseline 0.004 -20"><span class='ocrx_word' id='word_1_574' title='bbox 1764 3427 1928 3499; x_wconf 88' lang='lat' dir='ltr'>quod</span> <span class='ocrx_word' id='word_1_575' title='bbox 1963 3429 2082 3484; x_wconf 90' lang='lat' dir='ltr'>Deo</span> <span class='ocrx_word' id='word_1_576' title='bbox 2114 3427 2299 3484; x_wconf 89' lang='lat' dir='ltr'>chara</span> <span class='ocrx_word' id='word_1_577' title='bbox 2320 3429 2391 3483; x_wconf 88' lang='lat' dir='ltr'>sit</span> <span class='ocrx_word' id='word_1_578' title='bbox 2413 3445 2482 3485; x_wconf 92' lang='lat' dir='ltr'>ac</span> <span class='ocrx_word' id='word_1_579' title='bbox 2502 3446 2726 3501; x_wconf 90' lang='lat' dir='ltr'>magno</span> <span class='ocrx_word' id='word_1_580' title='bbox 2749 3430 2943 3487; x_wconf 90' lang='lat' dir='ltr'>studio</span> <span class='ocrx_word' id='word_1_581' title='bbox 2969 3430 3301 3488; x_wconf 83' lang='lat' dir='ltr'>affectanda</span> <span class='ocrx_word' id='word_1_582' title='bbox 3328 3431 3416 3488; x_wconf 86' lang='lat' dir='ltr'>di-</span> 
     </span>
    </p>
   </div>
   <div class='ocr_carea' id='block_1_86' title="bbox 1767 3516 1966 3575">
    <p class='ocr_par' dir='ltr' id='par_1_86' title="bbox 1767 3516 1966 3575">
     <span class='ocr_line' id='line_1_86' title="bbox 1767 3516 1966 3575; baseline 0.015 -3"><span class='ocrx_word' id='word_1_583' title='bbox 1767 3516 1966 3575; x_wconf 90' lang='lat' dir='ltr'>lectio.</span> 
     </span>
    </p>
   </div>
   <div class='ocr_carea' id='block_1_87' title="bbox 1838 3605 3412 3682">
    <p class='ocr_par' dir='ltr' id='par_1_87' title="bbox 1838 3605 3412 3682">
     <span class='ocr_line' id='line_1_87' title="bbox 1838 3605 3412 3682; baseline 0.003 -22"><span class='ocrx_word' id='word_1_584' title='bbox 1838 3605 2005 3661; x_wconf 86' lang='lat' dir='ltr'>Vers.</span> <span class='ocrx_word' id='word_1_585' title='bbox 2037 3607 2126 3661; x_wconf 79' lang='lat' dir='ltr'>2t.</span> <span class='ocrx_word' id='word_1_586' title='bbox 2160 3607 2232 3663; x_wconf 90' lang='lat' dir='ltr'>Ut</span> <span class='ocrx_word' id='word_1_587' title='bbox 2257 3639 2326 3647; x_wconf 96' lang='lat'>—</span> <span class='ocrx_word' id='word_1_588' title='bbox 2343 3607 2589 3665; x_wconf 86' lang='lat' dir='ltr'>miseris.</span> <span class='ocrx_word' id='word_1_589' title='bbox 2607 3640 2676 3650; x_wconf 97' lang='lat'><strong>—</strong></span> <span class='ocrx_word' id='word_1_590' title='bbox 2710 3611 2800 3676; x_wconf 89' lang='lat' dir='ltr'>Ut,</span> <span class='ocrx_word' id='word_1_591' title='bbox 2825 3609 3075 3666; x_wconf 89' lang='lat' dir='ltr'>credens</span> <span class='ocrx_word' id='word_1_592' title='bbox 3098 3608 3412 3682; x_wconf 87' lang='lat' dir='ltr'>apostolis,</span> 
     </span>
    </p>
   </div>
   <div class='ocr_carea' id='block_1_88' title="bbox 1769 3695 3415 3772">
    <p class='ocr_par' dir='ltr' id='par_1_88' title="bbox 1769 3695 3415 3772">
     <span class='ocr_line' id='line_1_88' title="bbox 1769 3695 3415 3772; baseline 0.001 -20"><span class='ocrx_word' id='word_1_593' title='bbox 1769 3695 1968 3752; x_wconf 85' lang='lat' dir='ltr'>credat</span> <span class='ocrx_word' id='word_1_594' title='bbox 2000 3697 2154 3767; x_wconf 86' lang='lat' dir='ltr'>quod</span> <span class='ocrx_word' id='word_1_595' title='bbox 2179 3702 2242 3751; x_wconf 86' lang='lat' dir='ltr'>tu</span> <span class='ocrx_word' id='word_1_596' title='bbox 2272 3713 2362 3752; x_wconf 88' lang='lat' dir='ltr'>me</span> <span class='ocrx_word' id='word_1_597' title='bbox 2408 3697 2650 3754; x_wconf 74' lang='lat' dir='ltr'>miseris.</span> <span class='ocrx_word' id='word_1_598' title='bbox 2683 3702 2829 3755; x_wconf 89' lang='lat' dir='ltr'>Nam</span> <span class='ocrx_word' id='word_1_599' title='bbox 2868 3699 2984 3756; x_wconf 93' lang='lat' dir='ltr'>hoc</span> <span class='ocrx_word' id='word_1_600' title='bbox 3013 3700 3415 3772; x_wconf 71' lang='lat' dir='ltr'>praedicaturi,</span> 
     </span>
    </p>
   </div>
   <div class='ocr_carea' id='block_1_89' title="bbox 1770 3785 3420 3862">
    <p class='ocr_par' dir='ltr' id='par_1_89' title="bbox 1770 3785 3420 3862">
     <span class='ocr_line' id='line_1_89' title="bbox 1770 3785 3420 3862; baseline 0.003 -22"><span class='ocrx_word' id='word_1_601' title='bbox 1770 3790 1912 3840; x_wconf 89' lang='lat' dir='ltr'>sunt</span> <span class='ocrx_word' id='word_1_602' title='bbox 1954 3802 1965 3841; x_wconf 93' lang='lat'>:</span> <span class='ocrx_word' id='word_1_603' title='bbox 1996 3791 2052 3842; x_wconf 93' lang='lat' dir='ltr'>et</span> <span class='ocrx_word' id='word_1_604' title='bbox 2078 3785 2223 3841; x_wconf 88' lang='lat' dir='ltr'>nihil</span> <span class='ocrx_word' id='word_1_605' title='bbox 2245 3787 2397 3843; x_wconf 90' lang='lat' dir='ltr'>adeo</span> <span class='ocrx_word' id='word_1_606' title='bbox 2429 3788 2536 3843; x_wconf 87' lang='lat' dir='ltr'>erit</span> <span class='ocrx_word' id='word_1_607' title='bbox 2565 3789 2994 3860; x_wconf 86' lang='lat' dir='ltr'>impedimento</span> <span class='ocrx_word' id='word_1_608' title='bbox 3017 3789 3420 3862; x_wconf 68' lang='lat' dir='ltr'>praedicationi</span> 
     </span>
    </p>
   </div>
   <div class='ocr_carea' id='block_1_90' title="bbox 1770 3876 3422 3948">
    <p class='ocr_par' dir='ltr' id='par_1_90' title="bbox 1770 3876 3422 3948">
     <span class='ocr_line' id='line_1_90' title="bbox 1770 3876 3422 3948; baseline 0.003 -18"><span class='ocrx_word' id='word_1_609' title='bbox 1770 3876 1922 3931; x_wconf 90' lang='lat' dir='ltr'>sicut</span> <span class='ocrx_word' id='word_1_610' title='bbox 1950 3876 2174 3932; x_wconf 89' lang='lat' dir='ltr'>divisos</span> <span class='ocrx_word' id='word_1_611' title='bbox 2217 3892 2348 3932; x_wconf 92' lang='lat' dir='ltr'>esse</span> <span class='ocrx_word' id='word_1_612' title='bbox 2388 3877 2828 3948; x_wconf 65' lang='lat' dir='ltr'>praedicatores,</span> <span class='ocrx_word' id='word_1_613' title='bbox 2887 3879 3026 3935; x_wconf 84' lang='lat' dir='ltr'>ﬁdei</span> <span class='ocrx_word' id='word_1_614' title='bbox 3076 3880 3422 3935; x_wconf 89' lang='lat' dir='ltr'>diversitate</span> 
     </span>
    </p>
   </div>
   <div class='ocr_carea' id='block_1_91' title="bbox 1769 3967 3422 4025">
    <p class='ocr_par' dir='ltr' id='par_1_91' title="bbox 1769 3967 3422 4025">
     <span class='ocr_line' id='line_1_91' title="bbox 1769 3967 3422 4025; baseline 0.002 -5"><span class='ocrx_word' id='word_1_615' title='bbox 1769 3982 1840 4021; x_wconf 88' lang='lat' dir='ltr'>ac</span> <span class='ocrx_word' id='word_1_616' title='bbox 1905 3971 2114 4022; x_wconf 89' lang='lat' dir='ltr'>mutua</span> <span class='ocrx_word' id='word_1_617' title='bbox 2157 3967 2306 4022; x_wconf 90' lang='lat' dir='ltr'>inter</span> <span class='ocrx_word' id='word_1_618' title='bbox 2353 3983 2414 4022; x_wconf 90' lang='lat' dir='ltr'>se</span> <span class='ocrx_word' id='word_1_619' title='bbox 2459 3968 2787 4024; x_wconf 89' lang='lat' dir='ltr'>inimicitia.</span> <span class='ocrx_word' id='word_1_620' title='bbox 2839 3969 2895 4024; x_wconf 90' lang='lat' dir='ltr'>Si</span> <span class='ocrx_word' id='word_1_621' title='bbox 2957 3969 3114 4024; x_wconf 91' lang='lat' dir='ltr'>enim</span> <span class='ocrx_word' id='word_1_622' title='bbox 3167 3969 3317 4025; x_wconf 91' lang='lat' dir='ltr'>inter</span> <span class='ocrx_word' id='word_1_623' title='bbox 3359 3983 3422 4023; x_wconf 88' lang='lat' dir='ltr'>se</span> 
     </span>
    </p>
   </div>
   <div class='ocr_carea' id='block_1_92' title="bbox 1770 4055 3423 4129">
    <p class='ocr_par' dir='ltr' id='par_1_92' title="bbox 1770 4055 3423 4129">
     <span class='ocr_line' id='line_1_92' title="bbox 1770 4055 3423 4129; baseline 0.002 -21"><span class='ocrx_word' id='word_1_624' title='bbox 1770 4055 2189 4125; x_wconf 84' lang='lat' dir='ltr'>pugnaverint,</span> <span class='ocrx_word' id='word_1_625' title='bbox 2222 4055 2416 4111; x_wconf 89' lang='lat' dir='ltr'>dicent</span> <span class='ocrx_word' id='word_1_626' title='bbox 2445 4073 2547 4112; x_wconf 92' lang='lat' dir='ltr'>eos</span> <span class='ocrx_word' id='word_1_627' title='bbox 2587 4073 2701 4112; x_wconf 91' lang='lat' dir='ltr'>non</span> <span class='ocrx_word' id='word_1_628' title='bbox 2743 4073 2874 4113; x_wconf 90' lang='lat' dir='ltr'>esse</span> <span class='ocrx_word' id='word_1_629' title='bbox 2905 4058 3136 4129; x_wconf 85' lang='lat' dir='ltr'>pacifici</span> <span class='ocrx_word' id='word_1_630' title='bbox 3161 4057 3423 4126; x_wconf 87' lang='lat' dir='ltr'>magistri</span> 
     </span>
    </p>
   </div>
   <div class='ocr_carea' id='block_1_93' title="bbox 1771 4143 3414 4216">
    <p class='ocr_par' dir='ltr' id='par_1_93' title="bbox 1771 4143 3414 4216">
     <span class='ocr_line' id='line_1_93' title="bbox 1771 4143 3414 4216; baseline 0.002 -19"><span class='ocrx_word' id='word_1_631' title='bbox 1771 4143 2129 4215; x_wconf 87' lang='lat' dir='ltr'>discipulos:</span> <span class='ocrx_word' id='word_1_632' title='bbox 2171 4145 2334 4216; x_wconf 89' lang='lat' dir='ltr'>quod</span> <span class='ocrx_word' id='word_1_633' title='bbox 2362 4145 2410 4198; x_wconf 92' lang='lat' dir='ltr'>si</span> <span class='ocrx_word' id='word_1_634' title='bbox 2451 4161 2572 4200; x_wconf 89' lang='lat' dir='ltr'>non</span> <span class='ocrx_word' id='word_1_635' title='bbox 2597 4147 2848 4216; x_wconf 84' lang='lat' dir='ltr'>paciﬁci,</span> <span class='ocrx_word' id='word_1_636' title='bbox 2887 4162 2996 4201; x_wconf 91' lang='lat' dir='ltr'>nec</span> <span class='ocrx_word' id='word_1_637' title='bbox 3044 4152 3164 4201; x_wconf 89' lang='lat' dir='ltr'>ate</span> <span class='ocrx_word' id='word_1_638' title='bbox 3221 4145 3414 4201; x_wconf 90' lang='lat' dir='ltr'>missi.</span> 
     </span>
    </p>
   </div>
   <div class='ocr_carea' id='block_1_94' title="bbox 1774 4233 3426 4306">
    <p class='ocr_par' dir='ltr' id='par_1_94' title="bbox 1774 4233 3426 4306">
     <span class='ocr_line' id='line_1_94' title="bbox 1774 4233 3426 4306; baseline 0.002 -20"><span class='ocrx_word' id='word_1_639' title='bbox 1774 4233 1828 4287; x_wconf 91' lang='lat' dir='ltr'>Si</span> <span class='ocrx_word' id='word_1_640' title='bbox 1853 4249 1989 4288; x_wconf 86' lang='lat' dir='ltr'>vero</span> <span class='ocrx_word' id='word_1_641' title='bbox 2012 4235 2335 4288; x_wconf 89' lang='lat' dir='ltr'>concordes</span> <span class='ocrx_word' id='word_1_642' title='bbox 2358 4233 2635 4288; x_wconf 87' lang='lat' dir='ltr'>fuerintet</span> <span class='ocrx_word' id='word_1_643' title='bbox 2654 4240 2951 4306; x_wconf 73' lang='lat' dir='ltr'>praecepta</span> <span class='ocrx_word' id='word_1_644' title='bbox 2983 4250 3116 4290; x_wconf 89' lang='lat' dir='ltr'>mea</span> <span class='ocrx_word' id='word_1_645' title='bbox 3137 4234 3426 4290; x_wconf 85' lang='lat' dir='ltr'>custodie-</span> 
     </span>
    </p>
   </div>
   <div class='ocr_carea' id='block_1_95' title="bbox 1773 4321 3428 4395">
    <p class='ocr_par' dir='ltr' id='par_1_95' title="bbox 1773 4321 3428 4395">
     <span class='ocr_line' id='line_1_95' title="bbox 1773 4321 3428 4395; baseline 0.004 -20"><span class='ocrx_word' id='word_1_646' title='bbox 1773 4321 1908 4386; x_wconf 89' lang='lat' dir='ltr'>rint,</span> <span class='ocrx_word' id='word_1_647' title='bbox 1933 4337 2143 4376; x_wconf 90' lang='lat' dir='ltr'>omnes</span> <span class='ocrx_word' id='word_1_648' title='bbox 2175 4327 2537 4391; x_wconf 89' lang='lat' dir='ltr'>cognoscent</span> <span class='ocrx_word' id='word_1_649' title='bbox 2556 4322 2719 4394; x_wconf 91' lang='lat' dir='ltr'>quod</span> <span class='ocrx_word' id='word_1_650' title='bbox 2753 4323 2867 4377; x_wconf 90' lang='lat' dir='ltr'>mei</span> <span class='ocrx_word' id='word_1_651' title='bbox 2895 4324 3010 4378; x_wconf 87' lang='lat' dir='ltr'>sint</span> <span class='ocrx_word' id='word_1_652' title='bbox 3043 4323 3336 4395; x_wconf 90' lang='lat' dir='ltr'>discipuli,</span> <span class='ocrx_word' id='word_1_653' title='bbox 3371 4327 3428 4381; x_wconf 87' lang='lat' dir='ltr'>et</span> 
     </span>
    </p>
   </div>
   <div class='ocr_carea' id='block_1_96' title="bbox 1775 4409 2459 4480">
    <p class='ocr_par' dir='ltr' id='par_1_96' title="bbox 1775 4409 2459 4480">
     <span class='ocr_line' id='line_1_96' title="bbox 1775 4409 2459 4480; baseline 0.004 -16"><span class='ocrx_word' id='word_1_654' title='bbox 1775 4409 1941 4480; x_wconf 92' lang='lat' dir='ltr'>quod</span> <span class='ocrx_word' id='word_1_655' title='bbox 1973 4414 2034 4466; x_wconf 89' lang='lat' dir='ltr'>tu</span> <span class='ocrx_word' id='word_1_656' title='bbox 2068 4425 2164 4466; x_wconf 90' lang='lat' dir='ltr'>me</span> <span class='ocrx_word' id='word_1_657' title='bbox 2205 4409 2459 4468; x_wconf 86' lang='lat' dir='ltr'>miseris.</span> 
     </span>
    </p>
   </div>
   <div class='ocr_carea' id='block_1_97' title="bbox 140 4557 1649 4667">
    <p class='ocr_par' dir='ltr' id='par_1_97' title="bbox 140 4591 1649 4667">
     <span class='ocr_line' id='line_1_97' title="bbox 140 4591 1649 4667; baseline 0.001 -22"><span class='ocrx_word' id='word_1_658' title='bbox 140 4598 240 4646; x_wconf 83' lang='lat' dir='ltr'><strong><em>Kui</em></strong></span> <span class='ocrx_word' id='word_1_659' title='bbox 269 4625 338 4633; x_wconf 92' lang='lat'>—</span> <span class='ocrx_word' id='word_1_660' title='bbox 384 4593 580 4656; x_wconf 74' lang='grc' dir='ltr'>αὐτοῖς.</span> <span class='ocrx_word' id='word_1_661' title='bbox 628 4599 732 4654; x_wconf 77' lang='grc' dir='ltr'>Τὴν</span> <span class='ocrx_word' id='word_1_662' title='bbox 786 4594 885 4648; x_wconf 85' lang='grc' dir='ltr'>ἀπὸ</span> <span class='ocrx_word' id='word_1_663' title='bbox 918 4603 1017 4647; x_wconf 85' lang='grc' dir='ltr'>τῶν</span> <span class='ocrx_word' id='word_1_664' title='bbox 1059 4591 1405 4667; x_wconf 80' lang='grc' dir='ltr'>διδαγμάτων</span> <span class='ocrx_word' id='word_1_665' title='bbox 1431 4599 1521 4647; x_wconf 83' lang='grc' dir='ltr'>καὶ</span> <span class='ocrx_word' id='word_1_666' title='bbox 1568 4604 1649 4647; x_wconf 53' lang='grc' dir='ltr'>τῶι</span> 
     </span>
    </p>
   </div>
   <div class='ocr_carea' id='block_1_98' title="bbox 1768 4557 3430 4667">
    <p class='ocr_par' dir='ltr' id='par_1_98' title="bbox 1848 4589 3430 4658">
     <span class='ocr_line' id='line_1_98' title="bbox 1848 4589 3430 4658; baseline 0.001 -12"><span class='ocrx_word' id='word_1_667' title='bbox 1848 4593 2006 4646; x_wconf 87' lang='lat' dir='ltr'>Vers.</span> <span class='ocrx_word' id='word_1_668' title='bbox 2037 4589 2225 4646; x_wconf 68' lang='lat' dir='ltr'>22.Et</span> <span class='ocrx_word' id='word_1_669' title='bbox 2263 4621 2328 4633; x_wconf 89' lang='lat'><strong><em>—</em></strong></span> <span class='ocrx_word' id='word_1_670' title='bbox 2369 4591 2470 4647; x_wconf 86' lang='lat' dir='ltr'>eis.</span> <span class='ocrx_word' id='word_1_671' title='bbox 2501 4592 2636 4658; x_wconf 83' lang='lat' dir='ltr'>Quae</span> <span class='ocrx_word' id='word_1_672' title='bbox 2668 4607 2704 4648; x_wconf 91' lang='lat' dir='ltr'>a</span> <span class='ocrx_word' id='word_1_673' title='bbox 2746 4591 3017 4648; x_wconf 88' lang='lat' dir='ltr'>doctrina</span> <span class='ocrx_word' id='word_1_674' title='bbox 3047 4596 3102 4648; x_wconf 92' lang='lat' dir='ltr'>et</span> <span class='ocrx_word' id='word_1_675' title='bbox 3127 4591 3430 4648; x_wconf 84' lang='lat' dir='ltr'>miraculis</span> 
     </span>
    </p>
   </div>
   <div class='ocr_carea' id='block_1_99' title="bbox 69 4682 1668 4757">
    <p class='ocr_par' dir='ltr' id='par_1_99' title="bbox 69 4682 1668 4757">
     <span class='ocr_line' id='line_1_99' title="bbox 69 4682 1668 4757; baseline -0.001 -20"><span class='ocrx_word' id='word_1_676' title='bbox 69 4685 368 4756; x_wconf 75' lang='grc' dir='ltr'>θαυμάτων,</span> <span class='ocrx_word' id='word_1_677' title='bbox 405 4682 427 4756; x_wconf 95' lang='grc'>[</span> <span class='ocrx_word' id='word_1_678' title='bbox 458 4684 488 4743; x_wconf 78' lang='grc' dir='ltr'>ᾖ</span> <span class='ocrx_word' id='word_1_679' title='bbox 536 4684 613 4757; x_wconf 85' lang='grc'>(3)</span> <span class='ocrx_word' id='word_1_680' title='bbox 666 4689 750 4737; x_wconf 78' lang='grc' dir='ltr'>καὶ</span> <span class='ocrx_word' id='word_1_681' title='bbox 783 4689 870 4742; x_wconf 75' lang='grc' dir='ltr'>τὴν</span> <span class='ocrx_word' id='word_1_682' title='bbox 920 4682 1020 4735; x_wconf 84' lang='grc' dir='ltr'>ἀπὸ</span> <span class='ocrx_word' id='word_1_683' title='bbox 1076 4692 1167 4744; x_wconf 90' lang='grc' dir='ltr'>τῆς</span> <span class='ocrx_word' id='word_1_684' title='bbox 1224 4686 1482 4756; x_wconf 86' lang='grc' dir='ltr'>ὁμονοίας.</span> <span class='ocrx_word' id='word_1_685' title='bbox 1509 4683 1530 4757; x_wconf 89' lang='grc'>]</span> <span class='ocrx_word' id='word_1_686' title='bbox 1558 4685 1668 4736; x_wconf 70' lang='grc' dir='ltr'>Οὐκ</span> 
     </span>
    </p>
   </div>
   <div class='ocr_carea' id='block_1_100' title="bbox 67 4769 1670 4848">
    <p class='ocr_par' dir='ltr' id='par_1_100' title="bbox 67 4769 1670 4848">
     <span class='ocr_line' id='line_1_100' title="bbox 67 4769 1670 4848; baseline -0.001 -23"><span class='ocrx_word' id='word_1_687' title='bbox 67 4774 274 4826; x_wconf 80' lang='grc' dir='ltr'>ἔλαττον</span> <span class='ocrx_word' id='word_1_688' title='bbox 299 4775 399 4848; x_wconf 82' lang='grc' dir='ltr'>γὰρ</span> <span class='ocrx_word' id='word_1_689' title='bbox 432 4772 486 4826; x_wconf 84' lang='grc' dir='ltr'>ἐκ</span> <span class='ocrx_word' id='word_1_690' title='bbox 511 4777 709 4834; x_wconf 85' lang='grc' dir='ltr'>ταύτης</span> <span class='ocrx_word' id='word_1_691' title='bbox 740 4773 769 4831; x_wconf 78' lang='grc' dir='ltr'>ἢ</span> <span class='ocrx_word' id='word_1_692' title='bbox 795 4771 850 4823; x_wconf 86' lang='grc' dir='ltr'>ἐκ</span> <span class='ocrx_word' id='word_1_693' title='bbox 870 4775 1064 4825; x_wconf 82' lang='grc' dir='ltr'>τούτων</span> <span class='ocrx_word' id='word_1_694' title='bbox 1083 4769 1118 4825; x_wconf 85' lang='grc' dir='ltr'>δ</span> <span class='ocrx_word' id='word_1_695' title='bbox 1121 4773 1414 4836; x_wconf 80' lang='grc' dir='ltr'>οξάζονται.</span> <span class='ocrx_word' id='word_1_696' title='bbox 1457 4770 1670 4838; x_wconf 83' lang='grc' dir='ltr'>Δέδωκα</span> 
     </span>
    </p>
   </div>
   <div class='ocr_carea' id='block_1_101' title="bbox 69 4859 1665 4938">
    <p class='ocr_par' dir='ltr' id='par_1_101' title="bbox 69 4859 1665 4938">
     <span class='ocr_line' id='line_1_101' title="bbox 69 4859 1665 4938; baseline -0.001 -22"><span class='ocrx_word' id='word_1_697' title='bbox 69 4860 128 4916; x_wconf 72' lang='grc' dir='ltr'>δὲ</span> <span class='ocrx_word' id='word_1_698' title='bbox 170 4863 296 4930; x_wconf 80' lang='grc' dir='ltr'>εἷπε,</span> <span class='ocrx_word' id='word_1_699' title='bbox 325 4859 646 4938; x_wconf 79' lang='grc' dir='ltr'>παραδηλῶν</span> <span class='ocrx_word' id='word_1_700' title='bbox 678 4859 946 4914; x_wconf 85' lang='grc' dir='ltr'>κάνταῦθα</span> <span class='ocrx_word' id='word_1_701' title='bbox 969 4866 1058 4914; x_wconf 84' lang='grc' dir='ltr'>καὶ</span> <span class='ocrx_word' id='word_1_702' title='bbox 1114 4866 1173 4915; x_wconf 83' lang='grc' dir='ltr'>τὸ</span> <span class='ocrx_word' id='word_1_703' title='bbox 1218 4861 1399 4916; x_wconf 84' lang='grc' dir='ltr'>ἑαυτοῦ</span> <span class='ocrx_word' id='word_1_704' title='bbox 1443 4861 1665 4936; x_wconf 80' lang='grc' dir='ltr'>ἀξίωμα,</span> 
     </span>
    </p>
   </div>
   <div class='ocr_carea' id='block_1_102' title="bbox 66 4951 1671 5029">
    <p class='ocr_par' dir='ltr' id='par_1_102' title="bbox 66 4951 1671 5029">
     <span class='ocr_line' id='line_1_102' title="bbox 66 4951 1671 5029; baseline -0.001 -23"><span class='ocrx_word' id='word_1_705' title='bbox 66 4957 157 5006; x_wconf 82' lang='grc' dir='ltr'>καὶ</span> <span class='ocrx_word' id='word_1_706' title='bbox 186 4957 244 5005; x_wconf 86' lang='grc' dir='ltr'>τὸ</span> <span class='ocrx_word' id='word_1_707' title='bbox 292 4957 424 5029; x_wconf 88' lang='grc' dir='ltr'>πρὸς</span> <span class='ocrx_word' id='word_1_708' title='bbox 454 4956 540 5006; x_wconf 85' lang='grc' dir='ltr'>τὸν</span> <span class='ocrx_word' id='word_1_709' title='bbox 568 4955 772 5029; x_wconf 82' lang='grc' dir='ltr'>Πατέρα</span> <span class='ocrx_word' id='word_1_710' title='bbox 802 4953 1071 5027; x_wconf 86' lang='grc' dir='ltr'>ὁμότιμον,</span> <span class='ocrx_word' id='word_1_711' title='bbox 1105 4954 1277 5029; x_wconf 75' lang='grc' dir='ltr'>ὥσπερ</span> <span class='ocrx_word' id='word_1_712' title='bbox 1298 4957 1388 5007; x_wconf 85' lang='grc' dir='ltr'>καὶ</span> <span class='ocrx_word' id='word_1_713' title='bbox 1414 4951 1462 5006; x_wconf 77' lang='grc' dir='ltr'>ἓν</span> <span class='ocrx_word' id='word_1_714' title='bbox 1501 4953 1671 5014; x_wconf 78' lang='grc' dir='ltr'>ἄλλοις</span> 
     </span>
    </p>
   </div>
   <div class='ocr_carea' id='block_1_103' title="bbox 67 5039 330 5102">
    <p class='ocr_par' dir='ltr' id='par_1_103' title="bbox 67 5039 330 5102">
     <span class='ocr_line' id='line_1_103' title="bbox 67 5039 330 5102; baseline 0 -8"><span class='ocrx_word' id='word_1_715' title='bbox 67 5039 330 5102; x_wconf 80' lang='grc' dir='ltr'>πολλάκις.</span> 
     </span>
    </p>
   </div>
   <div class='ocr_carea' id='block_1_104' title="bbox 143 5162 1230 5235">
    <p class='ocr_par' dir='ltr' id='par_1_104' title="bbox 143 5162 1230 5235">
     <span class='ocr_line' id='line_1_104' title="bbox 143 5162 1230 5235; baseline 0.006 -16"><span class='ocrx_word' id='word_1_716' title='bbox 143 5162 189 5198; x_wconf 77' lang='grc'>⁴⁸</span> <span class='ocrx_word' id='word_1_717' title='bbox 222 5164 376 5221; x_wconf 88' lang='lat' dir='ltr'>Psal.</span> <span class='ocrx_word' id='word_1_718' title='bbox 404 5182 556 5234; x_wconf 79' lang='lat' dir='ltr'>xuii,</span> <span class='ocrx_word' id='word_1_719' title='bbox 589 5169 674 5224; x_wconf 71' lang='grc'>22.</span> <span class='ocrx_word' id='word_1_720' title='bbox 790 5171 837 5206; x_wconf 75' lang='grc'><strong>⁴⁹</strong></span> <span class='ocrx_word' id='word_1_721' title='bbox 872 5171 1016 5228; x_wconf 81' lang='lat' dir='ltr'>Rom</span> <span class='ocrx_word' id='word_1_722' title='bbox 1044 5187 1142 5235; x_wconf 83' lang='lat' dir='ltr'>xu,</span> <span class='ocrx_word' id='word_1_723' title='bbox 1180 5171 1230 5226; x_wconf 85' lang='grc'>1.</span> 
     </span>
    </p>
   </div>
   <div class='ocr_carea' id='block_1_105' title="bbox 1345 5167 1854 5232">
    <p class='ocr_par' dir='ltr' id='par_1_105' title="bbox 1345 5167 1854 5232">
     <span class='ocr_line' id='line_1_105' title="bbox 1345 5167 1854 5232; baseline -0.008 -5"><span class='ocrx_word' id='word_1_724' title='bbox 1345 5172 1392 5206; x_wconf 83' lang='grc' dir='ltr'><strong>⁵ο</strong></span> <span class='ocrx_word' id='word_1_725' title='bbox 1416 5172 1586 5226; x_wconf 84' lang='lat' dir='ltr'>Joan.</span> <span class='ocrx_word' id='word_1_726' title='bbox 1618 5185 1734 5232; x_wconf 69' lang='lat' dir='ltr'>xxv,</span> <span class='ocrx_word' id='word_1_727' title='bbox 1766 5167 1854 5223; x_wconf 85' lang='lat' dir='ltr'>2t.</span> 
     </span>
    </p>
   </div>
   <div class='ocr_carea' id='block_1_106' title="bbox 1778 4679 3432 4753">
    <p class='ocr_par' dir='ltr' id='par_1_106' title="bbox 1778 4679 3432 4753">
     <span class='ocr_line' id='line_1_106' title="bbox 1778 4679 3432 4753; baseline 0 -18"><span class='ocrx_word' id='word_1_728' title='bbox 1778 4679 2068 4753; x_wconf 88' lang='lat' dir='ltr'>procedit,</span> <span class='ocrx_word' id='word_1_729' title='bbox 2097 4685 2199 4735; x_wconf 91' lang='lat' dir='ltr'>aut</span> <span class='ocrx_word' id='word_1_730' title='bbox 2218 4696 2354 4752; x_wconf 68' lang='lat' dir='ltr'>quae</span> <span class='ocrx_word' id='word_1_731' title='bbox 2376 4696 2412 4736; x_wconf 90' lang='lat' dir='ltr'>a</span> <span class='ocrx_word' id='word_1_732' title='bbox 2445 4681 2766 4737; x_wconf 90' lang='lat' dir='ltr'>concordia</span> <span class='ocrx_word' id='word_1_733' title='bbox 2793 4697 3018 4753; x_wconf 89' lang='lat' dir='ltr'>;neque</span> <span class='ocrx_word' id='word_1_734' title='bbox 3034 4682 3190 4736; x_wconf 91' lang='lat' dir='ltr'>enim</span> <span class='ocrx_word' id='word_1_735' title='bbox 3218 4697 3286 4736; x_wconf 82' lang='lat' dir='ltr'>ex</span> <span class='ocrx_word' id='word_1_736' title='bbox 3319 4680 3432 4736; x_wconf 89' lang='lat' dir='ltr'>hac</span> 
     </span>
    </p>
   </div>
   <div class='ocr_carea' id='block_1_107' title="bbox 1779 4768 3437 4842">
    <p class='ocr_par' dir='ltr' id='par_1_107' title="bbox 1779 4768 3437 4842">
     <span class='ocr_line' id='line_1_107' title="bbox 1779 4768 3437 4842; baseline 0.001 -17"><span class='ocrx_word' id='word_1_737' title='bbox 1779 4770 2254 4842; x_wconf 86' lang='lat' dir='ltr'>minusquamex</span> <span class='ocrx_word' id='word_1_738' title='bbox 2285 4768 2397 4825; x_wconf 86' lang='lat' dir='ltr'>illis</span> <span class='ocrx_word' id='word_1_739' title='bbox 2427 4769 2852 4840; x_wconf 86' lang='lat' dir='ltr'>gloriﬁcantur.</span> <span class='ocrx_word' id='word_1_740' title='bbox 2887 4771 3037 4825; x_wconf 88' lang='lat' dir='ltr'>Dedi</span> <span class='ocrx_word' id='word_1_741' title='bbox 3065 4775 3264 4826; x_wconf 88' lang='lat' dir='ltr'>autem</span> <span class='ocrx_word' id='word_1_742' title='bbox 3287 4769 3437 4826; x_wconf 76' lang='lat' dir='ltr'>dixit</span> 
     </span>
    </p>
   </div>
   <div class='ocr_carea' id='block_1_108' title="bbox 1782 4859 3438 4931">
    <p class='ocr_par' dir='ltr' id='par_1_108' title="bbox 1782 4859 3438 4931">
     <span class='ocr_line' id='line_1_108' title="bbox 1782 4859 3438 4931; baseline -0.001 -15"><span class='ocrx_word' id='word_1_743' title='bbox 1782 4859 1964 4917; x_wconf 87' lang='lat' dir='ltr'>etiam</span> <span class='ocrx_word' id='word_1_744' title='bbox 1985 4859 2102 4925; x_wconf 93' lang='lat' dir='ltr'>hic,</span> <span class='ocrx_word' id='word_1_745' title='bbox 2131 4865 2188 4916; x_wconf 90' lang='lat' dir='ltr'>et</span> <span class='ocrx_word' id='word_1_746' title='bbox 2217 4875 2389 4915; x_wconf 91' lang='lat' dir='ltr'>suam</span> <span class='ocrx_word' id='word_1_747' title='bbox 2411 4859 2726 4916; x_wconf 90' lang='lat' dir='ltr'>insinuans</span> <span class='ocrx_word' id='word_1_748' title='bbox 2759 4859 3130 4930; x_wconf 89' lang='lat' dir='ltr'>dignitatem,</span> <span class='ocrx_word' id='word_1_749' title='bbox 3159 4863 3216 4914; x_wconf 92' lang='lat' dir='ltr'>et</span> <span class='ocrx_word' id='word_1_750' title='bbox 3241 4875 3438 4931; x_wconf 64' lang='lat' dir='ltr'>aequa-</span> 
     </span>
    </p>
   </div>
   <div class='ocr_carea' id='block_1_109' title="bbox 1777 4948 3440 5023">
    <p class='ocr_par' dir='ltr' id='par_1_109' title="bbox 1777 4948 3440 5023">
     <span class='ocr_line' id='line_1_109' title="bbox 1777 4948 3440 5023; baseline 0.001 -18"><span class='ocrx_word' id='word_1_751' title='bbox 1777 4949 1894 5006; x_wconf 91' lang='lat' dir='ltr'>lem</span> <span class='ocrx_word' id='word_1_752' title='bbox 1917 4965 2055 5005; x_wconf 90' lang='lat' dir='ltr'>cum</span> <span class='ocrx_word' id='word_1_753' title='bbox 2072 4949 2236 5006; x_wconf 90' lang='lat' dir='ltr'>Patre</span> <span class='ocrx_word' id='word_1_754' title='bbox 2257 4949 2546 5006; x_wconf 90' lang='lat' dir='ltr'>honorem</span> <span class='ocrx_word' id='word_1_755' title='bbox 2571 4967 2588 5006; x_wconf 92' lang='lat'><strong><em>:</em></strong></span> <span class='ocrx_word' id='word_1_756' title='bbox 2609 4948 3128 5023; x_wconf 89' lang='lat' dir='ltr'>quemadmodum</span> <span class='ocrx_word' id='word_1_757' title='bbox 3166 4949 3440 5022; x_wconf 87' lang='lat' dir='ltr'>frequen-</span> 
     </span>
    </p>
   </div>
   <div class='ocr_carea' id='block_1_110' title="bbox 1773 5038 2312 5098">
    <p class='ocr_par' dir='ltr' id='par_1_110' title="bbox 1773 5038 2312 5098">
     <span class='ocr_line' id='line_1_110' title="bbox 1773 5038 2312 5098; baseline 0 -2"><span class='ocrx_word' id='word_1_758' title='bbox 1773 5044 1863 5097; x_wconf 87' lang='lat' dir='ltr'>ter</span> <span class='ocrx_word' id='word_1_759' title='bbox 1891 5039 2024 5098; x_wconf 89' lang='lat' dir='ltr'>aliis</span> <span class='ocrx_word' id='word_1_760' title='bbox 2043 5039 2105 5095; x_wconf 90' lang='lat' dir='ltr'>in</span> <span class='ocrx_word' id='word_1_761' title='bbox 2145 5038 2312 5096; x_wconf 89' lang='lat' dir='ltr'>locis.</span> 
     </span>
    </p>
   </div>
   <div class='ocr_carea' id='block_1_111' title="bbox 1969 5166 2478 5236">
    <p class='ocr_par' dir='ltr' id='par_1_111' title="bbox 1969 5166 2478 5236">
     <span class='ocr_line' id='line_1_111' title="bbox 1969 5166 2478 5236; baseline 0.006 -15"><span class='ocrx_word' id='word_1_762' title='bbox 1969 5166 2013 5203; x_wconf 72' lang='grc'>⁵³</span> <span class='ocrx_word' id='word_1_763' title='bbox 2041 5166 2220 5223; x_wconf 86' lang='lat' dir='ltr'>Joan.</span> <span class='ocrx_word' id='word_1_764' title='bbox 2263 5182 2357 5236; x_wconf 83' lang='lat' dir='ltr'>xv,</span> <span class='ocrx_word' id='word_1_765' title='bbox 2394 5169 2478 5224; x_wconf 81' lang='grc'>12.</span> 
     </span>
    </p>
   </div>
   <div class='ocr_carea' id='block_1_112' title="bbox 1313 5321 2214 5391">
    <p class='ocr_par' dir='ltr' id='par_1_112' title="bbox 1313 5321 2214 5391">
     <span class='ocr_line' id='line_1_112' title="bbox 1313 5321 2214 5391; baseline -0.006 0"><span class='ocrx_word' id='word_1_766' title='bbox 1313 5321 1536 5391; x_wconf 75' lang='lat' dir='ltr'>Variae</span> <span class='ocrx_word' id='word_1_767' title='bbox 1563 5321 1886 5390; x_wconf 88' lang='lat' dir='ltr'>lectiones</span> <span class='ocrx_word' id='word_1_768' title='bbox 1920 5328 1983 5388; x_wconf 87' lang='lat' dir='ltr'>et</span> <span class='ocrx_word' id='word_1_769' title='bbox 2014 5330 2214 5387; x_wconf 73' lang='lat' dir='ltr'>notae.</span> 
     </span>
    </p>
   </div>
   <div class='ocr_carea' id='block_1_113' title="bbox 147 5459 748 5537">
    <p class='ocr_par' dir='ltr' id='par_1_113' title="bbox 147 5459 748 5537">
     <span class='ocr_line' id='line_1_113' title="bbox 147 5459 748 5537; baseline 0.002 -19"><span class='ocrx_word' id='word_1_770' title='bbox 147 5459 258 5537; x_wconf 89' lang='lat'>(98)</span> <span class='ocrx_word' id='word_1_771' title='bbox 304 5461 450 5537; x_wconf 63' lang='grc' dir='ltr'>ξίατά</span> <span class='ocrx_word' id='word_1_772' title='bbox 478 5468 661 5537; x_wconf 84' lang='grc' dir='ltr'>μικρόν</span> <span class='ocrx_word' id='word_1_773' title='bbox 675 5536 680 5537; x_wconf 13' lang='grc' dir='ltr'>γ</span> <span class='ocrx_word' id='word_1_774' title='bbox 696 5465 748 5519; x_wconf 85' lang='grc' dir='ltr'>Β.</span> 
     </span>
    </p>
   </div>
   <div class='ocr_carea' id='block_1_114' title="bbox 149 5535 1681 5608">
    <p class='ocr_par' dir='ltr' id='par_1_114' title="bbox 149 5535 1681 5608">
     <span class='ocr_line' id='line_1_114' title="bbox 149 5535 1681 5608; baseline 0.004 -19"><span class='ocrx_word' id='word_1_775' title='bbox 149 5535 260 5608; x_wconf 62' lang='lat'>(99)</span> <span class='ocrx_word' id='word_1_776' title='bbox 305 5535 597 5608; x_wconf 73' lang='lat' dir='ltr'>Interpres</span> <span class='ocrx_word' id='word_1_777' title='bbox 624 5536 721 5608; x_wconf 84' lang='lat' dir='ltr'>hic</span> <span class='ocrx_word' id='word_1_778' title='bbox 751 5551 1001 5608; x_wconf 86' lang='lat' dir='ltr'>prorsus</span> <span class='ocrx_word' id='word_1_779' title='bbox 1030 5535 1309 5594; x_wconf 86' lang='lat' dir='ltr'>dissentit</span> <span class='ocrx_word' id='word_1_780' title='bbox 1347 5553 1382 5595; x_wconf 87' lang='lat' dir='ltr'>a</span> <span class='ocrx_word' id='word_1_781' title='bbox 1424 5537 1559 5593; x_wconf 89' lang='lat' dir='ltr'>meis</span> <span class='ocrx_word' id='word_1_782' title='bbox 1581 5553 1681 5595; x_wconf 80' lang='lat' dir='ltr'>co-</span> 
     </span>
    </p>
   </div>
   <div class='ocr_carea' id='block_1_115' title="bbox 74 5604 1320 5681">
    <p class='ocr_par' dir='ltr' id='par_1_115' title="bbox 74 5604 1320 5681">
     <span class='ocr_line' id='line_1_115' title="bbox 74 5604 1320 5681; baseline 0 -19"><span class='ocrx_word' id='word_1_783' title='bbox 74 5604 336 5681; x_wconf 76' lang='lat' dir='ltr'>dicihus.</span> <span class='ocrx_word' id='word_1_784' title='bbox 383 5604 492 5662; x_wconf 84' lang='lat' dir='ltr'>Sed</span> <span class='ocrx_word' id='word_1_785' title='bbox 526 5606 656 5681; x_wconf 52' lang='lat' dir='ltr'>haec</span> <span class='ocrx_word' id='word_1_786' title='bbox 678 5604 851 5664; x_wconf 77' lang='lat' dir='ltr'>lectio</span> <span class='ocrx_word' id='word_1_787' title='bbox 881 5609 1075 5681; x_wconf 86' lang='lat' dir='ltr'>magis</span> <span class='ocrx_word' id='word_1_788' title='bbox 1106 5609 1320 5681; x_wconf 84' lang='lat' dir='ltr'>placet.</span> 
     </span>
    </p>
   </div>
   <div class='ocr_carea' id='block_1_116' title="bbox 150 5677 1678 5755">
    <p class='ocr_par' dir='ltr' id='par_1_116' title="bbox 150 5677 1678 5755">
     <span class='ocr_line' id='line_1_116' title="bbox 150 5677 1678 5755; baseline 0.005 -25"><span class='ocrx_word' id='word_1_789' title='bbox 150 5677 230 5748; x_wconf 93' lang='lat' dir='ltr'>(l)</span> <span class='ocrx_word' id='word_1_790' title='bbox 273 5677 358 5734; x_wconf 90' lang='lat' dir='ltr'>Ita</span> <span class='ocrx_word' id='word_1_791' title='bbox 396 5693 467 5733; x_wconf 84' lang='lat' dir='ltr'>ex</span> <span class='ocrx_word' id='word_1_792' title='bbox 516 5677 946 5752; x_wconf 89' lang='lat' dir='ltr'>Chrysostomo</span> <span class='ocrx_word' id='word_1_793' title='bbox 988 5677 1229 5746; x_wconf 80' lang='lat' dir='ltr'>laudat,</span> <span class='ocrx_word' id='word_1_794' title='bbox 1262 5686 1406 5739; x_wconf 90' lang='lat' dir='ltr'>tom.</span> <span class='ocrx_word' id='word_1_795' title='bbox 1443 5681 1586 5752; x_wconf 88' lang='lat' dir='ltr'><strong>VIII,</strong></span> <span class='ocrx_word' id='word_1_796' title='bbox 1618 5698 1678 5755; x_wconf 91' lang='lat' dir='ltr'>p.</span> 
     </span>
    </p>
   </div>
   <div class='ocr_carea' id='block_1_117' title="bbox 402 5773 1066 5834">
    <p class='ocr_par' dir='ltr' id='par_1_117' title="bbox 402 5773 1066 5834">
     <span class='ocr_line' id='line_1_117' title="bbox 402 5773 1066 5834; baseline 0.005 -6"><span class='ocrx_word' id='word_1_797' title='bbox 402 5773 640 5832; x_wconf 75' lang='lat' dir='ltr'>PATROL.</span> <span class='ocrx_word' id='word_1_798' title='bbox 685 5775 789 5834; x_wconf 74' lang='lat' dir='ltr'>Gn.</span> <span class='ocrx_word' id='word_1_799' title='bbox 826 5775 1066 5833; x_wconf 87' lang='lat' dir='ltr'>CXXIX.</span> 
     </span>
    </p>
   </div>
   <div class='ocr_carea' id='block_1_118' title="bbox 1788 5464 2565 5610">
    <p class='ocr_par' dir='ltr' id='par_1_118' title="bbox 1788 5464 2565 5610">
     <span class='ocr_line' id='line_1_118' title="bbox 1788 5464 1976 5520; baseline 0 0"><span class='ocrx_word' id='word_1_800' title='bbox 1788 5464 1895 5520; x_wconf 73' lang='grc'>484</span> <span class='ocrx_word' id='word_1_801' title='bbox 1938 5467 1976 5520; x_wconf 91' lang='lat' dir='ltr'>C</span> 
     </span>
     <span class='ocr_line' id='line_1_119' title="bbox 1863 5535 2565 5610; baseline 0.001 -20"><span class='ocrx_word' id='word_1_802' title='bbox 1863 5539 1939 5610; x_wconf 81' lang='lat'>(2)</span> <span class='ocrx_word' id='word_1_803' title='bbox 1983 5535 2218 5610; x_wconf 81' lang='lat' dir='ltr'>Inclusa</span> <span class='ocrx_word' id='word_1_804' title='bbox 2257 5535 2565 5610; x_wconf 80' lang='lat' dir='ltr'>a_bsuntA.</span> 
     </span>
    </p>
   </div>
   <div class='ocr_carea' id='block_1_119' title="bbox 1862 5539 2564 5681">
    <p class='ocr_par' dir='ltr' id='par_1_119' title="bbox 1862 5539 2564 5681">
     <span class='ocr_line' id='line_1_120' title="bbox 1863 5539 2564 5610; baseline 0 -19"><span class='ocrx_word' id='word_1_805' title='bbox 1863 5539 1917 5610; x_wconf 80' lang='lat'>(2</span> <span class='ocrx_word' id='word_1_806' title='bbox 1983 5539 2218 5592; x_wconf 90' lang='lat' dir='ltr'>Inclusa</span> <span class='ocrx_word' id='word_1_807' title='bbox 2257 5539 2564 5591; x_wconf 80' lang='lat' dir='ltr'>absuntA.</span> 
     </span>
     <span class='ocr_line' id='line_1_121' title="bbox 1862 5539 2564 5681; baseline 0.006 -19"><span class='ocrx_word' id='word_1_808' title='bbox 1862 5539 1940 5681; x_wconf 55' lang='lat' dir='ltr'>(3i</span> <span class='ocrx_word' id='word_1_809' title='bbox 1979 5608 2212 5665; x_wconf 90' lang='lat' dir='ltr'>Inclusa</span> <span class='ocrx_word' id='word_1_810' title='bbox 2249 5607 2464 5664; x_wconf 86' lang='lat' dir='ltr'>absunt</span> <span class='ocrx_word' id='word_1_811' title='bbox 2491 5614 2564 5667; x_wconf 89' lang='lat' dir='ltr'>A.</span> 
     </span>
    </p>
   </div>
   <div class='ocr_carea' id='block_1_120' title="bbox 3064 5774 3136 5838">
    <p class='ocr_par' dir='ltr' id='par_1_120' title="bbox 3064 5774 3136 5838">
     <span class='ocr_line' id='line_1_122' title="bbox 3064 5774 3136 5838; baseline -0.056 0"><span class='ocrx_word' id='word_1_812' title='bbox 3064 5774 3136 5838; x_wconf 72' lang='grc'>46</span> 
     </span>
    </p>
   </div>
  </div>
