4076 6452
57 387 202 453 4453
1038 386 1399 451 COMMENT.
1443 393 1511 448 IN
1549 382 1902 447 JOANNEM.
1946 421 2011 431 -
2053 386 2206 446 CAP.
2245 384 2448 449 XVIII.
3290 388 3422 447 1454

58 544 184 594 ωπῳ
262 526 357 582 τὴν
443 518 602 585 δόξαν
707 525 901 594 Κυρίου
992 520 1472 592 κατοπτριζόμενοι.
1560 524 1661 571 Με·

1812 524 1952 581 tiam
1979 523 2120 580 dicit
2145 525 2363 581 Paulus
2396 541 2408 580 :
2442 526 2671 583 Detecta
2698 525 2849 595 facie
2874 524 3124 597 glariam
3154 525 3259 581 Dei
3288 542 3419 582 con-

58 614 222 681 γέστη
295 613 397 684 γὰρ
466 615 618 673 ὄντως
696 607 844 677 δόξα,
928 614 986 662 τὸ
1064 612 1267 683 θεωρεῖν
1322 612 1416 666 τὴν
1503 603 1660 670 δόξαν

1810 615 2114 685 emptantes
2145 614 2213 669 ⁵⁸.
2249 614 2552 687 Siquidem
2582 630 2719 671 vere
2764 616 3033 671 maxima
3075 620 3162 670 est
3211 614 3420 686 gloria,

63 698 247 755 αὐτοῦ.

1774 703 1904 774 ejus
1936 702 2129 758 videre
2161 702 2435 773 gloriam.

138 791 309 862 Πάτερ
367 785 555 844 δίκαιε.
617 793 823 843 Δίκαιον
881 788 1036 841 αὐτὸν
1089 787 1225 860 λέγει
1281 794 1390 851 νῦν,
1467 787 1531 845 ὡς
1589 786 1665 837 θέ-

1846 794 2004 847 Vers.
2037 796 2126 846 25.
2169 793 2345 848 Pater
2368 796 2547 863 juste.
2599 795 2835 849 Justum
2880 809 3018 849 eum
3058 808 3213 849 nunc
3261 793 3419 861 dicit,

62 873 235 944 λοντα,
294 883 366 950 μὴ
421 884 599 951 μόνοις
644 875 946 942 Ἰουδαίοις,
986 876 1114 930 ἀλλά
1158 882 1320 929 πᾶσιν
1379 874 1666 949 ἀνθρώποις

1815 885 1973 952 tpote
2002 880 2305 937 volentem
2336 897 2457 938 non
2489 898 2525 938 a
2555 882 2695 938 solis
2723 883 2965 952 Judteis,
2997 899 3206 938 verum
3244 884 3424 940 etiam

64 961 472 1036 ἐπιγνωσθῆναι,
515 969 599 1020 ἵνα
652 970 830 1029 πάντες
886 967 1176 1034 σώζωνται,
1233 969 1323 1017 καὶ
1369 960 1551 1037 μηδεὶς
1590 960 1662 1015 δι’

1815 970 1854 1025 b
1883 969 2165 1026 omnibus
2203 970 2554 1027 hominibus
2598 971 2869 1042 agnosci,
2918 976 2982 1029 ut
3023 987 3235 1027 omnes
3275 958 3424 1028 salvi

64 1055 281 1125 ἄγνοιαν
310 1054 587 1116 ἀπόληται.
619 1064 782 1110 Τοῦτο
810 1056 921 1130 (10)
942 1058 1044 1131 γὰρ
1074 1054 1366 1129 ἀκροτάτης
1394 1050 1428 1106 δ
1434 1054 1666 1105 ικαιοσύ-

1818 1063 1996 1123 erent.
2045 1063 2103 1114 et
2132 1059 2331 1116 nullus
2376 1076 2483 1132 per
2530 1060 2931 1131 ignorantiam
2981 1061 3237 1134 periret:
3280 1077 3424 1118 nam

62 1161 158 1203 νης
178 1147 269 1195 καὶ
300 1142 645 1216 ἀγαθότητος.

1773 1148 1829 1204 id
1862 1153 2135 1204 extremae
2160 1149 2400 1219 justitiae
2430 1154 2516 1205 est
2548 1165 2617 1206 ac
2647 1149 2951 1206 bonitatis.

143 1236 335 1284 Καὶ-
365 1236 514 1306 ἔγνω.
551 1234 633 1308 [Ὁ
680 1238 771 1309 μεν
824 1235 972 1300 ἄλλος
999 1236 1112 1307 (11)
1170 1238 1383 1308 κόσμος,
1438 1228 1553 1286 οὐδ’
1609 1232 1664 1284 ὅ·

1844 1240 2006 1293 Vers.
2048 1239 2241 1294 25.157
2266 1269 2332 1278 —
2373 1240 2652 1311 cognovit.
2692 1238 2944 1296 Gentiles
2985 1238 3227 1313 quidem
3265 1238 3425 1295 nullo

61 1319 164 1383 λως
194 1320 333 1393 (12)·
364 1324 413 1375 οἱ
444 1319 504 1377 δὲ
536 1321 784 1379 Ἰουδαῖοι
839 1325 972 1399 (13),
1030 1328 1237 1399 Πατέρα
1288 1343 1409 1397 μου,
1463 1319 1556 1375 διὰ
1605 1324 1664 1374 τὸ

1815 1327 1980 1396 ιοᾶο,
2003 1343 2141 1383 cum
2164 1327 2420 1384 adorent
2449 1327 2647 1399 idola;
2678 1328 2867 1385 Judaei
2897 1344 3036 1385 vero
3057 1344 3176 1384 non
3211 1344 3425 1401 cogno-

63 1407 434 1486 ἐθελοκακεῖν]

1815 1420 1983 1473 erunt
2015 1420 2087 1483 te,
2119 1417 2267 1489 quia
2286 1420 2498 1490 sponte
2526 1421 2870 1490 peccantes,
2897 1423 3121 1489 negant
3142 1422 3196 1475 te
3221 1434 3425 1474 meum

1775 1520 1903 1561 esse
1935 1506 2190 1563 Patrem.

140 1590 283 1663 Ἐγὼ
308 1624 376 1633 -
402 1595 576 1665 ἔγνων.
609 1596 787 1650 Φύσει.

1846 1597 2005 1651 Vers.
2038 1597 2126 1652 25.
2157 1596 2280 1666 Ego
2311 1629 2379 1637 —
2410 1597 2676 1667 cognovi.
2708 1599 2949 1653 Natura.

142 1686 244 1734 Καὶ
282 1713 350 1723 -
379 1681 700 1744 ἀπέστειλας.
731 1686 797 1736 0i
825 1686 1061 1757 μαθηταί
1103 1703 1203 1757 μου
1235 1686 1463 1756 ἔγνωσαν
1493 1689 1663 1752 τοῦτο,

1846 1684 2007 1740 Vers.
2036 1684 2123 1740 25.
2152 1685 2227 1740 Et
2251 1716 2319 1725 -
2350 1685 2576 1742 misisti.
2607 1684 2884 1757 Discipuli
2915 1685 3032 1741 mei
3061 1685 3177 1742 hoc
3203 1700 3428 1756 cogno-

61 1768 154 1843 ἀφ’
185 1771 254 1823 ὧν
280 1769 422 1825 εἷπον
450 1777 540 1825 καὶ
570 1773 767 1848 ἔπραξα
797 1775 1108 1849 θεοπρεπῶς.

1818 1777 1990 1829 erunt
2018 1789 2087 1829 ex
2119 1773 2213 1829 his
2241 1790 2375 1847 quae
2406 1790 2509 1831 eos
2537 1774 2735 1840 docui,
2765 1779 2821 1830 et
2850 1774 3054 1831 divino
3080 1775 3261 1832 modo
3290 1791 3428 1849 ope-

1702 1870 1747 1926 B
1776 1867 1943 1918 ratus
1970 1879 2125 1917 sum.

143 1953 248 2003 Καὶ
290 1981 358 1991 -
415 1970 530 2005 σου.
580 1954 649 2004 Τὸ
698 1960 794 2014 τῆς
852 1956 1190 2023 πατρότητος.
1224 1958 1404 2005 Ταῦτα
1441 1952 1554 2021 (14)
1609 1949 1668 2005 δε

1847 1953 2012 2007 Vers.
2038 1954 2128 2008 26.
2177 1952 2256 2007 Et
2284 1984 2353 1992 —
2384 1958 2572 2009 tuum.
2615 1954 2843 2008 Nomen
2873 1952 3261 2025 paternitatis.
3298 1957 3430 2010 Haec

65 2043 162 2091 καὶ
216 2037 452 2115 ἀνωτέρω
510 2042 703 2113 εἴρηκε,
756 2045 847 2094 καὶ
897 2049 985 2092 νῦν
1012 2040 1149 2113 λέγει
1186 2041 1338 2093 πάλιν
1369 2040 1668 2115 ἐπαναλαμ-

1823 2045 1978 2096 utem
2009 2041 2187 2097 etiam
2226 2041 2503 2115 superius
2534 2040 2701 2108 dixit,
2744 2044 2802 2097 et
2830 2056 2991 2098 nunc
3020 2042 3232 2098 iterum
3269 2058 3433 2114 repe-

66 2127 257 2182 ϐάνων.

1780 2134 1962 2187 tendo
1991 2129 2149 2187 dicit.

146 2222 247 2270 Καὶ
295 2222 559 2292 γνωρίσω.
618 2218 738 2271 Ἐπὶ
785 2219 933 2272 πλέον
994 2216 1086 2272 διὰ
1134 2227 1228 2273 τοῦ
1297 2219 1450 2291 ἁγίου
1521 2222 1672 2272 Πνεύ-

1852 2221 2020 2274 Vers.
2045 2219 2133 2276 26.
2164 2221 2229 2275 Et
2246 2226 2448 2276 notum
2456 2219 2706 2290 faciam.
2724 2220 2993 2292 Amplius
3020 2236 3125 2292 per
3148 2220 3432 2294 Spiritum

68 2326 255 2379 ματος.
280 2306 438 2382 Ὁρᾷς
486 2308 568 2359 ὅτι
608 2308 781 2380 ὥσπερ
814 2309 839 2360 ό
874 2313 1052 2383 Πατήρ
1086 2308 1222 2381 λέγει
1253 2305 1347 2361 διὰ
1395 2316 1487 2361 τοῦ
1519 2308 1671 2380 ἁγίου

1824 2314 2077 2365 anctum.
2131 2309 2325 2376 Vides,
2376 2310 2543 2383 quod
2599 2309 2748 2365 sicut
2803 2312 2972 2366 Pater
3024 2309 3287 2383 loquitur
3327 2325 3434 2382 per

72 2398 392 2468 Ιινεύματος,
449 2396 584 2448 οὕτω
635 2401 725 2448 καὶ
780 2398 805 2449 ό
862 2400 983 2459 Υἱός
1018 2398 1262 2469 γνωρίζει
1300 2389 1387 2450 ’δι’
1438 2397 1597 2450 αὐτοῦ
1640 2396 1675 2449 ἃ

1826 2397 2059 2469 piritum
2104 2404 2396 2465 sanctum,
2449 2399 2529 2454 ita
2570 2403 2623 2453 et
2672 2398 2850 2453 Filius
2895 2403 3109 2454 notum
3153 2398 3293 2454 facit
3335 2415 3436 2471 per

74 2483 320 2557 βούλεται
359 2491 469 2545 τοῖς
496 2486 777 2555 μαθηταῖς.
812 2484 924 2559 ’Δφ’
955 2487 1021 2537 ὧν
1062 2483 1208 2548 αὖθις
1236 2490 1294 2539 τό
1321 2486 1555 2560 ἰσότιμον
1586 2490 1675 2539 καὶ

1827 2503 1983 2542 )sum
2033 2486 2335 2558 discipulis
2382 2504 2519 2560 quae
2566 2486 2816 2544 voluerit
2854 2488 2883 2543 ?
2926 2503 2998 2543 ex
3048 2488 3267 2560 quibus
3314 2504 3437 2543 rur-

75 2575 350 2647 σύμφωνον
375 2580 467 2634 τῆς
493 2572 649 2644 ἁγίας
672 2571 843 2647 Τριάδ
846 2594 902 2638 ος
930 2571 1218 2628 δείκνυται.

1827 2593 1921 2632 um
1951 2576 2195 2632 honoris
2224 2576 2536 2649 aequalitas
2565 2592 2636 2633 ac
2665 2576 2988 2634 concordia
3013 2582 3233 2634 sanctas
3258 2577 3437 2633 Trini-

1785 2666 1921 2722 tatis
1948 2666 2301 2723 ostenditur.

144 2750 254 2805 Ἵνα
302 2782 370 2795 -
533 2756 797 2826 Γνωρίσω,
844 2758 1024 2826 φησὶν,
1085 2753 1255 2816 αὐτοῖς
1302 2754 1385 2809 ἐπὶ
1428 2755 1576 2809 πλέον
1615 2759 1673 2809 τό

1856 2757 2016 2811 Vers.
2063 2759 2150 2810 26.
2189 2755 2264 2813 Ut
2293 2788 2362 2796 —
2389 2757 2487 2813 sit.
2533 2759 2750 2812 Notum
2788 2755 3028 2823 faciam,
3058 2756 3275 2829 inquit,
3315 2771 3441 2812 am-

73 2843 235 2913 ὅνομά
296 2860 413 2911 σου,
461 2843 544 2894 ἵνα
589 2850 743 2894 τοῦτο
798 2852 973 2916 σαφῶς
1018 2847 1382 2921 γνωρισάντων
1421 2849 1509 2898 καὶ
1558 2842 1676 2899 δια-

1830 2842 1942 2899 lius
1983 2860 2205 2900 nomen
2236 2849 2428 2915 tuum,
2480 2850 2546 2902 ut
2576 2862 2715 2901 cum
2766 2846 2881 2901 hoc
2925 2845 3319 2916 cognoverint
3372 2861 3440 2901 ac

76 2935 319 3001 γνόντων,
375 2932 454 2983 ὅτι
498 2936 714 3002 γνήσιος
763 2934 884 2993 Υἱός
931 2931 1032 3004 ἐγώ
1085 2934 1198 3004 (15)
1257 2953 1351 2986 σου
1396 2940 1485 2987 καὶ
1525 2937 1677 3007 φύσει

1832 2932 2103 2989 idicerint
2123 2935 2286 3006 quod
2308 2934 2599 2990 naturalis
2622 2935 2733 2989 sim
2763 2935 2938 2990 Filius
2960 2938 3120 3001 tuus,
3149 2939 3205 2990 et
3225 2940 3442 2990 natura

78 3019 366 3092 ἀγαπητὸς,
407 3022 438 3078 ἡ
488 3022 706 3078 τοιαύτη
751 3020 949 3092 ἀγάπη,
996 3023 1025 3080 ἡ
1076 3027 1273 3094 γνησία
1300 3027 1391 3074 καὶ
1423 3027 1592 3095 φύσει,
1628 3024 1676 3075 iv

1832 3021 2061 3091 ilectus,
2089 3022 2438 3093 hujusmodi
2481 3024 2737 3089 dilectio,
2783 3039 2918 3095 quae
2957 3024 3222 3094 ingenua
3266 3028 3354 3080 est
3382 3027 3437 3079 et

78 3108 253 3168 αὐτοῖς
282 3111 359 3166 εἴη
387 3108 738 3180 γνωριζομένη
749 3150 761 3162 .

1787 3124 1896 3180 per
1920 3113 2214 3177 naturam,
2251 3112 2317 3167 sit
2349 3112 2411 3167 in
2435 3112 2518 3166 eis
2543 3128 2651 3180 per
2681 3112 3105 3180 cognitionem.

154 3195 311 3267 Κάγὼ
360 3194 411 3247 iv
458 3196 654 3258 αὐτοῖς.
700 3195 856 3269 Κάγὼ
923 3195 972 3248 iv
1034 3197 1211 3260 αὐτοῖς
1266 3195 1305 3249 ὦ
1362 3198 1531 3265 πλέον,
1587 3197 1682 3253 διὰ
1713 3223 1755 3280 C

1862 3200 2021 3252 Vers.
2066 3202 2155 3254 26.
2191 3200 2266 3254 Et
2295 3215 2389 3271 ego
2417 3200 2474 3254 in
2507 3201 2611 3255 eis.
2650 3200 2719 3254 Et
2747 3216 2855 3269 ego
2884 3200 2946 3254 in
2977 3201 3060 3255 eis
3104 3201 3298 3269 magis
3332 3200 3444 3255 sim

84 3289 310 3345 πίστεως
379 3285 635 3356 μείζονος,
688 3287 778 3338 οἶτε
828 3286 1206 3361 γνωριζόμενος
1261 3287 1440 3348 αὐτοῖς
1496 3288 1681 3342 ἐντελέ-

1837 3302 1900 3341 er
1938 3285 2119 3341 ﬁdem
2162 3286 2476 3357 majorem,
2519 3291 2720 3358 utpote
2764 3287 3081 3359 perfectius
3122 3288 3205 3342 eis
3248 3292 3446 3342 notus.

86 3391 285 3447 στερον,
321 3372 480 3426 Πάλιν
533 3370 620 3426 οὖν
654 3373 723 3435 εἰς
779 3373 986 3447 ἀγάπην
1015 3376 1279 3442 κατεληξε,
1324 3379 1519 3435 ταύτην
1575 3376 1683 3430 ἐπι-

1840 3390 2017 3431 .erum
2045 3390 2187 3444 ergo
2218 3375 2278 3431 in
2303 3375 2681 3431 dilectionem
2710 3375 3055 3442 terminavit,
3078 3375 3236 3431 hanc
3260 3376 3450 3447 impo-

87 3464 189 3522 θεὶς
213 3469 285 3533 τῷ
324 3461 458 3535 λόγῳ
493 3461 778 3518 τελείωσιν.
817 3463 1121 3524 Τελειωτικὴ
1152 3468 1254 3539 γὰρ
1298 3474 1397 3519 τῶν
1435 3464 1624 3543 ἀρετῶν
1649 3469 1679 3525 ἡ

1843 3480 1940 3520 ens
1964 3464 2226 3520 sermoni
2248 3465 2848 3521 consummationem.
2870 3467 3016 3520 Nam
3041 3463 3323 3538 perfectio
3342 3464 3453 3522 vir-

86 3550 264 3622 ἀγάπη
275 3591 287 3604 .

1796 3558 1991 3609 tutum
2022 3559 2111 3609 est
2132 3553 2388 3610 dilectio.

158 3646 337 3694 Ταῦτα
370 3672 423 3682 -
460 3642 642 3700 αὐτοῦ.
688 3646 927 3701 Ζήτησον
959 3645 1008 3696 ἐν
1055 3651 1128 3715 τῷ
1167 3644 1430 3717 ἑξηκοστῷ
1458 3647 1686 3720 τετάρτῳ

1868 3643 2024 3699 CAP.
2074 3644 2258 3698 XVIII.
2292 3646 2450 3699 Vers.
2490 3649 2509 3700 t
2559 3643 2697 3701 Haec
2742 3676 2811 3683 —
2844 3645 2993 3714 ejus.
3035 3644 3239 3709 Qumre
3286 3659 3453 3699 sexa-

85 3730 346 3803 κεφαλαίῳ
374 3738 467 3784 τοῦ
491 3735 626 3785 κατὰ
645 3734 914 3785 Ματθαῖον
939 3737 997 3785 τό
1031 3750 1044 3763 ·
1075 3739 1176 3787 Καὶ
1204 3736 1519 3807 ὑμνήσαντες
1545 3734 1685 3798 ἐςῆλ-

1839 3733 2026 3789 esimo
2061 3738 2274 3806 quarto
2299 3734 2492 3806 capite
2542 3732 2834 3803 Evangelii
2874 3734 3047 3806 juxta
3086 3733 3449 3801 Matthaaum,

92 3822 178 3873 θον
209 3819 277 3881 εἰς
302 3824 360 3873 τό
416 3825 529 3897 ιῇοος
553 3829 654 3874 τῶν
708 3822 946 3880 Ἐλαιῶν.
1003 3824 1138 3876 Ἐκεῖ
1173 3826 1273 3896 γὰρ
1331 3822 1558 3896 ἐξηγὴθη
1600 3828 1690 3877 καὶ

1847 3824 1902 3879 bi
1929 3824 2168 3896 ponitur
2196 3840 2209 3878 :
2233 3824 2311 3879 Et
2329 3824 2500 3880 dictis
2529 3824 2801 3880 laudibus
2819 3825 3093 3881 exierunt
3122 3824 3180 3879 in
3202 3830 3453 3880 montem

90 3913 209 3984 περὶ
272 3913 487 3965 τούτων.
548 3910 704 3965 Ἀλλά
771 3917 861 3964 καὶ
903 3917 1021 3987 περὶ
1085 3920 1183 3964 τῶν
1215 3912 1331 3976 ἑξῆς
1376 3913 1690 3990 πλατύτερόν

1848 3914 2107 3970 tivarum
2125 3914 2172 3948 ⁸⁵
2195 3928 2365 3979 ;nam
2384 3912 2461 3968 ibi
2481 3912 2553 3968 de
2571 3912 2664 3968 his
2684 3918 3026 3969 enarratum
3049 3916 3157 3969 est.
3180 3913 3293 3968 Sed
3314 3912 3455 3968 etde

89 4018 146 4051 τε
192 4003 282 4052 καὶ
313 3998 674 4075 ἀκριϐέστερον
704 3999 752 4053 iv
795 4000 961 4075 ἐνείνῳ
989 4008 1059 4073 τῷ
1091 4002 1427 4077 εὐαγγελιστῇ
1463 4000 1692 4062 δεδηλω-

1845 4020 1870 4057 s
1892 4018 2027 4075 quae
2075 4008 2431 4074 sequuntur,
2461 4001 2640 4058 latius
2684 4007 2741 4058 et
2770 4002 3032 4059 exactius
3062 4002 3122 4057 in
3152 4002 3254 4057 illo
3281 4016 3455 4057 evan-

89 4106 269 4160 καμεν.

1803 4091 2011 4162 gelista
2040 4091 2527 4161 signiﬁcavimus.

165 4174 324 4230 Ἦδει
351 4208 420 4221 -
449 4182 626 4233 τόπον.
661 4178 791 4233 Εἶτα
812 4179 966 4254 λέγει,
1009 4186 1098 4235 καὶ
1122 4184 1275 4236 πόθεν
1304 4188 1481 4235 τοῦτον
1521 4181 1695 4251 ὶγίνω-

1874 4181 2040 4235 Vers.
2098 4184 2150 4233 2.
2204 4179 2428 4236 Sciebat
2478 4211 2535 4219 —
2564 4181 2767 4237 locum.
2831 4178 3053 4235 Deinde
3102 4178 3280 4234 etiam
3312 4178 3458 4238 dicit

97 4285 234 4320 σκεν.

1805 4269 1962 4324 unde
1991 4268 2106 4323 hoc
2132 4267 2378 4323 sciebat.

164 4354 286 4408 Ὀτι
316 4389 383 4399 -
414 4357 601 4414 αὐτοῦ.
643 4358 893 4422 Πολλάκις
923 4360 1147 4420 ηὐλίσθη
1181 4359 1301 4415 ἐκεῖ.

1876 4356 2043 4412 Vers.
2076 4361 2128 4411 2.
2161 4356 2320 4423 Quod
2342 4383 2404 4392 —
2434 4372 2571 4413 suis.
2607 4359 2961 4430 Frequenter
2987 4361 3324 4412 versaretur
3352 4355 3455 4411 ibi.

168 4443 228 4496 Ὀ
270 4441 357 4497 οὖν
380 4443 588 4510 Ἰούδας
613 4479 681 4488 ——
710 4449 896 4507 ὅπλων,
931 4452 1009 4503 Tit
1055 4449 1188 4502 ὅπλα
1212 4447 1482 4520 ἐπήγοντο,
1518 4443 1699 4500 δεδοι-

1877 4446 2042 4502 Vers.
2072 4452 2101 4503 3
2132 4446 2320 4502 ludas
2359 4461 2488 4518 ergo
2520 4478 2585 4487 —
2611 4449 2816 4503 armis.
2847 4448 3029 4502 Arma
3058 4446 3458 4514 adduxerunt,

100 4537 248 4596 κότες
277 4538 397 4597 τοὺς
429 4535 700 4609 ἑπομένους
740 4538 899 4610 αὐτῷ.
956 4540 1051 4590 Διά
1105 4546 1257 4590 τοῦτο
1312 4540 1413 4613 γὰρ
1439 4541 1530 4588 καὶ
1569 4535 1698 4612 ἀωρὶ

1855 4541 2083 4591 mentes
2113 4551 2215 4591 eos
2243 4536 2345 4607 qui
2372 4534 2779 4607 sequebantur
2803 4536 3007 4591 Jesum
3044 4552 3057 4590 :
3082 4551 3224 4591 nam
3255 4538 3314 4590 et
3335 4550 3464 4607 pro-

96 4630 197 4675 τῶν
222 4632 418 4676 νυκτῶν
446 4623 681 4683 ἐπῆλθον.

1855 4630 2014 4682 terea
2050 4625 2467 4697 intempestivo
2516 4626 2707 4681 noctis
2752 4629 3021 4697 tempore
3068 4624 3458 4680 advenerunt.

170 4710 252 4765 Ἐν
302 4721 376 4784 τῷ
428 4712 691 4787 ἑξηκοστῷ
737 4712 797 4768 δε
847 4718 1063 4788 πέμπτῳ
1110 4715 1362 4788 κεφαλαίῳ
1419 4723 1512 4768 τοῦ
1566 4718 1701 4768 κατὰ

1880 4716 1959 4771 De
1978 4714 2069 4770 his
2091 4719 2291 4771 autem
2322 4714 2548 4770 dictum
2571 4718 2659 4770 est
2679 4714 3052 4785 sexagesimo
3065 4713 3273 4786 quinto
3290 4714 3463 4784 juxta

101 4800 377 4856 Ματθαίον
428 4801 621 4878 έρῥήθη
695 4808 814 4877 περὶ
880 4805 1096 4871 τούτων,
1173 4803 1317 4877 [ἔνθα
1368 4803 1483 4877 (16)
1532 4812 1701 4857 κεῖται

1850 4804 2148 4860 Iatthaeuin
2163 4805 2377 4876 capite,
2394 4803 2494 4860 ubi
2514 4804 2727 4859 dicitur
2751 4820 2763 4860 :
2787 4804 2863 4859 Et
2886 4804 3085 4860 adhuc
3098 4820 3157 4859 eo
3173 4805 3460 4874 loquente,

98 4895 160 4944 τό
214 4906 230 4923 ⁶
285 4896 389 4946 Καὶ
448 4894 524 4945 ἔτι
578 4890 739 4945 αὐτοῦ
811 4890 1106 4965 λαλοῦντος,
1178 4889 1315 4962 ἰδοὺ,
1387 4889 1594 4958 Ἰούδας
1634 4890 1702 4957 εἶς

1852 4909 1938 4953 rce
1954 4894 2145 4952 Iudas
2170 4909 2328 4955 unus
2352 4893 2424 4953 de
2446 4892 2738 4953 duodecim
2769 4893 2926 4951 venit
2957 4893 3004 4929 ⁵⁸
3033 4908 3048 4961 ;
3074 4907 3220 4951 nam
3247 4907 3378 4965 quae
3403 4892 3462 4949 in

176 5094 225 5132 ⁸⁴
250 5095 299 5151 II
331 5096 460 5155 Cor.
492 5114 573 5168 ιιι,
609 5104 700 5158 18.
818 5102 866 5138 ⁵⁵
896 5100 1094 5159 Matth.
1124 5118 1279 5171 uva,
1303 5105 1390 5160 30.
1503 5104 1552 5140 ⁸⁸
1581 5102 1726 5161 ibid.
1750 5102 1841 5162 47.

1307 5307 1525 5380 Variae
1563 5308 1896 5379 lectiones
1955 5316 2025 5379 et
2060 5317 2262 5379 notae.

175 5498 289 5645 (10)
321 5507 400 5573 At,
424 5504 557 5561 loco
573 5506 692 5580 γάρ,
728 5510 789 5562 Α.

210 5576 259 5628 tt
321 5578 555 5633 Inclusa
615 5581 835 5636 absunt
881 5580 954 5637 A.
1012 5577 1283 5637 Hentenii
1345 5577 1540 5638 versio
1608 5579 1708 5637 hic

1888 5508 2001 5580 (t3)
2035 5507 2158 5579 Οὐχ
2202 5508 2291 5579 ὡς,
2322 5505 2823 5579 interponendum
2871 5505 3125 5571 videtur,
3151 5510 3216 5563 ut
3261 5505 3335 5564 sit
3364 5502 3467 5579 οὐχ

1865 5602 1886 5643 ς
1918 5584 2123 5645 Πατέρα
2142 5599 2264 5645 μου,
2297 5578 2479 5634 intell.
2514 5581 2764 5645 ἔγνωσαν.

210 5576 289 5647 tt)
321 5576 588 5653 Inclusa:
615 5576 835 5636 absunt
881 5580 954 5637 Α.
1012 5577 1283 5637 Hentenii
1345 5577 1540 5638 versio
1608 5579 1708 5637 hic
1817 5609 1820 5626 ι

1153 5577 1283 5637 tenii
1345 5577 1540 5638 versio
1608 5579 1708 5637 hic
1817 5576 2763 5653 ὠςίΠατέραμουίὶῐιεθΗξἔγνωσαν.

115 5646 299 5725 etiam
328 5647 620 5725 dissentit.
768 5722 802 5725 _
961 5721 1007 5725 _
1193 5721 1203 5725 Α
1305 5721 1319 5725 λ
1354 5723 1362 5725 Α
1491 5721 1505 5725 _
1534 5722 1571 5725 μ

961 5721 1007 5725 _
1193 5721 1203 5725 _
1305 5721 1319 5725 ,
1354 5723 1362 5725 Α
1491 5721 1505 5725 _
1534 5722 1571 5725 μ
1888 5651 2003 5725 (llr)
2032 5646 2324 5725 I‘u’p}_loco
2354 5646 2433 5716 δὲ,
2466 5656 2530 5706 Α.

179 5717 304 5795 (12),
330 5720 525 5795 Intell.
570 5723 734 5795 ἔγνω.
762 5722 931 5795 Forte
961 5721 1283 5780 Hentenius
1304 5721 1401 5780 hic
1434 5721 1708 5781 additum

762 5722 931 5795 Forte
961 5721 1283 5780 Hentenius
1304 5721 1401 5780 hic
1434 5721 1708 5781 additum
1888 5717 2003 5795 (15)
2034 5717 2258 5795 Σουέἐγώ
2288 5723 2352 5776 A.

104 5788 351 5860 invenit,
385 5788 480 5846 διὰ
507 5795 566 5846 τό
597 5788 1006 5871 εἰδωλολατρεῐν.

981 5814 1006 5850 ν.
1887 5788 2003 5869 (16)
2032 5788 2267 5851 Inclusa
2285 5792 2499 5851 omittit
2526 5795 2591 5852 Α.
