4076 6430
97 329 119 384 1
132 331 239 386 457

1091 328 1450 385 COMMENT.
1496 329 1565 385 IN
1604 327 1955 385 JOANNEM.
2000 361 2065 369 —
2106 330 2261 385 CAP.
2303 327 2501 387 XVIII.

3323 326 3461 384 1458

166 454 267 509 Ἦν
309 486 374 497 -
421 454 567 509 λαοῦ.
601 453 712 509 Ἰνα
744 458 839 527 μὴ,
882 453 1109 515 ἀκούσας
1146 457 1172 507 6
1214 452 1474 528 ἀκροατὴς
1506 450 1698 527 δεσμὰ,

1884 457 2039 511 Vers.
2092 455 2178 511 14.
2230 455 2382 511 Erat
2419 485 2489 495 —
2525 453 2756 523 populo.
2808 456 2889 510 Ne
2950 451 3187 509 auditor
3224 453 3464 513 vincula

96 544 394 620 θορυϐηθῇ,
453 544 835 618 ἀναμιμνήσκει
880 553 1065 598 τοῦτον
1117 552 1205 605 τῆς
1256 548 1573 616 προφητείας
1609 550 1701 595 τού

98 636 334 707 Καίάφα,
369 631 539 692 δηλῶν
585 636 666 687 ὄτι
696 634 781 687 ἐπὶ
818 639 1131 708 συμφέροντι
1179 641 1270 685 τοῦ
1316 632 1443 685 λαού
1483 632 1701 690 ἀπέθνη-

96 741 241 792 σκεν,
274 727 435 795 ἤγουν
465 723 548 777 ἐπὶ
579 729 815 799 σωτηρίᾳ
842 733 942 777 τῶν
974 722 1273 798 ἀνθρώπων,
1312 725 1378 784 ὡς
1410 724 1435 773 6
1465 724 1701 793 Καϊάφας

94 818 496 886 προεφήτευσεν.

166 902 472 955 Ἠκολούθει
510 932 579 942 -
617 904 878 974 μαθητής.
923 901 1088 963 Αὐτός
1115 900 1255 954 ἐστιν
1296 902 1321 952 6
1348 899 1497 960 ἄλλος
1525 901 1701 970 μαθη-

93 996 158 1049 τή
171 1012 211 1053 ς.
251 990 515 1063 [Ζήτησον
547 991 661 1063 (24)
694 994 742 1044 ἓν
772 1000 844 1063 τῷ
868 994 1086 1061 τοιούτῳ
1115 989 1373 1063 κεφαλαίῳ
1394 992 1488 1047 τὴν
1516 987 1698 1060 ἐξήγη-

97 1099 182 1132 σιν
206 1088 297 1133 τοῦ
322 1100 334 1112 '
359 1078 417 1132 Ὀ
445 1077 504 1133 δὲ
548 1085 737 1156 Πέτρος
779 1080 1046 1139 ἠκολούθει
1094 1081 1234 1151 αύτῷ
1277 1077 1378 1131 ἀπὸ
1417 1080 1695 1153 μακρόθεν,

92 1171 184 1231 ἕως
210 1179 305 1230 τῆς
336 1169 497 1232 αύλῆς
521 1177 613 1222 τοῦ
654 1169 987 1244 ἀρχιερέως.]

163 1258 223 1310 Ὁ
270 1256 329 1311 δὲ
376 1261 613 1331 μαθητὴς
665 1290 729 1301 -
775 1259 888 1322 ἔξω.
939 1259 1074 1332 Ὀρα
1113 1263 1556 1334 μετριοφροσύνην
1607 1265 1697 1313 καὶ

90 1345 451 1421 φιλαδελφίαν.
482 1348 593 1402 Ἵνα
632 1352 734 1423 γὰρ
776 1354 908 1422 μήτε
946 1349 1101 1401 αὐτόν
1130 1369 1211 1411 τις
1256 1348 1436 1422 ἐπαινῇ
1490 1370 1696 1403 συνεισ-

89 1437 323 1503 ελθόντα,
364 1443 495 1510 μήτε
548 1442 636 1490 τὸν
691 1443 881 1511 Πέτρον
932 1438 1092 1510 ψέγῃ,
1142 1443 1388 1511 μείναντα
1430 1439 1544 1508 ἔξω,
1591 1459 1695 1511 φη-

90 1533 177 1581 σὶν
208 1530 290 1581 ὅτι
312 1528 454 1598 αὐτῷ
483 1531 573 1601 μεν
604 1530 669 1589 ὡς
696 1534 941 1602 γνωρίμῳ
970 1536 1063 1581 τοῦ
1092 1526 1378 1602 ἀρχιερέως
1415 1548 1695 1603 παρεχωρ-

86 1620 192 1677 ἡθη
227 1620 256 1676 ἠ
296 1615 501 1679 εἶσοδος
535 1635 547 1647 ·
580 1626 650 1688 τῷ
704 1622 879 1692 Πέτρῳ
920 1614 980 1670 δε
1017 1620 1085 1678 ὡς
1134 1622 1204 1690 μὴ
1254 1622 1499 1693 γνωρίμῳ
1535 1616 1693 1670 ἀπεκ-

84 1706 292 1765 λείσθη.
330 1712 430 1760 Καὶ
476 1708 614 1780 ὅμως
657 1708 733 1760 ἔτι
789 1710 1064 1781 παρέμενεν
1122 1706 1311 1778 (25),6
1358 1713 1445 1760 καὶ
1503 1707 1693 1779 μᾶλλον

86 1795 342 1869 ἐγκώμιον
367 1804 458 1849 τού
494 1801 709 1870 Πέτρου.
1724 1812 1765 1866 Β

161 1977 399 2041 Ἐξῆλθεν
456 2009 525 2019 -
577 1976 703 2049 εἰμί.
774 1977 901 2050 Εὑρὲ
973 1975 1020 2028 ἐν
1087 1984 1160 2046 τῷ
1227 1976 1368 2046 αύτῷ
1433 1976 1691 2049 κεφαλαίῳ

84 2073 144 2120 τό
177 2084 188 2097 ·
254 2072 354 2120 Καὶ
407 2065 645 2119 εἰσελθὼν
698 2068 800 2118 ἔσω
853 2064 1076 2122 ἐκάθητο
1144 2068 1275 2137 μετά
1329 2072 1429 2117 τῶν
1493 2066 1691 2139 ὑπηρε-

84 2165 208 2222 τῶν,
270 2152 399 2208 ἰδεῖν
462 2158 518 2207 τὸ
576 2154 767 2214 τέλος⁶’·
822 2159 911 2206 καὶ
965 2152 1222 2225 ἀνάγνωθι
1296 2156 1408 2226 (26)
1465 2158 1531 2206 τὰ
1591 2154 1695 2208 ἐκεῖ

83 2248 306 2321 ῥηθέντα
360 2243 749 2315 ἀναγκαιότατα
801 2246 1151 2314 τυγχάνοντα.
1213 2248 1313 2296 Καὶ
1361 2248 1462 2315 μὴν
1500 2249 1590 2296 καὶ
1643 2243 1691 2296 ἐν

84 2344 158 2406 τῷ
210 2334 475 2404 ἑξηκοστῷ
518 2334 646 2403 ἕκτῳ
690 2340 783 2384 τοῦ
833 2332 992 2384 αὐτοῦ
1034 2332 1402 2405 εὐαγγελιστοῦ
1441 2337 1535 2391 τὴν
1574 2333 1692 2395 ἐξή-

84 2443 247 2497 γησιν
309 2429 446 2475 τοῦο
505 2420 564 2473 Ὀ
645 2418 704 2474 δὴ
770 2424 962 2488 Πέτρος
1048 2421 1142 2484 ἔξω
1217 2420 1437 2479 ἐκάθητο
1504 2420 1552 2472 ἐν
1625 2429 1688 2495 τῇ

88 2513 243 2585 αὐλῇ,
304 2516 393 2564 καὶ
457 2510 745 2584 προσῆλθεν
793 2510 933 2581 αύτῷ
980 2516 1077 2584 μία
1123 2507 1409 2573 παιδίσκη,
1477 2515 1566 2563 καὶ
1627 2513 1693 2564 τὰ

88 2602 226 2665 ἑξῆς.

159 2693 501 2750 Εἱστήκεισαν
533 2720 602 2729 -
649 2690 1062 2761 θερμαινόμενος.
1105 2693 1370 2741 Δείκννσιν
1415 2691 1494 2741 ὅτι
1537 2690 1692 2752 αὐτὸς

84 2782 175 2851 μὲν
213 2782 350 2831 κατά
393 2784 488 2837 τὴν
528 2775 797 2852 ἕνδοτέραν
844 2778 1004 2836 αύλὴν
1055 2783 1219 2830 συνὼν
1258 2786 1330 2848 τῷ
1378 2775 1691 2849 διδασκάλῳ

87 2867 222 2941 ἐώρα
254 2869 424 2920 πάντα
454 2872 540 2919 καὶ
586 2871 766 2925 ἤκουεν
800 2884 813 2895 ⁸
844 2868 869 2917 6
903 2862 960 2918 δὲ
992 2870 1185 2941 Πέτρος
1231 2868 1364 2918 κατά
1393 2871 1486 2925 τὴν
1516 2866 1690 2929 ἐξωτέ-

86 2977 181 3032 ραν
211 2958 296 3025 ὠν,
328 2952 478 3009 οὐδὲν
500 2958 694 3007 τούτων
734 2954 1027 3025 ἐγίνωσκεν.

156 3045 215 3097 Ὀ
276 3042 364 3097 οὖν
419 3044 700 3117 ἀρχιερεύς
753 3073 822 3082 -
878 3041 1060 3098 αὑτοῦ.
1121 3047 1245 3115 Περὶ
1291 3051 1391 3094 τῶν
1444 3046 1691 3115 μαθητῶν

87 3139 199 3207 μὲν,
258 3140 358 3185 ποῦ
413 3132 515 3184 εἰσι
586 3135 675 3183 καὶ
740 3136 877 3192 τίνος
950 3131 1109 3183 ἕνεκεν
1171 3130 1426 3193 συνέλεξεν
1504 3132 1692 3192 αύτούς
1727 3145 1767 3201 ρ

89 3227 206 3294 περὶ
248 3230 338 3282 τῆς
385 3217 623 3292 διδαχῆς
667 3216 746 3285 δὲ,
782 3224 834 3271 τί
879 3215 1129 3272 διδάσκει
1176 3225 1264 3271 καὶ
1300 3216 1483 3276 διατί;
1515 3228 1695 3273 Ταῦτα

90 3310 150 3364 δὲ
216 3312 505 3383 ἠρώτησεν,
579 3307 778 3381 ἐλέγξαι
845 3307 1156 3381 βουλόμενος
1232 3308 1387 3361 αὐτὸν
1452 3329 1692 3382 νεωτερο-

90 3402 237 3453 ποιὸν
266 3404 355 3451 καὶ
384 3403 735 3466 στασιαστὴν,
764 3400 827 3459 ὡς
858 3401 1307 3471 παρασυναγωγάς
1331 3407 1580 3451 ποιοῦντα
1600 3404 1691 3451 καὶ

90 3492 246 3542 καινά
278 3485 690 3561 δογματίζοντα,
744 3492 916 3539 καίτοι
968 3486 1213 3550 πολλάκις
1257 3486 1491 3549 ἀκούσας
1533 3489 1692 3542 αὐτοῦ

93 3575 463 3641 διδάσκοντος.

162 3758 443 3832 Ἀπεκρίθη
470 3788 538 3796 -
558 3760 758 3829 κόσμῳ.
792 3754 1051 3830 [Φανερῶς
1076 3756 1187 3828 (27)
1220 3751 1446 3819 ἐδίδαξα
1465 3760 1551 3809 τὸν
1571 3757 1692 3810 λαὸν

90 3848 314 3918 ἅπαντα,
349 3846 406 3898 ού
434 3849 586 3918 μόνον
611 3849 733 3907 τούς
751 3847 991 3917 μαθητάς
1020 3845 1168 3917 μου.]

166 3936 295 4006 Ἐγὼ
327 3965 393 3976 -
424 3930 593 3987 ούδέν.
629 3929 795 3986 Οὐδὲν
837 3935 942 3985 οἷον
968 3932 1362 4005 ὑπολαμϐάνεις,
1399 3930 1691 3997 στασιῶδες

90 4029 179 4077 καὶ
218 4023 511 4098 ἀπαρέσκον
538 4031 673 4093 Θεῷ.
706 4027 768 4075 Τί
789 4019 896 4088 οὖν,
926 4022 1051 4094 οὐχὶ
1082 4028 1171 4076 καὶ
1191 4029 1419 4098 κρυφίως
1451 4024 1692 4085 πολλάκις

92 4112 324 4184 ὡμΐ).ησε
353 4121 459 4174 τοῖς
488 4115 784 4184 μαθηταίςῖ
814 4116 917 4165 Ναί
948 4130 960 4141 ⁸
996 4111 1103 4164 ἀλλ’
1134 4110 1284 4165 οὐδὲν
1322 4120 1554 4165 τοιοῦτον
1586 4114 1690 4165 οἷον

91 4204 118 4253 6
150 4201 425 4276 ἀρχιερεὺς
451 4207 596 4274 ᾤετο.

161 4296 223 4343 Τί
262 4322 330 4333 —
375 4290 492 4363 ἐγώ.
536 4292 648 4344 Ούκ
692 4287 1142 4362 αύθαδιαζομένου
1194 4291 1257 4341 τά
1294 4290 1523 4364 ῥήματα,
1565 4289 1692 4341 ἀλλὰ

96 4379 403 4453 θαρροῦντος
441 4388 503 4452 τῇ
556 4379 771 4451 ἀληθείᾳ
811 4388 910 4432 τῶν
953 4376 1315 4451 διδαγμάτων.
1356 4382 1420 4429 Τί
1459 4377 1544 4445 ἐμὲ
1583 4376 1693 4430 ἒπε-

92 4475 298 4541 ρωτᾲς;
333 4468 626 4543 Ἐρώτησον
650 4473 764 4529 τοὺς
808 4467 1116 4536 ἀκηκοότας,
1150 4471 1221 4539 μὴ
1271 4470 1394 4527 τοὺς
1431 4468 1687 4539 μαθητὰς,
1723 4496 1767 4551 D

93 4555 219 4608 ἀλλά
249 4561 367 4619 τούς
397 4557 577 4618 ἄλλους
601 4561 721 4620 τούς
742 4554 880 4631 μηδὲ
910 4559 1307 4616 πιστεύσαντας.

162 4652 339 4698 Ταῦτα
406 4643 465 4699 δε
518 4646 677 4699 αὐτοῦ
751 4646 979 4706 εἰπόντος
1050 4675 1116 4684 -
1173 4643 1447 4719 ἀρχιερεῖ;
1508 4645 1690 4719 Φρίξον

93 4733 293 4810 ούρανὶ,
349 4737 567 4794 ἔκστηθι
615 4742 709 4805 γῆ,
749 4741 811 4805 τῇ
850 4752 904 4785 τε
958 4741 1057 4785 τῶν
1110 4729 1307 4785 δούλων
1348 4731 1685 4808 ἀγνωμοσύνη

74 4829 180 4877 ,καὶ
240 4832 302 4896 τῇ
361 4832 451 4876 τοῦ
518 4827 778 4875 Δεσπότου
846 4823 1202 4895 μακροθυμίᾳ.
1258 4820 1328 4873 Ὦ,
1385 4822 1687 4895 πάντολμει

90 4917 140 4964 τί
206 4910 429 4974 αὔθαδες
492 4911 837 4987 ἀπεκρίνατο;
867 4910 995 4983 ούχὶ
1069 4910 1257 4981 μᾶλλον
1328 4909 1542 4983 ἐτίμησε
1598 4916 1691 4970 τὴν

96 4999 514 5073 ἀρχιερωσύνην,
572 5007 642 5075 μὴ
704 5000 910 5074 ἐλέγξας
966 5003 1052 5052 τὸν
1113 5000 1365 5074 ἀρχιερέα
1419 5001 1693 5061 κακοήθως

1305 5181 1350 5213 ⁸³
1381 5177 1524 5234 ibid.
1547 5181 1633 5234 69.

164 5179 205 5213 ⁶¹
240 5177 434 5234 Matth.
460 5194 618 5245 xxvn,
650 5181 740 5236 58.
856 5182 903 5216 ⁸³
925 5178 1070 5236 ibid.
1105 5182 1190 5235 58.

1813 544 2062 600 audiens
2099 543 2376 609 turbetur,
2405 543 2535 614 ejus
2560 542 2916 599 memoriam
2947 543 3026 600 ad
3051 542 3292 614 Caiphae
3315 544 3463 601 vati-

1810 633 2030 690 cinium
2060 639 2320 696 revocat,
2358 631 2724 702 signiﬁcans,
2764 632 2932 704 quod
2963 632 3329 688 moriebatur
3359 649 3460 705 pro

1808 738 1879 779 eo
1909 722 2073 796 quod
2104 722 2329 795 populo
2357 721 2731 793 expediebat,
2761 722 2885 777 sive
2915 737 3025 793 pro
3052 720 3240 778 salute
3268 721 3460 779 homi-

1807 828 1974 877 num,
2007 812 2190 869 veluti
2222 811 2481 883 Caiphas
2504 811 2980 883 prOphetaverat.

1877 904 2035 957 Vers.
2073 902 2155 956 15.
2185 901 2553 973 Sequebatur
2582 932 2647 941 —
2677 900 3019 970 discipulus.
3040 900 3171 972 Ipse
3197 905 3288 957 est
3309 901 3461 957 alius

1804 988 1901 1044 ille
1917 988 2269 1061 discipulus.
2304 990 2511 1054 Quaere
2534 989 2764 1044 indicto
2801 988 2991 1059 capite
3022 989 3461 1045 enarrationem

1805 1077 1960 1133 illius
2018 1078 2325 1134 sententia!
2366 1094 2379 1133 :
2417 1079 2629 1134 Petrus
2676 1082 2871 1134 autem
2925 1078 3273 1150 sequebatur
3328 1094 3459 1135 eum

1800 1168 2009 1238 procul
2028 1182 2210 1238 usque
2234 1167 2312 1222 ad
2336 1167 2559 1223 atrium
2589 1167 2883 1235 principis
2915 1168 3282 1223 sacerdotum
3316 1169 3384 1221 ⁶¹.

1876 1256 2035 1311 Vers.
2091 1258 2175 1310 15.
2239 1256 2576 1326 Discipulus
2599 1262 2798 1312 autem
2842 1288 2911 1295 —
2948 1259 3107 1312 Vers.
3153 1256 3244 1313 26.
3279 1257 3455 1326 foris.

1804 1345 1948 1401 Vide
1975 1345 2331 1401 modestiam
2370 1361 2440 1401 ac
2488 1345 2815 1402 fraternum
2870 1361 3163 1402 amorem.
3212 1349 3292 1403 Ne
3324 1346 3459 1418 quis

1804 1434 1966 1491 enim
1994 1440 2095 1491 aut
2122 1436 2323 1507 ipsum
2350 1434 2572 1502 laudet,
2613 1434 2768 1506 quod
2807 1434 2985 1490 simul
3022 1435 3331 1505 introierit,
3356 1439 3461 1491 aut

1804 1524 2043 1579 Petrum
2066 1525 2373 1597 vituperet,
2405 1522 2571 1596 quod
2615 1522 2754 1579 foris
2798 1525 3100 1593 manserit,
3128 1524 3268 1580 dicit
3292 1525 3458 1597 quod

1803 1612 1917 1670 sibi
1947 1613 2193 1685 quidem
2233 1619 2524 1685 tanquam
2550 1612 2832 1670 familiari
2882 1613 3179 1682 pontiﬁcis
3208 1614 3458 1684 permis-

1803 1719 1907 1758 sus
1937 1703 2008 1758 sit
2035 1702 2308 1759 introitus
2336 1719 2348 1758 :
2384 1703 2588 1758 Petrus
2624 1717 2768 1758 vero
2800 1705 3088 1774 tanquam
3119 1703 3458 1774 incognitus

1802 1791 2075 1848 exclusus
2089 1796 2195 1858 est,
2211 1796 2267 1847 et
2283 1795 2484 1847 tamen
2498 1791 2697 1847 adhuc
2711 1790 2787 1848 ad
2806 1790 3025 1847 ostium
3040 1792 3454 1863 permanebat,

1801 1881 1961 1954 quod
1992 1881 2163 1936 Petro
2202 1881 2401 1952 potius
2432 1880 2608 1937 datur
2635 1879 2819 1935 laudi.

1872 1973 2037 2028 Vers.
2084 1970 2163 2026 16.
2198 1970 2396 2027 Excivit
2430 2000 2490 2009 —
2533 1970 2693 2024 Vers.
2723 1971 2811 2025 17.
2865 1985 3011 2025 sum.
3059 1970 3268 2035 Quaere
3308 1986 3458 2042 pra:-

1799 2059 1958 2116 dicto
1984 2060 2175 2132 capite
2209 2075 2222 2113 :
2246 2059 2321 2113 Et
2336 2059 2622 2129 ingressus
2650 2058 2807 2113 intro
2841 2057 3072 2115 sedebat
3104 2073 3231 2114 cum
3257 2058 3459 2115 minis-

1804 2150 1911 2205 tris
1936 2156 2001 2204 ut
2031 2150 2249 2205 videret
2266 2148 2443 2216 ﬁnem
2463 2150 2509 2183 θ’
2540 2151 2630 2213 ;et
2658 2147 2809 2217 lege,
2833 2164 2967 2219 quae
3000 2146 3081 2202 ibi
3111 2146 3270 2203 dicta
3292 2152 3450 2215 sunt,

1801 2255 1934 2295 cum
1977 2239 2094 2294 sint
2148 2238 2411 2293 maxime
2460 2237 2823 2294 necessaria.
2875 2237 3165 2293 Praeterea
3212 2253 3455 2310 quoque

1801 2328 2173 2397 sexagesimo
2214 2331 2381 2382 sexto
2407 2326 2595 2398 capite
2613 2326 2768 2381 illius
2799 2326 3103 2382 sententiae
3131 2328 3458 2382 enarratio-

1800 2432 1938 2471 nem
1965 2433 1976 2471 :
1997 2416 2203 2472 Petrus
2222 2421 2417 2471 autem
2436 2415 2673 2471 sedebat
2685 2414 2840 2483 foris
2853 2416 2915 2469 in
2938 2414 3114 2480 atrio,
3139 2421 3193 2471 et
3211 2415 3455 2471 accessit

1801 2506 1882 2562 ad
1906 2521 2037 2562 eum
2068 2520 2191 2561 una
2214 2504 2439 2561 ancilla
2467 2507 2535 2570 ⁸³,
2563 2508 2620 2559 et
2650 2508 2882 2560 caetera.

1871 2683 2037 2738 Vers.
2089 2686 2172 2739 t8.
2224 2682 2479 2739 Stabant
2525 2711 2593 2724 —
2644 2681 2999 2752 cale/ueiens
3036 2698 3113 2737 se.
3168 2683 3480 2753 Ostendit,.

1799 2771 1964 2844 quod
1991 2771 2115 2844 ipse
2150 2771 2209 2826 in
2259 2771 2520 2826 interiori
2559 2770 2711 2826 atrio
2754 2786 2892 2826 cum
2930 2775 3292 2843 praeceptore
3330 2788 3457 2828 ver-

1800 2877 1966 2927 sans,
1989 2860 2193 2917 omnia
2213 2860 2460 2919 videbat
2484 2865 2540 2916 et
2564 2860 2844 2917 audiebat
2876 2877 2890 2926 ;
2919 2860 3127 2916 Petrus
3150 2876 3289 2917 vero
3315 2877 3455 2917 cum

1800 2955 1954 3006 esset
1981 2950 2042 3004 in
2072 2950 2365 3015 exteriori,
2395 2949 2540 3005 nihil
2570 2950 2783 3006 horum
2814 2950 3058 3006 sciebat.

1872 3039 2034 3093 Vers.
2087 3043 2168 3092 l9.
2200 3039 2487 3108 Pontifex
2526 3038 2721 3109 itaque
2744 3069 2813 3079 —
2856 3042 3006 3109 ejus.
3037 3040 3119 3094 De
3146 3039 3454 3112 discipulis

1801 3126 2069 3199 quidem,
2101 3126 2345 3182 ubinam
2380 3131 2594 3194 essent,
2625 3130 2681 3181 et
2710 3142 2897 3198 quam
2926 3127 3006 3183 ob
3035 3143 3283 3193 causam
3314 3145 3457 3185 con-

1802 3218 2112 3287 gregasset
2140 3230 2283 3270 eos:
2333 3214 2407 3270 de
2446 3214 2718 3269 doctrina
2758 3230 2921 3281 vero,
2954 3215 3101 3286 quid
3140 3215 3378 3273 doceret
3402 3221 3460 3272 et

1800 3319 2009 3377 quare.
2026 3303 2165 3359 Haec
2177 3308 2378 3359 autem
2408 3302 2808 3371 interrogavit,
2825 3303 3030 3359 volens
3044 3319 3182 3359 eum
3208 3319 3459 3374 arguere

1803 3398 2083 3465 tanquam
2098 3407 2269 3448 nova
2291 3392 2372 3447 rei
2394 3392 2763 3447 inventorem
2792 3407 2864 3447 ac
2881 3392 3253 3457 seditiosum,
3285 3395 3458 3465 quasi

1802 3481 2200 3539 conciliabula
2212 3480 2491 3554 quasdam
2510 3479 2843 3547 facientem,
2876 3496 3156 3554 novaque
3172 3482 3460 3553 dogmata

1801 3571 2172 3627 inferentem.
2206 3570 2384 3642 Atqui
2424 3567 2762 3641 frequenter
2806 3585 2944 3626 eum
2994 3569 3310 3626 docentem
3356 3586 3459 3627 au-

1801 3660 2008 3716 dierat.

1873 3750 2038 3806 Vers.
2072 3749 2160 3805 20.
2193 3779 2261 3789 —
2300 3748 2620 3818 Respondit
2643 3778 2708 3788 —
2734 3748 2971 3805 mundo.
3002 3747 3301 3805 Manifeste
3332 3763 3460 3806 om-

1802 3855 1939 3896 nem
1969 3838 2147 3895 docui
2178 3837 2491 3911 populum,
2526 3853 2647 3893 non
2669 3838 2865 3893 solum
2892 3836 3239 3909 discipulos.

1871 3929 2034 3985 Vers.
2064 3931 2157 3985 20.
2182 3930 2308 3999 Ego
2330 3959 2397 3969 —
2419 3927 2593 3984 nihil.
2620 3926 2791 3994 Nihil,
2813 3926 2991 3999 quale
3020 3932 3081 3983 tu
3106 3928 3456 4000 suspicaris,

1801 4020 2153 4077 seditiosum
2185 4018 2415 4089 etquod
2440 4018 2695 4072 Deonon
2727 4016 2801 4071 sit
2824 4022 3081 4086 gratum.
3112 4017 3263 4082 Quid
3292 4032 3453 4086 ergo,

1802 4125 1880 4166 an
1911 4124 2031 4164 non
2071 4107 2411 4179 frequenter
2446 4105 2676 4161 occulte
2709 4104 3064 4177 loquebatur
3093 4104 3404 4177 discipulis
3429 4107 3457 4143 ⁸)

1800 4198 2031 4269 Utique,
2060 4196 2163 4249 sed
2196 4194 2340 4249 nihil
2372 4193 2484 4248 tale
2515 4193 2693 4266 quale
2722 4194 2983 4265 pontifex
3008 4194 3274 4266 putabat.

1869 4288 2029 4340 Vers.
2081 4284 2445 4351 21.0uid—
2500 4298 2623 4354 ego.
2672 4285 2798 4338 Non
2847 4282 3218 4338 contumacis
3269 4285 3456 4339 verba

1800 4380 1960 4441 sunt,
1991 4372 2094 4427 sed
2126 4372 2200 4427 de
2227 4371 2580 4440 dogmatum
2622 4372 2860 4426 veritate
2900 4370 3273 4427 conﬁdentis.
3306 4372 3457 4437 Quid

1801 4479 1891 4519 me
1928 4466 2249 4533 interrogas
2279 4461 2306 4515 ?
2331 4460 2643 4531 Interroga
2686 4474 2774 4516 eos
2804 4461 2908 4531 qui
2945 4461 3264 4515 audierunt
3290 4480 3301 4519 :
3332 4476 3454 4517 non

1801 4550 2150 4623 discipulos,
2191 4549 2295 4606 sed
2333 4549 2482 4605 alios
2509 4550 2707 4613 etiam,
2748 4548 2852 4620 qui
2896 4563 3017 4603 non
3054 4547 3452 4604 crediderunt.

1874 4644 2032 4697 Vers.
2074 4644 2168 4696 22.
2211 4639 2359 4696 Cum
2386 4642 2583 4695 autem
2626 4638 2743 4694 haec
2772 4637 3018 4695 dixisset
3048 4667 3117 4679 —
3146 4637 3405 4709 pontiﬁci
3428 4637 3457 4693 i’

1803 4733 2044 4786 Horreto
2081 4728 2314 4795 calum,
2358 4731 2627 4799 stupesce
2649 4731 2846 4785 terra:
2882 4729 3010 4782 tum
3033 4725 3113 4782 ob
3145 4741 3454 4782 servorum

1802 4818 2136 4893 perfidiam,
2169 4822 2298 4873 tum
2323 4817 2401 4873 ob
2429 4816 2663 4873 Domini
2682 4815 3078 4872 clementiam.
3110 4815 3154 4872 Ο
3176 4814 3454 4871 audacis-

1803 4909 1975 4976 sime,
2023 4907 2317 4981 quidnam
2339 4906 2646 4978 respondit
2701 4905 3115 4961 contumacius
3151 4903 3180 4959 ?
3230 4920 3307 4961 an
3329 4919 3452 4960 non

1801 4998 1997 5070 potius
2022 4996 2314 5053 honorem
2337 4992 2956 5067 detulitpontiﬁcatui,
2982 4993 3086 5065 qui
3107 4992 3451 5066 pontiﬁcem

1287 5355 1514 5426 Variae
1568 5355 1895 5425 lectiones
1949 5363 2015 5421 et
2056 5362 2254 5422 notae.

181 5556 269 5622 24)
310 5552 545 5609 Inclusa
574 5552 795 5611 absunt
822 5554 888 5607 A.

184 5627 270 5693 25)
315 5628 617 5699 Παρέμεινεν
650 5627 708 5681 Β.

158 5694 270 5771 (26)
312 5694 579 5770 Δνάγνωθι
656 5701 751 5758 τήν
833 5698 1030 5749 τούτων
1105 5694 1374 5768 ἒξήγησιν,
1457 5694 1688 5752 οωῑθιδίε

1796 5551 2049 5615 omissis,
2073 5558 2134 5605 A.

1870 5623 1982 5694 (27)
2003 5621 2235 5679 Inclusa
2260 5620 2485 5678 absunt
2514 5623 2591 5681 A.
