4076 6450
714 326 854 383 1439

2049 321 2401 381 EUTHYMH
2435 320 2762 379 ZIGABENI
3867 338 3936 394 lli)

713 451 974 522 maligne
994 449 1069 507 de
1089 448 1184 507 his
1209 465 1341 524 quae
1362 452 1609 507 noverat
1628 448 2089 521 interrogantem
2120 464 2244 507 non
2264 464 2323 506 ar

2324 465 2362 491 '-
2396 450 2441 504 Δ
2475 449 2739 523 ἱρωτῶντα
2791 454 2911 522 περὶ
2966 450 3034 502 ὧν
3079 446 3238 521 cide;
3279 453 3560 525 Δυνάμενος
3605 450 3683 507 οὖν
3730 464 3861 512 σεῖσαι
3891 485 3934 515 ις.

714 543 903 613 guerit
927 542 954 598 ?
985 543 1131 596 Cum
1152 556 1291 611 ergo
1332 546 1536 612 posset
1560 555 1771 596 omnes
1813 547 2123 596 concutere
2175 545 2233 596 et
2260 542 2365 596 ob-

713 646 907 701 ruere,
966 635 1071 687 aut
1116 630 1233 686 alio
1260 629 1478 685 acerbo
1510 630 1696 688 modo
1751 629 2017 701 perdere,
2078 630 2367 702 patienter

715 721 844 788 fert,
900 720 1203 793 verbaque
1235 718 1625 792 proloquitur,
1677 735 1807 792 quae
1846 735 2089 775 omnem
2135 720 2368 792 possint

715 809 1043 866 dissolvere
1068 809 1375 873 feritatem,
1396 824 1750 881 quanquam
1777 824 1897 866 non
1922 824 2059 865 eam
2079 824 2214 881 quas
2245 808 2368 865 illo-

715 916 849 956 rum
887 903 1038 955 erat.

790 991 950 1045 Vers.
991 992 1082 1046 23.
1122 988 1439 1058 Respondit
1479 1019 1543 1029 —
1584 987 1807 1045 cadis?
1864 989 2066 1045 Profer
2105 988 2366 1045 testimo-

716 1080 906 1143 nium,
948 1079 1060 1135 hoc
1086 1083 1193 1144 est,
1233 1078 1503 1143 ostende,
1554 1078 1703 1150 quid
1746 1079 1819 1134 sit
1848 1078 2002 1135 male
2042 1078 2364 1151 prolatum,

718 1184 903 1237 argue
942 1184 1080 1224 eum
1111 1171 1213 1241 qui
1246 1169 1320 1224 sit
1350 1167 1504 1224 male
1530 1167 1791 1225 locutus.

793 1262 1282 1327 Quaaruntautem
1302 1257 1574 1330 quidam,
1587 1257 1899 1330 quomodo
1916 1272 2034 1313 non
2049 1257 2371 1313 obverterit

720 1349 978 1405 Christus
1003 1352 1058 1404 et
1082 1347 1328 1403 alteram
1370 1347 1678 1405 maxillam
1718 1347 2072 1420 impingenti
2104 1347 2365 1420 alapam,

719 1438 870 1493 sicut
899 1437 1185 1508 apostolis
1230 1436 1569 1493 faciendum
1617 1443 2000 1509 praeceperat,
2041 1437 2143 1492 sed
2174 1438 2369 1509 potius

720 1527 1063 1597 indignatus
1090 1527 1370 1582 est?Nos
1436 1532 1637 1582 autem
1685 1525 1960 1593 dicimus,
2016 1527 2181 1599 quod
2223 1526 2369 1582 illud

718 1620 1082 1689 prteceptum
1114 1616 1188 1669 de
1238 1631 1357 1670 non
1389 1615 1728 1672 ulciscendo
1760 1614 1868 1670 fuit
1900 1617 2207 1671 inductum
2232 1631 2368 1687 pro-

718 1710 850 1779 pter
887 1705 1224 1764 seditiones.
1252 1722 1386 1777 quia
1410 1706 1541 1761 inde
1566 1706 1912 1766 oriebantur
1942 1722 2137 1762 :nunc
2168 1711 2368 1762 tamen

2478 548 2795 610 καταχῶσαι
2815 540 3029 601 πάντας,
3070 544 3099 598 ἤ
3133 544 3223 592 καὶ
3253 546 3439 613 τρόπον
3469 543 3628 615 ἕτερον
3657 555 3815 616 πικρῶς
3833 547 3937 604 ἅπαξ.

2479 647 2588 689 σαι,
2630 630 2957 704 μακροθυμεί
2992 634 3082 682 καὶ
3134 631 3408 701 φθέγγεται
3458 632 3678 706 ῥήματα,
3723 641 3853 688 πᾶσαν
3881 646 3933 707 iis,

2476 715 2719 769 ἐκλύοντα
2758 713 2962 791 θηριωδ
2968 723 3071 787 ίαν,
3100 718 3144 771 εἰ
3170 723 3258 771 καὶ
3288 724 3357 791 μή
3383 723 3477 779 τὴν
3518 718 3726 775 ἐκείνων.

2551 986 2831 1059 ’Δπεκρίθη
2884 1017 2951 1027 -
3002 983 3241 1061 δαίρεις;
3290 1018 3358 1030 -
3404 990 3735 1064 Παρτύρησον
3786 1002 3866 1065 περὶ
3895 1017 3929 1047 rs.

2478 1084 2661 1141 κακοῦ,
2693 1080 2980 1140 τουτέστιν,
3015 1073 3317 1140 Ἀπόδειξον
3356 1081 3413 1130 τὸ
3444 1086 3610 1139 κακῶς
3636 1078 3830 1149 λαληθεν,

2480 1166 2561 1228 ξον
2596 1165 2704 1233 (29)
2737 1175 2909 1227 κακῶς
2937 1165 3062 1224 λαλη
3075 1167 3256 1238 σαντα]
3276 1210 3288 1223 .

2549 1261 2781 1313 Ζητοῡσι
2968 1251 3055 1307 οὖν
3106 1275 3237 1317 τινες
3281 1264 3386 1317 πῶς
3440 1257 3537 1309 οὐκ
3574 1259 3767 1333 έστρεψε
3805 1281 3864 1313 και
3893 1284 3929 1319 τ;;

2479 1344 2635 1403 dum
2676 1351 2899 1416 σιαγόνα
2940 1348 2965 1398 6
3008 1350 3235 1419 Χριστὸς
3277 1354 3346 1416 τῷ
3388 1347 3685 1421 ῥαπίσαντι,
3730 1353 3855 1414 καθὼς
3885 1364 3929 1403 7:;

2480 1432 2786 1497 ἀποστόλοις
2858 1435 3133 1507 ἐνετείλατο
3191 1444 3373 1501 ποιεῖν,
3412 1436 3568 1502 ,ἀλλὰ
3621 1438 3782 1510 μᾶλλον
3831 1443 3931 1510 tym-

2479 1542 2675 1589 κτησε;
2712 1529 2937 1596 Λέγοριεν
3001 1521 3060 1577 δε
3116 1527 3265 1597 ἡμεῖς
3322 1527 3404 1578 ὅτι
3458 1531 3552 1579 καὶ
3601 1528 3629 1586 ἠ
3684 1527 3819 1587 ἐντολή
3851 1530 3929 1582 an

2479 1617 2535 1665 τὸ
2587 1619 2655 1685 μὴ
2693 1612 2980 1685 ἀμύνεσθαι
3020 1614 3346 1685 εἰσηγήσατο
3387 1612 3420 1667 δ
3431 1618 3487 1667 ιά
3537 1619 3623 1677 τὰς
3670 1616 3839 1670 ἔντευξιν
3876 1640 3932 1670 ςτε-

2486 1719 2627 1764 σεις’
2662 1710 2752 1756 καὶ
2790 1711 2876 1754 νῦν
2921 1700 2981 1756 δε
3024 1706 3050 1755 6
3098 1707 3324 1777 Χριστὸς
3367 1705 3465 1757 οὐκ
3518 1706 3734 1777 ἠμύνατο
3768 1714 3933 1780 viapas-

722 1811 913 1868 neque
942 1796 1203 1851 Christus
1231 1812 1367 1851 eum
1397 1795 1552 1851 ultus
1583 1801 1686 1860 est,
1715 1797 1819 1869 qui
1841 1796 2081 1868 alapam
2113 1796 2332 1868 impegi

2320 1811 2371 1850 e-
2403 1822 2448 1878 B
2486 1811 2647 1845 σαντα
2677 1810 2689 1821 ο
2758 1792 2946 1864 μᾶλλον
3027 1796 3113 1861 μιν
3182 1789 3291 1858 οὖν,
3347 1799 3419 1854 μὴ
3481 1798 3806 1867 παρωσάμενος
3837 1798 3930 1847 irim

719 1890 832 1947 rat,
869 1886 1010 1951 quin
1042 1885 1254 1956 potius,
1282 1901 1421 1941 cum
1468 1885 1635 1941 illum
1675 1901 1796 1942 non
1841 1885 2145 1958 repulerit,
2177 1901 2372 1957 neque

720 1974 850 2045 ipse
889 1973 1174 2035 resilierit,
1206 1973 1284 2029 ad
1306 1974 1455 2030 alias
1473 1990 1709 2047 quoque
1730 1974 1940 2046 plagas
1963 1981 2205 2047 paratus
2232 1980 2369 2044 erat,

722 2061 829 2118 sed
861 2067 1056 2134 partes
1084 2078 1224 2117 suas
1247 2062 1532 2125 defendit,
1559 2080 1628 2119 ne
1650 2064 1960 2135 quomodo
1987 2064 2033 2119 si
2073 2064 2371 2127 tacuisset,

720 2158 1043 2208 contumax
1092 2150 1406 2217 videretur,
1434 2152 1509 2208 de
1565 2168 1690 2224 quo
1731 2154 1912 2208 etiam
1952 2152 2370 2209 accusabatur.

795 2244 954 2297 Vers.
1015 2241 1104 2296 24.
1178 2242 1337 2296 Misit
1386 2273 1455 2282 —
1511 2243 1669 2297 Vers.
1726 2241 1813 2297 27.
1864 2242 2087 2298 Petrus.
2125 2244 2375 2311 Sexage-

721 2331 875 2387 simo
912 2331 1123 2401 quinto
1150 2330 1451 2397 Evangelii
1492 2332 1663 2401 juxta
1704 2331 2043 2387 Matthteum
2073 2330 2267 2402 capite
2297 2330 2373 2385 de

720 2419 813 2476 his
881 2419 1189 2485 diligenter
1239 2419 1602 2490 disputatum
1649 2426 1755 2483 est,
1812 2419 1913 2475 ubi
1948 2419 2237 2476 habetur:
2294 2421 2372 2475 Et

719 2512 1010 2580 ingressus
1034 2512 1193 2565 intro
1220 2509 1447 2566 sedebat
1473 2526 1603 2566 cum
1626 2510 1940 2574 ministris,
1966 2516 2028 2566 ut
2059 2510 2284 2568 videret
2299 2511 2372 2580 ﬁ-

720 2615 851 2655 nem
878 2601 947 2651 “.

795 2689 956 2744 Vers.
998 2689 1086 2744 27.
1118 2689 1445 2761 Statimque
1478 2689 1676 2759 gallus
1702 2690 1925 2745 cecinit.
1965 2691 2168 2755 Quaere
2198 2704 2370 2745 sexa-

720 2779 949 2847 gesimo
976 2784 1140 2833 sexto
1164 2778 1300 2833 dicti
1334 2779 1712 2843 evangelista
1743 2779 1937 2849 capite
1966 2778 2067 2834 ubi
2101 2777 2370 2835 similiter

718 2867 935 2922 dicitur
974 2890 986 2921 :
1042 2868 1362 2939 Statimque
1398 2868 1585 2938 gallus
1625 2870 1836 2925 cecinit
1885 2871 1932 2905 ⁸⁸
1962 2884 1975 2933 ;
2004 2883 2143 2924 nam
2187 2867 2267 2923 ibi
2294 2867 2368 2923 de

718 2956 833 3011 hoc
861 2954 1167 3011 manifeste
1189 2956 1409 3012 dictum
1441 2962 1548 3013 est.

792 3046 947 3101 νει-ε.
982 3050 1068 3100 28.
1096 3047 1325 3101 Ducunt
1350 3078 1417 3087 —
1440 3046 1680 3103 Pascha.
1709 3050 1927 3103 Horum
1952 3062 2185 3118 quoque
2214 3045 2370 3102 facta

2482 1878 2613 1954 μηδ’
2645 1879 3019 1949 ἀποπηδήσας,
3060 1884 3258 1954 ἕτοιμος
3314 1879 3375 1941 ἦν
3415 1889 3509 1937 καὶ
3563 1887 3690 1958 πρὸς
3717 1885 3825 1955 ἐτέρας
3853 1885 3933 1941 πλε·

2479 1973 2597 2040 γάς.
2626 1967 3127 2042 Ἐδικαιολογήσατο
3153 1968 3210 2025 δε
3242 1974 3324 2024 ἰνα
3347 1977 3423 2045 μὴ
3460 1992 3723 2034 σιωπησας
3746 1970 3829 2044 δοξς
3849 1975 3935 2023 πιθά-

2482 2054 2597 2124 δης,
2630 2058 2656 2111 ὃ
2686 2064 2775 2112 καὶ
2806 2059 3046 2134 ᾐτιάθη]

2553 2236 2877 2291 Ἀπέστειλεν
2927 2267 2992 2279 -
3045 2242 3253 2311 Ιιέτρος.
3305 2238 3389 2293 Ἐν
3437 2247 3512 2310 τῷ
3558 2241 3787 2311 ἱξηκοστῳ
3822 2246 3929 2307 τίκ-ιι

2478 2325 2736 2398 κεφαλαίῳ
2779 2334 2871 2380 τοῦ
2919 2330 3053 2380 κατὰ
3100 2329 3366 2381 Ματθαῐον
3417 2329 3775 2403 ἠκριϐολογήθη
3802 2331 3873 2399 (30)
3897 2348 3934 2378 ιι

2478 2422 2595 2489 περὶ
2618 2420 2831 2485 τούτων,
2865 2418 2984 2470 ἔνθα
3008 2425 3176 2471 κεῖται
3196 2422 3252 2470 τό
3276 2434 3288 2448 ⁸
3319 2424 3420 2472 Καὶ
3442 2419 3680 2472 εἰσελθὼν
3702 2417 3933 2491 ἱσω[ἐκ15ξ’ῐ

2477 2509 2607 2578 μετα
2631 2515 2729 2558 τῶν
2757 2507 3022 2581 ὑπηρετῶν
3056 2504 3185 2561 ἰδεῖν
3211 2511 3268 2560 τὸ
3298 2507 3496 2583 τελος.]

2552 2690 2650 2739 Καὶ
2690 2686 2869 2748 εὐθέως
2899 2685 3121 2761 ἀλέκτωρ
3153 2685 3401 2759 ἐφώνησε.
3435 2687 3696 2762 [Ζήτησον
3722 2686 3762 2740 ἓν
3783 2685 3931 2755 τῷέξτιε

2480 2785 2586 2828 στῶ
2609 2778 2737 2847 ἕκτῳ
2775 2777 3031 2849 κεφαλαίῳ
3052 2785 3141 2829 τοῦ
3169 2778 3411 2851 ῥηθέντος
3440 2778 3788 2850 εὐαγγελιστοῦ
3813 2782 3876 2827 τόι
3897 2779 3929 2824 l:

2479 2865 2659 2926 εὐθέως
2687 2864 2911 2939 ἀλέκτωρ
2943 2865 3218 2938 ἐφώνησεν.
3251 2867 3395 2922 Ἐκεῖ
3431 2871 3539 2942 γὰρ
3585 2866 3757 2943 ἐρρηθη
3783 2870 3866 2936 περὶ
3889 2882 3923 2912 τί

2476 2974 2567 3007 του
2603 2955 2822 3029 σαφῶς.]

2550 3043 2804 3116 ’Δγουσιν
2827 3075 2892 3089 -
2912 3047 3129 3117 Πάσχα.
3155 3045 3643 3118 Ἐμνημονεύθησαν
3662 3046 3762 3117 (3|)
3784 3048 3929 3095 καὶτιδ.

719 3139 810 3190 est
842 3135 1063 3190 mentio
1094 3135 1152 3190 in
1183 3136 1299 3190 ﬁne
1344 3137 1733 3207 praseedentis
1780 3137 1861 3192 ibi
1892 3136 2121 3207 capitis.
2156 3135 2254 3190 ubi
2284 3136 2329 3190 d

2314 3136 2369 3191 li-
2411 3173 2451 3230 C
2480 3132 2529 3186 έν
2557 3143 2629 3205 τῷ
2657 3134 2783 3187 τελει
2818 3142 2907 3188 τοῦ
2934 3131 3254 3196 δηλωθεντος
3278 3135 3582 3207 κεφαλαίου,
3609 3138 3729 3188 ὅπου
3748 3139 3810 3186 τὸ·
3837 3139 3924 3201 Πρω

719 3224 870 3281 citur
898 3243 910 3281 :
938 3225 1116 3282 Mane
1152 3233 1345 3283 autem
1371 3228 1528 3296 [acto
1546 3227 1855 3282 consilium
1882 3227 2145 3282 inierunt
2173 3241 2370 3281 omnes

716 3314 1020 3383 principes
1050 3315 1418 3371 sacerdotum
1460 3331 1531 3370 ac
1585 3316 1834 3372 seniores
1859 3314 2069 3384 populi
2097 3314 2369 3371 adversus

720 3404 939 3470 Jesum,
972 3410 1035 3459 ut
1072 3419 1199 3459 eum
1237 3405 1415 3459 morti
1438 3405 1739 3459 traderent
1768 3406 1838 3456 ⁶⁶.

796 3493 955 3547 Vers.
979 3497 1067 3548 29.
1084 3493 1282 3549 Exivit
1297 3523 1363 3533 —
1383 3495 1538 3547 Vers.
1564 3495 1623 3547 3t
1640 3535 1651 3546 .
1666 3508 1817 3548 eum.
1847 3495 1978 3548 Haec
1993 3508 2234 3566 quoque
2248 3509 2371 3550 om-

721 3580 816 3635 nia
855 3581 937 3636 ibi
965 3581 1271 3637 declarata
1292 3586 1431 3637 sunt
1454 3580 1723 3653 sequenti
1741 3582 1953 3652 capite,
1986 3582 2081 3638 ubi
2108 3583 2370 3655 positum

722 3676 809 3724 est
828 3687 841 3724 :
857 3671 1055 3726 Jesnm
1074 3678 1269 3727 autem
1283 3672 1441 3725 stetit
1454 3686 1648 3726 coram
1661 3671 1913 3740 praeside
1925 3673 1972 3707 ⁹⁷
1987 3690 2003 3743 ;
2018 3671 2148 3737 lege
2161 3687 2303 3740 ergo
2315 3676 2371 3728 et

722 3757 841 3813 illa.
867 3758 981 3813 Sed
1007 3758 1490 3831 quomodo,cum
1512 3758 1863 3815 dicanteum
1878 3776 2006 3816 esse
2031 3761 2369 3817 malefacto-

720 3862 865 3909 rem,
896 3848 1089 3901 tacet?
1113 3848 1261 3911 Quia
1277 3846 1347 3902 de
1370 3846 1481 3902 hoc
1503 3847 2115 3917 noninterrogabatur
2135 3866 2148 3915 ;
2169 3849 2370 3922 itaque

720 3933 1004 4005 patienter
1034 3935 1302 3991 sustinet.

794 4022 954 4078 Vers.
980 4027 1039 4079 3t
1059 4068 1071 4081 .
1100 4024 1399 4081 Dixerunt
1414 4040 1867 4098 —quemquam.
1884 4028 2065 4083 Cruce
2080 4027 2371 4084 videlicet.

723 4112 847 4167 Hoc
886 4118 1087 4168 autem
1138 4112 1437 4177 dixerunt,
1480 4126 1599 4170 non
1634 4120 1862 4171 tantum
1903 4116 2075 4188 quasi
2121 4115 2374 4187 subjecti

720 4201 991 4257 dominio
1015 4204 1432 4266 Romanorum.
1453 4209 1509 4258 et
1537 4204 1780 4276 prOpria
1801 4204 2013 4276 privati
2038 4211 2328 4276 potestate
2357 4222 2371 4261 :

719 4296 1008 4363 quantum
1064 4292 1327 4347 volentes
1359 4292 1650 4348 Christum
1704 4309 1878 4349 cruce
1916 4295 2132 4361 occidi,
2174 4296 2375 4350 miser-

721 4380 868 4436 rima
898 4380 1119 4435 scilicet
1143 4397 1210 4435 ac
1238 4380 1809 4447 ignominiosis-sima
1844 4388 2054 4451 morte,
2085 4384 2250 4457 quod
2281 4384 2375 4441 lex

719 4468 804 4524 eis
830 4483 951 4524 non
982 4468 1374 4539 permittebat.
1406 4472 1554 4526 Nam
1583 4471 1747 4543 quod
1781 4470 1900 4528 alio
1920 4473 2104 4530 modo
2129 4474 2378 4546 perime-

719 4562 869 4624 rent,
897 4558 1156 4615 ostendit
1182 4558 1518 4631 Stephanus
1547 4558 1875 4631 lapidatus.

792 4737 950 4791 Vers.
985 4742 1071 4793 32.
1110 4740 1179 4793 Ut
1210 4746 1430 4795 —esset
1455 4740 1800 4796 moriturus.
1844 4742 1964 4798 Hoc
1983 4741 2280 4810 dixerunt,
2316 4749 2380 4800 ut

720 4825 949 4881 sermoJ
959 4842 1061 4881 esu
1076 4826 1490 4900 compleretur.
1521 4829 1926 4901 Complendus
1952 4830 2111 4888 enim
2125 4837 2272 4897 erat,
2290 4834 2381 4889 in-

719 4914 866 4986 quit,
884 4931 1079 4972 sermo
1091 4916 1427 4989 ejus,quem
1443 4917 1679 4975 locutus
1691 4919 2098 4977 fueratdicens
2116 4921 2388 4979 :Siexal-

720 5007 803 5060 tat
811 5020 877 5060 us
887 5006 1057 5074 fuero
1069 5020 1106 5062 a
1118 5010 1500 5072 terra,omnes
1512 5009 1744 5065 traham
1759 5010 1841 5066 ad
1852 5010 2134 5080 meipsum
2152 5012 2388 5075 “;sicut

791 5148 837 5181 οι
869 5146 1068 5207 Matth.
1094 5163 1256 5220 xxvr,
1297 5150 1384 5206 58.
1498 5153 1544 5187 σε
1586 5151 1732 5208 ibid.
1758 5157 1845 5209 τι.

1960 5156 2007 5189 θθ
2041 5153 2244 5210 Matth.
2277 5171 2452 5222 xxvn,
2490 5159 2539 5211 t.

2483 3219 2542 3276 δε
2565 3228 2855 3295 γενομένης,
2886 3222 3197 3296 συμϐούλιον
3218 3222 3394 3276 ἔλαϐον
3421 3228 3604 3285 πάντες
3624 3226 3671 3276 οἱ
3698 3222 3929 3296 ἀρχιερεξςιι

2479 3316 2528 3365 οἱ
2557 3312 2897 3387 πρεσϐύτεροι
2937 3322 3026 3366 τοῦ
3056 3313 3181 3366 λαοῦ
3214 3316 3348 3365 κατὰ
3392 3322 3486 3365 τοῦ
3519 3315 3712 3377 Ἰησοῦ,
3750 3315 3848 3363 ὥστε
3872 3312 3927 3358 5m

2480 3403 2646 3454 τῶσαι
2672 3402 2847 3457 αὑτὸν.

2550 3491 2788 3555 Ἐξῆλθεν
2841 3522 2903 3532 -
2947 3492 3121 3547 αὐτόν.
3211 3497 3308 3545 Καὶ
3370 3502 3540 3544 ταῦτα
3612 3494 3765 3544 πάντα
3819 3484 3923 3553 Jay

2478 3583 2735 3639 νεύθησαν
2766 3580 2887 3646 έκεὶ,
2924 3580 2971 3633 έν
3005 3590 3074 3651 τῷ
3112 3579 3282 3653 ἑφεξῆς
3326 3581 3607 3653 κεφαλαίῳ,
3650 3583 3759 3633 ἔνθα
3787 3574 3923 3630 τό.’οε

2482 3671 2688 3731 Ἰησοῦς
2718 3673 2840 3728 ἰστη
2875 3672 3162 3744 ἔμπροσθεν
3192 3678 3283 3722 του
3314 3671 3580 3742 ἡγεμόνος.
3619 3664 3923 3740 [Ἄνάγνωθιίῖὶ

2479 3756 2567 3811 οὖν
2606 3757 2837 3815 κάκεῖνα.
2880 3758 3036 3811 Ἀλλὰ
3067 3768 3192 3823 πῦς,
3226 3759 3467 3812 εἰπόντων
3499 3762 3582 3812 ὁτι
3620 3774 3853 3813 κακοποιος
3879 3752 3929 3800 ἐτ’-

2484 3856 2651 3919 σιγᾲ;
2696 3854 2835 3901 Διότι
2887 3848 2979 3901 οὐκ
3028 3849 3273 3922 ἠρωτήθη
3345 3854 3465 3922 περὶ
3518 3852 3716 3902 τούτου,
3755 3840 3931 3904 Ἀνιξιιπέ

2482 3934 2614 4008 οὖν]

2557 4024 2709 4080 Εἶπον
2766 4058 2833 4067 —
2880 4023 3086 4082 οὐδένα.
3155 4034 3367 4102 Σταυρῷ
3431 4030 3543 4100 (33)
3609 4024 3833 4085 δηλονότι.
3866 4024 3933 4102 Tia

2483 4119 2584 4189 γάρ
2640 4113 2779 4169 εἶπον
2848 4116 2908 4169 οὐ
2978 4124 3223 4169 τοσοῦτον
3289 4120 3359 4179 ὡς
3418 4122 3642 4190 κείμενοι
3689 4116 3776 4167 ὑπό
3819 4114 3877 4165 τέ,
3907 4120 3931 4150 σε

2488 4211 2732 4259 σποτείαν
2784 4214 2883 4257 τῶν
2933 4206 3195 4278 Ῥωμαίων
3243 4211 3332 4258 καὶ
3380 4204 3697 4281 ἀφῃρημένοι
3740 4206 3814 4258 τήν
3848 4196 3931 4246 W5"

2484 4294 2744 4360 ἐξουσίαν,
2785 4298 2907 4347 ὅσον
2954 4297 3019 4356 ὡς
3068 4292 3374 4366 βουλόμενοι
3403 4297 3521 4367 (34)
3564 4299 3760 4367 σταυρῷ
3791 4292 3852 4340 τὸν
3881 4288 3931 4332 li"

2487 4388 2608 4437 στὸν
2667 4383 3017 4457 ἀναιρεθῆναι,
3062 4393 3134 4456 τῷ
3180 4384 3537 4457 χαλεπωτάτῳ
3602 4388 3687 4435 καὶ
3735 4369 3931 4433 ἱττονεινῖιτἴ

2488 4476 2709 4545 θανάτῳ,
2774 4476 2894 4548 ὅπερ
2954 4475 2980 4526 6
3034 4479 3189 4547 νόμος
3237 4473 3330 4527 οὐκ
3390 4472 3657 4549 επέτρεπεν
3708 4469 3861 4525 αὖτοίςι
3902 4464 3929 4503 0"

2484 4567 2584 4637 γὰρ
2648 4563 2828 4638 ἑτέρως
2886 4562 3109 4636 ἀνῄρουν
3164 4560 3425 4616 δείκνυσιν
3501 4548 3527 4616 6
3583 4566 3804 4634 στέφανος
3839 4548 3929 4604 λάθ’

2485 4672 2655 4726 μενος.
3909 4722 3917 4735 .

2557 4741 2668 4796 Ἰνα
2722 4773 2782 4782 -
2863 4740 3060 4814 ἔμελλεν
3137 4740 3504 4799 ἀποθνήσκειν.
3561 4747 3721 4794 Τοῦτο
3781 4732 3876 4787 εἶπον
3909 4732 3930 4769 θ

2489 4833 2514 4884 6
2566 4831 2720 4902 λόγος
2764 4838 2855 4884 τοῦ
2910 4831 3087 4889 Ἰησοῦ
3139 4830 3411 4905 πληρωθῇ.
3469 4829 3681 4904 Ἔμελλε
3725 4828 3825 4898 γὰρ,
3858 4829 3930 4907 9ῐέ

2496 4925 2522 4975 6
2586 4921 2738 4993 λογος
2815 4921 2976 4973 αὐτοῦ
3031 4919 3387 4993 πληρωθῆναι,
3454 4918 3507 4972 ὃν
3575 4917 3696 4985 εἶπε,
3742 4912 3928 4982 Mm"

2494 5014 2611 5065 Ἐὰν
2689 5011 2884 5083 ὑψωθῶ
2957 5008 3013 5062 έκ
3066 5018 3153 5071 τῆς
3229 5017 3350 5081 γῆς,
3418 5010 3611 5069 πάντας
3701 5004 3854 5059 ἑλκύσω
3888 5004 3927 5059 εἷ’

2654 5158 2700 5191 ⁸⁷
2736 5154 2873 5211 ibid.
2909 5155 2999 5212 ll.
3115 5155 3163 5190 ⁸⁸
3202 5154 3373 5210 Joan.
3407 5168 3505 5224 xu,
3534 5151 3628 5208 32.

1916 5332 2141 5403 Variae
2185 5332 2519 5405 lectiones
2566 5345 2628 5402 et
2684 5342 2887 5403 notae.

791 5531 903 5601 (28)
936 5528 1116 5601 Πᾶσαν
1164 5524 1428 5601 κωλύοντα
1450 5529 1518 5585 Α.
1552 5528 1558 5543 ⁵

792 5597 903 5673 ('29)
942 5598 1177 5673 Inclusa
1207 5597 1423 5653 absunt
1452 5602 1517 5673 Α.

788 5668 903 5743 (30)
930 5675 989 5725 ’Il
1002 5668 1374 5743 κριϐολόγηται
1404 5671 1487 5743 Α)

787 5739 899 5819 (3|)
934 5739 1401 5817 Εμνημονεύθησαν
1428 5739 1476 5793 έν
1509 5749 1573 5812 τῷ
1600 5741 1729 5794 τελει
1766 5750 1858 5795 τοῦ
1900 5740 2152 5801 δηλωθέν-

2485 5552 2570 5594 τος
2591 5531 2891 5604 κεφαλαίου,
2925 5529 3160 5604 οωιθιτὶε
3183 5527 3452 5598 omissis,
3495 5529 3569 5585 Α.

2578 5603 2665 5676 32)
2710 5604 2941 5659 Inclusa
2975 5603 3191 5660 omittit
3221 5604 3301 5659 A.

2580 5676 2670 5749 337)
2708 5683 3017 5749 Στανρῶσαι
3093 5716 3106 5728 .

2557 5747 2668 5817 (34)
2710 5745 3019 5822 Σταυρώσαι
3043 5745 3109 5800 Α.
