4076 6462
71 344 216 401 1461
1114 329 1478 390 COMMENT.
1519 330 1591 386 IN
1627 327 1681 386 JC

1859 325 1971 383 ΕΜ.
2009 358 2077 367 -—
2107 324 2261 383 CAP.
2304 326 2455 381 XIX.
3320 324 3461 382 1462

72 470 342 545 ἐμαυτὸν,
381 470 452 531 ὡς
479 472 568 521 καὶ
615 465 720 519 ἐκεῖ
756 465 783 518 6
826 459 1191 534 εὐαγγελιστὴς
1227 462 1682 532 παρεσημειώσατι

1849 456 1991 514 liam
2007 455 2091 514 ibi
2118 457 2475 531 signiﬁcavit
2494 456 2877 528 evangelista,
2893 454 3142 523 addens,
3160 455 3329 529 quod
3352 456 3459 513 hoc

72 567 205 636 περὶ
235 562 452 624 τούτου,
485 556 755 630 [προσθεὶς
802 552 913 625 (35)
944 553 1025 604 ὅτι
1055 557 1208 602 τοῦτο
1257 548 1392 620 ἔλεγε
1433 550 1682 619 σημαίνωπ

1852 549 2056 615 icsbat,
2074 549 2410 621 signiﬁcans
2421 564 2537 621 qua
2553 556 2741 605 morte
2755 554 2900 605 esset
2915 548 3245 605 moriturus
3258 548 3329 615 ⁸³,
3346 546 3460 603 hoc

74 669 221 721 ποιῳ
268 651 473 721 θανάτῳ
511 645 709 719 ἔμελλεν
756 642 1122 703 ἀποθνήσκειν,
1170 642 1432 691 τουτέστιν
1472 636 1684 689 αἰνιττό-

1349 656 1432 689 ’τιν
1472 636 1698 689 αἰνιττό·
1807 642 1913 704 est,
1937 640 2303 712 aenigmatice
2325 642 2579 697 mortem
2608 638 2959 709 designans.

78 759 241 812 μενος
267 742 361 791 τὸν
390 734 662 810 σταυρόν.]

158 828 422 888 Εἰσῆλθεν
483 857 547 867 -
598 824 731 897 ἐμοί.
785 822 887 894 [Ἐν
939 818 1111 890 ἐκείνῳ
1164 818 1279 889 (36)
1318 824 1391 887 τῷ
1442 814 1697 888 κεφαλαίῳ

1879 823 2041 880 Vers.
2081 825 2167 879 33.
2210 822 2516 893 Ingressus
2546 851 2613 862 —
2649 821 2812 877 Vers.
2847 820 2935 877 35.
2969 818 3140 877 mihi.
3171 818 3338 876 Dicto
3367 834 3460 876 ca-

77 919 317 981 καθεξῆς
349 919 589 991 εὑρήσεις
618 917 708 966 καὶ
733 916 851 985 περὶ
878 912 1095 978 τούτων,
1126 910 1175 959 ἐν
1219 914 1280 979 τῇ
1310 905 1557 976 ἐξηγήσει
1585 912 1687 956 τοῦε

1844 910 1927 968 ιίιθ
1965 912 2143 968 etiam
2182 911 2257 967 de
2292 911 2385 966 his
2424 926 2531 982 per
2568 909 2842 966 ordinem
2872 908 3160 976 invenies,
3195 909 3256 965 in
3295 908 3454 965 illius

82 1014 192 1062 Καὶ
221 1007 562 1079 ἐπηρώτησεν
607 1003 762 1055 αὐτὸν
804 1002 830 1053 6
856 1002 1058 1072 ἡγεμὼν
1095 997 1274 1069 λέγων’
1309 999 1375 1048 Σὺ
1403 992 1450 1048 εἶ
1473 996 1499 1046 6
1532 992 1692 1067 βασι-

1850 1000 1946 1056 icti
1984 1000 2355 1057 enarratione
2398 1019 2410 1052 :
2442 1001 2525 1055 Et
2553 999 2938 1068 interrogavit
2968 1013 3099 1055 eum
3123 1013 3340 1069 praeses
3375 998 3460 1054 di-

76 1097 199 1158 λεὺς
230 1105 335 1150 τῶν
363 1090 632 1149 Ἰουδαίων
646 1093 688 1165 ς]

1808 1106 1955 1154 cens,
1983 1092 2068 1145 Tu
2093 1105 2151 1146 es
2180 1105 2286 1146 rem
2310 1088 2649 1145 Judzorum
2688 1089 2736 1124 ⁷ο
2765 1088 2792 1142 ?

156 1191 226 1238 Ti
252 1217 325 1226 —
502 1183 642 1236 Ἐκεῖ
674 1185 764 1234 καὶ
801 1185 969 1233 ταῦτα
1010 1179 1367 1247 τετυχήκασιν
1406 1171 1701 1245 ἐξηγήσεως

1878 1179 2049 1235 Vers.
2080 1179 2169 1234 35.
2204 1178 2359 1246 Quid
2396 1209 2465 1218 —-
2493 1178 2656 1233 Vers.
2698 1177 2789 1232 37.
2822 1192 2940 1249 ego.
2984 1176 3073 1234 Ibi
3112 1177 3292 1235 etiam
3329 1176 3459 1235 haec

78 1274 408 1334 ἀκολούθως.

1808 1272 2242 1340 consequenter
2271 1267 2474 1323 sortita
2505 1270 2643 1322 sunt
2678 1267 3137 1325 enarrationem.

159 1365 303 1436 Ἐγὼ
344 1392 410 1402 -
462 1360 697 1432 ἀληθείᾳ.
726 1358 1115 1433 Ἐρωτὴσαντος
1153 1352 1202 1405 ἓν
1259 1350 1402 1427 ἀρχῇ
1452 1360 1544 1404 του
1603 1358 1701 1403 Πι-

1879 1357 2044 1411 Vers.
2078 1360 2166 1413 37.
2194 1356 2321 1425 Ego
2350 1386 2419 1395 —
2440 1355 2695 1411 veritati.
2729 1355 2872 1411 Cum
2899 1370 2935 1411 a
2965 1354 3257 1427 principio
3282 1354 3457 1411 inter-

79 1454 275 1519 λάτον,
334 1455 402 1504 Σὺ
460 1449 506 1503 εἶ
556 1451 581 1501 6
641 1447 886 1521 βασιλεὺς
949 1452 1049 1498 τῶν
1102 1438 1395 1507 Ἰουδαίων,
1449 1446 1537 1493 καὶ
1575 1440 1689 1493 ἀπο-

1850 1450 2072 1516 )εεεεθι
2091 1444 2336 1509 Pilatus,
2372 1446 2454 1500 Tu
2479 1460 2536 1501 es
2566 1459 2677 1501 rea:
2694 1445 3045 1501 Judaeorum
3069 1446 3097 1499 ἵ
3126 1460 3196 1500 ac
3219 1460 3460 1516 respon-

83 1544 367 1615 κριθέντος
423 1548 514 1592 τού
567 1542 760 1613 Κυρίου
821 1538 898 1589 ὅτι
946 1534 1004 1587 Ἠ
1055 1531 1301 1606 βασιλεία
1359 1533 1388 1589 ἡ
1455 1529 1550 1596 ἒμή
1606 1530 1693 1583 οὐκ

1851 1535 1988 1589 isset
2004 1534 2573 1605 Dominuszﬂegnum
2586 1549 2779 1590 meum
2791 1549 2910 1590 non
2924 1541 3000 1589 est
3011 1549 3087 1591 ea:
3098 1532 3457 1599 hocmundo,

83 1634 236 1684 ἔστιν
311 1628 367 1682 ἐκ
446 1637 538 1681 τοῦ
587 1632 787 1698 κόσμου
844 1627 1053 1689 τούτου,
1115 1626 1206 1673 καὶ
1267 1619 1490 1693 βασιλέα
1540 1618 1693 1672 ἐντεῦ-

1850 1628 1863 1680 t
1892 1624 2154 1695 seipsum
2184 1639 2386 1692 regem
2413 1623 2792 1690 ostendisset,
2825 1639 3175 1695 quanquam
3204 1639 3325 1678 non
3353 1628 3460 1679 ter-

87 1723 177 1773 θεν
228 1722 587 1791 ὑποφήναντος
640 1716 839 1782 ἑαυτὸν,
887 1713 931 1767 εἰ
972 1718 1065 1764 καὶ
1119 1716 1189 1782 μὴ
1245 1708 1468 1779 ἐπίγειον
1500 1726 1511 1737 ⁸
1545 1708 1697 1761 πάλιν

1851 1729 2043 1779 suum,
2079 1729 2321 1769 rursum
2351 1712 2739 1783 interrogavit
2766 1712 2987 1769 Pilatus
3019 1730 3035 1767 :
3065 1713 3222 1767 Num
3252 1713 3461 1784 Itaque

83 1809 434 1883 ἐπηρώτησεν
505 1808 530 1858 6
594 1805 832 1869 Πιλάτος,
907 1802 1108 1855 Οὐκοῦν
1187 1798 1437 1872 βασιλεὺς
1489 1795 1537 1850 εἶ
1589 1801 1693 1864 σύ;

1848 1819 1919 1860 ea:
1949 1819 2006 1861 es
2036 1810 2099 1859 tu
2135 1804 2164 1860 ‘I
2202 1818 2273 1860 ac
2311 1802 2591 1875 deinceps
2621 1818 2683 1858 se
2728 1803 2944 1859 iterum
2974 1818 3106 1858 esse
3136 1802 3458 1874 respondit.

81 1904 179 1951 καὶ
232 1898 414 1951 λοιπὸν
467 1895 859 1968 προσαπεκρίθη
923 1893 1003 1944 ὅτι
1076 1892 1234 1943 ἐστίν.
1291 1885 1418 1941 Εἶτα
1475 1885 1691 1960 βεϐαιῶν

1851 1892 2052 1959 einde,
2085 1891 2454 1948 conﬁrmans
2483 1908 2543 1947 se
2573 1906 2714 1948 vera
2742 1891 2923 1964 loqui,
2956 1890 3039 1948 ait
3078 1909 3091 1947 :
3143 1892 3461 1963 Propterea

84 1991 167 2040 ὅτι
212 1987 474 2051 ἀληθεύει,
521 1989 674 2057 φησί.
710 1985 804 2035 Διὰ
831 1988 982 2033 τοῦτο
1027 1982 1354 2051 γεγέννημαι,
1401 1973 1435 2028 δ
1443 1979 1496 2029 ιὰ
1547 1983 1694 2027 τοῦτο

1851 1987 1980 2038 atus
2026 1998 2183 2049 sum,
2215 1985 2530 2054 propterea
2558 1987 2903 2037 incarnatus
2934 1997 3087 2047 sum,
3129 1985 3186 2037 et
3212 1979 3351 2036 veni
3398 1979 3459 2036 in

86 2076 474 2151 ἐνηνθρώπησα
501 2078 591 2125 καὶ
623 2070 776 2130 ἦλθον
809 2070 879 2131 εἰς
904 2072 991 2121 τὸν
1022 2072 1215 2139 κόσμον
1245 2072 1426 2119 τοῦτον
1455 2065 1558 2136 [ἶνα
1584 2064 1696 2136 (3η

1851 2087 1966 2127 unc
1989 2071 2309 2135 mundum,
2332 2075 2397 2126 ut
2416 2070 2668 2125 doceam
2689 2071 3029 2128 veritatem.
3061 2070 3216 2127 Sicut
3232 2084 3373 2140 ergo
3394 2068 3457 2125 in

89 2163 304 2228 διδάξω
330 2168 424 2223 τὴν
457 2161 717 2220 ἀλήθειαν.
750 2159 949 2232 Ὠσπερ
982 2154 1069 2210 οὖν
1096 2155 1329 2214 ἀληθεύω
1356 2154 1533 2225 τᾶλλα,
1562 2155 1697 2207 ούτω

1496 2174 1533 2225 κ,
1562 2155 1697 2207 οὕτω
1806 2160 2032 2217 czeteris
2062 2175 2205 2217 vera
2236 2159 2468 2232 loquor,
2497 2159 2587 2216 ita
2622 2175 2761 2216 sane
2791 2165 2848 2217 et
2877 2160 2940 2216 in
2968 2159 3106 2218 hoc.

91 2255 161 2315 δὴ
197 2260 289 2308 καὶ
321 2261 489 2306 τοῦτο.

162 2343 235 2397 Ἥ
294 2343 384 2403 Εἰς
430 2348 583 2393 τοῦτο
638 2341 972 2411 γεγέννημαι,
1025 2333 1139 2387 ἀντὶ
1188 2340 1280 2385 τοῦ
1330 2331 1579 2391 Βασιλεὺς
1629 2337 1696 2384 ὥν

1877 2339 1980 2395 Vel
2008 2339 2104 2395 Ad
2134 2338 2243 2395 hoc
2269 2344 2443 2396 natus
2470 2354 2618 2402 sum,
2638 2338 2755 2395 hoc
2784 2342 2890 2404 est,
2918 2339 3067 2394 Cum
3092 2354 3192 2394 rex
3218 2338 3355 2405 sim,
3382 2337 3461 2395 ad

91 2433 161 2493 εἰς
200 2436 258 2485 τὸ
289 2430 585 2505 βασιλεύειν
616 2426 1009 2499 ἐνηνθρώπησα,
1040 2428 1131 2475 καὶ
1154 2419 1247 2475 διὰ
1272 2430 1424 2475 τοῦτο
1446 2418 1599 2479 ἦλθον
1626 2421 1698 2484 εἰς

1850 2428 2185 2499 egnandum
2226 2428 2568 2484 incarnatus
2600 2444 2757 2492 sum,
2800 2431 2857 2484 et
2886 2432 3195 2499 propterea
3224 2427 3358 2485 veni
3399 2428 3460 2484 in

90 2525 180 2573 τὸν
212 2525 411 2592 κόσμον
451 2520 533 2570 ἵνα
575 2512 780 2579 διδάξω
827 2520 920 2573 τὴν
952 2512 1212 2582 ἀληθειαν,
1248 2513 1323 2564 ὅτι
1355 2510 1600 2584 βασιλεὺς
1629 2516 1697 2563 ὧν

1849 2516 2120 2586 ιυιιάιιω,
2150 2522 2213 2573 ut
2240 2518 2489 2573 doceam
2514 2517 2842 2586 veritatem,
2864 2517 3031 2589 quod
3052 2533 3189 2573 cum
3215 2518 3328 2573 sim
3359 2532 3459 2573 rex

91 2609 271 2673 ἀίδιος
300 2609 678 2684 ἓνηνθρωπησα
703 2605 776 2666 εἰς
808 2608 867 2657 τὸ
896 2601 1189 2676 βασιλεύειν
1222 2610 1319 2654 τῶν
1350 2605 1697 2653 πιστευόντων

1846 2606 2231 2677 empiternus,
2250 2606 2597 2662 incarnatus
2615 2622 2773 2671 sum,
2792 2609 2857 2662 ut
2875 2621 3054 2679 super
3069 2621 3172 2662 eos
3189 2621 3456 2678 regnem,

87 2700 158 2759 εὶς
185 2698 321 2772 ἐμέ.]
1810 2696 1913 2769 qui
1938 2695 2192 2751 credunt
2215 2695 2276 2750 in
2307 2711 2424 2750 me.

164 2795 275 2850 Πᾶς
320 2818 387 2829 —
418 2793 608 2858 φωνῆς.
653 2789 759 2844 ua;
803 2782 829 2833 6
877 2783 944 2832 ὧν
983 2778 1037 2831 ἔκ
1066 2786 1155 2839 τῆς
1181 2775 1446 2844 ἀληθείας,
1478 2778 1503 2829 6
1541 2785 1696 2849 φιλῶν

1882 2786 2041 2841 Vers.
2091 2788 2178 2840 37.
2236 2783 2435 2840 Omnis
2483 2813 2552 2825 —
2593 2798 2808 2842 vocem.
2866 2783 3072 2839 Omnis
3118 2784 3220 2856 qui
3257 2787 3346 2841 est
3387 2800 3460 2841 ex

94 2883 190 2936 τὴν
237 2876 479 2935 ἀλήθειαν
520 2875 752 2927 πείθεταί
782 2890 881 2943 μου
921 2877 993 2939 τῷ
1024 2867 1181 2939 λόγῳ,
1226 2869 1462 2919 πιστεύει
1503 2887 1603 2939 μου
1632 2875 1692 2940 τῇ

1847 2874 2068 2940 eritate,
2100 2874 2208 2946 qui
2243 2878 2407 2931 amat
2436 2873 2731 2930 veritatem
2787 2890 2800 2927 :
2836 2872 3043 2932 ohedit
3070 2874 3250 2931 verbo
3299 2889 3457 2943 meo,

90 2964 441 3037 διδασκαλίᾳ.

1807 2964 1994 3020 credit
2023 2962 2305 3019 doctrina:
2335 2979 2505 3019 mete.

167 3060 321 3124 Λέγει
399 3084 467 3092 -—
548 3048 796 3114 ἀληθεία;
873 3047 1067 3098 Μαθεῖν
1144 3042 1456 3116 βουλόμενος
1533 3041 1696 3115 ἐρωτᾷ

1879 3052 2042 3107 Vers.
2075 3055 2165 3106 38.
2196 3052 2299 3106 Ait
2319 3082 2390 3095 —
2406 3052 2622 3108 veritas
2647 3052 2675 3106 ‘1
2694 3052 2923 3107 Discere
2944 3051 3459 3121 cupiensinterro-

89 3151 155 3199 Τί
186 3144 327 3196 ἐστιν
373 3140 610 3207 ἀλήθεια,
669 3133 698 3195 ἧ
733 3141 1031 3209 μαρτυρεῖς,
1073 3131 1135 3190 ἢν
1177 3128 1455 3191 διδάσκεις
1489 3148 1500 3159 ·
1542 3135 1694 3191 Γνοὺς

1849 3146 1908 3197 at
1936 3157 1948 3196 :
1976 3140 2131 3208 Quid
2150 3147 2233 3197 est
2254 3142 2493 3205 veritas,
2517 3141 2612 3195 cui
2638 3144 2701 3195 tu
2731 3140 3139 3196 testimonium
3155 3140 3458 3211 perhibes,

99 3191 316 3199 *"""
596 3191 610 3207 1
686 3191 742 3208 -ι
809 3191 818 3209 ι
904 3191 913 3207 ι
997 3191 1029 3202 *Ι

92 3232 154 3287 δὲ
186 3236 265 3285 ὅτι
295 3237 482 3303 καιροῦ
514 3225 683 3281 δεῖται
725 3228 784 3277 τὸ
825 3225 1071 3297 ἐρώτημα
1101 3225 1251 3296 πρὸς,
1292 3225 1350 3272 τὸ
1394 3229 1692 3292 κατεπεῖγον

1852 3191 1907 3197 η
1937 3191 1948 3196 -
1978 3191 2123 3208 am"
2362 3191 2492 3205 πη,
2523 3191 2611 3195 η-
2644 3191 2701 3195 η
2737 3191 3459 3211 ν-τ--ην--π-τν---ηη

1851 3245 1992 3285 nam
2018 3228 2199 3284 doces
2225 3229 2253 3285 ?
2278 3228 2480 3284 Sciens
2499 3232 2718 3294 autem,
2740 3228 2906 3300 quod
2932 3244 3102 3284 mora
3125 3244 3278 3299 opus
3304 3235 3461 3287 esset

93 3327 325 3383 ῖσταται,
363 3323 446 3371 καὶ
474 3318 661 3369 αὐτίκα
689 3313 896 3378 ἐξελθὼν
919 3307 1213 3371 σπουδάζει
1237 3317 1415 3362 τοῦτον
1438 3308 1694 3373 ἐξελέσθαι

1847 3318 1883 3373 d
1908 3316 2329 3390 quaestionem,
2357 3316 2435 3372 ad
2466 3332 2652 3388 quam
2677 3316 3048 3383 hortabatur,
3082 3316 3355 3373 subsistit
3384 3317 3457 3373 ab

90 3420 188 3473 τῆς
213 3419 313 3463 τῶν
341 3403 609 3462 Ἰουδαίων
636 3406 820 3478 ὁρμῆς.
842 3401 978 3477 Ὀρα
996 3403 1120 3475 γάρ.

1848 3406 2264 3476 iterrogatione
2293 3423 2305 3461 :
2334 3410 2393 3461 et
2413 3405 2724 3462 confestim
2752 3421 3035 3477 egressus
3064 3406 3267 3462 nititur
3296 3407 3458 3462 hunc

1805 3496 1882 3552 ab
1914 3496 2141 3568 impetu
2169 3496 2513 3551 Iudaeorum
2544 3494 2817 3551 liberare.
2851 3494 2993 3550 Vide
3031 3494 3193 3551 enim
3237 3512 3248 3548 :

166 3595 356 3642 Καὶ-
380 3586 542 3656 αὐτῷ.
571 3585 655 3640 Ἑν
700 3590 773 3653 τῷ
828 3578 1217 3655 προδηλωθέντι
1250 3577 1509 3651 κεφαλαίῳ
1541 3579 1691 3632 πάλιν

1876 3584 2045 3640 Vers.
2074 3585 2160 3639 38.
2183 3585 2264 3639 Et
2292 3614 2360 3624 -—
2385 3600 2468 3640 eo.
2518 3583 2779 3639 Rursum
2805 3583 3090 3654 praedicto
3112 3583 3305 3655 capite
3326 3584 3453 3655 lege

85 3679 345 3750 ἀνάγνωθι
374 3680 469 3734 τὴν
501 3674 751 3745 ἐξήγησιν
780 3678 872 3723 τοῦ
906 3688 918 3700 ·
965 3674 1064 3722 Καὶ
1102 3671 1435 3742 ἐπηρώτησεν
1479 3668 1633 3721 αὐτὸν
1664 3672 1689 3722 6

1844 3674 1956 3730 lius
1969 3673 2574 3729 dictienarrationem.
2596 3675 2662 3728 Et
2678 3673 3209 3743 interrogaviteum
3231 3688 3454 3745 praeses

84 3772 292 3839 ἡγεμὼν
328 3765 511 3839 [λέγων
548 3763 659 3835 (38)
689 3780 700 3793 '
728 3766 794 3814 Σὺ
827 3759 871 3813 εἶ
901 3761 925 3812 6
959 3757 1202 3831 βασιλεὺς
1246 3765 1344 3809 τῶν
1376 3756 1684 3824 Ἰουόαἰων;

1843 3765 2005 3820 icens
2038 3781 2051 3819 :
2084 3765 2167 3819 Tu
2191 3779 2245 3819 es
2267 3779 2376 3821 rex
2398 3763 2745 3820 Judasorum
2770 3765 2816 3799 τί
2838 3764 2866 3820 ?
2887 3763 2948 3819 in
2970 3780 3094 3837 qua
3116 3766 3283 3820 Lucas
3303 3779 3452 3837 quo-

84 3858 136 3910 ἐν
228 3861 318 3908 καὶ
344 3857 481 3929 ῥητὰ
518 3860 610 3905 τοῦ
655 3856 840 3905 Λουκᾶ
868 3849 1340 3921 ἓμνημονεύθησαν,
1384 3846 1471 3919 ἀφ’
1501 3849 1567 3899 ὧν
1597 3854 1686 3902 καὶ

1844 3869 1915 3908 ue
1938 3852 2258 3909 verborum
2277 3852 2433 3909 facta
2448 3857 2538 3909 est
2558 3853 2803 3922 mentio,
2821 3868 2925 3925 per
2940 3868 3076 3926 quae
3102 3852 3283 3909 etiam
3304 3869 3453 3925 prai-

82 3952 143 4001 τὸ
172 3950 335 4019 παρὸν
368 3939 827 4015 διαγινώσκεται.]

1795 3958 1934 3998 sens
1965 3943 2191 3999 dictum
2221 3943 2621 4014 cognoscitur.

162 4035 315 4091 Ἐστι
340 4065 408 4075 —
436 4028 743 4093 Ἰουδαίων;
778 4033 1016 4086 Ζητησον
1046 4025 1094 4078 ἐν
1125 4027 1266 4096 αύτῷ
1299 4030 1357 4079 τό
1390 4046 1402 4059 ’
1448 4030 1591 4081 Κατὰ
1624 4024 1683 4082 δὲ

1864 4032 2027 4087 Vers.
2070 4036 2157 4088 39.
2191 4033 2298 4087 Est
2336 4062 2404 4072 —-
2440 4032 2781 4088 Judasorum
2822 4029 2849 4085 7
2888 4032 3095 4097 Quaere
3125 4030 3182 4086 in
3212 4032 3446 4097 eodem,

87 4127 265 4197 ἑορτὴν
291 4123 458 4176 εἰώθει
501 4122 527 4173 6
571 4122 776 4192 ἡγεμὼν
822 4115 1082 4188 [ἀπολύειν
1122 4116 1233 4187 (39)
1284 4116 1370 4167 ἕνα
1420 4125 1491 4186 τῷ
1539 4116 1681 4188 ὄχλῳ

1839 4121 1899 4176 bi
1930 4120 2145 4177 dicitur
2204 4138 2217 4175 :
2259 4121 2329 4176 In
2380 4122 2535 4191 festo
2574 4126 2766 4176 autem
2819 4127 3206 4177 consueverat
3234 4137 3449 4190 praeses

89 4212 321 4285 δέσμιον,
371 4211 423 4264 ὃν
455 4209 653 4269 ηθελον.
703 4206 839 4261 Ἐκεῖ
877 4208 979 4279 γὰρ
1021 4204 1211 4280 ἐρρήθη
1259 4209 1348 4256 καὶ
1401 4209 1519 4278 περὶ
1559 4208 1683 4256 τού-

1834 4209 2296 4266 bsolvereturbw
2318 4224 2504 4264 unum
2529 4209 2798 4273 vinctum,
2825 4223 2996 4280 quem
3022 4209 3340 4266 voluissent
3357 4213 3402 4246 ⁷³
3431 4227 3444 4279 ;

86 4302 225 4375 του.]
1790 4296 1874 4351 ibi
1905 4297 2064 4352 enim
2097 4297 2171 4352 de
2200 4296 2314 4352 hoc
2344 4312 2586 4368 quoque
2615 4296 2839 4352 dictum
2873 4300 2982 4354 est.

158 4393 519 4464 Ἐκραύγασαν
558 4419 628 4429 -
673 4387 879 4461 λῃστής.
918 4386 1028 4457 [Ἐν
1068 4381 1239 4454 ἄκείνῳ
1271 4381 1383 4453 (4οὶ
1420 4391 1492 4453 τῷ
1522 4402 1679 4455 κεφα-

1862 4388 2026 4442 Vers.
2081 4389 2167 4441 40.
2205 4384 2629 4442 Clamaverunt
2673 4416 2740 4426 —
2771 4386 2943 4443 latro.
2977 4386 3200 4443 Eodem
3253 4390 3446 4462 capite

88 4483 213 4552 λαίῳ
243 4485 400 4552 φησὶν
431 4481 456 4531 6
488 4480 753 4538 Ματθαίος
782 4496 795 4509 ο
839 4478 906 4527 Οἱ
936 4471 995 4526 δε
1035 4471 1300 4547 ἀρχιερεῖς
1328 4477 1413 4524 καὶ
1444 4475 1493 4525 οἱ
1521 4493 1681 4546 πρεσ-

1837 4475 1998 4532 :ribit
2026 4473 2330 4531 Matthaaus
2366 4490 2378 4528 :
2420 4475 2729 4542 Principes
2758 4481 2945 4532 autem
2983 4477 3353 4535 sacerdotum
3391 4487 3447 4537 et

89 4568 286 4643 ϐύτεροι
333 4572 538 4621 ἔπεισαν
574 4571 659 4619 τὸν
692 4566 806 4639 (41)
856 4564 1033 4634 ὄχλον,
1089 4563 1171 4613 ἱνα
1226 4562 1541 4620 αἰτήσωνται
1592 4566 1678 4615 τὸν

1830 4564 2043 4621 εηίονεε
2056 4570 2474 4634 persuaserunt
2501 4564 2708 4630 (urbis,
2728 4572 2789 4620 ut
2810 4571 3076 4634 peterent
3096 4566 3440 4637 Barabbam,

90 4656 375 4731 Βαραϐϐᾶν,
422 4660 507 4710 τὸν
555 4653 613 4710 δε
660 4656 867 4712 Ἰησοῦν
917 4650 1212 4703 ἀπολέσωσι
1245 4670 1257 4682 ο
1290 4656 1380 4704 καὶ
1424 4650 1679 4724 ἀνάγνωθι

1827 4670 1980 4711 esum
1998 4670 2127 4709 vero
2143 4653 2455 4724 perderent
2474 4654 2524 4688 ⁷⁸
2546 4671 2558 4720 ;
2583 4659 2639 4709 et
2654 4653 2810 4710 illius
2831 4653 2961 4725 lege
2978 4656 3437 4715 enarrationem.

90 4752 180 4807 τὴν
208 4746 451 4821 ἐξήγησιν
474 4743 685 4816 autem]

156 4842 277 4891 Τότε
333 4868 402 4876 -
453 4836 782 4911 ῥαπίσματα.
848 4828 930 4881 Ἐν
1005 4836 1077 4900 τῷ
1147 4832 1366 4903 τοιούτῳ
1419 4830 1677 4904 κεφαλαίῳ

1861 4830 2015 4888 CAP.
2061 4832 2203 4886 XIX.
2235 4832 2396 4887 Vers.
2442 4831 2496 4888 1.
2551 4831 2737 4889 Tunc.
2789 4862 2856 4873 —
2890 4832 3058 4890 Vers.
3110 4834 3164 4890 3.
3210 4836 3439 4907 alapas.

92 4926 304 4989 καθεξῆς
351 4929 439 4978 καὶ
487 4930 652 4977 ταῦτα
692 4922 862 4975 πάντα
916 4927 1052 4991 σαφῆ
1103 4922 1352 4990 γεγόνασι
1405 4923 1540 4972 κατὰ
1589 4920 1676 4973 λό-

1831 4922 1955 4978 icto
1998 4920 2192 4994 capite
2222 4924 2656 4991 consequenter
2702 4920 2878 4979 etiam
2931 4921 3060 4979 haec
3110 4925 3317 4984 omnia
3363 4926 3441 4984 ad

163 5127 205 5162 ⁶⁹
243 5126 412 5182 Joan.
444 5142 548 5191 xu,
581 5130 668 5184 33.
795 5128 844 5163 το
883 5124 1086 5181 Matth.
1131 5140 1308 5183 xxvn.
1342 5129 1430 5181 tt.
1540 5127 1586 5162 τί
1621 5125 1761 5182 ibid.

1131 5140 1308 5183 xxvn.
1342 5129 1430 5181 tt.
1540 5127 1586 5162 τί
1621 5125 1761 5182 ibid.
1889 5128 1936 5162 ⁷⁵
1974 5125 2121 5183 ibid.
2155 5130 2238 5182 t5.
2360 5127 2408 5161 ⁷³
2434 5125 2580 5183 ibid.
2612 5129 2698 5183 20.

1325 5321 1546 5390 Variae
1567 5321 1896 5391 lectiones
1926 5331 1993 5389 et
2022 5332 2220 5389 notae.

184 5520 268 5583 35)
306 5516 539 5574 Inclusa
569 5515 790 5574 omittit
812 5517 877 5573 A.
1858 5517 1972 5583 (39)
2012 5518 2248 5574 Inclusa
2276 5517 2495 5575 absunt
2518 5524 2580 5574 A.

184 5525 245 5577 35
306 5520 539 5574 Inclusa
569 5520 790 5574 omittit
812 5520 877 5573 A.
1886 5520 1972 5583 39)
2012 5520 2248 5574 Inclusa
2276 5520 2495 5575 absunt
2518 5524 2580 5574 A.

159 5520 268 5663 l36l
308 5589 542 5663 Inclusa
575 5588 796 5663 absunt
819 5589 886 5643 A.
1858 5520 1973 5663 ξω)
2007 5590 2193 5646 Etiam
2222 5589 2348 5647 haec
2375 5590 2687 5663 absuntA.

160 5659 268 5737 ('37)
307 5662 496 5737 Etiam
524 5659 655 5716 Ιιωο
680 5660 912 5737 absunt
936 5662 1002 5715 A.
1864 5659 1977 5730 (lit)
2034 5664 2096 5737 In
2145 5666 2426 5737 contextu
2456 5662 2638 5737 codd.
2667 5664 2992 5737 __Euthymii
3041 5665 3268 5724 habent
3326 5666 3431 5736 ibi,

160 5731 270 5808 (38)
310 5731 545 5790 Inclusa
572 5731 789 5789 omittit
815 5732 882 5788 Α.

1793 5736 1933 5795 τούς,
1964 5732 2178 5806 ὄχλους.
2212 5737 2299 5792 Ita
2325 5733 2425 5791 hic
2453 5734 2633 5793 etiam
2664 5731 3005 5795 Hentehius.
