4076 6452
140 349 280 406 1461

1166 334 1531 395 COMMENT.
1571 335 1643 390 ΙΝ
1680 330 2024 391 JOANNEM.
2062 362 2130 372 -—
2160 329 2314 387 CAP.
2357 330 2508 385 XIX.

3372 328 3513 387 1462

142 475 395 550 ἄμαυτὸν,
433 475 504 536 ὡς
531 477 621 526 καὶ
668 470 773 524 ἄκεῖ
809 470 835 522 6
879 464 1244 539 εύαγγελιστής
1279 466 1745 537 παρεσημειώσατο

1876 461 2043 518 etiam
2059 460 2144 518 ibi
2171 461 2528 536 signiﬁcavit
2547 460 2930 532 evangelista,
2945 459 3194 527 addens,
3213 459 3380 533 quod
3403 461 3511 518 hoc

141 571 269 642 περὶ
296 568 504 630 τούτου,
537 561 807 635 [προσθεὶς
854 558 965 630 (35)
997 558 1077 609 ὃτι
1107 562 1261 607 τοῦτο
1310 553 1445 624 ἔλεγε
1486 556 1751 624 σημαίνων

140 641 283 727 ποιῳ
326 656 525 725 θανάτῳ
563 650 761 724 ἔμελλεν
808 647 1174 708 ἀποθνήσκειν,
1223 646 1485 695 τουτέστιν
1524 641 1751 693 αἰνιττό-

143 763 302 816 μενος
325 747 413 796 τόν
441 738 714 814 σταυρόν.]

221 834 473 893 Εἰσῆλθεν
534 862 599 872 -
651 829 783 902 ἐμοί.
837 827 939 898 [Ἐν
992 824 1163 895 ἐκείνῳ
1216 822 1332 895 (36)
1370 829 1443 891 τῷ
1494 819 1749 892 κεφαλαίῳ

142 923 371 986 καθεξῆς
402 924 641 996 εὑρήσεις
670 922 760 971 καὶ
786 921 903 990 περὶ
931 917 1147 981 τούτων,
1179 915 1228 965 ἐν
1271 918 1332 984 τῇ
1363 909 1609 982 ἐξηγήσει
1637 917 1746 961 τού·

147 1018 255 1067 Καὶ
282 1012 614 1085 ἐπηρώτησεν
659 1008 814 1061 αὐτόν
857 1007 882 1058 6
909 1006 1110 1077 ἡγεμὼν
1148 1001 1326 1074 λέγων·
1362 1004 1427 1052 Σὺ
1455 997 1502 1052 εἶ
1526 1000 1551 1051 6
1584 997 1750 1072 βασι-

140 1102 262 1163 λεὺς
290 1110 389 1154 τῶν
416 1095 684 1154 Ἰουδαίων
698 1098 740 1169 ;]

219 1195 379 1243 Τί-
554 1188 694 1240 Ἐκεῖ
726 1189 816 1238 καὶ
853 1189 1021 1238 ταῦτα
1061 1184 1420 1251 τετυχήκασιν
1459 1176 1752 1250 ἐξηγήσεως

142 1279 460 1339 ἀκολούθως.

221 1370 358 1441 Ἐγὼ
396 1397 462 1407 -
514 1365 749 1436 ἀληθείᾳ.
777 1362 1168 1437 Ἐρωτήσαντος
1206 1357 1254 1410 ἐν
1312 1355 1455 1431 ἀρχῇ
1505 1364 1597 1409 του
1655 1362 1754 1408 Πι-

142 1459 331 1524 λάτου,
388 1459 455 1509 Σύ
513 1454 557 1508 εἶ
608 1455 634 1506 6
694 1451 938 1526 βασιλεύς
1002 1457 1102 1502 τῶν
1154 1443 1446 1511 Ἰουδαίων,
1502 1450 1589 1497 καὶ
1628 1445 1752 1497 ἀπο-

145 1549 419 1619 κριθέντος
475 1553 566 1597 τού
619 1546 812 1617 Κυρίου
873 1542 951 1593 ὅτι
999 1538 1055 1591 Ἢ
1107 1535 1354 1610 βασιλεία
1412 1538 1441 1594 ἡ
1509 1533 1602 1600 ἐμὴ
1658 1534 1752 1586 οὐκ

145 1639 294 1689 ἔστιν
365 1634 419 1686 ἐκ
498 1641 590 1685 τοῦ
639 1637 840 1703 κόσμου
897 1632 1106 1694 τούτου,
1168 1630 1259 1677 καὶ
1320 1623 1543 1697 βασιλέα
1592 1622 1753 1676 ἐντεῦ-

148 1727 237 1778 θεν
286 1726 639 1796 ὑποφήναντος
692 1721 892 1786 ἑαυτὸν,
940 1717 984 1771 εἰ
1025 1721 1118 1768 καὶ
1172 1720 1242 1787 μὴ
1298 1713 1521 1784 ἐπίγειον
1553 1731 1564 1742 ’
1599 1713 1752 1765 πάλιν

144 1814 486 1888 ἐπηρώτησεν
557 1812 582 1862 6
647 1809 885 1872 Πιλάτος,
959 1806 1161 1859 Ούκούν
1240 1801 1489 1877 βασιλεὺς
1542 1798 1590 1855 εἴ
1642 1805 1749 1868 σύ;

142 1908 238 1955 καὶ
289 1902 466 1955 λοιπόν
519 1899 912 1973 προσαπεκρίθη
976 1896 1057 1948 ὅτι
1129 1896 1288 1947 ἐστίν.
1344 1889 1471 1945 Εἶτα
1528 1890 1750 1964 βεϐαιῶν

143 1995 225 2045 ὅτι
269 1991 526 2055 ἀληθεύει,
574 1992 727 2061 φησί.
763 1989 858 2040 Διά
884 1993 1035 2037 τοῦτο
1079 1986 1407 2055 γεγέννημαι,
1454 1977 1548 2033 διὰ
1600 1987 1751 2031 τοῦτο

144 2080 526 2155 ἐνηνθρὼπησα
553 2082 644 2129 καὶ
675 2074 829 2135 ἦλθον
862 2074 932 2135 εἰς
957 2076 1044 2125 τὸν
1075 2077 1269 2144 κόσμον
1298 2077 1478 2123 τοῦτον
1507 2070 1611 2140 [ἱνα
1637 2067 1748 2140 (37)

147 2166 357 2233 διδάξω
382 2173 477 2227 τὴν
510 2166 771 2224 ἀλήθειαν.
802 2163 1002 2236 Ὠσπερ
1035 2158 1122 2214 οὖν
1148 2159 1382 2219 ἀληθεύω
1410 2158 1585 2229 τοῖλλα,
1614 2159 1749 2210 ούτω

148 2259 218 2319 δὴ
253 2264 343 2311 καὶ
373 2266 542 2311 τοῦτο.

219 2348 290 2401 Ἦ
348 2347 437 2407 Εἰς
483 2353 636 2397 τοῦτο
691 2345 1025 2415 γεγέννημαι,
1078 2337 1192 2391 ἀντὶ
1242 2344 1333 2390 τού
1382 2335 1632 2396 Βασιλεύς
1681 2341 1748 2388 ὧν

147 2438 217 2498 εἰς
255 2441 313 2489 τὸ
343 2434 637 2508 βασιλεύειν
669 2431 1062 2503 ἐνηνθρὼπησα,
1093 2432 1183 2479 καὶ
1207 2423 1237 2480 δ
1246 2429 1300 2478 ιά
1325 2434 1476 2478 τοῦτο
1499 2422 1652 2484 ἦλθον
1679 2425 1751 2488 εἰς

146 2529 237 2577 τὸν
268 2529 464 2596 κόσμον
504 2525 585 2575 ἱνα
627 2517 832 2583 διδάξω
880 2524 972 2577 τὴν
1004 2516 1265 2586 ἀληθειαν,
1300 2518 1376 2568 ὅτι
1408 2514 1652 2588 βασιλεὺς
1682 2520 1749 2567 ὤν

147 2612 324 2677 ἀίδιος
354 2613 731 2688 ἑνηνθρωπησα
756 2609 829 2670 εἰς
861 2612 920 2661 τό
949 2605 1242 2680 βασιλεύειν
1275 2614 1373 2657 τῶν
1403 2610 1750 2657 πιστευόντων

143 2703 213 2764 εἰς
241 2702 374 2776 ἓμέ.]

217 2799 328 2854 Πᾶς
375 2823 440 2833 -
471 2797 661 2862 φωνῆς.
705 2793 812 2848 Πᾶς
856 2786 883 2837 6
930 2788 998 2836 ὦν
1037 2782 1090 2835 ἐκ
1119 2790 1208 2843 τῆς
1234 2779 1499 2848 ἀληθείας,
1530 2782 1556 2834 6
1592 2788 1748 2853 φιλῶν

148 2886 246 2940 τὴν
291 2880 532 2939 ἀλήθειαν
572 2879 805 2930 πείθεταί
835 2893 934 2947 μου
975 2881 1047 2943 τῷ
1078 2872 1234 2943 λόγῳ,
1280 2874 1515 2923 πιστεύει
1556 2891 1656 2943 μου
1684 2879 1744 2944 τῇ

145 2969 181 3025 δ
187 2967 244 3024 ιδ
247 2969 494 3041 ασκαλίᾳ.

221 3063 375 3127 Λέγει
451 3088 520 3096 -
601 3053 849 3119 ἀληθεία;
926 3051 1121 3103 Μαθεῖν
1198 3046 1509 3120 βουλόμενος
1586 3045 1749 3121 ἐρωτᾷ

143 3154 208 3202 Τί
240 3148 380 3200 ἐστιν
426 3144 663 3210 ἀλήθεια,
722 3138 751 3198 ἧ
786 3146 1085 3214 μαρτυρεῖς,
1127 3136 1188 3194 ἢν
1230 3132 1508 3196 διδάσκεις
1542 3152 1553 3164 ·
1594 3139 1747 3195 Γνοὺς

146 3236 208 3291 δὲ
238 3240 318 3289 ὁτι
348 3241 535 3307 καιροῦ
567 3229 736 3285 δεῖται
779 3233 837 3282 τὸ
879 3230 1124 3302 ἐρώτημα
1154 3229 1304 3301 πρὸς,
1346 3229 1402 3278 τὸ
1447 3233 1745 3297 κατεπεῖγον

148 3329 377 3387 ἷσταται,
416 3326 499 3374 καὶ
527 3322 715 3373 αὐτίκα
743 3318 950 3382 ἐξελθὼν
973 3312 1266 3376 σπουδάζει
1290 3321 1468 3367 τοῦτον
1490 3313 1746 3378 ἐξελέσθαι

144 3423 241 3477 τῆς
266 3423 366 3467 τῶν
394 3407 662 3465 Ἰουδαίων
689 3410 873 3481 ὁρμῆς.
895 3406 1032 3481 Ὀρα
1050 3407 1174 3480 γάρ.

217 3598 409 3647 Καὶ-
433 3590 596 3660 αύτῷ.
624 3590 708 3643 Ἐν
754 3594 827 3657 τῷ
882 3581 1270 3658 προδηλωθέντι
1304 3582 1562 3655 κεφαλαίῳ
1593 3584 1743 3637 πάλιν

139 3683 399 3754 ἀνάγνωθι
428 3684 522 3738 την
554 3679 804 3749 ἐξήγησιν
834 3682 926 3727 τοῦ
960 3691 972 3704 °
1019 3678 1118 3726 Καὶ
1157 3675 1488 3747 ἐπηρώτησεν
1532 3673 1686 3725 αὐτόν
1717 3676 1741 3726 6

138 3774 345 3844 ἡγεμὼν
381 3769 564 3843 [λέγων
601 3766 712 3839 (38)
743 3784 754 3796 ·
782 3769 848 3817 Σύ
881 3763 925 3817 εἰ
956 3765 980 3815 6
1014 3761 1257 3836 βασιλεὺς
1300 3770 1398 3813 τῶν
1430 3760 1737 3828 Ἰουὸαίων;

139 3861 187 3914 ἐν
280 3865 370 3912 καὶ
397 3860 535 3933 ῥητά
571 3864 663 3909 τοῦ
708 3860 894 3909 Λουκᾱ
923 3852 1394 3925 ἐμνημονεύθησαν,
1438 3849 1524 3923 ἀφ’
1554 3853 1621 3903 ὧν
1650 3859 1738 3907 καὶ

136 3956 193 4004 τό
223 3953 389 4023 παρόν
410 3943 881 4019 ⁶διαγινώσκεται.]

210 4040 368 4096 Ἔστι
393 4069 461 4079 —
490 4032 796 4096 Ἰουδαίωνς
832 4038 1071 4091 Ζητησον
1100 4029 1148 4082 ἐν
1179 4030 1320 4100 αύτῷ
1353 4034 1411 4083 τό
1443 4050 1455 4062 ·
1501 4034 1644 4085 Κατά
1677 4029 1735 4085 δὲ

139 4130 316 4202 ἑορτὴν
343 4128 511 4181 εἰώθει
554 4126 581 4176 6
624 4126 830 4196 ἡγεμὼν
876 4119 1136 4192 [ἀπολύειν
1176 4121 1287 4191 (39)
1338 4119 1423 4172 ἕνα
1474 4129 1544 4190 τῷ
1592 4120 1734 4192 ὄχλῳ

141 4216 374 4290 δέσμιον,
424 4215 477 4268 ὃν
508 4213 707 4273 ηθελον.
757 4211 893 4265 Ἐκεῖ
932 4212 1033 4283 γὰρ
1076 4208 1265 4284 ἐρρήθη
1313 4213 1402 4260 καὶ
1455 4214 1572 4283 περὶ
1612 4212 1736 4261 τού-

136 4306 275 4380 του.]

205 4398 572 4469 Ἐκραύγασαν
612 4424 681 4434 -
726 4391 933 4465 λῃστής.
971 4390 1082 4460 [Ἐν
1122 4386 1293 4458 ἐκείνῳ
1324 4386 1437 4456 (40)
1474 4395 1546 4456 τῷ
1576 4406 1732 4459 κεφα-

138 4488 263 4557 λαίῳ
292 4489 453 4557 φησὶν
483 4485 509 4535 6
540 4484 806 4543 Ματθαίος
835 4500 847 4513 ·
892 4482 959 4533 Οἱ
989 4475 1049 4531 δε
1089 4476 1354 4550 ἀρχιερεῖς
1381 4480 1467 4528 καὶ
1497 4479 1546 4528 οἱ
1574 4497 1733 4550 πρεσ-

1860 554 2109 620 dicebat,
2126 554 2463 625 signiﬁcans
2474 569 2590 625 qua
2606 560 2793 610 morte
2807 558 2952 610 esset
2968 553 3297 610 moriturus
3309 552 3381 619 ⁸³,
3398 551 3513 608 hoc

1859 647 1965 709 est,
1990 645 2357 717 aenigmatice
2379 646 2633 701 mortem
2660 642 3013 714 designans.

1930 828 2094 884 Vers.
2133 829 2220 883 33.
2262 827 2569 898 Ingressus
2599 855 2666 866 —
2703 826 2865 881 Vers.
2900 825 2988 881 35.
3021 822 3192 881 mihi.
3224 823 3390 880 Dicto
3419 839 3513 881 ca-

1860 915 1979 987 pite
2017 916 2197 972 etiam
2235 916 2310 971 de
2346 916 2439 971 his
2477 930 2584 987 per
2620 914 2895 971 ordinem
2925 913 3212 980 invenies,
3247 913 3308 969 in
3347 912 3507 969 illius

1860 1005 1997 1060 dicti
2037 1005 2409 1061 enarratione
2451 1023 2464 1057 :
2496 1006 2578 1060 Et
2606 1003 2990 1073 interrogavit
3020 1018 3151 1059 eum
3175 1018 3392 1073 prases
3427 1003 3514 1058 di-

1860 1110 2007 1159 cens,
2034 1096 2119 1150 Tu
2146 1109 2203 1151 es
2234 1109 2339 1151 rea:
2363 1093 2701 1150 Judworum
2741 1094 2789 1129 7°
2818 1093 2846 1147 ?
3031 1169 3034 1172 ἢ

1932 1184 2101 1239 Vers.
2132 1184 2222 1239 35.
2258 1183 2412 1250 Quid
2449 1214 2518 1223 —
2545 1183 2708 1238 Vers.
2751 1182 2841 1237 37.
2875 1197 2993 1253 ego.
3036 1180 3125 1238 Ibi
3164 1181 3344 1238 etiam
3382 1181 3512 1239 haec

1860 1276 2294 1345 consequenter
2323 1272 2527 1327 sortita
2557 1275 2696 1327 sunt
2730 1272 3191 1330 enarrationem.

1930 1362 2097 1416 Vers.
2131 1364 2218 1418 31.
2248 1361 2374 1431 Ego
2403 1391 2471 1399 —
2492 1359 2747 1416 veritati.
2782 1360 2925 1415 Cum
2951 1375 2988 1415 a
3017 1358 3309 1431 principio
3334 1358 3511 1416 inter-

1859 1454 2124 1520 rogasset
2143 1449 2389 1514 Pilatus,
2425 1450 2507 1504 Tu
2532 1464 2589 1506 es
2619 1464 2730 1506 rex
2747 1449 3098 1505 Judaeorum
3121 1450 3150 1503 5’
3178 1464 3248 1505 ac
3272 1464 3513 1521 respon-

1860 1539 2041 1594 disset
2056 1538 2625 1609 Dominuszﬂegnum
2639 1553 2833 1594 meum
2844 1554 2963 1594 non
2976 1545 3052 1594 est
3064 1554 3140 1595 ex
3151 1536 3255 1594 hoc
3267 1538 3510 1603 mundo,

1862 1633 1915 1685 et
1944 1628 2207 1699 seipsum
2237 1643 2438 1697 regem
2466 1627 2845 1695 ostendisset,
2878 1643 3227 1699 quanquam
3257 1642 3377 1682 non
3405 1632 3514 1683 ter-

1862 1734 2095 1785 renum,
2131 1733 2373 1773 rursum
2404 1716 2792 1787 interrogavit
2819 1716 3040 1773 Pilatus
3071 1734 3089 1771 :
3118 1717 3274 1772 Num
3304 1717 3514 1787 Itaque

1791 1844 1828 1896 B
1862 1823 1971 1865 rex
2001 1824 2059 1865 es
2088 1815 2151 1862 tu
2188 1808 2217 1864 ‘I
2254 1823 2325 1863 ac
2363 1807 2643 1879 deinceps
2673 1822 2735 1862 se
2781 1807 2997 1863 iterum
3027 1822 3159 1862 esse
3188 1806 3511 1877 respondit.

1862 1896 2104 1963 Deinde,
2138 1895 2506 1952 conﬁrmans
2535 1912 2595 1951 se
2625 1911 2767 1951 vera
2795 1895 2976 1967 loqui,
3010 1894 3091 1952 ait
3131 1912 3144 1950 :
3197 1895 3514 1966 Propterea

1860 1992 2033 2043 natus
2078 2002 2235 2053 sum,
2267 1990 2582 2058 propterea
2611 1990 2956 2041 incarnatus
2988 2001 3140 2050 sum,
3182 1989 3239 2041 et
3266 1983 3404 2039 veni
3451 1983 3513 2040 in

1857 2076 2019 2132 hunc
2042 2074 2361 2139 mundum,
2384 2079 2450 2130 ut
2468 2074 2720 2129 doceam
2742 2074 3082 2131 veritatem.
3114 2073 3269 2131 Sicut
3284 2086 3427 2143 ergo
3447 2072 3511 2129 in

1858 2164 2085 2221 caeteris
2114 2179 2258 2220 vera
2288 2163 2520 2236 loquor,
2549 2162 2639 2220 ita
2675 2178 2813 2219 sane
2843 2167 2901 2220 at
2930 2163 2993 2219 in
3021 2163 3161 2221 hoc.

1929 2343 2032 2398 Vel
2060 2343 2156 2398 Ad
2186 2342 2295 2399 hoc
2320 2347 2495 2399 natus
2522 2357 2670 2406 sum,
2691 2342 2807 2398 hoc
2836 2345 2943 2407 est,
2971 2341 3121 2398 Cum
3144 2357 3245 2397 rex
3271 2342 3408 2409 sim,
3436 2340 3514 2398 ad

1858 2432 2236 2503 regnandum
2278 2432 2620 2488 incarnatus
2651 2447 2809 2495 sum,
2852 2434 2910 2487 et
2940 2436 3248 2502 propterea
3277 2430 3411 2488 veni
3452 2431 3514 2487 in

1860 2520 2172 2590 mundum,
2201 2526 2264 2577 ut
2292 2522 2541 2577 doceam
2566 2520 2894 2589 veritatem,
2917 2521 3083 2592 quod
3105 2536 3242 2576 cum
3269 2521 3382 2576 sim
3413 2536 3513 2576 rex

1861 2610 2282 2681 sempiternus,
2302 2610 2648 2666 incarnatus
2667 2625 2826 2674 sum,
2844 2612 2909 2665 ut
2928 2624 3107 2682 super
3122 2624 3225 2666 eos
3243 2624 3511 2681 regnem,

1862 2700 1965 2773 qui
1990 2699 2244 2755 credunt
2266 2699 2327 2755 in
2359 2714 2476 2754 me.

1934 2790 2093 2845 Vers.
2143 2792 2230 2845 37.
2288 2787 2487 2844 Omnis
2535 2817 2604 2829 —
2645 2802 2860 2846 vocem.
2918 2786 3126 2843 Omnis
3171 2788 3273 2860 qui
3311 2790 3400 2845 est
3440 2804 3514 2845 ex

1860 2879 2120 2945 veritate,
2152 2878 2260 2951 qui
2295 2881 2459 2935 amat
2487 2876 2783 2934 veritatem
2839 2894 2853 2931 :
2889 2876 3096 2937 obedit
3122 2878 3303 2935 verbo
3353 2893 3511 2947 meo,

1860 2968 2047 3025 credit
2075 2966 2357 3023 doctrinae
2387 2982 2557 3023 mete.

1932 3056 2094 3111 Vers.
2127 3059 2216 3110 38.
2248 3056 2351 3110 Ait
2371 3086 2441 3098 —
2458 3057 2674 3112 veritas
2699 3056 2727 3111 ‘i
2746 3056 2976 3111 Discere
2997 3055 3245 3126 cupiens
3259 3056 3513 3112 interro-

1858 3149 1961 3214 gat
1988 3161 2001 3200 :
2028 3144 2182 3213 Quid
2202 3151 2285 3200 est
2304 3146 2545 3209 veritas,
2569 3145 2664 3199 cui
2691 3148 2753 3199 tu
2784 3144 3193 3201 testimonium
3208 3144 3511 3215 perhibes,

1857 3250 2044 3307 quam
2071 3232 2251 3289 doces
2277 3233 2305 3288 ?
2329 3232 2532 3288 Sciens
2551 3236 2770 3298 autem,
2793 3233 2959 3304 quod
2984 3248 3155 3288 mora
3178 3248 3332 3303 opus
3357 3239 3515 3291 esset

1857 3323 1936 3379 ad
1960 3321 2380 3394 quaestionem,
2409 3320 2487 3376 ad
2518 3337 2704 3393 quam
2729 3321 3100 3388 hortabatur,
3135 3321 3408 3378 subsistit
3437 3321 3511 3377 ab

1854 3411 2316 3480 interrogatione
2345 3428 2357 3466 :
2386 3414 2445 3466 et
2465 3409 2776 3467 confestim
2805 3426 3088 3481 egressus
3118 3410 3320 3467 nititur
3349 3412 3513 3467 hunc

1857 3500 1935 3556 ab
1967 3500 2192 3572 impetu
2221 3500 2564 3556 Iudaeorum
2596 3499 2869 3555 liberare.
2902 3499 3046 3555 Vide
3084 3499 3247 3555 enim
3290 3516 3301 3553 :

1929 3589 2096 3645 Vers.
2126 3589 2213 3644 38.
2235 3590 2316 3643 Et
2343 3619 2412 3629 -—
2437 3604 2520 3644 eo.
2571 3588 2831 3643 Rursum
2857 3587 3143 3658 praedicto
3166 3587 3357 3660 capite
3379 3588 3507 3661 lege

1855 3678 2009 3734 illius
2021 3677 2626 3734 dictienarrationem.
2648 3680 2715 3733 Et
2731 3677 3262 3748 iuterrogaviteum
3284 3693 3508 3750 praeses

1852 3768 2057 3824 dicens
2090 3785 2103 3824 :
2136 3769 2219 3823 Tu
2242 3784 2297 3823 es
2319 3784 2428 3825 rex
2451 3767 2798 3824 Judaeorum
2823 3769 2869 3803 τι
2891 3769 2919 3824 ‘I
2939 3767 3001 3823 in
3023 3784 3147 3841 qua
3170 3770 3337 3824 Lucas
3357 3785 3508 3842 quo-

1849 3874 1967 3929 que
1991 3857 2310 3914 verborum
2329 3857 2485 3913 facta
2501 3861 2589 3913 est
2609 3857 2856 3927 mentio,
2874 3873 2978 3930 per
2993 3873 3130 3930 quae
3155 3857 3337 3914 etiam
3358 3874 3507 3930 prte-

1848 3962 1986 4002 sens
2017 3947 2243 4004 dictum
2274 3947 2675 4018 cognoscitur.

1917 4036 2080 4092 Vers.
2122 4040 2209 4093 39.
2243 4037 2350 4092 Est
2388 4066 2455 4076 —
2492 4035 2834 4092 Judaeorum
2876 4033 2902 4088 ?
2941 4036 3149 4101 Quaere
3178 4035 3235 4091 in
3265 4036 3500 4101 eodem,

1846 4124 1951 4180 ubi
1982 4125 2198 4182 dicitur
2256 4142 2268 4180 :
2310 4126 2381 4181 In
2432 4127 2587 4195 festo
2627 4131 2819 4181 autem
2872 4132 3259 4181 consueverat
3288 4141 3503 4194 praeses

1845 4214 2143 4271 absolvere
2158 4214 2348 4269 turba
2370 4229 2556 4269 unum
2580 4214 2850 4278 vinctum,
2877 4228 3049 4284 quem
3075 4214 3393 4271 voluissent
3411 4217 3455 4250 ⁷³
3484 4231 3498 4282 ;

1843 4301 1927 4356 ibi
1957 4302 2117 4357 enim
2149 4302 2223 4357 de
2251 4301 2366 4357 hoc
2396 4317 2638 4373 quoque
2668 4301 2891 4357 dictum
2926 4304 3036 4358 est.

1914 4392 2078 4446 Vers.
2133 4394 2219 4445 40.
2257 4389 2681 4446 Clamaverunt
2726 4421 2793 4431 —
2824 4391 2997 4447 latro.
3030 4390 3254 4448 Eodem
3306 4395 3501 4467 capite

1845 4479 2051 4535 scribit
2078 4478 2382 4535 Matthaeus
2419 4495 2430 4533 :
2472 4480 2781 4547 Principes
2811 4485 2998 4536 autem
3036 4481 3405 4539 sacerdotum
3444 4490 3500 4541 et

137 4573 337 4647 ϐύτεροι
384 4577 591 4626 ἔπεισαν
628 4576 712 4624 τὸν
745 4572 859 4643 (41)
909 4568 1086 4639 ὄχλον,
1143 4567 1225 4617 ἱνα
1280 4566 1594 4624 αἰτήσωνται
1645 4570 1731 4619 τόν

1876 4568 2095 4625 eniores
2108 4574 2526 4638 persuaserunt
2554 4568 2761 4635 turbis,
2781 4576 2843 4625 ut
2863 4575 3129 4638 peterent
3150 4570 3493 4640 Barabbam,

139 4661 427 4736 Βαραϐϐᾶν,
473 4665 560 4714 τόν
608 4658 666 4714 δὲ
713 4660 920 4716 Ἰησοῦν
970 4654 1266 4707 ἀπολέσωσι
1298 4674 1310 4686 ·
1344 4660 1434 4707 καὶ
1477 4654 1733 4728 ἀνάγνωθι

137 4757 227 4811 τὴν
256 4751 503 4826 ἐξήγησιν
527 4747 737 4820 αύτού.]

203 4847 327 4895 Τότε
385 4872 454 4881 —
506 4841 835 4915 ῥαπίσματα,
900 4833 983 4886 Ἐν
1059 4841 1130 4904 τῷ
1201 4836 1420 4907 τοιούτῳ
1473 4834 1730 4908 κεφαλαίῳ

139 4931 354 4993 καθεξῆς
402 4934 492 4983 καὶ
540 4934 704 4982 ταῦτα
744 4926 915 4979 πάντα
969 4932 1105 4995 σαφῆ
1156 4927 1405 4995 γεγόνασι
1459 4927 1593 4976 κατά
1642 4924 1729 4977 λό-

208 5131 251 5166 ⁶⁹
291 5131 464 5187 Joan.
496 5146 600 5195 xu,
633 5134 720 5188 33.
848 5132 897 5167 7°
936 5128 1139 5185 Matth.
1184 5144 1360 5187 xxvn.
1396 5133 1484 5185 It.

1594 5131 1639 5166 τί
1673 5129 1814 5186 ibid.

1841 4658 2033 4715 Iesum
2050 4673 2180 4713 vero
2195 4657 2507 4728 perderent
2526 4658 2546 4691 ⁷
2555 4659 2577 4693 ³
2598 4675 2610 4725 ;
2635 4664 2692 4713 et
2706 4658 2863 4714 illius
2884 4657 3014 4729 lege
3031 4660 3491 4719 enarrationem.

1913 4835 2069 4891 CAP.
2114 4836 2256 4891 XIX.
2287 4836 2448 4891 Vers.
2493 4836 2549 4892 1.
2604 4836 2790 4893 Tunc.
2842 4866 2908 4877 —
2943 4837 3111 4895 Vers.
3163 4838 3217 4895 3.
3263 4840 3492 4910 alapas.

1843 4926 2009 4982 Dicto
2051 4924 2245 4997 capite
2275 4928 2709 4996 consequenter
2755 4924 2931 4983 etiam
2984 4925 3113 4983 haec
3162 4928 3369 4987 omnia
3416 4930 3495 4988 ad

1942 5132 1989 5165 ⁷⁵
2027 5129 2174 5186 ibid.
2209 5134 2292 5186 I5.
2412 5131 2461 5165 7’
2487 5128 2633 5186 ibid.
2665 5133 2752 5187 20.

1378 5324 1600 5394 Variae
1621 5325 1949 5395 lectiones
1980 5336 2047 5393 et
2074 5336 2273 5393 notae.

227 5524 315 5581 35)
355 5521 591 5579 Inclusa
621 5519 842 5579 omittit
864 5521 930 5577 A.

227 5528 290 5581 35
355 5524 591 5579 Inclusa
621 5524 842 5579 omittit
864 5524 930 5577 A.

225 5524 315 5667 36)
357 5594 594 5667 Inclusa
627 5592 848 5667 absunt
871 5593 939 5648 A.

202 5664 315 5735 ('37)
357 5667 548 5721 Etiam
576 5664 707 5721 haec
741 5665 965 5723 absunt
989 5667 1055 5720 A.

203 5739 317 5812 (38)
360 5736 597 5795 Inclusa
623 5735 841 5794 omittit
867 5736 935 5793 Α.

1939 5522 2026 5586 39)
2066 5522 2301 5579 Inclusa
2330 5522 2548 5579 absunt
2571 5528 2633 5578 Α.

1938 5594 2027 5666 40)
2060 5594 2246 5650 Etiam
2276 5594 2401 5651 haec
2428 5595 2648 5651 absunt
2671 5598 2739 5654 Α.

1940 5666 2037 5741 41),
2088 5668 2150 5741 In
2199 5671 2479 5741 contextu
2509 5667 2692 5741 codd.
2720 5668 3046 5741 “Euthymii
3094 5670 3321 5728 habent
3379 5670 3484 5741 ibi,

1847 5741 1986 5799 τοὺς.
2019 5736 2232 5810 ὄχλους.
2267 5742 2351 5796 Ita
2379 5737 2478 5795 hic
2506 5739 2686 5797 etiam
2717 5736 3059 5799 Hentenius.
