4076 6432
101 369 121 423 1
136 367 245 423 465

1103 355 1474 414 COMMENT.
1515 353 1584 410 IN
1623 351 1974 409 JOANNEM.
2023 381 2089 388 —
2128 347 2282 404 CAP.
2326 343 2472 400 XIX.

3337 335 3358 386 -l
3373 329 3474 385 466

173 492 460 565 Ἀπεκρίθη
486 521 553 531 -
591 489 801 542 ἄνωθεν.
827 485 1132 560 Ἀπεκρίθη,
1166 489 1448 536 κατασπῶν
1478 485 1572 539 τὴν
1604 479 1704 532 ἀπὸ

1888 479 2052 532 Vers.
2069 475 2128 529 ll
2144 517 2157 531 .
2175 469 2500 539 Respondit
2533 498 2593 506 —
2608 462 2891 536 supernis.
2910 457 3235 532 Respondit
3247 456 3470 512 fastum

102 590 201 642 τῆς
231 580 469 644 ἐξουσίας
497 580 654 651 ὀφρῦν
699 576 880 642 αὐτοῦ,
920 579 1009 626 καί
1031 593 1187 644 φησιν
1216 591 1228 603 ·
1260 572 1370 625 Οὐκ
1401 569 1542 642 εἶχες
1571 568 1708 631 ἐξουο

106 675 228 723 σίαν
254 667 501 741 οὐδεμίαν
535 669 647 718 κατ’
677 665 820 738 ἐμοῦ,
854 665 896 716 εἰ
925 669 996 736 μὴ
1032 660 1092 721 ἧν
1125 682 1208 714 σοι
1239 662 1707 733 συγκεχωρημένον

105 759 161 811 ἐκ
194 767 351 817 Θεου,
388 754 585 831 [δηλῶν
631 756 742 827 (52)
792 753 907 806 κατ’
959 753 1254 823 οἰκονομίαν
1308 769 1421 801 τινα
1453 751 1708 821 θειοτέραν

103 850 359 919 πάσχειν.
390 847 499 900 Ἰνα
530 843 588 898 δε
613 852 682 916 μή
720 843 948 905 ἀκούσας
972 849 1124 893 τοῦτο
1145 844 1335 914 νομίσῃ
1371 836 1708 907 ἀπηλλάχθαι

105 938 403 1010 ἐγκλήματο
415 958 454 1006 ς,
487 935 716 1008 ἐπήγαγε

180 1118 277 1168 Διά
301 1121 450 1167 τοῦτο
471 1144 537 1154 --
563 1115 694 1184 ἔχει.
729 1116 870 1164 Διότι
895 1109 1132 1173 ἐξουσίαν
1161 1111 1323 1180 ἔχεις,
1349 1109 1436 1158 καὶ
1463 1105 1556 1157 οὐκ
1585 1101 1708 1156 ἀπο-

105 1204 247 1266 λύεις
268 1224 349 1276 με,
386 1202 478 1255 οὐκ
501 1201 814 1255 ἀπολέλυσαι
846 1199 1124 1275 ἁμαρτίας,
1151 1197 1194 1250 εἰ
1219 1202 1307 1249 καὶ
1332 1194 1590 1254 ἐλάττονος
1614 1201 1708 1253 τῆς

104 1303 208 1347 τῶν
235 1289 575 1367 παραδόντων
603 1294 666 1363 μέ
705 1311 809 1346 σοι.
846 1293 942 1342 Καὶ
971 1290 1071 1361 γὰρ
1129 1287 1270 1340 οὗτοι
1302 1288 1390 1358 μεν
1421 1287 1707 1358 μιαιφόνοι,

109 1388 176 1437 σὺ
211 1380 271 1437 δὲ
300 1381 498 1445 ἁπαλὸς
522 1386 610 1434 καὶ
641 1380 959 1454 εὖρίπιστος.

182 1562 273 1614 Ἐκ
295 1592 362 1600 -
393 1559 568 1614 αὐτόν.
605 1556 995 1632 [Καταπλαγεὶς
1022 1554 1134 1626 (53)
1163 1556 1283 1614 τοὺς
1311 1551 1498 1623 λόγους
1528 1550 1709 1602 αὐτοῦ.

108 1647 367 1704 Ἰουδαῖοι
398 1646 476 1714 δε,
512 1654 601 1701 καὶ
634 1650 886 1720 θεοπρεπῆ
925 1650 1117 1717 σημεῖα
1148 1643 1308 1695 αὐτοῦ
1338 1640 1500 1694 πολλά
1528 1641 1714 1692 θεασά-

111 1759 276 1812 μενοι,
309 1738 498 1811 μᾶλλον
526 1737 813 1809 ἐμαίνοντο.
846 1734 868 1808 ]

1817 567 2166 638 objurgans,
2200 562 2304 634 qui
2329 560 2409 614 illi
2441 557 2520 614 ob
2561 558 2913 627 potestatem
2941 547 3313 605 accrescebat
3347 546 3474 617 (γη),

1819 664 1874 713 et
1901 636 1990 712 ait
2023 673 2035 709 :
2065 655 2196 709 Non
2242 650 2478 708 haberes
2521 648 2867 716 potestatem
2923 639 3110 695 ullam
3169 636 3471 692 adversum

1817 763 1927 813 me,
1969 746 2083 800 nisi
2139 747 2276 800 esset
2329 739 2435 794 tibi
2487 738 2746 792 datume
2791 731 3078 801 supernis,
3131 726 3474 796 signiﬁcans

1818 836 2023 892 divina
2055 832 2317 906 quadam
2357 823 2800 899 dispensatione
2841 838 2902 876 se
2942 818 3083 891 pati.
3117 821 3196 874 Ne
3249 820 3472 880 autem,

1817 928 1931 983 hoc
2008 905 2232 987 audito,
2289 918 2673 976 arbitraretur
2731 927 2860 967 sese
2911 907 3141 966 absolvi
3209 905 3475 976 crimine,

1820 1013 2146 1086 subjunxit.

1891 1107 2048 1160 Vers.
2084 1105 2163 1157 lt.
2221 1101 2534 1167 Pr0pterea
2588 1091 2868 1147 —habet.
2922 1087 3072 1154 Quia
3121 1087 3474 1156 potestatem

1818 1195 2152 1260 habes,nec
2178 1187 2441 1246 absolvis
2472 1199 2585 1250 me,
2614 1197 2811 1238 nones
2833 1177 3118 1235 immunis
3145 1191 3179 1230 a
3204 1178 3476 1246 peccato,

1821 1297 2172 1357 quanquam
2198 1277 2396 1334 minus
2426 1275 2498 1330 sit
2547 1275 2790 1345 peccato
2847 1283 3057 1325 eorum
3106 1265 3208 1337 qui
3241 1279 3337 1318 me
3370 1261 3478 1318 tibi

1822 1350 2191 1430 tradiderunt
2221 1364 2548 1438 :siquidem
2585 1361 2665 1416 illi
2691 1357 3001 1416 homicidas
3031 1360 3168 1410 sunt
3189 1350 3477 1418 scelerati,

1824 1467 1890 1518 tu
1922 1477 2060 1516 vero
2093 1456 2286 1514 mollis
2313 1454 2601 1524 facileque
2633 1448 2935 1506 credulus.

1895 1553 2063 1606 Vers.
2096 1549 2176 1603 12.
2193 1548 2289 1603 Ex
2312 1560 2536 1601 —-eum.
2553 1538 2940 1596 Sermonibus
2967 1535 3094 1605 ejus
3108 1531 3478 1605 perterritus.

1822 1640 2005 1698 Judaei
2036 1654 2194 1702 vero,
2236 1635 2332 1708 qui
2365 1633 2571 1689 divina
2611 1631 2739 1701 ejus
2771 1628 2944 1696 signa
2976 1624 3311 1695 frequenter
3343 1636 3482 1677 con-

1827 1732 2168 1802 spexerant,
2199 1723 2459 1796 amplius
2491 1717 2890 1775 insaniebant.

187 1832 252 1882 Οἱ
284 1826 342 1881 δὲ
391 1823 642 1882 Ἰουδαῖοι
675 1857 743 1866 -
777 1829 1029 1896 Καίσαρι.
1069 1818 1295 1882 ’ἰδόντες
1335 1819 1578 1878 ἀνόνητον
1628 1823 1714 1870 τὸν

1862 1800 2054 1874 —Vers.
2094 1821 2174 1872 l2.
2208 1815 2404 1870 Judwi
2459 1817 2653 1867 autem
2685 1839 2751 1847 —-
2802 1805 3044 1862 Caesari.
3089 1800 3285 1857 lntuiti
3319 1800 3480 1871 obje-

111 1917 470 1992 προϐληθέντα
523 1921 696 1988 νόμον,
747 1919 836 1966 καὶ
873 1918 1074 1985 γνόντες
1123 1913 1203 1964 ὃτι
1256 1911 1405 1971 ζητεῖ
1455 1908 1716 1960 ἀπολῦσαι

114 2009 292 2071 αὐτὸν,
325 2006 481 2076 πάλιν
505 2004 588 2058 ἐπὶ
617 2009 704 2062 τὴν
743 2006 1061 2075 κατηγορίαν
1095 2009 1186 2060 τῆς
1216 1995 1523 2073 τυραννίδος
1563 2016 1716 2070 μετα-

114 2105 406 2169 χωροῦσιν,
431 2098 500 2156 ὡς
530 2096 587 2146 οὗ
616 2096 905 2166 παροπτέαν
923 2100 994 2162 τῷ
1021 2089 1248 2161 Πιλάτῳ,
1269 2085 1362 2141 διὰ
1391 2091 1476 2140 τόν
1504 2086 1604 2138 ἀπὸ
1626 2093 1717 2138 τοῦ

118 2191 378 2259 Καίσαρος
401 2183 572 2256 φόϐον.
604 2183 715 2236 Οὔκ
746 2179 793 2235 εἴ
815 2180 977 2254 φίλος,
1017 2183 1181 2232 εἶτουν
1215 2182 1406 2240 εὔνους.
1438 2176 1716 2248 Ἀντιλέγει

117 2272 196 2343 δε,
223 2280 342 2334 ἤτοι
364 2277 646 2348 Ἀνταίρει.

193 2460 291 2508 Καὶ
321 2461 421 2507 ποῦ
461 2454 612 2515 οὗτος
665 2448 974 2528 τυραννίδος
1025 2450 1137 2522 (54)
1175 2448 1304 2501 ἑάλω
1347 2449 1542 2514 ;πόθεν
1572 2448 1719 2518 ἔχετε

118 2541 290 2606 δεῖξαι
315 2551 466 2596 τοῦτο
497 2561 510 2610 ;
541 2542 640 2594 ἀπὸ
662 2550 754 2603 τῆς
785 2536 1097 2614 ἀλουργίδος
1126 2557 1138 2607 ;
1173 2538 1274 2590 ἀπὸ
1305 2544 1395 2590 τοῦ
1453 2533 1721 2608 διαδημα-

115 2653 200 2693 τος
232 2651 245 2701 ;
277 2633 376 2685 ἀπό
404 2642 493 2684 του
521 2631 795 2704 ὀχήματος
827 2647 840 2697 ;
875 2628 975 2682 ἀπὸ
1031 2638 1123 2690 τῆς
1179 2628 1339 2689 ἄλλης
1389 2633 1720 2698 παρασκευῆς

113 2727 203 2774 καὶ
231 2731 328 2774 τῶν
355 2725 682 2794 παρασήμων
718 2737 731 2786 ;
757 2719 814 2771 οὗ
846 2721 1015 2770 πάντα
1047 2714 1106 2774 ἦν
1138 2715 1340 2776 εὐτελὴς
1385 2719 1474 2766 καὶ
1528 2718 1720 2786 τροφὴν

115 2817 204 2864 καὶ
232 2810 422 2869 στολὴν
482 2815 571 2862 καὶ
601 2813 808 2867 οἴκησιν
839 2812 929 2860 καὶ
978 2811 1044 2858 τά
1084 2805 1241 2858 λοιπά
1275 2823 1288 2872 ;
1317 2807 1449 2876 μετά
1509 2799 1722 2855 δώδεκα

114 2904 281 2971 μόνων
307 2903 702 2971 περιερχόμενος
732 2897 1000 2968 μαθητῶν,
1034 2899 1121 2946 καὶ
1151 2895 1343 2946 τούτων
1367 2892 1582 2966 οἰκτρῶν
1610 2908 1622 2920 ·
1659 2893 1722 2942 τὰ

116 2987 273 3041 πλείω
298 2983 356 3040 δὲ
387 2992 561 3059 μόνος.

192 3255 250 3308 Ὀ
277 3251 364 3307 οὖν
393 3253 609 3313 Πιλάτος
643 3283 710 3293 -
740 3250 969 3305 Γαϐαθᾶ.
1003 3253 1239 3322 Νομίσας
1283 3248 1625 3322 προσκρούειν
1653 3253 1723 3316 τῷ

125 3347 378 3417 Καίσαρι,
411 3347 499 3394 καὶ
520 3337 905 3406 κινδυνύεειν,εἰ
923 3336 1144 3412 παρίδοι
1174 3342 1262 3396 τήν
1289 3339 1534 3394 τοιαύτην
1561 3354 1726 3392 κατη-

123 3438 305 3505 γορίαν
339 3431 686 3500 ἀνεξέταστον,
727 3435 918 3501 ἤγαγεν
962 3429 1056 3492 ἔξω
1115 3428 1227 3500 (55)
1280 3435 1376 3488 τῆς
1424 3425 1612 3485 πόλεως
1639 3427 1724 3476 τόν

125 3523 349 3588 Ἰησοῦν,
373 3526 463 3573 καί
485 3520 719 3573 ἐκάθισεν
751 3519 833 3572 ἐπὶ
875 3517 945 3591 l31')
953 3537 1113 3590 ματος
1135 3513 1392 3590 δημοσίᾳ,
1419 3517 1499 3567 ἵνα
1529 3515 1724 3576 πάντας

121 3616 242 3685 ἔχοι
270 3613 538 3686 μάρτυρας
569 3618 660 3670 τῆς
685 3609 984 3672 ἐξετάσεως.

195 3791 291 3843 Ἦν
327 3822 395 3829 —
447 3790 591 3846 ἕκτη.
639 3791 1119 3860 Παρεσημειώσατο
1149 3789 1238 3837 καὶ
1273 3789 1364 3842 τὴν
1412 3785 1605 3855 ἡμέραν
1637 3784 1726 3832 καὶ

127 3885 219 3939 τὴν
251 3882 406 3954 ὥραν,
444 3875 691 3931 δεικνύων
724 3879 800 3929 ὅτι
838 3875 896 3928 οὐ
953 3881 1106 3948 μόνον
1147 3873 1194 3926 ἐν
1246 3874 1375 3945 αὐτῇ
1435 3880 1496 3944 τῇ
1560 3873 1728 3942 ἡμέρᾳ

126 3977 214 4021 τοῦ
247 3971 464 4040 Πάσχα,
503 3966 629 4018 ἀλλὰ
657 3971 746 4018 καὶ
795 3974 892 4026 τῆς
947 3966 1141 4039 ἡμέρας
1181 3959 1288 4022 ἤδη
1322 3963 1595 4020 κλινουσης
1642 3963 1728 4010 καὶ

131 4057 445 4129 ἐγγιζούσης
476 4065 536 4129 τῇ
561 4054 753 4129 ἑσπέρᾳ
777 4062 871 4116 τῆς
899 4053 1097 4127 ἑορτῆς,
1131 4054 1212 4105 ὅτε
1241 4057 1298 4105 τό
1332 4054 1532 4123 Πάσχα
1557 4051 1725 4115 ἔθυον,

133 4145 476 4220 δικαστήριον
538 4148 890 4216 θανατηφόρον
941 4147 1298 4217 συνεκρότουν,
1339 4143 1385 4193 οἱ
1441 4143 1540 4213 πρὸ
1600 4137 1728 4211 βρα-

132 4242 256 4309 χέος
285 4239 516 4309 μιασμόν
575 4237 901 4306 ἡγησάμενοι
951 4237 1006 4285 τὸ
1051 4231 1290 4290 ἐπιϐῆναι
1330 4238 1420 4282 τοῦ
1472 4225 1728 4284 δικαστη-

131 4346 268 4400 ριου.

1826 1916 1986 1968 ctam
2023 1910 2215 1978 legem
2254 1906 2437 1962 fuisse
2470 1900 2759 1966 inutilem,
2790 1901 2847 1953 et
2893 1894 3284 1963 intelligentes
3315 1889 3480 1963 quod

1827 2017 1966 2057 eum
1999 1998 2170 2053 vellet
2201 1993 2524 2056 absolvere,
2569 1987 2647 2044 ad
2673 1983 3110 2043 accusationem
3144 1981 3359 2036 iterum
3390 1983 3484 2050 ty-

1827 2089 2093 2146 rannidis
2178 2086 2495 2148 divertunt,
2579 2094 2762 2150 quam
2805 2075 3009 2130 timore
3035 2070 3282 2127 Caesaris
3359 2084 3480 2124 non

1827 2185 2029 2253 posset
2057 2175 2228 2249 parvi
2260 2172 2522 2247 pendere
2557 2168 2787 2224 Pilatus.
2819 2166 2952 2220 Non
3004 2178 3061 2218 es
3097 2161 3331 2224 amicus,
3363 2158 3482 2213 sive

1827 2250 2171 2325 benevolus.
2228 2260 2600 2320 Contradicit
2658 2271 2821 2321 vero,
2885 2255 2995 2310 hoc
3048 2255 3158 2316 est,
3201 2250 3485 2305 Adversa-

1827 2365 1944 2416 tur.
1969 2359 2078 2430 (η).

1903 2427 2142 2523 Verum,
2170 2439 2482 2516 quomodo
2521 2439 2618 2494 hic
2693 2431 3072 2508 tyrannidem
3105 2428 3427 2485 meditatur
3456 2427 3484 2482 ?

1834 2538 1988 2594 unde
2014 2518 2128 2592 hoc
2159 2515 2410 2606 potestis
2437 2526 2746 2585 ostendere
2769 2525 2797 2579 ἲ
2813 2539 2889 2580 an
2913 2525 3119 2578 aveste
3134 2532 3438 2591 purpurea
3457 2515 3485 2570 ?

1833 2645 1870 2684 a
1934 2622 2323 2681 diademate?
2375 2619 2453 2674 ab
2509 2616 2774 2673 habitu?
2814 2613 2999 2668 aliove
3044 2611 3349 2680 apparatu,
3383 2608 3487 2660 aut

1833 2715 2168 2784 insignibus
2198 2713 2226 2768 ἰ)
2279 2723 2478 2766 annon
2532 2705 2737 2761 omnia
2781 2699 3131 2772 abjectionis
3184 2698 3354 2751 erant
3386 2694 3483 2763 (0),

1833 2807 1956 2862 sive
1987 2804 2362 2866 alimentum,
2399 2798 2521 2852 sive
2549 2795 2919 2858 indumenta,
2977 2789 3101 2843 sive
3141 2787 3384 2842 domum
3416 2797 3486 2838 ac

1833 2892 2344 2952 conversationem
2377 2892 2480 2944 aut
2501 2891 2712 2942 cmtera
2739 2880 3010 2953 spectetis
3035 2877 3064 2931 ?
3093 2892 3229 2931 cum
3261 2871 3486 2930 duode-

1833 2985 1950 3040 cim
2000 2988 2233 3038 tantum
2266 2975 2622 3034 circumiens
2655 2969 2982 3042 discipulis,
3038 2967 3231 3038 iisque
3280 2963 3488 3020 admo-

1833 3073 1978 3126 dum
2038 3068 2358 3124 humilibus
2397 3070 2472 3129 et,
2535 3062 2802 3133 abiectis,
2858 3060 2979 3113 imo
3020 3061 3077 3112 et
3134 3055 3487 3125 plerumque

1837 3160 2020 3215 solus.

1839 3289 1849 3299 .
1905 3251 2066 3303 Vers.
2106 3247 2189 3302 l3.
2248 3244 2476 3299 Pilatus
2517 3255 2647 3310 ergo
2679 3268 2747 3278 ——
2799 3233 3096 3292 Gabalha.
3160 3229 3487 3285 Arbitratus

1834 3353 1962 3393 sese
2021 3335 2389 3392 offensurum
2435 3333 2722 3386 Caesarem
2782 3340 2852 3380 ac
2903 3319 3391 3394 periclitaturum,
3436 3316 3487 3372 si

1833 3427 1934 3498 huj
1947 3423 2178 3481 usmodi
2195 3421 2636 3479 accusationem
2653 3415 3054 3471 indiscussam
3079 3407 3490 3482 praetereundo

1835 3518 2258 3577 contemneret,
2320 3509 2486 3566 duxit
2529 3511 2730 3563 Jesum
2791 3508 2958 3558 extra
2997 3498 3355 3572 prmtorium,
3419 3511 3488 3551 ac

1835 3605 2072 3679 publice
2106 3603 2254 3658 sedit
2287 3616 2390 3672 pro
2440 3595 2744 3662 tribunali,
2803 3600 2866 3649 ut
2899 3590 3204 3646 universos
3240 3585 3491 3642 haberet

1838 3711 1962 3752 suae
1989 3690 2386 3765 inquisitionis
2432 3691 2632 3743 testes.

1909 3785 2071 3840 Vers.
2109 3784 2193 3838 14.
2227 3782 2378 3836 Erat
2408 3811 2477 3817 —
2505 3781 2693 3833 sexta.
2753 3773 2915 3828 Diem
2970 3785 3038 3825 ac
3068 3769 3279 3825 horam
3314 3765 3490 3834 signi-

1835 3876 2054 3940 ﬁcavit,
2071 3872 2390 3930 ostendens
2413 3866 2578 3941 quod
2601 3881 2715 3922 non
2749 3863 2945 3919 solum
2967 3861 3100 3933 ipso
3119 3858 3213 3914 die
3229 3856 3487 3922 Paschaa,

1836 3981 2040 4021 verum
2070 3965 2248 4018 etiam
2303 3960 2400 4016 die
2426 3960 2552 4029 jam
2571 3955 2928 4017 declinante,
2959 3951 3208 4021 festique
3240 3961 3491 4018 vespera

1837 4045 2633 4126 appropinquante,quaudo
2647 4042 2872 4099 Pascha
2889 4036 3304 4101 immolabant,
3325 4034 3492 4089 fune-

1838 4121 1994 4197 stum
2027 4121 2290 4196 tribunal
2349 4133 2790 4196 convocabant,
2823 4129 2923 4200 qui
2989 4127 3169 4199 paulo
3201 4128 3337 4179 ante
3363 4121 3489 4178 loco

1839 4229 2056 4303 piaculi
2090 4227 2410 4289 habebant,
2451 4218 2794 4292 hujusmodi
2824 4215 3084 4274 tribunal
3117 4213 3417 4269 accedere.

208 4417 304 4466 Καὶ
354 4444 417 4452 -
458 4414 618 4484 ὑμῶν.
657 4415 833 4485 Ἀφεὶς
890 4410 1128 4474 ἐξετάσαι
1170 4408 1324 4461 πάλιν
1380 4412 1453 4467 εἰς
1511 4409 1567 4458 τὸ
1600 4401 1722 4459 δυσ-

1910 4407 2074 4461 Vers.
2109 4405 2189 4458 14.
2216 4403 2292 4459 Ει
2327 4432 2393 4441 -—
2422 4404 2626 4456 vester.
2649 4395 2867 4452 Relicta
2885 4391 3254 4449 discussione
3279 4390 3490 4447 iterum

133 4513 343 4563 ωπῆσαι
390 4505 600 4562 τούτους
631 4500 897 4577 ἐτράπετο.
929 4497 1065 4574 [Ἴδε
1289 4499 1414 4570 γὰρ,
1468 4500 1649 4568 φησὶν,
1708 4497 1734 4547 ό

1845 4495 1923 4552 ad
1955 4492 2318 4566 placandum
2373 4505 2474 4544 eos
2531 4483 2881 4542 convertitur
2911 4500 2922 4538 :
2956 4484 3118 4547 Ecce,
3150 4478 3360 4552 inquit,
3383 4493 3492 4534 rex

1345 4674 1564 4744 Variae
1594 4674 1926 4743 lectiones
1958 4683 2022 4740 et
2065 4678 2270 4740 notae.

229 4947 318 5007 53)
345 4951 582 5006 Inclusa
620 4947 840 5004 absunt
866 4949 937 5003 A.

347 5017 663 5103 Iupavvid‘og
693 5019 1002 5103 ἁλίσκεσθαι
1020 5019 1108 5103 est
1122 5015 1562 5103 atfectatiregni
1595 5029 1730 5103 cgn-

138 5087 312 5217 Egci.
348 5087 551 5148 Ne'scio
579 5107 739 5163 ergo,
775 5091 933 5148 unde
987 5089 1058 5145 sit
1096 5087 1428 5161 interpretis
1483 5087 1729 5143 medita-

230 4884 294 4936 52
349 4877 579 4934 Inclusa
603 4875 813 4932 desunt
851 4877 925 4932 A.

230 4953 296 5007 53
345 4951 582 5006 Inclusa
620 4947 840 5004 absunt
866 4949 912 5002 A

230 4882 320 5092 δέ
347 5017 663 5092 Τυραννίδος
693 5019 925 5092 ἁλίσκεσε

186 5332 306 5419 '(m)
339 5331 741 5419 Accresceba‘t.
768 5334 894 5419 l‘lpn
921 5336 1011 5387 est
1032 5331 1090 5386 in
1121 5328 1542 5419 Graeco.‘Forte
1573 5346 1734 5399 προς-

137 5401 366 5488 φύουσαν
399 5403 639 5488 invenit.
669 5402 865 5488 Bedde
896 5419 906 5456 :
937 5401 1266 5488 respondit,
1308 5406 1371 5488 at
1401 5401 1597 5488 ej‘usna
1626 5414 1730 5465 po-

137 5470 317 5558 tentia
345 5470 1109 5558 (sublatum)‘supercz'tiarn
1135 5472 1487 5558 detraheret.
1527 5470 1734 5526 Poten-

138 5547 277 5604 tiam
305 5548 463 5601 enim
496 5562 597 5601 seu
627 5544 977 5617 potestatem
1012 5544 1296 5617 habebat.
1330 5547 1394 5617 ut
1418 5556 1657 5617 praises:

176 5620 290 5700 __(n)
322 5611 710 5700 Adversatar.
747 5617 811 5700 In
836 5617 1039 5698 Grch
1059 5614 1312 5697 .éwfxipe:
1341 5611 1473 5694 plus
1503 5617 1606 5693 est.
1643 5611 1734 5668 Di-

139 5684 286 5746 citur
307 5690 466 5745 enim
498 5689 756 5762 ἀνταίρειν
777 5687 851 5744 de
879 5689 949 5743 iis
969 5684 1354 5762 quiprincip‘i
1381 5699 1451 5739 ac
1478 5684 1732 5762 regisuo

142 5777 202 5817 se
239 5767 553 5835 opponunt
577 5755 831 5834 ideoque
855 5755 1232 5832 tyrannidem
1265 5756 1563 5814 affectant.
1587 5755 1732 5812 Hinc

1911 4870 2024 4942 (55)
2053 4868 2368 4942 llentenius
2411 4881 2423 4920 :
2467 4865 2807 4942 πραιτωρίου.
2859 4857 3059 4942 peltas:
3115 4854 3494 4942 certelocum

1841 4925 1961 4998 no‘n
1981 4925 2181 4997 habet.
2199 4925 2647 4997 Condemn'atus
2666 4925 2827 4989 enim
2840 4931 3082 4986 demum
3095 4932 3260 4984 extra
3282 4925 3493 4998 urbem

1841 4997 2078 5071 dicitur.
2128 5011 2346 5081 Conjici
2400 5005 2609 5079 possit,
2649 5009 2744 5066 τὴς
2780 5001 2949 5064 πὺλης
3001 5005 3105 5057 aut
3132 5006 3224 5052 τοῦ
3269 4997 3495 5056 πυλῶνος

1841 5093 1932 5138 τοῦ
1961 5089 2302 5156 πραιτωρίου.

1915 5155 2027 5229 (56)
2071 5155 2261 5212 Incisa
2293 5155 2507 5210 absunt
2534 5156 2600 5210 A.

1841 5325 2284 5453 gabatantivum
2336 5322 2612 5398 ἀντάρτης.
2665 5321 2808 5378 Vide
2884 5321 3188 5391 Cbrysost.
3246 5319 3286 5372 t.
3340 5317 3401 5378 V,
3435 5330 3494 5386 p.

2011 5413 2066 5451 n.

1887 5413 1945 5453 Π
1965 5413 2066 5451 nn.

1876 5468 1994 5550 “(0)
2018 5468 2237 5550 ‘Annon
2265 5468 2475 5550 omnia
2503 5464 2848 5550 abjectionis
2895 5467 3062 5550 erant
3090 5461 3116 5516 ?
3144 5464 3221 5550 ac
3263 5457 3312 5514 si
3343 5457 3498 5527 lege-

1842 5540 1933 5604 rit,
1975 5540 2032 5591 οὐ
2065 5541 2234 5591 πάντα
2260 5535 2320 5597 ἧν
2348 5531 2616 5604 εὐτελείας,
2651 5541 2742 5589 καί
2771 5540 2960 5610 τροφὴ,
2993 5555 3044 5586 κ.
3078 5553 3128 5585 τ.
3156 5531 3203 5585 λ.

1844 5599 2043 5694 Redde
2063 5631 2086 5694 ⁸ε
2113 5611 2326 5694 Nonne
2348 5611 2410 5666 in
2430 5599 2699 5694 omnibus
2713 5599 2839 5666 erat
2864 5599 2994 5664 uitis
3022 5609 3116 5674 (ac
3145 5601 3410 5668 humtiis)
3434 5599 3496 5654 in

1845 5688 2023 5748 victu,
2052 5685 2114 5738 in
2151 5685 2377 5749 vestitu,
2407 5688 2518 5740 etc.
