4076 6428
147 321 300 379 1469

148 459 249 511 τῆς
297 449 522 522 κεφαλῆς
600 449 762 503 αὐτοῦ
841 451 954 522 [τὴν
1044 449 1217 502 αἰτίαν
1289 449 1398 523 (62)
1457 449 1614 502 αὐτοῦ
1664 469 1754 521 γε-
1790 450 1834 504 Α

147 558 464 612 γραμμενην
521 559 533 572 ο
592 540 759 602 Οὗτός
831 539 968 592 ἐστιν
1040 541 1065 592 ό
1142 538 1393 612 βασιλεὺς
1467 548 1565 592 τῶν
1619 539 1757 593 Ἰον-

155 625 372 699 δαίων.]

235 720 304 770 Oi.
331 715 418 769 οὖν
449 726 764 790 στρατιῶται
795 750 863 759 —
891 717 1105 792 κλῆρον.
1156 718 1270 772 "En
1306 723 1396 770 καὶ
1423 726 1609 784 ταῦτα,
1643 719 1764 770 ἔνθα

153 812 245 860 τό·
312 813 707 881 Σταυρώσαντες
765 804 824 860 δὲ
873 808 1052 876 αὑτὸν,
1079 806 1442 881 διεμερίσαντο
1469 812 1532 860 τὰ
1581 810 1766 879 ἱμάτια

159 896 350 961 αὐτοῦ,
410 895 678 968 βάλλοντες
731 897 938 971 κλῆρον.
997 903 1098 950 Καὶ
1141 896 1418 960 ἀνελλιπῶς
1457 897 1559 950 ἐκεῖ
1595 899 1765 950 πάντα

160 981 526 1059 διηρμηνεύθη
537 1006 630 1038 σαν
671 987 804 1058 (63).

239 1077 308 1127 Οἱ
371 1078 459 1147 μὲν
543 1072 630 1128 οὖν
712 1084 1026 1152 στρατιῶται
1092 1109 1160 1118 -
1229 1074 1580 1148 Μαγδαληνή.
1665 1081 1760 1129 Καὶ

159 1168 268 1236 μὴν
314 1169 592 1236 μονογενὴς
634 1161 694 1223 ἧν
735 1168 763 1223 ἡ
812 1171 1082 1227 Θεοτόκος·
1127 1165 1236 1218 ἀλλ’
1283 1166 1395 1218 ἐπεὶ
1441 1167 1630 1238 Ἰωσὴφ
1673 1171 1764 1217 καὶ

158 1253 376 1314 Κλοπᾶς
423 1250 654 1326 ἀδελφοὶ,
719 1257 833 1316 ἔθος
900 1252 958 1308 δε
1026 1255 1146 1327 παρ’
1204 1255 1458 1330 Ἑϐραίοις
1514 1260 1601 1307 καὶ
1670 1256 1764 1316 τὰς

157 1351 262 1394 τῶν
345 1339 578 1414 ἀδελφῶν
650 1351 903 1414 γυναῖκας
984 1342 1204 1417 ἀδελφὰς
1281 1346 1765 1420 προσαγορεύεσθαι

157 1427 258 1483 διὰ
300 1436 385 1489 την
443 1440 540 1482 τῶν
581 1429 780 1505 ἀνδρῶν
855 1430 1198 1506 ἀδελφότητα,
1250 1434 1425 1487 λοιπόν
1479 1439 1572 1493 τὴν
1646 1437 1765 1486 σύν-

155 1540 356 1594 νυμφον
407 1521 590 1587 αὐτῆς,
623 1519 848 1593 ἀδελφὴν
917 1523 1199 1595 ὠνόμασεν.
1259 1523 1395 1579 Ἀλλ’
1464 1525 1620 1582 Ἰωσὴ
1674 1527 1762 1595 μὲν

155 1617 250 1663 καὶ
305 1609 528 1675 Κλοπᾱς,
576 1613 624 1662 οἱ
680 1608 862 1683 ἄνδρες
920 1612 1107 1679 αὐτῶν,
1148 1616 1300 1684 φύσει
1342 1610 1576 1686 ἀδελφοῦ
1608 1613 1763 1665 αὐταὶ

159 1697 242 1764 δὲ,
291 1702 345 1752 αἱ
401 1703 593 1752 τούτων
649 1708 905 1771 γυναῖκες,
962 1704 1252 1774 ἀγχιστεία
1285 1698 1526 1772 ἀδελφαί.
1570 1705 1762 1760 Eia?!)-

159 1808 343 1841 κεισαν
393 1785 451 1841 δὲ
500 1791 644 1861 παρά
681 1797 753 1860 τῷ
801 1798 1028 1862 σταυρῷ,
1069 1787 1252 1843 ἄδειαν
1303 1793 1550 1864 εὑροῦσαι
1616 1811 1763 1849 τηνι-
1794 1791 1833 1844 Β

159 1885 352 1929 καῠτα.
408 1885 617 1950 Πρῶτον
833 1886 1001 1931 πᾶσαι
1045 1879 1098 1931 αἰ
1162 1882 1450 1953 μαθήτριαι
1515 1879 1616 1934 ἀπὸ
1666 1901 1764 1953 μα-

159 1968 341 2038 κρόθεν
400 1966 669 2041 ἐθεώρουν,
737 1969 800 2028 ὡς
867 1970 914 2020 οἱ
979 1967 1124 2020 ἄλλοι
1177 1966 1428 2033 ἐδίδαξαν
1490 1971 1756 2043 εὐαγγελι⁴

166 2075 310 2108 σται.

235 2144 547 2218 [Ἀνάγνωθι
569 2147 681 2214 (64)
718 2144 767 2197 ἐν
809 2153 881 2216 τῷ
909 2146 1049 2217 αὐτῷ
1080 2146 1336 2219 κεφαλαίῳ
1361 2135 1457 2207 ’τὴν
1503 2147 1758 2219 ἐξήγησιν

161 2241 274 2285 τοῦθ
305 2232 364 2294 Ὁ
409 2231 466 2286 δὲ
497 2235 724 2302 Ἰησοῦς,
754 2234 907 2288 πάλιν
946 2235 1137 2310 κράξας
1180 2245 1316 2310 φωνῇ
1347 2236 1568 2310 μεγάλῃ,
1599 2236 1764 2309 ἀφῆκε

160 2325 220 2374 τό
254 2324 498 2395 πνεῦμα]

238 2412 439 2472 Ἰησοῦς
464 2444 531 2452 -
562 2413 764 2484 ἠγάπα.
796 2418 921 2467 Τότε
956 2416 1056 2489 γὰρ
1085 2419 1173 2467 καὶ
1202 2415 1356 2477 αὐτὸς
1389 2420 1756 2489 συμπαρέστη,

160 2508 262 2552 τῶν
290 2499 493 2573 ἐχθρῶν
519 2499 790 2555 Ἰουδαίων
821 2501 927 2562 ἤδη
957 2503 1389 2577 ἀναχωρούντων.

232 2685 384 2750 Λέγει
449 2713 517 2720 —
573 2700 688 2736 σου.
771 2679 914 2740 Ἤδη
1004 2682 1344 2742 ἀποθνήσκων
1419 2687 1761 2758 παρατίθεται

156 2773 252 2827 τὴν
300 2774 500 2842 μητέρα
545 2778 618 2840 τῷ
665 2773 898 2844 μαθητῇ,
952 2776 1044 2830 τὴν
1103 2773 1444 2845 ἠγαπημένην
1501 2783 1572 2845 τῷ
1631 2775 1758 2845 ἠγα-

156 2863 390 2930 πημένῳ,
441 2864 528 2916 τὴν
567 2863 814 2933 παρθένον
867 2869 938 2932 τῷ
995 2864 1256 2934 παρθένων
1308 2861 1570 2916 παιδεύων
1619 2866 1760 2936 ἡμᾶς

161 2949 449 3020 φροντίζειν
508 2957 605 3000 τῶν
677 2953 861 3020 γονέων
928 2953 1090 3022 ἄχρις
1172 2951 1402 3022 ἐσχάτης
1477 2949 1757 3016 ἀναπνοῆς,

162 3037 189 3088 ὁ
247 3057 306 3088 αν
364 3038 422 3090 οὐ
479 3042 630 3108 μόνον
689 3039 782 3090 οὐκ
833 3038 948 3110 (65)
1004 3037 1361 3111 ἐμποδίζωσιν
1419 3042 1489 3102 εἰς
1550 3041 1759 3115 ἀρετὴν,

164 3125 292 3178 ἀλλὰ
333 3130 420 3176 καὶ
459 3125 648 3197 μᾶλλον
707 3127 1166 3199 συμφιλοσοφῶσιν
1219 3131 1343 3200 ἡμῖν
1387 3132 1453 3180 τὰ
1501 3135 1757 3202 σωτήρια.
1792 3145 1830 3198 C

163 3213 308 3286 [Ὅτε
366 3215 476 3285 (66)
532 3218 620 3288 μὲν
684 3219 783 3290 γὰρ
838 3215 1070 3288 ἀκαίρως
1123 3218 1370 3288 ἠνώχλει,
1423 3218 1558 3288 ὒιεγε
1615 3233 1629 3247 ·
1699 3223 1762 3270 Τί

163 3301 276 3374 ἐμοὶ
314 3308 403 3354 καὶ
451 3308 556 3369 σοὶ,
589 3307 778 3375 γύναι;
811 3310 920 3357 καὶο
969 3311 1061 3368 Τίς
1113 3305 1252 3358 ἐστιν
1301 3309 1330 3365 ἡ
1391 3311 1566 3380 μήτηρ
1613 3325 1756 3378 μον;

160 3400 246 3442 νῦν
306 3388 364 3443 δε
420 3392 612 3451 πολλὴν
682 3390 1035 3447 ἐπιδείκνυται
1101 3394 1486 3470 φιλοστοργίαν.
1549 3393 1658 3450 Ἴδε
1733 3398 1759 3448 ό

160 3483 270 3542 υἱός
327 3490 441 3548 σον,
501 3487 789 3535 τουτέστιν.
849 3485 998 3546 οὗτος
1072 3488 1219 3536 ἔσται
1287 3505 1372 3537 σοι
1433 3485 1538 3538 ἀντ’
1609 3486 1754 3558 ἐμοῦ·

155 3567 304 3623 Ἰδοὺ
343 3573 372 3628 ἡ
419 3577 593 3646 μήτηρ
637 3591 750 3642 σον,
804 3576 986 3644 ἤγουν,
1017 3579 1081 3626 σύ
1134 3577 1225 3647 ἔσῃ
1260 3579 1421 3648 ταύτῃ
1454 3573 1558 3627 ἀντ’
1606 3575 1752 3648 ἐμοῦ,

156 3658 388 3730 ὀφείλεις,
457 3664 524 3723 ὡς
573 3667 766 3735 μητρός
825 3682 940 3730 σου,
995 3666 1192 3725 ταύτης
1254 3664 1606 3738 φροντίζειν.]
1660 3672 1768 3727 Τῆς

158 3752 245 3819 μὲν
277 3750 365 3801 οὖν
408 3755 606 3822 μητρὸς
646 3749 928 3823 ἐφρόντισεο
983 3755 1070 3804 τὸν
1125 3749 1183 3805 δὲ
1241 3755 1482 3824 μαθητὴν
1548 3758 1773 3827 ἐτίμησε

158 3843 314 3909 τιμὴν
370 3844 461 3898 τὴν
510 3845 782 3912 μεγίστην,
829 3847 919 3893 καὶ
975 3851 1071 3903 τῆς
1106 3851 1413 3916 παραμονῆς
1455 3851 1615 3896 τοῦτο
1651 3846 1770 3916 (67)

161 3930 348 3999 μισθόν
384 3933 508 3991 τέως
541 3926 759 3984 δέδωκε.

234 4022 380 4070 Διατί
430 4015 487 4070 δὲ
542 4023 613 4091 μὴ
669 4025 757 4072 καὶ
799 4027 892 4080 τῆς
947 4020 1100 4081 ἄλλῆς
1139 4023 1406 4094 ἐφρόντισε
1473 4027 1768 4095 γυναικός;

164 4103 282 4157 Ὀτι
312 4105 473 4164 ἐκείνη
515 4109 604 4178 μὲν
663 4115 775 4179 εἶχε
820 4105 1104 4180 κηδεμόνα,
1138 4112 1167 4167 ἡ
1231 4107 1289 4162 δὲ
1335 4117 1508 4184 μήτηρ
1542 4109 1768 4166 οὐδένα.

167 4200 253 4246 καὶ
306 4199 389 4248 ἵνα
440 4205 636 4267 γνῶμεν
692 4199 769 4248 ὄτι
805 4202 916 4268 χρὴ
966 4203 1082 4259 τοὺς
1137 4202 1402 4261 τόιοντους
1455 4193 1780 4272 γεννήτορας

1144 322 1519 380 COMMENT.
1569 322 1640 377 IN
1678 320 2029 378 JOANNEM.
2071 352 2138 362 —
2178 320 2337 376 CAP.
2379 321 2533 378 XIX.

3388 312 3528 370 1470

1875 463 2051 518 super
2065 448 2382 518 caputejus
2410 461 2647 504 causam
2659 445 2844 518 ipsius
2865 443 3170 514 scriptam,
3194 443 3293 500 Hic
3313 449 3396 499 est
3420 456 3520 498 rex

1870 538 2212 596 Judteorum
2241 539 2310 592 ⁷⁸.

1945 717 2106 772 Vers.
2127 719 2214 771 23.
2236 715 2450 771 Milites
2462 729 2601 784 ergo
2625 745 2684 754 —
2702 713 2871 768 Vers.
2896 713 2983 768 24.
2999 717 3231 768 sortem.
3247 711 3528 767 Praeterea

1873 806 2085 870 ethaec,
2113 805 2216 862 ubi
2240 805 2453 861 dicitur
2479 822 2490 859 :
2512 805 2777 874 Cumque
2802 802 3235 871 cruciﬁxissent
3257 815 3403 867 eum,
3436 799 3528 854 di-

1873 895 2140 953 viserunt
2178 895 2521 951 vestimenta
2552 896 2674 964 ejus
2705 894 2752 929 79
2771 911 2787 965 ;
2823 908 2964 949 nam
2997 891 3078 946 ibi
3123 889 3326 947 omnia
3360 888 3524 944 nullo

1873 985 2266 1058 praetermisso
2291 984 2603 1040 enucleate.
2631 987 2788 1039 sunt.

1943 1077 2103 1130 Vers.
2134 1077 2224 1130 24.
2255 1074 2473 1129 Milites
2501 1073 2704 1144 itaque
2739 1101 2806 1112 -
2829 1073 2987 1127 Vers.
3025 1073 3119 1126 25.
3156 1069 3516 1138 Magdalene.

1873 1164 2050 1237 Atqui
2090 1163 2392 1233 unigenita
2430 1167 2555 1218 erat
2583 1161 2683 1217 Dei
2714 1163 2893 1216 Mater
2927 1176 2939 1215 :
2972 1175 3184 1215 verum
3212 1157 3433 1229 JOseph
3471 1158 3528 1213 et

1875 1254 2114 1326 Cleopas
2150 1254 2357 1309 fratres
2387 1256 2573 1308 erant.
2617 1249 2786 1307 Moris
2816 1253 3017 1305 autem
3067 1252 3190 1304 erat
3228 1245 3391 1318 apud
3424 1247 3528 1301 He-

1872 1343 2090 1409 braeos,
2133 1342 2382 1398 fratrum
2412 1357 2650 1414 quoque
2689 1355 2921 1404 uxores,
2961 1337 3263 1410 appellare
3295 1349 3528 1391 sorores

1875 1438 2115 1504 propter
2129 1432 2390 1487 virorum
2418 1430 2860 1486 fraternitatem.
2885 1431 3087 1500 Itaque
3101 1443 3256 1491 eam,
3273 1441 3402 1497 quas
3416 1439 3525 1496 pa-

1875 1523 2011 1577 riter
2031 1538 2170 1578 cum
2195 1538 2266 1576 ea
2289 1538 2436 1576 uxor
2461 1525 2585 1576 erat
2606 1520 2712 1592 (ιι),
2740 1534 3008 1572 sororem
3032 1515 3381 1572 nominavit.
3408 1513 3524 1570 Sed

1873 1613 1895 1666 J
1905 1612 2088 1683 oseph
2101 1611 2347 1684 quidem
2368 1617 2424 1666 et
2445 1610 2692 1681 Cleopas
2711 1607 2817 1662 viri
2831 1622 3058 1670 earum,
3078 1610 3292 1660 natura
3316 1603 3525 1658 fratres

1873 1708 2041 1758 erant
2070 1719 2081 1756 :
2120 1703 2266 1774 ipsae
2306 1705 2506 1756 autem
2534 1715 2740 1754 eorum
2770 1713 3003 1762 uxores,
3037 1695 3325 1750 afﬁnitate
3357 1707 3525 1747 soro-

1873 1808 1984 1847 res.
2023 1791 2268 1847 Stabant
2293 1807 2426 1846 vero
2457 1790 2629 1860 juxta
2659 1802 2917 1848 crucem,
2957 1790 3095 1839 tunc
3127 1788 3316 1838 nactae
3359 1796 3528 1836 secu-

1872 1881 2109 1936 ritatem
2143 1898 2154 1935 :
2189 1881 2446 1952 primum
2478 1879 2635 1933 enim
2679 1891 2891 1931 omnes
2940 1872 3248 1945 discipulae
3293 1871 3524 1926 eminus

1872 1969 2342 2043 conspiciebant,
2394 1967 2571 2023 veluti
2609 1965 2803 2022 caeteri
2843 1964 3174 2019 docuerant
3229 1958 3524 2029 evangeli-

1873 2066 1978 2116 εἶδε
1989 2100 2002 2112 .

1945 2153 2094 2220 Lege
2124 2153 2179 2205 et
2207 2147 2418 2206 eodem
2451 2146 2638 2218 capite
2669 2143 2804 2200 dicti
2834 2143 2992 2198 illius
3037 2138 3467 2196 enarrationem
3510 2153 3525 2193 :

1871 2239 2035 2296 Jesus
2047 2246 2267 2303 autem,
2285 2253 2416 2294 cum
2439 2238 2647 2291 iterum
2661 2235 2963 2290 clamasset
2978 2245 3115 2288 voce
3131 2243 3372 2300 magna,
3393 2226 3531 2283 emi-

1871 2329 1946 2384 sit
1974 2329 2251 2398 spiritum
2284 2329 2351 2381 ³⁰.

1945 2422 2102 2474 Vers.
2132 2420 2220 2475 26.
2245 2420 2413 2474 Jesus
2445 2448 2510 2457 —
2534 2413 2836 2484 diligebat.
2865 2413 3023 2467 Tunc
3046 2409 3208 2465 enim
3229 2411 3287 2463 et
3305 2407 3433 2479 ipse
3458 2404 3532 2460 si-

1874 2507 1997 2562 mul
2048 2507 2300 2572 astabat,
2367 2522 2506 2561 cum
2566 2505 2695 2576 jam
2756 2503 2956 2558 hostes
3012 2498 3200 2554 Judaei
3264 2493 3530 2552 discede-

1872 2609 2023 2656 rent.

1942 2687 2100 2741 Vers.
2127 2689 2216 2742 26.
2273 2685 2524 2740 Dicit—
2558 2683 2716 2738 Vers.
2749 2684 2839 2736 27.
2896 2682 3017 2734 tua.
3073 2678 3207 2732 Jam
3265 2673 3530 2730 moriens

1873 2777 2112 2830 Matrem
2126 2774 2512 2830 commendat
2528 2770 3087 2843 discipulo,summe
3105 2766 3530 2830 dilectam,ma-

1869 2864 2031 2920 xime
2062 2863 2279 2920 dilecto
2310 2882 2323 2932 ;
2355 2863 2661 2932 Virginem
2683 2860 2897 2930 virgini
2935 2874 2947 2912 :
2979 2857 3281 2912 instruens
3307 2869 3441 2920 nos,
3471 2855 3532 2908 ut

1872 2970 2078 3010 curam
2103 2953 2434 3010 habeamus
2470 2957 2784 3022 parentum
2840 2948 2916 3005 ad
2956 2951 3288 3002 extremum
3336 2956 3530 3015 usque

1873 3043 2167 3112 spiritum,
2204 3041 2450 3113 quando
2491 3056 2609 3095 non
2656 3040 2849 3094 solum
2899 3053 3018 3092 non
3069 3039 3208 3090 sunt
3246 3033 3324 3088 ad
3356 3032 3531 3087 virtu-

1872 3137 1988 3186 tem
2003 3131 2450 3200 impedimento,
2468 3129 2588 3182 imo
2603 3128 2800 3198 potius
2816 3125 3130 3180 nobiscum
3151 3123 3223 3178 ad
3248 3120 3531 3176 salutaria

1872 3224 2220 3276 exercentur
2247 3218 2343 3289 (ν).
2378 3221 2525 3273 Nam
2554 3215 2800 3287 quando
2831 3213 3243 3284 intempestive
3282 3209 3532 3265 molesta

1871 3315 2014 3374 erat,
2045 3307 2314 3364 dicebat:
2349 3307 2498 3374 Quid
2527 3305 2672 3360 mihi
2690 3311 2743 3360 et
2777 3303 2882 3358 tibi
2910 3309 3014 3367 est,
3046 3300 3263 3356 mulier
3295 3299 3336 3334 ⁸1
3373 3299 3400 3354 ?
3428 3301 3482 3352 et
3513 3314 3526 3352 :

1873 3399 2006 3464 Quae
2035 3404 2118 3454 est
2139 3404 2330 3453 mater
2349 3410 2478 3452 mea
2498 3396 2543 3430 ⁸⁸
2572 3396 2600 3451 ‘i
2623 3398 2788 3450 Nunc
2809 3408 2944 3448 vero
2969 3405 3258 3460 magnum
3281 3387 3534 3443 demon-

1870 3493 2018 3543 strat
2041 3502 2315 3542 amorem
2357 3502 2368 3540 :
2404 3487 2537 3541 Ecce
2582 3485 2748 3556 ﬁlius
2793 3491 2950 3547 tuus,
2984 3482 3097 3536 hoc
3128 3483 3233 3544 est,
3264 3477 3360 3533 hic
3395 3491 3532 3532 meo

1866 3567 1998 3632 loco
2032 3576 2134 3631 tibi
2165 3576 2289 3630 erit.
2327 3576 2480 3631 Ecce
2509 3581 2698 3630 mater
2723 3577 2847 3636 tua,
2892 3571 3036 3637 sive,
3065 3575 3127 3624 tu
3168 3566 3285 3622 eris
3335 3566 3390 3621 ei
3426 3581 3532 3632 pro

1885 3683 1978 3722 me
2005 3688 2016 3731 ;
2041 3671 2271 3738 oportet
2299 3668 2353 3719 te
2386 3665 2564 3734 hujus
2600 3663 2753 3717 sicut
2797 3660 3000 3716 matris
3047 3660 3268 3714 habere
3299 3669 3528 3710 curam.

1883 3755 2076 3812 Matris
2108 3756 2308 3827 itaque
2349 3770 2555 3811 curam
2586 3751 2815 3816 habuit,
2859 3747 3218 3822 discipulum
3253 3759 3392 3800 vero
3430 3743 3534 3799 ho-

1881 3861 2024 3902 nore
2055 3845 2322 3901 maximo
2351 3843 2686 3908 honoravit,
2721 3857 2788 3896 ac
2818 3839 3050 3896 interim
3078 3838 3233 3893 hanc
3253 3833 3536 3904 longani-

1879 3935 2098 3994 mitatis
2127 3935 2197 4007 (s)
2219 3935 2384 3992 dedit
2404 3932 2760 3990 mercedem.

1951 4029 2143 4092 Quare
2194 4030 2393 4081 autem
2437 4023 2674 4078 alterius
2724 4035 2967 4092 quoque
3011 4015 3272 4072 mulieris
3323 4027 3531 4069 curam

1885 4129 2004 4168 non
2021 4111 2266 4168 habuit?
2286 4111 2435 4176 Quia
2455 4110 2554 4163 illa
2578 4112 3014 4180 procuratorem
3037 4102 3318 4169 habebat,
3345 4103 3535 4154 mater

1885 4218 2024 4256 vero
2049 4200 2349 4256 neminem
2371 4205 2473 4265 :et,
2499 4203 2559 4252 ut
2582 4196 2848 4251 sciamus
2861 4193 3022 4266 quod
3041 4193 3312 4262 oporteat
3331 4187 3534 4260 hujus-

167 4289 421 4357 προτιμᾴν
467 4295 565 4336 τῶν
623 4285 784 4337 ἄλλων
841 4285 950 4338 ἀνθ’
1006 4289 1073 4338 ὧν
1116 4290 1305 4355 ἔτεκον,
1362 4286 1472 4339 ἀνθ’
1535 4290 1602 4339 ὧν
1660 4288 1769 4341 ἀνέ-

1888 4290 2048 4345 modi
2069 4293 2346 4361 parentes
2369 4302 2490 4357 prae
2518 4285 2743 4341 caeteris
2769 4283 3084 4347 honorare,
3117 4280 3262 4351 quia
3292 4292 3536 4349 pepere-

169 4372 358 4442 Gps-{mv
389 4373 525 4444 (68).
567 4372 675 4426 ἀνθ’
703 4375 769 4425 ὧν
799 4380 964 4450 μυρία
1003 4373 1148 4429 δεινά
1173 4378 1480 4429 πεπόνθασι.

235 4586 282 4621 7⁸
314 4585 515 4642 Matth.
550 4603 726 4653 xxvn,
764 4593 849 4646 37.
965 4591 1011 4624 79
1043 4589 1190 4647 ibid.
1231 4591 1324 4647 35.
1445 4592 1493 4626 ⁸ο
1536 4591 1678 4647 ibid.
1716 4596 1803 4648 50.

1881 4385 2039 4446 runt,
2093 4377 2236 4450 quia
2292 4375 2584 4438 aluerunt,
2640 4373 2784 4445 quia
2836 4371 2994 4427 mille
3045 4367 3306 4442 pericula
3373 4366 3533 4439 passi

1881 4473 2038 4524 sunt.

1918 4593 1961 4629 ει
1995 4594 2167 4650 Joan.
2198 4609 2259 4662 ιι,
2292 4594 2344 4648 4.
2460 4591 2506 4626 ⁸³
2535 4588 2730 4647 Matth.
2764 4604 2861 4658 xu,
2896 4590 2984 4642 48.

1389 4769 1613 4839 Varia:
1652 4771 1979 4840 lectiones
2009 4784 2072 4840 et
2113 4781 2313 4839 notae.

243 4938 352 5078 (62)
385 4938 616 4994 Inclusa
642 4937 862 4994 absunt
887 4940 951 4994 A.

243 5008 328 5074 (63
387 5017 472 5078 Γρ.
503 5007 951 5078 διηνκρινηθησαν

240 5007 352 5078 (63)
387 5017 472 5088 ξ’ρ.
503 5007 987 5089 διηνκρινηθησαν.
1009 5013 1076 5089 In
1117 5028 1304 5089 marg.
1335 5014 1396 5089 Β.
1427 5019 1761 5089 Δειηνκρινήο

177 5078 359 5159 θησαν,
390 5078 449 5159 in
491 5078 770 5159 contextu
813 5082 994 5139 habet
1051 5087 1115 5139 Α.
1166 5078 1356 5158 Atque
1387 5087 1466 5142 ita
1514 5078 1762 5142 fortasse

176 5148 491 5222 Hentenius
518 5153 758 5222 reperit.

241 5221 350 5290 (6i)
381 5221 611 5277 lnciusza
640 5223 856 5280 desunt
880 5229 946 5282 A.

238 5294 353 5364 (ϋὸ)
395 5290 804 5366 Ἐμποδίζουσιν
831 5301 894 5350 Α.

238 5444 484 5526 (quuw
503 5445 734 5526 pariter
762 5454 994 5526 _—.erat.
1025 5452 1317 5524 Σύννυμφον
1361 5466 1519 5508 nunc
1559 5452 1760 5526 appel.

173 5515 254 5594 lat.
272 5515 648 5594 afﬁnem,_rnv
677 5519 792 5594 κατ’
823 5518 1106 5593 ἐπιγαμίαν
1134 5515 1382 5594 σύγγενῆ.

237 5588 441 5670 (rlAd
467 5589 771 5670 salutaria
785 5588 1158 5670 exercentur.
1191 5588 1482 5670 salutaria
1497 5598 1769 5670 tractant

174 5659 434 5738 (salutari
453 5665 508 5715 et
529 5662 886 5731 evangelicae
907 5664 1192 5721 doctrinae
1210 5665 1461 5738 vitasque
1487 5665 1769 5724 Christia-

175 5746 262 5786 nas
294 5731 440 5788 dant
465 5743 756 5804 operam).

1946 4943 2058 5010 (66)
2090 4941 2325 4998 Inclusa
2356 4941 2576 4997 absunt
2604 4942 2653 4994 A

1970 5018 2061 5082 67)
2091 5021 2282 5067 Τοῦτον
2311 5013 2545 5068 videtur
2567 5011 2777 5084 legisse
2810 5009 3152 5084 Hentenius.

1970 5077 2061 5158 68)
2103 5084 2363 5158 Ἐθρεψᾳν
2395 5086 2459 5158 Α.
2515 5077 2655 5138 Hoc'
2686 5088 2774 5139 est
2820 5083 2992 5148 alere,
3035 5084 3098 5137 ut
3153 5077 3334 5158 habet
3384 5079 3532 5158 Hen-

1875 5148 2068 5214 teniu's
2117 5173 2128 5212 :
2183 5148 2338 5228 istud
2377 5156 2629 5212 educare
2685 5171 2698 5221 ;
2749 5168 3102 5228 quanquam
3152 5149 3397 5222 simplex
3449 5148 3533 5204 ita

1873 5228 2054 5286 etiam
2091 5227 2397 5301 accipitur.

1943 5452 2017 5525 (s)
2066 5451 2586 5525 Longarzimztatis.
2633 5457 2914 5525 Παραμονή
2947 5450 3196 5525 lacunis
3228 5453 3332 5525 e_s_t,
3355 5446 3531 5525 quod

1871 5519 2129 5596 captum,
2191 5522 2521 5578 abductum
2571 5538 2646 5596 ac
2689 5519 2846 5578 cruci
2912 5522 3162 5596 afﬁaum
3233 5519 3530 5596 Qhristum

1883 5590 2075 5652 fuerat
2099 5599 2354 5657 secutus,
2383 5609 2521 5649 cum
2549 5593 2759 5668 reliqui
2785 5594 3061 5668 discipuli
3079 5609 3215 5648 eum
3239 5590 3531 5647 deseruis-

1883 5672 2034 5724 sent.
2067 5668 2217 5737 Ergo
2239 5667 2706 5738 perseverantia,
2741 5666 3096 5728 constantiae.
