4076 6428
126 347 266 408 1473

1099 350 1474 412 COMMENT.
1520 350 1589 408 IN
1628 347 1980 407 JOANNEM.
2024 380 2090 392 --
2131 347 2289 406 CAP.
2331 347 2481 406 XlX.

3360 354 3500 408 1474

117 477 396 548 Σαϐϐάτῳ,
457 483 545 531 καὶ
616 478 812 551 ἔμελλεν
897 478 1184 551 ἐπιφθάσαι
1242 480 1374 532 αὐτὰ
1437 482 1732 552 κρεμάμενα

1863 481 2066 538 ierent,
2098 475 2310 547 illaque
2341 476 2661 547 pendendo
2692 477 3063 547 pervenirent
3089 477 3167 532 ad
3197 478 3340 534 illud
3359 478 3501 534 Sab-

118 568 288 621 ἐκείνο
339 571 397 620 τὸ
443 567 722 639 Σάϐϐοιτον⁷
781 573 867 620 καὶ
947 566 1118 620 ἐδόκει
1177 568 1400 622 ἐντεῦθεν
1483 568 1731 641 ἀτιμάζε-

123 659 276 711 σθαι.

201 746 443 817 Μεγάλην
489 743 547 799 δὲ
590 751 682 805 τὴν
713 749 906 818 ἡμέραν
956 746 1146 799 ἐκείνου
1196 756 1286 799 τοῦ
1321 750 1431 815 (Ἰιίι)
1464 745 1730 798 Σαϐϐάτου

124 840 312 905 φησιν,
377 837 456 886 ὅτι
499 835 557 886 οὗ
606 840 757 907 μόνον
813 833 923 906 εἶχε
980 839 1038 888 1'6
1089 842 1276 906 τίμιον,
1331 838 1395 895 ῶς
1444 834 1730 903 Σάϐϐατον,

126 922 260 975 ἀλλὰ
310 930 398 976 καὶ
454 927 518 984 ὡς
577 924 754 996 ἑορτῆς
811 924 858 975 ἐν
927 925 1066 994 αὐτῷ
1120 925 1415 996 λαχούσης,
1483 933 1577 985 τῆς
1634 934 1734 976 τῶν

126 1011 394 1084 Ἀζύμων.
448 1012 544 1064 Ἦν
603 1016 704 1086 γὰρ
763 1010 922 1071 διπλῆ
986 1014 1152 1086 ἑορτή.
1230 1018 1304 1066 Τὰ
1379 1023 1596 1066 τοιαῦτα
1677 1011 1736 1065 δὲ

126 1100 376 1153 Σάϐϐατα
439 1102 704 1174 ὠνόμαζον
762 1101 1002 1155 Σάϐϐατα
1059 1102 1353 1168 Σαϐϐάτων,
1415 1105 1519 1155 οἷον
1585 1107 1736 1174 τίμια

122 1197 336 1261 τιμίων,
373 1191 548 1263 ἑορτὰς
593 1192 798 1267 ἑορτῶν,
831 1189 925 1244 διὰ
966 1196 1024 1244 τὸ
1057 1189 1273 1246 διπλοῦν
1306 1202 1400 1253 τῆς
1433 1193 1634 1265 ἑορτῆς,
1668 1195 1734 1254 ως

122 1283 355 1353 εἰρηται.

208 1367 427 1441 [Ἄλλως
459 1371 569 1442 (Τί)
601 1390 654 1422 τε
683 1377 772 1423 καὶ
811 1375 868 1423 τὸ
913 1375 1302 1445 Δευτερονόμιον
1348 1371 1587 1431 ἐθέσπιζε
1615 1374 1734 1445 περὶ

118 1468 222 1509 του
269 1461 654 1532 σταυρωθέντος
693 1462 794 1529 ὅτι,
839 1461 950 1512 Οὐκ
980 1459 1451 1533 ἑπικοιμηθὴσεται
1480 1463 1538 1511 τὸ
1585 1468 1737 1532 σῶμα

119 1547 293 1599 αὐτοῦ
320 1547 402 1600 ἐπὶ
431 1557 523 1600 τοῦ
554 1549 729 1614 ξύλου,
760 1548 887 1601 ἀλλὰ
916 1558 1048 1622 ταφῇ
1081 1550 1268 1621 θάψετε
1297 1549 1452 1601 αὐτὸν
1484 1552 1532 1601 ἐν
1568 1548 1731 1621 ἐκείνῃ

119 1644 192 1708 τῇ
226 1636 441 1712 ἡμέρᾳο]

205 1726 511 1799 Ἠρωτησαν
585 1759 653 1767 -
718 1727 942 1800 ἁρθῶσι,
1019 1729 1400 1802 Παρεκάλεσαν,
1472 1728 1735 1800 ᾐτήσαντο

1840 565 2070 628 batum,
2106 571 2162 619 et
2189 564 2328 619 inde
2361 565 2658 620 videretur
2691 565 2894 620 haberi
2925 568 3312 638 contemptui.

1915 743 2197 811 Magnam
2230 748 2432 798 autem
2463 742 2600 798 dicit
2641 742 2800 798 diem
2834 743 2998 799 illum
3029 743 3293 812 Sabbati,
3327 746 3495 818 quod

1847 848 1965 887 non
1987 831 2179 886 solum
2203 831 2597 887 honoraretur
2612 838 2673 887 ut
2700 832 3054 897 Sabbatum,
3076 851 3283 890 verum
3315 835 3496 891 etiam

1845 926 2086 991 propter
2117 920 2320 974 festum
2349 921 2732 990 Azymorum,
2766 921 2932 992 quod
2973 938 3117 977 casu
3167 923 3225 977 in
3259 939 3329 978 eo
3363 939 3502 978 con-

1848 1013 2076 1078 tigerat,
2117 1014 2174 1064 et
2203 1009 2284 1063 ita
2314 1009 2536 1080 duplex
2584 1008 2798 1065 festum
2829 1017 2974 1066 erat.
3014 1011 3358 1082 Hnjusmodi
3389 1029 3502 1069 au-

1845 1104 1963 1153 tem
2024 1097 2288 1152 Sabbata
2352 1097 2696 1154 dicebantur
2749 1099 3012 1156 Sabbata
3073 1100 3496 1169 Sabbatorum,

1849 1193 2135 1259 tanquam
2152 1188 2491 1242 veneranda
2507 1187 3008 1258 venerandorum,
3027 1189 3177 1245 festa
3189 1189 3502 1257 festorum,

1843 1276 1924 1331 ob
1953 1275 2080 1330 festi
2108 1275 2538 1347 duplicitatem,
2577 1281 2637 1332 ut
2665 1277 2890 1332 dictum
2923 1285 3035 1333 est.

1915 1365 2000 1434 -Η-
2023 1365 2312 1421 Praeterea
2329 1362 2851 1421 D'euteronomium
2872 1368 3050 1422 etiam
3058 1367 3233 1437 jussit
3248 1368 3320 1424 de
3337 1368 3502 1425 cruci

1845 1452 2024 1509 afﬁxo
2059 1454 2230 1509 :Non
2257 1453 2502 1509 dormiet
2519 1469 2735 1522 corpus
2751 1456 2874 1524 ejus
2891 1471 3065 1526 super
3088 1456 3270 1528 ligno,
3296 1457 3399 1514 sed
3426 1474 3506 1514 se-

1843 1544 2090 1611 pultura
2119 1542 2403 1612 sepelietis
2434 1557 2565 1598 eum
2597 1543 2794 1599 eodem
2833 1543 2928 1600 die
2966 1544 3036 1597 ⁸⁸.

1918 1721 2081 1776 Vers.
2116 1726 2202 1777 3i.
2231 1723 2608 1793 Ragaverunt
2629 1753 2697 1762 --
2723 1724 3100 1782 tollerentur.
3138 1726 3237 1780 Hic
3265 1740 3504 1780 rursum

120 1817 216 1866 ῐνα
257 1815 552 1868 θλασθῶσιν
597 1818 766 1868 αὐτῶν
817 1820 880 1869 τὰ
931 1817 1083 1875 σκελη
1120 1822 1244 1890 πρὸς
1287 1822 1344 1870 τὸ
1387 1820 1570 1870 θάττον
1605 1815 1732 1869 ἀπο-

1863 1813 2128 1885 ᾖρῶτησαν
2160 1811 2457 1880 significat
2502 1813 2786 1868 :Precali
2831 1819 2979 1878 sunt,
3036 1813 3390 1884 petiverunt,
3444 1818 3510 1870 ut

121 1906 322 1958 θανεῖν.

203 2083 390 2136 Ἦλθον
433 2082 519 2136 οὖν
569 2087 618 2137 οἱ
669 2094 1007 2158 στρατιῶται.
1067 2088 1133 2138 Oi.
1189 2093 1339 2138 τοῦτο
1384 2085 1734 2147 κελευσθέντες

119 2178 273 2247 παρὰ
311 2182 402 2225 τοῦ
446 2174 694 2231 Πιλάτου.

207 2267 306 2314 Καὶ
336 2292 404 2303 -
432 2262 610 2321 σκέλη.
643 2269 744 2316 Τοῦ
778 2263 891 2336 (ἷ6)
919 2262 966 2315 ἐν
999 2260 1147 2333 διξιᾴ
1177 2271 1267 2315 τοῦ
1308 2271 1538 2337 Χριστοῦ
1572 2283 1733 2316 σταυ-

122 2353 288 2424 ρωθέν
298 2371 404 2413 τος.

208 2445 307 2492 Καὶ
341 2471 406 2482 -
441 2440 600 2511 αὐτῷ.
635 2441 741 2514 [Τῶ
769 2442 882 2512 (77)
911 2450 1126 2515 Χριστῷ
1156 2438 1445 2514 δηλονοτι.]

203 2530 419 2581 Ἐπὶ-
470 2530 647 2588 σκέλη.
697 2530 996 2583 Τελευταῖον
1058 2528 1210 2588 ἦλθον
1261 2530 1336 2584 ἐπ’
1395 2532 1573 2596 αὑτὸν,
1626 2530 1734 2582 ἐνυ-

122 2616 312 2689 ϐρίσαι
379 2619 527 2671 πλέον
609 2618 914 2692 βουλόμενοι
990 2623 1120 2694 πρὸς
1193 2623 1355 2695 χάριν
1425 2629 1524 2672 τῶν
1599 2620 1733 2673 Ἰου-

126 2703 308 2761 δαίων.

200 2796 336 2848 Ἀλλ’
413 2829 482 2836 -
567 2794 732 2872 ὕδωρ.
809 2795 1085 2872 ’Υπερφυὲς
1183 2801 1240 2850 τὸ
1317 2805 1555 2871 πρᾶγμα,
1646 2802 1734 2849 καὶ

119 2894 322 2958 τρανῶς
377 2883 638 2938 διδάσκον
703 2889 784 2938 ὅτι
835 2889 963 2960 ὑπὲρ
1003 2889 1272 2959 οἰνθρωπον
1330 2889 1354 2938 ὁ
1406 2892 1598 2958 νυγείς.
1647 2889 1736 2938 Ἐκ

121 2984 307 3048 νεκροῦ
350 2978 452 3047 γὰρ
501 2975 794 3049 ἀνθρώπου,
847 2975 942 3026 κᾶν
997 2978 1245 3048 μυριάκις
1296 2975 1420 3046 νυξῃ
1481 2996 1578 3043 τις,
1641 2975 1736 3026 ουκ

125 3061 444 3123 ἐξελεύσεται
516 3066 666 3136 αἷμα.
755 3067 1012 3116 Νυττεται
1083 3068 1171 3134 μὲν
1238 3059 1324 3114 οὖν
1398 3062 1569 3134 λόγχῃ
1643 3068 1736 3120 τὴν

125 3152 352 3224 πλευρὰν
411 3153 436 3202 ὁ
495 3157 670 3223 Σωτὴρ
755 3149 848 3204 διὰ
926 3157 1018 3208 τὴν
1076 3158 1319 3222 νυγείσαν
1377 3159 1436 3222 τῇ
1508 3151 1737 3224 ἁμαρτίᾳ

127 3239 352 3315 πλευρὰν
392 3249 482 3292 τοῦ
533 3237 728 3312 Ἀδὰμ,
780 3244 941 3311 ἤγουν
986 3245 1078 3298 τὴν
1118 3243 1273 3305 Εὔαν,
1320 3247 1380 3310 τῇ
1433 3238 1604 3310 πληγῇ
1643 3247 1737 3299 τῆς

129 3332 355 3404 πλευρᾶς
415 3334 507 3387 τὴν
556 3329 760 3400 πληγὴν
814 3338 909 3390 τῆς
970 3329 1187 3402 πλευρᾶς
1256 3329 1485 3400 ἰώμενος.
1549 3327 1737 3388 Βλύζει

131 3419 192 3473 δὲ
232 3421 364 3492 αἷμα
407 3425 495 3470 καὶ
542 3415 708 3491 ὕδωρ,
757 3415 853 3470 δύο
898 3416 1244 3491 βαπτίσματα
1290 3424 1632 3491 καινουργῶν,
1679 3420 1736 3469 τό

131 3506 206 3562 δι’
269 3512 491 3581 αἳματος
542 3513 852 3582 μαρτυρίου,
908 3511 995 3558 καὶ
1047 3511 1104 3558 τὸ
1155 3502 1228 3558 δι’
1286 3503 1476 3566 ὕδατος
1531 3505 1737 3576 ἀναγεν-

127 3603 340 3666 νὴσεως,
376 3603 464 3649 καὶ
517 3605 577 3669 τῇ
766 3599 960 3648 τούτων
1013 3601 1107 3654 τὴν
1159 3596 1284 3670 ῥοὴν
1331 3603 1424 3657 τῆς
1478 3595 1736 3670 ἁμαρτίας

127 3687 465 3748 κατακλύζει.

200 3867 324 3940 [Καὶ
371 3867 550 3939 ἑτέρως
600 3866 707 3936 (78)
765 3862 844 3933 δὲ,
901 3863 998 3918 δύο
1044 3866 1272 3936 πηγάζιι
1337 3867 1584 3940 κρουνούς
1618 3882 1630 3895 ⁸
1665 3873 1738 3936 τῷ

127 3953 290 4008 ὕδατι
342 3959 452 4028 μὲν
502 3957 763 4029 καθαίρων
819 3959 913 4013 τὴν
991 3955 1324 4024 Ἐκκλησίαν,
1401 3966 1470 4026 τῷ
1553 3958 1740 4027 αἵματι

130 4043 190 4098 δὲ
236 4050 424 4120 τρέφων
470 4044 654 4102 αὑτήν.
696 4044 769 4095 Δι’
802 4040 997 4105 ὕδατος
1043 4049 1132 4116 μὲν
1185 4048 1282 4119 γὰρ
1325 4043 1736 4117 ἀναγεννῶμεθα,

131 4130 206 4184 δι’
265 4137 484 4206 αἵματος
542 4131 601 4186 δὲ
659 4139 746 4185 καὶ
801 4137 994 4206 σαρκὸς
1057 4136 1365 4206 τρεφομεθα,
1430 4143 1528 4184 τῶν
1591 4135 1736 4184 θείων

129 4227 222 4274 καὶ
268 4231 555 4294 μυστικῶν.
604 4227 798 4276 Λοιπὸν
856 4219 963 4291 οὖν,
1018 4224 1138 4274 ὅταν
1178 4227 1449 4296 προσέρχῃ
1494 4230 1565 4290 τῷ
1625 4241 1739 4294 φρι-

131 4319 238 4380 κτῲ
298 4317 550 4383 ποτηρίῳ,
608 4315 824 4364 πέπεισο
873 4313 1006 4383 (79),
1066 4310 1153 4362 ἀπ’
1192 4311 1348 4370 αὐτῆς
1402 4309 1593 4380 μέλλεις
1647 4313 1739 4360 πί-

131 4417 232 4449 νειν
263 4408 357 4460 τῆς
387 4407 702 4461 Δεσποτικῆς
732 4401 970 4474 πλευρᾶς,
1016 4405 1104 4451 καὶ
1146 4399 1280 4451 οὕτω
1312 4395 1571 4453 διάκεισο.
1612 4394 1738 4450 Εἶτα

137 4487 290 4538 θέλων
317 4487 608 4560 βεϐαιῶσαι
633 4494 688 4542 τὸ
718 4498 950 4542 τοιοῦτον
985 4491 1180 4560 θαῦμα,
1214 4485 1393 4559 φησί’]

210 4672 308 4720 Καὶ
351 4699 419 4708 -
447 4671 860 4741 μεμαρτύρηκεν.
899 4667 957 4718 Ὀ
996 4674 1163 4718 ταῦτα
1211 4667 1521 4739 θεασάμενος
1567 4672 1736 4717 ταῦτα

132 4761 405 4833 γέγραφεν,
431 4759 489 4812 οὐ
516 4759 637 4832 παρ’
666 4757 838 4834 ἐτέρου
859 4760 994 4820 τινὸς
1028 4755 1279 4818 ἀκούσας.

204 4941 250 4975 ⁸⁸
298 4941 460 4996 Deut.
495 4954 614 5004 xxx,
643 4939 732 4994 23.

1847 1900 2378 1971 conﬂ'ringerentnr
2439 1917 2648 1956 eorum
2707 1918 2880 1958 crura
2936 1919 3059 1974 quo
3105 1903 3276 1959 citius
3307 1918 3506 1960 more-

1845 1997 2075 2048 rentur.

1921 2081 2080 2134 Vers.
2114 2079 2202 2133 32.
2249 2080 2543 2136 Venerunt
2573 2095 2716 2151 ergo
2745 2081 2975 2137 milites.
3012 2083 3240 2146 Quibus
3267 2082 3328 2138 id
3355 2097 3392 2138 a
3417 2083 3500 2138 Pi-

1845 2169 1966 2225 lato
1985 2169 2226 2239 jussum
2258 2175 2403 2225 erat.

1916 2258 2080 2313 Vers.
2108 2262 2195 2313 32.
2237 2260 2314 2312 Et
2341 2290 2408 2298 —
2439 2274 2640 2316 crura.
2667 2259 2776 2325 Qui
2809 2261 2866 2316 in
2893 2260 3103 2318 dextra
3134 2261 3342 2318 Christi
3372 2277 3501 2318 cru-

1845 2346 2059 2402 citixus
2094 2351 2244 2404 erat.

1918 2439 2073 2492 Vers.
2102 2436 2190 2490 3'2.
2235 2437 2310 2491 Et
2349 2468 2417 2478 —
2447 2452 2528 2494 eo.
2565 2438 2791 2495 Christo
2845 2439 3142 2496 videlicet.

1912 2527 2072 2581 Vers.
2107 2529 2193 2582 33.
2224 2527 2320 2581 Ad
2351 2558 2418 2566 —
2458 2543 2657 2584 crura.
2689 2529 2990 2584 Postremo
3029 2529 3107 2586 ad
3135 2546 3274 2586 eum
3313 2546 3485 2586 vene-

1844 2621 1996 2680 runt,
2028 2615 2236 2686 majori
2259 2616 2640 2684 contumelia,
2660 2616 2719 2673 in
2742 2617 2996 2688 gratiam
3024 2618 3383 2685 Judazorum,
3415 2620 3501 2692 ip-

1844 2720 1979 2758 sum
2010 2704 2269 2759 volentes
2319 2705 2572 2760 afﬁcere.

1915 2792 2075 2846 Vers.
2108 2793 2201 2848 34.
2239 2793 2359 2848 Sed
2386 2824 2453 2832 -—
2484 2809 2663 2864 aqua.
2697 2796 2808 2850 Res
2853 2811 3037 2866 supra
3077 2801 3380 2862 naturam,
3431 2814 3502 2854 ac

1842 2880 2155 2936 manifeste
2181 2881 2404 2936 docens
2435 2883 2598 2955 quod
2640 2884 2834 2954 major
2882 2901 3063 2956 quam
3111 2885 3294 2942 homo
3324 2893 3499 2952 esset,

1843 2970 1946 3040 qui
1964 2969 2154 3024 fuerat
2173 2971 2554 3036 vulneratus;
2581 2973 2878 3043 siquidem
2906 2990 2942 3029 a
2971 2979 3206 3030 mortuo
3231 2975 3500 3041 homine,

1843 3058 2074 3110 etiamsi
2132 3059 2340 3114 millies
2392 3060 2526 3129 quis
2577 3075 2715 3114 enin
2775 3063 3115 3132 pupugerit,
3145 3079 3266 3118 non
3321 3065 3503 3119 exibit

1773 3178 1812 3234 Ο
1846 3146 2104 3213 sanguis.
2138 3146 2376 3199 Foditur
2407 3149 2608 3217 itaque
2658 3147 2865 3203 lancea
2905 3149 2963 3202 in
2999 3151 3173 3205 latere
3206 3152 3498 3219 Salvator,

1845 3233 1986 3304 quia
2014 3240 2256 3304 peccato
2298 3239 2671 3290 vulneratum
2703 3243 2790 3290 est
2830 3237 2983 3292 latus
3009 3239 3150 3294 Adae
3201 3256 3214 3294 :
3269 3240 3392 3295 sive
3441 3247 3504 3297 ut

1847 3323 2030 3377 Evam
2058 3325 2155 3393 (ω),
2187 3323 2385 3378 lateris
2416 3325 2506 3378 sui
2535 3325 2790 3388 vulnere,
2820 3341 2856 3380 a
2886 3325 3058 3397 plaga
3095 3327 3295 3383 lateris
3327 3345 3506 3386 sana-

1845 3416 1956 3468 ret.
2005 3410 2369 3480 Sanguinem
2398 3419 2595 3469 autem
2637 3420 2693 3469 et
2740 3430 2961 3486 aquam
3015 3416 3298 3472 scaturire
3341 3417 3500 3482 facit,

1847 3500 1969 3556 duo
2010 3500 2338 3571 designans
2393 3503 2800 3574 baptismata:
2835 3519 3025 3560 unum
3073 3505 3345 3576 quidem,
3399 3522 3504 3577 per

1849 3590 2159 3660 sanguinis
2187 3591 2273 3662 (y)
2310 3591 2682 3664 martyrium,
2713 3592 2966 3648 alterum
2999 3610 3156 3661 vero,
3190 3609 3296 3667 per
3326 3611 3501 3668 aquae

1846 3681 2356 3751 regenerationem
2397 3701 2409 3740 :
2471 3687 2650 3754 atque
2690 3683 2899 3738 horum
2947 3683 3112 3739 ﬂuxu
3143 3684 3369 3756 peccati
3395 3683 3506 3741 ﬂu-

1845 3785 1991 3824 xum
2031 3769 2344 3840 demergit.

1921 3859 2207 3915 Praeterea
2256 3865 2311 3916 et
2380 3860 2564 3917 aliter.
2622 3864 2769 3918 Nam
2809 3861 2964 3918 duos
3017 3863 3302 3919 scaturire
3358 3862 3502 3920 facit

1846 3947 2038 4004 fontes
2055 3966 2150 4021 :aq
2160 3966 2235 4006 ua
2246 3950 2490 4022 quidem
2504 3952 2828 4022 puriﬁcans
2845 3952 3184 4018 Ecclesiam,
3206 3955 3502 4022 sanguine

1847 4054 1984 4094 vero
2014 4055 2144 4094 eam
2167 4039 2491 4094 enutriens.
2519 4041 2827 4111 Siquidem
2857 4057 2962 4112 per
2985 4058 3212 4113 aquam
3245 4042 3506 4097 renasci-

1848 4144 1997 4190 mur,
2033 4144 2133 4198 per
2158 4128 2510 4198 sanguinem
2549 4135 2748 4183 autem
2797 4135 2852 4182 et
2881 4145 3126 4185 carnem
3173 4129 3498 4200 pascimur,

1847 4231 1975 4287 quae
1993 4216 2190 4268 divina
2212 4223 2346 4270 sunt
2368 4233 2437 4270 ac
2465 4217 2736 4286 mystica.
2767 4216 2970 4288 Itaque
2994 4234 3128 4272 cum
3160 4219 3231 4272 ad
3252 4224 3505 4274 tremen-

1846 4307 1993 4359 dum
2016 4305 2332 4358 accesseris
2360 4305 2662 4376 poculum,
2689 4306 3050 4376 persuadeto
3076 4307 3196 4372 tibi,
3233 4309 3400 4378 quod
3430 4324 3502 4363 ex

1849 4392 2158 4448 Dominico
2211 4393 2367 4448 bibis
2413 4393 2612 4458 latere,
2666 4399 2722 4449 et
2775 4410 2844 4450 eo
2895 4395 3077 4450 modo
3105 4396 3185 4450 sis
3217 4395 3494 4456 allectus.

1770 4509 1814 4562 ι)
1847 4480 2068 4537 Deinde
2096 4480 2302 4537 volens
2329 4481 2677 4553 hujusmodi
2723 4482 3081 4540 conﬁrmare
3117 4484 3499 4557 miraculum,

1847 4572 1928 4627 ait
1968 4589 1980 4628 :

1920 4665 2080 4718 Vers.
2114 4667 2200 4719 35.
2228 4664 2292 4717 Et
2323 4692 2391 4702 —
2420 4643 2818 4718 testimonium
2854 4663 3180 4732 perhibuit.
3215 4665 3323 4729 Qui
3358 4664 3504 4721 vidit

1842 4753 1993 4819 haec,
2026 4747 2262 4825 soripsit
2285 4751 2420 4816 ista,
2453 4765 2574 4808 non
2599 4750 2766 4824 quod
2807 4751 2886 4808 ab
2939 4751 3144 4826 aliquo
3190 4752 3468 4812 audierit.

1378 5030 1604 5099 Variae
1633 5029 1962 5100 lectiones
1993 5038 2058 5099 et
2092 5038 2292 5097 notae.

204 5222 320 5367 (74-)
349 5230 451 5277 Τοῦ
479 5223 742 5278 Σαϐϐάτου
769 5227 958 5281 ἐκείνου
990 5228 1066 5287 Α.

228 5302 316 5367 75)
347 5298 476 5352 Herc
510 5303 750 5367 uterque
780 5302 968 5356 codex
993 5301 1053 5356 in

228 5302 316 5368 75)
347 5298 476 5352 Herc
509 5303 750 5378 uterque
780 5302 968 5356 codex
993 5301 1053 5356 in
1087 5300 1378 5372 margine.
1412 5299 1732 5357 Hentenius

130 5381 253 5422 non
282 5376 572 5439 agnoscit.

203 5439 313 5512 (76)
358 5444 511 5497 Ante
539 5448 651 5508 τοῦ,
685 5440 860 5498 habet
891 5449 981 5494 τοῦ
1014 5439 1072 5496 δὲ
1101 5449 1308 5520 πρώτου
1339 5445 1406 5498 Α.

203 5616 286 5688 (:L‘)
325 5615 458 5674 Sive
480 5624 542 5672 ut
569 5618 779 5681 Evam,
808 5622 917 5673 etc.
944 5618 1075 5675 Sive
1109 5621 1311 5682 Evam,
1347 5622 1405 5674 ut
1436 5617 1652 5673 lateris.

201 5691 442 5762 (yll’er
466 5689 795 5760 sanguinis,
819 5695 928 5762 etc.
958 5691 1062 5745 Per
1081 5690 1436 5762 sanguinem
1461 5690 1726 5761 martyrii

131 5757 430 5836 (intellige,
446 5757 1046 5837 baptisma),alterum
1063 5757 1317 5838 vero'per
1327 5777 1551 5838 aquam
1564 5757 1725 5834 rege-

1917 5228 2028 5300 (7'1)
2071 5230 2202 5300 Haec
2244 5225 2468 5300 absunt
2504 5223 2570 5279 A.

1912 5297 2024 5371 (70)
2065 5297 2562 5371 (Inclusaabsunt
2618 5301 2682 5371 A_.

1911 5366 2174 5443 (79)"011
2214 5369 2566 5425 addendum
2606 5366 2855 5422 videtur.

1833 5616 2208 5676 narrationis.
2241 5620 2434 5690 Neque
2467 5632 2602 5690 vero
2643 5615 2860 5690 mirum
2909 5612 3500 5690 caademmartyrum

1831 5691 1948 5746 dici
1972 5692 2294 5762 baptisma,
2330 5687 2477 5762 cum
2528 5688 2790 5746 Christus
2841 5689 2967 5762 ipse
2996 5687 3077 5744 ita
3107 5687 3182 5746 de
3223 5703 3286 5744 se
3342 5687 3508 5744 dixe-

1829 5763 1922 5820 rit.
1966 5761 2097 5820 Luc.
2143 5779 2246 5831 xu,
2281 5761 2368 5819 50.
