4076 6430
102 295 258 356 1477

1152 291 1524 350 COMMENT.
1567 291 1635 347 IN
1676 283 2036 349 JOANNEM.
2077 323 2141 331 —
2176 289 2338 348 CAP.
2384 287 2501 347 XX.

3354 290 3378 348 1
3389 293 3493 350 478

98 435 298 480 τοῦτον
347 427 509 478 θεῖναι
563 422 869 498 πορῥωτέρω
930 431 1024 482 τῆς
1080 420 1272 481 πόλεως
1339 437 1352 451 ο
1407 415 1498 470 διὰ
1548 414 1605 470 δὲ
1629 421 1723 475 τὴν

1855 431 1898 470 ·θ
1929 419 2342 481 monumento,
2374 415 2541 488 quod
2592 414 2828 486 longius
2854 430 2887 471 a
2947 416 3180 473 cintate
3209 417 3490 490 distabat,

103 520 460 589 παρασκευὴν
513 522 613 565 τῶν
673 509 965 574 Ἰουδαίων,
1022 515 1182 581 ἤγουν
1236 513 1330 566 τὴν
1387 527 1720 581 παρατετηρη

106 609 278 676 μένην
312 606 434 675 πρὸς
464 603 684 674 ἑσπέραν
716 609 818 662 τοῖς
850 597 1152 661 Ἰουδαίοις.
1185 601 1267 650 ὅτε
1306 597 1400 649 ούκ
1441 594 1501 654 ἦν
1526 597 1720 668 θέμιςῆ

105 693 433 767 πορρωτέρω
461 689 728 764 βαδίζειν,
772 693 799 749 ᾖ
858 693 932 742 ἔτι
988 689 1304 762 ἐργάζεσθαι
1336 705 1348 719 ·
1394 685 1722 757 καὶμᾶλλον,

110 784 200 834 ὅτι
233 787 326 834 καὶ
374 786 432 833 τό
467 783 665 852 Πάσχα
712 785 826 832 τότε
877 777 1170 843 κατέλαϐεν,
1213 777 1279 836 εἰς
1328 779 1384 827 τὸ
1432 775 1726 834 πλησιάζον

113 873 318 929 ἔθηκαν
356 871 531 936 αὑτὸν,
573 880 666 930 τῆς
729 871 866 930 θείας
896 871 1138 940 προνοίας
1179 867 1343 926 οὕτως
1373 864 1724 936 οἰκονομησά-

115 979 188 1016 ση
204 981 247 1024 ς,
282 961 364 1011 ἱνα
400 964 490 1011 καὶ
518 960 572 1010 αἱ
602 960 893 1030 μαθήτριαι
921 959 1228 1028 θεωρήσωσι
1254 961 1353 1006 ποῦ
1389 956 1607 1018 τίθεται,
1637 958 1726 1004 καὶ

109 1051 162 1099 οἱ
237 1050 469 1120 μαθηταὶ
532 1044 783 1099 δύνωνται
810 1045 1156 1119 ἀπέρχεσθαι,
1189 1040 1282 1096 διὰ
1311 1048 1404 1101 τὴν
1444 1043 1721 1114 ἐγγύτητα,

109 1142 206 1189 καὶ
240 1139 467 1190 θεαθώσι
486 1139 550 1188 τὰ
579 1139 710 1209 μετά
735 1144 889 1188 τοῦτο
929 1135 1405 1209 τερατουργηθέντα
1433 1131 1535 1184 ἐκεῖ
1561 1135 1726 1206 παράο

113 1223 308 1299 saga.)

185 1323 264 1388 Τῇ
299 1312 358 1367 δὲ
411 1321 507 1387 μιᾷ
563 1323 660 1366 των
721 1312 1013 1366 Σαϐϐατων.
1049 1312 1177 1384 [Ἐν
1235 1320 1306 1382 τῷ
1336 1311 1574 1382 λεχθέντι
1609 1309 1725 1379 (89)

988 1403 1114 1473 Ὀψὲ
1171 1399 1445 1453 Σαϐϐάτων
1501 1407 1562 1471 τῇ
1620 1396 1728 1450 ἐπι-

1128 1489 1387 1562 ἀνάγνωθι
1434 1491 1499 1540 τὰ
1543 1487 1726 1558 ἐξηγηο

107 1406 404 1478 κεφαλαίῳ,
447 1407 567 1458 ἔνθα
614 1412 781 1456 κεῖται
843 1407 902 1455 τό
936 1419 949 1432 ⁸

110 1497 407 1567 φωσκούσῇ
461 1494 528 1555 εἰς
565 1498 689 1567 μίαν
745 1491 1018 1545 Σαϐϐάτων
1061 1507 1074 1522 ⁸

113 1587 294 1638 θέντα.
325 1587 344 1652 ]

190 1676 378 1746 Μαρία
410 1703 471 1714 -—
505 1672 677 1728 αύτόν.
731 1670 1008 1724 Κάνταῦθα
1055 1672 1121 1721 τὰ
1172 1673 1260 1740 μὲν
1310 1671 1426 1741 περὶ
1491 1675 1590 1718 τῶν
1635 1665 1728 1718 οἴ).-

1838 505 2125 560 collocare
2152 527 2163 557 :
2188 506 2290 560 sed
2320 510 2559 577 propter
2584 504 2952 560 Parasceven
2979 505 3335 574 Judteorum,
3361 524 3496 580 quae

1837 594 2109 649 videlicet
2137 610 2174 651 a
2202 593 2421 650 Judaeis
2442 593 2519 648 ad
2562 609 2873 665 vesperam
2901 595 3348 662 observabatur,
3371 613 3495 669 quo

1839 687 2096 754 tempore
2127 682 2217 738 fas
2245 699 2364 738 non
2403 689 2528 738 erat
2575 687 2680 738 aut
2725 683 2964 753 longius
3013 683 3345 750 ambulare,
3394 690 3498 742 aut

1839 772 2098 844 amplius
2120 773 2371 844 operari,
2398 773 2592 842 magis
2620 777 2816 828 autem
2841 772 2982 844 quia
3003 779 3059 828 et
3080 774 3306 830 Pascha
3322 775 3498 831 adve-

1837 867 2004 916 nerat
2020 862 2079 916 in
2100 862 2441 934 propinquo
2459 865 2792 933 posuerunt
2813 878 2970 927 eum,
2991 862 3191 918 divina
3212 865 3400 936 gratia
3416 864 3496 921 ita

1837 951 2243 1023 dispensante,
2274 957 2335 1006 ut
2359 951 2667 1023 discipulae
2701 950 3112 1023 conspicerent
3131 952 3227 1007 ubi
3251 969 3498 1026 ponere-

1838 1045 1932 1096 tur
1987 1047 2043 1095 et
2089 1040 2365 1113 discipuli
2406 1045 2651 1112 possent
2696 1047 2941 1113 propter
2985 1042 3495 1114 propinquitatem

1838 1129 2152 1201 proﬁcisci,
2187 1146 2258 1186 ac
2297 1130 2561 1186 viderent
2590 1145 2719 1202 qua:
2751 1131 3140 1202 postmodum
3172 1130 3328 1188 facta
3359 1138 3497 1190 sunt

1838 1218 2146 1274 miracula.

1911 1311 2054 1380 Cap.
2078 1310 2176 1366 ΧΧ.
2201 1307 2364 1364 Vers.
2395 1313 2441 1363 l.
2467 1309 2592 1364 Uno
2615 1313 2809 1364 autem
2826 1308 3232 1367 Sabbatarum.
3262 1311 3326 1366 In
3349 1326 3497 1383 prae-

1836 1397 1996 1453 dicto
2021 1397 2212 1468 capite
2245 1397 2346 1453 ubi
2371 1396 2586 1452 dicitur
2617 1414 2630 1451 :
2700 1397 2950 1466 Vespera
2993 1407 3184 1456 autem
3217 1399 3497 1458 Sabbato-

1837 1501 1968 1541 rum
1985 1487 2052 1557 ⁸9,
2072 1501 2200 1558 quae
2214 1487 2486 1544 tuscescit
2503 1486 2563 1542 in
2584 1502 2762 1542 unum
2774 1487 3194 1544 Sabbatorum:
3217 1489 3346 1562 lege
3359 1506 3490 1564 quae

1838 1580 1975 1630 sunt
1999 1581 2302 1632 enarrata.

1909 1664 2072 1719 Vers.
2112 1671 2155 1720 l.
2189 1665 2444 1720 Mariam
2469 1697 2522 1708 --
2550 1667 2712 1721 Vers.
2736 1668 2790 1723 2.
2815 1681 2967 1722 eum.
2996 1668 3116 1723 Hoc
3137 1668 3316 1724 etiam
3342 1668 3494 1734 loco,

108 1763 213 1814 λων
271 1771 528 1833 ’γυναικῶν
575 1757 926 1834 παρέδραμεν,
987 1763 1055 1819 ὡς
1115 1759 1556 1830 προίστορηθέντα
1616 1763 1725 1818 τοῖς

1855 1769 1973 1826 {uae
2003 1755 2160 1809 circa
2207 1754 2357 1810 alias
2419 1754 2695 1810 mulieres
2748 1760 2882 1812 acta
2907 1761 3046 1812 sunt
3104 1759 3493 1828 praetermisit.

109 1852 299 1913 ἄλλοις
333 1869 344 1880 ·
384 1854 450 1903 τὰ
501 1848 559 1903 δε
589 1853 723 1902 κατά
773 1855 866 1907 τὴν
922 1845 1276 1920 Μαγδαληνὴν
1321 1845 1596 1911 ἐκτίθεται,
1657 1848 1724 1906 ὡς

110 1941 328 2001 ἐκείνοις
402 1944 785 2003 σεσιωπημένα.
855 1941 1050 1990 Λοιπὸν
1103 1933 1189 1988 οὖν
1248 1934 1506 2007 ἀνάγνωθι
1549 1934 1597 1986 ἐν
1653 1943 1725 2005 τῷ

110 2032 374 2103 εἰρημένῳ
427 2032 684 2100 κεφαλαίῳ
730 2027 829 2079 ἀπὸ
870 2035 958 2079 τού
987 2041 1000 2056 ⁸
1027 2025 1160 2096 Ὀψὲ
1208 2024 1480 2077 Σαϐϐάτων
1521 2032 1582 2081 τῆ
1617 2022 1724 2074 ἑπι-

111 2122 406 2193 φωσκούση
444 2119 514 2177 εἰς
554 2123 676 2189 μίαν
709 2115 999 2170 Σαϐϐάτων.
1025 2117 1160 2189 ἄχρι
1185 2123 1276 2166 τοῦ
1312 2132 1322 2142 ·
1360 2117 1425 2165 Oi
1456 2111 1514 2164 δὲ
1545 2109 1726 2164 ἕνδεκα

111 2211 357 2281 μαθηταὶ
408 2206 760 2279 ἐπορεύθησαν
801 2207 872 2267 εἰς
909 2211 1002 2262 τὴν
1051 2204 1325 2256 Γαλιλαίαν
1373 2223 1385 2234 ο
1448 2207 1538 2253 καὶ
1584 2201 1726 2271 εὑρή-

115 2317 226 2358 σεις
254 2298 423 2349 πάντα
449 2298 584 2347 κατὰ
607 2295 757 2366 λόγον
785 2297 1164 2366 ἡρμηνευμένα,
1216 2298 1305 2344 καὶ
1327 2293 1575 2365 ἁρμονίαν
1601 2295 1726 2362 μίαν

111 2396 217 2439 τῶν
262 2387 530 2459 τεσσάρων
572 2384 963 2456 εύαγγελιστῶν,
1017 2388 1102 2435 καὶ
1150 2391 1303 2454 σῶμα
1347 2389 1440 2442 τῆς
1492 2383 1725 2454 ἱστορίας

121 2478 195 2528 ἓν.

193 2571 276 2632 Τῷ
303 2567 474 2636 Πέτρῳ
507 2560 565 2615 δὲ
593 2569 682 2614 καὶ
721 2571 790 2633 τῷ
821 2564 1022 2634 Ἰωάννη
1055 2558 1347 2633 διαλέγεται
1373 2562 1401 2619 ἡ
1438 2556 1726 2630 Μαγδαληο

117 2659 205 2718 νὴ,
248 2662 319 2723 τῷ
352 2656 440 2724 μὲν
466 2655 531 2713 ὡς
581 2658 866 2725 κορυφαίῳ,
899 2660 970 2721 τῷ
993 2648 1052 2703 δε
1078 2654 1144 2711 ὡς
1173 2652 1508 2721 ἠγαπημένῳ,
1541 2653 1630 2700 και
1657 2651 1726 2709 ὡς

117 2745 293 2796 πλεῖον
319 2751 416 2795 τῶν
451 2743 614 2794 ἄλλων
654 2741 901 2812 ἀγαπῶσι
930 2744 1016 2792 τόν
1053 2744 1260 2815 Κύριον.
1316 2745 1415 2792 Καὶ
1437 2742 1537 2812 γὰρ
1579 2743 1726 2810 μόνοι

117 2836 289 2903 τούτῳ
330 2831 712 2896 ἠκολούθησαν,
771 2829 1078 2902 ἀπαγομένῳ
1111 2827 1312 2902 δεσμίῳ
1365 2832 1490 2902 πρὸς
1539 2827 1725 2881 Ἀνναν

123 2927 218 2974 καὶ
249 2924 506 2994 Καιάφαν.

1839 1850 2129 1916 tanquam
2151 1844 2228 1898 ab
2253 1843 2380 1899 aliis
2395 1843 2554 1900 dicta
2579 1861 2745 1917 :quas
2766 1861 2903 1900 vero
2922 1846 3114 1901 Mariae
3131 1846 3497 1917 Magdalenae

1837 1934 2182 1990 acciderunt
2223 1939 2421 2005 utpote
2473 1935 2551 1989 ab
2578 1933 2708 1989 aliis
2747 1934 2980 1990 silentio
3036 1937 3351 2007 praeterita,
3393 1952 3496 1992 ex-

1839 2030 2161 2097 ponuntur.
2187 2027 2333 2094 Lege
2364 2025 2566 2096 itaque
2601 2024 2886 2097 praedicto
2908 2025 3102 2098 capite
3122 2025 3199 2082 ab
3230 2042 3300 2083 eo
3329 2026 3494 2084 loco:

1847 2113 2093 2183 Vespera
2105 2120 2301 2170 autem
2323 2112 2776 2178 Sabbatorum”,
2801 2130 2928 2185 qua
2960 2116 3198 2172 lucescit
3224 2117 3286 2171 in
3318 2133 3499 2172 unum

1837 2203 2252 2273 Sabbatorum,
2267 2202 2584 2273 usquedum
2615 2203 2860 2258 dicitur:
2883 2204 3163 2260 Undecim
3187 2220 3319 2260 vero
3331 2205 3502 2262 disci-

1837 2292 1968 2362 puti
1977 2291 2237 2360 profecti
2255 2299 2390 2346 sunt
2415 2294 2475 2346 in
2509 2291 2818 2348 Galitwam
2847 2295 2889 2327 ⁹¹
2915 2309 2927 2347 ;
2958 2299 3014 2348 et
3045 2294 3251 2348 omnia
3275 2295 3353 2350 ad
3374 2310 3500 2350 ver-

1839 2379 1986 2434 bum
2000 2379 2320 2450 explanata
2334 2380 2614 2445 invenies,
2633 2397 2768 2436 eam
2783 2381 3036 2453 demque
3050 2388 3302 2452 quatuor
3313 2399 3499 2439 evan-

1841 2469 2183 2540 gelistarum
2199 2470 2680 2535 consonantiam,
2697 2486 2768 2525 ac
2780 2486 2996 2543 corpus
3008 2471 3271 2527 historias
3286 2488 3497 2553 unum:

1915 2559 2085 2613 Petro
2111 2565 2311 2614 autem
2350 2564 2406 2614 et
2445 2559 2658 2614 Joanni
2699 2557 2961 2631 loquitur
2990 2561 3370 2632 Magdalene:
3415 2560 3500 2618 illl

1841 2647 2107 2718 quidem,
2144 2650 2429 2718 tanquam
2451 2649 2721 2703 omnium
2742 2665 3002 2714 summo,
3029 2650 3164 2706 huic
3198 2667 3334 2707 vero
3366 2657 3494 2708 tan-

1840 2751 2028 2808 quam
2053 2736 2288 2801 dilecto,
2319 2742 2376 2792 et
2401 2737 2499 2807 qui
2541 2737 2802 2808 amplius
2857 2754 3042 2810 quam
3074 2741 3264 2795 caeteri
3296 2741 3499 2812 dilige-

1838 2827 1988 2882 bant
2017 2826 2217 2880 Jesum
2254 2845 2266 2894 ;
2296 2826 2406 2882 soli
2433 2827 2593 2881 enim
2631 2826 2782 2882 inter
2813 2843 3022 2883 omnes
3053 2829 3234 2884 secuti
3267 2829 3502 2888 fuerant

1840 2931 2002 2984 eum,
2027 2931 2166 2970 cum
2191 2915 2407 2987 ligatus
2437 2915 2848 2973 abducebatur
2877 2917 2956 2974 ad
2975 2920 3211 2975 Annam
3239 2925 3296 2976 et
3335 2919 3502 2978 Caia-

1841 3003 2044 3075 pham.

198 3099 437 3161 Ἐξῆλθεν
465 3130 532 3139 ——
571 3105 838 3170 μνημεῖον.
874 3093 1078 3155 Μηδενὶ
1127 3099 1215 3168 μὲν
1241 3103 1340 3147 τῶν
1368 3094 1530 3146 ἄλλων
1563 3090 1725 3164 μηδὲν

1913 3093 2076 3147 Vers.
2111 3095 2161 3146 3.
2191 3093 2388 3147 Exivit
2429 3124 2496 3132 -
2560 3100 3024 3151 monumentum.
3056 3096 3208 3152 Nulli
3240 3098 3498 3155 aliorum

122 3189 369 3248 εἰπόντες,
394 3191 879 3260 καταφρονήσαντες
902 3183 960 3238 δὲ
983 3189 1069 3237 καὶ
1103 3193 1202 3237 τῶν
1223 3180 1498 3237 Ἰουδαίων
1519 3188 1608 3234 καὶ
1632 3191 1730 3232 τῶν

118 3277 361 3350 φυλάκων
391 3278 489 3328 ύπό
519 3278 856 3350 θερμότητος.

194 3366 446 3439 Ἐτρεχον
477 3397 546 3406 -
572 3367 722 3438 όμού.
750 3363 845 3437 [Τῇ
873 3365 1030 3436 ὁμοίᾳ
1063 3363 1176 3435 (90)
1203 3365 1481 3437 θερμότητι
1513 3359 1733 3432 ἁμιλλώ-

121 3475 291 3528 μενοι.
324 3454 346 3528 ]

201 3551 301 3598 Καὶ
333 3577 398 3586 —-
428 3552 694 3618 μνημεῖον.
736 3544 818 3605 Ὡς
846 3542 1182 3618 ἀκμαιότερος
1210 3544 1296 3594 τόν
1322 3547 1464 3595 τόνον
1495 3551 1590 3595 τοῦ
1634 3547 1733 3594 σώ-

123 3654 309 3708 ματος.

203 3728 302 3776 Καὶ
337 3753 384 3764 -
417 3723 610 3778 ὀθόνια.
635 3726 711 3776 Τὰ
750 3721 984 3795 ἐντάφια,
1017 3727 1112 3780 τὴν
1139 3718 1372 3777 σινδόνα.

199 3905 274 3957 Ού
305 3909 475 3978 μέντοι
516 3904 743 3963 εἰσῆλθε.
778 3903 983 3978 Φρίξας,
1015 3905 1042 3964 ἦ
1079 3903 1370 3978 ἁρκεσθείς.

203 4083 456 4155 Ἔρχεται
487 4114 555 4124 —
577 4089 846 4154 μνημεῖον.
875 4086 961 4140 Μὴ
984 4079 1278 4149 διιλιάσας,
1307 4084 1391 4134 ἵνα
1422 4085 1480 4134 τὸ
1499 4091 1590 4142 τῆς
1609 4099 1732 4154 προ-

123 4178 278 4247 τέρας
300 4169 493 4233 δειλίας
523 4171 880 4246 ἀποτρίψηται
909 4171 1020 4243 (91)
1062 4171 1316 4243 ἔγκλημα,
1372 4172 1402 4229 ἣ
1437 4169 1731 4244 ἀκριϐέστε-

125 4282 212 4334 ρον
266 4260 538 4336 ἐρευνῆσαι
603 4259 934 4333 βουλόμενος.
1018 4259 1260 4321 Ἰωάννης
1325 4262 1414 4330 μὲν
1479 4266 1550 4328 τῷ
1620 4260 1730 4330 (92)

124 4347 448 4423 προδραμεῖν
519 4367 530 4379 ·
582 4353 771 4422 Πέτρος
831 4346 890 4402 δὲ
951 4358 1022 4420 τῷ
1076 4347 1317 4401 εἰσελθεῖν
1369 4347 1439 4409 εἰς
1491 4351 1550 4400 τὸ
1602 4367 1730 4420 μνη-

126 4446 289 4511 μεῖον.

201 4530 458 4598 [Ζήτησον
516 4529 624 4598 (93)
679 4526 844 4580 καὶέν
877 4535 948 4596 τῷ
980 4523 1325 4598 ὀγδοηκοστῷ
1372 4522 1597 4599 δευτέρῳ
1645 4546 1728 4579 κε-

129 4617 326 4689 φαλαίῳ
355 4625 446 4668 τοῦ
503 4620 636 4668 κατὰ
681 4623 886 4670 Λουκᾶν
912 4621 968 4667 τό
1005 4633 1017 4644 ·
1066 4615 1125 4667 εΟ
1184 4612 1243 4668 δὲ
1267 4620 1456 4690 Πέτρος
1499 4615 1728 4680 ἀναστὰς

130 4703 347 4780 ἕῗραμέν
397 4704 479 4758 ἐπὶ
542 4709 594 4758 τό
651 4712 918 4777 μνημεῖον,
973 4709 1062 4755 καὶ
1103 4703 1360 4776 ἀνάγνωθι
1419 4707 1486 4757 τὰ
1536 4705 1729 4778 ἐξηγη-

847 4883 895 4919 °°
928 4881 1070 4938 ibid.

199 4888 244 4922 ⁸9
273 4887 426 4942 Matt.
451 4899 648 4953 xxvm,
685 4883 732 4938 1.
847 4883 895 4919 οο
928 4881 1070 4938 ibid.
1183 4885 1229 4919 ⁹¹
1264 4881 1405 4940 ibid.
1443 4887 1528 4942 l6.

1840 3181 2176 3253 quidquam
2209 3181 2502 3246 dicentes;
2529 3182 2770 3253 insuper
2792 3189 2847 3238 et
2867 3184 3106 3241 Judaaos
3127 3202 3197 3242 ac
3221 3188 3499 3243 custodes

1842 3286 1958 3342 prae
1993 3270 2220 3325 fervore
2264 3276 2734 3327 contemnentes.

1915 3359 2072 3414 Vers.
2107 3362 2160 3414 4.
2199 3359 2529 3415 Currebant
2566 3391 2636 3401 —
2697 3361 2888 3416 simul.
2947 3363 3130 3419 Simili
3178 3363 3410 3421 fervore
3439 3369 3496 3422 et

1842 3463 1903 3504 se
1943 3453 2000 3505 et
2027 3454 2242 3505 caetera
2279 3449 2670 3520 despicientes
2715 3452 2858 3522 (aa).

1912 3541 2069 3594 Vers.
2103 3539 2154 3593 4.
2196 3539 2366 3594 Et—
2411 3547 2872 3597 monumentum.
2921 3539 3238 3615 Tanquam
3283 3544 3503 3602 robus-

1843 3629 1956 3686 tior
1984 3628 2188 3699 vigore
2219 3629 2502 3702 corporis.

1912 3720 2076 3775 Vers.
2111 3724 2162 3774 5.
2189 3719 2262 3774 Et
2294 3751 2357 3761 —
2389 3719 2744 3778 linteamina.
2795 3721 3122 3789 Funeralia,
3170 3728 3334 3795 puta,
3385 3724 3501 3782 sin-

1841 3809 2086 3865 donem.

1914 3899 2070 3955 Vers.
2097 3903 2147 3954 5.
2179 3899 2312 3954 Non
2331 3907 2526 3957 tamen
2571 3899 2862 3958 introivit.
2887 3903 3162 3959 Tremore
3195 3903 3502 3974 detentus,

1841 3993 1943 4044 aut
1969 3988 2060 4043 his
2083 3988 2210 4060 jam
2238 3995 2572 4046 contentus.

1912 4080 2067 4133 Vers.
2100 4080 2155 4132 6.
2196 4079 2356 4134 Venit
2396 4111 2455 4120 —
2494 4086 2952 4136 monumentum.
2982 4080 3151 4136 Nullo
3176 4081 3307 4152 jam
3340 4088 3502 4140 metu

1838 4181 2183 4238 oppressus,
2207 4183 2328 4238 quo
2342 4167 2556 4238 prioris
2583 4167 2824 4238 culpam
2859 4167 3188 4224 timiditatis
3203 4170 3503 4242 absterge-

1837 4260 1942 4322 ret,
1973 4254 2469 4326 autdiligentibus
2493 4257 2740 4312 scrutari
2758 4256 2978 4312 volens.
3006 4257 3261 4315 Invicem
3298 4261 3500 4334 itaque

1837 4359 1899 4400 se
1930 4343 2114 4399 ambo
2145 4345 2411 4400 vicerunt
2443 4345 2742 4401 :Joannes
2770 4345 3018 4416 quidem
3046 4351 3496 4419 praecurrendo,

1755 4469 1801 4524 Β
1837 4433 2040 4489 Petrus
2076 4449 2215 4488 vero
2246 4433 2305 4488 in
2338 4439 2798 4490 monumentum
2830 4434 3208 4492 introeundo.

1909 4523 2116 4588 Quaere
2134 4522 2313 4578 etiam
2335 4522 2705 4596 octogesimo
2725 4523 2991 4580 secundo
3015 4527 3314 4596 Evangelii
3323 4528 3496 4599 juxta

1836 4614 2056 4669 Lucam
2081 4613 2288 4684 capite,
2318 4612 2417 4668 ubi
2450 4612 2699 4671 dicitur:
2733 4613 2943 4668 Petrus
2979 4628 3116 4670 vero
3145 4632 3388 4687 surgens
3403 4634 3504 4674 cu-

1836 4704 2026 4761 currit
2046 4704 2126 4760 ad
2137 4709 2580 4760 monumentum
2598 4704 2675 4770 91;
2695 4717 2764 4759 ac
2783 4705 3227 4763 enarrationem
3245 4705 3376 4780 lege
3403 4724 3501 4763 su-

1649 4884 1721 4921 ⁹¹⁶
1750 4885 1889 4942 Luc.
1938 4900 2092 4950 χειν,
2132 4887 2220 4942 12.

1199 5035 1419 5106 Varia
1467 5037 1796 5107 lectiones
1833 5048 1896 5106 et
1929 5043 2134 5106 notae.

196 5232 309 5374 f89)
355 5231 544 5288 Etiam
573 5231 700 5288 haec
732 5233 947 5291 desunt
972 5236 1038 5290 A.

219 5309 307 5374 9η)
349 5304 588 5359 Inclusa
618 5305 834 5362 absunt
857 5309 920 5361 A.

219 5309 307 5387 ξιξ)
349 5304 956 5387 Ψοίίὲξδ.⁸δ⁵“¹ξίᾹςη
1207 5382 1215 5387 ,
1307 5376 1317 5387 .
1447 5376 1460 5387 .
1547 5377 1557 5387 .

197 5378 312 5448 (91)
353 5376 740 5450 Ἀποῤῥι-,ιηται
779 5380 844 5432 Λ.
895 5377 1046 5434 Illud
1075 5376 1397 5434 Hentenius
1445 5376 1604 5448 legit.
1636 5379 1727 5436 Αι-

196 5555 314 5626 (aa)
341 5556 416 5610 Et
455 5571 516 5611 se
541 5587 605 5596 —
632 5554 1030 5625 despicientes.
1059 5557 1206 5612 Inter
1233 5573 1292 5612 se
1319 5559 1721 5612 certantean-

129 5629 352 5696 terpres
381 5627 613 5683 videtur
650 5627 859 5696 legisse
912 5634 996 5679 καὶ
1028 5628 1219 5680 ἑαυτῶν
1275 5634 1364 5681 καὶ
1419 5637 1517 5682 τῶν
1558 5629 1720 5680 ἄλλων

133 5697 446 5774 αμελοῦντες.
493 5698 605 5755 Sed
660 5715 795 5775 quin
853 5698 1099 5756 inferius
1151 5700 1435 5773 leguntur
1483 5716 1545 5779 p.
1591 5702 1717 5770 627,

1837 5235 2054 5309 queita
2082 5233 2259 5309 etiam
2292 5236 2379 5290 est
2405 5233 2485 5290 ad
2514 5233 2681 5292 Joan.
2718 5250 2838 5303 χιχ,
2872 5234 2928 5293 7.

1909 5307 2021 5377 (92)
2047 5308 2266 5380 ᾼραμεῖν
2300 5313 2356 5361 Β.

1905 5361 2019 5450 (93ί
2047 5361 2282 5446 Inclusa
2311 5378 2535 5434 absunt
2577 5385 2637 5434 A.

1832 5572 1988 5632 vers,
2036 5557 2118 5632 lit.
2152 5556 2394 5615 ἐνίκησαν
2445 5552 2556 5629 οὖν,
2594 5578 2643 5614 κ.
2670 5577 2716 5614 τ.
2759 5559 2829 5632 λ.,
2864 5558 3174 5623 lectionem
3209 5578 3485 5625 meorum

1831 5629 2007 5686 codd.
2051 5630 2320 5687 firmant.
