4076 6430
42 374 175 440 1481

1128 362 1474 427 COMMENT
1514 364 1583 425 IN
1621 368 1969 427 JOANNEM.
2011 401 2079 410 —
2117 370 2272 425 CAP.
2318 367 2438 425 XX.

3282 374 3419 433 1482

116 510 207 580 [Oi
236 510 317 580 (l)
348 511 421 575 τῷ
442 504 589 576 τάφῳ
611 508 702 555 τοῦ
734 504 964 573 Χριστοῦ
986 494 1423 570 προσεδρεύοντες
1454 494 1669 567 ἄγγελοι

1849 495 1891 564 -ι-
1932 492 2140 549 Christi
2171 493 2445 566 sepulcro
2477 494 2977 565 assistuntangeli
3003 496 3080 552 ad
3116 497 3426 554 credulita-

42 600 179 670 πρὸς
204 600 474 648 πίστωσιν
503 595 786 667 παρέμενον
812 593 902 640 καὶ
945 583 1300 640 διδασκαλίαν
1320 593 1410 638 τοῦ
1450 584 1666 658 ἐγηγέρ-

36 700 148 750 θαι,
179 683 312 737 ἀλλὰ
340 686 416 756 μὴ
459 680 737 753 κεκλέφθαι
764 682 853 731 τόν
884 676 1117 750 Κύριον.]

116 778 221 827 Καὶ
260 804 330 812 -
361 771 563 832 κλαίεις
588 786 602 835 ;
640 769 747 840 [Μὴ
777 766 1057 839 τολμώσης
1212 764 1376 827 αὐτῆς
1404 760 1668 836 ἐρωτῆσαι

42 862 253 931 αὐτοὺς,
297 860 449 913 αὐτοὶ
481 857 815 930 διαλέγονται
835 854 1020 927 αὐτῇ]

119 954 279 1022 Λέγει
311 980 379 991 -
406 948 587 1003 αὐτὸν.
611 944 764 1019 ’ῼετο
789 947 890 1019 γὰρ
913 946 1013 997 ὑπὸ
1038 950 1137 995 τῶν
1157 942 1429 1014 θαψάντων
1456 960 1666 1014 μετατε-

49 1040 205 1098 θῆναι
233 1037 413 1091 αὐτόν.

120 1132 223 1179 Καὶ
272 1158 343 1166 -
397 1125 622 1180 ἑστῶτα.
674 1128 775 1177 Καὶ
820 1130 952 1187 πῶς,
998 1126 1156 1194 μήπω
1207 1117 1372 1193 μηδὲν
1421 1122 1666 1193 μαθοῦσα

44 1217 191 1288 παρὰ
265 1224 369 1267 τῶν
452 1212 847 1287 ἓρωτησάντων,
939 1206 1194 1283 αἰφνίδιον
1283 1208 1512 1284 ἐστράφη
1595 1209 1666 1270 εἰς

42 1308 111 1356 τὰ
161 1303 335 1356 ὀπίσω
367 1302 555 1372 ;”Οτι,
603 1298 695 1355 τοῦ
738 1306 975 1377 Χριστοῦ
1022 1301 1165 1372 ἄφνω
1218 1302 1455 1372 φανέντος
1497 1297 1664 1350 ὀπίσω

45 1392 229 1460 αὐτῆς,
267 1394 318 1444 οἱ
352 1391 591 1464 ἄγγελοι,
639 1394 724 1444 τὸν
778 1394 1040 1447 Δεσπότην
1093 1388 1284 1441 ἑαυτῶν
1318 1385 1533 1452 ἰδόντες,
1582 1386 1664 1439 εὖ·

273 1479 634 1544 ἰξανέστησαν
724 1482 1025 1553 σύντρομοι,
1103 1474 1472 1552 δουλοπρεπῶς
1548 1475 1663 1528 ἀτε-

42 1571 275 1632 νίζοντες
323 1569 393 1631 εἰς
439 1569 616 1623 αὐτόν.
668 1569 933 1644 Ἐστράφη
980 1564 1068 1620 οὖν
1119 1563 1248 1620 ἰδεῖν
1302 1570 1383 1629 τίς
1421 1568 1446 1618 6
1494 1570 1666 1638 φανεὶς

44 1660 247 1722 αὐτοῖς.

47 1483 175 1542 Οέως

118 1752 221 1802 Καὶ
253 1778 322 1789 -
355 1746 522 1804 ἔστιν.
555 1748 769 1823 [Ἒφάνη
811 1747 891 1819 (3)
925 1749 1026 1820 γὰρ
1059 1746 1189 1819 αὖτῇ
1224 1744 1271 1797 ἓν
1298 1744 1445 1820 ἑτέρᾳ
1469 1752 1662 1819 μορφῇ,

1780 587 1897 639 tem
1928 587 2340 655 permanentes
2382 600 2394 637 :
2431 588 2613 656 utque
2653 584 2974 641 surrexisse
3017 586 3317 651 docerent,
3369 594 3423 645 et

1776 687 1899 727 non
1926 672 2078 727 furto
2104 671 2407 728 sublatum
2431 688 2582 729 esse.

1847 761 2010 816 Vers.
2061 762 2141 816 13.
2175 763 2241 815 Et
2270 793 2335 802 —
2367 763 2570 834 ploras
2606 763 2635 818 ‘t
2663 762 2807 819 Cum
2840 763 2974 836 ipsa
3001 780 3121 821 non
3181 765 3427 823 auderet

1775 850 2275 919 eosinterrogare,
2306 851 2386 906 illi
2412 851 2459 907 ei
2482 852 2831 924 loquuntur.

1848 941 2005 994 Vers.
2052 943 2133 996 13.
2164 940 2262 995 Ait
2294 971 2361 979 —
2387 955 2539 996 eum.
2574 941 2829 998 Putabat
2871 941 3050 1012 enim,
3083 942 3162 1000 ab
3199 942 3295 1000 his
3322 944 3427 1016 qui

1776 1026 2149 1100 sepelierant,
2183 1044 2315 1084 eum
2345 1028 2526 1086 fuisse
2556 1031 3002 1102 transpositum.

1844 1116 2007 1173 Vers.
2064 1117 2147 1173 14.
2195 1119 2276 1174 Et
2318 1149 2388 1158 —-—
2432 1124 2707 1176 stantem.
2755 1122 2821 1174 Et
2857 1120 3186 1192 quomodo,
3235 1121 3429 1193 prius-

1774 1222 1958 1280 quam
1991 1206 2178 1263 ullum
2208 1208 2534 1280 accepisset
2558 1225 2918 1282 responsum
2942 1212 3014 1266 ab
3033 1210 3126 1266 his
3157 1211 3261 1283 qui
3289 1226 3424 1267 eam

1774 1296 2295 1366 interrogaverant,
2327 1300 2562 1369 repente
2594 1314 2884 1355 conversa
2924 1306 3011 1355 est
3039 1306 3367 1356 retrorsum
3397 1300 3427 1355 ?

1774 1385 1922 1451 Quia
1959 1385 2156 1441 subito
2199 1390 2524 1458 apparente
2564 1388 2791 1444 Christo
2826 1393 2964 1460 post
3005 1404 3161 1457 eam,
3203 1389 3423 1459 angeli,

1773 1474 1901 1530 viso
1922 1474 2176 1530 Domino
2204 1490 2333 1542 suo,
2367 1476 2565 1532 statim
2591 1482 2969 1533 surrexerunt
2998 1493 3129 1532 cum
3150 1483 3424 1542 tremore.

1776 1578 1942 1619 more
1980 1579 2291 1619 servorum
2333 1565 2394 1620 in
2445 1581 2583 1620 eum
2633 1566 2951 1622 intuentes.
3001 1568 3296 1624 Conversa
3339 1572 3428 1624 est

1775 1669 1938 1725 ergo,
1980 1657 2045 1708 ut
2080 1652 2318 1722 videret,
2360 1654 2493 1725 quis
2524 1653 2641 1709 illis
2672 1656 3073 1726 apparuisset.

1846 1742 2008 1799 Vers.
2048 1743 2128 1798 14.
2162 1743 2241 1797 Ει
2271 1773 2337 1784 -
2368 1751 2534 1800 esset.
2569 1745 2861 1816 Apparuit
2885 1748 3045 1801 enim
3069 1746 3121 1801 ei
3152 1745 3271 1801 alia
3296 1761 3427 1818 spe-

36 1842 127 1890 καὶ
156 1835 206 1889 ἔν
238 1836 591 1913 εὖτελεστέρῳ
622 1844 709 1890 καὶ
742 1856 898 1908 κοινῳ
930 1840 1195 1909 σχήματι,
1239 1835 1321 1886 ἵνα
1368 1839 1438 1907 μὴ
1482 1832 1665 1906 ἁθρόον

1796 1832 1884 1899 sie,
1927 1836 1983 1889 et
2012 1831 2203 1888 viliori
2234 1847 2303 1888 ac
2346 1832 2748 1890 communiori
2795 1834 3026 1899 habitu,
3077 1850 3152 1892 ne
3186 1842 3428 1907 repente

38 1926 352 2001 καταπλαγῇ

117 2020 274 2088 Λέγει
313 2048 384 2059 -
424 2016 563 2091 ἀρῶ.
622 2015 749 2067 Ἀπό
800 2033 855 2067 τε
900 2017 992 2066 τόῦ
1052 2020 1225 2065 κοινοῦ
1266 2017 1543 2085 σχήματος
1578 2017 1668 2064 καὶ

42 2113 137 2157 τοῦ
188 2102 321 2158 εἶναι
380 2105 431 2158 ἓν
509 2113 581 2177 τῷ
638 2109 790 2174 κήπῳ
847 2101 1093 2155 ὑπέλαϐεν
1164 2102 1243 2154 ὅτι
1309 2103 1334 2153 6
1404 2107 1668 2175 κηπουρός

47 2193 209 2248 ἐστιν.
252 2192 398 2248 Οὐδε
439 2198 548 2267 γὰρ
596 2197 691 2252 τὴν
732 2196 900 2265 φωνην
950 2191 1109 2243 αὐτοῦ
1159 2190 1451 2264 ἐγνώρισεν,
1503 2190 1667 2243 ἀσυν-

51 2286 152 2341 ήθη
199 2283 584 2356 ἐνηχηθεῖσαν.
624 2281 779 2354 ’ᾮετο
825 2277 903 2347 δὲ,
950 2284 1019 2343 ὡς
1067 2284 1286 2355 εἴρηται,
1325 2282 1669 2352 μετατεθῆναι

51 2376 141 2443 μεν
174 2373 331 2426 αὐτὸν
364 2373 432 2434 εἰς
464 2373 631 2445 ἕτερον
678 2375 833 2422 τόπον
862 2368 1258 2442 ἀσφαλέστερον,
1292 2368 1669 2441 βασταχθῆναι

54 2456 114 2512 δὲ
144 2464 293 2536 παρὰ
322 2469 417 2513 τοῦ
462 2467 750 2534 κηπουροῦ,
784 2458 930 2526 [Εἰπέ
952 2477 1043 2530 μοι
1084 2457 1159 2528 (4)
1192 2453 1300 2523 οὖν,
1344 2462 1522 2531 φησὶν,
1566 2464 1669 2510 ποῦ

54 2550 250 2611 ἔθηκας
279 2550 457 2616 αὐτὸν,
489 2548 635 2621 κάγὼ
663 2547 816 2600 αὐτὸν
847 2546 975 2620 ἀρῶ,
1010 2548 1082 2607 εἰς
1111 2546 1260 2598 ἄλλον
1290 2548 1671 2606 καταθήσουσα

54 2642 214 2690 τόπον
247 2636 834 2709 ἁνεπιϐουλευτότερον.]

128 2724 211 2794 ΓΟ
259 2731 441 2799 μόνων
478 2725 556 2799 (5)
612 2733 711 2777 τῶν
760 2726 807 2776 ἐν
863 2730 1011 2795 γενεᾴ
1057 2728 1148 2776 καὶ
1210 2725 1376 2798 φθορᾷ
1415 2721 1670 2800 δημιουρ-

53 2817 148 2885 γὸν
203 2820 293 2868 καὶ
360 2820 652 2890 προνοητην
700 2813 923 2886 νομίζων
976 2817 1062 2865 τὸν
1120 2816 1331 2886 Κύριον,
1387 2815 1532 2875 οὗτος
1598 2814 1668 2877 εἰς

57 2909 326 2978 κηπουρὸν
371 2903 761 2981 παραγνωρίζει
817 2903 967 2954 αὐτόν
998 2919 1009 2931 ·
1059 2900 1145 2955 διὸ
1193 2907 1283 2954 καὶ
1323 2907 1495 2975 φεύγει
1552 2906 1667 2955 τούν

55 3009 148 3043 του
194 2998 286 3046 καὶ
342 2994 420 3065 (6)
470 2998 563 3051 τήν
621 2993 755 3063 ἁφὴν
801 2993 825 3043 6
875 2995 1160 3058 Δεσπότης,
1216 2995 1280 3051 ὡς
1322 2997 1474 3063 μήπω
1546 2992 1668 3064 παρ’

57 3080 199 3150 αὐτῷ
264 3080 457 3143 ἂναϐἁς
527 3084 660 3154 πρὸς
710 3083 768 3132 τὸ
850 3078 1055 3152 ἀξίωμα
1122 3084 1213 3131 καὶ
1285 3085 1373 3137 τὴν
1452 3080 1672 3137 ἰσότητα

1777 1926 2277 1979 consternaretur.

1850 2013 2010 2066 Vers.
2048 2016 2130 2067 15.
2174 2012 2328 2068 Dicit
2354 2041 2423 2052 —-
2464 2013 2694 2069 tollam.
2754 2017 2793 2064 A
2845 2012 3149 2069 communi
3195 2012 3422 2077 habitu,

1777 2104 1831 2155 et
1877 2100 2021 2171 quia
2064 2100 2125 2155 in
2168 2100 2340 2156 horto
2385 2106 2531 2167 erat,
2573 2101 2863 2159 arbitrata
2901 2106 2993 2158 est
3042 2101 3427 2159 hortulanum

1776 2204 1927 2244 esse.
1958 2193 2155 2262 Neque
2196 2190 2353 2245 enim
2399 2207 2606 2246 vocem
2646 2191 2774 2262 ejus
2823 2192 3086 2262 agnovit,
3142 2207 3308 2247 more
3344 2192 3430 2247 in-

1778 2282 1945 2334 sueto
1997 2278 2312 2351 prolatam.
2362 2280 2618 2335 Putabat
2666 2285 2889 2347 autem,
2943 2285 3006 2338 ut
3042 2281 3265 2336 dictum
3315 2285 3423 2346 est,

1780 2369 2208 2440 transpositum
2240 2384 2378 2424 eum
2410 2386 2535 2425 esse
2573 2369 2634 2425 in
2673 2370 2949 2426 tutiorem
2989 2370 3174 2426 alium
3204 2370 3426 2435 locum,

1778 2464 1835 2513 et.
1866 2458 1943 2513 ab
1974 2457 2293 2513 hortulano
2323 2465 2722 2530 asportatum.
2759 2459 2863 2516 Dic
2888 2459 3054 2527 mihi,
3082 2459 3294 2532 inquit,
3329 2459 3433 2514 ubi

1775 2547 2042 2616 posueris
2073 2562 2223 2615 eum,
2255 2553 2308 2602 et
2338 2563 2438 2618 ego
2477 2564 2608 2605 eum
2648 2549 2868 2615 tollam,
2903 2549 2963 2604 in
2995 2549 3180 2605 alium
3210 2549 3432 2621 reposi-

1779 2643 1908 2691 tura
1939 2636 2160 2701 locum,
2193 2636 2272 2692 ab
2309 2637 2539 2692 insidiis
2588 2638 2886 2694 tutiorem.
2962 2650 2975 2657 '

1848 2724 1890 2793 σι-
1954 2723 2064 2785 Qui
2120 2724 2544 2795 generabilium
2601 2731 2828 2781 tantum
2868 2730 2924 2782 et
2953 2724 3432 2799 corruptibilium

1778 2817 2105 2868 creatorem
2132 2829 2203 2869 ac
2234 2814 2603 2885 provisorem
2635 2819 2804 2885 putat
2833 2814 3166 2880 Dominum,
3198 2814 3296 2870 hic
3325 2830 3432 2886 pro

1775 2901 2094 2959 hortulano
2118 2918 2254 2957 eum
2277 2904 2603 2973 cognoscit.
2641 2903 2863 2959 Idcirco
2880 2905 3059 2959 etiam
3085 2903 3264 2975 hujus
3291 2918 3430 2959 con-

1779 2996 2000 3047 tactum
2048 2991 2199 3062 fugit
2245 2992 2533 3047 Dominus
2565 2992 2725 3063 quod
2767 2994 2923 3063 apud
2954 2993 3125 3047 illum
3158 2994 3431 3048 nondum

1781 3078 2116 3133 ascenderit
2147 3078 2224 3132 ad
2254 3078 2609 3146 dignitatem
2658 3095 2727 3133 ac
2773 3080 3169 3149 aequalitatem
3202 3080 3382 3135 Patris
3417 3097 3430 3135 :

53 3176 147 3219 τοῦ
176 3175 401 3243 Πατρός,
435 3169 665 3231 Ἀνάξιοι
689 3172 790 3241 γὰρ
814 3168 974 3219 αὐτοῦ
996 3170 1043 3219 οἱ
1063 3171 1193 3239 μετά
1221 3168 1670 3230 τοιαύτηςὺπολή-

1796 3164 2075 3237 siquidem
2102 3180 2172 3220 eo
2197 3164 2427 3233 indigni
2460 3170 2619 3232 sunt,
2648 3166 2903 3236 quicum
2935 3166 3281 3237 hujusmodi
3310 3167 3434 3239 opi—

56 3256 199 3326 ψεως
232 3258 373 3330 αὐτῷ
403 3255 868 3335 προσερχόμενοιῇ

130 3350 289 3418 Λέγει
341 3379 412 3390 -
470 3342 791 3402 Διδάσκαλε,
857 3353 985 3413 Νῦν,
1033 3350 1371 3407 καταστήσας
1416 3350 1510 3406 τὴν
1565 3367 1671 3419 φω-

56 3437 148 3491 νην
181 3440 273 3488 καὶ
303 3441 398 3496 τὴν
447 3440 649 3511 μορφὴν
701 3440 792 3488 καὶ
840 3438 898 3488 τό
954 3443 1146 3508 σχῆμα
1197 3439 1325 3509 πρὸς
1369 3439 1428 3489 τὸ
1476 3455 1671 3509 γνωρι-

55 3527 311 3596 μώτερον,
341 3521 569 3579 δέδωκεν
614 3524 744 3597 αὐτῇ
797 3525 1048 3582 αἴσθησιν
1104 3523 1293 3591 αὐτῶν,
1341 3530 1431 3577 καὶ
1483 3524 1673 3578 αὐτίκα

56 3621 242 3666 τοῦτον
309 3614 616 3687 ἐπιγνοῦσα,
689 3613 901 3672 ἐϐόησεν
977 3615 1076 3666 ὑπὸ
1138 3619 1478 3688 περιχαρείας
1511 3630 1523 3643 ·
1581 3620 1671 3666 Δι-

59 3696 316 3761 δάσκαλε.
380 3703 561 3777 [Ἀλλὰ
591 3704 671 3776 (7)
717 3712 827 3766 πῶς
874 3709 1163 3779 στραφεῖσα
1197 3702 1352 3775 λέγει,
1400 3707 1506 3776 εἴγε
1542 3722 1672 3779 προς

60 3790 215 3844 αὐτὸν
292 3791 591 3866 διελέγετο;
648 3797 787 3845 Διότι
869 3792 1091 3845 εἰποῦσα
1146 3793 1266 3868 ὅπερ
1340 3789 1465 3863 εἶπε,
1530 3812 1673 3866 μετε-

63 3885 270 3955 στράφη
332 3888 460 3957 πρὸς
529 3885 651 3944 τοὺς
724 3881 973 3953 ἀγγέλους
1058 3879 1186 3935 ίὸεἰν
1280 3882 1324 3934 εἰ
1407 3884 1667 3956 πάρεισιν,

60 3972 91 4027 ἦ
154 3969 418 4043 ἐρωτῆσαι
464 3976 546 4032 τίς
609 3972 635 4022 6
692 3969 948 4033 ἐκπλήξας
999 3970 1221 4032 αὐτούς*
1281 3971 1428 4033 εὐθὺς
1468 3968 1527 4025 δὲ
1582 3979 1672 4023 τοῦ

59 4065 302 4132 Χριστοῦ
378 4059 688 4121 καλέσαντος
765 4062 947 4128 αὐτὴν,
1017 4058 1246 4134 ἐστράφη
1323 4061 1476 4114 πάλιν
1541 4065 1671 4135 πρὸς

61 4147 267 4223 αὖτόν.]

135 4243 293 4312 Λέγει
344 4270 411 4281 -
459 4244 530 4312 μή
594 4258 696 4312 μου
746 4238 932 4291 ἅπτου.
988 4238 1228 4313 Ὠρμησε
1280 4241 1378 4314 γὰρ
1431 4238 1673 4310 ἅψασθαι

61 4336 161 4378 τῶν
188 4326 368 4382 ποδῶν
397 4328 578 4392 αὐτοῦ,
612 4330 681 4390 ὡς
711 4327 900 4384 εἰώθει.
929 4328 1126 4381 Κωλύει
1167 4325 1225 4380 δε
1254 4328 1416 4386 αὐτὴν
1448 4330 1675 4400 προσφέ-

61 4418 252 4487 ρεσθαι
279 4417 419 4489 αὐτῷ
448 4425 539 4469 τοῦ
562 4416 766 4485 λοιποῦ,
807 4419 981 4479 καθὼς
1017 4420 1076 4469 τὸ
1113 4420 1378 4492 πρότερον,
1417 4419 1673 4492 θειοτέρας

63 4500 173 4562 ἤδη
205 4513 300 4569 τῆς
332 4509 528 4578 σαρκός
549 4505 708 4557 αὐτοῦ
731 4509 1020 4578 γενομένης.

1780 3255 1958 3311 nione
1987 3254 2060 3310 ad
2087 3270 2225 3309 eum
2253 3253 2563 3310 accedunt.

1852 3344 2014 3398 Vers.
2075 3344 2153 3396 t6.
2214 3342 2466 3397 Dz'cit—
2504 3344 2798 3413 Magister.
2878 3346 3046 3398 Nunc
3097 3343 3434 3416 composita

1779 3447 1946 3498 voce,
1998 3431 2193 3504 specie
2223 3439 2277 3487 et
2313 3431 2544 3498 habitu,
2583 3437 2643 3487 ut
2680 3431 2914 3487 facilius
2947 3437 3429 3501 cognosceretur,

1781 3522 1943 3578 dedit
1973 3522 2023 3577 ei
2054 3522 2271 3577 horum
2303 3520 2590 3588 notitiam,
2626 3521 2944 3592 statimque
2971 3521 3129 3576 illum
3162 3521 3433 3590 agnovit,

1782 3612 2046 3667 clamans
2087 3626 2207 3682 prie
2238 3610 2458 3672 laetitia,
2489 3610 2783 3681 Magister.
2815 3610 2929 3665 Sed
2952 3609 3265 3683 quomodo
3297 3625 3434 3665 con-

1787 3716 1955 3756 versa
1980 3700 2140 3765 dicit,
2174 3699 2221 3754 si
2250 3700 2376 3770 jam
2398 3714 2534 3754 eum
2564 3715 2636 3755 eo
2665 3698 3067 3771 loquebatur?
3098 3699 3267 3765 Quia,
3292 3715 3433 3756 cum

1782 3788 1845 3844 id
1883 3789 2147 3854 dixisset,
2212 3788 2376 3861 quod
2434 3788 2814 3862 loquebatur,
2867 3804 3164 3845 conversa
3210 3793 3301 3844 est
3354 3789 3435 3844 ad

1783 3878 2049 3948 angelos,
2085 3882 2146 3933 ut
2168 3878 2394 3933 videret
2419 3892 2498 3933 an
2541 3878 2838 3942 adessent,
2878 3876 2971 3933 vel
3006 3882 3067 3932 ut
3112 3878 3434 3947 interroga-

1784 3973 1868 4022 ret
1894 3967 2036 4040 quid
2073 3966 2203 4023 illos
2234 3967 2292 4022 in
2327 3971 2638 4039 stuporem
2671 3967 3018 4021 adduxisset
3053 3983 3064 4020 :
3110 3970 3433 4039 statimque

1783 4057 2012 4113 Christo
2031 4073 2165 4112 eam
2181 4062 2447 4120 vocante,
2464 4071 2672 4111 rursus
2689 4056 2767 4111 ad
2782 4055 2980 4127 ipsum
3021 4071 3311 4110 conversa
3324 4060 3430 4110 est.

1854 4234 2016 4289 Vers.
2055 4236 2138 4287 t7.
2172 4232 2328 4287 Dicit
2372 4259 2437 4272 -
2478 4230 2602 4285 noli
2630 4244 2722 4286 me
2766 4232 3019 4301 tangere.
3066 4233 3214 4286 Nam
3254 4245 3315 4285 se
3356 4229 3435 4287 ad

1786 4321 2155 4392 tangendum
2217 4321 2398 4393 pedes
2450 4320 2576 4391 ejus
2636 4319 2905 4391 aptabat,
2970 4321 3120 4375 sicut
3175 4319 3425 4377 solebat.

1785 4411 2063 4467 Prohibet
2079 4415 2275 4467 autem
2298 4425 2370 4464 ne
2390 4408 2673 4479 deinceps
2694 4408 2943 4465 accedat
2966 4408 3043 4464 ad
3068 4424 3207 4464 eum
3228 4407 3429 4472 modo,

1785 4517 1907 4575 quo
1922 4498 2395 4571 prius,cumjam
2414 4498 2672 4553 divinior
2688 4497 2847 4554 facta
2878 4498 3101 4553 sitcaro
3140 4498 3289 4567 ejus.

139 4597 303 4647 Οὔπω
355 4624 425 4637 --
486 4613 607 4667 μου.
666 4601 831 4647 Τοῦτο
882 4591 991 4646 εἶπε
1045 4593 1117 4645 δι’
1171 4590 1322 4646 οὐδὲν
1372 4594 1558 4665 ἕτερον,
1612 4597 1670 4655 ὡς

1857 4588 2024 4645 Vers.
2079 4590 2163 4643 17.
2213 4588 2482 4644 Nondum
2530 4617 2598 4626 —
2648 4602 2858 4643 meum.
2911 4586 3034 4642 Hoc
3081 4586 3157 4641 ad
3203 4585 3433 4642 nullum

67 4680 93 4730 6
140 4687 522 4758 Χρυσόστομός
562 4703 721 4757 φησιν
752 4682 846 4753 (8),
876 4685 907 4740 ἡ
952 4685 1104 4753 μόνον
1142 4682 1226 4735 ἳνα
1255 4691 1358 4755 γνῷ
1411 4685 1490 4735 ὅτι
1532 4683 1676 4755 ὑψη-

64 4767 274 4845 λότερός
328 4777 442 4827 ἐστι
493 4779 583 4825 καὶ
642 4768 1063 4845 αἰδεσιμώτερος.
1121 4768 1181 4824 Ὀ
1239 4776 1340 4847 γὰρ
1398 4774 1529 4846 μετὰ
1583 4780 1674 4825 τοῦ

70 4864 314 4932 σώματος
413 4857 654 4915 σπεύδων
735 4858 1021 4913 ἀναϐαίνειν
1117 4864 1248 4935 πρὸς
1320 4865 1406 4914 τὸν
1476 4867 1678 4937 Πατέρα

64 4953 158 4999 καὶ
185 4956 316 5005 Θεὸν
341 4948 605 5026 πρόδηλον
636 4952 716 5004 ὅτι
744 4953 802 5003 τό
841 4957 933 5003 τοῦ
986 4956 1223 5024 σώματος
1266 4949 1509 5028 ἐπίκηρον
1552 4951 1679 5005 ἁπε-

68 5033 252 5091 ϐοίλετο
266 5080 279 5095 .

142 5128 247 5179 Καὶ
276 5130 379 5202 μὴν
427 5131 529 5203 πρὸ
562 5126 797 5202 βραχέος
835 5130 968 5189 αὕτη
1000 5147 1053 5182 τε
1094 5132 1184 5182 καὶ
1237 5130 1267 5188 ἠ
1323 5128 1448 5187 οἴλλη
1496 5132 1678 5202 Μαρία

1734 4730 1741 4735 .
1785 4679 1967 4735 alium
1998 4678 2144 4733 dixit
2174 4677 2378 4745 finem,
2410 4682 2470 4732 ut
2489 4677 2570 4731 ait
2594 4675 3083 4748 Cbrysostomus,
3112 4674 3222 4729 nisi
3253 4682 3314 4730 ut
3346 4692 3437 4729 so-

1784 4768 1910 4826 lum
1941 4766 2466 4837 intelligeretquod
2485 4765 2798 4821 sublimior
2824 4765 2899 4819 sit
2927 4763 3235 4836 magisque
3267 4780 3435 4820 vene-

1785 4858 2027 4915 randus.
2061 4859 2211 4912 Nam
2250 4855 2354 4927 qui
2406 4854 2613 4911 nititur
2640 4870 2780 4910 cum
2832 4869 3081 4926 corpore
3124 4852 3198 4908 ad
3247 4855 3435 4909 Deum

1787 4964 1857 5004 ac
1889 4950 2118 5002 Patrem
2147 4943 2492 5012 ascendere,
2518 4943 2899 4998 manifestum
2923 4947 3013 4999 est
3039 4941 3206 5014 quod
3228 4958 3437 5014 oorpo-

1785 5039 1867 5094 ris
1895 5035 2267 5105 fragilitatem
2299 5034 2617 5105 abjecerat.

1858 5124 2038 5199 Atqui
2068 5122 2251 5199 paulo
2285 5129 2420 5180 ante
2460 5122 2586 5195 ipsa
2624 5125 2680 5179 et
2711 5119 2894 5179 altera
2918 5119 3098 5179 Maria
3127 5123 3440 5178 tenuerant

1301 5307 1511 5379 Variae
1547 5305 1873 5377 lectiones
1917 5314 1981 5372 et
2022 5312 2223 5372 notae.

136 5482 216 5560 (t)
253 5488 381 5560 llaec
406 5490 657 5560 uterque
688 5487 748 5544 in
775 5488 1065 5560 margine.

137 5558 218 5619 ('2)
259 5558 496 5616 Inclusa
522 5558 734 5616 desunt
753 5563 819 5615 Α.

139 5627 218 5697 (3)
260 5631 448 5686 Etiam
477 5630 610 5686 haec
632 5631 853 5688 absunt
879 5633 944 5687 A.

139 5702 221 5772 (4)
262 5701 495 5758 Inclusa
524 5701 746 5763 absunt
773 5707 840 5759 Α.

390 5797 629 5858 Parnm»
672 5798 775 5859 Gn.
813 5799 1055 5861 CXXXI.

1861 5486 1938 5557 (5)
1980 5485 2043 5539 In
2070 5480 2343 5557 margine
2360 5479 2497 5557 llaec
2526 5478 2709 5539 habet
2736 5479 2923 5538 codex
2959 5484 3223 5552 uterque.

1859 5553 1936 5627 (6)
1980 5560 2080 5608 Καὶ
2111 5554 2328 5627 omittit
2359 5553 2415 5607 Β.

1857 5624 1934 5696 (7)
1970 5626 2209 5681 Inclusa
2229 5624 2443 5680 absunt
2471 5630 2535 5682 A.

1860 5697 1940 5769 (8⁷)
1979 5700 2122 5755 Tom
2153 5697 2295 5763 Vlll,
2318 5711 2380 5771 p.
2413 5697 2542 5773 5t5.

3054 5789 3120 5851 41
