4076 6430
51 370 185 437 “Si
1143 366 1489 432 COMMENT
1529 370 1597 430 IN
1635 370 1984 432 JOANNEM.
2025 406 2094 415 —
2131 375 2287 430 CAP.
2332 372 2452 430 XX.
3294 380 3433 438 1482

125 508 218 579 [Οἱ
247 509 328 581 (1)
359 513 434 577 τῷ
455 508 604 579 τάφῳ
626 513 716 559 τοῦ
748 509 978 579 Χριστοῦ
1001 498 1437 575 προσεδρεύοντες
1469 500 1683 572 ἄγγελοι
1716 502 1735 554 Α

1863 501 1905 569 -ι-
1947 498 2154 555 Christi
2185 498 2459 571 sepulcro
2491 499 2992 570 assistuntangeli
3017 501 3094 557 ad
3130 502 3439 559 credulita-

50 599 189 670 πρὸς
213 601 486 649 πίστωσιν
516 600 801 671 παρέμενον
827 597 917 645 καὶ
959 588 1315 645 διδασκαλίαν
1333 598 1425 643 τοῦ
1465 588 1660 663 ἒγηγέρ·

1827 603 1911 643 3m
1942 593 2355 660 permanentes
2395 605 2407 643 :
2446 594 2627 661 utque
2667 589 2988 646 surrexisse
3031 591 3331 656 docerent,
3384 599 3437 650 et

46 700 159 751 θαι,
190 684 323 738 ἀλλὰ
352 690 427 758 μὴ
471 685 752 758 κεκλίφθαι
779 686 867 736 τόν
899 681 1132 755 Κύριοι]

985 681 1132 754 ριον.]
1791 692 1913 732 non
1940 677 2093 732 furto
2119 677 2421 733 sublatum
2446 694 2595 733 esse.

129 781 234 829 Καὶ
273 807 344 815 -
375 775 616 841 κλαίεις;
655 774 762 845 [Μὴ
792 771 1072 844 τολμώσης
1226 769 1391 832 αὐτῆς
1418 766 1682 842 ἐρωτῆσαι

1862 766 2025 821 Vers.
2076 766 2155 821 13.
2190 768 2255 821 Et
2284 798 2348 807 —
2381 768 2583 839 ploras
2621 768 2648 823 ?
2676 768 2820 825 Cum
2853 768 2988 842 ipsa
3016 784 3135 826 non
3196 770 3441 829 auderet

53 864 266 934 αύτούς,
311 864 464 917 αὐτοὶ
496 862 829 935 διαλέγονται
849 859 1035 933 αὐτῇ]

1790 855 2289 925 eosinterrogare,
2320 856 2401 911 illi
2426 856 2473 912 ei
2496 856 2844 929 loquuntur.

131 958 291 1025 Λέγει
324 984 393 995 -
420 952 602 1007 αὐτὸν.
625 949 779 1024 ’ῼετο
803 952 904 1025 γὰρ
928 950 1027 1002 ὑπὸ
1052 955 1152 1001 τῶν
1171 947 1444 1020 θαψάντων
1470 966 1680 1019 μετατε-

1863 946 2019 999 Vers.
2066 948 2146 1001 13.
2177 945 2276 1000 Ait
2308 976 2376 985 —
2402 960 2553 1002 eum.
2587 946 2843 1003 Putabat
2884 947 3063 1018 enim,
3098 947 3176 1006 ab
3214 947 3309 1005 his
3337 949 3439 1022 qui

61 1043 219 1102 θῆναι
247 1041 428 1095 αὐτόν.

1791 1032 2163 1105 sepelierant,
2197 1049 2329 1089 eum
2359 1034 2540 1091 fuisse
2570 1036 3015 1107 transpositam.

132 1136 236 1185 Καὶ
286 1163 357 1171 —
411 1130 636 1185 ἑστῶτα.
689 1133 790 1182 Καὶ
836 1135 966 1193 πῶς,
1013 1131 1171 1199 μήπω
1222 1122 1387 1198 μηδεν
1435 1127 1681 1199 μαθοῦσα

1860 1121 2022 1178 Vers.
2078 1122 2162 1178 14.
2210 1124 2290 1179 Ει
2332 1155 2403 1163 -
2446 1130 2721 1181 stantem.
2769 1127 2836 1180 Et
2871 1126 3200 1198 quomodo,
3250 1126 3442 1199 prius-

57 1223 205 1293 παρά
278 1228 383 1272 τῶν
466 1217 862 1293 ἐρωτησοίντων,
954 1212 1209 1288 αἰφνίδιον
1297 1214 1527 1290 ἐστράφη
1609 1214 1667 1274 εἰς

1827 1228 1973 1283 ξιιαω
2005 1212 2192 1269 ullum
2222 1213 2549 1285 accepisset
2573 1230 2933 1287 responsum
2956 1216 3029 1271 ab
3048 1215 3140 1271 his
3171 1216 3275 1288 qui
3303 1232 3437 1273 eam

56 1314 124 1363 τὰ
175 1308 350 1363 ὀπίσω
382 1307 570 1377 ;”οτι,
618 1303 709 1361 τοῦ
753 1311 990 1382 Χριστοῦ
1037 1306 1179 1377 ἄφνω
1233 1309 1470 1378 φανέντος
1511 1302 1666 1355 ὀπίσιι

1830 1306 2310 1371 iterrogaverant,
2342 1305 2577 1374 repente
2608 1319 2898 1360 conversa
2938 1311 3025 1361 est
3054 1311 3381 1361 retrorsum
3411 1305 3440 1360 τ

58 1399 243 1466 αὐτῆς,
281 1400 332 1450 οἱ
366 1397 606 1470 ἄγγελοι,
653 1399 738 1449 τόν
792 1400 1054 1452 Δεσπότην
1108 1394 1299 1447 ἑαυτῶν
1333 1390 1548 1457 ἰδόντες,
1597 1392 1668 1444 εύ-

1826 1390 1937 1454 mia
1973 1390 2170 1446 subito
2213 1396 2539 1463 apparente
2578 1392 2805 1449 Christo
2840 1398 2979 1465 post
3019 1409 3176 1462 eam,
3218 1394 3436 1464 angeli,

61 1490 189 1549 θέως
287 1486 649 1550 ἰξανὲστησαν
739 1488 1040 1559 σύντρομοι,
1117 1479 1487 1558 δουλοπρεπῶς
1563 1480 1671 1534 ἁτε‹

1828 1479 1916 1535 iso
1936 1479 2191 1536 Domino
2218 1496 2348 1547 suo,
2381 1482 2579 1537 statim
2605 1487 2984 1537 surrexerunt
3013 1498 3143 1538 cum
3165 1488 3438 1548 tremore.

56 1579 289 1638 νίζοντες
337 1576 408 1637 εἰς
453 1575 631 1629 αὐτόν.
683 1574 947 1649 Ἐστροίφη
996 1570 1082 1625 οὖν
1134 1568 1263 1626 ἰδεῖν
1317 1576 1397 1634 τίς
1436 1573 1461 1623 6
1508 1575 1666 1643 φανεὶς

1831 1583 1957 1624 iore
1994 1584 2305 1624 servorum
2348 1569 2409 1625 in
2459 1586 2597 1625 eum
2646 1570 2966 1627 intuentes.
3015 1573 3310 1629 Conversa
3352 1577 3441 1629 est

58 1667 261 1729 αὐτοῖς.
1789 1673 1952 1730 ergo,
1995 1662 2060 1713 ut
2094 1658 2332 1727 videret,
2374 1659 2508 1730 quis
2538 1658 2656 1713 illis
2687 1661 3087 1731 apparuisset.

130 1760 232 1810 Καὶ
265 1785 335 1796 -
367 1753 538 1810 ἔστιν.
571 1753 783 1828 [Ἐφάνη
940 1754 1041 1826 γὰρ
1073 1751 1204 1824 αὐτῇ
1239 1749 1286 1802 ἐν
1313 1749 1459 1826 ἑτέρᾳ
1484 1758 1676 1823 μορφῇ,

1861 1747 2023 1804 Vers.
2062 1748 2143 1803 14.
2176 1748 2255 1802 Et
2285 1778 2352 1789 -
2382 1756 2549 1805 esset.
2583 1750 2876 1820 Apparuit
2900 1752 3059 1806 enim
3083 1751 3136 1807 ei
3166 1750 3285 1807 alia
3310 1767 3440 1823 spe-

48 1851 140 1899 καὶ
168 1843 218 1898 ἒν
250 1843 606 1918 εῦτελεστέρῳ
637 1849 725 1895 καὶ
757 1861 912 1913 κοινῳ
944 1846 1210 1913 σχήματι,
1254 1841 1336 1891 ἵνα
1382 1843 1453 1913 μὴ
1496 1837 1658 1911 ἁθρόα

1831 1837 1899 1904 ie,
1940 1842 1997 1894 et
2027 1836 2217 1893 viliori
2248 1852 2317 1893 ac
2361 1838 2763 1895 communiori
2810 1839 3041 1905 habitu,
3091 1855 3166 1896 ne
3200 1847 3441 1912 repente

52 1934 366 2008 καταπλαγῇ

1791 1932 2066 1983 constern
2076 1932 2290 1983 aretur.

131 2029 288 2097 Λέγει
327 2054 399 2066 -
439 2021 578 2096 ἀρῶ.
636 2021 764 2073 Ἀπό
815 2037 869 2072 τε
914 2022 1007 2071 τόῦ
1067 2025 1240 2071 κοινοῦ
1281 2022 1557 2090 σχήματος
1593 2021 1683 2069 καὶ

1864 2018 2025 2071 Vers.
2062 2021 2145 2072 15.
2189 2016 2342 2073 Dicit
2369 2046 2437 2057 -—
2479 2017 2709 2074 tollam.
2768 2022 2807 2069 A
2860 2017 3164 2073 communi
3209 2016 3435 2081 habitu,

56 2123 150 2168 τοῦ
202 2110 335 2167 εἶναι
394 2111 446 2164 ἐν
524 2119 596 2182 τῷ
653 2114 805 2179 κήπῳ
862 2106 1107 2160 ὑπελαϐεν
1179 2107 1258 2158 ὅτι
1324 2108 1349 2158 6
1419 2112 1666 2179 κηπουρός

1831 2109 1846 2161 t
1891 2105 2036 2176 quia
2078 2105 2140 2160 in
2183 2106 2355 2161 horto
2399 2111 2545 2172 erat,
2588 2106 2877 2164 arbitrata
2916 2111 3007 2163 est
3056 2106 3441 2164 hortulanum

60 2204 223 2258 ἐστιν.
266 2199 412 2255 Ούδε
453 2202 563 2272 γὰρ
611 2202 706 2257 τὴν
747 2202 915 2270 φωνην
965 2196 1125 2249 αὐτοῦ
1173 2195 1466 2269 ἐγνώρισεν,
1518 2195 1670 2248 {mw-

1833 2211 1941 2249 sse.
1972 2198 2170 2267 Neque
2210 2195 2367 2250 enim
2412 2211 2620 2251 vocem
2661 2195 2789 2267 ejus
2836 2197 3100 2267 agnovit,
3156 2212 3322 2252 more
3358 2197 3443 2251 in-

64 2296 165 2353 ήθη
212 2292 599 2364 ἓνηχηθεῖσαν.
639 2286 794 2359 ’ῼετο
840 2282 919 2353 δὲ,
965 2288 1034 2348 ὡς
1082 2288 1301 2359 εἴρηται,
1341 2288 1622 2356 μετατεθῆν

1827 2286 1960 2339 ueto
2012 2283 2327 2355 prolatam.
2377 2284 2632 2340 Putabat
2680 2290 2904 2351 autem,
2958 2289 3020 2342 ut
3056 2285 3280 2341 dictum
3329 2290 3437 2351 est,

64 2387 154 2455 μὲν
188 2382 344 2434 αὐτόν
378 2379 446 2439 εἰς
479 2378 646 2450 ἕτερον
693 2379 848 2427 τόπον
876 2373 1273 2447 ἀσφαλέστερον,
1307 2372 1674 2446 βασταχθῆναι

1829 2374 2223 2444 ranspositum
2255 2389 2393 2429 eum
2424 2391 2549 2430 esse
2586 2374 2648 2430 in
2688 2375 2964 2431 tutiorem
3004 2375 3188 2430 alium
3218 2374 3439 2439 locum,

67 2468 127 2524 δὲ
157 2472 307 2545 παρὰ
336 2474 431 2520 τοῦ
476 2471 765 2539 κηπουροῦ.
798 2463 945 2530 [Εἰπέ
966 2482 1057 2535 μοι
1099 2463 1174 2533 (4)
1206 2458 1315 2528 οὖν,
1359 2466 1537 2535 φησὶν,
1581 2469 1677 2515 ποῦ

1836 2469 1849 2518 t
1881 2463 1958 2517 ab
1989 2462 2308 2518 bortulano
2338 2469 2736 2535 asportatum.
2773 2464 2877 2520 Dic
2903 2464 3069 2531 mihi,
3097 2464 3309 2536 inquit,
3343 2464 3446 2519 ubi

67 2562 263 2620 ἔθηκας
292 2557 471 2621 αὐτὸν,
504 2553 649 2626 κάγὼ
677 2552 831 2604 αὐτὸν
863 2550 990 2625 ἀρῶ,
1025 2553 1097 2612 εἰς
1126 2551 1275 2603 ἄλλον
1306 2553 1677 2611 καταθήσουσοι

1835 2551 2057 2607 osueris
2088 2567 2237 2620 eum,
2270 2558 2323 2607 et
2353 2568 2453 2623 ego
2491 2569 2622 2610 eum
2662 2554 2883 2620 tollam,
2917 2553 2977 2609 in
3009 2553 3194 2610 alium
3224 2553 3445 2626 reposi-

67 2654 227 2701 τόπον
261 2643 849 2714 ἁνεπιϐουλεντότερον.]

1794 2647 1923 2696 tura
1954 2640 2174 2706 locum,
2208 2641 2286 2697 ab
2324 2642 2553 2697 insidiis
2602 2643 2900 2698 tutiorem.
2975 2655 2988 2662 '

140 2735 225 2805 ΓΟ
273 2738 456 2808 μόνων
493 2731 571 2804 (5)
626 2738 726 2782 τῶν
775 2731 822 2781 ἐν
878 2734 1025 2801 γενεᾷ
1072 2734 1162 2781 καὶ
1224 2731 1391 2803 φθορᾷ
1430 2727 1685 2805 δημιουρ-

1863 2730 1905 2799 -ι-
1969 2729 2078 2790 Qui
2135 2728 2557 2801 generabilium
2615 2736 2843 2786 tantum
2882 2734 2939 2787 et
2968 2729 3446 2803 corruptibilium

66 2828 161 2897 γὸν
217 2828 308 2876 καὶ
375 2825 667 2895 προνοητην
715 2818 939 2891 νομίζων
990 2823 1077 2871 τὸν
1136 2821 1346 2891 Κύριον,
1402 2820 1547 2880 οὗτος
1613 2819 1676 2882 εἰς

1835 2822 2120 2874 reatorem
2147 2835 2217 2874 ac
2248 2819 2617 2890 provisorem
2650 2824 2819 2890 putat
2848 2819 3181 2885 Dominum,
3213 2819 3310 2875 hic
3340 2835 3445 2891 pro

70 2916 341 2986 κηπουρὸν
386 2909 776 2987 παραγνωρίζει
832 2908 982 2959 αὐτόν
1013 2925 1024 2937 ·
1074 2905 1160 2960 διὸ
1208 2913 1297 2959 καὶ
1338 2912 1511 2980 φεύγει
1567 2912 1680 2960 τού-

1837 2906 2109 2964 ortulano
2133 2923 2269 2962 eum
2292 2908 2618 2977 cognoscit.
2654 2908 2877 2964 Idcirco
2895 2909 3074 2965 etiam
3100 2908 3278 2980 hujus
3306 2924 3444 2963 con-

67 3022 161 3055 του
208 3006 300 3054 καὶ
357 3000 435 3070 (6)
486 3004 578 3057 τὴν
636 2998 769 3069 ἁφὴν
816 2998 841 3048 6
889 3000 1175 3063 Δεσπότης,
1231 3000 1295 3056 ὡς
1337 3002 1489 3068 μήπω
1560 2997 1677 3069 παρ¹

1834 3001 2015 3051 ictum
2063 2996 2214 3067 fugit
2260 2997 2547 3051 Dominus
2579 2997 2739 3067 quod
2782 2999 2938 3068 apud
2969 2998 3140 3052 illum
3173 2999 3444 3053 nondum

70 3092 213 3160 αὐτῷ
278 3088 471 3148 ἇναϐὰς
542 3090 674 3160 πρὸς
724 3089 782 3137 τὸ
865 3083 1071 3157 ἀξίωμα
1137 3089 1227 3136 καὶ
1300 3090 1388 3142 τὴν
1467 3085 1680 3141 ἰσότητα

1837 3083 2131 3137 scenderit
2162 3083 2238 3137 ad
2268 3082 2623 3151 dignitatem
2672 3100 2742 3138 ac
2787 3085 3184 3154 aequalitatem
3217 3085 3397 3140 Patris
3432 3102 3443 3139 :

65 3187 160 3231 τοῦ
190 3182 416 3250 Πατρός.
450 3175 680 3237 Ἀνάξιοι
703 3176 805 3246 γὰρ
828 3173 989 3225 αὐτοῦ
1011 3175 1059 3224 οἱ
1078 3176 1207 3245 μετὰ
1236 3173 1675 3235 τοιαύτηςύπολή-

1837 3170 2090 3242 iquidem
2118 3185 2186 3225 eo
2212 3169 2441 3238 indigni
2474 3175 2634 3237 sunt,
2662 3171 2761 3241 qui
2783 3188 2917 3226 cum
2949 3172 3295 3242 hujusmodi
3324 3172 3447 3244 opi-

12 3292 13 3297 η
69 3268 213 3338 ψεως
246 3266 388 3335 αύτῷ
418 3260 882 3340 προσερχόμενοι]

1724 3258 1755 3262 “
1796 3260 1973 3316 nione
2002 3259 2075 3314 ad
2103 3275 2240 3313 eum
2267 3258 2577 3314 accedunt.

144 3359 304 3427 Λέγει
356 3385 428 3395 —-
485 3348 806 3407 Διδάσκαλε.
872 3358 1000 3418 Νῦν,
1047 3356 1386 3412 καταστήσας
1431 3356 1525 3410 τὴν
1580 3372 1686 3424 φω-

1867 3350 2029 3403 Vers.
2089 3348 2167 3401 l6.
2228 3347 2480 3402 Dz'cit—
2519 3349 2813 3417 Magister.
2894 3350 3061 3403 Nunc
3112 3348 3447 3421 composita

70 3449 163 3503 νην
195 3448 288 3496 καὶ
318 3447 413 3502 τὴν
462 3445 664 3516 μορφὴν
715 3445 807 3493 καὶ
854 3443 913 3493 τὸ
969 3449 1161 3513 σχῆμα
1212 3443 1341 3514 πρὸς
1384 3443 1443 3494 τὸ
1491 3460 1680 3514 γνωρι-

1835 3452 1961 3502 oce,
2013 3436 2208 3510 specie
2237 3444 2292 3492 et
2328 3436 2559 3503 habitu,
2598 3441 2659 3492 ut
2694 3436 2929 3492 facilius
2962 3442 3442 3506 cognosceretur,

70 3538 325 3605 μὼτερον,
356 3527 583 3584 δέδωκεν
629 3529 759 3602 αὐτῇ
812 3530 1063 3587 αἴσθησιν
1119 3528 1309 3595 αύτῶν,
1356 3534 1446 3582 καὶ
1498 3529 1680 3583 αὐτίκα

1840 3527 1958 3583 edit
1988 3527 2039 3582 ei
2068 3526 2285 3581 horum
2318 3526 2605 3594 notitiam,
2640 3526 2959 3597 statimque
2986 3526 3143 3581 illum
3177 3527 3447 3596 agnovit,

71 3631 256 3675 τοῦτον
324 3619 631 3693 ἐπιγνοῦσα,
704 3618 916 3677 ἐϐόησεν
992 3620 1091 3671 ύπό
1152 3624 1493 3693 περιχαρείας
1527 3636 1539 3648 ·
1596 3625 1681 3671 Δι-

1838 3617 2061 3672 lamans
2102 3631 2221 3687 prae
2253 3615 2472 3678 laetitia,
2504 3615 2798 3686 Magister.
2830 3615 2943 3670 Sed
2968 3614 3280 3688 quomodo
3311 3629 3448 3670 con-

75 3708 332 3765 δείσκαλε.
395 3709 576 3782 [Ἀλλὰ
606 3709 686 3782 (7)
731 3717 841 3771 πῶς
888 3714 1178 3783 στραφεῖσα
1212 3706 1367 3779 λέγει,
1415 3712 1520 3780 εἴγε
1557 3726 1685 3785 προς

1839 3721 1970 3761 ersa
1994 3705 2154 3769 dicit,
2189 3704 2235 3759 si
2264 3705 2390 3775 jam
2413 3719 2549 3759 eum
2579 3720 2650 3761 eo
2680 3703 3082 3776 loquebatur?
3113 3704 3282 3771 Quia,
3307 3720 3447 3761 cum

75 3801 230 3854 αύτόν
307 3796 342 3853 δ
350 3798 606 3871 ιελέγετο;
662 3802 802 3850 Διότι
884 3797 1106 3850 εἰποῦσα
1160 3798 1281 3873 ὅπερ
1355 3794 1480 3868 εἶπε,
1545 3816 1685 3871 μετε-

1838 3794 2163 3860 idixisset,
2227 3793 2391 3866 quod
2448 3793 2829 3866 loquebatur,
2882 3809 3179 3850 conversa
3225 3798 3315 3849 est
3369 3795 3448 3850 ad

79 3894 285 3964 στράφη
347 3893 476 3963 πρὸς
544 3890 666 3949 τοὺς
739 3886 988 3958 ἀγγέλους
1073 3883 1201 3939 ἰδεῖν
1296 3886 1339 3938 εἰ
1423 3889 1683 3961 πάρεισιν,

1838 3882 2063 3953 ngelos,
2100 3887 2160 3938 ut
2184 3883 2409 3938 videret
2434 3897 2512 3938 an
2556 3883 2853 3947 adessent,
2893 3881 2986 3937 vel
3021 3887 3081 3937 ut
3127 3883 3448 3953 interroga-

76 3984 107 4038 ἧ
170 3978 433 4052 ἐρωτῆσαι
480 3981 561 4037 τίς
624 3977 650 4027 6
707 3973 964 4038 ἐκπλήξας
1014 3975 1236 4037 αὐτούς’
1296 3976 1444 4038 εῦθύς
1483 3974 1543 4030 δε
1597 3983 1686 4028 τοῦ

1836 3978 1883 4027 et
1908 3972 2052 4044 quid
2087 3971 2217 4027 illos
2249 3972 2308 4026 in
2342 3977 2653 4044 stuporem
2686 3972 3033 4027 adduxisset
3068 3988 3079 4025 :
3124 3976 3446 4044 statimque

76 4075 317 4142 Χριστοῦ
393 4064 703 4125 καλέσαντος
779 4066 962 4133 αὑτὴν,
1032 4063 1261 4139 ἐστράφη
1339 4066 1491 4119 πάλιν
1556 4070 1685 4140 πρὸς

1833 4062 2027 4118 Lhristo
2045 4077 2180 4117 eam
2197 4067 2462 4126 vocante,
2479 4077 2687 4116 rursus
2704 4062 2782 4116 ad
2797 4060 2995 4132 ipsum
3037 4076 3325 4115 conversa
3338 4065 3443 4115 est.

78 4157 282 4229 αὐτόν]

152 4250 308 4318 Λέγει
359 4276 427 4286 -
474 4248 545 4317 μή
609 4262 710 4317 μου
761 4242 947 4296 ἅπτου.
1004 4242 1244 4318 Ὠρριησε
1295 4246 1394 4318 γὰρ
1447 4242 1688 4314 ἅψασθαι

1868 4240 2031 4293 Vers.
2070 4241 2153 4292 17.
2187 4238 2343 4292 Dicit
2387 4264 2453 4277 «-
2493 4235 2617 4290 noli
2646 4249 2737 4292 me
2781 4238 3034 4306 tangere.
3080 4238 3229 4290 Nam
3269 4250 3330 4289 se
3371 4234 3450 4292 ad

79 4345 177 4389 τῶν
204 4331 383 4388 ποδῶν
412 4334 593 4397 αύτοῦ,
627 4335 695 4395 ὡς
725 4332 915 4389 εἰώθει.
944 4332 1141 4386 Κωλύει
1182 4330 1240 4385 δὲ
1270 4333 1432 4390 αὐτὴν
1463 4335 1689 4404 προσφέ-

1829 4326 2171 4397 augendum
2233 4326 2414 4398 pedes
2465 4325 2591 4395 ejus
2651 4324 2920 4396 aptabat,
2985 4326 3135 4380 sicut
3190 4324 3439 4383 solebat.

80 4426 267 4498 ρεσθαι
294 4422 434 4495 αύτῷ
462 4430 554 4474 τοῦ
577 4422 781 4489 λοιποῦ,
822 4423 996 4484 καθὼς
1032 4425 1092 4474 τὸ
1129 4425 1394 4497 πρότερον,
1432 4424 1688 4496 θειοτέρας

1833 4417 2078 4472 'rohibet
2094 4420 2291 4471 autem
2313 4430 2385 4469 ne
2405 4414 2688 4485 deinceps
2709 4413 2958 4470 accedat
2981 4413 3058 4469 ad
3084 4429 3222 4469 eum
3243 4413 3443 4477 modo,

81 4509 191 4570 ἤδη
222 4519 316 4574 τῆς
347 4514 543 4583 σαρκός
564 4510 722 4562 αὐτοῦ
745 4514 1035 4583 γενομένης.

1801 4522 1922 4579 quo
1937 4503 2411 4577 prius,cumjam
2429 4502 2687 4557 divinior
2704 4502 2862 4559 facta
2893 4503 3116 4558 sitcaro
3155 4502 3304 4572 ejus.

157 4603 319 4653 Οῦπω
371 4630 440 4642 —
501 4619 622 4672 μου.
681 4606 846 4653 Τοῦτο
896 4596 1005 4651 εἷπε
1060 4598 1132 4650 δι’
1187 4595 1337 4651 οὐδὲν
1387 4599 1573 4670 ἕτερον,
1628 4601 1691 4659 ὡς
1726 4588 1767 4643 D

1873 4594 2039 4649 Vers.
2093 4595 2178 4648 17.
2229 4593 2498 4648 Nondum
2545 4622 2613 4631 —
2664 4607 2873 4647 meum.
2927 4590 3048 4646 Hoc
3096 4591 3172 4646 ad
3218 4590 3448 4647 nullum

86 4689 111 4739 6
158 4691 537 4765 Χρυσόστομός
577 4708 736 4762 φησιν
766 4687 861 4758 (8),
891 4690 921 4746 ἣ
967 4690 1119 4758 μόνον
1157 4686 1242 4739 ἶνα
1271 4695 1374 4760 γνῷ
1426 4690 1505 4740 ὃτι
1547 4687 1692 4759 ὑψη-

1842 4684 1982 4739 lium
2013 4682 2159 4737 dixit
2189 4682 2393 4749 tinem,
2425 4686 2485 4736 ut
2505 4681 2585 4736 ait
2609 4680 3098 4752 Chrysostomus,
3126 4679 3236 4734 nisi
3269 4687 3330 4735 ut
3360 4696 3452 4734 so-

83 4777 290 4851 λότερός
344 4781 457 4832 ἐστι
508 4784 599 4830 καὶ
656 4773 1078 4850 αἰδεσιμώτερος.
1136 4774 1196 4829 Ὀ
1254 4780 1355 4853 γὰρ
1414 4779 1545 4851 μετὰ
1598 4785 1689 4830 τοῦ

1840 4789 1925 4829 1m
1956 4771 2481 4842 intelligeretquod
2500 4770 2813 4825 sublimior
2839 4770 2915 4824 sit
2942 4768 3251 4840 magisque
3283 4785 3450 4824 vene-

89 4872 329 4939 σώματος
429 4862 669 4919 σπεύδων
750 4863 1037 4918 ἀναϐαίνειν
1132 4870 1263 4941 πρὸς
1335 4870 1422 4919 τὸν
1491 4871 1694 4941 Πατέρα

1840 4863 2042 4919 sudus.
2077 4864 2227 4916 Nam
2265 4860 2370 4932 qui
2422 4859 2628 4915 nititur
2655 4875 2795 4914 cum
2847 4873 3096 4931 corpore
3139 4857 3212 4914 ad
3263 4859 3450 4915 Deum

84 4961 175 5007 καὶ
202 4961 332 5009 Θεὸν
356 4952 620 5029 πρόδηλον
651 4956 731 5008 ὅτι
759 4958 817 5008 τό
856 4962 949 5009 τοῦ
1001 4960 1238 5029 σώματος
1281 4955 1524 5033 ἐπίκηρον
1568 4956 1694 5010 ἁπε-

1842 4968 1872 5007 ο
1904 4954 2133 5007 Patrem
2162 4948 2507 5017 ascendere,
2534 4948 2915 5003 manil’estum
2938 4952 3028 5003 est
3055 4946 3221 5019 quod
3243 4962 3451 5018 corpo-

88 5041 268 5095 ϐάλετο
281 5085 295 5100 .

1800 5043 1882 5099 ris
1910 5039 2283 5109 fragilitatem
2315 5038 2632 5110 abjecerat.

158 5133 262 5183 Καὶ
291 5134 395 5206 μὴν
442 5135 543 5207 πρὸ
577 5130 813 5207 βραχέος
851 5135 983 5194 αῦτη
1016 5152 1069 5187 τε
1110 5137 1200 5187 καὶ
1253 5135 1282 5192 ἡ
1338 5133 1463 5192 ἄλλη
1511 5137 1693 5207 Μαρία

1874 5129 2053 5204 Atqui
2083 5127 2266 5203 paulo
2300 5134 2435 5185 ante
2475 5127 2601 5200 ipsa
2639 5129 2695 5183 et
2726 5125 2908 5183 altera
2932 5124 3113 5183 Maria
3143 5128 3455 5182 tenuerant

1317 5312 1526 5384 Variae
1562 5310 1888 5382 lectiones
1932 5318 1997 5377 et
2036 5316 2238 5376 notae.

153 5487 233 5565 (ί)
268 5493 396 5565 Haec
422 5495 672 5565 uterque
704 5492 763 5549 in
790 5493 1080 5565 margine.
1876 5490 1953 5565 (5)
1995 5489 2058 5543 In
2086 5485 2357 5565 margine
2375 5484 2512 5565 llaec
2541 5483 2724 5543 habet
2751 5483 2938 5543 codex
2974 5489 3238 5557 uterque.

154 5558 234 5631 (‘2)
275 5564 512 5621 Inclusa
537 5558 834 5621 désuntA.
923 5558 958 5565 ⁷
1874 5558 1951 5631 (6)
1996 5564 2095 5613 Καὶ
2126 5558 2343 5631 omittit
2375 5558 2430 5611 Β.

155 5562 234 5702 (2)
275 5564 512 5645 Inclusa
537 5562 834 5621 desuntA.
930 5562 954 5565 ⁷
1874 5562 1951 5703 (6)
1996 5564 2095 5613 Καὶ
2126 5562 2343 5615 omittit
2375 5562 2430 5611 Β.

155 5633 208 5703 (3
275 5636 464 5691 Etiam
492 5635 625 5691 haec
647 5636 868 5693 absunt
894 5639 959 5693 A.
1872 5636 1925 5702 (7
1984 5628 2458 5703 ῘηοῘυξεὲ-ἓδευυί
2486 5634 2550 5703 Α·

155 5701 236 5778 (4)
278 5706 510 5763 Inclusa
539 5706 761 5765 absunt
789 5712 855 5765 Α.

1875 5701 1955 5774 (8)
1994 5705 2137 5760 Tom
2169 5701 2310 5768 VIII,
2336 5715 2395 5775 p.
2428 5701 2549 5757 5l5.

405 5803 643 5863 emo...
687 5803 790 5864 Gn.
829 5804 1070 5866 cxxxx.
3069 5794 3135 5855 47
