4076 6468
737 378 873 437 1483

2060 378 2397 437 EUTHYMII
2449 370 2777 438 ZIGABENI
3872 390 3941 449 iiii

732 507 917 581 pedes
969 505 1102 577 ejus
1144 504 1298 561 sicut
1345 505 1582 579 scripsit
1620 505 1919 563 Mattheus
1962 506 2032 571 ",
2088 504 2190 561 scd
2242 510 2342 560 tun

2330 520 2379 560 lc
2410 506 2451 558 Α
2492 506 2784 582 ἐκράτησαν
2809 508 2966 560 αὐτοῦ
2996 512 3113 571 τοὺς
3140 504 3323 575 πόδας,
3347 511 3411 571 ὡς
3436 512 3693 585 ἱστόρησα
3711 514 3940 575 “lathis;-

729 597 979 671 quidem
1005 610 1127 652 non
1157 594 1480 668 prohibuit,
1511 596 1859 668 permittens
1890 600 1955 651 ut
1979 595 2185 652 ﬁerent
2223 600 2381 652 tactu

729 686 1028 753 certiores,
1077 701 1194 741 non
1225 700 1352 741 esse
1398 685 1780 758 phantasma.
1815 685 1982 741 Nunc
2013 690 2211 742 autem
2259 699 2379 740 non

729 775 1015 851 permittit
1036 776 1184 848 quia
1211 779 1267 831 et
1295 773 1543 832 visionis
1583 780 1640 832 et
1666 780 1856 832 tactus
1875 774 2061 832 oblita
2089 780 2236 839 erat,
2270 789 2379 830 nec

727 865 1081 924 crediderat.

799 957 964 1012 Vers.
1002 960 1091 1011 l7.
1151 953 1268 1011 Sed
1306 954 1546 1012 vade—
1585 961 1858 1012 vestrum.
1892 955 2067 1027 Atqui
2110 970 2230 1011 non
2263 959 2376 1011 sta-

726 1047 833 1105 tim
880 1060 1238 1103 ascensurus
1266 1050 1411 1110 erat,
1453 1045 1558 1102 sed
1585 1051 1721 1118 post
1748 1045 2153 1118 quadraginta
2202 1045 2375 1113 dies;

723 1134 1030 1209 quomodo
1058 1149 1201 1207 ergo
1220 1133 1359 1189 dicit
1397 1152 1410 1187 :
1444 1135 1708 1192 Ascendo
1734 1135 1760 1191 i
1788 1133 1995 1207 Utique
2019 1139 2083 1190 ut
2110 1134 2374 1206 amplius

722 1230 985 1283 mentem
1016 1224 1148 1296 ejus
1178 1224 1237 1279 in
1265 1222 1519 1280 sublime
1546 1225 1816 1295 erigeret,
1847 1230 1904 1280 et
1941 1224 2132 1280 adhuc
2162 1222 2368 1279 conﬁr.

724 1330 899 1372 mans
930 1329 992 1369 se
1021 1311 1429 1369 sublimiorem
1459 1329 1530 1369 ac
1559 1313 1903 1370 diviniorem
1934 1329 2083 1379 esse,
2132 1328 2204 1369 ac
2254 1319 2375 1369 stu-

723 1403 876 1462 dens
925 1406 988 1459 ut
1034 1401 1315 1474 deinceps
1362 1401 1577 1474 majori
1629 1419 1766 1459 cum
1819 1402 2197 1460 veneratione
2246 1402 2371 1457 ani-

723 1509 893 1549 mum
915 1492 966 1549 ei
994 1490 1326 1548 intenderet
1353 1501 1411 1546 et
1449 1490 1830 1549 auscultaret.

794 1582 1081 1639 Praeterea
1117 1580 1367 1637 verbum
1394 1582 1682 1645 Ascendo,
1714 1581 2010 1652 signiﬁcat
2038 1580 2370 1638 Ascendere

720 1671 878 1738 volo,
940 1669 1105 1746 quod
1157 1675 1358 1727 tamen
1407 1669 1486 1727 ad
1536 1669 1777 1740 longius
1844 1675 2085 1743 tempus
2138 1669 2366 1726 extendi

716 1764 930 1836 potest.

790 1848 1108 1924 Discipulis
1139 1856 1341 1906 autem
1372 1848 1449 1905 ad
1472 1850 1823 1907 memoriam
1850 1853 2092 1906 revocat
2116 1849 2176 1905 id
2203 1849 2365 1922 quod
2406 1866 2446 1920 Β

720 1942 1073 2014 frequenter,
1123 1939 1475 2012 priusquam
1522 1938 1772 1994 traditus
1824 1944 1998 2009 esset,
2050 1937 2161 1994 illis
2209 1938 2366 1995 dixe.

718 2036 826 2087 rat.
863 2032 1092 2086 Fratres
1120 2042 1262 2084 vero
1291 2043 1433 2083 suos
1458 2027 1812 2097 nominavit,
1847 2033 2124 2100 tanquam
2152 2033 2209 2083 et
2237 2028 2368 2100 ipse

718 2119 920 2184 homo,
951 2122 1008 2174 et
1031 2124 1323 2187 cognatus
1342 2131 1551 2173 eorum
1575 2116 1750 2188 juxta
1775 2117 2227 2173 humanitatem.

793 2208 912 2264 Alio
938 2211 1140 2263 tamen
1175 2204 1358 2262 modo
1388 2207 1615 2262 Patrem
1642 2204 1789 2261 dixit
1819 2205 2053 2262 Patrem
2084 2221 2285 2271 suum,
2313 2210 2366 2262 et

719 2298 839 2356 alio
885 2293 1315 2367 discipulorum
1368 2312 1382 2350 :
1434 2311 1610 2351 suum
1656 2294 1898 2367 quidem
1955 2300 2190 2363 natura,
2244 2300 2367 2351 tan-

719 2403 904 2462 quam
967 2385 1239 2457 ejusdem
1278 2384 1627 2441 substantiaa
1677 2401 1691 2449 ;
1731 2383 2165 2456 discipulorum
2201 2400 2364 2451 vero,

716 2476 945 2534 ratione
975 2473 1289 2530 creationis
1332 2488 1403 2529 ac
1428 2472 1839 2545 providentiae,
1874 2479 2159 2546 tanquam
2206 2489 2366 2530 crea-

715 2572 985 2624 turarum
1001 2580 1071 2621 ac
1093 2563 1466 2636 providentia
1493 2563 1836 2633 dignorum.
1867 2566 2054 2621 Deum
2082 2568 2278 2620 autem
2306 2569 2364 2621 et

713 2671 891 2712 suum
917 2660 975 2711 et
997 2653 1451 2726 discipulorum,
1482 2659 1683 2725 utpote
1714 2653 2049 2710 hominum.

785 2745 852 2800 Et
892 2759 1079 2816 quare
1110 2757 1233 2797 non
1290 2741 1641 2814 simpliciter
1688 2742 1871 2798 dixit:
1919 2745 1980 2798 Et
2029 2743 2213 2798 Deum
2262 2758 2365 2798 no-

712 2838 924 2899 strum,
955 2830 1059 2886 sed
1091 2831 1269 2886 etiam
1302 2831 1396 2886 hic
1450 2831 1714 2886 distinxit
1742 2832 1770 2885 ?
1800 2832 1964 2897 Quia,
2016 2832 2149 2887 licet
2178 2831 2363 2888 homo

710 2921 902 2978 factus
949 2925 1039 2976 est
1066 2925 1124 2974 et
1170 2918 1350 2974 frater
1378 2935 1607 2984 eorum,
1664 2925 1879 2976 natura
1920 2919 2310 2977 humanitatis
2346 2938 2359 2977 :

708 3010 937 3067 honore
972 3015 1171 3065 tamen
1204 3008 1524 3080 plurimum
1553 3008 1632 3064 ab
1661 3008 1745 3065 eis
1770 3008 2104 3077 ditl‘erebat,
2138 3015 2193 3066 et
2215 3010 2362 3066 divi-

710 3100 914 3157 nitatis
947 3100 1166 3155 unione
1207 3114 1277 3154 ac
1308 3098 1824 3170 impeccabilitate.

782 3189 945 3244 Vers.
980 3190 1064 3244 t8.
1108 3188 1271 3245 Venit
1294 3218 1361 3230 —
1391 3188 1523 3243 sibi.
1558 3190 1623 3243 Et
1652 3187 1815 3260 quod
1843 3203 1914 3244 ea
1947 3188 2062 3243 sibi
2092 3187 2356 3253 dixisset,
2391 3217 2433 3274 ρ

707 3295 844 3352 quae
872 3277 1144 3334 videlicet
1189 3279 1239 3334 ei
1268 3277 1502 3334 locutus
1544 3276 1753 3347 fuerat,
1786 3282 1844 3334 et
1871 3277 2014 3350 quia
2046 3276 2362 3334 verisimile

708 3372 833 3425 erat
862 3366 1207 3440 discipulos,
1251 3383 1389 3423 cum
1416 3367 1546 3423 haec
1574 3366 1901 3432 audissent,
1929 3372 2033 3423 aut
2074 3383 2193 3423 non
2240 3382 2359 3423 cre-

706 3458 848 3514 dere
924 3456 1177 3522 mulieri,
1240 3457 1391 3512 sicut
1447 3471 1558 3512 nec
1614 3457 1779 3528 prius
1833 3473 1849 3510 :
1900 3462 2002 3512 aut
2055 3455 2360 3512 credentes

705 3549 950 3621 (nempe
1002 3562 1142 3603 cum
1193 3549 1461 3602 narraret
1508 3544 1843 3601 conformia
1888 3544 1983 3601 his
2026 3562 2159 3618 qua:
2202 3545 2360 3601 vide-

704 3640 840 3692 rant
866 3638 1066 3692 Petrus
1091 3639 1149 3691 et
1175 3635 1439 3691 Joannes
1471 3635 1605 3705 (cc),
1636 3632 1863 3698 dolore,
1890 3634 2055 3707 quod
2092 3635 2218 3707 ipse
2257 3634 2361 3690 hu-

701 3723 962 3796 jusmodi
991 3728 1232 3795 aspectu
1258 3723 1424 3793 digni
1451 3722 1638 3779 habiti
1669 3739 1790 3779 non
1822 3722 2072 3780 fuissent
2104 3739 2116 3779 :
2146 3722 2357 3780 eodem

707 3813 805 3871 die
831 3813 1010 3870 etiam
1043 3813 1154 3868 illis
1184 3817 1449 3886 apparet.
1478 3811 1678 3868 Primo
1704 3828 1968 3884 namque
1994 3811 2354 3871 desiderium

705 3918 915 3960 eorum
959 3901 1194 3959 exacuit
1251 3918 1265 3957 :
1319 3900 1531 3956 deinde
1574 3901 1660 3956 eis
1711 3900 2173 3957 desiderabilius
2229 3917 2357 3958 sese

705 3990 980 4066 praebuit,
1005 3991 1133 4062 jam
1164 3989 1361 4045 videre
1383 3989 1962 4062 concupiscentibus.

778 4081 943 4138 Vers.
1000 4084 1083 4137 t9.
1128 4078 1277 4136 Cum
1325 4094 1464 4150 ergo
1507 4084 1652 4135 esset
1700 4110 1765 4118 —
1818 4079 2029 4136 medio.
2082 4078 2173 4137 Ad
2233 4095 2356 4135 ves-

704 4186 912 4245 peram
940 4170 1121 4238 venit,
1152 4169 1399 4242 quando
1446 4169 1640 4239 magis
1668 4167 1962 4225 timebant
2007 4174 2066 4225 et
2112 4185 2249 4226 cum
2283 4169 2355 4224 si-

703 4260 830 4318 mul
853 4266 1056 4316 essent
1082 4258 1444 4330 congregati,
1479 4264 1533 4314 et
1555 4258 1799 4331 quidem
1824 4259 2042 4330 januas
2073 4275 2195 4315 non
2229 4258 2357 4331 pul-

704 4351 878 4419 savit,
926 4365 1002 4406 ne
1054 4348 1457 4415 turbarentur,
1487 4348 1591 4403 sed
1617 4348 1833 4404 clausis
1890 4348 2004 4404 illis
2072 4347 2352 4413 introivit,

701 4444 993 4513 tanquam
1038 4441 1209 4506 Deus,
1264 4443 1319 4493 et
1366 4438 1536 4510 quasi
1569 4453 1816 4509 corpore
1862 4454 1971 4494 suo
1997 4437 2107 4494 levi
2134 4438 2253 4509 jam
2299 4445 2356 4494 ct

702 4528 904 4586 subtili
935 4544 1005 4585 ac
1036 4526 1357 4584 immortali
1379 4526 1607 4582 effecto.
1636 4528 1802 4582 Stetit
1827 4532 2027 4583 autem
2058 4527 2115 4582 in
2142 4528 2351 4584 medio.

703 4623 768 4673 ut
787 4616 1073 4673 omnibus
1094 4621 1252 4671 esset
1272 4616 1656 4687 conspicuus.

774 4709 936 4765 Vers.
986 4706 1070 4763 t9.
1116 4706 1194 4761 Et
1231 4735 1302 4747 —
1341 4704 1520 4761 vobis.
1572 4706 1691 4760 Hoc
1737 4707 1845 4769 est,
1892 4719 1961 4760 ne
2008 4703 2351 4763 turbemini.

700 4795 888 4853 Etiam
923 4794 1184 4852 moriens
1214 4810 1417 4866 pacem
1461 4793 1574 4849 illis
1619 4793 1938 4866 reliquerat
1967 4810 1981 4849 :
2010 4794 2237 4859 Pacem,
2268 4794 2353 4849 in-

698 4886 846 4958 quit,
875 4900 1060 4942 meam
1080 4884 1352 4955 relinquo
1382 4883 1531 4939 vobis
1562 4884 1628 4937 ’3.
1661 4883 2000 4939 Mulieribus
2024 4897 2188 4953 ergo,
2213 4899 2349 4955 quas

698 4973 1005 5048 discipulus
1035 4977 1221 5039 erant,
1258 4972 1550 5044 gaudium
1579 4976 1716 5030 ante
1744 4987 1988 5030 omnem
2019 4987 2348 5030 sermonem

769 5128 817 5163 οι
855 5125 1065 5186 Matth.
1112 5141 1310 5193 xxvm,
1344 5128 1397 5182 9.
1431 5129 1477 5162 ⁸³
1513 5125 1728 5183 Joann.
1762 5141 1883 5190 xxv,
1916 5129 2003 5180 27.

2492 595 2619 648 ἀλλὰ
2643 601 2756 649 τότε
2783 599 2871 669 μεν
2899 597 2993 649 οὐκ
3018 595 3338 665 ἀπεκώλυσε,
3359 605 3596 672 παρέχων
3619 600 3941 675 πληροφορηθῇ.

2491 681 2584 737 διὰ
2613 694 2707 747 τῆς
2738 686 2866 758 ἁφῆς
2898 688 2978 739 ὅτι
3007 685 3101 739 οὐκ
3150 690 3263 740 ἔστι
3310 692 3490 761 φάσμα
3520 706 3537 723 ⁸
3564 697 3645 741 νῦν
3674 686 3723 742 δὲ
3747 692 3792 742 οὐ
3818 711 3941 763 63'st-

2486 783 2583 849 ρεῐ⁹
2619 772 2757 827 διότι
2795 784 2890 838 τῆς
2932 777 3188 839 ὀπτασίας
3228 777 3421 839 ἐκείνης
3465 784 3554 831 καὶ
3598 787 3683 841 τῆς
3716 780 3821 852 ἁφῆς
3851 782 3940 834 £7.21;-

2490 866 2603 917 θιτο
2631 870 2721 917 καὶ
2752 865 3036 923 ἠπίστησε.

2558 958 2786 1028 Πορεύου
2815 950 2873 1007 δι
2904 986 2973 995 -
3014 957 3175 1027 ὑμῶν.
3226 960 3326 1009 Καὶ
3375 961 3477 1029 μην
3516 957 3607 1009 οὐκ
3650 958 3799 1018 εὐθέως

2486 1041 2795 1110 ἀναϐαίνειν,
2842 1042 2969 1096 ἀλλά
3016 1048 3147 1117 μετά
3188 1048 3575 1118 τεσσαράκοντα
3601 1048 3785 1119 ἡμέρας,
3812 1049 3935 1109 πώςςὶπ

2481 1132 2770 1186 ’Δναϐαίνω
2834 1132 3004 1205 λέγει;
3064 1136 3274 1197 Πάντως
3331 1133 3413 1186 ἐπὶ
3474 1134 3617 1187 πλέον
3660 1134 3822 1205 ἀνάγων
3856 1140 3937 1189 aii:

2481 1226 2573 1281 τὴν
2614 1218 2871 1286 διάνοιαν,
2918 1227 3007 1275 καὶ
3037 1226 3113 1276 ἑτι
3140 1224 3215 1295 (9)
3256 1220 3482 1295 βεϐαιῶν
3513 1226 3589 1276 ὅτι
3618 1225 3937 1297 ὑψηλοτιρόςὲπς

2482 1316 2569 1364 καὶ
2602 1313 2872 1385 θιιότερος,
2906 1317 2992 1365 καί
3020 1315 3206 1366 πείθων
3235 1309 3634 1388 αὶδεσιμώτερον
3666 1315 3781 1386 αὐτῷ
3810 1317 3936 1367 7091::-

2482 1408 2581 1453 ποῦ
2612 1406 2912 1475 προσέχειν.

2552 1579 2748 1643 Ἀλλως
2799 1600 2850 1633 τε
2900 1582 3011 1652 (l0)
3060 1586 3117 1632 τό
3166 1578 3455 1632 Ἀναϐαίνω
3501 1576 3651 1637 δηλοί
3688 1586 3759 1632 xai
3805 1585 3843 1632 τὸ
3878 1586 3936 1632 Br}

2478 1670 2628 1741 λομαι
2679 1669 2989 1734 ἀναϐαίνειν,
3024 1666 3307 1742 δυνάμενον
3338 1669 3412 1731 εἰς
3450 1669 3653 1722 πλείονα
3689 1674 3826 1743 καιρὸν
3858 1672 3938 1720 i172:-

2478 1761 2678 1811 νισθαι.

2551 1846 2961 1917 ’Δναμιμνησκει
3009 1842 3069 1898 δε
3114 1849 3234 1908 τοὺς
3263 1846 3507 1918 μαθητὰς
3556 1845 3613 1897 οὗ
3651 1845 3843 1905 πολλάκις
3869 1844 3933 1896 sita

2479 1935 2649 1995 αὐτοῖς
2680 1938 2778 2007 πρὸ
2807 1942 2897 1987 τοῦ
2926 1930 3313 2008 παραδοθῆναι.
3339 1930 3622 2006 Ἀδελφούς
3645 1931 3698 1986 δι
3719 1934 3853 1994 aha);
3874 1936 3934 1983 is

2478 2044 2661 2097 μασιν9
2696 2028 2759 2085 ὡς
2798 2029 2886 2076 καὶ
2931 2024 3088 2086 αὐτὸς
3126 2025 3418 2097 ἅνθρωπος,
3474 2029 3564 2076 καὶ
3616 2030 3822 2096 συγγενὲς
3852 2025 3933 2073 uita};

2477 2119 2611 2166 κατὰ
2632 2118 2688 2166 τὸ
2716 2113 3050 2186 ἀνθρώπινον.

2546 2203 2761 2276 Ἐτίρως
2818 2199 2877 2255 δι
2938 2206 3143 2275 Πατέρα
3193 2202 3374 2255 ἑαυτοῦ
3417 2207 3510 2255 τὸν
3566 2207 3751 2277 Πατέρα
3789 2199 3935 2255 sirm:

2479 2294 2654 2367 ἑτέρως
2702 2301 2799 2345 τῶν
2846 2294 3093 2365 μαθητῶν
3123 2311 3135 2323 ·
3180 2292 3363 2345 ἑαυτοῦ
3422 2298 3518 2365 μεν
3567 2296 3705 2365 φύσει
3748 2295 3800 2352 ὡς
3838 2293 3934 2362 ὁμοτι-

2482 2386 2621 2446 σίου,
2655 2390 2752 2433 τῶν
2797 2383 3043 2454 μαθητῶν
3076 2378 3134 2434 δὲ
3167 2390 3236 2452 τῷ
3265 2380 3400 2453 λογῳ
3450 2390 3546 2443 τῆς
3597 2378 3871 2454 δημιουργίας
3897 2400 3935 2427 zz

2478 2476 2721 2545 προνοίας
2764 2474 2834 2532 ὡς
2884 2467 3367 2544 δημιουργημάτων
3420 2475 3515 2523 καὶ
3557 2476 3774 2544 προνοίας
3806 2470 3935 2529 sims-

2476 2581 2570 2611 νων
2603 2577 2615 2589 ⁸
2648 2559 2795 2632 [Θεὸν
2840 2561 2954 2631 (Η)
2984 2557 3043 2613 δι
3073 2565 3162 2612 καὶ
3194 2559 3377 2613 ἑαυτοῦ
3427 2565 3521 2612 καὶ
3562 2569 3653 2613 τῶν
3695 2562 3885 2632 μαθητῶν,
3909 2578 3936 2604 νς

2478 2647 2534 2699 ἀν
2543 2651 2601 2721 ορ
2609 2656 2646 2698 ὼ
2652 2669 2757 2700 πων
2765 2692 2777 2704 .

2551 2745 2649 2792 Καὶ
2698 2747 2804 2799 πῶς
2856 2738 2961 2809 οὐχ
3009 2737 3182 2799 ἁπλῶς
3225 2736 3351 2803 εἶπε,
3396 2744 3504 2791 Καὶ
3552 2741 3674 2792 Θεὸν
3716 2740 3843 2810 ἡμῶν,
3876 2732 3935 2783 in":

2474 2827 2737 2880 κάνταῦθα
2785 2823 3063 2880 διίστειλεν
3103 2827 3318 2894 έαυτὸν;
3350 2833 3518 2896 Διότι,
3568 2828 3611 2881 εἰ
3659 2833 3736 2879 καὶ
3781 2828 3935 2895 invisam;

2472 2923 2649 2989 γέγονε
2694 2923 2782 2969 καὶ
2817 2912 3035 2988 ἀδελφὸς
3079 2916 3245 2969 αὐτῶν
3294 2926 3356 2989 τῇ
3410 2921 3565 2990 φύσει
3603 2925 3690 2978 τῆς
3731 2916 3935 2989 ἀνθρωπη-

2472 3026 2576 3071 τος,
2612 3005 2739 3057 ἀλλὰ
2782 3005 2907 3058 πολὺ
2959 3002 3185 3080 διέφερεν
3224 3005 3387 3058 αὐτῶν
3435 3014 3498 3078 τῇ
3547 3014 3664 3079 τιμῇ
3708 3002 3783 3057 διά
3824 3022 3858 3053 τί
3893 3019 3933 3053 τξε

2472 3098 2653 3148 ἕνωσιν
2685 3106 2742 3154 τῆ
2758 3117 2778 3157 ς
2801 3097 3039 3156 θεότητος
3061 3100 3148 3147 καὶ
3180 3091 3273 3147 διὰ
3297 3098 3354 3147 τὸ
3382 3093 3766 3171 ἀναμάρτητον.]

2544 3186 2798 3261 Ἔρχεται
2852 3215 2915 3226 -
2979 3184 3133 3257 αὐτῇ.
3194 3190 3291 3238 Καὶ
3347 3186 3431 3237 ὅτι
3493 3193 3653 3237 ταῦτα
3714 3180 3817 3235 εἶπεν
3868 3183 3929 3228 τλά

2470 3275 2503 3327 ἂ
2566 3272 2808 3333 δηλονότι
2872 3273 3142 3331 λελάληκεν
3196 3273 3347 3346 αὐτῇ.
3409 3273 3581 3346 [Ἐπεὶ
3631 3273 3731 3345 (12)
3776 3267 3821 3323 δε
3857 3268 3931 3319 sua;

2470 3369 2591 3426 τους
2630 3365 2871 3437 μαθητὰς
2902 3362 3228 3424 ἀκούσαντας
3255 3371 3425 3414 ταῦτα
3452 3367 3482 3421 ἦ
3522 3359 3788 3415 διαπιστεῖν
3818 3365 3857 3427 τῇ
3885 3374 3932 3420 γι·

2468 3459 2631 3523 ναιχὶ,
2683 3455 2915 3526 καθάπερ
2969 3457 3059 3505 καὶ
3115 3458 3380 3526 πρότερον,
3441 3456 3471 3510 ἦ
3534 3454 3867 3509 πιστεύσαντας,
3898 3443 3932 3490 ξέί

2469 3548 2556 3594 καὶ
2602 3539 2692 3595 τοῦ
2745 3548 2938 3618 Πέτρου
2992 3547 3082 3594 καὶ
3136 3541 3368 3595 Ἰωάννου
3424 3544 3786 3614 συντιθεμένων,
3828 3534 3879 3603 ἐᾷ’
3907 3532 3929 3575 ’έ

2470 3627 2607 3684 εἶδον
2641 3631 2832 3703 ἀλγεῖν,
2881 3634 2961 3684 ὅτι
3009 3631 3158 3683 αυτοὶ
3192 3630 3284 3682 οὐκ
3328 3630 3630 3694 ἠξιώθησαν
3666 3629 3801 3700 ὅψεως
3839 3626 3929 3674 πληι-

2470 3721 2762 3796 αιὶθημερόν
2816 3720 3150 3792 ἐμφανίζεται
3197 3723 3286 3772 καὶ
3330 3719 3528 3781 αὐτοῖς.
3576 3726 3761 3792 Πρῶτον
3884 3726 3928 3775 ξε

2469 3810 2727 3882 ἐγυμνασε
2773 3813 2860 3862 τὸν
2904 3810 3059 3861 πόθον
3109 3809 3295 3875 αὐτῶν,
3340 3805 3456 3861 εἶτα
3498 3810 3807 3879 ποθεινότιρον
3838 3802 3927 3851 ira?

2469 3904 2733 3972 παρέσχεν
2757 3898 2953 3967 αὐτοῖς,
2983 3894 3215 3970 διψῶσιν
3246 3894 3353 3956 ἤδη
3382 3898 3587 3969 αὐτόν]

2540 4082 2721 4138 Οὔσης
2767 4074 2854 4129 οὖν
2907 4076 3065 4147 ὀψίας
3113 4107 3184 4116 —
3234 4079 3413 4148 μέσον,
3468 4079 3708 4148 Ἐσπερας
3756 4063 3927 4129 ﬂama";

2470 4167 2656 4240 μᾶλλον
2718 4165 2990 4240 ἐφοϐοῦντο
3037 4170 3127 4217 καὶ
3179 4168 3260 4218 ὅτε
3320 4171 3626 4236 συνήγοντο.
3667 4165 3752 4216 Καὶ
3796 4160 3858 4213 τὰς

2471 4258 2625 4329 θύρας
2669 4256 2725 4308 οὐ
2781 4254 3043 4320 ἐπάταξεν,
3087 4257 3170 4307 ἱνα
3223 4258 3294 4326 μή
3338 4253 3707 4328 θορυϐηθωσιν,
3749 4246 3927 4307 κεκλειςὲ

2465 4366 2561 4397 νων
2616 4341 2675 4398 δι
2728 4343 2961 4402 εἰσῆλθεν
3013 4345 3080 4406 ὡς
3135 4347 3283 4411 Θεὸς,
3332 4347 3422 4395 καὶ
3472 4346 3543 4405 ὡς
3590 4342 3751 4394 λεπτοῦ
3796 4330 3925 4391 ἕδεα

2466 4438 2656 4506 κούφου
2705 4439 2794 4486 καὶ
2840 4431 3101 4506 ἀκηράτου
3146 4435 3416 4504 γενομένου
3467 4440 3558 4485 τοῦ
3606 4435 3805 4501 σώματος
3833 4436 3917 4472 τιττδ

2468 4523 2630 4582 Ἐστη
2665 4520 2699 4575 δ
2703 4528 2724 4575 ε
2754 4524 2823 4583 εἰς
2853 4527 2910 4575 τὸ
2931 4527 3107 4595 μέσον,
3146 4524 3228 4573 ἶνα
3256 4526 3417 4574 πᾶσιν
3445 4524 3521 4579 εἴη
3548 4522 3728 4578 θεατος.

2537 4707 2637 4755 Καὶ
2680 4733 2750 4742 -
2791 4703 2932 4774 ὑμῖν.
2974 4699 3269 4774 [Τουτέστι,
3320 4697 3436 4770 (l3)
3475 4703 3548 4771 μὴ
3580 4694 3845 4771 ταράχθττεο
3881 4688 3925 4732 δε

2463 4790 2805 4850 ἀποθνήσκων
2855 4786 2914 4843 δι
2992 4790 3198 4862 εἰρήνην
3280 4787 3474 4861 ἀφῆκεν
3547 4787 3707 4845 αὐτοῖς
3737 4798 3749 4812 ·
3801 4775 3922 4849 Εἰρενῖι

2460 4885 2583 4954 γάρ’
2626 4885 2805 4954 φησλνν
2851 4878 3041 4953 ἀφίημι
3096 4880 3243 4951 ὑμῖν.
3297 4884 3419 4938 Ταῖς
3468 4880 3558 4950 μιν
3604 4874 3683 4927 οὖν
3730 4869 3923 4942 pueras-ﬁ

2460 4973 2635 5044 χαρὰν
2674 4972 2773 5043 πρὸ
2804 4972 2994 5031 παντὸς
3017 4967 3173 5042 λόγου
3222 4963 3452 5021 δέδωκεν
3499 4966 3687 5025 αὑταῖς.
3729 4958 3917 5013 Λύπυῖνίί

2002 5303 2227 5373 Variae
2263 5302 2590 5373 lectiones
2606 5310 2674 5372 et
2702 5313 2905 5371 notas.

771 5474 848 5544 (9)
882 5470 1243 5538 Ἐπιϐεϐαιῶν,
1275 5474 1496 5529 omisso
1523 5476 1597 5526 ἔτι
1623 5473 1686 5527 Α.

795 5550 884 5615 10)
918 5548 1001 5609 Δί,
1036 5552 1173 5614 post
1197 5563 1250 5597 τι
1272 5546 1592 5615 interponit
1617 5547 1683 5599 Α.

800 5551 862 5602 10
918 5550 1001 5609 Δί,
1036 5552 1173 5614 post
1197 5550 1500 5615 ninterpo

800 5550 884 5690 ll;
930 5616 1164 5672 Inclusa
1194 5617 1500 5674 absuntA.

2531 5473 2553 5617 ξ
2564 5474 2652 5546 12)
2679 5471 2913 5529 Inclusa
2935 5471 3156 5528 desunt
3179 5471 3245 5526 Α.

2564 5548 2650 5617 13)
2678 5544 2913 5603 lnclusa
2941 5544 3155 5600 desunt
3178 5545 3245 5599 A.

2564 5544 2650 5617 13)
2678 5544 2913 5603 lnclusa
2941 5544 3155 5600 desunt
3178 5545 3246 5599 A.

765 5793 870 5881 (eo)
908 5796 1127 5872 Nempe
1148 5826 1216 5837 —-
1242 5792 1517 5854 Joannes.
1551 5792 1759 5869 Utpote
1798 5791 1964 5854 Petro
1995 5792 2175 5855 etiam
2207 5798 2265 5854 et
2292 5795 2519 5855 Joanne
2544 5794 3104 5872 comprobantibus,
3139 5790 3624 5854 assentientibus.
