4076 6480
42 355 225 410 1485

1202 351 1571 408 COMMENT.
1613 353 1683 407 IN
1720 352 2074 409 JOANNEM.
2106 386 2174 394 —
2200 354 2354 410 CAP.
2385 355 2506 411 XX.

3344 356 3367 410 1
3378 354 3483 412 486

39 481 120 531 τὸ
169 480 348 551 γένος
376 475 536 530 ἐκεῖνο
574 480 905 552 κατεκέκριτο
939 496 952 509 ο
983 483 1092 540 τοῖς
1110 473 1169 530 δὲ
1192 479 1452 550 μαθηταῖς
1481 476 1691 553 εἰρήνην

1825 478 2026 536 tribuit
2054 478 2202 551 (dd),
2245 495 2317 536 eo
2342 479 2501 552 quod
2527 479 2605 536 ad
2631 493 2952 536 maerorem
2974 492 3166 549 genus
3195 476 3341 535 illud
3358 477 3484 534 fue-

45 565 169 621 ὃιὰ
208 567 343 639 (14)
388 571 477 619 τὸν
521 568 934 639 ὑποπτευόμενον
964 566 1182 639 πόλεμον
1227 565 1326 619 ἀπό
1358 587 1411 619 τε
1439 564 1712 620 Ἰουδαίων

44 662 162 709 καὶ
202 656 481 715 Ἑλλήνων
495 699 507 711 .

147 751 269 800 Καὶ
300 776 378 786 -
411 745 593 797 αὑτοῦ.
626 749 866 803 Ζήτησον
922 745 973 797 ἐν
999 754 1070 815 τῷ
1132 746 1404 818 τελευταίῳ
1452 745 1711 818 κεφαλαίῳ

59 843 170 887 τοῦ
224 837 379 887 κατὰ
440 841 646 888 Λουκᾶν
678 840 757 886 τόο
792 840 889 887 Καὶ
939 834 1088 886 αὐτοὶ
1133 831 1411 906 ἐξηγοῦντο
1458 838 1524 887 τὰ
1558 838 1606 887 ἐν
1646 842 1707 907 τῇ

60 921 227 995 ὁδῷ,
260 929 362 976 καὶ
390 926 457 976 τὰ
487 924 617 990 ἑξῆς,
656 922 818 996 [ἄχρι
848 924 961 995 (15)
984 930 1073 975 τοῦ
1104 939 1116 952 ·
1142 922 1260 978 ’Έτι
1282 920 1341 976 δε
1358 922 1712 976 ἀπιστούντων

61 1013 266 1064 αὐτῶν
300 1011 409 1064 ἀπὸ
458 1020 555 1074 τῆς
584 1019 759 1086 χαρᾶς
788 1017 878 1065 καὶ
919 1012 1287 1085 θαυμαζόντων
1324 1029 1336 1041 ⁸
1366 1013 1387 1085 ]
1436 1018 1525 1065 καὶ
1556 1012 1712 1084 ἀνάγ-

60 1104 212 1155 νωθι
250 1104 355 1163 τὰς
383 1101 663 1174 ἐξηγήσεις
715 1101 901 1169 αὐτῶν,
949 1103 1082 1154 πάνυ
1113 1105 1551 1177 χρησιμευούσας
1585 1106 1712 1176 πρὸς

64 1194 144 1243 τὰ
178 1195 459 1265 παρόντα,

156 1371 489 1443 Ἐχάρησαν
519 1401 586 1411 -
619 1372 829 1443 Κύριον.
873 1369 1028 1445 Ὀρᾲς
1094 1369 1178 1423 ἐπὶ
1239 1378 1336 1423 τῶν
1376 1373 1537 1445 ἔργων
1584 1375 1707 1433 τοὺς

61 1459 280 1531 λόγους
303 1458 655 1522 ἐκϐαίνοντας.
692 1463 798 1532 Πρὸ
829 1467 918 1511 τοῦ
969 1466 1197 1532 σταυροῦ
1228 1462 1328 1535 γὰρ
1367 1458 1502 1512 εἶπεν
1528 1460 1707 1523 αὐτοῖς

60 1550 161 1601 ὅτι
202 1548 378 1602 Πάλιν
410 1549 607 1622 ὄψομαι
658 1550 814 1621 ὑμᾶς,
866 1554 956 1601 καὶ
1008 1555 1312 1621 χαρήσεται
1350 1551 1491 1622 ὑμῶν
1518 1552 1547 1608 ἡ
1581 1569 1703 1623 καρ-

63 1635 201 1693 δία.

154 1725 319 1781 Εἶπεν
351 1760 420 1767 —
457 1728 600 1799 ὑμῖν,
635 1729 779 1780 Μετὰ
831 1730 887 1779 τό
943 1734 1120 1800 φαγεῖν
1173 1730 1231 1779 τό
1283 1724 1520 1781 ἐπιδοθὲν
1562 1728 1701 1780 αύτὼ

1822 574 1913 627 rat
1935 569 2440 626 condemnatum:
2476 568 2785 641 discipulis
2814 584 2948 624 vero
2978 582 3212 640 pacem,
3236 572 3481 641 propter

1824 664 2165 731 suspectum
2195 658 2419 714 bellum
2454 674 2490 715 a
2526 657 2744 714 Iudaeis
2784 673 2856 713 ac
2894 656 3190 727 gentibus.

1896 750 2056 805 Vers.
2111 748 2200 804 20.
2259 748 2334 805 Et
2384 779 2452 790 —-
2505 764 2697 804 suum.
2783 749 2986 813 Quaere
3051 745 3258 802 ultimo
3308 746 3481 818 juxta

1824 840 2040 896 Lucam
2078 838 2289 911 capite,
2340 837 2505 910 quod
2557 836 2814 893 dicitur:
2867 836 2945 891 Et
2983 834 3100 905 ipsi
3138 835 3480 892 narrabant

1823 944 1953 1001 qua:
1989 935 2157 999 gesta
2207 932 2381 985 erant
2405 929 2467 983 in
2518 926 2633 990 via,
2664 932 2718 982 et
2744 929 2972 994 caetera,
3016 939 3209 996 usque
3231 923 3307 980 ad
3338 939 3478 981 eum

1823 1018 2017 1073 locum
2046 1018 2413 1074 ubibabetur
2445 1038 2457 1070 :
2484 1015 2692 1072 Adhuc
2732 1021 2927 1071 autem
2953 1013 3074 1069 illis
3092 1029 3215 1069 non
3239 1014 3479 1070 creden-

1821 1108 1973 1163 tibus
2004 1122 2129 1178 pra:
2166 1106 2386 1177 gaudio
2435 1112 2487 1162 et
2528 1102 2969 1161 admirantibus
3007 1104 3097 1170 ⁹⁶;
3145 1106 3202 1159 et
3234 1101 3474 1158 illorum

1818 1197 1947 1267 lege
2000 1196 2411 1253 enarrationes
2466 1193 2545 1251 ai
2587 1192 2908 1266 praesentia
2951 1191 3109 1248 dicta
3142 1191 3474 1248 admodum

1818 1286 2012 1343 utiles.

1888 1376 2062 1433 Vers.
2095 1378 2184 1430 20.
2219 1373 2411 1431 Gavisi
2428 1378 2569 1430 sunt
2603 1403 2666 1413 —
2696 1371 2955 1429 Domino.
2989 1370 3162 1428 Vides
3192 1370 3474 1443 operibus

1816 1464 2200 1522 conﬁrmatos
2230 1480 2362 1519 esse
2401 1478 2712 1519 sermones
2743 1463 2772 1519 ?
2812 1460 3120 1534 Siquidem
3160 1464 3296 1518 ante
3330 1475 3475 1534 pas-

1813 1556 2043 1611 sionem
2067 1555 2295 1611 dixerat
2326 1553 2409 1610 eis
2436 1570 2450 1609 :
2479 1554 2699 1610 Iterum
2734 1551 2933 1610 videbo
2953 1567 3074 1620 vos,
3105 1557 3159 1607 et
3193 1551 3471 1622 gaudebit

1812 1661 1916 1701 cor
1932 1652 2187 1702 vestrum
2225 1645 2296 1697 9".

1882 1734 2044 1790 Vers.
2074 1739 2161 1790 2t.
2225 1732 2483 1791 Dixit—
2523 1732 2707 1790 vobis.
2764 1731 3088 1803 Postquam
3130 1728 3472 1787 comederat

66 1818 285 1890 ῖχθύος
317 1816 482 1869 ὀπτοῦ
512 1821 687 1889 μέρος,
719 1822 809 1869 καὶ⁹
840 1815 940 1869 ἀπὸ
972 1817 1271 1889 μελισσείου
1290 1824 1498 1891 κηρίον,
1528 1821 1691 1879 καθὼς

1818 1825 2016 1880 datam
2044 1824 2158 1880 sibi
2178 1827 2407 1897 partem
2435 1822 2613 1895 piscis
2638 1819 2765 1878 assi
2787 1824 2843 1876 et
2866 1819 2940 1875 de
2957 1819 3096 1876 favo
3121 1819 3373 1891 apiario,
3397 1818 3470 1874 si-

61 1906 292 1980 ἔγραψε
326 1912 552 1969 Λουκᾶς,
586 1904 1111 1979 ἐπληροφορήθησαν,
1143 1911 1233 1959 καὶ
1249 1907 1428 1959 λοιπόν
1454 1908 1549 1959 3πὸ
1581 1908 1701 1960 πολ-

61 1994 142 2053 λῆ
154 2014 175 2054 ς
194 2001 398 2069 χαρᾶς,
430 1996 495 2055 ὡς
517 1994 1026 2070 εἰκός,θορυϐοῦντας
1056 1996 1390 2050 καταστέλλει
1426 1998 1509 2050 ἵνα
1535 2017 1701 2072 προσ-

65 2089 293 2155 έχωσιν
322 2085 400 2146 οἷς
430 2084 598 2156 μέλλει
636 2083 785 2159 ἐρεῖν.

163 2174 352 2234 Καθὼς
382 2206 449 2213 —-—
478 2175 633 2245 ὑμᾶς.
672 2179 771 2226 Καὶ
820 2177 918 2246 πρὸ
956 2181 1045 2226 τοῦ
1078 2182 1308 2248 σταυροῦ
1365 2178 1536 2248 εἴρηκε
1575 2180 1698 2250 πρός

70 2265 174 2314 τόν
209 2267 425 2337 Πατέρα
455 2264 535 2314 ότι
568 2264 747 2323 Καθὼς
774 2261 859 2335 ἐμὲ
899 2262 1200 2324 ἀπέστειλας
1230 2264 1298 2325 εἰς
1345 2268 1428 2316 τόν
1479 2269 1693 2338 κόσμον,

70 2349 236 2422 κάγὼ
259 2350 543 2404 ἀπέστειλα
568 2352 756 2414 αὐτοὺς
788 2352 860 2413 εἰς
901 2355 988 2404 τὸν
1036 2356 1231 2423 κόσμον
1257 2353 1369 2427 [καὶ
1400 2355 1514 2423 (16)
1543 2354 1697 2428 ἀνάγ-

67 2442 213 2492 νωθι
239 2444 309 2493 τὰ
340 2440 442 2493 ἐκεῖ
468 2440 710 2515 ῥηθέντα,
745 2442 963 2514 Ἐπῆρεν
995 2438 1082 2494 οὖν
1112 2443 1277 2494 αὐτῶν
1337 2446 1427 2504 τὰς
1485 2444 1692 2517 ψυχὰς,

71 2529 396 2604 ἐγχειρίσας
417 2529 590 2590 αὐτοῖς
620 2534 677 2582 τὸ
708 2526 845 2583 ἴδιον
884 2534 1054 2603 ἔργον,
1084 2536 1175 2583 καὶ
1200 2538 1545 2595 καταστήσας
1576 2531 1611 2587 δ
1617 2555 1693 2586 ια-

76 2614 289 2689 δόχους
322 2618 558 2692 ἐαυτοῦ.]

158 2711 261 2759 Καὶ
288 2737 355 2747 -
377 2710 743 2777 κεκράτηνται.
774 2714 873 2762 Καὶ
912 2714 1016 2781 μὴν
1047 2708 1217 2761 ὀπίσω
1243 2714 1440 2783 εῖρηκεν
1467 2713 1546 2764 ὅτι
1571 2713 1690 2766 Ἐὰν

77 2796 184 2868 ἐγώ
210 2801 285 2869 μὴ
317 2796 541 2863 ἀπέλθω,
577 2799 602 2849 ό
636 2797 971 2872 Παράκλητος
997 2799 1092 2851 οῦκ
1109 2797 1370 2852 ἐλεύσεται
1386 2805 1516 2876 πρὸς
1531 2803 1686 2875 ὑμᾶς·

75 2893 195 2946 πῶς
244 2882 333 2938 οὖν
384 2885 606 2939 ἐνταῦθα
645 2883 842 2939 δίδωσι
898 2894 1109 2960 Πνεῦμα
1146 2888 1295 2959 ἅγιον
1329 2908 1341 2955 ;
1378 2890 1690 2963 Ἐνεφύσησε

80 2979 175 3047 μέν
217 2975 443 3046 ἐμπνέων
480 2975 653 3035 αὐτοῖς
681 2978 843 3049 χάριν
874 2972 1120 3034 δεκτικὴν
1150 2984 1241 3028 τοῦ
1271 2977 1423 3047 ἁγίου
1452 2982 1685 3051 Πνεύμα-

79 3083 103 3114 τ
118 3083 190 3125 ος,
222 3068 311 3115 καὶ
333 3064 737 3126 κατασκευάξων
766 3061 1093 3124 ἐπιτηδείους
1124 3065 1189 3125 εἰς
1208 3062 1487 3136 ὑποδοχὴν
1506 3067 1684 3121 αὐτοῦ.

1811 1918 1909 1968 cut
1936 1912 2173 1984 scripsit
2203 1914 2386 1968 Lucas
2412 1912 2482 1979 ⁸⁸,
2533 1910 2813 1966 certiores
2870 1909 3007 1965 facti
3045 1913 3186 1965 sunt
3217 1926 3231 1964 :
3265 1913 3322 1964 et
3351 1923 3469 1980 pra:

1811 2002 2034 2073 gaudio
2060 2004 2210 2073 jam,
2244 2006 2309 2058 ut
2351 2000 2666 2057 verisimile
2718 2003 2826 2065 est,
2876 1998 3148 2054 turbatos
3171 1996 3464 2070 reprimit,

1810 2097 1872 2146 ut
1898 2091 1989 2146 bis
2019 2107 2155 2163 qum
2184 2091 2451 2146 dicturus
2482 2093 2575 2145 est
2603 2088 2873 2144 animum
2896 2087 3232 2144 advertant.

1880 2180 2158 2235 Vers.2t.
2202 2180 2368 2235 Sicut
2422 2207 2489 2218 —
2544 2193 2659 2234 vos.
2713 2176 2900 2232 Etiam
2959 2180 3095 2231 ante
3123 2174 3463 2248 passionem

1808 2268 1954 2324 dixit
2000 2268 2079 2324 ad
2128 2270 2362 2325 Patrem
2399 2290 2412 2323 :
2471 2268 2643 2324 Sicut
2682 2283 2760 2321 me
2781 2266 2994 2322 misisti
3037 2266 3102 2321 in
3146 2265 3459 2330 mundum,

1806 2362 1858 2414 et
1876 2374 1983 2429 ego
2003 2358 2138 2413 misi
2168 2359 2306 2413 illos
2355 2358 2418 2413 in
2471 2356 2761 2412 mundum
2796 2356 2844 2391 9°
2879 2374 2893 2424 ;
2945 2359 3002 2410 et
3033 2354 3162 2425 lege
3202 2369 3339 2426 qua:
3377 2353 3460 2409 ibi

1804 2447 1962 2503 dicta
1989 2452 2148 2503 sunt.
2190 2447 2433 2502 Animos
2480 2446 2681 2517 itaque
2711 2443 2945 2500 illorum
2984 2444 3190 2510 erexit,
3220 2442 3461 2499 tradens

1804 2535 1887 2592 eis
1912 2551 2067 2608 opus
2099 2551 2297 2601 suum,
2323 2551 2392 2591 ac
2422 2534 2528 2589 sibi
2555 2537 2924 2589 successores
2949 2548 3051 2589 eos
3068 2531 3455 2589 constituens.

1872 2715 2031 2770 Vers.
2061 2718 2147 2769 22.
2186 2715 2267 2769 Et
2317 2745 2386 2753 —
2435 2715 2591 2768 Vers.
2641 2715 2729 2769 23.
2790 2714 3019 2768 retenta
3068 2716 3226 2767 sunt.
3281 2711 3460 2783 Atqui

1801 2804 2069 2875 superius
2118 2803 2348 2858 dixerat
2378 2819 2392 2858 :
2424 2802 2563 2859 Nisi
2603 2816 2701 2873 ego
2721 2800 2937 2871 abiero,
2970 2800 3305 2868 paracletus
3334 2815 3454 2856 non

1798 2894 1989 2950 veniet
2028 2893 2110 2949 ad
2153 2907 2253 2949 vos
2285 2893 2302 2927 ¹
2339 2908 2352 2958 ;
2404 2889 2714 2963 quomodo
2742 2904 2886 2959 ergo
2915 2889 3018 2945 dat
3045 2888 3142 2944 hic
3172 2887 3453 2961 Spiritum

1800 2986 2068 3037 sanctum
2094 2982 2123 3037 ‘I
2150 2979 2478 3036 lnsuﬂlavit
2498 2979 2764 3051 quidem,
2795 2979 2950 3034 dans
2976 2978 3229 3048 gratiam
3261 2993 3455 3033 susce-

1800 3068 2027 3139 ptivam
2057 3069 2301 3140 Spiritus
2332 3068 2539 3131 sancti,
2576 3074 2868 3139 aptosque
2898 3066 3162 3122 efficiens
3211 3066 3290 3122 ad
3320 3068 3451 3137 ejus

86 3151 222 3222 λέγει
256 3148 334 3222 δὲ,
377 3151 573 3205 Λάϐετε
607 3159 814 3225 Πνεῦμα
833 3153 1003 3224 ἅγιον,
1032 3153 1090 3205 ού
1119 3157 1250 3218 τότε,
1275 3153 1380 3204 ἀλλ’
1412 3156 1494 3207 ὅτε
1513 3156 1687 3209 κατέλ-

1818 3157 2241 3229 iusceptionem
2274 3173 2289 3222 ;
2310 3156 2452 3211 dicit
2471 3159 2672 3211 autem
2691 3173 2704 3210 :
2726 3154 2995 3241 Accipite
3008 3154 3301 3223 Spiritum
3318 3168 3454 3210 san-

90 3243 178 3299 θῆ.

164 3336 225 3383 Ἦ
262 3337 469 3403 Πνεῦμα
492 3330 639 3402 ἅγιον
670 3330 877 3384 ἐκάλεσε
896 3334 953 3384 τὸ
967 3335 1311 3404 πνευματικόν
1329 3336 1579 3407 χάρισμα
1594 3341 1686 3385 τοῦ

86 3418 289 3492 ἀφιέναι
318 3425 407 3472 καὶ
442 3417 653 3492 δεσμεῖν
673 3420 949 3494 ἁμαρτίας.
974 3426 1238 3496 Διαφόρων
1269 3425 1369 3497 γὰρ
1399 3426 1553 3474 ὄντων
1574 3424 1687 3494 (17)

84 3518 445 3582 πνευματικῶν
493 3512 866 3581 χαρισμάτων,
908 3530 1063 3564 τουτο
1115 3519 1403 3569 τηνικαῦτα
1455 3508 1682 3566 δέδωκεν

84 3599 276 3663 αὐτοῖς,
307 3598 507 3671 [μεῖζον
523 3597 633 3670 (18)
661 3598 714 3651 ὃν
736 3604 825 3651 καὶ
850 3607 949 3651 τῶν
969 3604 1216 3672 σημείων.
1241 3608 1324 3671 Τῷ
1344 3601 1681 3676 παραλυτικῴ

1510 3689 1679 3761 ἔλεγον

79 3779 130 3829 οἱ
163 3783 484 3851 Γραμματεῑς
508 3792 522 3808 ⁸
550 3782 643 3838 Τίς
692 3773 915 3831 δύναται
965 3777 1168 3850 ἀφιέναι
1200 3778 1478 3853 ἁμαρτίας,
1523 3779 1566 3832 εἰ
1603 3785 1674 3851 μὴ

80 3868 155 3927 εἰς
185 3867 208 3917 ό
240 3870 384 3928 Θεός.

156 3960 252 4008 Καὶ
276 3960 375 4028 μην
399 3961 489 4007 καὶ
527 3959 627 4029 πρὸ
659 3963 751 4008 τοῦ
785 3965 1011 4031 σταυροῦ
1054 3961 1253 4032 εἴρηκεν
1285 3957 1457 4019 αὐτοῖς
1486 3977 1498 3990 ·
1537 3957 1677 4011 Ὅσα

81 4045 167 4096 ἐὰν
199 4042 391 4103 δήσητε
430 4044 514 4097 ἐπὶ
539 4052 635 4106 τῆς
668 4053 782 4116 γῆς,
816 4048 965 4098 ἔσται
996 4043 1248 4120 δεδεμένα
1272 4045 1320 4099 ἐν
1350 4056 1421 4119 τῷ
1453 4048 1670 4122 οὐρανῷ·

82 4138 173 4185 καὶ
202 4136 296 4186 ὅσα
317 4137 397 4186 ἐὰν
424 4134 616 4192 λύσητε
644 4134 727 4187 ἐπὶ
752 4143 846 4197 τῆς
888 4145 1004 4207 γῆς,
1038 4139 1186 4188 ἔσται
1223 4136 1469 4208 λελυμένα
1508 4138 1555 4188 έν
1603 4147 1675 4206 τῷ

77 3690 181 3759 γάρ
213 3688 434 3749 εἰπόντος
464 3706 477 3718 ·
515 3688 797 3759 Ἀφέωνται
849 3708 933 3741 σοι
963 3691 1018 3741 αἱ
1047 3688 1298 3761 ἁμαρτίαι
1326 3708 1419 3741 σου
1455 3708 1467 3720 ·

85 4223 278 4295 οὐρανῷ
318 4239 329 4253 ·
356 4221 483 4275 ἀλλὰ
508 4228 623 4275 τότε
650 4226 739 4295 μὲν
770 4225 1031 4296 ὑπέσχετο
1062 4226 1241 4287 αὐτοῖς
1282 4233 1456 4293 τοῦτο,
1487 4233 1574 4277 νῦν
1616 4223 1675 4278 δὲ

88 4309 302 4365 δίδωσι.

158 4405 384 4458 Ζήτησον
422 4398 481 4453 δὲ
508 4407 626 4474 περὶ
660 4404 726 4454 τὰ
754 4406 892 4474 μέσα
919 4411 1009 4455 τοῦ
1041 4405 1220 4455 ἐνάτου
1259 4403 1536 4474 κεφαλαίου
1581 4410 1672 4455 τοῦ

88 4494 327 4561 παρόντος
352 4490 719 4562 εὐαγγελιστοῦ
750 4496 807 4544 τό
840 4509 852 4522 ·
891 4496 1049 4545 Οὔπω
1078 4496 1178 4566 γὰρ
1211 4489 1271 4550 ἦν
1302 4499 1505 4564 Πνεῦμα
1522 4493 1670 4564 ἅγιον

89 4580 168 4629 ὅτι
205 4578 400 4640 Ἰησοῦς
432 4576 637 4632 οὐδέπω
664 4577 927 4644 ἐδοξάσθη
955 4599 965 4609 ·
1000 4586 1089 4632 καὶ
1142 4580 1402 4652 ἀνάγνωθι
1432 4586 1524 4640 τὴν
1549 4582 1669 4639 ὃλην

91 4667 326 4739 ἐξήγησιν
356 4668 542 4723 αὐτῶν.

158 4755 454 4831 Ἐνεφύσησε
483 4762 573 4831 μὲν
605 4755 691 4810 οὖν
732 4760 799 4819 ὡς
830 4761 975 4828 πηγή
1030 4760 1403 4832 χαρισμάτων,
1466 4764 1555 4812 καὶ
1588 4762 1670 4813 ἵνα

89 4848 312 4919 μάθωμεν
353 4846 623 4900 κάντεῦθεν
671 4848 751 4898 ὅτι
791 4846 946 4909 αὐτός
1006 4845 1146 4899 ἐστιν
1205 4849 1230 4899 ό
1287 4854 1377 4900 καὶ
1430 4852 1487 4901 τό
1530 4858 1669 4920 πρῶ-

90 4955 169 4986 τον
198 4941 279 4989 καὶ
326 4939 541 4999 ζωτικὸν
600 4939 887 5009 ἐμφύσημα
934 4940 1246 5009 ἐμφυσήσας
1302 4945 1372 5008 τῷ
1425 4934 1667 5012 Ἀδάμ.]

160 5087 203 5120 ”
231 5086 357 5141 Luc.
387 5104 540 5154 xxiv,
555 5089 737 5146 35-41.

95 5172 171 5226 1x,
212 5160 260 5211 2.
331 5158 557 5215 aMarc.
586 5177 648 5230 ιι,
682 5167 733 5228 5,
781 5163 832 5216 7.

852 5090 899 5125 ⁹⁷
923 5090 1224 5218 ³θῖί⁰έιῗιῖ¹’
1436 5091 1494 5218 ἶέ

1703 4536 1746 4591 D

1446 5091 1493 5127 ⁹⁸
1512 5092 1823 5157 Luc.xx1v,
1840 5095 1929 5146 42.

1628 5164 1649 5198 ⁸
1673 5163 1847 5220 Joan.
1884 5180 1937 5229 v,
1979 5166 2068 5219 39.

1797 3251 1955 3301 ctum
1985 3268 1997 3310 ;
2027 3259 2150 3300 non
2176 3260 2357 3314 nunc,
2391 3243 2494 3298 sed
2534 3240 2777 3314 quando
2807 3240 3198 3297 descenderit.

1866 3336 1978 3388 Aut
2010 3333 2294 3404 Spiritum
2322 3337 2597 3389 sanctum
2630 3330 2864 3387 vocavit
2890 3330 3145 3400 gratiam
3176 3328 3450 3401 spiritua-

1792 3422 1911 3478 lem
1942 3422 2279 3479 remittendi
2301 3438 2371 3478 ac
2396 3419 2617 3491 ligandi
2638 3423 2915 3491 peccata;
2940 3423 2997 3475 et
3025 3419 3135 3474 hoc
3164 3422 3303 3474 tunc
3335 3417 3449 3473 illis

1795 3511 2009 3581 tribuit,
2059 3512 2225 3585 quod
2280 3516 2337 3568 et
2367 3509 2676 3567 miraculis
2709 3509 2901 3580 majus
2960 3512 3108 3564 erat.
3142 3510 3290 3563 Nam
3313 3523 3447 3562 cum

1792 3601 2120 3673 paralytico
2151 3600 2403 3656 dixisset
2427 3620 2440 3656 :
2462 3598 2712 3655 Remissa
2727 3603 2865 3653 sunt
2892 3597 3001 3653 tibi
3026 3603 3241 3667 pecata
3271 3603 3375 3653 tua
3404 3604 3445 3661 ³,

1788 3690 2067 3747 dixerunt
2111 3690 2328 3746 Scriba;
2365 3708 2378 3743 :
2426 3689 2566 3757 Quis
2616 3692 2808 3757 potest
2830 3686 3130 3744 remittere
3170 3691 3440 3756 peccata,

1786 3782 1905 3837 nisi
1932 3796 2104 3845 unus,
2125 3796 2331 3850 nempe
2353 3781 2497 3836 Deus
2517 3780 2539 3813 ³
2562 3777 2591 3833 ?

1858 3873 2070 3926 Verum
2104 3875 2162 3926 et
2200 3875 2335 3926 ante
2362 3868 2708 3942 passionem
2746 3866 2980 3922 dixerat
3006 3865 3129 3923 eis:
3160 3867 3446 3934 Quacun-

1784 3975 1897 4031 que
1927 3959 2242 4031 ligaveritis
2267 3975 2446 4028 super
2472 3964 2717 4021 terram,
2738 3961 2913 4013 erunt
2949 3956 3137 4028 ligata
3163 3955 3227 4011 in
3257 3957 3404 4012 caelo
3429 3972 3442 4020 ;

1785 4056 1838 4105 et
1869 4066 2222 4122 quacunque
2241 4050 2530 4105 solveritis
2559 4062 2741 4117 super
2773 4052 3014 4111 terram,
3047 4053 3221 4101 erunt
3246 4046 3443 4101 soluta

1784 4139 1848 4194 in
1871 4141 2019 4195 caelo
2050 4141 2071 4173 ⁴
2096 4155 2110 4204 ;
2138 4139 2244 4193 sed
2271 4144 2411 4194 tunc
2431 4136 2679 4208 quidem
2698 4135 2813 4191 hoc
2838 4133 2951 4189 illis
2972 4132 3441 4205 promisit,nunc

1784 4230 1982 4283 autem
2028 4226 2249 4282 tribuit.

1853 4406 2061 4470 Quaere
2100 4407 2300 4459 autem
2349 4402 2502 4458 circa
2541 4400 2808 4458 medium
2854 4400 2998 4457 noni
3050 4400 3261 4472 capitis
3289 4417 3436 4474 prae-

1781 4493 1961 4549 sentis
1990 4491 2313 4563 Evangelii,
2354 4492 2458 4547 ubi
2496 4490 2712 4546 dicitur
2742 4490 3050 4547 :Nondum
3088 4496 3217 4547 erat
3245 4490 3438 4561 Spiri-

1781 4586 1874 4638 tus
1903 4586 2158 4646 sanctus,
2184 4583 2326 4654 quia
2354 4583 2508 4637 Iesus
2532 4579 2787 4636 nondum
2815 4586 2939 4636 erat
2970 4579 3345 4650 gloriﬁcatus
3372 4583 3393 4617 ⁵
3418 4598 3433 4649 ;

1778 4676 1834 4728 et
1862 4670 1989 4742 lege
2016 4675 2202 4727 totam
2240 4669 2476 4726 illorum
2505 4668 2963 4725 enarrationem.

1850 4758 2167 4815 Insuﬂlavit
2193 4760 2414 4832 itaque,
2471 4763 2757 4829 tauquam
2787 4756 2920 4813 fons
2966 4756 3312 4828 gratiarum,
3354 4762 3430 4829 et,

1779 4854 1842 4906 ut
1888 4848 2068 4905 etiam
2097 4848 2237 4905 hinc
2292 4847 2823 4919 discamusipsum
2851 4845 3137 4919 essetqui
3181 4847 3430 4920 primum

1778 4955 1847 4995 ac
1869 4939 2046 4995 vitale
2079 4937 2447 5011 spiraculum
2504 4934 2826 4993 insuﬂlavit
2854 4934 2917 4991 in
2959 4935 3169 4993 Adam.
3224 4938 3432 4994 Reten-

2668 5091 2685 5125 ¹
2708 5089 2876 5146 Joan.
2898 5104 3015 5155 xvr,
3036 5094 3068 5144 7
3183 5092 3205 5126 ³
3228 5092 3426 5150 Matth.

2039 5093 2086 5126 ⁹⁹
2111 5092 2280 5156 Joan,
2312 5106 2440 5156 xvn,
2470 5092 2555 5146 18.

1286 5284 1502 5354 Variae
1540 5284 1870 5354 lectiones
1912 5294 1977 5353 et
2017 5293 2217 5351 notae.

156 5424 258 5567 (14)
286 5424 421 5480 Ante
457 5420 552 5477 διά
586 5426 632 5480 Α
662 5424 858 5492 habet.
889 5427 1095 5502 εἰρήνην
1123 5422 1309 5489 διδοὺς
1333 5427 1524 5488 αὐτοῖς.

182 5496 256 5566 15)
287 5495 509 5567 inclusa
538 5495 761 5553 absunt
789 5500 856 5554 A.

182 5496 256 5566 15)
287 5495 509 5553 Inclusa
538 5495 761 5553 absunt
789 5500 856 5554 A.

156 5566 257 5637 (t6)
286 5566 508 5624 Inclusa
533 5567 752 5625 absunt
776 5571 848 5628 Α.

1852 5426 1962 5498 (ιτ)
1994 5433 2105 5498 Τῶν
2138 5425 2303 5482 addit
2331 5427 2398 5481 A.

1839 5497 1953 5570 (t8)
1989 5497 2227 5556 Inclusa
2255 5498 2472 5555 desunt
2500 5499 2565 5553 A.

157 5690 267 5769 (dd)
296 5691 537 5748 Tribuit.
565 5694 678 5748 Aut
711 5707 854 5763 ergo
909 5692 1196 5766 interpres
1225 5693 1427 5760 αὐταῖς,
1460 5694 1619 5769 quod
1651 5710 1722 5752 ex
1754 5693 2104 5752 Hebraismo
2128 5693 2226 5751 hic
2269 5693 2542 5751 additum
2596 5698 2701 5764 est,
2731 5711 2854 5754 non
2901 5696 3060 5769 legit,
3093 5700 3196 5755 aut
3224 5697 3285 5755 id
3310 5712 3414 5756 ne-

93 5761 248 5834 glexit
