  <div class='ocr_page' id='page_1' title='image "/cluster/home/n/w/nwhite01/storage/ocr_20150623/129/hvd.32044019208511/964.png"; bbox 0 0 4076 6496; ppageno 0'>
   <div class='ocr_carea' id='block_1_1' title="bbox 202 346 336 404">
    <p class='ocr_par' dir='ltr' id='par_1_1' title="bbox 202 346 336 404">
     <span class='ocr_line' id='line_1_1' title="bbox 202 346 336 404; baseline -0.015 0"><span class='ocrx_word' id='word_1_1' title='bbox 202 346 336 404; x_wconf 69' lang='grc'><strong>4489</strong></span> 
     </span>
    </p>
   </div>
   <div class='ocr_carea' id='block_1_2' title="bbox 1211 324 2558 392">
    <p class='ocr_par' dir='ltr' id='par_1_2' title="bbox 1211 324 2558 392">
     <span class='ocr_line' id='line_1_2' title="bbox 1211 324 2558 392; baseline -0.009 0"><span class='ocrx_word' id='word_1_2' title='bbox 1211 331 1580 392; x_wconf 77' lang='lat' dir='ltr'><strong>COMMENT.</strong></span> <span class='ocrx_word' id='word_1_3' title='bbox 1625 331 1697 387; x_wconf 80' lang='lat' dir='ltr'><strong>IN</strong></span> <span class='ocrx_word' id='word_1_4' title='bbox 1734 328 2081 386; x_wconf 75' lang='lat' dir='ltr'><strong>JOANNEM.</strong></span> <span class='ocrx_word' id='word_1_5' title='bbox 2127 354 2189 368; x_wconf 66' lang='grc' dir='ltr'><strong>-ι-</strong></span> <span class='ocrx_word' id='word_1_6' title='bbox 2232 324 2392 382; x_wconf 86' lang='lat' dir='ltr'><strong>CAP.</strong></span> <span class='ocrx_word' id='word_1_7' title='bbox 2434 324 2558 380; x_wconf 86' lang='lat' dir='ltr'><strong>XX.</strong></span> 
     </span>
    </p>
   </div>
   <div class='ocr_carea' id='block_1_3' title="bbox 3421 313 3561 371">
    <p class='ocr_par' dir='ltr' id='par_1_3' title="bbox 3421 313 3561 371">
     <span class='ocr_line' id='line_1_3' title="bbox 3421 313 3561 371; baseline 0 -1"><span class='ocrx_word' id='word_1_8' title='bbox 3421 313 3561 371; x_wconf 73' lang='grc'><strong>1490</strong></span> 
     </span>
    </p>
   </div>
   <div class='ocr_carea' id='block_1_4' title="bbox 270 440 1815 540">
    <p class='ocr_par' dir='ltr' id='par_1_4' title="bbox 270 455 1794 540">
     <span class='ocr_line' id='line_1_4' title="bbox 270 455 1794 540; baseline -0.013 -13"><span class='ocrx_word' id='word_1_9' title='bbox 270 474 369 527; x_wconf 76' lang='grc' dir='ltr'>Καὶ</span> <span class='ocrx_word' id='word_1_10' title='bbox 400 499 462 510; x_wconf 86' lang='lat'><strong>-</strong></span> <span class='ocrx_word' id='word_1_11' title='bbox 493 468 635 540; x_wconf 73' lang='grc' dir='ltr'>ὑμῖν.</span> <span class='ocrx_word' id='word_1_12' title='bbox 671 464 895 540; x_wconf 69' lang='grc' dir='ltr'>[Ὠσπερ</span> <span class='ocrx_word' id='word_1_13' title='bbox 927 462 1041 537; x_wconf 81' lang='lat'><strong>(&#39;28)</strong></span> <span class='ocrx_word' id='word_1_14' title='bbox 1071 466 1159 515; x_wconf 77' lang='grc' dir='ltr'>καὶ</span> <span class='ocrx_word' id='word_1_15' title='bbox 1185 463 1452 536; x_wconf 83' lang='grc' dir='ltr'>πρότερον.</span> <span class='ocrx_word' id='word_1_16' title='bbox 1490 458 1667 519; x_wconf 79' lang='grc' dir='ltr'>Πάντα</span> <span class='ocrx_word' id='word_1_17' title='bbox 1693 455 1794 528; x_wconf 69' lang='grc' dir='ltr'>γὰρ</span> 
     </span>
    </p>
   </div>
   <div class='ocr_carea' id='block_1_5' title="bbox 1936 440 3558 540">
    <p class='ocr_par' dir='ltr' id='par_1_5' title="bbox 1975 440 3558 515">
     <span class='ocr_line' id='line_1_5' title="bbox 1975 440 3558 515; baseline -0.009 -5"><span class='ocrx_word' id='word_1_18' title='bbox 1975 454 2137 510; x_wconf 89' lang='lat' dir='ltr'><strong>Vers.</strong></span> <span class='ocrx_word' id='word_1_19' title='bbox 2184 456 2271 509; x_wconf 78' lang='lat'><strong>26.</strong></span> <span class='ocrx_word' id='word_1_20' title='bbox 2326 450 2409 508; x_wconf 86' lang='lat' dir='ltr'><strong>Et</strong></span> <span class='ocrx_word' id='word_1_21' title='bbox 2457 480 2525 490; x_wconf 90' lang='lat'><strong><em>—</em></strong></span> <span class='ocrx_word' id='word_1_22' title='bbox 2562 446 2744 505; x_wconf 84' lang='lat' dir='ltr'><strong>vobis.</strong></span> <span class='ocrx_word' id='word_1_23' title='bbox 2797 444 2959 502; x_wconf 89' lang='lat' dir='ltr'><strong>Sicut</strong></span> <span class='ocrx_word' id='word_1_24' title='bbox 3003 440 3270 515; x_wconf 83' lang='lat' dir='ltr'><strong>etprius.</strong></span> <span class='ocrx_word' id='word_1_25' title='bbox 3299 440 3558 496; x_wconf 83' lang='lat' dir='ltr'><strong>Rursum</strong></span> 
     </span>
    </p>
   </div>
   <div class='ocr_carea' id='block_1_6' title="bbox 199 547 1549 620">
    <p class='ocr_par' dir='ltr' id='par_1_6' title="bbox 199 547 1549 620">
     <span class='ocr_line' id='line_1_6' title="bbox 199 547 1549 620; baseline -0.007 -9"><span class='ocrx_word' id='word_1_26' title='bbox 199 565 335 611; x_wconf 85' lang='grc' dir='ltr'>ποιεῖ</span> <span class='ocrx_word' id='word_1_27' title='bbox 369 557 522 610; x_wconf 78' lang='grc' dir='ltr'>πάλιν</span> <span class='ocrx_word' id='word_1_28' title='bbox 543 558 646 610; x_wconf 86' lang='grc' dir='ltr'>ὅσα</span> <span class='ocrx_word' id='word_1_29' title='bbox 671 560 761 607; x_wconf 83' lang='grc' dir='ltr'>καὶ</span> <span class='ocrx_word' id='word_1_30' title='bbox 790 553 1009 614; x_wconf 78' lang='grc' dir='ltr'><strong>ἀπόντος</strong></span> <span class='ocrx_word' id='word_1_31' title='bbox 1032 550 1192 604; x_wconf 76' lang='grc' dir='ltr'>αὐτοῦ</span> <span class='ocrx_word' id='word_1_32' title='bbox 1221 547 1549 620; x_wconf 82' lang='grc' dir='ltr'>πεποίηκεν.]</span> 
     </span>
    </p>
   </div>
   <div class='ocr_carea' id='block_1_7' title="bbox 270 634 1797 718">
    <p class='ocr_par' dir='ltr' id='par_1_7' title="bbox 270 634 1797 718">
     <span class='ocr_line' id='line_1_7' title="bbox 270 634 1797 718; baseline -0.01 -17"><span class='ocrx_word' id='word_1_33' title='bbox 270 644 397 702; x_wconf 82' lang='grc' dir='ltr'>Εἶτα</span> <span class='ocrx_word' id='word_1_34' title='bbox 437 676 504 687; x_wconf 91' lang='lat'><strong>--</strong></span> <span class='ocrx_word' id='word_1_35' title='bbox 535 665 654 718; x_wconf 77' lang='grc' dir='ltr'>μου.</span> <span class='ocrx_word' id='word_1_36' title='bbox 698 639 876 700; x_wconf 65' lang='grc' dir='ltr'>Μηδὲν</span> <span class='ocrx_word' id='word_1_37' title='bbox 921 641 1150 701; x_wconf 84' lang='grc' dir='ltr'>εἰπόντος</span> <span class='ocrx_word' id='word_1_38' title='bbox 1192 646 1283 691; x_wconf 81' lang='grc' dir='ltr'>τοῦ</span> <span class='ocrx_word' id='word_1_39' title='bbox 1335 643 1515 710; x_wconf 74' lang='grc' dir='ltr'>Θωμᾶ,</span> <span class='ocrx_word' id='word_1_40' title='bbox 1562 634 1797 710; x_wconf 74' lang='grc' dir='ltr'>προλαμο</span> 
     </span>
    </p>
   </div>
   <div class='ocr_carea' id='block_1_8' title="bbox 201 724 1800 808">
    <p class='ocr_par' dir='ltr' id='par_1_8' title="bbox 201 724 1800 808">
     <span class='ocr_line' id='line_1_8' title="bbox 201 724 1800 808; baseline -0.009 -19"><span class='ocrx_word' id='word_1_41' title='bbox 201 736 359 803; x_wconf 80' lang='grc' dir='ltr'>ϐάνει,</span> <span class='ocrx_word' id='word_1_42' title='bbox 413 740 504 788; x_wconf 84' lang='grc' dir='ltr'>καὶ</span> <span class='ocrx_word' id='word_1_43' title='bbox 545 734 673 808; x_wconf 82' lang='grc' dir='ltr'>οἷπερ</span> <span class='ocrx_word' id='word_1_44' title='bbox 720 732 892 793; x_wconf 75' lang='grc' dir='ltr'>ἐζήτει</span> <span class='ocrx_word' id='word_1_45' title='bbox 932 727 1150 792; x_wconf 74' lang='grc' dir='ltr'>δίδωσι,</span> <span class='ocrx_word' id='word_1_46' title='bbox 1203 724 1407 789; x_wconf 84' lang='grc' dir='ltr'>δεικνύς</span> <span class='ocrx_word' id='word_1_47' title='bbox 1449 727 1531 779; x_wconf 86' lang='grc' dir='ltr'>ὅτι</span> <span class='ocrx_word' id='word_1_48' title='bbox 1583 728 1675 777; x_wconf 81' lang='grc' dir='ltr'>καὶ</span> <span class='ocrx_word' id='word_1_49' title='bbox 1720 725 1800 775; x_wconf 83' lang='grc' dir='ltr'>ὅτε</span> 
     </span>
    </p>
   </div>
   <div class='ocr_carea' id='block_1_9' title="bbox 199 812 1796 897">
    <p class='ocr_par' dir='ltr' id='par_1_9' title="bbox 199 812 1796 897">
     <span class='ocr_line' id='line_1_9' title="bbox 199 812 1796 897; baseline -0.008 -18"><span class='ocrx_word' id='word_1_50' title='bbox 199 833 363 879; x_wconf 80' lang='grc' dir='ltr'>ταῦτα</span> <span class='ocrx_word' id='word_1_51' title='bbox 404 823 559 895; x_wconf 72' lang='grc' dir='ltr'>ἔλεγε,</span> <span class='ocrx_word' id='word_1_52' title='bbox 594 831 763 897; x_wconf 86' lang='grc' dir='ltr'>παρῆν</span> <span class='ocrx_word' id='word_1_53' title='bbox 804 839 857 872; x_wconf 85' lang='grc' dir='ltr'><strong>τε</strong></span> <span class='ocrx_word' id='word_1_54' title='bbox 889 824 979 871; x_wconf 81' lang='grc' dir='ltr'>καὶ</span> <span class='ocrx_word' id='word_1_55' title='bbox 1016 821 1200 877; x_wconf 79' lang='grc' dir='ltr'>ἤκουεν</span> <span class='ocrx_word' id='word_1_56' title='bbox 1235 819 1300 878; x_wconf 81' lang='grc' dir='ltr'>ὡς</span> <span class='ocrx_word' id='word_1_57' title='bbox 1339 819 1486 876; x_wconf 80' lang='grc' dir='ltr'>Θεὸς.</span> <span class='ocrx_word' id='word_1_58' title='bbox 1517 815 1642 886; x_wconf 76' lang='grc' dir='ltr'><strong>[Καὶ</strong></span> <span class='ocrx_word' id='word_1_59' title='bbox 1682 812 1796 885; x_wconf 74' lang='lat'><strong>(29)</strong></span> 
     </span>
    </p>
   </div>
   <div class='ocr_carea' id='block_1_10' title="bbox 199 906 1202 987">
    <p class='ocr_par' dir='ltr' id='par_1_10' title="bbox 199 906 1202 987">
     <span class='ocr_line' id='line_1_10' title="bbox 199 906 1202 987; baseline -0.01 -20"><span class='ocrx_word' id='word_1_60' title='bbox 199 917 298 987; x_wconf 76' lang='grc' dir='ltr'><strong>γὰρ</strong></span> <span class='ocrx_word' id='word_1_61' title='bbox 328 921 431 975; x_wconf 88' lang='grc' dir='ltr'><strong>τοίς</strong></span> <span class='ocrx_word' id='word_1_62' title='bbox 456 912 630 974; x_wconf 77' lang='grc' dir='ltr'>αὐτοῖς</span> <span class='ocrx_word' id='word_1_63' title='bbox 661 911 929 983; x_wconf 75' lang='grc' dir='ltr'>ἐχρήσατο</span> <span class='ocrx_word' id='word_1_64' title='bbox 952 906 1202 983; x_wconf 75' lang='grc' dir='ltr'>ῥήμασι.]</span> 
     </span>
    </p>
   </div>
   <div class='ocr_carea' id='block_1_11' title="bbox 272 1079 1801 1160">
    <p class='ocr_par' dir='ltr' id='par_1_11' title="bbox 272 1079 1801 1160">
     <span class='ocr_line' id='line_1_11' title="bbox 272 1079 1801 1160; baseline -0.009 -15"><span class='ocrx_word' id='word_1_65' title='bbox 272 1096 372 1146; x_wconf 73' lang='grc' dir='ltr'><strong>Καὶ</strong></span> <span class='ocrx_word' id='word_1_66' title='bbox 398 1123 464 1131; x_wconf 88' lang='grc'><strong><em>-</em></strong></span> <span class='ocrx_word' id='word_1_67' title='bbox 488 1093 695 1151; x_wconf 85' lang='grc' dir='ltr'>πιστός.</span> <span class='ocrx_word' id='word_1_68' title='bbox 724 1091 1060 1160; x_wconf 76' lang='grc' dir='ltr'>Μεμφόμενος</span> <span class='ocrx_word' id='word_1_69' title='bbox 1088 1088 1237 1139; x_wconf 81' lang='grc' dir='ltr'>τοῦτό</span> <span class='ocrx_word' id='word_1_70' title='bbox 1259 1102 1438 1157; x_wconf 86' lang='grc' dir='ltr'>φησιν,</span> <span class='ocrx_word' id='word_1_71' title='bbox 1469 1084 1536 1145; x_wconf 85' lang='grc' dir='ltr'>ὡς</span> <span class='ocrx_word' id='word_1_72' title='bbox 1562 1080 1614 1145; x_wconf 74' lang='grc' dir='ltr'><strong>ἐξ</strong></span> <span class='ocrx_word' id='word_1_73' title='bbox 1645 1079 1801 1134; x_wconf 77' lang='grc' dir='ltr'>ἀπισ-</span> 
     </span>
    </p>
   </div>
   <div class='ocr_carea' id='block_1_12' title="bbox 200 1174 1237 1252">
    <p class='ocr_par' dir='ltr' id='par_1_12' title="bbox 200 1174 1237 1252">
     <span class='ocr_line' id='line_1_12' title="bbox 200 1174 1237 1252; baseline -0.006 -18"><span class='ocrx_word' id='word_1_74' title='bbox 200 1187 330 1249; x_wconf 79' lang='grc' dir='ltr'>τίας,</span> <span class='ocrx_word' id='word_1_75' title='bbox 361 1180 458 1233; x_wconf 71' lang='grc' dir='ltr'>οὐκ</span> <span class='ocrx_word' id='word_1_76' title='bbox 487 1179 539 1243; x_wconf 82' lang='grc' dir='ltr'><strong>ὶξ</strong></span> <span class='ocrx_word' id='word_1_77' title='bbox 558 1176 819 1252; x_wconf 74' lang='grc' dir='ltr'>ἀκριϐείας</span> <span class='ocrx_word' id='word_1_78' title='bbox 849 1174 1237 1237; x_wconf 78' lang='grc' dir='ltr'>ἀντιτείνοντος.</span> 
     </span>
    </p>
   </div>
   <div class='ocr_carea' id='block_1_13' title="bbox 275 1349 1801 1431">
    <p class='ocr_par' dir='ltr' id='par_1_13' title="bbox 275 1349 1801 1431">
     <span class='ocr_line' id='line_1_13' title="bbox 275 1349 1801 1431; baseline -0.01 -17"><span class='ocrx_word' id='word_1_79' title='bbox 275 1365 375 1414; x_wconf 76' lang='grc' dir='ltr'><strong>Καὶ</strong></span> <span class='ocrx_word' id='word_1_80' title='bbox 404 1390 471 1399; x_wconf 92' lang='grc'><strong><em>-</em></strong></span> <span class='ocrx_word' id='word_1_81' title='bbox 514 1378 636 1431; x_wconf 83' lang='grc' dir='ltr'>μου.</span> <span class='ocrx_word' id='word_1_82' title='bbox 685 1353 833 1413; x_wconf 78' lang='grc' dir='ltr'><strong>Ἰδὼν</strong></span> <span class='ocrx_word' id='word_1_83' title='bbox 888 1356 939 1408; x_wconf 73' lang='grc' dir='ltr'><strong>ἐν</strong></span> <span class='ocrx_word' id='word_1_84' title='bbox 987 1361 1103 1416; x_wconf 89' lang='grc' dir='ltr'>ταῖς</span> <span class='ocrx_word' id='word_1_85' title='bbox 1142 1356 1332 1425; x_wconf 79' lang='grc' dir='ltr'>χερσὶν</span> <span class='ocrx_word' id='word_1_86' title='bbox 1362 1349 1522 1403; x_wconf 75' lang='grc' dir='ltr'>αὐτοῦ</span> <span class='ocrx_word' id='word_1_87' title='bbox 1575 1351 1662 1401; x_wconf 81' lang='grc' dir='ltr'><strong>τόν</strong></span> <span class='ocrx_word' id='word_1_88' title='bbox 1705 1350 1801 1400; x_wconf 83' lang='grc' dir='ltr'>τύ-</span> 
     </span>
    </p>
   </div>
   <div class='ocr_carea' id='block_1_14' title="bbox 202 1440 1801 1515">
    <p class='ocr_par' dir='ltr' id='par_1_14' title="bbox 202 1440 1801 1515">
     <span class='ocr_line' id='line_1_14' title="bbox 202 1440 1801 1515; baseline -0.009 -12"><span class='ocrx_word' id='word_1_89' title='bbox 202 1469 294 1503; x_wconf 84' lang='grc' dir='ltr'>πον</span> <span class='ocrx_word' id='word_1_90' title='bbox 338 1456 438 1501; x_wconf 84' lang='grc' dir='ltr'>τῶν</span> <span class='ocrx_word' id='word_1_91' title='bbox 487 1446 641 1511; x_wconf 74' lang='grc' dir='ltr'>ἠλων,</span> <span class='ocrx_word' id='word_1_92' title='bbox 683 1450 773 1499; x_wconf 87' lang='grc' dir='ltr'>καὶ</span> <span class='ocrx_word' id='word_1_93' title='bbox 831 1448 921 1503; x_wconf 79' lang='grc' dir='ltr'><strong>την</strong></span> <span class='ocrx_word' id='word_1_94' title='bbox 967 1443 1190 1515; x_wconf 74' lang='grc' dir='ltr'>πλευρὰν</span> <span class='ocrx_word' id='word_1_95' title='bbox 1259 1440 1420 1493; x_wconf 69' lang='grc' dir='ltr'>αὐτοῦ</span> <span class='ocrx_word' id='word_1_96' title='bbox 1473 1441 1801 1510; x_wconf 59' lang='grc' dir='ltr'>νενυργμὲνην,</span> 
     </span>
    </p>
   </div>
   <div class='ocr_carea' id='block_1_15' title="bbox 204 1526 1804 1608">
    <p class='ocr_par' dir='ltr' id='par_1_15' title="bbox 204 1526 1804 1608">
     <span class='ocr_line' id='line_1_15' title="bbox 204 1526 1804 1608; baseline -0.007 -17"><span class='ocrx_word' id='word_1_97' title='bbox 204 1538 395 1591; x_wconf 81' lang='grc' dir='ltr'>αὐτίκα</span> <span class='ocrx_word' id='word_1_98' title='bbox 440 1536 733 1602; x_wconf 80' lang='grc' dir='ltr'>ἐπίστευσε,</span> <span class='ocrx_word' id='word_1_99' title='bbox 798 1538 868 1608; x_wconf 78' lang='grc' dir='ltr'><strong><em>μὴ</em></strong></span> <span class='ocrx_word' id='word_1_100' title='bbox 935 1532 1207 1605; x_wconf 71' lang='grc' dir='ltr'><strong>ἀναμείνας</strong></span> <span class='ocrx_word' id='word_1_101' title='bbox 1251 1529 1592 1602; x_wconf 65' lang='grc' dir='ltr'>ψηλαφῆσαι.</span> <span class='ocrx_word' id='word_1_102' title='bbox 1653 1526 1804 1589; x_wconf 63' lang='grc' dir='ltr'>Τινὲς</span> 
     </span>
    </p>
   </div>
   <div class='ocr_carea' id='block_1_16' title="bbox 206 1615 1804 1700">
    <p class='ocr_par' dir='ltr' id='par_1_16' title="bbox 206 1615 1804 1700">
     <span class='ocr_line' id='line_1_16' title="bbox 206 1615 1804 1700; baseline -0.008 -20"><span class='ocrx_word' id='word_1_103' title='bbox 206 1625 264 1681; x_wconf 79' lang='grc' dir='ltr'><strong>δέ</strong></span> <span class='ocrx_word' id='word_1_104' title='bbox 289 1647 445 1700; x_wconf 86' lang='grc' dir='ltr'>φασιν</span> <span class='ocrx_word' id='word_1_105' title='bbox 490 1627 571 1679; x_wconf 87' lang='grc' dir='ltr'>ὅτι</span> <span class='ocrx_word' id='word_1_106' title='bbox 594 1620 910 1697; x_wconf 68' lang='grc' dir='ltr'><strong>ψηλαφήσεις</strong></span> <span class='ocrx_word' id='word_1_107' title='bbox 939 1621 1169 1681; x_wconf 76' lang='grc' dir='ltr'>ἐϐόησεν.</span> <span class='ocrx_word' id='word_1_108' title='bbox 1199 1619 1258 1674; x_wconf 75' lang='grc' dir='ltr'><strong>Ὀ</strong></span> <span class='ocrx_word' id='word_1_109' title='bbox 1300 1621 1492 1691; x_wconf 83' lang='grc' dir='ltr'>Κύριός</span> <span class='ocrx_word' id='word_1_110' title='bbox 1518 1635 1618 1691; x_wconf 82' lang='grc' dir='ltr'><strong>μου</strong></span> <span class='ocrx_word' id='word_1_111' title='bbox 1648 1620 1739 1669; x_wconf 83' lang='grc' dir='ltr'>καὶ</span> <span class='ocrx_word' id='word_1_112' title='bbox 1777 1615 1804 1667; x_wconf 87' lang='grc' dir='ltr'><strong>ὀ</strong></span> 
     </span>
    </p>
   </div>
   <div class='ocr_carea' id='block_1_17' title="bbox 205 1721 475 1789">
    <p class='ocr_par' dir='ltr' id='par_1_17' title="bbox 205 1721 475 1789">
     <span class='ocr_line' id='line_1_17' title="bbox 205 1721 475 1789; baseline 0.004 -20"><span class='ocrx_word' id='word_1_113' title='bbox 205 1721 334 1777; x_wconf 85' lang='grc' dir='ltr'>Θεός</span> <span class='ocrx_word' id='word_1_114' title='bbox 353 1735 475 1789; x_wconf 84' lang='grc' dir='ltr'>μου.</span> 
     </span>
    </p>
   </div>
   <div class='ocr_carea' id='block_1_18' title="bbox 1906 529 3557 611">
    <p class='ocr_par' dir='ltr' id='par_1_18' title="bbox 1906 529 3557 611">
     <span class='ocr_line' id='line_1_18' title="bbox 1906 529 3557 611; baseline -0.01 -10"><span class='ocrx_word' id='word_1_115' title='bbox 1906 545 2065 601; x_wconf 88' lang='lat' dir='ltr'><strong>enim</strong></span> <span class='ocrx_word' id='word_1_116' title='bbox 2091 542 2299 599; x_wconf 85' lang='lat' dir='ltr'><strong>omnia</strong></span> <span class='ocrx_word' id='word_1_117' title='bbox 2336 540 2477 596; x_wconf 87' lang='lat' dir='ltr'><strong>facit</strong></span> <span class='ocrx_word' id='word_1_118' title='bbox 2516 549 2887 611; x_wconf 60' lang='lat' dir='ltr'><strong>quascunque</strong></span> <span class='ocrx_word' id='word_1_119' title='bbox 2921 548 2992 589; x_wconf 92' lang='lat' dir='ltr'><strong>eo</strong></span> <span class='ocrx_word' id='word_1_120' title='bbox 3042 531 3291 588; x_wconf 74' lang='lat' dir='ltr'><strong>absente</strong></span> <span class='ocrx_word' id='word_1_121' title='bbox 3323 529 3557 586; x_wconf 80' lang='lat' dir='ltr'><strong>fecerat.</strong></span> 
     </span>
    </p>
   </div>
   <div class='ocr_carea' id='block_1_19' title="bbox 1976 619 3563 689">
    <p class='ocr_par' dir='ltr' id='par_1_19' title="bbox 1976 619 3563 689">
     <span class='ocr_line' id='line_1_19' title="bbox 1976 619 3563 689; baseline -0.008 -4"><span class='ocrx_word' id='word_1_122' title='bbox 1976 636 2146 689; x_wconf 87' lang='lat' dir='ltr'><strong>Vers.</strong></span> <span class='ocrx_word' id='word_1_123' title='bbox 2191 634 2279 688; x_wconf 78' lang='lat'><strong>27.</strong></span> <span class='ocrx_word' id='word_1_124' title='bbox 2326 629 2545 687; x_wconf 81' lang='lat' dir='ltr'><strong>Deinde</strong></span> <span class='ocrx_word' id='word_1_125' title='bbox 2585 659 2652 667; x_wconf 91' lang='lat'><strong><em>—</em></strong></span> <span class='ocrx_word' id='word_1_126' title='bbox 2689 641 2899 682; x_wconf 87' lang='lat' dir='ltr'><strong>meum.</strong></span> <span class='ocrx_word' id='word_1_127' title='bbox 2930 622 3078 678; x_wconf 90' lang='lat' dir='ltr'><strong>Cum</strong></span> <span class='ocrx_word' id='word_1_128' title='bbox 3117 619 3269 677; x_wconf 84' lang='lat' dir='ltr'>nihil</span> <span class='ocrx_word' id='word_1_129' title='bbox 3305 619 3563 675; x_wconf 81' lang='lat' dir='ltr'><strong>Thomas</strong></span> 
     </span>
    </p>
   </div>
   <div class='ocr_carea' id='block_1_20' title="bbox 1906 708 3565 789">
    <p class='ocr_par' dir='ltr' id='par_1_20' title="bbox 1906 708 3565 789">
     <span class='ocr_line' id='line_1_20' title="bbox 1906 708 3565 789; baseline -0.009 -9"><span class='ocrx_word' id='word_1_130' title='bbox 1906 725 2141 789; x_wconf 82' lang='lat' dir='ltr'><strong>diceret,</strong></span> <span class='ocrx_word' id='word_1_131' title='bbox 2172 721 2458 789; x_wconf 84' lang='lat' dir='ltr'><strong>anticipat</strong></span> <span class='ocrx_word' id='word_1_132' title='bbox 2486 734 2646 781; x_wconf 88' lang='lat' dir='ltr'><strong>eum,</strong></span> <span class='ocrx_word' id='word_1_133' title='bbox 2697 714 2974 789; x_wconf 67' lang='lat' dir='ltr'><strong>praebens</strong></span> <span class='ocrx_word' id='word_1_134' title='bbox 3002 727 3140 785; x_wconf 66' lang='lat' dir='ltr'><strong>quas</strong></span> <span class='ocrx_word' id='word_1_135' title='bbox 3171 709 3270 766; x_wconf 91' lang='lat' dir='ltr'><strong>ille</strong></span> <span class='ocrx_word' id='word_1_136' title='bbox 3313 708 3565 781; x_wconf 81' lang='lat' dir='ltr'><strong>petierat</strong></span> 
     </span>
    </p>
   </div>
   <div class='ocr_carea' id='block_1_21' title="bbox 1907 796 3565 881">
    <p class='ocr_par' dir='ltr' id='par_1_21' title="bbox 1907 796 3565 881">
     <span class='ocr_line' id='line_1_21' title="bbox 1907 796 3565 881; baseline -0.013 -10"><span class='ocrx_word' id='word_1_137' title='bbox 1907 830 1979 871; x_wconf 89' lang='lat' dir='ltr'><strong>ac</strong></span> <span class='ocrx_word' id='word_1_138' title='bbox 2008 811 2333 869; x_wconf 89' lang='lat' dir='ltr'><strong>ostendens</strong></span> <span class='ocrx_word' id='word_1_139' title='bbox 2374 806 2541 881; x_wconf 90' lang='lat' dir='ltr'><strong>quod</strong></span> <span class='ocrx_word' id='word_1_140' title='bbox 2579 805 2760 862; x_wconf 91' lang='lat' dir='ltr'><strong>etiam</strong></span> <span class='ocrx_word' id='word_1_141' title='bbox 2808 808 2948 859; x_wconf 81' lang='lat' dir='ltr'><strong>tunc</strong></span> <span class='ocrx_word' id='word_1_142' title='bbox 2990 815 3247 873; x_wconf 57' lang='lat' dir='ltr'><strong>praesens</strong></span> <span class='ocrx_word' id='word_1_143' title='bbox 3287 796 3462 854; x_wconf 83' lang='lat' dir='ltr'><strong>fuerit</strong></span> <span class='ocrx_word' id='word_1_144' title='bbox 3507 801 3565 851; x_wconf 87' lang='lat' dir='ltr'><strong>et</strong></span> 
     </span>
    </p>
   </div>
   <div class='ocr_carea' id='block_1_22' title="bbox 1908 887 3561 971">
    <p class='ocr_par' dir='ltr' id='par_1_22' title="bbox 1908 887 3561 971">
     <span class='ocr_line' id='line_1_22' title="bbox 1908 887 3561 971; baseline -0.012 -11"><span class='ocrx_word' id='word_1_145' title='bbox 1908 902 2177 968; x_wconf 89' lang='lat' dir='ltr'><strong>audierit,</strong></span> <span class='ocrx_word' id='word_1_146' title='bbox 2215 905 2510 971; x_wconf 86' lang='lat' dir='ltr'><strong>tanquam</strong></span> <span class='ocrx_word' id='word_1_147' title='bbox 2544 899 2714 962; x_wconf 89' lang='lat' dir='ltr'><strong>Deus,</strong></span> <span class='ocrx_word' id='word_1_148' title='bbox 2742 910 2879 951; x_wconf 91' lang='lat' dir='ltr'><strong>cum</strong></span> <span class='ocrx_word' id='word_1_149' title='bbox 2908 891 3031 948; x_wconf 81' lang='lat' dir='ltr'><strong>haec</strong></span> <span class='ocrx_word' id='word_1_150' title='bbox 3061 890 3161 946; x_wconf 91' lang='lat' dir='ltr'><strong>ille</strong></span> <span class='ocrx_word' id='word_1_151' title='bbox 3181 887 3561 962; x_wconf 75' lang='lat' dir='ltr'><strong>loquebatur.</strong></span> 
     </span>
    </p>
   </div>
   <div class='ocr_carea' id='block_1_23' title="bbox 1910 978 3276 1064">
    <p class='ocr_par' dir='ltr' id='par_1_23' title="bbox 1910 978 3276 1064">
     <span class='ocr_line' id='line_1_23' title="bbox 1910 978 3276 1064; baseline -0.012 -15"><span class='ocrx_word' id='word_1_152' title='bbox 1910 991 2217 1064; x_wconf 85' lang='lat' dir='ltr'><strong>Siquidem</strong></span> <span class='ocrx_word' id='word_1_153' title='bbox 2244 989 2473 1046; x_wconf 84' lang='lat' dir='ltr'><strong>eisdem</strong></span> <span class='ocrx_word' id='word_1_154' title='bbox 2496 999 2742 1058; x_wconf 80' lang='lat' dir='ltr'><strong>quoque</strong></span> <span class='ocrx_word' id='word_1_155' title='bbox 2775 998 2921 1039; x_wconf 82' lang='lat' dir='ltr'><strong>usus</strong></span> <span class='ocrx_word' id='word_1_156' title='bbox 2942 985 3031 1037; x_wconf 90' lang='lat' dir='ltr'><strong>est</strong></span> <span class='ocrx_word' id='word_1_157' title='bbox 3058 978 3276 1036; x_wconf 84' lang='lat' dir='ltr'><strong>verbis.</strong></span> 
     </span>
    </p>
   </div>
   <div class='ocr_carea' id='block_1_24' title="bbox 1981 1063 3563 1147">
    <p class='ocr_par' dir='ltr' id='par_1_24' title="bbox 1981 1063 3563 1147">
     <span class='ocr_line' id='line_1_24' title="bbox 1981 1063 3563 1147; baseline -0.011 -9"><span class='ocrx_word' id='word_1_158' title='bbox 1981 1063 2152 1138; x_wconf 79' lang='lat' dir='ltr'><strong>Vers.</strong></span> <span class='ocrx_word' id='word_1_159' title='bbox 2190 1081 2279 1134; x_wconf 81' lang='lat'><strong>27.</strong></span> <span class='ocrx_word' id='word_1_160' title='bbox 2356 1079 2435 1133; x_wconf 87' lang='lat' dir='ltr'><strong>Et</strong></span> <span class='ocrx_word' id='word_1_161' title='bbox 2464 1106 2532 1118; x_wconf 95' lang='lat'><strong>—</strong></span> <span class='ocrx_word' id='word_1_162' title='bbox 2567 1073 2773 1147; x_wconf 69' lang='lat' dir='ltr'><strong>ﬁdelis.</strong></span> <span class='ocrx_word' id='word_1_163' title='bbox 2850 1070 3201 1142; x_wconf 80' lang='lat' dir='ltr'><strong>Indignatus</strong></span> <span class='ocrx_word' id='word_1_164' title='bbox 3246 1067 3362 1124; x_wconf 87' lang='lat' dir='ltr'><strong>hoc</strong></span> <span class='ocrx_word' id='word_1_165' title='bbox 3397 1063 3563 1136; x_wconf 87' lang='lat' dir='ltr'><strong>dicit,</strong></span> 
     </span>
    </p>
   </div>
   <div class='ocr_carea' id='block_1_25' title="bbox 1908 1155 3565 1244">
    <p class='ocr_par' dir='ltr' id='par_1_25' title="bbox 1908 1155 3565 1244">
     <span class='ocr_line' id='line_1_25' title="bbox 1908 1155 3565 1244; baseline -0.008 -19"><span class='ocrx_word' id='word_1_166' title='bbox 1908 1170 2082 1244; x_wconf 84' lang='lat' dir='ltr'><strong>quasi</strong></span> <span class='ocrx_word' id='word_1_167' title='bbox 2111 1184 2229 1225; x_wconf 93' lang='lat' dir='ltr'><strong>non</strong></span> <span class='ocrx_word' id='word_1_168' title='bbox 2259 1182 2330 1225; x_wconf 82' lang='lat' dir='ltr'><strong>ex</strong></span> <span class='ocrx_word' id='word_1_169' title='bbox 2363 1165 2683 1237; x_wconf 82' lang='lat' dir='ltr'><strong>diligentia,</strong></span> <span class='ocrx_word' id='word_1_170' title='bbox 2724 1161 2833 1218; x_wconf 88' lang='lat' dir='ltr'><strong>sed</strong></span> <span class='ocrx_word' id='word_1_171' title='bbox 2870 1175 2939 1217; x_wconf 84' lang='lat' dir='ltr'><strong>ex</strong></span> <span class='ocrx_word' id='word_1_172' title='bbox 2972 1155 3380 1216; x_wconf 83' lang='lat' dir='ltr'><strong>incredulitate</strong></span> <span class='ocrx_word' id='word_1_173' title='bbox 3420 1171 3565 1213; x_wconf 88' lang='lat' dir='ltr'><strong>con-</strong></span> 
     </span>
    </p>
   </div>
   <div class='ocr_carea' id='block_1_26' title="bbox 1911 1259 2236 1319">
    <p class='ocr_par' dir='ltr' id='par_1_26' title="bbox 1911 1259 2236 1319">
     <span class='ocr_line' id='line_1_26' title="bbox 1911 1259 2236 1319; baseline -0.018 -1"><span class='ocrx_word' id='word_1_174' title='bbox 1911 1259 2236 1319; x_wconf 84' lang='lat' dir='ltr'><strong>tradixerit.</strong></span> 
     </span>
    </p>
   </div>
   <div class='ocr_carea' id='block_1_27' title="bbox 1982 1334 3568 1406">
    <p class='ocr_par' dir='ltr' id='par_1_27' title="bbox 1982 1334 3568 1406">
     <span class='ocr_line' id='line_1_27' title="bbox 1982 1334 3568 1406; baseline -0.008 -1"><span class='ocrx_word' id='word_1_175' title='bbox 1982 1351 2144 1406; x_wconf 79' lang='lat' dir='ltr'><strong>Vera.</strong></span> <span class='ocrx_word' id='word_1_176' title='bbox 2166 1353 2254 1405; x_wconf 86' lang='lat'><strong>28.</strong></span> <span class='ocrx_word' id='word_1_177' title='bbox 2290 1347 2360 1402; x_wconf 87' lang='lat' dir='ltr'><strong>Et</strong></span> <span class='ocrx_word' id='word_1_178' title='bbox 2386 1376 2455 1386; x_wconf 90' lang='lat'><strong>—</strong></span> <span class='ocrx_word' id='word_1_179' title='bbox 2498 1358 2678 1401; x_wconf 80' lang='lat' dir='ltr'><strong>meus.</strong></span> <span class='ocrx_word' id='word_1_180' title='bbox 2724 1341 2945 1397; x_wconf 86' lang='lat' dir='ltr'><strong>Videns</strong></span> <span class='ocrx_word' id='word_1_181' title='bbox 2994 1339 3054 1395; x_wconf 92' lang='lat' dir='ltr'><strong>in</strong></span> <span class='ocrx_word' id='word_1_182' title='bbox 3114 1334 3401 1394; x_wconf 84' lang='lat' dir='ltr'><strong>manibus</strong></span> <span class='ocrx_word' id='word_1_183' title='bbox 3437 1334 3568 1406; x_wconf 80' lang='lat' dir='ltr'><strong>ejus</strong></span> 
     </span>
    </p>
   </div>
   <div class='ocr_carea' id='block_1_28' title="bbox 1916 1423 3569 1510">
    <p class='ocr_par' dir='ltr' id='par_1_28' title="bbox 1916 1423 3569 1510">
     <span class='ocr_line' id='line_1_28' title="bbox 1916 1423 3569 1510; baseline -0.011 -13"><span class='ocrx_word' id='word_1_184' title='bbox 1916 1437 2226 1510; x_wconf 79' lang='lat' dir='ltr'><strong>vestigium</strong></span> <span class='ocrx_word' id='word_1_185' title='bbox 2245 1436 2570 1499; x_wconf 78' lang='lat' dir='ltr'><strong>clavorum,</strong></span> <span class='ocrx_word' id='word_1_186' title='bbox 2600 1429 3033 1502; x_wconf 87' lang='lat' dir='ltr'><strong>etlatusipsius</strong></span> <span class='ocrx_word' id='word_1_187' title='bbox 3054 1430 3350 1501; x_wconf 86' lang='lat' dir='ltr'><strong>apertum,</strong></span> <span class='ocrx_word' id='word_1_188' title='bbox 3384 1423 3569 1481; x_wconf 85' lang='lat' dir='ltr'><strong>conti-</strong></span> 
     </span>
    </p>
   </div>
   <div class='ocr_carea' id='block_1_29' title="bbox 1912 1515 3566 1594">
    <p class='ocr_par' dir='ltr' id='par_1_29' title="bbox 1912 1515 3566 1594">
     <span class='ocr_line' id='line_1_29' title="bbox 1912 1515 3566 1594; baseline -0.01 -8"><span class='ocrx_word' id='word_1_189' title='bbox 1912 1544 2035 1586; x_wconf 89' lang='lat' dir='ltr'><strong>nuo</strong></span> <span class='ocrx_word' id='word_1_190' title='bbox 2059 1525 2327 1591; x_wconf 82' lang='lat' dir='ltr'><strong>credidit,</strong></span> <span class='ocrx_word' id='word_1_191' title='bbox 2368 1539 2491 1582; x_wconf 85' lang='lat' dir='ltr'><strong>non</strong></span> <span class='ocrx_word' id='word_1_192' title='bbox 2535 1525 2890 1594; x_wconf 81' lang='lat' dir='ltr'><strong>exspectans</strong></span> <span class='ocrx_word' id='word_1_193' title='bbox 2922 1517 3070 1574; x_wconf 90' lang='lat' dir='ltr'><strong>dum</strong></span> <span class='ocrx_word' id='word_1_194' title='bbox 3119 1515 3566 1573; x_wconf 77' lang='lat' dir='ltr'><strong>contrectasset.</strong></span> 
     </span>
    </p>
   </div>
   <div class='ocr_carea' id='block_1_30' title="bbox 276 1782 1815 1877">
    <p class='ocr_par' dir='ltr' id='par_1_30' title="bbox 276 1782 1806 1877">
     <span class='ocr_line' id='line_1_30' title="bbox 276 1782 1806 1877; baseline -0.01 -18"><span class='ocrx_word' id='word_1_195' title='bbox 276 1782 429 1877; x_wconf 56' lang='grc' dir='ltr'>Λέίγει</span> <span class='ocrx_word' id='word_1_196' title='bbox 492 1834 564 1844; x_wconf 94' lang='grc'><strong><em>-</em></strong></span> <span class='ocrx_word' id='word_1_197' title='bbox 635 1803 1027 1861; x_wconf 72' lang='grc' dir='ltr'>πιστεύσαντες.</span> <span class='ocrx_word' id='word_1_198' title='bbox 1085 1798 1152 1851; x_wconf 78' lang='grc' dir='ltr'><strong>’Ὁ</strong></span> <span class='ocrx_word' id='word_1_199' title='bbox 1211 1817 1263 1850; x_wconf 87' lang='grc' dir='ltr'><strong>τε</strong></span> <span class='ocrx_word' id='word_1_200' title='bbox 1325 1799 1424 1872; x_wconf 73' lang='grc' dir='ltr'>γὰρ</span> <span class='ocrx_word' id='word_1_201' title='bbox 1481 1799 1669 1868; x_wconf 81' lang='grc' dir='ltr'>Πέτρος</span> <span class='ocrx_word' id='word_1_202' title='bbox 1718 1796 1806 1845; x_wconf 85' lang='grc' dir='ltr'>καὶ</span> 
     </span>
    </p>
   </div>
   <div class='ocr_carea' id='block_1_31' title="bbox 1936 1782 3569 1877">
    <p class='ocr_par' dir='ltr' id='par_1_31' title="bbox 1986 1782 3569 1853">
     <span class='ocr_line' id='line_1_31' title="bbox 1986 1782 3569 1853; baseline -0.01 0"><span class='ocrx_word' id='word_1_203' title='bbox 1986 1799 2149 1853; x_wconf 88' lang='lat' dir='ltr'><strong>Vers.</strong></span> <span class='ocrx_word' id='word_1_204' title='bbox 2183 1797 2271 1851; x_wconf 83' lang='lat'><strong>29.</strong></span> <span class='ocrx_word' id='word_1_205' title='bbox 2304 1795 2449 1851; x_wconf 81' lang='lat' dir='ltr'><strong>Dicit</strong></span> <span class='ocrx_word' id='word_1_206' title='bbox 2476 1790 2952 1848; x_wconf 82' lang='lat' dir='ltr'><strong>—crediderunt.</strong></span> <span class='ocrx_word' id='word_1_207' title='bbox 2986 1786 3133 1843; x_wconf 88' lang='lat' dir='ltr'><strong>Cum</strong></span> <span class='ocrx_word' id='word_1_208' title='bbox 3164 1784 3325 1840; x_wconf 90' lang='lat' dir='ltr'><strong>enim</strong></span> <span class='ocrx_word' id='word_1_209' title='bbox 3362 1782 3569 1838; x_wconf 80' lang='lat' dir='ltr'><strong>Petrus</strong></span> 
     </span>
    </p>
   </div>
   <div class='ocr_carea' id='block_1_32' title="bbox 199 1883 1804 1965">
    <p class='ocr_par' dir='ltr' id='par_1_32' title="bbox 199 1883 1804 1965">
     <span class='ocr_line' id='line_1_32' title="bbox 199 1883 1804 1965; baseline -0.011 -16"><span class='ocrx_word' id='word_1_210' title='bbox 199 1894 451 1957; x_wconf 75' lang='grc' dir='ltr'>Ἰωάννης,</span> <span class='ocrx_word' id='word_1_211' title='bbox 496 1895 655 1965; x_wconf 74' lang='grc' dir='ltr'><strong>μήπω</strong></span> <span class='ocrx_word' id='word_1_212' title='bbox 687 1886 887 1952; x_wconf 71' lang='grc' dir='ltr'>ἰδόντες</span> <span class='ocrx_word' id='word_1_213' title='bbox 913 1889 1093 1956; x_wconf 79' lang='grc' dir='ltr'>αὐτὸν,</span> <span class='ocrx_word' id='word_1_214' title='bbox 1124 1889 1263 1960; x_wconf 78' lang='grc' dir='ltr'>ὅμως</span> <span class='ocrx_word' id='word_1_215' title='bbox 1303 1885 1403 1940; x_wconf 80' lang='grc' dir='ltr'><strong>ἀπὸ</strong></span> <span class='ocrx_word' id='word_1_216' title='bbox 1451 1892 1551 1938; x_wconf 81' lang='grc' dir='ltr'><strong>τῶν</strong></span> <span class='ocrx_word' id='word_1_217' title='bbox 1593 1883 1804 1937; x_wconf 82' lang='grc' dir='ltr'>ὀθονίων</span> 
     </span>
    </p>
   </div>
   <div class='ocr_carea' id='block_1_33' title="bbox 202 1973 1807 2054">
    <p class='ocr_par' dir='ltr' id='par_1_33' title="bbox 202 1973 1807 2054">
     <span class='ocr_line' id='line_1_33' title="bbox 202 1973 1807 2054; baseline -0.007 -18"><span class='ocrx_word' id='word_1_218' title='bbox 202 1988 291 2036; x_wconf 84' lang='grc' dir='ltr'>καὶ</span> <span class='ocrx_word' id='word_1_219' title='bbox 339 1990 430 2035; x_wconf 82' lang='grc' dir='ltr'>τοῦ</span> <span class='ocrx_word' id='word_1_220' title='bbox 490 1976 779 2054; x_wconf 82' lang='grc' dir='ltr'>σουδαρὶου</span> <span class='ocrx_word' id='word_1_221' title='bbox 846 1980 1160 2030; x_wconf 76' lang='grc' dir='ltr'>ἐπίστευσαν</span> <span class='ocrx_word' id='word_1_222' title='bbox 1215 1978 1298 2029; x_wconf 86' lang='grc' dir='ltr'>ὅτι</span> <span class='ocrx_word' id='word_1_223' title='bbox 1351 1974 1561 2032; x_wconf 80' lang='grc' dir='ltr'>ἀνέστη.</span> <span class='ocrx_word' id='word_1_224' title='bbox 1616 1976 1719 2026; x_wconf 79' lang='grc' dir='ltr'><strong>Καὶ</strong></span> <span class='ocrx_word' id='word_1_225' title='bbox 1757 1973 1807 2023; x_wconf 82' lang='grc' dir='ltr'>οἱ</span> 
     </span>
    </p>
   </div>
   <div class='ocr_carea' id='block_1_34' title="bbox 200 2058 1808 2142">
    <p class='ocr_par' dir='ltr' id='par_1_34' title="bbox 200 2058 1808 2142">
     <span class='ocr_line' id='line_1_34' title="bbox 200 2058 1808 2142; baseline -0.008 -16"><span class='ocrx_word' id='word_1_226' title='bbox 200 2073 345 2126; x_wconf 81' lang='grc' dir='ltr'>ἄλλοι</span> <span class='ocrx_word' id='word_1_227' title='bbox 398 2067 457 2125; x_wconf 77' lang='grc' dir='ltr'>δε</span> <span class='ocrx_word' id='word_1_228' title='bbox 513 2071 748 2142; x_wconf 77' lang='grc' dir='ltr'>μαθηταὶ</span> <span class='ocrx_word' id='word_1_229' title='bbox 803 2069 936 2140; x_wconf 83' lang='grc' dir='ltr'>μετά</span> <span class='ocrx_word' id='word_1_230' title='bbox 980 2072 1153 2131; x_wconf 82' lang='grc' dir='ltr'>τοῦτο,</span> <span class='ocrx_word' id='word_1_231' title='bbox 1203 2072 1296 2118; x_wconf 79' lang='grc' dir='ltr'>τοῦ</span> <span class='ocrx_word' id='word_1_232' title='bbox 1352 2068 1548 2139; x_wconf 82' lang='grc' dir='ltr'>Πέτρου</span> <span class='ocrx_word' id='word_1_233' title='bbox 1605 2058 1808 2123; x_wconf 78' lang='grc' dir='ltr'>ἰδόντος</span> 
     </span>
    </p>
   </div>
   <div class='ocr_carea' id='block_1_35' title="bbox 203 2148 1810 2230">
    <p class='ocr_par' dir='ltr' id='par_1_35' title="bbox 203 2148 1810 2230">
     <span class='ocr_line' id='line_1_35' title="bbox 203 2148 1810 2230; baseline -0.008 -14"><span class='ocrx_word' id='word_1_234' title='bbox 203 2163 357 2216; x_wconf 70' lang='grc' dir='ltr'>αὐτὸν</span> <span class='ocrx_word' id='word_1_235' title='bbox 410 2164 501 2213; x_wconf 86' lang='grc' dir='ltr'>καὶ</span> <span class='ocrx_word' id='word_1_236' title='bbox 557 2156 951 2230; x_wconf 71' lang='grc' dir='ltr'>ἀναγγείλαντος</span> <span class='ocrx_word' id='word_1_237' title='bbox 1008 2156 1206 2223; x_wconf 75' lang='grc' dir='ltr'>αὐτοῖς,</span> <span class='ocrx_word' id='word_1_238' title='bbox 1256 2160 1414 2226; x_wconf 78' lang='grc' dir='ltr'><strong>μήπω</strong></span> <span class='ocrx_word' id='word_1_239' title='bbox 1468 2148 1663 2214; x_wconf 84' lang='grc' dir='ltr'>ἰδόντες</span> <span class='ocrx_word' id='word_1_240' title='bbox 1713 2150 1810 2203; x_wconf 81' lang='grc' dir='ltr'>αύ-</span> 
     </span>
    </p>
   </div>
   <div class='ocr_carea' id='block_1_36' title="bbox 202 2244 1808 2321">
    <p class='ocr_par' dir='ltr' id='par_1_36' title="bbox 202 2244 1808 2321">
     <span class='ocr_line' id='line_1_36' title="bbox 202 2244 1808 2321; baseline -0.007 -18"><span class='ocrx_word' id='word_1_241' title='bbox 202 2254 288 2303; x_wconf 86' lang='grc' dir='ltr'><strong>τόν</strong></span> <span class='ocrx_word' id='word_1_242' title='bbox 334 2248 667 2302; x_wconf 79' lang='grc' dir='ltr'>ἐπίστευσαν.</span> <span class='ocrx_word' id='word_1_243' title='bbox 719 2245 882 2321; x_wconf 79' lang='grc' dir='ltr'>Εὗρον</span> <span class='ocrx_word' id='word_1_244' title='bbox 933 2246 1058 2317; x_wconf 69' lang='grc' dir='ltr'>γὰρ,</span> <span class='ocrx_word' id='word_1_245' title='bbox 1116 2248 1274 2316; x_wconf 82' lang='grc' dir='ltr'>φησὶν</span> <span class='ocrx_word' id='word_1_246' title='bbox 1329 2244 1354 2294; x_wconf 84' lang='grc' dir='ltr'><strong><em>ὁ</em></strong></span> <span class='ocrx_word' id='word_1_247' title='bbox 1404 2247 1637 2309; x_wconf 78' lang='grc' dir='ltr'>Λουκᾶς,</span> <span class='ocrx_word' id='word_1_248' title='bbox 1689 2259 1808 2292; x_wconf 89' lang='grc' dir='ltr'>συν-</span> 
     </span>
    </p>
   </div>
   <div class='ocr_carea' id='block_1_37' title="bbox 203 2328 1811 2415">
    <p class='ocr_par' dir='ltr' id='par_1_37' title="bbox 203 2328 1811 2415">
     <span class='ocr_line' id='line_1_37' title="bbox 203 2328 1811 2415; baseline -0.008 -22"><span class='ocrx_word' id='word_1_249' title='bbox 203 2342 576 2415; x_wconf 78' lang='grc' dir='ltr'>ηθροισμένους</span> <span class='ocrx_word' id='word_1_250' title='bbox 644 2340 762 2397; x_wconf 86' lang='grc' dir='ltr'>τοὺς</span> <span class='ocrx_word' id='word_1_251' title='bbox 840 2330 1043 2404; x_wconf 76' lang='grc' dir='ltr'>ἕνδεκα,</span> <span class='ocrx_word' id='word_1_252' title='bbox 1117 2337 1206 2385; x_wconf 83' lang='grc' dir='ltr'>καὶ</span> <span class='ocrx_word' id='word_1_253' title='bbox 1285 2334 1402 2392; x_wconf 79' lang='grc' dir='ltr'>τοὺς</span> <span class='ocrx_word' id='word_1_254' title='bbox 1472 2334 1566 2383; x_wconf 87' lang='grc' dir='ltr'><strong>σὺν</strong></span> <span class='ocrx_word' id='word_1_255' title='bbox 1633 2328 1811 2390; x_wconf 75' lang='grc' dir='ltr'>αὐτοῖς</span> 
     </span>
    </p>
   </div>
   <div class='ocr_carea' id='block_1_38' title="bbox 201 2418 1807 2500">
    <p class='ocr_par' dir='ltr' id='par_1_38' title="bbox 201 2418 1807 2500">
     <span class='ocr_line' id='line_1_38' title="bbox 201 2418 1807 2500; baseline -0.007 -19"><span class='ocrx_word' id='word_1_256' title='bbox 201 2429 439 2500; x_wconf 77' lang='grc' dir='ltr'>λέγοντας</span> <span class='ocrx_word' id='word_1_257' title='bbox 503 2428 583 2478; x_wconf 83' lang='grc' dir='ltr'>ὅτι</span> <span class='ocrx_word' id='word_1_258' title='bbox 643 2424 861 2500; x_wconf 71' lang='grc' dir='ltr'>Ἠγέρθη</span> <span class='ocrx_word' id='word_1_259' title='bbox 929 2424 955 2475; x_wconf 88' lang='grc' dir='ltr'><strong>ό</strong></span> <span class='ocrx_word' id='word_1_260' title='bbox 1035 2424 1220 2496; x_wconf 79' lang='grc' dir='ltr'>Κύριος</span> <span class='ocrx_word' id='word_1_261' title='bbox 1268 2424 1445 2487; x_wconf 82' lang='grc' dir='ltr'>ὄντως,</span> <span class='ocrx_word' id='word_1_262' title='bbox 1517 2423 1607 2472; x_wconf 83' lang='grc' dir='ltr'>καὶ</span> <span class='ocrx_word' id='word_1_263' title='bbox 1662 2418 1807 2491; x_wconf 80' lang='grc' dir='ltr'>ὤφθη</span> 
     </span>
    </p>
   </div>
   <div class='ocr_carea' id='block_1_39' title="bbox 204 2522 413 2591">
    <p class='ocr_par' dir='ltr' id='par_1_39' title="bbox 204 2522 413 2591">
     <span class='ocr_line' id='line_1_39' title="bbox 204 2522 413 2591; baseline -0.005 -22"><span class='ocrx_word' id='word_1_264' title='bbox 204 2522 413 2591; x_wconf 84' lang='grc' dir='ltr'>Σίμωνι.</span> 
     </span>
    </p>
   </div>
   <div class='ocr_carea' id='block_1_40' title="bbox 281 2595 1812 2676">
    <p class='ocr_par' dir='ltr' id='par_1_40' title="bbox 281 2595 1812 2676">
     <span class='ocr_line' id='line_1_40' title="bbox 281 2595 1812 2676; baseline -0.007 -18"><span class='ocrx_word' id='word_1_265' title='bbox 281 2607 402 2673; x_wconf 75' lang='grc' dir='ltr'><strong>[Καὶ</strong></span> <span class='ocrx_word' id='word_1_266' title='bbox 443 2605 554 2676; x_wconf 89' lang='grc'><strong>(30)</strong></span> <span class='ocrx_word' id='word_1_267' title='bbox 595 2611 725 2669; x_wconf 83' lang='grc' dir='ltr'>πῶς,</span> <span class='ocrx_word' id='word_1_268' title='bbox 771 2604 854 2655; x_wconf 86' lang='grc' dir='ltr'>ὅτε</span> <span class='ocrx_word' id='word_1_269' title='bbox 900 2601 1056 2675; x_wconf 71' lang='grc' dir='ltr'>ἐφάνη</span> <span class='ocrx_word' id='word_1_270' title='bbox 1111 2600 1307 2671; x_wconf 76' lang='grc' dir='ltr'>αὐτοῖς,</span> <span class='ocrx_word' id='word_1_271' title='bbox 1357 2603 1515 2672; x_wconf 80' lang='grc' dir='ltr'>φησὶν</span> <span class='ocrx_word' id='word_1_272' title='bbox 1573 2599 1601 2649; x_wconf 89' lang='grc' dir='ltr'><strong>ό</strong></span> <span class='ocrx_word' id='word_1_273' title='bbox 1656 2595 1812 2657; x_wconf 68' lang='grc' dir='ltr'>αὐτὸς</span> 
     </span>
    </p>
   </div>
   <div class='ocr_carea' id='block_1_41' title="bbox 203 2686 1811 2764">
    <p class='ocr_par' dir='ltr' id='par_1_41' title="bbox 203 2686 1811 2764">
     <span class='ocr_line' id='line_1_41' title="bbox 203 2686 1811 2764; baseline -0.004 -21"><span class='ocrx_word' id='word_1_274' title='bbox 203 2692 574 2764; x_wconf 70' lang='grc' dir='ltr'>εύαγγελιστὴς</span> <span class='ocrx_word' id='word_1_275' title='bbox 652 2693 731 2745; x_wconf 82' lang='grc' dir='ltr'>ὅτι</span> <span class='ocrx_word' id='word_1_276' title='bbox 815 2692 1125 2750; x_wconf 84' lang='grc' dir='ltr'>Πτοηθέντες</span> <span class='ocrx_word' id='word_1_277' title='bbox 1205 2694 1296 2742; x_wconf 83' lang='grc' dir='ltr'>καὶ</span> <span class='ocrx_word' id='word_1_278' title='bbox 1372 2686 1587 2761; x_wconf 76' lang='grc' dir='ltr'>ἔμφοϐοι</span> <span class='ocrx_word' id='word_1_279' title='bbox 1665 2688 1811 2757; x_wconf 76' lang='grc' dir='ltr'>γενό-</span> 
     </span>
    </p>
   </div>
   <div class='ocr_carea' id='block_1_42' title="bbox 199 2775 1812 2854">
    <p class='ocr_par' dir='ltr' id='par_1_42' title="bbox 199 2775 1812 2854">
     <span class='ocr_line' id='line_1_42' title="bbox 199 2775 1812 2854; baseline -0.004 -20"><span class='ocrx_word' id='word_1_280' title='bbox 199 2800 362 2852; x_wconf 80' lang='grc' dir='ltr'>μενοι,</span> <span class='ocrx_word' id='word_1_281' title='bbox 421 2778 635 2834; x_wconf 76' lang='grc' dir='ltr'>ἑδόκουν</span> <span class='ocrx_word' id='word_1_282' title='bbox 698 2787 901 2852; x_wconf 75' lang='grc' dir='ltr'>πνεῦμα</span> <span class='ocrx_word' id='word_1_283' title='bbox 961 2782 1187 2854; x_wconf 78' lang='grc' dir='ltr'><strong>θεωρεῖν,</strong></span> <span class='ocrx_word' id='word_1_284' title='bbox 1248 2782 1339 2830; x_wconf 80' lang='grc' dir='ltr'>καὶ</span> <span class='ocrx_word' id='word_1_285' title='bbox 1397 2779 1464 2829; x_wconf 83' lang='grc' dir='ltr'><strong>τὰ</strong></span> <span class='ocrx_word' id='word_1_286' title='bbox 1515 2775 1671 2843; x_wconf 72' lang='grc' dir='ltr'><strong>ἐξῆς;</strong></span> <span class='ocrx_word' id='word_1_287' title='bbox 1722 2780 1812 2827; x_wconf 84' lang='grc' dir='ltr'>καὶ</span> 
     </span>
    </p>
   </div>
   <div class='ocr_carea' id='block_1_43' title="bbox 203 2866 1811 2938">
    <p class='ocr_par' dir='ltr' id='par_1_43' title="bbox 203 2866 1811 2938">
     <span class='ocr_line' id='line_1_43' title="bbox 203 2866 1811 2938; baseline -0.006 -14"><span class='ocrx_word' id='word_1_288' title='bbox 203 2872 285 2924; x_wconf 85' lang='grc' dir='ltr'>ὅτι</span> <span class='ocrx_word' id='word_1_289' title='bbox 341 2870 457 2925; x_wconf 79' lang='grc' dir='ltr'>Ἐτι</span> <span class='ocrx_word' id='word_1_290' title='bbox 514 2869 870 2923; x_wconf 78' lang='grc' dir='ltr'>ἀπιστούντων</span> <span class='ocrx_word' id='word_1_291' title='bbox 925 2871 1093 2921; x_wconf 80' lang='grc' dir='ltr'>αὐτῶν</span> <span class='ocrx_word' id='word_1_292' title='bbox 1153 2866 1256 2919; x_wconf 79' lang='grc' dir='ltr'><strong>ἀπὸ</strong></span> <span class='ocrx_word' id='word_1_293' title='bbox 1335 2873 1424 2927; x_wconf 81' lang='grc' dir='ltr'>τῆς</span> <span class='ocrx_word' id='word_1_294' title='bbox 1494 2871 1671 2938; x_wconf 78' lang='grc' dir='ltr'>χαρᾶς</span> <span class='ocrx_word' id='word_1_295' title='bbox 1724 2876 1811 2922; x_wconf 69' lang='grc' dir='ltr'>καὶ</span> 
     </span>
    </p>
   </div>
   <div class='ocr_carea' id='block_1_44' title="bbox 206 2951 1812 3033">
    <p class='ocr_par' dir='ltr' id='par_1_44' title="bbox 206 2951 1812 3033">
     <span class='ocr_line' id='line_1_44' title="bbox 206 2951 1812 3033; baseline -0.006 -20"><span class='ocrx_word' id='word_1_296' title='bbox 206 2960 597 3033; x_wconf 77' lang='grc' dir='ltr'><strong>θαυμαζόντων,</strong></span> <span class='ocrx_word' id='word_1_297' title='bbox 703 2955 838 3011; x_wconf 83' lang='grc' dir='ltr'>εἶπεν</span> <span class='ocrx_word' id='word_1_298' title='bbox 945 2961 1123 3016; x_wconf 68' lang='grc' dir='ltr'>αὐτοῖς</span> <span class='ocrx_word' id='word_1_299' title='bbox 1173 2972 1186 2984; x_wconf 89' lang='grc'><strong>·</strong></span> <span class='ocrx_word' id='word_1_300' title='bbox 1238 2954 1429 3026; x_wconf 81' lang='grc' dir='ltr'>’Ἐχετέ</span> <span class='ocrx_word' id='word_1_301' title='bbox 1505 2973 1557 3006; x_wconf 90' lang='grc' dir='ltr'><strong>τι</strong></span> <span class='ocrx_word' id='word_1_302' title='bbox 1668 2951 1812 3025; x_wconf 80' lang='grc' dir='ltr'><strong>βρώ-</strong></span> 
     </span>
    </p>
   </div>
   <div class='ocr_carea' id='block_1_45' title="bbox 208 3045 1812 3121">
    <p class='ocr_par' dir='ltr' id='par_1_45' title="bbox 208 3045 1812 3121">
     <span class='ocr_line' id='line_1_45' title="bbox 208 3045 1812 3121; baseline -0.006 -20"><span class='ocrx_word' id='word_1_303' title='bbox 208 3069 361 3121; x_wconf 79' lang='grc' dir='ltr'>σιμον</span> <span class='ocrx_word' id='word_1_304' title='bbox 416 3045 616 3113; x_wconf 80' lang='grc' dir='ltr'>ἐνθάδε,</span> <span class='ocrx_word' id='word_1_305' title='bbox 678 3051 768 3099; x_wconf 82' lang='grc' dir='ltr'>καὶ</span> <span class='ocrx_word' id='word_1_306' title='bbox 823 3049 890 3098; x_wconf 79' lang='grc' dir='ltr'>τὰ</span> <span class='ocrx_word' id='word_1_307' title='bbox 929 3045 1132 3111; x_wconf 62' lang='lat' dir='ltr'><strong>latini;</strong></span> <span class='ocrx_word' id='word_1_308' title='bbox 1179 3048 1325 3096; x_wconf 87' lang='grc' dir='ltr'>Διότι</span> <span class='ocrx_word' id='word_1_309' title='bbox 1358 3049 1527 3095; x_wconf 83' lang='grc' dir='ltr'>ταῦτα</span> <span class='ocrx_word' id='word_1_310' title='bbox 1568 3046 1683 3092; x_wconf 85' lang='grc' dir='ltr'>τότε</span> <span class='ocrx_word' id='word_1_311' title='bbox 1726 3060 1812 3092; x_wconf 86' lang='grc' dir='ltr'>πε-</span> 
     </span>
    </p>
   </div>
   <div class='ocr_carea' id='block_1_46' title="bbox 703 2955 838 3011">
    <p class='ocr_par' dir='ltr' id='par_1_46' title="bbox 703 2955 838 3011">
     <span class='ocr_line' id='line_1_46' title="bbox 703 2955 838 3011; baseline -0.015 0"><span class='ocrx_word' id='word_1_312' title='bbox 703 2955 838 3011; x_wconf 82' lang='grc' dir='ltr'>εἶπεν</span> 
     </span>
    </p>
   </div>
   <div class='ocr_carea' id='block_1_47' title="bbox 1916 1870 3571 1945">
    <p class='ocr_par' dir='ltr' id='par_1_47' title="bbox 1916 1870 3571 1945">
     <span class='ocr_line' id='line_1_47' title="bbox 1916 1870 3571 1945; baseline -0.012 0"><span class='ocrx_word' id='word_1_313' title='bbox 1916 1894 1972 1945; x_wconf 90' lang='lat' dir='ltr'><strong>et</strong></span> <span class='ocrx_word' id='word_1_314' title='bbox 1997 1887 2255 1943; x_wconf 83' lang='lat' dir='ltr'><strong>Joannes</strong></span> <span class='ocrx_word' id='word_1_315' title='bbox 2271 1883 2542 1941; x_wconf 84' lang='lat' dir='ltr'><strong>nondum</strong></span> <span class='ocrx_word' id='word_1_316' title='bbox 2574 1897 2713 1936; x_wconf 86' lang='lat' dir='ltr'><strong>eum</strong></span> <span class='ocrx_word' id='word_1_317' title='bbox 2739 1877 3055 1941; x_wconf 83' lang='lat' dir='ltr'><strong>vidissent,</strong></span> <span class='ocrx_word' id='word_1_318' title='bbox 3080 1870 3571 1930; x_wconf 84' lang='lat' dir='ltr'><strong>alinteaminibus</strong></span> 
     </span>
    </p>
   </div>
   <div class='ocr_carea' id='block_1_48' title="bbox 1915 1957 3570 2034">
    <p class='ocr_par' dir='ltr' id='par_1_48' title="bbox 1915 1957 3570 2034">
     <span class='ocr_line' id='line_1_48' title="bbox 1915 1957 3570 2034; baseline -0.011 -1"><span class='ocrx_word' id='word_1_319' title='bbox 1915 1982 2118 2034; x_wconf 87' lang='lat' dir='ltr'><strong>tamen</strong></span> <span class='ocrx_word' id='word_1_320' title='bbox 2166 1990 2237 2030; x_wconf 85' lang='lat' dir='ltr'><strong>ac</strong></span> <span class='ocrx_word' id='word_1_321' title='bbox 2289 1972 2529 2028; x_wconf 88' lang='lat' dir='ltr'><strong>sudario</strong></span> <span class='ocrx_word' id='word_1_322' title='bbox 2582 1967 2971 2026; x_wconf 83' lang='lat' dir='ltr'><strong>resurrexisse</strong></span> <span class='ocrx_word' id='word_1_323' title='bbox 3018 1962 3417 2021; x_wconf 87' lang='lat' dir='ltr'><strong>crediderunt.</strong></span> <span class='ocrx_word' id='word_1_324' title='bbox 3457 1957 3570 2015; x_wconf 79' lang='lat' dir='ltr'><strong>Alii</strong></span> 
     </span>
    </p>
   </div>
   <div class='ocr_carea' id='block_1_49' title="bbox 1915 2047 3576 2139">
    <p class='ocr_par' dir='ltr' id='par_1_49' title="bbox 1915 2047 3576 2139">
     <span class='ocr_line' id='line_1_49' title="bbox 1915 2047 3576 2139; baseline -0.011 -18"><span class='ocrx_word' id='word_1_325' title='bbox 1915 2080 2157 2139; x_wconf 88' lang='lat' dir='ltr'><strong>quoque</strong></span> <span class='ocrx_word' id='word_1_326' title='bbox 2188 2060 2480 2132; x_wconf 86' lang='lat' dir='ltr'><strong>discipuli,</strong></span> <span class='ocrx_word' id='word_1_327' title='bbox 2514 2076 2652 2116; x_wconf 89' lang='lat' dir='ltr'><strong>cum</strong></span> <span class='ocrx_word' id='word_1_328' title='bbox 2678 2054 3068 2130; x_wconf 88' lang='lat' dir='ltr'><strong>postmodum</strong></span> <span class='ocrx_word' id='word_1_329' title='bbox 3088 2056 3289 2109; x_wconf 86' lang='lat' dir='ltr'><strong>Petrus</strong></span> <span class='ocrx_word' id='word_1_330' title='bbox 3318 2065 3457 2106; x_wconf 89' lang='lat' dir='ltr'><strong>eum</strong></span> <span class='ocrx_word' id='word_1_331' title='bbox 3487 2047 3576 2103; x_wconf 87' lang='lat' dir='ltr'><strong>vi-</strong></span> 
     </span>
    </p>
   </div>
   <div class='ocr_carea' id='block_1_50' title="bbox 1916 2140 3573 2222">
    <p class='ocr_par' dir='ltr' id='par_1_50' title="bbox 1916 2140 3573 2222">
     <span class='ocr_line' id='line_1_50' title="bbox 1916 2140 3573 2222; baseline -0.011 -9"><span class='ocrx_word' id='word_1_332' title='bbox 1916 2156 2124 2219; x_wconf 86' lang='lat' dir='ltr'><strong>disset,</strong></span> <span class='ocrx_word' id='word_1_333' title='bbox 2152 2152 2385 2222; x_wconf 86' lang='lat' dir='ltr'><strong>illisque</strong></span> <span class='ocrx_word' id='word_1_334' title='bbox 2413 2148 2833 2212; x_wconf 86' lang='lat' dir='ltr'><strong>renuntiasset,</strong></span> <span class='ocrx_word' id='word_1_335' title='bbox 2864 2144 3132 2200; x_wconf 87' lang='lat' dir='ltr'><strong>nondum</strong></span> <span class='ocrx_word' id='word_1_336' title='bbox 3163 2140 3431 2197; x_wconf 84' lang='lat' dir='ltr'><strong>videntes</strong></span> <span class='ocrx_word' id='word_1_337' title='bbox 3450 2152 3573 2194; x_wconf 88' lang='lat' dir='ltr'><strong>cre-</strong></span> 
     </span>
    </p>
   </div>
   <div class='ocr_carea' id='block_1_51' title="bbox 1917 2233 3574 2309">
    <p class='ocr_par' dir='ltr' id='par_1_51' title="bbox 1917 2233 3574 2309">
     <span class='ocr_line' id='line_1_51' title="bbox 1917 2233 3574 2309; baseline -0.012 -8"><span class='ocrx_word' id='word_1_338' title='bbox 1917 2243 2210 2301; x_wconf 84' lang='lat' dir='ltr'><strong>diderunt.</strong></span> <span class='ocrx_word' id='word_1_339' title='bbox 2224 2241 2606 2303; x_wconf 82' lang='lat' dir='ltr'><strong>Invenerunt,</strong></span> <span class='ocrx_word' id='word_1_340' title='bbox 2635 2236 2827 2309; x_wconf 87' lang='lat' dir='ltr'><strong>inquit</strong></span> <span class='ocrx_word' id='word_1_341' title='bbox 2843 2235 3054 2302; x_wconf 72' lang='lat' dir='ltr'><strong>Lucas,</strong></span> <span class='ocrx_word' id='word_1_342' title='bbox 3076 2233 3452 2302; x_wconf 78' lang='lat' dir='ltr'><strong>congregatos</strong></span> <span class='ocrx_word' id='word_1_343' title='bbox 3471 2242 3574 2283; x_wconf 79' lang='lat' dir='ltr'><strong>un-</strong></span> 
     </span>
    </p>
   </div>
   <div class='ocr_carea' id='block_1_52' title="bbox 1918 2317 3573 2401">
    <p class='ocr_par' dir='ltr' id='par_1_52' title="bbox 1918 2317 3573 2401">
     <span class='ocr_line' id='line_1_52' title="bbox 1918 2317 3573 2401; baseline -0.013 -11"><span class='ocrx_word' id='word_1_344' title='bbox 1918 2334 2102 2390; x_wconf 87' lang='lat' dir='ltr'><strong>decim</strong></span> <span class='ocrx_word' id='word_1_345' title='bbox 2122 2338 2176 2388; x_wconf 88' lang='lat' dir='ltr'><strong>et</strong></span> <span class='ocrx_word' id='word_1_346' title='bbox 2209 2346 2296 2387; x_wconf 85' lang='lat' dir='ltr'><strong>eos</strong></span> <span class='ocrx_word' id='word_1_347' title='bbox 2319 2330 2424 2401; x_wconf 83' lang='lat' dir='ltr'><strong>qui</strong></span> <span class='ocrx_word' id='word_1_348' title='bbox 2459 2344 2588 2384; x_wconf 84' lang='lat' dir='ltr'><strong>cum</strong></span> <span class='ocrx_word' id='word_1_349' title='bbox 2617 2325 2736 2382; x_wconf 77' lang='lat' dir='ltr'><strong>illis</strong></span> <span class='ocrx_word' id='word_1_350' title='bbox 2762 2330 2955 2388; x_wconf 80' lang='lat' dir='ltr'><strong>erant,</strong></span> <span class='ocrx_word' id='word_1_351' title='bbox 2983 2321 3234 2378; x_wconf 73' lang='lat' dir='ltr'><strong>dicentes</strong></span> <span class='ocrx_word' id='word_1_352' title='bbox 3261 2337 3275 2375; x_wconf 85' lang='lat'><strong>:</strong></span> <span class='ocrx_word' id='word_1_353' title='bbox 3302 2317 3573 2374; x_wconf 70' lang='lat' dir='ltr'><strong>Surrexit</strong></span> 
     </span>
    </p>
   </div>
   <div class='ocr_carea' id='block_1_53' title="bbox 1918 2412 3143 2487">
    <p class='ocr_par' dir='ltr' id='par_1_53' title="bbox 1918 2412 3143 2487">
     <span class='ocr_line' id='line_1_53' title="bbox 1918 2412 3143 2487; baseline -0.011 -8"><span class='ocrx_word' id='word_1_354' title='bbox 1918 2422 2194 2479; x_wconf 78' lang='lat' dir='ltr'><strong>Dominus</strong></span> <span class='ocrx_word' id='word_1_355' title='bbox 2226 2435 2375 2487; x_wconf 87' lang='lat' dir='ltr'><strong>vere,</strong></span> <span class='ocrx_word' id='word_1_356' title='bbox 2401 2424 2457 2475; x_wconf 89' lang='lat' dir='ltr'><strong>et</strong></span> <span class='ocrx_word' id='word_1_357' title='bbox 2485 2419 2634 2475; x_wconf 77' lang='lat' dir='ltr'><strong>visus</strong></span> <span class='ocrx_word' id='word_1_358' title='bbox 2664 2423 2745 2472; x_wconf 85' lang='lat' dir='ltr'><strong>est</strong></span> <span class='ocrx_word' id='word_1_359' title='bbox 2771 2430 2809 2471; x_wconf 88' lang='lat' dir='ltr'><strong>a</strong></span> <span class='ocrx_word' id='word_1_360' title='bbox 2849 2412 3079 2469; x_wconf 81' lang='lat' dir='ltr'><strong>Simone</strong></span> <span class='ocrx_word' id='word_1_361' title='bbox 3100 2412 3143 2465; x_wconf 75' lang='grc' dir='ltr'>δ.</span> 
     </span>
    </p>
   </div>
   <div class='ocr_carea' id='block_1_54' title="bbox 1993 2584 3576 2673">
    <p class='ocr_par' dir='ltr' id='par_1_54' title="bbox 1993 2584 3576 2673">
     <span class='ocr_line' id='line_1_54' title="bbox 1993 2584 3576 2673; baseline -0.011 -17"><span class='ocrx_word' id='word_1_362' title='bbox 1993 2601 2063 2656; x_wconf 87' lang='lat' dir='ltr'><strong>Et</strong></span> <span class='ocrx_word' id='word_1_363' title='bbox 2075 2597 2383 2673; x_wconf 87' lang='lat' dir='ltr'><strong>quomodo</strong></span> <span class='ocrx_word' id='word_1_364' title='bbox 2397 2595 2541 2651; x_wconf 80' lang='lat' dir='ltr'><strong>dicit</strong></span> <span class='ocrx_word' id='word_1_365' title='bbox 2554 2594 2714 2652; x_wconf 85' lang='lat' dir='ltr'><strong>idem</strong></span> <span class='ocrx_word' id='word_1_366' title='bbox 2728 2589 3110 2661; x_wconf 78' lang='lat' dir='ltr'><strong>evangelista,</strong></span> <span class='ocrx_word' id='word_1_367' title='bbox 3124 2585 3290 2661; x_wconf 74' lang='lat' dir='ltr'><strong>quod</strong></span> <span class='ocrx_word' id='word_1_368' title='bbox 3306 2584 3456 2641; x_wconf 83' lang='lat' dir='ltr'><strong>dum</strong></span> <span class='ocrx_word' id='word_1_369' title='bbox 3471 2598 3576 2656; x_wconf 89' lang='lat' dir='ltr'><strong>ap-</strong></span> 
     </span>
    </p>
   </div>
   <div class='ocr_carea' id='block_1_55' title="bbox 1921 2673 3573 2764">
    <p class='ocr_par' dir='ltr' id='par_1_55' title="bbox 1921 2673 3573 2764">
     <span class='ocr_line' id='line_1_55' title="bbox 1921 2673 3573 2764; baseline -0.012 -16"><span class='ocrx_word' id='word_1_370' title='bbox 1921 2691 2120 2764; x_wconf 87' lang='lat' dir='ltr'><strong>paruit</strong></span> <span class='ocrx_word' id='word_1_371' title='bbox 2148 2688 2252 2759; x_wconf 88' lang='lat' dir='ltr'><strong>eis,</strong></span> <span class='ocrx_word' id='word_1_372' title='bbox 2292 2684 2669 2755; x_wconf 65' lang='lat' dir='ltr'><strong>expavefacti</strong></span> <span class='ocrx_word' id='word_1_373' title='bbox 2701 2690 2754 2740; x_wconf 89' lang='lat' dir='ltr'><strong>et</strong></span> <span class='ocrx_word' id='word_1_374' title='bbox 2794 2679 3104 2739; x_wconf 69' lang='lat' dir='ltr'><strong>conterriti</strong></span> <span class='ocrx_word' id='word_1_375' title='bbox 3150 2673 3573 2735; x_wconf 71' lang='lat' dir='ltr'><strong>existimabant</strong></span> 
     </span>
    </p>
   </div>
   <div class='ocr_carea' id='block_1_56' title="bbox 1920 2762 3572 2851">
    <p class='ocr_par' dir='ltr' id='par_1_56' title="bbox 1920 2762 3572 2851">
     <span class='ocr_line' id='line_1_56' title="bbox 1920 2762 3572 2851; baseline -0.012 -13"><span class='ocrx_word' id='word_1_376' title='bbox 1920 2762 2200 2851; x_wconf 70' lang='lat' dir='ltr'><strong>spiritum</strong></span> <span class='ocrx_word' id='word_1_377' title='bbox 2229 2792 2290 2834; x_wconf 76' lang='lat' dir='ltr'><strong>se</strong></span> <span class='ocrx_word' id='word_1_378' title='bbox 2312 2776 2508 2831; x_wconf 81' lang='lat' dir='ltr'><strong>videre</strong></span> <span class='ocrx_word' id='word_1_379' title='bbox 2525 2776 2570 2839; x_wconf 76' lang='grc'>⁷,</span> <span class='ocrx_word' id='word_1_380' title='bbox 2600 2776 2882 2828; x_wconf 75' lang='lat' dir='ltr'><strong>etcastera</strong></span> <span class='ocrx_word' id='word_1_381' title='bbox 2909 2770 2938 2823; x_wconf 88' lang='lat'><strong>?</strong></span> <span class='ocrx_word' id='word_1_382' title='bbox 2958 2774 3014 2825; x_wconf 92' lang='lat' dir='ltr'><strong>et</strong></span> <span class='ocrx_word' id='word_1_383' title='bbox 3032 2765 3197 2841; x_wconf 92' lang='lat' dir='ltr'><strong>quod</strong></span> <span class='ocrx_word' id='word_1_384' title='bbox 3226 2764 3428 2821; x_wconf 84' lang='lat' dir='ltr'><strong>adhuc</strong></span> <span class='ocrx_word' id='word_1_385' title='bbox 3450 2762 3572 2819; x_wconf 73' lang='lat' dir='ltr'><strong>illis</strong></span> 
     </span>
    </p>
   </div>
   <div class='ocr_carea' id='block_1_57' title="bbox 1921 2851 3571 2935">
    <p class='ocr_par' dir='ltr' id='par_1_57' title="bbox 1921 2851 3571 2935">
     <span class='ocr_line' id='line_1_57' title="bbox 1921 2851 3571 2935; baseline -0.01 -8"><span class='ocrx_word' id='word_1_386' title='bbox 1921 2886 2042 2930; x_wconf 87' lang='lat' dir='ltr'><strong>non</strong></span> <span class='ocrx_word' id='word_1_387' title='bbox 2053 2865 2414 2926; x_wconf 73' lang='lat' dir='ltr'><strong>credentibus</strong></span> <span class='ocrx_word' id='word_1_388' title='bbox 2428 2879 2546 2935; x_wconf 70' lang='lat' dir='ltr'><strong>prae</strong></span> <span class='ocrx_word' id='word_1_389' title='bbox 2555 2862 2859 2933; x_wconf 77' lang='lat' dir='ltr'><strong>gaudic,et</strong></span> <span class='ocrx_word' id='word_1_390' title='bbox 2869 2852 3457 2914; x_wconf 69' lang='lat' dir='ltr'><strong>admirantibusdizit</strong></span> <span class='ocrx_word' id='word_1_391' title='bbox 3468 2851 3571 2915; x_wconf 67' lang='grc' dir='ltr'>εἰς,</span> 
     </span>
    </p>
   </div>
   <div class='ocr_carea' id='block_1_58' title="bbox 1921 2943 3579 3026">
    <p class='ocr_par' dir='ltr' id='par_1_58' title="bbox 1921 2943 3579 3026">
     <span class='ocr_line' id='line_1_58' title="bbox 1921 2943 3579 3026; baseline -0.013 -9"><span class='ocrx_word' id='word_1_392' title='bbox 1921 2960 2156 3016; x_wconf 83' lang='lat' dir='ltr'><strong>Habetis</strong></span> <span class='ocrx_word' id='word_1_393' title='bbox 2180 2958 2271 3012; x_wconf 79' lang='lat' dir='ltr'><strong>hic</strong></span> <span class='ocrx_word' id='word_1_394' title='bbox 2301 2954 2532 3026; x_wconf 82' lang='lat' dir='ltr'><strong>aliquid</strong></span> <span class='ocrx_word' id='word_1_395' title='bbox 2555 2950 2742 3008; x_wconf 78' lang='lat' dir='ltr'><strong>edulii</strong></span> <span class='ocrx_word' id='word_1_396' title='bbox 2771 2952 2813 3014; x_wconf 82' lang='grc'>⁸,</span> <span class='ocrx_word' id='word_1_397' title='bbox 2841 2952 2898 3004; x_wconf 89' lang='lat' dir='ltr'><strong>et</strong></span> <span class='ocrx_word' id='word_1_398' title='bbox 2941 2951 3150 3002; x_wconf 70' lang='lat' dir='ltr'><strong>caetera</strong></span> <span class='ocrx_word' id='word_1_399' title='bbox 3177 2944 3206 3000; x_wconf 85' lang='lat'><strong>?</strong></span> <span class='ocrx_word' id='word_1_400' title='bbox 3243 2943 3396 3013; x_wconf 84' lang='lat' dir='ltr'><strong>Quia</strong></span> <span class='ocrx_word' id='word_1_401' title='bbox 3438 2946 3579 2998; x_wconf 88' lang='lat' dir='ltr'><strong>tunc</strong></span> 
     </span>
    </p>
   </div>
   <div class='ocr_carea' id='block_1_59' title="bbox 1921 3032 3583 3117">
    <p class='ocr_par' dir='ltr' id='par_1_59' title="bbox 1921 3032 3583 3117">
     <span class='ocr_line' id='line_1_59' title="bbox 1921 3032 3583 3117; baseline -0.012 -14"><span class='ocrx_word' id='word_1_402' title='bbox 1921 3048 2051 3102; x_wconf 68' lang='lat' dir='ltr'><strong>haec</strong></span> <span class='ocrx_word' id='word_1_403' title='bbox 2069 3045 2227 3117; x_wconf 89' lang='lat' dir='ltr'><strong>passi</strong></span> <span class='ocrx_word' id='word_1_404' title='bbox 2250 3049 2408 3108; x_wconf 87' lang='lat' dir='ltr'><strong>sunt,</strong></span> <span class='ocrx_word' id='word_1_405' title='bbox 2425 3057 2545 3097; x_wconf 87' lang='lat' dir='ltr'><strong>non</strong></span> <span class='ocrx_word' id='word_1_406' title='bbox 2563 3040 2726 3111; x_wconf 85' lang='lat' dir='ltr'><strong>quod</strong></span> <span class='ocrx_word' id='word_1_407' title='bbox 2742 3054 2879 3093; x_wconf 88' lang='lat' dir='ltr'><strong>eum</strong></span> <span class='ocrx_word' id='word_1_408' title='bbox 2900 3032 3291 3091; x_wconf 84' lang='lat' dir='ltr'><strong>resurrexisse</strong></span> <span class='ocrx_word' id='word_1_409' title='bbox 3318 3046 3436 3087; x_wconf 88' lang='lat' dir='ltr'><strong>non</strong></span> <span class='ocrx_word' id='word_1_410' title='bbox 3457 3045 3583 3085; x_wconf 88' lang='lat' dir='ltr'><strong>cre-</strong></span> 
     </span>
    </p>
   </div>
   <div class='ocr_carea' id='block_1_60' title="bbox 208 3114 1815 3218">
    <p class='ocr_par' dir='ltr' id='par_1_60' title="bbox 208 3127 1811 3200">
     <span class='ocr_line' id='line_1_60' title="bbox 208 3127 1811 3200; baseline -0.007 -9"><span class='ocrx_word' id='word_1_411' title='bbox 208 3138 478 3200; x_wconf 86' lang='grc' dir='ltr'>πόνθασιν,</span> <span class='ocrx_word' id='word_1_412' title='bbox 538 3135 632 3187; x_wconf 76' lang='grc' dir='ltr'>οὐκ</span> <span class='ocrx_word' id='word_1_413' title='bbox 685 3133 1024 3195; x_wconf 77' lang='grc' dir='ltr'>ἀπιστοῦντες</span> <span class='ocrx_word' id='word_1_414' title='bbox 1082 3133 1161 3185; x_wconf 87' lang='grc' dir='ltr'>ὃτι</span> <span class='ocrx_word' id='word_1_415' title='bbox 1226 3130 1437 3197; x_wconf 78' lang='grc' dir='ltr'>ἀνέστη,</span> <span class='ocrx_word' id='word_1_416' title='bbox 1498 3128 1604 3182; x_wconf 81' lang='grc' dir='ltr'>ἀλλ’</span> <span class='ocrx_word' id='word_1_417' title='bbox 1656 3127 1811 3200; x_wconf 78' lang='grc' dir='ltr'>ἀμφιο</span> 
     </span>
    </p>
   </div>
   <div class='ocr_carea' id='block_1_61' title="bbox 1936 3114 3580 3218">
    <p class='ocr_par' dir='ltr' id='par_1_61' title="bbox 1936 3114 3580 3200">
     <span class='ocr_line' id='line_1_61' title="bbox 1936 3114 3580 3200; baseline -0.01 -10"><span class='ocrx_word' id='word_1_418' title='bbox 1936 3114 2148 3198; x_wconf 76' lang='lat' dir='ltr'><strong>ierent,</strong></span> <span class='ocrx_word' id='word_1_419' title='bbox 2182 3131 2284 3186; x_wconf 90' lang='lat' dir='ltr'><strong>sed</strong></span> <span class='ocrx_word' id='word_1_420' title='bbox 2315 3129 2479 3200; x_wconf 87' lang='lat' dir='ltr'><strong>quod</strong></span> <span class='ocrx_word' id='word_1_421' title='bbox 2499 3126 2857 3189; x_wconf 82' lang='lat' dir='ltr'><strong>dubitarent,</strong></span> <span class='ocrx_word' id='word_1_422' title='bbox 2892 3128 3085 3178; x_wconf 88' lang='lat' dir='ltr'><strong>utrum</strong></span> <span class='ocrx_word' id='word_1_423' title='bbox 3117 3119 3248 3191; x_wconf 86' lang='lat' dir='ltr'><strong>ipse</strong></span> <span class='ocrx_word' id='word_1_424' title='bbox 3277 3121 3453 3183; x_wconf 84' lang='lat' dir='ltr'><strong>esset,</strong></span> <span class='ocrx_word' id='word_1_425' title='bbox 3475 3114 3580 3189; x_wconf 86' lang='lat' dir='ltr'><strong>qui</strong></span> 
     </span>
    </p>
   </div>
   <div class='ocr_carea' id='block_1_62' title="bbox 208 3213 1815 3294">
    <p class='ocr_par' dir='ltr' id='par_1_62' title="bbox 208 3213 1815 3294">
     <span class='ocr_line' id='line_1_62' title="bbox 208 3213 1815 3294; baseline -0.007 -17"><span class='ocrx_word' id='word_1_426' title='bbox 208 3224 474 3286; x_wconf 80' lang='grc' dir='ltr'>ϐάλλοντες</span> <span class='ocrx_word' id='word_1_427' title='bbox 520 3223 564 3276; x_wconf 85' lang='grc' dir='ltr'><strong>εἰ</strong></span> <span class='ocrx_word' id='word_1_428' title='bbox 594 3223 746 3283; x_wconf 85' lang='grc' dir='ltr'>αύτός</span> <span class='ocrx_word' id='word_1_429' title='bbox 773 3221 913 3275; x_wconf 77' lang='grc' dir='ltr'>ἐστιν</span> <span class='ocrx_word' id='word_1_430' title='bbox 944 3223 969 3274; x_wconf 86' lang='grc' dir='ltr'><strong>ό</strong></span> <span class='ocrx_word' id='word_1_431' title='bbox 1000 3224 1298 3294; x_wconf 77' lang='grc' dir='ltr'>φαινόμενος</span> <span class='ocrx_word' id='word_1_432' title='bbox 1330 3218 1524 3286; x_wconf 73' lang='grc' dir='ltr'>αὐτοῖς,</span> <span class='ocrx_word' id='word_1_433' title='bbox 1554 3221 1644 3269; x_wconf 86' lang='grc' dir='ltr'>καὶ</span> <span class='ocrx_word' id='word_1_434' title='bbox 1671 3213 1815 3291; x_wconf 76' lang='grc' dir='ltr'>ἀκρι-</span> 
     </span>
    </p>
   </div>
   <div class='ocr_carea' id='block_1_63' title="bbox 210 3312 621 3387">
    <p class='ocr_par' dir='ltr' id='par_1_63' title="bbox 210 3312 621 3387">
     <span class='ocr_line' id='line_1_63' title="bbox 210 3312 621 3387; baseline 0 -20"><span class='ocrx_word' id='word_1_435' title='bbox 210 3312 621 3387; x_wconf 61' lang='grc' dir='ltr'>ϐολογούμενοι]</span> 
     </span>
    </p>
   </div>
   <div class='ocr_carea' id='block_1_64' title="bbox 282 3391 1818 3478">
    <p class='ocr_par' dir='ltr' id='par_1_64' title="bbox 282 3391 1818 3478">
     <span class='ocr_line' id='line_1_64' title="bbox 282 3391 1818 3478; baseline -0.006 -22"><span class='ocrx_word' id='word_1_436' title='bbox 282 3400 784 3478; x_wconf 78' lang='grc' dir='ltr'>Συμπαραλαμϐάνει</span> <span class='ocrx_word' id='word_1_437' title='bbox 815 3396 874 3455; x_wconf 71' lang='grc' dir='ltr'>δε</span> <span class='ocrx_word' id='word_1_438' title='bbox 905 3401 930 3453; x_wconf 87' lang='grc' dir='ltr'><strong><em>ὁ</em></strong></span> <span class='ocrx_word' id='word_1_439' title='bbox 958 3401 1296 3473; x_wconf 74' lang='grc' dir='ltr'>μακαρισμὸς</span> <span class='ocrx_word' id='word_1_440' title='bbox 1337 3401 1427 3450; x_wconf 83' lang='grc' dir='ltr'>καὶ</span> <span class='ocrx_word' id='word_1_441' title='bbox 1457 3401 1577 3459; x_wconf 82' lang='grc' dir='ltr'>τούς</span> <span class='ocrx_word' id='word_1_442' title='bbox 1607 3391 1703 3449; x_wconf 80' lang='grc' dir='ltr'>διὰ</span> <span class='ocrx_word' id='word_1_443' title='bbox 1725 3402 1818 3448; x_wconf 84' lang='grc' dir='ltr'>τοῦ</span> 
     </span>
    </p>
   </div>
   <div class='ocr_carea' id='block_1_65' title="bbox 210 3484 1818 3567">
    <p class='ocr_par' dir='ltr' id='par_1_65' title="bbox 210 3484 1818 3567">
     <span class='ocr_line' id='line_1_65' title="bbox 210 3484 1818 3567; baseline -0.007 -21"><span class='ocrx_word' id='word_1_444' title='bbox 210 3496 550 3567; x_wconf 73' lang='grc' dir='ltr'>κηρύγματος</span> <span class='ocrx_word' id='word_1_445' title='bbox 588 3493 943 3551; x_wconf 83' lang='grc' dir='ltr'>πιστεύοντας.</span> <span class='ocrx_word' id='word_1_446' title='bbox 987 3488 1148 3542; x_wconf 80' lang='grc' dir='ltr'>Ὅταν</span> <span class='ocrx_word' id='word_1_447' title='bbox 1196 3484 1284 3540; x_wconf 77' lang='grc' dir='ltr'>οὖν</span> <span class='ocrx_word' id='word_1_448' title='bbox 1317 3507 1399 3549; x_wconf 88' lang='grc' dir='ltr'><strong>τις</strong></span> <span class='ocrx_word' id='word_1_449' title='bbox 1438 3486 1562 3560; x_wconf 68' lang='grc' dir='ltr'>λέγῃ</span> <span class='ocrx_word' id='word_1_450' title='bbox 1590 3529 1602 3541; x_wconf 95' lang='grc'><strong>.</strong></span> <span class='ocrx_word' id='word_1_451' title='bbox 1634 3484 1818 3539; x_wconf 78' lang='grc' dir='ltr'>Μακά-</span> 
     </span>
    </p>
   </div>
   <div class='ocr_carea' id='block_1_66' title="bbox 210 3571 1821 3658">
    <p class='ocr_par' dir='ltr' id='par_1_66' title="bbox 210 3571 1821 3658">
     <span class='ocr_line' id='line_1_66' title="bbox 210 3571 1821 3658; baseline -0.007 -22"><span class='ocrx_word' id='word_1_452' title='bbox 210 3603 318 3658; x_wconf 89' lang='grc' dir='ltr'>ριοι</span> <span class='ocrx_word' id='word_1_453' title='bbox 346 3585 396 3636; x_wconf 84' lang='grc' dir='ltr'><strong>οἰ</strong></span> <span class='ocrx_word' id='word_1_454' title='bbox 429 3581 542 3635; x_wconf 88' lang='grc' dir='ltr'>κατ’</span> <span class='ocrx_word' id='word_1_455' title='bbox 591 3579 813 3642; x_wconf 75' lang='grc' dir='ltr'>ἰκεὶνους</span> <span class='ocrx_word' id='word_1_456' title='bbox 863 3583 984 3643; x_wconf 82' lang='grc' dir='ltr'>τοὺς</span> <span class='ocrx_word' id='word_1_457' title='bbox 1032 3582 1249 3651; x_wconf 79' lang='grc' dir='ltr'>καιροὺς</span> <span class='ocrx_word' id='word_1_458' title='bbox 1293 3581 1453 3644; x_wconf 78' lang='grc' dir='ltr'>ὄντες,</span> <span class='ocrx_word' id='word_1_459' title='bbox 1485 3580 1575 3628; x_wconf 81' lang='grc' dir='ltr'>καὶ</span> <span class='ocrx_word' id='word_1_460' title='bbox 1626 3571 1821 3634; x_wconf 78' lang='grc' dir='ltr'>ἰδόντες</span> 
     </span>
    </p>
   </div>
   <div class='ocr_carea' id='block_1_67' title="bbox 210 3658 1824 3745">
    <p class='ocr_par' dir='ltr' id='par_1_67' title="bbox 210 3658 1824 3745">
     <span class='ocr_line' id='line_1_67' title="bbox 210 3658 1824 3745; baseline -0.004 -21"><span class='ocrx_word' id='word_1_461' title='bbox 210 3676 300 3725; x_wconf 84' lang='grc' dir='ltr'><strong>τὸν</strong></span> <span class='ocrx_word' id='word_1_462' title='bbox 339 3674 587 3745; x_wconf 76' lang='grc' dir='ltr'>Χριστόν,</span> <span class='ocrx_word' id='word_1_463' title='bbox 621 3668 849 3723; x_wconf 75' lang='grc' dir='ltr'>ἐννοείτω</span> <span class='ocrx_word' id='word_1_464' title='bbox 878 3671 961 3722; x_wconf 85' lang='grc' dir='ltr'>ὅτι</span> <span class='ocrx_word' id='word_1_465' title='bbox 988 3669 1254 3740; x_wconf 68' lang='grc' dir='ltr'>Μακάριοι</span> <span class='ocrx_word' id='word_1_466' title='bbox 1297 3668 1347 3719; x_wconf 85' lang='grc' dir='ltr'>οἱ</span> <span class='ocrx_word' id='word_1_467' title='bbox 1382 3670 1455 3738; x_wconf 78' lang='grc' dir='ltr'><strong><em>μὴ</em></strong></span> <span class='ocrx_word' id='word_1_468' title='bbox 1491 3661 1689 3728; x_wconf 81' lang='grc' dir='ltr'>ἰδόντες</span> <span class='ocrx_word' id='word_1_469' title='bbox 1734 3658 1824 3719; x_wconf 76' lang='grc' dir='ltr'>καὶ</span> 
     </span>
    </p>
   </div>
   <div class='ocr_carea' id='block_1_68' title="bbox 215 3764 606 3821">
    <p class='ocr_par' dir='ltr' id='par_1_68' title="bbox 215 3764 606 3821">
     <span class='ocr_line' id='line_1_68' title="bbox 215 3764 606 3821; baseline -0.008 -6"><span class='ocrx_word' id='word_1_470' title='bbox 215 3764 401 3816; x_wconf 84' lang='grc' dir='ltr'>πιστεύ</span> <span class='ocrx_word' id='word_1_471' title='bbox 409 3780 606 3821; x_wconf 80' lang='grc' dir='ltr'>σαντες,</span> 
     </span>
    </p>
   </div>
   <div class='ocr_carea' id='block_1_69' title="bbox 284 3842 1821 3921">
    <p class='ocr_par' dir='ltr' id='par_1_69' title="bbox 284 3842 1821 3921">
     <span class='ocr_line' id='line_1_69' title="bbox 284 3842 1821 3921; baseline -0.005 -16"><span class='ocrx_word' id='word_1_472' title='bbox 284 3850 443 3905; x_wconf 78' lang='grc' dir='ltr'>Ἀλλὰ</span> <span class='ocrx_word' id='word_1_473' title='bbox 466 3858 573 3912; x_wconf 83' lang='grc' dir='ltr'><strong>πῶς</strong></span> <span class='ocrx_word' id='word_1_474' title='bbox 604 3857 758 3921; x_wconf 73' lang='grc' dir='ltr'>σῶμα</span> <span class='ocrx_word' id='word_1_475' title='bbox 784 3849 1047 3921; x_wconf 79' lang='grc' dir='ltr'>ἄφθαρτον</span> <span class='ocrx_word' id='word_1_476' title='bbox 1087 3848 1285 3907; x_wconf 84' lang='grc' dir='ltr'>τύπους</span> <span class='ocrx_word' id='word_1_477' title='bbox 1324 3842 1438 3917; x_wconf 84' lang='grc' dir='ltr'>εἶχε</span> <span class='ocrx_word' id='word_1_478' title='bbox 1465 3844 1698 3917; x_wconf 69' lang='grc' dir='ltr'>πληγῶν,</span> <span class='ocrx_word' id='word_1_479' title='bbox 1731 3850 1821 3898; x_wconf 77' lang='grc' dir='ltr'>καὶ</span> 
     </span>
    </p>
   </div>
   <div class='ocr_carea' id='block_1_70' title="bbox 214 3935 1820 4013">
    <p class='ocr_par' dir='ltr' id='par_1_70' title="bbox 214 3935 1820 4013">
     <span class='ocr_line' id='line_1_70' title="bbox 214 3935 1820 4013; baseline -0.006 -20"><span class='ocrx_word' id='word_1_480' title='bbox 214 3941 318 4013; x_wconf 74' lang='grc' dir='ltr'><strong>ἁφῇ</strong></span> <span class='ocrx_word' id='word_1_481' title='bbox 364 3941 655 4005; x_wconf 58' lang='lat' dir='ltr'><strong>ﬁnium“;</strong></span> <span class='ocrx_word' id='word_1_482' title='bbox 699 3945 818 3998; x_wconf 81' lang='grc' dir='ltr'><strong>Πῶς</strong></span> <span class='ocrx_word' id='word_1_483' title='bbox 849 3954 861 4003; x_wconf 93' lang='grc'><strong>;</strong></span> <span class='ocrx_word' id='word_1_484' title='bbox 900 3936 1189 4009; x_wconf 74' lang='grc' dir='ltr'>’Υπερφυῶς</span> <span class='ocrx_word' id='word_1_485' title='bbox 1233 3954 1288 3988; x_wconf 84' lang='grc' dir='ltr'><strong>τε</strong></span> <span class='ocrx_word' id='word_1_486' title='bbox 1317 3939 1407 3988; x_wconf 82' lang='grc' dir='ltr'>καὶ</span> <span class='ocrx_word' id='word_1_487' title='bbox 1437 3935 1771 4007; x_wconf 76' lang='grc' dir='ltr'>οἰκονομικῶς</span> <span class='ocrx_word' id='word_1_488' title='bbox 1807 3955 1820 3968; x_wconf 79' lang='grc' dir='ltr'><strong><em>ο</em></strong></span> 
     </span>
    </p>
   </div>
   <div class='ocr_carea' id='block_1_71' title="bbox 214 4023 1819 4102">
    <p class='ocr_par' dir='ltr' id='par_1_71' title="bbox 214 4023 1819 4102">
     <span class='ocr_line' id='line_1_71' title="bbox 214 4023 1819 4102; baseline -0.002 -22"><span class='ocrx_word' id='word_1_489' title='bbox 214 4035 301 4082; x_wconf 74' lang='grc' dir='ltr'>καὶ</span> <span class='ocrx_word' id='word_1_490' title='bbox 341 4032 441 4102; x_wconf 74' lang='grc' dir='ltr'>γὰρ</span> <span class='ocrx_word' id='word_1_491' title='bbox 481 4033 571 4081; x_wconf 85' lang='grc' dir='ltr'>καὶ</span> <span class='ocrx_word' id='word_1_492' title='bbox 624 4031 775 4100; x_wconf 71' lang='grc' dir='ltr'>ἔφαγε</span> <span class='ocrx_word' id='word_1_493' title='bbox 830 4031 920 4079; x_wconf 84' lang='grc' dir='ltr'>καὶ</span> <span class='ocrx_word' id='word_1_494' title='bbox 971 4028 1082 4079; x_wconf 84' lang='grc' dir='ltr'>ἔπιε</span> <span class='ocrx_word' id='word_1_495' title='bbox 1137 4028 1268 4099; x_wconf 86' lang='grc' dir='ltr'>πρὸς</span> <span class='ocrx_word' id='word_1_496' title='bbox 1318 4023 1671 4101; x_wconf 81' lang='grc' dir='ltr'>πληροφορίαν</span> <span class='ocrx_word' id='word_1_497' title='bbox 1720 4033 1819 4077; x_wconf 84' lang='grc' dir='ltr'><strong>τῶν</strong></span> 
     </span>
    </p>
   </div>
   <div class='ocr_carea' id='block_1_72' title="bbox 214 4121 489 4192">
    <p class='ocr_par' dir='ltr' id='par_1_72' title="bbox 214 4121 489 4192">
     <span class='ocr_line' id='line_1_72' title="bbox 214 4121 489 4192; baseline -0.007 -20"><span class='ocrx_word' id='word_1_498' title='bbox 214 4121 489 4192; x_wconf 82' lang='grc' dir='ltr'>μαθητῶν.</span> 
     </span>
    </p>
   </div>
   <div class='ocr_carea' id='block_1_73' title="bbox 291 4202 1821 4277">
    <p class='ocr_par' dir='ltr' id='par_1_73' title="bbox 291 4202 1821 4277">
     <span class='ocr_line' id='line_1_73' title="bbox 291 4202 1821 4277; baseline -0.003 -17"><span class='ocrx_word' id='word_1_499' title='bbox 291 4207 461 4260; x_wconf 81' lang='grc' dir='ltr'>Πολλὰ</span> <span class='ocrx_word' id='word_1_500' title='bbox 510 4237 579 4247; x_wconf 94' lang='lat'><strong>—</strong></span> <span class='ocrx_word' id='word_1_501' title='bbox 626 4208 818 4277; x_wconf 73' lang='grc' dir='ltr'>τούτῳ.</span> <span class='ocrx_word' id='word_1_502' title='bbox 877 4206 955 4259; x_wconf 80' lang='grc' dir='ltr'>Τὰ</span> <span class='ocrx_word' id='word_1_503' title='bbox 1004 4207 1137 4277; x_wconf 80' lang='grc' dir='ltr'>μετὰ</span> <span class='ocrx_word' id='word_1_504' title='bbox 1189 4208 1284 4263; x_wconf 72' lang='grc' dir='ltr'><strong>τὴν</strong></span> <span class='ocrx_word' id='word_1_505' title='bbox 1342 4202 1629 4255; x_wconf 79' lang='grc' dir='ltr'>ἀνάστασιν</span> <span class='ocrx_word' id='word_1_506' title='bbox 1695 4204 1821 4255; x_wconf 77' lang='grc' dir='ltr'><strong>πάν-</strong></span> 
     </span>
    </p>
   </div>
   <div class='ocr_carea' id='block_1_74' title="bbox 215 4290 1821 4368">
    <p class='ocr_par' dir='ltr' id='par_1_74' title="bbox 215 4290 1821 4368">
     <span class='ocr_line' id='line_1_74' title="bbox 215 4290 1821 4368; baseline -0.005 -19"><span class='ocrx_word' id='word_1_507' title='bbox 215 4317 318 4359; x_wconf 81' lang='grc' dir='ltr'><strong>τως</strong></span> <span class='ocrx_word' id='word_1_508' title='bbox 346 4296 501 4368; x_wconf 68' lang='grc' dir='ltr'>λέγει.</span> <span class='ocrx_word' id='word_1_509' title='bbox 534 4298 630 4353; x_wconf 81' lang='grc' dir='ltr'><strong>Διὰ</strong></span> <span class='ocrx_word' id='word_1_510' title='bbox 659 4303 808 4348; x_wconf 74' lang='grc' dir='ltr'>τοῦτο</span> <span class='ocrx_word' id='word_1_511' title='bbox 856 4297 957 4368; x_wconf 69' lang='grc' dir='ltr'><strong>’γὰρ</strong></span> <span class='ocrx_word' id='word_1_512' title='bbox 998 4290 1133 4348; x_wconf 80' lang='grc' dir='ltr'>εἶπεν</span> <span class='ocrx_word' id='word_1_513' title='bbox 1180 4294 1260 4345; x_wconf 86' lang='grc' dir='ltr'>ὄτι</span> <span class='ocrx_word' id='word_1_514' title='bbox 1305 4291 1517 4345; x_wconf 78' lang='grc' dir='ltr'>ἑνωπιον</span> <span class='ocrx_word' id='word_1_515' title='bbox 1569 4299 1668 4342; x_wconf 85' lang='grc' dir='ltr'>τῶν</span> <span class='ocrx_word' id='word_1_516' title='bbox 1713 4310 1821 4362; x_wconf 65' lang='grc' dir='ltr'><strong>μαι</strong></span> 
     </span>
    </p>
   </div>
   <div class='ocr_carea' id='block_1_75' title="bbox 220 4377 1820 4459">
    <p class='ocr_par' dir='ltr' id='par_1_75' title="bbox 220 4377 1820 4459">
     <span class='ocr_line' id='line_1_75' title="bbox 220 4377 1820 4459; baseline -0.003 -22"><span class='ocrx_word' id='word_1_517' title='bbox 220 4389 390 4444; x_wconf 78' lang='grc' dir='ltr'>θητῶν</span> <span class='ocrx_word' id='word_1_518' title='bbox 436 4384 615 4439; x_wconf 77' lang='grc' dir='ltr'>αὐτοῦ.</span> <span class='ocrx_word' id='word_1_519' title='bbox 647 4383 846 4459; x_wconf 78' lang='grc' dir='ltr'>Ὠσπερ</span> <span class='ocrx_word' id='word_1_520' title='bbox 902 4387 1004 4457; x_wconf 71' lang='grc' dir='ltr'><strong>γὰρ</strong></span> <span class='ocrx_word' id='word_1_521' title='bbox 1051 4386 1153 4455; x_wconf 83' lang='grc' dir='ltr'><strong>πρὸ</strong></span> <span class='ocrx_word' id='word_1_522' title='bbox 1199 4389 1294 4442; x_wconf 84' lang='grc' dir='ltr'>τῆς</span> <span class='ocrx_word' id='word_1_523' title='bbox 1332 4379 1664 4442; x_wconf 74' lang='grc' dir='ltr'>ἀναστάσεως</span> <span class='ocrx_word' id='word_1_524' title='bbox 1716 4377 1820 4433; x_wconf 80' lang='grc' dir='ltr'>ἔδει</span> 
     </span>
    </p>
   </div>
   <div class='ocr_carea' id='block_1_76' title="bbox 218 4467 1900 4566">
    <p class='ocr_par' dir='ltr' id='par_1_76' title="bbox 218 4467 1900 4566">
     <span class='ocr_line' id='line_1_76' title="bbox 218 4467 1900 4566; baseline -0.004 -39"><span class='ocrx_word' id='word_1_525' title='bbox 218 4474 381 4528; x_wconf 75' lang='grc' dir='ltr'>πολλὰ</span> <span class='ocrx_word' id='word_1_526' title='bbox 415 4475 678 4545; x_wconf 73' lang='grc' dir='ltr'>γενέσθαι,</span> <span class='ocrx_word' id='word_1_527' title='bbox 727 4476 810 4525; x_wconf 83' lang='grc' dir='ltr'>ἱνα</span> <span class='ocrx_word' id='word_1_528' title='bbox 851 4474 1208 4525; x_wconf 83' lang='grc' dir='ltr'>πιστεύσωσιν</span> <span class='ocrx_word' id='word_1_529' title='bbox 1255 4471 1336 4523; x_wconf 82' lang='grc' dir='ltr'>ὅτι</span> <span class='ocrx_word' id='word_1_530' title='bbox 1382 4471 1502 4532; x_wconf 81' lang='grc' dir='ltr'>Υἱός</span> <span class='ocrx_word' id='word_1_531' title='bbox 1549 4467 1690 4522; x_wconf 74' lang='grc' dir='ltr'>ἐστιν</span> <span class='ocrx_word' id='word_1_532' title='bbox 1729 4476 1821 4521; x_wconf 78' lang='grc' dir='ltr'>τοῦ</span> <span class='ocrx_word' id='word_1_533' title='bbox 1854 4508 1900 4566; x_wconf 80' lang='lat' dir='ltr'>D</span> 
     </span>
    </p>
   </div>
   <div class='ocr_carea' id='block_1_77' title="bbox 220 4557 1824 4636">
    <p class='ocr_par' dir='ltr' id='par_1_77' title="bbox 220 4557 1824 4636">
     <span class='ocr_line' id='line_1_77' title="bbox 220 4557 1824 4636; baseline -0.004 -20"><span class='ocrx_word' id='word_1_534' title='bbox 220 4570 356 4616; x_wconf 81' lang='grc' dir='ltr'>Θεοῦ</span> <span class='ocrx_word' id='word_1_535' title='bbox 387 4580 401 4593; x_wconf 73' lang='grc' dir='ltr'><strong>ο</strong></span> <span class='ocrx_word' id='word_1_536' title='bbox 435 4563 569 4615; x_wconf 76' lang='grc' dir='ltr'>οὕτω</span> <span class='ocrx_word' id='word_1_537' title='bbox 598 4567 688 4615; x_wconf 79' lang='grc' dir='ltr'>καὶ</span> <span class='ocrx_word' id='word_1_538' title='bbox 729 4565 860 4636; x_wconf 82' lang='grc' dir='ltr'>μετὰ</span> <span class='ocrx_word' id='word_1_539' title='bbox 896 4567 990 4620; x_wconf 80' lang='grc' dir='ltr'>τὴν</span> <span class='ocrx_word' id='word_1_540' title='bbox 1021 4559 1330 4624; x_wconf 76' lang='grc' dir='ltr'>ἀνάστασιν,</span> <span class='ocrx_word' id='word_1_541' title='bbox 1365 4560 1448 4610; x_wconf 84' lang='grc' dir='ltr'>ἵνα</span> <span class='ocrx_word' id='word_1_542' title='bbox 1488 4557 1824 4633; x_wconf 83' lang='grc' dir='ltr'>πληροφορη-</span> 
     </span>
    </p>
   </div>
   <div class='ocr_carea' id='block_1_78' title="bbox 223 4649 733 4710">
    <p class='ocr_par' dir='ltr' id='par_1_78' title="bbox 223 4649 733 4710">
     <span class='ocr_line' id='line_1_78' title="bbox 223 4649 733 4710; baseline 0 -5"><span class='ocrx_word' id='word_1_543' title='bbox 223 4654 383 4705; x_wconf 84' lang='grc' dir='ltr'>θώσιν</span> <span class='ocrx_word' id='word_1_544' title='bbox 413 4653 492 4704; x_wconf 84' lang='grc' dir='ltr'>ὅτι</span> <span class='ocrx_word' id='word_1_545' title='bbox 524 4649 733 4710; x_wconf 74' lang='grc' dir='ltr'>ἀνέστη.</span> 
     </span>
    </p>
   </div>
   <div class='ocr_carea' id='block_1_79' title="bbox 292 4821 1823 4900">
    <p class='ocr_par' dir='ltr' id='par_1_79' title="bbox 292 4821 1823 4900">
     <span class='ocr_line' id='line_1_79' title="bbox 292 4821 1823 4900; baseline -0.005 -16"><span class='ocrx_word' id='word_1_546' title='bbox 292 4829 360 4884; x_wconf 85' lang='grc' dir='ltr'>Ἤ</span> <span class='ocrx_word' id='word_1_547' title='bbox 392 4834 481 4884; x_wconf 84' lang='grc' dir='ltr'>καὶ</span> <span class='ocrx_word' id='word_1_548' title='bbox 515 4830 685 4893; x_wconf 86' lang='grc' dir='ltr'>κοινὸς</span> <span class='ocrx_word' id='word_1_549' title='bbox 719 4828 744 4880; x_wconf 88' lang='grc' dir='ltr'><strong>ὀ</strong></span> <span class='ocrx_word' id='word_1_550' title='bbox 777 4827 924 4899; x_wconf 74' lang='grc' dir='ltr'>λόγος</span> <span class='ocrx_word' id='word_1_551' title='bbox 956 4830 1073 4900; x_wconf 83' lang='grc' dir='ltr'>περί</span> <span class='ocrx_word' id='word_1_552' title='bbox 1116 4844 1168 4878; x_wconf 85' lang='grc' dir='ltr'><strong>τε</strong></span> <span class='ocrx_word' id='word_1_553' title='bbox 1196 4833 1295 4878; x_wconf 85' lang='grc' dir='ltr'>τῶν</span> <span class='ocrx_word' id='word_1_554' title='bbox 1326 4828 1425 4900; x_wconf 84' lang='grc' dir='ltr'><strong>πρό</strong></span> <span class='ocrx_word' id='word_1_555' title='bbox 1465 4832 1555 4886; x_wconf 81' lang='grc' dir='ltr'>τῆς</span> <span class='ocrx_word' id='word_1_556' title='bbox 1599 4821 1823 4877; x_wconf 77' lang='grc' dir='ltr'>ἀναστά-</span> 
     </span>
    </p>
   </div>
   <div class='ocr_carea' id='block_1_80' title="bbox 225 4916 1360 4993">
    <p class='ocr_par' dir='ltr' id='par_1_80' title="bbox 225 4916 1360 4993">
     <span class='ocr_line' id='line_1_80' title="bbox 225 4916 1360 4993; baseline -0.001 -22"><span class='ocrx_word' id='word_1_557' title='bbox 225 4938 353 4982; x_wconf 89' lang='grc' dir='ltr'>σεως</span> <span class='ocrx_word' id='word_1_558' title='bbox 381 4925 471 4973; x_wconf 83' lang='grc' dir='ltr'>καὶ</span> <span class='ocrx_word' id='word_1_559' title='bbox 499 4922 617 4993; x_wconf 79' lang='grc' dir='ltr'>περὶ</span> <span class='ocrx_word' id='word_1_560' title='bbox 647 4925 748 4972; x_wconf 84' lang='grc' dir='ltr'><strong>τῶν</strong></span> <span class='ocrx_word' id='word_1_561' title='bbox 776 4919 907 4989; x_wconf 78' lang='grc' dir='ltr'>μετὰ</span> <span class='ocrx_word' id='word_1_562' title='bbox 936 4920 1029 4976; x_wconf 74' lang='grc' dir='ltr'><strong>την</strong></span> <span class='ocrx_word' id='word_1_563' title='bbox 1050 4916 1360 4970; x_wconf 76' lang='grc' dir='ltr'>ἀνάστασιν.</span> 
     </span>
    </p>
   </div>
   <div class='ocr_carea' id='block_1_81' title="bbox 295 5090 1823 5167">
    <p class='ocr_par' dir='ltr' id='par_1_81' title="bbox 295 5090 1823 5167">
     <span class='ocr_line' id='line_1_81' title="bbox 295 5090 1823 5167; baseline -0.001 -22"><span class='ocrx_word' id='word_1_564' title='bbox 295 5099 473 5147; x_wconf 81' lang='grc' dir='ltr'>Ταῦτα</span> <span class='ocrx_word' id='word_1_565' title='bbox 509 5125 576 5135; x_wconf 88' lang='grc'><strong>-</strong></span> <span class='ocrx_word' id='word_1_566' title='bbox 625 5104 779 5151; x_wconf 82' lang='grc' dir='ltr'>Θεοῦ.</span> <span class='ocrx_word' id='word_1_567' title='bbox 825 5094 901 5149; x_wconf 76' lang='grc' dir='ltr'><strong>Οὐ</strong></span> <span class='ocrx_word' id='word_1_568' title='bbox 946 5096 1075 5167; x_wconf 82' lang='grc' dir='ltr'>πρὸς</span> <span class='ocrx_word' id='word_1_569' title='bbox 1101 5091 1416 5167; x_wconf 77' lang='grc' dir='ltr'>φιλοτιμίαν,</span> <span class='ocrx_word' id='word_1_570' title='bbox 1448 5096 1627 5165; x_wconf 68' lang='grc' dir='ltr'>φησὶν,</span> <span class='ocrx_word' id='word_1_571' title='bbox 1673 5090 1823 5166; x_wconf 66' lang='grc' dir='ltr'><strong>ἔγρυξ-</strong></span> 
     </span>
    </p>
   </div>
   <div class='ocr_carea' id='block_1_82' title="bbox 1333 5267 1663 5329">
    <p class='ocr_par' dir='ltr' id='par_1_82' title="bbox 1333 5267 1663 5329">
     <span class='ocr_line' id='line_1_82' title="bbox 1333 5267 1663 5329; baseline -0.012 0"><span class='ocrx_word' id='word_1_572' title='bbox 1333 5274 1355 5309; x_wconf 85' lang='grc'>⁸</span> <span class='ocrx_word' id='word_1_573' title='bbox 1375 5267 1522 5329; x_wconf 88' lang='lat' dir='ltr'><strong>ibid.</strong></span> <span class='ocrx_word' id='word_1_574' title='bbox 1571 5268 1663 5327; x_wconf 70' lang='grc' dir='ltr'>Η.</span> 
     </span>
    </p>
   </div>
   <div class='ocr_carea' id='block_1_83' title="bbox 300 5271 1217 5344">
    <p class='ocr_par' dir='ltr' id='par_1_83' title="bbox 300 5271 1217 5344">
     <span class='ocr_line' id='line_1_83' title="bbox 300 5271 1217 5344; baseline 0.004 -19"><span class='ocrx_word' id='word_1_575' title='bbox 300 5275 321 5307; x_wconf 85' lang='grc'><strong><em>⁶</em></strong></span> <span class='ocrx_word' id='word_1_576' title='bbox 348 5271 486 5328; x_wconf 87' lang='lat' dir='ltr'><strong>Luc.</strong></span> <span class='ocrx_word' id='word_1_577' title='bbox 517 5287 672 5344; x_wconf 69' lang='lat' dir='ltr'><strong>xxxv,</strong></span> <span class='ocrx_word' id='word_1_578' title='bbox 703 5273 790 5330; x_wconf 87' lang='lat'><strong>33.</strong></span> <span class='ocrx_word' id='word_1_579' title='bbox 906 5276 927 5310; x_wconf 86' lang='grc'><strong>⁷</strong></span> <span class='ocrx_word' id='word_1_580' title='bbox 954 5273 1098 5331; x_wconf 90' lang='lat' dir='ltr'><strong>ibid.</strong></span> <span class='ocrx_word' id='word_1_581' title='bbox 1130 5276 1217 5330; x_wconf 87' lang='lat'><strong>37.</strong></span> 
     </span>
    </p>
   </div>
   <div class='ocr_carea' id='block_1_84' title="bbox 1921 3209 3364 3293">
    <p class='ocr_par' dir='ltr' id='par_1_84' title="bbox 1921 3209 3364 3293">
     <span class='ocr_line' id='line_1_84' title="bbox 1921 3209 3364 3293; baseline -0.014 -13"><span class='ocrx_word' id='word_1_582' title='bbox 1921 3222 2008 3280; x_wconf 88' lang='lat' dir='ltr'><strong>eis</strong></span> <span class='ocrx_word' id='word_1_583' title='bbox 2033 3217 2356 3293; x_wconf 84' lang='lat' dir='ltr'><strong>apparebat</strong></span> <span class='ocrx_word' id='word_1_584' title='bbox 2381 3236 2394 3276; x_wconf 91' lang='lat'>:</span> <span class='ocrx_word' id='word_1_585' title='bbox 2430 3232 2500 3271; x_wconf 83' lang='lat' dir='ltr'><strong>ac</strong></span> <span class='ocrx_word' id='word_1_586' title='bbox 2524 3212 2864 3285; x_wconf 87' lang='lat' dir='ltr'><strong>diligentius</strong></span> <span class='ocrx_word' id='word_1_587' title='bbox 2897 3209 3364 3266; x_wconf 82' lang='lat' dir='ltr'><strong>considerarent.</strong></span> 
     </span>
    </p>
   </div>
   <div class='ocr_carea' id='block_1_85' title="bbox 1996 3292 3580 3379">
    <p class='ocr_par' dir='ltr' id='par_1_85' title="bbox 1996 3292 3580 3379">
     <span class='ocr_line' id='line_1_85' title="bbox 1996 3292 3580 3379; baseline -0.013 -11"><span class='ocrx_word' id='word_1_588' title='bbox 1996 3292 2452 3379; x_wconf 80' lang='lat' dir='ltr'><strong>comprehendit</strong></span> <span class='ocrx_word' id='word_1_589' title='bbox 2494 3308 2694 3361; x_wconf 90' lang='lat' dir='ltr'><strong>autem</strong></span> <span class='ocrx_word' id='word_1_590' title='bbox 2727 3299 3028 3358; x_wconf 83' lang='lat' dir='ltr'><strong>beatitudo</strong></span> <span class='ocrx_word' id='word_1_591' title='bbox 3053 3298 3184 3354; x_wconf 76' lang='lat' dir='ltr'><strong>meo</strong></span> <span class='ocrx_word' id='word_1_592' title='bbox 3214 3296 3389 3352; x_wconf 87' lang='lat' dir='ltr'><strong>etiam</strong></span> <span class='ocrx_word' id='word_1_593' title='bbox 3421 3292 3580 3361; x_wconf 75' lang='lat' dir='ltr'><strong>illos,</strong></span> 
     </span>
    </p>
   </div>
   <div class='ocr_carea' id='block_1_86' title="bbox 1925 3382 3582 3475">
    <p class='ocr_par' dir='ltr' id='par_1_86' title="bbox 1925 3382 3582 3475">
     <span class='ocr_line' id='line_1_86' title="bbox 1925 3382 3582 3475; baseline -0.012 -17"><span class='ocrx_word' id='word_1_594' title='bbox 1925 3401 2029 3475; x_wconf 88' lang='lat' dir='ltr'><strong>qui</strong></span> <span class='ocrx_word' id='word_1_595' title='bbox 2053 3415 2160 3474; x_wconf 91' lang='lat' dir='ltr'><strong>per</strong></span> <span class='ocrx_word' id='word_1_596' title='bbox 2177 3395 2665 3471; x_wconf 75' lang='lat' dir='ltr'><strong>praedicationem</strong></span> <span class='ocrx_word' id='word_1_597' title='bbox 2686 3391 2955 3449; x_wconf 86' lang='lat' dir='ltr'><strong>credunt.</strong></span> <span class='ocrx_word' id='word_1_598' title='bbox 2977 3390 3121 3446; x_wconf 89' lang='lat' dir='ltr'><strong>Cum</strong></span> <span class='ocrx_word' id='word_1_599' title='bbox 3150 3401 3292 3458; x_wconf 87' lang='lat' dir='ltr'><strong>ergo</strong></span> <span class='ocrx_word' id='word_1_600' title='bbox 3308 3384 3453 3440; x_wconf 88' lang='lat' dir='ltr'><strong>dicit</strong></span> <span class='ocrx_word' id='word_1_601' title='bbox 3477 3382 3582 3441; x_wconf 72' lang='lat' dir='ltr'><strong>ali-</strong></span> 
     </span>
    </p>
   </div>
   <div class='ocr_carea' id='block_1_87' title="bbox 1926 3470 3582 3564">
    <p class='ocr_par' dir='ltr' id='par_1_87' title="bbox 1926 3470 3582 3564">
     <span class='ocr_line' id='line_1_87' title="bbox 1926 3470 3582 3564; baseline -0.013 -18"><span class='ocrx_word' id='word_1_602' title='bbox 1926 3470 2073 3564; x_wconf 22' lang='lat' dir='ltr'><strong>quis:</strong></span> <span class='ocrx_word' id='word_1_603' title='bbox 2102 3505 2116 3543; x_wconf 86' lang='lat'><strong>:</strong></span> <span class='ocrx_word' id='word_1_604' title='bbox 2148 3470 2304 3544; x_wconf 89' lang='lat' dir='ltr'><strong>Beati</strong></span> <span class='ocrx_word' id='word_1_605' title='bbox 2324 3484 2429 3558; x_wconf 86' lang='lat' dir='ltr'><strong>qui</strong></span> <span class='ocrx_word' id='word_1_606' title='bbox 2469 3479 2836 3554; x_wconf 89' lang='lat' dir='ltr'><strong>temporibus</strong></span> <span class='ocrx_word' id='word_1_607' title='bbox 2872 3477 2989 3534; x_wconf 87' lang='lat' dir='ltr'><strong>illis</strong></span> <span class='ocrx_word' id='word_1_608' title='bbox 3032 3475 3284 3539; x_wconf 81' lang='lat' dir='ltr'><strong>fuerunt,</strong></span> <span class='ocrx_word' id='word_1_609' title='bbox 3315 3489 3386 3530; x_wconf 87' lang='lat' dir='ltr'><strong>ac</strong></span> <span class='ocrx_word' id='word_1_610' title='bbox 3427 3470 3582 3530; x_wconf 85' lang='lat' dir='ltr'><strong>Chri-</strong></span> 
     </span>
    </p>
   </div>
   <div class='ocr_carea' id='block_1_88' title="bbox 1930 3559 3583 3641">
    <p class='ocr_par' dir='ltr' id='par_1_88' title="bbox 1930 3559 3583 3641">
     <span class='ocr_line' id='line_1_88' title="bbox 1930 3559 3583 3641; baseline -0.012 -5"><span class='ocrx_word' id='word_1_611' title='bbox 1930 3559 2087 3636; x_wconf 70' lang='lat' dir='ltr'><strong>stum</strong></span> <span class='ocrx_word' id='word_1_612' title='bbox 2107 3576 2400 3636; x_wconf 80' lang='lat' dir='ltr'><strong>viderunt.</strong></span> <span class='ocrx_word' id='word_1_613' title='bbox 2425 3570 2778 3640; x_wconf 86' lang='lat' dir='ltr'><strong>consideret,</strong></span> <span class='ocrx_word' id='word_1_614' title='bbox 2793 3566 2959 3641; x_wconf 89' lang='lat' dir='ltr'><strong>quod</strong></span> <span class='ocrx_word' id='word_1_615' title='bbox 2978 3564 3147 3623; x_wconf 80' lang='lat' dir='ltr'><strong>Beati</strong></span> <span class='ocrx_word' id='word_1_616' title='bbox 3170 3562 3274 3636; x_wconf 86' lang='lat' dir='ltr'><strong>qui</strong></span> <span class='ocrx_word' id='word_1_617' title='bbox 3290 3577 3403 3619; x_wconf 78' lang='lat' dir='ltr'><strong>non</strong></span> <span class='ocrx_word' id='word_1_618' title='bbox 3427 3559 3583 3619; x_wconf 83' lang='lat' dir='ltr'><strong>vide-</strong></span> 
     </span>
    </p>
   </div>
   <div class='ocr_carea' id='block_1_89' title="bbox 1930 3664 2593 3726">
    <p class='ocr_par' dir='ltr' id='par_1_89' title="bbox 1930 3664 2593 3726">
     <span class='ocr_line' id='line_1_89' title="bbox 1930 3664 2593 3726; baseline -0.017 1"><span class='ocrx_word' id='word_1_619' title='bbox 1930 3674 2066 3726; x_wconf 82' lang='lat' dir='ltr'><strong>runt</strong></span> <span class='ocrx_word' id='word_1_620' title='bbox 2096 3672 2151 3725; x_wconf 86' lang='lat' dir='ltr'><strong>et</strong></span> <span class='ocrx_word' id='word_1_621' title='bbox 2182 3664 2565 3723; x_wconf 75' lang='lat' dir='ltr'><strong>crediderunt</strong></span> <span class='ocrx_word' id='word_1_622' title='bbox 2578 3702 2593 3717; x_wconf 93' lang='lat'><strong>.</strong></span> 
     </span>
    </p>
   </div>
   <div class='ocr_carea' id='block_1_90' title="bbox 2002 3828 3582 3917">
    <p class='ocr_par' dir='ltr' id='par_1_90' title="bbox 2002 3828 3582 3917">
     <span class='ocr_line' id='line_1_90' title="bbox 2002 3828 3582 3917; baseline -0.013 -13"><span class='ocrx_word' id='word_1_623' title='bbox 2002 3845 2116 3904; x_wconf 89' lang='lat' dir='ltr'><strong>Sed</strong></span> <span class='ocrx_word' id='word_1_624' title='bbox 2147 3842 2455 3917; x_wconf 88' lang='lat' dir='ltr'><strong>quomodo</strong></span> <span class='ocrx_word' id='word_1_625' title='bbox 2485 3854 2704 3911; x_wconf 89' lang='lat' dir='ltr'><strong>corpus</strong></span> <span class='ocrx_word' id='word_1_626' title='bbox 2729 3831 3173 3907; x_wconf 87' lang='lat' dir='ltr'><strong>ineorruptibile</strong></span> <span class='ocrx_word' id='word_1_627' title='bbox 3206 3828 3453 3901; x_wconf 87' lang='lat' dir='ltr'><strong>vestigia</strong></span> <span class='ocrx_word' id='word_1_628' title='bbox 3483 3828 3582 3885; x_wconf 86' lang='lat' dir='ltr'><strong>ha-</strong></span> 
     </span>
    </p>
   </div>
   <div class='ocr_carea' id='block_1_91' title="bbox 1925 3917 3585 4008">
    <p class='ocr_par' dir='ltr' id='par_1_91' title="bbox 1925 3917 3585 4008">
     <span class='ocr_line' id='line_1_91' title="bbox 1925 3917 3585 4008; baseline -0.014 -14"><span class='ocrx_word' id='word_1_629' title='bbox 1925 3936 2109 3994; x_wconf 88' lang='lat' dir='ltr'><strong>bebat</strong></span> <span class='ocrx_word' id='word_1_630' title='bbox 2134 3934 2470 4008; x_wconf 88' lang='lat' dir='ltr'><strong>plagarum,</strong></span> <span class='ocrx_word' id='word_1_631' title='bbox 2504 3945 2577 3985; x_wconf 90' lang='lat' dir='ltr'><strong>ac</strong></span> <span class='ocrx_word' id='word_1_632' title='bbox 2604 3926 2785 3985; x_wconf 84' lang='lat' dir='ltr'><strong>tactui</strong></span> <span class='ocrx_word' id='word_1_633' title='bbox 2806 3922 3158 3996; x_wconf 86' lang='lat' dir='ltr'><strong>subjacebat</strong></span> <span class='ocrx_word' id='word_1_634' title='bbox 3188 3917 3585 4008; x_wconf 73' lang='lat' dir='ltr'><strong>iQuomodo?</strong></span> 
     </span>
    </p>
   </div>
   <div class='ocr_carea' id='block_1_92' title="bbox 1929 4006 3584 4097">
    <p class='ocr_par' dir='ltr' id='par_1_92' title="bbox 1929 4006 3584 4097">
     <span class='ocr_line' id='line_1_92' title="bbox 1929 4006 3584 4097; baseline -0.014 -14"><span class='ocrx_word' id='word_1_635' title='bbox 1929 4006 2465 4097; x_wconf 82' lang='lat' dir='ltr'><strong>Supernaturaliter</strong></span> <span class='ocrx_word' id='word_1_636' title='bbox 2481 4024 2538 4075; x_wconf 92' lang='lat' dir='ltr'><strong>et</strong></span> <span class='ocrx_word' id='word_1_637' title='bbox 2556 4014 2984 4089; x_wconf 88' lang='lat' dir='ltr'><strong>dispensatorie</strong></span> <span class='ocrx_word' id='word_1_638' title='bbox 3002 4031 3020 4083; x_wconf 83' lang='lat'><strong>;</strong></span> <span class='ocrx_word' id='word_1_639' title='bbox 3047 4010 3262 4066; x_wconf 88' lang='lat' dir='ltr'><strong>edebat</strong></span> <span class='ocrx_word' id='word_1_640' title='bbox 3278 4006 3584 4097; x_wconf 85' lang='lat' dir='ltr'><strong>siquidem</strong></span> 
     </span>
    </p>
   </div>
   <div class='ocr_carea' id='block_1_93' title="bbox 1927 4096 3580 4178">
    <p class='ocr_par' dir='ltr' id='par_1_93' title="bbox 1927 4096 3580 4178">
     <span class='ocr_line' id='line_1_93' title="bbox 1927 4096 3580 4178; baseline -0.015 -6"><span class='ocrx_word' id='word_1_641' title='bbox 1927 4130 1998 4172; x_wconf 87' lang='lat' dir='ltr'><strong>ac</strong></span> <span class='ocrx_word' id='word_1_642' title='bbox 2017 4096 2269 4170; x_wconf 85' lang='lat' dir='ltr'><strong>bibebat</strong></span> <span class='ocrx_word' id='word_1_643' title='bbox 2293 4109 2372 4167; x_wconf 85' lang='lat' dir='ltr'><strong>ad</strong></span> <span class='ocrx_word' id='word_1_644' title='bbox 2388 4108 2671 4178; x_wconf 80' lang='lat' dir='ltr'><strong>majorem</strong></span> <span class='ocrx_word' id='word_1_645' title='bbox 2694 4102 3117 4173; x_wconf 86' lang='lat' dir='ltr'><strong>discipulorum</strong></span> <span class='ocrx_word' id='word_1_646' title='bbox 3149 4096 3580 4153; x_wconf 84' lang='lat' dir='ltr'><strong>certitudinem.</strong></span> 
     </span>
    </p>
   </div>
   <div class='ocr_carea' id='block_1_94' title="bbox 1997 4183 3582 4258">
    <p class='ocr_par' dir='ltr' id='par_1_94' title="bbox 1997 4183 3582 4258">
     <span class='ocr_line' id='line_1_94' title="bbox 1997 4183 3582 4258; baseline -0.008 -3"><span class='ocrx_word' id='word_1_647' title='bbox 1997 4205 2157 4257; x_wconf 89' lang='lat' dir='ltr'><strong>Vers.</strong></span> <span class='ocrx_word' id='word_1_648' title='bbox 2188 4201 2278 4256; x_wconf 81' lang='lat'><strong>30.</strong></span> <span class='ocrx_word' id='word_1_649' title='bbox 2311 4197 2498 4254; x_wconf 78' lang='lat' dir='ltr'><strong>Multa</strong></span> <span class='ocrx_word' id='word_1_650' title='bbox 2524 4227 2593 4236; x_wconf 95' lang='lat'><strong><em>—</em></strong></span> <span class='ocrx_word' id='word_1_651' title='bbox 2625 4195 2750 4252; x_wconf 87' lang='lat' dir='ltr'><strong>hoc.</strong></span> <span class='ocrx_word' id='word_1_652' title='bbox 2789 4194 2866 4248; x_wconf 90' lang='lat' dir='ltr'><strong>De</strong></span> <span class='ocrx_word' id='word_1_653' title='bbox 2898 4191 2991 4247; x_wconf 85' lang='lat' dir='ltr'><strong>his</strong></span> <span class='ocrx_word' id='word_1_654' title='bbox 3021 4186 3269 4245; x_wconf 90' lang='lat' dir='ltr'><strong>omnino</strong></span> <span class='ocrx_word' id='word_1_655' title='bbox 3295 4183 3582 4258; x_wconf 85' lang='lat' dir='ltr'><strong>loquitur,</strong></span> 
     </span>
    </p>
   </div>
   <div class='ocr_carea' id='block_1_95' title="bbox 1927 4278 3586 4363">
    <p class='ocr_par' dir='ltr' id='par_1_95' title="bbox 1927 4278 3586 4363">
     <span class='ocr_line' id='line_1_95' title="bbox 1927 4278 3586 4363; baseline -0.011 -16"><span class='ocrx_word' id='word_1_656' title='bbox 1927 4306 2062 4363; x_wconf 68' lang='lat' dir='ltr'><strong>quae</strong></span> <span class='ocrx_word' id='word_1_657' title='bbox 2094 4294 2231 4362; x_wconf 88' lang='lat' dir='ltr'><strong>post</strong></span> <span class='ocrx_word' id='word_1_658' title='bbox 2273 4283 2767 4343; x_wconf 88' lang='lat' dir='ltr'><strong>resurrectionem</strong></span> <span class='ocrx_word' id='word_1_659' title='bbox 2813 4281 2971 4336; x_wconf 82' lang='lat' dir='ltr'><strong>facta</strong></span> <span class='ocrx_word' id='word_1_660' title='bbox 3021 4281 3159 4333; x_wconf 89' lang='lat' dir='ltr'><strong>sunt</strong></span> <span class='ocrx_word' id='word_1_661' title='bbox 3209 4293 3225 4330; x_wconf 92' lang='lat'><em>:</em></span> <span class='ocrx_word' id='word_1_662' title='bbox 3267 4278 3586 4348; x_wconf 85' lang='lat' dir='ltr'><strong>propterea</strong></span> 
     </span>
    </p>
   </div>
   <div class='ocr_carea' id='block_1_96' title="bbox 1930 4368 3579 4451">
    <p class='ocr_par' dir='ltr' id='par_1_96' title="bbox 1930 4368 3579 4451">
     <span class='ocr_line' id='line_1_96' title="bbox 1930 4368 3579 4451; baseline -0.012 -15"><span class='ocrx_word' id='word_1_663' title='bbox 1930 4393 2195 4451; x_wconf 91' lang='lat' dir='ltr'><strong>namque</strong></span> <span class='ocrx_word' id='word_1_664' title='bbox 2221 4376 2393 4443; x_wconf 81' lang='lat' dir='ltr'><strong>dixit,</strong></span> <span class='ocrx_word' id='word_1_665' title='bbox 2423 4375 2487 4431; x_wconf 81' lang='lat' dir='ltr'><strong>in</strong></span> <span class='ocrx_word' id='word_1_666' title='bbox 2519 4377 2832 4441; x_wconf 84' lang='lat' dir='ltr'><strong>conspectu</strong></span> <span class='ocrx_word' id='word_1_667' title='bbox 2859 4368 3292 4438; x_wconf 82' lang='lat' dir='ltr'><strong>discipulorum</strong></span> <span class='ocrx_word' id='word_1_668' title='bbox 3317 4378 3579 4421; x_wconf 79' lang='lat' dir='ltr'><strong>suorum.</strong></span> 
     </span>
    </p>
   </div>
   <div class='ocr_carea' id='block_1_97' title="bbox 1931 4450 3589 4535">
    <p class='ocr_par' dir='ltr' id='par_1_97' title="bbox 1931 4450 3589 4535">
     <span class='ocr_line' id='line_1_97' title="bbox 1931 4450 3589 4535; baseline -0.011 -10"><span class='ocrx_word' id='word_1_669' title='bbox 1931 4450 2456 4535; x_wconf 86' lang='lat' dir='ltr'><strong>Quemadmodum</strong></span> <span class='ocrx_word' id='word_1_670' title='bbox 2472 4463 2630 4520; x_wconf 89' lang='lat' dir='ltr'><strong>enim</strong></span> <span class='ocrx_word' id='word_1_671' title='bbox 2657 4464 2794 4517; x_wconf 88' lang='lat' dir='ltr'><strong>ante</strong></span> <span class='ocrx_word' id='word_1_672' title='bbox 2811 4456 3308 4515; x_wconf 88' lang='lat' dir='ltr'><strong>resurrectionem</strong></span> <span class='ocrx_word' id='word_1_673' title='bbox 3327 4450 3589 4525; x_wconf 82' lang='lat' dir='ltr'><strong>plurima</strong></span> 
     </span>
    </p>
   </div>
   <div class='ocr_carea' id='block_1_98' title="bbox 1928 4540 3583 4629">
    <p class='ocr_par' dir='ltr' id='par_1_98' title="bbox 1928 4540 3583 4629">
     <span class='ocr_line' id='line_1_98' title="bbox 1928 4540 3583 4629; baseline -0.012 -15"><span class='ocrx_word' id='word_1_674' title='bbox 1928 4558 2053 4614; x_wconf 84' lang='lat' dir='ltr'><strong>ﬁeri</strong></span> <span class='ocrx_word' id='word_1_675' title='bbox 2085 4556 2370 4629; x_wconf 88' lang='lat' dir='ltr'><strong>oportuit,</strong></span> <span class='ocrx_word' id='word_1_676' title='bbox 2405 4558 2467 4609; x_wconf 89' lang='lat' dir='ltr'><strong>ut</strong></span> <span class='ocrx_word' id='word_1_677' title='bbox 2511 4551 2816 4608; x_wconf 87' lang='lat' dir='ltr'><strong>crederent</strong></span> <span class='ocrx_word' id='word_1_678' title='bbox 2854 4563 2994 4604; x_wconf 89' lang='lat' dir='ltr'><strong>eum</strong></span> <span class='ocrx_word' id='word_1_679' title='bbox 3045 4560 3176 4601; x_wconf 82' lang='lat' dir='ltr'><strong>esse</strong></span> <span class='ocrx_word' id='word_1_680' title='bbox 3209 4541 3416 4629; x_wconf 86' lang='lat' dir='ltr'><strong>Filium</strong></span> <span class='ocrx_word' id='word_1_681' title='bbox 3446 4540 3583 4597; x_wconf 84' lang='lat' dir='ltr'><strong>Dei:</strong></span> 
     </span>
    </p>
   </div>
   <div class='ocr_carea' id='block_1_99' title="bbox 1930 4628 3589 4719">
    <p class='ocr_par' dir='ltr' id='par_1_99' title="bbox 1930 4628 3589 4719">
     <span class='ocr_line' id='line_1_99' title="bbox 1930 4628 3589 4719; baseline -0.012 -15"><span class='ocrx_word' id='word_1_682' title='bbox 1930 4647 2012 4704; x_wconf 89' lang='lat' dir='ltr'><strong>ita</strong></span> <span class='ocrx_word' id='word_1_683' title='bbox 2055 4628 2300 4719; x_wconf 18' lang='lat' dir='ltr'><strong>etipost</strong></span> <span class='ocrx_word' id='word_1_684' title='bbox 2346 4640 2865 4702; x_wconf 86' lang='lat' dir='ltr'><strong>resurrectionem,</strong></span> <span class='ocrx_word' id='word_1_685' title='bbox 2922 4641 2984 4692; x_wconf 87' lang='lat' dir='ltr'><strong>ut</strong></span> <span class='ocrx_word' id='word_1_686' title='bbox 3038 4632 3319 4690; x_wconf 87' lang='lat' dir='ltr'><strong>certiores</strong></span> <span class='ocrx_word' id='word_1_687' title='bbox 3377 4628 3589 4687; x_wconf 87' lang='lat' dir='ltr'><strong>ﬁerent</strong></span> 
     </span>
    </p>
   </div>
   <div class='ocr_carea' id='block_1_100' title="bbox 1928 4733 2564 4809">
    <p class='ocr_par' dir='ltr' id='par_1_100' title="bbox 1928 4733 2564 4809">
     <span class='ocr_line' id='line_1_100' title="bbox 1928 4733 2564 4809; baseline -0.011 -17"><span class='ocrx_word' id='word_1_688' title='bbox 1928 4735 2095 4809; x_wconf 89' lang='lat' dir='ltr'><strong>quod</strong></span> <span class='ocrx_word' id='word_1_689' title='bbox 2130 4733 2564 4791; x_wconf 86' lang='lat' dir='ltr'><strong>resurrexisset.</strong></span> 
     </span>
    </p>
   </div>
   <div class='ocr_carea' id='block_1_101' title="bbox 2000 4807 3587 4882">
    <p class='ocr_par' dir='ltr' id='par_1_101' title="bbox 2000 4807 3587 4882">
     <span class='ocr_line' id='line_1_101' title="bbox 2000 4807 3587 4882; baseline -0.013 0"><span class='ocrx_word' id='word_1_690' title='bbox 2000 4829 2116 4882; x_wconf 74' lang='lat' dir='ltr'><strong>Aut</strong></span> <span class='ocrx_word' id='word_1_691' title='bbox 2138 4824 2315 4881; x_wconf 86' lang='lat' dir='ltr'><strong>etiam</strong></span> <span class='ocrx_word' id='word_1_692' title='bbox 2340 4836 2538 4877; x_wconf 88' lang='lat' dir='ltr'><strong>sermo</strong></span> <span class='ocrx_word' id='word_1_693' title='bbox 2554 4815 2883 4876; x_wconf 86' lang='lat' dir='ltr'><strong>communis</strong></span> <span class='ocrx_word' id='word_1_694' title='bbox 2901 4818 2987 4870; x_wconf 86' lang='lat' dir='ltr'><strong>est</strong></span> <span class='ocrx_word' id='word_1_695' title='bbox 3012 4829 3025 4867; x_wconf 91' lang='lat'><strong>:</strong></span> <span class='ocrx_word' id='word_1_696' title='bbox 3045 4816 3100 4868; x_wconf 89' lang='lat' dir='ltr'><strong>et</strong></span> <span class='ocrx_word' id='word_1_697' title='bbox 3121 4810 3194 4868; x_wconf 87' lang='lat' dir='ltr'><strong>de</strong></span> <span class='ocrx_word' id='word_1_698' title='bbox 3215 4808 3308 4867; x_wconf 90' lang='lat' dir='ltr'><strong>his</strong></span> <span class='ocrx_word' id='word_1_699' title='bbox 3334 4807 3587 4881; x_wconf 87' lang='lat' dir='ltr'><strong>loquens</strong></span> 
     </span>
    </p>
   </div>
   <div class='ocr_carea' id='block_1_102' title="bbox 1930 4900 3588 4987">
    <p class='ocr_par' dir='ltr' id='par_1_102' title="bbox 1930 4900 3588 4987">
     <span class='ocr_line' id='line_1_102' title="bbox 1930 4900 3588 4987; baseline -0.013 -15"><span class='ocrx_word' id='word_1_700' title='bbox 1930 4929 2067 4987; x_wconf 72' lang='lat' dir='ltr'><strong>quae</strong></span> <span class='ocrx_word' id='word_1_701' title='bbox 2098 4918 2236 4970; x_wconf 87' lang='lat' dir='ltr'><strong>ante</strong></span> <span class='ocrx_word' id='word_1_702' title='bbox 2267 4908 2777 4971; x_wconf 85' lang='lat' dir='ltr'><strong>resurrectionem,</strong></span> <span class='ocrx_word' id='word_1_703' title='bbox 2808 4908 2866 4962; x_wconf 91' lang='lat' dir='ltr'><strong>et</strong></span> <span class='ocrx_word' id='word_1_704' title='bbox 2892 4902 2967 4960; x_wconf 86' lang='lat' dir='ltr'><strong>de</strong></span> <span class='ocrx_word' id='word_1_705' title='bbox 2997 4901 3090 4959; x_wconf 85' lang='lat' dir='ltr'><strong>his</strong></span> <span class='ocrx_word' id='word_1_706' title='bbox 3117 4915 3253 4973; x_wconf 66' lang='lat' dir='ltr'><strong>qua:</strong></span> <span class='ocrx_word' id='word_1_707' title='bbox 3282 4900 3423 4972; x_wconf 81' lang='lat' dir='ltr'><strong>post</strong></span> <span class='ocrx_word' id='word_1_708' title='bbox 3450 4911 3588 4952; x_wconf 73' lang='lat' dir='ltr'><strong>eam</strong></span> 
     </span>
    </p>
   </div>
   <div class='ocr_carea' id='block_1_103' title="bbox 1930 5003 2265 5060">
    <p class='ocr_par' dir='ltr' id='par_1_103' title="bbox 1930 5003 2265 5060">
     <span class='ocr_line' id='line_1_103' title="bbox 1930 5003 2265 5060; baseline -0.012 0"><span class='ocrx_word' id='word_1_709' title='bbox 1930 5003 2084 5060; x_wconf 83' lang='lat' dir='ltr'><strong>facta</strong></span> <span class='ocrx_word' id='word_1_710' title='bbox 2108 5006 2265 5059; x_wconf 87' lang='lat' dir='ltr'><strong>sunt.</strong></span> 
     </span>
    </p>
   </div>
   <div class='ocr_carea' id='block_1_104' title="bbox 2002 5075 3566 5154">
    <p class='ocr_par' dir='ltr' id='par_1_104' title="bbox 2002 5075 3566 5154">
     <span class='ocr_line' id='line_1_104' title="bbox 2002 5075 3566 5154; baseline -0.008 -10"><span class='ocrx_word' id='word_1_711' title='bbox 2002 5092 2168 5149; x_wconf 87' lang='lat' dir='ltr'><strong>Vers.</strong></span> <span class='ocrx_word' id='word_1_712' title='bbox 2201 5090 2290 5146; x_wconf 87' lang='lat'><strong>3|.</strong></span> <span class='ocrx_word' id='word_1_713' title='bbox 2343 5092 2473 5148; x_wconf 57' lang='lat' dir='ltr'><strong>Hac</strong></span> <span class='ocrx_word' id='word_1_714' title='bbox 2501 5120 2570 5128; x_wconf 95' lang='lat'><strong><em>—</em></strong></span> <span class='ocrx_word' id='word_1_715' title='bbox 2598 5086 2719 5144; x_wconf 87' lang='lat' dir='ltr'><strong>Dei.</strong></span> <span class='ocrx_word' id='word_1_716' title='bbox 2774 5085 2925 5151; x_wconf 92' lang='lat' dir='ltr'><strong>Non,</strong></span> <span class='ocrx_word' id='word_1_717' title='bbox 2960 5079 3167 5154; x_wconf 87' lang='lat' dir='ltr'><strong>inquit,</strong></span> <span class='ocrx_word' id='word_1_718' title='bbox 3208 5077 3285 5135; x_wconf 88' lang='lat' dir='ltr'><strong>ad</strong></span> <span class='ocrx_word' id='word_1_719' title='bbox 3317 5075 3566 5135; x_wconf 87' lang='lat' dir='ltr'><strong>ambitio</strong></span> 
     </span>
    </p>
   </div>
   <div class='ocr_carea' id='block_1_105' title="bbox 1443 5477 2343 5547">
    <p class='ocr_par' dir='ltr' id='par_1_105' title="bbox 1443 5477 2343 5547">
     <span class='ocr_line' id='line_1_105' title="bbox 1443 5477 2343 5547; baseline -0.007 0"><span class='ocrx_word' id='word_1_720' title='bbox 1443 5477 1669 5547; x_wconf 75' lang='lat' dir='ltr'><strong>Variae</strong></span> <span class='ocrx_word' id='word_1_721' title='bbox 1697 5477 2021 5547; x_wconf 80' lang='lat' dir='ltr'><strong>lectiones</strong></span> <span class='ocrx_word' id='word_1_722' title='bbox 2046 5492 2113 5544; x_wconf 86' lang='lat' dir='ltr'><strong>et</strong></span> <span class='ocrx_word' id='word_1_723' title='bbox 2143 5484 2343 5543; x_wconf 76' lang='lat' dir='ltr'><strong>nota-3.</strong></span> 
     </span>
    </p>
   </div>
   <div class='ocr_carea' id='block_1_106' title="bbox 299 5670 1012 5744">
    <p class='ocr_par' dir='ltr' id='par_1_106' title="bbox 299 5670 1012 5744">
     <span class='ocr_line' id='line_1_106' title="bbox 299 5670 1012 5744; baseline 0.001 -17"><span class='ocrx_word' id='word_1_724' title='bbox 299 5671 412 5744; x_wconf 80' lang='lat'><strong>(28)</strong></span> <span class='ocrx_word' id='word_1_725' title='bbox 443 5671 679 5744; x_wconf 88' lang='lat' dir='ltr'><strong>Inclusa</strong></span> <span class='ocrx_word' id='word_1_726' title='bbox 703 5670 918 5744; x_wconf 87' lang='lat' dir='ltr'><strong>absunt</strong></span> <span class='ocrx_word' id='word_1_727' title='bbox 945 5674 1012 5728; x_wconf 85' lang='lat' dir='ltr'><strong>A.</strong></span> 
     </span>
    </p>
   </div>
   <div class='ocr_carea' id='block_1_107' title="bbox 297 5743 1132 5817">
    <p class='ocr_par' dir='ltr' id='par_1_107' title="bbox 297 5743 1132 5817">
     <span class='ocr_line' id='line_1_107' title="bbox 297 5743 1132 5817; baseline 0.001 -18"><span class='ocrx_word' id='word_1_728' title='bbox 297 5743 414 5817; x_wconf 85' lang='lat'><strong>(29)</strong></span> <span class='ocrx_word' id='word_1_729' title='bbox 444 5746 632 5802; x_wconf 85' lang='lat' dir='ltr'><strong>Etiam</strong></span> <span class='ocrx_word' id='word_1_730' title='bbox 656 5743 786 5802; x_wconf 71' lang='lat' dir='ltr'><strong>hinc</strong></span> <span class='ocrx_word' id='word_1_731' title='bbox 809 5743 1029 5802; x_wconf 86' lang='lat' dir='ltr'><strong>absunt</strong></span> <span class='ocrx_word' id='word_1_732' title='bbox 1057 5746 1132 5800; x_wconf 80' lang='grc' dir='ltr'>Α.</span> 
     </span>
    </p>
   </div>
   <div class='ocr_carea' id='block_1_108' title="bbox 2007 5668 2731 5744">
    <p class='ocr_par' dir='ltr' id='par_1_108' title="bbox 2007 5668 2731 5744">
     <span class='ocr_line' id='line_1_108' title="bbox 2007 5668 2731 5744; baseline -0.004 -15"><span class='ocrx_word' id='word_1_733' title='bbox 2007 5671 2122 5744; x_wconf 84' lang='grc'><strong>(30)</strong></span> <span class='ocrx_word' id='word_1_734' title='bbox 2148 5668 2383 5735; x_wconf 71' lang='lat' dir='ltr'><strong>Inclusa</strong></span> <span class='ocrx_word' id='word_1_735' title='bbox 2411 5668 2636 5729; x_wconf 78' lang='lat' dir='ltr'><strong>absunt</strong></span> <span class='ocrx_word' id='word_1_736' title='bbox 2665 5671 2731 5731; x_wconf 71' lang='grc' dir='ltr'>Α.</span> 
     </span>
    </p>
   </div>
  </div>
