4076 6436
605 332 740 391 1491
1948 332 2284 390 EUTHYMII
2322 330 2653 390 ZIGABENI
3767 344 3860 399 1492

602 476 741 518 nem
762 459 893 517 hmc
906 458 1269 533 scripsimus,
1297 460 1380 518 ita
1399 460 1559 518 enim
1581 466 1635 518 et
1652 460 1769 518 alia
1787 460 2212 535 scripsissemus

2250 506 2253 521 .
2289 458 2335 513 Α
2366 457 2536 532 φαμεν
2566 481 2578 493 ·
2609 456 2639 520 ἦ
2669 462 2771 533 γὰρ
2812 459 2872 512 ἂν
2901 464 2992 513 καὶ
3035 459 3164 513 οἴλλα
3191 458 3502 534 ἐγράψαμεν,
3534 461 3697 516 πολλῶν
3738 470 3860 521 ὄντων·

601 565 740 606 eum
781 549 969 606 multa
996 555 1196 606 essent
1251 567 1265 606 :
1300 550 1405 607 sed
1445 550 1523 608 ad
1580 551 1767 608 solam
1819 550 2211 607 necessitaten

2367 547 2494 601 ἀλλὰ
2536 553 2662 622 πρὸς
2712 554 2898 623 χρείαν
2944 554 3126 621 μόνην,
3179 551 3261 601 ἵνα
3288 553 3590 609 πιστεύσητε
3615 555 3684 605 ὅτι
3719 554 3866 619 Ἰησοῦς

599 644 668 696 ut
695 640 948 696 credatis
977 639 1142 713 quod
1172 640 1268 697 hic
1298 643 1472 696 Jesus
1502 647 1590 697 est
1619 641 1886 697 Christus
1921 640 2099 697 Filius
2129 641 2207 695 De

2365 639 2515 700 οὗτος
2546 637 2686 691 ἔστιν
2714 641 3004 712 ὀΧριστός,
3036 640 3063 691 ὁ
3091 641 3211 701 Υἱὸς
3239 647 3332 692 τοῦ
3362 646 3508 705 Θεοῦ,
3539 642 3667 694 ὀῦπὸ
3689 652 3765 695 τῶν
3783 665 3864 711 προ·

598 729 757 803 quia
778 729 1083 803 prophetis
1109 730 1498 785 annuntiatus
1526 734 1633 785 est.

1448 746 1498 785 ts
1526 734 1633 785 est.
2366 736 2538 800 φητῶν
2566 728 3058 800 χαταγγελλὸμενος.

672 819 834 876 Vers.
865 820 954 876 3t.
988 820 1060 875 Et
1094 850 1155 860 —
1185 821 1332 886 eius.
1362 819 1484 875 Hoc
1514 825 1621 886 est,
1649 835 1755 892 per
1780 834 2100 885 eum,nam
2127 818 2254 890 ipse

2446 823 2546 872 Καὶ
2577 818 2757 870 αὑτοῦ.
2780 823 3032 871 Τουτίστι
3061 817 3174 889 (31)
3203 813 3278 870 δι’
3298 818 3458 870 αὐτοῦ
3480 839 3492 852 ’
3524 818 3662 881 αὐτὸς
3679 823 3754 893 γὰρ
3776 820 3864 874 ἄστη

599 908 723 965 vita
769 908 1122 978 est;vitam,
1169 908 1444 982 inquam,
1491 909 1917 983 sempiternam
1957 908 2209 964 habeati:

1795 924 1917 964 iam
1957 908 2250 964 habeatis.
2363 909 2393 966 ἡ
2430 909 2537 969 ζωή
2575 928 2588 941 ο
2622 908 2762 968 ζωὴν
2785 903 2845 960 δι
2868 909 3032 978 ἔχητε
3059 911 3152 965 τὴν
3179 907 3405 963 αἰώνιον.

672 1000 815 1071 Cap.
857 1000 985 1055 XXI.
1032 998 1195 1052 Vers.
1239 1003 1285 1053 t.
1320 1000 1531 1055 Postea
1562 1030 1628 1041 -
1668 998 2010 1054 Tiberiadis.
2054 1000 2252 1070 Neque

2437 998 2579 1049 Μετὰ
2620 1004 2788 1049 ταῦτα
2834 1026 2901 1035 -
2938 992 3269 1068 Τιϐεριάδος.
3320 997 3395 1048 Οὐ
3442 999 3539 1069 γὰρ
3578 993 3729 1049 διόλου
3761 1009 3864 1056 mni:

599 1086 758 1143 enim
790 1086 1074 1143 continue
1120 1103 1247 1143 cum
1288 1087 1375 1142 eis
1413 1088 1783 1153 versabatur,
1828 1093 1891 1143 ut
1928 1086 2113 1160 prius,
2147 1102 2208 1141 se

2363 1088 2557 1152 αὐτοῖς,
2612 1088 2681 1148 ὡς
2727 1090 2786 1138 τό
2838 1090 3107 1158 πρότερον,
3163 1083 3270 1137 ἀλλ’
3321 1084 3375 1137 ix
3433 1082 3757 1158 διαλείμματος
3796 1088 3864 1140 ἔτει

598 1189 708 1248 per
736 1180 1076 1248 temporum
1116 1174 1423 1233 intervalla
1455 1176 1790 1233 accedebat.
1838 1175 2009 1242 Quod
2051 1180 2208 1232 auter

2363 1171 2543 1247 δήμει.
2610 1178 2681 1228 Τὸ
2756 1171 2816 1227 δι
2877 1173 3195 1246 Ἐφανέρωσε
3252 1175 3388 1245 (32),
3460 1179 3542 1226 καὶ
3609 1176 3765 1247 Ἐφάνη
3811 1184 3867 1229 ut

598 1264 833 1331 dicitur,
884 1266 1318 1335 Manifestavit,
1368 1270 1427 1324 et
1481 1267 1803 1336 Apparuit,
1850 1271 1907 1321 et
1958 1266 2124 1322 Visus
2168 1281 2208 1321 e:

2360 1266 2534 1337 ’ίὶφθη
2587 1268 2677 1316 καὶ
2734 1265 2800 1316 τὰ
2848 1270 3068 1315 τοιαῦτα
3113 1264 3488 1336 ὑποφαίνουσιν
3540 1265 3613 1316 ὅτι
3656 1269 3764 1315 κατὰ
3794 1268 3866 1335 (33)

599 1369 671 1411 ac
727 1354 963 1419 similia,
1018 1354 1345 1411 ostendunt
1400 1355 1565 1428 quod
1615 1356 1784 1426 juxta
1836 1360 2111 1411 naturam
2168 1355 2209 1410 is

2362 1358 2455 1409 την
2504 1356 2661 1425 φύσιν
2705 1361 2800 1414 τῆς
2847 1350 3146 1425 ἀφθαρσίας
3200 1360 3292 1404 τοῦ
3350 1358 3585 1425 σώματος
3636 1352 3794 1425 ἀφανὴς
3832 1352 3870 1411 ἦν

597 1443 1106 1515 corruptibilitatis
1162 1444 1447 1517 corporis,
1509 1444 1819 1501 invisibilis
1877 1448 2002 1500 erat
2052 1460 2207 1500 corrt

2362 1444 2608 1515 φθαρτοῖς
2638 1441 2920 1513 ὀφθαλμοῖς
2955 1461 2967 1473 ·
3005 1440 3477 1513 συγκαταϐατικῶς
3505 1438 3561 1495 δε
3588 1447 3667 1494 καὶ
3691 1443 3871 1513 οἰκονομι-

597 1531 901 1606 ptibilibus
946 1532 1132 1589 oculis
1181 1550 1195 1588 :
1242 1548 1451 1589 verum
1498 1532 1868 1589 demittenda
1907 1549 1972 1590 se
2019 1538 2076 1589 et
2128 1532 2207 1588 di:

2360 1540 2466 1593 κῶς
2484 1531 2807 1605 ἐφανεροῦτο.
2839 1530 2896 1583 Ἠ
2932 1530 3173 1584 θάλασσα
3199 1527 3257 1584 δε
3282 1531 3415 1589 αὕτη
3439 1530 3490 1584 ἄν
3511 1539 3569 1604 τῇ
3598 1531 3799 1603 Γαλιλαίᾳ
3820 1529 3870 1589 ἓν.

594 1621 934 1695 pensatorie
978 1620 1496 1678 manifestabatur.
1543 1623 1663 1678 Hoc
1704 1627 1907 1679 autem
1970 1637 2135 1678 mare
2189 1621 2204 1677 i

1775 1627 1907 1678 item
1970 1637 2135 1678 mare
2189 1621 2248 1677 in
2363 1620 2845 1696 Ἀναθαρρησαντες
2866 1622 2969 1692 γὰρ
3003 1618 3233 1679 ἀπῆλθον
3263 1620 3385 1674 ἐκεῖ.

598 1710 841 1767 Galilaea
857 1715 982 1768 erat
1005 1727 1019 1777 ;
1042 1711 1245 1768 animo
1263 1711 1553 1784 siquidem
1574 1717 1895 1785 resumpto,
1919 1727 1990 1769 eo
2007 1710 2250 1784 profecti

598 1805 756 1856 sunt.

672 1812 756 1856 nt.

668 1890 831 1945 Vers.
864 1889 916 1944 1.
944 1890 1354 1961 Manifestavit
1376 1896 1565 1948 autem
1593 1891 1697 1947 sic.
1716 1892 1784 1947 Ut
1816 1906 1971 1947 nunc
1990 1890 2251 1947 dicturus

1716 1892 1784 1947 Ut
1816 1906 1971 1947 nunc
1990 1890 2251 1947 dicturus
2288 1812 2331 1868 Β
2433 1890 2749 1963 Ἐφανέρωσε
2776 1884 2835 1942 δε
2864 1889 3045 1949 οὕτως.
3071 1887 3161 1951 Ὠς
3190 1887 3311 1961 ipsi.

601 1983 710 2035 est.

668 2066 828 2123 Vers.
850 2070 900 2121 ἱ).
926 2068 1116 2124 Erant
1141 2098 1203 2109 -
1228 2070 1387 2123 Vers.
1412 2072 1464 2125 3.
1494 2075 1704 2125 tecum.
1724 2071 1868 2125 Nam
1895 2085 2030 2125 cum
2054 2084 2250 2142 neque

2429 2068 2599 2122 Ἦσαν
2655 2098 2718 2110 -
2779 2070 2873 2120 σύν
2927 2086 3032 2121 σοι.
3092 2074 3237 2126 Μήτε
3269 2070 3371 2142 γὰρ
3423 2076 3518 2120 τοῦ
3562 2074 3770 2141 Σωτῆρος
3805 2062 3878 2118 διὸ·

596 2172 834 2229 semper
852 2173 990 2213 cum
1012 2158 1096 2213 eis
1112 2164 1267 2214 esset
1287 2158 1575 2223 Salvator,
1604 2165 1666 2214 ut
1686 2158 1912 2214 dictum
1933 2165 2039 2224 est,
2057 2175 2206 2232 nequ

2359 2158 2448 2211 λου
2517 2162 2761 2221 συνόντος
2817 2157 3014 2224 αὐτοῖς,
3072 2161 3142 2219 ὡς
3190 2160 3410 2233 εἴρηται.
3474 2163 3602 2230 μήτε
3648 2165 3726 2209 τοῦ
3778 2155 3880 2207 ἄλλον

594 2244 747 2302 alius
770 2246 843 2301 ad
854 2247 1110 2303 venisset
1132 2247 1698 2320 Paracletus,neque
1719 2248 1973 2320 perfecte
1995 2248 2080 2303 eis
2093 2264 2204 2304 con

2362 2248 2708 2323 Παραλήτου
2758 2246 2999 2311 ἔλθοιστος,
3061 2251 3193 2320 μήτε
3239 2254 3329 2299 τοῦ
3385 2251 3706 2323 κηρύγματος
3742 2243 3883 2303 ἐντελῶς

594 2335 772 2391 missa
787 2340 938 2392 esset
956 2337 1461 2408 praedicatio,cum
1477 2336 1622 2393 nihil
1637 2342 1790 2393 esset
1805 2337 1967 2410 quod
1983 2352 2199 2407 agereu

2360 2336 2778 2411 ὶγχειρισθέντος
2805 2335 3001 2398 αὐτοῖς,
3044 2332 3195 2388 οὐδἐν
3244 2339 3459 2408 ἔχοντες
3489 2338 3729 2411 πράττειν,
3766 2334 3884 2385 λοιτὸι

591 2423 817 2496 reliquo
844 2429 1112 2497 tempore
1151 2426 1560 2499 piscabantur,
1610 2426 1862 2499 priorem
1910 2434 2201 2482 exercente

2361 2426 2583 2495 ἠλίευον,
2625 2431 2720 2484 τὴν
2749 2430 3000 2500 προτίραν
3029 2430 3400 2500 μετερχόμενοι
3451 2430 3656 2497 τέχνην,
3696 2424 3733 2475 si
3753 2423 3883 2491 ιιὶμὲ

595 2518 785 2570 artem
818 2530 1204 2588 :quanquam
1252 2531 1372 2571 non
1403 2531 1610 2572 amore
1637 2515 1779 2571 lucri
1834 2521 1897 2571 ut
1930 2516 2106 2587 prius.

1420 2531 1610 2572 tmore
1637 2515 1779 2571 lucri
1834 2521 1897 2571 ut
1930 2516 2106 2587 prius.
2362 2511 2680 2589 φιλοκερδοῦς
2711 2517 2776 2575 ὡς
2807 2518 2863 2567 τὸ
2890 2519 3030 2590 πρίν.

668 2603 826 2659 Vers.
850 2608 901 2660 3.
930 2605 1220 2661 Exierunt
1250 2620 1391 2676 ergo
1418 2635 1479 2646 —
1511 2606 1736 2661 statim.
1765 2607 1906 2671 Qum
1930 2604 2081 2661 Petri
2102 2609 2246 2671 erat,

2433 2604 2675 2668 Ἐξῆλθον
2697 2599 2784 2656 οὖν
2820 2634 2872 2645 -
2903 2603 3079 2665 εὐθὺς.
3122 2603 3208 2664 Εἰς
3232 2605 3289 2655 τὸ
3319 2610 3410 2654 τοῦ
3448 2606 3658 2674 Πέτρου,
3699 2602 3741 2672 [ἧ
3767 2604 3809 2651 τὸ
3829 2606 3890 2648 τῶν

597 2696 702 2749 aut
724 2692 983 2749 filiorum
1006 2693 1289 2757 Zebedmi,
1324 2700 1426 2750 aut
1447 2694 1701 2765 alicujus
1728 2709 1937 2750 eorum
1968 2710 2123 2767 quos
2143 2710 2207 2750 nc

2053 2710 2123 2750 os
2143 2710 2251 2750 no-
2362 2696 2475 2765 (35)
2508 2696 2632 2746 υἰὼν
2661 2689 2963 2759 Ζεϐεδαίου,
2997 2697 3027 2751 ἣ
3060 2711 3193 2753 τινος
3222 2700 3321 2744 τῶν
3345 2690 3663 2766 γνωρίμων]

598 2787 828 2838 verant.

678 2874 889 2927 Vers.3
926 2872 1001 2927 Et
1047 2901 1116 2913 —
1156 2872 1332 2928 nihil.
1380 2871 1816 2945 Dispensatorie
1874 2871 1987 2928 hoc
2031 2871 2251 2928 factum

2439 2877 2538 2925 Καὶ
2571 2869 2743 2926 οὐδέν.
2784 2903 2839 2912 -
2860 2872 2986 2925 Κατ’
3018 2871 3334 2943 οἰκονομίαν,
3359 2873 3432 2931 ὡς
3455 2869 3660 2945 έροῠμεν
3681 2872 3894 2941 προίόντες.

604 2964 713 3025 est,
738 2959 914 3016 veluti
946 2959 1003 3016 in
1044 2960 1429 3034 sequentibus
1472 2960 1761 3016 dicemus.
1812 2960 2138 3017 Verisimile
2168 2976 2214 3015 ea

2366 2961 2512 3022 Εἰκὸς
2544 2957 2602 3014 δε
2631 2966 2720 3014 καὶ
2748 2964 2869 3021 τοὺς
2891 2960 3071 3020 ἄλλους
3111 2961 3371 3032 μαθητὰς,
3423 2963 3491 3020 ὡς
3537 2960 3561 3011 ὁ
3594 2962 3895 3031 Χρυσόστομος

603 3052 825 3114 autem,
841 3048 988 3105 alios
999 3065 1243 3123 quoque
1255 3049 1577 3122 discipulos
1589 3050 1848 3109 terrestri
1863 3050 2066 3106 itinere
2077 3048 2213 3105 fuiss

2367 3054 2482 3119 (35)
2510 3053 2729 3122 εἴρηκεν,
2766 3050 2860 3113 ἔξω
2890 3050 3005 3121 (36)
3033 3048 3349 3114 ἀκολουθεῖν,
3385 3050 3553 3122 χάριν
3577 3067 3626 3101 τε
3841 3046 3895 3093 ui

602 3142 860 3203 secutos,
881 3138 1033 3194 sicut
1054 3140 1132 3195 sit
1159 3139 1642 3212 Chrysostomus,
1672 3139 1897 3195 amoris
1926 3140 2137 3209 gratia,
2171 3155 2208 3194 u

2287 3157 2329 3215 C
2368 3143 2483 3202 θέας
2522 3144 2615 3198 τὴν
2658 3138 2858 3211 σχολὴν
2908 3134 2960 3191 εὖ
3002 3135 3406 3211 διατιθεμένους,
3472 3142 3563 3190 καὶ
3610 3132 3895 3189 συνδιανυιτε-

599 3242 717 3299 que
742 3233 1105 3301 spectatores
1126 3234 1346 3294 essent,
1368 3245 1438 3285 ac
1457 3228 1643 3301 probe
1663 3228 1851 3285 otium
1872 3228 2205 3285 collocaren

1143 3234 1346 3294 issent,
1368 3245 1438 3285 ac
1457 3228 1643 3301 probe
1663 3228 1851 3285 otium
1872 3228 2251 3296 collocarent,
2363 3234 2528 3305 ρεύειν
2558 3229 2753 3290 αὐτοῖς.

598 3321 656 3372 et
681 3316 857 3373 simul
891 3333 1030 3373 cum
1060 3317 1146 3374 eis
1178 3322 1607 3391 pernoctarent.

672 3407 831 3462 Vers.
855 3411 905 3463 4.
922 3407 1102 3464 Mane
1121 3438 1186 3448 —
1205 3416 1367 3465 esset.
1389 3406 1866 3481 Fortassis,quod
1891 3406 2251 3479 splendidio-

2436 3414 2638 3479 Πρωίας
2675 3437 2737 3446 —
2766 3405 2924 3459 ἔστιν.
2957 3405 3114 3465 Ἴσως
3144 3412 3235 3457 τοῦ
3266 3400 3444 3466 εῖδους
3483 3404 3642 3457 αὑτοῦ
3676 3402 3898 3475 λαμπροτέ-

595 3494 645 3551 ri
659 3501 972 3570 appareret
989 3497 1203 3570 specie.
1218 3502 1459 3570 propter
1475 3496 1978 3553 immortalitatem
1991 3541 2003 3563 ,
2018 3503 2119 3553 aut
2137 3497 2205 3552 di:

2361 3515 2454 3569 ρου
2482 3500 2785 3568 φαινομένου
2830 3491 2924 3548 διὰ
2965 3500 3059 3553 τήν
3105 3493 3423 3568 ἀφθαρσίαν,
3457 3497 3489 3552 ἦ
3536 3495 3646 3546 κατ’
3674 3492 3897 3559 οἰκονομίαν

596 3586 934 3658 peusatorie
964 3586 1041 3642 ab
1075 3587 1159 3641 eis
1189 3587 1464 3655 cognitus
1492 3601 1613 3642 non
1645 3592 1750 3641 est.

1322 3587 1464 3641 litua
1492 3601 1613 3642 non
1645 3592 1750 3641 est.
2364 3587 2708 3658 ἀγνοουμένου
2740 3585 2932 3646 αὐτοῖς.

668 3675 832 3731 Vers.
861 3676 914 3730 5.
948 3675 1094 3731 Dicit
1122 3707 1187 3717 —
1209 3675 1436 3733 habetis
1458 3677 1487 3730 Υ
1536 3671 1755 3742 Παιδία,
1802 3674 1859 3730 id
1890 3680 1996 3739 est,
2034 3691 2253 3749 pueros

2436 3679 2583 3746 Λέγει
2668 3705 2735 3715 -
2806 3676 2990 3746 ἔχετε;
3048 3669 3246 3726 Παιδία
3325 3673 3550 3733 τούτους
3606 3669 3804 3731 ἐκάλεσε,
3858 3671 3895 3732 τῇ

597 3763 730 3820 illos
762 3764 987 3820 vocavit
1010 3765 1182 3835 juxta
1211 3764 1719 3820 consuetudinem.
1755 3765 1925 3821 Moris
1953 3764 2207 3838 siquider

2364 3766 2612 3836 συνηθείᾳ
2679 3764 3032 3836 χρησάμενος.
3101 3761 3256 3823 Ἐθος
3308 3762 3413 3835 γὰρ
3485 3763 3603 3821 τοὺς
3664 3756 3899 3832 ἐργατικοὺς

598 3852 1132 3924 eratitaoperarios
1145 3852 1719 3925 appellare,propter
1730 3854 1967 3911 illorum
1988 3856 2208 3909 robura

2361 3854 2518 3914 οὕτως
2548 3852 2817 3925 ὀνομάζειν
2848 3849 2941 3905 διὰ
2988 3854 3047 3904 τὸ
3079 3855 3207 3924 πρὸς
3238 3854 3360 3912 τοὺς
3411 3854 3602 3911 πόνους
3645 3847 3832 3919 ἀκμαῖον
3866 3860 3899 3891 τε

599 3940 1007 3997 strenuitatem
1033 3942 1108 3997 ad
1134 3942 1372 3997 labores
1402 3981 1415 3995 .
1442 3943 1723 4016 Loquitur
1752 3948 1950 3998 autem
1979 3958 2117 3997 cum
2145 3958 2209 3998 ei:

2360 3947 2451 3995 καὶ
2489 3945 2718 3995 νεανικὸν
2764 3941 2953 3994 αὐτῶν.
3005 3939 3302 4012 Διαλέγεται
3347 3934 3410 3991 δέ
3458 3939 3650 4007 αὐτοῖς,
3694 3939 3751 3996 ὡς
3795 3931 3898 3985 θὼν

598 4031 774 4103 quasi
797 4029 997 4085 volens
1028 4029 1247 4103 aliquid
1269 4031 1342 4086 ab
1363 4033 1445 4086 eis
1464 4047 1679 4087 emere.

1644 4047 1679 4087 3.
2362 4030 2520 4090 δῆθεν
2549 4031 2672 4105 παρ’
2703 4031 2871 4083 αὐτῶν
2911 4031 3155 4083 ὠνεῖσθαί
3184 4047 3254 4084 τι.

675 4121 831 4176 Vers.
858 4124 908 4176 5.
942 4121 1490 4190 Responderunt.—
1516 4121 1677 4176 Vers.
1705 4120 1760 4175 6.
1778 4119 2102 4177 invenietis.
2138 4123 2253 4177 Nec

2435 4121 2821 4196 Ἀπεκρίθησαν
2874 4150 2940 4161 -
2973 4120 3237 4193 εὑρήσετε.
3291 4122 3393 4173 Καὶ
3433 4120 3581 4171 οὔπω
3621 4122 3817 4173 συνῆκαν
3849 4110 3899 4160 ὅτι

598 4208 797 4265 adhuc
829 4215 1233 4281 cognoverunt
1262 4225 1399 4266 eum
1430 4225 1579 4273 esse,
1609 4208 1775 4282 quod
1808 4214 2003 4265 tamen
2035 4225 2139 4265 eos
2170 4210 2208 4266 ir

2363 4210 2515 4270 αὐτὸς
2558 4209 2718 4262 έστιν.
2777 4209 2976 4281 Ἐχρῆν
3008 4203 3069 4260 δε
3114 4211 3361 4260 συνιέναι.
3404 4213 3525 4267 Πῶς
3551 4208 3650 4279 γὰρ
3687 4204 3739 4255 ἄν
3782 4202 3901 4252 κοινὸς

598 4297 853 4369 telligere
874 4300 1155 4372 oportuit.
1179 4300 1331 4355 Nam
1347 4299 1655 4371 quomodo
1675 4298 1935 4365 vulgaris
1953 4297 2136 4355 homo
2150 4314 2208 4353 at

2363 4300 2630 4373 ἄνθρωπος
2660 4294 2823 4356 εἰδείη
2874 4300 2955 4351 ὅτι
2996 4296 3264 4370 βάλλοντες
3305 4296 3377 4357 εἰς
3427 4300 3497 4349 τὰ
3528 4292 3675 4358 δεξιὰ
3707 4294 3815 4364 μέρη
3841 4290 3900 4335 τοῦ

598 4389 802 4444 socius
833 4388 891 4445 id
933 4404 1109 4445 nosse
1140 4387 1449 4461 potuisset,
1492 4388 1656 4461 quod
1691 4388 1981 4459 jacientes
2014 4387 2073 4443 in
2113 4388 2208 4444 dei

2363 4388 2545 4442 πλοίου
2569 4389 2857 4463 εὑρήσουσι
2881 4404 2894 4453 ;
2926 4386 3113 4447 Ῥητῶς
3143 4382 3203 4438 δι
3234 4385 3383 4446 εἰςτὰ
3411 4381 3564 4448 δεξιὰ
3593 4382 3757 4458 βαλεῖν

594 4482 782 4534 teram
830 4477 1056 4548 navigii
1087 4483 1333 4550 partem,
1367 4476 1659 4533 inventuri
1690 4483 1881 4533 essent
1905 4477 1934 4533 ?
1966 4479 2204 4550 Express

1847 4483 1881 4532 It
1905 4477 1934 4533 ?
1966 4479 2252 4550 Expresse
2288 4485 2330 4541 ι)
2364 4478 2464 4544 ξεν,
2495 4479 2578 4529 ἱνα
2604 4482 2676 4550 μὴ
2705 4479 2839 4529 κατὰ
2867 4478 3040 4547 τύχην
3071 4476 3101 4534 ἠ
3136 4475 3275 4551 ἄγρα
3304 4470 3457 4547 δόξῃ.

592 4572 794 4624 autem
817 4568 890 4624 ad
909 4567 1215 4624 dexteram
1224 4566 1420 4639 jacere
1439 4568 1819 4639 praecepit,ne
1838 4565 2076 4622 fortuita
2095 4567 2253 4623 vide-

587 4660 748 4712 retur
766 4661 1035 4713 captura.

668 4672 748 4711 :ur
766 4673 836 4713 ca
885 4672 1035 4713 tura.

668 4745 828 4802 Vers.
927 4745 1202 4804 Jecerunt
1228 4746 1441 4818 itaque.
1466 4744 1815 4818 Simpliciter
1833 4745 2249 4817 obtemperan-

2436 4743 2593 4797 Ἐϐαλ
2622 4763 2676 4797 ον
2706 4740 2815 4796 οὖν.
2877 4741 3100 4817 [Ἀπλῶς
3154 4743 3269 4810 (36)
3316 4741 3724 4807 ὑπακούσαντιῆ
3776 4739 3800 4791 ἦ
3846 4748 3905 4780 ss:

594 4839 714 4890 tes:
744 4839 847 4890 aut
867 4835 1152 4903 arbitrati,
1177 4834 1351 4903 signo
1366 4836 1650 4908 quapiam
1670 4834 1834 4890 illum
1860 4850 2037 4890 nosse
2058 4836 2204 4907 pisce

2363 4835 2777 4895 ὑποπτεύσαντες
2854 4832 3011 4884 αὐτὸν
3085 4835 3348 4904 τεκμηρίῳ
3412 4836 3523 4883 τινὶ
3585 4829 3762 4901 γνῶναί
3807 4835 3906 4873 τινες

598 4921 832 4995 aliquos
857 4923 937 4981 ibi
960 4930 1185 4991 natare,
1227 4924 1285 4995 (1-
1325 4931 1428 4982 aut
1473 4925 1651 4981 etiam
1699 4923 1914 4980 vidisse
1950 4923 2208 4981 exsultar

2365 4923 2558 4995 ἰχθύας
2590 4922 2693 4976 ἐκεῖ
2721 4918 3157 4995 διανηχομένους,
3198 4923 3228 4979 ἦ
3287 4920 3399 4991 (38)
3450 4925 3544 4973 καὶ
3600 4914 3719 4971 ἰδεῖν
3762 4910 3908 4965 ἄνακτι.

593 5014 725 5085 tea).

2356 5008 2670 5085 δήσαντας.]

1819 5216 2040 5286 Variae
2071 5216 2398 5286 lectiones
2447 5225 2512 5285 et
2551 5226 2751 5284 notas.

668 5387 780 5461 (31)
805 5390 936 5446 Htec
965 5387 1155 5447 codex
1180 5390 1226 5446 A
1253 5389 1336 5447 ita
1364 5387 1661 5447 contrahit
1685 5405 1697 5445 :
1733 5385 1806 5442 δι’
1833 5387 1994 5441 αὑτοῦ
2021 5383 2080 5441 δέ
2100 5384 2251 5441 δίδο-

1534 5387 1697 5446 ahit:
1733 5385 1806 5442 δι’
1833 5387 1994 5441 αὑτοῦ
2021 5383 2080 5441 δέ
2100 5384 2251 5441 δίδο-
2432 5387 2552 5461 (35)
2578 5385 2823 5461 :TLVHI,
2854 5400 2915 5458 p.
2950 5387 3042 5441 52l
3081 5387 3144 5439 Α.

596 5457 684 5512 ταί
707 5457 799 5513 καὶ
830 5466 939 5522 ζωὴ
968 5461 1195 5525 αἰώνιος.
2434 5457 2547 5527 (36)
2575 5457 2796 5521 Ἐξωθεν
2825 5457 2881 5515 Β.

667 5531 781 5607 (τι)
819 5533 1145 5607 Ἐφανερὼθη
1190 5540 1226 5586 Α
1239 5574 1252 5587 .

2432 5528 2543 5607 (τη)
2570 5530 2806 5607 Inclusa
2834 5528 3054 5607 absunt
3082 5529 3147 5607 A_.

663 5588 780 5685 ζὲεῄ
806 5588 1204 5685 $169959“-
1255 5673 1314 5685 ..
1398 5676 1408 5685 .
1495 5674 1507 5685 .
1791 5677 1801 5685 .
2121 5673 2133 5685 .

2407 5588 2548 5685 ,(38)
2599 5600 2686 5657 Ab
2730 5604 2761 5659 ἤ
2819 5603 2898 5656 ad
2933 5595 3373 5658 ἀναπηδήσαντας
3430 5595 3711 5653 omiserat
3751 5588 3900 5643 ﬂente

666 5673 783 5747 (34)
815 5676 1064 5747 Omissis
1090 5691 1226 5747 quas
1255 5673 1353 5730 hic
1397 5674 1624 5731 inclusa
1670 5677 1831 5737 sunt.
1872 5688 2068 5731 eorum
2118 5673 2252 5731 loco
2362 5673 2517 5731 nius.

598 5746 834 5804 tantum
860 5746 1043 5805 habet
1078 5746 1254 5802 πλοῖον
1294 5749 1365 5804 Α.
