4076 6436
210 339 348 400 1493

281 473 382 521 Καὶ
412 467 506 520 οὐκ
535 469 607 518 ἔτι
635 497 704 506 -
732 464 952 537 ἰχθύων.
1009 463 1251 520 Ἀπόντος
1303 461 1391 532 μεν
1429 467 1518 511 τοῦ
1548 467 1805 530 Σωτῆρος,
1838 457 1882 511 Α

210 554 359 610 οὐδὲν
392 556 633 624 ἐπίασαν,
675 560 928 628 παρόντος
974 549 1052 618 δὲ,
1099 550 1291 610 πλῆθος
1349 548 1700 614 συνέκλεισαν,
1728 549 1809 600 ἱνα

208 654 404 718 γνῶμεν
436 647 515 697 ότι
539 649 708 719 χωρὶς
759 647 848 715 μεν
895 644 1054 694 αὑτοῦ
1103 636 1252 692 οὐδὲν
1285 637 1534 710 ὠφέλιμον
1569 635 1805 708 ἀνύομεν,

215 739 308 786 σὺν
339 734 479 804 αὐτῷ
511 730 588 797 δε,
616 732 803 788 πολλά,
864 736 975 803 Χρὴ
1009 734 1180 781 τοίνυν
1233 735 1344 786 ταῖς
1375 725 1596 787 ἐντολαῖς
1643 726 1808 778 αὐτοῦ

213 826 544 896 πειθομένους
581 829 750 874 πονεῖν
770 827 860 873 καὶ
889 819 1096 893 βάλλειν
1123 817 1193 880 εἰς
1224 820 1289 870 τὰ
1319 812 1467 879 δεξιά
1487 835 1498 845 ·
1533 824 1686 868 τοῦτο
1706 817 1805 888 γὰρ

213 917 268 964 τό
284 918 438 986 μέρος
467 911 746 965 ἐπαινετόν.

291 1088 552 1161 [Ζητησον
582 1088 700 1159 (39)
730 1093 820 1139 καὶ
863 1085 910 1138 ἐν
969 1093 1040 1156 τῷ
1088 1079 1344 1154 ἑνδεκάτῳ
1401 1081 1658 1153 κεφαλαίῳ
1717 1088 1806 1132 τοῦ

215 1181 348 1230 κατὰ
409 1183 613 1230 Λουκᾶν
679 1181 736 1229 τό
783 1196 795 1208 ’
853 1175 1078 1246 Ὀμοίως
1127 1169 1184 1225 δὲ
1262 1177 1353 1224 καὶ
1414 1169 1654 1223 Ἰάκωϐον
1717 1176 1806 1221 καὶ

214 1269 477 1333 Ἰωάννην,
550 1269 692 1328 υἱοὺς
757 1261 1062 1331 Ζεϐεδαίου,
1117 1263 1164 1314 οὶ
1232 1259 1366 1319 ἦσαν
1433 1266 1668 1312 κοινωνοὶ
1733 1268 1806 1330 τῷ

215 1362 423 1429 Σίμωνι,
453 1361 542 1408 καὶ
567 1359 634 1408 τὰ
658 1355 792 1425 ἑξῆς,
814 1359 904 1406 καὶ
929 1352 1189 1424 ἀνάγνωθι
1214 1355 1306 1409 τὴν
1338 1349 1588 1421 ἐξήγησιν
1616 1349 1804 1404 αὐτῶν.

214 1449 466 1519 Εύρησεις
492 1447 594 1519 γὰρ
627 1443 920 1516 ἀναγωγὴν,
954 1445 1088 1494 πάνυ
1114 1449 1223 1502 τοῖς
1252 1447 1509 1513 παροῦσιν
1552 1439 1810 1515 ἁρμόζου-

217 1555 330 1588 σαν.
366 1534 387 1607 ]

287 1629 437 1694 Λέγει
463 1655 529 1664 -
561 1621 698 1677 ἐστι.
742 1630 920 1675 Ταῦτα
965 1625 1128 1680 συνεὶς
1166 1619 1265 1672 ἀπὸ
1295 1627 1390 1680 τῆς
1416 1618 1686 1690 εὐτυχίας,
1722 1623 1810 1670 καὶ

1599 1707 1809 1779 ἐπιτάγ-

1846 1813 1885 1866 Β

215 1721 305 1765 τοῦ
337 1711 734 1784 συγκεκλεῖσθαι
765 1712 875 1782 (40)
913 1715 1032 1772 τοὺς
1075 1710 1283 1781 ἰχθὲας,
1311 1711 1482 1781 ὥσπερ
1517 1705 1569 1770 ἐξ

217 1821 396 1874 ματος.

289 1895 451 1962 Σίμων
478 1921 546 1930 -
593 1889 879 1944 θάλασσαν.
915 1893 1342 1961 Διορατικωτερος
1373 1889 1460 1959 μὲν
1492 1888 1516 1938 6
1575 1888 1811 1947 Ἰωάννης

222 1984 491 2052 περιουσίᾳ
535 1981 905 2054 καθαρότητος,
948 1980 1248 2050 θερμότερος
1298 1973 1356 2028 δὲ
1404 1978 1428 2027 ό
1463 1980 1654 2049 Πέτρος
1685 1996 1812 2048 σφο-

216 2065 438 2141 δρότητι
469 2068 702 2140 φίλτρου.
756 2072 840 2120 Διό
868 2070 1113 2140 γνωρίζει
1159 2069 1248 2137 μὲν
1290 2065 1443 2118 αὐτόν
1475 2067 1500 2116 ό
1551 2067 1807 2132 Ἰωάννης,

214 2161 313 2225 πρὸ
341 2165 432 2208 τοῦ
469 2160 660 2231 Πέτρου
691 2176 703 2189 ⁸
738 2157 894 2219 ἔξεισι
923 2153 980 2208 δὲ
1031 2161 1162 2229 πρός
1192 2155 1347 2206 αὐτόν
1401 2156 1426 2205 6
1488 2159 1678 2228 Πέτρος
1708 2159 1808 2227 πρὸ

216 2248 579 2300 τουῚωάννου,
612 2246 867 2306 Ἀκούσας
904 2248 1004 2319 γὰρ
1053 2249 1204 2316 μόνον
1262 2246 1342 2296 ὃτι
1381 2245 1406 2295 ό
1451 2247 1634 2318 Κύριός
1675 2248 1807 2313 ἐστι,

213 2336 382 2408 ῥίπτει
404 2340 469 2388 τὰ
499 2335 546 2387 ἐν
571 2341 760 2410 χερσὶν
783 2337 987 2398 εὐθέως,
1020 2339 1108 2386 καὶ
1129 2339 1199 2406 μη
1231 2333 1506 2403 ἀναμείνας
1539 2341 1606 2404 τῷ
1634 2333 1812 2386 πλοια-

211 2429 308 2498 ρίῳ
335 2425 567 2491 ἐξελθεῖν,
606 2424 785 2498 βάλλει
841 2424 1021 2476 ἑαυτὸν
1054 2424 1122 2484 εἰς
1155 2428 1248 2481 την
1302 2423 1569 2474 θάλασσαν
1621 2420 1712 2475 διὰ
1751 2429 1808 2476 τό

212 2517 378 2585 τάχος
405 2523 502 2574 τῆς
531 2513 844 2576 ἐξελεύσεως.

282 2605 380 2658 Τόν
409 2599 690 2662 ἐπενδύτην
720 2600 778 2656 δὲ
806 2606 1054 2674 χιτώνιόν
1083 2606 1133 2654 τὶ
1165 2621 1320 2673 φασιν
1353 2601 1463 2672 (41)
1519 2597 1808 2674 ἀχειρίδω-

212 2711 297 2745 τον
327 2694 462 2767 ἄχρι
489 2694 716 2764 γονάτων
768 2691 1112 2765 περιστελλον.
1149 2693 1362 2750 Σύνηθες
1418 2686 1477 2741 δε
1519 2698 1670 2741 τοῦτο
1700 2696 1808 2750 τοῖς

216 2781 638 2849 θαλαττεύουσιν,
670 2781 971 2838 εὐκινησίαν
1009 2781 1121 2853 οἶμα
1149 2785 1238 2833 καὶ
1272 2780 1681 2852 εὐσχημοσύνην
1708 2777 1807 2829 αὗ-

213 2878 321 2931 τοῖς
359 2874 502 2944 παρὰ
535 2880 606 2940 τῷ
636 2867 796 2922 ὕδατι
820 2872 1260 2942 περιποιούμενον.
1293 2872 1492 2939 Γυμνός
1519 2871 1608 2938 μεν
1639 2863 1726 2919 οὖν
1750 2863 1810 2925 ἦν

214 2967 309 3020 τῆς
338 2959 496 3020 ἄλλης
525 2958 707 3018 στολῆς
737 2958 917 3022 αὐτοῦ,
951 2965 1127 3009 τοῦτον
1160 2954 1218 3008 δὲ
1263 2962 1415 3028 μόνον
1465 2955 1548 3007 ἐπὶ
1587 2965 1678 3007 τοῦ
1712 2961 1812 3007 σώ-

216 3068 375 3119 ματος
407 3044 676 3099 ἐνεδέδυτο
734 3048 971 3106 ἄζωστον
1007 3063 1018 3074 ⁸
1054 3044 1258 3106 ἀνάξιον
1315 3047 1412 3117 γὰρ
1475 3040 1602 3094 εἶναι
1655 3043 1810 3094 αὐτόν

218 3138 384 3193 πάντη
421 3138 615 3206 γυμνόν
648 3131 742 3186 διὰ
762 3139 854 3191 την
881 3133 1286 3205 ἀσχημοσύνην.
1341 3133 1588 3191 Ισζζωσατο
1621 3127 1678 3182 δὲ
1711 3130 1809 3181 αὖ·
1846 3159 1884 3213 C

219 3227 306 3276 τόν
337 3220 480 3276 αἰδοῖ
500 3230 592 3276 τοῦ
634 3229 847 3298 Κυρίου.

293 3405 358 3454 Οἱ
389 3400 447 3455 δε
477 3401 622 3453 ἄλλοι
646 3432 712 3440 -
742 3400 961 3472 ἰχθύων.
993 3399 1184 3452 Ἦλθον
1216 3398 1537 3472 ἐφελκόμενοι
1575 3401 1696 3460 τους
1724 3400 1818 3450 συ-

219 3512 402 3565 ροντας
436 3496 492 3543 τό
522 3488 733 3543 δίκτυον
760 3495 1033 3560 σχοίνους.

286 3582 371 3643 Ὠς
403 3613 470 3621 -
496 3582 668 3654 ἄρτον.
702 3582 770 3632 T6
802 3583 891 3651 μὲν
932 3578 1150 3652 ὀψάριον
1180 3585 1242 3650 τῇ
1289 3576 1540 3651 ἀνθρακία
1566 3575 1821 3649 ἐπικείμε-

219 3692 322 3735 νον,
356 3674 440 3722 τὸν
473 3666 532 3722 δὲ
559 3671 712 3742 ἄρτον
737 3666 852 3740 ἰδίᾳ
881 3672 1273 3742 παρακείμενον,
1309 3667 1361 3729 ἐξ
1390 3671 1484 3719 οὐκ
1513 3671 1669 3719 ὄντων
1695 3668 1822 3718 πάν-

221 3781 286 3813 τα
304 3761 510 3821 πάντως
547 3761 876 3833 παρηγμένα,
909 3760 992 3809 ἱνα
1039 3755 1309 3809 κάντεῦθεν
1355 3752 1498 3829 δείξῃ
1533 3760 1624 3815 τὴν
1657 3751 1821 3808 δύνα-

221 3871 307 3922 μιν
349 3849 530 3910 αὐτοῦ,
563 3852 652 3899 καὶ
687 3851 1040 3908 πεπονηκότας
1070 3845 1258 3906 αὐτοὺς
1285 3843 1646 3904 ἀνακτήσηται
1673 3843 1823 3917 φιλο-

226 3943 458 4011 στόργως
488 3933 580 3988 διὰ
609 3945 770 4010 τροφῆ
782 3957 824 3997 ς.

296 4032 449 4098 Λέγει
501 4057 569 4065 -
614 4032 721 4080 νυν.
776 4024 858 4085 Ὠς
894 4021 1045 4086 εἰδὼς
1100 4026 1180 4077 ὅτι
1232 4023 1451 4076 ἐπίασαν
1495 4024 1647 4096 λέγει.
1722 4028 1822 4076 Καὶ

221 4120 322 4190 γὰρ
380 4119 469 4166 καὶ
521 4119 642 4186 πρὶν
691 4117 761 4175 ὡς
810 4110 958 4174 εἰδὼς
1015 4115 1094 4166 ὅτι
1151 4117 1435 4166 πιάσουσιν
1467 4110 1820 4165 εἶπε⁶Βάλετε

225 4205 296 4266 εἰς
357 4207 424 4256 τὰ
489 4200 638 4265 δεξιὰ
709 4206 838 4274 μέρη
909 4210 1000 4254 τοῦ
1059 4202 1240 4255 πλοίου
1329 4205 1386 4254 τό
1438 4198 1672 4266 δίκτυον,
1731 4204 1821 4252 καὶ

226 4294 489 4367 εὑρήσετε,
541 4295 630 4342 καὶ
661 4289 744 4342 ἳνα
773 4295 841 4362 μη
873 4295 1136 4362 φαντασία
1181 4287 1310 4362 δόξῃ
1363 4293 1420 4341 τό
1471 4295 1709 4362 πρᾶγμα,
1733 4292 1822 4340 καὶ

225 4383 361 4444 ὅπως
390 4377 587 4442 ἰδόντες
615 4385 698 4431 καὶ
734 4384 789 4431 τό
818 4379 1014 4441 πλῆθος
1042 4385 1127 4431 καὶ
1162 4382 1219 4430 τό
1242 4380 1456 4450 μέγεθος
1488 4386 1586 4428 τῶν
1623 4377 1822 4448 ἰχθύων

225 4473 410 4523 καὶτὸ
454 4478 564 4530 πῶς
619 4468 712 4520 οὐκ
762 4467 994 4540 ἐσχίσθη
1075 4472 1133 4520 τὸ
1201 4463 1439 4531 δίκτυον,
1505 4467 1824 4538 θαυμάσωσι

226 4561 392 4612 πλέον.

299 4647 478 4705 Ἀνέϐη
526 4651 692 4719 Σίμων
731 4652 940 4720 Πέτρος.
989 4643 1217 4718 [Ἂνέϐη
1275 4646 1390 4717 (42)
1440 4644 1510 4706 εἰς
1536 4647 1593 4696 τό
1624 4642 1821 4708 πλοῖον,

227 4739 290 4798 ὡς
338 4735 712 4811 ἐμπειρότερος,
774 4735 1026 4807 ἑπομένων
1075 4734 1216 4805 αὑτῴ
1281 4739 1370 4787 καὶ
1437 4733 1598 4785 ἄλλων
1671 4729 1824 4790 δηλο-

225 4826 380 4900 νότι.]

302 4922 402 4969 Καὶ
430 4916 633 4969 εἵλκυσε
689 4945 755 4955 -
821 4922 994 4987 τριῶν.
1043 4917 1178 4967 Φασί
1228 4932 1362 4975 τινες
1411 4907 1505 4965 διὰ
1551 4919 1652 4962 τῶν
1708 4909 1823 4963 ἑκα-

229 5006 316 5055 τὸν
360 5008 449 5076 μὲν
500 5002 899 5064 ὑποδηλοῡσθαι
953 5007 1077 5066 τοὺς
1123 5002 1178 5067 ἐξ
1234 5001 1386 5055 ἐθνῶν
1433 5001 1824 5074 σαγηνευθησο-

304 5147 324 5182 ⁹
367 5147 502 5204 Luc.
544 5163 601 5213 v,
639 5152 722 5204 10.

1353 326 1722 391 COMMENT.
1767 323 1836 387 ΙΝ
1873 325 2225 388 JOANNEM.
2268 361 2333 370 —
2374 325 2530 388 CAP.
2572 324 2722 388 XXI.

1856 4510 1902 4564 D

3437 329 3458 384 1
3469 332 3575 386 494

1992 456 2148 511 Vers.
2185 461 2216 512 6
2253 456 2332 511 Et
2352 457 2481 527 jam
2503 471 2621 511 non
2642 488 2710 497 —
2730 455 3000 527 piscium.
3035 450 3292 510 Absente
3323 454 3572 527 quidem

1916 544 2220 601 Salvatore
2251 545 2393 600 nihil
2426 551 2729 617 ceperunt,
2755 549 3050 617 praesente
3083 560 3218 599 vero
3252 545 3574 600 multitudi-

1917 649 2054 688 nem
2086 633 2523 698 concluserunt,
2559 640 2618 690 ut
2647 649 3086 703 cognOScamus
3115 633 3279 705 quod
3317 634 3443 688 sine
3469 632 3570 690 illo

1916 721 2239 794 nihilquod
2259 723 2392 777 utile
2420 722 2508 791 sit,
2541 722 2910 793 perﬁcimus:
2942 737 3077 777 cum
3100 737 3171 776 eo
3187 726 3414 788 autem,
3443 721 3574 793 plu-

1916 811 2089 866 rima.
2116 812 2354 881 Oportet
2372 827 2514 877 ergo
2542 816 2603 866 ut
2628 811 2938 882 praeceptis
2961 810 3089 882 ejus
3113 809 3456 866 obedientes
3490 810 3574 866 la-

1917 901 2219 967 boremus,
2242 906 2298 955 et
2322 899 2400 955 ad
2423 899 2728 954 dexteram
2747 899 3046 970 jaciamus
3075 915 3089 965 ;
3116 915 3258 955 nam
3286 899 3411 955 haec
3432 915 3574 972 pars

1916 989 2076 1044 laudi
2100 989 2296 1044 datur.

1988 1079 2192 1142 Quaere
2227 1086 2426 1133 autem
2467 1081 2523 1133 et
2557 1077 2870 1133 undecimo
2896 1077 3068 1149 juxta
3099 1080 3318 1134 Lucam
3355 1077 3571 1150 capite.

1915 1167 2076 1239 quod
2093 1165 2310 1220 dicitur
2325 1184 2339 1220 :
2355 1166 2644 1222 Similiter
2655 1173 2849 1223 autem
2865 1174 2915 1223 et
2928 1167 3213 1224 Jacobum
3231 1167 3572 1224 etloannem

1913 1256 2070 1324 ﬁlios
2099 1255 2381 1321 Zebedaei,
2415 1256 2518 1327 qui
2538 1263 2708 1310 erant
2728 1256 2874 1311 socii
2896 1256 3151 1312 Simonis
3185 1259 3229 1326 θ,
3261 1262 3318 1312 et
3343 1261 3572 1326 caetera,

1918 1361 1987 1400 ac
2013 1344 2238 1401 illorum
2271 1344 2398 1416 lege
2429 1348 2886 1400 enarrationem.
2923 1345 3194 1401 Invenies
3237 1345 3399 1402 enim
3430 1361 3578 1402 ana-

1919 1435 2132 1504 gogica
2163 1433 2555 1506 przesentibus
2595 1433 2928 1490 admodum
2969 1449 3259 1504 congrua.

1992 1613 2150 1668 Vers.
2181 1615 2232 1667 7.
2268 1613 2418 1668 Dicit
2460 1645 2526 1652 —
2565 1622 2664 1670 est.
2698 1615 2743 1666 A
2766 1628 3051 1686 prOSpero
3080 1613 3141 1669 id
3169 1618 3382 1670 eventu
3410 1613 3577 1672 intel-

1921 1701 2130 1772 ligens,
2152 1707 2207 1758 et
2235 1702 2396 1774 quod
2428 1707 2712 1774 tanquam
2739 1719 2811 1758 ex
2836 1702 2992 1758 illius
3007 1703 3184 1774 jussu
3203 1703 3468 1760 conclusi
3490 1720 3580 1760 es-

1922 1797 2055 1847 sent
2081 1791 2295 1864 pisces.

1990 1882 2217 1937 Vers.7.
2239 1881 2442 1937 Simon
2468 1913 2532 1922 —
2553 1897 2736 1938 mare.
2765 1881 3162 1952 Perspicacior
3175 1882 3418 1954 quidem
3448 1888 3577 1940 erat

1919 1970 2178 2025 Joannes
2200 1971 2615 2039 magnitudine
2637 1969 2927 2043 puritatis.
2951 1974 3148 2027 Petrus
3172 1987 3310 2026 vero
3340 1971 3565 2028 ferven-

1921 2060 2032 2122 tior
2056 2059 2426 2116 vehementia
2445 2059 2666 2115 amoris
2693 2077 2704 2114 :
2725 2060 2859 2116 ideo
2882 2059 3154 2130 agnoscit
3175 2060 3420 2132 quidem
3439 2077 3578 2116 eum

1918 2150 2180 2204 Joannes
2210 2156 2344 2205 ante
2378 2153 2627 2214 Petrum,
2656 2149 2759 2204 sed
2781 2149 3081 2218 egreditur
3110 2149 3186 2205 ad
3218 2167 3344 2205 eum
3371 2152 3572 2205 Petrus

1919 2244 2054 2294 ante
2065 2238 2382 2294 Joannem.
2406 2239 2511 2295 Ubi
2533 2239 2692 2294 enim
2713 2238 2908 2294 solum
2926 2238 3210 2307 audisset,
3236 2255 3363 2294 esse
3377 2239 3573 2295 Domi-

1919 2344 2088 2392 num,
2116 2328 2571 2400 confestimque
2590 2327 2649 2382 in
2669 2327 2952 2383 manibus
2974 2333 3163 2396 erant,
3193 2327 3449 2399 projicit,
3474 2343 3582 2384 nec

1920 2417 2220 2473 sustinens
2244 2422 2308 2472 ut
2333 2418 2572 2488 navigio
2590 2419 2803 2472 adeum
2836 2418 3325 2489 perveniret,scse
3346 2417 3406 2473 in
3419 2433 3586 2474 mare

1913 2505 2057 2576 jacit
2081 2522 2204 2578 quo
2225 2508 2395 2562 citius
2427 2506 2754 2562 accederet.

1992 2593 2305 2654 Ἐπενδύτην
2335 2602 2532 2651 autem
2562 2603 2688 2667 (pro
2712 2612 2834 2668 quo
2852 2602 3112 2653 tunicam
3133 2596 3447 2668 vertimus)
3471 2612 3575 2652 vo-

1921 2691 2060 2740 cant
2084 2685 2408 2742 tuniculam
2429 2702 2614 2758 quam
2633 2685 2816 2741 duam
2839 2686 3088 2742 manicis
3105 2694 3426 2752 carentem,
3445 2703 3580 2758 quae

1922 2789 2133 2845 corpus
2161 2775 2237 2829 ad
2260 2791 2370 2845 gen
2382 2792 2458 2830 ua
2483 2790 2670 2846 usque
2685 2780 2961 2845 contegat
2987 2792 3002 2841 ;
3026 2781 3084 2831 et
3101 2776 3213 2831 hac
3231 2776 3578 2858 utebantur,

1920 2864 2016 2936 qui
2031 2864 2090 2919 in
2104 2864 2254 2918 mari
2269 2865 2590 2934 degebant.
2608 2867 2755 2920 Nam
2773 2865 2951 2920 simul
2969 2871 3021 2920 et
3041 2865 3366 2935 agilitatem
3384 2867 3468 2920 eis
3487 2864 3556 2920 tri

1920 2952 2165 3017 buel.»at,
2190 2959 2245 3007 et
2267 2955 2417 3008 inter
2438 2971 2620 3024 aquas
2637 2960 2915 3009 ornatum
2935 2954 3062 3025 (ee).
3088 2956 3221 3009 Erat
3237 2954 3458 3026 quippe
3474 2970 3580 3008 nu-

1923 3040 2036 3094 dus
2093 3041 2210 3094 alia
2239 3057 2450 3096 carens
2492 3048 2650 3096 veste
2684 3059 2698 3109 ;
2740 3058 2880 3098 nam
2921 3043 3036 3097 hac
3063 3043 3191 3098 sola
3247 3044 3326 3098 ad
3356 3060 3578 3114 corpus

1924 3126 2215 3182 discincta
2246 3127 2486 3182 indutus
2501 3135 2626 3184 erat
2647 3147 2662 3193 ;
2687 3145 2876 3201 neque
2891 3131 3048 3184 enim
3072 3131 3488 3194 conveniebat,
3518 3136 3582 3186 ut

1925 3215 2172 3270 omnino
2203 3215 2401 3270 nudus
2415 3222 2825 3288 essetpropter
2852 3218 3317 3288 turpitudidem;
3345 3218 3582 3273 succin-

1929 3304 2006 3358 xit
2033 3311 2232 3359 autem
2264 3304 2449 3369 illam,
2483 3304 2716 3376 pudore
2751 3305 3004 3360 Domini.

2001 3396 2160 3449 Vers.
2191 3397 2242 3448 8.
2279 3393 2483 3451 Caneri
2513 3410 2648 3450 vero
2681 3425 2750 3434 -
2772 3395 3044 3464 piscium.
3078 3398 3376 3452 Venerunt
3402 3400 3580 3452 attra-

1927 3483 2130 3540 hendo
2159 3483 2344 3548 funes,
2380 3483 2603 3556 quibus
2644 3491 2763 3540 rete
2797 3485 3158 3540 trahebatur.

2001 3575 2165 3627 Vers.
2194 3572 2247 3625 9.
2281 3574 2349 3629 Ut
2374 3604 2433 3614 -—
2463 3589 2693 3643 panem.
2718 3575 2942 3630 Piscem
2975 3575 3220 3647 quidem
3249 3573 3455 3646 prunis
3483 3591 3580 3631 su-

1929 3663 2320 3736 perpositum,
2344 3678 2562 3735 panem
2584 3679 2719 3720 vero
2751 3680 3020 3720 seorsum
3045 3663 3310 3736 positum
3334 3680 3346 3720 :
3383 3665 3589 3736 utique

1931 3751 2224 3824 producta
2271 3769 2342 3808 ex
2375 3752 2465 3807 his
2504 3769 2641 3824 quae
2673 3769 2793 3809 non
2825 3759 3033 3810 erant:
3071 3758 3133 3809 ut
3156 3752 3296 3810 hinc
3335 3769 3580 3827 quoque

1931 3858 2104 3896 suam
2135 3841 2412 3897 ostendat
2441 3841 2792 3912 potentiam,
2823 3860 2890 3899 ac
2925 3842 3214 3899 benevole
3246 3859 3346 3900 eos
3380 3859 3485 3916 per
3511 3843 3592 3900 ci-

1895 3991 1900 3994 _
1931 3930 2071 3986 bum
2113 3947 2148 3987 a
2176 3930 2377 3988 labore
2404 3931 2704 3988 refocillet.

2006 4021 2167 4076 Vers.
2204 4023 2287 4076 10.
2321 4021 2418 4076 Ait
2442 4053 2507 4062 --
2537 4039 2713 4078 nunc.
2743 4025 2951 4094 Utpote
2984 4021 3199 4087 sciens,
3229 4021 3395 4094 quod
3427 4037 3588 4078 com-

1932 4109 2409 4180 prehendissent.
2430 4111 2580 4164 Nam
2599 4115 2654 4164 et
2672 4113 2857 4181 prius,
2884 4116 3172 4181 tanquam
3192 4110 3382 4165 sciens
3403 4110 3592 4181 ,quod

1932 4197 2660 4268 comprehensuriessent,
2679 4199 2907 4254 dixerat
2938 4215 2951 4253 :
2981 4200 3172 4254 Jacite
3197 4198 3254 4252 in
3284 4199 3591 4255 dexteram

1928 4293 2159 4355 partem
2176 4286 2398 4355 navigii
2409 4293 2461 4341 et
2474 4287 2874 4342 invenietis.Et
2887 4303 2958 4342 ne
2973 4287 3416 4359 phantasticum
3433 4289 3588 4344 vide-

1931 4380 2091 4428 retur
2114 4376 2442 4444 negotium,
2465 4381 2642 4447 utque
2668 4375 2938 4431 videntes
2970 4375 3226 4448 piscium
3260 4375 3588 4432 multitudi-

1932 4479 2091 4534 nem,
2112 4478 2183 4518 ac
2209 4463 2682 4531 magnitudinem
2706 4471 2761 4519 et
2782 4465 3086 4536 quomodo
3114 4481 3236 4521 non
3269 4466 3590 4523 essetscis-

1934 4567 2065 4606 sum
2095 4556 2236 4615 rete,
2271 4551 2463 4622 magis
2493 4553 2667 4608 etiam
2700 4553 3158 4609 admirarentur.

2004 4641 2166 4696 Vers.
2200 4642 2286 4697 11.
2336 4643 2609 4697 Ascendit
2658 4642 2847 4698 Simon
2892 4644 3128 4698 Petrus.
3189 4642 3474 4698 Ascendit
3529 4642 3590 4698 in

1932 4729 2158 4794 navim,
2172 4735 2461 4803 tanquam
2477 4730 2620 4787 artis
2636 4731 2893 4804 peritior,
2913 4730 3306 4804 sequentibus
3322 4731 3597 4791 videlicet

1934 4835 2074 4875 eum
2107 4821 2288 4876 etiam
2319 4821 2567 4876 caeteris.

2005 4909 2172 4966 Vers.
2211 4915 2293 4965 lt.
2329 4910 2405 4966 Et
2436 4910 2632 4966 traxit
2657 4942 2724 4951 —
2755 4910 2967 4967 tribus.
3001 4911 3211 4967 Dicunt
3241 4909 3448 4984 aliqui,
3483 4925 3591 4982 per

1933 5004 2169 5056 centum
2193 4999 2438 5074 quidem
2455 5016 2557 5057 eos
2577 4999 2896 5072 designari,
2917 5000 3021 5074 qui
3039 5017 3112 5056 ex
3134 5000 3413 5072 gentibus
3431 5000 3592 5072 sagi-

1478 5243 1704 5314 Variae
1735 5241 2066 5311 lectiones
2100 5251 2164 5310 et
2205 5252 2406 5310 notae.

305 5417 420 5472 (39)
447 5413 682 5471 Inclusa
707 5413 930 5471 absunt
969 5421 1028 5472 Α.

308 5418 396 5472 (39
447 5417 682 5471 Inclusa
707 5417 889 5471 absur

308 5417 420 5557 (4οξ
452 5486 798 5557 Συγκλεῖσθαι
830 5494 889 5540 Α.

305 5555 416 5631 (⁷41)
442 5555 626 5615 Habet
657 5558 813 5615 hanc
845 5573 1048 5613 vocem
1073 5556 1288 5614 Galeus
1317 5559 1380 5615 in
1403 5571 1612 5630 opusc.
1648 5555 1831 5630 Myth.

306 5710 414 5816 (ee)
456 5737 768 5795 Ornatam.
799 5736 1012 5808 Decus,
1045 5732 1402 5794 decentiam.

1948 5487 2403 5630 p.(Zéiinclusa
2429 5553 2649 5612 absunt
2679 5563 2741 5612 A.
