4076 6436
567 343 584 396 ί
599 341 701 396 495

1861 331 2213 394 Ευτηγωι
2256 329 2580 394 ZlGABENl

3793 336 3939 400 1496

561 465 743 522 nandi
774 470 942 521 erant
971 459 982 516 ι
1009 479 1113 537 per
1142 459 1582 536 quinquaginta
1609 465 1832 531 autem,
1867 481 1966 520 eos
1998 463 2101 536 qui
2139 463 2210 519 de

2335 467 2530 531 μένους,
2590 459 2683 515 διὰ
2731 471 2830 516 τῶν
2884 468 3195 523 πεντήκοντα
3248 461 3308 519 δὴ
3349 471 3470 529 τοὺς
3512 467 3566 530 ἐξ
3609 465 3884 522 Ἰουδαίων
3917 487 3929 498 ·

560 552 1419 627 Judzeis;pluressiquidemex
1439 553 1716 622 gentibus
1745 553 2019 609 credituri
2047 557 2215 609 erant

559 661 745 718 quam
770 661 839 699 ex
858 643 1071 699 Judmis
1096 658 1107 706 ;
1135 658 1238 714 per
1259 647 1375 697 tres
1393 659 1553 706 vero,
1571 649 1834 699 sanctam
1849 643 2212 711 Trinitatem,

562 736 614 790 in
645 749 827 806 quam
862 733 1188 788 crederent.

631 824 794 878 Vers.
834 823 916 877 tl.
949 822 1022 876 Et
1055 853 1114 862 —
1151 829 1288 878 rete.
1325 824 1468 889 Non,
1498 821 1658 894 quod
1691 825 1848 878 esset
1892 820 2061 889 forte,
2109 822 2212 877 sed

559 913 721 986 quod
754 913 1039 968 Dominus
1068 912 1244 966 etiam
1275 909 1422 968 illud
1465 911 1823 966 fortiﬁcaret.

635 1005 790 1058 Vera.
843 1007 921 1057 t2.
975 1001 1126 1056 Dicit
1159 1031 1226 1039 —
1256 1000 1562 1068 prandete.
1617 1002 1768 1056 Hora
1817 1001 2048 1073 prandii
2084 1000 2211 1071 jam

562 1095 911 1164 appetente;
933 1105 1074 1145 nam
1107 1087 1338 1144 illorum
1368 1088 1678 1144 laboribus
1713 1106 2061 1145 successura
2087 1094 2212 1144 erat

562 1181 810 1254 requies.
833 1178 1160 1234 Verisimile
1178 1185 1264 1233 est
1287 1183 1508 1245 autem,
1528 1179 1824 1251 quosdam
1849 1196 1918 1234 ex
1938 1195 2211 1252 compre-

558 1271 758 1327 hensis
789 1269 1055 1343 piscibus
1079 1276 1312 1324 assatos
1340 1268 1518 1323 fuisse
1547 1269 1622 1324 ad
1650 1272 1920 1324 omnium
1949 1269 2210 1325 refectio-

561 1359 1132 1430 nemdiscipulorum
1157 1357 1443 1429 :reliquos
1463 1373 1600 1413 vero
1632 1358 1994 1429 pauperibus
2029 1356 2210 1412 fuisse

560 1448 928 1505 distributos.

632 1538 796 1593 Vers.
831 1538 917 1590 12.
951 1535 1024 1590 Ει
1051 1551 1219 1591 nemo
1251 1566 1316 1574 —
1343 1542 1500 1591 esset.
1551 1535 1775 1590 Faciem
1825 1535 2070 1608 quidem
2131 1536 2210 1591 vi-

558 1627 765 1682 dentes
795 1627 1195 1686 immutatam,
1232 1628 1284 1679 et
1315 1640 1446 1696 qua:
1471 1624 1527 1678 in
1555 1625 1878 1679 maximum
1913 1640 2014 1680 eos
2038 1624 2209 1680 indu-

559 1719 715 1772 ceret
745 1721 1069 1786 stuporem,
1114 1713 1387 1769 volebant
1413 1730 1550 1768 eum
1585 1715 1964 1784 interrogare,
2003 1730 2207 1769 verum

560 1820 680 1860 non
699 1805 1025 1870 audebant,
1055 1819 1191 1857 cum
1221 1820 1256 1858 a
1279 1803 1463 1874 signis
1485 1819 1618 1874 qua:
1632 1801 1790 1858 dicta
1817 1809 1973 1866 sunt,
1995 1803 2210 1858 scirent

559 1893 724 1966 quod
753 1894 1037 1948 Dominus
1061 1897 1234 1947 esset.

633 1981 798 2036 Vers.
833 1982 918 2035 l3.
965 1981 1128 2036 Venit
1165 2012 1226 2020 ——
1255 1981 1548 2035 similiter.
1583 1981 1709 2035 .lam
1755 1980 1810 2034 in
1839 1979 2056 2035 cmlum
2088 1995 2209 2036 non

562 2073 829 2143 suscipit,
851 2086 1043 2142 neque
1071 2070 1340 2124 humana
1375 2070 1469 2124 illa
1485 2070 1622 2126 facit
1643 2070 2015 2136 :ostendens,
2044 2069 2210 2142 quod

559 2162 737 2217 etiam
779 2162 891 2215 ista
920 2159 1351 2229 dispensatorie
1392 2158 1667 2213 facii-bat.

633 2250 790 2304 Vers.
827 2250 914 2303 Η.
950 2247 1069 2302 Hoc
1111 2278 1175 2286 —
1217 2249 1488 2303 mortuis.
1533 2248 1728 2302 Prima
1759 2247 2026 2320 quidem,
2071 2263 2207 2302 cum

561 2344 711 2395 esset
735 2353 981 2409 vespera
1009 2336 1122 2390 diei
1156 2335 1312 2390 illius
1337 2352 1457 2407 quo
1495 2338 1812 2391 resurrexit
1843 2339 1911 2399 ‘°,
1942 2335 2212 2391 secunda

561 2435 782 2490 autem,
813 2431 947 2498 post
971 2426 1096 2480 dies
1115 2434 1247 2480 octo
1280 2428 1345 2488 ¹¹,
1374 2427 1543 2480 tertia
1560 2427 1848 2488 vero.hoc
1875 2427 1990 2480 die.
2015 2433 2213 2497 Appa-

561 2524 648 2574 ret
684 2518 904 2588 itaque,
937 2514 1100 2587 quod
1133 2520 1266 2587 post
1297 2515 1406 2568 hoc
1444 2519 1674 2584 tempus
1728 2515 2103 2569 ascenderint
2153 2515 2211 2569 in

562 2613 846 2668 montem,
877 2605 930 2659 in
962 2620 1083 2676 quo
1113 2604 1493 2658 constituerat
1526 2605 1628 2666 eis,
1660 2605 1910 2675 quando
1944 2603 2212 2658 videlicet

560 2712 785 2752 rursum
822 2695 1112 2750 admoniti
1145 2699 1276 2748 sunt
1323 2709 1358 2748 a
1400 2695 1649 2747 Domino
1692 2696 1757 2748 ".
1812 2693 2212 2749 Manifestatus

562 2791 653 2841 est
685 2790 881 2840 autem
921 2790 977 2838 et
1010 2783 1383 2843 mulieribus,
1416 2798 1550 2854 qua:
1582 2781 1888 2851 discipulae
1919 2788 2087 2836 erant
2116 2798 2128 2846 ;
2156 2787 2212 2836 et

562 2872 802 2928 duobus
831 2872 962 2936 illis,
997 2872 1065 2926 de
1097 2872 1319 2943 quibus
1347 2873 1504 2941 apud
1541 2873 1794 2925 Marcum
1833 2873 1897 2934 ”,
1932 2877 1987 2926 et
2021 2871 2209 2933 Petro,

565 2978 635 3018 ac
667 2962 897 3031 Cleopa
930 2962 976 2996 ¹⁶
1007 2977 1132 3015 cum
1164 2960 1323 3015 socio
1376 2959 1582 3031 ipsius.
1637 2961 1852 3014 Verum
1903 2958 2213 3030 discipulis

561 3050 757 3115 simul,
791 3051 898 3104 hac
920 3051 1046 3121 jam
1081 3050 1247 3105 tertia
1289 3049 1414 3104 vice
1449 3048 1857 3104 manifestatus
1881 3055 1986 3103 est.
2015 3051 2210 3119 Neque

562 3143 719 3195 enim
743 3141 1022 3195 continue
1059 3156 1193 3193 cum
1223 3140 1306 3191 eis
1333 3138 1699 3193 versabatur.
1737 3138 1832 3192 llic
1864 3146 2063 3192 autem
2095 3153 2210 3192 non

2325 551 2530 614 πλείους
2556 555 2655 624 γὰρ
2675 556 2724 604 οἱ
2741 552 2793 615 ἐξ
2815 551 2967 605 ἐθνῶν
2993 561 3091 605 τῶν
3114 553 3166 616 ἐξ
3183 553 3454 608 Ἰουδαίων
3482 573 3495 586 '
3531 553 3626 609 διὰ
3650 566 3753 608 τῶν
3778 567 3936 631 τριῶν

2327 637 2386 692 δε
2421 645 2514 698 τὴν
2542 642 2695 712 ἁγίαν
2726 639 2952 714 Τριοίδα,
2981 643 3054 704 εἰς
3087 643 3146 700 ἣν
3170 647 3494 697 πιστεύουσι.

2399 824 2497 872 Καὶ
2527 851 2594 859 —
2649 815 2884 876 δίκτυον.
2925 820 3048 892 Οὐχ
3075 824 3142 883 ὡς
3184 821 3432 895 ἰσχυρὸν,
3461 822 3570 876 ἀλλ’
3598 826 3671 886 ὡς
3699 833 3794 877 τοῦ
3822 831 3929 878 Κν-

2322 914 2439 981 ρίον
2468 917 2621 961 τοῦτο
2653 906 3080 981 δυναμώσαντος.

2395 1003 2546 1068 Λέγει
2587 1029 2654 1039 -
2707 997 3052 1067 ἀριστήσατε.
3091 1006 3197 1062 Τῆς
3252 1003 3392 1074 ὧρας
3442 1009 3536 1053 τοῦ
3569 1001 3791 1076 ἀρίστου
3821 1001 3928 1062 ἤδη

2322 1086 2628 1149 ἐπιστάσης.
2693 1087 2925 1160 [Ἔμελλε
2972 1088 3084 1160 (43)
3145 1092 3244 1162 γὰρ
3303 1094 3424 1153 τοὺς
3493 1097 3683 1153 πόνους
3760 1093 3932 1145 αὐτῶν

2323 1172 2676 1248 διαδέχεσθαι
2730 1176 3038 1236 ἀνάπαυσις.
3103 1179 3254 1240 Εἰκὸς
3308 1176 3367 1232 δε
3407 1187 3495 1233 καὶ
3548 1180 3604 1232 ἐκ
3655 1189 3760 1234 τῶν
3809 1203 3932 1234 πια-

2324 1266 2544 1317 σθέντων
2579 1265 2776 1335 ἰχθύων
2827 1270 2970 1328 τινας
3013 1265 3303 1327 ὀπτηθῆναι
3351 1273 3480 1341 πρὸς
3530 1269 3772 1322 ἐστίασιν
3805 1272 3930 1322 ὦων

2320 1362 2419 1405 τῶν
2469 1357 2735 1426 μαθητῶν,
2793 1360 2916 1418 τοὺς
2962 1356 3170 1417 λοιποὺς
3245 1354 3305 1410 δε
3352 1362 3540 1415 πένησι
3606 1356 3934 1432 διανεμηθῆ-

2321 1445 2452 1511 ναι.]

2392 1528 2584 1593 Οὐδεὶς
2614 1529 2671 1584 δε
2703 1565 2767 1572 -
2798 1536 2959 1588 ἐστιν.
2991 1540 3096 1593 Τὴν
3115 1534 3234 1605 ὄψιν
3248 1535 3408 1588 αὐτοῦ
3435 1535 3712 1608 βλέποντες
3737 1537 3933 1590 adlato—

2321 1625 2470 1694 τέραν
2491 1626 2578 1672 καὶ
2610 1621 3099 1682 ἐκπληκτικωτάτην
3126 1623 3394 1677 ἐϐούλοντο
3425 1630 3514 1696 μὲν
3537 1625 3704 1698 ἐρωτῆ
3716 1628 3931 1693 σαι,οὑκ

2321 1708 2544 1781 ἐτόλμων
2574 1707 2633 1763 δε
2664 1708 2860 1773 εἰδότες
2912 1713 3026 1784 (44)
3057 1712 3157 1766 ἀπὸ
3189 1723 3288 1766 τῶν
3319 1714 3599 1790 εἰρημένων
3633 1722 3934 1791 τεκμηρίων

2321 1801 2399 1851 ὁτι
2431 1802 2455 1850 ὁ
2491 1803 2676 1872 Κύριός
2704 1802 2868 1857 ἐστιν,

2391 1973 2644 2046 Ἔρχεται
2679 2005 2748 2015 -
2790 1977 3000 2047 ὁμοίως.
3033 1977 3220 2029 Οὐκέτι
3247 1977 3520 2032 ἀναϐλέπει
3554 1981 3626 2041 εἰς
3657 1984 3748 2032 τὸν
3779 1981 3924 2052 οὖρα-

2320 2065 2424 2124 νὸν,
2455 2059 2579 2115 οὐδε
2604 2065 2667 2115 τὰ
2699 2062 2993 2138 ἀνθρώπινα
3024 2065 3188 2118 ἐκεῖνα
3216 2075 3371 2132 ποιεί,
3405 2063 3660 2120 δεικνύων
3689 2071 3771 2120 ὁτι
3833 2068 3927 2120 ιά-

2321 2159 2462 2204 κείνα
2491 2153 2605 2205 κατ’
2637 2153 2932 2225 οἰκονομίαν
2964 2154 3147 2212 ἐποίει,

2389 2247 2552 2294 Τοῦτο
2606 2272 2672 2283 -
2723 2252 2932 2315 νεκρῶν.
3011 2252 3220 2317 Πρῶτον
3276 2249 3386 2317 μὲν,
3440 2249 3602 2306 οὔσης
3659 2247 3819 2316 ὀψίας
3871 2255 3934 2318 τῇ

2322 2332 2491 2403 ἡμέρα
2538 2330 2698 2404 ἐκείνη
2767 2334 2884 2384 καθ’
2945 2333 3005 2391 ἣν
3073 2333 3258 2392 ἀνέστη
3309 2355 3320 2368 ·
3384 2331 3625 2407 δεύτερον
3687 2333 3770 2400 δὶ,
3823 2339 3938 2408 μεθ’

2323 2422 2513 2491 ἡμέρας
2536 2420 2668 2472 ὀκτώ
2699 2441 2710 2453 ·
2737 2427 2912 2494 τρίτον
2944 2419 3024 2486 δὲ,
3057 2432 3144 2474 νῦν
3179 2443 3193 2456 ο
3246 2428 3482 2478 φαίνεται
3533 2421 3626 2476 οὖν
3671 2428 3752 2477 ὅτι
3809 2433 3940 2496 μετὰ

2322 2517 2474 2559 τοῦτο
2507 2508 2721 2567 ἀνῆλθον
2771 2512 2818 2561 οἰ
2850 2515 2965 2580 (45)
2997 2514 3232 2583 μαθηταὶ
3281 2512 3351 2573 εἰς
3396 2517 3455 2563 τὸ
3508 2517 3652 2584 ᾁοος,
3711 2514 3774 2564 οὗ
3818 2514 3940 2565 ἐτα-

2325 2597 2446 2659 ξατο
2478 2598 2675 2664 αὐτοῖς,
2727 2600 2808 2651 ὅτε
2868 2596 3077 2657 δηλαδὴ
3130 2604 3531 2674 προετράπησαν
3587 2598 3749 2663 αὖθις
3799 2607 3941 2672 παρα

2323 2695 2414 2737 τοῦ
2477 2692 2691 2761 κυρίου.
2740 2688 3062 2761 Ἐφανερωθη
3126 2693 3217 2760 μεν
3266 2687 3354 2742 οὖν
3422 2696 3511 2742 καὶ
3560 2698 3679 2751 ταῖς
3768 2695 3937 2763 μαθη-

2323 2781 2511 2839 τρίαις,
2542 2781 2765 2836 καὶτοῖς
2809 2782 2949 2849 παρὰ
2996 2786 3068 2848 τῷ
3128 2780 3323 2852 Μάρκῳ
3369 2776 3516 2842 δνσὶ,
3574 2785 3670 2831 καὶ
3723 2790 3804 2850 τῷ
3853 2787 3937 2832 Πε-

2324 2884 2449 2939 τρῳ,
2482 2871 2571 2917 καὶ
2613 2874 2722 2928 τοίς
2769 2873 2886 2938 περὶ
2947 2868 3177 2921 Κλεοπαν
3228 2873 3342 2938 (46)
3377 2873 3389 2898 ⁶
3419 2868 3551 2921 ἀλλὰ
3599 2879 3720 2931 τοῖς
3771 2874 3938 2943 fuit-

2324 2963 2439 3016 ταῖς
2467 2958 2613 3027 ὁμοῦ,
2653 2965 2803 3008 τοῦτο
2835 2954 2942 3015 ἤδη
2971 2964 3143 3032 τρίτον
3176 2960 3488 3031 ἐφανερώθη.
3537 2958 3646 3031 [0-5
3679 2965 3790 3032 γὰρ
3831 2965 3934 3028 (ὅτ)

2328 3054 2561 3115 συνεχῶς
2607 3046 2785 3107 αὐτοῖς
2833 3046 3210 3118 ἐπεχωρίαζεν,
3257 3048 3395 3101 Ἀλλ’
3449 3048 3683 3100 ἐνταῦθα
3726 3055 3826 3120 μὲν
3850 3052 3935 3100 οὐκ

2325 3132 2457 3185 εἶπεν
2498 3137 2575 3185 ὅτι
2612 3141 2699 3187 καί
2759 3136 2910 3196 αὐτὸς
2940 3140 3119 3208 ἔφαγεν
3148 3153 3162 3166 ·
3195 3134 3340 3208 οἶμαι
3374 3134 3452 3200 δε,
3489 3141 3560 3198 ὡς
3603 3147 3702 3190 τοῦ
3763 3147 3936 3191 Aemi

561 3228 727 3292 dixit,
757 3228 916 3299 quod
942 3233 996 3282 et
1018 3227 1145 3298 ipse
1165 3229 1489 3281 comederit
1516 3249 1524 3278 :
1550 3227 1681 3281 ideo
1706 3241 1869 3289 sane,
1894 3232 1954 3281 ut
1975 3227 2210 3296 opinor,

2335 3228 2410 3274 ιαὶ
2467 3231 2619 3275 τοῦτο
2689 3220 3015 3285 δηλώσαντος
3078 3224 3127 3276 ἐν
3192 3234 3254 3297 τῇ
3317 3225 3479 3298 βίϐλῳ
3533 3235 3640 3278 τῶν
3669 3230 3937 3299 Πράξεων,

564 3318 718 3388 quod
741 3317 851 3372 hoc
879 3319 1056 3372 etiam
1085 3316 1500 3383 signiﬁcaverit
1527 3319 1709 3370 Lucas
1733 3315 1878 3369 libro
1913 3319 2207 3377 Actorum.

566 3407 664 3463 ubi
686 3408 768 3463 ait
795 3406 1000 3462 Petrus
1027 3425 1038 3461 :
1076 3405 1436 3460 Comedimus
1467 3411 1518 3459 et
1545 3403 1792 3460 bibimus
1812 3421 1939 3460 cum
1971 3419 2035 3459 eo
2058 3411 2215 3475 pos!-

563 3513 740 3569 quam
755 3496 1017 3551 surrexit
1031 3511 1065 3550 a
1081 3499 1329 3549 mortuis
1361 3495 1427 3546 ¹³.

635 3587 827 3640 Vers.t
852 3589 901 3639 5.
921 3585 1061 3639 Cum
1080 3614 1136 3624 —
1159 3590 1232 3638 te.
1251 3614 1316 3621 —
1333 3584 1537 3638 Simon
1559 3582 1843 3651 ﬁtiJona,
1877 3582 2079 3651 diligis
2127 3598 2213 3636 me

561 3677 694 3746 plus
719 3691 895 3746 quam
930 3673 992 3728 hi
1022 3678 1049 3729 ?
1077 3672 1241 3727 llunc
1273 3678 1468 3727 autem
1499 3671 1692 3727 solum
1725 3672 2046 3740 interrogat
2074 3678 2213 3725 tan-

563 3781 751 3838 quam
777 3764 1101 3835 principem
1132 3767 1187 3817 et
1214 3777 1279 3816 os
1301 3760 1748 3831 discipulorum.
1773 3763 2002 3824 Verum,
2034 3759 2211 3815 curid

565 3851 730 3925 quod
764 3851 943 3914 novit,
1004 3853 1338 3920 interroget,
1369 3850 1427 3903 in
1479 3849 1866 3921 sequentibus
1919 3849 2207 3904 dicemus.

635 3943 799 3996 Vers.
827 3941 913 3992 li».
933 3940 1030 3992 Ait
1052 3970 1117 3978 —
1139 3954 1310 3993 meos.
1339 3938 1658 4008 Discipulos
1681 3938 1818 3991 dicit
1840 3953 2029 4008 agnos
2048 3953 2206 4005 suos,

563 4035 855 4102 tanquam
908 4033 1112 4101 pastor
1151 4043 1356 4082 eorum
1392 4042 1536 4097 quos
1565 4027 1742 4080 etiam
1788 4042 1929 4081 oves
1972 4042 2210 4081 rursum

559 4125 751 4176 vocat.
787 4117 1007 4184 Quaerit
1035 4133 1176 4185 ergo
1203 4115 1535 4171 dilectionis
1567 4131 1708 4182 erga
1741 4132 1799 4169 se
1839 4115 2209 4172 demonstra-

561 4210 804 4272 tionem,
821 4215 1200 4279 puta,curam
1216 4222 1441 4261 eorum:
1460 4207 1786 4260 etanimam
1810 4206 2210 4276 ipsius,quam

561 4314 672 4370 pro
717 4304 1078 4369 praeceptore
1130 4312 1192 4350 se
1243 4295 1572 4367 positurum
1624 4295 1998 4366 promiserat,
2046 4296 2206 4367 petit,

562 4391 626 4442 ut
664 4403 769 4458 pro
808 4384 1115 4456 discipulis
1149 4389 1353 4456 ponat.

633 4475 800 4531 Vers.
839 4480 921 4530 t6.
947 4474 1114 4528 Dicit.
1146 4503 1211 4513 —
1244 4472 1410 4527 Vers.
1455 4472 1539 4526 i7.
1575 4479 1644 4527 te.
1676 4471 1939 4527 Christus
1970 4472 2207 4545 quidem

562 4570 730 4621 terna
747 4564 868 4618 vice
885 4565 1258 4630 interrogans
1281 4565 1334 4616 et
1353 4561 1755 4632 idemjubens,
1778 4563 2132 4630 manifestat,
2149 4579 2209 4617 se

560 4653 803 4710 maximi
825 4652 1016 4708 facere
1044 4650 1476 4723 prmsidentiam
1501 4665 1679 4720 super
1699 4649 2021 4721 discipulos
2048 4667 2206 4716 suos,

561 4748 619 4799 et
646 4742 802 4799 hanc
834 4741 996 4797 omni
1033 4756 1176 4795 cura
1206 4739 1369 4794 ducit
1411 4739 1699 4808 majorem
1736 4757 1747 4805 ;
1782 4738 1979 4793 Petrus
2010 4747 2208 4796 autem

560 4832 777 4888 trinam
816 4830 1030 4886 timens
1063 4828 1610 4898 interrogationem,
1641 4833 1694 4882 et
1728 4827 2088 4899 suspicatus,
2135 4844 2209 4884 ne

562 4919 712 4976 forte
725 4923 959 4992 putaret
987 4935 1048 4974 se
1076 4933 1302 4983 amare,
1325 4933 1441 4972 non
1472 4922 1665 4972 tamen
1683 4923 1911 4973 amaret
1939 4933 1952 4968 :
1988 4933 2131 4973 nam
2152 4924 2211 4974 et

565 5009 731 5081 prius
761 5011 1089 5080 putaverat,
1121 5022 1182 5062 se
1211 5021 1527 5079 nunquam
1572 5021 1697 5061 esse
1746 5010 2125 5075 negaturum,
2155 5011 2210 5064 et

635 5135 684 5171 1°
723 5135 892 5192 Joan.
921 5150 1020 5200 xx,
1068 5138 1152 5190 l9.
1291 5135 1332 5170 ¹¹
1377 5132 1636 5190 ibid.26.

558 5221 620 5276 ι,
657 5205 747 5261 41.

1760 5134 1806 5167 ¹²
1834 5132 2036 5189 Matth.
2059 5149 2258 5204 xxxm,
2295 5137 2380 5191 t6.

2323 3313 2440 3362 ἔνθα
2495 3318 2656 3383 φησὶν
2713 3315 2738 3364 ὁ
2791 3319 2980 3387 Πέτρος
3040 3318 3120 3367 ὅτι
3182 3317 3533 3387 Σννεφοξγομεν
3606 3322 3694 3367 καί
3791 3337 3938 3369 συνε-

2323 3406 2502 3472 πίομεν
2587 3401 2748 3471 αὐτῷ,
2824 3406 2949 3474 μετά
3018 3407 3076 3455 τὸ
3139 3403 3426 3462 ἀναστῆναι
3511 3404 3677 3456 αὐτὸν
3763 3410 3822 3458 ὲκ
3871 3428 3938 3458 νει

2323 3489 2506 3560 κρὼν.]

2395 3579 2517 3632 "Or:
2548 3611 2614 3620 —
2648 3599 2722 3634 σε.
2781 3612 2848 3621 -
2902 3586 3068 3653 Σίμων
3124 3585 3202 3635 υἱὲ
3251 3591 3341 3635 τοῦ
3399 3583 3563 3649 Ἰωνᾶ,
3627 3583 3852 3655 ἀγαπᾷς
3880 3605 3932 3656 με

2320 3667 2490 3720 πλεῖον
2521 3671 2549 3727 ἦ
2586 3670 2765 3734 οὗτοι;
2799 3673 2991 3725 Τοῦτον
3024 3667 3084 3724 δε
3121 3679 3274 3743 μονον
3303 3671 3485 3746 ἐρωτᾷ,
3533 3676 3603 3735 ὡς
3646 3683 3931 3746 aegyptios

2320 3763 2408 3809 καὶ
2437 3763 2606 3829 στόμα
2637 3767 2735 3810 των
2774 3761 3036 3830 μαθητῶν.
3070 3762 3223 3822 Τίνος
3251 3758 3310 3814 δέ
3328 3765 3490 3836 χάριν
3520 3761 3694 3837 ἐρωτᾷ
3717 3765 3745 3815 ὃ
3773 3762 3926 3826 οἶδεν,

2320 3847 2532 3919 ἐροῦμεν
2560 3854 2839 3921 προίόντες.

2391 3941 2540 4006 Λέγει
2568 3968 2631 3977 -
2657 3957 2778 4008 μου,
2813 3938 2942 4000 Τοὺς
2969 3941 3210 4010 μαθητὰς
3243 3937 3391 4013 ἀρνία
3424 3943 3617 3993 ἑαυτοῦ
3649 3961 3842 4013 φησιν,
3871 3946 3930 4002 ὡς

2318 4031 2513 4097 ποιμὴν
2566 4026 2755 4090 αὐτῶν,
2788 4027 2876 4087 οῦς
2906 4034 2994 4080 καί
3049 4028 3290 4101 πρόϐατα
3343 4029 3496 4080 πάλιν
3553 4032 3726 4085 καλεῖ.
3785 4039 3932 4089 Ζητεί

2320 4111 2407 4165 οὖν
2435 4111 2700 4178 ἀπόδειξιν
2728 4123 2818 4176 τῆς
2850 4116 2920 4177 εἰς
2947 4118 3036 4168 αὐτ
3049 4122 3104 4169 ὸν
3127 4117 3354 4188 ς,
3395 4123 3490 4176 τὴν
3521 4121 3824 4191 ἐπιμέλειαν
3847 4123 3930 4173 αὐ-

2319 4213 2440 4268 τῶν,
2469 4210 2554 4256 καὶ
2589 4209 2680 4263 τὴν
2724 4205 2909 4276 ψυχὴν
2937 4207 3119 4270 αὑτοῦ,
3153 4207 3216 4264 ἣν
3246 4208 3358 4277 (48)
3391 4207 3712 4279 ἐπήγγελται
3777 4213 3926 4262 θεῖναι

2319 4291 2444 4366 ὑπέρ
2471 4302 2562 4346 τοῦ
2611 4291 2963 4363 διδασκάλου,
3007 4300 3202 4354 ταύτην
3225 4295 3434 4348 ἁπαιτεί
3463 4299 3629 4349 θεῖναι
3675 4301 3813 4374 ὑπὲρ
3834 4309 3922 4350 τὼν

2319 4383 2586 4453 μαθητῶν,

2393 4476 2544 4542 Λέγει
2592 4503 2661 4513 —
2714 4491 2790 4527 σε.

2319 4565 2408 4611 και
2465 4564 2530 4612 τὰ
2588 4562 2721 4613 αὐτὰ
2773 4563 3057 4615 ἐπιτάττων
3110 4562 3340 4636 ἐμφαίνει
3395 4566 3474 4615 ὅτι
3531 4561 3754 4639 σφόδρα
3815 4572 3926 4639 περὶ

2854 4472 2915 4525 Ὀ
2963 4479 3053 4545 μέν
3093 4477 3323 4549 Χριστὸς
3372 4473 3425 4526 ἐκ
3481 4481 3663 4547 τρίτου
3731 4478 3926 4551 igtur-in

2318 4649 2508 4701 πολλοῦ
2538 4654 2734 4703 τίθεται
2789 4657 2882 4709 τὴν
2933 4659 3260 4725 προστασίαν
3309 4660 3408 4704 τῶν
3464 4650 3616 4705 ἰδίων
3645 4658 3926 4725 μαθητῶν,

2319 4743 2407 4790 καί
2456 4742 2651 4797 ταύτην
2691 4740 2898 4801 ἁπάσης
2957 4743 3230 4816 θεραπείας
3281 4743 3490 4813 ἡγεῖται
3561 4745 3811 4814 μείζονα,
3875 4745 3924 4794 ὐ

2321 4823 2380 4879 δε
2429 4833 2641 4903 Πέτρος,
2694 4833 2753 4882 τὸ
2829 4830 3073 4904 τριπλοῦν
3133 4839 3227 4892 τῆς
3305 4830 3604 4903 ἐρωτήσεως
3661 4833 3920 4906 φοϐηθεὶς,

2318 4923 2407 4971 καὶ
2459 4920 2787 4980 ὑποπτεύσας
2831 4926 3032 4992 μήποτε
3086 4917 3217 4993 δοκῇ
3296 4923 3387 4993 μὲν
3438 4921 3622 4994 φιλεῖν,
3677 4924 3740 4974 οὐ
3804 4923 3922 4995 pini

2322 5005 2382 5061 δέ
2441 5023 2454 5038 ⁸
2506 5013 2595 5060 καὶ
2649 5011 2748 5082 γὰρ
2795 5015 2885 5062 καὶ
2942 5014 3189 5083 πρότερον
3275 5006 3445 5062 ἐδόκει
3501 5013 3595 5084 μὲν
3664 5009 3926 5084 μηδέποτε

2510 5136 2556 5171 ¹⁸
2589 5137 2762 5193 Marc.
2790 5152 2909 5203 xvx,
2948 5138 3028 5192 12.
3165 5137 3210 5172 ii
3240 5137 3378 5194 Luc.
3404 5151 3566 5206 xxiv,
3601 5137 3694 5204 18,
3733 5141 3781 5176 η
3808 5140 3926 5194 Act.

1765 5329 1985 5398 Variae
2015 5329 2344 5400 lectiones
2377 5343 2442 5402 et
2481 5339 2685 5403 notae.

659 5527 749 5585 43)
790 5526 1020 5584 Inclusa
1054 5527 1269 5585 omittit
1298 5531 1362 5585 A.

658 5599 748 5660 44)
789 5599 987 5660 ἰδὸτες
1013 5606 1074 5655 Α.

634 5670 750 5744 (45)
792 5676 858 5744 Oi
887 5673 1122 5743 μαθηταὶ
1163 5670 1376 5728 omittit
1406 5671 1462 5727 Β.

633 5743 750 5825 (46)
769 5743 1015 5798 Κλεώπαν
1052 5745 1115 5802 Β.

2393 5533 2504 5601 (47)
2539 5530 2775 5588 lnclusa
2805 5529 3021 5590 omittit
3047 5539 3109 5588 Δ.

2537 5603 2732 5694 Codex
2759 5603 3051 5694 i3_babet
3095 5602 3398 5694 ἐπηγγέλλε,
3569 5612 3742 5693 ρεεθι
3779 5604 3931 5694 ἐτη,

2320 5673 2543 5751 γέλλετο.
2619 5675 2951 5734 Hentenius
3025 5673 3281 5734 fortasse
3360 5677 3503 5751 legit
3561 5673 3926 5755 ἐπηγγείλατο.
