4076 6436
169 371 308 427 4497

1209 370 1573 428 COMMENT.
1615 370 1692 425 IN
1727 368 2079 426 JOANNEM.
2120 395 2188 414 -ο
2228 372 2386 428 CAP.
2421 373 2566 428 XXI.

3392 377 3540 433 use

165 495 576 570 ἀπαρνήσασθαι
629 495 810 563 αὐτόν,
867 494 1210 570 ἀπρνήσατο
1274 492 1334 548 δέ
1363 512 1376 526 ·
1428 500 1517 547 καὶ
1571 513 1758 566 σωφροι

1883 498 2086 550 tamen
2109 496 2367 565 negavit.
2398 496 2889 556 etmodestiorem
2908 499 3106 571 ipsum
3130 513 3199 554 ac
3226 498 3536 556 meliorem

161 589 395 658 νέστερον
453 585 608 637 αὐτὸν
655 589 745 636 καὶ
800 582 1042 656 βελτίονα
1113 587 1173 638 τὸ
1229 585 1397 645 πάθος
1465 586 1624 636 ἑκείνο
1685 601 1770 635 πει

164 677 373 729 ποίηκεν
407 688 420 700 ·
482 671 737 740 ἐλυπήθη,
796 670 1092 746 ἐταράχθη,
1142 670 1456 746 ἰθορυϐήθη,
1509 677 1612 724 Καὶ
1666 670 1766 723 λοι-

159 765 255 814 πόν
317 761 470 813 αύτὸν
523 763 593 822 ὡς
643 763 814 814 πάντα
879 765 998 833 πρὶν
1063 764 1305 832 γενέσεως
1363 761 1530 813 αὐτῶν
1588 756 1768 812 εἰδότα

159 851 400 924 μάρτυρα
460 856 706 917 ποιεῖται,
757 853 846 901 καὶ
901 849 1038 920 λέγει
1072 866 1084 878 ·
1119 853 1186 901 Σὺ
1245 849 1411 901 πάντα
1460 845 1630 911 οἶδας,
1675 853 1765 899 καὶ

157 941 224 990 τά
272 945 379 1002 νῦν,
443 944 532 990 καὶ
588 941 655 990 τὰ
711 938 977 1010 μέλλοντα,
1033 940 1104 1000 ὡς
1158 940 1309 1004 Θεὸς,
1377 942 1442 990 σὺ
1494 943 1765 1008 γινώσκεις

153 1028 237 1079 ὅτι
269 1027 397 1098 φιλῶ
429 1045 488 1079 σε
513 1034 602 1078 νῦν
653 1026 948 1098 όλοψύχως,
1007 1031 1098 1078 καὶ
1145 1022 1297 1079 ούδεν
1345 1026 1493 1078 πλέον
1523 1025 1658 1097 λέγει
1704 1029 1762 1078 τό

156 1115 334 1187 μέλλον
414 1113 630 1186 ἀγνοῶν.
726 1120 825 1168 Καὶ
893 1117 994 1190 γὰρ
1068 1119 1158 1167 καὶ
1219 1121 1398 1186 πρώην
1473 1112 1763 1166 ἀντιτείνων

150 1204 395 1274 ἠλέγχθη
484 1206 652 1276 μάτην
709 1204 1129 1277 ἰσχυριζόμενος,
1182 1204 1362 1277 Ἀρνία
1429 1208 1600 1256 τοίνυν
1671 1208 1762 1255 καὶ

153 1292 393 1367 πρόϐατα
422 1295 470 1344 οἱ
499 1295 732 1364 μαθηταὶ
764 1289 857 1345 διὰ
889 1297 947 1344 τὸ
983 1294 1177 1344 ἄκακον
1227 1297 1316 1344 καὶ
1363 1296 1645 1366 πρόχειρον
1691 1293 1762 1354 εἷς

151 1386 374 1452 σφαγήν.
413 1385 512 1434 Καὶ
544 1377 689 1442 αὖθις
733 1380 886 1456 ἀρνία
915 1384 1004 1453 μεν
1047 1383 1096 1433 οἱ
1143 1379 1484 1453 ἀτελέστεροι,
1525 1379 1764 1454 πρόϐατα

151 1466 213 1522 δὲ
241 1471 290 1522 οἱ
320 1469 639 1544 τελειότεροι.

224 1561 476 1630 Πρότερον
505 1562 595 1629 μὲν
625 1554 712 1610 οὖν
741 1554 834 1610 δ’ιά
863 1566 962 1610 τῶν
979 1566 1175 1630 πικρῶν
1205 1557 1404 1609 ἐκείνων
1428 1554 1669 1630 δακρύων
1691 1566 1762 1628 τῷ

152 1650 332 1720 Πέτρῳ
380 1651 473 1704 τὴν
511 1642 708 1703 κηλίδα
737 1654 831 1707 τῆς
861 1643 1127 1721 ἀρνήσεως
1172 1644 1596 1717 ἀπολουσαμένῳ,
1645 1647 1763 1719 οἶρτι

148 1731 215 1786 δὲ
235 1735 389 1786 πάλιν
422 1733 534 1786 ἀντὶ
558 1742 655 1796 τῆς
679 1733 898 1808 τριπλῆς
943 1733 1205 1809 ἀρνήσεως
1237 1734 1456 1805 τριπλῆν
1482 1734 1761 1806 ὁμολογίαν

147 1823 510 1894 εἰσενεγκόντι,
541 1827 632 1874 καὶ
662 1828 776 1874 τότε
820 1825 908 1894 μὲν
958 1825 1110 1897 ἔργῳ,
1163 1830 1250 1874 νῦν
1305 1819 1364 1874 δι
1415 1822 1548 1893 λόγῳ
1578 1826 1636 1874 τό
1670 1820 1762 1874 διὰ
1789 1829 1828 1882 Β

140 1911 306 1982 λόγου
355 1911 566 1982 σφάλμα
604 1911 719 1981 (49)
763 1913 1050 1983 θεραπεύει,
1081 1915 1174 1970 τὴν
1213 1915 1559 1982 ποιμαντικὴν
1591 1910 1763 1982 ἐγχει-

143 2001 284 2072 ρίζει
315 2007 411 2060 τῆς
440 1999 762 2071 οἰκόυμένης.

219 2083 351 2140 Εἶτα
401 2087 761 2160 παραϐολικῶς
828 2089 1115 2160 προμηνύει
1172 2086 1313 2157 αύτῷ
1377 2092 1466 2139 καὶ
1535 2090 1620 2139 τὸν
1670 2083 1761 2138 διὰ

144 2182 383 2246 σταυροῦ
443 2177 678 2240 θάνατον,
862 2174 1193 2234 τελειωθῆναι
1249 2175 1440 2247 ἔμελλε,
1515 2171 1760 2227 δεικνύων

142 2261 376 2315 ἐντεῦθεν
429 2266 509 2315 ὅτι
551 2263 646 2316 οὐκ
705 2263 900 2335 ἀγνοῶν
950 2260 1074 2316 οάδι
1119 2263 1351 2316 ἀπιστῶν
1399 2263 1540 2334 αὐτῷ
1597 2264 1760 2335 ἔλεγεν

139 2351 273 2424 άπερ
329 2351 512 2423 ἔλεγεν.
566 2351 859 2404 Ἠπίστατο
905 2355 1004 2426 γὰρ
1062 2354 1196 2404 πάνυ
1246 2356 1303 2404 τό
1363 2349 1619 2424 διάπυρον
1667 2362 1762 2415 τῆς

137 2439 212 2500 εἰς
271 2438 431 2491 αὐτόν
500 2439 723 2512 ἀγάπης,
785 2439 891 2491 ἀλλ’
947 2441 1029 2492 ἶνα
1095 2447 1200 2511 γνῷ
1266 2445 1356 2492 καὶ
1435 2441 1583 2500 αύτός
1669 2446 1758 2492 καὶ

133 2530 331 2588 πάντες
391 2530 470 2580 ὅτι
527 2525 738 2600 σφόδρα
792 2533 912 2602 περὶ
970 2528 1158 2581 πολλοῦ
1230 2531 1429 2582 τίθεται
1483 2534 1578 2587 τὴν
1637 2548 1761 2602 προ-

137 2621 366 2669 στασίαν
420 2625 517 2669 τῶν
580 2613 728 2669 ἰδίων
795 2618 1063 2688 μάθητῶν,
1145 2620 1210 2678 ὡς
1279 2617 1510 2692 ἀνωτέρω
1590 2614 1758 2675 δεδή-

133 2705 304 2756 λωται
315 2744 326 2756 .

204 2794 388 2865 Ἀμὴν
477 2823 543 2833 --
616 2793 806 2852 ἤθελες.
864 2790 988 2844 Ὀτε
1063 2790 1344 2864 ἰτύγχανες
1412 2792 1753 2866 ἀτελέστερος,

132 2883 233 2934 Imb
294 2886 387 2932 τὸν
443 2881 766 2950 ἀτελέστερον
828 2884 981 2949 νόμον
1031 2883 1117 2930 τόν
1175 2885 1456 2932 Μωσαῐκὸν
1507 2887 1753 2954 κείμενος,

122 2971 420 3040 ἡτοίμαζες
471 2971 688 3019 σεαυτόν
741 2969 871 3040 πρὸς
923 2965 948 3017 ὃ
1005 2964 1238 3029 ἰϐούλου,
1307 2969 1396 3016 καὶ
1455 2963 1636 3035 διῆγες
1690 2971 1754 3024 ὡς

119 3057 332 3116 ἤθελες.

1881 582 1984 654 (ff)
2023 582 2271 639 affectus
2316 583 2412 640 ille
2441 585 2800 651 reddiderat,
2857 602 3113 643 maerore
3144 585 3391 642 affectus
3424 591 3529 652 est,

1879 670 2156 728 turbatus
2180 675 2286 736 est,
2326 672 2508 729 etiam
2561 673 2782 746 ipsum,
2832 681 2892 731 ut
2943 676 3046 749 qui
3075 676 3282 732 omnia
3331 680 3533 732 nosset

1878 758 2230 832 priusquam
2277 759 2500 826 ﬁerent,
2533 766 2742 818 testem
2770 763 2908 820 facit
2931 770 2988 821 et
3034 764 3160 821 ait:
3203 765 3288 820 Tu
3337 764 3532 820 omnia

1873 848 2052 910 nosti,
2097 854 2153 904 et
2179 848 2490 919 praesentia
2523 853 2579 904 et
2626 866 2762 923 quae
2793 852 2991 908 futura
3019 857 3178 918 sunt,
3234 857 3527 924 tauquam

1874 934 2032 990 Deus
2057 951 2070 1001 ;
2097 940 2160 992 tu
2190 936 2329 1001 scis,
2363 936 2527 1009 quod
2558 953 2715 995 nunc
2739 943 2856 995 toto
2887 940 3064 996 corde
3090 945 3147 996 te
3191 955 3390 997 amem
3424 957 3438 1006 ;
3473 945 3531 998 et

1873 1021 2020 1077 nihil
2037 1022 2296 1094 amplius
2310 1023 2474 1087 dicit,
2500 1023 2783 1094 ignorans
2804 1027 2950 1099 quid
2967 1027 3234 1084 futurum
3257 1026 3355 1082 sit.
3378 1027 3530 1085 Nam

1872 1110 2056 1182 paulo
2074 1116 2229 1177 ante,
2254 1128 2392 1167 cum
2418 1114 2892 1179 contradixisset,
2919 1117 3228 1172 convictus
3248 1116 3529 1188 estquod

1873 1214 2090 1255 vanam
2111 1200 2377 1257 habuerit
2397 1201 2471 1257 de
2494 1218 2557 1257 se
2586 1201 2886 1259 ﬁduciam.
2909 1204 3058 1273 Agni
3081 1205 3282 1276 itaque
3312 1207 3368 1260 et
3385 1219 3526 1260 oves

1872 1286 2150 1343 dicuntur
2165 1287 2440 1360 discipuli
2465 1297 2705 1360 propter
2729 1291 3172 1364 simplicitatem
3191 1308 3260 1348 ac
3286 1307 3526 1364 promp-

1871 1375 2187 1432 titudinem
2217 1376 2295 1431 ad
2324 1377 2460 1445 hoc,
2499 1383 2558 1433 ut
2588 1377 2990 1435 immolentur.
3025 1378 3091 1435 Et
3116 1395 3354 1435 rursum
3383 1380 3524 1450 agni

1871 1463 2119 1534 quidem
2146 1465 2617 1538 imperfectiores,
2670 1482 2812 1522 oves
2854 1473 3075 1533 autem,
3118 1468 3520 1540 perfectiores.

1946 1551 2116 1608 Petro
2139 1552 2339 1626 itaque
2371 1555 2497 1625 (gg)
2516 1555 2800 1626 pascendi
2824 1571 3025 1611 curam
3049 1572 3118 1612 ac
3147 1557 3524 1625 gubernatio-

1873 1656 2012 1696 nem
2034 1642 2365 1708 committit,
2394 1647 2458 1697 ut
2486 1643 2588 1714 qui
2619 1647 2675 1698 et
2701 1644 2865 1713 prius
2885 1643 3522 1716 amarisillislacrymis

1875 1728 2208 1799 negationis
2240 1730 2532 1787 maculam
2561 1730 2816 1787 abluerit
2844 1737 2901 1788 et
2939 1747 3098 1788 nunc
3136 1749 3374 1788 rursum
3415 1749 3522 1804 pro

1873 1817 2025 1873 trina
2056 1819 2370 1886 negatione
2422 1819 2637 1874 trinam
2669 1818 2878 1875 offerat
2931 1819 3366 1877 confessionem
3413 1836 3424 1874 :
3466 1824 3523 1876 et

1873 1909 2014 1962 tunc
2043 1906 2287 1978 quidem
2317 1923 2517 1978 opere,
2545 1923 2705 1962 nunc
2733 1911 2929 1963 autem
2963 1907 3144 1963 verbo
3172 1907 3383 1979 lapsui,
3416 1908 3521 1980 qui

1871 1994 2056 2050 verbo
2082 1995 2272 2051 factus
2303 2001 2409 2060 est,
2445 1995 2736 2052 medetur.

1945 2083 2162 2140 Deinde
2202 2083 2540 2156 parabolice
2581 2083 2938 2156 praenuntiat
2962 2083 3011 2139 ei
3055 2083 3261 2140 mortis
3309 2099 3515 2154 genus,

1868 2171 2034 2243 quod
2059 2186 2166 2243 per
2188 2187 2423 2227 crucem
2453 2183 2610 2227 esset
2649 2176 2705 2226 et
2741 2172 2866 2243 ipse
2915 2171 3237 2227 moriturus
3281 2187 3293 2225 :
3329 2179 3520 2227 osten-

1867 2259 2042 2328 dens,
2085 2260 2246 2332 quod
2281 2275 2401 2316 non
2452 2266 2736 2332 tanquam
2787 2260 3096 2330 ignorans,
3129 2264 3233 2315 aut
3273 2258 3353 2314 illi
3397 2275 3519 2316 non

1869 2347 2117 2404 credens
2145 2347 2400 2414 dicebat,
2449 2365 2581 2420 quae
2611 2347 2865 2415 dicebat,
2899 2363 3036 2403 cum
3066 2347 3290 2419 optime
3324 2351 3520 2404 nosset

1868 2437 2161 2493 fervorem
2192 2437 2522 2492 dilectionis
2547 2437 2676 2510 ejus
2708 2452 2850 2508 erga
2877 2453 2958 2500 se,
2988 2435 3099 2492 sed
3131 2442 3194 2491 ut
3219 2441 3276 2492 et
3296 2437 3420 2508 ipse
3461 2441 3520 2493 et

1867 2541 2078 2581 omnes
2107 2531 2557 2596 cognoscerent,
2598 2527 2762 2597 quod
2803 2525 3044 2597 plurimi
3075 2524 3292 2580 faceret
3321 2525 3519 2596 priesi-

1866 2613 2157 2669 deuttiam
2186 2629 2364 2685 super
2393 2613 2719 2686 discipulos
2747 2629 2908 2678 suos,
2933 2611 3114 2669 veluti
3143 2613 3418 2684 superius
3438 2612 3516 2667 si-

1867 2701 2217 2772 gnificatum
2247 2707 2353 2758 est.

1936 2792 2100 2845 Vers.
2134 2795 2216 2845 t8.
2249 2792 2437 2847 Amen
2463 2820 2532 2831 —
2559 2790 2810 2846 volebas.
2837 2793 2984 2846 Cum
3017 2804 3182 2845 esses
3210 2788 3518 2860 imperfec-

1865 2877 1976 2934 tior
2022 2878 2136 2934 sub
2179 2878 2595 2949 imperfectiori
2628 2879 2882 2934 Mosaica
2935 2877 3064 2946 lege
3107 2876 3460 2932 constitutus
3499 2892 3514 2931 :

1863 2965 2124 3032 parabas
2159 2971 2215 3019 te
2241 2964 2320 3018 ad
2349 2964 2410 3017 id
2439 2963 2599 3032 quod
2630 2963 2936 3033 cupiebas,
2969 2967 3025 3018 et
3071 2964 3256 3018 vitam
3296 2963 3517 3032 agebas

1866 3054 1931 3103 ut
1969 3051 2234 3104 volebas.

198 3143 371 3195 Ὀταν
446 3171 515 3181 -
575 3141 756 3202 θέλεις,
835 3140 998 3192 Ὀταν
1053 3140 1165 3211 (50)
1225 3137 1284 3192 δὲ
1356 3139 1626 3211 τελειωθῇς
1685 3139 1757 3200 εἰς

1937 3135 2101 3191 Vers.
2118 3135 2204 3190 18.
2229 3136 2416 3192 Ubi-
2431 3137 2534 3192 vis.
2575 3135 2674 3192 Ubi
2689 3142 2878 3193 autem
2895 3136 2954 3192 in
2973 3137 3167 3192 virum
3185 3138 3515 3209 perfectum

123 3229 310 3306 ἄνδρα
359 3230 572 3297 τέλειον,
616 3230 682 3291 εἰς
736 3233 920 3305 μέτρον
979 3229 1181 3288 ἡλικίας
1233 3237 1601 3300 πνευματικῆς,
1657 3230 1756 3280 ύπό

122 3330 220 3374 τοῦ
267 3319 470 3372 τελείου
518 3323 698 3391 νόμου,
746 3326 841 3370 τοῦ
886 3317 1241 3389 εύαγγελικοῦ,
1293 3317 1753 3388 καταρτιζόμενος,

123 3410 350 3468 ἐκτενεῖς
390 3410 487 3468 τάς
530 3409 718 3480 χεῖράς
763 3425 857 3458 σου
903 3406 989 3458 ἐπὶ
1043 3412 1298 3480 σταυροῦ,
1352 3411 1441 3456 καὶ
1498 3405 1650 3466 ἄλλος
1699 3425 1756 3457 σε

124 3499 346 3572 σφίγξαι
377 3503 493 3556 τοῖς
530 3495 692 3558 ἣλοις,
731 3500 822 3547 καὶ
870 3494 1041 3568 ἀγάγῃ
1095 3495 1210 3566 (51)
1255 3494 1328 3554 εἰς
1381 3495 1618 3559 θάνατον,
1677 3494 1752 3561 ὃν,

121 3588 167 3641 εἰ
221 3591 317 3639 καὶ
383 3585 544 3646 θέλεις
595 3592 656 3656 τῇ
714 3587 1034 3660 προαιρέσει,
1105 3582 1163 3634 ού
1230 3582 1384 3643 θέλεις
1436 3591 1499 3655 τῇ
1580 3586 1750 3655 φύσει,

119 3677 407 3749 Συμπαθεί
459 3676 564 3746 γάρ
617 3675 647 3731 ἡ
707 3672 862 3744 ψυχὴ
917 3679 988 3742 τῷ
1036 3676 1241 3744 σώματι
1282 3667 1376 3723 διὰ
1425 3675 1520 3728 τὴν
1577 3674 1754 3743 φύσιν,

116 3771 209 3818 καὶ
262 3767 485 3817 ἄκουσα
539 3761 952 3836 ἀπορρήγνυται,
1001 3768 1155 3812 τοῦτο
1217 3767 1310 3812 τοῦ
1365 3767 1502 3813 Θεοῦ
1558 3779 1757 3832 συμφε-

114 3859 320 3930 ρόντως
378 3853 850 3923 οἰκονομήσαντος,
913 3851 1086 3909 καθὼς
1147 3853 1238 3900 καὶ
1292 3847 1528 3919 ἀλλαχοῦ
1595 3844 1755 3905 δεδὴ,

114 3945 302 4010 λωται,
362 3943 451 3994 ἵνα
516 3945 586 4012 μὴ
648 3941 784 3990 κατά
830 3942 1140 4011 περίστασιν
1216 3937 1443 4009 εὐχερῶς
1507 3935 1754 3988 ἀνελωσιν

112 4032 336 4095 ἑαυτούς
377 4033 431 4084 οὶ
487 4029 768 4101 ἄνθρωποι,
825 4027 885 4079 Εἰ
939 4028 1040 4099 γὰρ
1091 4029 1180 4077 καὶ
1219 4032 1309 4084 τῆς
1359 4025 1544 4096 ψυχῆς
1591 4025 1753 4087 οὕτως

117 4121 366 4197 ἰσχυρῶς
418 4119 881 4190 ἀποστρεφομένης
911 4119 1005 4172 τὴν
1060 4109 1326 4175 διάζευξιν
1358 4121 1448 4164 τοῦ
1492 4119 1749 4184 σώματος,

118 4210 307 4283 ἰσχύει
356 4209 615 4266 πολλάκις
676 4207 701 4256 ό
758 4203 951 4277 ἐχθρός
1000 4221 1144 4263 τινας
1215 4200 1532 4276 ἐργάζεσθαι
1591 4207 1752 4272 φονεῖς

115 4299 316 4352 ἑαυτῶν
349 4321 363 4333 ·
396 4299 443 4351 εἰ
491 4299 566 4368 μὴ
600 4301 754 4346 τοῦτο
794 4288 874 4361 ἦν,
933 4295 1140 4363 ταχέως
1189 4290 1249 4342 ἂν
1305 4292 1353 4342 οἱ
1404 4289 1578 4342 πολλοὶ
1627 4294 1752 4363 πρός

113 4387 392 4464 ἀναίρεσιν
426 4387 632 4439 ἑαυτῶν
663 4381 916 4455 ἐχώρουν.

180 4485 353 4531 Τοῦτο
388 4509 462 4517 —
505 4477 662 4527 Θεὸν.
695 4470 825 4533 Δόξα
853 4473 954 4542 γὰρ
995 4468 1053 4520 οὐ
1107 4472 1259 4540 μόνον
1304 4476 1396 4520 τοῦ
1439 4469 1749 4530 Θνήσκοντος

106 4569 385 4639 μαθητοῦ,
423 4563 562 4616 ἀλλά
586 4565 674 4611 καὶ
700 4567 790 4612 τοῦ
819 4565 972 4622 Θεοῦ,
1008 4559 1032 4608 ὁ
1059 4553 1152 4608 διὰ
1173 4561 1427 4631 τιμωρίας
1457 4559 1573 4626 (52)
1598 4558 1748 4609 θάνα-

103 4675 190 4717 τος
235 4677 248 4690 .
284 4661 384 4707 τοῦ
419 4656 740 4710 θνήσκοντος
782 4651 892 4718 μεν,
937 4647 1018 4697 ὅτι
1049 4646 1174 4719 ὑπὲρ
1220 4653 1312 4697 τοῦ
1344 4653 1477 4698 Θεοῦ
1515 4647 1744 4712 θνήσκει,

103 4753 200 4796 τοῦ
234 4748 371 4797 Θεοῦ
407 4738 491 4808 δὲ,
525 4739 610 4790 ὅτι
636 4743 865 4788 τοιοῦτον
897 4737 1009 4805 ἔχει
1039 4735 1301 4806 μαθητήν,

185 4986 233 5019 ¹⁶
265 4981 503 5054 Ephes.
531 4989 609 5040 iv,
635 4973 720 5028 l3.

1866 3224 2205 3297 profeceris,
2238 3224 2296 3279 in
2328 3239 2674 3280 mensuram
2705 3225 2892 3280 aetatis
2921 3225 3243 3296 spiritualis
3283 3227 3350 3290 ¹⁶,
3403 3226 3516 3283 sub

1867 3313 2129 3384 perfecta
2177 3311 2306 3382 lege
2337 3311 2686 3382 evangelica
2730 3317 3204 3377 consummatus,
3237 3314 3516 3369 extendes

1866 3417 2082 3458 manus
2111 3405 2245 3457 tuas
2273 3401 2351 3456 ad
2381 3416 2615 3456 crucem
2671 3418 2681 3456 :
2716 3405 2772 3456 et
2803 3401 2956 3456 alius
3005 3407 3058 3457 te
3092 3400 3277 3457 clavis
3306 3401 3518 3457 astrin-

1865 3495 1981 3561 get,
2005 3505 2076 3546 ac
2097 3490 2271 3544 ducet
2293 3487 2371 3544 ad
2404 3494 2678 3553 mortem,
2707 3505 2893 3562 quam
2913 3489 3022 3544 etsi
3045 3489 3209 3545 voles
3251 3489 3522 3546 volunta-

1865 3584 1940 3650 te,
1975 3586 2189 3634 natura
2214 3585 2413 3634 tamen
2445 3593 2564 3632 non
2598 3577 2756 3634 voles
2786 3597 2797 3632 :
2834 3577 3127 3649 siquidem
3158 3579 3522 3650 compatitur

1865 3667 2092 3740 corpori
2131 3667 2335 3722 anima
2366 3670 2610 3738 propter
2635 3671 2934 3732 naturain,
2969 3671 3026 3722 et
3065 3665 3270 3722 audita
3315 3667 3520 3722 mortis

1867 3757 2188 3821 mentione,
2221 3755 2519 3820 abhorret,
2563 3754 2684 3810 Deo
2725 3755 2809 3810 ita
2847 3756 3232 3826 dispensante
3283 3753 3516 3821 utiliter,

1865 3848 2012 3903 sicut
2042 3846 2220 3902 etiam
2270 3844 2412 3900 alibi
2445 3843 2849 3914 significatum
2881 3847 2984 3909 est,
3019 3858 3094 3900 ne
3144 3844 3411 3900 homines
3459 3843 3518 3900 in

1863 3935 2194 3992 infortuniis
2222 3933 2390 3991 facile
2417 3947 2544 3988 sese
2566 3932 2922 3988 occiderent.
2951 3933 3101 3988 Nam
3125 3931 3174 3987 si
3199 3931 3349 3988 valet
3376 3932 3520 3987 hos-

1863 4024 1937 4080 tis
1964 4023 2300 4095 frequenter
2327 4022 2561 4092 aliquos
2593 4020 2671 4074 ad
2704 4021 3011 4090 propriam
3057 4019 3361 4090 impellere
3406 4034 3520 4075 cte-

1863 4113 2000 4166 dem
2029 4128 2042 4165 :
2078 4109 2308 4165 tametsi
2332 4109 2536 4164 anima
2561 4107 2710 4162 adeo
2737 4106 2959 4162 fortiter
2991 4107 3069 4164 ad
3087 4107 3355 4178 corporis
3377 4123 3517 4164 con-

1857 4197 2228 4269 junctionem
2242 4196 2455 4252 affecta
2473 4196 2567 4257 sit,
2588 4195 2748 4267 quod
2765 4196 3030 4250 futurum
3048 4201 3154 4259 est,
3178 4195 3223 4250 si
3258 4195 3372 4252 hoc
3394 4211 3515 4252 non

1860 4286 2062 4342 esset?
2108 4285 2274 4340 multi
2304 4283 2566 4357 profecto
2598 4283 2676 4338 ad
2721 4298 2891 4336 suam
2927 4281 3316 4354 procederent
3343 4283 3514 4339 inter-

1859 4377 2197 4432 fectionem.

1931 4463 2093 4518 Vers.
2127 4465 2208 4518 19.
2235 4462 2361 4517 Hoc
2383 4491 2450 4500 —
2479 4461 2688 4516 Deum.
2722 4457 2921 4514 Gloria
2954 4457 3252 4530 siquidem
3281 4463 3512 4516 estnon

1857 4551 2131 4624 discipuli
2162 4554 2392 4606 tantum
2421 4549 2523 4620 qui
2553 4547 2824 4615 moritur,
2859 4547 2966 4602 sed
2991 4553 3047 4602 et
3074 4548 3174 4602 Dei
3208 4562 3361 4603 mors
3381 4564 3509 4620 qua

1857 4643 1994 4715 quis
2025 4644 2263 4712 propter
2282 4654 2419 4693 eum
2451 4637 2744 4709 supplicio
2772 4635 3030 4692 afﬁcitur
3062 4651 3072 4688 :
3100 4636 3232 4707 ejus
3258 4636 3506 4708 quidem

1855 4730 1959 4804 qui
1991 4729 2296 4793 occiditur,
2329 4727 2474 4799 quia
2523 4741 2631 4798 pro
2669 4725 2788 4780 Deo
2821 4724 3092 4789 moritur,
3156 4724 3255 4779 Dei
3288 4729 3508 4789 autem,

1853 4819 2014 4893 quod
2054 4817 2232 4875 talem
2263 4815 2485 4872 habeat
2515 4814 2900 4886 discipulum.

1347 5069 1569 5136 Variae
1618 5069 1944 5137 lectiones
1997 5077 2295 5135 etnotae.

177 5267 305 5335 (49)
341 5259 556 5335 Malim
586 5255 978 5335 θεραπεύσαντα

203 5326 306 5404 50')
339 5338 404 5386 Δέ
437 5329 621 5386 abest
642 5326 724 5378 ’A-

203 5338 306 5404 50)
339 5338 404 5386 Δέ
437 5338 621 5386 abest
659 5338 724 5378 Λ.

176 5338 302 5478 itit)
337 5406 427 5460 lta
461 5406 735 5468 uterque.
769 5395 936 5450 Forte
962 5393 1092 5460 ἄξει,
1119 5395 1218 5449 aut
1249 5394 1492 5466 ἀχθήσῃ.

179 5591 282 5661 (If)
338 5587 463 5645 Etsi
512 5581 834 5664 flentenius
887 5580 1067 5664 etiam
1121 5577 1352 5635 videtur
1391 5579 1618 5664 llegisse
1657 5583 1746 5664 καὶ

104 5650 570 5779 σωξδρονίστερρν,
633 5659 837 5708 tamen
885 5650 1111 5715 malim,
1175 5655 1587 5724 σωφρονέστερον
1643 5651 1744 5721 γὰρ

105 5751 270 5779 αυτ-ον
297 5750 353 5779 κ.
388 5749 440 5779 τ.
515 5769 528 5779 .

105 5751 270 5786 αντον
297 5750 353 5781 κ.
388 5749 440 5782 τ.
480 5749 528 5780 Α.

1930 5253 2245 5323 (52)ῨΡοΓιθ
2285 5254 2596 5323 μαρτυρίου,
2629 5253 2732 5303 aut
2774 5255 3084 5323 μαρτυρίας.
3120 5248 3376 5323 Cyrinus
3429 5247 3504 5304 de

1858 5338 1916 5397 re
1953 5322 2164 5397 eadem
2185 5321 2441 5397 λιοηωλν,
2466 5322 2678 5392 p.1120
2715 5323 2752 5376 C
2784 5341 2795 5378 :
2839 5321 3042 5382 Τὴνέἱς
3079 5322 3210 5394 αἷμα
3247 5324 3503 5393 τιμωρίαν

1857 5394 2105 5451 ἐπιθέντες
2136 5391 2294 5461 αὐτῷ,

1925 5575 2051 5643 (gg)
2084 5575 2259 5629 Petro
2302 5572 2522 5641 itaque.
2568 5579 2655 5626 etc
2713 5575 2853 5638 Quae
2906 5575 2964 5629 in
3023 5576 3224 5631 Graeco
3277 5575 3336 5628 in
3384 5575 3502 5630 fine

1857 5645 2066 5701 scholii
2123 5645 2417 5714 leguntur,
2486 5659 2557 5697 ea
2613 5645 2669 5697 in
2744 5647 3037 5716 principio
3092 5647 3271 5701 habet
3327 5645 3502 5700 inter-

1855 5733 2014 5790 pres.
