4076 6468
633 375 776 431 1499
1953 366 2243 427 EUTHYN

2352 366 2674 423 ZIGABENI
3787 368 3877 422 15m

707 499 868 553 Vers.
907 500 987 551 19.
1021 497 1096 551 Et
1124 510 1316 551 —me.
1344 496 1485 551 Hinc
1508 509 1746 549 rursum
1792 492 2067 557 ostendit,
2116 493 2281 564 quod
2311 535 2317 545 .

2352 540 2354 544 .
2468 496 2568 544 Καὶ
2612 520 2679 530 -
2727 509 2836 559 μοι.
2872 489 3129 540 Ἐντεῦθεν
3172 486 3324 538 πάλιν
3354 483 3600 538 δείκνυσιν
3624 488 3692 538 ὅτι
3715 495 3790 560 πρὸ
3816 501 3879 542 τῶν

634 602 756 659 prie
775 586 998 641 caeteris
1021 583 1134 639 sibi
1156 583 1512 639 familiarem
1535 598 1672 638 eum
1691 581 1892 648 faciat,
1920 597 1990 637 ac
2011 580 2244 652 amplim

2396 578 2560 631 οἴλλων
2604 579 2758 630 αὐτὸν
2791 577 3094 640 οἰκειοῦται,
3125 580 3214 627 καὶ
3262 575 3486 647 μείζονος
3515 573 3639 637 ἀξιοῖ
3661 583 3801 647 τιμῆς,
3833 581 3883 630 ἱνα

634 675 911 745 dignetur
939 673 1188 737 honore,
1221 677 1282 728 ut
1307 673 1485 727 etiam
1517 669 1851 742 promptior
1873 669 1996 725 fiat.

2393 672 2483 718 καὶ
2508 668 2894 738 προθυμότερος
2921 669 3152 735 γένηται.

707 761 876 828 Quod
910 761 959 815 si
990 761 1123 832 quis
1155 759 1313 816 dicat
1341 779 1352 814 :
1382 758 1696 824 Quomodo
1721 772 1863 826 ergo
1879 755 2141 812 Jacobus
2161 756 2283 811 Hie-

2274 784 2283 795 ι
2467 756 2524 808 Εἰ
2579 751 2636 806 δε
2689 755 2827 824 λέγοι
2886 753 3002 825 (53)
3067 771 3186 811 τις’
3250 758 3360 810 Πῶς
3415 747 3498 802 οὖν
3550 750 3754 812 Ἰάκωϐος
3792 753 3884 806 ἰλαεε

633 849 1125 921 rosolymitanam
1149 850 1376 919 accepit
1407 846 1610 902 sedem
1632 845 1957 909 ?dicemus,
1986 844 2150 917 quod
2176 843 2243 899 Pe

2271 873 2283 884 -
2391 847 2478 895 τόν
2532 845 2708 915 θρόνον
2948 849 3048 892 τῶν
3097 839 3502 914 Ἱιροσολύμωνς
3550 837 3730 910 ἀροῦμεν
3785 843 3881 890 ὀτιὸ

633 946 761 995 trus
810 938 970 994 orbis
1011 937 1368 992 constitutus
1415 941 1500 990 est
1540 939 1915 1006 praeceptor:
1954 949 2089 988 cum
2138 947 2243 1000 erg

2269 950 2282 985 ι
2396 937 2581 1003 Πέτρος
2653 941 2741 990 τῆς
2827 930 3129 1002 οἰκουμένης
3202 927 3561 1002 ἐχειροτονήθη
3626 923 3879 987 διδάσκαλος.

634 1033 757 1083 tam
784 1032 1129 1099 praeceptor,
1146 1041 1328 1096 quam
1353 1022 1631 1094 discipuli
1651 1022 2121 1084 deambularent,
2141 1020 2244 1075 dix:

2272 1027 2284 1074 ι
2397 1023 2818 1092 Περιπατούντων
2875 1025 3152 1091 τοιγαροῦν
3206 1025 3296 1068 τοῦ
3360 1036 3413 1069 τε
3492 1012 3775 1068 διδασκάλου
3830 1023 3882 1065 mi

635 1118 686 1172 ei
716 1133 726 1168 :
756 1115 1008 1186 Sequere
1031 1129 1139 1176 me,
1187 1119 1246 1167 ut
1293 1111 1551 1167 videlicet
1590 1111 1767 1166 etiam
1815 1110 2178 1182 cruciﬁgaris
2226 1124 2245 1163 ε

2272 1115 2283 1162 t
2392 1117 2489 1159 τῶν
2555 1110 2820 1178 μαθητῶν,
2872 1103 3025 1171 εἶπεν,
3087 1105 3382 1159 ’Δκολουθει
3429 1123 3536 1175 μοι,
3599 1106 3882 1174 aratum-351m;

634 1202 926 1274 aequalem
953 1203 1244 1257 sustineas
1275 1205 1547 1255 mortem.

2391 1203 2479 1248 καὶ
2511 1197 2664 1257 αὐτὸς
2838 1191 3096 1258 δηλονότι,
3138 1199 3229 1246 καὶ
3271 1197 3356 1244 τὸν
3384 1190 3493 1245 ἶσον
3523 1194 3712 1244 θάνατον
3736 1193 3882 1261 vemi-

2389 1305 2557 1357 μενος.

706 1381 868 1437 Vers.
911 1384 999 1435 20.
1036 1380 1361 1436 Conversus
1395 1409 1462 1418 —
1502 1385 1852 1449 sequentem.
1903 1377 2278 1432 incedentem

2272 1397 2278 1432 ι
2464 1375 2832 1447 Ἐπιστραφεὶς
2913 1403 2983 1413 -
3059 1371 3439 1424 ἀκολουθοῦντα
3488 1365 3767 1441 [Βαδίζοντα
3814 1370 3882 1436 (56)

632 1475 770 1542 post
790 1473 1022 1524 Petrum
1048 1486 1060 1534 ;
1086 1484 1227 1523 casu
1250 1468 1407 1522 enim
1431 1467 1736 1539 proximus
1759 1466 1808 1521 ei
1832 1464 2242 1521 deambulabat

2274 1505 2282 1519 .
2392 1463 2561 1515 ὀπίσω
2618 1472 2707 1513 του
2763 1466 2954 1532 Πέτρου
2991 1478 3002 1489 '
3034 1463 3190 1530 ἔτυχε
3231 1463 3331 1531 γὰρ
3390 1463 3504 1510 τότε
3550 1457 3742 1515 πλησίον
3784 1457 3884 1506 uitri

2391 1570 2484 1626 περ
2493 1550 2735 1623 ιπατών.]

704 1647 868 1701 Vers.
900 1646 1078 1712 Quiet
1108 1674 1171 1683 —
1201 1645 1295 1699 te?
1323 1645 1377 1698 tn
1412 1659 1584 1698 ccena
1613 1643 1888 1714 mystica,
1918 1643 2071 1698 sicut
2096 1642 2176 1698 ibi
2210 1643 2281 1697 si-

2277 1674 2281 1682 .
2460 1640 2554 1700 ‘0;
2610 1646 2699 1690 καὶ
2728 1670 2795 1678 -
2837 1655 2931 1700 σε;
2964 1639 3042 1690 Ἐν
3097 1645 3169 1706 τῷ
3231 1633 3424 1706 δείπνῳ
3465 1643 3533 1703 τῷ
3578 1642 3795 1704 μυστικῷ,
3831 1651 3887 1681 u-

633 1735 982 1805 gniticatum
1008 1740 1116 1787 est.
1146 1733 1596 1787 Reducitautem
1627 1731 1801 1786 nobis
1825 1731 1900 1786 ad
1927 1731 2243 1786 memoriae

2394 1730 2488 1787 θὼς
2520 1727 2623 1778 ἐκεῖ
2667 1723 2982 1783 δεδήλωται.
3036 1726 3450 1796 Ἀναμιμνήσκει
3504 1719 3559 1774 δὲ
3599 1725 3720 1792 ἡμᾶς
3764 1723 3890 1777 ἐκείνῃ

629 1823 1172 1891 interrogationem,
1215 1820 1554 1887 ostendens,
1602 1827 1892 1892 quantam
1949 1823 2146 1874 Petrus
2199 1819 2239 1874 lc

2314 1841 2352 1894 Β
2391 1826 2483 1877 τῆς
2538 1815 2889 1876 κατακλίσεως
2928 1834 2980 1867 τε
3015 1819 3104 1866 καὶ
3163 1813 3479 1885 ἐρωτήσεως,
3534 1807 3718 1870 δεικνὺς
3758 1811 3889 1863 ὅπη

631 1910 855 1983 quendi
911 1911 1165 1981 adeptus
1224 1915 1374 1964 esset
1431 1908 1782 1972 libertatem,
1825 1912 2150 1979 postquam
2205 1907 2241 1962 d

2394 1910 2578 1977 Πέτρος
2639 1903 2934 1977 παρρησίαν
2993 1906 3122 1974 ἔσχε
3172 1905 3302 1968 μετὰ
3352 1906 3444 1958 τὴν
3510 1899 3590 1951 ἐπὶ
3649 1907 3700 1970 τῇ
3752 1897 3891 1970 ἀρνήσει

631 2000 944 2068 negatione
970 2001 1310 2068 resipuerat.
1340 1997 1483 2052 Nam
1516 1997 1618 2069 qui
1645 2002 1783 2052 tunc
1803 2012 1988 2050 ausus
2013 2013 2134 2051 non
2156 2011 2241 2051 ere

2281 2040 2282 2046 η
2390 1998 2684 2066 μετάνοιαν.
2728 1992 2785 2042 ὐ
2827 1995 2928 2064 γὰρ
2960 1996 3075 2043 τότε
3104 1996 3174 2063 μή
3217 1990 3416 2062 τολμῶν
3448 1992 3708 2060 ἐρωτῆσαι,
3739 1985 3832 2036 ἄλλα
3851 1993 3891 2049 τῷ

632 2089 1014 2156 interrogare,
1050 2088 1149 2140 sed
1177 2087 1387 2140 dilecto
1417 2085 1704 2157 discipulo
1731 2085 1806 2139 ad
1830 2086 1943 2140 hoc
1969 2084 2240 2140 utebatur

2390 2085 2708 2154 ἠγαπημένῳ
2737 2083 3070 2154 χρησάμενος
3110 2080 3180 2142 εἰς
3219 2087 3390 2144 τοῦτο,
3427 2079 3573 2138 οὗτος
3602 2077 3654 2128 οὐ
3689 2081 3807 2148 μόνον

630 2175 726 2231 hic
753 2191 872 2230 non
901 2175 1093 2229 solum
1123 2174 1559 2244 prtesidentiam
1592 2188 1731 2242 erga
1754 2173 1959 2228 fratres
1990 2173 2091 2227 Sibi
2120 2188 2240 2228 com

2391 2176 2718 2243 προστασίαν
2749 2170 3028 2227 ἐπιστεύθη
3056 2179 3155 2221 τῶν
3195 2165 3449 2240 ἀδελφῶν,
3484 2165 3605 2218 ἀλλὰ
3631 2170 3707 2216 καὶ
3738 2168 3820 2235 περὶ
3841 2168 3894 2211 τοῦ

633 2264 876 2319 missam
906 2263 1146 2332 accepit.
1177 2279 1372 2316 verum
1403 2262 1578 2315 etiam
1609 2261 1682 2316 de
1704 2261 1896 2315 dilecti
1923 2266 2078 2316 statu
2104 2260 2243 2316 conf

1653 2277 1682 2316 e
1704 2261 1896 2315 dilecti
1923 2266 2078 2316 statu
2104 2260 2281 2316 confi-
2393 2260 2730 2330 ἠγαπημένον
2763 2257 3050 2332 θαρῥαλὲως
3071 2255 3254 2331 ἔρωτᾷ.

632 2354 840 2409 denter
869 2352 1205 2421 interrogat.

704 2438 865 2491 Vers.
897 2440 986 2490 2t.
1021 2437 1197 2490 Hunc
1230 2465 1296 2475 —
1330 2434 1475 2504 quid
1505 2435 1532 2487 i’
1562 2434 1715 2489 Num
1750 2439 1806 2489 et
1834 2436 1959 2506 ipse
1993 2438 2046 2490 te
2078 2448 2284 2505 seque-

2463 2441 2657 2486 Τοῦτον
2705 2465 2768 2474 -
2828 2438 2916 2500 τέ;
2951 2433 3062 2486 Οὐκ
3102 2432 3449 2488 ακολουθήσει
3495 2447 3613 2493 σοι;
3645 2429 3694 2480 οὗ
3739 2433 3808 2483 τήν
3844 2425 3899 2475 πλ-

633 2531 726 2584 tur
750 2524 939 2579 ?num
960 2524 1235 2578 eamdem
1257 2523 1570 2577 nobiscum
1595 2523 1801 2577 mortis
1823 2523 1920 2577 via
1941 2522 2241 2591 gradietur

2395 2527 2487 2580 τὴν
2539 2525 2661 2593 ἡμῖν
2720 2519 2842 2574 ὁδὸν
2891 2530 2982 2573 τοῦ
3033 2523 3252 2572 θανάτου
3303 2517 3576 2590 βαδιεῖται
3608 2536 3621 2583 ;
3659 2518 3745 2587 οὐχ
3785 2518 3901 2584 ὁμοίως

632 2629 778 2670 num
811 2611 1074 2667 similiter
1101 2612 1382 2667 morietur
1411 2611 1439 2665 ?
1468 2611 1770 2684 Siquidem
1805 2611 2104 2677 intellexit,
2138 2611 2240 2682 qui

2397 2610 2769 2675 ἀποθανεῖταις
2806 2618 2996 2668 Συνῆχε
3047 2612 3148 2681 γὰρ
3201 2615 3251 2660 τί
3322 2604 3590 2666 ὑπεδήλου
3646 2610 3695 2657 τὸ
3743 2602 3900 2656 Ἀπιολςύ-

633 2701 938 2770 innuisset,
996 2702 1199 2755 dicens
1254 2718 1265 2754 :
1321 2702 1573 2772 Sequere
1624 2717 1757 2764 me;
1798 2716 2055 2773 cumque
2102 2699 2243 2755 Joan

2397 2702 2471 2753 θει
2519 2719 2627 2771 μοι,
2703 2705 2789 2750 καὶ
2853 2695 3057 2769 σφόδρα
3116 2697 3271 2768 φιλῶν
3325 2700 3413 2747 τὸν
3470 2697 3699 2751 Ἰωάννην
3751 2690 3905 2743 ἐξα-ἀξίῃ

634 2806 769 2845 nem
811 2789 1190 2845 vehementer
1233 2795 1481 2851 amaret,
1531 2789 1813 2860 cupiebat
1855 2804 1992 2842 eum
2039 2788 2244 2858 aequali

2395 2793 2635 2839 κοινωνὸν
2694 2787 2846 2839 αὑτὸν
2910 2794 3000 2837 τοῦ
3056 2789 3176 2837 ἶσου
3249 2786 3474 2836 θανάτου
3544 2783 3720 2844 λαϐεῖν,
3762 2785 3828 2830 καὶ
3867 2781 3906 2834 ὡς

632 2878 840 2933 mortis
871 2894 1176 2931 assumere
1213 2881 1546 2930 consortem
1579 2896 1590 2930 :
1621 2883 1675 2931 et
1726 2884 2013 2946 tanquam
2055 2875 2242 2930 Joann

2395 2883 2486 2926 τοῦ
2551 2876 2788 2927 Ἰωάννου
2842 2878 2910 2944 μὴ
2966 2873 3256 2943 τολμῶντος
3329 2870 3548 2944 ἐρωτᾷν,
3615 2869 3748 2930 αὐτὸς
3787 2867 3902 2940 ipe-KQ,

631 2967 994 3032 interrogare
1019 2979 1136 3018 non
1161 2962 1436 3029 audente,
1461 2963 1587 3034 ipse
1612 2961 1950 3031 interrogat,
1975 2963 2241 3034 vicemqu

2396 2969 2485 3013 καὶ
2535 2969 2627 3019 τήν
2689 2961 2909 3033 ἀμοιϐὴν
2975 2957 3298 3014 ἀποδίδωσι.
3369 2967 3436 3013 Τί
3504 2957 3589 3012 οὖν
3642 2962 3665 3010 ὁ
3717 2965 3904 3027 Klath

633 3054 921 3125 rependit.
948 3052 1092 3117 Quid
1128 3067 1269 3120 ergo
1295 3052 1602 3106 Christus?
1639 3051 1938 3106 Privatum
1965 3054 2243 3121 amputan

2400 3051 2691 3101 Ἐκκοπτων
2765 3056 2856 3106 τὴν
2914 3055 3131 3121 μερικὴν
3186 3049 3379 3121 φιλίαν,
3440 3056 3530 3101 καὶ
3594 3043 3816 3100 παιδεύων
3849 3062 3907 3112 μιτ-

635 3141 936 3204 aﬂ‘ectum,
972 3158 1040 3196 ac
1073 3142 1369 3195 instruens
1401 3140 1546 3196 nihil
1579 3140 1819 3194 ulterius
1848 3153 1977 3192 esse
2018 3152 2245 3207 person

2327 3181 2364 3232 (η
2399 3135 2485 3190 διν
2535 3140 2651 3206 (57)
2708 3143 2992 3212 περαιτέρω
3059 3139 3534 3212 πολυπραγμονεῖν,
3602 3143 3684 3188 καὶ
3733 3138 3904 3205 ἐμφαίνων

636 3231 907 3292 tandum,
950 3229 1205 3283 ostendit
1262 3228 1421 3281 vario
1489 3229 1657 3281 modo
1702 3225 2079 3296 disponenda
2131 3241 2246 3280 esse

2327 3215 2365 3232 υ
2398 3228 2477 3278 ὅτι
2558 3223 2819 3297 διαφόρως
2877 3230 2941 3278 τὰ
3025 3229 3138 3278 κατ’
3216 3226 3405 3287 αὐτοὺς
3483 3225 3907 3296 οἰκονομηθήσονται.

633 3333 769 3387 quin
796 3317 924 3371 illos
953 3316 1382 3383 contingerent.
2399 3321 2556 3386 φησιν
2587 3318 2704 3386 (58)
2739 3337 2751 3348 -

705 3407 746 3474 -ξ-
778 3403 925 3458 Cum
957 3403 1220 3458 audisset
1254 3404 1456 3456 Petrus
1498 3402 1584 3470 (ut
1632 3399 1878 3470 quidam
1919 3399 2104 3470 aiunt)
2142 3400 2308 3472 quod
2340 3417 2448 3474 pro
2479 3402 2711 3458 Christo
2758 3407 2908 3459 esset
2947 3402 3294 3468 moriturus,
3339 3403 3494 3458 dixit
3551 3421 3564 3458 :
3604 3404 3663 3457 Et
3708 3402 3906 3456 Joannes,

633 3492 780 3563 quid
809 3494 836 3548 ‘I
858 3508 1002 3546 num
1034 3499 1087 3546 et
1111 3493 1237 3562 ipse
1271 3491 1593 3544 moriturus
1626 3494 1716 3543 est
1746 3487 1773 3541 ?
1795 3488 2062 3543 Christus
2094 3494 2296 3544 autem
2332 3490 2390 3545 id
2435 3492 2674 3563 quidem
2709 3507 2830 3547 non
2861 3492 3098 3562 negavit
3126 3509 3140 3557 ;
3187 3507 3326 3547 nam
3381 3491 3657 3564 quisquis
3685 3493 3826 3544 natus
3841 3488 3908 3546 est,

634 3581 808 3636 etiam
860 3581 1181 3635 morietur:
1230 3577 1330 3632 sed
1383 3579 1465 3631 ait
1507 3578 1600 3631 :Si
1652 3593 1784 3632 eum
1831 3576 2006 3632 velim
2051 3593 2286 3634 manere
2319 3595 2510 3652 usque
2550 3580 2628 3635 ad
2655 3579 2864 3635 mundi
2906 3579 3525 3643 consummationem,
3555 3585 3610 3635 et
3639 3584 3755 3634 tunc
3777 3573 3832 3629 de
3854 3583 3909 3624 me

635 3667 947 3732 testificari,
973 3668 1116 3738 quid
1157 3666 1233 3722 ad
1273 3673 1324 3720 te
1350 3666 1377 3721 ?
1418 3667 1629 3720 Dicunt
1660 3667 1879 3738 itaque,
1912 3681 2048 3721 eum
2081 3668 2294 3730 vivere,
2327 3673 2382 3724 et
2425 3668 2539 3723 sub
2570 3668 2929 3725 Antichristo
2960 3668 3352 3724 occidendum
3382 3685 3526 3725 cum
3559 3669 3673 3724 Elia
3693 3671 3740 3721 et
3760 3661 3910 3720 Enot‘h,

634 3758 1058 3829 praedicantem
1075 3756 1389 3812 Christum.
1412 3755 1578 3822 Quod
1607 3756 1650 3809 si
1675 3762 2131 3812 monumentum
2165 3757 2295 3827 ejus
2323 3757 2694 3822 ostendatur,
2719 3756 2867 3830 quid
2898 3757 3036 3813 inde
3065 3756 3094 3811 7
3120 3757 3304 3813 Vivus
3325 3771 3596 3830 namque
3619 3753 3742 3811 illud
3763 3752 3910 3818 ingres-

634 3861 738 3900 sus
775 3849 882 3908 est,
924 3845 1138 3899 deinde
1180 3845 1519 3910 translatus,
1553 3843 2071 3916 quemadmodum
2104 3845 2282 3900 etiam
2326 3847 2515 3902 Enoch
2557 3851 2612 3902 et
2651 3846 2824 3901 Elius.
2870 3847 3080 3902 Evertit
3130 3845 3330 3918 itaque
3371 3844 3727 3918 evangelista
3771 3837 3911 3895 falsam

632 3932 860 3988 illorum
889 3933 1252 4002 Opinionem,
1288 3932 1385 4000 qui
1417 3933 1779 3996 existimant,
1817 3948 1933 3985 non
1961 3948 2091 3987 esse
2129 3934 2482 3989 moriturum
2514 3934 2675 3990 hunc
2701 3933 3064 4007 discipulum
3095 3950 3276 3990 :nam
3305 3935 3389 3991 ita
3421 3935 3642 3991 falsum
3669 3934 3762 3994 est,
3783 3923 3910 3982 homi-

631 4036 770 4076 nem
813 4018 1082 4074 videlicet
1121 4035 1252 4074 esse
1286 4019 1705 4074 immortalem.
1753 4023 1896 4075 Nam
1943 4020 2048 4074 etsi
2099 4021 2298 4075 Enoch
2352 4028 2407 4076 et
2467 4022 2622 4076 Elias
2667 4038 2788 4078 non
2829 4021 2942 4077 sint
2997 4023 3232 4087 mortui,
3268 4028 3410 4078 sunt
3448 4027 3645 4078 tamen
3691 4013 3908 4074 mortales-

631 4109 716 4162 Ita
745 4123 886 4176 ergo
926 4114 979 4162 et
1008 4107 1122 4175 hic,
1156 4123 1507 4179 quanquam
1539 4111 1806 4162 mortuus
1837 4122 1956 4162 non
1990 4107 2081 4172 sit,
2131 4111 2394 4164 attamen
2446 4110 2749 4165 morietur.
2808 4107 3041 4164 Falsum
3075 4110 3272 4182 itaque
3301 4115 3393 4166 est
3424 4111 3595 4182 quod
3622 4123 3729 4163 non
3762 4100 3908 4158 moria-

632 4201 726 4251 tur
756 4213 768 4261 ;
797 4197 879 4251 sic
918 4195 1277 4250 intellectum
1319 4196 1480 4266 quod
1525 4195 1796 4250 videlicet
1823 4195 1893 4248 sit
1935 4197 2314 4251 immortalis.
2356 4197 2461 4252 Alii
2490 4203 2689 4254 autem
2718 4197 3044 4260 afﬁrmant.
3067 4197 3236 4270 quod
3271 4203 3552 4255 mortuus
3579 4199 3666 4258 sit,
3698 4199 3745 4251 et
3765 4191 3910 4247 dictum

630 4284 774 4340 illud
810 4301 820 4339 :
855 4284 914 4340 Si
941 4300 1072 4340 eum
1117 4285 1290 4339 velim
1329 4299 1586 4347 manere,
1622 4283 1808 4340 donec
1839 4284 2093 4346 veniam,
2137 4284 2487 4355 intelligunt,
2550 4288 2712 4359 quod
2767 4301 3148 4342 remansurus
3201 4292 3331 4343 erat
3377 4287 3439 4343 in
3487 4286 3688 4341 Iudaea
3731 4283 3910 4336 Joanneé

629 4373 822 4429 donec
853 4374 1071 4428 veniret
1092 4373 1360 4428 Christus
1393 4378 1598 4428 contra
1632 4372 1892 4436 Judieos,
1929 4387 2318 4444 percussurus
2347 4389 2442 4429 eos
2473 4390 2579 4446 per
2606 4390 2819 4430 manus
2852 4377 3283 4440 Romanorum,
3318 4379 3376 4431 et
3406 4375 3490 4432 ita
3512 4374 3734 4429 Petrum
3759 4367 3912 4424 aloen-

625 4478 698 4517 ne
732 4462 1160 4533 separandum,
1197 4462 1462 4516 utetiam
1505 4461 1715 4531 majori
1763 4460 1947 4516 fructu
1998 4461 2248 4516 diversis
2298 4461 2442 4518 locis
2489 4463 2892 4533 praedicarent.
2947 4464 3167 4520 Omnes
3209 4462 3386 4532 igitur
3434 4463 3737 4536 opiniones
3776 4449 3911 4510 retuli-

625 4567 781 4619 mus,
816 4556 873 4606 ut
903 4551 1114 4605 harum
1143 4567 1336 4606 rerum
1370 4550 1613 4605 studiosi
1647 4549 2260 4618 uullamiguorarent.
2306 4552 2415 4616 Qui
2465 4557 2665 4607 autem
2717 4551 2940 4614 dicunt,
2997 4566 3125 4606 eum
3175 4566 3306 4606 esse
3360 4557 3685 4612 mortuum,
3735 4545 3784 4600 in
3806 4541 3909 4597 hunc

630 4640 875 4695 modum
913 4638 1169 4694 referunt
1202 4656 1212 4691 :
1252 4638 1560 4704 Foderunt,
1595 4638 1891 4709 inquiunt,
1928 4637 2180 4703 foveam,
2213 4645 2271 4694 et
2302 4639 2362 4695 in
2391 4654 2540 4710 gyro
2581 4644 2913 4711 posuerunt
2947 4638 3177 4711 lapides
3207 4660 3221 4695 :
3255 4637 3478 4695 deinde
3505 4638 3667 4694 illum
3697 4632 3764 4690 ibi
3789 4625 3913 4685 demi-

630 4733 849 4792 serunt,
884 4744 951 4782 ac
975 4733 1356 4798 operuerunt.
1394 4730 1527 4782 Post
1552 4726 1779 4798 aliquot
1809 4732 2012 4782 autem
2032 4727 2159 4783 dies
2211 4728 2450 4784 scrutati
2482 4733 2617 4784 sunt
2645 4727 2883 4784 foveam
2933 4726 3121 4798 illam,
3166 4733 3224 4784 et
3277 4742 3402 4783 eum
3443 4742 3568 4784 non
3619 4717 3908 4780 invenerunt

625 4817 864 4882 Verum,
900 4816 1044 4887 quia
1076 4833 1212 4870 eum
1242 4815 1354 4871 illic
1382 4814 1808 4886 deposuerunt,
1841 4815 2044 4871 dicunt
2075 4831 2213 4872 eum
2245 4816 2426 4872 fuisse
2459 4822 2784 4872 mortuum.

703 4907 858 4960 Vers.
890 4908 976 4959 22.
1010 4905 1106 4958 Ait
1140 4936 1207 4944 —
1235 4910 1286 4960 te
1313 4906 1339 4959 ἱ)
1367 4904 1429 4958 Si
1462 4919 1598 4959 eum
1653 4901 1826 4958 velim
1869 4904 1929 4958 in
1958 4904 2105 4958 vivis
2150 4920 2280 4961 ma-

2463 4910 2608 4976 Λέγει
2660 4937 2726 4945 -
2778 4924 2834 4957 σε
2863 4923 2878 4972 ς
2911 4905 3030 4956 Ἐὰν
3083 4900 3238 4956 αὐτὸν
3286 4903 3411 4956 θέλω
3462 4907 3627 4975 μένειν
3684 4899 3828 4959 ζῶντα
3860 4892 3905 4941 ἔως

1863 5081 2091 5150 νοτία)
2121 5082 2446 5152 lectiones
2486 5092 2552 5150 et
2581 5093 2780 5150 notze.

716 5299 812 5359 53)
842 5303 990 5359 Λέγει
1023 5306 1082 5353 Α.

2461 5305 2576 5359 (57)
2605 5301 2756 5359 Min
2784 5305 2847 5359 Α.

1073 5343 1237 5451 apud
1283 5373 1482 5453 Patres
1522 5375 1748 5452 Graecos
1780 5372 2278 5457 notat.episco‘pa-
2919 5375 3239 5457 Hentenius
3268 5374 3628 5457 ex_inargine
3657 5353 3912 5457 sui???

625 5433 988 5522 turn.'Hi'inc
1043 5433 1202 5497 enim
1257 5445 1512 5510 primum
1557 5443 1906 5515 episcopum
1953 5433 2137 5499 fuisse
2169 5433 2281 5501 tra-
2391 5433 3129 5522 addiditsg:h_qlium_,quod
3151 5433 3914 5522 hicsubjecti.Similialfﬁﬂﬁj

633 5493 746 5522 'j"'
826 5493 867 5494 ”
903 5493 980 5496 ""
1053 5493 1202 5497 "”_
1259 5493 1278 5510 1⁷
1301 5493 1512 5498 “““””“““’“
1560 5493 1906 5515 'r""r"'—
1953 5493 2135 5499 “'“"
2171 5493 2235 5500 "‘

625 5512 803 5567 ditur.

701 5583 806 5602 ΙννΧ
844 5589 878 5602 II
901 5601 904 5602 ν
927 5588 936 5597 ⁸
1021 5582 1092 5602 '7'
1160 5584 1358 5602 _¥,.A‘.A
1410 5586 1426 5602 Δ

2392 5493 2510 5602 In?
2519 5493 2698 5602 ῤ’ᾱᾴ
2703 5493 3046 5602 ξ”ῐιίὲόῖίιῖιῐ
3055 5493 3140 5588 ’ῥῖ
3151 5493 3394 5602 egi}?
3404 5493 3469 5572 ἒῐ
3478 5493 3843 5602 vagiit?)

722 5584 809 5659 55)
844 5582 1122 5659 δαὶ-αὑτός
1151 5584 1374 5659 omittit
1395 5586 1482 5659 A.
1913 5653 1925 5659 _
2131 5657 2138 5659 ξ
2169 5656 2205 5659 __
2391 5579 2614 5642 chaeli's
2663 5579 2904 5658 Glycm,’
2940 5579 3150 5659 quain
3175 5587 3331 5659 edidi
3387 5603 3530 5643 cum
3564 5579 3912 5659 ΔΙεὶκξῗεξίὶεςᾙ

844 5631 1890 5734 inclabgijutitg-llorumautem
1913 5653 2044 5734 loco
2067 5656 2232 5734 addit
2264 5673 2278 5712 :
2917 5631 3721 5716 s??5'o'5re}“éiisi£i'r'éiiifaa
3738 5631 3912 5716 Αροαιο

650 5721 824 5795 Eryx}
878 5721 1174 5794 βαδίζοντα
1207 5726 1334 5796 (sic)
1387 5726 1556 5778 ὀπίσω
1605 5733 1696 5776 τοῦ
1751 5730 1966 5797 Πέτρου,
2019 5724 2278 5782 ἀνέπεσεν.
2390 5746 2442 5800 ρ.
2477 5730 2574 5783 741
2610 5721 2672 5782 Αί
