4076 6448
153 370 283 425 1501

1137 359 1507 418 COMMENT.
1550 360 1619 416 IN
1653 358 2002 416 JOANNEM.
2044 387 2114 399 —
2151 357 2308 412 CAP.
2350 359 2495 414 XXI.

3392 366 3405 416 l
3419 361 3526 417 502

152 497 378 569 ἔρχομαι
406 493 543 544 κατά
569 494 664 550 τήν
696 486 940 563 δευτέραν
970 508 1072 561 μου
1101 492 1415 563 παρουσίαν,
1455 491 1507 539 τί
1537 489 1666 562 πρὸς
1698 489 1755 538 σε

1893 499 2004 538 tere
2051 483 2241 538 donec
2287 485 2551 540 secundo
2605 485 2861 542 adventu
2915 487 3174 553 veniam,
3234 489 3384 562 quid
3440 489 3524 545 illi

149 600 318 634 κοινον
340 597 354 648 ;

222 675 289 722 Σὺ
319 668 587 722 ἀκολούθει
615 687 728 740 μοι.
769 669 835 719 Σὺ
864 669 951 718 τὸν
986 669 1076 717 σὸν
1109 667 1324 717 θάνατον
1356 669 1560 731 σκόπει,
1591 659 1757 735 μηδὲν

150 763 238 812 τὸν
269 759 461 811 ἐκείνου
487 759 975 830 περιεργαζόμενος.

223 845 460 908 Ἐξῆλθεν
493 875 558 884 -
591 841 865 916 ἀδελφούς.
897 848 1047 902 Ποίος
1070 841 1218 913 λόγος
1247 861 1260 910 ;

220 935 342 988 Ὀτι
397 965 460 975 -
509 931 850 990 ἀποθνήσκει.
902 931 1054 991 Εἰκὸς
1094 934 1195 1003 γὰρ
1240 928 1505 990 κάκείνους
1556 928 1759 982 ἀκούειν

153 1025 344 1096 ἇπρός
392 1025 478 1074 τὸν
525 1025 714 1094 Πέτρον
763 1019 1079 1094 έρῥήθησαν.
1113 1019 1438 1091 Διεφημὶσθη
1499 1015 1559 1071 δὲ
1606 1020 1632 1070 6
1679 1017 1761 1070 λό-

151 1132 238 1185 γος
268 1112 433 1175 οὗτος,
489 1113 652 1180 ἤγουν
695 1109 810 1180 (59)
840 1110 920 1160 ότι
965 1108 1060 1160 οὐκ
1117 1106 1454 1174 ἀποθνήσκει,
1518 1111 1582 1168 ὡς
1636 1107 1762 1160 πλα-

152 1221 210 1258 νη
220 1203 402 1252 θέντων
485 1197 678 1264 αὐτῶν,

152 1290 303 1360 λόγου
384 1291 577 1340 σκοπόν
587 1327 600 1341 .

151 1380 347 1450 τύμπανα

226 1469 421 1518 Καὶ-
455 1465 512 1515 σέ
533 1480 546 1530 ;
567 1461 731 1536 Ὅπερ
762 1461 821 1513 οὐ
853 1456 1010 1518 δηλοῖ
1036 1462 1117 1512 ὅτι
1147 1460 1240 1512 οὐκ
1272 1459 1612 1531 ἀποθνήσκει,
1655 1461 1763 1514 ἀλλο

759 1201 846 1250 καὶ
925 1200 996 1269 μή
1061 1200 1459 1270 συνεωρακότων
1531 1199 1617 1248 τὸν
1671 1203 1761 1247 τοῦ

685 1283 814 1339 Εἶτα
902 1282 1210 1358 διορθοῦται
1275 1290 1368 1343 τήν
1444 1284 1762 1356 ἐσφαλμένην

154 1554 319 1625 ἕτερον
349 1554 462 1622 ἔχει
492 1553 705 1614 σκοπόν,
737 1553 805 1611 ὡς
835 1554 1161 1624 προείρηται.
1195 1553 1282 1609 Τίς
1319 1548 1407 1599 οὖν
1435 1549 1764 1602 ὑπολείπεται

151 1640 303 1712 λόγος
359 1646 470 1701 τοῖς
514 1638 884 1706 ἐνισταμένοις,
933 1639 1015 1688 ὅτι
1061 1637 1119 1688 οὐ
1164 1637 1424 1702 τέθνηκεν,
1478 1637 1635 1689 αὐτοῦ
1693 1633 1759 1697 δή

150 1732 334 1781 τούτου
364 1723 663 1802 διαρρήδην
695 1725 925 1798 βοῶντος
951 1725 1031 1777 ὅτι
1058 1724 1350 1777 πλανῶνται
1377 1728 1425 1777 οἱ
1455 1734 1608 1778 τοῦτο
1638 1727 1761 1778 ὑπο-

151 1816 496 1889 λαμϐάνοντες
530 1833 542 1882 ;

224 1905 386 1964 Οὗτος
427 1933 499 1945 -
555 1903 735 1957 αὐτοῦ.
794 1906 895 1954 Καὶ
947 1897 1182 1973 οἴδαμεν,
1255 1901 1305 1954 οἰ
1367 1899 1560 1963 εἰδότες
1609 1903 1764 1985 αὐτὰ,

152 1996 230 2046 ὅτι
282 1993 481 2052 ἀληθῶς
536 1999 808 2066 μαρτυρεῖ.
866 1995 1106 2042 Φαίνεται
1172 1992 1274 2065 γὰρ
1333 1993 1414 2043 ὅτι
1481 1997 1570 2043 καὶ
1620 1992 1766 2045 ἄλλοι

153 2089 322 2134 ταῦτα
358 2081 656 2152 ἐγίνωσκον.
711 2079 796 2139 Ὠς
846 2077 933 2130 οὖν
967 2076 1174 2151 σφόδρα
1227 2079 1427 2154 θαρρῶν
1453 2088 1516 2152 τῇ
1551 2079 1766 2154 ἀληθείᾳ

154 2175 307 2223 τοῦτό
340 2189 517 2242 φησιν.
554 2175 722 2240 Ἔγνω
768 2171 868 2241 γὰρ
901 2169 982 2220 ὅτι
1023 2165 1165 2230 δόξει
1195 2173 1335 2220 τισὶν
1380 2172 1509 2231 ἴσως
1557 2170 1765 2222 ὕποπτα

152 2258 334 2330 λέγειν,
371 2254 463 2310 διὰ
491 2260 550 2309 τό
580 2261 651 2329 μή
681 2258 1098 2328 μνημονευθῆναι
1119 2264 1282 2309 ταῦτα
1302 2260 1445 2332 παρά
1475 2265 1574 2309 τῶν
1601 2258 1762 2310 ἄλλων

157 2346 553 2418 εὐαγγελιστῶν.

223 2523 380 2576 Ἔστι
410 2518 469 2574 δε
494 2552 561 2562 -
593 2523 618 2572 6
645 2521 870 2583 Ἰησοῦς.
905 2520 1092 2593 [Τοῦτο
1119 2522 1233 2592 (60)
1264 2527 1353 2574 καὶ
1385 2521 1620 2595 ἀνωτέρω
1647 2529 1763 2595 περὶ

154 2620 254 2662 τῶν
290 2615 518 2683 σημείων
543 2606 727 2682 εἷπεν.]

223 2699 408 2751 Ἀτινα
435 2729 506 2740 -
532 2696 734 2769 βιϐλία.
768 2697 869 2769 [οὗ
900 2697 1014 2767 (61)
1062 2705 1229 2770 χωρεὶ
1262 2694 1322 2749 δε
1371 2699 1504 2750 αὐτὰ
1553 2701 1578 2750 6
1628 2699 1763 2772 εἰρη-

152 2793 303 2861 μένος
333 2791 550 2860 κόσμος,
583 2791 673 2838 καὶ
702 2786 820 2837 καθ’
847 2785 1014 2858 ἕτερον
1031 2785 1200 2857 λόγον,
1233 2785 1292 2837 οὐ
1326 2781 1418 2838 διὰ
1441 2787 1549 2856 (62)
1572 2787 1764 2848 πλῆθος

153 2877 604 2948 συγγραμμάτων,
646 2872 773 2924 ἀλλὰ
826 2870 920 2924 διὰ
970 2876 1184 2944 μέγεθος
1235 2877 1548 2944 πραγμάτων
1586 2895 1597 2907 ο
1641 2871 1763 2926 οὐδὲ

148 2971 314 3035 τόπῷ,
344 2963 472 3015 ἀλλά
490 2960 712 3036 τρόπῳ.]

231 3055 340 3106 Καθ
403 3048 690 3123 ὑπερϐολήν
757 3050 782 3100 ό
844 3047 1012 3119 λόγος,
1085 3046 1340 3119 ἐμφαίνων
1392 3050 1485 3103 τήν
1543 3043 1766 3115 ὑπερϐο-

1864 577 2061 627 tecum
2096 571 2158 627 in
2187 571 2301 628 hoc
2345 589 2662 630 commune
2709 579 2794 631 est
2820 575 2848 628 ?

1938 662 2096 716 Vers.
2131 663 2217 715 22.
2256 662 2342 716 Tu
2371 678 2462 717 me
2485 678 2742 734 sequere.
2775 665 2859 718 Tu
2891 668 3055 719 tuam
3089 669 3342 722 mortem
3373 681 3518 724 con-

1867 749 2083 815 sidera,
2117 748 2262 804 nihil
2288 750 2361 805 de
2393 751 2549 807 illius
2583 756 2770 807 morte
2806 751 3199 826 investigans.

1937 838 2098 893 Vers.
2128 838 2215 894 23.
2243 839 2408 896 Exiit
2437 870 2505 882 —-
2530 841 2779 909 fratres.
2815 842 2956 906 Quis
2989 857 3183 898 sermo
3216 844 3244 898 ?

1941 927 2100 981 Vers.
2148 928 2236 982 23.
2301 929 2468 996 Quod
2518 960 2586 968 —
2632 933 2980 985 moreretur.
3045 930 3370 986 Verisimile
3431 935 3527 987 est

1868 1030 2128 1086 namque
2159 1022 2338 1073 eteos
2361 1017 2625 1087 audisse,
2652 1034 2788 1091 quae
2821 1021 2985 1075 Petro
3016 1019 3172 1075 dicta
3212 1025 3400 1076 erant.
3436 1019 3528 1075 Di-

1869 1105 2147 1177 vulgatus
2178 1111 2262 1162 est
2291 1107 2382 1161 hic
2415 1122 2632 1174 sermo,
2664 1106 2955 1172 videlicet,
2987 1107 3145 1180 quod
3179 1124 3296 1163 non
3333 1123 3524 1164 more-

1871 1205 2032 1255 retur
2066 1220 2078 1254 :
2105 1198 2252 1270 quia
2271 1196 2568 1261 errabant,
2593 1211 2703 1250 nec
2727 1196 3019 1252 sermonis
3043 1197 3525 1268 assequebantur

1871 1287 2277 1343 intentionem.
2323 1283 2544 1340 Deinde
2577 1283 2820 1354 corrigit
2848 1300 3153 1340 rumorem
3183 1301 3522 1341 erroneum.

1943 1464 2104 1517 Vers.
2131 1465 2218 1517 23.
2245 1462 2319 1516 Et
2339 1491 2408 1500 —
2435 1459 2539 1515 te?
2565 1459 2734 1524 Quod
2761 1474 2881 1515 non
2905 1459 3220 1530 signiﬁcat,
3244 1477 3378 1516 eum
3405 1476 3528 1517 non

1875 1551 2246 1614 moriturum,
2282 1548 2389 1604 sed
2418 1547 2600 1604 aliam
2629 1547 2813 1604 habet
2841 1547 3248 1615 intentionem,
3285 1553 3350 1604 ut
3377 1564 3525 1622 prte-

1873 1639 2100 1696 dictum
2141 1641 2244 1693 est.
2299 1636 2439 1702 Quis
2488 1651 2630 1705 ergo
2663 1635 3008 1708 relinquitur
3056 1652 3252 1692 sermo
3296 1653 3534 1693 asseve-

1874 1725 2169 1790 rantibus,
2194 1741 2330 1780 eum
2350 1740 2465 1779 non
2487 1740 2612 1778 esse
2632 1729 2956 1789 mortuum,
2978 1726 3247 1796 cumjam
3275 1726 3532 1798 ipsemet

1797 1837 1845 1894 Β
1875 1815 2204 1871 luculenter
2216 1811 2605 1885 clametquod
2617 1817 2830 1877 errent,
2851 1814 2954 1885 qui
2970 1813 3084 1868 hoc
3104 1814 3521 1887 suspicantur?
3552 1818 3554 1821 ’

1949 1905 2109 1959 Vers.
2162 1903 2248 1956 24.
2303 1901 2666 1970 Hic—ejus.
2716 1904 2781 1956 Et
2824 1902 3055 1971 scimus,
3100 1903 3205 1975 qui
3247 1919 3317 1958 ea
3367 1905 3534 1960 novi-

1875 2009 2030 2057 mus,
2063 1991 2227 2064 quod
2271 2006 2476 2046 verum
2517 1989 2822 2062 perhibeat
2865 1991 3291 2047 testimonium.
3334 1995 3530 2064 Appa-

1873 2087 1961 2137 ret
2005 2081 2183 2145 enim,
2226 2079 2391 2151 quod
2422 2085 2477 2134 et
2529 2078 2625 2135 alii
2674 2079 2788 2135 hoc
2818 2078 3246 2149 intelligebant.
3301 2081 3524 2153 Itaque,

1875 2173 2164 2242 tanquam
2187 2167 2568 2222 vehementer
2591 2165 2772 2222 fretus
2801 2167 3057 2233 veritate,
3091 2169 3202 2224 hoc
3221 2168 3361 2224 dicit
3383 2186 3396 2223 :
3418 2171 3529 2225 No-

1875 2258 1931 2312 vi
1952 2257 2270 2330 siquidem,
2299 2255 2464 2328 quod
2482 2255 2782 2328 aliquibus
2805 2256 3098 2313 videbitur
3115 2257 3382 2313 fortassis
3398 2274 3530 2313 sus-

1874 2351 2048 2418 pecta
2071 2345 2285 2412 dicere,
2314 2361 2382 2400 eo
2405 2344 2571 2417 quod
2602 2345 2680 2401 ab
2713 2345 2845 2401 aliis
2883 2346 3266 2417 evangelistis
3307 2347 3525 2403 horum

1874 2451 1996 2491 non
2029 2435 2104 2490 sit
2133 2433 2290 2490 facta
2336 2436 2578 2489 mentio.

1948 2523 2108 2578 Vers.
2145 2523 2239 2580 25.
2279 2521 2426 2577 Sunt
2470 2529 2666 2579 autem
2713 2555 2782 2564 —
2820 2526 3009 2580 Jesus.
3042 2525 3173 2581 Hoc
3201 2525 3379 2580 etiam
3430 2540 3529 2580 su-

1875 2612 2076 2684 perius
2113 2611 2263 2666 dixit
2291 2612 2365 2666 de
2397 2611 2604 2683 signis.

1947 2701 2110 2756 Vers.
2147 2704 2234 2755 25.
2281 2701 2421 2767 Qum
2469 2731 2529 2740 --
2577 2701 2778 2756 libros.
2825 2705 2953 2757 Non
3009 2705 3246 2773 caperet
3289 2717 3392 2758 eos
3443 2701 3528 2756 di-

1875 2794 2006 2844 ctus
2067 2788 2350 2854 mundus,
2396 2789 2515 2844 alio
2568 2789 2749 2844 etiam
2802 2790 2983 2845 modo
3027 2806 3038 2843 :
3111 2805 3233 2845 non
3292 2793 3535 2861 propter

1871 2875 2202 2932 litterarum
2235 2875 2696 2942 multitudinem,
2731 2877 2833 2931 sed
2862 2882 3103 2948 propter
3133 2893 3327 2931 rerum
3362 2893 3532 2947 mag-

1875 2963 2209 3016 nitudinem
2238 2979 2250 3013 :
2285 2976 2478 3028 neque
2511 2963 2585 3013 de
2617 2962 2742 3013 loco
2774 2964 3053 3029 loquitur,
3088 2966 3188 3015 sed
3217 2964 3290 3016 de
3325 2964 3526 3018 modo.

1953 3045 2384 3117 Hyperbolicus
2415 3051 2503 3101 est
2533 3061 2728 3101 sermo
2762 3089 2775 3112 ,
2811 3047 3131 3102 ostendens
3181 3049 3530 3106 immensam

151 3143 250 3201 λὴν
318 3147 410 3192 τοῦ
493 3137 724 3199 πλήθους
802 3145 902 3189 τῶν
977 3139 1346 3208 πεπραγμένων
1417 3143 1488 3206 τῷ
1570 3137 1762 3207 Κυρίῳ.

1893 3133 2314 3190 nultitudinem
2349 3149 2554 3188 eorum
2608 3150 2741 3206 quae
2787 3151 2823 3189 a
2874 3137 3123 3191 Domino
3170 3135 3322 3192 facta
3371 3147 3530 3195 sunt.

154 3237 402 3304 Χρῶνται
458 3223 516 3280 δὲ
568 3234 640 3297 τῷ
691 3225 829 3297 λόγῷ
888 3234 982 3287 τῆς
1039 3223 1329 3298 ὑπερϐολῆς
1383 3228 1472 3275 καὶ
1520 3222 1568 3274 οἰ
1635 3222 1766 3294 γρά-

155 3338 358 3392 φοντες,
421 3322 510 3368 καὶ
577 3318 625 3368 οἱ
681 3315 930 3387 λέγοντες,
992 3317 1112 3366 ὅταν
1169 3312 1454 3386 ὑπερϐολήν
1529 3315 1770 3384 πράγμα-

154 3428 248 3470 τος
279 3414 626 3481 παραστῆσαι
666 3403 1021 3476 βουληθωσιν.
1065 3403 1227 3463 Οὗτος
1285 3399 1344 3454 δὲ
1392 3404 1557 3453 καὶτὸ
1608 3399 1771 3472 Οἶμαι

154 3497 406 3572 προσθεὶς
459 3492 672 3546 ίκόλασε
720 3497 812 3551 τὴν
869 3491 1180 3567 ὑπερϐολὴν,
1226 3496 1314 3544 καὶ
1363 3491 1771 3566 παρεμυθήσατο

153 3588 220 3637 τό
250 3581 436 3636 δοκοῦν
468 3581 738 3646 ἀπίθανον,
788 3577 1066 3638 ὑποδηλῶν
1116 3582 1194 3632 ὃτι
1238 3576 1332 3632 διὰ
1378 3582 1435 3631 τό
1468 3579 1773 3651 παμπληθὲς

906 3675 1006 3722 Καὶ
1081 3669 1212 3720 ἄλλα
1279 3672 1370 3740 μὲν
1451 3665 1538 3720 οὖν
1614 3667 1777 3720 πολλά

154 3762 427 3826 ἐποίησεν,
478 3761 543 3819 ως
573 3760 738 3810 πάντα
788 3754 1102 3829 δυνάμενος·
1135 3753 1321 3831 ῥᾴδιον
1369 3760 1470 3830 γὰρ
1521 3757 1660 3828 αὐτῷ
1718 3760 1774 3815 τὸ

152 3856 327 3904 ποιεῖν
372 3853 401 3906 ἦ
480 3850 604 3920 ἡμῖν
657 3851 715 3898 τὸ
771 3846 976 3918 λέγειν’
1047 3851 1181 3919 μόνα
1234 3842 1294 3898 δε
1356 3845 1658 3918 ἐγράφησαν
1714 3849 1778 3897 τὰ

155 3942 294 4014 πρὸς
355 3935 616 3989 εὐσέϐειαν
677 3940 766 3987 καὶ
817 3939 996 3987 πίστιν
1054 3939 1433 4007 χρησιμώτερα
1485 3939 1574 3986 καὶ
1625 3933 1778 4006 ἀναγ-

515 4023 673 4077 έκείνο
752 4031 851 4076 τῶν
921 4026 1354 4096 συγγεγραφότων
1423 4023 1538 4094 (63)
1614 4026 1774 4081 ἐννοη-

155 3673 333 3726 αὐτῶν
409 3675 607 3744 εἴρηκεν
669 3670 824 3724 οὕτω.

157 4033 432 4102 καιότερα,

163 4118 394 4181 σάντων,
440 4117 508 4176 ὡς
557 4115 584 4164 6
622 4117 693 4185 μή
749 4118 855 4172 τοῖς
907 4118 1152 4185 γραφεῖσι
1195 4114 1452 4162 πιστεύων
1505 4108 1628 4162 οὐδὲ
1676 4120 1778 4170 τοῖς

160 4205 376 4258 πλείοσι
419 4201 681 4274 προσέξει.
727 4199 786 4252 Ὀ
843 4197 902 4252 δὲ
953 4207 1115 4251 ταῦτα
1173 4195 1444 4270 δεξάμενος
1493 4199 1671 4270 ἐτέρων
1720 4199 1777 4250 οὐ

167 4290 208 4346 δ
213 4311 268 4350 εη
279 4294 515 4350 θήσεται.

251 4473 450 4519 Γένοιτο
491 4462 550 4518 δε
605 4467 764 4537 ἡμᾶς,
825 4463 1049 4524 τελείους
1098 4465 1414 4534 θεραπευτὰς
1461 4469 1556 4523 τῆς
1601 4481 1778 4514 παντεο

167 4557 314 4608 λείου
373 4549 599 4626 Τριάδος
654 4552 1011 4624 ἀναφανέντας,
1079 4549 1255 4622 ἀγαθῷ
1334 4550 1462 4602 τέλει
1517 4550 1782 4602 κατακλεῖ-

178 4663 275 4695 σαι
301 4644 412 4714 (64)
443 4644 529 4693 τὸν
561 4639 698 4713 βίον,
725 4639 774 4692 ἐν
819 4647 1030 4714 Χριστῷ
1071 4639 1248 4696 Ἰησοῦ
1292 4647 1364 4709 τῷ
1400 4643 1569 4709 Κυρίῳ
1615 4641 1784 4710 ἡμῶν.

175 4729 373 4802 Ἀμήν.

253 4824 337 4888 Τῷ
369 4817 483 4887 (65)
515 4814 818 4878 συντελεστῆ
868 4824 965 4867 τῶν
1007 4814 1176 4866 καλῶν
1221 4822 1334 4884 Θεῷ
1383 4816 1561 4886 χάρις.
1619 4815 1784 4886 Ἀμήν

719 4903 871 4965 Τέλος
900 4905 1121 4957 πάντων.

1879 3227 2129 3280 Utuntur
2166 3227 2362 3278 autem
2408 3238 2678 3277 sermone
2718 3223 3105 3295 hyperbolico
3140 3234 3194 3280 et
3233 3227 3338 3298 qui
3383 3228 3526 3282 scri-

1877 3313 2046 3377 bunt,
2077 3316 2133 3367 et
2158 3311 2262 3384 qui
2288 3311 2634 3382 loquuntur,
2669 3312 2914 3383 quando
2945 3314 3025 3368 rei
3056 3314 3530 3386 magnitudinem

1879 3400 2192 3458 ostendere
2229 3399 2635 3455 decreverunt.
2680 3401 2784 3456 Hic
2819 3407 3020 3458 autem
3076 3403 3309 3460 addens
3357 3405 3537 3460 etiam

1880 3489 2156 3555 verbum,
2174 3487 2730 3562 0pinor,auxit(hh)
2743 3489 3136 3562 hyperbolen,
3159 3508 3230 3548 ac
3243 3491 3538 3548 suadtbile

1882 3575 2035 3644 fecit,
2064 3577 2231 3650 quod
2259 3577 2601 3633 incredibile
2627 3579 2971 3636 videbatur:
3005 3580 3341 3647 insinuans,
3375 3579 3541 3653 quod

1883 3668 1962 3725 ob
1996 3666 2330 3723 maximam
2363 3683 2568 3722 eorum
2602 3668 3040 3724 multitudinem
3072 3670 3151 3725 ita
3189 3669 3420 3725 dixerit.
3455 3668 3542 3723 Si-

1885 3757 2129 3830 quidem
2168 3761 2224 3811 et
2255 3755 2374 3811 alia
2417 3755 2598 3812 multa
2648 3756 2800 3822 fecit,
2845 3762 3050 3829 utpote
3101 3759 3478 3829 omnipotens
3526 3776 3542 3827 ;

1887 3863 2022 3902 nam
2047 3845 2097 3900 ei
2126 3844 2355 3901 facilius
2377 3849 2502 3900 erat
2525 3845 2738 3911 facere,
2758 3861 2942 3917 quam
2974 3847 3144 3901 nobis
3165 3847 3381 3901 dicere.
3405 3846 3544 3904 Sola

1887 3939 2088 3992 autem
2113 3950 2184 3989 ea
2210 3935 2593 4005 scripserunt,
2626 3950 2760 4006 qua:
2782 3935 2858 3990 ad
2892 3935 3235 4004 religionem
3266 3952 3333 3989 ac
3362 3935 3544 3990 ﬁdem

1888 4023 2123 4081 utiliora
2136 4028 2324 4090 erant,
2349 4022 2662 4092 magisque
2686 4023 3019 4076 necessaria
3047 4040 3058 4076 :
3085 4023 3246 4092 quod
3278 4021 3393 4076 hoc
3413 4037 3548 4077 cou-

1888 4111 2218 4165 siderarent
2265 4109 2323 4162 hi
2363 4107 2469 4178 qui
2509 4107 2889 4179 scripserunt,
2933 4109 3096 4180 quod
3133 4109 3235 4181 qui
3273 4109 3362 4164 his
3404 4125 3540 4181 quae

1889 4197 2106 4267 scripta
2124 4200 2265 4252 sunt
2283 4211 2400 4252 non
2415 4196 2618 4265 credit,
2645 4211 2833 4268 neque
2867 4196 3136 4268 pluribus
3159 4197 3337 4252 tidem
3356 4197 3536 4254 habe-

1888 4285 1974 4342 bit
2001 4303 2012 4340 :
2040 4285 2091 4340 ei
2116 4300 2275 4349 vero,
2308 4285 2404 4356 qui
2439 4286 2559 4339 haec
2591 4285 2853 4356 suscipit,
2888 4285 3008 4340 alia
3043 4285 3379 4340 necessaria
3417 4300 3540 4342 non

1814 4360 1858 4413 Ῑ)
1888 4376 2081 4430 erunt.

1962 4460 2194 4516 Utinam
2225 4464 2423 4516 autem
2447 4464 2504 4514 et
2531 4476 2634 4515 nos
2655 4459 2894 4532 perfecti
2918 4460 3166 4515 ministri
3191 4459 3546 4532 perfectissi-

1890 4566 2001 4605 mae
2027 4548 2312 4604 Trinitatis
2338 4547 2688 4613 habeamur,
2718 4564 2786 4604 ac
2830 4548 3014 4603 vitam
3059 4548 3219 4603 bono
3253 4548 3368 4604 ﬁne
3413 4565 3546 4604 con-

1891 4637 2231 4700 cludamus,
2256 4652 2362 4707 per
2378 4635 2668 4692 Christum
2691 4637 2890 4691 Jesum
2909 4635 3226 4691 Dominum
3253 4642 3545 4692 nostrum.

1893 4726 2106 4780 Amen.

2483 4901 2636 4957 Finis
2666 4901 2952 4958 omnium.

1392 5077 1608 5145 Variae
1640 5077 1963 5145 lectiones
1995 5087 2060 5144 et
2092 5087 2292 5144 notae.

288 5293 375 5435 59;
416 5292 612 5364 Ἦγουν
639 5295 849 5352 omittit
873 5297 936 5350 A.

288 5366 353 5420 60
423 5365 647 5420 Inclusa
699 5367 913 5422 absunt

265 5366 374 5435 (60)
423 5366 597 5419 ΙηοΙιιε

179 5433 597 5498 Joan.xx,30.

264 5506 378 5575 (61)
418 5507 546 5562 Haec
571 5507 628 5560 in
663 5510 932 5576 margine
962 5508 1140 5563 habet
1166 5511 1235 5564 A.

423 5365 647 5440 Inclusa
699 5367 913 5422 absunt
963 5369 1028 5422 A.
1082 5366 1416 5440 Respicitur
1470 5373 1668 5422 autem
1711 5368 1786 5422 ad

1993 5297 2084 5366 62)
2118 5300 2188 5349 T6
2219 5295 2387 5351 addit
2414 5297 2480 5350 A.

1995 5368 2083 5436 63)
2116 5370 2514 5439 Συγγραφόντων
2548 5372 2584 5418 Α
2596 5406 2608 5418 .

1997 5387 2083 5436 Οὔ)
2116 5387 2514 5490 λυγγςαφοντων
2548 5387 2608 5418 Λ.
2818 5438 2828 5448 ⁸
2927 5438 2936 5448 .

1997 5439 2089 5506 64)
2115 5445 2258 5490 Κατα
2291 5446 2418 5490 ῦσαι
2450 5444 2510 5501 Α,
2543 5437 2702 5508 quod
2734 5442 3017 5494 usxtattus
3049 5446 3154 5496 est.

1973 5508 2086 5580 (65)
2119 5511 2249 5565 Haec
2291 5508 2352 5564 in
2381 5510 2499 5564 ﬁne
2527 5508 2752 5565 addidit
2785 5509 2977 5566 scriba
3003 5511 3150 5568 Cod.
3189 5511 3255 5562 Α.

276 5697 406 5769 (hh)
442 5699 652 5756 Auxit.
687 5701 832 5765 Imo,
869 5701 1198 5768 castigavit,
1233 5699 1604 5772 temperavit,
1638 5699 1947 5770 mitigavit.
