4076 6454
635 375 777 431 1499

708 499 870 553 Vere.
909 501 988 551 19.
1022 497 1098 552 Et
1126 511 1317 551 —me.
1345 495 1486 550 Hinc
1509 509 1747 549 rursum
1793 492 2068 558 ostendit,
2117 492 2282 564 quod
2313 494 2354 545 Α

635 602 758 660 pra:
777 585 999 642 caeteris
1023 583 1135 639 sibi
1157 583 1513 639 familiarem
1536 598 1673 638 eum
1693 581 1894 648 faciat,
1922 596 1992 636 ac
2012 580 2281 652 ampliori

635 675 913 746 dignetur
940 673 1190 737 honore,
1223 677 1284 727 ut
1309 672 1486 727 etiam
1519 670 1853 742 promptior
1874 669 1998 724 ﬁat.

708 762 877 828 Quod
911 761 960 816 si
991 761 1124 833 quis
1157 760 1314 816 dicat
1343 779 1353 814 :
1383 758 1698 824 Quomodo
1723 772 1864 826 ergo
1880 755 2143 812 Jacobus
2163 756 2284 810 [lie-

634 849 1127 921 rosolymitanam
1149 850 1377 920 accepit
1409 847 1611 902 sedem
1633 846 1959 909 ?dicemus,
1988 844 2152 917 quod
2178 843 2286 899 Pe-

635 947 762 995 trus
812 939 972 994 orbis
1013 937 1369 993 constitutus
1417 941 1502 991 est
1542 939 1916 1006 praeceptor:
1955 949 2091 988 cum
2141 946 2284 1000 ergo

636 1033 758 1084 tam
786 1032 1131 1098 praeceptor,
1147 1041 1331 1096 quam
1355 1022 1632 1095 discipuli
1652 1022 2123 1084 deambularent,
2143 1019 2287 1074 dixit

636 1117 688 1172 ei
718 1133 728 1168 :
758 1115 1010 1186 Sequere
1032 1129 1141 1176 me,
1189 1119 1248 1167 ut
1295 1112 1553 1167 videlicet
1592 1111 1768 1166 etiam
1817 1109 2179 1181 cruciﬁgaris
2228 1114 2285 1163 et

635 1202 928 1274 aequalem
955 1203 1245 1257 sustineas
1278 1206 1548 1256 mortem.

708 1381 871 1437 Vera.
913 1384 1002 1436 20.
1038 1380 1363 1436 Conversus
1397 1409 1464 1418 —
1504 1385 1853 1449 sequentem.
1905 1376 2280 1431 lncedentem

634 1475 773 1543 post
793 1473 1025 1524 Petrum
1051 1486 1062 1534 ;
1089 1484 1230 1523 casu
1251 1469 1409 1522 enim
1433 1467 1738 1539 proximus
1761 1466 1811 1520 ei
1834 1464 2283 1521 deambulabat.

706 1647 870 1701 Vers.
902 1646 1081 1712 Quiet
1111 1674 1173 1683 —
1203 1645 1297 1699 te?
1325 1646 1379 1698 ln
1415 1659 1586 1698 cmna
1615 1643 1890 1714 mystica,
1920 1643 2073 1697 sicut
2099 1641 2179 1697 ibi
2211 1642 2284 1697 si-

635 1735 984 1805 gniﬁcatum
1010 1740 1119 1787 est.
1149 1733 1599 1787 Reducitautem
1629 1731 1803 1785 nobis
1827 1731 1902 1786 ad
1929 1731 2280 1786 memoriam

1954 366 2314 427 EUTHYMII
2350 365 2676 422 ZIGABENI
3795 366 3885 419 15m

2469 494 2569 543 Καὶ
2614 520 2681 529 -
2729 508 2838 559 μοι.
2874 487 3131 540 Ἐντεῦθεν
3174 485 3326 538 πάλιν
3357 481 3605 536 δείκνυσιν
3631 487 3700 536 ὅτι
3722 493 3799 558 πρὸ
3826 498 3888 540 τῶν

2397 578 2560 630 ἄλλων
2606 578 2760 629 αὐτὸν
2793 576 3096 639 οἰκειοῦται,
3127 579 3217 626 καὶ
3264 573 3490 645 μείζονος
3519 571 3645 635 ἀξιοῖ
3668 581 3810 645 τιμῆς,
3842 579 3892 627 in

2395 671 2483 718 καὶ
2510 667 2896 737 προθυμότερος
2923 668 3155 734 γένηται.

2469 755 2525 807 Εἰ
2580 751 2638 806 δε
2691 754 2829 823 λέγοι
2887 752 3004 823 (53)
3069 771 3144 810 τις
3176 771 3189 784 ο
3251 757 3363 810 Πῶς
3418 746 3502 801 οὖν
3555 749 3762 810 Ἰάκωϐος
3801 751 3894 804 ἵλαθι

2393 846 2481 894 τὸν
2534 845 2709 914 θρόνον
2760 843 2879 911 (5s)
2951 848 3049 891 τῶν
3099 837 3506 913 Ἱεροσολύμωνς
3555 836 3738 909 έροῡμεν
3793 841 3892 889 ὃτιὰ

2398 937 2583 1002 Πέτρος
2654 940 2744 989 τῆς
2829 930 3131 1000 οἰκουμένης
3205 925 3568 1000 έχειροτονήθη
3633 922 3889 985 διδάσκαλος.

2398 1022 2820 1091 Περιπατούντων
2877 1023 3154 1090 τοιγαροῦν
3209 1024 3298 1067 τοῦ
3363 1035 3416 1067 τε
3495 1011 3783 1066 διδασκάλου
3838 1020 3892 1063 ui

2394 1117 2491 1159 τῶν
2557 1109 2822 1177 μαθητῶν,
2874 1101 3028 1169 εἶπεν,
3089 1103 3385 1158 Ἀκολούθει
3432 1122 3540 1174 μοι,
3605 1104 3891 1172 στανρούμειις

2393 1202 2481 1247 καὶ
2512 1196 2665 1256 αὐτὸς
2840 1190 3099 1258 δηλονότι,
3141 1197 3231 1245 καὶ
3275 1195 3359 1243 τὸν
3387 1189 3497 1244 ἶσον
3527 1192 3719 1242 θάνατον
3743 1191 3892 1260 ὑφιστά-

2392 1303 2559 1356 μενος.

2466 1374 2835 1446 Ἐπιστραφεὶς
2915 1402 2985 1413 -
3061 1370 3443 1423 ἀκολουθοῦντα
3492 1364 3775 1440 [Βαδίζοντα
3821 1369 3892 1434 (56)

2394 1462 2563 1514 ὀπίσω
2620 1471 2710 1512 του
2765 1464 2956 1531 Πέτρου
2994 1478 3005 1488 ·
3037 1463 3192 1530 ἔτυχε
3234 1463 3334 1531 γὰρ
3393 1462 3508 1509 τότε
3556 1456 3749 1513 πλησίον
3792 1455 3893 1505 αὑτοῦ

2393 1570 2486 1625 περ
2495 1549 2738 1622 maritim]

2461 1639 2556 1699 ‘0;
2614 1644 2702 1689 καὶ
2731 1669 2798 1677 -—
2840 1655 2934 1700 σε;
2967 1638 3045 1689 Ἐν
3099 1644 3172 1705 τῷ
3234 1632 3426 1705 δείπνῳ
3468 1641 3538 1701 τῷ
3583 1640 3802 1702 pactus).
3839 1651 3896 1679 ιι·

2396 1729 2491 1786 θὼς
2523 1726 2625 1778 ἐκεῖ
2670 1723 2984 1783 δεδήλωται.
3040 1725 3454 1795 Ἀναμιμνήσκει
3508 1718 3564 1773 δε
3604 1724 3726 1792 ἡμᾶς
3771 1721 3898 1776 mea

632 1823 1174 1891 interrogationem,
1217 1820 1557 1886 ostendens,
1605 1829 1893 1892 quantam
1950 1823 2148 1874 Petrus
2201 1819 2242 1874 lc

2317 1839 2355 1892 Β
2393 1825 2485 1876 τῆς
2539 1814 2892 1875 κατακλίσεως
2931 1833 2983 1866 τε
3018 1819 3107 1864 καὶ
3166 1811 3482 1883 ἱρωτήσεως,
3538 1806 3725 1869 δεικνὺς
3766 1810 3897 1862 Gneo

633 1911 857 1984 quendi
914 1911 1168 1981 adeptus
1227 1915 1377 1963 esset
1433 1908 1785 1972 libertatem,
1828 1912 2152 1979 postquam
2207 1907 2282 1962 de

633 2000 947 2068 negatione
973 2001 1313 2068 resipuerat.
1342 1997 1486 2052 Nam
1518 1997 1620 2068 qui
1647 2002 1785 2051 tunc
1805 2012 1990 2050 ausus
2015 2012 2136 2051 non
2157 2002 2285 2051 erat

634 2089 1017 2156 interrogare,
1053 2088 1150 2140 sed
1180 2086 1390 2140 dilecto
1419 2084 1707 2156 discipulo
1734 2085 1808 2138 ad
1833 2085 1946 2139 hoc
1971 2083 2277 2140 utebatur:

633 2175 729 2231 hic
755 2191 875 2230 non
904 2174 1097 2229 solum
1125 2173 1562 2244 praesidentium
1595 2187 1734 2241 erga
1757 2173 1961 2227 fratres
1992 2172 2093 2226 stbi
2123 2188 2283 2228 com-

635 2263 879 2319 missam
909 2262 1149 2332 accepit.
1179 2278 1374 2315 verum
1405 2261 1581 2315 etiam
1611 2260 1684 2315 de
1707 2259 1898 2314 dilecti
1925 2265 2080 2315 statu
2107 2259 2284 2315 conﬁ-

635 2354 843 2409 denter
871 2352 1208 2420 interrogat.

706 2438 868 2491 Vers.
900 2439 988 2490 2t.
1023 2436 1200 2490 Hunc
1233 2465 1299 2475 —
1332 2433 1478 2504 quid
1508 2434 1536 2486 Υ
1565 2433 1718 2488 Num
1752 2437 1808 2488 et
1837 2435 1962 2504 ipse
1995 2437 2048 2489 te
2080 2447 2286 2504 seque-

635 2531 729 2584 tur
753 2524 780 2578 ?
797 2540 941 2578 num
963 2525 1238 2578 eamdem
1261 2522 1572 2576 nobiscum
1598 2521 1803 2576 mortis
1825 2521 1924 2576 via
1944 2521 2286 2590 gradietur?

635 2630 781 2669 num
814 2610 1077 2666 similiter
1103 2611 1385 2666 morietur
1414 2611 1441 2664 ?
1471 2610 1774 2682 Siquidem
1807 2610 2107 2676 intellexit,
2141 2610 2286 2681 quid

635 2701 940 2768 innuisset,
998 2701 1202 2754 dicens
1258 2717 1268 2754 :
1324 2701 1576 2770 Sequere
1627 2716 1760 2762 me;
1801 2714 2059 2772 cumque
2106 2698 2290 2754 Joan-

637 2805 773 2844 nem
813 2789 1193 2843 vehementer
1235 2794 1483 2849 amaret,
1534 2787 1816 2858 cupiebat
1858 2803 1995 2841 eum
2043 2787 2288 2857 aequalis

635 2876 843 2932 mortis
875 2892 1179 2929 assumere
1216 2879 1548 2928 consortem
1581 2893 1593 2928 :
1624 2881 1678 2928 et
1728 2883 2016 2944 tanquam
2058 2874 2288 2929 Joanne

635 2965 998 3030 interrogare
1021 2976 1138 3016 non
1164 2960 1439 3026 audente,
1464 2961 1590 3032 ipse
1615 2960 1953 3030 interrogat,
1978 2962 2288 3033 vicemque

636 3051 924 3123 rependit.
951 3050 1094 3114 Quid
1131 3065 1272 3117 ergo
1297 3050 1558 3103 Christus
1579 3051 1605 3104 ?
1640 3049 1941 3105 Privatum
1968 3053 2290 3120 amputans

638 3139 939 3201 affectum,
975 3155 1043 3193 ac
1075 3139 1372 3192 instruens
1404 3137 1548 3194 nihil
1581 3137 1822 3192 ulterius
1851 3152 1980 3190 esse
2021 3151 2291 3206 perscru-

639 3228 910 3291 taudum,
954 3227 1208 3280 ostendit
1265 3226 1424 3279 vario
1492 3227 1660 3280 modo
1705 3223 2083 3295 disponenda
2136 3240 2288 3288 esse,

635 3331 771 3385 quae
799 3315 928 3368 illos
956 3314 1385 3380 contingerent.

2397 1910 2580 1977 Πέτρος
2643 1902 2938 1976 παρρησίαν
2996 1905 3126 1973 ἔσχε
3175 1904 3304 1968 μετὰ
3356 1904 3446 1957 τὴν
3514 1897 3595 1949 ἐπὶ
3654 1905 3706 1968 τῇ
3758 1895 3899 1970 ἀρνήσει

2392 1997 2687 2065 μετάνοιαν,
2732 1991 2789 2041 Ὀ
2830 1993 2931 2062 γὰρ
2962 1995 3078 2042 τότε
3107 1994 3177 2062 μὴ
3220 1989 3419 2061 τολμῶν
3452 1995 3715 2059 ἐρωτῆσαι,
3745 1985 3839 2035 ἀλλα
3858 1992 3900 2049 τῷ

2393 2084 2712 2153 ἠγαπημένῳ
2741 2082 3074 2152 χρησάμενος
3113 2079 3184 2140 εἰς
3222 2086 3394 2142 τοῦτο,
3429 2077 3578 2136 οὗτος
3607 2075 3660 2126 οὗ
3694 2079 3814 2146 μόνον
3846 2079 3898 2126 τήν

2393 2175 2721 2242 προστασίαν
2753 2169 3031 2225 ἐπιστεύθη
3059 2177 3158 2220 τῶν
3198 2163 3452 2239 ἀδελφῶν,
3488 2164 3610 2216 ἀλλὰ
3636 2170 3714 2214 καὶ
3744 2168 3827 2233 περὶ
3848 2168 3902 2209 τιν

2396 2260 2734 2329 ἠγαπημένον
2767 2256 3053 2330 θαρραλέως
3075 2254 3259 2330 έρωτᾲ.

2466 2440 2660 2485 Τουτον
2708 2464 2772 2473 ——
2832 2437 2920 2499 ri;
2954 2431 3065 2484 Οὐχ
3105 2430 3452 2486 αχολουθήσει
3499 2446 3618 2494 σοι;
3650 2427 3700 2479 οὔ
3745 2435 3815 2482 re.
3852 2425 3908 2474 r3-

2399 2527 2490 2579 τὴν
2543 2524 2666 2592 ἡμῖν
2725 2518 2846 2573 ὁδὸν
2894 2528 2985 2572 τοῦ
3036 2521 3255 2572 θανάτου
3308 2515 3626 2589 βαδιεῖται;
3665 2516 3752 2586 οὐχ
3792 2516 3910 2584 ὁμοίως

2401 2609 2772 2674 ἁποθανείται;
2809 2617 3000 2667 Συνῆκε
3051 2610 3151 2679 γὰρ
3205 2613 3255 2659 τί
3326 2603 3595 2664 ὑπεδήλου
3651 2609 3701 2656 τὸ
3749 2601 3908 2656 ’Δκολςν-

2400 2701 2475 2752 θει
2523 2718 2631 2770 μοι,
2707 2704 2793 2749 καὶ
2856 2694 3061 2768 σφόδρα
3120 2696 3274 2767 φιλῶν
3329 2698 3416 2746 τὸν
3474 2696 3704 2750 Ἰωάννην
3757 2689 3913 2742 ilio-fire

2399 2791 2638 2838 κοινωνὸν
2698 2786 2850 2838 αὐτόν
2913 2793 3004 2836 τοῦ
3060 2788 3180 2836 ἶσου
3253 2785 3478 2835 θανάτου
3549 2782 3726 2843 λαϐεῖν,
3768 2785 3834 2829 καὶ
3874 2778 3913 2832 ὡς

2398 2882 2490 2925 τοῦ
2556 2875 2791 2926 Ἰωάννου
2845 2877 2914 2942 μὴ
2970 2871 3260 2942 τολμῶντος
3333 2869 3552 2943 ἐρωτᾷν,
3620 2869 3754 2929 αὐτὸς
3793 2865 3910 2939 Egerii.

2399 2969 2489 3012 uti
2539 2968 2631 3018 τήν
2693 2960 2912 3032 ἀμοιϐὴν
2979 2956 3302 3012 ἀποδίδωσι.
3373 2965 3440 3012 Τί
3508 2956 3594 3011 οὖν
3647 2960 3670 3009 ὁ
3723 2964 3912 3027 Χριςτσςξ

2404 3050 2695 3100 Ἐκκοπτων
2768 3055 2860 3105 τὴν
2919 3054 3135 3120 μερικὴν
3190 3048 3384 3119 φιλίαν,
3443 3055 3534 3100 καὶ
3599 3043 3822 3099 παιδεύων
3856 3060 3913 3110 με·

2402 3134 2488 3190 δᾶν
2539 3139 2655 3206 (57)
2711 3142 2995 3211 περαιτέρω
3063 3137 3539 3211 πολυπραγμονεῖν,
3607 3141 3689 3186 καὶ
3739 3138 3911 3203 ἐμφαίνει»

2401 3228 2480 3277 ὃτι
2562 3222 2823 3296 διαφόρως
2881 3228 2944 3277 τὰ
3029 3227 3142 3277 κατ’
3220 3225 3410 3286 αὐτοὺς
3486 3223 3913 3296 οὶκονομηθήσοντει,

2402 3321 2559 3386 φησίν
2590 3316 2707 3384 (58)
2742 3335 2755 3346 ·

709 3405 749 3472 -ι-
782 3401 929 3456 Cum
960 3401 1223 3456 audisset
1257 3401 1459 3455 Petrus
1501 3401 1588 3470 (ut
1636 3398 1882 3469 quidam
1923 3398 2109 3468 aiunt)
2146 3399 2311 3471 quod
2343 3417 2450 3472 pro
2482 3401 2715 3457 Christo
2762 3405 2913 3458 esset
2952 3401 3300 3466 moriturus,
3343 3401 3498 3457 dixit
3557 3420 3570 3456 :
3608 3403 3668 3456 Et
3713 3401 3911 3454 Joannes

636 3490 782 3561 quid
812 3492 840 3545 ?
861 3506 1006 3544 num
1037 3496 1090 3544 et
1115 3491 1241 3559 ipse
1274 3489 1596 3543 moriturus
1630 3493 1719 3542 est
1750 3487 1777 3540 ?
1799 3487 2066 3543 Christus
2098 3493 2299 3543 autem
2335 3489 2392 3544 id
2438 3491 2678 3561 quidem
2712 3506 2835 3546 non
2865 3490 3102 3561 negavit
3131 3507 3144 3555 ;
3191 3505 3332 3546 nam
3386 3490 3662 3563 quisquis
3690 3491 3915 3546 natusest,

638 3579 811 3634 etiam
864 3579 1185 3633 morietur:
1234 3577 1335 3631 sed
1387 3578 1469 3631 ait
1511 3577 1604 3630 :Si
1656 3592 1788 3631 eum
1835 3575 2012 3630 velim
2054 3593 2290 3633 manere
2323 3594 2513 3650 usque
2553 3579 2630 3634 ad
2659 3578 2868 3634 mundi
2910 3578 3530 3642 consummationem,
3561 3584 3616 3634 et
3645 3583 3761 3632 tunc
3783 3572 3838 3627 de
3859 3583 3914 3622 me

638 3666 951 3731 testiﬁcari,
976 3666 1120 3737 quid
1161 3665 1237 3721 ad
1277 3672 1327 3720 te
1354 3666 1381 3720 Ἰ
1422 3666 1633 3719 Dicunt
1664 3665 1883 3738 itaque,
1916 3680 2052 3720 eum
2084 3667 2297 3730 vivere,
2331 3672 2386 3722 et
2428 3667 2542 3722 sub
2573 3667 2933 3724 Antichristo
2965 3667 3357 3723 occidendum
3384 3683 3531 3724 cum
3565 3667 3678 3723 Elia
3699 3670 3747 3720 et
3767 3659 3916 3718 Bacch,

636 3756 1062 3828 praedicantem
1079 3755 1393 3811 Christum.
1415 3754 1582 3820 Quod
1610 3755 1654 3809 si
1679 3761 2135 3811 monumentum
2169 3756 2298 3825 ejus
2327 3756 2698 3822 ostendatur,
2723 3755 2871 3830 quid
2902 3756 3041 3812 inde
3070 3754 3098 3810 ‘I
3124 3756 3308 3811 Vivus
3331 3770 3601 3828 namque
3626 3752 3748 3810 illud
3769 3751 3917 3816 ingnia

638 3860 741 3899 sus
779 3848 886 3908 est,
927 3843 1142 3898 deinde
1184 3843 1523 3909 translatus,
1557 3842 2075 3915 quemadmodum
2108 3844 2285 3898 etiam
2329 3845 2519 3901 Enoch
2561 3850 2616 3901 et
2655 3845 2828 3900 Elius.
2874 3845 3084 3901 Evertit
3135 3844 3335 3917 itaque
3374 3843 3732 3916 evangelista
3777 3835 3916 3894 falsam

636 3931 864 3987 illorum
893 3932 1256 4002 opinionem,
1291 3931 1389 3999 qui
1421 3932 1783 3995 existimant,
1821 3947 1938 3984 non
1964 3947 2094 3986 esse
2133 3932 2487 3988 moriturum
2518 3933 2679 3988 hunc
2705 3933 3068 4006 discipulum
3100 3948 3282 3990 :nam
3310 3933 3391 3989 ita
3423 3933 3648 3990 falsum
3675 3934 3767 3993 est,
3789 3922 3916 3980 homi-

635 4035 773 4075 nem
817 4017 1086 4074 videlicet
1125 4034 1256 4073 esse
1291 4017 1709 4073 immortalem.
1757 4021 1900 4073 Nam
1946 4019 2052 4073 etsi
2102 4019 2302 4075 Enoch
2355 4026 2411 4075 et
2473 4021 2626 4075 Elias
2672 4037 2790 4076 non
2833 4021 2946 4076 sint
3001 4022 3236 4086 mortui,
3273 4026 3412 4077 sunt
3453 4026 3650 4077 tamen
3696 4011 3914 4073 mortales

635 4108 720 4162 lta
749 4122 890 4175 ergo
931 4113 982 4161 et
1012 4106 1126 4173 hic,
1159 4122 1511 4177 quanquam
1543 4110 1810 4161 mortuus
1841 4121 1959 4160 non
1994 4105 2085 4171 sit,
2135 4110 2398 4163 attamen
2449 4109 2753 4164 morietur.
2812 4105 3045 4164 Falsum
3079 4109 3277 4180 itaque
3306 4114 3396 4164 est
3427 4109 3601 4182 quod
3627 4121 3734 4163 non
3768 4099 3913 4158 moria-

636 4200 731 4250 tur
760 4212 773 4259 ;
801 4196 883 4250 sic
922 4194 1281 4249 intellectum
1323 4194 1483 4264 quod
1530 4194 1799 4248 videlicet
1827 4194 1897 4247 sit
1939 4196 2318 4250 immortalis.
2360 4196 2465 4252 Alii
2494 4203 2693 4253 autem
2722 4196 3048 4259 afﬁrmant.
3071 4197 3240 4269 quod
3275 4201 3556 4253 mortuus
3584 4197 3672 4258 sit,
3703 4197 3750 4250 et
3769 4190 3915 4247 dictum

633 4283 778 4339 illud
814 4301 824 4339 :
859 4283 918 4338 Si
945 4299 1076 4339 eum
1121 4284 1294 4338 velim
1333 4297 1591 4346 manere,
1626 4282 1812 4338 donec
1843 4283 2096 4346 veniam,
2141 4283 2491 4354 intelligunt,
2554 4287 2714 4358 quod
2771 4299 3152 4341 remansurus
3205 4291 3334 4342 erat
3381 4286 3444 4342 in
3490 4285 3693 4340 Iudaea
3736 4283 3916 4336 Joannes

633 4373 826 4429 donec
857 4372 1074 4427 veniret
1096 4372 1365 4427 Christus
1397 4376 1602 4427 contra
1636 4371 1896 4436 Judieos,
1933 4387 2322 4443 percussurus
2351 4389 2446 4428 eos
2479 4389 2584 4444 per
2610 4389 2823 4429 manus
2856 4375 3288 4439 Romanorum,
3323 4378 3380 4430 et
3409 4373 3493 4430 ita
3515 4374 3738 4428 Petrum
3762 4367 3915 4423 alcan-

630 4477 702 4516 ne
736 4461 1163 4532 separandum,
1201 4466 1260 4515 ut
1291 4460 1467 4515 etiam
1509 4460 1719 4530 majori
1767 4459 1951 4515 fructu
2002 4460 2253 4516 diversis
2302 4460 2446 4517 locis
2493 4462 2897 4532 pradicarent.
2951 4463 3171 4518 Omnes
3213 4461 3390 4531 igitur
3438 4461 3741 4534 opiniones
3780 4449 3916 4509 retuli.

628 4566 784 4618 mus,
819 4555 877 4604 ut
907 4549 1119 4604 harum
1147 4565 1340 4604 rerum
1374 4548 1618 4604 studiosi
1651 4547 1875 4604 nullam
1903 4550 2264 4617 ignorarent.
2310 4551 2418 4615 Qui
2470 4556 2669 4606 autem
2721 4550 2944 4613 dicunt,
3000 4565 3129 4605 eum
3180 4565 3310 4605 esse
3365 4557 3688 4610 mortuum,
3738 4545 3786 4598 in
3809 4540 3913 4595 hunc

633 4638 879 4693 modum
917 4637 1173 4692 referunt
1206 4655 1215 4690 :
1255 4637 1565 4702 Foderunt,
1601 4637 1895 4708 inquiunt,
1932 4636 2184 4702 foveam,
2218 4644 2276 4692 et
2307 4637 2366 4694 in
2395 4654 2544 4710 gyro
2587 4643 2917 4710 posuerunt
2950 4637 3181 4710 lapides
3211 4659 3225 4694 :
3260 4636 3481 4694 deinde
3509 4637 3672 4693 illum
3701 4632 3768 4688 ibi
3793 4625 3917 4684 demi-

634 4731 853 4791 serunt,
888 4743 955 4780 ac
979 4732 1361 4797 operuerunt.
1399 4729 1532 4781 Post
1556 4725 1783 4797 aliquot
1813 4731 2016 4781 autem
2036 4725 2163 4782 dies
2215 4727 2453 4783 scrutati
2487 4732 2621 4782 sunt
2649 4726 2887 4782 foveam
2937 4725 3125 4797 illam,
3171 4731 3228 4782 et
3282 4741 3407 4782 eum
3446 4741 3572 4782 non
3622 4715 3913 4778 invenerunt.

629 4816 869 4880 Verum,
904 4815 1049 4886 quia
1080 4832 1216 4870 eum
1246 4814 1359 4870 illic
1386 4813 1812 4885 deposuerunt,
1845 4813 2049 4870 dicunt
2079 4831 2218 4870 eum
2249 4815 2430 4872 fuisse
2463 4821 2789 4871 mortuum.

707 4905 862 4958 Vers.
894 4906 980 4957 22.
1012 4905 1110 4958 Ait
1145 4936 1211 4944 -—
1239 4910 1290 4960 te
1317 4906 1344 4959 ?
1372 4903 1433 4958 Si
1467 4919 1603 4957 eum
1657 4901 1831 4958 velim
1873 4902 1933 4957 in
1963 4902 2109 4957 vivis
2154 4918 2284 4960 ma-

2467 4908 2612 4975 Λέγει
2664 4935 2730 4943 ——
2782 4922 2838 4955 σε
2867 4921 2882 4970 ;
2915 4904 3035 4954 Ἐὰν
3087 4899 3242 4954 αὐτὸν
3291 4901 3416 4955 θέλω
3465 4905 3631 4974 μένειν
3688 4898 3832 4957 ζῶντα
3864 4890 3909 4939 έῖύἐ

1866 5079 2096 5148 Varias
2125 5081 2451 5150 lectiones
2490 5091 2556 5148 et
2586 5091 2785 5148 notas.

720 5298 816 5358 53)
846 5301 995 5358 Λέγει
1029 5305 1062 5350 Α
1077 5342 1087 5352 .

2466 5304 2580 5358 (57)
2609 5299 2761 5358 Medi
2788 5304 2851 5358 A.

1077 5342 1241 5450 apud
1287 5372 1486 5451 Patres
1526 5373 1752 5451 Graecos
1783 5371 2283 5454 notat_episcopa-
2925 5373 3244 5454 Hentenius
3273 5372 3631 5454 “margine

629 5432 992 5522 turn/Hunc
1047 5432 1206 5496 enim
1262 5444 1517 5509 primum
1561 5442 1911 5514 episcopum
1957 5432 2142 5498 fuisse
2174 5432 2285 5500 ἱνα·
2396 5432 3133 5522 addiditschglium_,quod
3155 5432 3918 5522 ᾧᾳβιψῇεᾳιῖὃὶωξιξοξςεξξξς

628 5491 988 5598 δῆξὲ
1025 5491 1206 5598 gf“
1264 5491 1517 5598 ζῇς-ξ’·
2396 5491 3919 5598 ῑᾷιῖξβὶῐᾳῖῖῆίὲόῐιὶέῐνιῐ’ἓξῑᾏῗὲῐῖέῐὲῐίξξεϋέξ’

727 5584 814 5657 55)
849 5581 1126 5657 μαι-αὐτός
1156 5582 1378 5657 omittit
1400 5585 1468 5657 Δἷ
1917 5653 1929 5657 _
2174 5655 2209 5657 __

2394 5577 2618 5640 chaeli's
2667 5577 2908 5656 Glycmf
2945 5577 3156 5657 quam
3180 5585 3336 5641 edidi
3392 5601 3532 5642 cum
3567 5577 3915 5657 _lsbcratis_,ue-

848 5630 1096 5728 incl
1113 5630 1668 5728 abgitnithrllorum
1693 5658 1894 5709 autem
1917 5653 2049 5728 loco
2071 5655 2237 5710 addit
2269 5671 2282 5710 :
2922 5630 3723 5714 εῗᾶἷῑεῖῗὲὗὶηῖλῆιιὶἷξιᾶ

653 5721 829 5795 Ετυχε
883 5721 1178 5794 βαδίζοντα
1211 5723 1339 5794 (sic)
1392 5723 1560 5776 ὀπίσω
1609 5731 1700 5776 τοῦ
1755 5729 1971 5796 Πέτρου,
2024 5724 2282 5780 ἀνέπεσεν.

2394 5745 2446 5798 ρ.
2481 5729 2578 5782 741
2614 5730 2676 5780 Α.
