4076 6444
161 364 288 419 1501

1141 358 1511 416 COMMENT.
1554 359 1623 414 IN
1657 357 2006 414 JOANNEM.
2048 387 2117 398 —
2155 357 2312 412 CAP.
2355 359 2498 414 XXI.

3395 368 3409 419 t
3422 364 3530 420 502

160 491 382 563 ἔρχομαι
411 489 547 540 κατά
573 490 668 545 τήν
700 482 944 560 δευτέραν
974 505 1075 558 μου
1104 490 1419 561 παρουσίαν,
1459 489 1511 537 τί
1540 487 1670 560 πρός
1702 488 1758 537 σε

1891 497 2008 538 iere
2055 482 2245 538 donec
2290 485 2554 541 secundo
2609 486 2865 543 adventu
2919 489 3178 555 veniam,
3238 491 3388 564 quid
3444 491 3528 548 illi

157 595 322 628 κοινόν
344 592 358 642 ;

228 669 292 717 Σὺ
324 663 591 716 ἀκολούθει
619 683 732 736 μοι.
773 666 838 715 Σὺ
867 666 954 715 τόν
989 666 1080 714 σόν
1112 664 1328 714 θάνατον
1359 667 1563 729 σκόπει,
1594 657 1760 733 μηδὲν

157 757 242 807 τόν
272 753 464 806 ἐκείνου
491 755 978 825 περιεργαζόμενος.

227 840 464 903 Ἐξῆλθεν
497 871 562 880 --
594 837 868 912 ἀδελφούς.
899 845 1050 899 Ποῑος
1073 837 1221 910 λόγος
1250 859 1263 908 ;

225 930 345 983 Ὀτι
400 960 464 970 -
512 927 853 986 ἀποθνήσκει.
903 928 1057 988 Εἰκὸς
1097 931 1198 1000 γὰρ
1243 926 1507 988 κάκείνους
1559 926 1762 980 ἀκούειν

159 1019 346 1090 ἇπρός
395 1020 480 1069 τόν
528 1021 717 1090 Πέτρον
766 1015 1082 1091 ἕρῥήθησαν.
1115 1017 1440 1088 Διεφημὶσθη
1501 1013 1562 1069 δὲ
1609 1018 1634 1068 ό
1682 1016 1764 1068 λό-

157 1127 242 1179 γος
271 1106 436 1170 οὗτος,
491 1109 654 1176 ἤγουν
698 1105 812 1177 (59)
842 1107 922 1157 ὅτι
967 1105 1062 1157 οὐκ
1119 1103 1456 1171 ἀποθνήσκει,
1520 1109 1584 1166 ὡς
1638 1105 1764 1158 πλα-

157 1197 404 1253 νηθέντων
488 1193 679 1260 αὐτῶν,
761 1198 848 1246 καὶ
927 1197 999 1266 μή
1063 1198 1462 1268 συνεωρακότων
1534 1198 1620 1246 τὸν
1673 1202 1763 1246 τοῦ

157 1284 305 1354 λόγου
386 1285 602 1337 σκοπόν.
688 1279 816 1335 Εἶτα
905 1278 1212 1354 διορθοῦται
1278 1287 1369 1340 τήν
1445 1282 1764 1354 ἐσφαλμένην

156 1374 348 1444 φήμην·

228 1464 331 1512 Καὶ
355 1489 423 1498 —
457 1461 514 1510 σε
535 1475 548 1526 ;
569 1457 733 1532 Ὀπερ
763 1457 822 1509 οὐ
855 1453 1012 1514 δηλοῖ
1037 1459 1119 1509 ὅτι
1149 1458 1241 1509 οὐκ
1274 1457 1614 1529 ἀποθνήσκει,
1657 1459 1764 1512 ἀλλα

158 1548 320 1620 ἕτερον
351 1549 464 1617 ἔχει
493 1549 706 1610 σκοπόν,
738 1549 806 1608 ὡς
837 1550 1163 1620 προείρηται.
1196 1551 1283 1607 Τίς
1321 1546 1408 1598 οὖν
1436 1547 1765 1600 ὑπολείπεται

154 1634 304 1706 λόγος
360 1641 471 1696 τοῖς
515 1633 885 1702 ἐνισταμένοις,
934 1635 1016 1685 ὅτι
1062 1634 1120 1685 οὐ
1165 1635 1424 1700 τέθνηκεν,
1479 1635 1636 1687 αὐτοῦ
1695 1630 1760 1695 δὴ

153 1727 335 1776 τούτου
365 1718 664 1797 διαρρήδην
696 1721 926 1794 βοῶντος
951 1723 1032 1774 ὅτι
1058 1721 1350 1774 πλανῶνται
1377 1726 1426 1775 οἱ
1456 1732 1608 1776 τοῦτο
1639 1726 1762 1777 ὑπο-

153 1811 498 1884 λαμϐάνοντες
530 1829 544 1877 ;

225 1899 387 1959 Οὗτος
427 1929 500 1940 -
556 1899 736 1952 αὐτοῦ.
795 1903 895 1951 Καὶ
947 1895 1182 1970 οἴδαμεν,
1255 1898 1305 1950 οἰ
1367 1897 1560 1961 εἰδότες
1609 1901 1764 1984 αὐτὰ,

153 1991 230 2040 ὅτι
283 1987 481 2047 ἀληθῶς
536 1995 808 2062 μαρτυρεῖ.
866 1991 1106 2039 Φαίνεται
1172 1989 1274 2062 γὰρ
1333 1991 1414 2040 ὅτι
1481 1995 1570 2042 καὶ
1621 1990 1766 2043 ἄλλοι

153 2084 321 2128 ταῦτα
359 2076 656 2147 ἐγίνωσκον.
712 2075 796 2135 Ὠς
847 2073 933 2127 οὖν
967 2073 1174 2148 σφόδρα
1227 2076 1427 2152 θαρῥῶν
1453 2086 1516 2150 τῇ
1551 2077 1766 2152 ἀληθείᾳ

153 2169 307 2218 τοῦτό
340 2184 517 2236 φησιν.
554 2170 722 2236 Ἔγνω
767 2167 868 2237 γάρ
901 2166 980 2216 ὅτι
1023 2161 1164 2227 δόξει
1194 2171 1334 2218 τισὶν
1380 2169 1508 2229 ἴσως
1557 2169 1765 2220 ὕποπτα

151 2252 333 2324 λέγειν,
369 2249 404 2305 δ
409 2255 462 2304 ιά
491 2255 550 2304 τὸ
580 2257 650 2324 μή
680 2254 1097 2324 μνημονευθῆναι
1118 2261 1281 2306 ταῦτα
1302 2258 1444 2330 παρά
1475 2264 1574 2307 τῶν
1601 2256 1762 2308 ἄλλων

154 2341 552 2413 εὐαγγελιστῶν.

223 2518 378 2571 Ἐστι
409 2513 468 2570 δε
493 2547 559 2558 -
591 2519 616 2568 6
643 2516 870 2578 Ἰησοῦς.
904 2516 1092 2590 [Τοῦτο
1118 2519 1232 2589 (60)
1263 2525 1352 2571 καὶ
1384 2518 1619 2593 ἀνωτέρω
1646 2527 1761 2594 περὶ

149 2614 252 2657 τῶν
288 2611 516 2678 σημείων
541 2601 726 2678 εἶπεν.]

221 2693 406 2746 Ἀτινα
433 2723 504 2735 -
530 2691 732 2765 βιϐλία.
767 2693 868 2764 [οὖ
898 2693 1012 2763 (61)
1061 2702 1228 2766 χωρεὶ
1260 2691 1320 2746 δε
1369 2696 1502 2747 αὐτὰ
1551 2699 1576 2748 6
1627 2697 1762 2770 εἰρη-

147 2787 301 2856 μένος
331 2786 548 2854 κόσμος,
581 2787 671 2834 καὶ
700 2781 818 2833 καθ’
845 2781 1012 2854 ἕτερον
1029 2781 1198 2853 λόγον,
1231 2782 1290 2833 οὐ
1324 2778 1358 2834 δ
1365 2786 1416 2834 ιά
1439 2785 1547 2853 (62)
1571 2785 1669 2842 πλῆ
1681 2787 1761 2845 θος

147 2871 601 2942 συγγραμμάτων,
644 2867 772 2920 ἀ)λά
825 2866 918 2920 διὰ
968 2872 1182 2940 μέγεθος
1233 2874 1546 2941 πραγμάτων
1584 2893 1595 2904 ⁸
1639 2869 1761 2924 οὐδὲ

141 2965 312 3030 τόπῷ,
341 2958 469 3010 ἀλλά
488 2956 710 3031 τρόπῳ.]

227 3049 338 3100 Καθ
401 3043 687 3118 ὑπερϐολήν
754 3046 780 3096 ό
842 3043 1010 3115 λόγος,
1082 3043 1337 3116 ἐμφαίνων
1389 3047 1482 3100 τήν
1541 3041 1764 3113 ὑπερϐο-

143 3137 247 3195 λήν
315 3142 408 3187 τοῦ
490 3133 721 3195 πλήθους
799 3141 899 3185 τῶν
974 3136 1343 3205 πεπραγμένων
1414 3140 1484 3203 τῷ
1567 3135 1759 3205 Κυρίῳ.

146 3233 400 3299 Χρῶνται
455 3219 513 3274 δε
565 3229 638 3292 τῷ
688 3220 826 3292 λόγῷ
885 3230 979 3283 τῆς
1037 3221 1325 3294 ὑπερϐολῆς
1380 3226 1469 3272 καὶ
1517 3220 1565 3272 οἰ
1632 3221 1763 3292 γρά-

147 3333 354 3387 φοντες,
418 3317 507 3364 καὶ
575 3314 622 3363 οἱ
677 3311 927 3382 λέγοντες,
989 3312 1109 3362 ὅταν
1166 3309 1451 3382 ὑπερϐολήν
1527 3312 1767 3381 πράγμα-

146 3423 242 3466 τος
274 3409 623 3476 παραστῆσαι
663 3398 1017 3472 βουληθωσιν.
1062 3399 1224 3460 Οὗτος
1281 3396 1341 3451 δὲ
1389 3402 1554 3450 καὶτὸ
1604 3396 1768 3470 Οἶμαι

145 3492 402 3567 προσθεὶς
455 3487 668 3541 ἐκόλασε
717 3493 809 3546 τὴν
865 3487 1176 3563 ὑπερϐολήν,
1222 3492 1310 3540 καὶ
1359 3489 1767 3563 παρεμυθήσατο

144 3583 212 3632 τό
243 3576 433 3631 δοκοῦν
465 3577 734 3642 ἀπίθανον,
785 3573 1062 3634 ὑποδηλῶν
1112 3579 1190 3628 ὅτι
1235 3573 1328 3628 διὰ
1374 3579 1431 3628 τό
1463 3576 1769 3648 παμπληθὲς

147 3668 329 3721 αὐτῶν
405 3669 604 3739 εἰρηκεν
665 3666 819 3720 οὕτω.
902 3671 1002 3718 Καὶ
1077 3665 1208 3717 ἄλλα
1275 3668 1366 3737 μὲν
1447 3662 1533 3717 οὖν
1610 3665 1772 3718 πολλά

144 3757 422 3821 ἐποίησεν,
474 3757 538 3815 ὡς
568 3756 733 3807 πάντα
783 3751 1097 3826 δυνάμενος·
1131 3749 1317 3828 ῥᾴδιον
1365 3757 1466 3826 γὰρ
1517 3755 1656 3825 αὐτῷ
1713 3758 1770 3813 τό

142 3851 322 3898 ποιεῖν
368 3848 397 3902 ἦ
475 3845 600 3916 ἡμῖν
652 3847 710 3894 τό
767 3843 971 3914 λέγειν’
1043 3847 1176 3916 μόνα
1229 3839 1289 3894 δὲ
1351 3842 1654 3915 ἐγράφησαν
1709 3847 1773 3895 τὰ

143 3938 287 4010 πρὸς
350 3931 611 3984 εὐσέϐειαν
672 3936 761 3983 καὶ
813 3936 991 3983 πίστιν
1049 3937 1429 4004 χρησιμώτερα
1479 3937 1569 3984 καὶ
1620 3931 1772 4004 ἀναγ-

144 4028 427 4097 καιότερα,
510 4019 668 4072 ἐκεῖνο
746 4027 846 4070 τῶν
915 4023 1350 4094 συγγεγραφότων
1418 4020 1533 4092 (63)
1609 4024 1769 4080 ἐννοη-

148 4115 388 4176 σάντων,
435 4111 502 4171 ὡς
552 4110 578 4160 ό
617 4112 688 4180 μὴ
743 4114 849 4168 τοῖς
901 4114 1147 4180 γραφεῖσι
1189 4111 1447 4158 πιστεύων
1501 4106 1623 4160 οὐδὲ
1670 4118 1772 4169 τοῖς

144 4201 370 4255 πλείοσι
413 4197 675 4269 προσέξει.
722 4195 780 4247 Ὀ
838 4193 896 4248 δε
947 4203 1109 4248 ταῦτα
1167 4191 1438 4266 δεξάμενος
1487 4196 1665 4268 ἐτέρων
1714 4197 1771 4248 οὐ

149 4287 189 4342 δ
194 4309 256 4346 εη
269 4289 510 4344 θήσεται.

233 4467 444 4515 Γένοιτο
485 4457 544 4513 δε
599 4461 758 4532 ἡμᾶς,
819 4459 1043 4520 τελείους
1092 4461 1408 4531 θεραπευτὰς
1455 4466 1550 4520 τῆς
1595 4479 1772 4512 παντε-

147 4553 307 4605 λείου
367 4545 593 4620 Τριάδος
647 4547 1005 4619 ἀναφανέντας,
1072 4545 1248 4618 ἀγαθῷ
1328 4547 1456 4599 τελει
1510 4547 1776 4600 κατακλεῖ-

156 4659 264 4692 σαι
294 4639 404 4708 (64)
436 4639 522 4688 τόν
554 4634 691 4708 βίον,
719 4634 767 4686 ἐν
812 4643 1024 4710 Χριστῷ
1064 4635 1242 4692 Ἰησοῦ
1285 4644 1357 4706 τῷ
1393 4641 1562 4706 Κυρίῳ
1608 4638 1777 4708 ἡμῶν.

152 4727 366 4798 Ἀμήν.

237 4820 330 4883 Τῷ
361 4813 476 4882 (65)
507 4809 810 4873 συντελεστῆ
862 4820 958 4863 τῶν
1000 4810 1168 4863 καλῶν
1213 4819 1326 4882 Θεῷ
1376 4813 1554 4884 χάρις.
1612 4812 1777 4884 Ἀμήν

712 4898 864 4961 Τέλος
893 4901 1114 4953 πάντων.

1868 575 2064 626 tecum
2099 571 2161 626 in
2191 571 2304 628 hoc
2348 589 2666 631 commune
2712 576 2852 632 est?

1942 661 2099 715 Vers.
2134 662 2220 715 22.
2260 661 2345 716 Tu
2375 678 2466 718 me
2488 679 2746 734 sequere.
2778 667 2862 720 Tu
2893 669 3058 721 tuam
3092 672 3345 724 mortem
3376 683 3521 726 con-

1870 748 2086 814 sidera,
2120 748 2264 804 nihil
2291 750 2364 805 de
2397 751 2552 808 illius
2585 757 2774 808 morte
2810 752 3202 827 investigans.

1940 837 2100 892 Vers.
2131 837 2218 894 23.
2245 839 2411 896 Exiit
2440 871 2508 882 —
2533 841 2782 910 fratres.
2818 843 2959 907 Quis
2991 859 3186 899 sermo
3219 846 3247 900 ?

1943 926 2103 980 Vers.
2150 927 2238 982 23.
2303 929 2470 996 Quod
2520 961 2588 968 —
2634 934 2983 986 moreretur.
3048 932 3372 988 Verisimile
3434 939 3529 990 est

1871 1029 2131 1085 namque
2161 1021 2218 1071 et
2237 1031 2340 1072 eos
2364 1017 2628 1088 audisse,
2655 1035 2790 1092 quin
2823 1023 2988 1077 Petro
3019 1020 3175 1077 dicta
3215 1028 3401 1078 erant.
3438 1022 3530 1078 Di-

1872 1104 2150 1176 vulgatus
2180 1111 2265 1162 est
2293 1107 2385 1161 hic
2417 1122 2634 1174 sermo,
2667 1107 2957 1174 videlicet,
2989 1109 3147 1181 quod
3181 1126 3298 1166 non
3336 1126 3527 1167 more-

1873 1205 2034 1254 retur
2068 1219 2080 1254 :
2108 1197 2253 1270 quia
2274 1196 2570 1262 errabant,
2595 1211 2704 1251 nec
2728 1198 3021 1254 sermonis
3045 1199 3526 1271 assequebantur

1872 1286 2279 1342 intentionem.
2325 1284 2546 1340 Deinde
2580 1285 2822 1355 corrigit
2849 1301 3155 1342 rumorem
3184 1303 3524 1344 erroneum.

1945 1463 2106 1516 Vers.
2132 1465 2220 1516 23.
2245 1462 2320 1516 Et
2341 1490 2410 1501 —
2436 1465 2491 1515 te
2514 1460 2541 1515 ?
2567 1460 2735 1525 Quod
2762 1475 2883 1516 non
2907 1460 3221 1531 signiﬁcat,
3245 1479 3380 1518 eum
3406 1479 3530 1520 non

1875 1551 2247 1613 moriturum,
2283 1548 2389 1603 sed
2419 1547 2600 1604 aliam
2631 1547 2814 1604 habet
2842 1549 3249 1616 intentionem,
3286 1555 3350 1606 ut
3378 1567 3526 1624 pra:-

1874 1638 2102 1694 dictum
2142 1641 2246 1692 est.
2300 1636 2440 1702 Quis
2489 1651 2631 1706 ergo
2663 1636 3009 1709 relinquitur
3057 1655 3253 1694 sermo
3296 1656 3535 1696 asseve-

1875 1725 2170 1789 rantibus,
2195 1741 2331 1779 eum
2351 1740 2466 1779 non
2487 1741 2613 1779 esse
2632 1730 2957 1790 mortuum,
2979 1741 3105 1781 cum
3120 1727 3248 1798 jam
3276 1729 3532 1800 ipsemet

1797 1836 1846 1892 Β
1876 1814 2205 1870 luculenter
2217 1812 2606 1885 clametquod
2618 1818 2830 1878 errent,
2851 1815 2955 1886 qui
2971 1814 3084 1870 hoc
3105 1817 3522 1888 suspicantur?
3553 1822 3555 1824 ’

1950 1903 2110 1958 Vers.
2162 1902 2249 1956 24.
2304 1901 2668 1971 Hic—ejus.
2717 1905 2781 1957 Et
2825 1903 3056 1972 scimus,
3100 1905 3205 1977 qui
3248 1921 3318 1960 ea
3368 1907 3535 1963 novi-

1875 2008 2030 2056 mus,
2063 1990 2228 2063 quod
2271 2006 2476 2046 verum
2516 1990 2822 2062 perhibeat
2865 1993 3292 2049 testimonium.
3335 1997 3531 2067 Appa-

1873 2085 1962 2136 ret
2004 2081 2183 2145 enim,
2226 2079 2390 2151 quod
2423 2085 2477 2134 et
2529 2079 2626 2135 alii
2674 2080 2788 2136 hoc
2817 2079 3246 2150 intelligebant.
3302 2083 3524 2155 Itaque,

1875 2172 2164 2241 tanquam
2186 2167 2568 2222 vehementer
2591 2167 2772 2223 fretus
2800 2168 3056 2234 veritate,
3091 2171 3201 2226 hoc
3221 2170 3361 2226 dicit
3383 2189 3396 2226 :
3418 2173 3528 2227 No-

1874 2257 1931 2312 vi
1951 2256 2269 2330 siquidem,
2298 2255 2463 2328 quod
2481 2255 2781 2328 aliquibus
2805 2257 3097 2314 videbitur
3114 2259 3382 2316 fortassis
3398 2277 3530 2316 sus-

1873 2350 2046 2416 pecta
2071 2345 2284 2412 dicere,
2313 2361 2381 2400 eo
2405 2345 2570 2417 quod
2601 2345 2679 2402 ab
2713 2346 2844 2402 aliis
2883 2348 3265 2418 evangelistis
3307 2349 3524 2406 horum

1873 2449 1995 2490 non
2029 2435 2103 2489 sit
2132 2433 2289 2490 facta
2335 2436 2576 2490 mentio.

1946 2522 2106 2578 Vers.
2144 2523 2238 2580 25.
2277 2521 2425 2577 Sunt
2469 2529 2664 2579 autem
2711 2555 2780 2565 —
2819 2527 3008 2582 .lesus.
3041 2526 3172 2582 Hoc
3200 2527 3379 2582 etiam
3429 2543 3528 2582 su-

1874 2611 2074 2682 perius
2111 2611 2261 2665 dixit
2289 2612 2363 2666 de
2395 2611 2602 2683 signis.

1946 2700 2109 2755 Vers.
2145 2704 2232 2754 25.
2279 2700 2420 2767 Quae
2467 2732 2528 2740 —
2575 2701 2776 2757 libros.
2823 2705 2952 2758 Non
3007 2707 3244 2774 caperet
3287 2719 3390 2760 eos
3441 2703 3526 2759 di-

1873 2793 2004 2843 ctus
2065 2788 2348 2853 mundus,
2394 2788 2513 2844 alio
2565 2789 2747 2845 etiam
2800 2791 2982 2846 modo
3025 2807 3036 2844 :
3109 2807 3230 2847 non
3290 2796 3533 2864 propter

1869 2873 2199 2930 litterarum
2233 2874 2694 2942 multitudinem,
2728 2877 2832 2932 sed
2859 2883 3102 2950 propter
3131 2895 3324 2933 rerum
3360 2896 3530 2950 mag-

1872 2962 2206 3015 nitudinem
2235 2979 2247 3012 :
2283 2975 2476 3028 neque
2509 2963 2582 3013 de
2613 2963 2739 3014 loco
2772 2965 3050 3030 loquitur,
3085 2968 3185 3017 sed
3215 2966 3288 3018 de
3322 2967 3523 3021 modo.

1949 3044 2381 3116 Hyperbolicus
2413 3050 2500 3101 est
2530 3062 2726 3101 sermo
2759 3089 2772 3113 ,
2808 3049 3129 3104 ostendens
3178 3051 3527 3108 immensam

1875 3132 2311 3189 multitudinem
2346 3149 2551 3188 eorum
2605 3150 2738 3206 quae
2785 3152 2820 3190 a
2871 3137 3120 3192 Domino
3168 3137 3319 3194 facta
3369 3149 3527 3197 sunt.

1877 3225 2125 3278 Utuntur
2163 3227 2359 3278 autem
2405 3238 2675 3278 sermone
2714 3224 3102 3296 hyperbolico
3136 3237 3191 3282 et
3230 3229 3334 3300 qui
3381 3231 3522 3285 scri-

1874 3312 2043 3376 bunt,
2073 3316 2129 3366 et
2155 3310 2259 3383 qui
2285 3311 2630 3382 loquuntur,
2665 3313 2910 3383 quando
2942 3315 3021 3369 rei
3053 3316 3527 3388 magnitudinem

1875 3399 2188 3457 ostendere
2225 3399 2631 3455 decreverunt.
2677 3400 2780 3456 Hic
2815 3407 3016 3458 autem
3072 3405 3305 3462 addens
3353 3407 3533 3463 etiam

1876 3487 2152 3554 verbum,
2170 3487 2726 3561 0pinor,auxit(hh)
2739 3490 3132 3563 hyperbolen,
3155 3493 3536 3551 acsuadibile

1878 3574 2031 3642 fecit,
2060 3577 2227 3648 quod
2255 3577 2596 3633 incredibile
2623 3578 2967 3636 videbatur:
3000 3581 3337 3649 insinuans,
3370 3582 3537 3655 quod

1879 3666 1958 3723 ob
1991 3665 2326 3722 maximam
2359 3682 2564 3721 eorum
2597 3668 3035 3725 multitudinem
3067 3670 3147 3726 ita
3185 3670 3416 3727 dixerit.
3451 3671 3537 3726 Si-

1880 3755 2125 3828 quidem
2163 3761 2219 3810 et
2251 3754 2368 3810 alia
2412 3755 2594 3812 multa
2644 3756 2796 3822 fecit,
2841 3762 3045 3830 utpote
3096 3761 3474 3831 omnipotens
3522 3778 3538 3830 ;

1881 3861 2018 3900 nam
2042 3843 2093 3899 ei
2121 3843 2350 3900 facilius
2373 3849 2497 3900 erat
2520 3844 2733 3911 facere,
2753 3861 2937 3917 quam
2968 3848 3140 3902 nobis
3160 3848 3376 3903 dicere.
3401 3848 3540 3906 Sola

1882 3938 2084 3991 autem
2108 3949 2178 3988 ea
2205 3934 2588 4004 scripserunt,
2621 3950 2755 4006 quas
2777 3935 2853 3990 ad
2886 3935 3231 4005 religionem
3261 3953 3329 3991 ac
3357 3936 3540 3992 ﬁdem

1883 4021 2117 4079 utiliora
2131 4027 2319 4090 erant,
2344 4022 2656 4092 magisque
2680 4023 3015 4076 necessaria
3042 4041 3053 4077 :
3080 4024 3240 4094 quod
3273 4023 3387 4078 hoc
3408 4039 3543 4079 con-

1883 4109 2212 4163 siderarent
2259 4108 2318 4161 hi
2358 4107 2464 4177 qui
2504 4107 2884 4178 scripserunt,
2927 4110 3090 4181 quod
3129 4110 3230 4182 qui
3267 4111 3356 4166 his
3398 4127 3535 4183 quas

1883 4195 2100 4266 scripta
2118 4199 2259 4250 sunt
2277 4209 2395 4250 non
2409 4195 2612 4265 credit,
2639 4211 2828 4268 neque
2861 4196 3131 4268 pluribus
3154 4198 3331 4253 ﬁdem
3351 4199 3531 4256 habe-

1882 4283 2005 4340 bit:
2034 4284 2085 4338 ei
2110 4299 2269 4347 vero,
2303 4283 2398 4354 qui
2433 4285 2554 4338 haec
2585 4285 2847 4356 suscipit,
2882 4285 3002 4341 alia
3038 4287 3374 4342 necessaria
3411 4303 3534 4344 non

1807 4358 1852 4410 Ῑ)
1882 4375 2074 4428 erunt.

1957 4459 2188 4515 Utinam
2218 4463 2416 4514 autem
2441 4463 2498 4514 et
2525 4475 2628 4514 nos
2649 4459 2888 4532 perfecti
2912 4460 3160 4516 ministri
3186 4461 3540 4534 perfectissi-

1883 4564 1994 4603 mae
2020 4547 2305 4603 Trinitatis
2331 4546 2682 4613 habeamur,
2711 4564 2780 4604 ac
2825 4548 3008 4604 vitam
3053 4549 3213 4605 bono
3247 4550 3362 4606 ﬁne
3407 4567 3540 4606 con-

1885 4635 2224 4699 cludamus,
2249 4651 2355 4706 per
2371 4635 2661 4691 Christum
2684 4637 2883 4692 Jesum
2902 4637 3219 4692 Dominum
3247 4644 3538 4694 nostrum.

1885 4725 2099 4779 Amen.

2476 4902 2629 4958 Finis
2659 4902 2945 4959 omnium.

1384 5075 1601 5143 Variae
1633 5076 1955 5143 lectiones
1988 5085 2053 5143 et
2083 5086 2284 5144 notae.

275 5287 367 5360 59)
408 5287 604 5360 ’Ἡγουν
630 5291 841 5347 omittit
865 5294 928 5346 A.

270 5359 366 5430 60)
415 5359 638 5436 Inclusa
691 5363 905 5418 absunt
954 5365 1020 5418 A.
1073 5363 1408 5436 Respicitur
1461 5370 1659 5420 autem
1703 5366 1778 5421 ad

150 5433 352 5489 Joan.
379 5447 468 5493 xx,
500 5434 588 5486 30.

243 5500 368 5571 (61)
409 5502 538 5558 Haec
563 5502 618 5556 in
655 5506 923 5572 margine
954 5504 1132 5560 habet
1157 5507 1226 5560 A.

1985 5296 2075 5366 62)
2110 5300 2179 5348 Τό
2211 5295 2378 5351 addit
2405 5297 2472 5351 A.

1987 5368 2075 5439 63)
2108 5370 2506 5439 Συγγραφόντων
2540 5372 2575 5419 Α
2588 5407 2600 5419 .

2106 5417 2501 5502 vitabeata,
2534 5417 2694 5508 quod
2726 5439 3008 5496 usitatius
3041 5448 3146 5498 est.

1964 5509 2077 5580 (65)
2111 5510 2241 5565 Haec
2283 5508 2344 5564 in
2372 5510 2490 5564 fine
2517 5509 2744 5566 addidit
2776 5510 2968 5568 scriba
2995 5513 3141 5570 Cod.
3181 5513 3246 5565 A.

254 5691 397 5764 (ΙιΙι)
433 5694 642 5751 Auxit.
679 5697 822 5760 Imo,
859 5697 1188 5764 castigavit,
1224 5697 1594 5769 temperavit,
1628 5697 1938 5768 mitigavit.
