4166 6314
236 566 1889 806 EUTHYMII
2074 562 3634 802 ZIGABENI

1433 1110 2449 1207 COMMENTARIUS

232 1459 513 1620 IN
680 1457 1928 1654 QUATUOB
2093 1459 3640 1627 EVANGELIA

896 2016 1263 2085 TEXTUM
1314 2014 1714 2083 GRzECUM
1766 2014 2215 2094 NUNQUAM
2266 2016 2568 2084 ANTEA
2621 2016 2963 2087 EDITUM

231 2124 352 2190 AD
406 2123 678 2189 FIDEM
731 2122 1109 2192 DUORUM
1160 2121 1553 2190 CODICUM
1628 2121 2416 2190 BIBLIOTHECARUM
2474 2123 2592 2189 SS.
2659 2123 2992 2191 SYNODI
3040 2124 3629 2206 MOSQUENSIS,

1197 2227 1641 2295 AUCTORIS
1690 2227 2007 2294 ᾹΞΤΑΤΕ
2057 2227 2655 2306 SCRIPTORUM,

228 2335 775 2403 DILIGENTER
803 2333 1310 2403 RECENSUIT
1335 2333 1445 2400 ET
1474 2332 1921 2399 REPETITA
1955 2333 2400 2399 VERSIONE
2427 2332 2762 2400 LATINA
2786 2336 3167 2403 JOANNIS
3195 2336 3634 2407 HENTENII

995 2438 1377 2518 SUISQUE
1426 2438 1842 2507 ADJECTIS
1890 2439 2855 2509 ANIMADVERSIONIBUS

1824 2606 2041 2655 EDIDIT

848 2754 1692 2849 CHRISTIANUS
1768 2756 2277 2849 FRIDER-
2360 2757 2983 2852 MATTHAEI

323 2970 776 3021 COLLEGIORUM
811 2970 1244 3019 IMPERIALIUM
1280 2968 1683 3018 ROSSICORUM
1720 2967 2035 3016 ASSESSOR
2071 2967 2150 3016 ET
2184 2967 2537 3016 ACADEMle
2572 2971 3135 3022 VITEMBERGENSIS
3167 2973 3545 3025 GRIECARUM

1516 3048 1931 3097 LITTERARUM
1968 3047 2348 3096 PROFESSOR.

1596 3182 1847 3254 (Lipsiae,
1886 3186 2037 3245 i792,
2071 3182 2265 3251 in-80.)

720 3466 1254 3522 SERENISSIMO
1296 3467 1659 3522 PRINCIPI
1696 3468 1801 3522 AC
1846 3467 2154 3521 DOMINO
2198 3466 2558 3522 ERNESTO
2597 3466 2662 3519 II
2702 3465 3126 3529 LUDOVICO,

744 3556 943 3610 DUCI
976 3554 1392 3620 SAXONIJE,
1432 3556 1723 3619 JULIrE,
1768 3556 2102 3614 CLIVIA'J',
2140 3556 2247 3610 AC
2284 3555 2655 3610 MONTIUM
2684 3554 3104 3621 ANGARIJE,

294 3644 494 3698 ῘΤΕΜ
528 3645 636 3699 ΕΤ
679 3643 1253 3698 WESTPHALI/E
1285 3643 1578 3705 COMITI,
1621 3644 2141 3699 PROVINCIALI
2178 3643 2677 3706 THURINGDE',
2710 3642 3175 3700 MARCHIONI
3197 3642 3548 3704 ΜΙΞΝΙίΕ,

966 3731 1251 3785 COMITI
1286 3731 1760 3785 PRINCIPALI
1800 3732 2230 3785 DIGNITATE
2274 3731 2883 3793 HENNEBE’RG/E,

224 3820 511 3876 COMITI
540 3820 857 3875 MARCzE
894 3820 999 3873 ET
1028 3818 1680 3880 RAVENSBERG/E,
1725 3819 2034 3872 DOMINO
2086 3820 2185 3872 BA
2207 3817 2671 3871 VENSTEINII
2706 3817 2820 3869 ET
2860 3817 3181 3882 TONN/E,
3222 3819 3418 3886 ETC.,
3458 3820 3632 3875 ETC.

1268 3906 1580 3961 DOMINO
1618 3907 1787 3961 MEO
1825 3903 2584 3962 INDULGENTISSIMO.

520 4048 662 4102 Dux
690 4045 1076 4110 serenissime,
1108 4046 1341 4101 domine
1365 4045 1893 4116 indulgentissime,

302 4138 467 4192 Inter
496 4138 649 4192 alias
676 4139 759 4190 tot
779 4150 846 4189 ac
867 4142 1062 4190 tantas
1092 4134 1337 4189 virtutes
1370 4141 1523 4199 tuas,
1556 4137 1692 4191 Dux
1714 4136 2097 4202 serenissime,
2122 4151 2314 4204 nuper
2341 4135 2702 4205 singularem
2724 4135 3006 4203 gratiam,
3032 4134 3452 4191 humanitatem
3479 4141 3531 4191 et
3558 4137 3640 4192 ad

216 4228 519 4297 juvandas
542 4227 774 4280 litteras
792 4229 1129 4291 promptum
1159 4225 1420 4279 animum
1445 4230 1612 4278 tuum
1638 4224 1786 4279 mihi
1802 4238 2027 4294 quoque
2047 4225 2285 4294 contigit
2316 4224 2592 4291 experiri,
2622 4238 2752 4277 cum
2783 4228 2886 4278 tua
2914 4229 3120 4291 sponte
3140 4237 3210 4279 ac
3234 4222 3639 4279 liberalissime

224 4314 700 4370 instructissima
719 4312 1074 4367 bibliotheca
1087 4318 1200 4367 tua
1217 4326 1385 4367 usum
1404 4312 1552 4367 mihi
1568 4312 1958 4367 concessisses.
1983 4311 2143 4379 Quod
2159 4311 2393 4381 quidem
2411 4310 2737 4377 beneﬁcium
2755 4310 2879 4365 ideo
2895 4312 3085 4379 majus
3102 4310 3277 4365 etiam
3291 4311 3639 4366 censendum

226 4404 509 4466 arbitror,
528 4402 686 4473 quod
712 4416 826 4455 non
848 4400 928 4454 ad
951 4414 1041 4454 me
1069 4400 1282 4464 solum,
1307 4400 1407 4455 sed
1427 4400 1507 4456 ad
1525 4400 1729 4467 plures
1752 4400 1885 4455 inde
1906 4399 2263 4454 redundavit
2288 4398 2540 4453 utilitas.
2562 4398 2736 4453 Grati
2755 4413 2892 4467 ergo
2923 4399 3175 4453 hominis
3201 4400 3424 4468 putavi,
3457 4400 3521 4454 id
3544 4400 3640 4456 hic

223 4493 433 4561 palam
454 4489 723 4559 proﬁteri
743 4494 929 4558 atque
965 4488 1222 4543 animum
1254 4504 1442 4543 meum
1471 4486 1638 4543 istius
1664 4488 1926 4555 beneficii
1952 4486 2118 4542 haud
2147 4488 2540 4543 immemorem
2575 4487 3005 4543 demonstrare.
3037 4487 3276 4543 Credidi
3307 4494 3524 4556 autem,
3551 4504 3643 4543 me

230 4579 296 4632 id
332 4582 487 4635 recte
506 4578 816 4646 facturum
849 4590 987 4640 esse,
1019 4578 1070 4630 si
1120 4576 1468 4644 scriptorem
1500 4592 1620 4631 sua
1659 4576 1851 4631 atatis
1877 4576 2302 4631 nobilissimum
2338 4583 2389 4630 et
2417 4576 2710 4645 quondam
2751 4577 2913 4644 apud
2950 4577 3241 4633 Alexium
3271 4576 3639 4635 Comnenum

234 4667 639 4738 imperatorem
669 4663 1172 4735 gratiosissimum,
1204 4680 1363 4720 nunc
1386 4671 1519 4734 post
1548 4666 1728 4733 plura
1755 4665 1977 4719 sacula
2008 4679 2082 4720 ea
2115 4664 2477 4721 bibliothecis
2513 4664 2962 4735 Mosquensibus
2991 4665 3184 4720 denuo
3210 4666 3273 4720 in
3314 4666 3501 4721 lucem
3533 4667 3643 4721 ad-

232 4757 498 4817 ductum,
528 4759 663 4820 tua,
694 4752 975 4821 Princeps
1006 4752 1388 4816 serenissime,
1420 4752 1654 4823 gratia,
1688 4758 1969 4823 tanquam
1997 4752 2366 4822 interpretem
2395 4753 2562 4821 grati
2584 4752 2771 4807 animi
2795 4767 2939 4823 erga
2962 4758 3017 4808 te
3044 4753 3159 4809 mei
3179 4753 3641 4809 commendarem

232 4850 286 4901 et
317 4844 400 4899 ad
423 4850 478 4898 te
506 4844 853 4911 allegarem.
888 4840 1165 4896 Benevole
1189 4856 1328 4911 ergo
1354 4842 1660 4905 admittas,
1689 4856 1903 4911 quaso,
1933 4841 2221 4910 Princeps
2248 4841 2755 4910 indulgentissime
2785 4847 2962 4912 atque
2985 4842 3428 4903 humanissime,
3460 4842 3643 4896 homi-

232 4949 369 4989 nem
398 4934 527 4987 luce
566 4937 617 4985 et
652 4929 985 4986 celebritate
1015 4929 1429 4999 dignissimum,
1464 4930 1568 5001 qui
1594 4929 1892 4999 quondam
1921 4929 2091 4985 etiam
2119 4929 2415 4998 principis
2446 4928 2539 4982 sui
2566 4928 2767 4997 gratia
2798 4936 2854 4983 et
2881 4928 3001 4982 suis
3030 4928 3343 4984 virtutibus
3374 4936 3645 4985 versatus

235 5028 317 5078 est
350 5021 411 5075 in
440 5021 567 5075 luce
588 5024 641 5074 et
672 5018 1009 5074 celebritate
1038 5019 1317 5074 maxima.
1345 5020 1542 5073 Simul
1567 5034 1699 5073 vero
1729 5018 1904 5073 etiam
1939 5025 2103 5073 tuam
2132 5018 2277 5073 mihi
2299 5018 2557 5087 gratiam
2585 5022 2649 5071 ut
2677 5031 2999 5082 conserves,
3035 5017 3457 5073 humanissime
3476 5034 3640 5088 rogo,

233 5111 337 5181 qui
371 5109 488 5173 tibi,
515 5110 655 5163 Dux
684 5108 1070 5176 serenissime,
1099 5123 1167 5162 ac
1197 5106 1302 5162 toti
1331 5106 1714 5163 serenissima
1738 5104 1995 5175 familia
2026 5111 2143 5160 tua
2163 5106 2364 5160 omnia
2390 5119 2427 5159 a
2454 5105 2574 5159 Deo
2594 5119 2807 5173 precor
2828 5105 2997 5168 bona,
3027 5104 3142 5160 tuis
3167 5120 3239 5161 ac
3265 5112 3500 5161 tuorum
3529 5108 3643 5162 vir-

234 5198 457 5253 tutibus
497 5196 754 5267 aqualia
779 5202 833 5251 et
862 5196 1232 5265 dignissima.

306 5324 448 5377 Dux
472 5322 854 5384 serenissime,
887 5320 1211 5375 Serenitati
1235 5325 1351 5375 tua
1381 5319 1539 5374 omni
1568 5318 1733 5373 cultu
1764 5320 1818 5373 et
1848 5317 2228 5373 veneratione
2253 5318 2712 5381 addietissimus,

1833 5440 2376 5498 CHRISTIANUS
2413 5439 2890 5498 FRIDERICUS
2923 5440 3035 5495 MA
3053 5438 3354 5497 ΤΤΗίΕΙ.

390 5549 788 5619 Vitemberga,
821 5548 915 5604 die
952 5553 969 5601 1
1000 5548 1151 5604 Maii
1181 5552 1333 5605 1792.

526 5657 763 5711 Pnaon.
806 5654 908 5711 GR.
947 5654 1191 5711 CXXIX.
3262 5650 3284 5700 1
