  <div class='ocr_page' id='page_1' title='image "/cluster/home/n/w/nwhite01/storage/ocr_20150623/129/mdp.39015061528470/013.png"; bbox 0 0 4166 6314; ppageno 0'>
   <div class='ocr_carea' id='block_1_1' title="bbox 469 256 3880 332">
    <p class='ocr_par' dir='ltr' id='par_1_1' title="bbox 469 256 3880 332">
     <span class='ocr_line' id='line_1_1' title="bbox 469 256 3880 332; baseline 0.005 -18"><span class='ocrx_word' id='word_1_1' title='bbox 469 259 534 326; x_wconf 66' lang='lat' dir='ltr'>ﬂ</span> <span class='ocrx_word' id='word_1_2' title='bbox 1991 256 2362 325; x_wconf 77' lang='grc' dir='ltr'><strong>ΡΡιᾹΞΡΑΤΙΟ</strong></span> <span class='ocrx_word' id='word_1_3' title='bbox 3810 270 3880 332; x_wconf 80' lang='grc'><strong>12</strong></span> 
     </span>
    </p>
   </div>
   <div class='ocr_carea' id='block_1_2' title="bbox 1659 599 2683 745">
    <p class='ocr_par' dir='ltr' id='par_1_2' title="bbox 1659 599 2683 745">
     <span class='ocr_line' id='line_1_2' title="bbox 1659 599 2683 745; baseline 0.01 -10"><span class='ocrx_word' id='word_1_4' title='bbox 1659 599 2683 745; x_wconf 65' lang='grc' dir='ltr'><strong>ΡΒᾸΕΡΑΤῙΟ</strong></span> 
     </span>
    </p>
   </div>
   <div class='ocr_carea' id='block_1_3' title="bbox 1453 859 2890 921">
    <p class='ocr_par' dir='ltr' id='par_1_3' title="bbox 1453 859 2890 921">
     <span class='ocr_line' id='line_1_3' title="bbox 1453 859 2890 921; baseline 0.004 -5"><span class='ocrx_word' id='word_1_5' title='bbox 1453 859 1897 918; x_wconf 84' lang='lat' dir='ltr'><strong>LECTORIBUS</strong></span> <span class='ocrx_word' id='word_1_6' title='bbox 1947 859 2203 917; x_wconf 89' lang='lat' dir='ltr'><strong>DOCTIS</strong></span> <span class='ocrx_word' id='word_1_7' title='bbox 2252 861 2342 917; x_wconf 88' lang='lat' dir='ltr'><strong>ET</strong></span> <span class='ocrx_word' id='word_1_8' title='bbox 2388 862 2781 921; x_wconf 88' lang='lat' dir='ltr'><strong>BENEVOLIS</strong></span> <span class='ocrx_word' id='word_1_9' title='bbox 2832 868 2890 921; x_wconf 94' lang='lat' dir='ltr'><strong>S.</strong></span> 
     </span>
    </p>
   </div>
   <div class='ocr_carea' id='block_1_4' title="bbox 536 1087 3866 1171">
    <p class='ocr_par' dir='ltr' id='par_1_4' title="bbox 536 1087 3866 1171">
     <span class='ocr_line' id='line_1_4' title="bbox 536 1087 3866 1171; baseline 0.003 -22"><span class='ocrx_word' id='word_1_10' title='bbox 536 1096 670 1151; x_wconf 90' lang='lat' dir='ltr'><strong>Post</strong></span> <span class='ocrx_word' id='word_1_11' title='bbox 697 1096 782 1151; x_wconf 90' lang='lat' dir='ltr'><strong>tot</strong></span> <span class='ocrx_word' id='word_1_12' title='bbox 803 1090 1090 1165; x_wconf 69' lang='lat' dir='ltr'><strong>praeclara</strong></span> <span class='ocrx_word' id='word_1_13' title='bbox 1117 1105 1491 1148; x_wconf 88' lang='lat' dir='ltr'><strong>summorum</strong></span> <span class='ocrx_word' id='word_1_14' title='bbox 1510 1089 1771 1147; x_wconf 89' lang='lat' dir='ltr'><strong>virorum</strong></span> <span class='ocrx_word' id='word_1_15' title='bbox 1796 1090 1871 1146; x_wconf 91' lang='lat' dir='ltr'><strong>de</strong></span> <span class='ocrx_word' id='word_1_16' title='bbox 1894 1087 2112 1146; x_wconf 89' lang='lat' dir='ltr'><strong>horum</strong></span> <span class='ocrx_word' id='word_1_17' title='bbox 2143 1094 2190 1150; x_wconf 83' lang='lat' dir='ltr'><strong>A</strong></span> <span class='ocrx_word' id='word_1_18' title='bbox 2225 1090 2393 1147; x_wconf 88' lang='lat' dir='ltr'><strong>bant.</strong></span> <span class='ocrx_word' id='word_1_19' title='bbox 2423 1091 2704 1149; x_wconf 81' lang='lat' dir='ltr'><strong>Adhibita</strong></span> <span class='ocrx_word' id='word_1_20' title='bbox 2729 1109 2871 1164; x_wconf 87' lang='lat' dir='ltr'><strong>ergo</strong></span> <span class='ocrx_word' id='word_1_21' title='bbox 2901 1097 3240 1164; x_wconf 76' lang='lat' dir='ltr'><strong>attentione,</strong></span> <span class='ocrx_word' id='word_1_22' title='bbox 3278 1097 3600 1171; x_wconf 86' lang='lat' dir='ltr'><strong>diligentia,</strong></span> <span class='ocrx_word' id='word_1_23' title='bbox 3628 1103 3866 1159; x_wconf 89' lang='lat' dir='ltr'><strong>modes-</strong></span> 
     </span>
    </p>
   </div>
   <div class='ocr_carea' id='block_1_5' title="bbox 467 1178 2112 1252">
    <p class='ocr_par' dir='ltr' id='par_1_5' title="bbox 467 1178 2112 1252">
     <span class='ocr_line' id='line_1_5' title="bbox 467 1178 2112 1252; baseline -0.004 -9"><span class='ocrx_word' id='word_1_24' title='bbox 467 1181 1027 1243; x_wconf 89' lang='lat' dir='ltr'><strong>Commentariorum</strong></span> <span class='ocrx_word' id='word_1_25' title='bbox 1038 1183 1276 1238; x_wconf 91' lang='lat' dir='ltr'><strong>auctore</strong></span> <span class='ocrx_word' id='word_1_26' title='bbox 1285 1181 1305 1251; x_wconf 94' lang='lat' dir='ltr'><strong>j</strong></span> <span class='ocrx_word' id='word_1_27' title='bbox 1315 1180 1531 1247; x_wconf 87' lang='lat' dir='ltr'><strong>udicia,</strong></span> <span class='ocrx_word' id='word_1_28' title='bbox 1545 1179 1766 1252; x_wconf 88' lang='lat' dir='ltr'><strong>quibus</strong></span> <span class='ocrx_word' id='word_1_29' title='bbox 1780 1179 1831 1234; x_wconf 92' lang='lat' dir='ltr'><strong>ei</strong></span> <span class='ocrx_word' id='word_1_30' title='bbox 1845 1178 2112 1250; x_wconf 88' lang='lat' dir='ltr'><strong>proprie-</strong></span> 
     </span>
    </p>
   </div>
   <div class='ocr_carea' id='block_1_6' title="bbox 465 1267 2111 1339">
    <p class='ocr_par' dir='ltr' id='par_1_6' title="bbox 465 1267 2111 1339">
     <span class='ocr_line' id='line_1_6' title="bbox 465 1267 2111 1339; baseline -0.005 -8"><span class='ocrx_word' id='word_1_31' title='bbox 465 1278 649 1332; x_wconf 86' lang='lat' dir='ltr'><strong>tatem</strong></span> <span class='ocrx_word' id='word_1_32' title='bbox 697 1271 1010 1338; x_wconf 88' lang='lat' dir='ltr'><strong>sermonis,</strong></span> <span class='ocrx_word' id='word_1_33' title='bbox 1060 1269 1414 1337; x_wconf 83' lang='lat' dir='ltr'><strong>doctrinam,</strong></span> <span class='ocrx_word' id='word_1_34' title='bbox 1459 1285 1690 1333; x_wconf 91' lang='lat' dir='ltr'><strong>curam,</strong></span> <span class='ocrx_word' id='word_1_35' title='bbox 1747 1267 2111 1339; x_wconf 84' lang='lat' dir='ltr'><strong>diligentiam</strong></span> 
     </span>
    </p>
   </div>
   <div class='ocr_carea' id='block_1_7' title="bbox 464 1355 2112 1426">
    <p class='ocr_par' dir='ltr' id='par_1_7' title="bbox 464 1355 2112 1426">
     <span class='ocr_line' id='line_1_7' title="bbox 464 1355 2112 1426; baseline -0.006 -6"><span class='ocrx_word' id='word_1_36' title='bbox 464 1367 521 1420; x_wconf 90' lang='lat' dir='ltr'><strong>et</strong></span> <span class='ocrx_word' id='word_1_37' title='bbox 545 1377 800 1421; x_wconf 91' lang='lat' dir='ltr'><strong>acumen</strong></span> <span class='ocrx_word' id='word_1_38' title='bbox 825 1363 1135 1426; x_wconf 84' lang='lat' dir='ltr'><strong>testantur,</strong></span> <span class='ocrx_word' id='word_1_39' title='bbox 1165 1373 1289 1415; x_wconf 90' lang='lat' dir='ltr'><strong>non</strong></span> <span class='ocrx_word' id='word_1_40' title='bbox 1318 1373 1562 1414; x_wconf 89' lang='lat' dir='ltr'><strong>necesse</strong></span> <span class='ocrx_word' id='word_1_41' title='bbox 1587 1358 1842 1420; x_wconf 89' lang='lat' dir='ltr'><strong>videtur,</strong></span> <span class='ocrx_word' id='word_1_42' title='bbox 1875 1361 1937 1411; x_wconf 94' lang='lat' dir='ltr'><strong>ut</strong></span> <span class='ocrx_word' id='word_1_43' title='bbox 1964 1355 2112 1412; x_wconf 90' lang='lat' dir='ltr'><strong>mul-</strong></span> 
     </span>
    </p>
   </div>
   <div class='ocr_carea' id='block_1_8' title="bbox 463 1444 2108 1523">
    <p class='ocr_par' dir='ltr' id='par_1_8' title="bbox 463 1444 2108 1523">
     <span class='ocr_line' id='line_1_8' title="bbox 463 1444 2108 1523; baseline -0.006 -14"><span class='ocrx_word' id='word_1_44' title='bbox 463 1456 524 1509; x_wconf 87' lang='lat' dir='ltr'><strong>ta</strong></span> <span class='ocrx_word' id='word_1_45' title='bbox 539 1449 993 1523; x_wconf 87' lang='lat' dir='ltr'><strong>ejusinlaudem</strong></span> <span class='ocrx_word' id='word_1_46' title='bbox 1009 1462 1497 1510; x_wconf 86' lang='lat' dir='ltr'><strong>commemorem.</strong></span> <span class='ocrx_word' id='word_1_47' title='bbox 1515 1445 1666 1502; x_wconf 87' lang='lat' dir='ltr'><strong>Illud</strong></span> <span class='ocrx_word' id='word_1_48' title='bbox 1677 1448 1913 1503; x_wconf 91' lang='lat' dir='ltr'><strong>tantum</strong></span> <span class='ocrx_word' id='word_1_49' title='bbox 1926 1444 2108 1511; x_wconf 88' lang='lat' dir='ltr'><strong>addo,</strong></span> 
     </span>
    </p>
   </div>
   <div class='ocr_carea' id='block_1_9' title="bbox 462 1535 2110 1610">
    <p class='ocr_par' dir='ltr' id='par_1_9' title="bbox 462 1535 2110 1610">
     <span class='ocr_line' id='line_1_9' title="bbox 462 1535 2110 1610; baseline -0.005 -12"><span class='ocrx_word' id='word_1_50' title='bbox 462 1540 643 1608; x_wconf 84' lang='lat' dir='ltr'><strong>nulla,</strong></span> <span class='ocrx_word' id='word_1_51' title='bbox 689 1543 788 1597; x_wconf 84' lang='lat' dir='ltr'><strong>aut</strong></span> <span class='ocrx_word' id='word_1_52' title='bbox 815 1542 970 1597; x_wconf 88' lang='lat' dir='ltr'><strong>certe</strong></span> <span class='ocrx_word' id='word_1_53' title='bbox 996 1536 1366 1610; x_wconf 75' lang='lat' dir='ltr'><strong>paucissima</strong></span> <span class='ocrx_word' id='word_1_54' title='bbox 1403 1535 1752 1593; x_wconf 76' lang='lat' dir='ltr'><strong>Litterarum</strong></span> <span class='ocrx_word' id='word_1_55' title='bbox 1803 1549 2110 1591; x_wconf 90' lang='lat' dir='ltr'><strong>sacrarum</strong></span> 
     </span>
    </p>
   </div>
   <div class='ocr_carea' id='block_1_10' title="bbox 460 1622 2110 1700">
    <p class='ocr_par' dir='ltr' id='par_1_10' title="bbox 460 1622 2110 1700">
     <span class='ocr_line' id='line_1_10' title="bbox 460 1622 2110 1700; baseline -0.005 -14"><span class='ocrx_word' id='word_1_56' title='bbox 460 1627 769 1692; x_wconf 84' lang='lat' dir='ltr'><strong>vocabula,</strong></span> <span class='ocrx_word' id='word_1_57' title='bbox 810 1643 946 1700; x_wconf 74' lang='lat' dir='ltr'><strong>quae</strong></span> <span class='ocrx_word' id='word_1_58' title='bbox 984 1627 1046 1683; x_wconf 94' lang='lat' dir='ltr'><strong>in</strong></span> <span class='ocrx_word' id='word_1_59' title='bbox 1093 1630 1352 1699; x_wconf 86' lang='lat' dir='ltr'><strong>quatuor</strong></span> <span class='ocrx_word' id='word_1_60' title='bbox 1396 1623 1724 1694; x_wconf 90' lang='lat' dir='ltr'><strong>Evangeliis</strong></span> <span class='ocrx_word' id='word_1_61' title='bbox 1770 1623 1864 1678; x_wconf 89' lang='lat' dir='ltr'><strong>vel</strong></span> <span class='ocrx_word' id='word_1_62' title='bbox 1910 1622 2110 1678; x_wconf 90' lang='lat' dir='ltr'><strong>minus</strong></span> 
     </span>
    </p>
   </div>
   <div class='ocr_carea' id='block_1_11' title="bbox 463 1710 2110 1786">
    <p class='ocr_par' dir='ltr' id='par_1_11' title="bbox 463 1710 2110 1786">
     <span class='ocr_line' id='line_1_11' title="bbox 463 1710 2110 1786; baseline -0.007 -10"><span class='ocrx_word' id='word_1_63' title='bbox 463 1720 684 1786; x_wconf 65' lang='lat' dir='ltr'><strong>Graeca,</strong></span> <span class='ocrx_word' id='word_1_64' title='bbox 715 1717 809 1774; x_wconf 91' lang='lat' dir='ltr'><strong>vel</strong></span> <span class='ocrx_word' id='word_1_65' title='bbox 833 1717 1107 1785; x_wconf 85' lang='lat' dir='ltr'><strong>obscura,</strong></span> <span class='ocrx_word' id='word_1_66' title='bbox 1141 1718 1480 1777; x_wconf 89' lang='lat' dir='ltr'><strong>occurrunt,</strong></span> <span class='ocrx_word' id='word_1_67' title='bbox 1509 1712 1586 1769; x_wconf 92' lang='lat' dir='ltr'><strong>ab</strong></span> <span class='ocrx_word' id='word_1_68' title='bbox 1607 1713 1722 1768; x_wconf 88' lang='lat' dir='ltr'><strong>hoc</strong></span> <span class='ocrx_word' id='word_1_69' title='bbox 1751 1710 2110 1784; x_wconf 79' lang='lat' dir='ltr'><strong>praetermis-</strong></span> 
     </span>
    </p>
   </div>
   <div class='ocr_carea' id='block_1_12' title="bbox 462 1799 2108 1878">
    <p class='ocr_par' dir='ltr' id='par_1_12' title="bbox 462 1799 2108 1878">
     <span class='ocr_line' id='line_1_12' title="bbox 462 1799 2108 1878; baseline -0.006 -13"><span class='ocrx_word' id='word_1_70' title='bbox 462 1825 530 1865; x_wconf 91' lang='lat' dir='ltr'><strong>sa</strong></span> <span class='ocrx_word' id='word_1_71' title='bbox 554 1824 704 1877; x_wconf 91' lang='lat' dir='ltr'><strong>esse,</strong></span> <span class='ocrx_word' id='word_1_72' title='bbox 735 1807 883 1878; x_wconf 90' lang='lat' dir='ltr'><strong>quin</strong></span> <span class='ocrx_word' id='word_1_73' title='bbox 900 1803 1212 1860; x_wconf 83' lang='lat' dir='ltr'><strong>vocabulis</strong></span> <span class='ocrx_word' id='word_1_74' title='bbox 1237 1804 1431 1871; x_wconf 90' lang='lat' dir='ltr'><strong>magis</strong></span> <span class='ocrx_word' id='word_1_75' title='bbox 1460 1801 1792 1872; x_wconf 87' lang='lat' dir='ltr'><strong>perspicuis</strong></span> <span class='ocrx_word' id='word_1_76' title='bbox 1815 1805 1870 1856; x_wconf 90' lang='lat' dir='ltr'><strong>et</strong></span> <span class='ocrx_word' id='word_1_77' title='bbox 1893 1799 2108 1872; x_wconf 87' lang='lat' dir='ltr'><strong>proba-</strong></span> 
     </span>
    </p>
   </div>
   <div class='ocr_carea' id='block_1_13' title="bbox 459 1887 2109 1962">
    <p class='ocr_par' dir='ltr' id='par_1_13' title="bbox 459 1887 2109 1962">
     <span class='ocr_line' id='line_1_13' title="bbox 459 1887 2109 1962; baseline -0.005 -11"><span class='ocrx_word' id='word_1_78' title='bbox 459 1895 775 1951; x_wconf 90' lang='lat' dir='ltr'><strong>bilioribus</strong></span> <span class='ocrx_word' id='word_1_79' title='bbox 802 1890 1116 1962; x_wconf 87' lang='lat' dir='ltr'><strong>explicarit.</strong></span> <span class='ocrx_word' id='word_1_80' title='bbox 1159 1892 1388 1944; x_wconf 85' lang='lat' dir='ltr'><strong>Nexum</strong></span> <span class='ocrx_word' id='word_1_81' title='bbox 1418 1887 1705 1944; x_wconf 90' lang='lat' dir='ltr'><strong>orationis</strong></span> <span class='ocrx_word' id='word_1_82' title='bbox 1735 1891 1790 1943; x_wconf 86' lang='lat' dir='ltr'><strong>et</strong></span> <span class='ocrx_word' id='word_1_83' title='bbox 1818 1888 2109 1943; x_wconf 85' lang='lat' dir='ltr'><strong>narratio-</strong></span> 
     </span>
    </p>
   </div>
   <div class='ocr_carea' id='block_1_14' title="bbox 461 1975 2108 2050">
    <p class='ocr_par' dir='ltr' id='par_1_14' title="bbox 461 1975 2108 2050">
     <span class='ocr_line' id='line_1_14' title="bbox 461 1975 2108 2050; baseline -0.007 -11"><span class='ocrx_word' id='word_1_84' title='bbox 461 1998 610 2040; x_wconf 88' lang='lat' dir='ltr'><strong>num</strong></span> <span class='ocrx_word' id='word_1_85' title='bbox 622 1997 749 2038; x_wconf 90' lang='lat' dir='ltr'><strong>cum</strong></span> <span class='ocrx_word' id='word_1_86' title='bbox 764 1979 1135 2050; x_wconf 89' lang='lat' dir='ltr'><strong>singulorum</strong></span> <span class='ocrx_word' id='word_1_87' title='bbox 1145 2016 1160 2041; x_wconf 91' lang='lat'><strong>,</strong></span> <span class='ocrx_word' id='word_1_88' title='bbox 1174 1979 1301 2032; x_wconf 92' lang='lat' dir='ltr'><strong>tum</strong></span> <span class='ocrx_word' id='word_1_89' title='bbox 1315 1975 1577 2049; x_wconf 91' lang='lat' dir='ltr'><strong>plurium</strong></span> <span class='ocrx_word' id='word_1_90' title='bbox 1592 1975 2108 2046; x_wconf 85' lang='lat' dir='ltr'><strong>evangelistarum,</strong></span> 
     </span>
    </p>
   </div>
   <div class='ocr_carea' id='block_1_15' title="bbox 462 2061 2110 2130">
    <p class='ocr_par' dir='ltr' id='par_1_15' title="bbox 462 2061 2110 2130">
     <span class='ocr_line' id='line_1_15' title="bbox 462 2061 2110 2130; baseline -0.007 0"><span class='ocrx_word' id='word_1_91' title='bbox 462 2071 808 2130; x_wconf 87' lang='lat' dir='ltr'><strong>acutissime</strong></span> <span class='ocrx_word' id='word_1_92' title='bbox 825 2065 1238 2127; x_wconf 87' lang='lat' dir='ltr'><strong>animadvertit</strong></span> <span class='ocrx_word' id='word_1_93' title='bbox 1251 2080 1322 2120; x_wconf 85' lang='lat' dir='ltr'><strong>ac</strong></span> <span class='ocrx_word' id='word_1_94' title='bbox 1345 2067 1515 2121; x_wconf 90' lang='lat' dir='ltr'><strong>notat</strong></span> <span class='ocrx_word' id='word_1_95' title='bbox 1533 2079 1552 2118; x_wconf 91' lang='lat'><strong><em>:</em></strong></span> <span class='ocrx_word' id='word_1_96' title='bbox 1569 2063 1910 2120; x_wconf 90' lang='lat' dir='ltr'><strong>dissensum</strong></span> <span class='ocrx_word' id='word_1_97' title='bbox 1938 2061 2110 2119; x_wconf 89' lang='lat' dir='ltr'><strong>facile</strong></span> 
     </span>
    </p>
   </div>
   <div class='ocr_carea' id='block_1_16' title="bbox 463 2152 2113 2229">
    <p class='ocr_par' dir='ltr' id='par_1_16' title="bbox 463 2152 2113 2229">
     <span class='ocr_line' id='line_1_16' title="bbox 463 2152 2113 2229; baseline -0.006 -10"><span class='ocrx_word' id='word_1_98' title='bbox 463 2165 520 2220; x_wconf 91' lang='lat' dir='ltr'><strong>et</strong></span> <span class='ocrx_word' id='word_1_99' title='bbox 550 2159 838 2218; x_wconf 87' lang='lat' dir='ltr'><strong>subtiliter</strong></span> <span class='ocrx_word' id='word_1_100' title='bbox 877 2155 1204 2229; x_wconf 89' lang='lat' dir='ltr'><strong>componit.</strong></span> <span class='ocrx_word' id='word_1_101' title='bbox 1245 2154 1370 2212; x_wconf 89' lang='lat' dir='ltr'><strong>Etsi</strong></span> <span class='ocrx_word' id='word_1_102' title='bbox 1403 2156 1607 2212; x_wconf 92' lang='lat' dir='ltr'><strong>autem</strong></span> <span class='ocrx_word' id='word_1_103' title='bbox 1635 2153 1826 2210; x_wconf 90' lang='lat' dir='ltr'><strong>multa</strong></span> <span class='ocrx_word' id='word_1_104' title='bbox 1861 2152 2113 2224; x_wconf 87' lang='lat' dir='ltr'><strong>Chryso-</strong></span> 
     </span>
    </p>
   </div>
   <div class='ocr_carea' id='block_1_17' title="bbox 463 2239 2113 2322">
    <p class='ocr_par' dir='ltr' id='par_1_17' title="bbox 463 2239 2113 2322">
     <span class='ocr_line' id='line_1_17' title="bbox 463 2239 2113 2322; baseline -0.007 -15"><span class='ocrx_word' id='word_1_105' title='bbox 463 2255 680 2319; x_wconf 89' lang='lat' dir='ltr'><strong>stomo,</strong></span> <span class='ocrx_word' id='word_1_106' title='bbox 712 2245 1204 2322; x_wconf 66' lang='lat' dir='ltr'><strong>prmstantissimo</strong></span> <span class='ocrx_word' id='word_1_107' title='bbox 1229 2243 1382 2299; x_wconf 91' lang='lat' dir='ltr'><strong>inter</strong></span> <span class='ocrx_word' id='word_1_108' title='bbox 1403 2246 1647 2309; x_wconf 89' lang='lat' dir='ltr'><strong>veteres,</strong></span> <span class='ocrx_word' id='word_1_109' title='bbox 1681 2256 1751 2298; x_wconf 92' lang='lat' dir='ltr'><strong>ac</strong></span> <span class='ocrx_word' id='word_1_110' title='bbox 1772 2257 1926 2314; x_wconf 90' lang='lat' dir='ltr'><strong>pene</strong></span> <span class='ocrx_word' id='word_1_111' title='bbox 1950 2239 2113 2297; x_wconf 86' lang='lat' dir='ltr'><strong>dixe-</strong></span> 
     </span>
    </p>
   </div>
   <div class='ocr_carea' id='block_1_18' title="bbox 461 2329 2112 2410">
    <p class='ocr_par' dir='ltr' id='par_1_18' title="bbox 461 2329 2112 2410">
     <span class='ocr_line' id='line_1_18' title="bbox 461 2329 2112 2410; baseline -0.007 -12"><span class='ocrx_word' id='word_1_112' title='bbox 461 2341 600 2406; x_wconf 91' lang='lat' dir='ltr'><strong>rim,</strong></span> <span class='ocrx_word' id='word_1_113' title='bbox 638 2338 744 2396; x_wconf 90' lang='lat' dir='ltr'><strong>uni</strong></span> <span class='ocrx_word' id='word_1_114' title='bbox 771 2335 1074 2410; x_wconf 88' lang='lat' dir='ltr'><strong>interpreti</strong></span> <span class='ocrx_word' id='word_1_115' title='bbox 1098 2333 1277 2391; x_wconf 89' lang='lat' dir='ltr'><strong>debet</strong></span> <span class='ocrx_word' id='word_1_116' title='bbox 1307 2348 1321 2387; x_wconf 91' lang='lat'><strong>:</strong></span> <span class='ocrx_word' id='word_1_117' title='bbox 1369 2331 1562 2388; x_wconf 91' lang='lat' dir='ltr'><strong>multa</strong></span> <span class='ocrx_word' id='word_1_118' title='bbox 1599 2331 1741 2388; x_wconf 87' lang='lat' dir='ltr'><strong>item</strong></span> <span class='ocrx_word' id='word_1_119' title='bbox 1788 2345 1860 2386; x_wconf 86' lang='lat' dir='ltr'><strong>ex</strong></span> <span class='ocrx_word' id='word_1_120' title='bbox 1908 2329 2112 2386; x_wconf 91' lang='lat' dir='ltr'><strong>multis</strong></span> 
     </span>
    </p>
   </div>
   <div class='ocr_carea' id='block_1_19' title="bbox 2221 1179 3869 1258">
    <p class='ocr_par' dir='ltr' id='par_1_19' title="bbox 2221 1179 3869 1258">
     <span class='ocr_line' id='line_1_19' title="bbox 2221 1179 3869 1258; baseline 0.008 -22"><span class='ocrx_word' id='word_1_121' title='bbox 2221 1179 2322 1246; x_wconf 90' lang='lat' dir='ltr'><strong>tia,</strong></span> <span class='ocrx_word' id='word_1_122' title='bbox 2351 1185 2428 1248; x_wconf 89' lang='lat' dir='ltr'><strong>et,</strong></span> <span class='ocrx_word' id='word_1_123' title='bbox 2459 1197 2596 1254; x_wconf 68' lang='lat' dir='ltr'><strong>quas</strong></span> <span class='ocrx_word' id='word_1_124' title='bbox 2633 1183 2728 1238; x_wconf 92' lang='lat' dir='ltr'><strong>his</strong></span> <span class='ocrx_word' id='word_1_125' title='bbox 2758 1184 2926 1240; x_wconf 90' lang='lat' dir='ltr'><strong>libris</strong></span> <span class='ocrx_word' id='word_1_126' title='bbox 2957 1186 3018 1242; x_wconf 91' lang='lat' dir='ltr'><strong>in</strong></span> <span class='ocrx_word' id='word_1_127' title='bbox 3050 1188 3256 1258; x_wconf 92' lang='lat' dir='ltr'><strong>primis</strong></span> <span class='ocrx_word' id='word_1_128' title='bbox 3296 1189 3559 1254; x_wconf 84' lang='lat' dir='ltr'><strong>debetur,</strong></span> <span class='ocrx_word' id='word_1_129' title='bbox 3607 1192 3725 1248; x_wconf 82' lang='lat' dir='ltr'><strong>fide</strong></span> <span class='ocrx_word' id='word_1_130' title='bbox 3761 1193 3869 1249; x_wconf 89' lang='lat' dir='ltr'><strong>viri</strong></span> 
     </span>
    </p>
   </div>
   <div class='ocr_carea' id='block_1_20' title="bbox 2219 1267 3871 1352">
    <p class='ocr_par' dir='ltr' id='par_1_20' title="bbox 2219 1267 3871 1352">
     <span class='ocr_line' id='line_1_20' title="bbox 2219 1267 3871 1352; baseline 0.008 -28"><span class='ocrx_word' id='word_1_131' title='bbox 2219 1267 2650 1334; x_wconf 91' lang='lat' dir='ltr'><strong>honesti,haud</strong></span> <span class='ocrx_word' id='word_1_132' title='bbox 2663 1272 2815 1329; x_wconf 91' lang='lat' dir='ltr'><strong>adeo</strong></span> <span class='ocrx_word' id='word_1_133' title='bbox 2840 1273 3152 1332; x_wconf 76' lang='lat' dir='ltr'><strong>difﬁculter</strong></span> <span class='ocrx_word' id='word_1_134' title='bbox 3183 1293 3436 1334; x_wconf 89' lang='lat' dir='ltr'><strong>veruma</strong></span> <span class='ocrx_word' id='word_1_135' title='bbox 3457 1279 3608 1336; x_wconf 86' lang='lat' dir='ltr'><strong>falso</strong></span> <span class='ocrx_word' id='word_1_136' title='bbox 3636 1297 3871 1352; x_wconf 90' lang='lat' dir='ltr'><strong>separa-</strong></span> 
     </span>
    </p>
   </div>
   <div class='ocr_carea' id='block_1_21' title="bbox 2219 1359 3868 1436">
    <p class='ocr_par' dir='ltr' id='par_1_21' title="bbox 2219 1359 3868 1436">
     <span class='ocr_line' id='line_1_21' title="bbox 2219 1359 3868 1436; baseline 0.008 -25"><span class='ocrx_word' id='word_1_137' title='bbox 2219 1359 2332 1412; x_wconf 91' lang='lat' dir='ltr'><strong>tur.</strong></span> <span class='ocrx_word' id='word_1_138' title='bbox 2368 1359 2485 1414; x_wconf 88' lang='lat' dir='ltr'><strong>Etsi</strong></span> <span class='ocrx_word' id='word_1_139' title='bbox 2513 1365 2711 1416; x_wconf 90' lang='lat' dir='ltr'><strong>autem</strong></span> <span class='ocrx_word' id='word_1_140' title='bbox 2742 1361 3127 1434; x_wconf 79' lang='lat' dir='ltr'><strong>Euthymium</strong></span> <span class='ocrx_word' id='word_1_141' title='bbox 3160 1365 3301 1420; x_wconf 88' lang='lat' dir='ltr'><strong>satis</strong></span> <span class='ocrx_word' id='word_1_142' title='bbox 3332 1366 3678 1436; x_wconf 82' lang='lat' dir='ltr'><strong>diligentem</strong></span> <span class='ocrx_word' id='word_1_143' title='bbox 3723 1374 3780 1424; x_wconf 91' lang='lat' dir='ltr'><strong>et</strong></span> <span class='ocrx_word' id='word_1_144' title='bbox 3803 1370 3868 1424; x_wconf 89' lang='lat' dir='ltr'><strong>ﬁ-</strong></span> 
     </span>
    </p>
   </div>
   <div class='ocr_carea' id='block_1_22' title="bbox 2219 1445 3866 1517">
    <p class='ocr_par' dir='ltr' id='par_1_22' title="bbox 2219 1445 3866 1517">
     <span class='ocr_line' id='line_1_22' title="bbox 2219 1445 3866 1517; baseline 0.009 -17"><span class='ocrx_word' id='word_1_145' title='bbox 2219 1445 2414 1502; x_wconf 91' lang='lat' dir='ltr'><strong>delem</strong></span> <span class='ocrx_word' id='word_1_146' title='bbox 2455 1449 2726 1517; x_wconf 83' lang='lat' dir='ltr'><strong>cognovi,</strong></span> <span class='ocrx_word' id='word_1_147' title='bbox 2776 1455 2965 1516; x_wconf 73' lang='lat' dir='ltr'><strong>tamen</strong></span> <span class='ocrx_word' id='word_1_148' title='bbox 3020 1452 3316 1513; x_wconf 87' lang='lat' dir='ltr'><strong>interdum</strong></span> <span class='ocrx_word' id='word_1_149' title='bbox 3358 1454 3491 1511; x_wconf 85' lang='lat' dir='ltr'><strong>loca</strong></span> <span class='ocrx_word' id='word_1_150' title='bbox 3535 1456 3866 1515; x_wconf 90' lang='lat' dir='ltr'><strong>litterarum</strong></span> 
     </span>
    </p>
   </div>
   <div class='ocr_carea' id='block_1_23' title="bbox 2219 1538 3866 1610">
    <p class='ocr_par' dir='ltr' id='par_1_23' title="bbox 2219 1538 3866 1610">
     <span class='ocr_line' id='line_1_23' title="bbox 2219 1538 3866 1610; baseline 0.006 -19"><span class='ocrx_word' id='word_1_151' title='bbox 2219 1550 2530 1600; x_wconf 72' lang='lat' dir='ltr'><strong>sacrarum</strong></span> <span class='ocrx_word' id='word_1_152' title='bbox 2561 1552 2683 1594; x_wconf 91' lang='lat' dir='ltr'><strong>non</strong></span> <span class='ocrx_word' id='word_1_153' title='bbox 2710 1555 2781 1594; x_wconf 85' lang='lat' dir='ltr'><strong>ex</strong></span> <span class='ocrx_word' id='word_1_154' title='bbox 2809 1538 2994 1596; x_wconf 89' lang='lat' dir='ltr'><strong>Libris</strong></span> <span class='ocrx_word' id='word_1_155' title='bbox 3016 1541 3222 1610; x_wconf 90' lang='lat' dir='ltr'><strong>sacris,</strong></span> <span class='ocrx_word' id='word_1_156' title='bbox 3257 1542 3362 1599; x_wconf 90' lang='lat' dir='ltr'><strong>sed</strong></span> <span class='ocrx_word' id='word_1_157' title='bbox 3385 1558 3457 1599; x_wconf 81' lang='lat' dir='ltr'><strong>ex</strong></span> <span class='ocrx_word' id='word_1_158' title='bbox 3491 1546 3866 1602; x_wconf 89' lang='lat' dir='ltr'><strong>Commenta-</strong></span> 
     </span>
    </p>
   </div>
   <div class='ocr_carea' id='block_1_24' title="bbox 2217 1623 3867 1703">
    <p class='ocr_par' dir='ltr' id='par_1_24' title="bbox 2217 1623 3867 1703">
     <span class='ocr_line' id='line_1_24' title="bbox 2217 1623 3867 1703; baseline 0.005 -26"><span class='ocrx_word' id='word_1_159' title='bbox 2217 1623 2317 1678; x_wconf 88' lang='lat' dir='ltr'><strong>riis</strong></span> <span class='ocrx_word' id='word_1_160' title='bbox 2339 1624 2960 1697; x_wconf 89' lang='lat' dir='ltr'><strong>interpretumlaudat.</strong></span> <span class='ocrx_word' id='word_1_161' title='bbox 2987 1629 3115 1694; x_wconf 88' lang='lat' dir='ltr'><strong>Qua</strong></span> <span class='ocrx_word' id='word_1_162' title='bbox 3139 1629 3212 1685; x_wconf 93' lang='lat' dir='ltr'><strong>de</strong></span> <span class='ocrx_word' id='word_1_163' title='bbox 3234 1647 3295 1686; x_wconf 90' lang='lat' dir='ltr'><strong>re</strong></span> <span class='ocrx_word' id='word_1_164' title='bbox 3319 1629 3634 1703; x_wconf 87' lang='lat' dir='ltr'><strong>aliquoties</strong></span> <span class='ocrx_word' id='word_1_165' title='bbox 3657 1635 3867 1689; x_wconf 89' lang='lat' dir='ltr'><strong>monui</strong></span> 
     </span>
    </p>
   </div>
   <div class='ocr_carea' id='block_1_25' title="bbox 2216 1710 3868 1789">
    <p class='ocr_par' dir='ltr' id='par_1_25' title="bbox 2216 1710 3868 1789">
     <span class='ocr_line' id='line_1_25' title="bbox 2216 1710 3868 1789; baseline 0.007 -23"><span class='ocrx_word' id='word_1_166' title='bbox 2216 1710 2276 1767; x_wconf 92' lang='lat' dir='ltr'><strong>in</strong></span> <span class='ocrx_word' id='word_1_167' title='bbox 2305 1712 2939 1771; x_wconf 85' lang='lat' dir='ltr'><strong>animadversionibus.</strong></span> <span class='ocrx_word' id='word_1_168' title='bbox 2976 1718 3342 1789; x_wconf 91' lang='lat' dir='ltr'><strong>Deprehendi</strong></span> <span class='ocrx_word' id='word_1_169' title='bbox 3368 1721 3545 1776; x_wconf 88' lang='lat' dir='ltr'><strong>etiam</strong></span> <span class='ocrx_word' id='word_1_170' title='bbox 3576 1721 3868 1778; x_wconf 85' lang='lat' dir='ltr'><strong>vocabula</strong></span> 
     </span>
    </p>
   </div>
   <div class='ocr_carea' id='block_1_26' title="bbox 2218 1800 3865 1877">
    <p class='ocr_par' dir='ltr' id='par_1_26' title="bbox 2218 1800 3865 1877">
     <span class='ocr_line' id='line_1_26' title="bbox 2218 1800 3865 1877; baseline 0.005 -21"><span class='ocrx_word' id='word_1_171' title='bbox 2218 1800 2296 1856; x_wconf 88' lang='lat' dir='ltr'><strong>ab</strong></span> <span class='ocrx_word' id='word_1_172' title='bbox 2325 1801 2456 1873; x_wconf 88' lang='lat' dir='ltr'><strong>ipso</strong></span> <span class='ocrx_word' id='word_1_173' title='bbox 2485 1804 2741 1875; x_wconf 90' lang='lat' dir='ltr'><strong>primum</strong></span> <span class='ocrx_word' id='word_1_174' title='bbox 2765 1805 2942 1871; x_wconf 89' lang='lat' dir='ltr'><strong>illata,</strong></span> <span class='ocrx_word' id='word_1_175' title='bbox 2963 1807 3252 1863; x_wconf 88' lang='lat' dir='ltr'><strong>nonnulla</strong></span> <span class='ocrx_word' id='word_1_176' title='bbox 3276 1807 3456 1864; x_wconf 88' lang='lat' dir='ltr'><strong>etiam</strong></span> <span class='ocrx_word' id='word_1_177' title='bbox 3483 1809 3724 1877; x_wconf 90' lang='lat' dir='ltr'><strong>omissa,</strong></span> <span class='ocrx_word' id='word_1_178' title='bbox 3759 1810 3865 1865; x_wconf 92' lang='lat' dir='ltr'><strong>sed</strong></span> 
     </span>
    </p>
   </div>
   <div class='ocr_carea' id='block_1_27' title="bbox 2219 1889 3862 1964">
    <p class='ocr_par' dir='ltr' id='par_1_27' title="bbox 2219 1889 3862 1964">
     <span class='ocr_line' id='line_1_27' title="bbox 2219 1889 3862 1964; baseline 0.005 -20"><span class='ocrx_word' id='word_1_179' title='bbox 2219 1889 2527 1961; x_wconf 87' lang='lat' dir='ltr'><strong>pauciora.</strong></span> <span class='ocrx_word' id='word_1_180' title='bbox 2561 1892 2806 1949; x_wconf 91' lang='lat' dir='ltr'><strong>Codices</strong></span> <span class='ocrx_word' id='word_1_181' title='bbox 2829 1895 3276 1964; x_wconf 88' lang='lat' dir='ltr'><strong>Evangeliorum</strong></span> <span class='ocrx_word' id='word_1_182' title='bbox 3305 1902 3505 1952; x_wconf 90' lang='lat' dir='ltr'><strong>autem</strong></span> <span class='ocrx_word' id='word_1_183' title='bbox 3531 1913 3668 1953; x_wconf 92' lang='lat' dir='ltr'><strong>cum</strong></span> <span class='ocrx_word' id='word_1_184' title='bbox 3695 1899 3862 1953; x_wconf 87' lang='lat' dir='ltr'><strong>Com-</strong></span> 
     </span>
    </p>
   </div>
   <div class='ocr_carea' id='block_1_28' title="bbox 2217 1979 3862 2058">
    <p class='ocr_par' dir='ltr' id='par_1_28' title="bbox 2217 1979 3862 2058">
     <span class='ocr_line' id='line_1_28' title="bbox 2217 1979 3862 2058; baseline 0.006 -26"><span class='ocrx_word' id='word_1_185' title='bbox 2217 1979 2521 2034; x_wconf 89' lang='lat' dir='ltr'><strong>mentariis</strong></span> <span class='ocrx_word' id='word_1_186' title='bbox 2567 1983 2621 2035; x_wconf 90' lang='lat' dir='ltr'><strong>et</strong></span> <span class='ocrx_word' id='word_1_187' title='bbox 2652 1981 2891 2047; x_wconf 89' lang='lat' dir='ltr'><strong>catenis,</strong></span> <span class='ocrx_word' id='word_1_188' title='bbox 2940 1982 3113 2038; x_wconf 83' lang='lat' dir='ltr'><strong>sicuti</strong></span> <span class='ocrx_word' id='word_1_189' title='bbox 3155 1984 3626 2058; x_wconf 84' lang='lat' dir='ltr'><strong>Theophylactus</strong></span> <span class='ocrx_word' id='word_1_190' title='bbox 3657 1987 3862 2054; x_wconf 90' lang='lat' dir='ltr'><strong>etiam,</strong></span> 
     </span>
    </p>
   </div>
   <div class='ocr_carea' id='block_1_29' title="bbox 2219 2065 3864 2144">
    <p class='ocr_par' dir='ltr' id='par_1_29' title="bbox 2219 2065 3864 2144">
     <span class='ocr_line' id='line_1_29' title="bbox 2219 2065 3864 2144; baseline 0.005 -22"><span class='ocrx_word' id='word_1_191' title='bbox 2219 2065 2298 2122; x_wconf 90' lang='lat' dir='ltr'><strong>ad</strong></span> <span class='ocrx_word' id='word_1_192' title='bbox 2322 2082 2538 2124; x_wconf 88' lang='lat' dir='ltr'><strong>manus</strong></span> <span class='ocrx_word' id='word_1_193' title='bbox 2579 2067 2793 2126; x_wconf 89' lang='lat' dir='ltr'><strong>habuit</strong></span> <span class='ocrx_word' id='word_1_194' title='bbox 2831 2069 3145 2142; x_wconf 89' lang='lat' dir='ltr'><strong>ejusmodi,</strong></span> <span class='ocrx_word' id='word_1_195' title='bbox 3175 2073 3517 2144; x_wconf 92' lang='lat' dir='ltr'><strong>cujusmodi</strong></span> <span class='ocrx_word' id='word_1_196' title='bbox 3568 2080 3700 2130; x_wconf 89' lang='lat' dir='ltr'><strong>sunt</strong></span> <span class='ocrx_word' id='word_1_197' title='bbox 3743 2074 3864 2130; x_wconf 90' lang='lat' dir='ltr'><strong>mei</strong></span> 
     </span>
    </p>
   </div>
   <div class='ocr_carea' id='block_1_30' title="bbox 2218 2159 3864 2236">
    <p class='ocr_par' dir='ltr' id='par_1_30' title="bbox 2218 2159 3864 2236">
     <span class='ocr_line' id='line_1_30' title="bbox 2218 2159 3864 2236; baseline 0.003 -22"><span class='ocrx_word' id='word_1_198' title='bbox 2218 2159 2600 2229; x_wconf 80' lang='lat' dir='ltr'><strong>Mosquenses</strong></span> <span class='ocrx_word' id='word_1_199' title='bbox 2645 2175 2696 2214; x_wconf 88' lang='lat' dir='ltr'><strong>a.</strong></span> <span class='ocrx_word' id='word_1_200' title='bbox 2726 2160 2786 2216; x_wconf 92' lang='lat' dir='ltr'><strong>d.</strong></span> <span class='ocrx_word' id='word_1_201' title='bbox 2815 2176 2866 2216; x_wconf 90' lang='lat' dir='ltr'><strong>e.</strong></span> <span class='ocrx_word' id='word_1_202' title='bbox 2901 2177 2960 2232; x_wconf 92' lang='lat' dir='ltr'><strong>g.</strong></span> <span class='ocrx_word' id='word_1_203' title='bbox 3015 2165 3098 2227; x_wconf 90' lang='grc'><strong>10,</strong></span> <span class='ocrx_word' id='word_1_204' title='bbox 3142 2161 3216 2218; x_wconf 89' lang='lat' dir='ltr'><strong>de</strong></span> <span class='ocrx_word' id='word_1_205' title='bbox 3259 2163 3478 2234; x_wconf 89' lang='lat' dir='ltr'><strong>quibus</strong></span> <span class='ocrx_word' id='word_1_206' title='bbox 3526 2163 3775 2236; x_wconf 86' lang='lat' dir='ltr'><strong>exposui</strong></span> <span class='ocrx_word' id='word_1_207' title='bbox 3802 2164 3864 2219; x_wconf 90' lang='lat' dir='ltr'><strong>in</strong></span> 
     </span>
    </p>
   </div>
   <div class='ocr_carea' id='block_1_31' title="bbox 2218 2245 3865 2308">
    <p class='ocr_par' dir='ltr' id='par_1_31' title="bbox 2218 2245 3865 2308">
     <span class='ocr_line' id='line_1_31' title="bbox 2218 2245 3865 2308; baseline 0.004 -8"><span class='ocrx_word' id='word_1_208' title='bbox 2218 2245 2565 2303; x_wconf 66' lang='lat' dir='ltr'><strong>Praefatione</strong></span> <span class='ocrx_word' id='word_1_209' title='bbox 2584 2263 2730 2304; x_wconf 62' lang='lat' dir='ltr'><strong>meae</strong></span> <span class='ocrx_word' id='word_1_210' title='bbox 2747 2248 2890 2304; x_wconf 87' lang='lat' dir='ltr'><strong>Novi</strong></span> <span class='ocrx_word' id='word_1_211' title='bbox 2911 2250 3265 2306; x_wconf 89' lang='lat' dir='ltr'><strong>Testamenti</strong></span> <span class='ocrx_word' id='word_1_212' title='bbox 3287 2251 3560 2307; x_wconf 89' lang='lat' dir='ltr'><strong>editionis</strong></span> <span class='ocrx_word' id='word_1_213' title='bbox 3583 2253 3660 2307; x_wconf 92' lang='lat' dir='ltr'><strong>ad</strong></span> <span class='ocrx_word' id='word_1_214' title='bbox 3682 2255 3865 2308; x_wconf 88' lang='lat' dir='ltr'><strong>Evan-</strong></span> 
     </span>
    </p>
   </div>
   <div class='ocr_carea' id='block_1_32' title="bbox 2220 2333 3867 2404">
    <p class='ocr_par' dir='ltr' id='par_1_32' title="bbox 2220 2333 3867 2404">
     <span class='ocr_line' id='line_1_32' title="bbox 2220 2333 3867 2404; baseline 0.005 -16"><span class='ocrx_word' id='word_1_215' title='bbox 2220 2333 2442 2404; x_wconf 91' lang='lat' dir='ltr'><strong>gelium</strong></span> <span class='ocrx_word' id='word_1_216' title='bbox 2487 2336 2688 2392; x_wconf 87' lang='lat' dir='ltr'><strong>Marci.</strong></span> <span class='ocrx_word' id='word_1_217' title='bbox 2740 2339 2958 2392; x_wconf 87' lang='lat' dir='ltr'><strong>Horum</strong></span> <span class='ocrx_word' id='word_1_218' title='bbox 3007 2338 3344 2394; x_wconf 91' lang='lat' dir='ltr'><strong>simillimos</strong></span> <span class='ocrx_word' id='word_1_219' title='bbox 3389 2339 3448 2394; x_wconf 90' lang='lat' dir='ltr'><strong>in</strong></span> <span class='ocrx_word' id='word_1_220' title='bbox 3504 2339 3867 2396; x_wconf 88' lang='lat' dir='ltr'><strong>bibliotheca</strong></span> 
     </span>
    </p>
   </div>
   <div class='ocr_carea' id='block_1_33' title="bbox 462 2418 3868 2504">
    <p class='ocr_par' dir='ltr' id='par_1_33' title="bbox 462 2418 3868 2504">
     <span class='ocr_line' id='line_1_33' title="bbox 462 2418 3868 2504; baseline -0.001 -17"><span class='ocrx_word' id='word_1_221' title='bbox 462 2429 594 2488; x_wconf 91' lang='lat' dir='ltr'><strong>aliis</strong></span> <span class='ocrx_word' id='word_1_222' title='bbox 622 2427 860 2487; x_wconf 87' lang='lat' dir='ltr'><strong>hausit:</strong></span> <span class='ocrx_word' id='word_1_223' title='bbox 888 2439 1100 2482; x_wconf 89' lang='lat' dir='ltr'><strong>omnes</strong></span> <span class='ocrx_word' id='word_1_224' title='bbox 1129 2421 1291 2480; x_wconf 92' lang='lat' dir='ltr'><strong>enim</strong></span> <span class='ocrx_word' id='word_1_225' title='bbox 1309 2423 1444 2478; x_wconf 85' lang='lat' dir='ltr'><strong>ante</strong></span> <span class='ocrx_word' id='word_1_226' title='bbox 1475 2437 1536 2477; x_wconf 89' lang='lat' dir='ltr'><strong>se</strong></span> <span class='ocrx_word' id='word_1_227' title='bbox 1557 2418 1930 2476; x_wconf 90' lang='lat' dir='ltr'><strong>consuluisse</strong></span> <span class='ocrx_word' id='word_1_228' title='bbox 1955 2418 2111 2475; x_wconf 89' lang='lat' dir='ltr'><strong>vide-</strong></span> <span class='ocrx_word' id='word_1_229' title='bbox 2139 2445 2188 2504; x_wconf 81' lang='grc' dir='ltr'>Β</span> <span class='ocrx_word' id='word_1_230' title='bbox 2219 2423 2486 2480; x_wconf 88' lang='lat' dir='ltr'><strong>Parisina</strong></span> <span class='ocrx_word' id='word_1_231' title='bbox 2520 2428 2576 2480; x_wconf 89' lang='lat' dir='ltr'><strong>et</strong></span> <span class='ocrx_word' id='word_1_232' title='bbox 2620 2424 3060 2481; x_wconf 85' lang='lat' dir='ltr'><strong>Vindobonensi</strong></span> <span class='ocrx_word' id='word_1_233' title='bbox 3109 2427 3349 2495; x_wconf 89' lang='lat' dir='ltr'><strong>servari,</strong></span> <span class='ocrx_word' id='word_1_234' title='bbox 3396 2428 3645 2498; x_wconf 79' lang='lat' dir='ltr'><strong>cognovi</strong></span> <span class='ocrx_word' id='word_1_235' title='bbox 3673 2445 3740 2483; x_wconf 80' lang='lat' dir='ltr'><strong>ex</strong></span> <span class='ocrx_word' id='word_1_236' title='bbox 3771 2428 3868 2484; x_wconf 83' lang='lat' dir='ltr'><strong>Ri-</strong></span> 
     </span>
    </p>
   </div>
   <div class='ocr_carea' id='block_1_34' title="bbox 460 2509 2110 2591">
    <p class='ocr_par' dir='ltr' id='par_1_34' title="bbox 460 2509 2110 2591">
     <span class='ocr_line' id='line_1_34' title="bbox 460 2509 2110 2591; baseline -0.01 -13"><span class='ocrx_word' id='word_1_237' title='bbox 460 2523 558 2577; x_wconf 91' lang='lat' dir='ltr'><strong>tur</strong></span> <span class='ocrx_word' id='word_1_238' title='bbox 581 2521 928 2591; x_wconf 88' lang='lat' dir='ltr'><strong>interpretes</strong></span> <span class='ocrx_word' id='word_1_239' title='bbox 951 2531 966 2572; x_wconf 89' lang='lat'><strong>:</strong></span> <span class='ocrx_word' id='word_1_240' title='bbox 994 2519 1194 2572; x_wconf 91' lang='lat' dir='ltr'><strong>tamen</strong></span> <span class='ocrx_word' id='word_1_241' title='bbox 1215 2512 1278 2568; x_wconf 92' lang='lat' dir='ltr'><strong>in</strong></span> <span class='ocrx_word' id='word_1_242' title='bbox 1301 2514 1588 2583; x_wconf 88' lang='lat' dir='ltr'><strong>promptu</strong></span> <span class='ocrx_word' id='word_1_243' title='bbox 1611 2512 1769 2576; x_wconf 89' lang='lat' dir='ltr'><strong>sunt,</strong></span> <span class='ocrx_word' id='word_1_244' title='bbox 1783 2509 2007 2581; x_wconf 85' lang='lat' dir='ltr'><strong>quaeab</strong></span> <span class='ocrx_word' id='word_1_245' title='bbox 2024 2510 2110 2581; x_wconf 89' lang='lat' dir='ltr'><strong>ip-</strong></span> 
     </span>
    </p>
   </div>
   <div class='ocr_carea' id='block_1_35' title="bbox 463 2597 2109 2671">
    <p class='ocr_par' dir='ltr' id='par_1_35' title="bbox 463 2597 2109 2671">
     <span class='ocr_line' id='line_1_35' title="bbox 463 2597 2109 2671; baseline -0.008 -7"><span class='ocrx_word' id='word_1_246' title='bbox 463 2608 588 2664; x_wconf 86' lang='lat' dir='ltr'><strong>sius</strong></span> <span class='ocrx_word' id='word_1_247' title='bbox 620 2608 912 2671; x_wconf 87' lang='lat' dir='ltr'><strong>doctrina,</strong></span> <span class='ocrx_word' id='word_1_248' title='bbox 949 2603 1144 2660; x_wconf 91' lang='lat' dir='ltr'><strong>studio</strong></span> <span class='ocrx_word' id='word_1_249' title='bbox 1173 2605 1230 2657; x_wconf 91' lang='lat' dir='ltr'><strong>et</strong></span> <span class='ocrx_word' id='word_1_250' title='bbox 1259 2600 1500 2669; x_wconf 85' lang='lat' dir='ltr'><strong>ingenio</strong></span> <span class='ocrx_word' id='word_1_251' title='bbox 1530 2602 1929 2655; x_wconf 88' lang='lat' dir='ltr'><strong>accesserunt.</strong></span> <span class='ocrx_word' id='word_1_252' title='bbox 1962 2597 2109 2663; x_wconf 85' lang='lat' dir='ltr'><strong>Qui-</strong></span> 
     </span>
    </p>
   </div>
   <div class='ocr_carea' id='block_1_36' title="bbox 459 2685 2109 2768">
    <p class='ocr_par' dir='ltr' id='par_1_36' title="bbox 459 2685 2109 2768">
     <span class='ocr_line' id='line_1_36' title="bbox 459 2685 2109 2768; baseline -0.01 -12"><span class='ocrx_word' id='word_1_253' title='bbox 459 2698 576 2756; x_wconf 88' lang='lat' dir='ltr'><strong>bus</strong></span> <span class='ocrx_word' id='word_1_254' title='bbox 607 2712 746 2768; x_wconf 88' lang='lat' dir='ltr'><strong>ergo</strong></span> <span class='ocrx_word' id='word_1_255' title='bbox 777 2695 972 2752; x_wconf 91' lang='lat' dir='ltr'><strong>adhuc</strong></span> <span class='ocrx_word' id='word_1_256' title='bbox 999 2693 1240 2762; x_wconf 89' lang='lat' dir='ltr'><strong>ignotus</strong></span> <span class='ocrx_word' id='word_1_257' title='bbox 1269 2692 1357 2744; x_wconf 89' lang='lat' dir='ltr'><strong>est</strong></span> <span class='ocrx_word' id='word_1_258' title='bbox 1383 2687 1754 2759; x_wconf 85' lang='lat' dir='ltr'><strong>Euthymius,</strong></span> <span class='ocrx_word' id='word_1_259' title='bbox 1784 2687 1887 2751; x_wconf 89' lang='lat' dir='ltr'><strong>eis,</strong></span> <span class='ocrx_word' id='word_1_260' title='bbox 1928 2689 1994 2741; x_wconf 92' lang='lat' dir='ltr'><strong>ut</strong></span> <span class='ocrx_word' id='word_1_261' title='bbox 2021 2685 2109 2740; x_wconf 91' lang='lat' dir='ltr'><strong>in-</strong></span> 
     </span>
    </p>
   </div>
   <div class='ocr_carea' id='block_1_37' title="bbox 459 2774 2109 2851">
    <p class='ocr_par' dir='ltr' id='par_1_37' title="bbox 459 2774 2109 2851">
     <span class='ocr_line' id='line_1_37' title="bbox 459 2774 2109 2851; baseline -0.009 -7"><span class='ocrx_word' id='word_1_262' title='bbox 459 2789 747 2851; x_wconf 87' lang='lat' dir='ltr'><strong>notescat,</strong></span> <span class='ocrx_word' id='word_1_263' title='bbox 779 2781 1091 2846; x_wconf 89' lang='lat' dir='ltr'><strong>suaserim,</strong></span> <span class='ocrx_word' id='word_1_264' title='bbox 1130 2781 1196 2834; x_wconf 91' lang='lat' dir='ltr'><strong>ut</strong></span> <span class='ocrx_word' id='word_1_265' title='bbox 1225 2776 1435 2833; x_wconf 93' lang='lat' dir='ltr'><strong>saltem</strong></span> <span class='ocrx_word' id='word_1_266' title='bbox 1469 2775 1681 2831; x_wconf 91' lang='lat' dir='ltr'><strong>ultima</strong></span> <span class='ocrx_word' id='word_1_267' title='bbox 1709 2774 1820 2830; x_wconf 85' lang='lat' dir='ltr'><strong>tria</strong></span> <span class='ocrx_word' id='word_1_268' title='bbox 1851 2776 2109 2846; x_wconf 88' lang='lat' dir='ltr'><strong>Evange-</strong></span> 
     </span>
    </p>
   </div>
   <div class='ocr_carea' id='block_1_38' title="bbox 458 2863 2107 2942">
    <p class='ocr_par' dir='ltr' id='par_1_38' title="bbox 458 2863 2107 2942">
     <span class='ocr_line' id='line_1_38' title="bbox 458 2863 2107 2942; baseline -0.009 -10"><span class='ocrx_word' id='word_1_269' title='bbox 458 2876 519 2932; x_wconf 94' lang='lat' dir='ltr'><strong>lii</strong></span> <span class='ocrx_word' id='word_1_270' title='bbox 547 2874 800 2932; x_wconf 69' lang='lat' dir='ltr'><strong>Matthaai</strong></span> <span class='ocrx_word' id='word_1_271' title='bbox 838 2871 1026 2942; x_wconf 85' lang='lat' dir='ltr'><strong>capita</strong></span> <span class='ocrx_word' id='word_1_272' title='bbox 1063 2867 1435 2941; x_wconf 83' lang='lat' dir='ltr'><strong>perlustrent.</strong></span> <span class='ocrx_word' id='word_1_273' title='bbox 1470 2865 1630 2920; x_wconf 89' lang='lat' dir='ltr'><strong>Hanc</strong></span> <span class='ocrx_word' id='word_1_274' title='bbox 1670 2863 1828 2918; x_wconf 91' lang='lat' dir='ltr'><strong>enim</strong></span> <span class='ocrx_word' id='word_1_275' title='bbox 1859 2877 2107 2932; x_wconf 87' lang='lat' dir='ltr'><strong>evange-</strong></span> 
     </span>
    </p>
   </div>
   <div class='ocr_carea' id='block_1_39' title="bbox 459 2953 2106 3032">
    <p class='ocr_par' dir='ltr' id='par_1_39' title="bbox 459 2953 2106 3032">
     <span class='ocr_line' id='line_1_39' title="bbox 459 2953 2106 3032; baseline -0.009 -7"><span class='ocrx_word' id='word_1_276' title='bbox 459 2966 588 3025; x_wconf 80' lang='lat' dir='ltr'><strong>licae</strong></span> <span class='ocrx_word' id='word_1_277' title='bbox 631 2962 991 3023; x_wconf 89' lang='lat' dir='ltr'><strong>narrationis</strong></span> <span class='ocrx_word' id='word_1_278' title='bbox 1032 2961 1262 3032; x_wconf 90' lang='lat' dir='ltr'><strong>partem</strong></span> <span class='ocrx_word' id='word_1_279' title='bbox 1301 2959 1359 3011; x_wconf 87' lang='lat' dir='ltr'><strong>et</strong></span> <span class='ocrx_word' id='word_1_280' title='bbox 1399 2970 1435 3012; x_wconf 91' lang='lat' dir='ltr'><strong>a</strong></span> <span class='ocrx_word' id='word_1_281' title='bbox 1488 2953 1935 3024; x_wconf 87' lang='lat' dir='ltr'><strong>Chrysostomo,</strong></span> <span class='ocrx_word' id='word_1_282' title='bbox 1971 2955 2027 3008; x_wconf 88' lang='lat' dir='ltr'><strong>et</strong></span> <span class='ocrx_word' id='word_1_283' title='bbox 2069 2970 2106 3010; x_wconf 86' lang='lat' dir='ltr'><strong>a</strong></span> 
     </span>
    </p>
   </div>
   <div class='ocr_carea' id='block_1_40' title="bbox 460 3040 2102 3130">
    <p class='ocr_par' dir='ltr' id='par_1_40' title="bbox 460 3040 2102 3130">
     <span class='ocr_line' id='line_1_40' title="bbox 460 3040 2102 3130; baseline -0.009 -16"><span class='ocrx_word' id='word_1_284' title='bbox 460 3056 696 3130; x_wconf 85' lang='lat' dir='ltr'><strong>Cyrillo,</strong></span> <span class='ocrx_word' id='word_1_285' title='bbox 752 3057 809 3110; x_wconf 87' lang='lat' dir='ltr'><strong>et</strong></span> <span class='ocrx_word' id='word_1_286' title='bbox 831 3052 909 3108; x_wconf 88' lang='lat' dir='ltr'><strong>ab</strong></span> <span class='ocrx_word' id='word_1_287' title='bbox 939 3049 1061 3104; x_wconf 90' lang='lat' dir='ltr'><strong>aliis</strong></span> <span class='ocrx_word' id='word_1_288' title='bbox 1112 3043 1411 3102; x_wconf 87' lang='lat' dir='ltr'><strong>veteribus</strong></span> <span class='ocrx_word' id='word_1_289' title='bbox 1455 3040 1854 3112; x_wconf 85' lang='lat' dir='ltr'><strong>negligentius</strong></span> <span class='ocrx_word' id='word_1_290' title='bbox 1895 3045 2102 3100; x_wconf 86' lang='lat' dir='ltr'><strong>tracta-</strong></span> 
     </span>
    </p>
   </div>
   <div class='ocr_carea' id='block_1_41' title="bbox 457 3130 2104 3218">
    <p class='ocr_par' dir='ltr' id='par_1_41' title="bbox 457 3130 2104 3218">
     <span class='ocr_line' id='line_1_41' title="bbox 457 3130 2104 3218; baseline -0.011 -15"><span class='ocrx_word' id='word_1_291' title='bbox 457 3149 584 3203; x_wconf 86' lang='lat' dir='ltr'><strong>tam</strong></span> <span class='ocrx_word' id='word_1_292' title='bbox 603 3138 989 3218; x_wconf 90' lang='lat' dir='ltr'><strong>deprehendi.</strong></span> <span class='ocrx_word' id='word_1_293' title='bbox 1013 3140 1096 3192; x_wconf 80' lang='lat' dir='ltr'><strong>Ex</strong></span> <span class='ocrx_word' id='word_1_294' title='bbox 1115 3133 1382 3204; x_wconf 87' lang='lat' dir='ltr'><strong>Origenis</strong></span> <span class='ocrx_word' id='word_1_295' title='bbox 1398 3136 1620 3196; x_wconf 91' lang='lat' dir='ltr'><strong>autem,</strong></span> <span class='ocrx_word' id='word_1_296' title='bbox 1648 3130 1874 3197; x_wconf 91' lang='lat' dir='ltr'><strong>nescio,</strong></span> <span class='ocrx_word' id='word_1_297' title='bbox 1903 3135 2104 3186; x_wconf 90' lang='lat' dir='ltr'><strong>utrum</strong></span> 
     </span>
    </p>
   </div>
   <div class='ocr_carea' id='block_1_42' title="bbox 456 3218 2104 3293">
    <p class='ocr_par' dir='ltr' id='par_1_42' title="bbox 456 3218 2104 3293">
     <span class='ocr_line' id='line_1_42' title="bbox 456 3218 2104 3293; baseline -0.013 1"><span class='ocrx_word' id='word_1_298' title='bbox 456 3236 656 3293; x_wconf 90' lang='lat' dir='ltr'><strong>dicam</strong></span> <span class='ocrx_word' id='word_1_299' title='bbox 706 3225 1176 3290; x_wconf 89' lang='lat' dir='ltr'><strong>Commentariis,</strong></span> <span class='ocrx_word' id='word_1_300' title='bbox 1227 3237 1305 3280; x_wconf 91' lang='lat' dir='ltr'><strong>an</strong></span> <span class='ocrx_word' id='word_1_301' title='bbox 1337 3219 1826 3286; x_wconf 85' lang='lat' dir='ltr'><strong>cavillationibus,</strong></span> <span class='ocrx_word' id='word_1_302' title='bbox 1868 3218 2104 3275; x_wconf 90' lang='lat' dir='ltr'><strong>etiamsi</strong></span> 
     </span>
    </p>
   </div>
   <div class='ocr_carea' id='block_1_43' title="bbox 457 3307 2104 3394">
    <p class='ocr_par' dir='ltr' id='par_1_43' title="bbox 457 3307 2104 3394">
     <span class='ocr_line' id='line_1_43' title="bbox 457 3307 2104 3394; baseline -0.013 -10"><span class='ocrx_word' id='word_1_303' title='bbox 457 3325 659 3384; x_wconf 89' lang='lat' dir='ltr'><strong>omnia</strong></span> <span class='ocrx_word' id='word_1_304' title='bbox 687 3323 816 3394; x_wconf 88' lang='lat' dir='ltr'><strong>ejus</strong></span> <span class='ocrx_word' id='word_1_305' title='bbox 844 3317 1059 3390; x_wconf 89' lang='lat' dir='ltr'><strong>scripta</strong></span> <span class='ocrx_word' id='word_1_306' title='bbox 1097 3314 1175 3371; x_wconf 92' lang='lat' dir='ltr'><strong>ad</strong></span> <span class='ocrx_word' id='word_1_307' title='bbox 1216 3327 1432 3369; x_wconf 91' lang='lat' dir='ltr'><strong>manus</strong></span> <span class='ocrx_word' id='word_1_308' title='bbox 1459 3308 1753 3379; x_wconf 89' lang='lat' dir='ltr'><strong>habuerit,</strong></span> <span class='ocrx_word' id='word_1_309' title='bbox 1795 3307 1944 3364; x_wconf 89' lang='lat' dir='ltr'><strong>nihil</strong></span> <span class='ocrx_word' id='word_1_310' title='bbox 1969 3323 2104 3380; x_wconf 89' lang='lat' dir='ltr'><strong>pro-</strong></span> 
     </span>
    </p>
   </div>
   <div class='ocr_carea' id='block_1_44' title="bbox 454 3396 2103 3486">
    <p class='ocr_par' dir='ltr' id='par_1_44' title="bbox 454 3396 2103 3486">
     <span class='ocr_line' id='line_1_44' title="bbox 454 3396 2103 3486; baseline -0.015 -13"><span class='ocrx_word' id='word_1_311' title='bbox 454 3417 630 3472; x_wconf 88' lang='lat' dir='ltr'><strong>ﬁcere</strong></span> <span class='ocrx_word' id='word_1_312' title='bbox 649 3410 858 3486; x_wconf 86' lang='lat' dir='ltr'><strong>potuit.</strong></span> <span class='ocrx_word' id='word_1_313' title='bbox 880 3410 1146 3469; x_wconf 79' lang='lat' dir='ltr'><strong>Textum,</strong></span> <span class='ocrx_word' id='word_1_314' title='bbox 1173 3417 1356 3474; x_wconf 91' lang='lat' dir='ltr'><strong>quem</strong></span> <span class='ocrx_word' id='word_1_315' title='bbox 1385 3403 1619 3462; x_wconf 91' lang='lat' dir='ltr'><strong>vocant,</strong></span> <span class='ocrx_word' id='word_1_316' title='bbox 1645 3396 2103 3486; x_wconf 77' lang='lat' dir='ltr'><strong>Evangeliorum</strong></span> 
     </span>
    </p>
   </div>
   <div class='ocr_carea' id='block_1_45' title="bbox 454 3484 2102 3575">
    <p class='ocr_par' dir='ltr' id='par_1_45' title="bbox 454 3484 2102 3575">
     <span class='ocr_line' id='line_1_45' title="bbox 454 3484 2102 3575; baseline -0.014 -13"><span class='ocrx_word' id='word_1_317' title='bbox 454 3484 935 3575; x_wconf 34' lang='lat' dir='ltr'><strong>multo—quidem</strong></span> <span class='ocrx_word' id='word_1_318' title='bbox 986 3491 1333 3558; x_wconf 83' lang='lat' dir='ltr'><strong>modestius,</strong></span> <span class='ocrx_word' id='word_1_319' title='bbox 1382 3487 1720 3575; x_wconf 86' lang='lat' dir='ltr'><strong>accuratius</strong></span> <span class='ocrx_word' id='word_1_320' title='bbox 1773 3489 1830 3541; x_wconf 93' lang='lat' dir='ltr'><strong>et</strong></span> <span class='ocrx_word' id='word_1_321' title='bbox 1864 3484 2102 3540; x_wconf 86' lang='lat' dir='ltr'><strong>ﬁdelius</strong></span> 
     </span>
    </p>
   </div>
   <div class='ocr_carea' id='block_1_46' title="bbox 452 3574 2101 3660">
    <p class='ocr_par' dir='ltr' id='par_1_46' title="bbox 452 3574 2101 3660">
     <span class='ocr_line' id='line_1_46' title="bbox 452 3574 2101 3660; baseline -0.015 -9"><span class='ocrx_word' id='word_1_322' title='bbox 452 3574 748 3656; x_wconf 88' lang='lat' dir='ltr'><strong>tractavit,</strong></span> <span class='ocrx_word' id='word_1_323' title='bbox 780 3602 967 3660; x_wconf 90' lang='lat' dir='ltr'><strong>quam</strong></span> <span class='ocrx_word' id='word_1_324' title='bbox 1014 3578 1377 3639; x_wconf 88' lang='lat' dir='ltr'><strong>consuetudo</strong></span> <span class='ocrx_word' id='word_1_325' title='bbox 1408 3574 1516 3632; x_wconf 90' lang='lat' dir='ltr'><strong>fuit</strong></span> <span class='ocrx_word' id='word_1_326' title='bbox 1560 3575 1798 3630; x_wconf 92' lang='lat' dir='ltr'><strong>illorum</strong></span> <span class='ocrx_word' id='word_1_327' title='bbox 1829 3576 1886 3629; x_wconf 91' lang='lat' dir='ltr'><strong>et</strong></span> <span class='ocrx_word' id='word_1_328' title='bbox 1926 3587 2101 3645; x_wconf 85' lang='lat' dir='ltr'><strong>supe-</strong></span> 
     </span>
    </p>
   </div>
   <div class='ocr_carea' id='block_1_47' title="bbox 449 3661 2096 3748">
    <p class='ocr_par' dir='ltr' id='par_1_47' title="bbox 449 3661 2096 3748">
     <span class='ocr_line' id='line_1_47' title="bbox 449 3661 2096 3748; baseline -0.015 -8"><span class='ocrx_word' id='word_1_329' title='bbox 449 3683 677 3740; x_wconf 88' lang='lat' dir='ltr'><strong>riorum</strong></span> <span class='ocrx_word' id='word_1_330' title='bbox 725 3683 1061 3748; x_wconf 89' lang='lat' dir='ltr'><strong>temporum</strong></span> <span class='ocrx_word' id='word_1_331' title='bbox 1113 3668 1522 3739; x_wconf 83' lang='lat' dir='ltr'><strong>interpretum.</strong></span> <span class='ocrx_word' id='word_1_332' title='bbox 1584 3662 1865 3733; x_wconf 81' lang='lat' dir='ltr'><strong>Origenes</strong></span> <span class='ocrx_word' id='word_1_333' title='bbox 1917 3661 2096 3728; x_wconf 90' lang='lat' dir='ltr'><strong>enim,</strong></span> 
     </span>
    </p>
   </div>
   <div class='ocr_carea' id='block_1_48' title="bbox 2218 2511 3868 2587">
    <p class='ocr_par' dir='ltr' id='par_1_48' title="bbox 2218 2511 3868 2587">
     <span class='ocr_line' id='line_1_48' title="bbox 2218 2511 3868 2587; baseline 0.004 -20"><span class='ocrx_word' id='word_1_334' title='bbox 2218 2511 2440 2568; x_wconf 88' lang='lat' dir='ltr'><strong>chardo</strong></span> <span class='ocrx_word' id='word_1_335' title='bbox 2468 2512 2755 2580; x_wconf 91' lang='lat' dir='ltr'><strong>Simonio,</strong></span> <span class='ocrx_word' id='word_1_336' title='bbox 2787 2513 3111 2580; x_wconf 90' lang='lat' dir='ltr'><strong>Lambecio,</strong></span> <span class='ocrx_word' id='word_1_337' title='bbox 3130 2516 3485 2572; x_wconf 88' lang='lat' dir='ltr'><strong>Treschovio</strong></span> <span class='ocrx_word' id='word_1_338' title='bbox 3513 2522 3569 2573; x_wconf 92' lang='lat' dir='ltr'><strong>et</strong></span> <span class='ocrx_word' id='word_1_339' title='bbox 3599 2517 3868 2587; x_wconf 92' lang='lat' dir='ltr'><strong>nuperri-</strong></span> 
     </span>
    </p>
   </div>
   <div class='ocr_carea' id='block_1_49' title="bbox 2217 2601 3858 2662">
    <p class='ocr_par' dir='ltr' id='par_1_49' title="bbox 2217 2601 3858 2662">
     <span class='ocr_line' id='line_1_49' title="bbox 2217 2601 3858 2662; baseline 0.002 -4"><span class='ocrx_word' id='word_1_340' title='bbox 2217 2617 2314 2658; x_wconf 91' lang='lat' dir='ltr'><strong>me</strong></span> <span class='ocrx_word' id='word_1_341' title='bbox 2338 2616 2411 2657; x_wconf 82' lang='lat' dir='ltr'><strong>ex</strong></span> <span class='ocrx_word' id='word_1_342' title='bbox 2439 2601 2652 2658; x_wconf 85' lang='lat' dir='ltr'><strong>Altero.</strong></span> <span class='ocrx_word' id='word_1_343' title='bbox 2689 2603 2918 2659; x_wconf 92' lang='lat' dir='ltr'><strong>Similes</strong></span> <span class='ocrx_word' id='word_1_344' title='bbox 2963 2603 3137 2659; x_wconf 87' lang='lat' dir='ltr'><strong>etiam</strong></span> <span class='ocrx_word' id='word_1_345' title='bbox 3193 2604 3454 2661; x_wconf 91' lang='lat' dir='ltr'><strong>Birchius</strong></span> <span class='ocrx_word' id='word_1_346' title='bbox 3484 2606 3750 2662; x_wconf 88' lang='lat' dir='ltr'><strong>adhibuit</strong></span> <span class='ocrx_word' id='word_1_347' title='bbox 3797 2609 3858 2661; x_wconf 89' lang='lat' dir='ltr'><strong>in</strong></span> 
     </span>
    </p>
   </div>
   <div class='ocr_carea' id='block_1_50' title="bbox 2215 2689 3864 2758">
    <p class='ocr_par' dir='ltr' id='par_1_50' title="bbox 2215 2689 3864 2758">
     <span class='ocr_line' id='line_1_50' title="bbox 2215 2689 3864 2758; baseline 0.002 -13"><span class='ocrx_word' id='word_1_348' title='bbox 2215 2689 2473 2746; x_wconf 89' lang='lat' dir='ltr'><strong>editione</strong></span> <span class='ocrx_word' id='word_1_349' title='bbox 2513 2692 2858 2758; x_wconf 88' lang='lat' dir='ltr'><strong>Hauniensi,</strong></span> <span class='ocrx_word' id='word_1_350' title='bbox 2906 2692 2989 2748; x_wconf 90' lang='lat' dir='ltr'><strong>uti</strong></span> <span class='ocrx_word' id='word_1_351' title='bbox 3019 2707 3090 2747; x_wconf 85' lang='lat' dir='ltr'><strong>ex</strong></span> <span class='ocrx_word' id='word_1_352' title='bbox 3126 2693 3428 2749; x_wconf 86' lang='lat' dir='ltr'><strong>nonnullis</strong></span> <span class='ocrx_word' id='word_1_353' title='bbox 3471 2695 3548 2750; x_wconf 90' lang='lat' dir='ltr'><strong>ab</strong></span> <span class='ocrx_word' id='word_1_354' title='bbox 3592 2711 3661 2751; x_wconf 91' lang='lat' dir='ltr'><strong>eo</strong></span> <span class='ocrx_word' id='word_1_355' title='bbox 3691 2693 3864 2749; x_wconf 91' lang='lat' dir='ltr'><strong>editis</strong></span> 
     </span>
    </p>
   </div>
   <div class='ocr_carea' id='block_1_51' title="bbox 2215 2778 3863 2856">
    <p class='ocr_par' dir='ltr' id='par_1_51' title="bbox 2215 2778 3863 2856">
     <span class='ocr_line' id='line_1_51' title="bbox 2215 2778 3863 2856; baseline 0.004 -22"><span class='ocrx_word' id='word_1_356' title='bbox 2215 2778 2429 2847; x_wconf 88' lang='lat' dir='ltr'><strong>colligo</strong></span> <span class='ocrx_word' id='word_1_357' title='bbox 2452 2779 2709 2835; x_wconf 88' lang='lat' dir='ltr'><strong>scholiis.</strong></span> <span class='ocrx_word' id='word_1_358' title='bbox 2737 2781 2791 2837; x_wconf 93' lang='lat' dir='ltr'><strong>Si</strong></span> <span class='ocrx_word' id='word_1_359' title='bbox 2815 2795 2956 2850; x_wconf 87' lang='lat' dir='ltr'><strong>ergo</strong></span> <span class='ocrx_word' id='word_1_360' title='bbox 2979 2782 3332 2853; x_wconf 84' lang='lat' dir='ltr'><strong>Euthymius</strong></span> <span class='ocrx_word' id='word_1_361' title='bbox 3349 2799 3484 2838; x_wconf 91' lang='lat' dir='ltr'><strong>cum</strong></span> <span class='ocrx_word' id='word_1_362' title='bbox 3513 2784 3615 2856; x_wconf 89' lang='lat' dir='ltr'><strong>huj</strong></span> <span class='ocrx_word' id='word_1_363' title='bbox 3627 2783 3863 2840; x_wconf 91' lang='lat' dir='ltr'><strong>usmodi</strong></span> 
     </span>
    </p>
   </div>
   <div class='ocr_carea' id='block_1_52' title="bbox 2215 2868 3864 2945">
    <p class='ocr_par' dir='ltr' id='par_1_52' title="bbox 2215 2868 3864 2945">
     <span class='ocr_line' id='line_1_52' title="bbox 2215 2868 3864 2945; baseline 0.004 -23"><span class='ocrx_word' id='word_1_364' title='bbox 2215 2868 2536 2934; x_wconf 81' lang='lat' dir='ltr'><strong>codicibus,</strong></span> <span class='ocrx_word' id='word_1_365' title='bbox 2559 2875 2660 2924; x_wconf 89' lang='lat' dir='ltr'><strong>aut</strong></span> <span class='ocrx_word' id='word_1_366' title='bbox 2685 2886 2823 2924; x_wconf 92' lang='lat' dir='ltr'><strong>cum</strong></span> <span class='ocrx_word' id='word_1_367' title='bbox 2845 2871 3279 2940; x_wconf 83' lang='lat' dir='ltr'><strong>Chrysostomo,</strong></span> <span class='ocrx_word' id='word_1_368' title='bbox 3305 2872 3559 2945; x_wconf 87' lang='lat' dir='ltr'><strong>aliisque</strong></span> <span class='ocrx_word' id='word_1_369' title='bbox 3581 2873 3864 2944; x_wconf 88' lang='lat' dir='ltr'><strong>interpre-</strong></span> 
     </span>
    </p>
   </div>
   <div class='ocr_carea' id='block_1_53' title="bbox 2215 2955 3862 3029">
    <p class='ocr_par' dir='ltr' id='par_1_53' title="bbox 2215 2955 3862 3029">
     <span class='ocr_line' id='line_1_53' title="bbox 2215 2955 3862 3029; baseline 0.004 -18"><span class='ocrx_word' id='word_1_370' title='bbox 2215 2955 2372 3012; x_wconf 90' lang='lat' dir='ltr'><strong>tibus</strong></span> <span class='ocrx_word' id='word_1_371' title='bbox 2401 2959 2708 3029; x_wconf 89' lang='lat' dir='ltr'><strong>consentit,</strong></span> <span class='ocrx_word' id='word_1_372' title='bbox 2744 2958 2872 3029; x_wconf 89' lang='lat' dir='ltr'><strong>ejus</strong></span> <span class='ocrx_word' id='word_1_373' title='bbox 2903 2964 3110 3014; x_wconf 90' lang='lat' dir='ltr'><strong>contra</strong></span> <span class='ocrx_word' id='word_1_374' title='bbox 3135 2961 3409 3016; x_wconf 87' lang='lat' dir='ltr'><strong>meliores</strong></span> <span class='ocrx_word' id='word_1_375' title='bbox 3439 2961 3670 3017; x_wconf 91' lang='lat' dir='ltr'><strong>codices</strong></span> <span class='ocrx_word' id='word_1_376' title='bbox 3700 2961 3862 3017; x_wconf 90' lang='lat' dir='ltr'><strong>nulla</strong></span> 
     </span>
    </p>
   </div>
   <div class='ocr_carea' id='block_1_54' title="bbox 2213 3046 3856 3122">
    <p class='ocr_par' dir='ltr' id='par_1_54' title="bbox 2213 3046 3856 3122">
     <span class='ocr_line' id='line_1_54' title="bbox 2213 3046 3856 3122; baseline 0.003 -21"><span class='ocrx_word' id='word_1_377' title='bbox 2213 3049 2409 3118; x_wconf 88' lang='lat' dir='ltr'><strong>potest</strong></span> <span class='ocrx_word' id='word_1_378' title='bbox 2455 3061 2583 3101; x_wconf 90' lang='lat' dir='ltr'><strong>esse</strong></span> <span class='ocrx_word' id='word_1_379' title='bbox 2613 3048 2950 3103; x_wconf 85' lang='lat' dir='ltr'><strong>auctoritas.</strong></span> <span class='ocrx_word' id='word_1_380' title='bbox 2988 3046 3138 3102; x_wconf 92' lang='lat' dir='ltr'><strong>Illud</strong></span> <span class='ocrx_word' id='word_1_381' title='bbox 3182 3047 3361 3103; x_wconf 88' lang='lat' dir='ltr'><strong>etiam</strong></span> <span class='ocrx_word' id='word_1_382' title='bbox 3415 3050 3474 3104; x_wconf 92' lang='lat' dir='ltr'><strong>in</strong></span> <span class='ocrx_word' id='word_1_383' title='bbox 3519 3050 3856 3122; x_wconf 86' lang='lat' dir='ltr'><strong>Euthymio,</strong></span> 
     </span>
    </p>
   </div>
   <div class='ocr_carea' id='block_1_55' title="bbox 2214 3132 3858 3209">
    <p class='ocr_par' dir='ltr' id='par_1_55' title="bbox 2214 3132 3858 3209">
     <span class='ocr_line' id='line_1_55' title="bbox 2214 3132 3858 3209; baseline 0.003 -20"><span class='ocrx_word' id='word_1_384' title='bbox 2214 3134 2383 3190; x_wconf 90' lang='lat' dir='ltr'><strong>sicuti</strong></span> <span class='ocrx_word' id='word_1_385' title='bbox 2411 3134 2473 3189; x_wconf 91' lang='lat' dir='ltr'><strong>in</strong></span> <span class='ocrx_word' id='word_1_386' title='bbox 2503 3132 2774 3206; x_wconf 86' lang='lat' dir='ltr'><strong>pluribus</strong></span> <span class='ocrx_word' id='word_1_387' title='bbox 2821 3136 3033 3191; x_wconf 68' lang='lat' dir='ltr'><strong>Graecis</strong></span> <span class='ocrx_word' id='word_1_388' title='bbox 3063 3139 3122 3190; x_wconf 89' lang='lat' dir='ltr'><strong>et</strong></span> <span class='ocrx_word' id='word_1_389' title='bbox 3151 3135 3376 3192; x_wconf 89' lang='lat' dir='ltr'><strong>Latinis</strong></span> <span class='ocrx_word' id='word_1_390' title='bbox 3417 3138 3858 3209; x_wconf 85' lang='lat' dir='ltr'><strong>interpretibus,</strong></span> 
     </span>
    </p>
   </div>
   <div class='ocr_carea' id='block_1_56' title="bbox 2213 3222 3860 3298">
    <p class='ocr_par' dir='ltr' id='par_1_56' title="bbox 2213 3222 3860 3298">
     <span class='ocr_line' id='line_1_56' title="bbox 2213 3222 3860 3298; baseline 0.002 -20"><span class='ocrx_word' id='word_1_391' title='bbox 2213 3222 2498 3294; x_wconf 89' lang='lat' dir='ltr'><strong>displicet,</strong></span> <span class='ocrx_word' id='word_1_392' title='bbox 2543 3224 2706 3294; x_wconf 92' lang='lat' dir='ltr'><strong>quod</strong></span> <span class='ocrx_word' id='word_1_393' title='bbox 2751 3226 3076 3298; x_wconf 77' lang='grc' dir='ltr'><strong>ἀντιγράφων</strong></span> <span class='ocrx_word' id='word_1_394' title='bbox 3132 3226 3495 3281; x_wconf 88' lang='lat' dir='ltr'><strong>vocabulum</strong></span> <span class='ocrx_word' id='word_1_395' title='bbox 3558 3226 3860 3283; x_wconf 87' lang='lat' dir='ltr'><strong>indeﬁnite</strong></span> 
     </span>
    </p>
   </div>
   <div class='ocr_carea' id='block_1_57' title="bbox 2213 3312 3856 3382">
    <p class='ocr_par' dir='ltr' id='par_1_57' title="bbox 2213 3312 3856 3382">
     <span class='ocr_line' id='line_1_57' title="bbox 2213 3312 3856 3382; baseline 0.001 -13"><span class='ocrx_word' id='word_1_396' title='bbox 2213 3312 2476 3382; x_wconf 87' lang='lat' dir='ltr'><strong>adhibet,</strong></span> <span class='ocrx_word' id='word_1_397' title='bbox 2507 3327 2629 3368; x_wconf 90' lang='lat' dir='ltr'><strong>non</strong></span> <span class='ocrx_word' id='word_1_398' title='bbox 2659 3312 2734 3368; x_wconf 90' lang='lat' dir='ltr'><strong>de</strong></span> <span class='ocrx_word' id='word_1_399' title='bbox 2779 3313 2916 3367; x_wconf 90' lang='lat' dir='ltr'><strong>solis</strong></span> <span class='ocrx_word' id='word_1_400' title='bbox 2950 3313 3096 3368; x_wconf 89' lang='lat' dir='ltr'><strong>Novi</strong></span> <span class='ocrx_word' id='word_1_401' title='bbox 3130 3316 3484 3370; x_wconf 88' lang='lat' dir='ltr'><strong>Testamenti</strong></span> <span class='ocrx_word' id='word_1_402' title='bbox 3533 3317 3856 3382; x_wconf 91' lang='lat' dir='ltr'><strong>codicibus,</strong></span> 
     </span>
    </p>
   </div>
   <div class='ocr_carea' id='block_1_58' title="bbox 2212 3400 3860 3472">
    <p class='ocr_par' dir='ltr' id='par_1_58' title="bbox 2212 3400 3860 3472">
     <span class='ocr_line' id='line_1_58' title="bbox 2212 3400 3860 3472; baseline 0.003 -17"><span class='ocrx_word' id='word_1_403' title='bbox 2212 3401 2308 3456; x_wconf 80' lang='lat' dir='ltr'><strong>sed</strong></span> <span class='ocrx_word' id='word_1_404' title='bbox 2341 3400 2414 3455; x_wconf 93' lang='lat' dir='ltr'><strong>de</strong></span> <span class='ocrx_word' id='word_1_405' title='bbox 2444 3401 2830 3472; x_wconf 90' lang='lat' dir='ltr'><strong>interpretum</strong></span> <span class='ocrx_word' id='word_1_406' title='bbox 2860 3401 3040 3457; x_wconf 90' lang='lat' dir='ltr'><strong>etiam</strong></span> <span class='ocrx_word' id='word_1_407' title='bbox 3067 3403 3529 3460; x_wconf 88' lang='lat' dir='ltr'><strong>Commentariis.</strong></span> <span class='ocrx_word' id='word_1_408' title='bbox 3565 3404 3679 3460; x_wconf 90' lang='lat' dir='ltr'><strong>Sed</strong></span> <span class='ocrx_word' id='word_1_409' title='bbox 3715 3404 3860 3460; x_wconf 92' lang='lat' dir='ltr'><strong>illud</strong></span> 
     </span>
    </p>
   </div>
   <div class='ocr_carea' id='block_1_59' title="bbox 2209 3491 3859 3562">
    <p class='ocr_par' dir='ltr' id='par_1_59' title="bbox 2209 3491 3859 3562">
     <span class='ocr_line' id='line_1_59' title="bbox 2209 3491 3859 3562; baseline 0.002 -17"><span class='ocrx_word' id='word_1_410' title='bbox 2209 3491 2415 3545; x_wconf 91' lang='lat' dir='ltr'><strong>vitium</strong></span> <span class='ocrx_word' id='word_1_411' title='bbox 2453 3505 2773 3546; x_wconf 88' lang='lat' dir='ltr'><strong>commune</strong></span> <span class='ocrx_word' id='word_1_412' title='bbox 2811 3491 3120 3562; x_wconf 89' lang='lat' dir='ltr'><strong>quondam</strong></span> <span class='ocrx_word' id='word_1_413' title='bbox 3160 3491 3286 3546; x_wconf 89' lang='lat' dir='ltr'><strong>fuit.</strong></span> <span class='ocrx_word' id='word_1_414' title='bbox 3322 3496 3404 3547; x_wconf 90' lang='lat' dir='ltr'><strong>lta</strong></span> <span class='ocrx_word' id='word_1_415' title='bbox 3433 3493 3859 3548; x_wconf 89' lang='lat' dir='ltr'><strong>recentioribus</strong></span> 
     </span>
    </p>
   </div>
   <div class='ocr_carea' id='block_1_60' title="bbox 2208 3578 3859 3653">
    <p class='ocr_par' dir='ltr' id='par_1_60' title="bbox 2208 3578 3859 3653">
     <span class='ocr_line' id='line_1_60' title="bbox 2208 3578 3859 3653; baseline 0.002 -20"><span class='ocrx_word' id='word_1_416' title='bbox 2208 3578 2387 3634; x_wconf 89' lang='lat' dir='ltr'><strong>etiam</strong></span> <span class='ocrx_word' id='word_1_417' title='bbox 2411 3578 2787 3650; x_wconf 88' lang='lat' dir='ltr'><strong>temporibus,</strong></span> <span class='ocrx_word' id='word_1_418' title='bbox 2815 3580 3052 3635; x_wconf 90' lang='lat' dir='ltr'><strong>inventa</strong></span> <span class='ocrx_word' id='word_1_419' title='bbox 3068 3583 3191 3635; x_wconf 88' lang='lat' dir='ltr'><strong>arte</strong></span> <span class='ocrx_word' id='word_1_420' title='bbox 3210 3581 3663 3653; x_wconf 86' lang='lat' dir='ltr'><strong>typographica,</strong></span> <span class='ocrx_word' id='word_1_421' title='bbox 3689 3581 3859 3636; x_wconf 88' lang='lat' dir='ltr'><strong>multi</strong></span> 
     </span>
    </p>
   </div>
   <div class='ocr_carea' id='block_1_61' title="bbox 2208 3667 3856 3726">
    <p class='ocr_par' dir='ltr' id='par_1_61' title="bbox 2208 3667 3856 3726">
     <span class='ocr_line' id='line_1_61' title="bbox 2208 3667 3856 3726; baseline 0.002 -3"><span class='ocrx_word' id='word_1_422' title='bbox 2208 3683 2279 3723; x_wconf 82' lang='lat' dir='ltr'><strong>ex</strong></span> <span class='ocrx_word' id='word_1_423' title='bbox 2305 3667 2518 3724; x_wconf 91' lang='lat' dir='ltr'><strong>criticis</strong></span> <span class='ocrx_word' id='word_1_424' title='bbox 2537 3672 2595 3724; x_wconf 92' lang='lat' dir='ltr'><strong>et</strong></span> <span class='ocrx_word' id='word_1_425' title='bbox 2613 3667 2934 3724; x_wconf 91' lang='lat' dir='ltr'><strong>editoribus</strong></span> <span class='ocrx_word' id='word_1_426' title='bbox 2956 3669 3148 3724; x_wconf 90' lang='lat' dir='ltr'><strong>editos</strong></span> <span class='ocrx_word' id='word_1_427' title='bbox 3171 3669 3346 3725; x_wconf 91' lang='lat' dir='ltr'><strong>etiam</strong></span> <span class='ocrx_word' id='word_1_428' title='bbox 3367 3669 3551 3725; x_wconf 91' lang='lat' dir='ltr'><strong>libros</strong></span> <span class='ocrx_word' id='word_1_429' title='bbox 3577 3670 3856 3726; x_wconf 89' lang='lat' dir='ltr'><strong>codicum</strong></span> 
     </span>
    </p>
   </div>
   <div class='ocr_carea' id='block_1_62' title="bbox 449 3752 3855 3856">
    <p class='ocr_par' dir='ltr' id='par_1_62' title="bbox 449 3752 3855 3856">
     <span class='ocr_line' id='line_1_62' title="bbox 449 3752 3855 3856; baseline -0.002 -33"><span class='ocrx_word' id='word_1_430' title='bbox 449 3773 699 3844; x_wconf 87' lang='lat' dir='ltr'><strong>ejusque</strong></span> <span class='ocrx_word' id='word_1_431' title='bbox 716 3765 938 3824; x_wconf 89' lang='lat' dir='ltr'><strong>nimius</strong></span> <span class='ocrx_word' id='word_1_432' title='bbox 960 3753 1662 3819; x_wconf 55' lang='lat' dir='ltr'><strong>admiratoraoimitator,</strong></span> <span class='ocrx_word' id='word_1_433' title='bbox 1677 3752 2095 3823; x_wconf 71' lang='lat' dir='ltr'><strong>Hieronymus,</strong></span> <span class='ocrx_word' id='word_1_434' title='bbox 2129 3797 2176 3856; x_wconf 77' lang='lat' dir='ltr'>C</span> <span class='ocrx_word' id='word_1_435' title='bbox 2207 3760 2264 3814; x_wconf 90' lang='lat' dir='ltr'><strong>et</strong></span> <span class='ocrx_word' id='word_1_436' title='bbox 2286 3756 2716 3828; x_wconf 84' lang='lat' dir='ltr'><strong>exemplarium</strong></span> <span class='ocrx_word' id='word_1_437' title='bbox 2742 3757 2980 3812; x_wconf 90' lang='lat' dir='ltr'><strong>nomine</strong></span> <span class='ocrx_word' id='word_1_438' title='bbox 2997 3758 3393 3829; x_wconf 88' lang='lat' dir='ltr'><strong>appellarunt.</strong></span> <span class='ocrx_word' id='word_1_439' title='bbox 3423 3760 3492 3814; x_wconf 91' lang='lat' dir='ltr'><strong>Ut</strong></span> <span class='ocrx_word' id='word_1_440' title='bbox 3509 3764 3710 3814; x_wconf 92' lang='lat' dir='ltr'><strong>autem</strong></span> <span class='ocrx_word' id='word_1_441' title='bbox 3742 3760 3855 3816; x_wconf 87' lang='lat' dir='ltr'><strong>hos</strong></span> 
     </span>
    </p>
   </div>
   <div class='ocr_carea' id='block_1_63' title="bbox 447 3841 2092 3919">
    <p class='ocr_par' dir='ltr' id='par_1_63' title="bbox 447 3841 2092 3919">
     <span class='ocr_line' id='line_1_63' title="bbox 447 3841 2092 3919; baseline -0.015 0"><span class='ocrx_word' id='word_1_442' title='bbox 447 3841 510 3918; x_wconf 84' lang='lat' dir='ltr'><strong>in</strong></span> <span class='ocrx_word' id='word_1_443' title='bbox 537 3841 737 3916; x_wconf 81' lang='lat' dir='ltr'><strong>multis</strong></span> <span class='ocrx_word' id='word_1_444' title='bbox 765 3855 989 3919; x_wconf 87' lang='lat' dir='ltr'><strong>leviter,</strong></span> <span class='ocrx_word' id='word_1_445' title='bbox 1014 3850 1075 3907; x_wconf 91' lang='lat' dir='ltr'><strong>in</strong></span> <span class='ocrx_word' id='word_1_446' title='bbox 1107 3847 1236 3906; x_wconf 90' lang='lat' dir='ltr'><strong>aliis</strong></span> <span class='ocrx_word' id='word_1_447' title='bbox 1265 3843 1583 3918; x_wconf 85' lang='lat' dir='ltr'><strong>perﬁdiose</strong></span> <span class='ocrx_word' id='word_1_448' title='bbox 1612 3841 1793 3897; x_wconf 91' lang='lat' dir='ltr'><strong>etiam</strong></span> <span class='ocrx_word' id='word_1_449' title='bbox 1825 3842 2092 3910; x_wconf 87' lang='lat' dir='ltr'><strong>egerunt.</strong></span> 
     </span>
    </p>
   </div>
   <div class='ocr_carea' id='block_1_64' title="bbox 448 3929 2094 4021">
    <p class='ocr_par' dir='ltr' id='par_1_64' title="bbox 448 3929 2094 4021">
     <span class='ocr_line' id='line_1_64' title="bbox 448 3929 2094 4021; baseline -0.015 -13"><span class='ocrx_word' id='word_1_450' title='bbox 448 3951 906 4021; x_wconf 79' lang='lat' dir='ltr'><strong>Chrysostomus</strong></span> <span class='ocrx_word' id='word_1_451' title='bbox 921 3943 1143 3998; x_wconf 88' lang='lat' dir='ltr'><strong>autem,</strong></span> <span class='ocrx_word' id='word_1_452' title='bbox 1163 3933 1526 3990; x_wconf 88' lang='lat' dir='ltr'><strong>abundantis</strong></span> <span class='ocrx_word' id='word_1_453' title='bbox 1536 3930 1832 4021; x_wconf 69' lang='lat' dir='ltr'><strong>facundia:</strong></span> <span class='ocrx_word' id='word_1_454' title='bbox 1846 3929 2094 4021; x_wconf 88' lang='lat' dir='ltr'><strong>ﬂumine</strong></span> 
     </span>
    </p>
   </div>
   <div class='ocr_carea' id='block_1_65' title="bbox 445 4016 2095 4108">
    <p class='ocr_par' dir='ltr' id='par_1_65' title="bbox 445 4016 2095 4108">
     <span class='ocr_line' id='line_1_65' title="bbox 445 4016 2095 4108; baseline -0.016 -13"><span class='ocrx_word' id='word_1_455' title='bbox 445 4016 755 4108; x_wconf 75' lang='lat' dir='ltr'><strong>abreptus,</strong></span> <span class='ocrx_word' id='word_1_456' title='bbox 792 4027 1013 4084; x_wconf 91' lang='lat' dir='ltr'><strong>multos</strong></span> <span class='ocrx_word' id='word_1_457' title='bbox 1040 4023 1400 4092; x_wconf 90' lang='lat' dir='ltr'><strong>scriptorum</strong></span> <span class='ocrx_word' id='word_1_458' title='bbox 1435 4031 1744 4072; x_wconf 89' lang='lat' dir='ltr'><strong>sacrorum</strong></span> <span class='ocrx_word' id='word_1_459' title='bbox 1775 4016 1940 4070; x_wconf 91' lang='lat' dir='ltr'><strong>locos</strong></span> <span class='ocrx_word' id='word_1_460' title='bbox 1962 4019 2095 4108; x_wconf 66' lang='lat' dir='ltr'><strong>tur-</strong></span> 
     </span>
    </p>
   </div>
   <div class='ocr_carea' id='block_1_66' title="bbox 441 4101 2093 4192">
    <p class='ocr_par' dir='ltr' id='par_1_66' title="bbox 441 4101 2093 4192">
     <span class='ocr_line' id='line_1_66' title="bbox 441 4101 2093 4192; baseline -0.016 -8"><span class='ocrx_word' id='word_1_461' title='bbox 441 4101 624 4190; x_wconf 68' lang='lat' dir='ltr'><strong>bavit,</strong></span> <span class='ocrx_word' id='word_1_462' title='bbox 664 4118 899 4192; x_wconf 90' lang='lat' dir='ltr'><strong>disjecit</strong></span> <span class='ocrx_word' id='word_1_463' title='bbox 943 4117 1001 4171; x_wconf 91' lang='lat' dir='ltr'><strong>et</strong></span> <span class='ocrx_word' id='word_1_464' title='bbox 1046 4106 1362 4183; x_wconf 90' lang='lat' dir='ltr'><strong>oppressit.</strong></span> <span class='ocrx_word' id='word_1_465' title='bbox 1406 4109 1487 4160; x_wconf 83' lang='lat' dir='ltr'><strong>Ac</strong></span> <span class='ocrx_word' id='word_1_466' title='bbox 1530 4102 1825 4192; x_wconf 62' lang='lat' dir='ltr'><strong>profecto,</strong></span> <span class='ocrx_word' id='word_1_467' title='bbox 1863 4103 1911 4156; x_wconf 92' lang='lat' dir='ltr'><strong>si</strong></span> <span class='ocrx_word' id='word_1_468' title='bbox 1961 4101 2093 4158; x_wconf 91' lang='lat' dir='ltr'><strong>libri</strong></span> 
     </span>
    </p>
   </div>
   <div class='ocr_carea' id='block_1_67' title="bbox 443 4189 2091 4283">
    <p class='ocr_par' dir='ltr' id='par_1_67' title="bbox 443 4189 2091 4283">
     <span class='ocr_line' id='line_1_67' title="bbox 443 4189 2091 4283; baseline -0.019 -10"><span class='ocrx_word' id='word_1_469' title='bbox 443 4189 943 4283; x_wconf 81' lang='lat' dir='ltr'><strong>evangelistarum</strong></span> <span class='ocrx_word' id='word_1_470' title='bbox 968 4207 1024 4260; x_wconf 88' lang='lat' dir='ltr'><strong>et</strong></span> <span class='ocrx_word' id='word_1_471' title='bbox 1053 4195 1469 4272; x_wconf 90' lang='lat' dir='ltr'><strong>apostolorum</strong></span> <span class='ocrx_word' id='word_1_472' title='bbox 1493 4207 1600 4264; x_wconf 91' lang='lat' dir='ltr'><strong>per</strong></span> <span class='ocrx_word' id='word_1_473' title='bbox 1630 4189 1790 4283; x_wconf 74' lang='lat' dir='ltr'><strong>solos</strong></span> <span class='ocrx_word' id='word_1_474' title='bbox 1811 4189 2091 4260; x_wconf 87' lang='lat' dir='ltr'><strong>interpre-</strong></span> 
     </span>
    </p>
   </div>
   <div class='ocr_carea' id='block_1_68' title="bbox 439 4278 2085 4378">
    <p class='ocr_par' dir='ltr' id='par_1_68' title="bbox 439 4278 2085 4378">
     <span class='ocr_line' id='line_1_68' title="bbox 439 4278 2085 4378; baseline -0.022 -16"><span class='ocrx_word' id='word_1_475' title='bbox 439 4309 552 4371; x_wconf 90' lang='lat' dir='ltr'><strong>tes,</strong></span> <span class='ocrx_word' id='word_1_476' title='bbox 582 4278 975 4370; x_wconf 80' lang='lat' dir='ltr'><strong>dogmaticos,</strong></span> <span class='ocrx_word' id='word_1_477' title='bbox 1012 4287 1321 4347; x_wconf 88' lang='lat' dir='ltr'><strong>homiletas</strong></span> <span class='ocrx_word' id='word_1_478' title='bbox 1348 4286 1405 4339; x_wconf 91' lang='lat' dir='ltr'><strong>et</strong></span> <span class='ocrx_word' id='word_1_479' title='bbox 1435 4283 1668 4338; x_wconf 91' lang='lat' dir='ltr'><strong>ascetas</strong></span> <span class='ocrx_word' id='word_1_480' title='bbox 1701 4278 1778 4334; x_wconf 90' lang='lat' dir='ltr'><strong>ad</strong></span> <span class='ocrx_word' id='word_1_481' title='bbox 1811 4293 1926 4378; x_wconf 74' lang='lat' dir='ltr'><strong>nos</strong></span> <span class='ocrx_word' id='word_1_482' title='bbox 1951 4291 2085 4378; x_wconf 74' lang='lat' dir='ltr'><strong>per.</strong></span> 
     </span>
    </p>
   </div>
   <div class='ocr_carea' id='block_1_69' title="bbox 437 4365 2088 4457">
    <p class='ocr_par' dir='ltr' id='par_1_69' title="bbox 437 4365 2088 4457">
     <span class='ocr_line' id='line_1_69' title="bbox 437 4365 2088 4457; baseline -0.02 -6"><span class='ocrx_word' id='word_1_483' title='bbox 437 4365 765 4457; x_wconf 68' lang='lat' dir='ltr'><strong>venissent,</strong></span> <span class='ocrx_word' id='word_1_484' title='bbox 796 4383 1030 4443; x_wconf 91' lang='lat' dir='ltr'><strong>dudum</strong></span> <span class='ocrx_word' id='word_1_485' title='bbox 1056 4379 1120 4435; x_wconf 93' lang='lat' dir='ltr'><strong>in</strong></span> <span class='ocrx_word' id='word_1_486' title='bbox 1153 4374 1337 4433; x_wconf 93' lang='lat' dir='ltr'><strong>dubio</strong></span> <span class='ocrx_word' id='word_1_487' title='bbox 1361 4382 1757 4457; x_wconf 83' lang='lat' dir='ltr'><strong>versaremur,</strong></span> <span class='ocrx_word' id='word_1_488' title='bbox 1786 4365 1932 4439; x_wconf 91' lang='lat' dir='ltr'><strong>quid</strong></span> <span class='ocrx_word' id='word_1_489' title='bbox 1959 4370 2088 4457; x_wconf 78' lang='lat' dir='ltr'><strong>tan-</strong></span> 
     </span>
    </p>
   </div>
   <div class='ocr_carea' id='block_1_70' title="bbox 437 4453 2084 4546">
    <p class='ocr_par' dir='ltr' id='par_1_70' title="bbox 437 4453 2084 4546">
     <span class='ocr_line' id='line_1_70' title="bbox 437 4453 2084 4546; baseline -0.019 -6"><span class='ocrx_word' id='word_1_490' title='bbox 437 4482 576 4539; x_wconf 92' lang='lat' dir='ltr'><strong>dem</strong></span> <span class='ocrx_word' id='word_1_491' title='bbox 616 4477 701 4534; x_wconf 93' lang='lat' dir='ltr'><strong>illi</strong></span> <span class='ocrx_word' id='word_1_492' title='bbox 749 4453 1113 4546; x_wconf 81' lang='lat' dir='ltr'><strong>scripserint.</strong></span> <span class='ocrx_word' id='word_1_493' title='bbox 1166 4467 1332 4520; x_wconf 91' lang='lat' dir='ltr'><strong>Nunc</strong></span> <span class='ocrx_word' id='word_1_494' title='bbox 1380 4463 1578 4517; x_wconf 89' lang='lat' dir='ltr'><strong>autem</strong></span> <span class='ocrx_word' id='word_1_495' title='bbox 1625 4455 1829 4528; x_wconf 92' lang='lat' dir='ltr'><strong>plures</strong></span> <span class='ocrx_word' id='word_1_496' title='bbox 1878 4453 2084 4510; x_wconf 65' lang='lat' dir='ltr'><strong>scribae</strong></span> 
     </span>
    </p>
   </div>
   <div class='ocr_carea' id='block_1_71' title="bbox 436 4547 2082 4628">
    <p class='ocr_par' dir='ltr' id='par_1_71' title="bbox 436 4547 2082 4628">
     <span class='ocr_line' id='line_1_71' title="bbox 436 4547 2082 4628; baseline -0.019 1"><span class='ocrx_word' id='word_1_497' title='bbox 436 4571 710 4628; x_wconf 90' lang='lat' dir='ltr'><strong>codicum</strong></span> <span class='ocrx_word' id='word_1_498' title='bbox 755 4562 935 4628; x_wconf 91' lang='lat' dir='ltr'><strong>docti,</strong></span> <span class='ocrx_word' id='word_1_499' title='bbox 963 4555 1167 4616; x_wconf 89' lang='lat' dir='ltr'><strong>attenti</strong></span> <span class='ocrx_word' id='word_1_500' title='bbox 1196 4557 1253 4609; x_wconf 90' lang='lat' dir='ltr'><strong>et</strong></span> <span class='ocrx_word' id='word_1_501' title='bbox 1291 4548 1514 4615; x_wconf 83' lang='lat' dir='ltr'><strong>fideles,</strong></span> <span class='ocrx_word' id='word_1_502' title='bbox 1547 4560 1760 4620; x_wconf 90' lang='lat' dir='ltr'><strong>parum</strong></span> <span class='ocrx_word' id='word_1_503' title='bbox 1802 4547 2082 4600; x_wconf 91' lang='lat' dir='ltr'><strong>curantes</strong></span> 
     </span>
    </p>
   </div>
   <div class='ocr_carea' id='block_1_72' title="bbox 431 4631 2082 4734">
    <p class='ocr_par' dir='ltr' id='par_1_72' title="bbox 431 4631 2082 4734">
     <span class='ocr_line' id='line_1_72' title="bbox 431 4631 2082 4734; baseline -0.02 -16"><span class='ocrx_word' id='word_1_504' title='bbox 431 4660 516 4734; x_wconf 86' lang='lat' dir='ltr'><strong>(a)</strong></span> <span class='ocrx_word' id='word_1_505' title='bbox 540 4653 1019 4727; x_wconf 89' lang='lat' dir='ltr'><strong>dogmaticorum</strong></span> <span class='ocrx_word' id='word_1_506' title='bbox 1049 4648 1105 4702; x_wconf 89' lang='lat' dir='ltr'><strong>et</strong></span> <span class='ocrx_word' id='word_1_507' title='bbox 1127 4642 1514 4734; x_wconf 85' lang='lat' dir='ltr'><strong>interpretum</strong></span> <span class='ocrx_word' id='word_1_508' title='bbox 1543 4635 1638 4734; x_wconf 84' lang='lat' dir='ltr'><strong>vel</strong></span> <span class='ocrx_word' id='word_1_509' title='bbox 1666 4631 2082 4734; x_wconf 62' lang='lat' dir='ltr'><strong>perlevitatem</strong></span> 
     </span>
    </p>
   </div>
   <div class='ocr_carea' id='block_1_73' title="bbox 431 4723 2078 4820">
    <p class='ocr_par' dir='ltr' id='par_1_73' title="bbox 431 4723 2078 4820">
     <span class='ocr_line' id='line_1_73' title="bbox 431 4723 2078 4820; baseline -0.021 -13"><span class='ocrx_word' id='word_1_510' title='bbox 431 4723 954 4817; x_wconf 44' lang='lat' dir='ltr'><strong>et&#39;negligentiam,</strong></span> <span class='ocrx_word' id='word_1_511' title='bbox 984 4735 1080 4793; x_wconf 92' lang='lat' dir='ltr'><strong>vel</strong></span> <span class='ocrx_word' id='word_1_512' title='bbox 1098 4749 1204 4809; x_wconf 90' lang='lat' dir='ltr'><strong>per</strong></span> <span class='ocrx_word' id='word_1_513' title='bbox 1219 4731 1487 4820; x_wconf 84' lang='lat' dir='ltr'><strong>fraudem</strong></span> <span class='ocrx_word' id='word_1_514' title='bbox 1514 4730 1573 4782; x_wconf 84' lang='lat' dir='ltr'><strong>et:</strong></span> <span class='ocrx_word' id='word_1_515' title='bbox 1596 4723 1910 4820; x_wconf 66' lang='lat' dir='ltr'><strong>malitiam,</strong></span> <span class='ocrx_word' id='word_1_516' title='bbox 1942 4737 2078 4820; x_wconf 72' lang='lat' dir='ltr'><strong>con-</strong></span> 
     </span>
    </p>
   </div>
   <div class='ocr_carea' id='block_1_74' title="bbox 427 4809 2081 4896">
    <p class='ocr_par' dir='ltr' id='par_1_74' title="bbox 427 4809 2081 4896">
     <span class='ocr_line' id='line_1_74' title="bbox 427 4809 2081 4896; baseline -0.019 0"><span class='ocrx_word' id='word_1_517' title='bbox 427 4842 520 4896; x_wconf 89' lang='lat' dir='ltr'><strong>tra</strong></span> <span class='ocrx_word' id='word_1_518' title='bbox 566 4809 838 4892; x_wconf 71' lang='lat' dir='ltr'><strong>codicum</strong></span> <span class='ocrx_word' id='word_1_519' title='bbox 866 4828 1052 4885; x_wconf 87' lang='lat' dir='ltr'><strong>ﬁdem</strong></span> <span class='ocrx_word' id='word_1_520' title='bbox 1099 4827 1158 4880; x_wconf 90' lang='lat' dir='ltr'><strong>et</strong></span> <span class='ocrx_word' id='word_1_521' title='bbox 1185 4818 1594 4878; x_wconf 89' lang='lat' dir='ltr'><strong>auctoritatem</strong></span> <span class='ocrx_word' id='word_1_522' title='bbox 1638 4811 1831 4868; x_wconf 86' lang='lat' dir='ltr'><strong>illatas</strong></span> <span class='ocrx_word' id='word_1_523' title='bbox 1881 4809 2081 4866; x_wconf 89' lang='lat' dir='ltr'><strong>lectio-</strong></span> 
     </span>
    </p>
   </div>
   <div class='ocr_carea' id='block_1_75' title="bbox 428 4899 2078 4986">
    <p class='ocr_par' dir='ltr' id='par_1_75' title="bbox 428 4899 2078 4986">
     <span class='ocr_line' id='line_1_75' title="bbox 428 4899 2078 4986; baseline -0.018 -3"><span class='ocrx_word' id='word_1_524' title='bbox 428 4941 538 4983; x_wconf 88' lang='lat' dir='ltr'><strong>nes</strong></span> <span class='ocrx_word' id='word_1_525' title='bbox 588 4930 644 4980; x_wconf 89' lang='lat' dir='ltr'><strong>et</strong></span> <span class='ocrx_word' id='word_1_526' title='bbox 691 4919 1036 4986; x_wconf 88' lang='lat' dir='ltr'><strong>sententias,</strong></span> <span class='ocrx_word' id='word_1_527' title='bbox 1078 4914 1160 4980; x_wconf 89' lang='lat' dir='ltr'><strong>id,</strong></span> <span class='ocrx_word' id='word_1_528' title='bbox 1212 4907 1377 4984; x_wconf 89' lang='lat' dir='ltr'><strong>quod</strong></span> <span class='ocrx_word' id='word_1_529' title='bbox 1421 4907 1483 4962; x_wconf 94' lang='lat' dir='ltr'><strong>in</strong></span> <span class='ocrx_word' id='word_1_530' title='bbox 1530 4902 1652 4959; x_wconf 89' lang='lat' dir='ltr'><strong>suis</strong></span> <span class='ocrx_word' id='word_1_531' title='bbox 1697 4899 1842 4957; x_wconf 89' lang='lat' dir='ltr'><strong>Novi</strong></span> <span class='ocrx_word' id='word_1_532' title='bbox 1888 4900 2078 4955; x_wconf 89' lang='lat' dir='ltr'><strong>Testa-</strong></span> 
     </span>
    </p>
   </div>
   <div class='ocr_carea' id='block_1_76' title="bbox 428 4987 2075 5086">
    <p class='ocr_par' dir='ltr' id='par_1_76' title="bbox 428 4987 2075 5086">
     <span class='ocr_line' id='line_1_76' title="bbox 428 4987 2075 5086; baseline -0.02 -14"><span class='ocrx_word' id='word_1_533' title='bbox 428 5013 614 5072; x_wconf 89' lang='lat' dir='ltr'><strong>menti</strong></span> <span class='ocrx_word' id='word_1_534' title='bbox 643 5009 952 5066; x_wconf 88' lang='lat' dir='ltr'><strong>codicibus</strong></span> <span class='ocrx_word' id='word_1_535' title='bbox 981 5001 1377 5075; x_wconf 89' lang='lat' dir='ltr'><strong>reperiebant,</strong></span> <span class='ocrx_word' id='word_1_536' title='bbox 1406 4996 1466 5051; x_wconf 90' lang='lat' dir='ltr'><strong>in</strong></span> <span class='ocrx_word' id='word_1_537' title='bbox 1497 5007 1695 5055; x_wconf 90' lang='lat' dir='ltr'><strong>suum,</strong></span> <span class='ocrx_word' id='word_1_538' title='bbox 1730 4989 1789 5044; x_wconf 92' lang='lat' dir='ltr'><strong>in</strong></span> <span class='ocrx_word' id='word_1_539' title='bbox 1821 4987 2075 5086; x_wconf 77' lang='lat' dir='ltr'><strong>aliorum</strong></span> 
     </span>
    </p>
   </div>
   <div class='ocr_carea' id='block_1_77' title="bbox 423 5074 2077 5168">
    <p class='ocr_par' dir='ltr' id='par_1_77' title="bbox 423 5074 2077 5168">
     <span class='ocr_line' id='line_1_77' title="bbox 423 5074 2077 5168; baseline -0.017 -8"><span class='ocrx_word' id='word_1_540' title='bbox 423 5101 762 5168; x_wconf 91' lang='lat' dir='ltr'><strong>hominum,</strong></span> <span class='ocrx_word' id='word_1_541' title='bbox 793 5097 856 5154; x_wconf 92' lang='lat' dir='ltr'><strong>in</strong></span> <span class='ocrx_word' id='word_1_542' title='bbox 885 5074 1160 5150; x_wconf 80' lang='lat' dir='ltr'><strong>Ecclesiae</strong></span> <span class='ocrx_word' id='word_1_543' title='bbox 1185 5103 1363 5143; x_wconf 90' lang='lat' dir='ltr'><strong>usum</strong></span> <span class='ocrx_word' id='word_1_544' title='bbox 1394 5081 1700 5156; x_wconf 91' lang='lat' dir='ltr'><strong>publicum</strong></span> <span class='ocrx_word' id='word_1_545' title='bbox 1729 5074 2077 5135; x_wconf 89' lang='lat' dir='ltr'><strong>transcribe-</strong></span> 
     </span>
    </p>
   </div>
   <div class='ocr_carea' id='block_1_78' title="bbox 493 5271 2072 5368">
    <p class='ocr_par' dir='ltr' id='par_1_78' title="bbox 493 5271 2072 5368">
     <span class='ocr_line' id='line_1_78' title="bbox 493 5271 2072 5368; baseline -0.019 -14"><span class='ocrx_word' id='word_1_546' title='bbox 493 5299 576 5368; x_wconf 91' lang='lat' dir='ltr'><strong>(a)</strong></span> <span class='ocrx_word' id='word_1_547' title='bbox 606 5291 924 5356; x_wconf 83' lang='lat' dir='ltr'><strong>Recordor,</strong></span> <span class='ocrx_word' id='word_1_548' title='bbox 963 5284 1187 5368; x_wconf 80' lang='lat' dir='ltr'><strong>alicubi</strong></span> <span class='ocrx_word' id='word_1_549' title='bbox 1230 5281 1291 5336; x_wconf 89' lang='lat' dir='ltr'><strong>in</strong></span> <span class='ocrx_word' id='word_1_550' title='bbox 1331 5276 1560 5368; x_wconf 80' lang='lat' dir='ltr'><strong>scriptis</strong></span> <span class='ocrx_word' id='word_1_551' title='bbox 1586 5271 2072 5368; x_wconf 36' lang='grc' dir='ltr'><strong>ΔζὶίζΙξίὲςξὶᾑζ</strong></span> 
     </span>
    </p>
   </div>
   <div class='ocr_carea' id='block_1_79' title="bbox 466 5299 2071 5427">
    <p class='ocr_par' dir='ltr' id='par_1_79' title="bbox 466 5299 2071 5427">
     <span class='ocr_line' id='line_1_79' title="bbox 493 5299 2071 5368; baseline -0.019 -14"><span class='ocrx_word' id='word_1_552' title='bbox 493 5302 555 5368; x_wconf 91' lang='lat' dir='ltr'><strong>(a</strong></span> <span class='ocrx_word' id='word_1_553' title='bbox 606 5299 924 5356; x_wconf 83' lang='lat' dir='ltr'><strong>Recordor,</strong></span> <span class='ocrx_word' id='word_1_554' title='bbox 963 5299 1187 5342; x_wconf 81' lang='lat' dir='ltr'><strong>alicunl</strong></span> <span class='ocrx_word' id='word_1_555' title='bbox 1230 5299 1291 5336; x_wconf 88' lang='lat' dir='ltr'><strong>1n</strong></span> <span class='ocrx_word' id='word_1_556' title='bbox 1331 5299 1560 5348; x_wconf 79' lang='lat' dir='ltr'><strong>scrlpus</strong></span> <span class='ocrx_word' id='word_1_557' title='bbox 1586 5299 1941 5353; x_wconf 39' lang='grc' dir='ltr'><strong>ληίσιιαειιδη</strong></span> <span class='ocrx_word' id='word_1_558' title='bbox 1972 5299 2071 5327; x_wconf 83' lang='lat' dir='ltr'><strong>Vll‘l</strong></span> 
     </span>
     <span class='ocr_line' id='line_1_80' title="bbox 466 5299 2071 5427; baseline -0.018 -1"><span class='ocrx_word' id='word_1_559' title='bbox 466 5299 799 5427; x_wconf 52' lang='lat' dir='ltr'><strong>erillustris,</strong></span> <span class='ocrx_word' id='word_1_560' title='bbox 842 5362 1121 5418; x_wconf 90' lang='lat' dir='ltr'><strong>eamdem</strong></span> <span class='ocrx_word' id='word_1_561' title='bbox 1151 5365 1494 5427; x_wconf 86' lang='lat' dir='ltr'><strong>expressam</strong></span> <span class='ocrx_word' id='word_1_562' title='bbox 1525 5363 1653 5402; x_wconf 92' lang='lat' dir='ltr'><strong>esse</strong></span> <span class='ocrx_word' id='word_1_563' title='bbox 1689 5350 2071 5427; x_wconf 55' lang='lat' dir='ltr'><strong>sententiam;</strong></span> 
     </span>
    </p>
   </div>
   <div class='ocr_carea' id='block_1_80' title="bbox 421 5386 2073 5498">
    <p class='ocr_par' dir='ltr' id='par_1_80' title="bbox 421 5386 2073 5498">
     <span class='ocr_line' id='line_1_81' title="bbox 466 5386 2071 5427; baseline -0.019 -2"><span class='ocrx_word' id='word_1_564' title='bbox 466 5386 799 5427; x_wconf 70' lang='lat' dir='ltr'><strong>erlllllSll&#39;lS,</strong></span> <span class='ocrx_word' id='word_1_565' title='bbox 842 5386 1121 5418; x_wconf 75' lang='lat' dir='ltr'><strong>eamucm</strong></span> <span class='ocrx_word' id='word_1_566' title='bbox 1151 5386 1494 5425; x_wconf 68' lang='lat' dir='ltr'><strong>CAlucaoum</strong></span> <span class='ocrx_word' id='word_1_567' title='bbox 1525 5386 1653 5402; x_wconf 69' lang='grc' dir='ltr'><strong>υοιιν</strong></span> <span class='ocrx_word' id='word_1_568' title='bbox 1689 5386 2071 5425; x_wconf 63' lang='lat' dir='ltr'><strong>uuu_.u........u.</strong></span> 
     </span>
     <span class='ocr_line' id='line_1_82' title="bbox 421 5386 2073 5498; baseline -0.019 1"><span class='ocrx_word' id='word_1_569' title='bbox 421 5386 541 5498; x_wconf 60' lang='lat' dir='ltr'><strong>ged</strong></span> <span class='ocrx_word' id='word_1_570' title='bbox 567 5440 771 5495; x_wconf 92' lang='lat' dir='ltr'><strong>locum</strong></span> <span class='ocrx_word' id='word_1_571' title='bbox 792 5434 960 5492; x_wconf 90' lang='lat' dir='ltr'><strong>illum</strong></span> <span class='ocrx_word' id='word_1_572' title='bbox 991 5443 1151 5488; x_wconf 89' lang='lat' dir='ltr'><strong>nunc</strong></span> <span class='ocrx_word' id='word_1_573' title='bbox 1172 5441 1294 5483; x_wconf 91' lang='lat' dir='ltr'><strong>non</strong></span> <span class='ocrx_word' id='word_1_574' title='bbox 1321 5426 1592 5498; x_wconf 80' lang='lat' dir='ltr'><strong>poteram</strong></span> <span class='ocrx_word' id='word_1_575' title='bbox 1621 5431 1897 5498; x_wconf 69' lang='lat' dir='ltr'><strong>reperire.</strong></span> 
     </span>
    </p>
   </div>
   <div class='ocr_carea' id='block_1_81' title="bbox 420 5485 2091 5570">
    <p class='ocr_par' dir='ltr' id='par_1_81' title="bbox 420 5485 2091 5570">
     <span class='ocr_line' id='line_1_83' title="bbox 420 5485 2091 5570; baseline -0.019 0"><span class='ocrx_word' id='word_1_576' title='bbox 420 5485 1169 5570; x_wconf 55' lang='lat' dir='ltr'><strong>autemCr—iticiacutiores</strong></span> <span class='ocrx_word' id='word_1_577' title='bbox 1215 5500 1272 5554; x_wconf 88' lang='lat' dir='ltr'><strong>et</strong></span> <span class='ocrx_word' id='word_1_578' title='bbox 1301 5485 1341 5552; x_wconf 73' lang='grc' dir='ltr'><strong>εἰ</strong></span> <span class='ocrx_word' id='word_1_579' title='bbox 1361 5492 1622 5567; x_wconf 87' lang='lat' dir='ltr'><strong>partium</strong></span> <span class='ocrx_word' id='word_1_580' title='bbox 1643 5485 2091 5570; x_wconf 45' lang='lat' dir='ltr'><strong>studio‘alieni-</strong></span> 
     </span>
    </p>
   </div>
   <div class='ocr_carea' id='block_1_82' title="bbox 418 5557 2070 5643">
    <p class='ocr_par' dir='ltr' id='par_1_82' title="bbox 418 5557 2070 5643">
     <span class='ocr_line' id='line_1_84' title="bbox 418 5557 2070 5643; baseline -0.018 -2"><span class='ocrx_word' id='word_1_581' title='bbox 418 5557 909 5643; x_wconf 59' lang='lat' dir='ltr'><strong>EBEHﬁtBEHés,&quot;</strong></span> <span class='ocrx_word' id='word_1_582' title='bbox 922 5557 1242 5634; x_wconf 16' lang='lat' dir='ltr'><strong>in‘horum</strong></span> <span class='ocrx_word' id='word_1_583' title='bbox 1271 5557 1525 5626; x_wconf 75' lang='lat' dir='ltr'><strong>numero</strong></span> <span class='ocrx_word' id='word_1_584' title='bbox 1554 5561 1719 5620; x_wconf 89' lang='lat' dir='ltr'><strong>nullo</strong></span> <span class='ocrx_word' id='word_1_585' title='bbox 1743 5559 1927 5618; x_wconf 92' lang='lat' dir='ltr'><strong>modo</strong></span> <span class='ocrx_word' id='word_1_586' title='bbox 1957 5557 2070 5614; x_wconf 90' lang='lat' dir='ltr'><strong>ha-</strong></span> 
     </span>
    </p>
   </div>
   <div class='ocr_carea' id='block_1_83' title="bbox 2205 3845 3856 3920">
    <p class='ocr_par' dir='ltr' id='par_1_83' title="bbox 2205 3845 3856 3920">
     <span class='ocr_line' id='line_1_85' title="bbox 2205 3845 3856 3920; baseline 0.002 -16"><span class='ocrx_word' id='word_1_587' title='bbox 2205 3847 2677 3904; x_wconf 87' lang='lat' dir='ltr'><strong>Commentarios</strong></span> <span class='ocrx_word' id='word_1_588' title='bbox 2700 3845 2962 3915; x_wconf 89' lang='lat' dir='ltr'><strong>ederem,</strong></span> <span class='ocrx_word' id='word_1_589' title='bbox 2993 3847 3053 3901; x_wconf 92' lang='lat' dir='ltr'><strong>in</strong></span> <span class='ocrx_word' id='word_1_590' title='bbox 3083 3847 3286 3918; x_wconf 87' lang='lat' dir='ltr'><strong>primis</strong></span> <span class='ocrx_word' id='word_1_591' title='bbox 3306 3865 3401 3905; x_wconf 90' lang='lat' dir='ltr'><strong>me</strong></span> <span class='ocrx_word' id='word_1_592' title='bbox 3429 3856 3856 3920; x_wconf 88' lang='lat' dir='ltr'><strong>permoverunt</strong></span> 
     </span>
    </p>
   </div>
   <div class='ocr_carea' id='block_1_84' title="bbox 2201 3935 3856 4010">
    <p class='ocr_par' dir='ltr' id='par_1_84' title="bbox 2201 3935 3856 4010">
     <span class='ocr_line' id='line_1_86' title="bbox 2201 3935 3856 4010; baseline 0.002 -17"><span class='ocrx_word' id='word_1_593' title='bbox 2201 3941 2286 3993; x_wconf 88' lang='lat' dir='ltr'><strong>tot</strong></span> <span class='ocrx_word' id='word_1_594' title='bbox 2332 3936 2810 3993; x_wconf 90' lang='lat' dir='ltr'><strong>doctissimorum</strong></span> <span class='ocrx_word' id='word_1_595' title='bbox 2837 3935 3125 4001; x_wconf 91' lang='lat' dir='ltr'><strong>virorum,</strong></span> <span class='ocrx_word' id='word_1_596' title='bbox 3160 3938 3540 4010; x_wconf 87' lang='lat' dir='ltr'><strong>maximeque</strong></span> <span class='ocrx_word' id='word_1_597' title='bbox 3583 3941 3856 3996; x_wconf 84' lang='lat' dir='ltr'><strong>Richardi</strong></span> 
     </span>
    </p>
   </div>
   <div class='ocr_carea' id='block_1_85' title="bbox 2204 4023 3855 4097">
    <p class='ocr_par' dir='ltr' id='par_1_85' title="bbox 2204 4023 3855 4097">
     <span class='ocr_line' id='line_1_87' title="bbox 2204 4023 3855 4097; baseline 0.001 -15"><span class='ocrx_word' id='word_1_598' title='bbox 2204 4025 2470 4090; x_wconf 89' lang='lat' dir='ltr'><strong>Simonii,</strong></span> <span class='ocrx_word' id='word_1_599' title='bbox 2503 4025 2577 4078; x_wconf 92' lang='lat' dir='ltr'><strong>de</strong></span> <span class='ocrx_word' id='word_1_600' title='bbox 2605 4025 2673 4078; x_wconf 91' lang='lat' dir='ltr'><strong>iis</strong></span> <span class='ocrx_word' id='word_1_601' title='bbox 2697 4023 2959 4093; x_wconf 89' lang='lat' dir='ltr'><strong>judicia;</strong></span> <span class='ocrx_word' id='word_1_602' title='bbox 2986 4023 3203 4080; x_wconf 90' lang='lat' dir='ltr'><strong>deinde</strong></span> <span class='ocrx_word' id='word_1_603' title='bbox 3233 4026 3354 4081; x_wconf 93' lang='lat' dir='ltr'><strong>duo</strong></span> <span class='ocrx_word' id='word_1_604' title='bbox 3379 4029 3855 4097; x_wconf 67' lang='lat' dir='ltr'><strong>praestantissimi</strong></span> 
     </span>
    </p>
   </div>
   <div class='ocr_carea' id='block_1_86' title="bbox 2201 4111 3852 4183">
    <p class='ocr_par' dir='ltr' id='par_1_86' title="bbox 2201 4111 3852 4183">
     <span class='ocr_line' id='line_1_88' title="bbox 2201 4111 3852 4183; baseline 0.002 -16"><span class='ocrx_word' id='word_1_605' title='bbox 2201 4112 2436 4168; x_wconf 89' lang='lat' dir='ltr'><strong>codices</strong></span> <span class='ocrx_word' id='word_1_606' title='bbox 2461 4111 2890 4183; x_wconf 88' lang='lat' dir='ltr'><strong>Mosquenses;</strong></span> <span class='ocrx_word' id='word_1_607' title='bbox 2918 4111 3175 4182; x_wconf 91' lang='lat' dir='ltr'><strong>denique</strong></span> <span class='ocrx_word' id='word_1_608' title='bbox 3199 4129 3437 4169; x_wconf 88' lang='lat' dir='ltr'><strong>summa</strong></span> <span class='ocrx_word' id='word_1_609' title='bbox 3460 4114 3641 4182; x_wconf 87' lang='lat' dir='ltr'><strong>hujus</strong></span> <span class='ocrx_word' id='word_1_610' title='bbox 3671 4115 3852 4172; x_wconf 91' lang='lat' dir='ltr'><strong>libelli</strong></span> 
     </span>
    </p>
   </div>
   <div class='ocr_carea' id='block_1_87' title="bbox 2198 4197 3854 4271">
    <p class='ocr_par' dir='ltr' id='par_1_87' title="bbox 2198 4197 3854 4271">
     <span class='ocr_line' id='line_1_89' title="bbox 2198 4197 3854 4271; baseline 0.002 -15"><span class='ocrx_word' id='word_1_611' title='bbox 2198 4199 2428 4256; x_wconf 88' lang='lat' dir='ltr'><strong>raritas.</strong></span> <span class='ocrx_word' id='word_1_612' title='bbox 2462 4197 2704 4254; x_wconf 89' lang='lat' dir='ltr'><strong>Mirabili</strong></span> <span class='ocrx_word' id='word_1_613' title='bbox 2751 4199 2910 4255; x_wconf 91' lang='lat' dir='ltr'><strong>enim</strong></span> <span class='ocrx_word' id='word_1_614' title='bbox 2958 4215 3107 4255; x_wconf 88' lang='lat' dir='ltr'><strong>casu</strong></span> <span class='ocrx_word' id='word_1_615' title='bbox 3153 4200 3388 4255; x_wconf 90' lang='lat' dir='ltr'><strong>videtur</strong></span> <span class='ocrx_word' id='word_1_616' title='bbox 3438 4201 3752 4271; x_wconf 91' lang='lat' dir='ltr'><strong>accidisse,</strong></span> <span class='ocrx_word' id='word_1_617' title='bbox 3789 4207 3854 4259; x_wconf 90' lang='lat' dir='ltr'><strong>ut</strong></span> 
     </span>
    </p>
   </div>
   <div class='ocr_carea' id='block_1_88' title="bbox 2196 4284 3852 4347">
    <p class='ocr_par' dir='ltr' id='par_1_88' title="bbox 2196 4284 3852 4347">
     <span class='ocr_line' id='line_1_90' title="bbox 2196 4284 3852 4347; baseline 0.003 -6"><span class='ocrx_word' id='word_1_618' title='bbox 2196 4285 2349 4342; x_wconf 90' lang='lat' dir='ltr'><strong>inter</strong></span> <span class='ocrx_word' id='word_1_619' title='bbox 2375 4290 2460 4343; x_wconf 90' lang='lat' dir='ltr'><strong>tot</strong></span> <span class='ocrx_word' id='word_1_620' title='bbox 2491 4284 2736 4342; x_wconf 84' lang='lat' dir='ltr'><strong>Joannis</strong></span> <span class='ocrx_word' id='word_1_621' title='bbox 2772 4287 3033 4342; x_wconf 87' lang='lat' dir='ltr'><strong>Hentenii</strong></span> <span class='ocrx_word' id='word_1_622' title='bbox 3081 4287 3372 4343; x_wconf 86' lang='lat' dir='ltr'><strong>editiones</strong></span> <span class='ocrx_word' id='word_1_623' title='bbox 3415 4288 3705 4344; x_wconf 89' lang='lat' dir='ltr'><strong>versionis</strong></span> <span class='ocrx_word' id='word_1_624' title='bbox 3744 4290 3852 4347; x_wconf 91' lang='lat' dir='ltr'><strong>La-</strong></span> 
     </span>
    </p>
   </div>
   <div class='ocr_carea' id='block_1_89' title="bbox 2195 4374 3853 4449">
    <p class='ocr_par' dir='ltr' id='par_1_89' title="bbox 2195 4374 3853 4449">
     <span class='ocr_line' id='line_1_91' title="bbox 2195 4374 3853 4449; baseline 0.001 -17"><span class='ocrx_word' id='word_1_625' title='bbox 2195 4375 2334 4432; x_wconf 73' lang='lat' dir='ltr'><strong>tinae</strong></span> <span class='ocrx_word' id='word_1_626' title='bbox 2362 4374 2465 4432; x_wconf 82' lang='lat' dir='ltr'><strong>vix</strong></span> <span class='ocrx_word' id='word_1_627' title='bbox 2487 4389 2612 4431; x_wconf 91' lang='lat' dir='ltr'><strong>una</strong></span> <span class='ocrx_word' id='word_1_628' title='bbox 2656 4375 2898 4446; x_wconf 91' lang='lat' dir='ltr'><strong>reperiri</strong></span> <span class='ocrx_word' id='word_1_629' title='bbox 2950 4375 3160 4448; x_wconf 90' lang='lat' dir='ltr'><strong>possit.</strong></span> <span class='ocrx_word' id='word_1_630' title='bbox 3214 4376 3502 4448; x_wconf 91' lang='lat' dir='ltr'><strong>Equidem</strong></span> <span class='ocrx_word' id='word_1_631' title='bbox 3537 4379 3696 4435; x_wconf 88' lang='lat' dir='ltr'><strong>certe</strong></span> <span class='ocrx_word' id='word_1_632' title='bbox 3746 4393 3853 4449; x_wconf 91' lang='lat' dir='ltr'><strong>per</strong></span> 
     </span>
    </p>
   </div>
   <div class='ocr_carea' id='block_1_90' title="bbox 2193 4463 3848 4537">
    <p class='ocr_par' dir='ltr' id='par_1_90' title="bbox 2193 4463 3848 4537">
     <span class='ocr_line' id='line_1_92' title="bbox 2193 4463 3848 4537; baseline 0.001 -17"><span class='ocrx_word' id='word_1_633' title='bbox 2193 4479 2378 4520; x_wconf 86' lang='lat' dir='ltr'><strong>annos</strong></span> <span class='ocrx_word' id='word_1_634' title='bbox 2407 4463 2728 4520; x_wconf 90' lang='lat' dir='ltr'><strong>duodecim</strong></span> <span class='ocrx_word' id='word_1_635' title='bbox 2756 4463 2973 4520; x_wconf 83' lang='lat' dir='ltr'><strong>frustra</strong></span> <span class='ocrx_word' id='word_1_636' title='bbox 2993 4465 3086 4520; x_wconf 91' lang='lat' dir='ltr'><strong>vel</strong></span> <span class='ocrx_word' id='word_1_637' title='bbox 3114 4480 3306 4520; x_wconf 92' lang='lat' dir='ltr'><strong>unum</strong></span> <span class='ocrx_word' id='word_1_638' title='bbox 3337 4464 3483 4520; x_wconf 92' lang='lat' dir='ltr'><strong>mihi</strong></span> <span class='ocrx_word' id='word_1_639' title='bbox 3503 4465 3848 4537; x_wconf 86' lang='lat' dir='ltr'><strong>exemplum</strong></span> 
     </span>
    </p>
   </div>
   <div class='ocr_carea' id='block_1_91' title="bbox 2190 4553 3849 4626">
    <p class='ocr_par' dir='ltr' id='par_1_91' title="bbox 2190 4553 3849 4626">
     <span class='ocr_line' id='line_1_93' title="bbox 2190 4553 3849 4626; baseline 0.003 -17"><span class='ocrx_word' id='word_1_640' title='bbox 2190 4553 2459 4626; x_wconf 75' lang='lat' dir='ltr'><strong>quaesivi,</strong></span> <span class='ocrx_word' id='word_1_641' title='bbox 2487 4569 2555 4610; x_wconf 89' lang='lat' dir='ltr'><strong>ac</strong></span> <span class='ocrx_word' id='word_1_642' title='bbox 2570 4557 2872 4625; x_wconf 89' lang='lat' dir='ltr'><strong>postremo</strong></span> <span class='ocrx_word' id='word_1_643' title='bbox 2897 4554 3142 4610; x_wconf 86' lang='lat' dir='ltr'><strong>tandem</strong></span> <span class='ocrx_word' id='word_1_644' title='bbox 3169 4554 3367 4619; x_wconf 90' lang='lat' dir='ltr'><strong>didici,</strong></span> <span class='ocrx_word' id='word_1_645' title='bbox 3401 4554 3478 4610; x_wconf 90' lang='lat' dir='ltr'><strong>ab</strong></span> <span class='ocrx_word' id='word_1_646' title='bbox 3510 4555 3642 4611; x_wconf 92' lang='lat' dir='ltr'><strong>aliis</strong></span> <span class='ocrx_word' id='word_1_647' title='bbox 3667 4556 3849 4614; x_wconf 89' lang='lat' dir='ltr'><strong>etiam</strong></span> 
     </span>
    </p>
   </div>
   <div class='ocr_carea' id='block_1_92' title="bbox 2187 4641 3849 4716">
    <p class='ocr_par' dir='ltr' id='par_1_92' title="bbox 2187 4641 3849 4716">
     <span class='ocr_line' id='line_1_94' title="bbox 2187 4641 3849 4716; baseline 0.002 -18"><span class='ocrx_word' id='word_1_648' title='bbox 2187 4647 2340 4716; x_wconf 75' lang='lat' dir='ltr'><strong>inter</strong></span> <span class='ocrx_word' id='word_1_649' title='bbox 2391 4642 2578 4698; x_wconf 90' lang='lat' dir='ltr'><strong>libros</strong></span> <span class='ocrx_word' id='word_1_650' title='bbox 2625 4641 2880 4698; x_wconf 89' lang='lat' dir='ltr'><strong>rariores</strong></span> <span class='ocrx_word' id='word_1_651' title='bbox 2935 4641 3155 4698; x_wconf 85' lang='lat' dir='ltr'><strong>referri.</strong></span> <span class='ocrx_word' id='word_1_652' title='bbox 3217 4645 3275 4697; x_wconf 84' lang='lat' dir='ltr'><strong>In</strong></span> <span class='ocrx_word' id='word_1_653' title='bbox 3334 4643 3627 4715; x_wconf 90' lang='lat' dir='ltr'><strong>principio</strong></span> <span class='ocrx_word' id='word_1_654' title='bbox 3667 4644 3849 4715; x_wconf 88' lang='lat' dir='ltr'><strong>hujus</strong></span> 
     </span>
    </p>
   </div>
   <div class='ocr_carea' id='block_1_93' title="bbox 2187 4730 3849 4801">
    <p class='ocr_par' dir='ltr' id='par_1_93' title="bbox 2187 4730 3849 4801">
     <span class='ocr_line' id='line_1_95' title="bbox 2187 4730 3849 4801; baseline 0.002 -14"><span class='ocrx_word' id='word_1_655' title='bbox 2187 4730 2459 4787; x_wconf 90' lang='lat' dir='ltr'><strong>editionis</strong></span> <span class='ocrx_word' id='word_1_656' title='bbox 2481 4745 2623 4801; x_wconf 88' lang='lat' dir='ltr'><strong>ergo</strong></span> <span class='ocrx_word' id='word_1_657' title='bbox 2653 4746 2801 4785; x_wconf 93' lang='lat' dir='ltr'><strong>usus</strong></span> <span class='ocrx_word' id='word_1_658' title='bbox 2828 4746 2964 4785; x_wconf 91' lang='lat' dir='ltr'><strong>sum</strong></span> <span class='ocrx_word' id='word_1_659' title='bbox 2989 4735 3150 4787; x_wconf 90' lang='lat' dir='ltr'><strong>tomo</strong></span> <span class='ocrx_word' id='word_1_660' title='bbox 3182 4733 3293 4787; x_wconf 84' lang='lat' dir='ltr'><strong>XIX</strong></span> <span class='ocrx_word' id='word_1_661' title='bbox 3322 4731 3699 4788; x_wconf 74' lang='lat' dir='ltr'><strong>bibliothecae</strong></span> <span class='ocrx_word' id='word_1_662' title='bbox 3723 4750 3849 4791; x_wconf 89' lang='lat' dir='ltr'><strong>ma-</strong></span> 
     </span>
    </p>
   </div>
   <div class='ocr_carea' id='block_1_94' title="bbox 2183 4819 3847 4891">
    <p class='ocr_par' dir='ltr' id='par_1_94' title="bbox 2183 4819 3847 4891">
     <span class='ocr_line' id='line_1_96' title="bbox 2183 4819 3847 4891; baseline 0.001 -14"><span class='ocrx_word' id='word_1_663' title='bbox 2183 4820 2362 4877; x_wconf 73' lang='lat' dir='ltr'><strong>ximae</strong></span> <span class='ocrx_word' id='word_1_664' title='bbox 2393 4819 2804 4889; x_wconf 84' lang='lat' dir='ltr'><strong>Lugdunensis</strong></span> <span class='ocrx_word' id='word_1_665' title='bbox 2830 4823 2983 4886; x_wconf 85' lang='grc'><strong>1677,</strong></span> <span class='ocrx_word' id='word_1_666' title='bbox 3017 4835 3196 4891; x_wconf 91' lang='lat' dir='ltr'><strong>quem</strong></span> <span class='ocrx_word' id='word_1_667' title='bbox 3216 4820 3358 4875; x_wconf 91' lang='lat' dir='ltr'><strong>mihi</strong></span> <span class='ocrx_word' id='word_1_668' title='bbox 3383 4836 3457 4876; x_wconf 84' lang='lat' dir='ltr'><strong>ex</strong></span> <span class='ocrx_word' id='word_1_669' title='bbox 3485 4821 3847 4879; x_wconf 88' lang='lat' dir='ltr'><strong>bibliotheca</strong></span> 
     </span>
    </p>
   </div>
   <div class='ocr_carea' id='block_1_95' title="bbox 2185 4908 3846 4983">
    <p class='ocr_par' dir='ltr' id='par_1_95' title="bbox 2185 4908 3846 4983">
     <span class='ocr_line' id='line_1_97' title="bbox 2185 4908 3846 4983; baseline -0.001 -15"><span class='ocrx_word' id='word_1_670' title='bbox 2185 4909 2538 4983; x_wconf 89' lang='lat' dir='ltr'><strong>amplissimi</strong></span> <span class='ocrx_word' id='word_1_671' title='bbox 2571 4912 2813 4964; x_wconf 89' lang='lat' dir='ltr'><strong>senatus</strong></span> <span class='ocrx_word' id='word_1_672' title='bbox 2847 4908 3164 4979; x_wconf 91' lang='lat' dir='ltr'><strong>Lipsiensis</strong></span> <span class='ocrx_word' id='word_1_673' title='bbox 3195 4910 3689 4966; x_wconf 89' lang='lat' dir='ltr'><strong>commodaverat</strong></span> <span class='ocrx_word' id='word_1_674' title='bbox 3715 4926 3846 4982; x_wconf 90' lang='lat' dir='ltr'><strong>per-</strong></span> 
     </span>
    </p>
   </div>
   <div class='ocr_carea' id='block_1_96' title="bbox 2184 4997 3845 5067">
    <p class='ocr_par' dir='ltr' id='par_1_96' title="bbox 2184 4997 3845 5067">
     <span class='ocr_line' id='line_1_98' title="bbox 2184 4997 3845 5067; baseline -0.001 -10"><span class='ocrx_word' id='word_1_675' title='bbox 2184 4999 2424 5057; x_wconf 92' lang='lat' dir='ltr'><strong>illustris</strong></span> <span class='ocrx_word' id='word_1_676' title='bbox 2461 4998 2755 5067; x_wconf 88' lang='lat' dir='ltr'><strong>Mullerus,</strong></span> <span class='ocrx_word' id='word_1_677' title='bbox 2805 4997 3185 5055; x_wconf 87' lang='lat' dir='ltr'><strong>serenissimo</strong></span> <span class='ocrx_word' id='word_1_678' title='bbox 3229 5000 3500 5056; x_wconf 76' lang='lat' dir='ltr'><strong>Saxoniae</strong></span> <span class='ocrx_word' id='word_1_679' title='bbox 3542 4999 3777 5056; x_wconf 87' lang='lat' dir='ltr'><strong>electori</strong></span> <span class='ocrx_word' id='word_1_680' title='bbox 3807 5016 3845 5056; x_wconf 89' lang='lat' dir='ltr'><strong>a</strong></span> 
     </span>
    </p>
   </div>
   <div class='ocr_carea' id='block_1_97' title="bbox 2185 5086 3842 5160">
    <p class='ocr_par' dir='ltr' id='par_1_97' title="bbox 2185 5086 3842 5160">
     <span class='ocr_line' id='line_1_99' title="bbox 2185 5086 3842 5160; baseline -0.003 -13"><span class='ocrx_word' id='word_1_681' title='bbox 2185 5087 2446 5147; x_wconf 89' lang='lat' dir='ltr'><strong>consiliis</strong></span> <span class='ocrx_word' id='word_1_682' title='bbox 2489 5086 2718 5144; x_wconf 90' lang='lat' dir='ltr'><strong>bellicis</strong></span> <span class='ocrx_word' id='word_1_683' title='bbox 2762 5087 3200 5156; x_wconf 90' lang='lat' dir='ltr'><strong>secretioribus,</strong></span> <span class='ocrx_word' id='word_1_684' title='bbox 3273 5087 3643 5160; x_wconf 85' lang='lat' dir='ltr'><strong>civitatisque</strong></span> <span class='ocrx_word' id='word_1_685' title='bbox 3705 5088 3842 5160; x_wconf 91' lang='lat' dir='ltr'><strong>Lip-</strong></span> 
     </span>
    </p>
   </div>
   <div class='ocr_carea' id='block_1_98' title="bbox 2182 5265 3840 5338">
    <p class='ocr_par' dir='ltr' id='par_1_98' title="bbox 2182 5265 3840 5338">
     <span class='ocr_line' id='line_1_100' title="bbox 2182 5265 3840 5338; baseline 0.001 -15"><span class='ocrx_word' id='word_1_686' title='bbox 2182 5267 2414 5324; x_wconf 91' lang='lat' dir='ltr'><strong>bendos</strong></span> <span class='ocrx_word' id='word_1_687' title='bbox 2431 5282 2562 5323; x_wconf 92' lang='lat' dir='ltr'><strong>esse</strong></span> <span class='ocrx_word' id='word_1_688' title='bbox 2593 5265 2820 5323; x_wconf 88' lang='lat' dir='ltr'><strong>scribas</strong></span> <span class='ocrx_word' id='word_1_689' title='bbox 2853 5268 3127 5323; x_wconf 91' lang='lat' dir='ltr'><strong>Codicum</strong></span> <span class='ocrx_word' id='word_1_690' title='bbox 3164 5267 3688 5338; x_wconf 87' lang='lat' dir='ltr'><strong>Cantabrigiensis,</strong></span> <span class='ocrx_word' id='word_1_691' title='bbox 3719 5266 3840 5324; x_wconf 90' lang='lat' dir='ltr'><strong>Cla-</strong></span> 
     </span>
    </p>
   </div>
   <div class='ocr_carea' id='block_1_99' title="bbox 2183 5339 3842 5410">
    <p class='ocr_par' dir='ltr' id='par_1_99' title="bbox 2183 5339 3842 5410">
     <span class='ocr_line' id='line_1_101' title="bbox 2183 5339 3842 5410; baseline -0.001 -15"><span class='ocrx_word' id='word_1_692' title='bbox 2183 5339 2544 5405; x_wconf 90' lang='lat' dir='ltr'><strong>romontani,</strong></span> <span class='ocrx_word' id='word_1_693' title='bbox 2584 5341 3140 5406; x_wconf 84' lang='lat' dir='ltr'><strong>Sangermanensis,</strong></span> <span class='ocrx_word' id='word_1_694' title='bbox 3176 5342 3508 5410; x_wconf 79' lang='lat' dir='ltr'><strong>Augiensis,</strong></span> <span class='ocrx_word' id='word_1_695' title='bbox 3539 5340 3842 5395; x_wconf 88' lang='lat' dir='ltr'><strong>Boerneri-</strong></span> 
     </span>
    </p>
   </div>
   <div class='ocr_carea' id='block_1_100' title="bbox 2186 5410 3839 5481">
    <p class='ocr_par' dir='ltr' id='par_1_100' title="bbox 2186 5410 3839 5481">
     <span class='ocr_line' id='line_1_102' title="bbox 2186 5410 3839 5481; baseline 0 -16"><span class='ocrx_word' id='word_1_696' title='bbox 2186 5411 2304 5477; x_wconf 87' lang='lat' dir='ltr'><strong>ani,</strong></span> <span class='ocrx_word' id='word_1_697' title='bbox 2329 5415 2803 5481; x_wconf 82' lang='lat' dir='ltr'><strong>caeterorumque</strong></span> <span class='ocrx_word' id='word_1_698' title='bbox 2837 5410 2966 5481; x_wconf 91' lang='lat' dir='ltr'><strong>ejus</strong></span> <span class='ocrx_word' id='word_1_699' title='bbox 2998 5411 3255 5481; x_wconf 83' lang='lat' dir='ltr'><strong>generis.</strong></span> <span class='ocrx_word' id='word_1_700' title='bbox 3289 5411 3402 5466; x_wconf 90' lang='lat' dir='ltr'><strong>Sed</strong></span> <span class='ocrx_word' id='word_1_701' title='bbox 3434 5412 3506 5467; x_wconf 91' lang='lat' dir='ltr'><strong>de</strong></span> <span class='ocrx_word' id='word_1_702' title='bbox 3541 5411 3839 5468; x_wconf 88' lang='lat' dir='ltr'><strong>Cantabri-</strong></span> 
     </span>
    </p>
   </div>
   <div class='ocr_carea' id='block_1_101' title="bbox 2184 5481 3839 5555">
    <p class='ocr_par' dir='ltr' id='par_1_101' title="bbox 2184 5481 3839 5555">
     <span class='ocr_line' id='line_1_103' title="bbox 2184 5481 3839 5555; baseline -0.001 -17"><span class='ocrx_word' id='word_1_703' title='bbox 2184 5481 2374 5555; x_wconf 85' lang='lat' dir='ltr'><strong>giensi</strong></span> <span class='ocrx_word' id='word_1_704' title='bbox 2415 5486 2479 5555; x_wconf 82' lang='lat' dir='ltr'><strong>et</strong></span> <span class='ocrx_word' id='word_1_705' title='bbox 2520 5481 2934 5555; x_wconf 83' lang='lat' dir='ltr'><strong>Boerneriano,</strong></span> <span class='ocrx_word' id='word_1_706' title='bbox 2993 5484 3039 5537; x_wconf 93' lang='lat' dir='ltr'><strong>si</strong></span> <span class='ocrx_word' id='word_1_707' title='bbox 3095 5481 3448 5555; x_wconf 81' lang='lat' dir='ltr'><strong>prodierint,</strong></span> <span class='ocrx_word' id='word_1_708' title='bbox 3480 5483 3682 5555; x_wconf 91' lang='lat' dir='ltr'><strong>plures</strong></span> <span class='ocrx_word' id='word_1_709' title='bbox 3727 5482 3839 5538; x_wconf 92' lang='lat' dir='ltr'><strong>viri</strong></span> 
     </span>
    </p>
   </div>
   <div class='ocr_carea' id='block_1_102' title="bbox 2184 5552 3408 5625">
    <p class='ocr_par' dir='ltr' id='par_1_102' title="bbox 2184 5552 3408 5625">
     <span class='ocr_line' id='line_1_104' title="bbox 2184 5552 3408 5625; baseline -0.002 -17"><span class='ocrx_word' id='word_1_710' title='bbox 2184 5554 2338 5611; x_wconf 91' lang='lat' dir='ltr'><strong>docti</strong></span> <span class='ocrx_word' id='word_1_711' title='bbox 2363 5553 2558 5609; x_wconf 88' lang='lat' dir='ltr'><strong>verius</strong></span> <span class='ocrx_word' id='word_1_712' title='bbox 2588 5557 2646 5610; x_wconf 90' lang='lat' dir='ltr'><strong>et</strong></span> <span class='ocrx_word' id='word_1_713' title='bbox 2671 5553 3005 5610; x_wconf 87' lang='lat' dir='ltr'><strong>accuratius</strong></span> <span class='ocrx_word' id='word_1_714' title='bbox 3031 5552 3408 5625; x_wconf 41' lang='lat' dir='ltr'><strong>ju’dicabunt.</strong></span> 
     </span>
    </p>
   </div>
  </div>
