4166 6314
225 235 282 294 13
1723 230 1872 291 FBA

1983 234 2101 299 ΤΙΟ
3550 228 3617 291 vlt

221 360 415 417 siensis
440 359 668 416 consul.
700 361 879 432 Typis
904 358 1033 432 jam
1072 375 1355 433 expresso
1387 359 1528 416 folio
1574 364 1741 416 sexto
1773 360 1851 416 ad
1884 361 1931 413 A
1962 374 2083 431 quo
2116 361 2318 414 tamen
2349 348 2523 412 valde
2561 348 2792 412 dubito.
2834 354 3138 412 Parisinus
3166 356 3326 422 2401,
3356 371 3393 411 a
3430 371 3619 412 manu

219 450 490 524 paginam
520 448 607 504 96.
641 448 903 521 Heynius
933 449 1131 514 etiam,
1163 450 1586 521 augustissimo
1626 452 1851 520 Magnas

220 538 510 595 Britanniae
554 538 679 607 regi
712 553 747 593 a
772 538 1033 593 consiliis
1084 538 1312 601 aulicis,
1348 538 1432 592 vir
1478 538 1851 609 perillustris,

219 628 288 684 ad
306 642 387 681 me
403 627 732 682 transmisit
756 626 1087 691 editionem,
1104 630 1166 681 ut
1191 627 1462 693 arbitror,
1497 627 1853 697 principem,

222 716 635 772 Lovaniensem
676 716 838 771 1544.
884 715 1199 771 Codicibus
1232 719 1416 770 textus
1449 716 1631 770 Graeci
1658 715 1857 770 adhuc

218 804 409 860 inediti
440 820 582 858 usus
612 821 737 858 sum
780 803 1017 859 duobus
1048 804 1526 875 Mosquensibus,
1561 803 1859 859 membra-

220 892 430 956 naceis,
459 892 720 947 auctoris
766 896 937 947 aetate
974 892 1235 963 scriptis.
1270 892 1427 947 Alter
1446 894 1511 946 A.
1540 896 1626 947 est
1651 892 1862 947 biblio-

221 980 392 1036 thecae
418 980 809 1052 typographei
858 980 1161 1052 synodalis
1192 980 1381 1035 in-fol.
1414 997 1584 1037 num.
1616 982 1669 1047 1,
1702 996 1861 1035 com-

225 1068 473 1140 plectens
501 1067 641 1124 folia
669 1067 795 1126 274.
825 1069 979 1123 Alter
1020 1072 1058 1124 Β
1086 1072 1173 1123 est
1200 1068 1577 1124 bibliothecae
1619 1069 1859 1124 sanctis-

222 1159 380 1213 simae
426 1158 635 1228 synodi
668 1157 726 1212 in
754 1157 850 1213 fol.
880 1174 1043 1213 num.
1097 1157 1256 1212 XLIX
1299 1157 1575 1213 foliorum
1622 1158 1745 1213 410.
1797 1157 1863 1211 In

219 1245 315 1300 illo
348 1249 539 1300 textus
563 1245 1009 1313 Evangeliorum
1042 1246 1293 1315 scriptus
1323 1250 1412 1300 est
1440 1245 1645 1300 litteris
1684 1243 1861 1313 paulo

214 1333 561 1403 majoribus,
577 1333 1049 1388 Commentarius
1064 1333 1415 1388 minoribus.
1435 1337 1493 1387 ln
1508 1334 1620 1388 hoc
1635 1332 1863 1389 eaedem

214 1427 350 1477 sunt
394 1422 598 1477 litterae
634 1422 696 1475 in
727 1424 889 1477 textu
917 1422 1046 1477 etin
1078 1420 1333 1485 scholiis,
1365 1421 1472 1477 sed
1506 1422 1631 1486 iste,
1674 1421 1861 1492 liquo-

212 1525 273 1566 re
300 1509 498 1577 rubro,
542 1509 693 1573 haec,
736 1513 1068 1565 atramento
1116 1510 1335 1581 scripta
1375 1516 1530 1565 sunt.
1576 1511 1759 1565 Istum
1802 1508 1863 1563 in

214 1614 349 1655 mea
384 1598 527 1654 Novi
552 1597 913 1654 Testamenti
943 1597 1199 1654 editione
1229 1598 1523 1670 appellavi
1549 1616 1610 1662 η,
1635 1599 1796 1653 hunc
1820 1598 1859 1652 ἱ.

1962 446 2275 504 recentiori
2320 445 2647 516 ascriptum
2676 444 2857 501 habet
2894 460 3113 501 nomen
3162 444 3377 500 Nicetes
3424 446 3619 502 Serra-

1963 552 2117 602 rum,
2149 536 2248 608 qui
2286 535 2460 604 vulgo
2477 533 2881 589 Heracleensis
2901 532 3254 605 appellatur.
3284 531 3441 589 Alter
3466 533 3619 590 Pari-

1965 626 2151 691 sinus,
2184 628 2247 681 ut
2280 623 2553 688 arbitror,
2588 622 2894 689 recentior,
2926 622 3125 679 tribuit
3153 621 3615 694 Theophylacto,

1967 731 2146 787 quem
2215 712 2490 785 appellat,
2557 716 2645 764 τὸν
2708 713 2978 786 ἱερώτατον
3042 710 3380 785 Βουλγαρίας,
3440 710 3620 767 nimi-

1966 820 2103 860 rum
2170 807 2597 876 ἁρχιεπίοκοπον.
2654 801 2820 856 Meus
2864 803 2927 856 Β.
2984 800 3117 857 loco
3170 801 3387 856 Indicis
3436 801 3621 857 habet

1969 894 2225 964 spatium
2248 906 2525 955 vacuum,
2559 889 2692 945 ideo
2712 890 2986 957 fortasse,
3020 894 3083 944 ut
3106 892 3313 961 postea
3338 904 3374 945 a
3394 889 3617 961 pictore

1971 998 2140 1047 auro,
2171 980 2375 1036 aliisve
2401 978 2700 1035 coloribus
2730 977 3050 1034 adderetur
3074 982 3254 1049 atque
3285 982 3615 1033 ornaretur.

1970 1068 2231 1125 Iudicem
2281 1068 2500 1124 codicis
2542 1067 2873 1137 Aexpressi
2902 1082 2963 1136 p.
2996 1067 3063 1120 10
3107 1065 3430 1121 Hentenius
3478 1064 3619 1120 nul-

1969 1156 2095 1213 lum
2125 1156 2353 1214 videtur
2381 1155 2696 1228 reperisse,
2729 1158 2793 1211 ut
2815 1171 2886 1210 ex
2919 1155 3051 1226 ejus
3080 1153 3426 1226 praefatione
3456 1159 3511 1209 et
3536 1155 3622 1209 in-

1971 1246 2383 1317 terpretatione
2412 1260 2472 1316 p.
2501 1246 2553 1310 9,
2605 1244 2803 1315 colligi
2844 1247 3063 1316 potest.
3096 1245 3161 1298 ln
3191 1258 3262 1299 eo
3288 1248 3486 1299 autem
3526 1257 3617 1297 ve-

1970 1334 2276 1390 hementer
2305 1338 2461 1389 errat
2491 1331 2820 1389 Richardus
2852 1331 3178 1397 Simonius,
3203 1331 3363 1403 quod
3397 1331 3621 1387 litteras

1973 1423 2064 1495 ἀμ.
2105 1438 2215 1495 pro
2240 1421 2530 1494 Ἀμμώνιος
2571 1419 2817 1493 accepit.
2862 1423 3012 1477 Nam
3042 1419 3345 1476 Ammonii
3374 1433 3617 1483 nomen,

1971 1512 2133 1584 quod
2156 1511 2437 1584 frequens
2467 1514 2557 1567 est
2584 1510 2645 1566 in
2678 1508 2903 1565 catenis
2935 1509 3171 1577 Graecis,
3210 1511 3270 1565 in
3315 1507 3623 1565 codicibus

1973 1600 2217 1673 quidem
2245 1598 2697 1669 Mosquensibus
2720 1613 3037 1670 nunquam
3066 1598 3263 1654 inveni
3291 1614 3411 1653 uno
3428 1596 3622 1669 ascri-

220 1690 296 1743 De
323 1690 574 1759 utroque
593 1686 843 1758 exposui
868 1687 947 1741 ad
965 1686 1281 1758 epistolam
1312 1686 1475 1742 Pauli
1506 1686 1586 1741 ad
1619 1686 1861 1741 Thessa-
1900 1707 1942 1762 3
1973 1692 2163 1761 ptum,
2211 1688 2321 1745 etsi
2368 1687 2517 1757 sigla
2574 1692 2752 1743 esset.
2790 1686 2910 1757 ’Au.
2960 1701 3122 1753 ergo,
3150 1686 3315 1757 quod
3345 1687 3523 1741 etiam
3560 1686 3621 1739 in

216 1775 565 1844 lonicenses,
598 1790 659 1846 p.
702 1776 823 1840 202,
856 1775 982 1829 203.
1019 1775 1355 1846 Specimina
1392 1775 1718 1831 litterarum
1752 1790 1865 1829 aere

219 1879 503 1936 expressa
548 1863 791 1919 exhibui
824 1862 903 1919 ad
945 1863 1336 1933 Evangelium
1393 1862 1641 1919 Joannis
1698 1862 1867 1918 istius

221 1952 519 2009 editionis.
569 1951 769 2008 Codex
816 1951 881 2006 B.
915 1952 1289 2023 praestantior
1328 1956 1416 2007 est
1458 1952 1638 2008 altero
1668 1950 1871 2007 ascri-

217 2042 297 2098 ba
322 2040 682 2111 diligentiori
707 2055 777 2095 ac
796 2038 1046 2096 ﬁdeliori
1076 2039 1352 2112 scriptus.
1379 2043 1527 2096 Nam
1558 2039 1704 2096 alter
1734 2038 1871 2096 scri-

215 2129 297 2185 ba
340 2130 561 2201 saepius
608 2128 907 2185 aberravit
962 2131 1019 2184 et
1060 2127 1120 2183 in
1166 2127 1401 2184 scholiis
1446 2127 1525 2184 ad
1575 2129 1871 2184 Joannem

216 2216 408 2273 multa
434 2216 529 2272 vel
565 2231 671 2288 per
699 2215 1021 2286 pigritiam,
1050 2214 1139 2270 vel
1187 2231 1292 2287 per
1329 2213 1603 2271 fraudem
1635 2219 1871 2287 prseter-

214 2305 392 2361 misit.
448 2306 515 2360 In
554 2307 808 2376 utroque
863 2303 1087 2369 codice,
1146 2303 1317 2359 sicuti
1354 2303 1414 2359 in
1467 2303 1750 2359 Parisinis
1817 2306 1875 2360 et

215 2393 511 2461 Hentenii,
544 2393 733 2449 multa
770 2392 995 2448 scholia
1034 2392 1113 2448 ab
1142 2391 1354 2447 iisdem
1396 2392 1605 2447 scribis
1654 2392 1873 2464 scripta

212 2490 353 2538 sunt
378 2484 443 2538 in
475 2481 763 2552 margine,
801 2480 875 2536 de
901 2496 1022 2553 quo
1052 2481 1111 2536 in
1154 2480 1299 2537 locis
1343 2480 1592 2551 singulis
1621 2480 1870 2537 lectores

214 2570 451 2628 monui.
478 2570 763 2625 Videntur
784 2574 983 2625 autem
1008 2569 1123 2625 ista
1154 2568 1381 2625 scholia
1398 2573 1637 2625 auctore
1661 2570 1873 2641 Euthy-

1976 1794 2111 1834 meo
2149 1779 2199 1832 Α
2231 1777 2531 1848 reperitur,
2576 1776 2743 1830 notat
2780 1773 2940 1845 ἀμήν.
2982 1773 3064 1829 Ex
3106 1774 3198 1829 his
3229 1776 3497 1846 apparet,
3540 1772 3624 1843 ig-

1976 1869 2187 1921 notum
2223 1879 2352 1919 esse
2385 1877 2609 1919 nomen
2636 1860 2898 1919 auctoris
2921 1861 3135 1917 horum
3160 1859 3627 1916 Commentario-

1975 1969 2130 2009 rum.
2168 1951 2333 2008 Unde
2375 1966 2517 2020 ergo
2560 1950 2955 2021 cognoscitur,
3002 1948 3181 2006 fuisse
3207 1949 3626 2022 Euthymium?

1981 2042 2291 2100 Scilicetex
2310 2039 2585 2111 ejusdem
2604 2038 3043 2096 Commentario
3060 2038 3120 2094 in
3141 2037 3428 2107 Psalmos,
3442 2052 3626 2111 quem

1980 2130 2337 2195 Hentenius,
2368 2126 2873 2193 Montefalconius,
2914 2142 3151 2199 nosque
3202 2126 3317 2199 ipsi
3361 2126 3628 2183 tractavi-

1978 2235 2134 2277 mus.
2161 2215 2475 2284 Quomodo
2502 2219 2704 2273 autem
2722 2216 2752 2270 7
2774 2216 2968 2272 Primo
3006 2216 3272 2286 quidem,
3301 2231 3412 2271 nec
3440 2230 3627 2272 ovum

1980 2324 2095 2367 ovo
2142 2308 2223 2365 ita
2259 2309 2348 2364 est
2396 2304 2610 2371 simile,
2639 2308 2707 2359 ut
2746 2319 2887 2360 cum
2926 2304 3215 2360 Hentenio
3260 2304 3491 2375 loquar,
3541 2304 3629 2359 uti

1981 2395 2201 2455 similes
2226 2400 2362 2450 sunt
2379 2392 2878 2450 hiCommentarii
2905 2394 3358 2449 Commentariis
3384 2394 3446 2447 in
3466 2392 3629 2447 Psal-

1982 2500 2133 2541 mos.
2177 2480 2471 2546 Secundo,
2515 2482 2577 2537 in
2614 2479 2856 2536 scholiis
2884 2480 2959 2536 ad
2989 2479 3259 2537 Psalmos
3287 2479 3630 2550 frequenter

1980 2573 2162 2644 hujus
2199 2568 2619 2628 Commentarii
2652 2568 2721 2625 ﬁt
2743 2570 2989 2634 mentio,
3019 2568 3103 2626 ita
3147 2573 3212 2625 ut
3248 2584 3507 2641 quorum
3547 2567 3629 2624 ibi

216 2660 340 2717 mio
369 2661 528 2732 ipso,
560 2663 691 2732 post
746 2659 876 2730 ejus
922 2657 1231 2731 repetitam
1274 2658 1600 2725 lectionem,
1647 2659 1877 2716 adlecta
1984 2662 2090 2721 ﬁat
2126 2660 2370 2731 mentio,
2402 2674 2474 2717 ea
2500 2658 2599 2715 hic
2646 2658 3039 2732 reperiantur.
3077 2658 3287 2724 Tertio,
3320 2658 3633 2714 Commen-

216 2764 373 2811 esse,
397 2764 503 2820 per
522 2746 767 2805 eosdem
784 2746 1035 2803 scribas.
1062 2746 1125 2803 ld
1152 2747 1293 2803 satis
1316 2746 1383 2802 ﬁt
1405 2746 1707 2819 probabile
1738 2763 1877 2803 cum
1984 2750 2167 2809 tarius
2193 2750 2257 2806 in
2279 2748 2547 2806 Psalmos
2562 2763 2786 2805 nomen
2806 2747 3099 2819 Euthymii
3129 2746 3398 2803 additum
3428 2746 3632 2813 habet,

218 2852 296 2893 ex
326 2836 463 2894 aliis
507 2836 669 2902 locis,
724 2840 850 2891 tum
879 2850 952 2891 ex
990 2834 1214 2890 scholio
1260 2835 1337 2890 ad
1370 2837 1508 2890 Luc.
1540 2851 1619 2899 ix,
1654 2840 1738 2891 55.
1769 2836 1879 2890 Ad-
1987 2841 2095 2897 etsi
2121 2854 2247 2896 non
2279 2838 2343 2895 in
2368 2836 2649 2896 omnibus
2683 2836 3013 2894 codicibus.
3054 2836 3294 2893 Codices
3320 2837 3635 2893 Commen-

222 2925 345 2981 huc
372 2924 536 2981 enim
564 2925 625 2981 in
669 2923 972 2981 codicibus
1021 2922 1241 2980 desunt
1272 2924 1475 2980 omnia
1505 2924 1583 2979 ab
1618 2928 1717 2977 Καὶ
1744 2924 1879 2976 εἶπεν
1987 2927 2265 2985 mictum
2292 2926 2355 2983 in
2376 2926 2665 2991 psalmos,
2695 2925 2799 2998 qui
2823 2924 3000 2996 vulgo
3032 2925 3352 2998 Eumymio
3378 2925 3642 2982 tribuum.

220 3013 323 3067 οὐκ
369 3014 462 3113 δά.
496 3011 620 3065 ἀλλὰ
645 3021 842 3113 iocata.
891 3012 1037 3111 Haec
1088 3012 1249 3113 enim
1292 3012 1487 3083 primo
1525 3012 1881 3112 liluthymius
1918 3058 1960 3113 Ο
1992 3023 2106 3083 tur,
2130 3016 2192 3073 in
2221 3014 2681 3089 Mosquensibus
2704 3013 3078 3072 bibliothecis
3112 3017 3309 3072 inveni
3333 3015 3507 3072 duos.
3533 3016 3641 3071 Ac—

216 3104 586 3159 auctoritate
638 3100 1042 3174 Chrysostomi
1103 3101 1436 3157 excluserat
1473 3116 1486 3156 :
1520 3102 1583 3157 in
1633 3100 1885 3174 repetita
1922 3100 1960 3113 “”
1994 3105 2153 3163 cedit
2188 3105 2391 3161 tertius
2437 3103 2551 3160 illis
2577 3102 2754 3161 valde
2798 3102 3027 3159 similis.
3075 3107 3156 3160 De
3191 3104 3285 3161 his
3337 3104 3487 3160 infra
3514 3120 3641 3160 mo-

215 3196 433 3249 autem
469 3191 749 3258 lectione,
782 3193 846 3247 ut
877 3190 1020 3247 satis
1051 3189 1225 3245 docet
1269 3188 1563 3247 scholium
1599 3189 1673 3245 ad
1704 3189 1887 3245 istum
1996 3195 2117 3253 nui.
2142 3192 2257 3251 sed
2282 3209 2354 3249 ex
2382 3192 2477 3248 his
2495 3191 2641 3247 nihil
2662 3191 2932 3258 efﬁcitur,
2947 3194 3380 3264 quodauctoris
3398 3193 3642 3249 nomine

210 3280 450 3348 locum,
483 3279 750 3351 ejusdem
778 3279 1128 3335 auctoritate
1157 3276 1491 3335 addiderat.
1518 3278 1687 3334 Forte
1725 3278 1886 3334 hunc
1997 3288 2216 3341 carent.
2238 3284 2662 3339 Verumtamen
2690 3281 2764 3337 de
2783 3280 3053 3353 Philippo
3075 3281 3275 3348 Saulo,
3292 3282 3398 3354 qui
3418 3280 3644 3354 primus

208 3368 502 3427 laborem
559 3368 763 3432 etiam,
794 3367 966 3423 sicuti
1012 3366 1389 3438 Panopliam,
1418 3366 1656 3437 jubente
1685 3366 1887 3424 Alexio
2000 3373 2209 3431 Latine
2223 3369 2878 3427 ediditCommentarios
2901 3368 2964 3426 in
2990 3369 3272 3437 Psalmos,
3298 3386 3522 3443 eosque
3540 3373 3649 3426 Eu-

211 3458 544 3515 Comneno
593 3455 874 3528 suscepit,
922 3471 993 3511 ac
1022 3455 1222 3526 plures
1248 3454 1472 3510 scribas
1494 3454 1891 3527 imperatoriis
2000 3460 2228 3531 thymio
2240 3457 2791 3532 tribuit,probabile
2819 3456 3056 3516 videtur
3079 3473 3218 3515 eum
3231 3458 3650 3531 Euthymiino-

208 3546 527 3621 impensis
560 3545 890 3603 conductos
918 3543 1148 3599 habuit.
1196 3542 1311 3599 Sed
1351 3542 1415 3598 id
1446 3542 1662 3600 deinde
1690 3559 1893 3600 recen-
2001 3567 2140 3610 men
2166 3551 2458 3625 reperisse
2488 3551 2549 3607 in
2578 3564 2699 3606 uno
2720 3552 2824 3605 aut
2855 3549 3133 3621 pluribus
3171 3550 3499 3607 codicibus.
3543 3551 3653 3607 Ac-

210 3637 400 3693 tiores
448 3635 638 3692 etiam
686 3632 901 3689 scribae
938 3632 1149 3687 imitati
1196 3635 1352 3701 sunt,
1389 3635 1453 3687 ut
1488 3647 1560 3686 ex
1607 3633 1891 3689 Hentenio
2002 3640 2325 3699 ceditﬁdes
2356 3638 2743 3696 etauctoritas
2767 3638 3227 3709 Montefalconii,
3254 3639 3356 3713 qui
3382 3640 3465 3697 ita
3482 3654 3653 3712 repe-

213 3724 502 3782 discitur.
533 3726 687 3779 Nam
717 3721 983 3779 Hentenii
1018 3719 1223 3787 codex,
1257 3719 1363 3775 etsi
1390 3718 1534 3775 satis
1563 3719 1780 3784 bonus,
1807 3720 1895 3791 ju-
2001 3731 2079 3786 rit
2116 3728 2178 3785 in
2207 3727 2515 3784 codicibus
2561 3726 2957 3781 Coislinianis.
3017 3728 3105 3781 Ita
3163 3729 3324 3782 enim
3368 3728 3542 3785 habet
3592 3727 3657 3784 in

213 3815 355 3872 dice
387 3816 588 3871 etiam
616 3808 1131 3876 Simonio,haberi
1160 3808 1357 3874 debet,
1385 3812 1587 3865 tamen
1621 3807 1749 3863 sine
1778 3807 1895 3863 ullo
2007 3817 2146 3873 Bibl.
2200 3815 2461 3879 Coislin.,
2510 3830 2572 3886 p.
2628 3814 2767 3868 478:
2802 3813 3108 3883 Euthymii
3160 3815 3476 3884 Zygadeni
3527 3816 3655 3887 (sic)

216 3904 421 3960 dubio
453 3901 619 3958 meis
649 3900 758 3956 fuit
802 3898 1111 3955 recentior.
1144 3897 1375 3953 Etenim
1406 3895 1738 3955 Hentenius
1770 3896 1898 3966 ipse
2008 3903 2423 3962 Commentarii
2444 3902 2508 3957 in
2548 3902 2842 3958 Psalmos,
2873 3900 3037 3956 Adde
3066 3902 3349 3959 eumdem
3374 3919 3433 3976 ρ,
3468 3903 3533 3959 58
3555 3906 3660 3977 zy-

216 3991 634 4065 conqueritur
662 3989 736 4045 de
778 3987 978 4043 multis
1024 4001 1096 4043 ac
1140 3984 1489 4041 difficilibus
1544 3984 1728 4055 siglis,
1762 4000 1872 4055 qua

2009 3995 2277 4068 gabenus
2304 3990 2658 4065 appellatur,
2693 3988 2838 4047 ibid.
2870 4007 2930 4063 p.
2974 3993 3079 4048 200
3104 3995 3159 4048 et
3180 3995 3302 4050 425.
3333 3992 3659 4050 Hentenius

215 4098 441 4155 paucae
484 4085 553 4138 et
598 4082 750 4134 notae
792 4083 927 4131 sunt
965 4075 1027 4131 in
1080 4076 1253 4131 meis.
1308 4073 1592 4129 Praeterea
1638 4072 1899 4129 Hentenii
2010 4100 2150 4142 eum
2171 4081 2539 4154 ligabonum
2563 4079 2845 4153 appellat.
2876 4079 3357 4145 Quibiisnomina
3378 4082 3547 4153 plura
3575 4097 3663 4137 re-

214 4169 620 4245 appendices
641 4167 815 4223 δείδω
832 4164 1015 4221 habet
1029 4180 1100 4220 ex
1110 4161 1391 4234 T1130th
1392 4162 1549 4218 Ῑδοοῖο
1571 4165 1625 4217 et
1648 4161 1902 4217 3110mm
2013 4173 2161 4230 centi
2182 4186 2339 4226 )rum
2353 4169 2695 4225 Graecorum
2708 4172 2850 4225 nota
2875 4174 3032 4236 sunt,
3057 4169 3096 4223 ii
3122 4175 3361 4237 norunt,
3377 4169 3661 4243 etymolo-

215 4260 507 4324 ScholiiS.
557 4272 694 4330 quae
723 4255 785 4311 in
829 4258 1041 4309 neutro
1090 4268 1363 4309 meorum
1412 4254 1781 4322 comparem-
1811 4249 1902 4305 Ni'
2015 4255 3666 4333 giamillorumnominumvaldeesseimpeditam.Inhoc

211 4350 581 4408 hilominus
611 4350 814 4401 tamen
840 4341 1042 4399 multis
1065 4341 1127 4397 in
1171 4340 1316 4397 locis
1341 4340 1610 4396 versione
1636 4338 1905 4395 Hentenii
1942 4408 1982 4420 κ
2016 4349 2261 4406 nomine
2282 4350 2482 4403 autem
2502 4348 2545 4401 Y
2565 4344 2704 4401 oriri
2730 4344 2921 4416 potuit
2946 4361 3015 4401 ex
3047 4346 3227 4419 ζυγος.
3248 4350 3312 4403 Η.
3333 4364 3405 4404 ex
3424 4347 3591 4420 βαίνω
3610 4354 3664 4402 Δ.

212 4455 335 4511 pro
358 4438 592 4495 codice
609 4434 694 4489 uti
711 4431 894 4505 potui.
922 4434 1067 4487 Eam
1089 4430 1267 4500 igitur
1285 4428 1398 4484 hac
1425 4428 1606 4484 etiam
1628 4427 1701 4483 de
1727 4442 1910 4483 causa
1942 4408 1988 4463 D
2021 4454 2093 4495 ex
2105 4435 2226 4492 δέω.
2261 4434 2706 4497 Undelvenerit,
2730 4408 2909 4489 nemo
2924 4408 3505 4492 facilehariolabitur.
3522 4437 3671 4492 Prae-

212 4529 530 4586 intactam
564 4522 777 4595 reliqui
811 4543 824 4575 ε
854 4519 1048 4591 adimi
1071 4523 1269 4575 tamen
1299 4517 1507 4589 Partim
1546 4517 1604 4571 ίΠ
1634 4514 1909 4572 animad'
2019 4532 2106 4585 ter
2130 4525 2363 4581 codices
2384 4522 2958 4581 Commentariorum
2986 4524 3285 4595 Euthymii
3299 4526 3361 4581 in
3382 4525 3667 4589 Psalmos,

215 4615 658 4678 versionibus,
686 4609 903 4683 partim
941 4609 1005 4664 in
1035 4607 1154 4665 ﬁne
1209 4606 1405 4677 operis
1436 4604 1757 4661 nonnullas
1789 4619 1872 4659 cci

2022 4619 2278 4686 Mosquae
2308 4612 2509 4668 inveni
2560 4611 2739 4669 etiam
2771 4612 3005 4668 codices
3043 4613 3310 4683 ejusdem
3353 4614 3669 4687 Panopliee.

211 4706 576 4765 rectiones.
624 4703 738 4759 Sex
784 4704 983 4758 autem
1036 4696 1265 4753 COdiCBS
1301 4696 1487 4753 GPaBCi
1536 4698 1913 4751 (Σοωωθῑὶΐθι-
2026 4708 2105 4761 De
2133 4705 2225 4759 his
2265 4701 2448 4775 paulo
2486 4699 2731 4756 inferius
2773 4700 2914 4755 dixi.
2965 4704 3131 4758 Anna
3183 4702 3529 4768 Commena,
3566 4703 3672 4758 lib.

214 4797 474 4854 riorum
521 4789 830 4861 Euthymii
861 4789 925 4843 in
954 4784 1277 4855 Evangelia
1321 4782 1468 4840 mihi
1509 4782 1709 4839 adhuc
1740 4782 1908 4837 inno-
2025 4808 2123 4855 xv,
2151 4807 2209 4863 p.
2267 4789 2391 4857 490,
2451 4788 2587 4845 edit.
2642 4788 2826 4846 Paris.
2859 4789 3018 4857 4651,
3051 4793 3106 4846 et
3154 4792 3267 4846 Leo
3306 4790 3553 4845 Allatius
3605 4793 3676 4847 de

216 4887 513 4943 tuarum-
556 4884 683 4936 Duo
730 4880 1131 4949 mosquenses:
1172 4871 1463 4938 Hentenii:
1508 4871 1624 4926 duo
1667 4868 1914 4926 Ρεὶτίείηί
2029 4895 2326 4936 consensu
2373 4878 2681 4949 utriusque
2725 4876 2996 4933 Ecclesiae
3042 4892 3188 4948 pag.
3247 4877 3372 4946 638,
3407 4894 3478 4935 ex
3536 4886 3679 4936 tunc

220 4976 377 5046 regii
429 4986 624 5029 num.
672 4970 809 5024 2393
856 4973 911 5021 et
948 4965 1108 5031 2401,
1154 4964 1212 5017 et
1251 4961 1330 5031 (ὁ)
1374 4959 1793 5017 Baroccianus.

2030 4969 2315 5039 temporis
2364 4967 2516 5023 libro
2569 4965 2790 5022 inedito
2841 4965 2925 5021 ita
2997 4965 3221 5025 habent
3270 4984 3281 5022 :
3342 4975 3678 5044 Ιῐαραπέμπω

220 5045 402 5121 nullo
433 5063 677 5118 horum
695 5055 971 5112 codicum
996 5066 1218 5108 nomen
1237 5049 1511 5118 auctoris,
1532 5047 1644 5103 nisi
1672 5047 1821 5103 forte
1860 5045 1872 5099 i

2029 5061 2143 5116 τοὺς
2192 5055 2539 5128 βουλομένους
2609 5058 2702 5112 τὴν
2773 5054 2892 5112 ὅλην
2965 5056 3164 5131 αἵρεσιν
3232 5066 3332 5109 τῶν
3389 5059 3680 5131 Βογομίὶων

221 5152 652 5214 Barocciano,
683 5160 869 5219 quem
917 5142 1127 5199 Millius
1170 5139 1459 5209 tractavit,
1490 5137 1797 5210 reperitur,
1848 5135 1872 5190 ς

2035 5146 2319 5215 dia-7w.va
2353 5144 2419 5205 εἰς
2466 5146 2525 5196 τὸ
2565 5142 2697 5196 οὕτω
2741 5143 3052 5217 καλούμενον
3084 5144 3307 5218 βιϐλίον,
3353 5142 3682 5219 δογματικὴν

2037 5320 2213 5377 tradit
2239 5320 2297 5375 in
2321 5319 2524 5375 codice
2558 5318 2906 5377 Bodleiano.
2934 5389 2939 5390 ί
2970 5322 3112 5375 Cum
3155 5337 3293 5376 vero
3328 5323 3389 5375 in
3417 5321 3685 5390 Prolego-

2038 5392 2217 5446 menis
2246 5390 2483 5445 nullam
2517 5390 2873 5445 mentionem
2920 5389 3119 5446 fecerit
3146 5391 3447 5446 Bodleiani
3467 5389 3691 5447 codicis

2042 5462 2358 5534 Euthymii,
2420 5461 2684 5534 suspicio!
2731 5461 3048 5534 suboritur,
3082 5462 3324 5534 Milium
3382 5475 3485 5531 pro
3546 5461 3693 5517 Bod—

2038 5506 2229 5591 leiano
2261 5506 2810 5589 voluisserscribere
2856 5506 3234 5589 Baroc’ciano.

302 5352 387 5421 (ὁ)
422 5345 663 5405 Millius
709 5342 925 5421 ἰαμβιιῆ
963 5342 1029 5421 1ft:
1068 5339 1226 5421 Test.‘
1273 5333 1540 5421 editione
1555 5329 1927 5421 anteucapita

233 5405 483 5481 Eusebii
513 5412 831 5483 Evangelii
874 5409 1145 5483 Mattheei,
1192 5406 1314 5461 duo
1348 5406 1477 5483 loca
1503 5405 1927 5483 Commentarii

230 5471 570 5566 ἐιῑῐὶιῐτῷῖί
599 5471 951 5566 Ζίεξρθοίίτι
984 5471 1929 5566 “subeam.eoiet’alelssee;

232 5550 435 5624 turﬁiﬁ
460 5564 604 5621 hac
632 5550 891 5615 editione
920 5568 978 5626 p.
1021 5557 1079 5609 13
1120 5555 1174 5607 et
1200 5551 1288 5604 15.
1334 5550 1408 5602 Ea
1437 5550 1638 5603 autem
1682 5550 1928 5614 reperiri
