4166 6314
511 320 580 376 15
2016 320 2399 380 ΡΗίΕΒᾺΤΙΟ
3846 329 3916 384 16

510 442 815 506 πανοπλίαν,
883 439 935 501 ἐξ
989 439 1241 511 ἐπιταγῆς
1296 440 1490 512 τούμοῦ
1539 444 1734 514 πατρὸς
1797 445 2148 500 συντεθεῖσαν.
2186 447 2226 500 Α

514 537 618 585 Καὶ
656 533 753 603 γὰρ
803 533 1036 601 μοναχὸν
1083 548 1197 580 τινα
1249 526 1553 600 Ζυγαδηνὸν
1601 529 1932 602 καλούμενον,
1982 554 2154 604 γνωσ-

509 626 596 672 τόν
625 623 714 691 μὲν
751 626 812 690 τῇ
848 614 1095 689 δεσποίνῃ
1130 623 1218 668 καὶ
1263 621 1390 688 πρὸς
1428 621 1629 688 μητρὸς
1673 617 1768 690 ἐμῇ
1817 623 2028 693 μάμμη,
2063 628 2153 675 καὶ

507 715 640 762 πᾶσι
685 703 790 769 τοῖς
844 714 936 758 τοῦ
991 708 1250 778 ἱερατικοῦ
1309 705 1620 778 καταλόγου,
1670 718 2042 780 γραμματικῆς
2094 708 2152 763 δὲ

505 799 578 862 εἰς
605 800 762 870 ἄκρον
797 796 1083 854 ἐληλακότα
1114 799 1198 846 καὶ
1231 796 1512 868 ῥητορικῆς
1543 796 1636 847 οὐκ
1667 795 1974 869 ἀμελέτητον
2007 804 2147 865 ὄντα,

505 892 594 940 καὶ
638 889 694 939 τὸ
749 882 927 955 δόγμα
977 886 1045 945 ὡς
1093 883 1186 934 οὐκ
1212 883 1357 942 ἄλλος
1395 903 1475 944 τις
1514 883 1870 956 ἐπιστάμενον.
1903 894 2094 941 Τοῦτον
2125 890 2150 940 ὀ

505 975 841 1048 αὐτοκράτωρ
924 970 1387 1042 μεταπεμψάμενος
1471 971 1704 1035 ἐπέταξεν
1771 974 1979 1036 ἁπάσας
2065 979 2152 1037 τὰς

506 1069 730 1138 αἱρέσεις
794 1059 1057 1129 ἐκθέσθαι,
1124 1058 1350 1116 ἑκάστην
1423 1059 1556 1132 ἰδίᾳ,
1637 1066 1726 1113 καὶ
1797 1062 1874 1134 ἐφ’
1954 1064 2146 1138 ἑκάστη

504 1153 739 1223 [ἑκάστῳ
759 1148 898 1205 edit.
924 1148 1107 1203 Paris.
1125 1147 1292 1219 quod
1307 1148 1510 1219 ipsum
1524 1164 1767 1220 quoque
1783 1150 1916 1206 ferri
1930 1155 2145 1223 potest]

502 1243 592 1299 τὰς
629 1246 729 1290 τῶν
767 1237 928 1309 ἁγίων
986 1239 1225 1310 Πατέρων
1291 1234 1586 1310 ἀνατροπὰς
1647 1237 2034 1312 ἐγγράψασθαι.
2080 1271 2149 1280 --

501 1332 706 1385 Ταύτην
757 1330 844 1384 τὴν
918 1323 1097 1396 βίϐλον
1171 1321 1496 1395 δογματικὴν
1572 1325 1858 1378 πανοπλίαν
1921 1329 1947 1378 ὁ
1991 1329 2150 1381 αὐτο..

502 1418 708 1489 κράτωρ
785 1415 1069 1484 ὠνόμασεν.
1141 1411 1448 1483 Ζυγαδηνὸν
1505 1427 1646 1483 ergo
1723 1414 1904 1470 habet
1968 1417 2146 1474 editio

501 1505 788 1568 Parisina,
837 1502 1084 1560 Allatius
1113 1516 1185 1556 ex
1238 1500 1463 1566 codice,
1507 1517 1617 1556 nec
1656 1502 2147 1560 Montefalconius

502 1594 561 1650 in
607 1592 752 1650 bibl.
793 1590 1029 1647 Coislin.
1062 1607 1122 1660 p.
1187 1590 1291 1644 559
1342 1604 1413 1644 ex
1453 1605 1562 1646 suo
1617 1590 1821 1647 codice
1864 1591 1978 1648 hoc
2019 1592 2147 1650 loco

499 1681 730 1738 notavit
772 1680 1134 1735 dissensum.
1202 1677 1492 1750 Panoplia
1545 1678 1840 1751 Euthymii
1883 1681 2144 1751 primum

2403 451 2479 501 Τὰ
2507 452 2672 502 πάντα
2705 447 2774 516 δ’,
2809 454 2872 512 ὡς
2899 459 3032 524 χρὴ,
3062 460 3157 506 παὶ
3187 453 3352 514 καλῶς
3392 453 3681 526 ἐσκεμμένα
3714 471 3725 483 ·

2405 542 2503 588 Καί
2532 557 2580 588 τι
2608 537 2755 590 πλέον
2789 543 3022 613 φέροντα,
3048 541 3316 611 τολμήσας
3344 541 3475 611 λέγω
3501 557 3514 568 ·

2402 626 2572 697 Χάρις
2603 621 2659 677 δὲ
2685 632 2831 677 πᾶσα
2857 635 2927 697 τῷ
2961 636 3102 698 σοφῷ
3136 632 3518 701 Χρυσοστὸμῳ.

2261 711 2374 764 Hos
2407 727 2610 766 versus
2652 714 2937 769 Macarius
2983 717 3506 788 Chrysocephalus,
3540 717 3790 788 scriptor
3822 735 3907 773 re-

2260 798 2500 865 centior,
2534 800 2607 854 ita
2639 801 2696 855 in
2735 817 2875 856 suos
2904 819 3048 858 usus
3100 805 3396 870 convertit,
3436 809 3499 860 ut
3555 809 3787 862 constat
3832 821 3904 861 ex

2260 885 2529 952 Fabricii,
2564 887 2714 944 Bibl.
2755 889 2850 944 Gr.
2885 895 2923 945 t.
2953 892 3065 954 v11,
3099 896 3280 963 p772.

2268 989 2286 993 “
2402 975 2604 1027 Πολλῶν
2637 981 2798 1028 πόνων
2830 980 3002 1051 ἔρανος
3032 979 3404 1052 ἡκριϐωμένος,

2397 1065 2474 1115 Τὰ
2510 1067 2679 1116 πάντα
2705 1063 2777 1132 δ’,
2810 1069 2878 1127 ὡς
2907 1072 3041 1138 χρὴ,
3066 1073 3155 1120 καὶ
3175 1068 3338 1129 καλῶς
3368 1069 3676 1141 ἐσκεμμένα,

2401 1149 2567 1204 Οὐδὲν
2596 1157 2856 1225 περιττὸν,
2894 1153 3017 1206 οὐδὲ
3041 1156 3211 1208 λεῖπον
3242 1154 3445 1223 ἐνθάδε,

2397 1244 2664 1313 Μακάριος
2685 1243 2884 1314 συνῆψε
2914 1242 3294 1316 φιλαδελφείας.

2255 1347 2439 1403 Credo
2497 1356 2717 1414 autem,
2761 1349 2852 1405 Jo.
2918 1351 3404 1423 Christophorum
3463 1353 3780 1419 Wolﬁum,
3839 1355 3899 1409 in

2254 1436 2458 1490 codice
2471 1437 2832 1493 Barocciano
2857 1438 2968 1492 hos
2987 1455 3190 1494 versus
3212 1441 3294 1495 ita
3316 1441 3565 1512 scriptos
3584 1443 3897 1514 reperisse:

2397 1523 2599 1576 Πολλῶν
2621 1557 2687 1564 -
2719 1525 3069 1600 ἠκριϐωμένος
3098 1546 3111 1559 ·
3135 1525 3302 1580 Οὐδὲν
3325 1559 3390 1568 --
3413 1526 3614 1581 ἐνθάδε.

2396 1615 2472 1668 Τὰ
2513 1616 2682 1666 πάντα
2731 1647 2797 1655 -
2849 1615 3156 1687 ἐσκεμμένα.
3220 1619 3488 1690 Μακάριος
3544 1649 3612 1659 —
3661 1615 3898 1690 φιλαδελ-

3637 1706 3825 1778 [φείας.

497 1772 658 1828 Edita
682 1774 770 1826 θεῖ
817 1767 1014 1860 Latjfle
1057 1781 1131 1821 ex
1178 1767 1443 1860 Ῡεῗξίοηθ
1488 1767 1639 1860 Petri
1685 1769 1982 1860 ίῗτῖιηίξίεξδξ
2021 1770 2147 1826 lini
2177 1768 2223 1823 B
2251 1789 2385 1860 Ipse
2431 1795 2653 1858 autem,
2713 1795 2775 1847 ut
2831 1791 3084 1856 videtur,
3136 1792 3410 1848 ordinem
3451 1767 3712 1850 mutavit.
3771 1798 3897 1851 Non

498 1857 851 1915 Veronensis
906 1855 1113 1908 Venet.
1169 1853 1305 1907 i555
1353 1870 1388 1907 a
1449 1869 1569 1924 quo
1624 1854 1782 1909 haud
1841 1856 2021 1912 dubie
2074 1873 2146 1914 ex

499 1945 722 2002 codicis
745 1941 939 1998 indice
981 1943 1225 1996 vocatur
1257 1939 1604 2008 Zigabenus.
1651 1942 1849 1997 Grace
1901 1944 2145 2014 primun

499 2031 778 2106 apparuit
799 2027 1148 2100 Tergobysti
1199 2029 1334 2082 1710
1364 2044 1484 2099 qua
1513 2027 1772 2084 editione
1802 2031 1891 2085 usi
1938 2047 2143 2088 sumus

501 2125 780 2193 Mosqua.
849 2117 951 2173 Hic
1029 2113 1360 2187 appellatur
1427 2113 1739 2187 Ζιγαδηνὸς,
1815 2119 2016 2174 Dicam
2070 2121 2145 2177 de

498 2209 806 2268 codicibus
831 2204 1281 2278 Mosquensibus
1297 2204 1476 2275 hujus
1495 2205 1814 2277 PanOplia.
1850 2208 2146 2281 Antiquis-

498 2300 685 2355 simus
751 2299 840 2352 est
911 2291 1407 2349 membranaceus
1448 2308 1566 2349 sec.
1634 2309 1711 2349 xu
1777 2294 2143 2354 bibliotheca

497 2384 888 2460 typographei
929 2379 1237 2454 synodalis
1276 2380 1451 2437 in-fol
1482 2382 1776 2448 num.,tO,
1791 2383 1896 2456 qui
1940 2383 2002 2440 in
2029 2385 2145 2441 hoc

496 2475 742 2533 nomine
772 2487 894 2529 non
915 2469 1111 2527 differt
1141 2468 1219 2525 ab
1267 2468 1522 2525 editione
1557 2470 2020 2542 Tergobystana.
2045 2473 2141 2529 Se-

497 2563 730 2621 cundus
760 2560 1029 2632 ejusdem
1057 2557 1431 2614 bibliotheca
1459 2557 1651 2613 in-fol.
1680 2575 1847 2614 num.
1877 2559 1961 2624 15,
1989 2563 2051 2616 Β.
2081 2562 2142 2617 in

496 2653 700 2708 charta
720 2646 1091 2719 bombycina
1111 2645 1294 2702 habet
1311 2645 1616 2716 Ζιγαϐηνός.
1650 2647 1879 2703 Tertius
1909 2648 2145 2704 charta-

491 2756 632 2797 ceus
649 2753 874 2801 sec.xv,
905 2733 1279 2791 bibliotheca
1306 2733 1690 2790 sanctissima
1718 2735 1937 2806 synodi
1956 2736 2017 2792 in
2038 2738 2139 2793 fol.

493 2845 652 2884 num.
697 2831 785 2895 50,
815 2822 1116 2896 Zygadeni
1145 2821 1402 2876 exhibet.
1446 2822 1701 2885 Quartus
1755 2824 2022 2894 ejusdem
2052 2827 2144 2881 bi-

493 2916 821 2978 bliotheca,
840 2926 958 2967 sec.
987 2908 1174 2973 xv1,in
1201 2908 1406 2963 charta
1424 2908 1792 2982 bombycina
1824 2912 1882 2966 in
1903 2917 2136 2984 quarto,

493 3021 668 3061 num.
719 3001 825 3057 369
853 2999 1050 3073 primo
1070 2996 1210 3053 folio
1231 2999 1413 3054 caret.
1467 2995 1585 3052 Etsi
1609 2997 1788 3068 igitur
1813 3001 1957 3055 satis
2006 3017 2139 3081 pro-

493 3092 684 3149 babile
722 3094 827 3152 est,
860 3089 1021 3144 hunc
1047 3085 1551 3142 Commentarium
1573 3087 1859 3158 scriptum
1899 3105 2030 3144 esse
2061 3089 2139 3144 ab
2176 3103 2217 3159 ρ

495 3180 812 3252 Euthymio
845 3197 858 3248 ;
889 3184 1085 3233 tamen
1113 3173 1364 3230 dubium
1393 3178 1503 3242 est,
1536 3177 1731 3232 utrum
1763 3177 2134 3248 Zygadenus,

493 3287 571 3328 an
595 3268 942 3341 Zigadenus,
977 3281 1049 3320 an
1079 3262 1413 3332 Zigabenus
1438 3262 1634 3318 dictus
1689 3263 1779 3319 sit.
1813 3264 2137 3337 Plerisque,

493 3363 558 3415 ut
573 3357 845 3422 arbitror,
879 3370 951 3410 ex
979 3353 1071 3409 his
1109 3368 1240 3424 qua
1269 3351 1544 3417 diximus,
1577 3351 1929 3423 probabitur
1957 3357 2140 3424 Zyga-

492 3447 705 3509 denus,
767 3442 931 3517 quod
984 3440 1133 3496 mihi
1174 3441 1355 3495 etiam
1393 3439 1650 3506 interim,
1708 3441 1900 3496 donec
1941 3441 2141 3512 plures

491 3533 728 3592 codices
787 3528 1191 3592 consulantur,
1250 3526 1469 3598 placet.
1523 3529 1591 3581 Ut
1647 3534 1844 3583 autem
1893 3529 2140 3584 lectores

492 3622 727 3691 scirent,
787 3634 924 3691 quae
994 3614 1219 3670 scholia
1265 3615 1326 3669 in
1385 3613 1758 3683 marginibus
1807 3615 2142 3686 legerentur

493 3708 812 3767 Hentenius
841 3707 900 3761 in
929 3702 1225 3776 principio
1257 3717 1485 3768 eorum,
1516 3703 1577 3757 in
1607 3703 1878 3759 versione
1912 3705 2136 3775 Latina,

491 3797 847 3869 ascripserat
902 3791 1140 3864 signum
1211 3790 1427 3862 crucis,
1495 3791 1656 3862 quod
1715 3807 1826 3847 nos
1901 3793 2136 3849 retinui-

491 3903 647 3944 mus.
698 3887 844 3957 Qua
896 3885 984 3958 in,
1007 3881 1172 3937 nullo
1227 3896 1497 3936 meorum
1546 3880 1843 3953 leguntur,
1914 3881 2138 3954 duplici

489 3991 663 4032 cruce
729 3970 962 4042 signavi
998 3969 1060 4023 in
1094 3971 1372 4023 contextu
1413 3969 1633 4023 Graco.
1685 3970 1910 4026 Eodem
1953 3972 2136 4026 modo

486 4061 692 4119 notavi
738 4059 919 4114 etiam
971 4056 1032 4111 in
1086 4055 1358 4110 versione
1412 4055 1619 4109 Latina
1671 4070 1740 4111 ea
1787 4073 1918 4127 qua
1975 4058 2139 4128 apud

489 4149 843 4207 Hentenium
874 4160 998 4201 non
1050 4143 1446 4215 reperiuntur.
1499 4141 1619 4197 Etsi
1664 4143 1925 4199 Hentenii
1965 4144 2140 4201 inter-

486 4238 758 4312 pretatio,
793 4252 862 4292 ex
891 4249 1011 4290 uno
1040 4231 1194 4287 libro
1220 4229 1439 4302 scripto
1468 4246 1770 4302 expressa,
1797 4233 1878 4288 ita
1915 4231 1975 4287 in
2019 4233 2138 4304 ple-

484 4329 692 4398 risque
710 4325 873 4392 locis,
889 4325 1182 4396 quantum
1210 4318 1455 4391 quidem
1471 4317 1689 4389 lingua
1703 4320 1928 4391 patitur
1946 4321 2136 4378 diver-

487 4417 652 4482 sitas,
674 4413 864 4469 ﬁdelis
885 4415 991 4476 est,
1025 4413 1089 4465 ut
1115 4407 1335 4464 codicis
1375 4407 1784 4502 auctoritatem
1917 4410 2136 4466 consti-
2164 4449 2210 4502 Β

483 4503 708 4562 tuendo
758 4498 1056 4572 Euthymii
1085 4499 1360 4552 contextu
1406 4494 1628 4552 habere
1675 4498 1882 4568 possit,
1939 4502 2132 4555 tamen

483 4593 805 4650 occurrunt
833 4589 984 4656 loca,
1043 4586 1164 4641 sive
1199 4584 1551 4656 interpretis,
1589 4584 1711 4639 sive
1743 4585 1962 4641 codicis
2009 4604 2131 4660 quo

480 4697 628 4738 usus
641 4677 932 4750 estculpa,
949 4676 1010 4731 in
1029 4673 1251 4746 quibus
1267 4672 1483 4745 aliquis
1495 4673 2018 4744 possitoffendere.
2049 4679 2129 4734 Ea

482 4769 761 4840 deinceps
791 4765 990 4822 notavi
1022 4769 1077 4819 et
1103 4779 1172 4819 ex
1201 4762 1348 4817 meis
1378 4760 1684 4818 codicibus
1715 4763 2128 4821 correxi.Illud

480 4859 662 4915 etiam
700 4853 1071 4912 monendum
1123 4851 1288 4914 duxi,
1319 4851 1482 4922 quod
1521 4850 1581 4905 in
1621 4855 1870 4922 utroque
1901 4852 2122 4918 codice,

477 4947 617 5002 folio
647 4947 700 5011 3,
737 4946 801 5000 in
835 4943 1035 4999 codice
1061 4939 1306 5014 quidem
1337 4955 1375 4995 a
1407 4939 1520 4994 sub
1550 4938 1812 5008 imagine
1845 4939 2126 5010 Chrysos-

477 5034 645 5097 tomi,
680 5033 740 5086 in
762 5029 1204 5101 b,postlndices
1221 5027 1486 5099 capitum
1517 5031 1776 5098 quatuor
1789 5028 2127 5100 Evangelio-

477 5138 628 5188 rum,
660 5121 723 5175 hi
751 5134 958 5175 versus
985 5118 1282 5185 leguntur.

621 5315 824 5384 Πολλῶν
851 5317 1014 5365 πόνων
1044 5314 1220 5384 ἔρανος
1251 5309 1599 5384 ἠκριϐωμενος
1622 5327 1647 5384 Δ·

619 5383 786 5440 Οὐδὲν
816 5378 1076 5457 περιττὸνξ
1105 5378 1255 5436 οὐδὲν
1283 5378 1463 5434 λεῖπον
1487 5378 1667 5434 ἐνθάδε
1695 5399 1707 5412 ⁸

2253 1883 2454 1933 autem
2475 1878 2738 1934 mirabile
2760 1883 2872 1942 est,
2899 1879 3172 1935 Gracum
3203 1881 3512 1937 hominem
3543 1882 3698 1937 alius
3715 1884 3898 1938 versi-

2251 1964 2356 2020 bus
2369 1982 2468 2036 pro
2480 1968 2602 2021 suis
2635 1984 2803 2022 usum
2823 1984 2970 2024 esse.
2991 1970 3149 2034 Quos
3169 1969 3330 2024 enim
3350 1985 3463 2039 ego
3476 1986 3543 2026 ex
3561 1971 3898 2042 Mosquensi

2251 2054 2453 2109 codice
2507 2055 2957 2124 Evangeliorum
3010 2073 3068 2120 α,
3109 2057 3186 2113 ad
3237 2058 3558 2128 Epistolam
3609 2059 3773 2115 Pauli
3819 2061 3898 2116 ad

2249 2142 2822 2209 Thessalonicenses,
2878 2161 2931 2215 p.
2981 2146 3107 2211 241,
3162 2146 3343 2212 edidi,
3385 2147 3627 2202 eosdem
3664 2163 3735 2203 ex
3781 2150 3897 2205 alio

2251 2230 2450 2285 codice
2471 2230 2732 2287 ediderat
2759 2235 2870 2288 Leo
2901 2232 3165 2303 Allatius,
3203 2236 3282 2290 De
3331 2235 3498 2290 libris
3523 2238 3692 2301 βοείη
3733 2238 3898 2308 apud

2253 2318 2502 2384 Fabric.,
2545 2319 2691 2374 Bibl.
2720 2320 2815 2376 Gr.
2849 2321 2963 2376 vol.
2988 2323 3054 2386 V,
3084 2337 3144 2393 p.
3175 2325 3264 2387 28,
3298 2339 3434 2378 cum
3462 2324 3679 2393 exigua
3709 2326 3896 2382 varie-

2250 2411 2386 2462 tate.

2323 2497 2616 2560 Quoniam
2648 2503 2848 2553 autem
2884 2498 3165 2554 idoneam
3187 2500 3283 2555 hic
3299 2501 3459 2556 nacti
3492 2518 3702 2557 sumus
3731 2518 3900 2559 occa-

2251 2584 2480 2639 sionem
2508 2585 2582 2640 de
2605 2587 2921 2658 Euthymio
2943 2587 3299 2654 disserendi,
3338 2589 3528 2660 primo
3551 2591 3646 2645 hic
3669 2591 3901 2646 addidi-

2249 2688 2383 2726 mus
2412 2674 2834 2743 supplementa
2859 2675 3126 2745 quadam
3150 2677 3225 2732 ad
3247 2677 3569 2734 editionem
3602 2680 3899 2749 PanOplia

2247 2762 2753 2834 Tergobystanam
2770 2779 2783 2817 :
2802 2763 3016 2818 deinde
3037 2765 3364 2836 adjecimus
3389 2768 3561 2821 unius
3588 2767 3802 2822 Psalmi
3822 2784 3895 2824 ex

2247 2850 2422 2907 codd.
2437 2851 2660 2907 scholia
2679 2871 2692 2920 ;
2709 2868 2778 2907 ac
2799 2851 3052 2924 denique
3065 2852 3138 2908 de
3154 2853 3288 2910 aliis
3317 2855 3648 2927 Euthymiis
3665 2857 3894 2912 monui-

2247 2955 2404 3003 mus,
2437 2954 2697 3012 quorum
2737 2940 2803 2995 ﬁt
2839 2941 3063 2996 mentio
3093 2941 3152 2996 in
3197 2942 3504 2998 codicibus
3529 2945 3896 3016 Mosquensi-

2247 3027 2374 3081 bus.

2318 3167 2768 3237 (Supplementa
2804 3169 2885 3224 ad
2921 3169 3226 3227 editionem
3258 3171 3558 3242 Panoplia
3576 3173 3696 3242 ipsi
3710 3175 3895 3231 Pano-

2247 3254 2386 3326 plia
2402 3256 2786 3324 prmisimus
2815 3273 2941 3313 cum
2970 3259 3294 3314 recensione
3317 3261 3577 3317 codicum
3594 3263 3895 3334 Mosquen-

2247 3344 2394 3397 sium
2430 3364 2440 3407 ;
2471 3342 2700 3399 scholia
2730 3345 2903 3399 etiam
2924 3346 3001 3400 ad
3022 3347 3312 3413 psalmum
3342 3362 3435 3403 cxx
3462 3348 3642 3419 hujus
3677 3351 3899 3420 psalmi

2251 3431 2436 3486 textui
2481 3430 2844 3500 subjecimus.
2901 3436 3046 3488 Enrr.
3097 3433 3291 3505 Pun.)

2320 3607 2404 3663 De
2431 3607 2561 3662 aliis
2597 3608 2956 3678 Euthymiis,
2998 3626 3249 3681 quorum
3278 3613 3345 3679 ﬁt
3382 3613 3591 3669 mentio
3637 3615 3701 3670 in
3747 3617 3894 3672 codi-

2708 3697 2867 3753 cibus
2895 3698 3346 3769 Mosquensibus.

2320 3785 2378 3856 a)
2445 3785 2784 3856 Euthymius
2835 3787 3164 3841 monachus
3221 3788 3294 3843 de
3347 3788 3621 3860 apostolo
3673 3791 3895 3849 Thema

2249 3873 2499 3944 scripsit.
2533 3873 2597 3928 In
2638 3872 2841 3928 codice
2879 3873 3018 3927 bibl.
3045 3874 3103 3930 S.
3147 3875 3205 3930 S.
3236 3892 3401 3932 num.
3427 3879 3496 3932 26
3525 3879 3709 3934 in-fol.
3748 3897 3761 3947 ;
3795 3881 3895 3952 qui

2247 3965 2333 4017 est
2359 3961 2846 4016 membranaceus
2877 3977 2974 4016 sec
3011 3979 3070 4028 x,
3099 3968 3197 4019 aut
3239 3981 3316 4030 ιι,
3351 3966 3492 4023 folio
3518 3967 3606 4030 64,
3648 3968 3727 4024 ita
3755 3968 3892 4040 legi-

2248 4056 2394 4105 tur:
2453 4048 2714 4120 Εὑθυμίου
2772 4057 2862 4101 τοῦ
2919 4059 3161 4103 ταπεινοῦ
3213 4062 3452 4124 μοναχοῦ
3518 4059 3770 4128 ἐγκώμιον
3824 4059 3895 4118 εἰς

2245 4141 2332 4190 τὸν
2388 4138 2534 4208 ἅγιον
2578 4142 2762 4208 Θωμᾶν
2812 4142 2896 4190 τὸν
2974 4139 3276 4193 ἀπόστολον⁹
3335 4143 3558 4214 incipit,
3619 4146 3678 4196 Ἠ
3745 4151 3890 4217 πηγὴ

2245 4235 2337 4286 τῆς
2393 4231 2596 4296 σοφίας.
2650 4227 2899 4282 Additur
2953 4234 3252 4298 praterea,
3309 4236 3434 4303 μηνὶ
3473 4231 3777 4306 Οκτωϐρίῳ.
3836 4233 3892 4296 ς’.

2315 4314 2378 4386 b)
2410 4313 2759 4385 Euthymius
2798 4315 3007 4371 abbas.
3036 4318 3099 4373 ln
3131 4317 3331 4374 codice
3357 4318 3619 4390 ejusdem
3640 4321 3785 4377 bibl.
3811 4323 3897 4377 in-

2244 4403 2350 4460 fol.
2396 4418 2568 4460 num.
2605 4403 2668 4460 41
2691 4405 2793 4475 qui
2822 4409 2910 4460 est
2935 4407 3408 4463 membranaceus
3455 4424 3569 4464 sec.
3602 4410 3679 4474 xi,
3713 4417 3893 4478 autx,

2241 4493 2325 4550 ita
2355 4492 2563 4564 reperi.

2315 4581 2472 4638 Folio
2506 4585 2592 4636 39.
2651 4581 2910 4656 Πρόλογος
2939 4591 3029 4635 τοῦ
3085 4585 3157 4657 (s)
3207 4587 3257 4637 ἓν
3301 4587 3473 4657 άγίὸις
3503 4591 3700 4662 Πατρός
3750 4593 3896 4662 ἡμῶν

2241 4674 2524 4744 Εὐθυμίου.
2601 4670 2786 4726 Index
2871 4675 2956 4728 est
3001 4688 3014 4727 :
3071 4679 3155 4744 Τῷ
3207 4677 3503 4746 τιμιωτάτῳ
3555 4681 3643 4730 καὶ
3696 4675 3897 4741 ἀληθῶς

2240 4759 2455 4834 ἐναρέτῳ
2515 4763 2682 4834 Πατρὶ
2765 4769 3094 4833 πνευματικῷ
3161 4761 3300 4834 ἀϐϐᾄ
3355 4770 3613 4839 Γεωργίῳ,
3671 4767 3897 4842 πρεσϐυ-

2237 4853 2368 4924 τέρῳ
2422 4853 2513 4900 καὶ
2588 4850 2876 4921 ἡγουμένῳ,
2949 4851 3234 4923 θεαρέστως
3312 4855 3646 4926 ἡσυχάζοντι
3728 4859 3892 4927 ἓντῷ,

2237 4941 2374 4991 κατὰ
2449 4938 2763 4990 Σκυθόπολιν
2820 4943 2985 5010 τόπῳ,
3035 4940 3330 5013 καλουμένῳ
3387 4942 3586 5012 Βεελλὰ,
3645 4945 3894 5018 Κύριλλος

2237 5027 2601 5102 πρεσϐύτερος,
2684 5026 2732 5078 ἐν
2811 5033 2986 5100 Κυρίῳ
3038 5034 3266 5105 χαίρειν.
3341 5031 3577 5090 Initium
3637 5050 3649 5086 :
3704 5039 3894 5097 Πίστίς

2242 5119 2598 5192 προηγείσθω.

2311 5206 2464 5260 Folio
2497 5205 2584 5260 40.
2644 5210 2758 5266 Βίος
2788 5214 2876 5258 τοῦ
2906 5210 2955 5258 ἓν
2995 5207 3161 5279 ἁγίοις
3192 5210 3392 5283 Πατρός
3424 5212 3571 5281 ἡμῶν
3602 5212 3890 5283 Εὐθυμίου.

2236 5293 2516 5350 Initium:
2582 5294 2639 5346 Ὁ
2693 5300 2963 5366 μονογενής
3016 5299 3153 5359 Υἱός.
3211 5299 3340 5352 Hac
3397 5299 3526 5354 Vita
3564 5299 3757 5356 divisa
3801 5305 3891 5358 est

2234 5383 2296 5438 in
2329 5382 2542 5454 capita.
2589 5383 2702 5439 Sed
2740 5382 2802 5439 in
2849 5383 2962 5441 hoc
3012 5385 3217 5442 codice
3269 5391 3357 5443 est
3401 5387 3627 5444 mutila.
3684 5388 3890 5446 Deﬁcit

546 5602 618 5672 (s)
674 5600 773 5655 Hic
832 5595 1116 5671 prologus
1159 5611 1280 5652 non
1323 5595 1573 5668 scriptus
1626 5599 1714 5651 est
1767 5595 1839 5650 ab
1894 5595 2226 5668 Euthymio,
2279 5596 2382 5651 sed
2433 5595 2512 5652 ab
2556 5595 2793 5667 Cyrillo,
2837 5600 2901 5653 ut
2945 5613 3088 5655 mox
3130 5598 3456 5671 apparebit,
3494 5601 3552 5655 in
3592 5599 3886 5658 honorem

474 5687 796 5763 Euthymii,
827 5686 1160 5758 legiturque
1183 5689 1317 5742 ante
1341 5685 1472 5756 ejus
1502 5683 1718 5741 Vitam.
