4166 6314
239 323 305 378 29
1748 294 2143 377 eamme.
3582 310 3653 378 so

590 577 682 634 Jo.
714 577 992 635 Albertus
1024 580 1325 637 FABRICIUS
1350 581 1412 637 in
1441 582 1817 639 Bibliotheca
1858 582 2064 639 erca
2090 581 2206 639 vol.
2236 584 2347 649 VII,
2381 596 2521 655 pag.
2551 581 2676 636 474.
2706 580 3032 651 Hamburgi
3058 580 3217 646 1727,
3240 582 3293 635 4.

306 711 786 766 Commentarius
831 711 1156 783 (Euthymii
1199 713 1506 786 Zigabeni)
1546 715 1607 770 in
1632 719 1890 786 quatuor
1919 716 1964 768 A
1995 714 2103 773 sed
2143 716 2483 772 recentioris
2528 730 2743 770 manus
2787 714 3078 787 scriptura
3105 713 3317 770 Nicetes
3374 711 3651 769 tribuitur

237 798 572 868 Evangelia,
604 815 677 854 ex
707 800 1130 871 Chrysostomo
1152 806 1206 857 et
1237 802 1363 857 aliis
1388 802 1590 873 priscis
1621 804 1889 859 Patribus

237 905 360 944 non
413 890 541 944 sine
586 889 813 959 judicio
848 890 1130 945 delectus.
1178 894 1295 947 Hoc
1334 908 1575 966 quoque
1604 895 1890 948 eximium

238 993 395 1048 opus
416 993 525 1033 nec
553 978 700 1033 dum
722 977 924 1034 Greece
944 979 1136 1035 lucem
1165 981 1326 1046 vidit,
1354 982 1487 1037 licet
1510 982 1571 1037 id
1594 982 1893 1038 afﬁrment

240 1066 345 1122 viri
375 1067 557 1131 docti,
595 1069 835 1133 Caveus,
872 1069 1021 1123 Elias
1052 1069 1133 1125 du
1163 1070 1289 1137 Pin,
1332 1076 1508 1143 atque
1541 1072 1655 1127 alii.
1691 1071 1891 1127 Latine

241 1172 273 1213 e
307 1155 596 1228 praeclaro
626 1156 836 1212 Codice
868 1158 1010 1215 Bibl.
1044 1158 1301 1215 coenobii
1335 1160 1597 1233 Deiparae
1637 1161 1891 1230 Virginis

240 1244 723 1315 Guadalupensis
738 1246 871 1301 0rd.
893 1248 953 1301 1).
972 1245 1319 1320 Hieronymi
1332 1249 1392 1303 in
1406 1265 1588 1317 regno
1613 1248 1888 1313 Castellm,

234 1333 541 1390 transtulit
567 1334 614 1390 1.
650 1335 989 1400 Hentenius,
1026 1336 1357 1392 accuratior
1395 1338 1556 1405 Zino,
1589 1336 1891 1409 Sauloque

235 1424 553 1494 interpres,
608 1423 782 1493 cujus
839 1424 1031 1479 versio
1080 1425 1300 1495 prodiit
1346 1426 1610 1497 primum
1652 1426 1891 1482 Lovauii

236 1514 399 1566 1544.
451 1511 550 1566 fol.
595 1527 806 1567 recusa
833 1512 913 1583 (q)
947 1513 1128 1569 Paris.
1162 1514 1321 1581 1547,
1373 1516 1529 1582 1560,
1563 1514 1718 1587 1602,
1752 1516 1806 1581 8,
1836 1520 1893 1571 et

238 1599 302 1655 in
334 1599 694 1671 Bibliotheca
721 1600 986 1666 Patrum,
1022 1604 1169 1657 tom.
1201 1603 1339 1657 XIX.
1375 1603 1515 1659 edit.
1552 1603 1739 1674 Lugd.

314 1687 478 1743 Duos
507 1687 743 1743 codices
769 1703 880 1743 ms.
915 1690 1147 1745 Graecos
1168 1690 1350 1761 hujus
1378 1692 1795 1747 Commentarii
1823 1690 1895 1745 si-

239 1775 479 1831 milibus
527 1776 727 1848 qualia
770 1778 1091 1832 Hentenius
1143 1779 1203 1834 in
1240 1796 1347 1835 suo
1395 1781 1611 1852 reperit
1654 1780 1893 1836 scholiis

239 1865 568 1920 instructos
620 1867 682 1920 in
722 1865 867 1921 Bibl.
915 1868 1095 1937 Regia
1133 1868 1458 1925 Parisiensi
1501 1868 1785 1925 evolvisse
1832 1886 1895 1925 se

240 1956 499 2009 testatur
524 1953 686 2010 Bich.
736 1954 983 2019 Simon.,
1016 1956 1110 2011 lib.
1145 1974 1202 2012 Ill
1235 1958 1499 2013 Historise
1530 1958 1755 2013 Criticee
1800 1958 1891 2030 (ν),

1997 804 2161 877 quod
2182 821 2297 859 non
2318 804 2502 874 magis
2522 803 2818 869 credibile,
2849 820 3032 875 quam
3054 819 3259 857 eorum
3289 803 3647 873 conjectura,

1998 894 2100 966 qui
2154 893 2243 948 vel
2288 893 2646 949 OEcumenio
2695 892 2785 947 vel
2828 891 3150 948 Ammonio
3197 891 3392 946 nescio
3424 890 3517 947 cui
3556 889 3651 945 vel

1998 982 2431 1054 Theophylacto
2460 981 2757 1037 ascribere
2787 981 3120 1037 voluerunt.

2073 1072 2240 1127 Plura
2270 1072 2402 1128 loca
2432 1071 2625 1126 Graece
2658 1086 2729 1125 ex
2756 1071 2872 1126 hoo
2905 1068 3345 1126 Commentario
3378 1067 3654 1140 producit

2000 1159 2321 1225 Simonius,
2367 1164 2492 1217 tum
2534 1159 2649 1216 hoc
2702 1160 2893 1231 capite
2935 1162 3059 1213 tum
3100 1157 3178 1230 (δ)
3221 1157 3324 1212 lib.
3362 1160 3399 1211 I.
3444 1172 3501 1228 p.
3548 1157 3651 1213 120

2002 1246 2137 1314 1ἶ15;
2172 1254 2225 1304 et
2255 1248 2357 1305 lib.
2404 1265 2485 1314 ιιι,
2516 1264 2575 1320 p.
2626 1251 2713 1317 84,
2746 1252 2803 1301 et
2852 1247 3053 1316 magni
3099 1262 3235 1301 eum
3281 1245 3415 1301 facit
3448 1245 3505 1299 in
3538 1244 3653 1316 pri-

2000 1337 2136 1402 mis,
2178 1337 2611 1408 assentiturque
2640 1336 2999 1401 Maldonato,
3029 1334 3133 1408 qui
3156 1334 3231 1389 ad
3260 1334 3463 1390 Matth.
3510 1350 3650 1400 xvu,

2000 1426 2051 1490 8,
2089 1426 2473 1499 Euthymium
2502 1426 2561 1481 in
2590 1426 2911 1481 verborum
2956 1423 3417 1496 proprietatibus
3449 1422 3655 1478 obser-

2000 1514 2214 1570 vandis
2283 1514 2801 1584 diligentissimum
2880 1530 3007 1568 esse
3070 1512 3435 1569 observavit.
3501 1513 3656 1567 Inter

2004 1604 2319 1675 scriptores
2337 1620 2366 1660 e
2388 1602 2608 1677 quibus
2628 1604 2816 1659 Aurea
2840 1602 3080 1658 Thomas
3104 1601 3413 1672 Aquinatis
3428 1599 3655 1658 Catena

2002 1693 2063 1749 in
2094 1692 2415 1762 Evangelia
2447 1692 2691 1748 collecta
2732 1697 2837 1756 est,
2890 1691 3181 1763 Euthymii
3212 1706 3435 1745 nomen
3480 1690 3540 1744 in
3568 1706 3651 1744 re-

2003 1781 2358 1837 centioribus
2375 1780 2744 1853 quibusdam
2767 1779 3121 1836 editionibus
3146 1779 3442 1843 additum,
3467 1777 3522 1832 in
3546 1793 3653 1833 an-

2003 1869 2354 1941 tiquioribus
2400 1870 2546 1925 etin
2575 1870 2846 1925 Romana
2874 1868 3010 1922 anni
3063 1867 3221 1933 1670,
3261 1865 3654 1921 desideratur.

2005 1959 2145 2015 Vide
2175 1958 2432 2014 Simonis
2462 1957 2608 2015 Hist.
2649 1957 2920 2013 Criticam
2970 1955 3115 2013 Novi
3142 1958 3288 2012 Test.
3332 1953 3442 2013 lib.
3484 1971 3562 2023 nr,
3593 1971 3654 2026 p.

239 2042 388 2098 Novi
417 2044 570 2097 Test.
604 2058 734 2114 cap.
766 2045 855 2111 29,
884 2043 943 2098 in
974 2061 1231 2117 quorum
1262 2046 1444 2103 altero
1471 2046 1891 2112 Mazariniano,
1928 2068 1971 2123 Β
2006 2047 2108 2103 409
2137 2051 2192 2102 et
2216 2049 2337 2103 473.

312 2219 402 2290 (q)
434 2220 479 2272 A
521 2218 747 2294 Voigtio
776 2218 837 2273 in
878 2218 1160 2290 Catalogo
1190 2221 1333 2294 Hist.
1381 2222 1518 2279 Crit.
1550 2222 1652 2279 lib.
1696 2239 1809 2279 rar.
1841 2240 1893 2294 p.

237 2289 475 2365 7114)-61
496 2289 573 2365 ab
603 2289 752 2365 aliis
779 2297 1144 2365 memoratur
1172 2293 1353 2349 etiam
1383 2310 1453 2349 ex
1484 2294 1742 2365 Theoph.
1770 2289 1898 2349 Sin-

238 2362 371 2438 eeri
395 2360 660 2438 Biblioth.
687 2361 981 2438 ilist_.‘cri_t.
1027 2363 1132 2438 lib.
1164 2380 1281 2438 ra_r.
1326 2380 1384 2435 p.
1426 2366 1532 2420 125
1562 2360 1690 2438 seq.
1716 2366 1897 2438 editio

238 2432 512 2505 Parisina
560 2433 701 2505 anni
753 2432 893 2505 1544
916 2434 1251 2505 _in-87apud
1303 2432 1589 2491 Joannem
1645 2432 1891 2505 Reigny.

240 2501 791 2580 ExcudebatCarol.
821 2502 1102 2580 Guillard.
1130 2501 1247 2580 Sed
1268 2505 1328 2580 in_
1355 2507 1553 2580 Iudice
1577 2501 1898 2580 hujus-edi-

240 2574 452 2654 tionis,
484 2589 663 2654 quem
685 2574 983 2654 integrum
1000 2575 1581 2654 videtureghibuisse
1614 2574 1896 2654 voigtirus,

240 2659 375 2725 non
404 2644 648 2725 legitur:
679 2645 859 2701 Liber
891 2645 988 2702 hic
1032 2662 1215 2717 neque
1254 2648 1457 2704 Graece
1485 2664 1668 2725 neque
1695 2644 1904 2725 Latine

243 2720 428 2771 antea
476 2720 627 2785 typis
674 2731 938 2789 unquam
989 2732 1241 2774 excusas
1287 2724 1409 2778 est:
1456 2736 1587 2790 qum
1624 2720 1906 2789 leguntur

2007 2224 2066 2278 in
2086 2222 2338 2279 editione
2352 2222 2721 2280 Lovaniensi.
2740 2225 2890 2291 Ergo
2913 2224 2975 2278 ut
2994 2220 3243 2283 videtur,
3266 2220 3654 2277 Lovaniensis

2008 2299 2209 2351 tamen
2240 2298 2327 2350 est
2353 2297 2649 2366 princeps,
2681 2294 2785 2349 etsi
2829 2292 3156 2363 reperiatur
3204 2291 3475 2366 Parisina
3506 2293 3657 2366 ejus-

2007 2366 2145 2421 dem
2171 2366 2331 2421 anni.
2354 2363 2540 2421 Forte
2560 2363 2791 2421 'autem
2843 2369 3105 2419 erratum
3158 2367 3247 2416 est
3276 2363 3335 2417 in
3366 2363 3653 2427 numeris,

2008 2452 2078 2492 ac
2106 2451 2216 2517 pro
2268 2436 2411 2517 155M:
2442 2436 2760 2517 legendum
2815 2441 2900 2517 est
2960 2435 3143 2517 154.7._
3180 2438 3242 2489 In
3297 2438 3461 2489 tanta
3527 2433 3657 2489 libri

2007 2504 2244 2564 raritate
2270 2506 2416 2562 nihil
2444 2504 2558 2561 hac
2588 2506 2661 2561 de
2686 2522 2749 2562 re
2788 2509 3009 2561 certum
3050 2504 3260 2561 habeo.

2117 2578 2173 2650 (ν
2225 2580 2782 2633 Commentatorum.

2120 2579 2193 2720 (si
2222 2648 2301 2705 De
2327 2651 2486 2706 textu
2506 2648 2578 2704 N.
2612 2650 2759 2704 Test.

2120 2648 2189 2718 (ε)
2222 2648 2301 2705 De
2327 2651 2486 2706 textu
2506 2648 2578 2704 N.
2612 2650 2759 2704 Test.

566 3030 663 3095 Ex
697 3035 878 3094 tomo
912 3028 1131 3118 primo
1176 3027 1685 3101 Dissertatiom's
1722 3030 2065 3102 historica:
2109 3036 2179 3101 in
2237 3035 2750 3100 Bellarminum
2779 3030 2858 3097 P.
2902 3028 3083 3097 Phil.
3119 3027 3347 3096 Lmen.

308 3184 667 3257 Euthymius
698 3185 1052 3257 Zigabenus,
1093 3190 1430 3245 monachus
1469 3192 1719 3257 Graecus,
1751 3191 1898 3247 vixit
1930 3191 1970 3249 C
2007 3190 2533 3262 conversasperR.
2556 3193 2616 3246 P.
2636 3189 2978 3262 Philippum
3002 3188 3293 3253 Saulium,
3311 3186 3664 3258 episcopum

227 3274 483 3329 ineunte
513 3275 732 3331 saeculo
760 3292 839 3331 xu
871 3281 1289 3350 superstesque
1334 3278 1532 3335 adhuc
1576 3284 1699 3336 erat
1737 3295 1896 3336 anno

231 3365 405 3430 1118,
463 3378 586 3436 quo
633 3363 868 3420 Alexius
899 3367 1237 3422 Comnenus
1274 3368 1598 3439 imperator
1626 3368 1791 3427 obiit.
1832 3401 1899 3411 —

229 3452 494 3524 Scripsit
511 3453 857 3509 orthodoxae
868 3452 1010 3509 ﬁdei
1026 3454 1369 3527 Panopliam
1385 3456 1673 3514 adversus
1687 3473 1898 3514 omnes

229 3541 533 3606 haereses,
559 3542 621 3597 in
646 3543 802 3598 duas
824 3546 1023 3614 partes
1048 3542 1356 3613 tributam,
1385 3544 1699 3617 interprete
1730 3546 1902 3604 Petro

233 3630 567 3686 Francisco
594 3630 732 3686 Zino
744 3630 1063 3687 Veronensi
1083 3632 1373 3689 canonico
1403 3656 1415 3688 :
1445 3634 1905 3691 Commentatio-

235 3734 355 3775 nes
390 3719 454 3774 in
481 3729 704 3783 temnes
740 3719 847 3775 150
874 3719 1165 3790 Psalmos,
1198 3724 1252 3779 et
1290 3722 1498 3777 decem
1538 3738 1722 3778 sacrae
1757 3724 1905 3778 Scri-

237 3811 449 3879 ptura;
503 3807 752 3874 cantica,
803 3824 835 3865 e
876 3808 1082 3867 Graeco
1131 3810 1192 3866 in
1243 3811 1520 3867 Latinum
1569 3826 1907 3867 sermonem

2010 3282 2485 3349 Brugnatensem
2521 3296 2536 3348 ;
2565 3278 3001 3335 Commentaria
3024 3278 3086 3332 in
3117 3272 3457 3347 Evangelia,
3487 3275 3666 3331 inter-

2010 3373 2169 3442 prete
2192 3372 2419 3426 Joanne
2449 3367 2729 3425 Hentenio
2759 3365 3180 3424 Mechliniensi.

2084 3458 2183 3513 Hic
2214 3461 2421 3514 auctor
2442 3472 2477 3512 a
2497 3457 2660 3513 Sixto
2686 3456 2929 3512 Senensi
2952 3454 3203 3523 diligens
3234 3450 3669 3524 Scripturarum

2015 3546 2335 3619 expositor,
2390 3561 2426 3601 a
2483 3544 2783 3604 cardinale
2868 3542 3124 3600 Baronio
3191 3540 3669 3598 accuratissimus

2016 3633 2364 3692 earumdem
2379 3634 2666 3706 interpres
2681 3649 2715 3690 a
2741 3632 2979 3690 Joanne
3001 3630 3358 3695 Maldonato,
3394 3629 3453 3685 in
3469 3629 3670 3686 obser-

2015 3719 2230 3779 vandis
2242 3720 2564 3779 verborum
2591 3720 3053 3794 proprietatibus
3067 3716 3547 3788 diligentissimus
3574 3734 3671 3790 ap-

2020 3810 2301 3883 pellatur.

539 4119 646 4188 Jo.
677 4121 1029 4210 Augustus
1074 4121 1344 4191 ERNESTI
1375 4122 1447 4190 in
1473 4121 1920 4191 Institutione
1954 4124 2244 4206 interpr.
2277 4121 2363 4188 N.
2400 4121 2563 4187 Test.
2604 4119 2773 4186 Pars
2802 4116 2886 4201 II,
2921 4137 3066 4206 cap.
3098 4117 3165 4197 9,
3201 4118 3236 4201 §
3267 4117 3375 4182 24.

308 4284 441 4337 Nec
468 4282 915 4352 praetereundus
947 4281 1309 4356 Euthymius
1337 4282 1692 4352 Zigabenus,
1725 4283 1911 4337 Pano-
1940 4284 1986 4337 D
2021 4279 2297 4338 Sadoleto
2320 4280 2406 4352 (ι),
2429 4294 2612 4353 quem
2634 4278 2755 4335 vid.
2780 4278 2960 4349 Epist.
3068 4279 3173 4331 214
3193 4274 3332 4332 edit.
3361 4290 3500 4331 nov.
3531 4273 3673 4330 add-

225 4369 379 4441 pliee
428 4368 789 4439 Dogmaticae
839 4370 1110 4441 scriptor,
1143 4386 1174 4424 e
1225 4387 1361 4427 saec.
1393 4387 1504 4436 xn;
1545 4372 1714 4443 cujus
1743 4372 1913 4426 Com-

227 4458 587 4513 mentarios
616 4457 677 4513 in
709 4458 1028 4530 Evangelia
1058 4459 1256 4516 Latine
1288 4459 1476 4515 editos
1505 4476 1541 4515 a
1568 4460 1737 4515 Joan.
1768 4461 1913 4514 Hen-

228 4546 415 4603 tenio
435 4544 760 4613 habemus,
780 4548 1001 4619 pariter
1015 4563 1047 4603 e
1061 4548 1488 4620 Chrysostomo
1502 4548 1782 4614 maxime,
1806 4546 1914 4602 sed

231 4639 463 4693 tamen
494 4640 550 4691 et
580 4635 713 4691 aliis
746 4636 975 4704 ductos,
1010 4641 1065 4693 et
1092 4637 1278 4693 doctis
1321 4636 1491 4693 valde
1518 4638 1819 4708 probatos,
1853 4640 1917 4693 ut

434 4811 615 4893 Apud
647 4811 989 4895 Sadoletum
1021 4812 1058 4868 l.
1091 4813 1129 4867 1.
1164 4814 1224 4869 in
1256 4813 1391 4895 edit.
1423 4816 1631 4895 Veron.
1665 4816 1822 4880 1737,
1858 4816 1912 4879 4,

286 4901 300 4941 ι
359 4884 405 4940 il
429 4898 545 4939 nisu
570 4882 686 4939 hoc
715 4899 902 4941 reneri
931 4903 943 4941 :
968 4884 1058 4941 Ab
1075 4885 1524 4941 Euthvmio.cu1
1552 4900 1663 4941 ego
1686 4890 1912 4941 senten-

233 4882 405 4942 nihil
429 4882 545 4939 nisi
570 4882 686 4939 hoc
715 4885 902 4957 reperi
927 4903 943 4956 ;
968 4884 1058 4941 Ab
1075 4885 1412 4957 Euthymio,
1429 4886 1524 4940 cui
1552 4900 1663 4956 ego
1686 4890 1917 4943 senten-

2021 4369 2245 4426 Fabric.
2278 4368 2434 4426 Bibl.
2465 4368 2646 4423 Graec.
2698 4373 2733 4424 t.
2770 4367 2885 4432 VII,
2929 4383 2989 4438 p.
3016 4366 3142 4420 484.
3172 4367 3237 4419 Et
3268 4368 3675 4420 memorantur

2020 4457 2256 4513 codices
2284 4456 2484 4530 scripti
2513 4458 2845 4514 Comment.
2876 4455 2938 4511 in
2961 4454 3138 4527 Epist.
3174 4452 3357 4519 Pauli,
3390 4452 3528 4508 item
3561 4451 3676 4508 Ca-

2021 4546 2297 4604 tholicas.

2024 4815 2383 4887 tiasiBasilii,
2424 4814 2943 4887 Chrysostomique
2985 4813 3276 4887 referenti,
3308 4813 3369 4869 in
3400 4811 3674 4884 Epistolis

2025 4886 2184 4943 Pauli
2217 4883 2754 4944 enotandis'tribuo
2776 4883 3159 4956 permultum.

434 5195 548 5262 Jo.
577 5198 935 5285 Augustus
969 5198 1297 5265 Noessm
1321 5200 1423 5264 De
1453 5198 1725 5266 Catenis
1767 5200 2064 5356 Patggm
2133 5200 2537 5265 Graecorum.
2586 5199 2775 5266 Halae
2818 5198 2899 5265 ad
2941 5196 3161 5265 Salam
3199 5200 3387 5276 1762,
3416 5199 3481 5278 At,

1712 5310 1868 5356 pag.
2042 5310 2228 5356 seua.

1712 5310 1868 5376 pag.
1904 5310 1989 5356 26
2042 5310 2228 5376 seqq.

304 5441 397 5494 Ex
436 5435 656 5492 eodem
684 5451 897 5505 genere
924 5438 1008 5508 (ιι)
1037 5441 1123 5491 est
1148 5436 1443 5509 Euthymii
1471 5437 1752 5506 Zigabeni
1774 5454 1909 5493 saec.

225 5544 309 5603 ιω
322 5525 635 5584 monachi
657 5525 996 5582 monasterii
1021 5524 1677 5597 Constantinopolitani,
1698 5542 1913 5596 cogno-

2024 5438 2230 5494 minati
2263 5446 2356 5500 τῆς
2379 5438 2739 5512 περιϐλέπτων,
2770 5437 3077 5509 ΡίὶιὶοΡΙίξΕ
3132 5436 3478 5507 dogmaticaa
3534 5440 3682 5494 seri-

2023 5528 2225 5600 ptoris,
2286 5528 2759 5584 Commentarius
2811 5527 2870 5581 in
2903 5542 2963 5581 1v
3023 5526 3362 5595 Evangelia,
3421 5538 3602 5592 quem
3647 5542 3682 5581 a

310 5706 405 5776 (υ)
456 5698 828 5773 Exposuerat
864 5701 1137 5773 proxime
1166 5704 1304 5759 ante
1332 5701 1495 5759 hunc
1525 5702 1600 5760 de
1625 5702 2077 5776 Theophylacto.
