4166 6314
480 338 543 394 31
1986 337 2384 394 ΡΗᾸΕΕΑΤΙΟ.
3816 338 3888 391 32

478 462 647 518 Joan.
669 461 952 519 Hentenio
975 463 1035 518 in
1058 464 1332 520 coenobio
1355 464 1520 534 regni
1547 463 1810 519 Castellae
1825 468 2126 536 repertum
2157 463 2198 516 Α
2235 479 2264 517 e
2291 463 2562 532 margine
2584 463 2645 518 in
2676 466 3015 519 contextum
3047 462 3361 535 irrepsisse
3393 461 3752 532 exploratum
3770 468 3885 518 est-

481 554 538 605 et
557 565 588 604 e
605 551 804 606 Graeco
829 551 889 606 in
914 552 1186 608 Latinum
1215 569 1553 609 sermonem
1575 552 1924 608 translatum
1946 551 2126 608 habe-

480 653 616 693 mus
664 643 808 694 tom.
864 640 983 696 XIX
1028 642 1170 697 Bibl.
1204 641 1316 696 PP.
1361 641 1636 698 maximae
1665 640 1874 710 Lugd.,
1907 658 1961 711 p.
2020 640 2127 694 475

482 741 650 798 seqq.
678 728 1040 785 Concinnata
1082 733 1170 784 est
1214 730 1342 784 haec
1391 729 1679 802 expositio
1731 745 1801 785 ex
1834 728 2123 799 Origenis,

481 814 695 882 Basilii,
719 815 980 888 Gregorii
1011 817 1356 873 Nazianzeni
1381 822 1437 873 et
1453 817 1852 889 Chrysostomi
1897 817 2128 889 potissi-

479 903 909 974 mumscriptis,
942 921 1013 960 ea
1029 906 1276 972 ratione,
1320 910 1376 962 ut
1397 906 1804 978 prmtermissis
1844 904 2123 961 omnibus

479 991 970 1059 digressionibus,
995 1009 1130 1064 quae
1157 994 1244 1048 vel
1265 994 1536 1050 dictionis
1556 998 1920 1051 venustatem
1953 995 2127 1050 subo-

478 1079 617 1148 lent,
631 1080 808 1136 velad
825 1082 1208 1151 corrigendos
1226 1099 1420 1140 mores
1438 1087 1726 1156 spectant,
1741 1099 1809 1138 ea
1832 1084 1887 1138 in
1916 1083 2125 1156 primis

479 1167 733 1224 breviter
761 1173 818 1224 et
845 1170 1141 1227 succincte
1161 1171 1370 1237 tradat,
1400 1188 1534 1244 qua:
1561 1172 1637 1227 ad
1656 1188 1897 1228 sensum
1928 1187 2126 1242 gram-

480 1258 770 1313 maticum
787 1257 1236 1329 intelligendum
1256 1261 1512 1317 maxime
1538 1261 1782 1316 faciunt.
1809 1261 1972 1326 Quod
1991 1276 2124 1315 auc-

480 1345 623 1400 toris
651 1345 832 1402 nostri
873 1347 1184 1404 consilium
1211 1366 1348 1405 cum
1395 1349 1525 1405 aliis
1567 1349 1704 1404 viris
1742 1348 1953 1415 doctis,
1995 1354 2124 1404 tum

479 1433 814 1491 Maldonato
840 1437 1162 1505 praesertim
1189 1442 1502 1509 acceptum
1521 1437 1646 1502 fuit,
1675 1437 1777 1510 qui
1801 1437 1858 1492 in
1878 1454 2026 1492 com.
2051 1438 2126 1492 ad

480 1521 676 1578 Matth.
702 1536 842 1588 xvu,
869 1525 923 1590 8,
951 1523 1010 1578 in
1040 1524 1355 1580 verborum
1386 1524 1850 1598 proprietatibus
1887 1524 2127 1595 diligen-

479 1609 772 1665 tissimum
803 1627 939 1666 eum
976 1628 1102 1668 esse
1131 1613 1384 1670 monuit.
1405 1612 1747 1668 Dubitarunt
1777 1617 1978 1669 autem
2007 1612 2122 1678 alii,

479 1701 683 1754 utrum
709 1699 1083 1772 Euthymius,
1107 1717 1184 1757 an
1199 1702 1347 1758 alius
1359 1701 1652 1774 quispiam
1668 1701 1924 1757 auctoris
1952 1701 2126 1757 laude

2233 550 2425 607 Refert
2447 551 2608 607 enim
2641 551 2957 607 Hentenius
2981 551 3041 606 in
3062 551 3226 623 praef.
3253 550 3508 620 margini
3530 551 3884 622 exemplaris

2235 641 2520 712 ascriptas
2538 640 2710 696 fuisse
2727 639 3137 697 adnotationes
3165 640 3258 711 (Ζ),
3293 656 3428 711 quae
3455 638 3669 695 deinde
3703 640 3764 695 in
3795 656 3883 695 re-

2233 727 2409 801 liquae
2440 729 2737 796 scripturae
2766 728 3038 784 ordinem
3076 729 3325 784 redactas
3365 732 3544 800 atque
3575 733 3711 800 post
3749 729 3879 799 ejus

2231 817 2538 889 particulae
2561 822 2754 873 textus
2787 818 3245 884 enarrationem,
3266 816 3342 874 ad
3369 833 3553 888 quam
3574 817 3879 889 poneban-

2233 911 2349 972 tur,
2391 906 2467 961 ab
2490 905 2833 977 ipsolocataa
2877 906 3012 962 sint.
3049 905 3210 962 Unde
3241 905 3419 962 etiam
3447 906 3607 961 haud
3639 905 3880 970 mirum,

2233 995 2398 1068 quod
2431 995 2599 1052 toties
2621 1012 2760 1052 cum
2789 995 3112 1068 exemplari
3144 995 3217 1066 (α)
3247 995 3646 1067 Complutensi
3677 994 3882 1051 Graeco

2232 1088 2290 1140 et
2315 1084 2569 1154 Vulgato
2581 1084 2896 1156 interprete
2908 1087 3216 1155 congruat,
3245 1083 3572 1155 praesertim
3596 1098 3732 1138 cum
3755 1083 3882 1155 ipse

2233 1171 2420 1228 editor
2450 1172 2610 1228 mala
2630 1172 2819 1228 ﬁdein
2833 1172 3185 1242 corrigendo
3210 1170 3461 1226 subinde
3488 1171 3690 1240 egerit.
3727 1176 3808 1227 lta
3823 1172 3880 1226 in

2231 1261 2576 1317 recensione
2600 1261 2867 1317 locorum
2897 1260 3323 1333 quorumdam,
3350 1259 3411 1314 in
3441 1259 3657 1331 quibus
3688 1275 3885 1316 exem-

2234 1348 2362 1421 plar
2393 1349 2657 1405 Hentenii
2697 1349 2814 1405 alia
2855 1349 3132 1414 habebat,
3162 1364 3346 1421 quam
3385 1363 3475 1414 ea,
3534 1364 3670 1420 quae
3697 1347 3878 1418 vulgo

2235 1435 2739 1503 circumferuntur,
2800 1435 3183 1508 exemplaria,
3232 1437 3359 1508 ipse
3410 1435 3543 1492 loco
3591 1436 3686 1492 cit.
3739 1451 3877 1508 pag.

2233 1525 2359 1590 485,
2405 1530 2626 1594 narrat,
2667 1527 2846 1582 verba
2892 1527 3030 1580 Luc.
3081 1542 3196 1596 xtx,
3240 1527 3327 1580 15.
3362 1525 3438 1586 οἷς
3485 1521 3646 1577 ἔδωκε
3695 1525 3774 1597 (b)
3825 1529 3883 1576 τὸ

2237 1612 2480 1688 ἀργύριον
2497 1613 2661 1685 apud
2691 1614 3066 1686 Euthymium
3094 1629 3212 1670 non
3241 1613 3535 1670 exstitisse
3569 1630 3580 1668 ε
3617 1613 3772 1681 Quod
3799 1619 3886 1670 ta-

2237 1702 2598 1774 men,inquit,
2617 1701 2953 1758 addidimus
2969 1702 3125 1760 sicut
3142 1703 3489 1773 quibusdam
3504 1702 3642 1759 aliis
3661 1703 3721 1756 in
3740 1702 3883 1759 locis

479 1787 781 1842 ornandus
812 1789 884 1844 sit
927 1807 940 1855 ;
977 1792 1048 1844 ad
1079 1808 1224 1861 quos
1269 1790 1521 1863 pertinet
1570 1791 1741 1845 Joan.
1789 1790 2124 1854 Hentenius,
2156 1813 2202 1868 Β
2235 1791 2388 1847 idem
2401 1791 2656 1862 fecimus,
2676 1792 2905 1862 quodin
2920 1793 3058 1848 aliis
3088 1791 3525 1862 exemplaribus
3549 1797 3606 1848 et
3636 1793 3693 1845 in
3720 1792 3884 1847 Com-

480 1875 581 1946 qui
598 1876 657 1929 in
688 1876 854 1946 epist.
889 1893 1146 1948 nuncup.
1174 1877 1368 1948 refert,
1400 1878 1670 1950 plurimis
1694 1883 1993 1934 auctorem
2022 1877 2127 1933 hu-

473 1963 575 2033 jus
606 1963 838 2019 Catenae
867 1966 1058 2021 visum
1101 1966 1277 2022 fuisse
1325 1968 1771 2023 OEcumenium.

507 2062 514 2070 ‘
555 2052 668 2107 Sed
695 2067 833 2107 cum
863 2053 1002 2109 illud
1019 2055 1243 2110 videtur
1275 2056 1532 2110 maxime
1553 2055 1901 2125 ambiguum
1925 2056 2017 2121 sit,
2051 2056 2132 2112 ita

479 2154 593 2196 nec
621 2141 834 2197 certius
874 2143 1013 2213 quid
1043 2144 1252 2200 evincit
1271 2144 1521 2199 adducta
1546 2160 1582 2199 a
1607 2143 1766 2200 Rich.
1817 2143 2059 2200 Simone
2089 2144 2126 2198 l.

481 2243 536 2284 c.
554 2243 693 2299 pag.
720 2230 842 2296 410,
867 2232 1226 2302 conjectura,
1245 2232 1904 2305 qua,Theophylactum
1932 2238 2130 2288 aucto-

480 2331 608 2372 rem
648 2333 777 2372 esse
809 2319 921 2374 sibi
937 2321 1266 2390 persuadet.
1301 2321 1410 2388 Qui
1441 2321 1600 2376 enim
1635 2321 1785 2376 inter
1817 2326 2130 2393 utrumque

481 2405 790 2463 intercedit
817 2424 1164 2477 consensus,
1186 2410 1274 2467 vel
1304 2427 1340 2466 a
1371 2412 1812 2482 Chrysostomo,
1841 2415 2130 2482 tanquam

482 2496 790 2551 communi
806 2496 983 2563 fonte,
999 2497 1186 2566 ﬂuxit,
1214 2499 1303 2556 vel
1324 2499 1373 2554 si
1386 2499 1747 2570 singularem
1778 2498 2132 2569 dogmatum

481 2585 890 2655 quorumdam
908 2589 1306 2643 tractationem
1339 2593 1583 2660 Spectes,
1599 2603 1634 2643 a
1650 2585 1930 2642 stabilitis
1951 2588 2011 2642 in
2029 2589 2134 2642 Ec-

483 2671 665 2728 clesia
683 2673 958 2730 Orientali
979 2675 1116 2730 ﬁdei
1135 2676 1449 2747 capitibus.
1478 2679 1692 2731 Verum
1709 2675 1927 2746 saepius
1946 2675 2135 2730 disce-

483 2759 623 2815 dere
648 2761 1028 2834 Euthymium
1055 2764 1536 2836 aTheophylacto
1560 2763 1772 2818 cumin
1793 2764 2135 2834 interpreta-

483 2848 663 2913 tione,
699 2855 822 2906 tum
846 2851 905 2906 in
934 2851 1201 2919 lectione,
1232 2851 1502 2923 exempla
1533 2850 1941 2920 comprobant.
1966 2851 2054 2906 Ita
2081 2867 2132 2906 e.

484 2953 534 2993 c.
582 2953 718 2993 cum
777 2940 1210 3012 Theophylacto
1262 2940 1501 3012 quidem
1541 2943 1600 2995 et
1660 2938 1784 2994 aliis
1828 2940 2136 2995 codicibus

485 3027 784 3097 conspirat
811 3028 872 3083 in
891 3028 1241 3084 lectionibus
1272 3027 1543 3099 supra(x)
1563 3029 1908 3084 memoratis
1937 3028 2134 3084 Matth.

486 3131 562 3180 III,
623 3116 685 3168 11
722 3133 818 3183 ;v,
868 3117 980 3181 47;
1039 3117 1180 3180 Luc,
1239 3133 1334 3183 vn,
1392 3118 1452 3173 31
1485 3122 1536 3172 et
1584 3115 1732 3172 aliis.
1789 3117 1960 3172 Haud
2002 3132 2137 3173 raro

485 3205 687 3258 tamen
709 3203 992 3274 singulari
1009 3203 1254 3260 lectione
1270 3205 1511 3277 gaudet,
1544 3205 1605 3260 in
1623 3203 1983 3276 quibusdam
2017 3209 2140 3261 tan-

488 3291 803 3347 tummodo
833 3295 895 3348 N.
937 3295 996 3348 T.
1039 3293 1342 3349 codicibus
1374 3293 1545 3350 obvia
1581 3312 1593 3361 ;
1625 3298 1684 3346 ut
1714 3293 1883 3349 Joan.
1917 3293 2139 3356 vuiJiO,

491 3378 593 3433 ubi
622 3379 754 3434 loco
806 3384 950 3454 παρὰ
991 3390 1080 3433 τοῦ
1141 3385 1256 3434 θεοῦ
1311 3382 1659 3453 Euthymius
1728 3381 1867 3452 legit
1921 3399 1933 3436 ε
1993 3385 2143 3455 Παρὰ

489 3473 581 3517 τοῦ
631 3471 829 3541 πατρὸς
875 3471 1044 3541 isque
1111 3470 1296 3534 solus,
1352 3475 1408 3523 et
1463 3486 1584 3538 xm,
1634 3471 1724 3534 25,
1768 3470 1899 3524 voci
1955 3467 2141 3530 ἐκεῖνος

491 3553 792 3626 subjungit
809 3555 986 3616 οὓτως.
1018 3557 1164 3612 Cum
1186 3571 1333 3627 ergo
1359 3559 1464 3613 ille
1489 3559 1855 3613 recumberet
1876 3559 1961 3611 ita
1977 3573 2145 3627 super

487 3650 684 3713 pectus
713 3645 873 3711 Jesu,
903 3650 1015 3702 etc.
1046 3647 1215 3712 Quod
1246 3647 1658 3718 interpretatur
1693 3668 1705 3702 :
1739 3647 1835 3702 Ita
1863 3647 2034 3702 sicuti
2061 3663 2145 3701 re-

491 3733 812 3801 cumbebat,
839 3736 947 3791 hoc
978 3742 1180 3792 estnon
1207 3738 1465 3792 elevatus
1485 3749 1509 3807 ,'
1530 3736 1632 3792 sed
1657 3742 1884 3792 tantum
1912 3751 2146 3792 conver-

491 3836 606 3877 sus.
672 3821 948 3880 Similiter
975 3827 1153 3881 Joan.
1215 3842 1338 3894 XIX,
1393 3827 1477 3892 16,
1537 3824 1675 3895 legit
1727 3826 1926 3896 ἤγαγον
1979 3824 2046 3884 εἰς
2086 3827 2142 3876 τὸ

490 3917 828 3986 πραιτώριον.
883 3915 1084 3971 Matth.
1143 3931 1265 3983 xm,
1319 3914 1602 3979 27,deest
1652 3914 1840 3985 σῷαί)
1875 3918 1969 3983 ;et
2000 3913 2140 3969 Luc.

490 4016 549 4058 ν.
595 4003 658 4056 19
683 4002 973 4058 omissum
1013 4003 1518 4073 deprehendimus
1549 3999 1643 4054 διὰ
1674 4007 1812 4057 ante
1840 4007 2014 4062 ποίας.
2076 4003 2140 4057 It.

492 4087 609 4142 Luc
623 4130 636 4142 .
660 4104 797 4154 xxu,
814 4092 902 4157 35,
930 4093 1082 4144 recte
1101 4104 1237 4143 cum
1252 4087 1429 4143 codd.
1447 4087 1810 4160 quibusdam
1826 4088 2039 4144 omittit
2057 4093 2145 4140 καὶ

492 4171 866 4246 ὑποδημάτων.
891 4175 1003 4231 Sed
1053 4175 1249 4232 cautio
1278 4175 1375 4232 hic
1400 4175 1741 4231 adhibenda
1800 4181 1893 4232 est
1925 4191 1995 4232 ac
2023 4175 2149 4231 dili-

494 4263 714 4334 gentia,
733 4269 1064 4336 propterea,
1084 4264 1241 4336 quod
1269 4263 1814 4319 omneslectionum
1838 4263 2148 4320 varietates

495 4351 741 4409 minime
780 4352 858 4408 ab
889 4353 1205 4425 Euthymio
1233 4352 1545 4424 proﬁcisci,
1578 4352 1682 4407 sed
1713 4351 1932 4408 multas
1953 4352 2148 4422 potius

2133 4501 2144 4510 ”
2177 4493 2224 4547 Ι)

571 4627 656 4698 (τε)
684 4626 824 4696 Pag.
853 4627 940 4682 16.
977 4628 1123 4683 Sunt
1160 4630 1360 4698 autem
1385 4625 1478 4680 hae
1512 4643 1524 4681 :
1558 4625 1754 4698 Matth.
1780 4641 1860 4691 Ill,
1890 4626 1950 4680 11
1978 4627 2150 4682 omit-

497 4693 646 4772 titur
666 4693 941 4772 gat—rupi;
962 4698 1155 4772 N._37,
1189 4697 1386 4772 φίλους,
1419 4712 1528 4768 pro
1574 4693 1840 4768 ἀδελφούς.
1885 4698 2021 4753 Luc.
2050 4714 2144 4764 vn,

498 4771 588 4835 3|,
623 4765 866 4839 absunt,
892 4766 999 4821 εἶπε
1032 4765 1089 4820 δὲ
1128 4770 1152 4819 ὁ
1185 4765 1387 4840 Κύριος,

597 4841 656 4910 y)
693 4842 888 4896 Servat
912 4842 970 4895 id
1006 4839 1462 4910 uterquecodex
1497 4853 1687 4910 meus.

597 4908 646 4981 ἐ)
676 4911 836 4967 Idem
913 4928 1100 4983 uoque
1132 4908 1206 4966 de
1239 4911 1513 4966 Parismis
1543 4908 1722 4966 codd.
1757 4908 1934 4964 refert
1964 4909 2150 4964 Simo-

597 4982 730 5036 s.ld
764 4928 1110 5038 intcilligitur
1139 4983 1318 5038 etiam
1358 4999 1423 5037 ex
1453 4981 1560 5036 hac
1584 4980 1837 5035 editione
1869 4984 1926 5034 et
1959 4997 2027 5035 ex
2056 4997 2150 5036 co-

498 4980 730 5038 nius.ld
764 4980 1110 5052 intelligitur
1139 4983 1318 5038 etiam
1358 4999 1423 5037 ex
1453 4981 1560 5036 hac
1584 4980 1837 5052 editione
1869 4984 1926 5034 et
1959 4997 2027 5035 ex
2056 4997 2150 5036 co-

499 5051 1242 5124 dicibusiMosquensibus.
1289 5053 1401 5109 Sed
1453 5055 1566 5108 ista
1626 5051 2031 5107 additamenta
2089 5052 2150 5107 in

501 5123 873 5194 marginibus
907 5123 1130 5178 scholia
1161 5128 1446 5194 spectant,
1483 5137 1604 5178 non
1645 5127 2006 5194 contextum.

571 5195 648 5266 (α)
672 5193 1158 5266 Complutensem
1173 5193 1495 5266 editionem
1520 5194 1833 5249 Hentenius
1848 5193 1921 5266 ad
1943 5209 2152 5266 manus

500 5263 728 5330 habuit,
762 5263 981 5336 ex'qua
1029 5265 1196 5336 etiam
1250 5263 1515 5336 disputat
1571 5271 1777 5319 contra
1830 5264 2149 5319 editionem

501 5336 747 5391 Erasmi.
770 5334 991 5407 Smpius
1010 5335 1184 5390 etiam
1207 5334 1539 5407 versionem
1556 5336 1820 5389 Latinam
1839 5335 2153 5404 Vulgatam

502 5424 612 5480 pro
640 5405 959 5480 Euthymio
1009 5406 1312 5480 expressit.
1346 5405 1408 5459 In
1460 5421 1524 5459 eo
1557 5411 1758 5460 autem
1786 5411 2024 5461 secutus
2068 5411 2154 5460 cst

503 5477 992 5535 consuetudinem
1022 5477 1257 5532 illorum
1300 5483 1653 5545 temporum.

602 5550 632 5603 b
687 5551 887 5605 Servat
917 5550 1046 5605 haec
1089 5555 1332 5620 uterque
1371 5546 1761 5617 Mosquensis.

577 5551 655 5694 lci
687 5621 813 5677 Imo
849 5623 936 5679 68.

602 5636 655 5678 Cl
687 5636 813 5677 lmO
849 5636 936 5678 ὖδ.

2233 1880 2397 1947 plut.
2439 1878 2682 1935 editione
2701 1879 3006 1936 habeatur.
3028 1879 3199 1935 Hisce
3225 1879 3417 1934 naavis
3466 1879 3635 1936 facile
3657 1878 3882 1934 mederi

2237 1967 2566 2038 potuissent
2605 1967 2878 2034 editores,
2912 1968 2960 2023 si
2990 1972 3219 2024 textum
3273 1968 3571 2040 Euthymii
3618 1967 3888 2037 collegis-

2240 2059 2367 2110 sent
2396 2071 2426 2110 e
2443 2055 2746 2110 codicibus
2760 2056 2996 2120 Graecis;
3023 2057 3354 2128 praesertim
3385 2056 3822 2112 Parisiensibus
3833 2061 3890 2112 et

2239 2144 2600 2199 Barocciano
2617 2146 2703 2208 28,
2733 2144 3019 2215 quiMillio
3042 2145 3348 2216 quondam
3375 2146 3435 2200 in
3467 2144 3889 2217 conquirendis

2239 2231 2598 2288 lectionibus
2639 2247 2859 2302 magno
2890 2233 3240 2304 adjumento
3277 2233 3407 2290 fuit.
3450 2233 3598 2290 Illud
3646 2249 3888 2305 quoque

2241 2320 2551 2377 sciendum
2563 2326 2670 2389 est,
2683 2321 3068 2393 Euthymium
3105 2322 3248 2378 iisin
3267 2322 3429 2387 locis,
3451 2322 3555 2378 ubi
3574 2337 3889 2392 argumen-

2239 2415 2366 2465 tum
2396 2425 2459 2465 se
2497 2408 2688 2476 offert,
2721 2410 2878 2482 quod
2901 2411 2964 2466 in
2988 2410 3104 2466 alio
3131 2411 3494 2480 evangelista
3515 2412 3642 2482 jam
3679 2409 3888 2465 diluci-

2240 2498 2444 2554 datum
2467 2502 2612 2568 erat,
2631 2500 3024 2555 transmittere
3049 2499 3327 2555 lectorem
3361 2500 3440 2555 ad
3455 2499 3676 2555 dictam
3709 2513 3890 2570 expo-

2243 2585 2541 2652 sitionem,
2563 2587 2737 2643 citato
2757 2587 3040 2643 nimirum
3048 2589 3220 2659 juxta
3244 2589 3580 2644 Graecorum
3603 2591 3890 2661 supputa-

2242 2677 2466 2733 tionem
2494 2676 2720 2748 capite;
2744 2677 2910 2748 cujus
2947 2677 3242 2748 allegandi
3271 2678 3519 2734 rationis
3555 2678 3888 2733 secundum

2241 2764 2477 2835 majora
2517 2763 2770 2837 κεφάλαια
2840 2765 3119 2821 instituta
3183 2765 3544 2823 mentionem
3621 2765 3890 2836 injiciens

2247 2854 2436 2910 Sixtus
2481 2852 2776 2922 Senensis,
2821 2853 2960 2909 Bibl.
3005 2856 3062 2910 S.
3113 2857 3170 2909 L.
3218 2855 3307 2919 IIl,
3358 2870 3412 2924 p.
3475 2855 3595 2924 166,
3663 2853 3886 2910 refert:

2246 2941 2596 3012 Euthymius
2614 2957 2729 3008 seu,
2752 2948 2818 2997 ut
2847 2943 3202 3014 quibusdam
3233 2943 3485 3009 videtur,
3504 2942 3896 2998 (Ecumenius

2247 3030 2553 3086 distribuit
2582 3031 2979 3101 Evangelium
3001 3031 3347 3087 Matthceiin
3373 3031 3572 3086 titulos
3593 3045 3693 3086 seu
3709 3032 3903 3100 capita

2250 3119 2322 3190 (ε)
2337 3120 2426 3172 86.
2443 3118 2784 3190 Cujusmodi
2797 3119 3201 3175 distinctiones
3213 3118 3378 3190 apud
3391 3121 3652 3175 Marcum
3667 3122 3905 3174 exstant

2248 3210 2316 3262 48
2344 3225 2362 3278 ;
2393 3209 2602 3264 Lucam
2623 3209 2692 3262 83
2723 3223 2737 3273 ;
2769 3209 3063 3264 Joannem
3088 3208 3348 3279 denique
3376 3209 3443 3262 18
3473 3225 3487 3274 ;
3529 3223 3649 3264 non
3697 3223 3908 3264 nume-

2249 3301 2379 3351 rata
2397 3295 2654 3352 sectione
2680 3296 2754 3352 de
2780 3296 3026 3352 muliere
3044 3295 3107 3351 in
3127 3295 3418 3351 adulterio
3441 3295 3897 3368 comprehensa,

2249 3401 2386 3456 quae
2400 3384 2661 3441 narratio
2674 3400 3022 3456 quanquam
3043 3400 3080 3440 a
3091 3384 3308 3440 Graecis
3319 3383 3668 3440 doctoribus
3684 3383 3905 3455 passim

2251 3471 2495 3536 omissa,
2523 3471 2598 3527 ab
2628 3473 2952 3544 Euthymio
2985 3471 3313 3544 explicatur
3343 3472 3447 3542 (ἀ).
3496 3474 3696 3543 Neque
3727 3471 3904 3527 etiam

2251 3562 2503 3618 intactas
2515 3560 2788 3634 relinquit
2800 3561 3146 3626 sententias,
3162 3561 3382 3633 quibus
3400 3565 3562 3616 stant
3575 3563 3676 3632 qui
3693 3561 3902 3617 Graecae

2253 3650 2523 3708 Ecclesiae
2553 3650 2823 3706 addictos
2857 3665 2986 3706 sese
3017 3650 3384 3720 proﬁtentur.
3423 3647 3622 3713 Qualis
3653 3652 3739 3704 est
3778 3649 3900 3718 illa,

2252 3756 2388 3814 quae
2401 3740 2714 3814 progenuit
2737 3739 3176 3796 contentionem
3211 3739 3361 3794 inter
3405 3737 3640 3792 Graecos
3671 3741 3728 3792 et
3752 3737 3903 3793 Lati-

2253 3847 2365 3886 nos
2405 3829 2509 3885 diu
2550 3830 2686 3885 olim
2726 3829 3011 3898 agitatam
3047 3843 3212 3898 ;quo
3244 3827 3465 3883 scilicet
3493 3826 3589 3881 die
3628 3826 3897 3881 Christus

2253 3934 2468 3990 agnum
2507 3917 2857 3991 paschalem
2903 3915 3274 3971 comederit?
3312 3931 3490 3988 porro
3525 3914 3793 3970 doctrina
3825 3913 3902 3970 de

2254 4022 2505 4079 operum
2518 4005 2903 4061 retributione
2915 4018 3033 4059 non
3049 4007 3250 4059 statim
3272 4020 3307 4058 a
3319 4007 3508 4059 morte
3519 4001 3778 4072 cujusvis
3792 4002 3906 4058 ini-

2255 4097 2404 4150 tium
2420 4095 2709 4165 capiente,
2733 4092 2839 4148 sed
2856 4091 3190 4148 differenda
3210 4091 3289 4148 ad
3305 4090 3457 4146 diem
3469 4090 3490 4160 j
3503 4089 3676 4144 udicii
3696 4105 3708 4143 :
3733 4088 3906 4145 deni-

2255 4198 2372 4255 que
2386 4183 2565 4238 etiam
2581 4182 2656 4238 de
2680 4181 2900 4253 Spiritu
2913 4184 3121 4238 sancto
3135 4196 3170 4236 a
3195 4179 3322 4235 solo
3345 4181 3510 4234 Patre
3530 4175 3902 4249 procedente.

2257 4270 2352 4326 cui
2368 4269 2640 4342 opinioni
2661 4269 2970 4326 inhmsisse
2989 4268 3339 4340 scriptorem
3359 4269 3633 4322 nostrum
3649 4271 3911 4335 arguunt

2257 4360 2409 4426 loca,
2442 4360 2664 4432 quibus
2697 4358 2980 4430 Spiritum
3008 4360 3287 4414 sanctum
3313 4371 3348 4412 a
3391 4355 3558 4410 Patre
3583 4352 3908 4426 procedere

2330 4616 2411 4698 (ἀ)
2437 4614 2613 4698 Addit
2640 4613 3166 4698 vero-Euthymius
3207 4611 3269 4668 in
3294 4611 3674 4698 ﬁne'cavau
3699 4609 3852 4698 goan
3890 4627 3904 4665 :

2257 4680 2624 4745 Scireautem
2637 4691 2880 4753 oportet,
2909 4684 3055 4754 quod
3065 4698 3155 4747 ea,
3195 4699 3320 4754 quae
3339 4681 3408 4738 ab
3426 4680 3530 4737 hoc
3543 4680 3908 4754 loco/taben-

2259 4766 2373 4823 tur,
2405 4774 2581 4828 usque
2603 4751 2682 4812 ad
2706 4771 2858 4828 eum,
2888 4751 3002 4826 quo
3030 4751 3258 4828 dicitur.
3278 4754 3645 4828 Iterumergo
3675 4751 3908 4828 locutus

2259 4822 2503 4886 est’illis
2527 4831 2708 4892 Jesus,
2742 4822 2948 4881 dicens
2977 4842 2988 4878 :
3019 4847 3046 4873 ι(
3082 4827 3200 4892 Ego
3235 4841 3368 4878 sum
3393 4823 3491 4877 lux
3521 4822 3751 4886 mundi,
3787 4842 3814 4872 »
3841 4823 3907 4878 in

2260 4899 2649 4959 exactioribus
2677 4895 3119 4966 exemplaribus
3136 4903 3234 4950 aut
3257 4910 3375 4949 non
3389 4893 3789 4966 inveniantur,
3805 4900 3908 4947 aut

2259 4971 2413 5028 obelo
2443 4973 2709 5039 con/ossa
2756 4965 2894 5033 sint,
2929 4983 3013 5034 eo,
3067 4967 3221 5037 quod
3266 4965 3559 5035 illegitima
3587 4965 3912 5039 uideantur

2261 5050 2315 5100 et
2354 5035 2580 5098 addita.
2598 5042 2672 5094 Et
2689 5039 2866 5110 huius
2881 5035 3295 5110 argumentum
3323 5036 3598 5110 est,quod
3625 5035 3828 5110 nullus
3844 5049 3914 5090 ea

2262 5117 2334 5170 sit
2357 5106 2806 5181 interpretatus.
2829 5109 2940 5166 Sed
2957 5106 3166 5181 minus
3183 5111 3337 5181 recte
3357 5107 3674 5181 verborum
3703 5106 3916 5181 Euthy-

2263 5176 2624 5240 miisensum
2640 5181 2978 5254 percepisse
3006 5179 3234 5254 videtur
3268 5176 3918 5254 Henteniu_s,quon_iam

2263 5257 2325 5310 in
2338 5254 2570 5310 duobus
2582 5246 2734 5309 mss.
2758 5246 3081 5316 codicibus,
3099 5250 3232 5305 huic
3248 5248 3570 5320 exemplari
3585 5246 3919 5320 admodum

2266 5326 2578 5391 similibus,
2622 5340 2775 5396 quos
2824 5325 3258 5396 commemorat
3315 5317 3481 5396 Riclj.
3537 5317 3833 5396 Simonrl.
3869 5333 3918 5372 c.

2265 5388 2572 5472 βδεῖ-θῇ
2602 5388 2781 5451 verba
2825 5396 2906 5448 ita
2946 5409 3022 5472 se_
3049 5393 3287 5472 habe-nt.
3317 5388 3469 5472 lupas
3500 5394 3592 5472 τόγ’
3617 5391 3923 5472 Χρυσὸστιο-

2265 5461 2515 5542 imp-4310c;
2557 5461 2914 5540 μνημονεῦσαι
2962 5464 3123 5534 αὐτῷ.
3183 5464 3279 5518 Ita
3333 5461 3600 5518 NOesselt
3653 5461 3717 5515 in
3773 5465 3919 5514 nota

2265 5540 2342 5596 ad
2381 5540 2440 5595 h.
2476 5541 2515 5595 ι.
