4166 6314
263 286 323 343 33
1746 270 1892 336 PRA

2013 273 2147 345 ΤῙΟ,
3563 284 3653 340 ’34

263 408 466 469 asserit,
492 406 663 461 nulla
692 406 816 461 Filii
848 406 999 463 facta
1029 406 1326 461 mentione
1343 406 1435 475 (e).
1476 405 1723 476 Reliqua
1751 422 1883 477 quae
1919 406 1963 459 A
1996 409 2089 459 net
2122 419 2157 460 a
2184 403 2486 459 nonnullis
2518 404 2833 476 Euthymio
2859 408 3197 477 ascriptam,
3233 408 3388 463 Rich.
3446 408 3651 464 Simon

263 494 534 567 Euthymii
567 496 810 549 nomine
836 496 1103 549 feruntur
1134 495 1372 565 scripta,
1406 495 1678 547 nondum
1711 494 1882 558 edita,

258 602 387 640 num
413 583 851 652 abeoprofecta
876 583 1012 646 sint,
1034 582 1407 653 exploratum
1431 599 1543 636 non
1571 582 1883 636 habemus.

255 676 400 728 Certe
424 673 584 743 quod
609 671 685 727 ad
706 671 1140 741 Expositionem
1163 670 1543 740 epistolarum
1568 670 1731 724 Pauli
1763 670 1890 725 atti-

317 850 385 917 (ρ)
408 850 489 903 ita
517 848 594 903 ad
623 848 795 903 Joan.
818 864 929 910 xw,
957 850 1047 901 to.
1080 849 1144 901 Et
1174 847 1348 901 datur
1369 846 1609 918 quidem
1635 863 1670 899 a
1702 847 1889 901 Patre.

253 926 440 991 utpote
473 920 554 974 ab
582 919 681 973 illo
712 918 1060 989 procedens,
1081 918 1327 991 mittitur
1341 917 1478 991 vero
1510 917 1698 972 aFilio
1720 919 1892 989 quasi

251 988 590 1061 cooperans,
622 995 677 1044 et
706 988 826 1061 non
858 989 1203 1061 contrarius.
1228 988 1508 1044 Similiter
1528 1006 1581 1061 c,
1603 1004 1733 1061 _7xv,
1766 992 1890 1044 26.:

252 1059 388 1116 Vide
412 1066 629 1120 autem.
655 1060 818 1131 quod
844 1059 1017 1114 mittit
1036 1060 1273 1130 quidem
1298 1075 1433 1113 eum
1469 1059 1735 1121 etFilius,
1768 1064 1895 1114 tan-

1998 492 2141 547 Bibl.
2174 494 2295 547 crit.
2320 493 2391 547 de
2428 494 2507 547 Du
2544 493 2645 547 l’in
2676 494 2714 548 Ι.
2756 512 2803 548 c.
2837 510 2975 567 pag.
2997 497 3120 561 323,
3143 512 3240 551 eos
3270 496 3649 568 Euthymium

1998 598 2133 635 cum
2164 582 2518 636 OEcumenio
2542 589 2941 639 commutasse
2965 584 3216 655 judicat.

2001 862 2185 916 quam
2218 845 2489 915 ejusdem
2524 862 2659 900 cum
2686 850 2847 901 Patre
2864 846 3101 902 honoris
3134 866 3374 914 ;verum
3397 852 3456 906 id
3484 870 3517 906 a
3549 853 3651 906 Pa-

2004 923 2085 970 tre
2112 921 2273 986 puta,
2323 918 2762 991 procedentem.
2819 918 3084 991 Procedit
3136 920 3335 991 itaque
3397 938 3433 976 a
3464 926 3651 987 Patre,

2008 991 2295 1113 tqinguzlim
2355 989 2422 1041 de
2479 988 2600 1057 ejus
2660 989 3013 1043 substantia.
3062 988 3315 1046 Noesselt
3364 993 3427 1046 in
3483 994 3655 1048 Notis

2008 1074 2040 1110 α
2159 1097 2171 1108 .
2226 1099 2237 1111 .

2005 1074 2080 1111 αα
2111 1074 2171 1111 Ιι.
2199 1074 2237 1111 ι.

682 1426 1239 1517 JOANNIS
1378 1420 2033 1511 HENTENII
2173 1422 3232 1518 MECHLINIENSIS

1484 1612 1861 1673 EPISTOLA
1906 1609 2429 1672 DEDICATORIA

310 1909 713 1966 lllustrissimo
743 1924 812 1965 ac
841 1907 1335 1966 reverendissimo
1360 1906 1597 1963 domino
1629 1905 1693 1959 ι).
1718 1906 1894 1959 Fran-
1929 1904 1970 1957 Β
2006 1902 2251 1957 humius
2272 1903 3093 1975 consul,quiignominiosam
3109 1924 3322 1980 pacem
3335 1927 3475 1967 cum
3495 1912 3666 1969 Clau-

244 1999 398 2055 cisco
452 2016 493 2054 a
548 1997 862 2053 Bovadilla
900 1997 1184 2069 episcopo
1238 1995 1557 2065 Cauriensi,
1613 1992 1899 2050 archidia-

242 2104 392 2144 cono
444 2087 752 2149 Toletano,
806 2090 915 2142 etc.
965 2085 1224 2141 Joannes
1298 2083 1615 2139 Hentenius
1673 2081 1900 2139 Mechli-

241 2175 486 2239 niensis,
523 2173 579 2229 S.
616 2175 678 2229 D.

311 2265 366 2320 Si
385 2263 608 2319 bonum
629 2278 700 2318 eo
715 2262 1087 2335 priestantius
1100 2276 1230 2316 esse
1252 2265 1478 2333 quanto
1500 2260 1897 2325 communius,

241 2368 418 2408 nemo
432 2357 525 2407 est
536 2351 629 2406 vel
640 2350 1014 2406 mediocriter
1029 2349 1239 2406 morali
1250 2349 1633 2422 philosophia
1654 2349 1901 2404 instruc-

241 2448 331 2496 tus
353 2442 458 2513 qui
476 2439 725 2506 dubitet,
742 2438 1352 2511 praesulamplissime,
1367 2439 1646 2493 virtutum
1666 2454 1735 2493 ac
1757 2437 1900 2493 litte—

242 2545 439 2585 rarum
473 2528 724 2585 antistes
757 2543 915 2593 ;non
946 2529 1054 2583 erit
1090 2527 1271 2582 etiam
1298 2527 1393 2598 qui
1422 2526 1705 2596 ambigat,
1741 2543 1900 2582 com-

241 2632 423 2673 mune
435 2617 673 2673 bonum
683 2616 917 2688 privato
929 2631 1056 2670 esse
1067 2614 1527 2687 praeponendum
1538 2615 1737 2687 .ldque
1750 2615 1901 2671 adeo

242 2720 453 2759 verum
483 2708 593 2767 est,
624 2708 689 2759 ut
719 2703 897 2758 etiam
933 2702 1196 2759 Christus
1248 2702 1716 2759 sacratissimum
1738 2703 1901 2760 illam

243 2794 427 2849 vitam
482 2809 655 2849 suam
696 2791 875 2846 vilem
908 2791 1195 2856 habuerit,
1220 2807 1341 2862 quo
1375 2791 1650 2847 universo
1702 2792 1901 2862 generi

245 2881 527 2937 humano
539 2879 699 2935 salus
711 2880 994 2950 adempta
1017 2880 1209 2951 possit
1229 2879 1469 2934 restitui.
1495 2882 1709 2935 Verum
1732 2896 1805 2936 ne
1818 2880 1903 2935 di-

252 2973 347 3025 cat
358 2968 663 3041 quispiam
676 2967 886 3023 Christi
899 2971 1298 3039 operautpote
1311 2967 1510 3023 divina
1522 2983 1676 3039 nequ
1686 2985 1903 3040 aquam

247 3059 309 3113 in
343 3072 669 3113 numerum
722 3072 850 3112 esse
901 3056 1230 3125 redigenda
1267 3072 1278 3109 :
1320 3072 1427 3125 age
1468 3060 1525 3112 et
1553 3056 1625 3111 ab
1652 3057 1902 3113 ethnicis

233 3162 480 3219 quoque
507 3160 730 3217 paucos
755 3144 830 3199 de
872 3144 1188 3199 innumeris
1216 3145 1561 3209 referamus,
1597 3146 1701 3217 qui
1728 3162 1900 3201 suam

2006 1989 2105 2045 dio
2138 1990 2342 2046 Pontio
2376 1992 2730 2048 Samnitium
2757 1993 2909 2050 duce
2922 1995 2997 2050 ad
3036 1996 3228 2052 furcas
3246 1999 3545 2057 Caudinas
3567 2017 3664 2072 pe-

2006 2078 2237 2150 pigerat
2251 2094 2319 2133 ac
2334 2080 2761 2151 spoponderat,
2776 2086 2978 2139 auctor
2994 2084 3104 2140 fuit
3118 2088 3441 2152 senatui,ut
3455 2104 3664 2145 secum

2007 2166 2237 2237 collega
2266 2182 2334 2223 ac
2350 2168 2601 2224 tribunis
2631 2170 2732 2241 qui
2752 2176 3026 2227 auctores
3044 2176 3384 2244 sponsionis
3404 2176 3660 2244 fuerant,

2007 2270 2114 2326 per
2142 2255 2402 2310 fceciales
2428 2259 2623 2312 nudos
2648 2259 2995 2331 vinctosque
3010 2262 3376 2319 Samnitibus
3397 2265 3658 2333 dederet,

2008 2358 2129 2414 quo
2167 2343 2421 2413 pOpulus
2449 2345 2755 2400 Romanus
2782 2346 2855 2402 ab
2886 2348 2985 2402 illa
3030 2365 3176 2419 pace
3208 2351 3552 2409 solveretur.

2081 2433 2146 2496 Q.
2207 2431 2460 2486 Ceditius
2526 2434 2796 2489 tribunus
2871 2436 3145 2505 militum,
3196 2454 3377 2510 quem
3434 2441 3665 2498 videtur

2008 2520 2166 2576 Titus
2183 2520 2377 2575 Livius
2404 2521 2829 2593 Calphurnium
2862 2525 3191 2582 Flammam
3210 2545 3442 2595 vocare,
3471 2531 3664 2602 primo

2013 2606 2165 2663 bello
2198 2608 2416 2663 Punico
2474 2625 2611 2665 cum
2650 2612 3107 2681 quadringentis
3142 2615 3427 2672 militibus
3456 2618 3571 2683 vel,
3601 2623 3667 2674 ut

2009 2695 2187 2751 habet
2206 2695 2427 2769 Livius,
2455 2715 2592 2753 cum
2620 2702 2917 2770 trecentis,
2949 2703 3059 2757 nisi
3093 2703 3361 2760 fortassis
3387 2706 3483 2761 hic
3513 2706 3665 2763 alius

2010 2785 2201 2849 fuerit,
2234 2786 2409 2841 morti
2438 2802 2499 2841 se
2530 2787 2771 2843 tradidit
2800 2805 2811 2843 :
2848 2790 3077 2846 utdum
3123 2792 3182 2847 in
3214 2808 3335 2859 eos,
3368 2794 3665 2851 tumulum

2010 2873 2337 2945 quemdam
2395 2876 2712 2947 capientes,
2770 2883 3176 2936 averterentur
3234 2883 3435 2938 hostes
3485 2884 3665 2954 legio-

2009 2977 2117 3017 nes
2173 2978 2308 3017 cum
2350 2964 2697 3019 consulibus
2751 2966 3189 3033 circumventas,
3237 2970 3567 3027 incolumes
3594 2988 3667 3028 ex

2009 3049 2316 3105 obsidione
2354 3050 2640 3117 liberatae,
2697 3056 3140 3125 pertransirent.
3177 3057 3376 3113 Simile
3428 3075 3667 3132 quoque

2009 3139 2132 3209 egit
2147 3138 2357 3194 Decius
2371 3140 2640 3195 tribunus
2659 3142 2912 3197 militum
2928 3160 3066 3200 cum
3079 3147 3327 3201 consule
3340 3148 3398 3202 P.
3431 3148 3668 3205 Valerio

232 3249 615 3306 suorumque
631 3234 811 3289 vitam
825 3232 1130 3289 communi
1147 3232 1307 3288 bono
1324 3233 1821 3305 posthabuerunt.
1836 3236 1901 3291 In
1939 3246 1980 3301 ί]
2008 3228 2278 3292 (ἒοΐνὶηο,
2303 3228 2547 3298 junctus
2562 3230 2815 3285 hastatis
2830 3232 3007 3287 unius
3031 3233 3279 3303 legionis
3297 3237 3668 3308 (quanquam

228 3323 445 3396 primis
470 3328 677 3379 autem
691 3321 981 3378 occurritJ
990 3320 1163 3377 unius
1188 3321 1283 3377 ille
1300 3323 1523 3389 Brutus,
1546 3322 1778 3394 primus
1793 3327 1900 3379 Ro-

224 3428 427 3467 manae
460 3410 753 3467 libertatis
784 3414 1064 3481 assertor,
1101 3410 1202 3481 qui
1235 3410 1511 3481 proprios
1534 3410 1708 3477 ﬁlios,
1734 3412 1898 3483 quod

226 3500 495 3557 fuissent
521 3498 751 3556 consilii
787 3498 863 3554 de
894 3497 1248 3554 reducendis
1294 3499 1533 3570 regibus
1560 3500 1895 3573 participes,

233 3590 428 3645 securi
456 3589 644 3661 jussit
672 3587 924 3659 percuti:
956 3588 1191 3643 tametsi
1222 3602 1291 3643 ex
1311 3603 1519 3643 eorum
1550 3590 1711 3644 caede
1732 3576 1901 3659 gravi

230 3678 355 3748 ipse
389 3677 766 3734 sauciaretur
790 3674 1035 3730 vulnere
1066 3693 1078 3739 ;
1111 3674 1249 3747 quis
1288 3676 1448 3730 enim
1476 3692 1646 3731 amor
1674 3678 1901 3749 aequari

232 3768 426 3838 possit
451 3771 699 3838 patrum
727 3779 869 3833 erga
887 3763 1055 3827 ﬁlios,
1082 3762 1317 3818 amori?
1342 3766 1459 3818 Nec
1478 3763 1536 3817 id
1561 3779 1702 3819 sane
1722 3765 1902 3835 Virgi-

234 3854 388 3909 lium
412 3855 614 3922 latuit,
644 3853 748 3923 qui
777 3852 850 3907 de
879 3867 950 3907 eo
975 3852 1236 3923 loquitur
1266 3850 1325 3905 in
1353 3852 1513 3906 hunc
1540 3853 1779 3907 modum
1815 3870 1825 3906 :

246 3944 348 3997 Vis
373 3950 428 3998 et
466 3942 829 4012 Tarquinios,
862 3955 1025 4010 reges
1055 3941 1420 4012 animamque
1450 3941 1757 4009 superbam

244 4015 483 4091 {litoris
500 4011 693 4091 Bruti,
722 4013 1033 4091 fascesque
1056 4011 1253 4091 videre
1273 4019 1526 4079 receptos
1557 4014 1585 4066 f

235 4086 512 4141 Consulis
540 4082 845 4153 imperium
878 4082 974 4137 hic
1004 4082 1226 4149 primus
1250 4097 1544 4153 sgevasque
1571 4098 1795 4140 secures

228 4157 513 4225 Accipiet
545 4172 556 4209 :
591 4152 869 4224 natosque
894 4157 1235 4225 paternova
1268 4152 1420 4208 bella
1440 4152 1725 4225 inoventes

229 4228 319 4282 Ab
332 4224 581 4295 penam
605 4227 855 4294 pulchra
883 4239 991 4290 pro
1014 4224 1281 4279 libertate
1296 4224 1521 4280 vocabit

227 4300 493 4369 Infelix,
529 4308 840 4369 utcunquc_
849 4296 1049 4369 ferent
1077 4309 1141 4369 ea
1164 4295 1594 4369 facla_nepotes
1623 4314 1635 4351 :

235 4365 450 4426 Vincet
480 4383 653 4425 amor
679 4365 908 4437 patria,
962 4365 1315 4437 laudumque
1336 4365 1620 4422 immensa
1671 4368 1898 4436 cupido.

300 4478 361 4531 P.
390 4474 613 4532 Decius
634 4473 767 4529 Mus
797 4487 936 4527 cum
958 4470 1203 4526 consule
1234 4472 1295 4526 Τ.
1340 4471 1573 4542 Manlio,
1603 4474 1903 4546 Torquato

2008 3316 2121 3371 hos
2155 3315 2395 3373 fortuna
2423 3316 2783 3389 liberaverit)
2816 3334 2890 3374 ne
2909 3319 3108 3376 hostes
3134 3324 3430 3379 Samnites
3469 3325 3529 3380 in
3559 3341 3665 3382 eos

2009 3411 2365 3476 pugnarent.
2400 3408 2553 3461 Inter
2607 3408 3083 3465 Lacedaemonios
3129 3410 3339 3482 ingens
3371 3421 3460 3469 est
3486 3414 3667 3485 hujus

2010 3493 2175 3548 modi
2233 3496 2401 3565 copia
2461 3494 2872 3567 exemplorum
2909 3517 2920 3555 :
2958 3514 3164 3555 verum
3201 3502 3484 3574 praecipui
3537 3518 3666 3559 sese

2009 3582 2155 3636 mihi
2178 3581 2433 3637 offerunt
2450 3583 2621 3638 Buris
2645 3589 2700 3639 et
2720 3586 2964 3657 Spartis,
2984 3587 3081 3659 qui
3112 3589 3190 3644 ad
3219 3593 3442 3647 Xerxen
3464 3593 3667 3649 Persa-

2008 3687 2146 3726 rum
2160 3687 2359 3741 regem
2384 3678 2593 3742 sponte
2621 3675 2864 3745 profecti
2882 3681 3047 3731 sunt:
3076 3679 3267 3734 daturi
3282 3696 3494 3751 poenas
3516 3697 3669 3753 quas

2011 3758 2445 3814 Lacedaemonii
2463 3760 2634 3830 juxta
2653 3763 2971 3817 oraculum
2990 3766 3245 3834 pendere
3260 3767 3581 3835 debebant,
3598 3786 3670 3827 eo

2012 3846 2177 3919 quod
2208 3848 2489 3903 Oratores
2528 3864 2565 3902 a
2586 3848 2762 3903 Persa
2787 3850 3001 3905 missos
3040 3853 3415 3911 occidissent.
3437 3858 3503 3911 Hi
3528 3874 3670 3929 ergo

2014 3950 2142 3988 cum
2184 3934 2262 3989 ad
2291 3937 2508 3990 Xerxen
2529 3935 2847 4003 venissent,
2875 3938 3183 4010 jusserunt
3221 3946 3284 3998 ut
3315 3958 3375 3999 se
3406 3959 3673 4015 quocun-

2012 4038 2128 4094 que
2161 4024 2335 4077 modo
2369 4023 2681 4089 videretur,
2733 4042 2842 4097 pro
2888 4028 3350 4087 Lacedaemoniis
3389 4033 3674 4091 interﬁce-

2013 4118 2117 4165 ret.
2148 4111 2416 4182 Cumque
2462 4128 2563 4167 rex
2594 4113 2877 4185 pietatem
2935 4116 2994 4171 in
3025 4121 3283 4189 patriam
3315 4120 3671 4189 admiratus,

2013 4200 2473 4273 animorumque
2505 4201 2927 4274 fortitudinem,
2950 4205 3395 4265 liberassetillOs
3412 4227 3449 4266 a
3473 4228 3673 4283 paena,

2014 4294 2351 4361 peteretque
2384 4295 2446 4345 ut
2484 4292 2647 4362 apud
2682 4309 2744 4347 se
2778 4299 3083 4351 manerent
3132 4315 3142 4351 :
3179 4297 3292 4362 Qui
3322 4314 3673 4370 possumus,

2011 4376 2302 4447 inquiunt,
2337 4377 2433 4432 hic
2462 4378 2673 4448 vivere,
2705 4380 2912 4437 relicta
2945 4384 3151 4453 patria,
3196 4387 3519 4459 patriisque
3542 4389 3678 4462 legi-

2012 4464 2127 4519 bus
2156 4479 2226 4520 ac
2240 4464 2669 4538 viris,quorum
2705 4470 2895 4538 gratia
2915 4474 3147 4527 tantum
3180 4474 3677 4548 itersuscepimus

225 4573 445 4622 contra
460 4562 707 4620 Latinos
739 4576 1040 4633 pugnans,
1057 4576 1195 4615 cum
1212 4576 1578 4631 responsum
1605 4566 1759 4618 esset
1774 4579 1904 4619 ora-
1939 4590 1984 4644 D
2016 4553 2287 4644 m9l‘itlll‘i
2317 4554 2345 4608 7
2365 4554 2515 4619 QUid
2555 4557 2727 4611 COdI‘i
2755 4559 3205 4617 Αὼθηίθηείυω
3233 4565 3386 4634 regis
3418 4571 3675 4623 mortem

226 4654 389 4720 culo,
424 4652 626 4711 utrius
656 4651 947 4708 exercitus
975 4649 1298 4721 imperator
1329 4649 1589 4719 legiones
1616 4650 1900 4717 hostium,

228 4759 424 4816 seque
458 4755 641 4812 super
687 4754 791 4795 eas
823 4737 1184 4801 devovisset,
1214 4738 1342 4807 ejus
1374 4738 1569 4808 populi
1598 4739 1905 4812 partisque

230 4831 361 4887 fore
402 4828 725 4887 victoriam
756 4842 769 4891 ;
798 4842 860 4882 se
896 4825 1097 4897 ipsum
1126 4841 1236 4896 pro
1277 4825 1585 4880 communi
1615 4828 1904 4883 exercitus

227 4922 435 4978 salute
470 4917 733 4975 devovit.

306 5011 613 5079 Idemque
644 5004 779 5062 fecit
805 5004 960 5059 ﬁlius
972 5003 1100 5074 ejus
1117 5002 1330 5059 eodem
1352 5002 1687 5074 appellatus
1716 5007 1906 5061 nomi-

226 5116 321 5167 ne,
359 5115 513 5156 cum
540 5097 669 5166 jam
698 5093 935 5150 tertium
963 5090 1172 5149 consul
1203 5091 1429 5155 fuisset,
1459 5093 1760 5165 semelque
1778 5109 1907 5149 cen-

228 5205 334 5244 sor
368 5205 379 5243 :
418 5200 689 5258 quorum
722 5182 903 5237 etiam
944 5180 1033 5235 his
1054 5179 1250 5235 verbis
1280 5183 1455 5251 poeta
1481 5183 1751 5237 meminit
1784 5201 1795 5237 :

224 5278 391 5343 Quin
429 5275 640 5331 Decios
678 5274 1010 5343 Drusosque
1038 5270 1239 5343 simul,
1290 5282 1620 5343 scepumque
1642 5274 1836 5328 securi

221 5341 448 5419 Aspice
491 5348 845 5415 Torquatum
871 5341 924 5398 et
955 5341 1302 5409 referentem
1331 5341 1505 5411 signa
1527 5341 1896 5401 Camillum.

299 5438 554 5493 Marcus
584 5432 818 5489 Curtius
837 5434 1120 5502 prmterea
1147 5429 1227 5485 ob
1264 5428 1471 5501 populi
1502 5430 1754 5487 salutem
1780 5448 1907 5488 sese

224 5542 394 5598 equo
428 5526 738 5581 invectum
762 5521 825 5576 in
855 5527 1020 5576 terras
1074 5519 1307 5575 hiatum
1333 5519 1556 5591 injecit.
1617 5523 1718 5594 Sp.
1740 5523 1904 5578 Post-

2016 4641 2290 4707 referam,
2342 4644 2446 4714 qui
2480 4659 2617 4699 cum
2670 4645 2889 4702 videret
2943 4649 3251 4717 regionem
3296 4668 3471 4708 suam
3520 4654 3676 4710 ferro

2016 4731 2255 4802 ignique
2278 4733 2525 4798 vastari,
2554 4749 2665 4789 nec
2695 4734 2813 4791 alio
2837 4737 3008 4792 modo
3036 4739 3206 4807 juxta
3231 4742 3516 4812 Apollinis
3547 4760 3680 4799 ora-

2018 4820 2219 4876 culum
2249 4825 2374 4876 tam
2405 4837 2586 4891 grave
2624 4823 2850 4879 bellum
2889 4826 3109 4882 discuti
3158 4834 3381 4899 posset,
3414 4830 3526 4885 nisi
3552 4832 3680 4902 ipse

2017 4908 2282 4964 hostium
2314 4925 2499 4965 manu
2527 4911 2857 4982 occidisset,
2884 4912 3065 4985 idque
3083 4931 3203 4971 non
3233 4917 3424 4974 solum
3454 4920 3515 4974 in
3543 4922 3678 4977 totis

2017 4997 2464 5053 Atheniensium
2496 4999 2720 5069 castris,
2760 5001 2866 5055 sed
2897 5003 3073 5059 etiam
3105 5003 3166 5060 in
3212 5009 3522 5065 contrariis
3550 5026 3678 5081 per-

2019 5084 2365 5150 crebuisset,
2424 5087 2670 5158 ideoque
2697 5089 2955 5146 edictum
3008 5098 3181 5159 esset,
3216 5111 3290 5152 ne
3319 5098 3456 5169 quis
3506 5100 3679 5156 Codri

2019 5188 2234 5244 corpus
2290 5175 2629 5232 vulneraret
2685 5178 2968 5251 depositis
3016 5182 3250 5254 imperii
3312 5185 3678 5255 insignibus,

2016 5260 2376 5320 familiarem
2404 5263 2863 5335 induitcultum,
2897 5286 2963 5325 ac
2982 5270 3314 5342 palantium
3350 5274 3528 5343 globo
3548 5293 3681 5333 sese

2018 5349 2251 5420 objecit,
2304 5367 2610 5425 unumque
2658 5372 2730 5411 ex
2788 5357 2874 5412 his
2926 5357 3074 5414 falce
3109 5376 3465 5431 percussum
3496 5364 3556 5418 in
3589 5368 3682 5422 sui

2021 5438 2247 5495 cuidem
2276 5442 2573 5514 compulit,
2603 5449 2665 5499 ut
2690 5446 2946 5516 patriam
2962 5454 3215 5503 servaret
3249 5467 3260 5514 ;
3294 5449 3474 5517 hujus
3502 5452 3679 5521 siqui-

2025 5527 2167 5583 dem
2188 5526 2449 5595 interitu,
2482 5547 2555 5587 ne
2582 5533 2826 5588 Athenae
2857 5535 3199 5592 occiderent
3250 5534 3516 5592 effectum
3569 5544 3683 5593 est.
