4166 6314
483 275 554 356 es
1995 273 2396 369 ΡΗΑΞΡᾼΤΙΟ.
3829 299 3899 361 36

558 403 700 494 Huic
735 403 863 474 jam
893 402 977 458 rei
1010 402 1550 494 rﬁnemimponam,
1597 403 1647 459 si
1681 403 1845 476 prius
1873 400 2130 458 hominis
2160 402 2208 455 A
2241 418 2381 460 men
2411 422 2547 462 cum
2605 413 2860 482 posteris
2928 415 3082 474 adeo
3117 418 3255 475 utile
3280 434 3350 475 ac
3407 421 3896 494 amplectendum

481 492 938 564 ethnici,nempe
963 491 1253 547 Ciceronis
1276 493 1355 548 De
1369 494 1594 548 somnio
1612 492 1879 563 Scipionis
1902 492 2124 546 dictum

480 596 616 637 vere
649 581 1046 637 Christianum
1082 580 1154 635 de
1180 581 1510 636 communis
1543 581 1686 636 boni
1722 579 2127 650 magnitudine

477 670 746 734 retulero,
777 669 879 741 qui
921 670 1003 724 sic
1042 669 1121 724 ait
1153 689 1217 727 :«
1255 667 1381 734 Quo
1421 670 1522 733 sis,
1553 669 1845 738 Africane,
1881 668 2128 723 alacrior

478 759 556 814 ad
594 742 901 814 tutandam
946 757 1396 830 rempublicam,
1431 757 1515 812 sic
1549 757 1804 815 habeto:
1844 756 2127 812 omnibus

477 848 579 919 qui
618 848 873 920 patriam
913 845 1410 915 conservaverint,
1443 845 1792 917 adjuverint,
1833 844 2119 909 auxerint,

477 942 699 992 certum
735 951 861 990 esse
892 935 951 989 in
984 934 1132 990 ccelo
1154 950 1219 988 ac
1241 933 1548 989 deﬁnitum
1579 933 1800 998 locum,
1839 934 1934 989 ubi
1965 933 2124 989 beati

474 1043 596 1083 aevo
617 1025 977 1097 sempiterno
991 1023 1276 1079 fruantur.
1298 1023 1486 1079 »Nihil
1501 1023 2004 1088 estenimilliDeo,
2019 1023 2122 1094 qui

472 1132 708 1170 omnem
735 1116 896 1169 hunc
918 1112 1211 1168 mundum
1236 1112 1404 1181 regit,
1433 1111 1597 1183 quod
1613 1112 1860 1184 quidem
1880 1113 1938 1166 in
1957 1111 2123 1166 terris

468 1206 590 1266 ﬁat,
625 1203 942 1274 acceptius,
970 1216 1157 1272 quam
1200 1199 1457 1256 concilia
1483 1204 1786 1272 coetusque
1811 1200 2122 1255 hominum

467 1293 598 1364 jure
617 1291 841 1355 sociati,
861 1307 988 1362 quae
1023 1289 1333 1344 societates
1350 1287 1727 1360 appellantur
1752 1304 1764 1341 :
1798 1289 2014 1343 harum
2031 1303 2123 1343 re-

474 1386 664 1436 ctores
686 1386 738 1435 et
783 1383 1228 1434 conservatores
1249 1377 1387 1432 hinc
1413 1375 1807 1447 profecti,huc
1833 1381 2122 1430 reverten-

466 1475 582 1525 tur.
615 1469 725 1527 His
749 1469 948 1539 igitur,
973 1465 1182 1544 quivyi
1209 1465 1434 1537 seipsos
1454 1465 1674 1522 fortiter
1698 1480 1799 1536 pro
1815 1464 2121 1536 republica

468 1560 643 1615 morti
668 1557 1057 1621 tradiderunt,
1089 1543 1189 1611 aut
1220 1555 1278 1610 in
1306 1555 1436 1624 ejus
1467 1553 1778 1610 utilitatem
1802 1557 1989 1609 artem
2018 1553 2119 1608 ali-

463 1664 647 1721 quam
659 1646 1047 1720 quantumvis
1060 1643 1597 1699 etiamilliberalem
1612 1659 1679 1698 ac
1694 1641 2112 1712 sedentariam,

2237 492 2570 590 reliquisset
2592 514 2774 590 -opus,
2811 507 2975 560 tanta
3032 506 3142 562 fuit
3177 508 3364 564 animi
3407 492 3701 569 modestia
3729 516 3897 586 quod

2238 586 2415 679 etiam
2445 587 2670 679 passim
2701 604 2772 644 ex
2803 591 2931 663 ejus
2985 595 3217 666 scriptis
3264 597 3390 655 luce
3413 597 3628 655 clarius
3650 608 3736 657 est
3767 619 3894 674 per-

2236 674 2461 760 spicere
2493 678 2557 728 ut
2581 674 2693 730 sibi
2725 675 2778 730 id
2813 680 2962 736 adeo
2987 697 3108 738 non
3158 683 3563 754 vindicaverit,
3591 691 3754 760 quod
3782 707 3891 748 nec

2234 758 2544 852 proprium
2576 777 2783 852 nomen
2814 769 3214 840 adjiciendum
3243 776 3555 838 censuerit,
3582 758 3686 832 sed
3705 779 3883 852 Chry-

2235 847 2485 902 sostomi
2512 851 2701 920 potius
2749 871 2876 911 cum
2932 861 3177 925 ceteris,
3210 877 3470 934 quorum
3516 865 3772 934 ingenue
3798 847 3885 925 fa-

2233 936 2461 991 tebatur
2487 955 2615 996 esse
2657 945 2986 1014 potissima,
3027 965 3155 1020 quae
3188 951 3249 1005 in
3282 968 3465 1008 unum
3492 953 3616 1026 ipse
3646 955 3884 1028 collegit

2231 1038 2569 1122 quanquam
2591 1034 2647 1086 et
2679 1031 2808 1104 ipse
2857 1051 2966 1091 suo
3007 1042 3192 1094 marte
3221 1039 3479 1110 plurima
3507 1060 3637 1115 quae
3659 1049 3716 1100 et
3743 1063 3883 1118 prae-

2233 1114 2594 1172 stantissima
2615 1124 2798 1187 erant,
2862 1124 3233 1195 adjnnxerat,
3283 1133 3346 1183 ut
3404 1114 3545 1186 hinc
3598 1114 3882 1204 conjicias

2231 1206 2527 1297 quantum
2548 1207 2746 1264 animo
2769 1211 3172 1270 dissideretab
3199 1215 3267 1270 iis
3288 1218 3390 1288 qui
3410 1217 3471 1272 in
3495 1220 3743 1277 modum
3760 1239 3884 1280 cor-

2232 1289 2444 1386 niculae
2475 1292 2683 1350 alienis
2715 1314 2843 1354 sese
2857 1306 3073 1357 ornant
3093 1319 3161 1358 ac
3174 1305 3730 1378 venditantplumis.
3751 1311 3884 1368 Plu-

2230 1377 2572 1475 rimissane
2627 1391 2829 1442 auctor
2850 1388 2948 1444 hic
3010 1390 3190 1446 fuisse
3231 1393 3463 1449 videtur
3495 1377 3881 1456 OEcumenius

2229 1467 2296 1557 it,
2327 1467 2429 1557 qui
2461 1469 2674 1527 similia
2703 1476 3144 1535 Commentaria
3173 1497 3245 1538 ex
3277 1480 3504 1539 eisdem
3526 1486 3761 1557 collegit
3781 1505 3881 1545 au-

2229 1554 2511 1648 ctoribus,
2547 1558 2608 1613 in
2638 1565 2780 1618 Acta
2819 1566 3245 1635 apostolorum,
3304 1569 3363 1624 in
3399 1554 3704 1643 Epistolas
3740 1591 3879 1648 quae

2227 1641 2540 1736 Catholicae
2569 1657 3012 1722 nuncupantur,
3063 1671 3132 1710 ac
3155 1656 3212 1710 in
3247 1641 3522 1715 Paulinfas
3557 1641 3789 1736 omnes,
3815 1670 3879 1722 ut

463 1739 586 1792 sive
612 1734 1002 1808 quidpiamin
1016 1749 1087 1789 ea
1109 1732 1476 1805 praecipuum
1495 1739 1850 1802 gratumque
1865 1731 2114 1802 posteris
2149 1745 2194 1799 Β
2223 1731 2394 1816 certis
2407 1735 2775 1804 quibusdam
2789 1745 3155 1811 argumentis
3184 1745 3494 1816 colligitur,
3514 1751 3747 1808 etiamsi
3771 1731 3878 1810 nec

463 1825 907 1886 adinvenerunt,
939 1823 1092 1878 vices
1122 1822 1445 1892 rependere
1477 1819 1724 1890 cupiens
1747 1819 2108 1890 antiquitas:

464 1918 516 1968 et
546 1929 666 1985 qua
692 1913 908 1974 liceret,
924 1915 1274 1983 perpetuam
1294 1925 1502 1963 eorum
1519 1907 1859 1962 memoriam
1884 1907 2112 1962 abinte-

459 2003 573 2058 ritu
586 2001 906 2066 vindicare,
929 2003 1156 2055 statuas
1169 2014 1353 2054 aereas
1373 2013 1475 2052 seu
1490 2011 1824 2051 marmorea
1837 1995 2111 2066 sepulcra

457 2091 658 2149 erexit.
692 2091 974 2146 Praeterea
1029 2087 1398 2143 ethnicorum
1422 2085 1598 2141 libros
1626 2085 1849 2155 ingenti
1875 2083 2110 2139 redem-

458 2187 594 2252 ptos
621 2179 806 2252 pretio
836 2193 1056 2248 magna
1088 2177 1202 2232 ﬁde
1224 2176 1316 2230 vel
1350 2174 1632 2244 religione
1662 2173 1860 2246 potius
1889 2172 2108 2229 descri-

457 2273 607 2341 ptos,
639 2267 893 2324 cedrinis
932 2265 1182 2322 inclusos
1234 2264 1510 2336 capsulis,
1569 2266 1696 2319 tum
1746 2262 1901 2317 cedri
1931 2279 2108 2318 succo

457 2358 689 2428 oblitos,
720 2357 933 2429 posteri
955 2357 1015 2410 in
1047 2353 1286 2426 templis
1319 2352 1657 2408 cautissime
1688 2351 2061 2424 reponebant
2091 2369 2105 2407 :

457 2448 674 2521 partim
702 2452 762 2502 ut
799 2447 878 2502 rei
911 2449 1030 2502 tam
1061 2458 1264 2507 sacrae,
1299 2449 1540 2513 tamque
1590 2441 1803 2496 divinae
1833 2441 2108 2497 custodia

457 2553 578 2593 non
591 2536 721 2593 aliis
746 2551 932 2609 quam
950 2535 1095 2608 ipsis
1112 2532 1460 2588 numinibus
1474 2530 1927 2586 concrederetur
1946 2545 1959 2584 :
1977 2545 2107 2602 par-

453 2625 558 2681 tim
590 2642 663 2682 ne
691 2625 840 2697 quid
873 2625 1018 2678 situs
1055 2628 1157 2677 aut
1184 2620 1370 2676 caries
1397 2619 1496 2674 illa
1526 2624 1917 2675 monumenta
1940 2619 2103 2674 vitia-

450 2717 559 2770 ret.
588 2714 694 2768 Alii
723 2729 796 2767 ne
821 2712 934 2766 hac
965 2711 1210 2782 quidem
1231 2709 1489 2764 contenti
1509 2708 1834 2780 diligentia,
1869 2707 2104 2762 codices

450 2818 561 2858 ceu
589 2803 935 2857 thesaurum
966 2797 1496 2870 incomparabilem
1528 2797 1585 2850 in
1609 2796 1901 2852 altissimis
1935 2799 2102 2851 terra:

444 2889 688 2946 latebris
719 2886 1114 2943 recondebant
1172 2889 1335 2942 tanta
1366 2900 1529 2950 cura,
1563 2887 1629 2938 ut
1653 2899 1762 2939 nec
1788 2883 2096 2950 incendiis,

445 2994 555 3034 nec
586 2977 879 3034 bellorum
906 2975 1201 3048 procellis,
1225 2974 1445 3046 quibus
1469 2973 1675 3029 omnia
1704 2989 1873 3028 sacra
1903 2971 2097 3045 profa-

2223 1814 2302 1910 ibi
2356 1820 2604 1910 voluerit
2650 1842 2828 1882 suum
2859 1844 3078 1885 nomen
3133 1814 3454 1904 exprimere
3487 1855 3500 1891 :
3553 1854 3676 1910 qua
3713 1841 3786 1897 de
3812 1858 3874 1898 re

2221 1906 2793 2002 pluribusgagemus,
2821 1933 2953 1972 cum
2983 1923 3214 1976 tomum
3243 1921 3412 1979 illum
3447 1906 3693 1984 alterum
3733 1945 3875 2002 pro-

2221 1995 2451 2066 pediem
2497 1999 2559 2054 in
2603 2000 2787 2057 lucem
2845 2004 3143 2064 dabimus.
3208 2009 3376 2068 Hunc
3422 2013 3622 2087 itaque
3671 1995 3874 2078 Graeca

2220 2099 2399 2183 manu
2427 2087 2790 2183 descriptum
2843 2098 2976 2150 ante
3010 2096 3226 2154 multas
3257 2102 3460 2157 aetates
3477 2106 3638 2175 quod
3659 2111 3870 2178 praeter

2217 2177 2376 2245 ipsas
2397 2177 2896 2269 evangelistarum
2916 2199 3074 2241 novo
3105 2189 3286 2244 modo
3317 2188 3606 2261 depictas,
3619 2177 3870 2269 jamque

2218 2265 2646 2335 propemodum
2722 2275 3004 2328 vetustate
3043 2275 3262 2334 deletas
3296 2265 3631 2350 imagines,
3667 2265 3869 2342 multis

2216 2352 2390 2442 nobis
2420 2357 2784 2442 argumentis
2813 2359 3069 2420 innotuit
3098 2381 3235 2422 cum
3267 2384 3412 2424 casu
3439 2373 3871 2442 reperissemiu

2214 2439 2860 2536 bibliotheea‘coenobii
2887 2449 3152 2522 Deiparaa
3166 2454 3422 2525 Virginis
3441 2474 3475 2514 a
3500 2439 3869 2536 Cuadalupe,

2216 2529 2436 2625 ordinis
2489 2531 2612 2625 divi
2634 2534 2974 2609 Hieronymi
3005 2540 3067 2595 in
3097 2557 3281 2612 regno
3305 2545 3589 2614 Castellae,
3637 2551 3700 2606 in
3751 2529 3873 2625 qua

2219 2617 2550 2714 etiamnum
2579 2621 2864 2714 delitescit
2897 2641 2910 2681 :
2970 2631 3033 2683 ut
3063 2635 3198 2686 sunt
3241 2632 3368 2703 ejus
3402 2635 3686 2706 sodalitii,
3719 2617 3875 2714 prae-

2217 2707 2418 2763 sertim
2449 2713 2646 2766 autem
2679 2712 3213 2789 celeberrimijllius
3242 2726 3587 2782 monasterii
3609 2707 3869 2788 coenobi-

2214 2800 2301 2885 tae,
2322 2812 2442 2852 non
2475 2799 2656 2854 modo
2683 2800 3028 2861 Christianae
3054 2811 3276 2865 nostrae
3291 2811 3620 2885 religionis,
3654 2834 3868 2878 verum

2211 2884 2391 2982 etiam
2417 2889 3044 2958 praestantissimorum
3076 2911 3312 2969 semper
3330 2884 3663 2972 auctorum,
3690 2911 3870 2979 potis-

2211 2979 2432 3030 simum
2463 2979 2664 3033 tamen
2691 2983 2979 3048 veterum,
3012 2984 3426 3057 diligentissimi
3447 2991 3866 3056 observatores

444 3083 640 3140 naque
669 3065 1123 3136 solentmisceri,
1142 3065 1461 3129 interirent,
1491 3061 1806 3135 etposteris
1833 3065 1982 3118 certe
2005 3079 2094 3117 su-
2133 3095 2175 3152 ρ
2206 3077 2276 3118 ac
2306 3063 2581 3132 cultores,
2608 3066 2805 3124 visum
2837 3075 2924 3126 est
2952 3071 3133 3128 invidi
3161 3091 3310 3144 esse,
3343 3094 3418 3135 ne
3443 3079 3641 3140 dicam
3670 3085 3858 3159 impii,

443 3160 764 3229 peressent.
796 3156 978 3211 Porro
1011 3155 1059 3209 si
1088 3154 1183 3210 hic
1214 3153 1406 3209 honos
1431 3157 1518 3209 est
1541 3152 1778 3208 habitus
1812 3152 2092 3223 supersti-

437 3244 605 3302 tiosis
632 3246 811 3302 etiam
840 3242 1262 3307 voluminibus,
1298 3241 1472 3297 veluti
1502 3243 1705 3296 Numen
1737 3257 1804 3296 ac
1839 3240 2088 3312 Sybillae,

441 3338 544 3391 aut
567 3351 757 3391 rerum
772 3333 850 3390 ab
877 3331 1222 3388 hominibus
1242 3334 1549 3401 gestarum
1565 3329 1918 3385 memoriam
1933 3346 2092 3386 com-

439 3422 850 3496 plectentibus,
868 3422 1073 3494 quales
1086 3423 1257 3476 erant
1270 3417 1830 3491 zEgyptiorumlibri
1851 3417 2094 3474 :autali-

439 3527 626 3584 quam
648 3511 934 3566 humanae
994 3507 1296 3580 sapientia:
1330 3506 1661 3578 portionem
1692 3505 2089 3574 tradentibus,

432 3600 613 3656 veluti
637 3599 895 3655 Platonis
939 3602 995 3654 et
1046 3595 1413 3651 Aristotelis:
1466 3597 1695 3666 quanto
1733 3595 1946 3665 justius
2003 3600 2094 3652 est

436 3689 600 3746 idem
616 3689 810 3745 facere
850 3686 1215 3742 Christianos
1260 3683 1322 3740 in
1354 3682 1666 3739 servandis
1697 3682 1933 3740 illorum
1967 3701 2090 3742 mo-

435 3778 735 3834 numentis
759 3778 786 3834 ?
817 3777 914 3849 qui
933 3791 1102 3832 sacro
1120 3773 1305 3832 afﬂati
1333 3773 1566 3845 Spiritu,
1582 3788 1706 3828 non
1740 3777 1866 3828 tam
1886 3772 2084 3840 libros,

431 3883 618 3942 quam
635 3867 880 3925 oracula
903 3865 1077 3922 nobis
1101 3863 1481 3936 reliquerunt,
1500 3861 1715 3934 quibus
1733 3861 2087 3931 lectitandis,

434 3962 660 4031 pectus,
701 3973 825 4014 non
851 3956 1120 4012 doctrina
1146 3954 1341 4009 solum
1398 3958 1499 4007 aut
1529 3950 1762 4007 dicendi
1786 3951 2084 4020 facultate,

434 4047 543 4102 sed
554 4047 872 4102 virtutibus
900 4059 968 4098 ac
989 4044 1204 4114 pietate
1223 4057 1363 4112 erga
1375 4041 1561 4094 Deum
1581 4039 1896 4111 impleatur
1921 4056 2087 4096 :cum

431 4141 588 4192 certe
600 4133 974 4189 ethnicorum
988 4130 1277 4185 librorum
1287 4129 1304 4199 j
1315 4131 1521 4184 actura
1532 4127 1593 4182 id
1606 4131 1839 4183 tantum
1851 4127 2082 4192 efﬁciat,

431 4227 492 4279 ut
522 4223 719 4277 minus
745 4219 957 4277 eruditi
979 4218 1189 4283 simus,
1212 4223 1314 4272 aut
1352 4215 1553 4271 minus
1585 4214 1948 4287 eloquentes,
1965 4231 2087 4271 non

432 4313 498 4368 ut
528 4310 729 4366 minus
743 4309 822 4384 pii
837 4353 849 4365 .

500 4411 565 4466 In
589 4409 680 4464 his
711 4409 912 4480 itaque
943 4406 1045 4477 qui
1075 4407 1338 4460 veterum
1395 4404 1709 4458 auctorum
1748 4417 1815 4457 ac
1842 4404 2082 4457 Patrum
2112 4433 2158 4488 Β

430 4498 651 4570 scripta
662 4496 836 4553 nobis
851 4495 1236 4559 tradiderunt,
1255 4491 1513 4547 maxime
1525 4494 1724 4547 autem
1737 4490 2084 4562 Chrysosto-

430 4588 515 4643 mi
531 4602 653 4659 quo
679 4600 857 4641 nemo
879 4584 938 4638 in
951 4580 1301 4638 enarrandis
1327 4579 1512 4634 sacris
1528 4578 1932 4636 voluminibus
1944 4579 2083 4636 dex-

431 4675 610 4732 terius
631 4678 895 4730 versatus
917 4678 1020 4737 est,
1055 4679 1110 4727 et
1130 4685 1251 4742 quo
1271 4669 1576 4725 neminem
1595 4667 1863 4724 invenias
1885 4669 2078 4740 magis

425 4763 949 4822 accommodatum
975 4761 1066 4816 his
1080 4760 1184 4832 qui
1206 4759 1282 4814 ad
1298 4773 1518 4813 munus
1541 4756 1940 4814 concionaudi
1953 4773 2080 4814 sese

425 4859 773 4927 parantnon
807 4851 1162 4925 posteriores
1189 4848 1316 4904 tulit
1331 4847 1567 4902 Graecus
1580 4847 1828 4918 quidam
1841 4851 2075 4904 auctor:

423 4942 527 5015 qui
554 4958 800 4998 cernens
852 4944 1079 4996 veteres
1123 4953 1326 4995 sacros
1350 4941 1621 4992 auctores
1679 4938 1736 4990 et
1785 4935 2079 5007 praecipue

424 5049 526 5087 eos
557 5031 658 5103 qui
676 5030 997 5102 plurimum
1015 5027 1433 5084 laboraverant
1451 5026 1510 5080 in
1530 5024 1880 5080 enarrandis
1902 5040 2078 5082 evan-

427 5120 621 5191 gelicw
648 5119 927 5174 doctrinm
985 5117 1151 5170 libris
1177 5115 1253 5171 ad
1301 5131 1488 5186 quam
1537 5115 1876 5170 docendam
1906 5114 2078 5171 Filius

423 5210 523 5264 Dei
553 5209 630 5264 ad
664 5212 868 5263 terram
900 5203 1291 5261 descenderat
1324 5219 1708 5276 nequaquam
1731 5219 1840 5276 pro
1869 5203 2077 5260 merito

422 5297 699 5354 lectitari:
719 5297 842 5352 sive
857 5294 912 5349 id
928 5294 1215 5349 librorum
1230 5292 1630 5357 multitudine,
1650 5291 1775 5349 sive
1785 5293 2077 5350 lectorum

424 5386 685 5450 fastidio,
723 5385 841 5440 sive
872 5383 1155 5455 temporis
1185 5381 1463 5440 acciderit
1495 5382 1728 5453 penuria
1760 5382 1858 5442 :in
1888 5397 2075 5438 unum

425 5475 658 5546 collegit
706 5473 1004 5542 volumen,
1063 5471 1359 5544 quidquid
1410 5471 1492 5527 illi
1547 5487 1770 5540 magna
1808 5471 2076 5528 codicum

424 5565 599 5622 turba
628 5563 931 5628 selectum,
955 5563 1110 5620 circa
1131 5560 1454 5632 Evangelia
1477 5560 1856 5632 reliquerant.
1900 5561 1968 5616 Et
1997 5562 2077 5616 ta-

2202 3166 2265 3207 re
2295 3151 2447 3208 adeo
2484 3152 2760 3225 frugifera
2789 3159 2910 3230 pati
2956 3160 3174 3219 diutius
3216 3164 3430 3237 privari
3453 3170 3713 3229 Latinos.
3742 3151 3858 3234 litae

2204 3243 2394 3336 tamen
2419 3242 2639 3336 inscius
2665 3261 2852 3313 eram,
2892 3265 3078 3321 quam
3135 3253 3370 3324 duram,
3431 3274 3738 3336 quamque
3768 3281 3861 3322 ar-

2202 3329 2396 3426 duam
2445 3331 2680 3426 adirem
2719 3337 3085 3408 provinciam
3119 3356 3132 3397 :
3160 3344 3381 3414 partim
3403 3329 3669 3419 quidem,
3693 3357 3862 3426 quod

2202 3419 2452 3514 propriae
2484 3423 2758 3479 conscius
2782 3425 3226 3503 imbecillitatis,
3256 3431 3579 3509 incultique
3611 3419 3858 3514 ingenii,

2203 3505 2532 3567 habueram
2553 3526 2789 3584 semper
2816 3514 2878 3571 in
2901 3516 3127 3589 animo,
3150 3519 3297 3576 nihil
3329 3523 3388 3579 in
3414 3505 3712 3596 publicum
3731 3505 3862 3592 ede;

2201 3610 2263 3689 re
2305 3612 2317 3650 :
2348 3599 2571 3669 partim
2598 3616 2735 3657 vero
2747 3604 2912 3674 quod
2937 3605 3086 3662 mihi
3101 3623 3194 3664 res
3217 3616 3374 3670 esset
3401 3629 3540 3671 eum
3557 3619 3861 3689 ejusmodi

2199 3684 2373 3782 libro,
2409 3704 2588 3782 quem
2612 3690 2705 3782 vel
2732 3691 2928 3782 legere
2951 3710 3072 3753 non
3098 3699 3416 3758 mediocris
3440 3684 3856 3782 foretvnegotii,

2199 3779 2400 3847 utpote
2441 3777 2656 3852 ignotis
2685 3785 2745 3836 ut
2769 3781 3096 3853 plurimum
3142 3795 3385 3848 exarato
3415 3777 3857 3858 characteribus

2198 3880 2273 3958 ac
2299 3868 2679 3958 compendiis,
2713 3871 2979 3928 maxima
3033 3872 3168 3932 licet
3223 3893 3363 3935 cura
3400 3898 3471 3939 ac
3491 3884 3797 3958 diligentia
3839 3909 3852 3947 :

2197 3953 2524 4012 litterarum
2541 3956 2718 4012 etiam
2737 3957 2946 4030 ﬁguris
2966 3961 3316 4039 plerumque
3350 3971 3438 4028 vel
3465 3953 3627 4033 carie
3651 3994 3724 4035 ac
3744 3981 3856 4038 situ

2197 4041 2560 4132 oblitteratis,
2593 4045 2686 4100 vel
2704 4046 2998 4106 tinearum
3013 4067 3080 4107 ac
3093 4052 3420 4116 blattarum
3447 4061 3664 4132 injuria
3679 4071 3856 4125 semi-

2196 4130 2368 4198 rosis,
2394 4131 2488 4186 vel
2527 4147 2686 4189 novo
2743 4136 2894 4193 adeo
2943 4155 3107 4197 more
3165 4144 3429 4216 depictis,
3475 4130 3537 4206 ut
3557 4153 3615 4207 in
3643 4153 3852 4214 formis

2195 4219 2380 4276 etiam
2420 4223 2791 4280 noscitandis
2866 4229 3000 4285 mihi
3067 4231 3216 4288 foret
3272 4244 3845 4307 repuerascendum.

2197 4309 2413 4363 Omitto
2471 4311 2636 4381 quod
2666 4312 3004 4386 frequenter
3029 4318 3085 4374 in
3116 4321 3402 4379 orationis
3427 4332 3708 4388 contextu
3728 4349 3854 4394 non

2195 4400 2336 4452 sunt
2365 4413 2400 4452 a
2426 4398 2756 4457 seinvieem
2789 4409 3084 4474 separatae
3109 4407 3402 4474 dictiones
3428 4429 3440 4468 :
3473 4420 3530 4472 et
3551 4433 3583 4474 e
3615 4420 3852 4483 diverso

2192 4487 2454 4584 ejusdem
2527 4490 2802 4584 dictionis
2848 4493 3044 4551 litterae
3097 4502 3201 4555 aut
3243 4501 3486 4573 syllabae
3529 4508 3851 4584 plusquam

2186 4576 2348 4648 justo
2375 4594 2410 4635 a
2435 4594 2497 4634 se
2539 4580 2791 4637 invicem
2849 4591 3202 4654 separantur
3253 4576 3585 4662 intervallo,
3616 4576 3771 4660 ad-eo
3790 4611 3852 4664 ut

2191 4681 2300 4721 nec
2333 4683 2539 4724 versus
2573 4669 2869 4741 syllabam
2897 4675 3115 4745 saepius
3143 4676 3338 4736 ﬁniat:
3365 4692 3655 4746 commata
3680 4707 3748 4748 ac
3764 4694 3853 4752 in-

2189 4756 2334 4855 cisa-
2362 4757 2456 4812 vix
2487 4757 2810 4823 adduntur,
2843 4765 2967 4855 aut
3031 4763 3132 4820 ubi
3177 4768 3320 4825 nihil
3377 4788 3530 4846 opus
3559 4785 3645 4835 est
3672 4797 3852 4855 appo-

2190 4847 2456 4899 nuntur:
2491 4862 2613 4917 quae
2655 4862 2748 4940 res
2796 4848 3151 4940 plerumque
3194 4855 3605 4923 difficultatem
3661 4847 3852 4940 gignit

2189 4947 2307 4986 non
2334 4948 2604 5003 parvam.
2659 4935 2928 4994 Sciebam
2968 4947 3248 5012 praeterea
3283 4957 3511 5019 quanto
3544 4962 3605 5011 ut
3633 4935 3694 5014 in
3719 4935 3847 5018 uni-

2189 5037 2430 5076 versum
2471 5020 2686 5115 dicam
2709 5041 2836 5081 sese
2883 5037 3187 5100 exponant
3232 5038 3506 5107 periculo,
3531 5047 3632 5115 qui
3664 5047 3848 5106 libros

2190 5109 2566 5209 alperegrina
2603 5111 2812 5208 lingua
2837 5120 3217 5209 traductosin
3242 5124 3435 5183 lucem
3457 5109 3635 5189 edunt
3669 5147 3851 5209 :quot

2189 5201 2245 5297 et
2270 5212 2462 5297 quani
2491 5199 2614 5297 vari
2623 5215 2688 5255 os
2704 5203 3033 5274 suscipiant
3038 5207 3059 5278 j
3072 5209 3292 5279 udices,
3311 5231 3346 5286 q
3359 5233 3566 5274 uorum
3582 5199 3848 5297 plerique

2189 5375 2388 5432 statim
2421 5377 2623 5440 omnia
2655 5379 2967 5448 damnant,
3014 5388 3175 5457 quod
3206 5392 3500 5449 mundum
3527 5397 3693 5454 illum
3719 5402 3845 5459 rhe-

2190 5465 2440 5523 toricum
2470 5482 2594 5539 prae
2626 5484 2688 5524 se
2715 5485 2839 5527 non
2871 5471 3076 5547 ferant,
3111 5478 3452 5550 ignorantes
3484 5487 3704 5556 quibus
3719 5507 3844 5549 arc-

2189 5558 2338 5614 tetur
2397 5557 2599 5626 modis
2625 5557 2695 5628 is,
2751 5561 2856 5633 qui
2912 5562 3119 5622 alienae
3172 5567 3387 5640 linguae
3415 5573 3754 5647 depositum
3780 5584 3846 5639 ﬂ-
