4166 6314
243 254 306 318 37
1738 257 2107 315 PHrEFATIO
2118 304 2130 315 .
3562 280 3631 335 38

236 384 426 439 deliter
452 382 695 437 reddere
724 383 970 451 cogitur.
1005 383 1398 457 Summopere
1439 385 1597 441 enim
1656 399 1861 439 curan-
1898 384 1944 436 A
1978 386 2190 441 seriem
2235 387 2426 457 magis
2454 390 2717 455 accedat,
2772 408 2891 449 non
2951 394 3098 451 nihil
3153 402 3349 454 tamen
3403 404 3634 460 subolet

232 474 365 529 dum
388 475 474 527 est
503 472 575 535 ei,
604 472 703 543 qui
735 471 813 527 ab
845 488 965 528 una
996 472 1203 543 lingua
1232 474 1543 545 quidpiam
1591 472 1867 529 transfert

228 562 281 618 in
352 560 528 616 aliam
591 581 602 618 :
663 576 738 615 ne
789 560 935 615 dum
990 563 1249 617 sermoni
1304 563 1514 635 quaerit
1565 567 1861 627 ornatum,

222 655 444 722 repente
464 665 576 721 pro
610 650 919 721 interprete
945 652 1379 723 paraphrasten
1402 657 1540 719 agat
1570 669 1580 706 :
1607 667 1866 706 rursum-

226 754 333 810 que
361 738 525 792 neita
547 737 735 792 verbis
760 738 1001 804 hazreat,
1030 742 1320 811 utprioris
1361 741 1577 810 linguae
1618 741 1865 795 idioma-

223 835 275 882 ta
300 831 397 881 aut
424 826 711 880 dialectos
742 827 990 882 retineat
1022 847 1033 885 :
1066 828 1169 882 sed
1195 845 1449 901 quaeque
1477 830 1680 895 lingua
1702 827 1866 899 quod

221 931 387 970 suum
421 918 509 969 est
532 914 757 970 habeat
787 932 796 967 :
827 914 1043 987 alioqui
1068 931 1172 971 nec
1197 920 1390 972 Graece
1421 918 1583 989 loqui
1611 917 1860 981 videtur,

216 1020 320 1059 nec
346 1004 545 1058 Latine
581 1022 593 1060 :
628 1003 807 1075 idque
837 1005 1003 1075 quod
1030 1005 1089 1060 in
1119 1006 1415 1061 indoctum
1461 1006 1751 1076 jactatum
1779 1010 1865 1059 est

219 1093 529 1155 comicum,
557 1090 674 1162 ipsi
700 1092 1101 1162 adaptabitur,
1135 1094 1299 1163 quod
1321 1111 1392 1149 ex
1418 1095 1633 1149 Graecis
1668 1095 1859 1157 bonis,

219 1180 410 1235 Latina
426 1178 648 1243 fecerit,
679 1195 798 1234 non
830 1179 1011 1249 bona,
1042 1181 1099 1235 id
1128 1182 1291 1253 quod
1315 1183 1387 1236 de
1417 1182 1614 1237 multis
1646 1182 1863 1237 exulce-

216 1275 336 1323 rato
357 1269 467 1323 hoc
496 1267 717 1322 saeculo
740 1271 870 1339 apte
897 1269 1032 1339 quis
1064 1269 1291 1324 dixerit.
1315 1271 1453 1334 Quis
1480 1272 1635 1325 enim
1662 1286 1863 1325 sacras

206 1357 325 1427 jam
357 1357 603 1410 Litteras
635 1356 857 1426 passim
916 1372 1035 1410 non
1075 1357 1182 1411 sibi
1232 1358 1504 1427 vindicat,
1546 1366 1859 1430 antequam

212 1445 436 1499 discat:
472 1447 727 1513 torquet,
783 1443 1049 1499 lacerat:
1097 1461 1329 1516 suoque
1382 1447 1696 1502 intellectui
1741 1447 1862 1501 imo

216 1532 330 1587 suis
360 1531 678 1586 affectibus
716 1530 932 1586 servire
971 1533 1125 1599 cogit
1169 1535 1523 1604 scripturam
1551 1536 1729 1589 etiam
1779 1550 1862 1587 re-

212 1621 616 1691 pugnantem?
636 1620 699 1673 Et
735 1620 1244 1692 quemadmodum
1279 1622 1592 1677 scribimus
1642 1623 1861 1676 indocti

1974 472 2248 529 dictionis
2300 475 2464 532 illum
2514 477 2826 536 affectasse
2880 490 3296 543 venustatem:
3343 491 3632 564 quodque

1974 562 2260 617 rhetorice
2300 565 2521 621 dixisse
2578 568 2720 623 satis
2755 572 2950 641 cupiat
2989 574 3196 640 videri,
3257 583 3313 631 et
3369 595 3479 633 non
3521 562 3663 635 soli

1974 650 2175 706 litterae
2198 655 2558 710 enarrationi
2581 656 2819 713 haerere.
2839 661 2912 719 At
2935 669 3137 718 noster
3156 665 3251 719 hic
3278 671 3479 722 auctor
3501 668 3633 722 uni-

1974 754 2111 793 cum
2136 740 2517 798 hunchabuit
2535 761 2804 817 scopum,
2823 752 2882 801 ut
2904 752 3307 820 evangelicam
3334 758 3629 813 succincte

1975 828 2202 883 cunctis
2230 832 2480 900 aperiret
2508 832 2837 890 historiam.
2864 838 3034 901 Quod
3068 840 3114 893 si
3142 841 3218 895 ad
3254 860 3445 899 mores
3481 861 3632 918 quo-

1973 931 2089 987 que
2112 918 2491 987 corrigendos
2514 923 2779 977 nonnihil
2811 925 3235 983 exhortationis
3269 939 3529 1005 exoptes,
3568 934 3630 989 id

1973 1003 2152 1059 etiam
2200 1005 2450 1062 breviter
2478 1009 2721 1080 quidem
2757 1028 2826 1066 ac
2884 1016 3095 1080 rarius,
3138 1018 3241 1072 sed
3296 1003 3628 1079 felicissime

1977 1092 2151 1148 tradit
2196 1093 2294 1149 hic
2347 1103 2567 1152 auctor.
2610 1100 2797 1162 Quam
2831 1106 2988 1172 apte,
3051 1104 3206 1160 bone
3260 1111 3433 1175 Deus,
3489 1127 3628 1166 cum

1972 1181 2348 1250 evangelistee
2373 1184 2685 1255 plurimum
2710 1189 2997 1245 dissidere
3029 1194 3318 1261 videntur,
3354 1198 3431 1252 ita
3455 1198 3631 1253 dissi-

1972 1269 2173 1324 dentia
2200 1274 2494 1328 connectit
2546 1275 2695 1341 loca,
2728 1282 2786 1331 ut
2828 1278 2900 1334 ab
2934 1281 3145 1336 eodem
3188 1283 3357 1353 plane
3407 1286 3506 1342 illa
3547 1288 3626 1341 vi-

1972 1356 2225 1413 deantur
2256 1377 2385 1416 esse
2417 1362 2590 1418 dicta.
2616 1367 2681 1419 Et
2709 1366 2843 1420 huic
2871 1369 3113 1439 quidem
3144 1373 3222 1426 rei
3247 1373 3464 1441 nullus,
3498 1393 3627 1431 meo

1967 1446 2213 1515 judicio,
2250 1451 2401 1505 adeo
2430 1453 2642 1508 utiliter
2672 1471 2741 1509 ac
2773 1457 2924 1511 serio
2952 1458 3239 1515 hactenus
3275 1462 3624 1533 invigilavit.

1974 1535 2028 1587 in
2062 1553 2181 1607 quo
2224 1543 2441 1599 tamen.
2476 1541 2625 1596 sicut
2652 1559 2845 1615 neque
2888 1546 2945 1600 in
2976 1550 3219 1613 caeteris,
3256 1552 3438 1607 nolim
3471 1554 3629 1624 quis-

1971 1638 2152 1693 quam
2174 1627 2317 1679 meis
2345 1626 2519 1682 tidem
2562 1630 2779 1685 habeat
2809 1633 3023 1699 verbis,
3071 1636 3180 1690 nisi
3237 1639 3409 1709 longe
3457 1642 3629 1712 plura

210 1708 477 1779 doctique
522 1711 811 1779 poemata
859 1709 1104 1778 passim,
1136 1709 1218 1765 ita
1249 1714 1304 1763 et
1342 1710 1623 1781 plerique,
1674 1726 1862 1781 quan-
1893 1722 1935 1775 Β
1972 1711 2031 1765 in
2078 1713 2192 1767 hoc
2242 1713 2573 1782 lectitando,
2642 1718 2815 1774 laude
2856 1722 3031 1790 digna
3083 1729 3380 1796 repererit,
3438 1708 3625 1801 quam

212 1813 383 1869 quam
418 1798 477 1851 in
511 1814 627 1851 sua
657 1812 838 1852 arena
877 1796 1119 1865 feliciter
1160 1806 1560 1865 versarentur,
1591 1802 1862 1871 proprios

212 1885 681 1957 egressilimites,
703 1885 845 1939 dum
864 1890 1112 1952 sutores,
1129 1887 1346 1942 relictis
1364 1886 1641 1958 crepidis,
1664 1888 1864 1957 ignota

211 1990 458 2046 quaeque
530 1972 866 2043 dijudicare
922 1979 1233 2041 conantur,
1288 1992 1409 2031 non
1466 1993 1600 2032 raro
1653 1977 1863 2033 misere

210 2062 659 2118 hallucinantur.
714 2061 861 2127 Quid
900 2063 1059 2117 enim
1103 2065 1336 2120 medico
1382 2070 1481 2120 aut
1523 2065 1863 2136 jurisperito

211 2169 339 2208 cum
378 2153 654 2207 versione
698 2155 799 2205 aut
852 2150 1334 2222 interpretatione
1375 2170 1681 2209 sacrorum
1733 2172 1863 2227 my-

209 2242 517 2297 steriorum
546 2244 575 2294 ?
616 2240 904 2311 Quodque
945 2240 1121 2310 longe
1158 2243 1350 2311 magis
1381 2243 1724 2298 deﬂendum
1757 2250 1860 2312 est,

208 2332 339 2385 dum
372 2331 583 2385 animo
612 2329 815 2401 pravis
844 2328 1060 2384 imbuti
1090 2336 1225 2385 sunt
1264 2332 1585 2399 dogmatis,
1616 2349 1750 2404 quae
1800 2349 1867 2389 ex

207 2418 401 2474 Graeco
448 2422 692 2473 vertunt
716 2417 774 2472 in
824 2418 1112 2482 Latinum,
1145 2434 1267 2473 non
1305 2421 1447 2475 satis
1482 2420 1726 2476 ﬁdeliter
1757 2426 1866 2478 tra-

207 2512 397 2563 ctant:
440 2523 608 2563 nunc
646 2506 915 2578 quidem,
949 2508 1107 2576 quod
1143 2508 1477 2580 frequenter
1501 2510 1736 2578 accidit,
1764 2527 1863 2565 co-

205 2602 367 2665 gente
403 2597 631 2652 harum
678 2611 877 2650 rerum
923 2594 1233 2666 imperitia,
1283 2598 1444 2667 quod
1484 2604 1706 2663 tamen,
1752 2598 1861 2653 nisi

203 2685 369 2740 illotis
412 2685 771 2741 accederent
797 2683 871 2738 ad
894 2685 1314 2741 contrectanda
1349 2702 1518 2741 sacra
1566 2689 1858 2755 manibus,

203 2772 425 2829 facilius
475 2776 694 2846 posset
737 2772 969 2841 ignosci
1001 2795 1013 2828 :
1048 2789 1210 2828 nunc
1238 2791 1399 2839 vero,
1424 2791 1497 2829 ne
1530 2776 1649 2830 suis
1694 2793 1864 2848 repu-

206 2868 381 2933 gnent
411 2862 736 2934 dogmatis,
766 2867 868 2916 aut
912 2863 1237 2931 truncatim,
1267 2868 1369 2919 aut
1403 2880 1583 2935 prave
1622 2881 1862 2923 sensum

206 2952 369 3007 nobis
398 2952 686 3007 reddunt.
717 2950 887 3015 Quod
919 2949 1044 3005 luce
1076 2949 1290 3006 clarius
1321 2953 1725 3020 ostendemus,
1761 2956 1860 3011 ubi

208 3039 442 3095 alterum
470 3045 711 3097 tomum
738 3039 858 3093 Deo
884 3038 1138 3109 propitio
1164 3038 1222 3093 in
1250 3040 1441 3094 lucem
1474 3040 1856 3109 ediderimus,
1898 3073 1937 3127 Ο

207 3130 377 3201 quod,
413 3136 476 3187 ut
500 3143 703 3200 spero,
727 3126 890 3183 brevi
917 3126 1227 3183 faciemus.
1259 3127 1345 3182 Ob
1372 3128 1499 3184 haec
1520 3130 1696 3199 igitur
1719 3132 1857 3187 alia-

204 3233 313 3289 que
330 3219 586 3291 plurima
605 3233 741 3289 quae
759 3215 1089 3271 versionem
1111 3216 1289 3271 variis
1315 3225 1679 3287 exaggerant
1704 3221 1860 3275 difﬁ-

203 3306 536 3372 cultatibus,
560 3306 735 3361 nonis
762 3321 893 3359 sum
917 3306 1011 3376 qui
1043 3320 1164 3359 non
1188 3306 1530 3377 intelligam,
1560 3314 1855 3379 quantum

200 3394 329 3452 huic
387 3395 625 3452 auctori
673 3392 997 3463 dignitatis,
1058 3398 1471 3465 quantumque
1525 3396 1855 3468 splendoris

200 3486 609 3541 tenebricosus
647 3485 936 3553 interpres
977 3480 1341 3537 abstulerim.
1389 3482 1497 3539 Sed
1558 3490 1854 3559 utcunque

204 3574 287 3640 sit,
315 3591 569 3630 sensum
600 3578 803 3629 tamen
830 3585 925 3625 me
964 3575 1305 3627 assecutum
1346 3572 1569 3643 Opinor,
1601 3574 1733 3631 licet
1764 3578 1853 3648 ip-

201 3682 326 3720 sum
366 3664 541 3720 nullo
581 3661 742 3717 cultu
797 3657 1215 3716 adornaverim
1252 3677 1262 3714 :
1310 3678 1514 3717 verum
1557 3663 1619 3718 id
1676 3680 1853 3721 nemo

197 3770 342 3809 sanae
382 3751 612 3809 mentis
662 3750 723 3804 in
772 3748 1223 3803 Commentariis
1266 3750 1540 3821 requiret,
1596 3753 1855 3809 maxime

200 3842 270 3899 ab
298 3860 364 3899 eo
390 3843 526 3914 qui,
562 3844 627 3896 ut
676 3837 959 3909 praefatus
1015 3854 1159 3903 sum,
1217 3839 1534 3909 peregrinm
1580 3842 1854 3896 astrictus

202 3936 283 3989 est
308 3932 551 4002 linguae.
579 3927 751 3994 Quod
777 3928 824 3981 si
847 3926 1141 3980 universis
1174 3926 1512 3981 satisfacere
1544 3943 1657 3983 non
1694 3931 1857 3999 potui

202 4020 609 4085 facilegferam,
642 4031 779 4071 cum
809 4029 883 4069 ne
914 4013 1058 4068 mihi
1084 4015 1317 4085 quidem
1356 4015 1458 4084 ipsi
1486 4015 1545 4069 in
1577 4018 1856 4073 omnibus

200 4080 409 4167 faciam
440 4080 611 4164 satis.
646 4108 917 4159 Attamen
943 4118 1097 4156 onus
1149 4104 1275 4167 hoc,
1307 4119 1650 4173 quanquam
1707 4107 1857 4161 meis

200 4197 367 4270 longe
402 4200 604 4269 impar
622 4192 907 4256 humeris,
930 4190 1131 4246 subire
1157 4207 1475 4261 aggressus
1503 4209 1661 4259 sum,
1695 4195 1855 4264 quod

203 4285 309 4342 alio
331 4303 460 4342 sese
484 4299 610 4340 non
635 4282 936 4345 offerente,
964 4280 1192 4349 grande
1218 4281 1496 4335 ducerem
1525 4282 1851 4351 piaculum,

203 4375 249 4429 si
269 4375 473 4431 ﬁdeles
496 4371 719 4427 diutius
746 4371 908 4425 tanto
931 4366 1353 4422 fraudarentur
1370 4369 1669 4425 thesauro.
1701 4372 1855 4436 Quid

200 4463 372 4533 enim,
402 4460 576 4536 quod
618 4459 694 4516 ad
735 4455 1091 4525 evangelicae
1127 4455 1385 4511 historiae
1416 4458 1852 4516 enarrationem

202 4553 417 4618 attinet,
450 4552 517 4607 in
552 4548 975 4619 Chrysostomo
1017 4545 1417 4616 potissimum,
1462 4545 1670 4600 deinde
1711 4549 1851 4605 etin

205 4640 468 4709 Origene,
512 4637 746 4700 Basilio,
788 4639 890 4690 aut
925 4634 1287 4689 Nazianzeno
1338 4634 1628 4699 invenies,
1688 4638 1852 4706 quod

202 4727 295 4784 hic
349 4728 633 4787 facillime
672 4729 728 4780 et
780 4721 1236 4779 succinctissime
1276 4737 1398 4777 non
1442 4722 1755 4794 proferat?
1785 4728 1849 4781 Et

204 4816 626 4891 Chrysostomo
656 4813 884 4886 quidem
937 4812 1079 4867 satis
1114 4815 1273 4881 patet
1318 4826 1437 4866 non
1478 4828 1616 4867 eum
1668 4812 1848 4869 fuisse

204 4923 471 4979 scopum,
507 4912 569 4961 ut
598 4903 1054 4972 Evangeliorum
1081 4907 1181 4955 aut
1218 4901 1519 4954 actionum
1564 4903 1847 4972 apostoli-

206 5012 411 5063 carum,
447 5012 553 5052 seu
574 4993 952 5049 Paulinarum
987 4988 1384 5061 Epistolarum
1409 4988 1641 5044 nudum
1672 4991 1845 5047 nobis

201 5086 446 5143 traderet
494 5082 871 5140 intellectum.
913 5078 1149 5149 Alioqui
1200 5076 1359 5132 enim
1417 5082 1537 5133 tam
1578 5085 1748 5134 vasta
1784 5081 1845 5136 in

203 5186 411 5243 paucos
444 5188 627 5229 sacrae
657 5169 971 5239 Scripturae
1006 5166 1183 5221 libros
1208 5180 1327 5220 non
1381 5165 1713 5238 reliquisset
1744 5185 1847 5223 vo-

201 5259 435 5327 lumina,
491 5262 594 5316 sed
644 5258 827 5331 plebis
860 5256 1211 5311 formandos
1272 5270 1467 5308 mores
1508 5256 1844 5325 suscepisse

210 5354 387 5421 magis
412 5352 642 5407 videtur
676 5352 767 5403 :et
796 5346 1014 5401 idcirco
1044 5345 1207 5398 locos
1240 5343 1317 5397 ad
1373 5343 1603 5413 plebem
1638 5350 1845 5401 tractat

209 5454 566 5504 communes,
613 5441 669 5493 et
707 5434 1134 5492 enarrationem
1195 5432 1454 5488 homiliis
1513 5432 1838 5504 distinguit.

212 5528 351 5592 Quin
374 5536 427 5589 et
449 5525 951 5598 Theophylaetus,
996 5537 1349 5596 quanquam
1377 5520 1427 5575 is
1458 5520 1537 5578 ad
1579 5522 1842 5579 historiae

1972 1816 2082 1870 ego
2110 1802 2335 1872 possim
2367 1806 2603 1877 assequi
2639 1811 3075 1868 enumerando.

2042 1892 2160 1944 Hoc
2177 1891 2373 1962 itaque
2392 1908 2565 1963 opus,
2587 1899 2651 1949 ut
2676 1894 2777 1949 tibi
2800 1913 3237 1971 nuncuparem,
3256 1906 3626 1977 amplissime

1972 1979 2209 2048 praesul,
2235 1979 2369 2036 fecit
2392 1981 2543 2036 inter
2580 1984 2923 2041 innumeras
2951 1993 3076 2043 tuas
3116 1990 3304 2064 dotes,
3362 1996 3627 2054 maxima

1971 2065 2314 2122 humanitas
2332 2075 2468 2125 tua:
2498 2087 2681 2142 quam
2704 2081 2913 2144 praeter
2933 2078 3197 2134 auditam
3221 2081 3625 2156 famamlonge

1973 2154 2205 2226 lateque
2245 2157 2593 2230 dispersam,
2620 2178 2739 2217 non
2767 2165 2948 2220 semel
2977 2167 3034 2221 in
3067 2173 3117 2222 te
3144 2186 3277 2226 sum
3305 2180 3574 2244 expertus
3609 2192 3621 2230 :

1973 2260 2095 2316 qua
2132 2262 2266 2300 cum
2294 2264 2493 2303 omnes
2517 2250 2695 2305 etiam
2749 2258 3026 2310 extremae
3074 2257 3317 2315 fortunae
3350 2263 3624 2319 homines

1976 2338 2101 2389 tum
2175 2336 2380 2390 studiis
2431 2338 2815 2408 potissimum
2866 2342 3111 2411 deditos,
3192 2348 3622 2419 benignissime

1976 2436 2206 2493 semper
2252 2424 2671 2493 amplecteris:
2723 2429 2971 2501 ipsaque
3021 2434 3231 2498 studia,
3286 2438 3622 2511 ubicunque

1976 2510 2067 2564 vel
2098 2511 2346 2567 minima
2375 2513 2544 2568 datur
2572 2517 2825 2582 occasio,
2865 2518 2997 2574 totis
3037 2524 3313 2592 provehis
3369 2510 3617 2584 viribus.

1975 2599 2263 2655 Praeterea
2292 2601 2345 2656 id
2383 2602 2572 2674 magis
2604 2607 2844 2673 aggredi
2879 2625 3011 2664 sum
3043 2626 3249 2682 ausus,
3290 2618 3451 2687 quod
3480 2634 3614 2673 cum

1973 2686 2076 2742 tibi
2124 2687 2271 2743 forte
2326 2690 2563 2747 fortuna
2621 2708 2730 2749 nos
2808 2696 3099 2763 invisenti,
3149 2686 3401 2773 primum
3456 2706 3618 2764 hunc

1972 2792 2175 2831 meum
2208 2783 2435 2847 partum
2485 2783 2731 2839 omnino
2784 2785 2976 2842 adhuc
3023 2788 3340 2848 informem
3371 2795 3593 2853 demon

1972 2870 2277 2931 strassem,
2294 2884 2414 2924 una
2431 2886 2566 2925 cum
2586 2871 2791 2928 Graeco
2804 2877 3151 2947 exemplari,
3167 2897 3537 2956 nequaquam
3555 2892 3618 2944 ut

1971 2959 2295 3010 monstrum
2325 2957 2698 3029 abhorruisti,
2724 2963 2828 3018 sed
2848 2965 3016 3022 veluti
3042 2969 3403 3039 pulchellum
3426 2976 3618 3046 pusio-

1971 3059 2108 3099 nem
2128 3045 2300 3100 avide
2315 3047 2785 3110 deosculabaris:
2806 3054 3101 3112 mirabare
3120 3074 3239 3114 non
3260 3045 3616 3136 nullasque-

1970 3148 2081 3205 que
2098 3134 2358 3190 occultas
2378 3136 2433 3190 in
2457 3153 2527 3192 eo
2547 3140 2727 3211 dotes,
2758 3157 2873 3196 non
2897 3144 3158 3215 cujusvis
3175 3150 3364 3205 oculis
3388 3134 3616 3224 exposi-

1973 3226 2075 3275 tas.
2112 3223 2281 3286 Quod
2309 3224 2421 3278 nisi
2448 3225 2529 3280 ita
2559 3229 2917 3299 contigisset,
2954 3250 3075 3304 qua
3106 3223 3615 3302 temeritata,iten—

1968 3315 2207 3376 tassem,
2241 3319 2359 3367 tam
2385 3314 2662 3386 locupleti
2688 3317 2801 3373 hac
2823 3319 2998 3374 etiam
3028 3323 3087 3377 in
3110 3330 3293 3394 parte,
3316 3329 3458 3397 viro,
3491 3334 3615 3385 tan-

1966 3399 2155 3454 tillum
2174 3400 2382 3457 offerre
2401 3405 2855 3461 munusculum:
2882 3411 3315 3482 Munusculum,
3337 3417 3611 3489 inquam:

1964 3504 2108 3542 nam
2129 3488 2261 3544 licet
2288 3488 2348 3544 in
2396 3508 2457 3545 se
2490 3509 2708 3549 munus
2739 3495 2828 3565 sit,
2857 3495 3119 3554 fortassis
3151 3517 3270 3557 non
3303 3488 3615 3576 aspernan-

1966 3576 2123 3644 dum,
2148 3579 2199 3632 si
2224 3583 2415 3634 tamen
2445 3581 2522 3636 ad
2542 3582 2860 3641 immensas
2881 3604 2951 3643 ac
2978 3590 3441 3660 pretiosissimas
3483 3600 3615 3654 tuas

1965 3682 2111 3736 opes
2158 3667 2517 3739 conferatur,
2570 3672 2884 3742 indignum
2934 3679 3286 3748 censebitur,
3337 3685 3495 3754 quod
3554 3687 3615 3744 in

1969 3755 2377 3820 tuothesauro,
2398 3757 2487 3812 vel
2506 3761 2785 3828 exiguum
2806 3763 3296 3824 inveniatlocum.
3311 3771 3613 3843 Siquidem

1970 3848 2031 3896 ut
2072 3843 2197 3897 haec
2248 3846 2479 3898 interim
2535 3847 2757 3915 sileam,
2811 3866 2943 3921 quae
2999 3853 3140 3907 dicit
3187 3858 3504 3927 Apostolus
3554 3864 3615 3919 in

1968 3931 2248 4001 episcopo
2310 3948 2430 3986 non
2486 3939 2753 4004 oportere
2820 3937 3142 3996 desiderari
3194 3960 3207 3997 :
3268 3960 3484 4017 nempe
3553 3956 3616 4004 ut

1966 4019 2496 4088 irreprehensibilis
2574 4023 2668 4087 sit,
2728 4029 3011 4098 tanquam
3073 4031 3172 4086 Dei
3223 4032 3609 4105 dispensator,

1966 4107 2216 4176 vigilans
2272 4124 2448 4179 super
2495 4126 2755 4180 gregem,
2813 4116 3048 4171 sobrius
3105 4136 3224 4175 non
3270 4124 3615 4194 praefractus

1966 4197 2442 4264 noniracundus,
2479 4200 2585 4254 sed
2612 4202 2934 4268 modestus,
2965 4206 3297 4279 hospitalis,
3329 4218 3506 4283 aptus
3536 4216 3614 4272 ad

1965 4286 2326 4350 docendum,
2358 4288 2515 4358 pius,
2546 4292 2905 4360 temperans,
2928 4298 3099 4350 tenax
3127 4299 3255 4367 ejus
3284 4301 3387 4371 qui
3409 4319 3616 4360 secun-

1888 4419 1931 4473 Β
1965 4376 2109 4429 dum
2150 4375 2483 4431 doctrinam
2509 4382 2599 4433 est
2627 4377 2815 4434 fidelis
2853 4385 3161 4452 sermonis,
3196 4391 3259 4442 ut
3282 4394 3495 4460 potens
3540 4395 3615 4449 sit

1964 4463 2141 4517 etiam
2230 4463 2525 4520 exhortari
2608 4482 2712 4538 per
2798 4469 3133 4528 doctrinam
3210 4492 3439 4544 sanam,
3557 4488 3617 4540 et

1962 4552 2430 4609 contradicentes
2493 4556 2859 4624 convincere,
2911 4574 3031 4616 non
3092 4564 3448 4633 vinolentus,
3490 4587 3613 4629 non

1960 4654 2291 4711 percussor,
2325 4657 2448 4697 non
2470 4644 2716 4715 turpiter
2740 4646 2880 4700 lucri
2911 4650 3137 4715 avidus,
3170 4653 3273 4707 sed
3302 4671 3511 4727 aequus
3541 4676 3611 4717 ac

1951 4726 2147 4799 justus
2184 4744 2219 4784 a
2254 4731 2474 4800 pugnis
2500 4735 2556 4786 et
2589 4731 2667 4788 ab
2708 4735 2955 4790 avaritia
2983 4735 3233 4807 alienus,
3277 4726 3389 4813 qui
3412 4746 3609 4805 domui

1959 4832 2081 4872 sure
2150 4818 2293 4873 bene
2328 4818 2553 4890 praesit.
2607 4820 2768 4893 (Nam
2800 4824 2845 4877 si
2890 4826 3043 4895 quis,
3098 4828 3309 4900 inquit,
3353 4836 3609 4904 propriae

1957 4904 2161 4959 domui
2196 4922 2451 4977 praeesse
2478 4924 2593 4962 non
2619 4912 2797 4975 novit,
2826 4914 3133 4981 quomodo
3160 4917 3475 4977 Ecclesium
3508 4924 3609 4980 Dei

1958 4993 2263 5063 curabit?)
2296 4999 2501 5051 nonin
2534 4997 2648 5051 fide
2680 4998 2955 5063 novitius,
2988 5019 3053 5055 ne
3088 5004 3326 5062 inflatus
3373 5012 3609 5083 injudi-

1957 5080 2117 5136 cium
2156 5083 2381 5139 incidat
2427 5085 2645 5140 diaboli
2673 5103 2683 5139 :
2718 5089 2818 5157 qui
2851 5095 2907 5144 et
2940 5090 3168 5148 bonum
3200 5096 3416 5155 habeat
3451 5080 3608 5159 testi-

1956 5169 2220 5223 monium
2274 5170 2346 5223 ab
2399 5175 2710 5227 extraneis.
2774 5178 2841 5232 Ut
2890 5178 3034 5235 hmc.
3073 5183 3345 5254 inquam,
3407 5193 3607 5249 omnia

1956 5256 2162 5312 sileam
2203 5274 2337 5330 quae
2389 5260 2587 5315 nullus
2627 5264 2729 5334 qui
2770 5269 2822 5319 te
2866 5282 3114 5339 proruas
3158 5276 3399 5339 noverit,
3445 5279 3498 5331 in
3554 5286 3605 5335 te

1955 5347 2288 5402 desiderare
2310 5349 2525 5420 poterit
2552 5368 2563 5405 :
2592 5353 2735 5423 quin
2768 5355 3051 5426 pleraque
3084 5364 3262 5415 etiam
3294 5364 3605 5422 abundan-

1954 5434 2069 5490 tius
2102 5436 2377 5502 inveniet,
2410 5455 2594 5511 quam
2635 5444 2889 5512 exegerit
2926 5448 3262 5515 Apostolus,
3300 5468 3437 5507 cum
3468 5457 3604 5524 pul-

1953 5523 2247 5584 cherrimo
2300 5544 2540 5601 quoque
2587 5533 2645 5586 et
2687 5531 3117 5602 fulgentissimo
3163 5537 3262 5595 illo
3314 5523 3604 5599 castitatis
