4166 6314
497 320 568 387 39

2008 320 2408 382 PH/EFATIO.

3837 323 3908 383 40

494 455 749 527 cingulo.
799 455 1016 510 Verum
1071 455 1207 526 quis
1263 467 1380 509 non
1447 451 1840 507 admirabitur
1903 451 1964 506 in
2013 453 2137 508 viro
2168 454 2218 504 A
2249 449 2545 516 facillime,
2592 449 2647 503 in
2707 448 2921 520 quibus
2947 464 3057 518 ego
3095 452 3299 504 noctes
3350 452 3528 520 atque
3563 448 3689 505 dies
3728 450 3907 506 desu-

493 548 614 601 tam
642 543 924 614 prmclaro
946 557 1158 612 genere
1185 547 1334 605 orto,
1361 541 1452 595 cui
1484 540 1633 595 adeo
1666 555 1899 610 semper
1931 540 2138 593 arrise-

493 633 565 687 rit
601 649 670 686 ex
701 648 864 687 omni
892 637 1056 702 parte
1087 631 1344 693 fortuna,
1379 646 1513 701 quae
1543 628 1681 683 nihil
1710 629 1866 700 quod
1892 644 2137 682 suarum

493 724 579 776 est
630 719 891 791 partium
957 720 1070 790 ipsi
1126 735 1394 789 unquam
1443 733 1692 785 negasse
1737 716 1982 782 videtur,
2015 720 2134 770 tam

491 809 738 875 variam,
765 816 1008 880 tamque
1024 806 1394 862 reconditam
1413 805 1826 871 eruditionem,
1846 804 2135 873 judicium

487 898 909 958 certissimum,
926 895 1225 966 ingenium
1243 902 1360 948 tam
1380 910 1534 958 acre,
1558 909 1824 964 peneque
1841 892 2133 955 divinum,

489 985 837 1042 memoriam
869 985 1018 1039 adeo
1040 990 1309 1039 tenacem
1339 982 1367 1037 ‘i’
1397 983 1456 1037 in
1483 999 1600 1055 quo
1629 988 1839 1054 praeter
1862 987 2134 1036 exactam

486 1075 789 1145 utriusque
844 1073 991 1144 juris
1054 1071 1453 1143 prudentiam,
1509 1071 1832 1142 perfectam
1893 1085 2135 1140 quoque

486 1163 664 1219 trium
684 1162 1025 1232 linguarum
1047 1160 1318 1232 peritiam
1345 1160 1474 1230 quis
1500 1175 1623 1215 non
1640 1158 1971 1230 suspiciat?
1989 1160 2134 1212 Nam

485 1252 547 1306 in
575 1250 791 1306 Graecis
839 1266 906 1304 ac
935 1247 1148 1304 Latinis
1193 1247 1390 1303 adhuc
1439 1263 1581 1318 puer
1610 1246 2135 1302 exercitatissimus

485 1343 650 1396 erat:
684 1339 742 1392 in
777 1337 1029 1392 Hebraeis
1079 1353 1213 1392 vero
1246 1336 1399 1391 Deus
1457 1335 1614 1391 bone
1657 1351 1840 1406 quam
1899 1333 2136 1389 feliciter

489 1432 754 1484 versatus
785 1434 890 1489 est,
913 1442 1096 1498 quam
1125 1426 1301 1480 etiam
1335 1440 1474 1493 erga
1498 1440 1677 1478 suum
1709 1421 2133 1494 praeceptorem

484 1515 764 1571 liberalis.
818 1515 927 1579 Qui
978 1513 1068 1568 his
1111 1513 1284 1581 igitur
1331 1512 1647 1566 comitibus
1708 1511 1790 1566 ita
1824 1510 1898 1564 ad
1931 1525 2134 1565 sacras

481 1606 608 1676 jam
633 1605 855 1659 dudum
908 1602 1154 1658 accessit
1206 1601 1466 1665 Litteras,
1513 1605 1574 1655 ut
1612 1615 1803 1671 neque
1850 1597 2134 1653 naturalis

486 1691 899 1764 phiIOSOphiae,
933 1705 1128 1762 neque
1189 1689 1520 1759 tlieologiae,
1575 1705 1761 1760 quam
1828 1685 2135 1742 scholasti-

484 1796 610 1837 cam
663 1784 896 1847 vocant,
956 1777 1369 1834 destitueretur
1413 1778 1643 1849 peritia,
1689 1777 1819 1847 quis
1873 1774 2136 1843 ambigat

483 1870 682 1942 ipsum
724 1869 875 1923 mira
928 1869 1314 1939 praestiturum
1340 1867 1368 1921 ‘I
1410 1866 1615 1937 Itaque
1670 1865 1902 1920 nullum
1963 1863 2022 1917 in
2053 1863 2136 1917 eis

483 1959 864 2031 quantumvis
894 1957 1230 2012 abstrusum
1257 1955 1524 2010 invenias
1549 1953 1975 2021 locum,cujus,
2004 1966 2136 2006 exa-

483 2046 938 2102 ctissimamnon
968 2043 1151 2115 possit
1176 2059 1246 2097 ex
1263 2047 1529 2112 tempore
1551 2039 1798 2095 reddere
1824 2039 2132 2094 rationem.

485 2135 600 2191 Sed
620 2136 724 2206 qui
754 2149 864 2204 ego
895 2133 1022 2188 haec
1053 2147 1173 2186 non
1206 2129 1516 2186 credituris
1546 2128 1762 2184 frustra
1792 2126 2076 2182 denuntio
2107 2125 2134 2178 ?

484 2225 554 2280 de
579 2222 820 2278 homine
877 2220 1278 2292 potissimum,
1310 2217 1412 2290 qui
1452 2218 1722 2272 nondum
1763 2214 2042 2287 quintum
2080 2218 2135 2270 et

485 2313 849 2368 tricesimum
895 2309 1085 2378 attigit
1113 2323 1360 2377 annum,
1386 2307 1444 2360 in
1464 2305 1919 2378 praeclarissimo
1946 2303 2135 2373 digni-

487 2405 677 2457 tatum
706 2414 1011 2471 opumque
1043 2395 1360 2468 splendore
1383 2410 1618 2467 semper
1633 2394 1968 2457 constituto,
1996 2408 2133 2464 quae

487 2506 609 2546 non
649 2505 858 2560 parum
912 2485 1325 2558 impedimenti
1378 2484 1588 2540 studiis
1663 2482 1871 2539 afferre
1921 2481 2130 2537 solent.

491 2581 618 2650 Spei
637 2595 669 2633 o
687 2577 965 2648 equidem
990 2575 1153 2647 quod
1176 2574 1510 2630 concredita
1540 2572 1655 2628 sibi
1676 2572 1889 2628 talenta
1911 2585 2135 2642 nequa-

487 2681 672 2737 quam
704 2664 762 2717 in
795 2670 1009 2718 terram
1040 2661 1308 2716 defodiet.
1342 2663 1699 2731 Quanquam
1748 2659 1908 2714 enim
1957 2657 2135 2712 etiam

490 2769 648 2810 nunc
684 2753 929 2807 lucerna
955 2751 1029 2805 sit
1059 2766 1172 2804 non
1194 2749 1396 2804 subter
1449 2748 1735 2813 modium,
1807 2746 1910 2802 sed
1955 2761 2136 2816 super

487 2841 915 2899 candelabrum
966 2839 1183 2911 posita,
1253 2835 1531 2892 omnibus
1601 2836 1705 2906 qui
1744 2835 1804 2890 in
1863 2833 2133 2889 Ecclesiae

486 2932 670 2987 domo
697 2933 850 2995 sunt,
887 2929 1019 2982 vitae
1046 2943 1115 2982 ac
1142 2942 1377 2981 morum
1425 2925 1776 2993 integritate,
1819 2921 2133 2978 librorum-

485 3036 603 3092 que
629 3019 920 3074 editorum
978 3015 1243 3070 doctrina
1286 3013 1631 3085 praelucens,
1687 3028 1755 3067 ac
1788 3019 1846 3066 ut
1876 3011 2133 3083 probum

487 3113 716 3182 prazstet
769 3105 975 3162 Christi
1005 3104 1206 3160 ovium
1269 3102 1379 3157 sibi
1418 3101 1893 3157 concreditarum
1942 3106 2135 3172 pasto-

484 3214 628 3261 rem,
663 3195 934 3269 plurimis
965 3194 1154 3266 iisque
1204 3192 1461 3248 maxime
1493 3190 1696 3246 arduis
1748 3189 2134 3258 distringatur

486 3286 736 3358 negotiis
779 3303 790 3337 :
820 3284 982 3340 dabit
1005 3288 1203 3338 tamen
1227 3281 1597 3352 propediem,
1619 3279 1667 3334 si
1701 3279 1971 3334 divinare
2000 3277 2136 3333 licet

484 3376 686 3447 majus
729 3373 923 3429 adhuc
949 3371 1038 3426 sui
1070 3370 1371 3443 specimen
1401 3368 1460 3424 in
1489 3368 1705 3433 lucem,
1738 3383 1860 3439 quo
1909 3365 2134 3438 perspi-

484 3479 664 3520 cuum
707 3461 987 3518 omnibus
1034 3460 1150 3524 fiet,
1214 3475 1307 3513 me
1364 3458 1490 3512 haec
1543 3455 1886 3512 assentandi
1945 3455 2133 3524 gratia

482 3552 731 3609 minime
760 3548 1187 3622 promulgasse,
1208 3546 1310 3601 sed
1330 3547 1503 3614 longe
1532 3545 1726 3599 adhuc
1748 3544 1904 3598 intra
1931 3543 2132 3598 verita-

480 3642 557 3697 tis
608 3640 822 3696 limites
875 3637 1177 3693 calamum
1215 3634 1592 3690 continuisse.
1656 3631 1826 3696 Quod
1870 3631 1915 3686 si
1963 3631 2052 3684 his
2101 3647 2132 3686 e

481 3731 679 3786 Graeco
747 3725 1042 3782 vertendis
1113 3739 1322 3779 vacare
1402 3721 1700 3785 voluisset,
1762 3735 2132 3791 supervacue

479 3817 654 3874 nobis
684 3816 986 3873 maximus
1019 3813 1115 3868 hic
1157 3812 1328 3869 labor
1377 3815 1730 3865 sumeretur.
1790 3808 1920 3865 Scio
1972 3807 2132 3864 enim

479 3906 772 3965 nonnulla
797 3920 934 3961 eum
965 3901 1144 3975 quasi
1193 3917 1296 3973 per
1345 3899 1555 3956 ludum
1599 3897 1711 3952 sibi
1741 3897 1854 3968 ipsi
1893 3896 2132 3952 vertisse

2170 3152 2210 3206 C

2247 537 2422 603 dans,
2458 537 2711 592 necdum
2726 553 2903 593 omne
2934 538 2991 592 id
3024 537 3187 609 quod
3204 539 3536 608 quaerebam
3568 554 3663 592 me
3693 539 3910 608 opinor

2248 637 2609 681 assecutum.
2646 627 2689 682 Ο
2732 627 2956 682 utinam
2992 627 3132 681 tales
3162 626 3352 681 forent
3396 641 3603 681 omnes
3634 627 3902 698 episcopi

2247 730 2312 768 ac
2353 715 2810 785 dispensatores,
2844 731 2996 786 quos
3037 715 3322 769 Dominus
3370 717 3672 770 constituit
3729 732 3906 786 super

2245 802 2533 858 familiam
2593 819 2786 867 suam,
2841 809 2902 856 ut
2945 804 3082 858 dent
3114 802 3195 856 illi
3235 802 3435 857 cibum
3465 803 3525 857 in
3589 808 3852 874 tempore
3888 805 3899 858 Ξ

2247 891 2506 961 profecto
2572 891 2795 945 felicius
2845 896 3118 959 ageretur
3166 907 3299 945 cum
3379 891 3593 946 Christi
3664 891 3902 958 ovibus,

2245 979 2367 1032 imo
2434 994 2569 1033 cum
2625 983 2742 1033 tota
2801 978 3106 1049 republica
3167 977 3520 1034 Christiana.
3581 979 3904 1035 Prmsulum

2244 1081 2507 1137 namque
2530 1071 2905 1137 etpastorum
2933 1066 3114 1122 vitam
3130 1082 3198 1122 ac
3214 1082 3410 1121 mores
3430 1081 3571 1134 grex
3590 1067 3906 1122 universus

2245 1154 2526 1210 imitatur.
2545 1156 2917 1225 Quapropter
2934 1154 3212 1209 omnibus
3238 1155 3293 1208 in
3313 1155 3513 1222 rebus,
3537 1155 3905 1212 ornatissime

2243 1243 2483 1314 praesul,
2513 1243 2628 1299 hoc
2675 1243 2912 1298 aurium
2943 1249 3353 1298 ornamentum
3391 1258 3465 1298 ne
3495 1241 3786 1314 fastidias,
3849 1249 3903 1300 te

2244 1348 2349 1403 per
2371 1336 2536 1386 tuam
2565 1331 2691 1386 orbi
2717 1333 3021 1402 cognitam
3050 1331 3478 1387 humanitatem
3505 1331 3685 1387 etiam
3725 1338 3905 1404 atque

2245 1421 2414 1476 etiam
2466 1419 2748 1476 obtestor.
2792 1419 2951 1476 Nosti
2992 1420 3154 1476 enim
3180 1420 3296 1492 ipsi
3320 1426 3685 1491 praeceptum
3718 1420 3904 1478 fuisse

2245 1509 2405 1576 Mosi,
2438 1513 2500 1563 ut
2531 1508 2608 1564 ad
2642 1508 3091 1563 tabernaculum
3118 1524 3186 1564 ac
3203 1510 3610 1564 sanctuarium
3639 1514 3906 1564 constru-

2244 1599 2464 1652 endum
2495 1612 2614 1652 non
2660 1597 2836 1652 modo
2865 1613 3081 1652 aurum
3120 1603 3178 1652 et
3205 1602 3541 1670 argentum,
3576 1613 3898 1669 purpuram

2244 1687 2583 1758 etbyssum,
2602 1685 2829 1758 lapides
2843 1687 3174 1758 onychinos
3191 1703 3258 1742 ac
3275 1700 3546 1755 gemmas
3576 1687 3903 1758 acciperet:

2245 1791 2454 1831 verum
2504 1775 2682 1830 etiam
2721 1775 2864 1830 viles
2903 1775 3052 1830 inter
3098 1779 3314 1830 caetera
3353 1790 3668 1846 caprarum
3709 1774 3893 1846 pilos.

2246 1864 2369 1918 Scis
2396 1868 2450 1919 et
2488 1864 2681 1919 viduae
2711 1863 2834 1919 duo
2867 1879 2984 1918 aera
3032 1862 3265 1918 minuta
3316 1878 3438 1918 non
3492 1862 3674 1918 modo
3721 1863 3905 1918 fuisse

2247 1951 2473 2007 Christo
2492 1951 2855 2021 gratissima,
2880 1951 2986 2005 sed
3002 1950 3283 2006 omnibus
3300 1966 3544 2022 quoque
3570 1950 3905 2022 splendidis

2244 2038 2490 2094 divitum
2521 2040 2862 2094 muneribus
2901 2039 2978 2094 ab
3008 2054 3079 2094 eo
3122 2039 3444 2110 praeposita
3475 2057 3488 2096 :
3517 2042 3574 2094 et
3611 2038 3900 2108 poculum

2245 2143 2419 2198 aquae
2457 2127 2678 2198 frigidm
2733 2127 2941 2182 Christi
2986 2127 3224 2182 nomine
3253 2125 3620 2191 offerentem,
3679 2142 3900 2196 nequa-

2242 2231 2422 2286 quam
2442 2216 2683 2286 praemio
2699 2215 3127 2271 fraudandum.
3164 2215 3414 2284 Siigitur
3436 2230 3651 2270 munus
3678 2214 3793 2270 hoc
3827 2213 3908 2269 ad

2245 2309 2378 2359 tuas
2437 2303 2599 2358 domi
2633 2304 2924 2374 repositas
2982 2301 3220 2357 divitias
3276 2302 3571 2372 conferas,
3630 2301 3898 2373 profecto

2241 2391 2408 2446 vilius
2437 2393 2545 2447 erit
2565 2390 2980 2462 abjectissimis
3011 2406 3326 2461 caprarum
3357 2390 3489 2462 pilis
3518 2410 3529 2448 :
3564 2391 3661 2446 cui
3691 2391 3904 2446 nihilo-

2245 2482 2466 2548 minus,
2499 2480 2650 2535 sicut
2676 2484 2731 2535 et
2776 2479 2910 2545 illis,
2941 2479 3106 2534 locus
3138 2479 3245 2534 erit
3273 2478 3352 2535 ad
3381 2478 3674 2534 exteriora
3703 2479 3897 2534 taber-

2244 2569 2442 2626 naculi
2469 2568 2702 2624 Domini
2742 2567 3127 2624 asservanda.
3161 2567 3219 2623 Si
3269 2582 3413 2622 vero
3465 2567 3731 2623 animum
3779 2582 3902 2639 quo

2243 2657 2672 2714 munusculum
2711 2657 2825 2711 hoc
2848 2662 2960 2712 tuae
3003 2656 3418 2711 illustrissimae
3451 2653 3696 2711 offertur
3724 2655 3898 2711 Celsi-

2243 2747 2434 2809 tudini
2456 2745 2854 2816 conspexeris,
2887 2745 3074 2800 audeo
3106 2759 3390 2808 asserere,
3426 2759 3574 2800 auro
3597 2747 3652 2799 et
3705 2758 3913 2814 argen-

2244 2839 2323 2902 to,
2355 2849 2624 2907 purpura
2653 2837 2709 2888 et
2735 2833 2938 2903 bysso,
2967 2831 3270 2902 lapidibus
3296 2831 3613 2903 onychinis
3647 2847 3716 2887 ac
3746 2847 3911 2901 gem-

2244 2925 2358 2979 mis
2397 2923 2570 2990 longe
2615 2919 2980 2992 praestantius
3030 2919 3180 2975 fore.
3245 2920 3475 2975 Etenim
3500 2921 3696 2991 siqua
3737 2923 3798 2975 in
3845 2937 3907 2976 re

2243 3013 2435 3073 detur,
2465 3015 2530 3065 ut
2562 3009 2842 3080 propensi
2875 3023 3017 3078 erga
3055 3013 3109 3062 te
3154 3008 3271 3063 mei
3309 3007 3493 3064 animi
3535 3007 3713 3063 facias
3760 3008 3909 3079 peri-

2243 3099 2440 3155 culum
2492 3097 2741 3159 nullam,
2772 3097 2970 3151 subire
3026 3111 3377 3152 recusavero
3433 3095 3816 3163 sententiam,
3859 3097 3907 3152 si

2243 3204 2338 3244 me
2413 3187 2538 3242 ullo
2583 3185 2764 3240 modo
2809 3191 2864 3240 te
2914 3183 3212 3239 inveneris
3261 3183 3558 3240 fefellisse.
3616 3187 3696 3240 Ne
3762 3199 3905 3254 ergo

2241 3292 2463 3332 munus
2488 3275 2601 3330 hoc
2630 3274 2690 3328 in
2710 3291 2770 3328 se
2801 3273 3166 3340 consideres,
3196 3289 3306 3329 nec
3336 3273 3415 3328 ad
3443 3273 3790 3329 universam
3823 3274 3905 3329 tui

2241 3364 2429 3420 musci
2473 3361 2897 3433 supellectilem
2960 3360 3278 3416 conferas:
3335 3362 3436 3417 sed
3466 3361 3544 3418 ad
3598 3361 3899 3418 oﬁerentis

2241 3454 2532 3521 animum,
2587 3467 2708 3523 quo
2748 3449 2809 3503 id
2863 3448 3195 3505 verecunde
3242 3450 3504 3520 porrigit,
3573 3465 3899 3521 parumper

2240 3541 2446 3598 oculos
2463 3539 2729 3600 deﬂecte,
2747 3554 2816 3594 ac
2833 3537 3257 3594 munusculum
3305 3537 3479 3594 hilari
3493 3539 3683 3595 fronte
3725 3539 3906 3594 susci-

2241 3645 2315 3702 pe
2344 3647 2356 3684 :
2385 3634 2449 3685 ut
2473 3629 2621 3683 dum
2647 3628 2775 3683 haec
2804 3642 2925 3682 non
2955 3627 3192 3696 ingrata
3239 3626 3344 3682 tibi
3373 3627 3555 3682 fuisse
3580 3627 3910 3698 deprehen-

2241 3719 2407 3785 dero,
2430 3719 2686 3790 majores
2705 3718 2784 3773 ad
2808 3716 3156 3787 hujusmodi
3180 3717 3375 3772 studia
3397 3718 3550 3773 vires
3571 3732 3902 3772 assumam.

2240 3807 2401 3874 Vale,
2429 3806 2756 3879 praesulum
2788 3805 2972 3859 decus
3004 3804 3312 3860 eximium.
3368 3804 3615 3861 Lovanii
3675 3821 3837 3860 anno
3867 3820 3905 3861 a

2243 3901 2408 3967 partu
2439 3895 2728 3963 virgineo,
2764 3891 2920 3956 1545,
2965 3896 3132 3947 sexto
3148 3892 3288 3948 Idus
3313 3893 3581 3964 Augusti.

507 4078 3903 4106 Mm

617 4186 952 4278 Ejusdem
975 4185 1348 4253 admonitio
1380 4180 1460 4247 de
1485 4184 1769 4246 auctore
1793 4178 2133 4334 ἠονιῖφέᾜ.

2244 4179 2739 4331 ηἶθηίανὶονῖιγη
2759 4199 2842 4242 ea:
2880 4175 3180 4245 editione
3222 4178 3316 4263 (a)
3355 4174 3758 4242 Lovaniensi

2244 4287 2266 4334 >
2305 4317 2319 4331 .

1993 4287 2143 4347 344,
2189 4287 2319 4347 Ῑοι.

2169 4409 2215 4463 D
2251 4405 2688 4470 (Ecumenium,
2746 4421 2928 4478 quem
2984 4404 3046 4459 in
3099 4406 3313 4459 caetera
3356 4401 3500 4458 Novi
3548 4403 3906 4458 Testamenti

556 4419 836 4475 Studioso
871 4413 1112 4471 Lectori.

554 4509 704 4565 Cum
733 4507 843 4562 hos
880 4498 1351 4560 Commentarios
1391 4502 1526 4554 ante
1557 4496 1785 4569 aliquot
1807 4498 2136 4569 menses(b)

485 4598 544 4653 in
570 4597 764 4651 lucem
793 4592 1128 4655 ederemus,
1158 4587 1420 4642 studiose
1450 4586 1648 4651 lector,
1679 4601 1786 4640 nec
1808 4586 1947 4641 certi
1967 4585 2138 4656 quid-

483 4701 668 4759 quam
698 4682 1068 4743 haberemus,
1112 4676 1274 4750 quod
1314 4676 1387 4731 de
1428 4679 1668 4730 auctore
1707 4674 2134 4740 divinaremus,

485 4777 736 4831 aliorum
782 4770 999 4840 magis,
1063 4783 1248 4840 quam
1287 4770 1559 4820 nostrum
1591 4762 1774 4818 secuti
1817 4762 2136 4833 judicium,

482 4863 708 4936 praefati
749 4876 982 4925 sumus,
1025 4854 1389 4930 quibusdam
1432 4852 1617 4907 videri
1654 4855 1959 4907 auctorem
2007 4867 2138 4907 esse

556 5041 637 5110 (α)
664 5043 822 5095 Hanc
853 5037 1192 5110 editionem,
1226 5049 1411 5110 quam
1454 5029 2140 5110 beneﬁcioileyniihviri

482 5101 980 5184 periilustris,_ex
1033 5101 1388 5184 bibliotheca
1440 5101 1838 5184 universitatis
1890 5102 2142 5184 Gone'ttin-

480 5172 678 5255 gensis
690 5172 890 5255 accepi
901 5175 1580 5255 ,_rece_nset_Hamberger,
1595 5174 1670 5255 ign
1698 5172 1936 5255 vierten'
1952 5172 2143 5255 Theile

483 5244 587 5311 ἷίεν
606 5244 1021 5319 Ζαυθνίἄέεἰθρφι
1039 5246 1438 5319 ΝαεῄνὶρΙιιεη
1459 5261 1567 5300 von
1591 5246 1698 5300 den
1726 5244 2141 5300 vornehmsten

482 5318 980 5393 Schrittstellerrt,
1016 5331 1153 5390 pag.
1176 5318 1264 5393 82.
1301 5321 1387 5393 8_3_.
1506 5388 1515 5393 _
1701 5385 1731 5393 Α
1834 5388 1844 5393 _
2053 5383 2062 5393 _

556 5396 638 5466 (ὁ)
668 5400 836 5449 Anno
863 5385 1048 5466 A1543,
1095 5385 1271 5466 sexto
1320 5387 1460 5443 ldus
1489 5385 1754 5456 Augusti,
1789 5388 1853 5440 ut
1906 5399 1978 5440 ex
2012 5385 2142 5453 ejus

484 5460 828 5539 praefatione
861 5460 1224 5539 intelligitur.
1320 5530 1330 5539 ι
1712 5526 1722 5538 ο
1777 5526 1786 5536 ¹
1985 5525 2017 5539 ν
2072 5524 2082 5533 θ

555 5525 1100 5608 (εγΜειεῐιιιω-θεξῖθ
1154 5530 1489 5608 discrimen
1531 5526 1842 5608 acuminis,
1896 5525 2138 5604 ordinis,

483 5597 1211 5676 consiliifgrmcitatisque
1260 5603 1415 5676 inter
1455 5597 2140 5676 Pseudo-(Ecumenium

481 5687 540 5738 et
569 5666 728 5737 inter
760 5666 1166 5750 Euthymiuni,
1190 5687 1370 5730 nemo
1400 5671 1462 5726 in
1483 5669 1741 5724 dubium
1756 5667 2009 5730 vocabit,
2036 5666 2142 5737 qui

2245 4495 2411 4550 brevi
2465 4510 2502 4550 a
2542 4494 2709 4550 nobis
2762 4493 3035 4551 Latinum
3093 4491 3371 4563 accipies.
3424 4493 3789 4563 Quanquam
3816 4492 3910 4562 (ut

2246 4600 2454 4640 verum
2485 4583 2694 4654 fatear)
2721 4583 2895 4654 hujus
2920 4580 3153 4654 phrasis
3193 4579 3271 4636 ab
3301 4579 3398 4635 illo
3437 4596 3554 4636 non
3584 4595 3797 4652 parum
3829 4580 3906 4652 (ε)

2246 4672 2392 4728 mihi
2422 4671 2710 4726 dissidere
2735 4670 3070 4727 videbatur.
3103 4672 3263 4725 Nunc
3285 4685 3424 4724 vero
3439 4671 3716 4725 eumdem
3749 4669 3904 4726 nacti

2248 4765 2553 4816 auctorem
2603 4760 2660 4814 in
2715 4758 2981 4814 Psalmos
3039 4757 3375 4823 Davidicos,
3428 4761 3486 4814 et
3541 4757 3602 4812 in
3666 4758 3909 4814 Cantica

2247 4865 2383 4922 quae
2418 4849 2497 4921 (ά)
2538 4864 2660 4903 una
2717 4863 2852 4902 cum
2916 4843 3165 4902 Psalmis
3231 4847 3389 4903 canit
3447 4845 3724 4915 Ecclesia,
3779 4847 3907 4916 jam

2250 5032 2572 5097 utrumque
2598 5025 2818 5092 legerit,
2847 5025 2951 5079 sed
2965 5024 3038 5097 de
3057 5025 3414 5097 OEcumenio
3430 5023 3570 5095 quid
3600 5023 3904 5097 sentirem,

2249 5097 2365 5171 dici
2378 5094 2532 5171 alibi.
2552 5098 2694 5150 Cum
2724 5095 3042 5171 Euthymio
3055 5095 3218 5171 nullo
3237 5095 3419 5171 modo
3436 5094 3905 5171 comparandus.

2249 5167 2594 5222 Simillimus
2627 5171 2826 5222 autem
2866 5165 3180 5236 Euthymio
3215 5171 3306 5222 est
3343 5165 3909 5236 Pesudo-Theophy-

2248 5240 2442 5294 lactus
2473 5238 2533 5292 in
2561 5237 2858 5308 Epistolas
2897 5238 3189 5292 Paulinas.

2253 5381 2264 5392 _
2322 5309 2400 5379 (ἁ)
2431 5309 2548 5392 Ista
2596 5303 2829 5392 cantica
2863 5309 2943 5390 .in
2998 5307 3296 5392 plerisque
3355 5306 3658 5392 codicibus
3686 5312 3792 5384 τῶν.
3827 5303 3904 5383 Q',

2247 5381 2584 5452 junguntur
2649 5379 2928 5436 Psalmis.
2983 5383 3168 5447 Atque
3235 5379 3314 5432 ita
3373 5379 3552 5432 etiam
3605 5379 3796 5447 reperi
3847 5379 3908 5429 in

2251 5449 2490 5530 duobus
2515 5448 3318 5530 codicibusyOsquensibus
3347 5448 3716 5530 Psalmorum
3762 5461 3907 5530 cum

2249 5521 2730 5593 interpretatione
2765 5515 3081 5593 Euthyniii,
3146 5519 3431 5573 nimirum
3469 5534 3529 5576 in
3569 5517 3702 5572 cod.
3762 5515 3904 5570 Bibl.

2254 5593 2354 5650 SS.
2377 5591 2595 5663 synodi
2620 5607 2784 5648 num.
2819 5594 2923 5647 196
2949 5594 3007 5645 et
3034 5591 3123 5645 97.

4151 1483 4166 1612 ‘l

4137 1635 4166 3028 Ε
