4166 6314
8 4950 17 4999 i

14 5170 33 5265 Ei

8 5080 77 6111 Ἰ

252 322 315 373 41
1779 310 2171 367 ΡΒΑΞἘΑΤΙΟ.
3606 318 3673 369 42

250 446 516 499 secundo
543 447 611 514 (ε)
648 446 796 517 typis
827 461 1134 509 excusum,
1170 446 1493 499 certissimo
1534 442 1745 497 certius
1777 440 1903 494 ausi
1940 438 1978 487 A
2018 438 2077 488 Et
2115 435 2427 505 utrobique
2460 450 2637 505 super
2662 451 2733 489 eo
2779 436 2979 499 verbo,
3006 437 3256 492 Prwibis
3283 445 3418 493 ante
3453 440 3670 507 faciem

250 550 461 588 sumus
483 534 632 588 ferre
699 534 1010 602 judicium,
1057 534 1274 587 horum
1324 530 1903 587 Commentariorum

244 628 555 676 auctorem
586 638 717 676 esse
752 622 1128 691 Euthymium
1162 622 1233 693 (Γ)
1286 620 1675 690 Zigabonum.
1705 622 1903 688 Neque

244 711 405 764 enim
439 726 622 764 ovum
660 726 776 765 ovo
833 710 943 764 fuit
975 725 1243 781 unquam
1295 711 1445 763 adeo
1473 708 1683 771 simile,
1716 722 1901 777 quam

240 800 369 854 haec
402 798 483 868 (g)
518 798 747 869 phrasis
774 798 872 853 illi.
900 798 1112 853 Videas
1142 800 1201 853 in
1232 803 1480 869 utroque
1508 802 1739 864 gratam
1767 809 1901 848 cum

239 888 417 941 simili
454 887 671 956 pietate
709 886 1085 955 brevitatem,
1124 889 1484 943 succinctam
1528 886 1899 940 Hebraismo-

236 992 374 1031 rum
402 977 911 1046 explanationem.
938 979 999 1032 Et
1023 976 1543 1047 quemadmodum
1570 975 1652 1028 ibi
1684 974 1898 1029 Psalte-

237 1065 421 1127 rium,
454 1066 538 1120 ita
575 1069 628 1120 et
648 1065 743 1120 hic
771 1065 1144 1134 singulorum
1194 1065 1691 1133 evangelistarum
1732 1078 1898 1117 enar—

237 1154 509 1209 rationes
540 1154 721 1210 simili
747 1171 818 1209 ac
858 1161 1215 1226 pervenusta
1246 1153 1545 1208 concludit
1571 1153 1657 1221 (h)
1692 1149 1897 1213 ὃοξολο-

238 1248 330 1313 γίᾳ
375 1243 585 1312 juncta
640 1248 964 1314 παραινέσει.
1032 1244 1197 1297 Adde
1268 1244 1331 1312 (i)
1384 1242 1536 1312 quod
1594 1242 1739 1297 inter
1791 1258 1898 1295 caa-

238 1336 364 1387 tera
417 1337 659 1388 enarrat
706 1336 763 1387 et
796 1332 983 1388 Marias
1034 1348 1103 1386 ac
1129 1333 1416 1387 Zacharias
1483 1332 1732 1395 cantica,
1765 1347 1897 1402 quae

233 1420 411 1476 habet
454 1422 646 1476 Lucas
689 1422 884 1492 primo
914 1422 1147 1492 capite:
1192 1437 1451 1492 quorum
1508 1420 1647 1474 etin
1706 1419 1898 1473 hocet

234 1509 286 1564 in
319 1510 421 1565 illo
451 1509 631 1574 libro,
663 1508 864 1564 verbis
885 1510 1289 1579 duntaxatpro
1313 1509 1589 1564 varietate
1619 1508 1896 1578 interpre-

236 1599 735 1661 tumimmutatis,
770 1598 1048 1654 eamdem
1081 1597 1304 1653 videbis
1336 1598 1893 1667 interpretationem.

2015 524 2252 577 Domini
2303 540 2515 592 parare
2546 524 2672 577 vias
2731 526 2879 591 ejus.
2926 526 3067 588 Quae
3112 527 3247 591 sint,
3313 527 3520 598 inquit,
3556 530 3669 584 vias

2012 612 2139 680 ejus
2190 611 2450 665 diximus
2514 613 2680 666 tertio
2740 612 2931 683 capite
2984 614 3277 681 Evangelii
3332 617 3669 673 secundum

2012 701 2372 766 Mattliaeum,
2410 700 2775 755 ubihabetur
2810 721 2819 758 :
2852 702 2967 755 Vox
2987 704 3301 758 clamantis
3331 704 3394 759 in
3420 705 3662 771 deserto,

2006 793 2223 857 parate
2253 790 2417 847 niam
2433 790 2692 846 Domini.
2712 788 2859 843 Cum
2888 789 3015 843 haec
3039 790 3272 861 aliaque
3287 793 3666 866 plurimaque

2009 879 2343 931 certissima
2408 878 2480 932 de
2538 880 2648 932 hoc
2711 884 2951 932 auctore
3009 878 3231 933 indicia
3271 881 3655 947 haberemus,

2008 964 2334 1020 maluimus
2366 966 2423 1020 in
2482 966 2574 1020 his
2628 983 2760 1037 qua:
2814 966 3087 1021 nondum
3143 968 3424 1025 distracta
3476 978 3660 1037 erant,

2007 1054 2469 1126 exemplaribus,
2523 1055 2791 1110 studioso
2828 1056 3025 1111 lectori
3064 1055 3120 1109 id
3165 1055 3447 1127 indicare,
3478 1076 3665 1130 quam

2007 1158 2141 1196 eum
2174 1142 2394 1197 diutius
2445 1159 2803 1214 suspensum
2854 1150 3067 1199 tenere.
3121 1146 3308 1209 Quare
3362 1147 3509 1201 sicut
3539 1148 3665 1203 illo-

2006 1247 2139 1285 rum
2165 1232 2729 1287 Commentariorum
2765 1233 2824 1287 in
2844 1233 3124 1297 Psalmos,
3150 1239 3457 1289 auctorem
3483 1252 3661 1291 nemo

2006 1318 2233 1374 dubitat
2294 1336 2427 1374 vere
2485 1336 2612 1375 esse
2684 1322 3061 1391 Euthymium
3119 1323 3514 1391 Zigabonum,
3578 1326 3663 1380 sic

2006 1423 2195 1477 neque
2235 1408 2512 1480 deinceps
2572 1410 2788 1464 horum
2819 1410 2876 1464 in
2920 1412 3238 1480 Evangelia
3278 1412 3664 1470 Commenta-

2003 1496 2221 1550 riorum
2240 1497 2571 1564 suspicetur
2587 1498 2911 1570 quisquam
2948 1499 3131 1555 alium
3153 1516 3281 1555 esse
3318 1506 3651 1558 auctorem.

2004 1585 2162 1639 Vale.
2189 1590 2357 1639 Anno
2386 1586 2541 1641 1544.
2574 1588 2755 1641 Nonis
2788 1588 3111 1643 Februarii.

304 1774 374 1843 (e)
414 1776 491 1827 Ex
514 1773 629 1827 hoc
658 1772 877 1840 colligit
900 1772 1355 1841 Hambergerus,
1384 1787 1564 1840 supra
1584 1769 1885 1843 laudatus:
1932 1782 1974 1835 B
2002 1762 2165 1843 qugd
2193 1761 2249 1815 ίο
2291 1762 2556 1843 Ῐιὲξοηίρεδο
2587 1763 2868 1843 θάὲί,ί,οηθ,
2888 1764 3206 1843 Ευώἲωίίι
3230 1766 3375 1843 Enni
3412 1771 3565 1832 1544,
3601 1769 3659 1822 in

232 1844 378 1897 Dass
431 1844 613 1914 eim’ge
640 1844 1023 1909 Exemplare,
1057 1844 1214 1898 alter
1270 1842 1894 1914 Wahrscheinlichkeit

232 1914 407 1978 nach,
427 1915 540 1970 das
553 1913 879 1978 Jahr1‘0'43,
900 1916 1011 1980 auf
1016 1914 1146 1968 dem
1168 1914 1318 1969 Τίιεί
1332 1913 1578 1981 fcihren.
1597 1914 1710 1967 Sed
1724 1930 1891 1968 voca-

230 1983 445 2040 bulum
497 2001 783 2041 excusum
826 1991 912 2039 est
956 1985 1327 2055 ambiguum.
1373 1985 1665 2038 Incertum
1711 1984 1890 2055 enim,

233 2062 435 2111 utrum
466 2057 550 2111 ad
582 2056 1053 2111 Commentarios
1093 2054 1153 2111 in
1180 2055 1469 2115 Psalmos,
1505 2071 1581 2109 an
1620 2055 1699 2109 ad
1728 2054 1895 2109 Com-

233 2128 571 2183 mentarios
620 2128 677 2181 in
719 2126 1035 2197 Evangelia
1066 2128 1137 2182 sit
1179 2126 1575 2181 referendum.
1613 2127 1724 2181 Sed
1753 2127 1892 2180 illud

276 2204 404 2253 uto.
444 2198 675 2253 Etenim
704 2196 1185 2253 Montetalconius
1224 2198 1285 2252 in
1326 2197 1686 2252 Bibliotheca
1739 2197 1894 2252 Cois-

253 2268 476 2334 iniana,
511 2286 567 2339 p.
600 2270 684 2332 58,
716 2273 1010 2323 memorat
1033 2268 1267 2339 illorum
1296 2268 1889 2333 Commentariorum,

228 2354 299 2411 ex
325 2338 808 2411 interpretatione
828 2338 1083 2411 Philippi
1112 2340 1291 2403 Sauli,
1309 2340 1631 2411 editionem
1654 2340 1892 2393 Veronze

232 2410 417 2466 in-fol.
452 2410 596 2465 ann.
630 2412 787 2479 1530,
821 2417 875 2464 et
904 2410 1083 2465 Lutet.
1104 2411 1397 2475 in-8,ann.
1425 2412 1579 2464 1543.
1606 2410 1889 2474 Priorem,

232 2481 278 2534 si
308 2489 462 2537 recte
494 2484 762 2544 memini,
787 2481 910 2535 vidi
936 2482 1245 2551 quondam
1290 2481 1351 2534 in
1377 2480 1737 2535 bibliotheca
1767 2497 1890 2535 am-

234 2552 488 2622 plissimi
518 2557 761 2608 senatus
786 2551 1128 2622 Lipsiensis.
1194 2552 1376 2618 Hanc,
1412 2556 1472 2607 ut
1511 2552 1757 2617 videtur,
1791 2567 1890 2606 no-

238 2628 319 2694 tat
348 2623 809 2693 Hambergerus,
839 2622 970 2678 loco
991 2622 1225 2678 laudato
1256 2638 1609 2694 quanquam
1661 2622 1756 2676 hic
1784 2638 1892 2693 pro

237 2693 497 2761 Lutetiae,
526 2694 768 2766 scripsit
782 2694 1035 2749 Parisiis.
1060 2693 1318 2749 Alterum
1339 2700 1757 2763 argumentum
1784 2698 1890 2757 est,

2004 1832 2196 1909 Indice
2244 1833 2552 1909 scribitur_:
2589 1853 2617 1882 «
2660 1834 2824 1888 Liber
2854 1835 2949 1888 hic
2994 1851 3187 1905 neque
3224 1835 3437 1909 Grmce,
3466 1854 3659 1909 neque

2005 1903 2203 1978 Latine
2216 1910 2393 1978 antea
2405 1904 2562 1978 typis
2576 1920 2845 1978 unquam
2859 1903 3230 1978 excususest.
3242 1927 3269 1957 »
3289 1908 3549 1978 Denique
3560 1903 3659 1963 hic

2005 1973 2060 2026 in
2084 1974 2201 2050 ﬁne
2226 1974 2400 2050 hujus
2428 1973 2875 2030 admonitionis
2935 1976 3148 2050 legitur
3189 1994 3201 2030 :
3230 1997 3257 2027 ι(
3300 1978 3361 2031 In
3394 1973 3480 2050 his
3520 1995 3656 2050 quae

2002 2044 2275 2118 nondum
2299 2044 2602 2118 idistracta
2644 2052 2829 2109 erant,
2876 2068 2903 2095 ››
2933 2056 3039 2101 etc.
3092 2049 3187 2102 Est
3230 2062 3371 2115 ergo
3420 2044 3570 2118 haec,
3598 2056 3661 2106 ut

2004 2115 2200 2187 credo,
2240 2117 2417 2171 editio
2448 2117 2749 2187 princeps,
2785 2123 3014 2173 mutato
3040 2122 3271 2174 tantum
3298 2120 3511 2175 Indice.

2093 2187 2148 2255 Γ)
2190 2188 2293 2249 Ita,
2338 2204 2444 2258 pro
2475 2188 2819 2257 Zigabenus.

2096 2258 2386 2329 g)Idipse
2451 2258 2629 2314 etiam
2688 2261 2882 2315 testari
2911 2275 3177 2330 possum,
3242 2277 3375 2316 cum
3424 2262 3657 2318 codices

2002 2329 2379 2397 Mosquenses
2407 2330 2774 2385 Psalmorum
2803 2329 3197 2386 tractaverim.

2076 2397 2154 2469 (h)
2179 2400 2323 2477 .‘Sed
2376 2399 2487 2454 hoc
2539 2402 2600 2455 in
2626 2401 2895 2472 pluribus
2929 2402 3168 2457 Patrum
3202 2403 3655 2459 Commentariis

2000 2474 2309 2539 reperitur.

2074 2556 2137 2626 (ι)
2168 2557 2264 2611 His
2295 2562 2350 2612 et
2372 2557 2663 2614 similibus
2685 2560 3046 2627 argumentis
3064 2560 3121 2613 in
3152 2560 3356 2630 primis
3382 2562 3652 2629 efﬁcitur,

2003 2634 2301 2706 auctorem
2357 2630 2567 2684 horum
2640 2631 3216 2687 Commentariorum
3263 2648 3395 2687 esse
3442 2634 3652 2704 Euthy-

2002 2713 2214 2753 mium.

1200 3055 1802 3145 EJUSDEM
1939 3058 2683 3155 PRAEFATIO.

809 3374 1069 3430 Candido
1086 3374 1327 3430 Lectori.

300 3557 379 3611 Ne
426 3554 577 3626 quid
627 3555 682 3609 in
741 3555 855 3610 hoc
931 3559 1168 3609 auctore
1224 3554 1555 3609 evolvendo
1628 3555 1881 3623 hzesites,

233 3644 485 3699 candide
515 3644 745 3707 Lector,
802 3644 1007 3715 paucis
1036 3644 1110 3698 de
1140 3643 1317 3699 rebus
1348 3648 1401 3698 te
1432 3643 1713 3698 duximus
1740 3660 1883 3715 prte-

232 3734 629 3788 monendum.
684 3733 749 3787 Id
830 3733 1005 3804 igitur
1053 3733 1305 3802 primum
1364 3733 1454 3799 sit,
1509 3733 1672 3803 quod
1722 3734 1780 3786 in
1813 3750 1883 3788 eo

233 3820 561 3892 exemplari
584 3821 749 3892 quod
770 3821 848 3876 ad
877 3825 1113 3875 nostras
1167 3837 1382 3875 manus
1413 3820 1697 3890 pervenit,
1725 3836 1883 3890 quae-

235 3908 370 3962 dam
436 3909 862 3965 annotationes
893 3908 1189 3964 interdum
1253 3909 1624 3979 ponebantur
1677 3908 1758 3979 (Ic)
1823 3909 1882 3963 in

234 3998 605 4068 marginibus
640 4014 854 4069 :quas,
895 4015 1032 4053 cum
1074 4014 1451 4070 nequaquam
1511 3997 1883 4069 paenitendas

231 4103 564 4151 censerem,
618 4102 739 4141 non
762 4086 870 4141 fuit
930 4087 1170 4142 animus
1204 4090 1439 4157 penitus
1490 4087 1767 4157 abjicere,
1810 4103 1882 4141 ne

230 4176 318 4230 vel
340 4176 454 4231 hoc
488 4176 817 4231 commodo
892 4175 1269 4233 fraudareris.
1332 4178 1542 4231 Verum
1575 4192 1649 4232 ne
1680 4178 1883 4246 hujus-

229 4266 385 4318 modi
439 4264 937 4320 adnotationibus
991 4265 1289 4334 margines
1336 4266 1718 4335 replerentur,
1775 4283 1882 4323 nec

229 4357 377 4409 esset
430 4353 700 4425 spatium
767 4354 1061 4424 ponendis
1110 4370 1293 4410 sacras
1360 4354 1667 4425 Scriptura:
1713 4356 1880 4423 locis,

229 4456 360 4510 quae
415 4442 653 4513 passim
700 4442 777 4497 ab
821 4448 1060 4499 auctore
1109 4443 1385 4509 citantur,
1419 4461 1519 4499 eas
1558 4446 1617 4499 in
1647 4444 1883 4515 reliqua:

227 4529 541 4600 Scripturaa
594 4530 867 4586 ordinem
923 4530 1276 4600 redegimus,
1334 4538 1510 4603 atque
1574 4538 1711 4604 post
1756 4534 1883 4602 ejus

228 4618 532 4686 particulae
557 4622 750 4673 textus
781 4621 1219 4675 enarrationem
1270 4622 1347 4676 ad
1372 4636 1548 4692 quam
1580 4622 1885 4690 poneban-

1923 3372 1963 3427 C
1995 3375 2174 3433 habet
2210 3378 2519 3449 originem,
2576 3396 2711 3452 quae
2742 3380 2874 3436 loca
2922 3387 3131 3437 auctor
3190 3385 3410 3447 noster,
3450 3388 3513 3438 ut
3541 3381 3647 3454 qui

1938 3470 1941 3471 ⁷
1994 3468 2227 3522 Caecus
2253 3474 2484 3523 tantum
2508 3475 2677 3533 esset,
2694 3470 3051 3525 automnino
3066 3472 3650 3541 praetermiserat,aut

1992 3554 2296 3612 infeliciter
2309 3562 2680 3615 tractaverat.
2700 3562 2757 3613 In
2774 3559 2966 3629 primo
2982 3556 3179 3615 statim
3196 3560 3458 3630 cujusvis
3473 3560 3645 3616 faciei

1992 3643 2155 3698 initio
2186 3662 2405 3700 nomen
2425 3647 2826 3716 evangelistaa,
2850 3664 2969 3702 una
2992 3664 3130 3702 cum
3162 3648 3372 3719 capitis
3393 3664 3646 3704 numero

1986 3733 2149 3802 juxta
2172 3734 2505 3788 Latinorum
2536 3736 3047 3790 enumerationem
3085 3738 3400 3807 posuimus
3429 3754 3648 3809 :supra

1990 3820 2156 3890 ipsos
2185 3828 2383 3875 autem
2411 3822 2882 3891 paginicversus,
2913 3824 3261 3891 majusculis
3283 3824 3510 3887 litteris,
3541 3842 3646 3880 nu-

1993 3924 2223 3963 merum
2236 3910 2437 3979 capitis
2446 3910 2465 3979 j
2479 3914 2617 3965 uxta
2628 3909 2957 3964 Graecorum
2971 3910 3456 3981 supputationem
3480 3915 3647 3983 quod

1992 4013 2123 4052 eam
2158 3997 2348 4052 solam
2392 4003 2598 4052 auctor
2628 4002 2824 4052 noster
2852 4002 2974 4053 toto
3006 4013 3185 4069 opere
3220 4005 3642 4071 prosequatur.

2067 4089 2217 4142 Loca
2246 4102 2384 4142 vero
2414 4103 2445 4141 e
2481 4086 2886 4155 Bibliiscitata,
2920 4090 3024 4142 aut
3049 4089 3645 4151 eaconcernentia,in

1992 4176 2260 4246 margine
2318 4176 2779 4240 adnotavimus;
2821 4175 3272 4245 numerisjuxta
3301 4177 3646 4233 Latinorum

1991 4264 2430 4319 distinctionem
2458 4266 2654 4334 capita
2675 4263 3143 4333 designantibus,
3172 4264 3338 4335 quod
3368 4264 3495 4320 haec
3522 4267 3648 4338 opi-

1992 4370 2206 4408 nemur
2235 4370 2361 4408 esse
2400 4352 2495 4407 tibi
2534 4353 2781 4408 notiora.
2844 4353 2951 4407 Ubi
3010 4358 3210 4407 autem
3267 4352 3434 4408 locus
3484 4355 3648 4426 quis-

1995 4442 2158 4512 piam
2198 4443 2431 4509 citatus,
2458 4457 2579 4496 non
2612 4440 2787 4495 fuerit
2817 4441 2877 4494 in
2909 4441 3178 4511 margine
3203 4456 3535 4512 expressus,
3568 4443 3647 4497 ad

1995 4531 2267 4602 ejusdem
2290 4530 2609 4586 voluminis
2626 4530 2825 4585 locum
2855 4536 3031 4585 antea
3052 4530 3296 4585 citatum
3324 4531 3642 4597 recurrito;

1993 4619 2057 4674 id
2112 4619 2269 4675 enim
2323 4618 2712 4675 deindustria
2768 4618 3100 4685 omisimus,
3150 4634 3224 4674 ne
3249 4618 3409 4674 idem
3467 4626 3649 4691 caput

227 4709 338 4771 tur,
365 4705 707 4764 locavimus
740 4725 751 4762 :
778 4710 944 4764 certis
968 4709 1614 4781 tamenquibusdam(l)
1638 4710 1881 4776 notulis,
1918 4717 1963 4771 D
1994 4708 2262 4779 ejusdem
2293 4708 2608 4764 voluminis
2635 4707 2805 4763 toties
2829 4706 3046 4762 iteratis
3078 4706 3310 4762 vicibus
3333 4708 3646 4763 adnotare-

229 4792 365 4850 hinc
383 4795 638 4867 quidem
653 4796 1100 4853 adnotationem
1118 4798 1325 4870 ipsam,
1350 4798 1512 4853 illinc
1534 4816 1669 4854 vero
1686 4800 1885 4855 locum

231 4884 322 4938 cui
339 4884 752 4956 respondeant
799 4886 1273 4957 designantibus.
1300 4888 1456 4944 Alias
1488 4892 1707 4954 autem,
1749 4906 1884 4961 quae

231 4970 473 5029 duobus
504 4974 705 5029 verbis
734 4975 994 5046 capitum
1026 4978 1346 5032 sententias
1371 4978 1883 5044 demonstrabant,

234 5060 354 5113 suis
384 5062 533 5117 locis
561 5062 935 5135 reliquimus.
971 5065 1124 5130 Quin
1163 5071 1218 5121 et
1245 5069 1448 5137 paucis
1498 5067 1557 5121 in
1588 5067 1753 5130 locis,
1786 5069 1886 5123 ubi

236 5164 425 5217 operae
474 5152 736 5223 pretium
784 5154 983 5209 visum
1024 5160 1127 5219 est,
1158 5160 1396 5211 nostras
1432 5172 1673 5228 quoque
1703 5157 1888 5211 adno-

238 5239 597 5297 tatiunculas
630 5244 883 5313 margini
924 5244 1263 5300 addidimus
1298 5263 1308 5299 ε
1340 5246 1666 5316 praesertim
1702 5267 1712 5304 :
1749 5264 1885 5302 cum

239 5325 435 5385 litterae
489 5331 672 5386 dictio
726 5331 930 5405 aliqua
980 5334 1317 5389 Hebraicam
1372 5341 1475 5390 aut
1504 5335 1887 5393 Chaldaicam

314 5526 397 5593 (Ic)
430 5526 590 5582 Idem
615 5527 953 5584 observavit
979 5529 1307 5586 Richardus
1342 5532 1640 5588 Simonius
1688 5534 1745 5587 in
1776 5537 1886 5589 Eu-

245 5594 450 5676 thymii
494 5598 802 5676 codicibus
872 5601 1166 5667 I’arisinis,
1247 5608 1304 5658 et
1368 5620 1477 5660 nos
1532 5606 1589 5660 in
1639 5611 1888 5676 utroque

249 5665 591 5738 Mosquensi.

524 5768 775 5826 ΡΑτιιοι..
821 5769 925 5825 GR.
967 5770 1199 5829 CXXIX.

1994 4815 2153 4853 mus.
2185 4802 2458 4867 Ignosces
2496 4797 2672 4851 etiam
2704 4812 2812 4865 pro
2840 4800 2940 4851 tua
2964 4795 3357 4860 humanitate,
3394 4796 3648 4852 candide

1993 4888 2193 4957 lector,
2217 4886 2381 4957 quod
2406 4901 2575 4940 voces
2587 4884 2881 4955 quasdam
2903 4899 3025 4937 non
3040 4883 3449 4945 vitaverimus,
3474 4886 3649 4954 aqui-

1994 4977 2109 5032 bus
2138 4980 2345 5032 nostro
2376 4975 2486 5030 hoc
2504 4972 2739 5028 feliciori
2758 4971 2973 5025 saaculo
2999 4970 3647 5039 abhorrentnonnnlli;

1996 5064 2171 5120 veluti
2203 5069 2355 5125 sunt,
2408 5062 2688 5124 salvator,
2728 5061 2973 5123 salvare,
3015 5060 3280 5128 compati,
3322 5063 3646 5132 compnssio,

1995 5152 2570 5221 incompassibilitas,
2603 5150 2974 5218 dispensatio,
3009 5149 3421 5217 dispensatorie
3485 5167 3549 5205 ac
3578 5153 3651 5205 si-

1998 5244 2206 5299 miles:
2273 5239 2643 5311 potissimum
2673 5254 2810 5293 cum
2858 5236 3119 5292 viderem
3161 5237 3527 5293 doctissimos
3582 5255 3650 5294 ac

2000 5328 2522 5402 eloquentissimos
2574 5327 2909 5383 christianaa
2935 5324 3232 5394 religionis
3277 5342 3551 5396 proceres
3573 5327 3651 5381 ab

2073 5529 2139 5599 (ι)
2172 5527 2452 5583 Nimirum
2481 5526 2653 5595 signo
2691 5522 2877 5580 crucis
2927 5520 3091 5591 quod
3123 5536 3230 5574 nos
3255 5534 3495 5590 quoque
3526 5516 3654 5571 imi-

2004 5603 2105 5657 tati
2133 5617 2366 5655 sumus.

3341 5751 3372 5799 2
