4166 6314
570 275 642 334 43
2092 259 2485 327 ΡΒᾹΞῈΑΤΙΟ.
3918 276 3985 338 44

568 405 664 460 his
693 417 1085 476 nequaquam
1138 402 1535 470 abhorruisse,
1589 405 2012 460 Tertullianum
2064 401 2217 462 dico,
2252 397 2297 450 A
2332 412 2576 465 praesens
2601 401 2700 451 aut
2740 400 3092 467 praeteritum
3150 399 3477 469 efferuntur,
3511 401 3721 460 habeat
3746 405 3801 460 in
3835 407 3991 463 futu-

566 492 963 557 Lactantium,
1014 490 1401 563 Cyprianum,
1448 493 1878 565 Hieronymum
1911 496 1966 548 et
1994 496 2222 560 Augus-

569 583 775 646 tinum,
802 581 905 654 qui
933 580 1114 636 etiam
1141 597 1262 636 χιιι.
1292 584 1373 636 De
1416 582 1641 648 Trinit.,
1670 598 1777 654 cap
1806 583 1890 647 10,
1925 581 2004 636 ita
2035 579 2220 650 loqui-

565 675 658 726 tur
685 689 698 727 :
724 693 744 721 ι
781 670 900 726 Nisi
924 669 1240 726 inﬁrmitas
1264 673 1439 736 esset,
1472 670 1774 727 medicum
1811 668 2215 726 necessarium

562 775 684 816 non
713 758 1026 824 haberent,
1053 757 1157 830 qui
1175 762 1266 814 est
1291 757 1564 815 hebraice
1593 763 1775 824 Jesus,
1806 761 2002 814 Graece
2027 757 2212 821 Soter,

559 853 762 906 nostra
801 850 1005 904 autem
1055 846 1354 903 locutione
1379 847 1649 904 Salvator
1677 868 1698 904 :
1747 848 1908 920 quod
1967 845 2215 902 verbum

555 937 763 994 Latina
807 935 1014 1006 lingua
1064 951 1187 991 non
1225 935 1506 1001 habebat,
1560 937 1664 992 sed
1701 935 1923 993 habere
1963 938 2208 1007 poterat,

555 1026 706 1082 sicut
756 1024 967 1081 habuit
990 1024 1238 1096 quando
1276 1024 1528 1080 voluit.»
1574 1028 1640 1079 Et
1677 1025 1886 1081 merito
1912 1025 2034 1080 hare
2073 1024 2214 1078 dicit

550 1113 930 1184 Augustinus.
965 1113 1104 1178 Quis
1129 1113 1284 1168 enim
1305 1112 1559 1178 dubitat,
1588 1114 1734 1186 quin
1754 1114 1973 1181 Cicero,
2003 1114 2052 1168 si
2075 1127 2211 1168 nos-

551 1203 653 1258 tris
679 1201 886 1258 fuisset
913 1202 1304 1274 temporibus,
1338 1205 1677 1274 nostraeque
1702 1203 1842 1258 fidei
1892 1202 2210 1272 recepisset

549 1290 856 1360 dogmata,
891 1291 1163 1362 plurimis
1196 1308 1338 1346 usus
1361 1290 1569 1347 fuisset
1584 1291 1830 1347 vocibus
1852 1291 2072 1365 quibus
2089 1305 2206 1345 non

547 1385 636 1435 est
665 1396 808 1435 usus
842 1396 852 1436 :
879 1396 1227 1452 quanquam
1249 1386 1305 1436 et
1329 1381 1460 1450 ipso
1483 1381 1663 1436 verbo
1683 1381 1930 1437 Salvere
1947 1396 2091 1434 usus
2119 1383 2206 1434 est

544 1467 605 1522 in
635 1469 695 1522 L.
725 1468 1020 1533 Pisonem,
1055 1472 1111 1523 et
1141 1468 1267 1538 ejus
1313 1484 1459 1524 voce
1486 1469 1747 1541 passiva,
1779 1469 1824 1524 II
1873 1471 1953 1524 De
1988 1473 2204 1524 natura

541 1555 812 1612 deorum.
839 1555 1233 1620 Quintilianus
1262 1572 1504 1628 quoque
1533 1555 1634 1612 lib.
1663 1573 1764 1623 x11,
1783 1573 1909 1628 cap.
1937 1557 2019 1622 10,
2049 1572 2194 1611 usus

538 1648 630 1700 est
659 1644 873 1699 eodem
925 1643 1148 1708 verbo;
1187 1644 1353 1715 quod
1385 1645 1563 1700 etiam
1617 1646 2198 1701 adnotaveruntante

2328 500 2461 538 rum
2493 503 2675 553 versa,
2709 486 2857 542 sicut
2880 488 3139 543 nonnulli
3179 489 3503 560 frequenter
3565 491 3760 548 fecisse
3789 495 3984 551 viden-

2329 578 2425 628 tur
2470 592 2482 625 :
2519 575 3085 632 animadvertendum
3159 582 3263 645 est,
3306 580 3685 650 evangelistas
3736 587 3794 638 et
3844 600 3982 652 apo-

2329 663 2522 729 stolos,
2573 681 2706 718 cum
2750 681 2956 736 genere
3011 668 3228 722 Hebraei
3258 674 3468 734 essent,
3498 669 3604 724 hac
3640 671 3698 725 in
3755 689 3810 728 re
3836 673 3981 729 sicut

2327 751 2460 806 etin
2489 752 2614 807 aliis
2653 753 2870 818 multis,
2918 755 3258 810 Hebraicum
3293 764 3514 813 secutos
3572 760 3804 827 idioma,
3861 779 3975 832 quo

2325 839 2404 893 illi
2463 839 2928 911 frequentissime
2972 861 3072 914 pro
3105 845 3391 914 prtesenti,
3458 849 3613 918 quod
3677 850 3975 920 proprium

2325 944 2440 982 non
2471 928 2704 994 habent,
2733 935 2837 985 aut
2891 948 2994 1001 pro
3033 931 3249 999 futuro,
3287 932 3532 990 efferunt
3569 939 3972 1006 praeteritum:

2322 1021 2501 1089 utque
2528 1018 2587 1072 in
2619 1019 2948 1074 universum
2999 1020 3209 1086 dicam,
3258 1026 3484 1094 tempus
3508 1041 3688 1080 unum
3728 1043 3828 1096 pro
3855 1027 3974 1083 alio

2321 1105 2543 1162 Hebraei
2572 1122 2969 1178 saepenumero
2994 1109 3311 1166 collocant:
3340 1113 3498 1183 quod
3528 1113 3704 1170 etiam
3731 1131 3972 1188 cvange—

2319 1194 2463 1251 listae
2491 1213 2603 1250 non
2634 1213 2767 1252 raro
2827 1199 3099 1265 fecerunt,
3147 1217 3248 1255 nec
3302 1201 3460 1257 solus
3515 1203 3837 1271 Matthaeus,
3869 1207 3971 1279 qui

2317 1285 2502 1353 patria
2545 1287 2780 1356 scripsit
2815 1287 3035 1357 lingua,
3091 1289 3199 1343 hoc
3243 1294 3331 1346 est
3367 1292 3622 1356 Hebraea,
3655 1295 3754 1348 sed
3780 1298 3836 1348 et
3862 1312 3969 1351 caa-

2315 1374 2441 1438 teri,
2502 1376 2596 1444 qui
2654 1375 2849 1430 Graece
2895 1377 3266 1446 scripserunt.
3305 1379 3586 1446 Quaedam
3637 1397 3772 1454 ergo
3795 1383 3968 1440 exin-

2313 1463 2566 1517 numeris
2615 1463 2751 1518 locis
2789 1465 3033 1520 seorsim
3063 1467 3481 1536 recensuimus,
3523 1469 3578 1522 in
3608 1471 3818 1540 quibus
3849 1489 3967 1528 ma-

2311 1550 2512 1606 nifeste
2569 1567 2838 1622 praesens,
2885 1553 3179 1610 interdum
3245 1555 3423 1611 etiam
3462 1557 3822 1628 praeteritum
3864 1577 3965 1630 pro

2309 1637 2503 1695 futuro
2529 1640 2784 1696 locatum
2832 1648 2916 1696 est
2951 1663 2963 1697 :
2993 1658 3247 1714 quorum
3275 1648 3331 1699 et
3374 1661 3480 1700 nos
3534 1647 3796 1718 quaedam
3851 1649 3966 1704 exi-

537 1747 648 1788 nos
662 1732 768 1787 viri
789 1731 1140 1789 doctissimi.
1160 1732 1522 1803 Quanquam
1545 1733 2194 1806 recentiorestypogra-
2231 1743 2275 1798 B
2305 1732 2474 1798 gente
2503 1729 2807 1795 sententia,
2831 1745 2938 1802 per
2962 1731 3222 1787 futurum
3236 1733 3543 1790 vertimus:
3569 1735 3711 1791 alibi
3730 1752 3964 1808 quoque

534 1820 795 1892 phorum
825 1821 1209 1892 castigatores
1233 1821 1359 1876 haec
1383 1821 1694 1878 immutare
1729 1823 1862 1879 ausi
1886 1823 2027 1878 sint:
2064 1823 2186 1879 sive

532 1908 594 1964 id
625 1925 734 1964 suo
764 1907 1003 1964 fecerint
1049 1908 1312 1977 arbitrio,
1371 1909 1493 1966 sive
1537 1910 1789 1966 aliorum
1831 1927 2035 1977 suasu,
2086 1912 2190 1983 qui

538 1995 668 2052 haec
697 1996 1021 2069 depravata
1051 1995 1230 2053 fuisse
1256 1997 1616 2067 asserebant,
1642 1999 1807 2068 quod
1832 2014 1969 2055 rara
1999 2003 2196 2055 essent

533 2085 805 2142 inventu.
835 2086 958 2156 Ego
974 2090 1178 2142 tamen
1203 2085 1383 2156 vulgo
1423 2104 1519 2142 me
1539 2087 1812 2144 nonnihil
1842 2104 2179 2144 accommo-

540 2175 686 2232 dare
717 2175 919 2231 debui.
948 2175 1090 2242 Quia
1109 2191 1251 2231 vero
1278 2173 1473 2232 locum
1515 2177 1785 2249 quemvis
1816 2182 2191 2234 ocurrentem

530 2263 690 2320 idem
731 2269 957 2332 auctor,
1013 2263 1178 2320 nullo
1219 2265 1616 2337 praetermisso
1659 2265 1740 2321 ita
1775 2266 2074 2338 explanat,
2125 2270 2188 2322 ut

527 2370 904 2427 quaecunque
923 2354 1076 2411 circa
1106 2368 1240 2411 eam
1266 2355 1602 2425 materiam,
1625 2359 1728 2411 aut
1756 2355 1914 2410 idem
1932 2370 2182 2425 evange-

523 2442 660 2500 lista
680 2444 798 2500 alio
823 2444 884 2500 in
913 2445 1070 2511 loco,
1097 2447 1201 2500 aut
1226 2445 1418 2500 cecteri
1443 2448 1768 2516 recensent,
1784 2445 2006 2517 pariter
2026 2444 2184 2500 edis-

519 2538 696 2599 serat,
718 2533 796 2589 ad
814 2533 1052 2590 minima
1064 2548 1259 2605 usque
1275 2532 1650 2603 singulorum
1662 2533 1957 2590 interdum
1970 2533 2175 2600 verba,

528 2621 786 2693 ubi,vero
799 2638 925 2679 sese
937 2621 1316 2695 postmodum
1333 2621 1538 2676 eadem
1550 2638 1644 2677 res
1659 2622 1953 2692 obtulerit,
1972 2623 2049 2678 ad
2063 2622 2184 2677 dic-

527 2713 650 2766 tam
688 2711 1236 2783 interpretationem
1265 2709 1626 2779 citatojuxta
1652 2709 1987 2764 Graecorum
2044 2726 2185 2782 sup-

521 2800 893 2870 putationem
913 2800 1099 2870 capite
1121 2797 1478 2853 transmittat
1495 2815 1505 2851 :
1522 2797 1741 2852 idcirco
1763 2803 1998 2868 praestat
2010 2804 2168 2853 ante-

519 2904 703 2960 quam
737 2888 991 2944 auctoris
1009 2886 1194 2941 verba
1210 2885 1633 2954 aggrediamur
1648 2886 2003 2956 praemittere
2021 2887 2176 2941 ordi-

518 2993 657 3032 nem
687 2993 758 3033 ac
796 2991 1116 3032 numerum
1176 2973 1536 3044 singulorum
1566 2973 1822 3045 capitum
1851 2976 2026 3032 modo
2059 2992 2173 3046 quo

2304 1816 2363 1870 id
2394 1831 2462 1871 ex
2505 1817 2706 1874 litterae
2737 1824 3013 1876 contextu
3064 1825 3170 1876 aut
3198 1837 3269 1876 ex
3316 1821 3454 1894 ipsis
3507 1825 3960 1882 Commentariis

2305 1905 2546 1976 planum
2590 1907 2741 1963 erit:
2803 1907 3091 1964 interdum
3149 1925 3285 1965 vero
3326 1911 3401 1966 ob
3458 1912 3712 1967 auctoris
3776 1915 3955 1970 nostri

2303 1995 2733 2051 enarrationem
2771 1997 3086 2053 immutare
3109 2014 3226 2054 non
3255 1999 3436 2056 licuit.
3457 2000 3555 2058 Est
3584 2005 3639 2058 et
3663 2002 3776 2058 alia
3794 2020 3955 2074 pecu-

2302 2081 2465 2138 liaris
2487 2084 2872 2140 Hebraeorum
2901 2085 3156 2157 phrasis,
3173 2103 3357 2159 quam
3383 2104 3496 2144 non
3523 2106 3656 2146 raro
3673 2091 3952 2149 aemulan-

2301 2176 2393 2226 tur
2422 2173 2814 2242 evangelista,
2847 2191 2964 2247 qua
2990 2191 3102 2248 pro
3150 2177 3406 2248 epitheto
3427 2179 3547 2234 sive
3591 2182 3824 2237 nomine
3854 2184 3949 2238 ad-

2293 2261 2523 2334 jectivo,
2563 2262 2781 2319 addunt
2808 2264 3138 2334 genitivum
3168 2267 3618 2333 substantivum,
3649 2270 3903 2326 dicentes
3934 2288 3945 2325 :

2299 2349 2454 2406 Deus
2477 2352 2652 2421 pacis,
2675 2352 3114 2421 misericordiae,
3124 2356 3400 2424 justitice,
3425 2357 3693 2424 ultionis,
3718 2359 3833 2415 hoc
3845 2367 3946 2424 est,

2296 2439 2593 2509 pacificus,
2627 2440 2966 2506 misericors,
2988 2443 3198 2513 justus,
3251 2443 3529 2501 ulciscens
3562 2465 3573 2498 :
3605 2447 3700 2503 lex
3725 2449 3943 2513 mortis,

2297 2525 2353 2581 id
2381 2533 2465 2583 est
2515 2527 2812 2585 mortifera
2844 2530 2998 2598 ;ﬁlii
3051 2531 3472 2598 inobedientiw,
3513 2535 3902 2592 inobedientes
3932 2553 3946 2601 ;

2283 2617 2477 2685 judex
2488 2617 2841 2689 iniquitatis,
2857 2619 3118 2690 iniquus,
3134 2635 3464 2679 mammona
3481 2623 3829 2696 iniquitatis,
3844 2625 3949 2680 ini-

2293 2719 2482 2775 quum
2507 2725 2518 2772 ;
2550 2721 2657 2760 υοω
2673 2706 2997 2777 clamantis,
3025 2707 3326 2776 clamans;
3351 2709 3619 2767 fortassis
3649 2718 3705 2768 et
3736 2729 3945 2770 merces

2290 2793 2643 2864 iniquitatis,
2679 2795 2905 2866 iniqua.
2937 2796 3028 2851 Sic
3053 2799 3077 2851 J
3087 2797 3230 2852 udas
3252 2798 3466 2854 dicitur
3487 2801 3648 2866 ﬁlius
3667 2802 3941 2870 perditio-

2288 2881 2399 2945 nis,
2434 2881 2541 2936 hoc
2566 2886 2651 2936 est
2679 2882 2952 2953 perditus,
2974 2884 3208 2956 aliaque
3230 2885 3564 2942 innumera.
3597 2890 3658 2942 Id
3690 2890 3946 2961 plerum-

2285 2984 2402 3040 que
2441 2970 2752 3026 immutare
2802 2988 2919 3028 non
2962 2972 3123 3027 licuit
3176 2979 3408 3045 prOpter
3464 2979 3715 3033 auctoris
3761 2981 3941 3037 nostri

518 3066 683 3138 apud
709 3068 943 3121 Graecos
973 3065 1252 3119 distincta
1283 3068 1436 3128 sunt,
1471 3079 1652 3135 quem
1680 3069 1735 3119 et
1764 3081 1874 3119 nos
1896 3081 2010 3119 una
2035 3080 2170 3120 cum
2206 3094 2244 3147 ρ
2284 3057 2523 3147 Scbolia,
2543 3073 2675 3130 quae
2705 3059 2942 3116 litteram
2978 3078 3076 3131 per
3094 3063 3424 3132 genitivum
3445 3065 3935 3138 interpretantur:

517 3161 758 3213 auctore
805 3155 866 3210 in
937 3157 1141 3208 nostra
1187 3151 1457 3207 versione
1516 3152 1913 3209 servabimus.
1949 3153 2170 3210 Deinde

511 3247 656 3318 quia
687 3246 746 3300 in
777 3247 999 3310 Graeco,
1028 3242 1088 3296 in
1118 3241 1274 3314 quod
1306 3241 1644 3305 incidimus,
1665 3243 2003 3313 exemplari,
2031 3260 2167 3298 con-

511 3338 700 3390 textus
725 3331 1028 3401 Evangelii
1054 3345 1176 3385 non
1203 3345 1339 3384 raro
1371 3329 1668 3401 discrepat
1695 3347 1730 3386 a
1751 3334 2049 3386 Novorum
2069 3334 2165 3386 Te-

510 3425 944 3479 stamentorum
983 3419 1250 3484 editione,
1281 3432 1416 3489 quae
1453 3419 1680 3488 passim
1708 3419 1920 3473 Graecis
1947 3435 2163 3477 excusa

507 3510 668 3582 typis
699 3507 1196 3565 circumferuntur
1229 3525 1242 3558 :
1275 3521 1395 3576 quo
1424 3505 1526 3560 ubi
1558 3505 1785 3571 accidit,
1807 3506 2160 3580 plerumque

506 3598 813 3656 conforme
843 3601 930 3651 est
974 3595 1271 3667 exemplar
1313 3594 1490 3650 Graeci
1519 3594 1696 3664 hujus
1750 3596 2006 3651 auctoris
2040 3598 2158 3652 edi-

502 3689 647 3744 tioni
669 3687 1013 3749 Bibliorum,
1035 3701 1164 3757 quae
1195 3683 1476 3740 dominus
1507 3684 1858 3740 Franciscus
1884 3686 2154 3742 Ximenez

497 3777 984 3850 archiepiscopus
1011 3775 1152 3830 olim
1190 3773 1608 3840 Toletanus,ac
1631 3776 1685 3829 S.
1707 3773 1775 3828 Β.
1809 3774 2148 3831 E.cardina-

493 3869 582 3936 lis,
611 3868 919 3924 immensis
950 3865 1303 3935 sumptibus,
1349 3863 1658 3919 laboribus
1675 3880 1744 3919 ac
1769 3863 2000 3934 vigiliis,
2029 3879 2151 3920 ma-

493 3958 656 4014 xima
676 3972 814 4010 cum
840 3953 1145 4022 diligentia
1198 3951 1482 4021 compluti
1517 3953 1741 4006 curavit
1769 3953 1980 4006 nostris
2006 3958 2150 4009 tem-

492 4044 739 4116 poribus
768 4041 948 4097 variis
977 4038 1198 4107 linguis
1244 4038 1591 4092 cxcudenda
1621 4055 1634 4093 :
1669 4039 1861 4094 accitis
1893 4040 2148 4110 undique

492 4141 783 4190 terrarum
811 4135 934 4185 tum
958 4127 1095 4182 viris
1125 4127 1184 4181 in
1203 4126 1542 4195 linguarum
1570 4125 1905 4194 cognitione
1930 4127 2144 4182 doctis-

487 4223 673 4287 simis,
716 4225 844 4276 tum
883 4215 1326 4288 exemplaribus
1369 4213 1845 4283 castigatissimis
1889 4230 1958 4269 ac
1981 4221 2146 4270 vetu-

484 4310 780 4376 stissimis,
846 4307 936 4363 vel
983 4305 1059 4361 ab
1128 4304 1260 4376 ipsa
1339 4304 1552 4359 Leonis
1627 4304 1671 4357 X
1743 4302 2136 4368 Bibliotheca,

2280 3146 2568 3203 interdum
2595 3165 2822 3220 quoque
2841 3165 2959 3204 non
2983 3151 3164 3216 libuit,
3193 3155 3353 3224 quod
3393 3156 3553 3225 apud
3583 3170 3787 3213 omnes
3809 3158 3936 3228 jam

2277 3235 2417 3290 olim
2445 3236 2562 3292 alia
2598 3242 2834 3309 recepta
2865 3244 3014 3293 esset
3052 3242 3346 3296 sententia.

2345 3325 2431 3378 Ad
2458 3325 2583 3380 haec
2610 3326 2797 3381 solent
2821 3328 3054 3384 Hebraei
3077 3329 3224 3384 hanc
3257 3331 3569 3388 dictionem
3585 3335 3815 3392 verbum
3831 3341 3934 3394 aut

2272 3429 2462 3469 sermo
2492 3430 2600 3485 pro
2626 3431 2686 3470 re
2711 3416 2802 3470 vel
2835 3415 2986 3471 facto
3014 3433 3227 3487 ponere
3261 3436 3273 3472 :
3310 3421 3470 3491 quod
3502 3422 3561 3476 in
3592 3425 3783 3480 Veteri
3813 3426 3934 3495 qui-

2271 3503 2405 3556 dem
2420 3505 2792 3558 Testamento
2814 3503 3344 3574 frequentissimum
3363 3514 3468 3574 est,
3493 3517 3558 3566 ut
3574 3529 3703 3568 cum
3723 3513 3933 3570 dicitur

2266 3590 2405 3672 (Ιεα.
2437 3591 2528 3661 39)
2570 3608 2582 3645 :
2613 3592 2748 3646 Non
2769 3593 2887 3660 fuit
2917 3594 3156 3651 verbum
3187 3597 3346 3666 quod
3372 3615 3489 3654 non
3508 3603 3828 3658 ostenderit
3849 3603 3928 3659 eis

2262 3677 2544 3734 Ezechias
2573 3680 2634 3733 in
2670 3681 2834 3735 domo
2861 3696 2992 3745 sua,
3051 3681 3145 3736 ubi
3198 3686 3400 3740 tamen
3459 3688 3633 3758 paulo
3689 3689 3927 3748 inferius

2263 3766 2624 3839 subsequitur
2657 3784 2670 3822 :
2732 3769 2866 3825 Non
2903 3770 3028 3838 fuit
3060 3787 3152 3826 res
3195 3788 3366 3841 quam
3407 3777 3728 3835 ostenderet
3757 3781 3837 3835 eis
3866 3781 3925 3836 in

2259 3856 2547 3912 thesauris
2577 3859 2747 3913 meis.
2778 3860 2844 3913 Et
2890 3857 3026 3914 alibi
3057 3860 3284 3930 (llReg.
3339 3865 3377 3934 1)
3417 3881 3554 3920 cum
3595 3867 3677 3922 ait
3742 3867 3924 3923 David

2257 3959 2460 4014 puero,
2494 3945 2677 4014 quiex
2699 3947 2907 4001 castris
2928 3945 3104 4002 Israel
3124 3964 3183 4004 se
3235 3949 3452 4020 fugisse
3474 3951 3718 4008 dicebat.
3757 3955 3922 4020 Quod

2257 4037 2338 4086 est
2363 4031 2597 4087 verbum
2627 4034 2783 4101 quod
2809 4035 3038 4100 factum
3053 4037 3185 4092 est?
3213 4037 3417 4095 indica
3441 4040 3591 4094 mihi
3624 4057 3637 4106 ;
3667 4048 3722 4096 et
3752 4042 3921 4100 innu-

2256 4119 2420 4175 meris
2445 4119 2570 4174 aliis
2627 4119 2687 4174 in
2739 4121 2902 4176 locis.
2935 4123 3083 4179 Idem
3115 4125 3174 4180 in
3203 4129 3364 4182 Novo
3433 4144 3672 4200 quoque
3717 4134 3921 4189 Testa-

2253 4212 2448 4262 mento
2504 4208 2718 4278 passim
2747 4210 2936 4280 (Marci
2969 4228 3009 4276 1,
3044 4213 3163 4268 Luc
3193 4231 3228 4280 1,
3277 4231 3337 4283 11,
3390 4216 3467 4286 ιν)
3495 4232 3606 4272 usu
3636 4221 3814 4287 venit,
3852 4227 3918 4278 ut

2252 4311 2384 4350 cum
2437 4297 2701 4367 leprosus
2751 4303 2986 4355 curatus
3036 4301 3444 4361 disseminasse
3511 4307 3718 4365 dicitur
3770 4310 3912 4366 Ser-

479 4401 637 4458 vela
665 4399 1027 4455 Venetorum
1053 4399 1264 4448 senatu
1303 4392 1686 4456 transmissis,
1736 4397 1838 4448 aut
1877 4393 2136 4461 aliunde,
2169 4425 2214 4481 D
2248 4401 2502 4443 manem.
2539 4389 2604 4481 Et
2661 4386 3129 4458 frequentissime
3157 4394 3318 4462 apud
3351 4395 3561 4452 Lucam
3592 4415 3610 4466 ;
3637 4397 3770 4454 Non
3801 4403 3916 4455 erit

477 4488 645 4547 nulla
675 4498 1074 4559 expensarum
1093 4496 1196 4536 seu
1222 4480 1501 4536 laborum
1526 4479 1733 4536 habita
1755 4480 1980 4536 ratione
2007 4498 2137 4537 con-

476 4576 734 4650 quisitis.
782 4577 861 4629 Ne
907 4570 1043 4644 quis
1103 4583 1244 4639 ergo
1285 4568 1738 4637 Evangeiiorum
1795 4573 2134 4626 contextum

473 4683 583 4723 nos
612 4671 835 4722 temere
855 4661 1210 4717 immutasse
1233 4657 1546 4722 existimet,
1577 4656 1704 4712 loca
1730 4657 2136 4728 discrepantia

471 4756 888 4813 adnotavimus
918 4767 930 4805 :
964 4763 1313 4821 quanquam
1353 4746 1689 4818 frequenter
1709 4761 1804 4801 res
1831 4747 1903 4802 sit
1933 4747 2132 4818 exigui

468 4845 775 4907 momenti,
810 4857 942 4913 quae
961 4839 1283 4894 dissidium
1317 4835 1510 4891 faciat.
1575 4833 1676 4890 Ubi
1710 4840 1912 4891 autem
1963 4838 2131 4892 Com-

464 4933 727 5005 plutense
756 4933 867 4986 hoc
905 4929 1274 4984 citaverimus
1331 4924 1652 4996 exemplar,
1712 4928 1974 4981 Graecum
2044 4928 2130 4982 in-

463 5021 776 5090 telligimus
833 5022 1170 5072 contextum
1235 5032 1348 5069 non
1406 5013 1674 5069 Latinum
1742 5030 1882 5070 nam
1917 5016 1973 5070 in
2015 5016 2127 5071 hoc

465 5108 606 5164 nihil
636 5124 672 5164 a
701 5106 954 5176 Vulgata
986 5103 1243 5157 editione
1269 5104 1639 5158 immutatum
1695 5107 1798 5158 est.
1858 5107 2033 5159 Porro
2067 5105 2124 5160 in

460 5197 680 5271 quibus
707 5193 994 5250 dissideat
1022 5191 1280 5262 Vulgata
1325 5191 1501 5245 editio
1544 5191 1614 5246 ab
1659 5193 1948 5247 universis
1975 5193 2124 5248 Grie-

457 5303 663 5342 corum
707 5281 1178 5353 exemplaribus,
1211 5296 1283 5335 ex
1333 5279 1576 5335 aliorum
1603 5286 1717 5336 tum
1749 5280 2122 5336 versionibus

455 5382 582 5430 tum
616 5369 1126 5439 adnotationibus,
1166 5369 1336 5425 facile
1368 5368 1556 5424 cuivis
1590 5371 1955 5441 perspicuum
1993 5370 2116 5424 erit.

453 5468 733 5519 Praeterea
764 5478 836 5516 ne
862 5460 998 5533 quis
1037 5458 1310 5530 protinus
1340 5458 1676 5528 Vulgatam,
1708 5459 1822 5514 hac
1859 5459 1920 5513 in
1951 5461 2118 5528 parte

455 5553 695 5609 damnet
720 5551 1057 5612 editionem,
1091 5549 1255 5620 quod
1285 5565 1356 5604 ea
1377 5565 1508 5618 quae
1535 5548 1732 5602 Graece
1750 5563 1853 5616 per
1879 5551 2118 5614 tempus

2246 4475 2606 4544 impossibile
2620 4478 2738 4532 Deo
2763 4492 2922 4532 omne
2935 4478 3188 4536 verbum.
3232 4480 3532 4540 Videamus
3553 4486 3661 4542 hoc
3675 4488 3913 4546 verbum

2242 4565 2402 4634 quod
2417 4565 2649 4634 factum
2677 4572 2780 4622 est.
2813 4597 2880 4606 —
2907 4567 3072 4632 Quod
3088 4575 3171 4625 est
3189 4568 3292 4625 hoc
3319 4573 3573 4637 verbum,
3597 4576 3749 4646 quod
3779 4593 3912 4636 cum

2241 4654 2578 4709 auctoritate
2607 4669 2678 4711 ac
2697 4660 2982 4722 potestate
3010 4657 3263 4726 imperat
3292 4661 3594 4729 spiritibus
3625 4668 3653 4719 ?
3676 4666 3743 4720 Et
3773 4666 3909 4722 alibi

2242 4741 2604 4813 frequenter.
2655 4745 2839 4808 Quam
2872 4749 3077 4800 tamen
3102 4745 3474 4805 Hebraeorum
3508 4751 3772 4822 phrasim
3804 4773 3908 4814 au-

2240 4837 2365 4887 ctor
2395 4837 2592 4888 noster
2613 4833 2958 4904 plerumque
2998 4851 3114 4890 non
3148 4836 3370 4893 videtur
3402 4839 3900 4914 animadvertisse,

2238 4920 2383 4975 sicut
2404 4936 2510 4975 nec
2544 4921 2963 4990 prtecedentem
2988 4941 2999 4977 :
3020 4923 3188 4994 quod
3208 4926 3486 4983 Hebraice
3501 4946 3613 4984 non
3643 4931 3900 5004 calleret,

2237 5011 2337 5064 sed
2367 5014 2595 5064 tantum
2624 5010 2836 5066 Graece.
2865 5013 3054 5084 Atque
3081 5015 3152 5067 ob
3174 5015 3226 5070 id
3258 5033 3492 5091 quoque
3524 5019 3713 5076 citans
3735 5023 3902 5094 quip-

2236 5099 2394 5169 piam
2407 5115 2477 5153 ex
2493 5098 2678 5153 Veteri
2695 5102 3090 5170 Testamento,
3106 5120 3336 5175 semper
3344 5107 3506 5174 juxta
3519 5109 3901 5183 Septuaginta

2232 5187 2447 5257 profert
2464 5187 2830 5257 Interpretes.
2852 5187 3140 5248 Caeterum
3171 5194 3274 5248 etsi
3291 5199 3508 5253 cunctis
3526 5199 3899 5258 manifestum

2231 5277 2303 5331 sit
2315 5293 2409 5332 me
2423 5276 2800 5348 interpretem
2817 5283 3046 5336 tantum
3062 5298 3247 5352 agere,
3258 5284 3508 5356 nihilque
3520 5290 3681 5359 quod
3695 5305 3896 5348 meum

2229 5364 2299 5419 sit
2328 5366 2516 5430 edere,
2553 5365 2672 5419 sive
2727 5365 2867 5420 illud
2913 5371 3365 5439 approbandum
3421 5375 3513 5440 sit,
3547 5376 3665 5432 sive
3696 5394 3894 5447 repro-

2228 5453 2501 5509 bandum
2544 5470 2555 5508 :
2590 5470 2664 5511 ne
2694 5456 2827 5527 quis
2891 5462 3092 5515 tamen
3123 5459 3276 5516 hunc
3307 5469 3608 5522 auctOrem
3644 5467 3894 5522 minoris

2229 5543 2423 5609 faciat,
2456 5543 2620 5614 quod
2648 5560 2762 5602 uno
2791 5550 2896 5603 aut
2927 5547 3102 5604 altero
3133 5549 3192 5605 in
3217 5550 3349 5609 loco
3389 5570 3424 5611 a
3453 5555 3758 5612 communi
3786 5558 3893 5614 La-
