4166 6314
173 328 234 389 ιδ
1656 310 2049 376 ΡΗᾹΞΡΑΤΙΟ.
3488 328 3557 385 46

167 456 402 511 tinorum
436 451 857 524 theologorum
881 447 1157 521 opinione
1180 446 1486 503 dissentire
1505 444 1795 509 videatur,
1828 448 1875 500 Α
1905 462 2018 516 que
2044 463 2158 504 esse
2181 444 2494 505 subsistens
2521 446 2690 507 habet
2728 465 2802 508 es:
2834 446 3012 508 Patre
3040 450 3220 509 simul
3258 459 3311 511 et
3366 453 3520 511 Filio
3544 473 3557 507 :

166 540 659 615 quemadmodum
679 545 735 595 et
761 538 851 594 alii
874 538 1059 594 Graeci
1086 556 1099 589 :
1127 552 1343 608 nempe
1365 535 1438 590 de
1458 535 1553 591 die
1577 533 1796 589 mensis

163 645 264 701 quo
292 628 548 685 Christus
581 627 896 699 mysticam
928 624 1311 681 celebraverit
1350 625 1615 690 Ccenam,
1644 627 1698 676 et
1722 621 1796 675 de

162 718 438 773 bonorum
464 733 532 773 ac
550 716 849 771 malorum
865 713 1250 770 retributione
1274 728 1525 784 operum
1549 730 1559 769 :
1598 716 1797 765 utrum

161 806 338 862 statim
370 822 407 861 a
429 806 718 877 cujusque
752 809 930 858 morte
967 802 1090 865 ﬂat,
1125 816 1203 855 an
1261 800 1336 855 ad
1397 800 1557 854 diem
1610 813 1798 868 usque

156 896 426 970 postremi
437 893 644 964 judicii
659 889 1391 961 differatur,quemadmod
1402 905 1499 943 um
1515 888 1655 943 olim
1670 903 1794 941 sen-

154 989 345 1041 serunt
358 982 567 1037 Graeci.
603 982 682 1036 De
712 978 929 1052 Spiritu
957 984 1165 1034 sancto
1178 992 1419 1049 quoque
1434 976 1593 1047 quod
1616 991 1651 1030 a
1670 973 1799 1029 solo

156 1075 325 1133 Patre
346 1072 645 1143 procedat,
670 1071 775 1125 etsi
789 1068 849 1124 id
863 1082 1164 1140 nusquam
1179 1065 1338 1121 dicat
1360 1070 1559 1120 auctor
1579 1068 1795 1127 noster,

155 1164 308 1219 idem
336 1164 538 1216 tamen
566 1174 703 1213 cum
733 1157 958 1213 caeteris
984 1154 1199 1211 Graecis
1231 1154 1491 1208 sensisse
1544 1151 1795 1214 videtur,

160 1267 288 1307 cum
316 1247 498 1303 semel
530 1250 707 1319 atque
738 1245 954 1301 iterum
992 1244 1151 1299 dicat
1182 1242 1350 1297 illum
1391 1257 1427 1297 a
1465 1244 1629 1296 Patre
1669 1254 1801 1310 pro-

155 1340 373 1405 cedere,
411 1335 575 1392 nulla
604 1335 726 1390 Filii
782 1335 937 1389 facta
966 1332 1291 1388 mentione.
1330 1332 1396 1386 Et
1445 1343 1798 1401 quanquam

156 1424 691 1501 praedictisinlocis,
722 1420 1037 1493 marginali
1061 1418 1545 1477 adnotatiuncula
1574 1422 1628 1473 te
1653 1431 1800 1488 pree-

157 1515 556 1579 munierimus,
607 1511 861 1569 candide
910 1509 1087 1565 lector
1122 1525 1133 1562 :
1170 1507 1249 1563 ob
1284 1506 1406 1562 duo
1445 1511 1645 1561 tamen
1699 1504 1800 1559 illa

156 1604 478 1677 posteriora
520 1601 623 1657 tibi
656 1597 1154 1673 perpendendum
1202 1600 1307 1661 est,
1373 1595 1536 1667 quod
1593 1597 1800 1649 auctor

155 1699 344 1750 noster
366 1691 572 1747 multis
602 1688 814 1761 procul
838 1688 1025 1743 dubio
1064 1686 1233 1741 annis
1274 1691 1542 1754 tempora
1571 1680 1799 1738 concilii

1906 541 1957 590 et
1984 551 2058 591 ea:
2075 542 2318 609 utroque
2340 540 2705 597 aeternaliter
2727 547 3004 612 tanquam
3040 543 3115 599 ab
3137 545 3559 614 unoprincipio

1906 629 1959 679 et
1974 626 2145 680 unica
2156 626 2482 695 spiratione
2494 629 2763 697 procedit.
2779 631 3152 687 Declarantes
3166 634 3315 703 quod
3329 634 3387 688 id
3398 634 3560 705 quod

1905 715 2093 768 sancti
2102 714 2365 772 doctores
2380 724 2431 772 et
2457 718 2663 773 Patres
2680 719 2908 787 dicunt,
2924 734 2992 775 ea:
3010 722 3190 777 Patre
3210 738 3319 789 per
3328 723 3555 778 Filium

1904 804 2216 869 procedere
2243 803 2527 873 Spiritum
2539 812 2822 871 sanctum,
2846 806 2922 862 ad
2943 808 3099 864 hanc
3118 810 3555 881 intelligentiam

1908 892 2111 955 tendit,
2132 898 2196 947 ut
2216 895 2443 961 perhoc
2459 896 2820 965 signiﬁcetur
2846 896 3059 952 Filium
3077 912 3305 968 quoque
3329 914 3446 953 esse
3468 915 3556 955 se-

1909 979 2157 1035 cundum
2179 983 2406 1037 Graecos
2434 984 2667 1053 quidem
2694 1000 2956 1051 causam,
2979 986 3287 1041 secundum
3318 987 3556 1043 Latinos

1907 1081 2044 1123 vero
2056 1071 2419 1138 principium
2441 1071 2826 1127 subsistentia
2843 1074 3103 1142 Spiritus
3122 1075 3316 1130 sancti
3338 1076 3490 1130 sicut
3504 1080 3558 1130 et

1908 1156 2163 1212 Patrem.
2191 1159 2266 1212 Et
2290 1161 2571 1229 quoniam
2614 1162 2812 1217 omnia
2838 1176 2968 1232 qua
3008 1162 3205 1217 Patris
3240 1169 3397 1229 sunt,
3433 1164 3557 1232 ipse

1907 1243 2081 1301 Pater
2093 1248 2391 1316 unigenito
2414 1248 2568 1304 Filio
2580 1266 2684 1305 suo
2694 1250 2987 1320 gignendo
3014 1251 3192 1317 dedit,
3208 1257 3426 1323 praeter
3440 1267 3561 1308 esse

1908 1332 2165 1403 Patrem,
2187 1336 2295 1391 hoc
2309 1338 2495 1405 ipsum
2508 1338 2667 1409 quod
2677 1340 2939 1406 Spiritus
2951 1346 3192 1396 sanctus
3208 1338 3469 1409 procedit
3485 1356 3559 1397 ea:

1908 1423 2075 1488 Filio,
2105 1426 2224 1491 ipse
2252 1425 2444 1481 Filius
2484 1442 2521 1482 a
2570 1427 2745 1482 Patre
2771 1428 3137 1484 asternaliter
3163 1429 3351 1494 habet,
3386 1445 3421 1485 a
3447 1445 3555 1500 quo

1910 1514 2264 1567 asternaliter
2289 1514 2461 1569 etiam
2485 1515 2712 1584 genitus
2736 1520 2839 1571 est.
2869 1517 3185 1585 Deﬁnimus
3206 1517 3558 1586 insuperex-

1907 1599 2273 1669 plicationem
2302 1601 2538 1658 illorum
2572 1602 2896 1670 verborum,
2944 1604 3226 1677 Filioque,
3287 1606 3557 1661 veritatis

1908 1688 2288 1744 declarandae
2301 1693 2504 1759 gratia
2526 1698 2578 1745 et
2603 1692 2936 1747 imminente
2950 1696 3091 1748 tunc
3107 1695 3462 1759 necessitate,
3488 1693 3552 1748 lt-

157 1781 459 1839 Florentini
516 1776 922 1852 prmcesserit:
973 1775 1034 1830 in
1073 1791 1195 1846 quo
1260 1772 1556 1842 Eugenius
1603 1769 1799 1825 Ponti-

1915 1778 2023 1832 cite
2055 1786 2126 1832 ac
2148 1779 2578 1835 rationabiliter
2606 1779 2867 1849 symbolo
2902 1780 3089 1847 fuisse
3117 1784 3461 1850 appositam.
3489 1784 3555 1836 Et

154 1871 239 1927 fex
278 1871 359 1936 ιν,
401 1867 813 1924 consentiente
874 1866 1231 1936 imperatore
1262 1858 1801 1930 Constantinopoli-

154 1964 306 2029 tano,
336 1963 390 2015 et
412 1958 557 2014 loca
579 1953 914 2013 tenentibus
939 1951 1437 2025 patriarcharum,
1453 1949 1801 2020 caeterisque

156 2048 475 2103 Ecclesiam
508 2043 863 2102 Orientalem
900 2039 1473 2114 repraesentantibus,
1508 2052 1667 2093 anno
1695 2039 1800 2092 Do-

155 2136 374 2191 minicie
406 2132 841 2190 incarnationis
894 2131 1051 2198 1439,
1081 2128 1270 2201 pridie
1298 2129 1496 2183 Nonas
1526 2125 1678 2189 Julii,
1709 2126 1798 2179 sui

152 2223 529 2295 pontiﬁcatus
552 2236 709 2277 anno
738 2234 920 2284 nono,
941 2216 1167 2274 litteras
1191 2221 1409 2271 sanctae
1441 2212 1599 2269 dedit
1631 2212 1798 2267 unio-

150 2312 257 2377 nis,
298 2311 520 2384 quibus
549 2308 815 2383 praedicti
837 2322 1044 2363 omnes
1083 2321 1193 2361 sua
1216 2303 1466 2359 nomina
1502 2300 1801 2371 subscrip-

154 2406 367 2465 serunt,
396 2401 534 2456 haec
556 2399 706 2454 inter
728 2399 942 2453 caetera
983 2394 1373 2450 continentes.

218 2490 631 2547 Convenientes
660 2486 861 2541 Latini
880 2490 933 2541 et
958 2483 1150 2540 Graeci
1174 2483 1235 2537 in
1268 2482 1377 2537 hac
1421 2484 1801 2536 sacrosancta

156 2577 501 2634 ascumenica
514 2576 765 2645 synodo,
800 2588 1012 2644 magno
1043 2571 1239 2627 studio
1254 2569 1501 2625 invicem
1530 2567 1621 2624 usi
1640 2572 1800 2630 sunt,

154 2673 212 2721 ut
233 2667 382 2722 inter
409 2666 531 2721 alia
557 2664 735 2721 etiam
763 2662 1058 2719 articulus
1084 2661 1190 2716 ille
1214 2659 1286 2715 de
1310 2658 1515 2714 divina
1538 2656 1802 2726 Spiritus

152 2755 338 2811 sancti
351 2754 746 2824 processione,
762 2766 990 2807 summa
1010 2766 1134 2804 cum
1150 2747 1461 2819 diligentia
1486 2752 1540 2802 et
1568 2745 1804 2802 assidua

148 2843 519 2915 inquisitione
541 2841 938 2897 discuteretur.
957 2837 1207 2894 Prolatis
1224 2852 1352 2892 vero
1374 2833 1711 2891 testimoniis
1729 2847 1803 2890 e1:

158 2931 366 2986 divinis
380 2928 1108 2999 Scripturis,plurimisque
1118 2924 1563 2982 auctoritatibus
1576 2928 1803 2979 sancto-

158 3034 289 3075 rum
312 3019 602 3074 doctorum
632 3016 1024 3073 Orientalium
1065 3021 1116 3070 et
1156 3012 1623 3070 Occidentalium
1652 3026 1664 3065 :
1693 3010 1802 3066 ali-

154 3107 355 3177 quibus
368 3106 594 3178 quidem
628 3122 694 3162 ea:
719 3108 896 3161 Patre
920 3110 973 3159 et
995 3103 1170 3167 Filio,
1200 3101 1547 3173 quibusdam
1580 3114 1712 3156 vero
1730 3114 1803 3155 ea:

153 3196 323 3252 Patre
328 3211 433 3267 per
451 3195 681 3251 Filium
692 3193 998 3266 procedere
1007 3192 1338 3248 dicentibus
1354 3190 1649 3259 Spiritum
1670 3204 1803 3245 san-

155 3291 326 3352 ctum,
342 3292 395 3341 et
412 3285 494 3340 ad
516 3285 774 3341 eamdem
787 3280 1239 3353 intelligentiam
1258 3278 1668 3348 aspicientibus
1686 3294 1803 3333 om-

153 3374 440 3430 nibussub
465 3373 711 3429 diversis
730 3371 1044 3428 vocabulis.
1067 3372 1259 3426 Graeci
1286 3367 1516 3439 quidem
1549 3381 1802 3423 asserue-

152 3470 289 3518 runt
313 3462 466 3534 quod
486 3462 551 3518 id
564 3460 710 3533 quod
728 3460 938 3515 dicunt
962 3458 1245 3528 Spiritum
1258 3472 1359 3512 san
1368 3464 1523 3512 ctum
1543 3470 1616 3512 ea:
1627 3456 1805 3512 Patre

147 3552 480 3619 procedere,
500 3565 627 3605 non
658 3550 763 3605 hac
794 3552 982 3604 mente
1001 3545 1364 3617 proferrent,
1398 3550 1461 3598 ut
1486 3545 1804 3600 excludant

150 3639 386 3705 Filium,
420 3640 532 3696 sed
572 3638 712 3710 quia
751 3637 831 3693 eis
876 3635 1202 3696 videbatur,
1251 3640 1316 3688 ut
1342 3635 1535 3699 aiunt,
1569 3634 1807 3689 Latinos

152 3742 397 3785 asserere
412 3728 714 3799 Spiritum
731 3730 1004 3782 sanctum
1023 3738 1097 3780 ex
1114 3724 1296 3779 Patre
1321 3722 1595 3793 Filioque
1613 3737 1807 3791 proce-

153 3818 300 3883 dere,
321 3825 619 3889 tanquam
639 3831 712 3872 επ
736 3813 958 3870 duobus
971 3812 1280 3883 principiis
1300 3817 1351 3867 et
1373 3810 1597 3866 duabus
1619 3811 1808 3881 Spira-

155 3906 415 3975 tionibus,
448 3907 590 3963 ideo
610 3904 1013 3961 abstinuerunt
1034 3916 1071 3957 a
1100 3901 1341 3956 dicendo
1377 3899 1523 3971 quod
1546 3899 1808 3967 Spiritus

152 4000 383 4052 sanctus
414 4010 488 4053 ex
512 3994 697 4050 Patre
728 3991 998 4062 procedat
1050 4004 1121 4046 ex
1176 3989 1334 4043 Filio
1364 4006 1383 4043 :
1443 3986 1633 4042 Latini
1676 4002 1808 4043 vero

153 4083 612 4154 afﬁrmaverunt
626 4098 745 4137 non
758 4097 817 4137 se
835 4081 947 4136 hac
959 4084 1147 4134 mente
1163 4076 1655 4147 dicereSpiritum
1669 4091 1809 4131 san-

153 4180 299 4229 ctum
323 4190 396 4231 ea:
420 4173 594 4229 Filio
609 4169 938 4242 procedere,
963 4174 1029 4223 ut
1051 4165 1361 4223 excludant
1386 4166 1644 4229 Patrem,
1664 4165 1809 4236 quin

148 4263 217 4316 sit
243 4259 376 4330 fons
408 4278 482 4319 ac
505 4260 875 4331 principium
902 4259 1076 4312 totius
1111 4255 1367 4320 Deitatis,
1402 4254 1545 4310 Filii
1591 4255 1811 4310 scilicet

148 4358 197 4407 et
227 4352 482 4423 Spiritus
509 4347 723 4411 sancti,
753 4352 856 4403 aut
875 4345 1023 4417 quod
1051 4344 1115 4399 id
1126 4344 1277 4415 quod
1298 4343 1561 4412 Spiritus
1582 4350 1811 4399 sanctus

145 4442 403 4509 procedit
438 4456 515 4497 ea:
545 4438 734 4503 Filio,
765 4436 958 4492 Filius
988 4449 1025 4490 a
1054 4435 1237 4490 Patre
1276 4449 1396 4489 non
1428 4432 1661 4498 habeat,
1693 4434 1814 4489 sive

144 4532 297 4601 quod
311 4530 425 4586 duo
451 4530 683 4602 ponant
693 4525 997 4595 principia
1017 4537 1115 4578 seu
1138 4521 1281 4578 duas
1312 4520 1678 4589 spirationes,
1718 4522 1813 4576 sed

148 4625 209 4674 ut
225 4635 411 4675 unum
425 4625 662 4674 tantum
678 4618 952 4672 asserunt
968 4626 1084 4667 esse
1097 4610 1450 4680 principium
1467 4610 1814 4680 unicamque

142 4709 299 4779 spira
310 4708 531 4764 tionem
555 4704 824 4774 Spiritus
839 4700 1045 4766 sancti,
1062 4706 1242 4768 prout
1265 4700 1543 4754 hactenus
1561 4714 1815 4754 asserue-

145 4804 321 4853 runt:
355 4804 412 4853 et
445 4811 591 4852 cum
614 4808 684 4849 ex
706 4792 794 4849 his
814 4789 1079 4846 omnibus
1112 4804 1257 4843 unus
1281 4790 1332 4843 et
1359 4787 1510 4842 idem
1548 4788 1818 4843 eliciatur

147 4887 415 4943 veritatis
448 4896 678 4946 sensus,
702 4878 930 4935 tandem
960 4879 1023 4933 in
1054 4876 1219 4944 infra
1246 4876 1531 4945 scriptam
1562 4883 1817 4932 sanctam

151 4975 258 5030 Deo
308 4970 638 5031 amabilem
664 4969 855 5025 eodem
904 4981 1073 5023 sensu
1094 4964 1399 5035 eademque
1424 4972 1616 5019 mente
1653 4966 1820 5019 unio-

154 5080 298 5132 nem,
322 5061 708 5119 unanimiter
724 5056 1165 5114 concordarunt
1196 5058 1249 5110 et
1282 5056 1733 5115 consenserunt;
1758 5053 1816 5105 in

154 5155 382 5211 nomine
412 5154 612 5223 igitur
657 5154 868 5203 sanctae
914 5144 1240 5207 Trinitatis,
1279 5143 1477 5198 Patris
1515 5145 1567 5197 et
1597 5141 1737 5195 Filii
1765 5150 1819 5196 et

158 5241 413 5311 Spiritus
426 5239 650 5303 sancti,
665 5238 773 5293 hoc
784 5250 952 5292 sacro
967 5231 1297 5289 universali
1307 5230 1679 5300 approbante
1692 5231 1822 5285 Flo-

160 5332 389 5388 rentino
440 5327 699 5385 concilio
729 5324 1053 5393 deﬁnimus,
1082 5326 1145 5376 ut
1190 5321 1308 5377 haec
1330 5318 1469 5388 ﬁdei
1499 5318 1711 5375 veritas
1751 5318 1820 5372 ab

167 5419 419 5475 omnibus
452 5413 819 5474 Christianis
843 5410 1117 5467 credatur
1143 5417 1195 5464 et
1225 5407 1594 5476 suscipiatur,
1626 5407 1823 5478 sicque

171 5522 348 5563 omnes
373 5506 788 5579 proﬁteantur
809 5518 821 5554 :
852 5500 1000 5573 quod
1026 5499 1285 5567 Spiritus
1298 5502 1535 5553 sanctus
1550 5509 1624 5551 ex
1640 5496 1825 5551 Patre

171 5603 215 5649 et
238 5594 384 5652 Filio
418 5591 791 5650 wternaliter
817 5595 917 5661 est,
958 5595 1011 5644 et
1067 5582 1362 5643 essentiam
1414 5600 1603 5649 suam,
1633 5599 1824 5640 suum-

1907 1864 2063 1920 infra
2086 1866 2160 1920 de
2185 1880 2432 1936 operum
2458 1866 2843 1922 retributione
2891 1867 3202 1938 subjungit
3234 1886 3246 1922 :
3280 1869 3557 1926 Illorum-

1907 1969 2018 2024 que
2041 1955 2271 2010 animas
2291 1956 2389 2026 qui
2396 1961 2520 2027 post
2543 1954 2830 2024 baptisma
2843 1962 3169 2025 susceptum
3189 1959 3418 2013 nullam
3441 1975 3561 2015 om-

1908 2044 2047 2098 nino
2075 2044 2299 2113 peccati
2322 2044 2617 2099 maculam
2634 2044 3035 2110 incurrerunt,
3067 2046 3207 2101 ittas
3231 2048 3405 2103 etiam
3430 2065 3555 2119 quae

1906 2137 2032 2199 post
2050 2133 2650 2200 contractampeccati
2668 2134 2985 2204 maculam,
3009 2135 3103 2190 vel
3122 2134 3176 2188 in
3210 2136 3324 2189 suis
3356 2152 3558 2206 corpo-

1908 2218 2091 2283 ribus,
2118 2221 2209 2275 vel
2232 2220 2445 2275 eisdem
2470 2227 2655 2276 exuta
2672 2222 3033 2292 corporibus,
3068 2223 3128 2277 in
3154 2225 3337 2293 prunis
3349 2240 3564 2295 purga-

1912 2308 2068 2373 torii,
2091 2314 2265 2376 prout
2295 2309 2566 2377 superius
2610 2306 2827 2364 dictum
2855 2316 2955 2375 est,
3001 2316 3137 2365 sunt
3176 2320 3463 2381 purgatae,
3498 2315 3563 2368 in

1909 2397 2111 2453 caelum
2140 2412 2279 2452 mox
2303 2396 2507 2466 recipi,
2540 2401 2590 2452 et
2605 2397 2826 2453 intueri
2846 2399 3011 2453 ctare
3034 2398 3222 2467 ipsum
3248 2400 3435 2456 Deum
3460 2402 3564 2456 tri-

1909 2500 2049 2541 num
2066 2492 2123 2541 et
2145 2500 2328 2541 unum
2352 2485 2522 2540 sicuti
2532 2493 2629 2552 est,
2648 2487 2995 2542 meritorum
3016 2494 3213 2544 tamen
3228 2488 3565 2546 diversitate

1911 2573 2095 2630 alium
2125 2574 2244 2629 alio
2268 2573 2601 2642 perfectius.
2624 2572 2868 2630 Illorum
2886 2581 3079 2632 autem
3100 2576 3343 2645 animas,
3373 2580 3476 2649 qui
3500 2579 3563 2634 in

1910 2662 2137 2718 actuali
2160 2663 2401 2718 mortali
2417 2668 2657 2731 peccato
2682 2664 2767 2719 vel
2790 2663 2913 2719 solo
2942 2666 3234 2735 originali
3253 2666 3553 2734 decedunt,

1910 2764 2051 2807 mox
2069 2754 2128 2806 in
2146 2752 2657 2821 infernumpaenis
2670 2759 2857 2808 tamen
2870 2751 3199 2827 disparibus
3208 2756 3562 2823 puniendas.

1912 2836 2090 2895 Porro
2113 2837 2182 2893 de
2208 2839 2403 2911 prima
2439 2837 2540 2897 iila
2596 2838 2928 2895 diversitate
2969 2840 3085 2896 diei
3133 2858 3253 2915 quo
3299 2844 3562 2900 Christus

1912 2941 2133 2996 agnum
2171 2926 2517 2997 paschalem
2546 2927 2748 2993 ederit,
2776 2931 2833 2984 et
2860 2927 2934 2985 de
2961 2944 3031 2984 eo
3060 2945 3182 3002 quo
3236 2947 3344 3007 pro
3383 2932 3559 2989 nobis

1914 3018 2178 3070 mortuus
2205 3014 2295 3079 sit,
2318 3015 2497 3087 longa
2523 3030 2759 3087 semper
2778 3016 2888 3072 fuit
2931 3016 3079 3073 inter
3119 3020 3350 3075 Graecos
3380 3026 3435 3076 et
3459 3022 3562 3078 La-

1912 3104 2067 3159 tinos
2086 3103 2403 3167 contentio,
2423 3104 2758 3161 dicentibus
2782 3105 2995 3161 Graecis
3012 3106 3199 3177 ipsum
3214 3108 3565 3165 decimater-

1912 3193 1990 3247 tia
2026 3191 2169 3248 luna
2207 3204 2431 3262 agnum
2485 3192 2675 3249 edisse
2710 3194 3080 3265 paschalem,
3120 3212 3376 3269 passum
3428 3214 3566 3255 vero

1912 3280 2383 3353 decimaquarta,
2426 3285 2489 3336 ut
2532 3282 2747 3338 veritas
2785 3283 3174 3355 responderet
3228 3286 3468 3354 ﬁgura):
3504 3293 3559 3343 et

1913 3374 2154 3443 propter
2179 3368 2321 3425 illud
2346 3368 2591 3425 Joannis
2618 3368 2814 3440 (Joan.
2847 3378 3007 3437 XVII],
3034 3371 3129 3445 29)
3154 3390 3168 3428 :
3200 3372 3274 3429 Et
3304 3375 3416 3443 ipsi
3449 3392 3561 3431 non

1916 3460 2275 3515 introierunt
2295 3460 2356 3514 in
2382 3460 2752 3529 praetorium,
2777 3476 2847 3516 ne
2864 3463 3432 3528 contaminarentur,
3463 3468 3564 3521 sed

1914 3554 1979 3602 ut
1994 3548 2482 3604 ederentPascha.
2507 3551 2595 3605 Ac
2616 3547 2761 3604 illud
2774 3550 2961 3621 (toan.
2991 3566 3113 3606 xix.
3144 3551 3267 3619 lt);
3297 3554 3568 3610 Eratau-

1916 3643 2026 3691 tem
2058 3636 2384 3693 Parasceve
2409 3638 2779 3706 paschae;et:
2813 3638 2905 3693 Ibi
2932 3654 3067 3709 ergo
3106 3647 3350 3710 prOpter
3376 3642 3568 3701 Para-

1915 3741 2120 3781 sceven
2155 3724 2529 3793 Judaeorum,
2557 3730 2695 3796 quia
2722 3741 2893 3797 prape
2936 3734 3064 3781 erat
3106 3738 3564 3796 monumentum,

1916 3819 2236 3884 posuerunt
2277 3812 2493 3868 Iesum.
2548 3811 2856 3883 Siquidem
2899 3812 2999 3868 illa
3050 3814 3373 3871 Parasceve
3427 3818 3571 3875 nihil

1918 3902 2082 3958 aliud
2096 3905 2238 3965 erat,
2266 3916 2448 3973 quam
2470 3899 2597 3955 dies
2613 3901 3087 3973 praeparationis,
3117 3919 3238 3975 quo
3257 3919 3318 3960 se
3348 3922 3572 3978 praepa-

1917 3989 2132 4045 rabant
2155 3988 2343 4044 Judaei
2385 3988 2463 4043 ad
2492 3988 2795 4044 edendum
2826 4004 3052 4065 agnum
3086 3991 3446 4062 paschalem.
3466 3994 3572 4053 La-

1919 4078 2023 4134 tini
2053 4093 2189 4132 vero
2215 4082 2489 4134 asserunt
2520 4092 2657 4132 eum
2685 4077 3133 4153 decimaquarta
3162 4078 3308 4140 luna.
3350 4097 3572 4153 agnum

1919 4167 2165 4239 quidem
2182 4166 2372 4222 edisse
2396 4166 2761 4239 paschalem,
2778 4168 2929 4223 sicut
2952 4172 3008 4222 et
3026 4173 3270 4227 caeteros
3300 4173 3567 4230 Iudaeos:

1920 4257 2062 4330 quia
2093 4261 2157 4311 ut
2198 4255 2379 4311 habet
2433 4256 2611 4310 etiam
2666 4257 2899 4311 Grthus
2956 4256 3444 4330 Chrysostomus,
3497 4264 3576 4319 ad

1922 4350 2175 4401 mortem
2220 4359 2405 4415 usque
2465 4358 2701 4419 semper
2748 4346 3003 4400 servavit
3058 4346 3288 4418 legem:
3325 4366 3575 4423 passum

1922 4449 2065 4490 vero
2095 4433 2260 4488 aiunt
2289 4430 2730 4505 decimaquinta
2770 4433 2933 4498 luna,
2972 4440 3206 4507 propter
3259 4437 3408 4494 alios
3459 4444 3576 4496 tres

1925 4520 2324 4590 evangelistas
2366 4521 2606 4592 (Matth.
2641 4537 2798 4588 xxvt;
2839 4522 3021 4579 Marc.
3048 4536 3180 4591 xw;
3234 4526 3375 4583 Luc.
3410 4531 3576 4601 xxu.)

1925 4611 2028 4684 qui
2063 4614 2339 4665 astruuut
2370 4609 2551 4664 fuisse
2577 4610 2836 4681 primum
2869 4612 3028 4666 diem
3049 4628 3421 4686 azymorum,
3449 4635 3575 4691 quo

1929 4699 2187 4756 Christus
2200 4704 2494 4771 postrema
2508 4714 2567 4753 m
2585 4714 2820 4753 ccenam
2834 4716 2969 4754 cum
2986 4699 3296 4773 discipulis
3313 4705 3572 4762 celebra-

1926 4789 2029 4844 vit.
2061 4790 2128 4843 Et
2163 4787 2222 4842 hi
2254 4793 2452 4842 autem
2489 4791 2545 4841 et
2598 4785 2677 4841 illi
2727 4794 3162 4859 repugnantem
3214 4790 3576 4863 Scripturam

1926 4876 2159 4932 obtorto
2172 4874 2322 4930 collo
2336 4875 2562 4929 trahere
2577 4874 3022 4945 quodammodo
3037 4874 3304 4934 videntur
3317 4880 3395 4935 ad
3409 4898 3577 4937 suum

1928 4980 2194 5020 sensum.
2209 4966 2574 5036 QuaprOpter
2588 4976 2780 5034 operae
2795 4963 3047 5035 pretium
3066 4964 3332 5025 facturus
3347 4970 3573 5038 videor,

1928 5056 1976 5107 si
2003 5054 2063 5107 in
2080 5053 2164 5107 tui
2196 5052 2469 5122 gratiam,
2501 5051 2787 5106 benevole
2808 5052 3009 5117 lector,
3037 5054 3151 5111 hoc
3177 5055 3305 5113 loco
3323 5060 3579 5118 dilucide

1929 5141 2309 5204 adnotavero,
2338 5156 2470 5211 quae
2505 5140 2667 5195 varia
2698 5138 2941 5197 lectione
2978 5146 3323 5220 magnisque
3356 5150 3583 5205 sudori-

1926 5231 2042 5286 bus
2077 5229 2189 5285 hac
2216 5228 2289 5283 de
2320 5229 2455 5283 rein
2484 5229 2905 5301 compendium
2936 5233 3155 5302 redegi.
3187 5234 3453 5294 Primum
3479 5239 3584 5294 ita-

1928 5333 2045 5391 que
2068 5317 2404 5373 notandum
2434 5323 2539 5382 est,
2590 5317 2744 5390 quod
2784 5320 3077 5375 naturalis
3099 5322 3226 5377 dies
3269 5325 3430 5396 apud
3474 5327 3582 5380 He—

1931 5409 2125 5462 braeos
2154 5406 2356 5476 incipit
2382 5406 2458 5461 ab
2481 5422 2699 5461 occasu
2723 5408 2875 5472 solis,
2897 5414 2953 5464 et
2978 5408 3191 5465 desinit
3215 5412 3275 5465 in
3314 5414 3580 5482 ejusdem

1932 5512 2203 5551 occasum
2231 5494 2345 5549 diei
2378 5496 2703 5568 sequentis,
2724 5496 2888 5565 juxta
2930 5496 3081 5553 illud
3112 5498 3280 5569 (Gen.
3316 5501 3356 5569 1)
3387 5516 3397 5551 :
3435 5501 3586 5554 Fac-

1938 5593 2060 5640 tum
2088 5592 2168 5639 est
2199 5600 2429 5654 vespere
2466 5592 2519 5641 et
2568 5599 2734 5639 mane
2780 5584 2898 5638 dies
2935 5601 3101 5642 unus.
3144 5587 3353 5641 Mensis
3382 5600 3523 5637 vero
3550 5602 3587 5639 a
