4166 6314
591 353 658 406 4⁵1
2126 344 2250 398 PB}

2358 344 2523 398 \TIO.
3944 352 4023 406 48

601 474 1020 545 conjunctione
1054 472 1254 528 media
1284 471 1698 543 luminarium;
1731 477 1786 529 et
1812 470 2247 540 durattriginta
2282 471 2329 524 A
2358 486 2488 541 quae
2519 470 2610 526 die
2628 472 2871 529 Sabbati
2885 473 3075 528 facere
3093 474 3496 539 nonlicuisset,
3515 475 3727 545 septies
3757 474 4024 532 circum-

601 561 1166 626 diebus,duodecim
1201 562 1380 626 horis,
1411 561 1714 617 elduabus
1740 562 1924 616 tertiis
1949 561 2125 615 unius
2149 561 2247 614 ho-

603 669 680 707 rae
712 668 848 706 cum
880 650 1066 705 tribus
1103 651 1363 720 minutis,
1397 667 1521 722 qua:
1553 651 1896 722 supputatio
1928 648 2250 703 invariabi-

603 740 730 796 liter
759 739 1084 794 conformis
1101 743 1190 792 est
1218 755 1348 791 cun:
1384 738 1694 794 Ptolemaeo
1708 739 1956 810 aliisque
1988 742 2248 792 astrono-

602 828 716 884 mis
738 827 1067 884 secundum
1084 825 1341 880 medium
1358 826 1790 882 cursumlunae.
1812 832 2018 881 Annus
2049 831 2245 880 autem

601 915 912 973 exordium
941 913 1123 968 sumit
1148 930 1182 968 a
1200 915 1516 969 Neomenia
1543 915 1664 969 sive
1691 915 1830 969 solis
1861 931 1930 969 ac
1949 915 2104 969 luna:
2136 913 2250 968 coi-

605 1006 758 1061 tione
785 1003 1058 1074 proxima
1089 1001 1445 1074 aequinoctio
1473 1003 1718 1072 vernali,
1765 1003 2090 1058 secundum
2131 1018 2250 1056 me-

605 1094 771 1148 dium
821 1107 1067 1146 cursum
1117 1091 1255 1146 solis
1310 1097 1366 1146 et
1418 1092 1574 1146 lunae
1607 1092 1816 1163 (Levii.
1857 1107 2030 1156 xxm;
2070 1092 2246 1146 Num.

604 1197 788 1236 XXVIII
819 1185 875 1236 et
903 1179 1085 1250 xxxx).
1118 1180 1405 1235 Praeterea
1431 1181 1632 1235 omnia
1673 1180 1823 1235 festa
1855 1179 2248 1242 Hebraeorum,

606 1285 742 1340 quae
769 1284 805 1324 a
837 1267 1091 1322 Mosaica
1127 1267 1255 1336 lege
1293 1267 1607 1331 habentur,
1641 1273 1850 1339 praeter
1905 1267 2247 1332 Sabbatum,

606 1372 781 1411 suam
820 1355 1290 1412 numerationem
1326 1372 1393 1410 ac
1425 1356 1814 1411 variationem
1855 1371 1956 1426 per
1989 1355 2251 1410 diversos

603 1445 1005 1500 hebdomadas
1034 1444 1180 1510 dies,
1217 1448 1459 1499 sumunt
1503 1463 1536 1499 a
1593 1444 1784 1514 primo
1813 1443 1909 1499 die
1966 1444 2250 1514 prazdictze

608 1533 966 1595 Neomeniae,
997 1549 1159 1604 aquo
1190 1534 1357 1604 juxta
1385 1533 1574 1602 legem
1608 1533 1811 1588 omnia
1833 1549 1942 1588 sua
1972 1533 2120 1587 festa
2146 1548 2252 1586 nu-

605 1625 839 1678 merant
878 1621 1127 1676 Hebraei:
1161 1627 1297 1692 puta
1330 1621 1562 1677 decimo
1601 1622 1811 1693 quinto
1850 1620 1941 1676 die
1977 1621 2249 1691 ejusdem

605 1711 782 1783 primi
811 1711 1034 1765 mensis
1055 1709 1264 1765 festum
1279 1715 1399 1766 erat
1430 1716 1874 1782 azymorum,et
1901 1709 2082 1780 pridie
2122 1709 2250 1778 ejus

2359 560 2556 614 eundo
2584 560 2763 615 altare
2788 578 2922 616 cum
2957 562 3295 634 palmarum
3324 563 3659 627 frondibus,
3691 565 3748 618 in
3784 581 4019 621 memo-

2358 649 2509 703 riam
2537 656 2722 720 captze
2751 651 2982 705 Jericho
3024 652 3223 721 primm
3247 652 3515 715 civitatis,
3546 668 3729 723 quam
3761 653 3821 708 in
3852 658 4021 710 terra

2359 737 2776 806 promissionis
2804 737 2905 792 ﬁlii
2948 739 3116 794 Israel
3149 740 3500 810 htljllSlthdi
3534 741 3871 811 septenaria
3901 742 4016 796 circ

2359 821 2611 876 cuitione
2648 829 2948 892 ceperant,
2979 823 3037 878 in
3070 825 3179 878 hoc
3208 831 3493 894 praeterea
3536 824 3631 880 die
3661 825 3834 880 lectio
3860 843 4015 897 quo-

2357 911 2586 980 queilla
2619 911 3352 983 Psalmistre(Psal.cxw1),
3390 913 3625 984 publice
3651 913 4016 971 decantaba—

2359 1003 2480 1053 tur:
2504 999 2762 1062 Obsecro,
2780 1000 3042 1067 Domine,
3058 1002 3248 1066 salva,
3265 1017 3485 1072 quaeso:
3505 1003 4017 1072 obsecro,Domine

2355 1102 2629 1156 prospere
2653 1103 2797 1157 age:
2843 1089 3170 1145 benedictus
3199 1090 3298 1160 qui
3335 1092 3488 1146 venit
3538 1091 3601 1145 in
3642 1095 3875 1147 nemine
3904 1097 4016 1148 Do-

2359 1176 2522 1230 mini.
2565 1175 2713 1230 Nam
2743 1182 2798 1231 et
2828 1177 2984 1232 hanc
3010 1177 3492 1234 constitutionem
3511 1179 3734 1234 scimus
3769 1197 4015 1252 quoque

2362 1264 2420 1318 in
2464 1280 2572 1318 usu
2606 1265 2784 1319 fuisse
2813 1265 3104 1330 Israelitis,
3133 1283 3271 1321 cum
3329 1267 3521 1322 adhuc
3553 1268 3613 1322 in
3669 1268 4014 1339 captivitate

2361 1358 2562 1406 essent
2610 1353 2980 1424 Babylonica.
3022 1355 3327 1426 Siquidem
3359 1372 3430 1409 ex
3463 1357 3760 1425 Thargum
3806 1357 4016 1412 Esther

2361 1441 2870 1513 colligimusquod
2892 1459 2962 1498 eo
2977 1443 3070 1498 die
3085 1444 3368 1499 secabant
3389 1443 3628 1500 frondes
3650 1445 4011 1516 palmarum,

2361 1533 2533 1598 atque
2560 1529 2956 1600 decerpebant
2986 1531 3167 1585 citrea
3207 1547 3402 1602 poma,
3432 1532 3861 1588 abscindebant
3887 1551 4014 1589 ros-

2360 1618 2680 1681 marinum,
2728 1625 2783 1673 et
2814 1617 3104 1673 faciebant
3163 1619 3275 1674 sibi
3328 1630 3562 1684 azyma
3621 1622 3888 1677 hosana:
3930 1622 4016 1678 le-

2361 1705 2695 1777 gebantque
2727 1706 2784 1761 in
2829 1705 2994 1761 libris
3025 1709 3145 1762 suis
3174 1714 3229 1762 et
3267 1709 3540 1775 orabant,
3573 1709 3928 1766 laetabantur
3953 1717 4013 1767 et

604 1798 741 1863 diei,
773 1797 832 1852 id
853 1804 940 1852 est
968 1797 1196 1852 decima
1218 1805 1431 1869 quarta
1462 1799 1605 1853 luna
1644 1798 1720 1853 ad
1753 1813 2087 1869 vesperam,
2118 1795 2250 1851 ede-
2281 1814 2322 1868 Β
2360 1794 2571 1850 hilares
2604 1803 2770 1850 erant
2797 1797 2855 1850 in
2887 1806 3122 1860 summa
3157 1797 3415 1867 hosana,
3461 1797 3768 1854 saltabant
3809 1805 3865 1854 et
3917 1817 4013 1854 ex-

602 1887 779 1942 batur
809 1901 1002 1954 agnus
1043 1885 1356 1956 paschalis.
1398 1888 1442 1939 Λ
1483 1886 1629 1940 festo
1660 1892 1859 1941 autem
1885 1888 2249 1956 Azymorum

603 1973 915 2031 transactis
929 1977 1153 2044 septem
1173 1973 1594 2038 hebdomadis,
1611 1975 1879 2045 sequenti
1898 1973 2010 2041 die,
2031 1989 2249 2044 nempe

603 2061 1130 2134 quinquagesimo,
1149 2061 1360 2116 festum
1384 2067 1506 2116 erat
1523 2060 1956 2116 Primitivorum
1972 2061 2096 2116 sive
2108 2063 2248 2116 Pen-

606 2155 873 2207 tecostes.
909 2151 1050 2204 Post
1083 2165 1184 2204 sex
1211 2165 1349 2204 vero
1380 2165 1610 2204 menses
1633 2149 1872 2206 lunares
1899 2151 1975 2206 ab
2034 2151 2247 2205 eadem

603 2238 799 2310 prima
811 2234 1216 2300 Neomenia,id
1231 2241 1313 2291 est
1330 2239 1468 2308 post
1480 2242 1716 2292 centum
1732 2238 2107 2309 septuaginta
2120 2253 2248 2309 sep-

605 2333 723 2384 tem
775 2327 938 2390 dies;
1003 2325 1274 2397 sequenti
1331 2326 1426 2380 die
1484 2329 1605 2380 erat
1654 2326 1870 2382 festum
1920 2327 2244 2390 Tubarum,

601 2431 818 2488 nempe
844 2416 904 2469 in
942 2413 1286 2477 Neomenia,
1322 2413 1594 2485 proxima
1618 2416 1974 2486 acquinoctio
2015 2420 2248 2471 autum-

601 2504 746 2560 nali.
778 2503 1013 2558 Decimo
1045 2502 1182 2557 inde
1210 2501 1307 2556 die
1339 2501 1556 2558 festum
1584 2503 1950 2574 Expiationis
1995 2503 2246 2559 celeber-

601 2595 842 2649 rimum.
873 2590 1104 2647 Decimo
1125 2591 1338 2661 quinto
1360 2591 1630 2661 ejusdem
1656 2593 1876 2647 mensis
1894 2592 2008 2658 die,
2030 2592 2246 2647 festum

604 2679 985 2752 Scen0pegiae
1008 2678 1128 2733 sive
1152 2677 1725 2736 Tabernaculorum.
1759 2679 1825 2734 Et
1844 2681 1920 2735 ab
1943 2681 2056 2735 hoc
2073 2681 2242 2744 festo,

601 2770 696 2826 die
728 2776 958 2833 octavo,
1003 2767 1063 2821 id
1089 2771 1179 2821 est
1206 2771 1344 2837 post
1369 2773 1595 2837 septem
1618 2768 1889 2838 ejusdem
1923 2768 2053 2824 festi
2092 2768 2243 2834 dies,

602 2858 952 2916 occurrebat
972 2855 1236 2910 ultimum
1249 2871 1448 2910 eorum
1464 2855 1693 2918 festum,
1708 2871 1924 2928 nempe
1942 2861 2132 2912 coetus
2157 2856 2248 2912 vel

602 2948 858 3004 collectae
893 2945 1010 3000 sive
1048 2943 1429 3000 retentionis:
1464 2943 1628 3015 quod
1668 2943 1860 3000 solum
1893 2945 2249 3016 designabat

602 3037 862 3093 ﬁdelium
895 3035 954 3088 in
996 3038 1206 3089 sancta
1232 3032 1490 3088 Ecclesia
1519 3034 2035 3102 congregationem
2066 3051 2135 3089 ac
2165 3051 2248 3088 re-

602 3127 928 3184 tentionem
981 3124 1102 3178 sive
1144 3121 1669 3194 perseverantiam,
1715 3123 1878 3195 quod
1909 3123 2133 3179 factum
2163 3127 2248 3178 est

605 3220 742 3289 post
771 3213 982 3270 veteris
1011 3210 1158 3280 legis
1201 3209 1401 3266 ﬁnitas
1453 3209 1674 3279 ﬁguras
1730 3227 1801 3267 ac
1832 3212 2243 3268 caeremonias.

604 3304 829 3362 Deinde
860 3299 1459 3358 animadvertendum
1491 3307 1576 3355 est
1605 3300 1770 3372 quod
1799 3301 2040 3372 quando
2083 3301 2249 3371 juxta

604 3393 847 3450 vernale
859 3389 1432 3462 aequinoctium,conj
1445 3389 1642 3444 unctio
1655 3388 2025 3444 luminarinm
2041 3404 2247 3443 secun-

607 3483 755 3540 dum
773 3479 1032 3535 medium
1062 3493 1298 3532 cursum
1321 3477 1821 3546 occurrebatpost
1837 3477 2134 3532 decimam
2155 3493 2250 3531 oc-

609 3577 811 3628 tavam
837 3564 1537 3636 dieihoram,quiajam
1588 3568 1838 3635 peractae
1893 3569 2060 3619 erant
2117 3564 2250 3635 plus

607 3673 794 3732 quam
810 3662 924 3710 tres
937 3657 1158 3726 quartae
1178 3657 1376 3725 partes
1393 3651 1592 3722 diei,et
1605 3652 1944 3708 declinabat
1961 3653 2154 3724 magis
2173 3653 2249 3708 ad

605 3748 767 3804 diem
814 3746 1180 3816 sequentem,
1221 3741 1356 3798 ideo
1387 3741 1735 3797 servabatur
1759 3757 1994 3813 quoque
2037 3741 2132 3796 die
2162 3756 2250 3796 se-

608 3831 974 3910 quenti,etab
986 3830 1573 3888 hocnumerabantur
1585 3829 1780 3886 omnia
1792 3830 2065 3902 praedicta
2077 3830 2246 3885 festa.

678 3927 965 3982 Praeterea
1003 3922 1052 3976 si
1093 3921 1248 3976 dicta
1277 3922 1474 3992 prima
1524 3920 1846 3976 Neomenia
1901 3918 2254 3975 occurrebat

605 4013 892 4078 secundo,
922 4013 1159 4081 quarto,
1199 4008 1291 4062 vel
1331 4015 1497 4062 sexto
1538 4007 1938 4062 hebdomadas
1983 4007 2078 4061 dio
2135 4022 2250 4061 scr-

606 4102 830 4163 vanda,
863 4095 1238 4168 rejiciebatur
1259 4096 1319 4150 in
1345 4093 1506 4147 diem
1534 4101 1902 4164 sequentem.
1929 4097 2076 4148 Nam
2102 4095 2146 4147 si
2170 4111 2256 4148 se-

607 4187 808 4244 cundo
839 4182 1232 4239 hebdomadas
1257 4180 1351 4235 die
1373 4180 1582 4236 fuisset
1605 4184 1858 4244 servata,
1889 4187 2026 4235 tunc
2040 4181 2254 4236 festum

609 4274 999 4350 Expiationis,
1039 4273 1202 4344 quod
1233 4275 1358 4326 erat
1401 4269 1877 4335 celeberrimum,
1902 4270 2257 4325 occurrisset

609 4368 707 4424 die
720 4371 883 4422 sexto
909 4363 1335 4420 celebrandum
1360 4377 1371 4414 :
1409 4359 1622 4433 quodsi
1639 4365 1800 4415 sexto
1818 4358 1907 4415 die
1929 4364 2257 4415 servaretur

609 4457 768 4512 dicta
788 4453 984 4527 prima
995 4451 1322 4507 Neomenia
1347 4449 1470 4504 sive
1484 4447 1712 4519 primus
1726 4448 1862 4504 anni
1877 4465 2084 4504 eorum
2107 4449 2253 4514 dies,

611 4551 752 4602 tunc
778 4543 1004 4598 dictum
1038 4536 1402 4611 Expiationis
1438 4537 1646 4592 festum
1677 4537 1771 4592 die
1812 4539 2019 4610 primo,
2073 4553 2255 4609 quem

609 4651 724 4691 nos
755 4647 1042 4689 vocamus
1082 4628 1478 4692 Dominicum,
1520 4625 1870 4681 occurrisset
1893 4627 1972 4681 ab
2001 4626 2084 4680 eis
2111 4626 2255 4682 cele-

609 4723 912 4780 brandum
931 4739 942 4773 :
977 4733 1236 4791 quorum
1251 4719 1567 4788 utrumque
1586 4713 1912 4769 admodum
1929 4729 2108 4782 grave
2122 4730 2251 4769 cen-

611 4813 846 4870 sebatur
863 4815 919 4866 et
937 4808 1106 4864 valde
1118 4821 1442 4862 onerosum
1461 4803 1565 4862 toti
1581 4803 1826 4875 populo,
1842 4819 1912 4859 eo
1934 4803 2098 4875 quod
2109 4805 2256 4860 duo-

610 4905 726 4958 bus
752 4897 1042 4957 continuis
1069 4896 1277 4951 diebus
1301 4892 1696 4958 naturalibus,
1731 4908 1947 4962 nempe
1976 4891 2123 4948 festo
2149 4886 2267 4948 Exo'

611 4990 892 5062 piationis
912 4993 969 5043 et
998 4986 1279 5049 Sabbato,
1305 4982 1470 5039 nullo
1500 4981 1683 5037 modo
1713 4981 1913 5036 liceret
1937 4996 2148 5052 parare
2177 4983 2252 5036 ci-

611 5079 862 5143 bos,aut
893 5074 1143 5145 sepelire
1173 5078 1743 5142 mortuos:corpora
1771 5074 1973 5125 autem
1997 5077 2250 5135 mortua,

608 5171 711 5222 aut
755 5169 922 5220 cocta
953 5162 1114 5216 olera
1172 5177 1294 5216 non
1352 5165 1594 5229 possent
1645 5159 1706 5214 in
1759 5159 1994 5215 tertium
2035 5159 2255 5215 servari

609 5256 790 5320 diem,
810 5249 1212 5325 praesertimin
1239 5248 1444 5303 calidis
1457 5247 1821 5318 regionibus.
1851 5248 2073 5313 Quodsi
2099 5252 2254 5302 sexto

607 5346 702 5401 die
722 5345 1054 5400 servaretur
1083 5338 1361 5411 praedicta
1375 5339 1696 5394 Neomenia
1722 5337 1842 5393 sive
1870 5338 2133 5409 primum
2147 5352 2253 5392 no-

605 5433 924 5499 vilunium,
953 5436 1092 5486 tunc
1116 5428 1406 5500 septimus
1441 5427 1562 5482 dies
1579 5426 1708 5482 festi
1737 5426 2115 5498 Scenopegiae
2134 5426 2254 5481 sive

602 5519 1146 5578 Tabernaculorum
1169 5516 1629 5574 occurrissetdie
1652 5516 1914 5571 Sabbati.
1932 5516 1998 5570 In
2021 5515 2135 5571 hoc
2151 5530 2254 5569 an-

604 5618 722 5668 tem
756 5609 1008 5681 septimo
1039 5607 1134 5664 die
1161 5607 1350 5662 multa.
1378 5605 1593 5661 laetitiae
1617 5603 1790 5671 signa
1843 5602 2250 5666 ostendebant,

2360 1883 2639 1938 siliebant
2659 1883 2810 1938 sicut
2841 1885 3018 1940 haedi.
3046 1887 3210 1941 Unde
3237 1885 3437 1941 videre
3466 1887 3598 1942 licet
3625 1893 3686 1942 ut
3715 1889 3829 1944 hoc
3858 1905 4009 1960 quo-

2356 1988 2472 2042 que
2501 1971 2755 2026 docendi
2776 1973 2966 2043 gratia
2987 1973 3283 2028 addamus
3303 1975 3664 2030 vocabulum
3683 1977 4004 2034 Hebraeum

2357 2071 2457 2121 ΝΞ
2504 2071 2762 2124 mimum
2815 2062 3038 2116 hosana
3085 2062 3245 2132 vulgi
3300 2079 3464 2118 more
3514 2066 3675 2135 apud
3728 2066 4008 2123 Hebraeos

2355 2148 2535 2204 etiam
2563 2155 2698 2204 ante
2730 2150 3026 2204 Christum
3058 2157 3266 2206 natum
3297 2151 3482 2208 fuisse
3514 2160 3854 2226 corruptum
3904 2162 4009 2213 aut

2355 2237 2484 2293 illos
2514 2253 2837 2308 usurpasse
2869 2237 3065 2310 ipsum
3116 2255 3280 2294 more
3320 2240 3657 2307 Chaldaico,
3695 2249 3749 2298 et
3787 2243 4007 2300 deinde

2355 2326 2578 2381 abusos
2609 2326 2790 2380 fuisse
2820 2342 2930 2398 pro
2957 2327 3332 2383 solemnitate
3366 2329 3738 2397 Palmarum,
3793 2333 3852 2388 in
3885 2349 4012 2404 qua

2354 2431 2489 2469 cum
2509 2415 2690 2469 ramis
2721 2415 3091 2471 caeremoniae
3115 2416 3352 2473 fiebant.
3389 2419 3452 2472 Et
3474 2419 3552 2473 ita
3578 2426 3718 2475 nato
3741 2428 4009 2491 postmo-

2354 2503 2499 2558 dum
2525 2502 2771 2568 Cbristo,
2805 2520 2944 2558 cum
2998 2504 3172 2559 vellet
3212 2507 3470 2577 populus
3521 2523 3659 2563 eum
3685 2509 4004 2577 honorare,

2354 2597 2410 2646 et
2466 2609 2604 2647 cum
2645 2592 2945 2663 triumpho
2995 2594 3403 2666 Hierosolyma
3460 2596 3777 2660 deducere,
3832 2598 4001 2670 igno-

2353 2687 2552 2737 rantes
2592 2682 3038 2753 compleverunt
3066 2683 3443 2754 prophetiam
3498 2686 3856 2757 Davidicam,
3909 2705 4007 2744 oc-

2354 2772 2589 2826 casione
2647 2775 2883 2841 sumpta
2929 2787 2999 2825 ex
3041 2771 3298 2826 surculis
3358 2773 3435 2828 ab
3478 2773 3649 2830 olivis
3707 2775 4001 2847 decerptis

2355 2864 2406 2914 et
2450 2858 2509 2912 in
2551 2859 2703 2913 viam
2750 2858 2974 2925 stratis,
3031 2859 3355 2915 clamantes
3407 2864 3667 2927 Hosana,
3712 2863 3774 2918 id
3839 2867 4004 2937 quod

2355 2947 2610 3002 clamare
2691 2953 3122 3002 consueverant
3204 2949 3259 3002 in
3343 2949 3712 3005 solemnitate
3792 2955 4002 3008 Ramo-

2355 3051 2506 3090 rum.
2551 3035 2648 3089 His
2682 3034 2882 3106 itaque
2912 3036 3230 3105 praemissis
3261 3037 3868 3095 animadvertendum
3895 3047 4002 3108 est,

2286 3123 2516 3217 Cquod
2577 3137 2736 3178 anno
2804 3139 2926 3193 quo
2994 3139 3210 3195 passus
3277 3130 3364 3179 est
3415 3124 3682 3181 Christus
3753 3129 4006 3183 occurrit

2357 3210 2553 3281 prima
2582 3211 2925 3276 Neomenia,
2947 3211 3066 3265 sive
3097 3212 3437 3281 conjunctio
3465 3213 3852 3270 luminarium
3874 3232 4005 3287 pro-

2355 3299 2521 3354 xima
2534 3299 2890 3370 aequinoctio
2906 3299 3128 3354 vernali
3141 3300 3466 3355 secundum
3485 3302 3747 3358 medium
3763 3319 4005 3360 cursum

2360 3388 2500 3443 solis
2519 3395 2574 3442 et
2587 3387 2774 3456 lunaej
2787 3393 2926 3442 uxta
2940 3404 3140 3444 veram
3156 3393 3210 3443 et
3232 3394 3501 3444 exactam
3520 3393 4000 3462 supputationem

2359 3475 2853 3548 peritissimorum
2872 3477 3379 3540 llebraaorum,die
3392 3479 3598 3550 quinto
3615 3480 4006 3536 hebdomadte

2358 3569 2492 3635 post
2517 3563 2812 3618 decimam
2837 3579 3058 3618 nonam
3078 3565 3193 3618 diei
3220 3565 3453 3629 horam,
3488 3583 3624 3621 cum
3651 3568 3878 3638 aliquot
3895 3569 4003 3624 mi-

2359 3653 2515 3707 nutis
2543 3669 2554 3705 :
2589 3657 2644 3706 et
2674 3651 2755 3706 ita
2777 3651 2948 3723 juxta
2976 3653 3262 3723 praedicta
3291 3659 3413 3709 erat
3442 3657 3716 3727 sequenti
3741 3657 3835 3712 die
3888 3673 4006 3712 ser-

2361 3740 2579 3796 vanda.
2601 3741 2712 3795 Sed
2738 3741 2898 3811 quia,
2921 3747 3087 3796 sexto
3107 3741 3223 3809 die,
3245 3743 3545 3798 utdictum
3559 3750 3668 3811 est,
3693 3761 4003 3816 nunquam

2360 3831 2731 3895 servabatur,
2759 3829 2973 3884 idcirco
3003 3830 3191 3885 Judaei
3223 3847 3293 3886 eo
3346 3847 3506 3888 anno
3537 3835 3858 3891 servabant
3888 3836 4007 3907 pri-

2364 3936 2528 3974 mum
2555 3919 2700 3973 illud
2715 3917 3083 3973 novilunium
3111 3919 3205 3974 die
3225 3920 3495 3976 Sabbati:
3532 3928 3591 3978 et
3614 3923 3698 3978 ita
3735 3923 4007 3980 decimus

2361 4007 2746 4078 quintusdies
2759 4007 3018 4075 ejusdem
3034 4009 3273 4073 mensis,
3301 4025 3424 4080 quo
3441 4012 3789 4068 occurrebat
3802 4012 4008 4067 festum

2364 4100 2734 4166 Azymorum,
2774 4096 2944 4164 juxta
2970 4096 3312 4152 Judaeorum
3347 4099 3784 4156 observantiam
3831 4102 4013 4157 etiam

2363 4189 2487 4238 erat
2507 4183 2630 4237 dies
2665 4183 2938 4238 Sabbati:
2983 4185 3242 4257 ideoque
3275 4192 3517 4258 propter
3548 4190 3806 4244 duorum
3839 4190 4015 4246 festo-

2364 4287 2496 4324 rum
2523 4270 2993 4340 concursum,de
3027 4271 3125 4327 illo
3166 4273 3309 4328 dicit
3337 4274 3596 4330 Joannes
3635 4276 3816 4347 (Joan.
3853 4279 4012 4350 x1x);

2364 4358 2525 4429 quod
2559 4364 2686 4414 erat
2715 4375 2960 4428 magnus
2979 4359 3096 4416 dies
3129 4362 3234 4418 ille
3251 4362 3507 4431 Sabbati,
3532 4369 3594 4419 ut
3635 4365 3813 4421 etiam
3845 4367 3924 4422 ad
3945 4383 4018 4423 ea

2364 4447 2729 4502 verbahabet
2744 4454 2950 4504 auctor
2961 4456 3182 4505 noster.
3200 4450 3458 4506 Christus
3473 4469 3611 4508 vero
3624 4457 4021 4528 servavitqui-

2364 4536 2493 4591 dem
2525 4538 2906 4592 Neomeniam
2934 4544 3096 4593 sexto
3122 4538 3522 4596 hebdomadm
3543 4541 3665 4598 die:
3689 4559 3828 4599 cum
3855 4544 4017 4600 enim

2365 4631 2499 4698 post
2516 4624 2807 4681 decimam
2824 4641 3049 4682 nonam
3069 4627 3280 4683 horam
3299 4630 3652 4687 occurrisset
3667 4633 3860 4704 quinti
3875 4633 4014 4699 diei,

2362 4714 2790 4771 rationabiliter
2805 4716 3094 4771 utdictum
3111 4721 3218 4780 est,
3254 4719 3450 4786 magis
3470 4720 3754 4790 pertinere
3765 4722 4014 4778 videba—

2365 4809 2458 4860 tur
2485 4804 2565 4860 ad
2595 4805 2754 4860 diem
2782 4812 3147 4874 sequentem.
3170 4807 3386 4862 Verum
3408 4823 3445 4863 a
3464 4814 3628 4864 sexto
3646 4809 3741 4865 die
3763 4812 3840 4866 ad
3873 4811 4013 4868 Sab-

2363 4893 2570 4950 batum
2603 4891 2976 4948 cumJudaeis
3003 4893 3314 4950 transferre
3333 4896 3540 4952 noluit.
3566 4899 3716 4953 Nam
3735 4898 3849 4954 hoc
3881 4915 4013 4971 pro-

2365 4986 2494 5054 pter
2521 4981 2668 5035 festa
2700 4981 2954 5052 septimo
2985 4999 3196 5038 mense
3237 4983 3435 5040 futura
3464 4986 3763 5042 faciebant
3802 4988 4012 5056 Judaei,

2368 5074 2427 5124 ut
2457 5070 2812 5140 praedictum
2845 5075 2958 5136 est;
2992 5071 3256 5126 Christus
3287 5081 3488 5129 autem
3535 5083 3798 5144 noverat,
3846 5079 4017 5148 quod

2365 5173 2470 5229 per
2493 5173 2666 5211 suam
2687 5156 3192 5231 Passionemquze
3211 5160 3487 5228 instabat,
3511 5169 3765 5220 cessaret
3785 5165 4018 5236 obliga-

2365 5248 2444 5300 tio
2477 5248 2842 5316 sequentium
2872 5247 3105 5303 illorum
3162 5249 3470 5318 festorum,
3505 5252 3657 5308 sicut
3703 5259 3760 5308 et
3797 5261 4020 5312 caetera

2365 5335 2509 5404 legis
2529 5335 2989 5392 caeremonialia.
3018 5338 3252 5409 PrOpter
3278 5339 3388 5395 hoc
3415 5341 3634 5414 itaque,
3664 5342 3844 5399 etiam
3870 5346 4019 5416 quia

2363 5423 2626 5495 sequenti
2662 5424 2756 5479 die
2785 5426 3106 5481 moriturus
3129 5427 3556 5495 eratChristus,
3592 5431 3855 5504 typicum
3887 5435 4016 5503 qui-

2362 5514 2500 5568 dem
2533 5529 2753 5583 agnum
2780 5530 2920 5569 vera
2951 5523 3002 5569 et
3033 5515 3300 5587 legitima
3323 5519 3556 5574 decima
3604 5525 3814 5590 quarta
3843 5521 4011 5589 luna,

2359 5602 2726 5673 quaefuitdie
2765 5604 2994 5674 quinto,
3040 5606 3325 5671 comedit;
3355 5615 3568 5679 quarta
3609 5610 3844 5667 decima
3870 5627 4016 5668 vero
