4166 6314
218 265 291 318 49
1732 262 2133 319 PR/EF'ATIO.

3576 273 3648 327 50

212 389 351 443 luna
360 388 537 457 juxta
555 389 807 441 veterem
822 385 1191 441 Hebraeorum
1208 388 1682 443 numerationem
1696 388 1873 443 etiam
1904 389 1949 442 A
1981 393 2109 445 rent
2130 389 2316 445 Exod.
2333 390 2455 461 xu),
2475 395 2531 446 et
2549 407 2667 447 non
2690 392 3106 449 fermentatum
3130 410 3343 465 panem
3363 399 3420 450 et
3443 398 3639 451 tamen

208 476 499 545 legitima,
544 476 602 529 in
642 475 808 545 cujus
844 488 1090 545 vespera
1124 475 1317 531 Judaei
1352 478 1617 548 typicum
1649 491 1873 544 agnum

213 568 380 620 erant
404 564 792 626 immolaturi,
809 565 928 636 ipse
948 580 1121 619 verus
1141 566 1341 635 Agnus
1378 565 1867 621 fuitimmolatus:

211 657 266 707 et
294 654 378 707 ita
417 652 639 707 veritas
669 652 1217 723 responditﬂgut‘ae.
1249 653 1465 709 Horum
1497 660 1695 709 autem
1735 668 1869 709 cau-

206 757 356 804 sam,
402 747 469 795 ut
515 741 827 796 verisimile
856 746 966 808 est,
996 742 1189 796 solum
1222 742 1587 797 iudicaverat
1638 741 1874 812 patrifa-

206 830 407 885 milias
432 830 498 884 in
516 831 688 899 cujus
709 830 941 885 aedibus
972 831 1198 902 pascha
1225 832 1453 896 edebat,
1478 836 1533 885 et
1557 832 1697 902 ipsis
1727 830 1874 886 duo-

206 918 406 973 decim
429 918 1023 990 discipulis,quorum
1046 919 1203 991 (Luc.
1226 924 1372 990 xxn)
1400 926 1599 976 Petrus
1622 925 1677 976 et
1700 922 1873 975 Joan-

202 1023 316 1062 nes
350 1023 427 1063 ex
446 1008 620 1077 jussu
645 1007 852 1063 Christi
885 1010 1215 1065 necessaria
1250 1014 1625 1081 paraverant,
1659 1024 1872 1081 nempe

204 1096 481 1152 lactucas
500 1102 759 1164 agrestes
772 1101 827 1151 et
841 1097 1087 1153 baculos
1104 1114 1116 1152 :
1134 1114 1273 1153 nam
1291 1114 1478 1167 agnus
1492 1100 1614 1169 ipse
1637 1098 1871 1153 decimo

208 1184 307 1239 die
350 1184 576 1239 mensis
614 1184 941 1256 parabatur
993 1204 1004 1241 :
1060 1202 1245 1257 panes
1281 1202 1514 1258 quoque
1556 1186 1765 1259 azymi,
1811 1190 1871 1240 ut

207 1274 539 1329 verisimile
569 1279 651 1329 est
666 1275 880 1345 (Exod.
903 1280 1008 1345 xu)
1031 1276 1404 1346 aliquotante
1438 1275 1669 1339 diebus,
1696 1277 1871 1346 juxta

206 1362 1067 1433 familiarummagnitndinem
1084 1364 1260 1435 parati
1292 1370 1461 1420 erant
1480 1384 1495 1435 ;
1513 1365 1706 1436 itaque
1733 1366 1869 1420 nul-

205 1451 299 1507 lus
314 1467 387 1506 ex
398 1452 519 1506 hoc
532 1469 750 1522 passus
762 1456 849 1508 est
861 1451 1499 1524 oﬂ‘endiculum,neque
1513 1454 1590 1509 ob
1604 1454 1660 1508 id
1675 1470 1868 1509 coram

207 1541 405 1612 judice
429 1542 623 1613 potuit
650 1542 937 1597 accusari.

283 1630 436 1695 Quin
487 1635 545 1684 et
589 1629 975 1686 Tertullianus
1022 1631 1261 1686 Latinus
1308 1638 1515 1687 auctor
1563 1633 1867 1702 proximus

1980 477 2147 533 illam
2170 478 2610 536 immunditiam
2640 481 2971 539 levissimas
3009 483 3084 537 ob
3098 500 3308 540 causas
3334 485 3645 540 contrahe-

1980 566 2147 622 bant

2054 656 2223 722 Quod
2253 663 2451 715 autem
2491 661 2655 715 aiunt
2697 661 2984 727 nonnulli,
3026 662 3261 717 Judseos
3301 663 3640 734 praeceden-

1985 746 2021 800 ti
2052 745 2146 800 die
2196 752 2520 817 occupatos
2552 749 2707 804 circa
2759 749 3119 819 capiendum
3171 751 3481 813 Christum,
3540 768 3639 807 ne-

1984 833 2232 902 glexisse
2271 850 2498 903 agnum
2537 837 2710 893 edere
2740 837 3107 909 paschalem,
3134 844 3188 894 et
3212 840 3377 910 quod
3415 840 3637 896 idcirco

1982 926 2153 977 nocte
2185 924 2451 995 sequenti
2482 925 2648 981 illum
2675 930 2872 981 essent
2901 928 3238 991 comestnri,
3267 943 3388 983 non
3410 929 3475 984 ﬁt
3491 930 3639 985 veri-

1982 1011 2189 1065 simile.
2226 1013 2531 1083 Siquidem
2561 1014 2742 1070 etiam
2766 1015 2845 1069 illi
2870 1016 2973 1088 qui
2995 1015 3254 1085 legitimo
3285 1016 3637 1073 tenebantur

1980 1099 2407 1170 impedimento
2427 1102 2661 1158 decimo
2682 1108 2893 1174 quarto
2914 1104 3005 1158 die
3038 1104 3209 1175 primi
3242 1104 3479 1169 mensis,
3512 1121 3635 1161 non

1978 1192 2251 1259 poterant
2281 1191 2547 1261 sequenti
2582 1191 2675 1247 die
2706 1207 2815 1263 pro
2840 1191 3006 1247 libito
3039 1208 3263 1263 agnum
3296 1192 3469 1249 edere
3497 1210 3637 1266 pas-

1978 1276 2227 1341 chalem,
2266 1278 2370 1332 sed
2401 1280 2701 1350 sequentis
2732 1281 2956 1336 mensis
2988 1282 3082 1335 die
3108 1281 3373 1337 similiter
3401 1283 3632 1339 decimo

1978 1368 2192 1437 quarto
2218 1366 2290 1420 ad
2324 1382 2651 1438 vesperam,
2692 1374 2755 1424 ut
2783 1369 3036 1425 habetur
3075 1370 3314 1425 Numeri
3343 1387 3400 1424 χ.
3432 1371 3635 1443 Itaque

1978 1453 2073 1508 die
2096 1453 2392 1509 Passionis
2408 1456 2614 1511 Christi
2635 1473 2762 1513 cum
2782 1458 3056 1514 nondum
3077 1459 3351 1515 inchoata
3367 1465 3520 1515 esset
3544 1476 3635 1516 so-

1978 1542 2253 1599 lemnitas
2281 1545 2580 1601 Paschalis
2620 1551 2719 1603 aut
2765 1550 3145 1619 Azymorum,
3183 1549 3353 1619 juxta
3379 1554 3637 1606 veterem

1977 1632 2315 1687 Iudaeorum
2346 1633 2808 1701 observantiam,
2842 1637 3059 1693 licebat
3082 1638 3168 1692 eis
3192 1654 3379 1710 usque
3400 1639 3478 1694 ad
3495 1638 3633 1694 solis

214 1717 633 1790 apostolorum
685 1721 1068 1789 temporibus,
1110 1719 1183 1775 de
1204 1720 1296 1775 die
1330 1720 1618 1775 Passionis
1662 1722 1868 1777 Christi
1902 1736 1945 1789 Β
1982 1737 2265 1776 occasum
2297 1722 2604 1791 judicialia
2631 1739 3239 1792 exercere,accusare,
3264 1730 3437 1782 testes
3466 1727 3633 1782 adhi-

210 1809 285 1862 ita
338 1808 607 1878 loquitur
675 1808 732 1862 in
799 1809 1179 1877 Apologetz’co
1264 1810 1542 1865 adversus
1607 1811 1866 1866 Judaeos.

214 1919 238 1947 ‹‹
263 1898 405 1961 Quae
448 1896 661 1951 Passio
684 1896 837 1951 intra
863 1898 1131 1967 tempora
1153 1898 1530 1968 septuaginta
1560 1898 1872 1953 hebdoma-

208 1987 420 2041 darum
473 1984 741 2056 perfecta
795 1988 899 2047 est,
957 1985 1064 2038 sub
1118 1985 1345 2041 Tiberio
1404 1988 1651 2051 Caesare,
1716 2003 1866 2042 coss.

212 2073 477 2129 Rubellio
504 2072 758 2128 Gemino
788 2077 841 2128 et
873 2072 1024 2127 Rufo
1069 2073 1338 2137 Gemino,
1394 2090 1599 2130 mense
1644 2076 1869 2142 Martio,

208 2164 584 2234 temporibus
616 2162 870 2227 Paschae,
903 2161 997 2216 die
1027 2167 1239 2218 octavo
1268 2163 1666 2219 Kalendarum
1709 2164 1871 2235 Apri-

208 2252 371 2319 lium,
400 2252 500 2306 die
543 2251 735 2321 primo
772 2256 1147 2321 Azymorum,
1172 2268 1288 2321 quo
1307 2268 1525 2320 agnum
1554 2256 1609 2306 ut
1640 2252 1868 2307 occide-

208 2346 337 2395 rent
392 2339 475 2396 ad
530 2354 868 2410 vesperam,
920 2355 956 2393 a
1022 2340 1176 2394 Mose
1228 2339 1419 2395 fuerat
1484 2347 1867 2412 praeceptum.

214 2431 412 2499 Neque
443 2429 607 2483 enim
635 2428 714 2482 ob
758 2427 819 2482 id
869 2428 979 2482 dici
1013 2432 1197 2498 potest
1234 2430 1429 2498 primo
1482 2429 1577 2483 die
1620 2434 1871 2501 Azymo-

213 2533 340 2572 rum
392 2523 692 2581 mortuus,
748 2516 919 2586 juxta
952 2516 1230 2587 praedicta
1286 2517 1622 2575 Tertulliani
1668 2519 1866 2583 verba,

217 2606 378 2677 quod
408 2621 480 2662 ea
523 2609 702 2661 nocte
748 2607 958 2676 captus
1001 2605 1189 2660 fuerit.
1253 2606 1552 2677 Siquidem
1597 2607 1868 2661 omnium

220 2693 552 2748 testimonio
581 2692 641 2746 in
669 2707 840 2746 cruce
873 2695 927 2746 et
959 2708 1075 2746 non
1106 2692 1165 2747 in
1206 2694 1734 2764 comprehensione
1767 2694 1872 2749 fuit

216 2787 416 2838 nostra
444 2782 795 2853 redemptio.
826 2785 892 2837 Et
915 2782 1123 2853 procul
1150 2784 1324 2837 dubio
1344 2784 1544 2839 divina
1572 2785 1629 2838 id
1668 2789 1870 2839 aetum

217 2876 305 2926 est
358 2871 751 2936 Providentia,
802 2871 966 2942 quod
1021 2887 1090 2927 eo
1139 2887 1298 2927 anno
1362 2872 1583 2943 duplex
1634 2874 1871 2928 deelma

218 2964 433 3029 quarta
462 2958 597 3015 luna
635 2959 997 3022 occurrebat,
1026 2964 1090 3014 ut
1120 2959 1371 3015 diversis
1394 2960 1782 3031 respectibus,
1815 2966 1870 3017 et

216 3047 351 3102 hinc
382 3048 501 3102 veri
563 3047 703 3116 agni
742 3047 1074 3102 immolatio
1124 3048 1322 3120 typico
1363 3049 1761 3119 responderet,
1815 3054 1871 3104 et
1901 3076 1940 3131 ρ

211 3135 368 3191 illinc
388 3136 651 3192 Christus
692 3138 767 3191 ad
789 3136 965 3190 finem
1001 3152 1189 3207 usque
1220 3138 1350 3192 vitae
1370 3136 1563 3205 legem
1587 3142 1863 3203 servaret,

210 3224 467 3280 uthabet
498 3225 676 3281 etiam
720 3227 945 3280 Graecus
974 3224 1457 3295 Chrysostomus,
1491 3240 1559 3280 ac
1600 3227 1867 3295 typicum

206 3328 424 3381 agnum
454 3329 595 3367 vera
614 3318 670 3367 et
692 3312 956 3381 legitima
987 3313 1218 3367 decima
1238 3320 1452 3383 quarta
1485 3313 1621 3367 luna
1652 3312 1864 3375 ederet,

206 3401 352 3456 sicut
380 3418 519 3456 eum
555 3401 747 3456 edisse
780 3400 917 3456 dicit
944 3402 1356 3471 Hieronymus.
1387 3403 1446 3456 Et
1474 3402 1547 3455 de
1572 3401 1685 3455 hac
1713 3401 1864 3455 deci-

210 3505 302 3545 ma
338 3498 557 3561 quarta
606 3489 768 3552 luna,
806 3490 976 3558 juxta
1008 3489 1215 3544 Christi
1272 3489 1748 3545 numerationem
1787 3492 1868 3543 lo-

207 3584 464 3649 quuntur
502 3578 754 3634 indubie
782 3578 1109 3645 Matthaeus,
1148 3579 1373 3632 Marcus
1404 3583 1459 3632 et
1488 3579 1694 3644 Lucas,
1729 3594 1867 3633 cum

211 3667 365 3721 aiunt
385 3667 567 3721 fuisse
597 3667 855 3737 primum
890 3666 1048 3720 diem
1076 3671 1457 3735 Azymorum.
1482 3666 1629 3721 Nam
1652 3665 1865 3720 cumhi

209 3760 319 3810 tres
358 3756 747 3827 evangelista:
790 3770 1074 3824 magnam
1125 3754 1384 3809 facerent
1440 3754 1620 3822 hujus
1676 3769 1865 3807 coenae

211 3845 588 3909 mentionem,
618 3850 673 3899 et
695 3844 1155 3899 consecrationis
1172 3843 1565 3906 Eucharistiae,
1597 3841 1866 3895 ostende-

210 3938 339 3988 runt
389 3932 692 3989 Christum
734 3933 911 3987 etiam
952 3934 1013 3987 in
1066 3932 1182 3987 hoc
1236 3931 1428 4001 legem
1494 3931 1864 3996 observasse,

210 4036 415 4094 nempe
446 4024 628 4093 juxta
668 4037 867 4077 veram
896 4022 1085 4092 ipsius
1121 4019 1605 4091 supputationem
1640 4023 1699 4073 ut
1722 4034 1865 4088 prae—

211 4109 456 4166 diximus
478 4111 843 4182 (Joan.xui).
863 4111 1122 4166 Joannes
1141 4124 1283 4165 vero
1302 4108 1407 4180 qui
1423 4108 1496 4162 de
1516 4123 1709 4174 coena,
1740 4112 1864 4161 tan-

211 4214 387 4269 quam
413 4201 490 4256 ab
520 4199 654 4255 aliis
677 4199 851 4254 latius
874 4203 1142 4265 tractata,
1183 4198 1361 4253 unico
1396 4196 1577 4251 verbo
1606 4195 1863 4251 absolvit

209 4287 448 4345 dicendo
482 4309 495 4348 :
531 4288 714 4345 Cazna
741 4286 1115 4358 facta,aliam
1144 4288 1313 4357 juxta
1347 4292 1606 4341 veterem
1634 4284 1863 4339 Judaeu-

211 4392 332 4432 rum
349 4377 798 4434 observantiam
821 4376 1121 4432 decimam
1145 4379 1421 4447 quartam
1438 4374 1643 4428 lunam
1671 4374 1861 4428 consi-

209 4467 426 4522 deravit
458 4485 471 4535 ;
508 4465 595 4521 ad
624 4464 1063 4521 excludendum
1096 4480 1377 4528 errorem,
1425 4463 1527 4535 qui
1567 4461 1859 4517 nonnullis

210 4553 340 4608 oriri
362 4556 654 4627 potuisset
691 4569 763 4608 ex
814 4552 946 4608 aliis
987 4551 1386 4621 evangelistis,
1438 4566 1648 4620 nempe
1699 4549 1860 4619 quod

209 4642 414 4699 veritas
439 4659 566 4699 non
599 4642 975 4712 responderet
998 4641 1205 4711 ﬁguris
1236 4639 1296 4693 in
1327 4639 1449 4694 veri
1485 4639 1621 4707 agni
1645 4638 1861 4692 immo-

208 4729 440 4789 latione.
480 4735 551 4787 Et
584 4731 717 4787 ideo
754 4731 893 4787 dicit
924 4729 1121 4802 (Joan.
1166 4744 1283 4795 x1x,
1309 4730 1398 4798 14)
1435 4728 1599 4800 quod
1626 4727 1718 4781 die
1740 4742 1861 4797 quo

170 4882 177 4887 1
210 4825 461 4876 mortuus
524 4825 616 4876 est
655 4820 919 4876 Christus
945 4824 1071 4875 erat
1120 4833 1446 4888 parasceve
1487 4815 1753 4878 Paschae,
1807 4819 1865 4869 et

211 4910 363 4979 quod
392 4926 519 4965 non
549 4909 899 4965 introierunt
922 4908 983 4963 in
1018 4906 1358 4979 praetorium
1386 4920 1460 4961 ne
1502 4904 1864 4960 contamina-

212 5002 416 5064 rentur,
446 4998 556 5054 sed
584 5002 650 5052 ut
678 4998 919 5052 ederent
962 4995 1186 5067 pascha
1219 5014 1230 5053 :
1267 4995 1365 5049 ubi
1410 4993 1588 5048 dictio
1634 4993 1867 5048 Pascha

216 5100 587 5159 nequaquam
618 5102 727 5157 pro
759 5086 980 5156 azymis
1010 5084 1142 5154 capi
1160 5088 1366 5154 potest,
1405 5088 1463 5137 ut
1486 5080 1737 5152 quidam
1766 5096 1865 5135 vo-

218 5172 351 5239 lunt,
381 5182 506 5231 tum
537 5174 703 5248 quod
720 5190 1019 5246 nusquam
1053 5172 1194 5228 alibi
1220 5174 1301 5226 ita
1330 5172 1603 5242 capiatur
1627 5172 1688 5224 in
1724 5172 1869 5224 Scri-

220 5265 409 5331 pturis,
441 5269 564 5320 tum
591 5263 752 5335 quod
769 5263 843 5318 ad
867 5261 1102 5317 edenda
1132 5276 1343 5331 azyma
1378 5275 1680 5331 nusquam
1711 5259 1870 5313 diea-

222 5352 519 5423 turrequiri
538 5370 550 5417 ;
568 5368 758 5424 neque
774 5350 1083 5407 verisimile
1104 5350 1316 5403 sitesse
1342 5363 1603 5410 necesse,
1626 5353 1683 5401 ut
1700 5363 1869 5401 mun-

226 5436 277 5492 di
304 5440 434 5505 sint,
467 5458 604 5497 cum
623 5457 801 5513 paena
816 5440 1018 5496 mortis
1044 5438 1349 5502 intentata,
1372 5440 1603 5507 septem
1630 5436 1872 5505 integris

229 5525 417 5584 diebus
442 5530 813 5587 naturalibus
845 5531 1263 5601 praeciperetur
1295 5526 1377 5581 eis
1406 5530 1473 5580 ut
1511 5541 1722 5595 azyma
1744 5524 1874 5579 ede'

1982 1811 2119 1865 bere
2148 1816 2202 1865 et
2232 1810 2594 1875 examinare,
2630 1814 2985 1869 sententiam
3009 1813 3179 1883 ferre,
3214 1815 3513 1870 Simonem
3538 1830 3633 1870 co-

1983 1913 2119 1966 gere
2151 1902 2213 1953 ut
2241 1914 2479 1953 crucem
2520 1900 2764 1965 tolleret,
2799 1901 3059 1971 sepelire,
3108 1908 3369 1956 aromata
3406 1918 3637 1973 praepa-

1982 2000 2132 2049 rare,
2150 1985 2386 2057 aliaque
2403 1985 2661 2057 plurima
2676 2002 2872 2057 agere,
2886 2004 3021 2060 quae
3046 1988 3233 2043 Judaei
3253 2004 3636 2061 nequaquam

1984 2074 2272 2139 fecissent,
2309 2075 2358 2129 si
2378 2074 2677 2131 decimam
2693 2075 2971 2148 quintam
3000 2076 3205 2132 lunam
3232 2081 3288 2132 et
3319 2077 3401 2133 ita
3419 2077 3635 2132 festum

1983 2163 2225 2218 Paschae
2266 2167 2321 2217 et
2366 2163 2724 2233 Azymorum
2772 2179 2842 2219 eo
2887 2164 2981 2219 die
3033 2164 3453 2233 celebrassent,
3497 2182 3635 2220 cum

1982 2252 2140 2307 facta
2172 2268 2283 2305 sua
2298 2252 2601 2322 perlegem
2624 2252 2949 2307 Mosaicam
2965 2252 3293 2323 justificare
3316 2252 3639 2309 niterentur

1983 2340 2245 2395 dicentes
2280 2341 2433 2394 :Nos
2467 2342 2641 2409 legem
2671 2341 2959 2409 habemus,
2991 2347 3125 2409 etc.,
3155 2345 3211 2396 et
3254 2342 3516 2397 maxime
3545 2343 3635 2397 Jo-

1981 2428 2128 2500 seph
2156 2428 2233 2483 ab
2257 2429 2602 2483 Arimathea
2628 2429 2713 2482 vir
2743 2429 2936 2483 bonus
2964 2445 3029 2483 ac
3055 2430 3251 2499 justus
3297 2433 3353 2484 et
3399 2430 3639 2485 Nicode-

1984 2534 2108 2571 mus
2141 2516 2242 2588 qui
2258 2514 2578 2570 Dominum
2598 2516 2978 2587 sepelierunt,
3002 2515 3103 2589 qui
3117 2520 3357 2589 propter
3373 2520 3639 2573 Parasce-

1983 2621 2094 2660 ven
2114 2605 2480 2668 Iudaeorum,
2512 2605 2656 2676 quia
2686 2621 2872 2677 prope
2912 2610 3524 2672 eratmonumentum,
3554 2608 3637 2663 ibi

1984 2699 2305 2765 posuerunt
2333 2693 2557 2758 Jesum,
2588 2693 2667 2749 ait
2696 2696 2955 2749 Joannes
2978 2693 3207 2750 decimo
3234 2695 3444 2767 capite.
3471 2695 3640 2751 Circa

1981 2800 2115 2855 quae
2143 2783 2326 2837 verba
2364 2782 2540 2837 habet
2579 2783 2945 2852 Augustinus
2987 2800 2999 2836 :
3035 2784 3473 2840 «Acceleratam
3515 2784 3641 2839 vult

1982 2871 2223 2940 intelligi
2257 2870 2645 2941 sepulturam,
2679 2886 2753 2926 ne
2782 2871 3318 2942 advesperasceret,
3343 2888 3481 2927 cum
3508 2873 3634 2942 jam

1982 2960 2210 3031 aliquid
2230 2961 2342 3014 tale
2356 2975 2471 3014 non
2485 2960 2685 3014 liceret
2697 2964 2937 3031 propter
2949 2975 3309 3032 parasceven
3325 2976 3510 3031 quam
3529 2976 3637 3015 cte—

1982 3066 2122 3104 nam
2140 3064 2354 3120 puram
2367 3048 2767 3104 JudaeiLatine
2788 3048 3057 3103 usitatius
3076 3051 3235 3120 apud
3268 3064 3378 3104 nos
3398 3053 3630 3104 vocant.

1978 3138 2179 3209 Neque
2209 3136 2369 3191 enim
2399 3136 2593 3203 authi,
2618 3142 2716 3192 aut
2746 3137 2857 3209 piae
2876 3136 2990 3192 illa:
3022 3137 3295 3193 mulieres
3321 3136 3515 3192 adhuc
3541 3153 3636 3193 co-

1979 3225 2622 3295 gnoverantcessarein
2635 3224 2841 3280 Christi
2859 3230 3044 3280 morte
3057 3224 3636 3294 legalia.Demum,ut

1978 3313 2210 3383 epilogo
2226 3312 2677 3376 concludamus,
2714 3312 2976 3367 Christus
3007 3328 3184 3367 suum
3218 3314 3448 3369 Pascha
3465 3314 3635 3385 juxta

1976 3401 2123 3471 legis
2155 3401 2420 3455 Mosaicae
2448 3405 2714 3455 tenorem
2740 3400 3070 3463 celebravit,
3094 3400 3285 3455 Judaei
3308 3406 3510 3455 autem
3536 3400 3633 3455 die

1978 3489 2246 3561 sequenti
2260 3490 2429 3560 juxta
2443 3489 2683 3543 Patrum
2704 3489 3081 3556 traditiones;
3102 3488 3322 3561 quippe
3352 3489 3453 3560 qui
3476 3488 3633 3559 lega-

1974 3577 2027 3633 le
2059 3583 2417 3649 praeceptum
2449 3578 2522 3632 de
2543 3578 2776 3632 Paschae
2804 3577 3220 3633 observatione
3248 3578 3361 3632 hac
3384 3593 3497 3633 sua
3522 3582 3632 3632 tra-

1977 3667 2196 3722 ditione
2230 3671 2633 3736 corruperunt.
2676 3681 2859 3737 quam
2899 3666 3073 3721 refert
3118 3665 3631 3735 historiographus

1976 3771 2184 3809 eorum
2215 3754 2396 3808 Sedar
2414 3754 2582 3809 Olam
2607 3770 2620 3817 ;
2644 3754 2813 3822 cujus
2842 3752 3195 3817 traditionis,
3224 3754 3440 3808 relictis
3471 3770 3633 3808 com-

1977 3843 2177 3914 pendii
2208 3841 2396 3909 gratia
2421 3840 2712 3894 Hebraicis
2732 3839 2855 3897 haec
2879 3844 3017 3893 sunt
3041 3840 3222 3894 verba
3255 3856 3267 3893 :
3297 3841 3387 3895 Sic
3419 3844 3631 3896 statue-

1976 3933 2115 3985 runt
2142 3929 2405 3999 magistri
2429 3927 2609 3982 nostri
2638 3926 2869 3998 judices
2901 3926 3235 3982 Sanhedrin
3262 3928 3464 3995 magni
3513 3943 3627 3983 no-

1979 4018 2147 4074 minis
2188 4018 2239 4071 in
2269 4015 2506 4071 saeculo.
2546 4016 2611 4070 In
2641 4016 2823 4070 domo
2855 4014 3171 4071 sanctuarii
3206 4015 3467 4071 secunda
3494 4031 3629 4071 cum

1974 4112 2272 4163 exstructa
2294 4110 2450 4160 esset
2468 4110 2522 4159 et
2538 4108 3112 4169 consummata,tunc
3127 4104 3400 4175 apparuit
3416 4104 3630 4159 solium

1971 4198 2216 4266 igneum
2259 4194 2768 4265 perfectissimum,
2813 4209 2990 4263 super
3040 4192 3199 4263 quod
3231 4192 3472 4247 sedebat
3506 4192 3628 4247 Rex

1972 4284 2182 4340 mundi
2212 4282 2484 4337 sublimis
2518 4281 2689 4336 valde
2708 4288 2873 4335 stans
2904 4281 3054 4335 inter
3080 4280 3372 4351 pus-ticum
3407 4300 3418 4335 :
3454 4285 3509 4334 et
3535 4297 3627 4336 ac-

1971 4377 2245 4443 ceperunt
2265 4387 2571 4438 coronam,
2589 4369 3118 4441 appenderuntque
3143 4368 3398 4438 sigillum
3429 4384 3630 4423 recon-

1969 4462 2252 4527 ditum,et
2269 4468 2605 4523 sanxerunt,
2630 4458 3171 4528 ordinaveruntque
3204 4460 3479 4511 statutum
3504 4473 3629 4527 per—

1968 4555 2214 4621 petuum
2251 4564 2263 4603 :
2310 4554 2365 4601 et
2403 4546 2682 4601 traditum
2720 4550 2810 4600 est
2843 4546 2899 4599 in
2934 4561 3118 4600 manu
3176 4543 3362 4599 Rabbi
3397 4545 3627 4609 Eliezer,

1968 4639 2073 4710 qui
2102 4636 2342 4708 reliquis
2385 4635 2669 4691 omnibus
2697 4634 2875 4703 major
2904 4638 3030 4688 erat
3086 4650 3098 4686 :
3133 4637 3186 4686 et
3240 4633 3286 4685 is
3335 4632 3630 4687 ordinavit

1970 4726 2128 4779 diem
2191 4723 2437 4778 sortium
2494 4737 2616 4776 non
2683 4720 2985 4775 observari
3045 4719 3331 4785 secundo,
3391 4722 3626 4790 quarto,

1973 4813 2229 4885 septimo
2258 4808 2657 4865 hebdomadae
2690 4808 2817 4863 die:
2850 4823 3044 4879 neque
3079 4807 3299 4861 Pascha
3355 4805 3629 4868 secundo,

1972 4907 2185 4973 quarto
2232 4904 2394 4953 sexto
2448 4914 2461 4951 :
2524 4912 2717 4968 neque
2787 4895 2948 4948 diem
3034 4893 3394 4947 Retentionis
3462 4893 3632 4947 tertio

1975 4990 2205 5061 quinto,
2235 4986 2522 5059 septimo:
2556 4998 2751 5055 neque
2775 4981 3133 5053 principium
3166 4982 3307 5036 anni
3346 4980 3631 5046 secundo,

1976 5084 2209 5150 quarto,
2227 5078 2390 5130 sexto
2412 5092 2424 5128 :
2447 5089 2640 5144 neque
2659 5071 2817 5126 diem
2834 5070 3192 5142 Expiationis
3209 5071 3424 5141 primo,
3442 5068 3632 5133 tertio,

1979 5165 2221 5220 sextoin
2251 5168 2561 5217 aeternum.
2591 5160 2741 5225 Haec,
2772 5160 2819 5214 si
2845 5159 2939 5215 cui
2966 5159 3211 5229 placeat,
3232 5159 3405 5213 latius
3434 5157 3635 5213 videre

1980 5254 2198 5326 poterit
2235 5252 2295 5307 in
2329 5252 2508 5306 Paulo
2546 5250 2822 5321 Burgensi
2880 5264 3059 5320 super
3108 5249 3462 5310 Matthaaum,
3498 5262 3631 5317 cap.

1981 5348 2067 5408 26,
2115 5349 2168 5397 et
2224 5343 2284 5396 in
2339 5340 2485 5395 libro
2542 5356 2718 5412 quem
2796 5338 2978 5393 edidit
3051 5337 3264 5393 Paulus
3329 5334 3637 5391 Midelbur—

1981 5431 2179 5505 gensis
2215 5431 2531 5502 episcopus
2596 5427 3062 5501 Sempronianus
3123 5426 3194 5481 de
3245 5421 3637 5480 celebratione

1989 5520 2245 5577 Paschas.
