4166 6314
523 237 586 293 51
2035 237 2432 302 ΡΗᾹΞΕΑΤΙΟ.
3869 237 3950 292 52

593 360 745 416 Nihil
761 375 902 432 ergo
934 376 1139 416 eorum
1168 367 1512 435 qurenoster
1531 363 1714 418 habet
1740 366 1905 420 uctor
1936 363 2040 420 tibi
2071 380 2170 419 no-
2201 365 2246 419 A
2280 361 2388 416 uiri
2438 362 2733 420 curaveris
2765 361 3075 416 antidotis.
3115 361 3264 431 Lege
3307 360 3505 433 itaque
3538 375 3766 426 secure,
3801 377 3946 434 quae

521 453 803 504 cumento
839 463 970 504 esse
1007 449 1242 520 poterit,
1275 450 1367 523 pie
1397 449 1599 517 lector,
1635 451 1685 506 si
1705 451 1798 508 his
1831 455 1885 506 te
1916 468 2170 525 praemu-

2277 467 2400 508 non
2427 451 2552 508 sine
2587 449 2850 510 maximo
2881 449 3074 506 fructu
3107 448 3287 520 leges.

2063 787 2392 844 EIUSDEM.

531 942 673 998 Loca
730 941 986 1011 qurede
1041 941 1099 994 in
1157 941 1361 1011 quibus
1411 947 1672 998 nostrum
1726 941 2035 1068 exempéar
2081 940 2201 996 alio
2256 939 2421 1068 mari:
2459 939 2626 1022 habet
2690 955 2865 1012 quam
2923 953 2993 995 ea
3051 953 3175 1008 qua?
3225 937 3395 1009 vulgo
3451 937 3950 1007 circumferuntur

1981 1027 2122 1067 maca
2149 1025 2355 1068 exemn
2427 1026 2536 1066 rza.

1981 1027 2122 1067 maca
2149 1025 2536 1080 exemptarta.

1150 1319 1244 1375 Ex
1270 1317 1552 1377 Matthao.

599 1405 788 1463 Matth.
817 1410 871 1477 2,
905 1409 962 1464 11
1021 1407 1124 1480 (α).
1154 1411 1218 1464 Et
1263 1409 1549 1464 intrantes
1581 1409 1826 1467 domum
1859 1410 2180 1483 (viderunt)

529 1503 806 1565 puerum.
840 1496 1026 1552 Habet
1077 1499 1233 1552 enim
1275 1493 1414 1550 εἶδον
1460 1513 1582 1554 non
1621 1500 1762 1573 εὖρον
1802 1499 2175 1556 invenerunt.

535 1585 693 1642 Facit
717 1587 1030 1643 nobiscum
1062 1586 1367 1659 exemplar
1397 1587 1829 1659 Complutense.

600 1677 653 1750 3,
722 1679 804 1730 11.
865 1679 995 1747 ipse
1062 1681 1263 1732 autem
1317 1675 1645 1748 baptizabit
1691 1695 1796 1734 vos
1850 1679 1909 1734 in
1960 1677 2180 1750 Spiritu

529 1768 755 1822 sancto.
781 1765 912 1821 Non
944 1763 1111 1821 addit
1134 1771 1224 1819 καὶ
1254 1770 1382 1843 πυρί
1401 1766 1618 1837 etigni.
1639 1768 1972 1824 Concordat
1997 1767 2179 1824 etiam

533 1854 971 1927 Complutensis
1002 1854 1191 1910 editio.

601 1947 654 2007 6,
690 1943 772 1996 18.
805 1944 887 1996 Ne
913 1942 1171 1999 videaris
1201 1943 1548 1999 hominibus
1572 1945 1862 2018 jejunare,
1907 1951 2017 2001 etc.
2050 1946 2181 2001 Post

529 2031 714 2087 verba
742 2029 884 2086 illa:
925 2029 1145 2086 Reddet
1194 2031 1321 2096 tibi,
1381 2047 1498 2091 non
1552 2031 1810 2100 additur,
1867 2031 1917 2085 ἐν
1965 2054 2036 2085 τω
2089 2054 2182 2107 φα-

529 2126 673 2190 νερῷ,
704 2119 763 2174 in
795 2119 1134 2192 propatulo.
1171 2113 1349 2176 Habet
1379 2117 1756 2176 conformiter
1798 2128 1852 2176 et
1877 2122 2183 2196 exemplar

533 2208 972 2284 Complutense,
1019 2212 1075 2264 et
1113 2209 1359 2279 Vulgata
1405 2207 1603 2270 editio.
1651 2213 2000 2284 Quanquam
2035 2217 2091 2268 et
2119 2211 2182 2269 in

531 2302 736 2354 nostro
763 2301 818 2352 et
846 2295 907 2352 in
933 2295 1336 2368 Complutensi
1367 2297 1688 2372 exemplari
1715 2305 1893 2356 antea
1919 2301 1991 2355 sit
2015 2301 2180 2356 addi-

532 2391 660 2443 tum
689 2402 826 2441 cum
858 2387 926 2441 de
948 2386 1326 2458 eleemosyna
1354 2390 1511 2444 ﬁeret
1538 2401 1759 2447 sermo.

603 2479 656 2543 7,
695 2474 774 2529 12.
810 2475 935 2546 (Ita)
968 2474 1124 2531 enim
1157 2480 1242 2530 est
1271 2473 1366 2530 lex
1409 2481 1466 2532 et
1497 2475 1826 2550 prophetae.
1882 2478 2183 2551 Siquidem

531 2561 710 2620 habet
738 2562 919 2629 οὓτως,
954 2557 1030 2618 ita
1057 2561 1152 2618 vel
1192 2563 1294 2627 sic,
1328 2581 1443 2620 non
1474 2566 1642 2638 οὗτος,
1672 2566 1788 2622 hic.
1829 2567 1960 2622 Pari
2004 2567 2184 2624 modo

533 2652 671 2721 legit
695 2651 994 2728 Complut.
1029 2651 1360 2724 exemplar.

605 2741 659 2808 7,
691 2740 759 2796 14
805 2740 1046 2812 (Quam)
1084 2746 1342 2811 angusta
1390 2743 1476 2798 est
1522 2748 1690 2813 porta
1745 2749 1800 2800 et
1842 2745 2044 2800 stricta
2091 2746 2188 2802 via

536 2846 672 2902 quae
702 2827 860 2883 ducit
891 2828 961 2883 ad
997 2829 1185 2884 vitam.
1221 2829 1411 2886 Habet
1439 2831 1586 2886 enim
1622 2837 1693 2897 τὶ,
1735 2849 1858 2888 non
1889 2836 1988 2900 ὅτι,
2021 2835 2190 2906 quod

2289 1323 2607 1379 Nobiscum
2631 1322 2856 1379 faciunt
2881 1325 2936 1378 et
2959 1321 3266 1394 exemplar
3298 1319 3710 1391 Complutense
3736 1323 3793 1376 et
3823 1319 3954 1375 vul-

2289 1415 2426 1479 gata
2476 1411 2677 1466 editio.
2740 1410 3019 1466 Similiter
3073 1409 3225 1465 infra
3272 1410 3354 1480 (ν.
3408 1409 3522 1481 31.)
3573 1409 3631 1464 in
3684 1409 3954 1464 dictione

2289 1499 2624 1566 Bethsaida,
2656 1515 2776 1556 non
2807 1498 3185 1556 Bethsaidan.

2362 1589 2447 1654 12,
2479 1591 2537 1645 8.
2577 1589 2860 1644 Dominus
2891 1593 2982 1644 est
3022 1587 3265 1644 Sabbati
3296 1587 3475 1643 Filius
3506 1586 3786 1642 hominis.
3817 1585 3954 1641 Non

2289 1678 2448 1734 enim
2501 1677 2740 1734 additur
2768 1682 2858 1730 καὶ
2911 1681 2984 1734 et.
3041 1676 3131 1733 Sic
3175 1682 3232 1732 et
3278 1675 3698 1749 Complutense
3752 1691 3956 1731 exem-

2289 1766 2443 1840 plar.

2361 1858 2448 1921 13,
2476 1857 2566 1911 32.
2599 1857 2785 1928 Majus
2820 1861 2904 1911 est
2924 1855 3256 1925 (omnibus)
3291 1853 3574 1922 oleribus,
3613 1854 3732 1910 sive
3759 1855 3954 1910 maxi-

2289 1961 2458 2000 mum
2487 1945 2634 2000 inter
2662 1944 2867 2000 omnia
2891 1944 3068 2001 olera.
3103 1942 3352 1998 Additur
3376 1941 3536 1998 enim
3576 1944 3781 1995 πάντων
3813 1959 3945 1999 οω-

2288 2033 2478 2090 nium.
2514 2035 2578 2088 Et
2617 2033 2697 2089 ita
2731 2033 2907 2089 habet
2944 2040 2998 2089 et
3041 2033 3290 2104 Vulgata
3318 2031 3497 2088 editio
3547 2035 3602 2088 et
3643 2031 3954 2104 exemplar

2291 2120 2730 2194 Complutense.

2362 2209 2448 2275 14,
2472 2213 2559 2265 3-1.
2585 2209 2982 2280 (Gennezaret)
3009 2225 3244 2281 semper
3270 2209 3450 2265 habet
3471 2209 3532 2264 in
3558 2208 3720 2264 ﬁner
3749 2212 3943 2276 tenue,

2291 2303 2350 2355 et
2373 2297 2593 2371 duplex
2621 2319 2697 2364 νν,
2746 2298 3084 2354 Chananaaa
3111 2314 3248 2354 vero
3288 2298 3483 2370 capite
3513 2298 3810 2370 sequenti,
3874 2299 3947 2368 (v.

2290 2388 2407 2456 22.)
2433 2391 2488 2442 et
2530 2384 2676 2442 alias
2725 2386 2964 2458 saepius,
2999 2401 3234 2458 semper
3261 2387 3444 2443 habet
3487 2386 3547 2441 in
3579 2385 3748 2441 initio
3775 2408 3819 2458 χ
3867 2403 3954 2441 as-

2292 2481 2587 2549 peratum.
2645 2476 2802 2531 Facit
2851 2475 2912 2531 in
2965 2480 3216 2548 utroque
3269 2475 3590 2531 nobiscum
3645 2474 3952 2547 exemplar

2295 2563 2727 2635 Complutense.

2366 2653 2454 2716 16,
2486 2654 2574 2708 20.
2606 2655 2767 2708 Tunc
2797 2652 3075 2725 praecepit
3102 2650 3409 2724 discipulis
3440 2651 3582 2716 suis,
3630 2658 3695 2706 ut
3728 2651 3954 2708 nemini

2295 2740 2575 2806 dicerent,
2606 2740 2770 2812 quod
2796 2740 2925 2811 ipse
2957 2745 3108 2796 esset
3128 2739 3415 2797 Christus.
3439 2740 3566 2795 Non
3593 2740 3832 2795 additur
3853 2756 3954 2797 no-

2297 2845 2435 2885 men
2460 2829 2684 2891 Ἰησοῦς.
2719 2829 2782 2884 Et
2815 2829 2894 2885 ita
2925 2828 3108 2904 liquet
3138 2829 3453 2900 Origenem
3505 2832 3582 2901 (ο)
3631 2828 3848 2900 legisse
3896 2829 3956 2884 in

536 2916 628 2972 vel
677 2917 985 2990 quoniam.
1027 2918 1154 2973 Pari
1194 2919 1376 2974 modo
1420 2919 1625 2990 legunt
1669 2925 1723 2976 et
1770 2920 2188 2994 Complutense
2234 2990 2263 2994 _
2298 2916 2420 2972 suis
2453 2915 2723 2971 homiliis.

539 3004 838 3078 exemplar
858 3010 910 3060 et
936 3003 1114 3066 editio
1143 3006 1406 3077 vulgata.

608 3097 657 3158 8,
709 3093 793 3146 11.
835 3091 989 3147 Multi
1032 3089 1110 3149 ab
1154 3095 1377 3152 oriente
1408 3096 1464 3150 et
1513 3091 1817 3151 occidente
1861 3097 2098 3152 venient
2135 3102 2193 3156 et

538 3180 896 3240 accumbent
923 3182 1005 3252 (in
1045 3181 1302 3252 sinibus)
1339 3179 1665 3241 Abraham.
1710 3183 1908 3242 Habet
1938 3187 2099 3242 enim
2144 3185 2192 3238 ἐν

539 3278 642 3332 τοῖς
672 3268 895 3334 κόλποις,
931 3269 992 3328 in
1043 3269 1291 3338 sinibus,
1335 3285 1455 3326 non
1496 3274 1626 3344 μετ-οξ
1665 3289 1821 3330 curn.
1867 3275 2192 3332 Nobiscum

537 3359 750 3430 legisse
775 3357 860 3429 (It)
879 3357 1373 3431 Chrysostomum
1401 3361 1784 3417 manifestum
1807 3368 1894 3418 est
1912 3379 1985 3418 ex
2003 3364 2195 3420 homi-

537 3447 616 3502 lia
641 3445 826 3518 ipsius
855 3448 943 3511 27,
978 3461 1157 3517 super
1181 3447 1531 3504 Matthaeum.

611 3537 663 3601 8,
703 3535 782 3587 15.
806 3533 1066 3588 Surrexit
1087 3538 1141 3587 et
1167 3534 1542 3590 ministrabat
1566 3534 1661 3603 (ei)
1683 3537 1831 3592 Nam
1853 3537 2033 3594 habet
2054 3539 2194 3610 αὐτῷ

540 3619 933 3690 singulariter,
969 3635 1090 3675 non
1131 3618 1303 3681 αὐτοῖς
1341 3621 1446 3677 eis.
1479 3621 1800 3678 Nobiscum
1848 3625 1986 3680 facit
2031 3626 2196 3682 Com-

539 3709 808 3782 plutense
830 3709 1154 3781 exemplar,
1185 3718 1239 3764 et
1267 3709 1521 3782 Vulgata
1546 3711 1724 3768 editio
1752 3713 1808 3768 in
1839 3713 2196 3786 quibusdam

539 3797 834 3855 veteribus
861 3799 1323 3872 exemplaribus.

617 3891 698 3952 10,
729 3890 782 3945 1.
829 3887 1139 3945 Accersitis
1174 3889 1238 3944 12
1269 3888 1567 3962 discipulis
1602 3891 1744 3958 suis,
1779 3891 1944 3948 dedit
1984 3892 2067 3948 eis
2093 3908 2196 3966 po-

539 3980 810 4032 testatem
861 3975 1192 4045 (adversus)
1233 3977 1478 4047 spiritus
1535 3979 1898 4034 immundos.
1963 3983 2076 4036 Nec
2136 3982 2196 4037 in

540 4067 744 4119 nostro
785 4079 894 4117 nec
925 4063 984 4116 in
1028 4061 1434 4133 Complutensi
1481 4064 1794 4135 exemplari
1849 4067 2198 4137 exprimitur

541 4152 861 4222 praeposito
903 4153 1037 4202 κατά
1075 4149 1385 4204 adversus.
1417 4152 1482 4204 Et
1508 4150 1583 4204 ita
1611 4165 1854 4222 quoque
1883 4153 2094 4222 legisse
2120 4157 2198 4209 vi-

542 4237 712 4292 detur
741 4237 841 4309 qui
865 4236 1168 4308 vulgarem
1196 4235 1361 4292 dedit
1384 4238 1705 4294 editionem
1734 4261 1745 4292 :
1777 4240 1857 4295 ait
1878 4240 2026 4296 enim
2054 4259 2065 4298 :
2095 4243 2198 4299 De-

2225 2990 2264 3046 (Σ
2373 3007 2459 3072 18,
2492 3009 2544 3061 8.
2577 3003 2864 3060 Αὺεοὶηόθ
2896 3004 3030 3075 (ea).
3063 3003 3250 3060 Habet
3281 3005 3440 3060 enim
3465 3004 3598 3057 αὐτά
3627 3003 3955 3076 pluraliter,

2299 3108 2422 3149 non
2452 3093 2606 3145 αὐτὸν
2648 3092 3044 3161 singulariter.
3078 3092 3409 3148 Concordat
3433 3093 3610 3150 etiam
3654 3091 3960 3166 exemplar

2301 3181 2595 3254 Complut.

2373 3271 2460 3335 18,
2509 3271 2588 3325 19.
2621 3272 2874 3325 Rursum
2903 3270 3128 3340 (amen)
3159 3269 3294 3325 dico
3320 3267 3510 3334 vobis,
3550 3270 3715 3342 quod
3746 3270 3798 3325 si
3839 3271 3961 3328 duo

2301 3376 2372 3416 ex
2394 3357 2580 3430 vobis,
2605 3364 2713 3415 etc.
2747 3362 2895 3415 Nam
2921 3358 3156 3414 additur
3185 3358 3322 3432 ἀμὴν
3350 3359 3529 3416 etiam
3569 3359 3630 3414 in
3662 3359 3956 3432 Complut.

2301 3447 2646 3520 exemplari.

2374 3537 2458 3600 18,
2493 3539 2580 3591 29.
2631 3535 2947 3591 Procidens
2996 3550 3137 3606 ergo
3165 3536 3418 3609 (servus)
3466 3535 3539 3590 ad
3577 3536 3759 3608 pedes
3799 3539 3953 3609 ejus.

2304 3623 2492 3680 Habet
2516 3623 2674 3680 enim
2705 3623 2783 3696 (ἀ)
2833 3620 3042 3687 δοῦλος,
3068 3639 3191 3679 non
3219 3620 3503 3685 σύνδουλος
3535 3624 3696 3676 αὐτοῦ
3731 3639 3963 3680 conser-

2301 3729 2415 3768 vus
2443 3713 2590 3785 ejus,
2620 3725 2977 3786 quanquam
3008 3727 3142 3766 vere
3167 3727 3484 3767 conservus
3515 3715 3658 3768 erat.
3693 3715 3756 3768 Et
3786 3713 3958 3779 infra,

2302 3801 2516 3858 eodem
2560 3817 2752 3867 versu,
2804 3803 2868 3856 Et
2899 3798 3126 3856 solvam
3164 3799 3264 3856 tibi
3300 3819 3312 3855 :
3347 3811 3468 3856 non
3524 3799 3758 3857 additur
3795 3803 3964 3854 πάντα

2303 3890 2529 3946 omnia.
2564 3892 2628 3944 Et
2673 3889 2733 3945 in
2765 3890 2878 3945 hoc
2918 3888 3231 3961 posteriore
3277 3888 3600 3945 concordat
3641 3888 3962 3946 nobiscum

2304 3978 2613 4051 exemplar
2642 3975 2940 4049 Complut.

2375 4067 2463 4130 21,
2496 4066 2548 4119 1.
2582 4067 2650 4120 Et
2695 4065 2958 4120 similiter
2985 4063 3124 4121 Luc.
3161 4069 3244 4132 19,
3272 4065 3359 4122 29.
3394 4065 3787 4139 Bethsphage,
3827 4066 3965 4122 scri-

2306 4153 2462 4210 bitur
2483 4154 2556 4221 (e)
2584 4152 2928 4226 interposito
2956 4173 3007 4208 σ.
3036 4153 3365 4211 Concordat
3393 4154 3617 4228 ubique
3639 4155 3964 4229 exemplar.

2307 4241 2601 4314 Complut.

544 4326 628 4380 dit
666 4325 748 4380 eis
778 4329 1128 4397 potestatem
1162 4325 1472 4397 spirituum
1504 4323 1981 4397 immundorum,
2021 4330 2198 4387 Addl-
2229 4343 2274 4396 1)
2376 4331 2464 4395 21,
2499 4331 2548 4384 7.
2593 4331 2658 4386 Et
2683 4329 2855 4402 (sedit
2905 4345 3079 4402 super
3121 4332 3212 4402 ea)
3265 4329 3535 4388 videlicet
3585 4333 3968 4389 vestimenta.

545 4413 744 4468 dimus
777 4417 998 4478 tamen,
1033 4415 1302 4484 exigente
1333 4414 1390 4469 id
1420 4415 1733 4471 sententia.

617 4500 702 4567 10,
733 4506 782 4559 3.
807 4499 1064 4557 Jacobus
1081 4502 1307 4574 Alphaei
1328 4502 1484 4558 ﬁlius
1507 4508 1560 4559 et
1583 4503 1897 4574 (Lebreus).
1921 4510 2067 4564 Nam
2094 4508 2196 4565 ha-

544 4590 643 4646 bet
674 4589 888 4662 ubique
917 4589 1118 4654 λεϐαῖος
1148 4591 1400 4663 simplici
1441 4590 1497 4666 β.
1540 4594 1603 4648 Et
1632 4593 1714 4650 ita
1744 4610 1980 4668 semper
2023 4596 2199 4653 habet

543 4676 786 4746 vulgata
815 4677 1012 4734 editio.

619 4768 704 4836 11,
747 4768 828 4822 16.
882 4767 1097 4823 Similis
1135 4771 1222 4825 est
1268 4769 1470 4841 pueris
1521 4770 1866 4827 sedentibus
1920 4772 1982 4828 in
2025 4773 2198 4847 (foro)

546 4855 741 4913 Habet
771 4857 928 4913 enim
981 4856 1146 4932 ἀγορᾷ
1192 4857 1579 4929 singulariter,
1614 4876 1735 4916 non
1786 4859 2004 4936 ἀγοραῖς
2032 4861 2195 4918 foris.

609 5030 709 5118 ςᾳ).
758 5033 908 5118 Loca
940 5038 1212 5118 quatuor
1255 5035 1757 5118 evangelistar‘um
1797 5035 1874 5092 ab
1916 5039 2198 5118 Hentenio

549 5103 744 5223 midnus
774 5103 1010 5181 definite
1038 5109 1240 5159 notata
1265 5105 1324 5160 in
1354 5103 1525 5163 usum
1553 5107 1840 5164 lectorum
1869 5113 2199 5168 accuratius

549 5185 606 5224 in
657 5186 829 5225 mavx.

549 5185 829 5225 malum“.

549 5312 568 5315 _
594 5241 695 5315 _(b)
730 5242 1030 5315 ('Zhrysost.
1061 5249 1103 5300 t.
1141 5245 1249 5309 VII,
1303 5262 1355 5314 p.
1403 5249 1527 5313 209,
1578 5254 1635 5306 C.
1667 5251 1739 5312 εἰς
1786 5255 1904 5312 τοὺς
1954 5252 2194 5315 κόλπους.

548 5311 701 5391 Idem
756 5311 897 5391 ibid.
960 5329 1018 5391 ρ.
1071 5317 1172 5391 διεξ
1221 5311 1368 5391 μεθ-ά.
1431 5311 1605 5391 ΕΗ).
1659 5311 1780 5387 361,
1829 5323 1894 5376 D.
1957 5323 2023 5382 εἰς
2079 5311 2197 5386 rod;

548 5381 933 5464 xcl.xo-J;._Per
965 5381 1421 5464 incogitantiam
1475 5381 1601 5464 huic
1641 5381 1810 5464 tinxit
1856 5381 2196 5464 Chrysosto:

549 5455 940 5531 rnt_:s‘ex__l.uc.
982 5459 1061 5521 16,
1096 5455 1180 5521 23,
1208 5461 1269 5512 ut
1297 5472 1368 5512 ex
1401 5457 1592 5528 primo
1625 5455 2033 5531 Chrysostomi
2066 5464 2198 5520 loco

549 5522 916 5593 intelligitur.

2309 4417 2496 4476 Habet
2542 4419 2698 4475 enim
2745 4418 3120 4490 singulariter
3176 4420 3413 4474 ἐκάθισεν
3474 4421 3646 4489 sedit,
3697 4426 3753 4477 et
3801 4422 3970 4474 αὐτῶν

2307 4507 2623 4580 pluraliter.
2654 4508 2877 4564 Eodem
2902 4507 3085 4564 modo
3115 4509 3417 4581 exemplar
3442 4507 3730 4582 Complut.
3765 4510 3971 4582 quoad

2307 4612 2570 4662 sensum,
2641 4596 2774 4652 licet
2837 4595 3087 4653 verbum
3164 4598 3383 4654 haheat
3433 4599 3828 4669 compositum
3909 4599 3971 4652 ἐπ

2307 4687 2542 4739 εκάθισεν
2573 4687 2669 4759 (Γ),
2703 4701 2824 4743 non
2855 4694 3052 4742 autem
3086 4691 3148 4743 ut
3178 4687 3294 4748 alia
3321 4687 3687 4759 exemplaria
3727 4687 3968 4744 ἐπεκάθι-

2311 4795 2407 4828 σαν
2435 4773 2602 4827 ἐπάνω
2637 4774 2720 4846 (ῃ)
2765 4775 2930 4837 αὐτῆς
2957 4775 3326 4832 collocarunt
3372 4791 3555 4849 super
3579 4775 3770 4846 illam,
3821 4785 3971 4852 puta

2310 4879 2565 4921 asmam.

2404 5040 2482 5114 c).
2523 5041 2689 5114 Tom.
2722 5043 2807 5106 lll,
2839 5058 2904 5114 p.
2945 5047 3069 5100 532.
3100 5045 3165 5099 Α.

2403 5109 2766 5187 (θξύνᾴογλος
2791 5109 2963 5187 habet
2991 5121 3244 5187 uterque
3273 5131 3436 5172 meus
3465 5115 3773 5187 Euthymil.

2403 5185 2453 5260 εξ)
2477 5183 2696 5260 Scribis
2725 5185 2946 5241 scilicet
2971 5183 3185 5242 Gracia
3213 5193 3411 5244 notum
3438 5194 3566 5244 erat
3604 5183 3799 5260 ἁφκγὴ.

2400 5255 2453 5330 Γ)
2484 5254 2784 5330 ἐπεκάθισεν
2808 5262 3068 5330 uterque
3087 5274 3276 5314 mens.

2402 5325 2462 5395 g)
2506 5325 2676 5410 ,ξςὶτῇς
2724 5325 3002 5410 Erasmus
3056 5328 3395 5410 importavit
3439 5331 3966 5410 contra‘codi‘ces.

2307 5395 2582 5484 Secunda
2610 5402 2809 5484 tamen
2855 5397 2984 5471 ejus
3029 5395 3207 5456 editio
3239 5406 3394 5456 recte
3438 5401 3619 5458 habet
3662 5400 3968 5456 ἐπεκάθισεν

2308 5485 2477 5518 ιπανω
2501 5486 2668 5519 αυτων
2680 5511 2692 5524 .
