4166 6314
268 245 335 300 53
1778 238 2175 297 PR/EFATIO.
3614 242 3684 298 54

330 371 421 435 2t,
456 368 544 425 14.
582 369 647 421 Et
696 368 1057 421 accesserunt
1112 363 1183 419 ad
1236 378 1373 419 eum
1432 361 1627 418 claudi
1676 364 1731 419 et
1762 362 1918 418 caeci.
1952 365 1998 420 A
2028 365 2272 435 vigilare
2288 382 2524 422 mecum
2549 366 2803 422 ?Etheec
2829 364 3129 421 distinctio
3162 365 3353 435 magis
3384 365 3677 438 quadrat:

258 461 400 513 Nam
420 456 533 511 hoc
564 455 772 510 ordine
792 454 929 524 legit
955 453 1257 523 exemplar
1282 452 1455 507 etiam
1473 450 1881 523 Complutense
1904 469 1913 505 :

257 562 373 601 non
432 550 497 601 ut
569 545 681 600 alia
729 543 1086 615 exemplaria
1131 541 1353 597 diverso
1398 540 1625 609 ordine,
1676 540 1807 595 caeci
1865 544 1921 595 et

252 634 465 690 claudi.

317 723 409 787 22,
439 726 495 781 4.
526 725 675 778 Ecce
696 722 1009 794 prandium
1034 735 1234 775 meum
1263 720 1568 791 (paratum
1596 718 1920 790 est).Siqui-

248 813 373 867 dem
411 811 603 867 habet
651 814 974 882 ἡτοίμασται
1012 809 1182 864 tertia
1229 822 1476 879 persona
1526 807 1763 879 passiva
1803 823 1919 862 non

240 902 523 972 ἡτοίμασα
555 900 783 972 paravi.

318 990 414 1053 22,
444 991 539 1055 35,
574 992 639 1045 Et
670 986 1047 1057 interrogavit
1072 1002 1210 1045 eum
1242 1001 1392 1039 unus
1418 1000 1484 1039 ex
1519 983 1761 1055 eislegis
1783 985 1914 1039 doc-

243 1082 339 1135 tor
378 1083 615 1134 tentans
660 1092 817 1134 eum.
860 1079 983 1133 Non
1043 1074 1199 1130 enim
1246 1074 1476 1130 additur
1522 1077 1601 1133 τὶς
1648 1073 1913 1145 (h)quis-

245 1169 439 1239 piam,
467 1172 610 1222 ante
632 1168 897 1223 Tentans.
935 1164 1173 1219 Faciunt
1203 1163 1507 1221 nobiscum
1532 1166 1587 1218 et
1610 1161 1917 1233 exemplar

245 1259 676 1330 Complutense
702 1261 755 1313 et
792 1256 1045 1325 Vulgata
1075 1255 1271 1311 editio.

314 1350 405 1410 23,
456 1352 515 1401 7.
552 1347 619 1401 Et
640 1346 835 1401 vocari
865 1344 942 1399 ab
962 1343 1303 1398 hominibus
1334 1342 1547 1412 (Rabbi
1578 1341 1784 1412 Rabbi)
1816 1358 1910 1413 ge-

242 1437 475 1492 minata
499 1436 567 1505 (ι’)
600 1434 869 1490 dictione.
895 1436 1005 1489 Nec
1034 1437 1121 1490 est
1148 1432 1328 1506 ῥαϐϐεί
1369 1448 1473 1502 per
1522 1432 1913 1502 diptbongum

247 1525 354 1580 sed
392 1523 573 1598 ῥαϐϐί.
613 1526 769 1579 Facit
800 1538 904 1595 per
944 1522 1146 1579 omnia
1200 1521 1499 1576 nobiscum
1540 1521 1714 1576 editio
1747 1522 1910 1576 Com-

246 1612 559 1685 plutensis.

2029 453 2247 525 alioqui
2281 455 2439 511 enim
2479 454 2625 511 nihil
2664 459 2753 510 est
2782 454 2947 527 quod
2975 454 3088 510 soli
3114 454 3283 510 Petro
3313 453 3546 509 locutus
3574 454 3672 510 sit.

2028 544 2340 616 Exemplar
2360 545 2538 600 etiam
2560 545 2979 616 Complutense
2997 544 3163 601 addit
3187 544 3286 616 (γη)
3300 544 3683 616 hypostigma

2026 636 2161 704 post
2186 633 2495 688 dictiOnem
2524 634 2682 696 οὕτως
2713 634 2817 688 sic.

2099 721 2186 787 27,
2220 726 2312 777 42.
2356 722 2686 778 Descendat
2737 737 2897 777 nunc
2954 721 3027 777 de
3053 737 3227 778 cruce
3276 724 3333 778 et
3366 721 3683 777 credemus

2028 809 2111 879 (in
2138 811 2321 880 eum).
2352 814 2551 883 Neque
2608 812 2758 867 enim
2821 809 3167 882 simpliciter
3208 809 3389 866 habet
3420 810 3560 881 αὐτῷ
3605 810 3680 873 ei,

2026 898 2128 953 sed
2160 897 2235 951 ἐπ’
2270 899 2430 969 αὐτῷ.
2488 899 2617 955 Pari
2658 900 2841 957 modo
2889 899 3030 969 legit
3057 902 3111 955 et
3149 884 3455 970 exemplar
3506 898 3677 956 Com-

2024 987 2325 1057 plutense.

2094 1080 2183 1142 27,
2227 1081 2311 1132 54.
2356 1075 2632 1133 Centurio
2663 1080 2864 1134 autem
2895 1081 2951 1133 et
2979 1076 3086 1151 qui
3116 1091 3255 1132 cum
3277 1091 3343 1132 eo
3369 1079 3538 1132 erant
3562 1091 3682 1132 ser—

2021 1172 2231 1222 vantes
2257 1169 2480 1233 Jesum,
2506 1185 2644 1224 cum
2664 1168 2954 1224 vidissent
2973 1184 3107 1241 quae
3123 1167 3361 1237 ﬁebant,
3382 1171 3493 1223 etc.
3524 1167 3682 1225 Nihil

2022 1256 2115 1311 hic
2141 1256 2354 1312 dicitur
2380 1258 2454 1313 de
2485 1262 2654 1313 terrae
2685 1262 2851 1314 motu
2882 1273 2894 1310 :
2928 1272 3124 1329 neque
3155 1256 3315 1313 enim
3348 1257 3680 1314 addebatur

2021 1348 2103 1397 τὸν
2138 1350 2345 1418 νερσμὸν
2377 1352 2484 1411 καὶ,
2541 1351 2963 1415 terraemotum,
2998 1350 3075 1402 et.
3106 1350 3219 1402 Nec
3262 1352 3460 1402 tamen
3503 1346 3591 1417 (η)
3618 1345 3680 1400 id

2018 1433 2236 1490 librarii
2264 1436 2406 1491 vitio
2440 1436 2730 1492 omissum
2768 1435 3032 1493 videtur:
3076 1452 3214 1491 nam
3242 1436 3509 1501 Joannis,
3542 1450 3676 1506 cap.

2020 1540 2136 1590 vni,
2178 1542 2231 1577 v.
2292 1526 2375 1587 28,
2434 1541 2613 1597 super
2665 1541 2735 1581 eo
2786 1525 3013 1580 verbo:
3075 1524 3223 1581 Cum
3282 1524 3679 1581 exaltaveritis

2022 1613 2217 1668 Filium
2250 1615 2526 1679 hominis,
2557 1619 2664 1671 etc.
2722 1618 2855 1670 Hmc
2915 1614 3098 1671 verba
3136 1615 3194 1671 in
3226 1614 3510 1671 eumdem
3536 1614 3679 1671 citat

311 1702 400 1765 33,
449 1702 541 1766 13,
581 1702 675 1757 14.
708 1700 803 1755 Vae
841 1699 1015 1755 vobis
1086 1698 1302 1753 Scriba)
1362 1702 1419 1754 et
1472 1698 1741 1757 Pharisaei
1806 1698 1911 1769 hy-
1946 1710 1987 1765 Β
2020 1702 2286 1758 modum.

235 1790 498 1862 pocritae,
533 1790 680 1861 quia
729 1788 1020 1847 devoratis
1079 1789 1280 1842 domos
1310 1787 1647 1845 viduarum.
1682 1786 1746 1842 Et
1777 1791 1910 1857 post

240 1879 394 1934 hanc
445 1876 935 1950 deplorationem,
977 1876 1239 1947 sequitur
1296 1875 1415 1939 illa,
1452 1892 1568 1947 qua
1598 1876 1731 1932 dicit
1763 1893 1774 1929 :
1810 1877 1906 1931 Vae

240 1968 410 2023 vobis
442 1967 670 2023 Scribae
696 1971 752 2022 et
780 1965 1057 2021 Pharisaei
1088 1965 1429 2037 hypocritaa,
1463 1964 1603 2035 quia
1632 1963 1906 2019 clauditis

240 2072 489 2127 regnum
522 2055 834 2113 caelorum.
869 2056 985 2111 Hoc
1013 2054 1193 2109 etiam
1220 2053 1423 2109 ordine
1445 2053 1578 2123 legit
1600 2052 1905 2124 exemplar

243 2145 692 2215 Complutense.

307 2236 397 2288 24.
431 2234 528 2289 45.
584 2233 867 2297 Quisnam
924 2236 1010 2286 est
1047 2230 1234 2288 ﬁdelis
1287 2247 1483 2286 servus
1513 2235 1569 2285 et
1620 2229 1899 2300 prudens,

241 2338 420 2394 quem
445 2320 706 2393 praefecit
760 2321 1044 2378 Dominus
1076 2320 1291 2391 (suus).
1331 2318 1576 2375 Additur
1631 2318 1787 2374 enim
1814 2319 1903 2370 αὐ-

242 2412 470 2481 100(k).
511 2409 790 2466 Similiter
815 2409 967 2466 infra
1007 2410 1086 2478 (v.
1134 2409 1227 2479 49)
1271 2425 1283 2462 :
1326 2410 1391 2463 Et
1422 2407 1661 2478 cmperit
1704 2422 1902 2478 percu-

243 2504 359 2556 tere
398 2514 721 2556 conservos
752 2500 960 2569 (suos).
1013 2496 1315 2568 Siquidem
1345 2496 1454 2551 hoc
1476 2495 1655 2552 etiam
1688 2494 1744 2549 in
1777 2495 1900 2549 loco

246 2588 572 2644 addebatur
598 2587 780 2641 αὐτοῦ.
817 2586 1055 2642 Faciunt
1104 2586 1415 2641 nobiscum
1462 2585 1520 2639 in
1564 2584 1738 2655 priori
1772 2584 1901 2655 qui-

248 2677 375 2733 dem
401 2676 707 2747 exemplar
725 2675 1136 2747 Complutense
1157 2691 1167 2740 ;
1192 2676 1248 2728 in
1264 2673 1575 2746 posteriori
1599 2690 1751 2738 vero,
1786 2672 1900 2729 edi-

247 2764 329 2819 tio
360 2764 625 2833 Vulgata.

318 2854 407 2917 25,
437 2856 497 2909 2.
533 2852 802 2924 Quinque
830 2856 1023 2915 autem
1058 2866 1129 2906 ex
1173 2850 1252 2906 eis
1307 2854 1467 2915 erant
1496 2848 1813 2921 prudentes
1844 2854 1902 2913 et

251 2942 508 3013 quinque
547 2939 733 2996 fatuae.
770 2942 884 2994 Hoc
934 2939 1141 2994 ordine
1196 2938 1301 3010 qui
1354 2937 1677 2993 naturalior
1705 2942 1813 3003 est,
1847 2944 1900 3009 et

2090 1794 2177 1858 28,
2220 1792 2306 1847 19.
2336 1794 2573 1858 Euntes,
2608 1791 2817 1847 docete
2843 1805 3056 1847 omnes
3097 1794 3323 1860 gentes.
3353 1794 3481 1848 Non
3509 1790 3676 1847 addi-

2019 1883 2108 1935 tur
2139 1880 2215 1949 (0)
2244 1877 2329 1931 οὖν
2358 1896 2516 1951 ergo,
2569 1884 2709 1952 post
2748 1880 3069 1935 dictionem
3129 1883 3344 1936 euntes.
3374 1880 3499 1937 Pari
3527 1895 3674 1953 quo-

2016 1983 2133 2041 que
2164 1968 2343 2026 modo
2375 1969 2517 2039 legit
2539 1968 2842 2039 exemplar
2869 1968 3313 2040 Complutense.

2674 2106 2771 2166 Ex
2796 2109 3014 2167 Marco.

2091 2239 2134 2306 t,
2171 2236 2262 2291 16.
2304 2235 2460 2290 Vidit
2490 2235 2794 2293 Simonem
2814 2237 2870 2291 et
2895 2233 3197 2291 Andream
3222 2234 3462 2291 fratrem
3483 2233 3672 2305 ipsius

2012 2323 2342 2394 (Simonis.)
2369 2323 2620 2379 Additur
2649 2338 2914 2394 namque
2966 2330 3056 2375 τοῦ
3083 2328 3325 2395 Σίμωνος,
3379 2323 3555 2379 etiam
3608 2323 3670 2379 in

2011 2410 2336 2482 exemplari
2370 2411 2796 2481 Complutensi.

2082 2503 2131 2566 1,
2160 2504 2245 2555 35.
2287 2499 2443 2555 Abiit
2467 2500 2527 2554 in
2559 2500 2863 2557 desertum
2884 2499 3107 2554 locum.
3143 2502 3209 2555 In
3238 2502 3441 2555 nostro
3472 2513 3671 2555 exem-

2009 2588 2159 2661 plari
2198 2604 2317 2644 non
2345 2588 2793 2659 exprimebatur
2842 2603 3067 2643 nomen
3121 2587 3346 2650 Ἰησοῦς.
3377 2588 3538 2643 Facit
3565 2603 3667 2645 au-

2009 2681 2128 2734 tem
2160 2676 2470 2732 nobiscum
2501 2676 2612 2731 hoc
2643 2677 2703 2732 in
2732 2676 2863 2731 loco
2891 2676 3125 2746 vulgata
3164 2676 3352 2735 editio.

2081 2767 2133 2831 3,
2177 2769 2263 2820 34.
2298 2764 2567 2838 Cumque
2615 2765 3127 2836 circumspexisset
3189 2767 3251 2820 in
3297 2765 3541 2821 circuitu
3562 2766 3669 2821 cir-

2010 2870 2139 2909 cum
2172 2853 2457 2909 sedentes.
2508 2854 2638 2908 Non
2672 2853 2837 2908 addit
2858 2853 2937 2925 (p)
2978 2855 3215 2924 μαθητάς
3240 2853 3584 2925 discipulos,
3613 2858 3668 2910 et

2011 2943 2089 3000 ita
2114 2942 2450 3013 generalius
2478 2942 2754 3014 loquitur.
2782 2943 3027 2998 Faciunt
3052 2942 3365 2998 nobiscum
3395 2946 3452 2998 et
3471 2957 3668 2997 exem-

242 3031 407 3100 juxte
438 3034 727 3101 praecepta
763 3028 1103 3095 rhetorices,
1137 3029 1305 3084 habet
1328 3028 1494 3085 etiam
1523 3026 1698 3087 editio
1731 3026 1900 3081 Com-
1938 3058 1978 3114 ρ
2010 3031 2135 3105 plar
2167 3031 2580 3103 Complutense
2609 3034 2669 3086 et
2700 3030 2949 3101 Vulgata
2981 3031 3179 3087 editio.

243 3118 549 3190 plutensis.
587 3119 652 3174 Et
684 3117 953 3173 similiter
998 3117 1153 3173 infra
1183 3117 1257 3187 (ν.
1290 3119 1339 3185 4)
1374 3135 1387 3187 ;
1416 3117 1734 3171 Prudentes
1764 3130 1899 3169 vero

244 3210 589 3279 acceperunt
619 3207 819 3263 oleum
859 3207 915 3259 in
959 3205 1119 3261 vasis
1146 3205 1267 3261 suis
1321 3222 1455 3269 cum
1510 3203 1897 3275 lampadibus

244 3295 426 3364 (suis)
451 3294 630 3350 Addit
655 3294 831 3350 etiam
866 3293 1177 3349 nobiscum
1208 3293 1488 3365 praedicta
1514 3292 1686 3348 editio
1730 3292 1898 3343 αὐτῶν

245 3400 384 3441 SUIS.

310 3476 397 3538 26,
423 3474 514 3529 18.
563 3477 639 3529 Ite
670 3473 730 3528 in
748 3472 1042 3529 civitatem
1069 3473 1143 3528 ad
1164 3471 1509 3542 quemdam,
1537 3471 1769 3526 etdicite
1797 3469 1848 3525 ei
1878 3486 1895 3524 :

241 3561 484 3632 Tempus
539 3577 740 3623 meum
786 3576 971 3633 prope
997 3564 1103 3615 est.
1158 3563 1285 3616 Non
1332 3560 1563 3616 habete
1634 3556 1897 3612 ωιὸάσκαο

239 3649 317 3709 λος
344 3650 493 3720 λέγει,
563 3649 832 3718 Magister
891 3649 1065 3713 dicit;
1099 3663 1289 3719 neque
1340 3647 1524 3709 ullam
1578 3646 1715 3702 facit
1765 3647 1895 3719 ejus

244 3740 602 3795 mentionem
634 3738 689 3801 in
721 3737 1194 3793 Commentariis.
1238 3735 1419 3791 Habet
1445 3740 1644 3791 tamen
1676 3735 1815 3790 illud
1840 3736 1897 3790 in

248 3825 430 3881 Marco
483 3831 544 3882 et
582 3826 759 3891 Luca,
807 3825 955 3881 sicut
1006 3830 1059 3880 et
1114 3830 1325 3881 caetera
1400 3822 1781 3894 exemplaria.
1834 3826 1899 3879 Et

248 3915 382 3984 quia
451 3913 565 3969 hoc
629 3913 807 3969 etiam
870 3912 999 3969 loco
1053 3912 1110 3967 id
1164 3911 1339 3966 habet
1395 3910 1572 3968 editio
1626 3910 1899 3982 Complu-

248 4003 453 4069 tensis;
512 4018 727 4058 vereor
774 4018 845 4056 ne
893 4001 954 4057 id
1017 4002 1081 4072 (ι)
1136 3999 1351 4067 librarii
1402 3999 1539 4054 vitio
1600 4000 1670 4055 sit
1729 3998 1899 4054 omis-

285 4108 399 4149 um.

251 4108 399 4249 ,Ἓξ
428 4184 517 4240 40.
554 4185 620 4239 Et
644 4182 721 4239 ait
751 4181 931 4243 Petro
960 4196 973 4234 :
1007 4178 1145 4235 Sic?
1174 4183 1293 4241 Non
1323 4179 1589 4251 potuistis
1604 4194 1724 4235 una
1755 4179 1899 4243 hora

340 4322 390 4393 ἢ)
414 4325 693 4378 Erasmus
726 4318 943 4375 scilicet
975 4320 1102 4391 post
1126 4324 1332 4391 νομικὸς
1358 4319 1536 4375 habet
1559 4340 1655 4381 τις.

318 4323 379 4462 l2)
412 4396 692 4448 Erasmus
732 4392 888 4446 enim
915 4393 983 4462 in
1002 4393 1249 4459 gratiam
1278 4393 1487 4445 Latina?
1520 4391 1655 4460 Vulg

2078 3123 2134 3186 4,
2173 3120 2260 3174 21.
2308 3123 2457 3175 Num
2495 3119 2737 3177 lucerna
2802 3119 3007 3191 (venit)
3040 3125 3103 3173 ut
3148 3119 3350 3177 subter
3400 3118 3666 3176 modium

2008 3212 2264 3281 ponatur
2293 3207 2320 3262 ?
2357 3210 2506 3265 Nam
2564 3207 2738 3263 habet
2782 3208 2998 3280 ἔρχεται
3048 3222 3167 3271 non
3201 3208 3281 3279 (q)
3337 3210 3539 3259 καίεται
3577 3223 3667 3261 ac-

2008 3296 2296 3352 cenditur.
2330 3299 2397 3351 Et
2448 3296 2545 3352 hic
2602 3312 2841 3368 quoque
2886 3296 3205 3353 nobiscum
3236 3295 3460 3352 faciunt
3486 3300 3542 3351 et
3567 3311 3666 3351 ex-

2009 3385 2236 3456 emplar
2263 3384 2675 3457 Complutense
2706 3390 2763 3441 et
2790 3385 3040 3453 Vulgata
3066 3384 3266 3441 editio.

2078 3475 2247 3541 5,11.
2288 3477 2417 3529 Erat
2442 3481 2632 3530 autem
2690 3474 2773 3530 ibi
2819 3474 3323 3545 juxta(montem)
3367 3487 3510 3542 grex
3536 3488 3664 3529 ma-

2006 3578 2164 3635 gnus
2196 3579 2533 3635 porcorum.
2576 3563 2880 3636 Siquidem
2903 3562 3083 3619 habet
3113 3565 3241 3634 πρὸς
3264 3570 3335 3631 τῷ
3366 3565 3491 3635 ὄρει,
3543 3576 3665 3617 non

2004 3652 2307 3725 pluraliter
2357 3654 2422 3704 τά
2490 3652 2582 3725 ὂρη
2644 3656 2899 3709 montes.
2961 3650 3235 3707 Similiter
3292 3654 3346 3707 et
3388 3651 3480 3705 hic
3534 3650 3664 3722 pari

2008 3741 2189 3795 modo
2216 3740 2420 3809 legunt
2447 3740 2575 3794 duae
2599 3741 2888 3810 praedicta
2925 3739 3235 3794 editiones.

2079 3832 2128 3890 6,
2165 3826 2250 3882 18.
2282 3830 2407 3882 Non
2448 3826 2581 3881 licet
2635 3825 2737 3882 tibi
2789 3825 3006 3881 habere
3066 3841 3316 3882 uxorem
3362 3825 3663 3898 (Philippi)

2006 3914 2202 3981 fratris
2228 3914 2310 3969 tui
2338 3930 2352 3979 ;
2386 3913 2619 3969 additur
2647 3914 2807 3968 enim
2829 3912 3114 3967 Φιλιππου.

2076 4006 2129 4069 6,
2158 4004 2242 4059 32.
2295 4005 2359 4057 Et
2388 4003 2633 4074 (egressi
2665 4003 2847 4073 sunt),
2880 4001 3120 4070 navigio
3148 4001 3207 4057 in
3250 4000 3552 4057 desertum
3582 4001 3665 4060 lo-

2007 4108 2172 4151 cum.
2240 4091 2552 4163 Siquidem
2633 4090 2817 4147 habet
2885 4088 3165 4163 pluralier
3228 4088 3479 4157 άπῆλθον,
3544 4106 3663 4147 non

2006 4180 2252 4251 ἀπῆλθεν,
2306 4180 2479 4236 abiit.
2542 4179 2644 4234 Hic
2701 4178 2873 4235 etiam
2930 4177 3302 4233 concordant
3366 4178 3667 4249 exemplar

2006 4327 2162 4376 runt.
2227 4321 2550 4392 Utrumque
2594 4325 2749 4375 recte
2797 4321 3077 4392 omittunt
3115 4319 3522 4392 Tertullianus,
3555 4321 3666 4377 Ire~

340 4390 379 4465 ἢ
412 4396 692 4465 Erasmus
718 4392 888 4465 enim
915 4390 1249 4465 inglgratiam
1278 4393 1487 4465 Latinae
1520 4391 1791 4465 Vulgata;
1814 4407 1898 4465 se-
1931 4409 1974 4462 ι)
2006 4409 2193 4465 meus,
2273 4390 2618 4465 Cyprianus,
2670 4396 2731 4446 ut
2787 4396 2949 4465 notat
2990 4390 3353 4446 Sabatierius
3385 4391 3463 4447 ad
3485 4392 3665 4465 hunc

253 4461 369 4518 mel'
385 4466 581 4520 omisit
631 4463 811 4536 ῥαϐϐί,
856 4461 1057 4536 ῥαϐϐεξ,
1111 4479 1213 4536 per
1245 4482 1305 4536 si,
1338 4462 1395 4515 in
1427 4463 1717 4533 plerisque
1754 4462 1899 4517 locis

254 4482 359 4518 mel
385 4482 581 4520 omtsu
669 4482 811 4528 «om,
856 4482 1057 4536 ραδοει,
1111 4482 1213 4532 per
1245 4482 1305 4526 ει,
1338 4482 1395 4515 in
1427 4482 1545 4533 pier

254 4482 925 4613 apudIheopiiylactum
966 4534 1140 4588 etiam
1174 4533 1401 4613 legitur.
1467 4611 1482 4613 μ
1536 4603 1545 4613 ι

321 4606 394 4675 (li)
430 4603 711 4665 Erasmus
762 4606 1043 4659 nimirum
1072 4603 1278 4660 omittit
1327 4604 1485 4654 αὐτοῦ
1534 4603 1592 4658 in
1645 4603 1898 4675 editione

255 4674 501 4732 secunda
530 4683 584 4731 et
617 4677 783 4731 tertia
822 4692 957 4746 qum
1003 4691 1158 4729 nunc
1186 4675 1257 4728 ad
1294 4691 1508 4746 manus
1537 4682 1700 4729 erant
1726 4674 1888 4746 solre.

256 4748 551 4802 Omissum
584 4748 658 4802 ab
686 4745 929 4802 Erasmo
963 4748 1121 4798 αὐτοῦ
1140 4752 1193 4801 et
1218 4745 1372 4800 Millii
1404 4752 1459 4800 et
1488 4747 1793 4800 Wetstenii
1819 4745 1900 4802 la-

255 4819 362 4872 tuit
384 4819 773 4887 diligentiam.

326 4890 388 4959 (t)
434 4890 606 4945 Recte
650 4890 872 4960 judicat
928 4887 1270 4944 Hentenius.
1318 4887 1503 4942 Habet
1542 4887 1699 4942 enim
1751 4889 1902 4943 uter-

299 4976 364 5015 υϐ
396 4978 586 5016 meus.
1638 4977 1644 4982 ’

260 4975 364 5030 que
396 4978 586 5016 meus.
1638 4977 1644 4982 ·

325 5032 415 5099 (m)
448 5035 620 5087 Forte
672 5031 1113 5101 hypostigmen.
1180 5030 1374 5084 Graece
1406 5034 1494 5084 est
1542 5031 1895 5101 ὑποστιγμήν.

329 5102 403 5174 (τι)
450 5104 707 5174 Utroque
760 5103 883 5156 loco
942 5107 1396 5174 uterquemeus
1459 5102 1738 5174 omittunt
1774 5102 1901 5174 ista

263 5172 425 5229 verba
457 5172 773 5244 Eutliymio
806 5174 1033 5228 videtur
1059 5172 1170 5244 hoc
1192 5172 1323 5227 loco
1350 5172 1707 5244 imposuisse
1730 5173 1902 5240 Chry-

268 5250 392 5315 sost.
426 5250 461 5300 t.
493 5242 621 5298 VII.
653 5261 712 5315 p.
772 5245 872 5298 8'25
901 5259 953 5305 e,
1009 5244 1111 5314 qui
1144 5243 1267 5296 haec
1298 5242 1526 5315 silentio
1569 5244 1899 5315 practermit-

268 5314 324 5367 tit
351 5332 413 5368 ac
462 5313 683 5370 Lucam
717 5332 819 5386 pro
875 5313 1139 5369 Matthzeo
1179 5313 1450 5383 explicat.
1504 5315 1731 5386 Habent
1780 5314 1904 5369 haec

269 5386 794 5513 pgiliceszgrrgeiljiores
833 5402 1045 5441 omnes
1105 5390 1282 5456 atque
1322 5386 1498 5440 etiam
1546 5385 1841 5455 Origenes,
1864 5391 1901 5440 t.

338 5496 349 5513 .
380 5473 440 5513 ι).
472 5472 487 5485 ·
622 5474 661 5510 ‹.

430 5501 440 5511 .
472 5473 577 5513 zae
603 5473 661 5511 ιι.

337 5473 417 5597 (al)
446 5530 789 5586 Latinorum
817 5528 915 5584 alii
945 5534 1033 5578 νῦν
1064 5542 1240 5595 nunc,
1275 5526 1375 5583 alii
1404 5526 1489 5579 οὐν
1527 5542 1668 5597 ergo
1699 5527 1907 5583 intule-

2006 4464 2232 4519 locum.
2261 4466 2339 4533 Ex
2356 4462 2674 4517 codicibus
2700 4464 2994 4527 omnibus,
3013 4478 3166 4533 quos
3185 4477 3293 4530 ego
3306 4462 3664 4532 examinavi,

2006 4534 2183 4591 habet
2222 4532 2382 4589 solus
2409 4533 2790 4613 mosquensis
2827 4549 2878 4588 e.
2908 4532 3268 4613 vorabulum
3300 4534 3405 4601 οὖν,
3447 4534 3547 4613 qui
3580 4542 3665 4613 est

2010 4622 2145 4660 cum
2169 4604 2599 4660 commentario
2623 4610 2677 4660 et
2705 4609 2931 4660 catena.
2964 4608 3253 4673 lutei-pres
3277 4619 3417 4672 ergo
3449 4604 3664 4675 aliquis

2006 4676 2102 4731 hic
2130 4676 2327 4731 denuo
2352 4676 2673 4744 incipiebat
2694 4676 3267 4745 interpretationem.
3298 4678 3445 4743 Ergo
3477 4675 3662 4729 vinci-

2008 4746 2178 4803 endee
2204 4741 2482 4802 orationis
2511 4762 2695 4802 causa
2723 4741 2979 4801 addebat
3010 4741 3115 4796 οὖν.
3148 4746 3264 4803 Pro
3287 4761 3356 4799 eo
3379 4741 3474 4800 alii
3510 4745 3663 4815 lege-

2008 4824 2142 4874 runt
2171 4826 2276 4869 νῦν.

2079 4891 2161 4959 (p)
2195 4892 2471 4959 Erasmus
2502 4902 2713 4957 nempe
2744 4887 2802 4959 in
2816 4886 3071 4939 editione
3086 4884 3348 4941 secunda
3368 4889 3500 4955 etc.,
3524 4890 3667 4957 post

2008 4958 2140 5034 περὶΔ
2161 4962 2315 5034 αῡττδκ
2371 4958 2550 5034 habet
2578 4958 2831 5034 μαθηταέξς

2083 5030 2151 5100 (q)
2186 5030 2500 5084 Scilicetin
2558 5025 2860 5083 nonnullis
2912 5025 3221 5100 codicibus
3259 5027 3473 5100 Latinis
3514 5026 3665 5097 legi-

2010 5097 2484 5165 tur—accenditur,
2517 5114 2625 5169 pro
2652 5100 2829 5154 venit.
2862 5098 2960 5152 Hic
2980 5097 3141 5153 fraus
3171 5099 3662 5169 interpolatorum

2009 5173 2223 5229 elucet.
2282 5174 2424 5225 Nam
2486 5169 2583 5225 alii
2642 5170 2699 5224 id
2751 5169 3137 5224 reddiderunt
3183 5174 3400 5237 καίεται,
3441 5169 3559 5233 alii,
3603 5170 3663 5225 in

2008 5243 2098 5298 his
2129 5242 2319 5296 Codex
2351 5241 2873 5311 Cantabrigiensis,
2906 5241 3174 5295 omnium
3208 5241 3472 5302 intimus,
3500 5239 3662 5311 diri-s-

2010 5335 2097 5366 ται
2123 5313 2417 5368 Audacter
2464 5310 2647 5368 nunc
2670 5313 2751 5367 ita
2782 5313 2851 5366 de
2877 5312 3013 5366 cod.
3053 5312 3325 5366 Cantabr.
3359 5325 3460 5363 seu
3498 5310 3663 5364 Wet-

2012 5386 2182 5441 stenii
2222 5384 2281 5439 C.
2332 5385 2497 5455 loqui
2548 5400 2817 5455 possum.
2847 5384 2975 5438 Mox
3023 5384 3176 5437 enim
3210 5380 3480 5434 inlucem
3506 5380 3659 5433 istud

2014 5459 2344 5512 monstrum
2368 5456 2764 5527 protrahetur.
