4166 6314
447 246 518 299 55
1955 239 2349 295 ΡΒᾸΞῈΑΤΙΟ.
3793 240 3869 293 56

452 367 865 438 Complutense
892 368 948 420 et
979 365 1230 436 Vulgata
1252 365 1446 432 editio,
1471 365 1638 438 quod
1687 367 1860 423 etiam
1911 367 2103 435 magis
2139 367 2184 419 Α
2215 369 2301 420 est
2327 364 2471 422 nihil
2518 365 2712 423 habet.
2744 367 2860 422 Nec
2908 365 3132 422 librarii
3162 365 3230 438 (ε)
3283 364 3514 421 incuria
3563 364 3867 420 omissum

449 456 705 530 quadrat
733 472 867 509 cum
899 453 1369 526 praecedentibus
1399 460 1456 510 et
1483 455 1887 527 sequentibus.

523 549 574 611 6,
608 549 694 599 37.
729 542 1300 614 Egressi(ememus)
1325 544 1594 599 ducentis
1615 544 1867 600 denariis
1894 559 2100 616 panes.

453 634 756 706 Siquidem
805 631 1132 703 ἁγοράσομεν
1176 631 1356 687 habet
1412 631 1717 688 indicandi
1785 633 1988 698 modo,
2050 637 2107 688 et

449 739 567 780 non
595 725 934 796 ἀγοράσωμεν
965 738 1245 786 emamus,
1274 738 1380 793 per
1406 723 1874 792 subjunctivum.

522 818 574 880 6,
607 816 694 868 44.
727 815 1114 866 Erantautem
1145 811 1248 881 qui
1278 811 1980 882 manducaverant(ipsos
2000 827 2106 882 pa.

447 903 578 972 lies)
634 900 888 955 Additur
933 899 1093 953 enim
1154 903 1274 958 τοὺς
1321 902 1529 972 ἄρτους.
1589 900 1749 956 Facit
1799 899 2106 954 nobiscum

449 988 753 1060 exemplar
778 985 1218 1058 Complutense.

521 1081 574 1143 7,
606 1081 694 1131 26.
725 1079 1068 1131 Eratautem
1082 1075 1298 1130 mulier
1312 1075 1515 1133 Graeca
1547 1077 2106 1149 (Syrathnicissa)

451 1180 667 1236 genere
701 1183 714 1230 ;
738 1181 860 1221 non
885 1167 1090 1220 Graeca
1126 1164 1583 1237 Syrophmnissa
1609 1182 1714 1237 per
1733 1165 2108 1236 compositio-

450 1269 613 1310 nem.
681 1254 816 1309 Pari
862 1254 1044 1308 modo
1110 1253 1252 1323 legit
1331 1257 1387 1309 et
1442 1255 1859 1326 Complutense
1913 1269 2107 1310 exem-

450 1342 603 1414 plar.

523 1432 662 1496 9,6.
726 1433 876 1486 Nom
934 1429 1094 1486 enim
1148 1429 1361 1486 sciebat
1423 1432 1592 1502 (quid
1624 1431 1886 1487 dicturus
1913 1434 2103 1502 esset).

452 1519 642 1574 Habet
711 1519 870 1574 enim
935 1518 1168 1584 λαλήσει,
1237 1534 1341 1590 per
1402 1520 1816 1583 indicativum,
1873 1525 1930 1576 et
1983 1535 2108 1576 non

451 1606 675 1679 λαλήσῃ,
706 1622 812 1678 per
843 1606 1312 1677 subjunctivum.
1360 1608 1520 1664 Facit
1577 1609 1885 1664 nobiscum
1936 1611 2107 1664 Com-

2214 453 2506 520 arbitror;
2541 454 2764 526 alioqui
2785 455 3021 511 citasset
3072 453 3276 525 utique
3303 453 3362 508 in
3403 451 3643 508 scholiis
3665 450 3771 506 ubi
3802 449 3869 506 id

2217 543 2519 613 Scriptura
2537 543 2715 608 dicat,
2744 542 3251 616 quemadmodum
3267 543 3328 597 in
3345 540 3647 596 similibus
3671 539 3870 595 facere

2215 632 2376 687 solet.
2400 633 2604 688 Nescio
2635 649 2714 688 an
2741 648 2777 688 a
2806 632 3078 688 studioso
3092 632 3381 704 quopiam
3404 629 3758 701 prophetam
3789 628 3868 683 ci-

2214 726 2376 777 tante
2402 721 2462 776 id
2479 721 2742 792 primum
2769 720 3023 790 margini
3055 720 3127 776 sit
3156 720 3451 784 additum,
3480 717 3695 773 deinde
3723 722 3868 772 tem-

2215 825 2357 882 pore
2386 809 2767 880 procedente,
2800 809 3001 865 litterae
3033 811 3106 864 sit
3131 810 3480 865 admistum.

2288 900 2372 952 15.
2405 903 2494 954 29.
2551 899 2719 969 (Vah)
2748 899 2850 970 qui
2906 897 3158 954 destruis
3208 895 3498 967 templum
3524 895 3643 950 Dei.
3678 893 3870 950 Habet

2214 1000 2477 1058 namque
2533 987 2648 1054 ούά,
2704 1001 2826 1041 non
2881 985 3020 1047 οὐαί,
3094 999 3196 1040 v.2.
3261 983 3503 1039 Faciunt
3546 982 3868 1038 nobiscum

2217 1075 2632 1146 Complutense
2671 1075 2996 1147 exemplar,
3037 1074 3408 1144 Vulgataque
3437 1072 3640 1128 editio.

2287 1164 2375 1230 16,
2423 1165 2513 1221 11.
2552 1164 2707 1219 Loco
2733 1165 2883 1234 ejus,
2911 1164 3074 1235 quod
3131 1163 3191 1218 in
3231 1162 3360 1217 aliis
3414 1160 3630 1216 Latinis
3663 1161 3872 1217 editio-

2215 1251 2394 1307 nibus
2422 1267 2493 1308 ex
2517 1251 2732 1308 Graecis
2776 1251 2988 1307 dicitur
3015 1269 3027 1306 :
3061 1253 3128 1304 Et
3153 1250 3234 1306 illi
3260 1249 3464 1306 audito
3510 1248 3676 1321 quod
3709 1249 3868 1305 vive-

2214 1345 2305 1396 ret
2351 1345 2405 1396 et
2446 1341 2610 1396 visus
2649 1345 2802 1396 esset
2858 1339 2931 1396 ab
2979 1356 3069 1405 ea,
3102 1354 3226 1394 non
3267 1337 3679 1395 crediderunt:
3717 1338 3865 1394 nihil

2214 1429 2397 1484 habet
2435 1429 2514 1500 (v)
2545 1433 2815 1484 nostrum
2845 1427 3167 1500 exemplar.
3223 1430 3338 1484 Nec
3366 1427 3606 1493 mirum,
3664 1427 3713 1480 si
3752 1427 3868 1482 hoc

2215 1517 2506 1589 quispiam
2553 1516 2865 1582 addiderit,
2894 1532 3034 1572 cum
3081 1520 3274 1573 totum
3302 1515 3417 1572 hoc
3460 1517 3535 1570 de
3561 1517 3870 1570 Resurrec-

2219 1606 2374 1662 tione
2417 1605 2981 1676 caputadjectitium
3019 1621 3151 1661 esse
3203 1605 3471 1677 plerique
3527 1604 3867 1660 Grecorum

449 1695 600 1767 plut.
629 1695 805 1751 editio
839 1711 988 1763 ;nec
1023 1695 1300 1752 eamdem
1321 1701 1412 1752 est
1451 1697 1765 1769 utrobique
1793 1699 2105 1757 sententia.
2141 1719 2181 1771 Β
2216 1698 2508 1763 asserant,
2533 1698 2597 1749 ut
2646 1694 2830 1749 habet
2856 1699 3058 1750 noster
3107 1699 3313 1750 auctor
3345 1710 3355 1746 :
3392 1694 3670 1764 idemque
3715 1692 3868 1748 inter

451 1788 518 1839 ut
569 1787 728 1854 patte
766 1799 834 1838 ex
905 1784 1084 1854 hujus
1146 1784 1282 1840 dicti
1339 1784 1824 1856 interpretatione
1894 1785 2099 1840 Matth.

454 1887 588 1936 xvn,
622 1875 682 1928 4.

526 1960 614 2026 10,
647 1960 738 2014 43.
771 1959 888 2014 Sed
933 1960 1271 2032 quicunque
1293 1961 1544 2016 voluerit
1572 1961 1699 2016 ﬁeri
1725 1977 1984 2031 magnus
2026 1963 2113 2017 in-

454 2052 544 2104 ter
565 2064 690 2103 vos.
725 2049 853 2104 Non
883 2048 1042 2104 enim
1092 2050 1324 2104 additur
1377 2051 1518 2121 ὑμῶν
1570 2056 1706 2122 post
1755 2052 2109 2122 quicunque.

459 2137 699 2192 Faciunt
722 2135 1040 2192 nobiscum
1072 2143 1376 2209 exemplar
1401 2139 1692 2210 Complut.
1739 2145 1797 2196 et
1837 2139 1961 2197 Vul.
1988 2141 2112 2196 edi-

455 2225 557 2281 tio.
586 2225 650 2279 Id
682 2229 880 2280 autem
910 2242 1026 2281 non
1077 2230 1303 2282 rectum
1335 2233 1443 2293 est,
1485 2228 1645 2299 quod
1689 2244 1883 2301 neque
1909 2229 1970 2284 in
1995 2229 2114 2284 ﬁne

457 2313 755 2369 dictorum
777 2314 1090 2371 verborum
1111 2316 1287 2372 habet
1309 2317 1561 2388 Vulgata
1576 2317 1753 2374 editio
1779 2335 1790 2374 :
1821 2318 1975 2373 Inter
1987 2334 2111 2386 vos,

456 2407 580 2470 aut,
606 2403 668 2456 In
699 2402 892 2458 vobis.

531 2491 617 2554 11,
646 2489 733 2544 32.
757 2491 833 2546 At
876 2491 1189 2565 (dicamus)
1226 2494 1311 2549 Ab
1367 2495 1714 2552 hominibus
1751 2518 1762 2556 :
1814 2504 1875 2554 ut
1901 2499 2116 2555 subau-

459 2578 678 2649 diatur,
709 2596 838 2634 non.
872 2583 1072 2653 Neque
1121 2583 1283 2638 enim
1330 2584 1566 2639 additur
1596 2587 1678 2637 ἐάν
1735 2588 1806 2651 si,
1838 2593 1900 2642 ut
1931 2589 2118 2659 possit

457 2666 572 2736 legi
602 2684 614 2721 :
645 2669 782 2723 Atsi
811 2668 1148 2725 dixerimus.
1178 2673 1379 2742 Neque
1405 2673 1558 2728 adeo
1583 2676 1900 2730 commode
1922 2680 2117 2747 potest

459 2756 652 2826 aptari
679 2758 1085 2829 sequentibus.
1106 2759 1268 2815 Facit
1282 2761 1590 2816 nobiscum
1615 2763 1917 2834 exemplar
1948 2766 2115 2819 Com-

457 2843 604 2916 plut.

536 2935 618 2998 12,
644 2938 730 2989 29.
762 2935 913 2990 Audi
970 2936 1148 2993 Israel
1201 2936 1490 2993 Dominus
1543 2941 1696 2995 Deus
1739 2942 1973 3014 (vester)
2008 2944 2115 2998 Do-

461 3020 652 3074 minus
691 3037 849 3076 unus
884 3026 987 3078 est.
1018 3023 1323 3094 Siquidem
1347 3041 1468 3080 non
1488 3026 1670 3083 habet
1721 3031 1866 3101 ἡμῶν
1896 3037 2110 3096 noster,

461 3107 566 3162 sed
613 3111 754 3181 ὑμῶν
799 3119 1003 3166 vester.
1061 3114 1127 3166 Et
1181 3112 1335 3168 infra
1390 3131 1536 3170 vers.
1593 3116 1679 3181 30,
1744 3134 1865 3174 non
1915 3119 2110 3187 habet,

461 3201 548 3248 καὶ
576 3196 627 3259 ἐξ
658 3198 778 3257 ὅλης
804 3207 898 3260 τῆς
957 3200 1144 3272 ἰσχύος
1176 3217 1292 3254 σου’
1344 3206 1410 3259 Et
1455 3219 1524 3258 ex
1571 3209 1691 3261 tota
1745 3207 1958 3264 virtute
1990 3214 2112 3276 tua,

461 3285 620 3355 quod
663 3292 863 3342 tamen
896 3287 1110 3344 librarii
1137 3290 1211 3362 (ν)
1237 3292 1378 3348 vitio
1404 3292 1630 3349 factum
1651 3295 1929 3364 arbitror,
1965 3302 2025 3351 ut
2053 3297 2114 3352 in

461 3372 558 3426 illo
587 3373 719 3428 loco
748 3375 1194 3436 adnotavimus.
1225 3383 1369 3435 Item
1397 3381 1568 3436 infra.
1602 3399 1660 3436 v.
1691 3386 1778 3438 31.
1809 3387 1874 3439 Et
1903 3400 2113 3439 secun-

460 3460 607 3514 dum
663 3461 853 3516 simile
921 3471 1010 3520 est
1083 3466 1228 3534 (illi).
1292 3470 1441 3522 Nam
1516 3469 1700 3525 habet
1754 3471 1907 3542 αὐτῇ,
1991 3488 2113 3529 non

461 3549 592 3606 αὕτη
627 3550 734 3604 hoc
768 3567 781 3614 ;
817 3556 879 3605 ut
904 3552 1016 3620 legi
1047 3554 1235 3624 possit
1267 3571 1279 3609 :
1310 3558 1376 3609 Et
1405 3557 1733 3612 secundum
1765 3559 1954 3616 simile
2002 3563 2114 3618 hoc

459 3640 567 3692 est.
597 3637 915 3694 Nobiscum
946 3640 1162 3710 legisse
1188 3642 1430 3709 videtur,
1479 3645 1583 3716 qui
1613 3647 1928 3719 Vulgatam
1953 3650 2115 3708 dedit

458 3724 798 3780 editionem.

530 3815 616 3878 12,
650 3818 737 3870 36.
781 3815 905 3888 Ipse
935 3819 1096 3875 enim
1122 3821 1300 3876 David
1347 3822 1488 3878 dixit
1529 3839 1635 3896 per
1665 3827 1947 3897 Spiritum
1978 3846 2112 3886 san-

458 3907 610 3957 ctum
646 3920 656 3958 :
692 3904 881 3976 (Dicit)
914 3907 1206 3964 Dominus
1257 3913 1506 3967 Domino
1534 3929 1692 3977 meo,
1723 3931 1843 3970 non
1873 3918 1944 3989 (s)
1977 3915 2110 3970 εἶπεν

454 3991 624 4046 dixit.
650 3995 714 4046 Et
744 3993 802 4047 in
829 3995 1067 4048 scholiis
1097 3997 1232 4051 facit
1261 3999 1443 4052 etiam
1474 4000 1656 4070 hujus
1696 4006 2057 4060 mentionem
2091 4027 2102 4062 :

457 4084 513 4132 et
541 4079 620 4133 ita
650 4080 829 4133 habet
870 4082 1174 4152 exemplar
1205 4085 1504 4155 Complut.

532 4169 615 4229 14,
645 4167 732 4221 3:2.
760 4168 966 4223 Sedete
1008 4169 1102 4224 hic
1153 4171 1297 4225 dum
1325 4173 1533 4228 orabo.
1582 4176 1710 4230 Non
1751 4179 1909 4234 enim
1939 4179 2112 4236 habet

458 4253 684 4306 ἀπελθὼν
714 4255 994 4324 digressus
1027 4263 1162 4313 ante
1230 4261 1444 4316 Orabo.
1497 4261 1872 4320 Concordant
1911 4268 2110 4323 nobis-

455 4358 596 4396 cum
650 4347 705 4398 et
762 4345 1178 4416 Complutense
1233 4349 1532 4420 exemplar
1583 4357 1638 4407 et
1693 4353 1936 4425 Vulgata
1992 4359 2110 4414 edi-

454 4429 549 4487 tio.

527 4521 614 4583 15,
647 4520 740 4576 28.
777 4523 930 4576 Loco
959 4524 1108 4594 ejus,
1135 4526 1302 4597 quod
1336 4526 1435 4582 alii
1465 4528 1668 4598 legunt
1699 4548 1711 4585 :
1746 4534 1812 4587 Et
1865 4534 2110 4604 impleta

453 4610 542 4661 est
568 4608 862 4679 Scriptura
885 4625 1019 4680 quae
1059 4613 1199 4668 dicit
1231 4634 1242 4672 :
1306 4617 1518 4670 Etcum
1546 4616 1767 4690 iniquis
1797 4629 2107 4693 reputatus

453 4783 600 4909 m(3r)
656 4785 829 4840 Recte
878 4788 1128 4844 monuit.
1185 4791 1387 4848 Servat
1463 4795 1623 4849 enim
1696 4796 1809 4853 ista
1857 4804 2103 4874 uterque

556 4871 640 4908 us.

556 4871 640 4908 US.

448 4925 596 5048 beas)
619 4927 902 5010 Nimirum
946 4945 1056 5001 pro
1087 4934 1348 4989 secundo
1380 4935 1556 5006 hujus
1590 4953 1796 4994 versus
1826 4942 1959 4996 εἶπεν
1999 4945 2101 5000 ha-

595 5015 726 5048 ,ε’γει.

595 5015 726 5066 μεγει.

521 5065 587 5153 (t)
626 5065 894 5153 abestin
928 5075 1176 5153 utroque
1214 5092 1381 5153 .meo.
1416 5079 1503 5134 Ad
1545 5081 1746 5136 Matth.
1787 5100 1963 5150 xxv",
2008 5092 2096 5153 38,

447 5134 653 5218 laudat
681 5139 921 5218 quidem
960 5134 1300 5218 Euthymius
1343 5149 1486 5210 haec,
1518 5153 1619 5205 sed
1647 5134 1749 5207 “in;

447 5212 646 5289 tamen
679 5212 730 5260 in
755 5212 1241 5289 interpretatione
1269 5220 1436 5272 Marci
1456 5221 1701 5277 lectores
1726 5229 1978 5281 remittit.
2015 5232 2096 5282 lix

445 5277 818 5359 Lectionariis
855 5277 1004 5359 hanc
1034 5290 1469 5359 corruptionem
1519 5300 1708 5348 ortam
1752 5277 2093 5352 esscilocu—i

442 5349 1296 5428 qiim_lizec_in_alteralectione
1345 5364 1648 5428 omittunt,
1703 5383 1837 5420 cum
1892 5349 2091 5423 tamen

442 5419 499 5469 in
529 5419 711 5475 altera
736 5420 1012 5480 habeant.

513 5489 591 5559 (v)
616 5493 776 5547 Hunc
802 5494 1096 5553 defectum
1121 5505 1283 5572 apud
1310 5504 1499 5558 solum
1543 5506 1928 5576 Euthymium
1970 5511 2091 5564 ani-

2216 1783 2454 1838 Latinos
2474 1781 2649 1838 divus
2677 1783 3068 1854 Hieronymus
3083 1784 3142 1838 in
3170 1781 3435 1853 Epistolis
3451 1781 3625 1837 refert
3643 1783 3864 1852 pleros-

2217 1887 2334 1944 que
2359 1872 2574 1927 dicere.
2625 1874 2690 1927 Et
2740 1877 3060 1942 praetercea
3090 1871 3355 1926 secundo
3385 1870 3671 1926 adversus
3703 1869 3868 1925 Pela-

2219 1961 2428 2031 gianos
2448 1961 2564 2016 hoc
2575 1961 2739 2016 aitde
2752 1959 3110 2032 exprobrata
3126 1958 3536 2015 incredulitate
3549 1957 3865 2030 cordisque

2219 2049 2448 2105 duritie.

2883 2140 2982 2195 Ea:
3020 2141 3202 2196 Luca.

2291 2229 2458 2297 2,33.
2491 2232 2556 2285 Et
2575 2233 2743 2285 erant
2805 2229 3021 2301 Ioseph
3074 2233 3130 2285 et
3166 2232 3355 2285 mater
3395 2229 3524 2299 ejus
3567 2228 3868 2285 admiran-

2222 2322 2333 2387 tes,
2391 2322 2500 2372 etc.
2562 2320 2689 2372 Non
2735 2317 2918 2373 habet
2969 2317 3119 2373 enim
3148 2319 3174 2368 6
3226 2322 3424 2391 πατήρ,
3457 2318 3560 2372 sed
3593 2317 3618 2368 ὀ
3652 2318 3864 2388 Ἰωσήφ.

2224 2407 2381 2462 Facit
2407 2406 2718 2462 nobiscum
2767 2405 3062 2476 Complut.
3090 2406 3414 2478 exemplar,
3469 2407 3589 2461 imo
3619 2410 3677 2461 et
3732 2406 3870 2461 Vul-

2224 2501 2363 2565 gata
2388 2496 2584 2560 editio,
2615 2496 2824 2551 saltem
2851 2496 2911 2550 in
2936 2495 3237 2550 veteribus
3269 2495 3632 2567 quibusdam
3672 2511 3870 2550 exem-

2223 2584 2510 2655 plaribus.
2576 2584 2851 2640 Similiter
2909 2584 3083 2652 infra,
3124 2599 3274 2639 vers.
3327 2584 3442 2639 43:
3512 2587 3575 2638 Et
3603 2599 3726 2640 non
3781 2600 3870 2639 co-

2223 2673 2425 2742 gnovit
2458 2674 2691 2745 Ioseph,
2750 2680 2806 2728 et
2847 2678 3036 2728 mater
3087 2673 3237 2743 ejus,
3281 2673 3636 2728 assentiente
3691 2672 3869 2728 etiam

2223 2762 2316 2817 hic
2347 2762 2746 2834 Complutensi
2769 2761 3090 2833 exemplari
3121 2777 3261 2817 cum
3279 2761 3378 2816 alii
3405 2760 3671 2816 habeant
3699 2778 3710 2816 :
3771 2767 3871 2814 Καὶ

2223 2851 2315 2903 οὐκ
2345 2855 2570 2922 ἔγνωσαν
2602 2853 2650 2903 οἱ
2669 2859 2833 2922 γονεῖς
2859 2851 3038 2916 αὐτοῦ,
3069 2853 3135 2906 Et
3179 2865 3298 2904 non
3322 2855 3732 2921 cognoverunt
3768 2867 3874 2922 pa-

2220 2945 2417 2996 rentes
2445 2942 2600 3011 ejus.

2295 3033 2346 3095 3,
2374 3030 2462 3086 33.
2497 3031 2562 3084 Et
2595 3030 2718 3100 ipse
2748 3031 2918 3084 Jesus
2948 3034 3074 3086 erat
3102 3029 3288 3086 ferme
3314 3044 3611 3086 annorum
3637 3028 3875 3098 triginta

2226 3117 2526 3173 incedens.
2562 3120 2689 3173 Non
2723 3118 3032 3190 incipiens.
3085 3119 3273 3175 Habet
3297 3133 3562 3190 namque
3593 3116 3870 3192 ἐρχόμενος

2228 3207 2308 3276 (ω)
2339 3209 2459 3261 Non
2489 3208 2797 3281 ἀρχόμενος,
2831 3207 2997 3279 quod
3029 3208 3208 3264 etiam
3258 3206 3640 3262 manifestum
3679 3211 3767 3262 est
3797 3223 3861 3262 ex

2228 3295 2483 3350 auctoris
2514 3295 2769 3351 scholiis.

2295 3383 2443 3437 Ibid.
2473 3384 2585 3449 Qui
2639 3383 2749 3439 fuit
2804 3384 2910 3440 Eli.
2961 3386 3297 3442 notandum
3327 3385 3390 3440 in
3422 3389 3624 3441 nostro
3677 3400 3873 3441 exem-

2225 3471 2374 3540 plari
2443 3471 2571 3538 ἠλεί,
2623 3474 2814 3529 lenem
2872 3473 3090 3530 habere
3149 3475 3438 3546 spiritum.
3474 3474 3762 3530 Praeterea
3818 3479 3876 3530 et

2225 3560 2385 3625 ἠλίας,
2410 3563 2880 3635 quotiescunque
2907 3563 3068 3635 apud
3099 3563 3495 3632 evangelistas
3529 3565 3761 3633 legitur.
3792 3564 3875 3617 Id-

2223 3665 2339 3720 que
2375 3650 2740 3706 conformius
2761 3657 2847 3707 est
2881 3652 3098 3721 linguae
3147 3652 3450 3707 Hebraicae
3480 3652 3539 3706 in
3569 3668 3691 3724 qua
3724 3652 3874 3707 Elias

2224 3738 2301 3794 ab
2328 3740 2507 3810 Aleph
2530 3740 2720 3796 littera
2764 3741 2946 3796 sumit
2995 3740 3306 3796 exordium
3341 3759 3355 3806 ;
3388 3741 3503 3797 hoc
3534 3746 3734 3796 autem
3761 3740 3874 3796 ele-

2223 3834 2511 3894 mentum,
2567 3835 2630 3884 ut
2684 3829 3077 3885 communiter
3119 3829 3349 3899 dicitur,
3393 3829 3613 3884 nullam
3669 3845 3873 3884 secum

2221 3917 2395 3972 trahit
2421 3918 2868 3988 aspirationem.
2917 3920 3272 3990 Quanquam
3304 3923 3365 3973 ut
3409 3934 3611 3973 verum
3664 3917 3870 3981 fatear,

2219 4020 2415 4074 neque
2437 4005 2611 4069 Elias,
2646 4006 2751 4059 sed
2781 4006 3005 4062 Eliiahu
3025 4006 3408 4062 scribendum
3437 4012 3609 4071 esset,
3648 4008 3694 4062 si
3715 4013 3874 4062 recte

2222 4092 2487 4148 Hebraeos
2536 4094 2784 4148 velimus
2825 4095 3044 4150 imitari
3081 4112 3094 4149 :
3143 4096 3293 4150 sicut
3323 4101 3377 4151 et
3412 4095 3725 4151 Jesahiahu
3771 4101 3876 4151 aut

2219 4181 2526 4236 Iesaeiahu
2542 4197 2662 4237 non
2688 4183 2887 4237 Esaias
2913 4189 3014 4239 aut
3038 4186 3278 4240 Hesaias
3309 4184 3430 4240 sive
3457 4185 3659 4241 Isaias.

2292 4275 2342 4334 3,
2385 4271 2471 4325 '24.
2507 4271 2616 4336 Qui
2647 4271 2753 4326 fuit
2784 4272 3083 4344 (Matthan)
3115 4289 3237 4328 non
3268 4274 3502 4339 Mathat,
3534 4279 3595 4330 ut
3617 4290 3687 4329 ex
3718 4290 3870 4331 com-

2221 4359 2484 4416 munibus
2508 4359 2763 4418 habetur
2777 4362 2994 4417 Graecis
3019 4362 3482 4434 exemplaribus.
3500 4363 3564 4418 In
3582 4363 3874 4436 plerisque

2218 4448 2396 4504 etiam
2446 4449 2624 4520 hujus
2682 4451 3044 4521 genealogiaa
3091 4452 3456 4517 nominibus,
3513 4457 3569 4508 et
3607 4451 3875 4509 similiter

2217 4537 2364 4607 ejus,
2401 4554 2586 4610 quam
2617 4539 2893 4594 describit
2914 4539 3243 4606 Matthaaus,
3267 4540 3704 4612 variaturapud
3733 4558 3872 4598 auc-

2218 4629 2402 4680 torem
2451 4632 2722 4683 nostrum
2768 4627 3192 4700 orthographia
3221 4646 3254 4682 a
3295 4628 3544 4684 lectione
3587 4645 3873 4686 commu-

2212 4805 2515 4877 madverti.
2541 4808 2737 4877 Neque
2765 4805 3052 4871 Birchius,
3076 4805 3432 4861 novissimus
3470 4806 3678 4863 editor.
3704 4807 3868 4863 hunc

2209 4873 2503 4949 defectum
2527 4893 2597 4930 ex
2614 4873 2826 4949 codice
2844 4877 3086 4949 notavit.
3115 4877 3477 4949 Alteretiam,
3508 4878 3595 4932 vir
3611 4878 3868 4949 diligen-

2211 4947 2491 5010 tissimus,
2526 4948 2753 5001 nullum
2767 4949 2862 5002 hic
2889 4963 2959 5001 ex
2977 4948 3152 5002 codd.
3176 4947 3744 5003 Vindobonensibus
3767 4951 3864 5005 de-

2210 5017 2427 5072 fectum
2458 5019 2702 5073 notavit.
2737 5019 2861 5072 Imo
2882 5024 3089 5072 contra
3116 5034 3182 5073 ex
3211 5020 3383 5075 codd.
3412 5020 3693 5074 indicavit
3735 5021 3864 5078 ἠπί-

2210 5106 2411 5142 στησαν
2444 5104 2550 5158 pro
2615 5089 2826 5143 vitiosa
2857 5091 3032 5142 unius
3087 5091 3302 5144 codicis
3358 5091 3604 5145 lectione
3635 5093 3864 5149 ἠπίστη-

2205 5159 2570 5234 xav.Aliqnid
2597 5159 2840 5234 humani
2867 5177 3077 5230 passus
3092 5167 3175 5215 est
3207 5164 3456 5234 autipse
3488 5162 3856 5232 Euthymius,

2206 5235 2308 5281 aut.
2332 5229 2542 5282 scriba;
2565 5231 2713 5300 ejus.

2276 5302 2361 5368 (α’)
2393 5303 2506 5355 Hoc
2538 5310 2623 5355 est
2658 5302 2860 5356 vitium
2915 5303 3292 5358 manifestum
3349 5304 3577 5359 scribae.
3649 5307 3862 5360 Neuter

2201 5387 2471 5445 meorum
2530 5372 2610 5425 ita
2671 5373 2868 5428 habet.
2932 5375 3334 5445 Interpretatio
3422 5375 3553 5430 illus
3605 5375 3717 5430 loci
3773 5383 3861 5431 est

2199 5442 2377 5496 etiam
2406 5445 2855 5519 pI‘Q-a‘t‘ozdtusvog‘.
2885 5447 3043 5502 Nam
3075 5442 3303 5519 ξοχομαι
3339 5463 3460 5501 non
3499 5448 3859 5507 construitur

2197 5527 2332 5566 cum
2368 5513 2647 5582 genitivo.
