4166 6314
255 338 316 397 57
1741 325 2137 390 PR/EFATIO.
3573 337 3637 399 58

249 461 400 523 nium
416 469 747 522 Graecorum
763 462 1807 538 exemplarium,frequenterqucque
1822 468 1877 517 et
1908 460 1953 513 A
1980 460 2085 514 fuit
2114 459 2335 531 Melchi,
2370 466 2471 539 qui
2501 466 2610 523 luit
2637 468 2807 535 Addi,
2841 469 2946 541 qui
2979 465 3080 524 fuit
3112 469 3348 533 Cosam,
3388 469 3487 539 qui
3528 468 3639 523 fuit

244 566 275 613 a
306 552 587 611 Germana
622 552 1007 610 Hebraeorum
1045 554 1313 609 lectione.
1361 550 1733 623 QuaprOpter
1761 550 1875 622 pri-

239 656 393 700 mum
422 649 543 699 erat
561 643 802 699 animus
820 644 1033 698 horum
1054 640 1537 713 orthographiam
1561 640 1874 697 nominum

237 731 305 788 ad
332 748 535 787 verum
575 730 958 787 Hebraeorum
1000 732 1222 786 fontem
1267 731 1582 785 reducere:
1613 734 1875 799 postmo-

235 820 373 877 dum
395 837 535 877 vero
554 832 679 877 rem
698 822 943 893 propius
962 821 1336 891 inspectanti,
1361 824 1415 874 et
1436 819 1596 890 quod
1610 818 1737 872 haec
1756 833 1875 872 non

234 910 307 967 ab
337 911 608 972 Hebrteis,
633 910 737 964 sed
759 926 794 966 a
824 909 1035 965 Graecis
1061 908 1432 964 traducerem
1467 899 1873 979 perpendenti,

231 1000 408 1054 satius
422 999 623 1054 visum
654 1003 744 1054 est
769 1014 891 1053 non
917 998 1067 1052 adeo
1090 996 1273 1051 multa
1296 997 1354 1051 in
1372 996 1562 1051 littera
1579 994 1876 1063 Evangelii

232 1078 565 1156 immutare,
599 1103 671 1142 ne
699 1087 842 1158 quid
873 1085 1169 1141 interdum
1191 1085 1438 1140 haereret
1471 1084 1663 1149 lector,
1688 1084 1876 1137 incer-

234 1180 330 1230 tus
355 1175 428 1230 de
453 1191 575 1247 quo
606 1176 763 1231 ﬁeret
784 1190 1000 1230 sermo.
1031 1177 1145 1229 Nec
1169 1177 1372 1228 tamen
1402 1172 1750 1228 Hebraicam
1778 1172 1881 1226 ho-

236 1280 365 1319 rum
404 1265 710 1319 nominum
758 1262 1253 1334 orthographiam
1285 1262 1519 1333 penitus
1548 1260 1879 1331 relinquere

235 1351 411 1415 volui,
444 1367 517 1407 ne
547 1352 694 1423 quid
724 1368 760 1408 a
806 1367 901 1407 me
935 1350 1241 1407 studiosus
1282 1350 1468 1405 lector
1503 1348 1876 1416 desideraret,

234 1442 333 1496 sed
351 1442 410 1496 in
431 1442 593 1497 hunc
614 1441 813 1496 locum
840 1440 1063 1509 redegi.
1093 1439 1561 1509 Breviteritaque
1575 1438 1878 1509 utriusque

233 1529 614 1599 Evangelistae
637 1528 1034 1599 generationis
1051 1528 1260 1583 seriem
1273 1531 1433 1582 recta
1453 1526 1879 1597 orthographia

236 1623 502 1673 retexam.
536 1618 730 1682 Liber,
755 1617 949 1689 inquit
969 1616 1290 1683 Matthaeus,
1320 1614 1715 1684 generationis
1740 1614 1878 1669 Jcsu

234 1706 463 1773 Christi,
483 1706 590 1761 filii
620 1706 826 1776 David,
853 1706 955 1761 ﬁlii
977 1705 1281 1761 Abraham
1312 1725 1325 1760 :
1351 1704 1653 1759 Abraham
1675 1705 1879 1773 genuit

1982 549 2313 621 Elmodam,
2346 556 2445 626 qui
2488 555 2594 612 fuit
2622 559 2712 623 Er,
2745 558 2850 629 qui
2881 558 2987 613 fuit
3016 558 3173 622 Jose,
3205 558 3309 629 qui
3354 557 3461 612 fuit
3488 552 3636 612 Elie—

1981 655 2092 703 zer,
2122 642 2222 713 qui
2253 642 2361 698 fuit
2387 643 2598 711 Joram,
2632 647 2737 717 qui
2766 645 2873 701 fuit
2907 647 3175 711 Matatha,
3208 647 3313 718 qui
3340 645 3449 700 fuit
3482 645 3633 710 Levi,

1982 727 2077 799 qui
2102 729 2206 784 fuit
2224 729 2484 797 Simeon,
2509 735 2610 805 qui
2631 734 2741 789 fuit
2760 734 3009 798 Jehuda,
3034 736 3129 804 qui
3148 734 3257 789 fuit
3274 734 3514 806 Joseph,
3533 733 3637 805 qui

1984 817 2091 872 fuit
2119 819 2287 883 Jona,
2320 823 2421 892 qui
2448 822 2558 878 fuit
2590 822 2848 889 Eliacim,
2882 823 2987 894 qui
3013 823 3121 877 fuit
3143 820 3365 887 Milcha,
3398 824 3501 895 qui
3528 822 3638 878 fuit

1982 906 2236 973 Mainan,
2272 910 2372 979 qui
2406 910 2510 965 fuit
2540 912 2809 977 Matatha,
2844 912 2944 983 qui
2978 910 3082 965 fuit
3108 912 3361 977 Nathan,
3395 911 3495 983 qui
3528 912 3636 966 fuit

1984 996 2188 1061 David,
2222 999 2321 1068 qui
2356 997 2463 1053 fuit
2495 999 2645 1065 Iisai,
2693 1000 2796 1072 qui
2832 1000 2938 1055 fuit
2972 999 3156 1063 Obed,
3191 1001 3291 1071 qui
3327 999 3429 1053 fuit
3467 1001 3628 1065 Boaz,

1984 1085 2078 1155 qui
2103 1084 2211 1139 fuit
2234 1086 2496 1153 Salmon,
2518 1090 2614 1159 qui
2636 1087 2743 1143 fuit
2764 1088 3063 1153 Nahason,
3089 1088 3191 1159 qui
3210 1087 3315 1142 fuit
3337 1088 3637 1143 Ammina-

1982 1173 2123 1237 dab,
2161 1175 2264 1246 qui
2289 1174 2396 1230 fuit
2422 1176 2661 1244 Haram,
2692 1178 2795 1248 qui
2822 1176 2927 1232 fuit
2955 1180 3197 1241 Hesron,
3230 1177 3333 1247 qui
3358 1175 3465 1230 fuit
3490 1177 3636 1231 Pha-

1984 1277 2097 1326 rez,
2129 1262 2231 1334 qui
2264 1262 2369 1318 fuit
2391 1265 2651 1336 Jehudee,
2672 1266 2773 1337 qui
2801 1266 2907 1321 fuit
2933 1265 3136 1329 Iacob,
3164 1266 3267 1337 qui
3286 1264 3395 1321 fuit
3424 1264 3634 1331 Iishac,

1984 1349 2540 1421 quifuitAbraham,
2560 1354 2660 1425 qui
2680 1353 3047 1417 fuitNachor,
3063 1353 3166 1423 qui
3186 1352 3292 1407 fuit
3311 1353 3515 1421 Serug,
3538 1354 3637 1423 qui

1986 1437 2093 1493 fuit
2119 1441 2303 1508 Ragu,
2336 1440 2438 1512 qui
2469 1441 2576 1496 fuit
2614 1440 2855 1511 Phaleg,
2888 1441 2992 1513 qui
3022 1440 3129 1495 fuit
3160 1442 3358 1505 Heber,
3390 1441 3484 1512 qui
3528 1441 3636 1496 fuit

1987 1527 2139 1591 Sala,
2155 1529 2260 1600 qui
2276 1528 2635 1596 fuitCainan,
2653 1531 2754 1603 qui
2769 1530 3229 1603 fuitArphaxad,
3247 1530 3348 1601 qui
3364 1530 3467 1585 fuit
3485 1531 3634 1599 Sem,

1984 1616 2088 1687 qui
2120 1616 2227 1672 fuit
2260 1618 2444 1679 Noah.
2475 1621 2574 1690 qui
2602 1619 2999 1682 fuitLamech,
3024 1620 3125 1690 qui
3154 1620 3259 1673 fuit
3280 1619 3634 1685 Mathusale,

1985 1705 2085 1776 qui
2112 1704 2220 1760 fuit
2252 1707 2471 1773 Enoch,
2503 1708 2600 1779 qui
2635 1707 2740 1763 fuit
2768 1708 2956 1772 Iared,
3004 1707 3098 1778 qui
3136 1707 3243 1762 fuit
3273 1708 3632 1774 Mahalaleel,

229 1795 432 1860 lishac,
465 1795 653 1851 lishac
682 1799 884 1851 autem
917 1796 1117 1864 genuit
1143 1794 1384 1857 Jaacob,
1424 1793 1648 1849 Jaacob
1678 1797 1875 1848 autem
1907 1794 1950 1847 B
1985 1795 2083 1864 qui
2114 1793 2223 1849 fuit
2272 1795 2513 1860 Cainan,
2559 1796 2662 1867 qui
2693 1796 2800 1851 fuit
2840 1799 3017 1859 Enos,
3055 1797 3157 1868 qui
3195 1796 3302 1851 fuit
3333 1796 3489 1858 Seth.
3531 1796 3631 1868 qui

227 1884 719 1955 genuitJehudam
733 1889 785 1939 et
800 1885 1005 1939 fratres
1020 1884 1167 1953 ejus,
1182 1882 1445 1937 Jehudas
1461 1887 1660 1937 autem
1674 1882 1877 1950 genuit

226 1973 440 2027 Pharez
466 1976 525 2027 et
556 1972 745 2028 Zarah
773 1971 845 2025 de
876 1972 1149 2034 Thamar,
1184 1970 1407 2025 Pharez
1435 1975 1636 2026 autem
1678 1970 1877 2038 genuit

228 2061 467 2126 Hesron,
505 2064 735 2117 Hesron
765 2065 963 2117 autem
983 2059 1625 2131 genuitAmminadab,
1657 2059 1878 2114 Ammi-

222 2150 421 2206 nadab
434 2153 631 2206 autem
645 2150 848 2219 genuit
861 2149 1157 2212 Nahason,
1180 2149 1454 2203 Nahason
1471 2154 1660 2203 autem
1674 2148 1878 2217 genuit

224 2240 472 2305 Salmon,
504 2239 751 2297 Salmon
777 2243 973 2294 autem
992 2237 1197 2307 genuit
1222 2237 1377 2293 Boaz
1395 2247 1467 2292 de
1482 2237 1708 2303 Rabab,
1724 2238 1877 2291 Boaz

220 2335 410 2383 autem
442 2328 651 2397 genuit
682 2326 844 2382 Obed
888 2342 959 2381 ex
1009 2326 1192 2397 Ruth,
1242 2325 1401 2382 Obed
1442 2330 1642 2381 autem
1675 2325 1878 2394 genuit

219 2415 367 2481 Iisai,
400 2417 532 2472 lisai
566 2419 763 2471 autem
785 2416 989 2485 genuit
1014 2413 1202 2469 David
1224 2429 1448 2484 regem,
1474 2414 1655 2469 David
1677 2425 1875 2469 autem

221 2520 318 2559 rex
348 2504 553 2575 genuit
600 2503 973 2560 Solomonem
999 2519 1069 2558 ex
1096 2518 1166 2557 ea
1202 2518 1337 2574 quae
1367 2502 1472 2557 fuit
1513 2503 1681 2567 Urire,
1719 2502 1877 2558 Solo-

224 2608 359 2647 mon
385 2599 585 2648 autem
618 2592 823 2662 genuit
852 2591 1247 2647 Rechabeam.
1276 2591 1647 2646 Rechabeam
1677 2596 1875 2646 autem

226 2681 419 2750 genuit
454 2681 692 2745 Abiam,
727 2680 941 2735 Abiam
969 2686 1165 2735 autem
1207 2680 1414 2749 genuit
1442 2679 1751 2751 Josaphat,
1785 2680 1877 2733 Jo-

226 2770 434 2841 saphat
446 2775 640 2825 autem
656 2767 1161 2839 genuitJehoram,
1186 2768 1454 2823 Jehoram
1472 2773 1660 2823 autem
1677 2768 1876 2836 genuit

227 2857 445 2922 Osiam,
468 2858 639 2912 Osias
676 2864 875 2913 autem
909 2858 1109 2927 genuit
1134 2856 1394 2921 Jotham,
1415 2857 1652 2911 Jotham
1677 2862 1877 2912 autem

230 2947 429 3016 genuit
456 2947 667 3009 Achaz,
692 2946 885 3001 Achaz
900 2949 1097 3001 autem
1119 2946 1319 3016 genuit
1345 2944 1657 3009 Hizkiahu,
1693 2945 1877 3000 Hizki-

231 3033 348 3089 ahu
366 3038 565 3089 autem
580 3034 781 3104 genuit
797 3036 1130 3098 Manassen,
1153 3036 1448 3089 Manasses
1461 3037 1656 3089 autem
1675 3034 1878 3103 genuit

1984 1883 2091 1939 fuit
2122 1882 2336 1946 Adam,
2364 1883 2470 1955 qui
2499 1882 2607 1938 fuit
2636 1884 2758 1939 Dei.

2055 1972 2108 2035 5,
2136 1974 2219 2026 19.
2254 1972 2513 2043 Cumque
2548 1987 2669 2026 non
2698 1972 3080 2036 invenissent,
3112 1988 3235 2044 qua
3264 1972 3430 2027 illum
3457 1973 3638 2027 infer-

1984 2064 2139 2114 rent.
2196 2062 2323 2115 Non
2365 2059 2714 2131 exprimitur
2767 2060 3102 2131 praepositio
3158 2059 3250 2111 διὰ
3302 2075 3423 2130 per.
3474 2060 3637 2115 Facit

1986 2149 2299 2204 nobiscum
2331 2148 2611 2220 Complut.
2639 2149 2844 2205 editio.

2057 2237 2108 2300 5,
2154 2236 2247 2290 227.
2288 2236 2433 2291 Vidit
2464 2236 2851 2307 publicanum
2893 2237 3135 2292 nomine
3182 2236 3406 2306 (Levin)
3449 2236 3638 2292 Habet

1987 2325 2145 2379 enim
2174 2324 2330 2376 λευίν.
2363 2327 2429 2379 Et
2460 2326 2657 2380 statim
2704 2325 2857 2381 infra
2898 2342 2955 2379 v.
2987 2326 3055 2379 29
3089 2343 3099 2379 :
3133 2327 3199 2379 Et
3224 2325 3360 2379 fecit
3404 2326 3454 2379 ei
3496 2341 3634 2380 con-

1986 2413 2208 2467 vivium
2252 2429 2535 2482 magnum
2575 2413 2793 2484 (Levis)
2822 2414 2974 2478 λευίς,
3024 2429 3143 2467 non
3182 2428 3287 2483 per
3320 2413 3633 2483 diphthon-

1987 2517 2125 2571 gum
2168 2502 2225 2555 in
2268 2502 2569 2572 posteriori
2601 2502 2812 2557 sillaba
2840 2501 2926 2572 (ῃ)
2966 2502 3123 2553 λενείν
3158 2507 3214 2556 et
3249 2501 3428 2561 λευείς.
3464 2502 3636 2558 Facit

1986 2589 2303 2645 nobiscum
2334 2591 2509 2644 etiam
2556 2590 2857 2661 exemplar
2893 2589 3334 2660 Complutense.
3382 2590 3636 2645 Possunt

1986 2683 2185 2734 autem
2217 2679 2275 2733 hi
2308 2694 2483 2733 casus
2513 2679 2565 2733 in
2600 2679 2864 2733 Latinam
2892 2694 3127 2750 quoque
3156 2678 3425 2746 linguam
3449 2682 3636 2731 trans-

1986 2766 2238 2831 formari,
2280 2767 2787 2839 quemadmodum
2829 2783 2865 2821 a
2905 2766 3254 2821 nominibus
3305 2766 3637 2837 Emphasis,

1986 2856 2259 2920 Protasis,
2296 2855 2545 2927 Epitasis
2572 2872 2641 2912 ac
2669 2856 2985 2910 similibus.

2056 2947 2108 3010 5,
2133 2947 2219 2999 30.
2241 2945 2771 3001 Etmurmurabant
2792 2946 2990 3000 scribae
3008 2945 3129 3016 (qui
3154 2944 3305 2999 inter
3326 2960 3426 2998 eos
3449 2944 3637 3015 erant)

1988 3034 2235 3089 Additur
2272 3049 2536 3105 namque
2576 3033 2763 3087 αὖτῶν.
2800 3035 2891 3089 Sic
2924 3039 2979 3089 et
3022 3032 3325 3105 exemplar
3363 3032 3640 3104 Complu-

225 3128 425 3187 Amon,
456 3127 649 3178 Amon
680 3126 879 3179 autem
906 3121 1655 3192 genuitJosiahu,Josiahu
1676 3128 1873 3177 autem
1915 3143 1953 3197 ρ
1986 3128 2172 3177 tense.

221 3210 773 3279 genuitJekoniam,
798 3215 852 3265 et
872 3209 1081 3265 fratres
1109 3209 1236 3281 ejus
1263 3209 1323 3264 in
1352 3209 1875 3279 transmigratione

219 3299 604 3371 Babylonica.
628 3302 838 3371 Etpost
857 3298 1437 3368 transmigrationem
1456 3298 1875 3370 Babylonicam

218 3388 529 3443 Jechonias
573 3387 781 3457 genuit
827 3386 1082 3455 Sealtiel,
1136 3386 1370 3444 Sealtiel
1423 3394 1621 3442 autem
1680 3387 1878 3455 genuit

219 3475 609 3539 Zorobbabel,
636 3473 1005 3531 Zorobbabel
1028 3481 1226 3530 autem
1247 3476 1448 3543 genuit
1465 3474 1722 3539 Abihud,
1746 3475 1878 3529 Abi-

216 3564 338 3619 hud
372 3569 579 3620 autem
612 3564 812 3633 genuit
844 3562 1112 3628 Eliakim,
1148 3562 1395 3618 Eliakim
1439 3568 1630 3619 autem
1674 3563 1879 3633 genuit

216 3655 380 3721 Azor,
405 3656 558 3709 Azor
575 3657 775 3708 autem
799 3652 1003 3721 genuit
1027 3652 1220 3707 Zadoc
1245 3653 1434 3708 Zadoc
1460 3658 1659 3707 autem
1674 3652 1878 3721 genuit

218 3742 440 3807 Achim,
485 3741 701 3796 Achim
746 3743 946 3796 autem
992 3741 1187 3810 genuit
1234 3739 1423 3803 Eliud,
1474 3740 1638 3795 Eliud
1679 3747 1876 3796 autem

219 3832 417 3899 genuit
430 3831 531 3885 Ele
542 3845 700 3893 azar,
720 3829 958 3884 Eleazar
971 3834 1159 3883 autem
1176 3829 1376 3897 genuit
1389 3829 1640 3893 Mathan,
1656 3829 1879 3884 Mathan

224 3923 418 3974 autem
451 3918 662 3990 genuit
684 3917 921 3982 Jaacob,
951 3917 1172 3972 Jaacob
1203 3921 1395 3972 autem
1433 3918 1633 3985 genuit
1656 3918 1881 3987 Joseph

221 4007 412 4062 virum
442 4006 646 4063 Mariae
687 4006 761 4060 de
804 4021 927 4077 qua
969 4014 1143 4060 natus
1178 4009 1264 4058 est
1304 4007 1470 4060 Jesus
1500 4006 1603 4077 qui
1639 4011 1881 4061 vocatur

223 4092 511 4152 Christus.
586 4096 773 4148 Lucas
827 4108 1016 4147 vero:
1053 4092 1204 4164 Ipse.
1268 4093 1479 4164 inquit.
1532 4094 1703 4147 Jesus
1757 4098 1883 4148 erat

217 4182 399 4238 ferme
445 4198 755 4239 annorum
811 4181 1048 4253 triginta
1097 4180 1394 4243 incedens,
1454 4186 1513 4235 ut
1560 4181 1882 4253 putabatur

218 4270 366 4325 ﬁlius
395 4272 629 4341 Joseph
670 4270 772 4341 qui
803 4269 914 4326 fuit
946 4269 1045 4333 Eli,
1084 4269 1183 4341 qui
1218 4269 1322 4324 fuit
1353 4270 1606 4338 Mathan,
1640 4270 1740 4340 qui
1777 4268 1883 4324 fuit

219 4358 489 4431 Levi,qui
524 4358 635 4413 fuit
657 4357 883 4421 Melchi,
912 4360 1016 4428 qui
1046 4357 1155 4412 fuit
1180 4359 1388 4423 Janna,
1411 4358 1513 4429 qui
1536 4358 1643 4414 fuit
1662 4358 1882 4427 Joseph

2057 3208 2835 3279 6,18.thuivexabantura
2854 3208 3158 3279 spiritibus
3176 3206 3524 3268 immundis,
3543 3223 3640 3260 cu-

1983 3297 2289 3354 rabantur.
2343 3297 2470 3353 Non
2499 3299 2654 3351 enim
2703 3298 2911 3367 repetit
2940 3296 3414 3365 conjunctionem
3465 3300 3554 3345 καί
3585 3300 3640 3350 et

1985 3391 2120 3441 ante
2146 3385 2387 3441 verbum
2418 3386 2809 3442 curabuntur.
2842 3385 3003 3440 Facit
3040 3384 3350 3438 nobiscum
3395 3382 3639 3451 Vulgata

1984 3474 2187 3531 editio.

2055 3565 2108 3627 6,
2134 3565 2223 3618 20.
2276 3566 2342 3618 Et
2372 3564 2500 3634 ipse
2541 3563 2777 3617 elevatis
2823 3561 3011 3617 oculis
3058 3561 3176 3615 suis
3222 3561 3277 3615 in
3310 3560 3640 3632 discipulos

1986 3652 2191 3722 (suos).
2217 3652 2366 3705 Nam
2391 3651 2671 3721 repetitur
2692 3650 2849 3702 αὐτοῦ
2870 3665 3018 3705 suos.
3051 3647 3295 3703 Faciunt
3319 3649 3641 3704 nobiscum

1986 3746 2041 3794 et
2070 3740 2495 3810 Complutensis
2519 3744 2573 3792 et
2608 3738 2855 3805 Vulgata
2883 3739 3062 3792 editio
3087 3755 3098 3791 :
3138 3753 3477 3808 quanquam
3508 3736 3638 3790 haec

1987 3828 2064 3882 ad
2095 3827 2419 3882 dictionem
2443 3826 2657 3891 Oculis,
2683 3842 2803 3879 non
2834 3826 3106 3895 adiungit
3128 3826 3491 3894 reciprocum
3516 3826 3640 3878 suis

1986 3916 2165 3986 idque
2196 3915 2378 3972 male.

2060 4009 2110 4069 6,
2152 4007 2241 4059 23.
2284 4006 2427 4058 Ecce
2471 4003 2627 4057 enim
2681 4018 2905 4057 merces
2957 4005 3151 4056 vestra
3206 4001 3390 4056 multa
3442 4004 3528 4054 est
3579 4000 3638 4055 in

1988 4092 2182 4164 (C(elo)
2226 4107 2345 4147 non
2386 4091 2433 4143 ἐν
2460 4100 2563 4151 τοῖς
2593 4091 2845 4164 οὐρανοῖς,
2890 4092 2951 4145 in
2980 4090 3136 4145 caelis
3166 4089 3494 4160 pluraliter.
3535 4090 3640 4144 Fa-

1989 4182 2063 4236 cit
2093 4182 2405 4237 nobiscum
2431 4181 2848 4252 Complutense
2884 4179 3207 4249 exemplar.

2057 4272 2110 4333 6,
2144 4272 2230 4324 26.
2279 4271 2375 4325 Vae
2418 4286 2553 4324 cum
2586 4268 2959 4323 laudaverint
3012 4284 3119 4321 vos
3174 4267 3464 4321 homines.
3515 4269 3638 4321 Non

1987 4360 2146 4414 enim
2174 4358 2408 4413 additur
2438 4360 2557 4429 ὑμῖν
2583 4358 2756 4421 vobis,
2792 4361 2921 4427 post
2948 4354 3409 4424 interjectionem
3450 4370 3548 4408 vw.
3576 4357 3642 4409 Et

217 4449 315 4517 qui
348 4448 457 4502 fuit
485 4446 835 4514 Matatheiaa,
867 4448 963 4517 qui
996 4446 1104 4500 fuit
1148 4448 1349 4507 Amos.
1382 4448 1484 4517 qui
1518 4446 1620 4500 fuit
1669 4450 1878 4511 Naum,
1916 4484 1959 4536 Ι)
1990 4448 2051 4502 in
2091 4449 2203 4501 hoc
2245 4446 2379 4501 facit
2417 4446 2733 4501 uobiscum
2773 4450 2985 4515 prater
3015 4444 3316 4513 exemplar
3342 4443 3636 4513 Complut.

218 4535 319 4605 qui
344 4535 453 4591 fuit
480 4534 634 4597 Ezel,
674 4535 778 4606 qui
804 4533 1174 4604 fuitNaggte,
1210 4534 1311 4605 qui
1361 4533 1468 4589 fuit
1514 4533 1733 4598 Mahat,
1778 4534 1880 4605 qui

218 4624 327 4678 fuit
362 4623 721 4687 Matatheiaa,
750 4623 852 4694 qui
880 4622 987 4678 fuit
1018 4622 1229 4679 Semei.
1260 4622 1362 4694 qui
1391 4622 1755 4693 fuitJoseph,
1784 4624 1880 4694 qui

217 4711 324 4768 fuit
352 4712 612 4775 Jehuda,
646 4710 750 4782 qui
781 4711 888 4767 fuit
933 4711 1273 4776 Johannan,
1300 4712 1402 4782 qui
1442 4710 1548 4765 fuit
1583 4715 1750 4779 Resa,
1778 4713 1881 4783 qui

218 4799 323 4855 fuit
345 4798 751 4864 Zorobbabel,
780 4800 880 4871 qui
916 4799 1021 4854 fuit
1055 4799 1308 4863 Sealtiel,
1338 4799 1441 4870 qui
1467 4798 1571 4853 fuit
1601 4800 1753 4868 Neri,
1781 4801 1880 4870 qui

313 5032 375 5102 y)
409 5034 706 5087 Erasmus
738 5035 780 5082 εί
806 5028 1007 5102 edidit,
1036 5031 1101 5102 ut
1131 5044 1313 5100 supra
1342 5027 1544 5102 ῥᾳϐϐεί.

310 5100 363 5171 si
396 5104 777 5174 Chrysost,_t.
807 5101 917 5165 νη,
954 5117 1011 5172 p.
1046 5101 1268 5174 192,_A.
1300 5100 1681 5174 vehementer
1710 5106 1880 5174 urget

218 5176 273 5222 τὸ
337 5170 551 5235 πάντεξ.
610 5174 669 5225 Ὀ
716 5170 774 5224 δὲ
814 5170 1039 5243 Λᾳυκᾶς,
1102 5172 1254 5243 enim
1309 5172 1512 5243 inquit,
1556 5177 1643 5223 καὶ
1709 5172 1881 5224 ἐπιτε-

220 5249 443 5314 ταμένως
502 5249 594 5295 καὶ
652 5246 780 5315 μετὰ
842 5242 1097 5315 πλείονοςΔ
1130 5242 1284 5293 αὑτὸν
1336 5242 1668 5315 παραμυθίας
1720 5252 1879 5294 τοῦτα

222 5310 480 5387 εἱρηκέναι
536 5310 715 5386 φησὶν.
777 5314 851 5365 Οὐ
908 5316 1007 5385 γὰρ
1069 5310 1134 5369 δὴ
1191 5319 1343 5383 μόνον
1397 5310 1517 5375 rei};
1566 5312 1732 5373 κακῶς
1787 5311 1878 5365 διὰ

221 5383 301 5435 τὸν
353 5391 480 5439 Θεὸν
542 5383 817 5445 ἀκούοντας
874 5383 1153 5455 μακάρίζει
1189 5405 1199 5415 ·
1235 5383 1363 5435 ἀ).λὰ
1414 5390 1503 5436 καὶ
1557 5389 1681 5445 τοὺς
1736 5389 1878 5457 παρὰ

222 5457 419 5507 πάντων
474 5457 648 5518 καλῶς
700 5456 979 5516 ἀκούοντας
1030 5455 1311 5517 ταλανίζει·
1364 5456 1480 5507 οὐαὶ
1541 5458 1642 5527 γὰρ
1702 5455 1875 5526 Optimi,-

225 5533 396 5595 φησὶν,
475 5533 598 5579 ὅταν
670 5528 835 5587 καλῶς
900 5530 1029 5598 ὑμᾶς
1098 5530 1281 5598 εἴπωσι
1348 5529 1530 5586 πάντες
1592 5530 1641 5577 οἱ
1705 5530 1876 5598 ἄνθρω

225 5547 396 5595 φησιν,
475 5548 598 5579 οταν
670 5547 835 5587 καθιως
900 5547 1029 5598 υμας
1098 5547 1281 5578 an:qu
1348 5547 1530 5586 παντες
1592 5547 1641 5577 οι
1705 5547 1799 5578 mu;
1838 5550 1874 5579 ω

223 5615 324 5652 ποι.
382 5604 572 5651 Καίτοι
621 5604 710 5650 καὶ
767 5602 881 5659 τούς
934 5597 1253 5658 ἀποστόλους
1309 5597 1475 5659 καλῶς
1527 5597 1711 5668 ἔλεγονο
1770 5547 1874 5650 6ιὶὶῖ

1990 4536 2165 4591 etiam
2198 4535 2449 4603 Vulgata
2478 4535 2674 4589 editio.
2704 4536 2767 4591 In
2800 4551 2868 4588 eo
2903 4539 3100 4588 autem
3132 4532 3292 4603 quod
3327 4548 3446 4586 non
3474 4531 3642 4586 addit

1991 4630 2194 4678 auctor
2225 4630 2423 4677 noster
2462 4625 2642 4682 πάντες
2673 4624 2745 4693 (z)
2777 4638 2979 4685 omnes,
3028 4626 3163 4675 ante
3196 4622 3467 4683 homines,
3503 4619 3641 4675 facit

1989 4713 2299 4768 nobiscum
2331 4713 2617 4784 Complut.
2653 4712 2848 4774 editio,
2885 4718 2939 4764 et
2973 4709 3180 4763 melius
3218 4708 3642 4779 correspondet

1989 4802 2296 4857 contrariae
2321 4800 2690 4856 beatitudini.

1989 5032 2047 5084 οὐ
2101 5034 2308 5091 πάντες·
2368 5028 2461 5082 διὰ
2520 5036 2671 5082 τοῦτο
2724 5029 2823 5079 αὗκ
2881 5025 3037 5095 εἶπεν,
3100 5032 3218 5080 ὅταν
3274 5027 3444 5090 καλῶς
3506 5031 3643 5101 ὑμᾶς

1990 5106 2201 5175 εᾼῖπωσιν
2246 5105 2293 5153 οἱ
2351 5104 2632 5175 ἀνθρωττοι,
2707 5098 2812 5151 ἀλλ’
2883 5104 3001 5151 ὅταν
3073 5102 3277 5160 πάντες.
3346 5097 3486 5153 Οὐδὲ
3540 5097 3639 5172 ᾆάρ

1990 5171 2209 5225 δυνατὸν
2259 5178 2380 5233 τοὺς
2426 5171 2472 5223 ἐὺ
2520 5172 2672 5244 ἀρετῇ
2738 5175 2929 5233 ζῶντας
2984 5175 3128 5244 παρὰ
3183 5176 3385 5223 πάντων
3440 5171 3640 5223 ἀκούειν

1986 5245 2172 5305 καλῶς*
2235 5248 2299 5298 Et
2346 5228 2384 5297 l'.
2444 5228 2575 5306 νηί,
2640 5228 2763 5307 Ϊέ83ξ
2823 5228 3080 5297 Α.-Οὐαὶ
3124 5245 3262 5315 ὑμῖν,
3318 5248 3435 5294 ὅταν
3475 5243 3643 5304 καλῶς

1986 5316 2173 5367 εἷπώσι
2256 5318 2440 5375 πάντες
2516 5320 2564 5366 οἱ
2637 5316 2914 5386 ἄνθρωποι.
2990 5315 3107 5368 Sed
3182 5315 3643 5386 rChl‘ysttomus

1987 5389 2175 5441 multa
2222 5386 2553 5441 homiletice
2598 5384 2787 5452 magis
2830 5401 3013 5455 quam
3068 5385 3260 5438 critice
3299 5384 3459 5437 dicit.
3499 5384 3643 5453 Ὑμῖν

1984 5458 2195 5522 omitti,
2230 5462 2424 5517 πάντες.
2464 5458 2521 5511 in
2563 5461 2725 5512 textu
2767 5463 2955 5509 servat
2992 5455 3411 5525 Theophylact,
3447 5468 3505 5525 p.
3540 5456 3641 5507 34’;

1987 5535 2046 5583 Α.
2088 5531 2197 5584 Sed
2243 5530 2422 5597 hujus
2467 5528 2870 5599 interpretatio
2915 5528 3019 5599 vix
3047 5523 3285 5599 videtur
3330 5523 3644 5599 admittere

1982 5602 2189 5661 πάντες.
2223 5592 2361 5656 Vide
2402 5602 2524 5656 ibit.
2577 5592 2641 5655 (Ξῖ
2684 5597 2964 5670 Φρίξωμεν,
2999 5593 3231 5666 ἀδελφοὶ,
3274 5602 3385 5651 πῶς
3425 5595 3483 5640 τὸ
3524 5592 3645 5643 οὐαὶ
