4166 6314
492 312 564 371 59
2002 312 2400 370 ΡΒᾹΞΡΔΤΙΟ.
3834 316 3911 372 60

567 440 622 504 6,
653 439 738 494 37.
770 438 881 509 (Et)
910 437 1088 494 nolite
1127 437 1414 510 judicare.
1451 438 1760 510 Siquidem
1788 439 2148 511 praponitur
2177 441 2222 496 A
2327 442 2415 506 10,
2447 444 2532 497 23.
2567 441 2723 496 Beati
2746 441 2902 498 oculi
2930 441 3033 514 qui
3057 441 3262 499 vident
3289 458 3420 514 quae
3450 441 3680 500 videtis.
3707 445 3914 514 Neque

498 534 587 580 καί
617 535 690 591 et,
719 527 779 583 in
810 527 1133 598 exemplari
1158 542 1400 601 quoque
1432 528 1864 599 Complutensi.

567 615 620 680 6,
651 616 743 670 40.
789 613 1089 674 Perfectus
1119 621 1322 676 autem
1356 616 1460 671 erit
1490 616 1643 672 sicut
1666 617 1951 687 magister
1982 632 2143 682 suus,

499 720 615 762 non
648 705 803 761 enim
832 702 1013 760 habet
1043 711 1143 766 πᾶς
1175 704 1254 776 (a)
1284 704 1488 768 omnis,
1516 709 1647 760 ante
1670 707 1801 762 erit.

569 795 620 860 7,
653 795 706 850 7.
739 795 892 850 Loco
923 810 1126 850 eorum
1152 809 1285 866 qua
1313 794 1471 866 apud
1501 795 1646 850 alios
1670 795 1968 851 habentur
1995 795 2148 867 (pro-

496 888 624 955 pter
649 883 812 956 quod
829 888 886 940 et
914 899 1008 940 me
1025 882 1224 954 ipsum
1250 899 1371 939 non
1395 899 1530 938 sum
1557 883 1808 953 dignum
1829 883 2150 940 arbitratus

499 980 563 1027 ut
601 971 864 1030 venirem
897 972 974 1028 ad
1020 971 1099 1042 te)
1126 971 1273 1028 nihil
1313 971 1496 1029 habet
1525 977 1732 1029 auctor
1761 976 1979 1028 uoster.
2033 971 2148 1028 Sed

497 1078 691 1134 neque
712 1062 769 1116 in
791 1060 1085 1125 Mattheeo,
1113 1060 1608 1130 evangelistar-um
1627 1061 1782 1117 dicta
1803 1061 2146 1126 concilians,

500 1152 711 1206 horum
753 1149 893 1205 facit
921 1147 1290 1206 mentionem.
1324 1151 1455 1212 Non
1487 1149 1718 1206 videtur
1757 1165 1898 1219 ergo
1927 1149 2148 1205 librarii

499 1237 860 1308 negligentia
892 1236 1379 1309 praetermissum.
1414 1238 1478 1294 In
1517 1237 1630 1294 hoc
1657 1238 1817 1294 enim
1851 1238 2041 1310 capite
2073 1238 2150 1296 ad

500 1329 621 1384 haec
647 1331 960 1386 contextus
986 1326 1172 1384 verba
1205 1344 1218 1380 :
1251 1346 1278 1380 ‹‹
1303 1328 1432 1382 Non
1464 1328 1619 1382 enim
1651 1343 1784 1382 sum
1816 1326 2090 1396 idoneus,
2120 1348 2147 1374 η

501 1423 633 1485 etc.,
664 1415 795 1472 loco
829 1415 1188 1474 scholiorum
1212 1415 1375 1485 ponit
1403 1416 1584 1472 verba
1607 1431 1743 1486 quae
1778 1420 2146 1488 sequuntur:

504 1508 634 1561 Haec
667 1505 846 1561 etiam
878 1503 1023 1560 dixit
1063 1503 1355 1562 Matthaeus
1391 1521 1402 1559 :
1439 1507 1502 1560 Et
1545 1504 1837 1560 declarata
1886 1508 2023 1559 sunt
2069 1503 2150 1575 (ὁ)

501 1595 781 1666 praedicto
811 1593 1020 1667 capite.
1052 1594 1222 1660 Quod
1254 1595 1301 1650 si
1325 1594 1646 1664 iudicasset
1675 1593 1787 1650 hoc
1817 1594 1945 1648 loco
1980 1593 2152 1647 inter-

501 1683 850 1756 ponendum
872 1699 884 1736 :
904 1683 1143 1754 Propter
1163 1681 1327 1762 quod
1345 1687 1398 1738 et
1421 1698 1516 1737 me
1538 1683 1754 1756 ipsum,
1777 1687 1909 1750 etc.,
1931 1697 2152 1754 nequa-

498 1787 684 1844 quam
713 1772 962 1834 dixisset
985 1771 1190 1828 omnia
1210 1787 1248 1832 a
1272 1771 1547 1830 Matthaao
1573 1786 1699 1826 esse
1719 1771 1898 1835 dicta,
1925 1776 1981 1826 et
2005 1769 2061 1824 in
2082 1785 2152 1826 eo
2177 1790 2218 1843 Β

498 1859 800 1916 declarata
825 1877 963 1914 cum
996 1860 1076 1916 ibi
1101 1860 1259 1916 nulla
1287 1860 1353 1915 ﬁt
1380 1860 1588 1916 horum
1623 1859 1872 1924 mentio.

569 1949 623 2014 7,
655 1952 743 2002 28.
795 1948 937 2004 Dico
959 1949 1116 2004 enim
1147 1948 1317 2010 vobis
1350 1965 1363 2003 :
1396 1949 1457 2003 In
1489 1947 1581 2011 his
1610 1948 1714 2020 qui
1740 1963 1772 2003 e
1811 1946 2152 2006 mulieribus

499 2037 618 2092 nati
649 2041 806 2107 sunt,
846 2038 1060 2107 major,
1100 2037 1328 2098 Joanne
1359 2036 1617 2109 Baptista
1654 2052 1833 2093 nemo
1868 2043 1975 2093 est.
2025 2037 2154 2091 Non

503 2124 665 2180 addit
717 2131 999 2200 προφήτης,
1045 2140 1155 2180 nec
1202 2130 1405 2182 tamen
1445 2124 1676 2188 videtur
1722 2124 2154 2196 negligentiam

503 2214 818 2280 omissum,
842 2214 921 2270 ob
944 2214 1218 2278 eamdem
1245 2230 1514 2279 causam,
1539 2229 1724 2288 quam
1747 2213 2034 2286 superiori
2052 2213 2154 2270 ad-

503 2302 910 2359 notatiuncula
947 2302 1279 2360 retulimus.

567 2393 622 2457 8,
655 2393 714 2448 5.
765 2395 829 2449 Et
860 2392 1122 2448 volucres
1153 2391 1279 2452 caali
1306 2391 1536 2470 (etiam)
1565 2392 1956 2448 comederunt
1987 2389 2150 2460 illud.

500 2481 747 2536 Additur
775 2481 933 2540 enim
961 2480 1028 2552 (ο)
1063 2497 1294 2538 rursum
1325 2485 1414 2535 καὶ
1444 2486 1517 2543 et.

572 2573 622 2635 9,
656 2571 743 2624 43.
779 2569 1068 2630 Omnibus
1092 2585 1230 2628 vero
1247 2568 1683 2626 admirantibus
1709 2583 1892 2638 supra
1907 2566 2001 2624 his
2023 2582 2153 2638 quae

500 2656 754 2718 faciebat
823 2657 1053 2729 (Jesus).
1128 2657 1381 2714 Additur
1436 2657 1596 2716 enim
1648 2671 1870 2720 nomen
1929 2656 2152 2720 Ἰησοῦς,

502 2747 682 2802 etiam
712 2747 770 2800 in
799 2744 1114 2818 exemplari
1140 2745 1428 2818 Complut.

572 2835 626 2901 9,
660 2835 746 2888 55.
794 2837 1126 2890 Conversus
1171 2838 1392 2900 autem,
1440 2831 1767 2904 increpavit
1816 2830 1972 2886 illos.
2028 2833 2156 2888 Non

503 2923 662 2984 enim
704 2923 942 2980 additur
971 2938 1188 2984 nomen
1227 2921 1452 2991 Ἰησοῦς,
1491 2937 1687 2994 neque
1736 2921 1796 2976 in
1832 2919 2156 2994 exemplari

503 3011 828 3084 Complut.,
854 3026 1045 3083 neque
1073 3011 1132 3066 in
1161 3011 1410 3080 Vulgata
1431 3010 1709 3072 editione.
1743 3009 1966 3065 Deinde
1991 3007 2157 3081 quod

503 3101 766 3172 sequitur
797 3100 858 3156 in
888 3099 1170 3155 omnibus
1194 3098 1584 3164 versionibus,
1604 3103 1659 3154 et
1683 3098 1739 3154 in
1760 3101 1960 3155 Graeca
1977 3098 2156 3154 etiam

503 3188 764 3247 editione
800 3187 1206 3260 Complutensi
1257 3192 1443 3259 puta:
1479 3187 1546 3250 Et
1597 3187 1678 3243 ait
1728 3186 1878 3242 illis:
1913 3185 2157 3243 Nescitis

504 3281 678 3351 cujus
729 3279 958 3352 spiritus
989 3279 1126 3335 estis
1159 3294 1280 3334 vos.
1334 3277 1510 3336 Filius
1538 3278 1698 3340 enim
1738 3277 1997 3334 hominis
2033 3290 2154 3332 non

501 3367 662 3424 venit
682 3366 758 3423 ad
782 3365 1154 3437 perdendum
1179 3366 1408 3422 animas
1437 3365 1774 3430 hominum,
1799 3364 1900 3420 sed
1935 3363 2011 3420 ad
2045 3362 2157 3418 sal-

504 3454 771 3510 vandum
801 3471 814 3508 :
839 3469 1193 3526 quanquam
1219 3469 1330 3509 nos
1352 3453 1720 3508 addidimus:
1752 3467 1954 3508 vereor
1969 3451 2054 3522 (d)
2083 3465 2158 3506 ne

504 3558 627 3598 non
679 3543 753 3597 sit
798 3542 1019 3598 librarii
1068 3542 1294 3598 incuria
1341 3541 1682 3598 omissum:
1718 3540 1978 3598 maxime
2024 3555 2156 3594 cum

503 3633 562 3690 in
591 3631 833 3688 scholiis
861 3630 1091 3688 nullam
1115 3630 1292 3686 faciat
1316 3631 1524 3686 horum
1558 3631 1948 3692 mentionem.

577 3724 628 3788 9,
659 3721 750 3778 57.
792 3721 1018 3792 Sequar
1054 3725 1108 3776 te
1137 3735 1500 3792 quocunque
1534 3719 1672 3775 ieris
1700 3719 2003 3792 (Domine).
2045 3717 2159 3773 Ad-

504 3809 726 3868 diditur
751 3810 908 3866 enim
943 3812 1116 3885 Κύριε,
1149 3809 1327 3866 etiam
1357 3808 1419 3866 in
1441 3808 1871 3882 Complutensi.

581 3900 659 3964 10,
690 3901 778 3955 22.
803 3900 893 3971 (Et
921 3915 1245 3955 conversus
1263 3897 1341 3954 ad
1359 3897 1684 3971 discipulos
1701 3897 1874 3969 dixit)
1897 3914 1910 3954 :
1945 3896 2158 3963 Omnia

503 3990 650 4048 mihi
687 3989 904 4046 tradita
934 3992 1071 4044 sunt
1110 4005 1144 4043 a
1191 3988 1358 4042 Patre
1389 4003 1544 4043 meo.
1585 3986 1893 4059 Siquidem
1939 3986 2010 4059 (e)
2055 3986 2159 4042 ad-

504 4079 727 4135 duntur
756 4077 936 4132 etiam
966 4077 1022 4132 in
1069 4073 1397 4146 exemplari
1446 4075 1730 4146 Complut,
1768 4075 1897 4129 haec
1928 4075 2109 4140 verba
2141 4097 2154 4141 ;

507 4170 608 4219 Καὶ
641 4169 879 4237 στραφεὶς
908 4167 1034 4235 πρὸς
1055 4165 1171 4223 τούς
1197 4163 1437 4234 μαθητὰς
1463 4158 1570 4215 sim
1597 4179 1610 4217 :
1641 4161 1706 4217 Et
1727 4177 2049 4218 conversus
2081 4161 2158 4218 ad

506 4253 826 4324 discipulos
856 4251 1022 4307 dixit.

509 4461 706 4530 ἔχωσιν
781 4459 830 4508 οἱ
894 4458 1037 4527 παρὰ
1089 4465 1189 4508 τῶν
1258 4454 1540 4537 ἀηθρώπων
1621 4454 1995 4526 ἐπαινούμενοι.
2043 4461 2232 4537 Ἀιίι)

509 4525 598 4603 μέν
654 4531 753 4600 γὰρ
800 4533 895 4603 ’καὶ
956 4525 1100 4601 impar
1142 4535 1240 4579 τῶν
1293 4525 1576 4603 ἀνθφώπωγ
1632 4525 1972 4603 ἐτι-οιωεζὰθωιἸ
2000 4525 2162 4603 ’ἀλλὰ

507 4597 756 4674 ἔπρὸῖέρᾴν
790 4597 1088 4674 dﬂigam):
1117 4599 1170 4654 Si
1197 4597 1420 4674 πᾳίντωγ,
1451 4597 1780 4674 probasset,
1810 4597 1970 4674 haud
1981 4597 2160 4652 dubie

512 4668 859 4744 scripsisset,
897 4668 1004 4721 ἀλλ’
1034 4670 1092 4722 οὗ
1124 4670 1535 4744 παρὰήπάντων.
1584 4673 1665 4744 ita
1705 4673 1886 4744 certe-
1917 4669 2162 4740 Chryso-

509 4738 740 4798 stomus
767 4738 1226 4809 argumentatur.
1272 4743 1391 4796 Hoc
1422 4745 1610 4795 autem
1650 4740 1706 4794 in
1747 4738 2042 4795 confesso
2076 4744 2161 4795 est

509 4813 897 4886 Euthymium
923 4820 991 4886 et
1007 4813 1553 4886 Theophylactum,_
1572 4810 1988 4886 accedentibus
2030 4826 2163 4882 pro-

509 4882 830 4941 batioribus
862 4882 1190 4946 codicibus,
1211 4882 1443 4955 semper
1462 4882 1657 4938 valere
1679 4887 1886 4938 contra
1909 4882 2163 4955 Chryso-

511 4963 688 5011 stom.
740 4959 820 5011 Ex
847 4957 1260 5028 Chrysostomo
1290 4953 1431 5028 ergo
1467 4957 1587 5028 ὑμῖν
1633 4959 1688 5010 et
1717 4955 1903 5014 πάντες
1932 4953 2161 5028 illatum

512 5028 752 5082 scholiis
780 5033 836 5081 et
856 5024 1098 5090 catenis,
1130 5043 1200 5083 ac
1225 5024 1440 5084 deinde
1462 5024 1639 5083 etiam
1669 5024 1987 5082 contextui.

605 5102 658 5157 a)
693 5103 795 5157 ua;
826 5099 1003 5152 habet
1035 5105 1279 5168 uterque
1310 5111 1506 5155 mens.

605 5102 658 5157 a)
693 5103 795 5157 ua;
826 5099 1003 5152 habet
1035 5105 1279 5168 uterque
1310 5111 1506 5155 mens.

582 5099 898 5238 inﬁvolve
923 5168 1075 5222 infra
1113 5169 1172 5222 in
1207 5167 1688 5239 interpretatione
1707 5167 1916 5224 Matth.
1957 5183 2053 5221 vin
2078 5167 2163 5231 13,

511 5244 602 5292 καὶ
635 5238 778 5296 ὶὰθη.
829 5239 1100 5294 Consistit
1155 5239 1248 5294 hic
1296 5238 1465 5294 locus
1501 5246 1840 5294 caeterorum
1888 5239 2166 5296 codicum

513 5310 859 5366 aucoritate.
882 5309 1078 5382 Quid?
1107 5310 1263 5382 quod
1286 5327 1395 5366 nec
1428 5310 1638 5382 Bircliii
1658 5311 1806 5382 iCod.
1843 5311 1973 5364 Vat.
2011 5308 2165 5373 1209,

512 5383 568 5437 in
598 5382 845 5447 gratiam
879 5381 1223 5438 Latinorum
1248 5381 1373 5436 hinc
1399 5381 1618 5436 omittit
1648 5381 1674 5433 ?

589 5453 669 5592 ξς)
699 5453 910 5507 Neuter
935 5468 1206 5508 meorum
1235 5453 1500 5522 agnoscit
1531 5457 1636 5503 καί.

613 5523 668 5592 d)
701 5522 949 5592 Copiose
989 5525 1063 5578 de
1091 5523 1198 5578 hoc
1246 5523 1385 5592 loco,
1423 5522 1636 5592 disput:

2257 529 2416 583 enim
2446 529 2507 584 in
2539 533 2774 585 auctore
2799 535 3022 596 nostro,
3063 546 3258 604 neque
3297 532 3355 587 in
3385 531 3712 603 exemplari
3740 533 3918 587 Com-

2256 617 2405 688 plut.
2455 618 2802 689 exprimitur
2831 620 2977 690 ὑμεῖς
3019 633 3137 674 vos.
3183 618 3360 675 Video
3414 619 3643 686 ethoc,
3697 623 3752 675 et
3801 618 3920 675 alia

2257 705 2531 776 quadam
2555 705 2902 776 hujusmodi
2924 706 3218 764 minutula
3235 724 3379 770 esse,
3405 712 3461 763 et
3485 723 3619 778 quas
3646 707 3915 762 fortassis

2256 794 2435 850 alicui
2518 796 2898 852 adnotatione
2985 797 3229 866 indigna
3291 796 3652 852 videbuntur
3698 795 3914 863 ;uolui

2256 887 2459 940 tamen
2487 883 2557 954 (Γ)
2588 885 3052 955 praetermittere,
3084 901 3159 940 ne
3188 885 3516 957 quisquam
3547 884 3905 956 negligentia

2260 976 2362 1032 aut
2390 973 2714 1030 temeritate
2739 973 2946 1029 relicta
2969 979 3138 1046 putet
3168 990 3274 1030 seu
3293 974 3628 1031 immutata.

2334 1066 2417 1129 10,
2437 1064 2523 1117 39.
2544 1063 2682 1128 Quae
2699 1062 2877 1118 etiam
2897 1062 3164 1119 assidens
3179 1062 3256 1119 ad
3273 1063 3456 1134 pedes
3470 1061 3608 1117 Jesu
3627 1061 3918 1124 audiebat

2258 1150 2609 1222 (sermones)
2629 1151 2800 1206 illius.
2831 1150 3193 1210 Habeteuim
3215 1151 3394 1207 etiam
3413 1150 3719 1223 exemplar
3741 1153 3916 1207 Com-

2257 1238 2530 1311 plutense
2557 1248 2657 1292 τῶν
2681 1239 2845 1311 λόγων
2875 1240 3199 1310 pluraliter.

2330 1329 2417 1394 11,
2452 1333 2545 1384 53.
2596 1327 2914 1401 Coeperunt
2958 1328 3221 1400 (Scribae)
3249 1333 3304 1387 et
3350 1328 3627 1388 Pharismi
3657 1328 3918 1398 graviter

2259 1417 2550 1475 insistere.
2586 1419 2711 1473 Non
2743 1417 2901 1472 enim
2934 1417 3116 1484 habet
3155 1422 3360 1490 νομικοὶ
3393 1418 3526 1488 legis
3563 1418 3765 1486 periti,
3809 1418 3917 1473 sed

2258 1514 2580 1580 γραμματεῖς
2624 1506 2860 1563 Scribae.
2908 1509 2974 1562 Et
3023 1505 3221 1562 statim
3264 1506 3422 1563 infra
3469 1507 3681 1562 eodem
3715 1523 3914 1572 versu,

2260 1612 2382 1651 non
2408 1595 2588 1651 habet
2608 1595 2979 1668 ἀποστομίζειν
3011 1596 3266 1666 captiose
3285 1597 3655 1666 interrogare
3679 1613 3691 1650 :
3718 1612 3915 1669 neque

2261 1702 2398 1741 cum
2452 1684 2582 1740 aliis
2643 1684 3001 1757 ἐπιστομίζειν
3057 1701 3117 1742 os
3171 1685 3479 1751 obstruere,
3532 1685 3636 1740 sed
3686 1683 3915 1737 ἀποστο-

2260 1775 2494 1846 ματίζεν,
2537 1775 2646 1830 hoc
2699 1779 2804 1845 est,
2865 1774 2942 1830 ab
2994 1789 3096 1830 ore
3150 1775 3534 1843 interrogare.
3593 1773 3742 1840 Quid
3798 1774 3914 1830 hoc

2261 1868 2458 1919 autem
2502 1862 2613 1919 sibi
2641 1862 2797 1931 velit,
2842 1862 2976 1920 vide
3020 1862 3078 1918 in
3123 1862 3302 1932 hujus
3349 1861 3461 1928 loci
3508 1862 3902 1920 enarratione.

2337 1954 2422 2016 12,
2480 1953 2567 2006 18.
2622 1954 2685 2007 Et
2727 1951 2864 2007 illuc
2905 1951 3287 2021 oongregabo
3336 1951 3538 2008 omnia
3590 1967 3726 2024 quae
3771 1956 3914 2007 nata

2262 2046 2398 2104 sunt
2439 2039 2604 2094 mihi.
2658 2041 2856 2110 Neque
2896 2040 2983 2117 (θ)
3028 2038 3186 2098 enim
3237 2038 3475 2095 additur
3505 2044 3594 2092 καὶ
3634 2041 3702 2091 τὰ
3741 2037 3914 2110 ἀγαθά

2261 2148 2381 2200 μου.
2417 2128 2484 2182 Et
2511 2129 2676 2184 bona
2705 2144 2859 2184 mea.

2334 2219 2422 2285 13,
2453 2218 2536 2274 15.
2571 2216 2949 2288 (Hypocritaa)
2967 2216 3380 2288 unusquisque
3401 2221 3661 2274 vestrum
3696 2215 3918 2274 Subba-

2263 2306 2362 2362 tho
2410 2321 2532 2362 non
2583 2304 2776 2370 solvit,
2825 2310 2938 2361 etc.
2996 2305 3179 2361 Habet
3225 2307 3386 2363 enim
3435 2304 3738 2376 pluraliter
3785 2305 3914 2357 ὑπο-

2262 2398 2464 2468 κριταί.
2523 2392 2898 2451 Concordant
2946 2399 3003 2451 et
3049 2394 3356 2467 exemplar
3397 2385 3816 2468 COmplutense
3863 2399 3918 2452 et

2262 2484 2514 2553 Vulgata
2537 2483 2738 2538 editio.

2334 2573 2422 2638 13,
2475 2576 2562 2628 35.
2609 2574 2755 2628 Ecce
2799 2571 3148 2644 relinquitur
3195 2572 3366 2640 vobis
3405 2573 3622 2628 domus
3670 2576 3910 2641 vestra:

2263 2664 2388 2728 Non
2427 2661 2774 2732 exprimitur
2823 2663 3008 2734 ἔρημος
3055 2661 3300 2732 deserta,
3353 2661 3518 2736 quod
3563 2677 3635 2718 ex
3679 2677 3915 2720 enarra-

2263 2750 2422 2806 tione
2448 2754 2606 2822 patet
2628 2749 2852 2806 librarii
2877 2749 3015 2806 vitio
3043 2749 3265 2806 factum
3298 2766 3413 2806 non
3443 2765 3591 2807 esse.

2335 2843 2422 2906 14,
2462 2841 2546 2895 15.
2588 2839 2803 2894 Beatus
2847 2839 2951 2911 qui
2996 2839 3364 2911 (prandium)
3408 2839 3577 2902 sumit
3624 2840 3685 2896 in
3729 2855 3914 2909 regno

2267 2928 2385 2983 Dei.
2420 2930 2620 2999 Neque
2662 2927 2819 2983 enim
2860 2927 3042 3000 habet
3084 2927 3238 3000 ἄρτον
3281 2942 3520 3005 panem,
3555 2927 3658 2984 sed
3701 2929 3915 3002 ἄριστον

2259 3015 2596 3086 prandium.
2658 3015 2992 3078 Concordat
3044 3016 3223 3072 etiam
3279 3015 3585 3088 exemplar
3642 3016 3917 3088 Complu-

2191 3136 2233 3192 ϐ
2265 3110 2448 3162 tense.

2338 3195 2424 3258 14,
2478 3194 2566 3247 21.
2625 3195 2691 3248 Et
2743 3208 3017 3256 reversus
3074 3208 3282 3250 servus
3339 3192 3478 3264 (ille)
3534 3192 3918 3263 renuntiavit,

2265 3286 2381 3338 etc.
2431 3284 2557 3338 Non
2607 3281 2847 3338 additur
2889 3280 3076 3344 ἐκεῖνος
3113 3281 3233 3348 ille,
3278 3281 3454 3338 etiam
3495 3281 3556 3356 in
3596 3282 3923 3356 exemplari

2267 3369 2693 3442 Complutensi.

2339 3460 2424 3524 i5,
2455 3463 2544 3516 26.
2583 3462 2647 3515 Et
2687 3459 2973 3517 accersito
3003 3474 3124 3516 uno
3163 3457 3237 3516 de
3277 3459 3482 3524 servis.
3516 3461 3644 3516 Non
3689 3459 3921 3518 additur

2265 3547 2424 3600 αὐτοῦ
2450 3549 2567 3602 suis
2608 3548 2714 3619 (h),
2741 3563 2852 3603 nec
2880 3548 2941 3604 in
2986 3547 3306 3623 exemplari
3339 3547 3770 3620 Complutensi,
3814 3563 3921 3603 nec

2263 3637 2325 3693 in
2347 3635 2604 3693 editione
2623 3636 2898 3706 Vulgata.

2337 3726 2423 3792 17,
2454 3728 2506 3781 4.
2541 3727 2608 3780 Et
2637 3725 2850 3795 septies
2884 3725 2944 3780 in
2973 3723 3070 3780 die
3099 3739 3424 3786 conversus
3463 3725 3639 3782 fuerit
3666 3725 3872 3781 dicens
3904 3743 3917 3781 :

2336 3814 2584 3871 Paenitet
2613 3830 2729 3870 me.
2762 3816 2892 3869 Non
2939 3813 3121 3871 habet
3163 3812 3246 3866 ἐπί
3279 3833 3334 3867 σε
3376 3814 3446 3870 ad
3475 3821 3542 3870 te.
3590 3815 3924 3889 Concordat

2264 3903 2444 3961 editio
2475 3903 2933 3975 Complutensis.

2342 3993 2422 4057 l7,
2455 3993 2544 4048 2t.
2579 3995 2779 4063 Neque
2818 3991 3011 4046 dicent
3048 4006 3061 4044 :
3101 3993 3248 4047 Ecce
3290 3991 3406 4058 hic,
3453 4007 3582 4048 ecce
3611 3991 3748 4048 illic.
3793 3995 3920 4050 Non

2264 4081 2330 4153 (ἱ)
2380 4079 2561 4136 habet
2606 4083 2635 4137 ἤ
2671 4085 2820 4134 aut:
2853 4080 3002 4134 sicut
3045 4081 3224 4137 etiam
3272 4079 3426 4138 infra
3479 4096 3648 4136 versu
3685 4083 3774 4146 23,
3818 4080 3922 4150 ubi

2266 4167 2477 4224 eadem
2508 4172 2854 4240 repetuntur
2891 4168 3096 4232 verba,
3142 4169 3204 4224 in
3243 4168 3406 4224 nullo
3435 4169 3689 4226 habetur
3719 4184 3925 4240 exem-

2264 4257 2437 4330 plari.
2468 4255 2866 4312 Conformiter
2891 4256 3030 4326 legit
3059 4261 3116 4314 et
3143 4257 3578 4330 Complutensis
3603 4259 3800 4316 editio.

2451 4534 2622 4586 Recte
2673 4531 2882 4594 fecisti,
2919 4532 3181 4587 Henteni.
3227 4531 3372 4588 Nam
3400 4533 3496 4588 vel
3538 4549 3610 4589 ex
3637 4532 3750 4589 tuis
3795 4533 3929 4590 ani-

2269 4601 2795 4674 madversionibus
2828 4607 3120 4674 apparent
3148 4603 3643 4660 hallucinationes
3676 4605 3925 4674 Erasmi,

2267 4673 2528 4729 hominis
2559 4673 2726 4739 levis,
2763 4674 3133 4743 negligentis,
3161 4675 3525 4746 temerariiet
3550 4675 3784 4746 perﬁdi.
3806 4673 3928 4746 P19}

2268 4761 2456 4816 raque
2493 4746 2672 4811 enim,
2722 4741 2858 4815 quae
2899 4746 3259 4811 memorasti,
3302 4761 3402 4816 per
3445 4741 3611 4800 illum
3658 4747 3733 4802 ad
3782 4741 3927 4802 Vul-

2271 4815 2468 4884 gatam
2501 4816 2765 4871 Latinam
2787 4820 2926 4870 sunt
2955 4815 3113 4887 licta.
3143 4815 3376 4881 Quanta
3405 4817 3522 4872 fide
3543 4821 3598 4872 et
3620 4817 3930 4887 diligentia

2270 4889 2329 4942 in
2379 4888 2695 4958 postremis
2741 4886 3101 4958 editiouibus
3147 4888 3265 4941 suis
3298 4886 3777 4958 Complutensem
3817 4897 3927 4944 tra-

2272 4957 2462 5020 ctat-it,
2490 4973 2667 5012 nemo
2695 4957 2930 5011 criticus
2954 4957 3201 5028 ignorat.
3219 4957 3534 5022 QuomOdo
3557 4975 3697 5029 ergo
3723 4966 3929 5016 tracta~

2273 5030 2418 5101 verit
2448 5029 2728 5083 codices?
2748 5031 2892 5083 Nam
2920 5030 3027 5084 etsi
3057 5044 3163 5086 nec
3191 5030 3624 5101 Complutensis
3651 5047 3685 5088 a
3716 5032 3930 5086 criticis

2273 5099 2500 5175 idoneis
2556 5104 2760 5175 curata
2809 5104 2915 5165 est,
2967 5105 3164 5175 tamen
3212 5099 3395 5157 habet
3440 5102 3658 5164 multas
3714 5103 3930 5175 probas

2275 5170 2553 5226 lectiones
2586 5169 2663 5225 ab
2697 5171 2942 5225 Erasmo
2965 5169 3282 5238 neglectas.

2349 5243 2430 5308 (g)
2461 5243 2660 5297 Servat
2686 5246 2928 5311 uterque
2958 5257 3153 5298 meus.

2348 5312 2433 5386 (Ii)
2463 5312 2944 5386 adroc_Eras_mus
2977 5313 3188 5386 intulit,
3223 5329 3332 5386 pro
3363 5330 3485 5385 quo
3517 5319 3717 5370 tamen
3759 5314 3934 5372 silent

2279 5383 2528 5446 codices,
2565 5400 2598 5439 a
2630 5384 2854 5438 Blrchio
2881 5385 3192 5440 examinati
3222 5383 3460 5440 Omnes.
3502 5386 3690 5442 Miror.

2355 5453 2418 5525 (i)
2459 5455 2650 5509 Primo
2699 5455 2830 5511 loco
2877 5460 3120 5527 uterque
3171 5471 3340 5512 meus
3391 5458 3622 5521 omittit,
3671 5457 3935 5513 secundo

2338 4461 2416 4656 (ea
2445 4461 2524 4514 De
2554 4459 2669 4515 hoc
2703 4460 2878 4515 etiam
2913 4460 3042 4517 loco
3070 4459 3149 4515 ibi
3181 4460 3326 4526 dixi,
3360 4477 3493 4532 pag.
3522 4461 3646 4518 240.

2451 4534 2622 4586 Recte
2673 4531 2882 4594 fecisti,
2919 4532 3181 4587 Henteni.
3227 4535 3371 4588 Nam
3400 4533 3496 4588 vel
3538 4539 3646 4589 ext

2338 4619 2369 4656 a
2420 4601 2795 4656 versionibus
2828 4607 3120 4656 armarent
3148 4603 3643 4656 hallucinationes

613 5519 668 5593 ά)
701 5522 1063 5597 Copiosehde
1091 5523 1198 5578 hoc
1245 5519 1391 5597 ideo
1423 5521 1720 5597 disputavi
1758 5521 1819 5576 in
1850 5537 1986 5577 mea
2029 5519 2173 5576 Novi
2285 5519 2528 5597 uterque
2565 5530 2782 5582 servat.

513 5590 876 5650 Testamenti
903 5593 1159 5651 editione
1187 5593 1262 5652 ad
1284 5593 1345 5650 h.
1377 5591 1415 5649 l.
1452 5590 1640 5663 p.323
1672 5606 1837 5663 seqq.
