4166 6314
487 337 557 398 63

1989 334 2384 397 ΡΗᾸΞΡΑΤῙΟ.

3819 340 3895 397 64

492 467 661 520 πάντα
688 466 764 540 (z)
809 482 933 524 non
978 470 1175 528 πάντας
1220 482 1441 526 omnes.
1481 471 1784 525 Consonat
1826 464 2131 537 exemplar

2252 470 2344 516 οείν
2367 464 2547 532 αὐτοῦ,
2577 471 2640 521 ut
2667 469 2909 538 possent
2937 482 3219 523 accusare
3256 482 3416 534 eum,
3460 465 3563 522 sed
3590 469 3675 518 ἶνα
3718 469 3895 539 ἔχωσι

492 554 930 628 Complutense.

563 644 613 711 3,
648 644 735 699 22.
768 644 933 701 Etibi
965 645 1310 702 morabatur
1333 661 1470 701 cum
1509 643 1834 717 discipulis,
1875 659 1945 700 ac
1971 642 2132 713 (bap-

490 731 771 803 tiZabant)
818 733 1119 806 Siquidem
1152 733 1456 806 pluraliter
1487 730 1666 790 habet
1699 734 1778 806 (a)
1811 731 2083 791 ἐϐάπτιζον
2115 748 2128 788 :

490 821 647 893 quod
684 838 757 878 ex
796 822 1034 879 scholiis
1060 823 1432 878 manifestius
1461 826 1731 895 apparet.

563 913 616 977 4,
644 913 731 967 31.
760 914 986 967 Interea
1014 913 1303 980 rogabant
1332 927 1469 967 eum
1518 911 1793 983 discipuli
1818 908 1994 983 (ejus)
2034 908 2128 964 di-

492 1005 690 1056 centes
743 1017 756 1055 :
810 999 1023 1070 Rabbi,
1083 1002 1351 1056 comede.
1412 1000 1665 1056 Additur
1725 1000 1884 1055 enim
1951 998 2130 1068 αὑτοῦ,

494 1086 677 1142 etiam
705 1087 766 1143 in
797 1087 1122 1159 exemplari
1151 1088 1578 1160 Complutensi.

566 1174 619 1241 6,
653 1176 739 1229 52.
772 1177 1085 1241 Quomodo
1125 1182 1321 1248 potest
1351 1177 1447 1233 hic
1477 1177 1652 1233 nobis
1691 1176 1828 1232 dare
1868 1190 2132 1241 carnem,

495 1262 575 1319 ad
607 1263 1047 1319 comedendum
1067 1266 1095 1321 ?
1121 1265 1359 1322 Nullum
1392 1266 1472 1338 (ὁ)
1504 1268 1771 1322 Graecum
1810 1263 2131 1334 exemplar,

495 1351 658 1423 quod
693 1350 963 1417 viderim,
995 1352 1265 1409 additum
1307 1353 1489 1410 habet
1531 1354 1691 1406 αὑτοῦ
1732 1367 1921 1419 suam,
1949 1365 2137 1423 quan-

495 1453 680 1510 quam
711 1439 946 1495 verterit
970 1443 1247 1497 Erasmus
1272 1457 1285 1496 :
1316 1441 1562 1497 Carnem
1587 1440 1749 1498 illam
1772 1455 1964 1495 suam.

568 1527 619 1592 6,
652 1532 738 1583 70.
782 1529 1108 1601 Respondit
1157 1529 1241 1586 eis
1279 1545 1290 1585 :
1335 1532 1487 1585 Num
1516 1545 1628 1600 ego
1667 1544 1772 1584 vos
1817 1527 2137 1583 duodecim

497 1615 697 1687 elegi?
740 1619 865 1672 Non
909 1617 1149 1673 additur
1197 1618 1419 1687 Ἰησοῦς,
1469 1633 1657 1690 neque
1712 1618 1774 1673 in
1813 1614 2139 1688 exemplari

499 1704 920 1777 Complutensi.

2241 558 2559 629 κατηγορίαν
2607 550 2719 606 κατ’
2769 553 2950 620 αὐτοῦ,
2990 559 3056 611 ut
3106 556 3396 612 haberent
3445 554 3894 612 accusationem

2241 638 2527 698 adversus
2556 658 2714 698 eum.
2745 645 3031 699 Praeterea
3058 659 3195 699 cum
3225 647 3360 716 post
3384 658 3579 716 pauca
3599 642 3785 699 verba
3803 659 3893 698 se-

2241 730 2485 802 quentia
2512 745 2687 787 versu
2716 735 2770 800 9,
2792 729 3008 787 dicitur
3035 752 3046 790 :
3078 730 3248 788 Initio
3278 730 3436 789 facto
3464 749 3499 789 a
3525 730 3888 798 senioribus,

2242 818 2482 875 additur
2505 820 2599 880 ἕως
2638 828 2738 872 τῶν
2788 819 3028 892 ἐσχάτων
3067 836 3253 894 usque
3284 820 3356 876 ad
3389 825 3738 892 postremos.
3776 823 3893 876 De-

2239 905 2378 961 inde
2405 913 2574 962 Versu
2601 907 2688 973 lO,
2723 902 2822 963 ubi
2854 908 3127 964 subditur
3160 918 3171 962 ε
3204 908 3350 964 Cum
3370 912 3570 964 autem
3605 908 3895 965 erexisset

2243 1011 2305 1051 se
2323 997 2511 1050 Jesus.
2544 998 2744 1068 Neque
2767 989 2885 1063 hic,
2907 1012 3096 1069 neque
3126 995 3187 1051 in
3209 996 3457 1066 Vulgata
3495 997 3747 1052 editione
3774 996 3855 1052 ad
3873 1026 3896 1039 -

2242 1083 2396 1138 ditur
2449 1089 2903 1156 consequenter,
2966 1089 3055 1136 καὶ
3107 1081 3312 1157 μηδένα
3373 1085 3700 1157 θεασάμενος,
3759 1078 3892 1143 πλὴν

2243 1180 2346 1234 τῆς
2373 1176 2635 1243 γυναικός.
2682 1174 2750 1228 Et
2783 1172 3090 1228 neminem
3139 1172 3405 1228 vidisset:
3444 1177 3654 1244 praeter
3683 1172 3897 1229 mulie-

2242 1275 2370 1316 rem
2395 1283 2406 1325 ;
2430 1261 2595 1332 quod
2625 1265 2825 1317 tamen
2854 1265 2909 1317 et
2928 1260 2989 1316 in
3020 1260 3430 1332 Complutensi
3466 1260 3720 1316 editione
3748 1266 3806 1316 et
3831 1262 3896 1316 in

2245 1349 2376 1406 aliis
2405 1349 2614 1405 Graecis
2646 1349 2901 1406 habetur
2921 1349 3363 1421 exemplaribus
3393 1366 3405 1402 :
3440 1349 3545 1404 sed
3584 1349 3720 1405 loco
3761 1349 3896 1420 ejus

2244 1437 2421 1494 habet
2462 1434 2595 1490 εἶδεν
2641 1437 2824 1495 «ann-
2877 1437 3033 1494 Vidit
3086 1453 3241 1494 eam.
3270 1441 3332 1493 In
3372 1437 3693 1509 exemplari
3747 1452 3898 1506 ergo

2245 1525 2647 1598 Complutensi
2671 1526 2931 1598 plurima
2950 1525 3263 1583 nobiscum
3290 1525 3515 1582 faciunt
3544 1529 3752 1581 contra
3775 1525 3899 1581 alia

2246 1613 2610 1686 exemplaria
2647 1613 2884 1682 Graeca;
2926 1614 3210 1686 quaedam
3239 1628 3381 1670 vero
3420 1629 3557 1669 cum
3590 1618 3648 1669 et
3678 1613 3811 1668 aliis
3842 1618 3899 1670 et

2247 1718 2369 1759 non
2398 1701 2737 1758 nobiscum.
2790 1703 2942 1767 Quin
2973 1706 3030 1758 et
3074 1702 3217 1758 illud
3265 1701 3571 1774 exemplar
3614 1701 3897 1773 quaedam

569 1800 624 1859 7,
652 1795 704 1848 1.
736 1797 862 1850 Non
892 1795 1049 1851 enim
1083 1796 1356 1868 (poterat)
1401 1797 1460 1851 in
1488 1795 1701 1851 Judaaa
1737 1794 1975 1850 versari.
2009 1794 2139 1848 Non
2173 1810 2218 1864 Β
2245 1791 2446 1858 habet,
2478 1807 2614 1864 qua
2637 1806 2833 1864 neque
2858 1807 2966 1847 nos
2990 1790 3304 1857 habemus,
3334 1806 3529 1863 neque
3556 1791 3672 1847 alia
3694 1805 3898 1846 exem-

498 1881 683 1937 habet
709 1882 883 1939 ἤθελεν
907 1883 1167 1953 volebat,
1191 1883 1294 1939 sed
1321 1882 1460 1955 εἶχεν
1490 1883 1751 1950 ἐξουσίαν,
1774 1881 2030 1938 habebat
2047 1897 2141 1953 p0-

502 1971 794 2033 testatem,
821 1970 962 2035 sive,
989 1973 1237 2026 Poterat.

573 2062 625 2126 7,
652 2059 733 2112 12.
755 2058 866 2112 Alii
889 2074 1028 2113 vero
1055 2060 1333 2115 dicebant
1359 2073 1372 2113 :
1398 2058 1547 2125 Non,
1569 2058 1673 2113 sed
1696 2057 1930 2113 seducit
1947 2056 2142 2129 (mun-

503 2143 694 2218 dum).
726 2145 853 2200 Non
893 2145 1073 2202 habet
1095 2146 1251 2218 ὄχλον
1293 2147 1550 2212 turbam,
1593 2147 1695 2201 sed
1739 2149 1935 2217 κόσμον
1974 2160 2142 2201 mun-

501 2233 665 2299 dum,
691 2234 852 2305 quod
883 2234 1062 2291 etiam
1090 2235 1152 2290 in
1181 2233 1418 2291 scholiis
1448 2235 1802 2291 declaratur.

571 2323 625 2390 7,
656 2323 745 2379 53.
772 2322 974 2396 (Abiit)
999 2324 1486 2397 unusquisquein
1512 2324 1758 2379 domum
1790 2339 1986 2378 suam.
2015 2325 2140 2379 Non

501 2410 654 2467 enim
695 2410 878 2467 habet
920 2411 1192 2486 ἐπορεύθη,
1246 2413 1541 2486 profectus
1591 2416 1693 2479 est,
1732 2411 1838 2467 sed
1892 2410 2141 2470 turma.

497 2499 653 2557 Infra
683 2501 880 2556 statim
902 2516 1035 2573 cap.
1067 2518 1187 2567 vm,
1214 2501 1246 2555 2
1279 2501 1570 2573 (Summo)
1598 2517 1735 2557 vero
1760 2500 2020 2556 diluculo
2040 2501 2137 2555 ite-

496 2604 633 2647 rum
690 2590 897 2662 (venit)
950 2591 1163 2663 (Jesus)
1208 2592 1267 2646 in
1328 2591 1641 2663 templum.
1692 2590 1940 2645 Additur
1981 2588 2141 2644 enim

500 2675 686 2751 βαθέος
740 2694 966 2734 summa
1003 2679 1096 2734 vel
1135 2679 1461 2748 profundo,
1512 2682 1569 2734 et
1616 2694 1840 2735 nomen
1895 2677 2137 2747 Ἰησοῡς;

497 2768 617 2822 Nec
658 2766 841 2823 habet
888 2769 1189 2841 παρεγένετο
1231 2767 1486 2831 accessit,
1553 2767 1659 2823 sed
1710 2764 1879 2825 ἦλθεν.
1942 2769 2007 2821 Et
2058 2767 2140 2821 in-

497 2854 586 2910 fra
616 2869 769 2911 vers.
802 2858 831 2910 3
875 2871 888 2910 :
924 2854 1278 2926 (Adducunt)
1310 2855 1643 2911 mulierem.
1691 2858 1816 2911 Non
1855 2854 2035 2911 habet
2061 2859 2140 2927 φέ-

495 2962 680 3017 ρουσιν
708 2944 989 3013 afferunt,
1022 2943 1126 2999 sed
1163 2944 1380 3015 ἄγουσι.
1428 2946 1544 2999 Nec
1593 2942 1834 2999 additur
1879 2946 2010 3017 πρὸς
2051 2943 2140 2995 αὐ-

494 3036 583 3084 τὸν
612 3032 690 3087 ad
734 3047 879 3089 eum.
917 3031 1073 3089 Infra
1123 3048 1277 3088 vers.
1327 3031 1482 3087 eod:
1528 3031 1640 3086 Ἐπὶ
1690 3036 1931 3106 μοιχείᾳ,
1986 3033 2045 3087 in
2083 3048 2142 3088 a-

495 3118 768 3187 dulterio,
800 3135 921 3176 non
949 3119 998 3173 ἐν
1023 3125 1259 3194 μοιχείᾳ.
1288 3124 1432 3177 Item
1457 3120 1640 3178 habet
1668 3117 1807 3173 εἷπον
1836 3122 2119 3178 dixerunt

494 3223 617 3266 non
644 3209 854 3282 λέγουσι
887 3209 1114 3265 dicunt.
1149 3209 1397 3266 Additur
1429 3225 1671 3282 quoque
1713 3210 1773 3265 in
1812 3215 2017 3266 nostro
2046 3225 2142 3265 ex-

495 3297 743 3370 emplari
786 3299 1113 3374 πειράζοντες
1165 3303 1476 3356 tentantes.
1535 3301 1650 3356 Nec
1699 3298 1878 3355 habet
1927 3302 2060 3357 αὕτη
2106 3300 2137 3357 ἡ

494 3390 624 3457 γυνὴ
661 3387 1002 3459 κατειλήφθη,
1053 3388 1199 3445 Haec
1238 3387 1447 3443 mulier
1489 3388 1861 3459 deprehensa
1899 3392 2001 3450 est,
2036 3386 2142 3441 sed

494 3476 689 3531 ταύτην
747 3475 976 3549 εὕρομεν,
1039 3477 1212 3534 Hanc
1260 3474 1620 3530 invenimus.
1652 3475 1806 3529 Infra
1850 3490 2003 3529 vers.
2037 3479 2067 3528 5
2126 3495 2138 3528 :

494 3565 577 3617 Tu
602 3566 802 3618 autem
847 3563 992 3634 quid
1034 3565 1117 3617 ais
1150 3563 1251 3633 (de
1282 3561 1448 3632 illa?)
1513 3562 1762 3617 Additur
1816 3562 1975 3617 enim
2022 3568 2141 3637 περὶ

498 3649 681 3712 αὐτῆς.
732 3652 844 3705 Nec
869 3649 1009 3706 dicit
1047 3650 1200 3707 infra
1259 3666 1407 3705 vers.
1453 3650 1506 3715 6,
1563 3652 1646 3703 ἵνα
1693 3652 1861 3723 ἔχωσι
1912 3670 2137 3724 κατηγο-

565 3775 642 3847 (z)
669 3776 750 3829 Ex
780 3775 1201 3847 Chrysostomo
1232 3774 1344 3847 hoc
1363 3774 1709 3847 assumpsit,
1754 3774 1856 3847 qui
1893 3775 1953 3830 in
1981 3774 2139 3847 codi-

495 3845 667 3903 cibus
695 3845 1148 3911 Mosqueusibus
1176 3846 1358 3902 habet
1386 3849 1453 3899 τὰ
1481 3845 1668 3911 natura,
1704 3845 1807 3902 sed
1838 3845 2136 3902 Montefal-

496 3919 726 3982 conius,
754 3922 794 3973 t.
824 3919 958 3985 Vill,
992 3935 1046 3988 p.
1072 3919 1171 3972 137
1200 3919 1256 3973 C.
1282 3919 1465 3974 edidit
1492 3920 1682 3971 πάντα.

568 3990 650 4113 (cz)
682 3989 870 4043 Etiam
902 3987 1015 4043 hoc
1057 3989 1131 4042 ad
1166 3988 1656 4068 Chrysostomum
1694 3987 1921 4051 ﬁctum,
1952 3987 2140 4042 Habet

568 4074 598 4113 ιι
646 4074 742 4112 em
770 4058 1086 4113 Vulsmtam
1120 4058 1450 4113 lectionem.
1482 4064 1524 4112 t.
1576 4060 1714 4113 Vlll.
1743 4075 1801 4113 n.
1842 4062 1939 4112 164
1979 4060 2043 4111 Α.
2073 4056 2133 4112 C.

494 4056 1086 4130 quidem‘Vulgatam
1120 4056 1450 4130 lectionem,
1482 4064 1524 4112 t.
1576 4060 1939 4130 Vlll,_p._l64
1979 4060 2043 4111 A.
2073 4056 2133 4112 C.

500 4127 611 4214 'S‘e'd
658 4127 879 4214 ibidem
924 4128 1091 4214 addit
1122 4127 1185 4208 ,Β
1233 4133 1406 4214 rutro:
1460 4133 1681 4214 προῖὼν.
1710 4127 1959 4214 (scilicet~
2002 4143 2133 4214 cap.

497 4200 589 4269 IY,
656 4213 709 4251 v.
782 4200 1055 4269 2)hqma"w
1112 4199 1137 4249 ὁ
1196 4196 1585 4269 εὐαγγελισέὴς,
1655 4196 1735 4249 δτι
1786 4196 1986 4269 Ἰῃσξοῡς
2045 4196 2138 4248 οὐκ

498 4218 589 4264 1v,
656 4218 709 4251 v.
783 4218 841 4268 κ)
934 4218 1055 4255 ησιν
1112 4218 1137 4249 ο
1196 4218 1585 4269 ευαγγελιστης,
1655 4218 1735 4249 οτι
1803 4218 1986 4257 ιησους
2045 4218 2138 4248 ουκ

496 4268 787 4338 ἐϐάπτιζεν,
844 4218 952 4319 (ᾖξ’
1022 4269 1070 4320 οἱ
1132 4270 1366 4339 μαθηταὶ
1423 4268 1603 4329 αὐτοῦ,
1653 4270 1763 4320 ὅθεν
1822 4264 1999 4335 δῆλον,
2060 4270 2139 4320 ὅτι

495 4344 588 4412 καὶ
611 4339 831 4391 ἐνταῦθα
874 4347 1026 4392 τοῦτο
1054 4339 1209 4410 λέγει,
1238 4341 1318 4392 ὅτι
1359 4339 1509 4412 animi.
1556 4344 1932 4412 EBAHTIZO-hi
1968 4343 2136 4412 μόνοι.

496 4411 777 4482 Origenes
804 4412 968 4482 t_.lV,
1021 4409 1236 4482 pultis,
1280 4411 1346 4477 D;
1377 4410 1559 4465 habet
1587 4410 1833 4482 quidem
1875 4409 2136 4475 ἐϐάᾶττιξε,

2124 3161 2138 3186 ’
2178 3156 2220 3213 C

2246 1880 2434 1951 plaria
2472 1881 2668 1937 Graeca
2701 1903 2712 1933 :
2747 1883 2810 1936 ut
2855 1894 2994 1935 cum
3037 1879 3249 1935 dicitur
3293 1895 3446 1934 vers.
3480 1883 3553 1935 6:
3590 1878 3902 1936 Scribebat

2247 1966 2305 2022 in
2352 1972 2584 2035 terram,
2640 1967 2809 2024 addit
2857 1968 3038 2024 editio
3091 1967 3546 2039 Complutensis,
3598 1972 3671 2040 μὴ
3720 1987 3897 2041 προσ-

2248 2059 2545 2128 ποιούμενος
2574 2056 2977 2112 dissimulans.
3002 2058 3065 2113 Et
3092 2055 3247 2113 infra
3266 2072 3418 2113 vers.
3447 2061 3495 2122 9,
3529 2055 3631 2112 ubi
3656 2056 3898 2125 dicitur,

2249 2147 2323 2201 At
2377 2144 2459 2200 illi
2514 2161 2654 2200 cum
2705 2144 3014 2210 vidissent,
3075 2144 3242 2201 addit
3297 2144 3418 2201 illa.
3478 2149 3579 2198 Καὶ
3644 2147 3744 2197 ὑπὸ
3806 2152 3902 2205 τῆς

2252 2231 2597 2294 συνειδήσεως
2626 2233 2976 2306 ἐλεγχόμενοι,
3019 2235 3084 2289 Et
3123 2249 3158 2288 a
3188 2233 3545 2289 conscientia
3579 2233 3904 2304 redargue-

2247 2328 2465 2379 rentur.
2484 2321 2662 2378 Multa
2686 2338 2922 2395 quoque
2952 2321 3069 2378 alia
3093 2321 3228 2377 hinc
3247 2321 3385 2378 inde
3404 2322 3730 2387 variantur,
3761 2339 3903 2395 quae

2248 2410 2393 2484 quia
2450 2408 2743 2465 minutula
2784 2413 2943 2477 sunt,
2990 2409 3295 2465 noluimus
3348 2424 3663 2465 recensere.
3715 2412 3906 2466 Tanta

2248 2501 2450 2573 itaque
2498 2498 2993 2570 exemplariorum
3018 2497 3293 2561 varietas,
3327 2503 3543 2571 praeter
3571 2499 3708 2570 alia,
3757 2500 3905 2555 satis

2249 2589 2445 2660 arguit
2480 2588 2636 2643 hanc
2681 2587 2989 2643 historiam
3042 2586 3360 2642 ascititiam
3411 2601 3563 2653 esse,
3609 2587 3906 2659 quemad-

2250 2675 2495 2732 modum
2525 2691 2664 2731 cum
2702 2674 2974 2746 pluribus
3019 2674 3150 2730 aliis
3192 2674 3406 2729 asserit
3436 2679 3644 2730 auctor
3674 2679 3900 2731 noster.

2320 2768 2373 2832 8,
2411 2765 2500 2820 40.
2535 2764 2646 2829 Qui
2698 2763 2999 2818 veritatem
3030 2762 3266 2818 locutus
3296 2778 3428 2817 sum
3476 2761 3669 2829 vobis,
3710 2779 3903 2834 quam

2249 2853 2451 2910 audivi
2482 2869 2517 2909 a
2542 2852 2776 2925 (Patre).
2810 2850 2995 2908 Habet
3019 2867 3282 2924 namque
3308 2856 3510 2925 Πατρός
3541 2855 3598 2907 et
3621 2867 3742 2907 non
3762 2859 3904 2905 Θεοῦ

2249 2943 2379 2999 Deo.
2415 2944 2481 2997 Et
2513 2940 2666 2996 infra
2692 2956 2863 2996 versu
2912 2942 3001 2995 49.
3059 2939 3172 2996 Sed
3205 2939 3437 2995 honoro
3482 2944 3736 3011 patrem.
3770 2942 3906 2996 Non

2249 3030 2488 3087 additur
2517 3048 2617 3102 μου
2645 3043 2859 3084 meum.
2894 3027 3223 3098 Statimque
3252 3027 3313 3083 in
3339 3027 3553 3083 eodem
3580 3043 3757 3083 versu
3786 3047 3799 3086 :
3837 3030 3911 3084 Et
3932 3024 3951 3031 ”

2248 3136 2353 3175 vos
2384 3116 2747 3174 contumelia
2774 3132 2868 3172 me
2899 3113 3198 3188 (afﬁcitis).
3230 3118 3379 3172 Nam
3407 3115 3593 3172 habet
3621 3115 3905 3189 ἀτιμάζετε

2250 3223 2356 3281 per
2383 3221 2664 3279 praesens,
2693 3220 2817 3260 non
2865 3205 3180 3277 ἠτιμάσατε,
3211 3205 3574 3261 contumelia
3599 3203 3902 3262 effecistis.

2251 3294 2583 3352 Concordat
2612 3292 2925 3350 nobiscum
2973 3292 3034 3347 in
3065 3297 3369 3364 postremo
3399 3292 3707 3365 exemplar
3733 3294 3909 3349 Com-

2250 3384 2549 3457 plutense.

2322 3476 2372 3537 8,
2403 3475 2488 3527 59.
2519 3472 2688 3525 Jesus
2731 3475 2934 3526 autem
2974 3469 3302 3526 occultatus
3349 3472 3458 3535 est,
3508 3473 3566 3524 et
3611 3469 3796 3524 exivit
3828 3469 3910 3526 de

2250 3560 2491 3631 templo.
2534 3559 2783 3616 Additur
2809 3558 3026 3623 statim,
3062 3560 3238 3614 etiam
3270 3558 3332 3613 in
3364 3557 3690 3630 exemplari
3734 3557 3909 3614 Com-

2248 3649 2504 3721 plutensi
2534 3667 2546 3706 :
2578 3646 2792 3700 Διελθὼν
3000 3643 3095 3699 διὰ
3149 3651 3312 3719 μέσον
3379 3646 3567 3717 αὐτῶν,
3611 3651 3700 3699 καὶ
3767 3666 3904 3719 παρ-

2461 3773 2703 3856 Scripsit
2761 3772 2889 3856 haec
2943 3771 3261 3856 He‘ntenius
3309 3786 3471 3856 anno
3534 3775 3686 3856 154;.
3721 3772 3905 3856 “qu-ot

2249 3841 2537 3901 editiones
2584 3841 2797 3899 Graecae
2823 3846 2966 3897 tunc
3008 3841 3245 3908 fuerint,
3298 3847 3509 3898 notum
3560 3847 3665 3896 est.
3720 3843 3780 3897 Si
3816 3844 3902 3898 ita

2247 3915 2484 3972 locutus
2519 3919 2673 3986 esset
2707 3914 3098 3986 Hieronymus
3130 3919 3186 3968 et
3232 3912 3737 3986 Origen_es,_multi
3783 3912 3899 3969 sibi

2248 3987 2578 4055 cogitarent
2629 3983 2934 4055 ducentos
2956 3983 3203 4055 codices,
3234 3983 3591 4039 recensionis
3654 3984 3901 4039 Alexan-

2248 4053 2435 4112 drinaa
2483 4061 2541 4110 et
2578 4054 2992 4111 Occidentalis.
3030 4053 3141 4126 Sed
3190 4054 3305 4110 hoc
3344 4069 3588 4126 quoque
3621 4055 3900 4126 Chrysos-

2248 4132 2449 4196 tomus
2481 4126 2734 4196 invexit,
2759 4126 2863 4195 qui
2884 4126 2941 4179 in
2969 4125 3280 4181 codicibus
3307 4125 3533 4196 Mosqq.
3565 4125 3649 4180 ita
3676 4125 3857 4181 habet
3885 4146 3898 4177 :

2251 4204 2369 4258 Πῶς
2414 4193 2630 4270 δύναται
2706 4191 2888 4247 δοῦναι
2948 4196 3072 4267 ἡμῖν
3118 4203 3294 4268 φαγεῖν
3363 4191 3515 4270 our-og-
3576 4201 3670 4254 τὴν
3731 4197 3905 4270 σάρκα

2249 4268 2441 4332 αὐτοῦς
2495 4266 2643 4339 Vide
2693 4273 2729 4321 t.
2778 4268 2913 4331 Vlll,
2970 4265 3028 4337 ρ.
3058 4265 3203 4321 27⁷2(
3242 4266 3579 4339 B.Cyrillus
3634 4268 3728 4322 hic
3784 4265 3904 4339 pri:

2248 4355 2417 4395 mum
2460 4337 2538 4393 ad
2590 4352 2874 4409 nauseam
2920 4336 3094 4409 vexat
3142 4336 3503 4393 vocabulum
3553 4345 3683 4408 πῶς,
3736 4336 3904 4409 quod

2249 4410 2707 4481 Chrysostomus
2738 4407 3049 4479 paululum
3081 4412 3307 4464 tantum
3338 4407 3775 4481 commoverat;
3790 4408 3905 4481 _de-

495 4481 601 4564 sed
629 4476 1171 4564 mox_illidem"alia
1209 4486 1400 4564 mutat
1443 4476 1621 4536 versu
1651 4481 1747 4564 ‘23.
1792 4481 2060 4564 Cyrinus,
2097 4487 2133 4564 t.

2252 4476 2384 4564 inde
2506 4481 2594 4564 iV,
2648 4494 2713 4564 ρ..
2741 4476 2879 4564 -360,
2924 4482 2981 4534 Β.
3034 4481 3283 4564 repetit:
3333 4485 3445 4564 Π-ῶς
3483 4476 3905 4564 δέναταιθοῦτοξ

496 4555 583 4617 1V,
618 4568 676 4624 p.
717 4556 812 4607 156
839 4554 896 4616 Β,
924 4552 1026 4607 ubi
1042 4552 1203 4607 hunc
1222 4551 1418 4608 locum
1436 4568 1507 4607 ex
1532 4551 1920 4623 professo,'ut
1950 4553 2135 4619 aiunt,

494 4623 930 4695 interpretatur,
981 4624 1040 4677 in
1093 4628 1773 4695 contextumversumH‘Z‘z
1812 4630 1867 4678 et
1912 4628 2001 4695 2,3,
2056 4623 2137 4678 ita

493 4691 672 4767 habet
724 4711 737 4748 :
795 4697 894 4746 Καὶ
959 4696 1090 4767 μετά
1159 4701 1323 4767 ταῦτα
1377 4691 1527 4752 ἦλθεν
1576 4696 1600 4745 ὁ
1660 4693 1860 4767 Ἰησοῡῌς
1914 4694 1985 4767 si;
2044 4698 2138 4751 τὴν

495 4762 759 4838 Ἰουδαίαν
819 4772 924 4838 ’γῆν
959 4762 1101 4837 ’μετὰ
1160 4766 1257 4816 τῶν
1309 4767 1555 4838 μαθητῶν
1598 4769 1777 4817 αὐτοῦ·
1937 4762 1995 4838 δὲ
2050 4769 2139 4838 καὶ

492 4836 730 4899 Ἰωάννης
758 4856 809 4888 κ.
830 4856 881 4892 τ.
914 4836 1130 4902 λ.Οι]ιθ
1152 4851 1293 4905 ergo
1312 4836 1775 4905 Chrysostomus
1804 4836 1992 4891 dubia
2017 4836 2141 4891 red-

494 4908 743 4979 diderat,
775 4924 848 4963 ea
890 4924 1133 4977 prorsus
1165 4906 1364 4963 omisit
1402 4906 1670 4979 Cyrillus.
1713 4908 1898 4963 Habet
1939 4915 2139 4962 tamen

493 4978 632 5053 ibid.
666 4982 729 5046 E,
762 4979 936 5053 plane
961 4986 1022 5036 ut
1048 4978 1505 5053 Chrysostomus
1529 4995 1540 5032 :
1574 4978 1831 5053 Branrigu
1860 4986 2140 5053 soqapoﬂv

495 5051 521 5102 ὁ
552 5046 783 5120 Χριστόξ
815 5046 908 5101 διὰ
943 5058 1046 5122 Δτῶν
1074 5046 1254 5102 ἑαυέοῦ
1290 5052 1553 5122 μαθητῶν.
1585 5050 1766 5122 Tales
1792 5046 1972 5104 critici
2006 5046 2143 5122 sunt

492 5122 589 5175 isti
627 5126 739 5174 tres
774 5128 862 5179 τῆς
908 5120 1209 5195 οἰκουξιένης
1252 5120 1537 5195 φὼστῆρες,
1577 5137 1714 5195 cum
1755 5120 1951 5195 locum
2002 5121 2143 5195 data

493 5206 677 5261 opera
726 5196 996 5263 tractant.
1050 5193 1560 5263 Chrysoslomum,
1618 5193 1940 5263 principem
1994 5193 2143 5263 (ira;-

494 5260 1002 5344 corumnPatrum
1042 5260 1345 5344 gmnium,
1388 5260 1643 5344 excuso.
1703 5260 2138 5344 Ad'populum

495 5332 653 5387 enim
699 5331 863 5387 dixit.
895 5333 1005 5388 Sed
1036 5334 1317 5403 Origenes
1347 5338 1402 5386 et
1431 5332 1673 5404 Cyrillus
1706 5331 1874 5389 omni
1902 5331 2144 5404 excusa-

501 5404 651 5483 tione
679 5409 898 5457 carent.
924 5404 1215 5483 Viridocti
1246 5403 1586 5483 antemnqui‘
1605 5404 1942 5483 Origenem,
1967 5403 2144 5483 Qhry:

499 5479 836 5546 sostomum
892 5481 948 5529 et
1014 5476 1295 5546 Cyrillum
1346 5474 1663 5546 diligenter
1731 5473 2023 5546 legerunt,
2082 5472 2143 5546 ili

496 5544 729 5601 dudum
756 5543 1195 5616 perspexerunt.
1229 5547 1291 5598 In
1324 5543 1454 5597 aliis
1485 5551 1759 5598 eventum
1786 5543 1963 5599 habet
1995 5544 2145 5598 vati-

500 5617 716 5671 cinium
763 5616 925 5671 Isaiae
954 5632 1030 5685 v1,
1058 5620 1111 5685 9,
1144 5616 1234 5670 lo.

2246 4555 2371 4633 ᾑμῖν
2430 4548 2612 4633 deﬂeat
2650 4548 2752 4607 ῖτὴν
2811 4551 2982 4633 σάρκα
3037 4548 3196 4633 antiret}
3235 4557 3411 4622 φαγεῖν
3436 4567 3473 4633 ;‘
3503 4548 3770 4633 Origenis

2246 4619 2403 4680 hunc
2436 4622 2635 4677 locum
2666 4635 2843 4688 nugae
2881 4619 3322 4691 interciderunt,
3370 4621 3478 4675 sed
3510 4627 3547 4675 t.
3582 4623 3671 4691 μ’,
3704 4637 3759 4691 p.
3795 4619 3902 4674 364

2248 4701 2312 4750 Α.
2373 4692 2580 4748 laudat
2645 4709 2658 4746 :
2716 4687 2827 4752 Πῶς
2894 4689 3115 4744 δύναται
3164 4693 3287 4763 ἡμῖν
3359 4691 3511 4753 οὗτὸς
3569 4687 3754 4743 δοῦναι
3806 4695 3902 4749 τὴν

2252 4768 2665 4839 σάρκα-φαγεῖν)

2345 4840 2391 4901 c)
2420 4831 2589 4890 Haud
2619 4832 2797 4888 dubie
2824 4831 3008 4887 voluit
3040 4832 3320 4901 scribere,
3352 4832 3691 4888 Audissent.

2324 4838 2391 4901 ι’)
2420 4838 2589 4890 Haud
2619 4838 2797 4888 dubie
2824 4838 3008 4887 voluit
3040 4838 3320 4901 scribere,
3352 4838 3691 4888 Audissent.

2322 4838 2407 4979 td)
2448 4910 2684 4979 l’ropter
2717 4903 3105 4979 Euthymium
3157 4904 3333 4979 etiam
3370 4905 3497 4979 hoc,
3534 4904 3896 4979 notandum,

2250 4973 2415 5051 quod
2454 4973 2731 5051 htecrnon
2765 4973 3063 5051 u_no_loco_
3086 4974 3333 5051 junctim
3366 4976 3590 5051 recitat,
3617 4973 3746 5051 sed
3792 4991 3900 5046 per

2251 5044 2474 5121 partes,
2530 5044 2877 5121 interposita
2904 5046 2979 5121 in
3020 5045 3268 5113 singulis
3297 5046 3567 5121 partibus
3599 5044 3899 5121 interpre-

2251 5116 2486 5175 tatione.
2533 5116 2842 5184 Distinguit
2886 5120 3087 5171 autem
3122 5116 3343 5171 textum
3376 5118 3473 5171 ita.
3524 5116 3711 5171 Primo
3742 5131 3899 5184 vers.

2254 5194 2319 5245 59
2380 5188 2589 5260 :_'Hpazv
2636 5182 2743 5260 οὖν⁷
2789 5186 2865 5240 ad
3002 5187 3199 5260 αὐτόν.
3236 5187 3507 5243 Secundo
3537 5204 3550 5241 :
3583 5190 3787 5248 Ἰησοῦς
3842 5182 3902 5238 δὲ

2252 5258 2466 5334 ἐκρύϐη.
2498 5257 2685 5334 Tertio
2719 5262 2871 5334 :_Kai
2908 5257 3115 5334 ἐξῆλθεν
3164 5257 3218 5334 ég.
3265 5266 3361 5334 fw}
3410 5261 3569 5331 ἱεροῦ.
3624 5260 3849 5323 Quarto
3886 5280 3897 5310 :

2253 5325 2468 5384 Διέ).θὼν
2546 5325 2640 5381 διὰ
2695 5332 2856 5399 μέσον
2928 5328 3115 5383 αὐτῶν.
3169 5328 3386 5394 Quinto
3439 5325 3460 5383 τ’
3512 5334 3612 5381 Καὶ
3668 5336 3901 5400 παρῆγεν

2253 5403 2436 5474 οὕτως.
2479 5398 2701 5474 Sextqf
2735 5404 2832 5474 καὶ
2879 5403 3126 5474 παράγων
3159 5400 3235 5454 ad
3288 5408 3510 5474 γενετῆς.
3551 5398 3773 5474 Duplex
3806 5398 3904 5454 hic

2253 5473 2437 5529 oritur
2458 5470 2725 5540 quaestio.
2756 5469 2973 5541 Altera,
3006 5469 3135 5541 quis
3163 5486 3236 5526 ex
3262 5469 3588 5526 editoribus
3615 5469 3677 5526 N.
3705 5470 3906 5541 Testa-

2255 5545 2436 5598 menti
2466 5544 2593 5597 haec
2635 5540 2936 5596 exclusit?
2964 5540 3268 5610 Erasmus,
3321 5542 3506 5599 homo
3554 5540 3905 5597 temerarius

2254 5619 2307 5671 et
2332 5612 2618 5687 perﬁdus,
2637 5611 2735 5683 qui
2764 5612 2893 5667 haac
2914 5614 2974 5667 in
3002 5615 3127 5667 suis
3159 5613 3394 5679 Graecis,
3428 5613 3629 5670 nescio
3655 5612 3902 5684 quibus,
