4166 6314
289 337 354 391 65
1783 327 2181 386 ΡΗᾹΞΡΑΤΙΟ.
3613 331 3684 384 66

286 468 399 529 ἦγεν
448 458 617 517 οὕτως.
677 458 1084 514 Pertransiens
1135 474 1240 530 per
1282 458 1549 514 medium
1602 458 1843 513 illorum
1870 460 1926 511 et
1958 455 2003 507 A
2034 452 2205 508 abeo.
2240 453 2489 509 Additur
2514 455 2672 509 enim
2702 473 2823 525 μου,
2854 454 3035 509 etiam
3087 454 3145 509 in
3200 453 3457 510 editione
3512 456 3684 510 Com-

283 548 358 601 ita
384 546 744 617 praeteribat.

349 657 399 720 9,
431 653 488 708 8.
547 652 731 707 Vicini
765 652 985 724 itaque,
1031 659 1087 708 et
1135 653 1236 724 qui
1270 653 1542 707 viderant
1598 668 1735 707 eum
1764 652 1926 722 prius

280 740 435 812 quod
478 740 719 810 (caecus)
760 745 931 795 esset.
964 740 1155 795 Habet
1180 740 1338 796 enim
1388 741 1596 812 τυφλός,
1639 755 1759 795 non
1790 758 1925 791 πτω-

277 834 375 900 χός
408 832 473 897 (e)
508 829 825 885 mendicus.
869 828 1167 884 Consonat
1192 829 1371 884 etiam
1420 826 1729 899 exemplar
1759 826 1929 883 Com-

277 917 571 990 plutense.

348 1024 437 1089 10,
471 1028 521 1079 8.
560 1025 778 1080 Omnes
818 1029 1112 1096 quotquot
1140 1029 1450 1088 venerunt,
1496 1025 1652 1080 fures
1707 1029 1844 1079 sunt
1873 1027 1930 1078 et

280 1112 558 1167 latrones.
593 1113 721 1167 Non
752 1112 993 1167 additur
1024 1116 1130 1185 Πρὸ
1184 1112 1331 1184 ἐμοῦ,
1373 1115 1518 1167 Ante
1569 1130 1677 1177 me,
1736 1126 1929 1183 neque

281 1202 339 1256 in
364 1201 683 1273 exemplari
734 1202 1155 1271 Complutensi,
1190 1217 1383 1273 neque
1419 1202 1477 1256 in
1510 1202 1765 1257 editione
1797 1200 1927 1255 Vul-

281 1294 443 1358 gata.

350 1397 437 1457 10,
468 1399 556 1451 39.
593 1396 946 1460 Quaerebam
976 1396 1165 1467 (ergo)
1207 1412 1445 1451 rursum
1478 1394 1930 1467 apprehendere

280 1500 432 1538 eum.
468 1483 724 1538 Additur
765 1484 925 1539 enim
959 1481 1046 1535 οὖν
1073 1501 1227 1554 ergo,
1249 1489 1305 1539 et
1326 1484 1385 1539 iu
1414 1484 1740 1556 exemplari
1764 1485 1931 1538 Com-

284 1572 553 1642 plutensi,
583 1577 640 1627 et
675 1572 734 1627 in
766 1572 1019 1642 Vulgata
1051 1573 1330 1628 editione.

355 1671 438 1734 13,
472 1671 523 1724 9.
564 1669 811 1726 Domine
843 1686 965 1726 non
995 1676 1229 1726 tantum
1271 1670 1475 1742 pedes.
1526 1673 1644 1725 Non
1696 1670 1934 1724 additur

284 1777 382 1828 μου
422 1774 588 1814 meos.

353 1865 443 1929 13,
478 1865 568 1918 ‘25.
599 1865 747 1919 Cum
778 1880 913 1936 ergo
954 1864 1047 1919 ille
1079 1864 1447 1920 recumberet
1469 1865 1591 1935 (ita)
1615 1880 1791 1934 super
1807 1880 1933 1935 pec-

278 1957 372 2007 tus
398 1953 560 2007 Jesu.
605 1953 852 2007 Additur
874 1954 1029 2008 enim
1060 1952 1241 2018 οὓτως,
1275 1954 1435 2023 quod
1467 1954 1643 2008 etiam
1671 1954 1731 2007 in
1773 1953 1934 2008 scho-

278 2041 370 2095 liis
405 2045 619 2096 auctor
648 2040 931 2097 declarat.

351 2147 441 2212 13,
474 2146 572 2202 30.
615 2149 745 2202 Erat
783 2152 982 2203 autem
1036 2164 1158 2202 nox
1206 2148 1449 2220 quando
1489 2148 1685 2204 exivit.
1715 2147 1935 2202 Deinde

283 2233 564 2288 subditur
594 2251 605 2287 :
632 2234 723 2288 Ait
776 2236 957 2289 Jesus.
1016 2238 1141 2290 Non
1200 2236 1355 2290 enim
1387 2236 1624 2290 additur
1654 2231 1741 2286 οὖν
1773 2251 1934 2305 ergo,

283 2327 417 2377 ante
456 2322 714 2377 verbum
754 2321 928 2384 ἐξῆλθε
981 2324 1184 2388 exivit,
1238 2329 1299 2379 ut
1350 2324 1531 2379 alium
1583 2323 1764 2394 possit
1811 2324 1939 2379 red-

283 2411 419 2465 dere
444 2426 713 2466 sensum.
758 2412 913 2466 Facit
965 2411 1282 2467 nobiscum
1328 2411 1635 2484 exemplar
1664 2412 1939 2483 Complu-

287 2502 473 2553 tense.

358 2607 443 2660 14.
466 2609 520 2661 4.
558 2606 691 2661 Non
721 2606 990 2661 turbetur
1016 2621 1116 2661 cor
1136 2612 1411 2661 vestrum.
1437 2609 1585 2661 Ante
1601 2605 1729 2660 haec
1755 2606 1938 2661 verba

291 2710 407 2749 non
434 2695 837 2766 praemittitur,
892 2710 1088 2766 neque
1122 2696 1177 2749 in
1210 2700 1434 2757 nostro,
1466 2709 1658 2765 neque
1684 2694 1745 2748 in
1770 2697 1938 2749 Com-

291 2783 544 2853 plutensi
575 2783 901 2855 exemplari
943 2785 1000 2839 id
1041 2784 1201 2855 quod
1231 2784 1485 2838 habetur
1509 2785 1566 2838 in
1605 2782 1944 2851 vulgaribus

295 2872 506 2927 Grecis
553 2872 993 2944 exemplaribus
1050 2872 1170 2943 (f):
1234 2876 1333 2924 Καὶ
1373 2870 1480 2923 εἰπε
1528 2880 1636 2933 τοῖς
1684 2874 1945 2943 μαθηταῖς

302 2961 477 3025 αὐτοῦ,
511 2964 578 3015 Et
607 2962 684 3016 ait
703 2961 1011 3033 discipulis
1041 2961 1187 3015 suis.

372 3068 454 3126 14,
489 3067 578 3121 30.
614 3067 779 3121 Venit
825 3066 985 3122 enim
1040 3067 1319 3139 princeps
1367 3067 1596 3122 mundi.
1652 3069 1778 3122 Non
1844 3067 1946 3121 ad-

297 3154 450 3209 ditur
505 3158 692 3207 τούτου
731 3156 936 3226 hujus,
969 3170 1161 3228 neque
1191 3156 1251 3210 in
1304 3155 1624 3226 exemplari
1674 3155 1947 3227 Complu-

297 3244 465 3299 tensi.

368 3342 456 3405 16,
506 3342 559 3404 3,
619 3341 688 3396 Et
758 3341 889 3395 haec
964 3340 1195 3405 facient,
1246 3341 1391 3411 quia
1443 3356 1564 3395 non
1635 3345 1944 3395 noverunt.

296 3431 420 3484 Non
433 3428 679 3484 additur
704 3430 825 3500 ὑμῖν
843 3428 1007 3496 vobis,
1048 3444 1158 3483 nec
1172 3428 1231 3483 in
1248 3428 1505 3483 editione
1520 3428 1943 3499 Complutensi.

371 3535 451 3603 16,
484 3535 542 3588 5.
602 3536 669 3589 Et
722 3549 903 3589 nemo
957 3534 1279 3602 interrogat
1346 3548 1495 3587 me:
1550 3534 1676 3596 Quo
1733 3532 1863 3588 abis
1920 3532 1949 3586 ?

296 3625 419 3678 Non
448 3622 822 3694 praeponitur
849 3626 985 3677 ante
1044 3623 1287 3677 verbum
1336 3623 1661 3691 lnterrogat
1709 3621 1761 3683 ἐξ
1785 3624 1948 3693 ὑμῶν,

300 3726 368 3765 ex
395 3710 597 3765 vobis.

370 3817 566 3883 16,10.
605 3816 925 3887 Dejustitia
947 3820 1167 3878 autem,
1197 3816 1335 3885 quia
1359 3815 1431 3871 ad
1462 3816 1951 3885 Patrem(meum)

298 3998 353 4047 et
373 3992 607 4047 invenit
636 3996 693 4047 et
730 4008 850 4046 non
907 3992 1150 4046 invenit.
1205 3994 1346 4046 Nam
1381 3990 1440 4044 in
1474 3992 1666 4060 prima
1696 3991 1952 4045 editione

297 4064 495 4127 habet,
534 4064 598 4117 in
627 4063 868 4133 reliquis
899 4062 1120 4117 omisit.
1176 4062 1472 4133 Compara
1528 4062 1656 4131 ejus
1681 4063 1753 4115 ad
1798 4064 1953 4117 hunc

298 4136 485 4190 locum
513 4134 1122 4189 animadversionem.
1149 4134 1342 4188 Altera
1382 4134 1653 4203 quaestio.
1688 4136 1801 4188 Cur
1825 4133 1947 4187 Hie-

296 4221 597 4277 ronymus
650 4206 708 4258 in
742 4203 989 4273 Vulgata
1052 4204 1253 4277 Latina
1284 4202 1483 4258 omisit
1521 4202 1548 4255 ?
1584 4203 1811 4277 Scilicet
1856 4204 1955 4259 hic

299 4274 540 4348 quoque
556 4290 790 4348 servum
823 4291 1002 4348 pecus
1030 4276 1293 4348 sequitur
1312 4290 1593 4328 vesanum
1617 4274 1951 4348 Origenem.

302 4344 412 4403 Nec
436 4344 849 4413 diligentiores
876 4344 1588 4413 fuerent'Chrysostomus
1610 4350 1666 4400 et
1682 4345 1953 4416 Cyrillus.

302 4419 487 4487 Vulgo
543 4417 788 4472 credunt
839 4416 968 4471 haec
1023 4422 1226 4471 assuta
1271 4432 1398 4471 esse
1439 4432 1511 4471 ex
1544 4417 1691 4487 Luc.
1730 4432 1817 4487 71v,
1864 4416 1952 4471 30.

305 4483 483 4543 Stulte
532 4489 546 4542 t
600 4489 717 4543 Suo
764 4492 1024 4557 tempore
1073 4491 1260 4542 totam
1302 4502 1429 4541 rem
1483 4486 1561 4541 ad
1608 4486 1811 4542 oculos
1864 4488 1958 4542 de-
1990 4483 2035 4536 D

308 4559 683 4686 gionﬁtrabo.
718 4560 842 4612 Haec
879 4557 1031 4613 adeo
1059 4562 1257 4614 servat
1286 4558 1597 4613 Vaticanus
1626 4558 1764 4613 1209
1795 4558 1958 4629 apud

354 4647 433 4685 irc
481 4645 633 4685 ium.

314 4632 633 4685 Birchium.

384 4701 456 4772 (e)
484 4702 787 4772 Erasmus,
831 4699 1137 4772 impostor,
1166 4698 1580 4772 non‘criticus,
1610 4698 1669 4753 in
1710 4698 1961 4772 Vulgata

312 4769 644 4844 reperiebat
687 4770 1014 4824 mendicus.
1065 4772 1145 4823 Ex
1175 4770 1388 4825 Lexico
1418 4784 1559 4895 erﬁo
1599 4784 1709 4824 suo
1753 4769 1962 4825 redde-

310 4842 413 4899 bat
471 4846 712 4912 πτωχός.
760 4843 983 4911 Inepte.
1032 4840 1296 4912 Reddere
1335 4839 1484 4895 debe
1532 4844 1593 4895 at
1652 4844 1956 4911 προσαίτης,

312 4914 393 4970 lta
424 4911 596 4968 enim
619 4912 1102 4981 Chrysostomus,
1135 4911 1292 4965 unde
1343 4912 1471 4966 haec
1510 4917 1593 4967 est
1640 4912 1957 4981 corruptio,

310 4984 455 5039 Vide
477 4989 626 5039 tom.
662 4982 801 5047 VIII,
846 4999 911 5053 p.
962 4986 1061 5038 333
1101 4984 1170 5037 A.
1209 4982 1371 5053 Unde
1424 4989 1622 5037 autem
1672 4988 1961 5053 προσαίτης

311 5056 615 5111 invectum
647 5054 674 5106 ‘?
701 5054 809 5107 Per
839 5052 1144 5107 summam
1186 5052 1609 5123 negligentiam
1641 5058 1697 5108 et
1749 5054 1957 5123 incogi'

312 5128 563 5181 tantiam
588 5124 948 5197 exproximo
970 5133 1287 5197 ﬂpoa’at'rdw.

381 5200 456 5267 (Γ)
512 5200 612 5251 Est
664 5196 900 5267 initium
930 5194 1199 5267 lectionis
1266 5195 1699 5267 ecclesiasticas,
1747 5201 1807 5265 τῇ
1867 5214 1964 5245 πα-

343 5263 540 5324 αάκιυῆ
573 5276 666 5327 τῆς
702 5286 783 5318 στ.
823 5263 1138 5337 ἑϐδομάδος,
1188 5265 1354 5337 quod
1392 5265 1670 5320 homines
1727 5263 1965 5320 sOmno-

333 5341 449 5395 enti
485 5338 809 5393 intulerunt
847 5341 905 5392 in
955 5340 1323 5394 contextum.

384 5412 463 5481 (g)
503 5410 862 5464 Dissentiunt
911 5409 1028 5463 mei
1088 5406 1385 5479 Euthymii
1435 5408 1691 5471 codices,
1742 5406 1847 5478 qui
1892 5406 1967 5458 λε-

314 5481 517 5538 λάληκα
552 5484 814 5535 servant.

386 5552 472 5633 (ξι)
506 5549 1060 5633 Chrysost._t._VI_ll,
1086 5566 1144 5621 p.
1200 5551 1304 5605 468
1334 5552 1402 5632 Α,
1452 5549 1695 5633 negligit
1721 5548 1967 5633 quidem

320 5620 502 5679 verba
560 5620 776 5690 textus,
816 5620 993 5678 habet
1047 5620 1251 5678 tamen
1308 5621 1432 5677 suis
1458 5621 1653 5678 verbis
1685 5637 1696 5675 :
1730 5620 1855 5680 Ἕως
1910 5641 1969 5673 αν

2035 540 2307 611 plutensi.

2111 631 2194 694 16,
2231 632 2320 684 25.
2362 631 2495 685 Haec
2544 646 2648 701 per
2713 631 3029 701 proverbia
3068 631 3245 701 (dico)
3306 631 3501 687 vobis.
3556 633 3687 686 Non

2036 718 2193 773 enim
2219 719 2399 775 habet
2446 720 2521 789 (g)
2571 718 2829 775 λελάληκα
2883 719 3116 775 locutus
3147 736 3284 774 sum
3323 736 3335 774 :
3379 720 3486 775 sed
3533 719 3685 790 ls’yw,

2036 808 2189 861 dico.

2108 892 2196 955 16,
2220 892 2308 947 33.
2332 893 2393 947 In
2418 893 2645 947 mundo
2672 908 3013 963 pressuram
3039 892 3378 963 (habebitis)
3412 897 3558 949 Nam
3584 894 3688 949 ha-

2036 979 2135 1034 bet
2165 980 2295 1041 ἕξετε
2327 980 2410 1051 (h)
2444 981 2722 1044 futurum,
2754 996 2874 1036 nou
2919 984 3067 1051 ἔχετε
3093 981 3339 1037 habetis.
3376 982 3507 1037 Pari
3557 998 3685 1038 mo-

2038 1069 2116 1123 do
2138 1068 2351 1139 legisse
2383 1070 2770 1125 manifestum
2803 1070 2863 1139 (i)
2890 1076 2981 1125 est
3031 1086 3192 1135 eum,
3225 1070 3328 1141 qui
3374 1071 3687 1139 Vulgatam

2040 1156 2202 1212 dedit
2233 1157 2574 1212 editionem.

2114 1250 2197 1313 17,
2240 1247 2327 1299 11.
2358 1250 2523 1301 Pater
2552 1251 2753 1302 sancte
2805 1262 2977 1301 serva
3005 1262 3108 1301 eos
3137 1262 3243 1318 per
3274 1263 3493 1303 nomen
3524 1252 3691 1303 tuum

2041 1335 2180 1406 (quo
2219 1335 2453 1390 donasti
2490 1337 2603 1404 me)
2653 1338 2779 1391 Non
2813 1336 2962 1390 enim
3002 1336 3180 1391 habet
3210 1336 3298 1397 οὓς
3353 1353 3517 1407 quos,
3585 1337 3692 1393 sed

2041 1424 2079 1491 ᾧ
2111 1438 2246 1493 quo.
2310 1423 2528 1478 Eodem
2563 1424 2741 1478 etiam
2776 1424 2956 1479 modo
2989 1424 3169 1478 habet
3194 1425 3499 1495 exemplar
3525 1427 3693 1481 Com-

2040 1512 2334 1583 plutense.
2364 1516 2445 1567 Ex
2472 1513 2711 1568 scholiis
2755 1519 2955 1569 tamen
2996 1514 3206 1582 legisse
3237 1515 3463 1569 videtur
3489 1521 3695 1571 auctor

2040 1606 2242 1655 noster
2283 1602 2327 1669 ὅ,
2382 1602 2541 1671 quod
2572 1604 2674 1671 (lc),
2718 1609 2861 1672 puta
2892 1618 3114 1656 nomen
3156 1603 3482 1657 accusandi
3523 1620 3690 1659 casu.

2120 1692 2199 1753 18,
2232 1690 2320 1742 25.
2378 1690 2622 1757 Negavit
2675 1691 2862 1760 (ergo)
2923 1691 3020 1745 ille
3074 1695 3129 1745 et
3182 1692 3305 1745 ait:
3341 1695 3466 1746 Non
3535 1710 3691 1747 sum.

1970 1792 2012 1844 Β
2044 1776 2343 1847 Repetitur
2372 1777 2532 1831 enim
2564 1773 2650 1828 οὖν
2680 1794 2831 1847 ergo.
2888 1781 2950 1832 ln
2994 1778 3153 1833 hunc
3204 1778 3383 1833 etiam
3442 1780 3692 1836 modum

2041 1864 2298 1932 legimus
2331 1864 2388 1919 in
2421 1865 2678 1919 editione
2714 1866 3135 1937 Complutensi.

2114 1952 2207 2017 28,
2239 1954 2330 2008 29.
2374 1953 2557 2007 Exivit
2602 1954 2796 2024 itaque
2844 1952 3060 2008 Pilatus
3086 1955 3162 2009 ad
3196 1970 3315 2022 eos,
3357 1960 3414 2010 et
3445 1957 3543 2011 ait.
3569 1960 3695 2013 Non

2044 2040 2282 2095 additur
2313 2041 2406 2103 ἔξω
2452 2042 2518 2109 (ι)
2567 2043 2748 2110 foras.
2802 2041 2892 2095 Ad
2949 2041 3109 2096 hunc
3158 2059 3401 2113 quoque
3456 2044 3694 2099 modum

2043 2129 2385 2184 invenimus
2412 2129 2471 2183 in
2505 2130 2832 2201 exemplari
2864 2130 3284 2201 Complutensi.

2120 2220 2205 2281 19,
2246 2220 2916 2290 16.Acceperuntautem
2946 2221 3144 2274 Jesum
3160 2228 3215 2273 et
3245 2220 3583 2292 (duxerunt)
3614 2224 3699 2285 (in

2044 2306 2439 2378 praetorium).
2478 2307 2740 2361 Primum
2785 2308 2981 2377 itaque
3024 2323 3143 2361 non
3196 2308 3379 2363 habet
3428 2308 3698 2381 ἀπήγαγον

2047 2394 2430 2460 abduxerunt,
2456 2396 2561 2449 sed
2601 2397 2795 2465 ἡγαγον
2843 2395 3160 2450 duxerunt.
3220 2399 3280 2450 Et
3309 2398 3367 2451 in
3402 2398 3507 2452 hoc
3562 2415 3700 2455 con-

2048 2482 2258 2537 cordat
2282 2483 2588 2553 exemplar
2600 2484 2742 2537 Com
2755 2482 3039 2552 plutense.
3056 2484 3397 2539 Addebatur
3412 2493 3701 2557 praeterea

2049 2570 2109 2625 in
2139 2576 2337 2625 nostro
2366 2571 2690 2642 exemplari
2725 2571 2796 2631 εἰς
2826 2575 2884 2621 τὸ
2916 2578 3251 2645 πραιτώριον.

2123 2662 2209 2724 19,
2254 2661 2340 2714 35.
2370 2662 2435 2714 Et
2472 2659 2567 2713 ille
2599 2660 2705 2714 scit
2734 2659 2899 2730 quod
2932 2676 3069 2714 vera
3099 2661 3259 2716 dicat
3290 2662 3446 2733 (sed)
3480 2668 3543 2718 ut
3598 2681 3703 2719 vos

2052 2747 2325 2802 credatis.
2362 2750 2509 2803 Nam
2541 2748 2724 2801 habet
2773 2746 2917 2813 ἀλλά,
2951 2748 3070 2803 sed.
3124 2752 3237 2804 Nec
3268 2750 3441 2805 habet
3484 2757 3573 2803 καί
3624 2757 3699 2819 et,

2053 2842 2185 2890 ante
2217 2852 2342 2890 vos.
2374 2836 2688 2905 Exemplar
2718 2834 2960 2906 quidem
3007 2838 3424 2908 Complutense
3456 2855 3577 2895 non
3601 2841 3705 2896 ha—

2053 2927 2153 2981 bet
2181 2927 2661 2995 conjunctionem
2690 2932 2798 2988 καί,
2836 2926 2940 2981 sed
2980 2942 3088 2981 nec
3114 2927 3287 2983 habet
3315 2928 3462 2984 ἀλλά.

2131 3018 2211 3079 19,
2256 3016 2345 3069 38.
2376 3017 2442 3069 Et
2472 3015 2740 3085 permisit
2781 3016 3011 3069 Pilatus.
3054 3016 3375 3088 Statimque
3417 3018 3654 3075 additur
3687 3038 3699 3077 :

1983 3135 2023 3191 Ο
2054 3102 2238 3154 Ἦλθεν
2271 3103 2372 3172 (m)
2404 3103 2513 3169 οὖν,
2558 3110 2648 3154 καὶ
2696 3100 2788 3175 ἦρε
2829 3107 2887 3155 τὸ
2943 3112 3096 3175 σῶμα
3142 3112 3233 3156 τοῦ
3281 3105 3476 3174 Ἰησοῦ,
3538 3108 3708 3165 Venit.

2055 3209 2217 3263 ergo,
2246 3200 2302 3247 et
2334 3193 2462 3248 tulit
2491 3209 2709 3263 corpus
2728 3197 2880 3249 Jesu.
2912 3194 3289 3251 Concordant
3318 3202 3373 3252 et
3398 3198 3708 3269 exemplar

2055 3280 2476 3352 Complutense
2506 3285 2561 3335 et
2593 3280 2845 3352 Vulgata
2895 3281 3097 3336 editio.

2129 3368 2215 3433 '20,
2250 3368 2337 3421 29.
2381 3368 2533 3433 Quia
2561 3367 2757 3423 vidisti
2790 3384 2883 3423 me
2909 3369 3229 3426 credidisti.
3288 3372 3418 3427 Non
3468 3372 3710 3430 additur

2062 3459 2229 3527 θωμᾶ,
2255 3472 2365 3511 nec
2394 3456 2455 3511 in
2481 3456 2735 3511 editione
2767 3457 3193 3529 Complutensi.

2130 3547 2219 3610 21,
2253 3546 2303 3599 1.
2330 3546 2540 3601 Postea
2570 3545 2972 3601 manifestavit
3021 3562 3083 3601 se
3133 3546 3345 3603 iterum
3398 3551 3573 3606 Jesus
3600 3551 3712 3623 (di-

2062 3632 2328 3704 scipulis)
2361 3634 2437 3688 ad
2481 3649 2642 3687 mare
2682 3633 3029 3688 Tiberiadis.
3082 3634 3335 3692 Additur
3396 3638 3556 3693 enim
3609 3661 3714 3711 μα-

2065 3722 2247 3779 θηταῖς
2278 3721 2359 3789 (η)
2389 3720 3060 3788 discipulisﬁoncordat
3087 3723 3148 3777 in
3174 3722 3289 3779 hoc
3321 3730 3377 3780 et
3411 3728 3714 3800 exemplar

2065 3808 2480 3879 Complutense
2520 3814 2576 3862 et
2614 3809 2793 3862 editio
2836 3808 3105 3877 Vulgata.

2066 3982 2155 4042 ἦτε
2203 3984 2251 4035 ἐν
2294 3993 2369 4056 Ϋτῷ
2419 3990 2621 4056 κόσμῳ,
2683 3984 2857 4056 θλίψιν
2907 3984 3059 4046 ἕξετε.
3115 3987 3335 4042 Eodem
3393 3990 3576 4046 modo
3626 4006 3713 4047 re-

2064 4040 2414 4128 petitalibi,
2458 4040 2529 4111 ut‘
2572 4040 2637 4128 in
2673 4040 3037 4128 editione-N.
3075 4040 3704 4128 Testamenﬁ‘docui'.

2066 4126 2315 4198 Cyrillus
2342 4133 2476 4181 ante
2526 4126 2750 4182 scholia
2810 4127 2990 4182 habet
3046 4127 3197 4193 ἕξετε,
3250 4131 3353 4184 sed
3414 4132 3475 4186 in
3529 4133 3713 4190 inter-

2064 4200 2390 4269 pretatione
2440 4202 2604 4269 ἔχετε.
2639 4199 2803 4252 Tom.
2837 4200 2925 4263 IV,
2960 4214 3019 4268 p.
3066 4200 3169 4254 944
3202 4204 3266 4264 A,
3298 4202 3403 4255 945
3432 4208 3497 4257 A.

2139 4288 2202 4357 (ἱ)
2239 4287 2473 4363 Minime
2512 4302 2667 4363 vero.
2704 4288 3190 4363 Nam_i_nterpres
3224 4290 3462 4363 Latinus
3501 4293 3717 4363 saepius

2068 4357 2381 4483 armsentia
2409 4374 2514 4429 per
2542 4358 2741 4412 futura
2784 4358 2995 4413 reddit.
3038 4357 3234 4430 Neque
3282 4361 3397 4417 hoc
3448 4357 3714 4431 ignoras,

2117 4444 2187 4482 en
2218 4444 2334 4483 em.

2117 4444 2334 4483 entenl.

2141 4517 2315 4592 (k)p_"_0
2346 4516 2513 4592 ponit
2537 4516 2598 4592 in
2648 4516 3127 4592 interpretatione
3166 4519 3320 4592 ideo,
3380 4522 3543 4592 quod
3596 4539 3718 4580 non

2070 4586 2320 4661 repetiit,
2350 4586 2506 4661 ’évjrcgi
2554 4587 2770 4658 ὀνόματί
2803 4586 2943 4654 ίσου,
3003 4589 3079 4661 ad
3128 4590 3293 4661 quod
3346 4586 3595 4648 refertur
3656 4596 3720 4650 in

2069 4662 2234 4712 textu
2274 4658 2340 4727 ᾧ.
2406 4659 2705 4727 Quorsum
2751 4673 2889 4727 ergo
2946 4658 3323 4717 referendum
3376 4662 3578 4720 fuisset
3623 4664 3662 4727 ᾧ
3691 4667 3719 4720 ?

2071 4730 2238 4784 Forte
2280 4722 2358 4783 ad
2400 4724 2654 4790 δέδωκας.
2821 4722 2849 4727 ⁷
3633 4722 3642 4735 ”

2143 4818 2202 4889 (ι)
2232 4821 2454 4890 Incerta
2482 4817 2648 4890 sedes
2690 4818 2870 4887 hujus
2910 4818 3192 4874 vocabuli
3244 4821 3384 4876 satis
3410 4822 3626 4890 arguit,
3656 4824 3721 4881 id

2071 4887 2320 4964 aliunde;
2335 4888 2740 4964 introductum
2770 4891 3099 4964 esseuNam
3151 4906 3329 4964 me_us_
3358 4887 3721 4964 Mosquensis

2073 4960 2258 5014 codex
2293 4961 2353 5014 S.
2392 4958 2494 5029 qui
2544 4957 2739 5029 Cyrilli
2771 4958 2994 5013 scholia
3023 4960 3203 5015 etiam
3235 4962 3436 5025 habet,
3470 4957 3638 5020 addit
3659 4968 3721 5022 id

2072 5036 2208 5084 ante
2238 5034 2384 5101 πρός.
2414 5028 2743 5101 Ita‘Cyrilli.
2770 5033 2810 5083 t.
2842 5029 2929 5094 ιν,
2954 5045 3013 5100 p.
3049 5032 3207 5099 1034,
3243 5035 3300 5088 Β.
3334 5034 3498 5090 Alius
3532 5038 3721 5093 codex

2072 5102 2161 5163 41,
2195 5099 2329 5155 cum
2356 5099 2595 5155 scholiis
2626 5100 2807 5155 habet
2837 5099 2970 5171 post
3016 5102 3222 5163 αὐτούς.

2147 5189 2248 5259 (m)
2284 5191 2413 5243 Haec
2444 5187 2727 5243 nimirum
2767 5190 2984 5246 omittit
3014 5191 3315 5250 Erasmus.
3361 5198 3520 5251 Unus
3559 5214 3722 5254 meo-

2073 5276 2207 5315 rum
2239 5275 2479 5331 quoque
2506 5260 2783 5315 eumdem
2803 5261 3014 5317 saltum
3043 5264 3176 5319 fecit
3206 5265 3283 5320 ab
3304 5263 3451 5323 ἦλθεν
3477 5268 3554 5322 ad
3579 5264 3718 5325 ἦλθε.

2076 5335 2319 5457 utertque
2371 5335 2571 5386 autem
2630 5332 2928 5403 Euthymii
2959 5350 3097 5389 cum
3153 5336 3397 5407 reliquis
3440 5338 3555 5393 ista
3599 5356 3726 5395 ser-

2076 5417 2188 5457 van
2221 5445 2232 5455 .

2074 5417 2232 5457 vanL

2148 5492 2239 5560 (η)
2271 5491 2482 5546 Praeter
2511 5494 2773 5562 μαθηταῖς
2803 5508 2959 5547 unus
2991 5509 3260 5548 meorum
3293 5496 3578 5552 Codicum
3618 5502 3725 5552 Eu-

2080 5562 2282 5633 thymii
2316 5564 2480 5618 addit
2503 5564 2681 5616 αὐτοῦ.
