4166 6314
499 361 567 420 67

2010 351 2402 425 ΡΒτέιτΑτῐο.

3843 366 3916 431 68

566 490 656 557 21,
686 491 776 546 15.
812 491 1016 546 Simon
1064 491 1258 562 (Jona)
1284 489 1479 561 diligis
1506 505 1602 546 me
1617 489 1754 562 plus
1789 490 1881 546 his
1905 491 1934 545 τ
1959 490 2146 548 Habet
2178 492 2226 546 Α
2255 493 2382 549 vice
2404 492 2809 568 subsequitur.
2835 495 3117 554 Similiter
3166 497 3344 554 etiam
3392 493 3578 556 habet
3605 499 3920 572 exemplar

496 593 776 650 namque,
813 579 977 644 Ἰωνᾶ,
1012 595 1126 635 non
1181 581 1390 632 Ἰωαννᾶ
1428 598 1439 634 :
1475 585 1530 634 et
1568 579 1649 634 ita
1704 595 1944 634 rursum
1998 579 2117 637 bina

2255 584 2697 655 Complutense.

1161 758 3913 788 MM

1889 893 1961 953 EJ
1973 893 2201 954 USDEM
2241 894 2586 951 HENTENII.

493 1051 554 1104 In
586 1047 676 1104 his
697 1062 824 1120 quis
851 1052 1168 1118 sequuntur
1192 1045 1741 1122 multisque_aliis_in
1773 1044 1910 1122 locis
1946 1045 2306 1118 Evangetium
2330 1048 2576 1118 phrasin
2617 1051 2834 1122 inritati
2868 1051 3244 1116 chraicam,
3272 1028 3907 1122 posueruntprwsens,

1484 1118 1768 1173 interdum
1797 1119 1970 1174 etiam
2030 1125 2080 1172 et
2108 1122 2469 1187 praeteritum
2496 1137 2598 1191 pro
2643 1121 2870 1192 futuro.

555 1405 754 1462 Matth.
799 1405 881 1468 11,
918 1407 968 1469 3,
997 1406 1053 1458 et
1080 1403 1246 1458 Lucae
1294 1402 1346 1468 7,
1399 1401 1474 1465 19,
1512 1400 1600 1466 20,
1642 1399 1898 1456 occurrit
1931 1400 1991 1456 in
2022 1401 2138 1476 pri-

2323 1405 2458 1459 Luc.
2497 1409 2580 1469 l3,
2613 1405 2703 1462 35.
2736 1409 2879 1462 Ecce
2908 1406 3304 1479 (relinquitur)
3350 1407 3526 1464 vobis
3556 1408 3778 1466 domus
3810 1425 3908 1465 ve-

486 1495 599 1551 mis
624 1493 769 1550 illud
794 1492 1053 1548 maxime
1084 1489 1390 1560 vulgatum
1425 1506 1436 1544 :
1466 1492 1548 1546 Tu
1579 1505 1640 1544 es
1665 1487 1758 1543 ille
1789 1488 1920 1560 (qui
1953 1488 2138 1561 venit)
2247 1498 2368 1548 stra
2399 1492 2626 1564 Ἀφίεται
2667 1509 2776 1566 pro
2823 1493 3020 1552 futuro
3073 1496 3464 1568 relinquetur.

484 1599 563 1640 an
615 1582 800 1639 alium
854 1585 1267 1654 exspectamus
1316 1579 1342 1634 ?
1392 1577 1501 1633 Ubi
1571 1576 1810 1648 ponitur
1859 1577 2137 1650 ἐρχόμενος

482 1672 732 1736 veniens,
765 1686 871 1742 pro
900 1686 970 1724 eo
1000 1668 1165 1740 quod
1195 1671 1300 1723 est.
1339 1667 1454 1734 Qui
1468 1668 1753 1724 venturus
1785 1671 1886 1732 est,
1911 1669 2015 1722 aut
2033 1682 2138 1738 po-

480 1760 614 1826 tius,
658 1759 766 1824 Qui
798 1762 1076 1814 venturus
1108 1759 1252 1811 erat.
1281 1755 1344 1810 Et
1392 1749 1606 1810 eodem
1648 1754 1830 1809 modo
1875 1756 2043 1810 Joan.
2078 1753 2130 1820 6,

480 1851 548 1904 14
589 1866 602 1904 :
638 1849 739 1903 Hic
771 1852 858 1903 est
883 1861 1016 1902 vere
1046 1845 1340 1918 propheta
1384 1843 1683 1916 (veniens)
1715 1843 1777 1898 in
1805 1843 2132 1911 mundum,

478 1937 541 1994 id
569 1941 677 2002 est,
706 1935 804 2008 qui
830 1940 1116 1990 venturus
1150 1939 1295 1989 erat.
1356 1935 1615 1988 Rursum
1645 1931 1844 1990 Matth.
1895 1933 1982 1996 17,
2016 1932 2077 1987 11
2117 1948 2128 1986 :

478 2025 636 2082 Elias
663 2024 908 2100 quidem
968 2019 1171 2094 (venit)
1205 2021 1467 2093 primum
1500 2037 1513 2076 :
1548 2019 1802 2093 Ἔρχεται
1833 2037 1934 2092 pro
1993 2022 2135 2076 Ven-

479 2119 644 2170 turus
675 2117 780 2180 est,
808 2111 1069 2183 ponitur.
1099 2112 1164 2165 Et
1195 2124 1340 2166 sane
1370 2108 1431 2165 id
1459 2109 1516 2165 in
1547 2107 1662 2167 hoc
1688 2109 1872 2166 verbo
1904 2111 2134 2184 ἔρχομαι

475 2200 1027 2278 frequentissimum
1057 2201 1164 2254 est.

547 2307 741 2367 Matth.
777 2308 863 2370 10,
904 2308 993 2360 23.
1045 2306 1177 2362 Non
1206 2305 1366 2364 enim
1413 2321 1518 2362 vos
1579 2303 1764 2376 (estis)
1784 2303 1889 2370 (illi
1915 2304 2020 2375 qui
2047 2303 2133 2365 lo-

474 2395 763 2469 quuntur)
791 2395 895 2451 sed
926 2394 1177 2466 Spiritus
1223 2393 1410 2450 Patris
1441 2392 1615 2450 vestri
1664 2393 1791 2465 (qui
1842 2391 2130 2465 loquitur)

471 2487 534 2546 in
563 2486 750 2542 vobis.
782 2483 882 2543 Ubi
911 2499 1170 2556 praesens
1197 2482 1314 2537 ἐστέ
1353 2498 1463 2555 pro
1513 2482 1679 2540 eritis
1722 2482 1975 2540 sumitur
2005 2501 2019 2549 ;
2075 2487 2132 2538 et

471 2575 738 2636 λαλοῦντες
768 2589 878 2646 pro
905 2589 975 2632 eo
1033 2572 1199 2645 quod
1255 2577 1364 2638 est,
1426 2572 1537 2638 Qui
1573 2571 1893 2644 loquentur
1921 2587 1934 2637 ;
1962 2576 2019 2628 et
2042 2571 2130 2623 λα-

471 2663 612 2728 λοῡν,
644 2678 753 2735 pro
790 2662 1084 2735 loquetur.
1120 2661 1342 2718 Eadem
1367 2661 1550 2720 etiam
1590 2659 1892 2722 habentur
1939 2662 2117 2720 Marc.

472 2753 556 2816 13,
597 2754 683 2807 11.

541 2857 736 2914 Matth.
766 2857 856 2923 22,
872 2857 958 2913 30.
977 2856 1040 2912 In
1061 2853 1490 2912 resurrectione
1513 2867 1710 2925 neque
1739 2837 2130 2922 (contrahunt

471 2947 938 3018 matrimonium)
957 2960 1150 3016 neque
1187 2943 1424 3014 (nuptui
1446 2941 1804 3012 traduntur),

467 3037 666 3108 angeli
687 3037 788 3092 Dei
814 3037 876 3092 in
911 3034 1062 3090 omlo
1087 3034 1276 3104 (sunt)
1301 3031 1563 3088 Verbum
1591 3037 1844 3103 γαμοῦσι,
1860 3030 2024 3103 quod
2049 3046 2124 3086 ex

467 3128 853 3201 sequentibus
882 3124 1255 3196 verbis,qua=.
1270 3119 1580 3182 manikste
1607 3121 1932 3193 prmeentia
1959 3125 2115 3186 sunt,

458 3217 645 3275 etiam
656 3217 959 3288 judicatur
974 3231 1103 3271 esse
1115 3229 1400 3285 praesens,
1432 3228 1542 3284 pro
1559 3211 1758 3268 futuro
1769 3212 2119 3268 contrahant

465 3307 745 3378 accipitur
775 3323 788 3360 :
823 3311 879 3361 et
903 3303 1274 3375 ἐκγαμίζονται
1302 3317 1432 3373 pro,
1486 3303 1709 3372 Nuptui
1764 3300 2113 3365 tradentur;

458 3395 741 3451 similiter
769 3399 872 3446 ιίσί
907 3407 1010 3464 pm
1057 3397 1252 3457 erant,
1320 3391 1448 3446 Pari
1473 3405 1719 3462 quoque
1773 3388 1953 3445 modo
2009 3389 2117 3444 ha-

459 3484 678 3540 bentur
701 3482 887 3538 verba
915 3482 1043 3537 haec
1083 3482 1219 3535 Luc.
1263 3482 1355 3545 20,
1386 3479 1472 3541 35,
1511 3483 1580 3534 36
1612 3494 1626 3543 ;
1678 3479 1852 3534 Maro.
1899 3479 1988 3546 12,
2021 3478 2113 3534 2-5.

530 3589 724 3648 Matth.
754 3589 846 3655 17,
878 3589 968 3643 20.
1013 3587 1069 3642 Si
1099 3584 1415 3658 (habeatis)
1444 3583 1622 3640 ﬁdem
1657 3583 1816 3639 sicut
1860 3595 2112 3653 granum

459 3677 701 3750 sinapis.
732 3677 933 3750 Ἕχητε
962 3691 1072 3748 pro
1104 3676 1313 3732 futuro
1347 3674 1668 3731 habueritis
1700 3673 1964 3728 sumitur.

526 3765 724 3826 Matth.
753 3770 842 3832 26,
880 3764 1281 3838 li.Pauperes
1300 3764 1466 3821 enim
1480 3771 1720 3834 semper
1747 3761 1979 3820 habetis
2008 3777 2109 3818 vo-

455 3856 702 3924 biscum,
737 3872 833 3914 me
861 3871 1004 3913 vero
1034 3870 1157 3912 non
1187 3869 1425 3926 semper
1454 3852 1750 3926 (habetis).
1772 3852 1890 3908 Hoc
1903 3849 2106 3907 inloco

453 3963 713 4020 praesens
726 3949 872 4020 ἔχετε
886 3946 1202 4017 profuturo
1242 3943 1526 4000 habebitis
1556 3940 2106 4014 capitur.Eteodem

453 4035 638 4091 modo
665 4032 836 4091 Joan.
869 4037 953 4102 l2,
997 4033 1048 4087 8.

523 4131 718 4190 Matth.
751 4134 916 4194 28,7.
969 4130 1110 4184 Ecce
1159 4123 1482 4196 (princedit)
1532 4138 1640 4180 vos
1684 4123 1744 4179 in
1802 4122 2107 4180 Galilaeam

451 4222 670 4295 προάγει
727 4225 830 4289 pro
875 4217 1070 4271 futuro
1115 4213 1406 4283 praecedet
1468 4211 1774 4282 accipitur.
1829 4211 2107 4268 Similiter

450 4309 636 4366 etiam
667 4307 843 4362 habet
876 4306 1104 4361 Marcus
1160 4305 1249 4366 16,
1286 4303 1345 4358 7.

519 4415 691 4471 Marc.
720 4416 772 4476 3,
793 4413 878 4466 29.
905 4409 1257 4480 Quicunque
1283 4405 1790 4478 blasphemaverit
1815 4404 2102 4462 adversus
2135 4426 2182 4479 D
2217 4404 2275 4489 δι
2301 4434 2461 4488 emis

451 4501 735 4580 Spiritum
811 4504 1108 4562 sanctum,
1161 4498 1308 4568 (non
1352 4494 1554 4558 habet)
1591 4493 2002 4554 remissionem
2043 4495 2104 4550 in

449 4596 760 4657 aeternum,
795 4587 903 4643 sed
932 4601 1070 4642 reus
1107 4587 1243 4654 (est)
1304 4583 1506 4644 aeterni
1545 4581 1774 4653 judicii.
1811 4582 1967 4654 Ἔχει
2000 4600 2104 4656 pro

451 4676 685 4735 habebit
714 4676 1020 4748 accipitur,
1053 4679 1110 4730 et
1139 4672 1285 4726 ἐστὶν
1311 4687 1422 4745 pro
1452 4671 1588 4728 erit.

519 4787 691 4843 Marc.
716 4788 768 4851 9,
802 4784 887 4837 l2.
922 4781 1074 4837 Elias
1109 4796 1248 4836 cum
1301 4778 1470 4851 prius
1519 4776 1751 4833 venerit
1799 4775 2104 4850 (restituit)

448 4874 812 4932 omnia.HOc
842 4871 902 4926 in
957 4871 1090 4926 loco
1139 4867 1474 4940 ἀποκαθιστᾷ
1523 4864 1780 4922 verbum
1840 4880 2103 4937 praesens

448 4963 698 5018 sumitur
725 4978 832 5034 pro
860 4959 1057 5015 futuro
1077 4959 1368 5021 restituet,
1397 4958 1538 5027 Cap.
1577 4955 1626 5018 9,
1660 4957 1748 5011 31.
1781 4952 1963 5010 Filius
2002 4954 2106 5012 ho-

449 5051 627 5107 minis
647 5049 943 5120 (traditur)
975 5048 1036 5102 in
1061 5063 1279 5103 manus
1309 5045 1642 5100 hominum.
1679 5041 1955 5098 Similiter
1985 5042 2101 5099 hoc

448 5141 505 5194 in
535 5139 662 5192 loco
682 5131 1041 5207 παραδίὸοται
1073 5137 1317 5189 verbum
1351 5147 1610 5203 praesens
1654 5129 1954 5198 accipitur
1994 5147 2098 5202 pro

448 5228 646 5282 futuro
678 5225 959 5280 tradetur.

519 5326 691 5380 Marc.
722 5321 917 5384 11,21.
943 5323 1326 5392 Qumcunque
1356 5323 1595 5374 orantes
1629 5315 1841 5388 petitis,
1877 5314 2096 5372 credite

448 5413 613 5486 quod
677 5411 991 5482 (accipitis)
1042 5415 1098 5464 et
1161 5411 1328 5463 erunt
1379 5404 1567 5460 vobis.
1643 5402 1940 5475 Λαμϐάνεφε
1985 5419 2095 5476 pro

447 5501 768 5572 accipietis.

557 5682 639 5824 lii

669 5753 949 5808 Erasmus
977 5747 1041 5806 in
1068 5747 1243 5803 notis.

2154 3071 2194 3127 C

2315 1583 2462 1636 Joan
2494 1583 2648 1648 6,28.
2671 1583 2824 1649 Quid
2854 1584 3156 1656 (facimus)
3189 1590 3248 1641 ut
3264 1601 3583 1658 operemur
3599 1586 3903 1658 operaDei

2244 1677 2489 1742 ποιοῦμεν
2519 1685 2627 1743 pro
2655 1673 2948 1742 faciemus.

2314 1759 2488 1816 Joan.
2525 1765 2581 1829 7,
2616 1759 2704 1816 27.
2766 1760 3031 1817 Christus
3082 1778 3220 1817 cum
3279 1763 3514 1827 venerit,
3569 1779 3749 1822 nemo
3805 1779 3906 1821 oo-

2244 1849 2477 1917 gnoscit
2507 1849 2666 1905 unde
2694 1848 2814 1920 (sit)
2841 1849 2954 1904 ἐστὶ
2980 1867 3089 1923 pro
3114 1851 3310 1909 futuro
3361 1854 3496 1908 erit.

2313 1937 2484 1992 Joan.
2554 1943 2606 2004 7,
2649 1937 2739 1994 33.
2772 1942 2865 1996 34.
2909 1939 3070 1996 Vado
3101 1940 3172 1996 ad
3221 1956 3357 1997 eum
3395 1942 3501 2014 qui
3543 1940 3705 1998 misit
3747 1957 3848 1998 me
3883 1958 3896 1997 :

2242 2025 2517 2095 quaeretis
2549 2041 2642 2081 me
2663 2031 2719 2082 et
2749 2042 2871 2083 non
2924 2027 3234 2084 invenietis
3267 2044 3279 2083 :
3308 2034 3366 2084 et
3406 2028 3510 2086 ubi
3540 2044 3652 2100 ego
3711 2029 3897 2102 (sum)

2244 2127 2314 2167 eo
2362 2128 2473 2170 vos
2515 2129 2639 2169 non
2691 2115 2982 2188 (potestis)
3041 2116 3260 2172 venire.
3320 2117 3442 2189 Εὶμί
3494 2133 3600 2190 pro
3657 2132 3799 2175 ero:
3839 2122 3899 2174 et

2245 2197 2472 2258 δύνασθε
2496 2217 2606 2276 pro
2640 2201 2838 2260 futuro
2863 2207 3123 2276 poteritis
3173 2204 3565 2281 accipiuntur.

2310 2287 2478 2347 Joan.
2511 2294 2560 2357 8,
2589 2291 2677 2346 31.
2729 2293 2782 2349 Si
2812 2309 2916 2349 vos
2944 2293 3286 2350 manseritis
3312 2294 3373 2350 in
3400 2309 3674 2350 sermone
3730 2310 3893 2362 meo,

2240 2379 2364 2437 veri
2396 2378 2665 2458 discipuli
2695 2382 2811 2438 mei
2842 2383 2998 2456 (esti)
3019 2382 3135 2437 ἐστέ
3183 2400 3289 2458 pro
3315 2383 3474 2442 eritis
3531 2386 3810 2443 sumitur.

2310 2469 2482 2528 Joan.
2539 2474 2700 2538 8,46.
2733 2473 3111 2538 Quiexvobis
3135 2473 3379 2546 (arguit)
3407 2489 3501 2530 me
3515 2474 3588 2531 de
3613 2475 3897 2546 peccato?

2240 2559 2442 2632 ἐλέγχει
2479 2577 2589 2633 pro
2613 2569 2822 2632 arguet
2873 2563 3180 2635 accipitur.

2307 2649 2475 2706 JOan.
2512 2649 2598 2721 13,
2629 2652 2689 2707 8.
2731 2649 2923 2707 Sinon
2948 2651 3150 2707 lavero
3165 2655 3382 2719 te,non
3409 2651 3898 2724 (habes)partem

2235 2745 2482 2794 'mecum.
2515 2738 2700 2811 Ἔχεις
2725 2737 2887 2795 habes
2911 2754 3022 2812 pro
3045 2739 3296 2796 habebis.

2305 2823 2474 2884 Joan.
2511 2829 2597 2894 14,
2631 2829 2717 2884 17.
2751 2827 2868 2884 Vos
2893 2833 3096 2885 autem
3124 2828 3525 2900 (cognoscitis)
3550 2843 3710 2897 eum,
3743 2829 3894 2901 quia

1819 2941 1928 2998 sed
1946 2940 2117 3012 quasi

2241 2911 2400 2987 apud
2451 2931 2556 2973 vos
2606 2915 2873 2989 (manet.)
2920 2921 3204 2970 Γινώσκετε
3247 2933 3356 2990 pro
3413 2919 3797 2989 cognoscetis:
3830 2917 3891 2975 et

2231 3009 2370 3076 μένει
2382 3020 2490 3076 pro
2517 3005 2772 3061 manebit.
2801 3005 2870 3060 Et
2896 3006 3012 3062 hoc
3035 3007 3186 3062 sicut
3217 3010 3273 3063 et
3297 3005 3415 3063 alia
3437 3005 3887 3080 propemodum

2229 3093 2455 3158 omnia,
2485 3093 2688 3150 litteras
2710 3095 2892 3151 series
2935 3095 3067 3167 ipsa
3093 3095 3378 3152 declarat.

2298 3193 2466 3248 Joan.
2502 3191 2588 3258 14,
2626 3192 2708 3246 l9.
2729 3191 2938 3248 Adhuc
2969 3193 3298 3262 modicum,
3330 3195 3387 3248 et
3435 3192 3701 3248 mundus
3747 3193 3882 3264 jam

2227 3297 2323 3337 me
2366 3296 2488 3337 non
2546 3280 2817 3352 (videbit)
2875 3297 2980 3337 vos
3037 3286 3239 3338 autem
3293 3281 3562 3353 (videbit)
3599 3298 3714 3338 me.
3777 3282 3884 3338 Hic

2226 3381 2370 3426 sane
2397 3378 2747 3442 quanquam
2778 3371 2854 3441 (a)
2885 3374 3091 3427 auctor
3127 3370 3373 3442 quidam
3421 3383 3544 3426 non
3575 3369 3747 3442 parvi
3775 3383 3883 3428 no-

2224 3458 2402 3513 minis
2466 3457 2624 3514 dicat
2703 3460 2882 3530 θεωρσῖ
2931 3463 2987 3515 et
3059 3461 3288 3532 θεωρῆτε
3369 3458 3678 3530 praesentis
3747 3470 3881 3515 esse

2221 3546 2506 3618 temporis
2537 3561 2549 3600 :
2575 3551 2710 3608 sunt
2738 3552 2932 3603 tamen
2955 3547 3137 3604 etiam
3162 3549 3336 3619 juxta
3363 3559 3620 3604 canones
3664 3547 3880 3604 Grecae

2221 3636 2646 3706 grammatices
2669 3635 2869 3692 futura
2885 3635 3168 3694 secunda.
3203 3636 3501 3702 Similiter,
3535 3652 3671 3710 cap.
3702 3637 3879 3704 45,26

2223 3725 2310 3790 57,
2339 3740 2476 3780 cum
2513 3723 2723 3781 dicitur
2763 3747 2776 3778 :
2812 3724 2912 3781 Ille
2962 3725 3374 3781 testimonium
3427 3725 3761 3797 perhibebit
3801 3725 3877 3782 de

2219 3829 2340 3880 me,
2369 3818 2426 3870 et
2470 3829 2574 3872 vos
2617 3815 2818 3882 (testes
2852 3814 3061 3885 eritis.)
3108 3813 3296 3870 Etiam
3333 3813 3415 3871 ait
3468 3813 3624 3870 idem
3671 3818 3875 3872 auctor

2219 3910 2524 3978 μαρτυρεῖτε
2553 3918 2818 3975 praesens
2851 3918 2984 3959 esse
3027 3901 3369 3968 indicantis,
3409 3907 3474 3959 ut
3531 3902 3826 3973 signiﬁcet
3857 3920 3869 3956 :

2217 3994 2416 4049 Testes
2440 3991 2602 4056 estis,
2634 3997 2739 4048 aut
2767 3996 2964 4055 estote,
3000 3990 3517 4064 quemadmodum
3547 3992 3728 4050 etiam
3757 3991 3873 4050 hoc

2216 4079 2546 4135 looovertit.
2570 4080 2841 4136 Attamen
2873 4079 3061 4136 multo
3085 4079 3466 4136 commodius
3501 4080 3732 4137 dicetur
3743 4096 3873 4137 esse

2216 4168 2484 4223 futurum
2510 4167 2841 4224 secundum
2875 4183 2886 4223 :
2911 4168 3231 4240 praesertim
3259 4183 3398 4224 cum
3420 4171 3544 4224 Act.
3576 4184 3705 4240 cap.
3736 4171 3791 4234 1,
3816 4169 3869 4235 8,

2217 4255 2422 4311 eadem
2448 4255 2633 4312 ferme
2690 4255 2872 4313 verba
2922 4256 3182 4313 referens
3223 4257 3435 4326 Lucas,
3477 4257 3631 4314 dicat
3664 4274 3675 4313 :
3706 4257 3874 4315 Acci-

2217 4343 2390 4415 pietis
2418 4344 2692 4404 virtutem
2707 4347 3158 4418 superveniente
3194 4345 3412 4418 Spiritu
3443 4351 3655 4406 sancto
3673 4347 3734 4401 in
3765 4362 3873 4403 vos

2496 4434 2643 4490 mihi
2673 4439 2869 4491 testes.
2903 4435 3010 4491 Ubi
3037 4440 3238 4507 aperte
3268 4451 3370 4507 per
3395 4436 3662 4491 futurum
3691 4435 3875 4492 habet

2215 4520 2423 4578 Graeca
2451 4521 2643 4578 littera
2673 4524 2872 4590 ἔσεσθε,
2911 4522 3068 4580 facta
3094 4523 3272 4580 etiam
3302 4524 3563 4596 primum
3597 4539 3875 4594 superve-

2216 4606 2433 4662 nientis
2482 4606 2728 4678 Spiritus
2770 4609 2960 4664 sancti
3011 4607 3334 4674 mentione,
3369 4609 3520 4664 sicut
3547 4607 3726 4665 etiam
3757 4608 3872 4665 hoc

2215 4694 2366 4752 loco.
2397 4696 2687 4752 Praeterea
2711 4712 2850 4754 cum
2889 4696 3102 4754 eodem
3150 4697 3343 4770 capite
3391 4697 3474 4761 16,
3511 4698 3578 4754 10
3604 4697 3821 4754 dicitur
3855 4715 3869 4752 :

2215 4785 2304 4838 Ad
2331 4789 2564 4854 patrem
2589 4785 2763 4852 vado,
2816 4790 2875 4840 et
2903 4784 3154 4856 posthac
3205 4801 3327 4842 non
3382 4785 3698 4857 (videbitis)
3749 4802 3868 4842 me.

2217 4874 2284 4927 Et
2306 4877 2445 4943 post
2470 4887 2663 4944 pauca
2712 4887 2868 4929 vers.
2939 4875 3041 4928 l6:
3073 4873 3292 4930 Pusillo
3337 4880 3607 4947 tempore
3659 4879 3869 4932 etnon

2213 4959 2536 5032 (videbitis)
2569 4977 2684 5018 me.
2740 4962 2957 5020 Asserit
3009 4962 3170 5018 idem
3221 4963 3300 5035 (b)
3343 4968 3596 5036 utroque
3647 4964 3866 5023 horum

2213 5045 2484 5104 locorum
2516 5049 2948 5120 evangelistam
2993 5050 3251 5108 abusum
3289 5056 3548 5124 tempore
3586 5056 3868 5124 praesenti

2216 5153 2326 5208 pro
2356 5137 2582 5192 futuro.
2630 5141 2742 5192 Nos
2793 5144 2993 5195 autem
3039 5141 3378 5211 opinamur,
3426 5141 3592 5212 quod
3631 5143 3868 5213 proprie

2213 5226 2483 5281 futurum
2513 5227 2843 5282 secundum
2875 5229 3163 5300 posuerit.
3200 5230 3369 5295 Quod
3401 5229 3540 5286 inde
3580 5230 3751 5287 facile
3782 5238 3870 5287 est

2214 5313 2506 5382 colligere,
2558 5315 2724 5387 quod
2772 5319 2969 5374 statim
3023 5324 3308 5394 sequatur
3361 5319 3624 5375 futurum
3677 5317 3869 5390 ὄψεσθε

2211 5402 2510 5459 videbitis.
2537 5404 2805 5464 Solemus
2851 5412 3049 5466 tamen
3103 5407 3401 5478 quosdam
3450 5408 3867 5480 grammaticos

2215 5491 2412 5547 futura
2445 5494 2709 5550 secunda
2747 5511 2784 5550 a
2809 5495 3002 5551 verbis
3027 5495 3423 5552 circumﬂexis
3457 5499 3517 5552 in
3548 5503 3736 5554 totum
3766 5511 3868 5554 au-

656 5677 855 5757 I_£_thuc
876 5681 928 5732 et
953 5672 1135 5757 paulo
1157 5675 1298 5757 post
1324 5669 1558 5727 videtur
1595 5666 1919 5739 intelligere
1958 5673 2287 5737 Erasmum,
2319 5681 2503 5741 quem
2531 5667 2668 5726 vide
2698 5671 2757 5727 in
2787 5672 3274 5744 interpretatione
3301 5676 3356 5728 et
3386 5673 3448 5728 in
3467 5673 3646 5729 notis.
