4166 6314
259 312 321 378 69
1736 306 1898 374 me

2010 310 2129 374 ΠΟ.
3566 320 3635 378 70

250 446 421 501 ferre:
449 444 541 515 qui
580 444 784 500 tamen
833 443 1002 500 fateri
1033 448 1319 515 coguntur
1348 461 1607 517 praesens
1648 446 1868 502 indica—
1902 498 1903 503 η

2010 452 2297 512 rxarescet,
2343 449 2668 518 συνάγουσιν
2720 460 2827 519 pro
2876 448 3162 519 colligant,
3227 445 3479 519 βάλλουσι
3532 465 3637 519 pro

244 535 336 589 tivi
353 534 564 605 passim
600 549 712 604 pro
732 531 929 589 futuro
960 534 1160 598 locari,
1197 535 1362 605 quod
1401 537 1491 590 vix
1545 536 1669 591 ﬁeri
1698 537 1863 590 solet.

243 624 389 678 Idem
424 627 623 678 auctor
651 622 899 677 verbum
928 623 1012 693 (ο)
1044 621 1295 694 ἀφέωνται
1337 622 1669 695 frequenter
1698 624 1871 679 vertit

244 710 641 780 Remittuntur,
662 728 799 766 cum
816 710 889 765 sit
903 727 1022 766 non
1037 712 1223 766 solum
1241 715 1493 767 Atticum
1511 714 1870 783 praeteritum

242 801 339 856 sed
369 804 420 855 et
451 801 711 855 Ionicum
731 804 786 855 et
812 802 1108 864 Doricum,
1132 816 1237 872 per
1257 800 1621 857 ablationem
1655 803 1871 858 vocalis

240 889 641 958 subjunctivas,
675 893 729 944 et
784 888 1183 962 pleonasmun
1215 911 1271 943 ω.
1320 894 1465 945 Nam
1506 891 1669 962 quod
1720 890 1874 946 dicat

235 979 602 1049 interpretem
649 979 911 1033 fortassis
963 976 1180 1048 legisse
1208 978 1467 1051 ἀφέονται,
1520 984 1580 1034 ut
1625 980 1696 1034 sit
1729 994 1875 1050 pree-

240 1082 373 1122 sens
427 1067 496 1122 ab
527 1066 591 1118 ἒω
621 1071 677 1123 et
724 1068 893 1140 ἓομαι,
928 1083 1051 1123 non
1080 1068 1151 1123 sit
1190 1068 1525 1133 verisimile,
1577 1083 1715 1123 cum
1762 1068 1875 1123 hoc

238 1153 591 1227 barytonum
622 1157 872 1212 verbum
906 1157 1070 1228 apud
1096 1156 1258 1211 solos
1292 1163 1496 1227 poetas
1525 1156 1872 1224 reperiatur.

309 1244 469 1299 Joan.
502 1246 587 1309 15,
624 1247 674 1299 6.
708 1246 825 1300 Nisi
865 1247 999 1319 quis
1022 1246 1084 1301 in
1139 1261 1231 1300 me
1299 1244 1584 1300 manserit
1634 1245 1876 1316 (ejectus

239 1333 345 1402 est)
366 1332 518 1388 foras
557 1333 708 1388 sicut
750 1333 1000 1405 palmes,
1043 1338 1099 1389 et
1121 1333 1394 1405 (exaruit)
1449 1339 1506 1388 et
1551 1333 1875 1403 (colligunt)

238 1436 349 1483 eos,
375 1422 428 1476 et
454 1420 513 1476 in
562 1420 761 1492 ignem
795 1423 1166 1493 (conjiciunt)
1198 1428 1255 1477 et
1277 1421 1554 1494 (ardent).
1593 1422 1714 1477 Hoc
1746 1423 1877 1477 loco

241 1526 354 1582 quo
380 1510 674 1583 praeterita
701 1516 755 1566 et
784 1512 895 1566 tria
939 1511 1259 1583 praesentia
1285 1527 1395 1582 pro
1448 1510 1657 1566 futuris
1690 1511 1879 1581 posita

244 1605 412 1664 sunt;
457 1615 676 1671 nempe
726 1600 915 1657 ἐϐλήθη
958 1616 1061 1672 pro
1102 1600 1396 1671 Ejicietur,
1451 1599 1705 1676 ἐξηράνθη
1769 1616 1878 1674 pro

1980 535 2287 603 conficient
2316 540 2369 589 et
2398 540 2602 588 καίεται
2626 543 2733 607 pro
2772 536 3026 592 ardebit.

2051 623 2221 679 Joan.
2257 624 2345 687 15,
2378 624 2432 680 8.
2460 624 2519 678 In
2550 624 2663 678 hoc
2692 623 3083 694 (gloriﬁcatus
3109 627 3217 691 est)
3255 631 3425 697 pater
3473 640 3634 680 meus

1982 712 2069 781 (ut
2120 712 2378 766 fructum
2438 713 2750 782 copiosum
2825 712 3125 783 aiferatis.)
3178 712 3471 776 Ἐόοξάσθη
3526 728 3635 785 pro

1982 800 2179 854 futuro
2232 799 2667 870 glori/imbitur,
2701 806 2757 855 et
2808 804 2891 851 ἵνα
2941 805 3125 873 φέρητε
3180 818 3285 872 pro
3320 818 3410 867 eo,
3464 801 3636 874 quod

1983 893 2069 942 est
2100 904 2113 939 :
2148 888 2203 942 Si
2243 888 2563 944 attuleritis.
2621 889 2741 943 Hoc
2796 889 2995 960 itaque
3024 889 3156 945 loco
3185 896 3243 949 et
3270 892 3634 961 prasteritum

1985 982 2040 1031 et
2060 992 2318 1047 praesens
2349 993 2456 1048 pro
2488 977 2685 1031 futuro
2716 981 3042 1048 ponuntur.

2055 1065 2227 1120 Joan.
2264 1065 2347 1131 16,
2367 1069 2452 1119 26.
2476 1068 2538 1119 Et
2555 1080 2674 1120 non
2695 1065 2873 1136 (dico)
2895 1065 3059 1120 vobis
3076 1066 3242 1138 quod
3260 1082 3374 1137 ego
3387 1066 3629 1136 rogabo.

1984 1154 2215 1209 Patrem
2240 1168 2349 1225 pro
2380 1154 2586 1208 vobis:
2630 1154 2757 1225 ipse
2812 1155 2973 1209 enim
3028 1155 3199 1211 Pater
3252 1155 3463 1225 (amat)
3510 1170 3634 1210 vos.

1988 1247 2133 1313 Λέγω
2153 1257 2261 1313 pro
2284 1243 2501 1307 dicam,
2532 1246 2587 1297 et
2612 1243 2745 1313 φιλεῖ
2776 1257 2883 1314 pro
2926 1243 3159 1308 amabit,
3202 1244 3357 1315 quod
3415 1249 3634 1309 tamen,

1987 1331 2036 1385 si
2067 1331 2265 1386 solum
2313 1336 2490 1397 esset,
2536 1330 2801 1386 futurum
2851 1331 3181 1386 secundum
3235 1347 3363 1387 esse
3414 1336 3635 1404 posset.

1986 1420 2130 1474 Vide
2157 1420 2335 1490 hujus
2358 1419 2473 1475 loci
2498 1421 2960 1475 enarrationem.

2058 1510 2228 1564 Joan.
2262 1510 2346 1571 l7,
2379 1510 2460 1564 ll.
2491 1514 2545 1563 et
2571 1509 2697 1578 jam
2713 1524 2829 1563 non
2856 1509 3112 1579 (διψῴη
3146 1508 3395 1578 mundo,
3416 1513 3471 1564 et
3502 1508 3641 1564 hiin

1990 1598 2217 1652 mundo
2232 1596 2439 1668 (sunt.)
2457 1597 2579 1668 Εὶμί
2605 1612 2708 1669 pro
2725 1612 2819 1653 ero
2836 1598 3108 1665 sumitur,
3125 1604 3182 1654 et
3198 1598 3304 1650 εἰσί
3322 1614 3426 1669 pro
3446 1602 3637 1654 amnt.

408 1784 478 1854 (ε)
518 1784 725 1841 Matth.
771 1801 847 1853 ιχ,
882 1789 934 1854 2,
976 1786 1010 1839 5
1042 1802 1055 1853 ;
1088 1788 1262 1841 Marc.
1306 1802 1364 1851 ιι,
1395 1786 1449 1849 5,
1490 1787 1561 1851 9;
1597 1787 1729 1841 Luc.
1760 1800 1857 1852 vn,
1890 1789 1903 1840 ἑ

2010 1785 2098 1840 48.
2134 1783 2271 1840 Vide
2298 1785 2356 1837 in
2387 1782 2594 1855 primis
2625 1786 2941 1839 Erasmum
2981 1784 3060 1840 ad
3098 1785 3277 1840 Marc.
3312 1799 3374 1849 ιι,
3405 1786 3459 1838 9.

1366 2122 1927 2217 JOANNIS
2063 2124 2516 2216 MILLII

950 2303 1319 2376 EXAMEN
1365 2298 1708 2376 CODICIS
1760 2305 2184 2375 EUTHYMII
2224 2310 2321 2395 (ἀ)
2365 2307 2929 2378 BAROCCIANI.

1120 2443 1214 2499 Ex
1247 2442 1673 2515 Prolegomenis
1704 2442 1830 2513 ejus
1860 2442 1920 2495 in
1954 2440 2035 2498 Ν.
2076 2441 2139 2499 1⁷.
2168 2456 2203 2497 a
2241 2441 2271 2512 ἕ
2305 2441 2437 2498 1073
2468 2472 2534 2481 -
2569 2442 2729 2503 1079.

1900 2570 1978 2589 —

304 2662 509 2741 Etjam
551 2670 791 2743 quidem
824 2670 900 2727 ab
928 2671 1153 2741 insigni
1176 2672 1277 2729 illo
1305 2675 1883 2730 Commentariorum
1923 2672 1965 2727 Β
1995 2671 2293 2741 integrum
2330 2672 2520 2737 ;unde
2538 2673 2738 2728 videre
2760 2673 2951 2739 liceat,
2982 2672 3176 2746 qualis
3206 2671 3397 2730 textus
3425 2675 3643 2746 Euthy-

240 2759 637 2831 Chrysostomi
658 2760 729 2831 (ρ)
748 2760 1099 2816 deﬂoratore
1132 2760 1210 2817 ad
1226 2762 1407 2817 alium
1429 2760 1776 2818 devenimUS
1796 2762 1879 2835 (ἕ),

239 2847 611 2918 Euthymium
635 2848 769 2904 dico
804 2849 1167 2920 Zigabenum
1203 2850 1338 2922 ;q’ui
1372 2853 1483 2907 sub
1507 2852 1737 2907 initium
1766 2852 1885 2907 fere

246 2935 442 2991 saeculi
470 2936 826 3002 duodecimi,
861 2953 893 2992 e
923 2938 1166 2993 Patrum
1217 2940 1540 3005 variorum,
1572 2942 1675 2997 sed
1708 2940 1887 3012 Chry-

250 3024 491 3079 sostomi
542 3024 913 3094 potissimum
963 3024 1437 3099 Commentariis,
1494 3028 1775 3085 Catenam
1810 3030 1884 3101 (g)

244 3117 569 3184 quamdam
594 3115 893 3173 contexuit
914 3115 977 3179 in
1008 3117 1347 3187 Evangelia.
1376 3119 1441 3172 In
1465 3134 1588 3189 qua
1616 3124 1789 3183 certe,
1824 3124 1887 3174 ut

239 3199 351 3258 hoc
378 3201 571 3257 obiter
596 3208 820 3268 notem,
846 3204 1243 3276 peculiarem)
1265 3207 1513 3262 omnino
1530 3207 1696 3272 illud,
1720 3208 1885 3279 quod

239 3288 620 3358 allegationes
653 3307 759 3346 seu
786 3291 1093 3348 citationes
1110 3294 1437 3363 evangelici
1460 3301 1653 3351 textus
1679 3310 1886 3367 perpe-

240 3380 339 3432 tuo
367 3377 538 3433 factae
552 3378 1252 3446 sintsecundum‘titulos,
1281 3383 1381 3454 qui
1409 3383 1487 3438 ad
1513 3398 1683 3439 oram
1702 3386 1887 3438 Evan-

235 3465 526 3535 geliorum
558 3468 777 3536 signati
807 3472 962 3537 sunt,
996 3468 1120 3524 sive
1149 3471 1381 3541 majora
1406 3472 1669 3543 Κεφάλαια
1699 3474 1883 3543 Hujus

232 3554 389 3613 haud
412 3557 566 3612 dum
598 3558 660 3628 (ι)
689 3558 887 3613 Graece
918 3558 1085 3613 editae
1134 3561 1434 3631 exemplar
1485 3563 1641 3618 nacti
1675 3580 1884 3618 sumus

170 3666 173 3667 ν
228 3644 376 3701 inter
388 3646 634 3702 codices
651 3644 1066 3711 Baroccianos,
1087 3649 1342 3717 probum
1358 3666 1428 3705 ac
1456 3652 1883 3722 propemodum

324 3897 374 3970 _e)
408 3899 512 3970 Ita_
526 3895 1036 3970 f1‘_heophylactu_m
1077 3896 1361 3970 Bulgaria;
1415 3897 1748 3969 episcopum
1781 3915 1890 3970 ap-

324 3825 380 3895 d)
410 3826 489 3880 De
526 3823 739 3879 eodem
772 3824 1036 3895 loquitur
1062 3825 1212 3882 ibid.
1248 3828 1275 3893 §
1302 3826 1459 3882 1462.

324 3825 380 3895 d)
410 3826 489 3880 De
526 3825 739 3879 eodem
772 3825 1036 3895 loquitur
1062 3825 1212 3882 ibid.
1248 3828 1275 3893 §
1302 3826 1459 3882 1462.

301 3825 374 4018 ξε)
408 3895 1036 3991 ltarj'heophylactum
1077 3896 1361 3965 Bulgariae
1415 3897 1748 3969 episcopum
1781 3915 1886 3980 ap-

232 3980 303 4038 pe
325 3966 426 4021 lat.
468 3968 499 4019 V
518 3965 940 4038 iideturautem
970 3967 1077 4021 hoc
1102 3968 1465 4023 vocabulum
1504 3986 1575 4024 ex
1596 3975 1886 4025 contami-

233 4021 369 4093 nato
406 4037 694 4112 barbarae
722 4021 1887 4112 Latinitatis_ma_rs_upioidivi'tli—eronvmi
1928 4021 1968 4077 δ

234 4110 623 4178 protraxisse.
643 4108 971 4163 Honestiori
990 4110 1334 4181 etLatiniori
1350 4111 1429 4165 uti
1448 4118 1697 4181 poterat.
1714 4108 1886 4167 Aliud

232 4186 318 4235 est
342 4195 615 4248 graecum
658 4181 976 4245 ὰπανθιζειν,
1039 4180 1201 4234 aliud
1254 4180 1521 4236 Latinum
1576 4183 1881 4238 deﬂorare.

300 4250 371 4319 (/)
388 4253 704 4325 Tanquam
727 4266 794 4325 ex
811 4251 1031 4321 palatio
1051 4252 1284 4307 excelso
1304 4252 1439 4307 fessi
1460 4253 1796 4325 fatigatique
1809 4255 1886 4310 ad

230 4322 534 4377 tugurium
578 4321 821 4376 humile.

320 4393 378 4462 g)
408 4395 659 4456 Catena,
688 4390 1031 4464 doctissime
1062 4391 1214 4464 Milli,
1248 4393 1581 4464 appellatur
1612 4395 1886 4451 Collectio

228 4460 499 4537 locorum
527 4479 605 4519 ex
634 4463 1052 4537 variisscriplis
1074 4460 1451 4535 Patrum—qui
1476 4465 1679 4537 aliquo
1708 4466 1886 4522 modo

228 4539 425 4603 partes
451 4533 728 4603 singulas
756 4534 1107 4590 Litterarum
1132 4533 1437 4591 sacrarum
1465 4533 1732 4593 oratione
1757 4538 1884 4593 atti-

227 4611 460 4672 gerunt,
498 4606 634 4659 sine
660 4605 944 4660 continuo
974 4621 1132 4661 nexu
1185 4605 1562 4663 collatorum.
1602 4611 1726 4664 Non
1761 4609 1885 4664 sine

228 4690 410 4733 causa
440 4674 654 4750 addidi
672 4674 798 4750 sine
823 4690 1010 4750 nexu,
1045 4676 1341 4750 siquidem
1373 4685 1583 4750 catena
1608 4679 1889 4750 quaelibet

228 4693 410 4733 causa
440 4693 798 4732 aaaiaisme
829 4693 1010 4739 nexu,
1045 4693 1341 4802 anluiaem
1373 4693 1583 4734 catena
1608 4693 1887 4750 quaelibet

227 4761 453 4803 nexum
486 4746 715 4802 habere
740 4747 934 4803 debet.
962 4747 1074 4802 Sed
1106 4764 1121 4802 1
1147 4746 1250 4802 iud
1284 4748 1338 4802 in
1370 4749 1495 4803 istis
1519 4750 1741 4805 catenis
1768 4766 1887 4805 non

228 4816 408 4873 habet
434 4819 662 4874 locum.
710 4820 775 4875 In
802 4817 1118 4887 Euthymio
1143 4825 1343 4874 autem
1375 4835 1563 4875 nexus
1585 4826 1690 4885 est,
1723 4822 1888 4887 quod

227 4903 298 4944 ex
340 4889 617 4960 pluribus
658 4888 931 4959 partibus
959 4905 1111 4960 opus
1140 4896 1492 4959 perpetuum
1526 4892 1675 4946 fecit.
1719 4888 1889 4948 Com-

231 4960 602 5017 mentarium
635 4976 797 5029 ergo,
816 4976 934 5015 non
965 4966 1233 5015 catenam
1252 4961 1507 5017 exhibet.
1542 4964 1661 5018 Hoc
1687 4963 1888 5018 discri-

228 5046 366 5086 men
400 5037 497 5087 est
526 5033 678 5086 inter
699 5038 967 5086 catenam
986 5038 1041 5086 et
1060 5033 1579 5100 commentarium,
1600 5052 1669 5089 ex
1687 5052 1788 5089 usu
1805 5050 1889 5089 re-

227 5103 570 5175 centiorum
604 5102 944 5175 Graecorum
979 5101 1251 5158 vocabuli
1280 5112 1471 5175 σειράς.

296 5174 375 5243 (h)
412 5177 547 5229 Non
570 5173 859 5243 peculiare
875 5180 975 5228 aut
1003 5173 1371 5239 inusitatum,
1393 5177 1494 5230 sed
1523 5176 1749 5231 obtinet
1779 5176 1888 5230 ista

229 5246 499 5316 capitum
528 5244 855 5316 descriptio
886 5245 945 5299 in
988 5245 1287 5316 plerisque
1317 5248 1625 5302 codicibus
1649 5247 1885 5309 Gl‘tBClS,

226 5314 389 5434 quod
426 5320 483 5371 te
529 5314 880 5370 latere’non
936 5314 1447 5385 peterathullam
1508 5319 1689 5375 aliam
1729 5318 1887 5373 enim

250 5388 408 5434 ,rmni
445 5394 785 5434 agnoscunt.
812 5393 1029 5434 nrmler
1056 5387 1209 5434 hanc
1240 5394 1294 5434 et
1320 5405 1584 5434 nannneg
1625 5389 1879 5434 Rnsnhii.

274 5388 412 5458 raeci
445 5394 785 5454 agnoscunt
812 5373 1029 5458 printer
1056 5387 1209 5441 hanc
1240 5394 1295 5443 et
1320 5405 1584 5444 canones
1612 5373 1881 5445 Eusebii.
1926 5373 1969 5424 D

235 5455 508 5530 Utraque
524 5462 617 5513 est
638 5458 705 5530 in
736 5455 937 5530 codice
962 5458 1391 5515 Alexandrino.

304 5530 370 5597 (ἱ)
402 5527 589 5583 Viros
618 5527 824 5584 doctos
851 5529 1081 5600 aliquos
1094 5530 1443 5595 afﬁrmasse,
1464 5530 1574 5588 hos
1599 5546 1892 5589 commen-

1996 2761 2115 2815 mio
2155 2761 2327 2815 fuerit
2348 2761 2424 2817 ad
2438 2772 2710 2828 manum,
2740 2778 2877 2817 cum
2906 2762 3017 2817 ista
3043 2763 3341 2818 scriberet.
3372 2764 3508 2819 Erat
3536 2781 3636 2820 au-

1992 2852 2112 2903 tem
2135 2848 2264 2915 iste,
2293 2849 2482 2921 qualis
2505 2850 2933 2922 exemplarium
2961 2852 3296 2922 posterioris
3323 2852 3431 2908 aevi
3462 2851 3643 2908 ferme

1994 2938 2288 3004 omnium,
2320 2938 2611 3009 plurimis,
2640 2939 2700 2993 in
2730 2939 2873 2995 locis
2892 2940 2973 3012 (lc)
2998 2940 3381 3012 interpolatus
3415 2960 3427 3009 ;
3463 2941 3541 2996 ita
3564 2946 3646 2997 ta-

1995 3024 2525 3090 men,utinmultis,
2556 3024 2660 3082 ubi
2692 3026 2961 3083 diversus
2992 3028 3117 3085 abit
3137 3044 3174 3085 a
3198 3027 3363 3084 libris
3384 3030 3640 3097 excusis,

1995 3128 2346 3183 germanam
2379 3115 2656 3171 exhibeat
2680 3115 3013 3174 lectionem.

2064 3204 2144 3259 Et
2183 3203 2539 3262 lectionibus
2576 3205 2943 3274 interpolatis
2972 3208 3035 3263 in
3062 3207 3275 3275 pm'mc's
3320 3223 3446 3264 ecce
3468 3224 3629 3279 seqq.

2066 3290 2307 3365 Ἰορδάνῃ
2359 3293 2421 3364 (Ι)
2461 3290 2699 3365 ποταμῷ,
2732 3296 2930 3350 Matth.
2967 3300 3018 3360 3,
3053 3300 3103 3365 6,
3157 3295 3393 3366 plurimi
3454 3294 3636 3353 Codd.

1996 3383 2124 3454 Syr.
2156 3383 2318 3453 Copt.
2346 3383 2608 3453 Aithiop.

2065 3473 2339 3543 Διαρπάσῃ
2369 3488 2476 3544 pro
2500 3468 2783 3544 διαρπάσει
2817 3473 2902 3539 12,
2935 3471 3024 3535 29,
3052 3472 3135 3529 sic
3188 3472 3489 3549 Chrysost.
3527 3476 3635 3547 (m)

1994 3560 2245 3615 cavebat
2264 3560 2482 3623 scriba,
2516 3568 2579 3615 ut
2604 3561 2851 3618 verbum
2871 3560 2987 3619 hoc
3007 3563 3345 3623 conveniret
3374 3570 3643 3636 tempore

1996 3663 2132 3702 cum
2172 3646 2529 3719 praecedenti
2561 3644 2629 3706 δή
2639 3668 2727 3721 σῃ.

1998 3823 2289 3883 Fabricio.
2327 3823 2439 3881 Sed
2470 3825 2531 3880 in
2554 3840 2710 3881 nova
2727 3824 2901 3881 Cavei
2933 3827 3296 3885 editionehic
3337 3840 3495 3885 error
3524 3842 3647 3886 cor-

1996 3902 2193 3969 rectus
2225 3899 2337 3969 est.
2352 3896 2505 3969 fVide
2537 3897 2773 3969 to_m.II,
2822 3913 2878 3969 p.
2924 3898 3045 3969 1,99,
3075 3898 3213 3969 edit.
3254 3897 3429 3957 Basil.
3484 3900 3641 3967 1745,

1996 3967 2098 4023 fol.
2142 3967 2255 4023 Sed
2282 3968 2432 4023 Elias
2459 3967 2540 4022 du
2554 3967 2655 4024 Pin
2677 3968 2737 4024 in
2757 3967 2921 4024 Nova
2947 3968 3311 4026 Bibliotheca
3330 3978 3643 4029 auctorum

1999 4038 2555 4112 ecclesiasticorum,
2586 4043 2723 4094 tom.
2756 4039 2843 4112 IX,
2881 4056 3010 4112 cap.
3064 4056 3178 4112 xiv,
3212 4058 3266 4112 p.
3310 4042 3432 4107 l97,
3484 4042 3647 4098 hunc

1998 4110 2503 4182 Commentarium
2531 4111 2732 4182 Grmgce
2752 4109 2972 4167 editum
3000 4110 3179 4182 tradit
3203 4109 3444 4167 Veronaa
3488 4114 3642 4182 1530,

1996 4197 2118 4252 quo
2135 4196 2293 4236 anno
2312 4181 2595 4241 nimirum
2619 4179 2840 4237 ibidem
2855 4182 3073 4251 prodiit
3094 4181 3568 4241 Commentarius
3585 4179 3647 4241 in

1997 4252 2281 4307 Psalmos.
2315 4252 2605 4323 Confusus
2636 4268 2772 4322 ergo
2793 4258 2881 4307 est
2897 4252 3367 4323 Commentarius
3398 4255 3456 4310 in
3488 4255 3649 4311 Psal-

1996 4339 2128 4377 mos
2160 4339 2296 4377 cum
2315 4322 2428 4377 hoc
2459 4322 2519 4377 in
2553 4322 2889 4391 Evangelia.
2911 4322 3250 4380 Oudinusin
3272 4326 3649 4383 Commenta-

1995 4395 2084 4470 rio
2115 4393 2189 4448 de
2221 4393 2609 4470 scriptoribus
2639 4394 3068 4470 ecclesiasticis,
3120 4401 3265 4470 tom.
3302 4398 3364 4461 ll,
3412 4413 3471 4470 p.
3518 4397 3644 4470 981,

1997 4464 2115 4520 alio
2160 4464 2340 4519 modo
2398 4464 2635 4520 erravit.
2685 4464 2895 4520 Scribit
2942 4466 3144 4521 enim:
3204 4464 3648 4527 Commentaria

1998 4537 2060 4590 in
2090 4540 2348 4606 quatuor
2385 4534 2707 4605 Evangelia
2736 4536 2893 4591 edita
2922 4539 3116 4592 Graece
3144 4538 3204 4592 in
3235 4537 3373 4597 folio
3400 4538 3646 4594 Veronae

1997 4605 2157 4662 anno
2190 4607 2323 4661 1630
2353 4605 2516 4731 (ergo
2547 4612 2784 4662 centum
2807 4608 2980 4663 annis
2999 4608 3150 4679 post)
3170 4625 3307 4663 cum
3332 4610 3646 4665 Commen-

1999 4677 2147 4731 tario
2170 4677 2231 4731 in
2250 4677 2361 4731 Psa
2390 4692 2544 4731 mos.

1999 4677 2147 4734 tario
2170 4677 2231 4731 in
2250 4677 2544 4733 Psalmos.

2068 4749 2151 4816 (lc)
2187 4747 2363 4803 Multo
2392 4752 2590 4801 tamen
2624 4748 2821 4801 minus
2841 4763 3026 4818 quam
3050 4753 3186 4802 tuus
3212 4747 3646 4804 Alexandrinus

1998 4823 2056 4874 et
2083 4817 2607 4885 Cantabrigiensis,
2640 4817 2882 4872 infimus
2922 4818 3213 4873 omnium.

2070 4889 2133 4959 (ι)
2170 4892 2265 4944 Est
2294 4890 2421 4944 haec
2443 4888 2613 4943 lectio
2645 4888 2919 4942 codicum
2951 4904 3085 4942 cum
3122 4888 3359 4943 scholiis
3400 4893 3455 4945 et
3494 4895 3648 4946 cate-

1997 4960 2115 5027 nis,
2146 4960 2310 5030 quod
2342 4975 2413 5015 ex
2453 4962 2673 5031 Mosqq.
2718 4959 2898 5031 codd.
2937 4959 2994 5031 de.
3029 4964 3084 5013 et
3108 4960 3174 5013 10
3202 4960 3464 5016 discitur.
3501 4962 3647 5017 Con-

2000 5037 2087 5086 tra
2118 5029 2251 5086 sunt
2281 5031 2551 5100 ejusdem
2582 5029 2814 5098 generis
2848 5029 3156 5085 codicesa.
3184 5048 3235 5085 e.
3256 5034 3403 5100 Ergo
3422 5032 3588 5088 facile
3614 5051 3650 5089 a

1998 5102 2198 5156 critico
2224 5102 2569 5157 auctoritate
2603 5101 2955 5171 reliquorum
2980 5103 3332 5161 excluditur.

2070 5173 2171 5241 (In)
2207 5174 2502 5243 Chrysost.
2534 5178 2571 5225 t.
2608 5171 2723 5243 νη,
2756 5190 2810 5242 p.
2864 5175 2962 5228 lii?
3014 5174 3076 5228 b.
3130 5174 3347 5229 habet:
3384 5178 3487 5229 Καὶ
3535 5180 3648 5227 τότε

1999 5240 2219 5298 ΑΥΤΟΥ
2269 5240 2353 5297 TA
2410 5250 2617 5317 suum
2655 5240 2945 5317 disc—prdem
3006 5246 3169 5317 quod
3227 5262 3343 5317 nec
3398 5247 3650 5302 Wetste-

2000 5317 2135 5370 nius
2162 5317 2403 5370 notavit.
2439 5314 2801 5383 Ignorabant
2822 5316 3004 5370 Graeci
3024 5314 3515 5370 consuetudinem
3544 5319 3646 5372 He-

2001 5387 2269 5441 braicam
2300 5387 2580 5441 orationis
2606 5385 2687 5441 ita
2702 5386 3025 5441 vincienda:
3039 5403 3143 5456 per
3168 5385 3512 5456 particulam
3538 5393 3647 5443 καὶ.

2004 5459 2212 5512 Totum
2233 5457 2563 5514 membrum
2584 5456 2793 5527 abesse
2816 5457 3133 5527 poterat.Si
3158 5461 3355 5512 tamen
3381 5456 3651 5513 addidis-

2004 5534 2136 5584 sent
2196 5529 2392 5600 Graeci,
2442 5534 2557 5583 τότε
2614 5525 2705 5594 δὴ,
2766 5524 2877 5580 fere
2936 5524 2994 5579 δέ
3033 5530 3135 5583 aut
3194 5530 3304 5578 τότε
3360 5528 3460 5596 ’γάρ
3509 5530 3653 5583 scri-

234 5600 415 5656 tarios
459 5600 658 5656 Grece
683 5600 809 5669 jam
830 5600 1020 5657 editos
1051 5617 1202 5666 esse,
1242 5618 1421 5673 supra
1450 5607 1719 5662 notatum
1747 5609 1835 5659 est
1858 5618 1895 5659 a
2001 5600 2276 5672 psissent.
