4166 6314
554 343 614 393 71
2059 333 2453 388 PR/EFATIO.
3898 336 3971 387 72

625 466 786 537 Βάρος
813 465 893 535 (n)
933 473 1026 523 τῆς
1053 472 1146 534 γῆς
1188 466 1271 528 13,
1301 463 1355 527 5,
1388 461 1623 533 irrepsit
1646 476 1677 516 e
1707 475 1904 529 marg.

622 555 691 608 Τὸ
743 555 956 625 ἄριστον
1007 571 1106 624 μου
1152 551 1232 623 (ο)
1283 553 1599 621 ἡτοίμασται
1640 553 1728 615 22,
1762 549 1839 614 4;
1897 548 1980 602 sic
2028 547 2197 603 etiam

551 641 739 696 codex
772 657 922 696 unus
947 644 1003 697 et
1034 641 1204 698 alter.
1236 637 1646 710 Inter-polatori
1673 653 1753 692 se.
1788 635 2054 708 quisquis
2080 635 2192 700 ille,

553 730 976 799 congruentius
993 729 1187 784 visum
1219 732 1307 783 est
1336 727 1411 782 de
1440 727 1596 795 regis
1615 724 1890 797 prandio,
1927 723 2072 778 illud
2095 739 2196 795 pa-

549 822 744 873 ratum
765 833 896 873 esse
926 817 1144 884 dicere,
1170 831 1352 887 quam
1382 831 1443 868 se
1474 813 1620 868 illud
1645 828 1915 885 parasse.

621 907 729 959 Καὶ
787 905 1088 977 ἀποχριθείς
1140 902 1272 955 εἶπεν
1322 903 1493 962 αὐτοῖς
1519 905 1668 973 γενεά
1712 921 1828 955 πον.
1889 905 1966 971 l6,
2018 903 2071 965 4,
2123 917 2196 956 ex

547 1010 696 1049 vers.
719 999 751 1048 2
781 995 961 1064 hujus
987 992 1211 1064 capitis.

618 1084 799 1145 Οὒτως
829 1084 922 1136 οὐκ
957 1084 1236 1153 ἰσχύσατε,
1267 1087 1380 1137 etc.
1437 1085 1522 1150 26,
1552 1080 1640 1136 40.
1684 1081 1766 1134 sic
1810 1079 1894 1151 (ρ)
1928 1085 1984 1135 et
2035 1096 2195 1135 com-

547 1172 744 1242 plures
775 1171 951 1227 codd.
979 1171 1228 1242 repetita
1251 1170 1724 1238 interrogatione,
1745 1184 1867 1240 quo
1894 1169 2088 1238 magis
2115 1169 2195 1224 ad

545 1262 807 1316 Marcum
845 1261 922 1331 (e.
963 1262 1052 1323 14,
1083 1277 1140 1314 ν.
1169 1261 1259 1330 37)
1299 1258 1691 1314 accederetur.

617 1348 891 1418 Γολγοθὰν,
923 1353 1013 1411 27,
1054 1349 1141 1413 33,
1174 1349 1260 1402 sic
1316 1347 1492 1402 codd.
1551 1347 1630 1404 al.
1681 1363 1829 1402 casu
1858 1347 2192 1402 accusativo

544 1437 623 1493 ad
650 1437 905 1494 formam
946 1437 1306 1493 Graecorum.

613 1523 824 1587 Ἰδόντες
853 1530 918 1579 τὰ
967 1531 1229 1598 γενόμενα.
1277 1528 1366 1591 27,
1419 1528 1510 1590 54,
1572 1526 1755 1579 misso
1806 1528 1892 1576 τὸν
1951 1529 2186 1595 σεισμὸν,

545 1621 607 1672 ut
631 1615 947 1687 superﬂuo,
981 1617 1060 1670 ob
1100 1631 1282 1686 supra
1311 1614 1465 1670 dicta
1493 1630 1549 1667 ν.
1589 1619 1674 1677 51,
1709 1617 1795 1669 52.

610 1705 978 1779 Ἀγοράσομεν.
1021 1706 1197 1759 Marc.
1229 1708 1280 1769 6,
1314 1706 1401 1771 37,
1435 1703 1534 1757 sed
1591 1703 1819 1758 editum
1876 1708 2051 1767 recte,
2110 1703 2189 1758 ob

2232 463 2279 514 A
2383 465 2482 513 Καὶ
2531 459 2798 534 ἐπληρώθη
2831 462 2861 518 ἡ
2917 463 3092 532 Γραφὴ
3149 462 3178 518 ἡ
3220 459 3462 530 λέγουσα,
3512 463 3602 510 καὶ
3658 461 3791 531 μετὰ
3839 457 3962 509 ἀνό-

2309 571 2417 621 μων
2461 548 2732 621 ἐλογίσθη.
2763 552 2851 618 15,
2885 550 2974 611 28,
3027 547 3352 604 versiculus
3394 547 3490 603 hic
3521 546 3963 618 praetermissus

2305 642 2394 692 est
2421 641 2584 710 apud
2613 655 2732 694 ms.
2763 638 3158 710 Euthymium,
3183 637 3290 692 sed
3321 637 3640 708 ascriptum
3663 635 3964 691 habemus

2304 728 2378 782 ad
2435 743 2606 782 oram
2675 726 2896 782 codicis
2947 743 2984 782 a
3038 741 3214 780 manu
3265 723 3537 780 nonnihil
3612 724 3955 778 recentiore.

2305 815 2592 870 Omittunt
2606 815 2784 871 etiam
2803 815 2885 886 (v)
2906 813 3355 875 Alexandrinus.
3377 813 3597 884 aliique
3611 811 3784 868 codd.
3813 811 3955 884 aliq.

2302 903 2602 969 Caeterum,
2636 909 3029 974 praeterquam
3060 901 3226 974 quod
3253 903 3314 958 in
3343 900 3508 956 libris
3543 901 3836 973 plerisque
3867 900 3955 956 lo-

2303 1009 2441 1047 cum
2471 992 2705 1056 habeat,
2759 991 2894 1046 mihi
2925 999 3078 1048 certe
3129 990 3294 1046 haud
3347 989 3471 1045 leve
3526 989 3813 1045 indicium
3843 993 3954 1053 est,

2302 1082 2481 1136 etiam
2513 1081 2573 1136 in
2595 1081 2776 1136 Marci
2806 1079 3178 1150 autographo
3209 1079 3520 1146 exstitisse,
3548 1078 3713 1150 quod
3741 1077 3957 1132 eadem

2301 1171 2434 1242 ipsa
2465 1170 2726 1242 proferat
2754 1186 2821 1224 ex
2849 1169 3166 1224 occasione
3195 1168 3402 1231 Lucas,
3453 1167 3734 1223 assiduus
3785 1166 3957 1222 Marci

2302 1265 2580 1316 sectator.
2622 1263 2702 1314 Ne
2731 1258 2948 1323 dicam,
2979 1258 3140 1329 quod
3194 1257 3271 1312 ob
3316 1256 3475 1312 idem
3506 1255 3741 1311 initium
3771 1255 3956 1326 hujus

2303 1365 2505 1402 versus
2536 1355 2592 1403 et
2615 1365 2732 1418 seq.
2763 1346 2934 1402 facile
2962 1345 3148 1401 omitti
3175 1350 3425 1417 poterat.

2372 1436 2502 1490 Τίνα
2527 1433 2585 1488 δὲ
2615 1436 2667 1498 ἐξ
2694 1437 2834 1507 ὑμῶν
2885 1438 3026 1490 Luc.
3070 1435 3152 1499 11,
3201 1435 3285 1490 11.
3343 1433 3490 1489 Illud
3546 1431 3617 1497 ἐξ,
3651 1437 3957 1504 utcunque

2300 1527 2360 1580 in
2387 1525 2756 1596 exemplaria
2803 1523 3064 1594 plurima
3111 1521 3430 1594 irrepserit,
3477 1537 3600 1578 non
3641 1528 3725 1576 est
3773 1521 3958 1590 hujus

2301 1613 2702 1682 evangelista,
2738 1612 2840 1667 sed
2875 1612 3147 1668 Matthaai.

2367 1705 2494 1762 Τοὺς
2525 1699 2744 1762 δούλους
2773 1704 3008 1760 τούτους*
3047 1700 3130 1752 ἱνα
3157 1709 3262 1771 γνῶ
3315 1705 3424 1756 etc.
3459 1699 3682 1769 (missis
3719 1699 3944 1763 mediis,

540 1810 664 1864 seq.
691 1790 873 1865 δωμεν²
890 1795 1282 1864 omniumque
1299 1792 1416 1847 fere
1431 1791 1722 1850 librorum
1742 1792 1822 1862 (q)
1840 1791 2175 1847 auctoritate

2305 1787 2369 1851 οἷς
2398 1787 2557 1842 ἔδωκε
2575 1794 2632 1842 το
2651 1791 2918 1862 ἀργύριον,
2949 1788 3148 1853 credo,
3175 1793 3252 1854 ut,
3285 1787 3644 1859 superﬂuis),
3679 1789 3765 1852 19,
3794 1788 3883 1840 15.

539 1883 958 1938 conﬁrmatum
987 1889 1095 1936 est.

611 1967 834 2030 Ἒὸοξαν
874 1974 1160 2041 φαντασίαν
1209 1967 1356 2032 εἶναι,
1402 1973 1455 2036 6,
1486 1970 1575 2031 49,
1607 1967 1690 2021 sic
1746 1966 1935 2021 codex
1997 1967 2187 2038 Ephe-

541 2058 728 2112 sinus.
801 2058 920 2112 Sed
1000 2059 1278 2129 φάντασμα
1346 2054 1702 2126 reliquorum
1751 2053 2031 2110 codicum
2080 2060 2184 2121 est,

535 2150 592 2201 et
611 2144 874 2202 Matthaai.
1385 2181 1389 2183 -

611 2233 788 2288 ’Έστω
814 2234 894 2304 (ν)
946 2235 1148 2285 πάντων
1199 2229 1398 2301 δοῦλος,
1441 2235 1492 2300 9,
1542 2233 1629 2298 35,
1687 2230 1773 2286 sic
1831 2230 2004 2287 codJ.
2041 2231 2183 2303 aliq.

537 2321 803 2393 zEthiop.
843 2338 913 2377 ex
949 2321 1243 2377 Matthaeo.

605 2409 672 2467 Ὃ
729 2410 801 2482 (3)
842 2407 901 2462 δὲ
936 2411 1056 2482 ὑμῖν
1111 2410 1260 2481 λέγω,
1324 2412 1408 2473 13,
1463 2413 1552 2476 37,
1609 2407 1948 2480 complures
2004 2409 2180 2465 codd.

533 2513 750 2571 nempe
780 2498 859 2554 ob
885 2498 1136 2570 simplex
1167 2497 1313 2553 illud
1337 2504 1660 2572 γρηγορεῖτε,
1694 2496 1860 2569 quod
1891 2497 2180 2570 sequitur,

536 2587 734 2658 potius
782 2588 975 2642 visum
1006 2587 1052 2653 ὃ,
1093 2604 1266 2660 quam
1316 2586 1351 2637 οἷ
1398 2589 1462 2641 Et
1502 2587 1586 2642 sic
1635 2585 1998 2656 interpretati
2043 2591 2184 2641 sunt

532 2675 701 2746 Vulg.
741 2676 868 2746 Syr.

603 2767 768 2838 Ἀμὴν
826 2763 1042 2837 alyn...
1089 2767 1231 2837 ὑμῖν,
1268 2766 1351 2835 14,
1386 2769 1437 2830 9,
1497 2765 1718 2820 inserto
1764 2759 1845 2826 δὲ,
1902 2767 1960 2817 ut
2015 2763 2181 2834 apud

532 2855 886 2921 Matthzeum,
945 2859 1002 2910 et
1043 2853 1104 2909 in
1145 2854 1314 2909 libris
1395 2853 1534 2924 aliq.
1589 2855 1712 2926 γάρ,
1791 2851 2180 2907 connexionis

575 2960 742 2999 rana.

575 2961 597 2998 r
663 2960 682 2998 ι
726 2983 742 2999 .

530 2960 570 3015 8
602 2949 800 3106 ῗςιαῗῃ)
819 3033 1117 3104 εὐλογήσας,
1151 3031 1232 3097 14,
1249 3031 1316 3086 33
1342 3047 1355 3096 ;
1388 3030 1633 3101 praeﬁxo
1650 3032 1757 3096 καί,
1787 3043 1859 3084 ex
1887 3027 2174 3085 Matthaao.

601 3175 684 3247 (η)
709 3178 919 3231 Neuter
944 3191 1018 3247 ex
1041 3173 1188 3228 meis
1221 3169 1855 3247 Euthymii_codici_bus
1882 3171 1943 3247 id
1963 3169 2174 3247 habet.
2213 3157 2253 3212 Ο

527 3240 691 3319 Baio;
714 3263 787 3319 ne
813 3245 1060 3318 quidem
1091 3240 1498 3301 Graecum'est.
1529 3243 1693 3301 Βάθος
1725 3241 1906 3297 Graeci
1944 3240 2166 3298 dicunt.

529 3317 674 3374 Hinc
706 3317 1004 3390 βαθῦγειος.

624 3382 798 3464 ο)’1ιδ.
844 3382 995 3464 duo_
1017 3387 1252 3464 codices
1300 3387 1690 3464 Mosquenses
1737 3382 2170 3464 Chrysostomi.

598 3391 678 3529 ἕο)
716 3391 798 3444 lta
844 3391 965 3442 duo
1017 3391 1252 3442 codices
1300 3391 1690 3464 Mosquenses
1737 3391 2170 3462 Chrysostomi.

620 3465 684 3529 ρ)
724 3462 840 3514 Hoc
872 3459 931 3512 in
959 3457 1249 3529 Euthymii
1277 3456 1586 3511 codicnbus
1613 3470 1732 3508 non
1758 3451 2174 3529 animadverti.

528 3523 647 3585 Sed
668 3523 770 3584 ita
807 3529 1032 3583 habent
1059 3523 1293 3582 codices
1336 3529 1716 3595 Mosquenses
1748 3523 2170 3595 Chrysostomi,

527 3600 632 3656 etsi
665 3599 830 3656 aliter
860 3598 1105 3652 ediderit
1135 3594 1646 3658 MontefalcOnius,
1669 3599 1707 3648 t.
1734 3594 1849 3647 VII.
1871 3609 1935 3664 p.
1963 3594 2086 3656 791,
2114 3609 2168 3648 a.

525 3672 586 3726 d.
615 3669 1094 3740 Theophylactus
1115 3669 1294 3740 etiam
1321 3682 1452 3738 pag.
1473 3666 1576 3740 161
1597 3681 1647 3720 e.
1670 3666 1790 3730 lb5,
1812 3680 1866 3720 a.
1883 3680 2072 3718 unum
2095 3666 2170 3719 si-

525 3758 714 3813 gnum
754 3739 1156 3812 interrogandi
1187 3739 1370 3813 habet
1399 3742 1533 3813 post
1563 3739 1707 3808 ἐμοι).

597 3814 678 3886 (q)
697 3816 814 3870 Hoc
838 3806 1258 3886 argu'mentum
1297 3806 1595 3886 hic'v_alet,‘
1626 3823 1745 3863 non
1764 3812 1977 3886 autem
1982 3806 2166 3886 prius.

524 3878 820 3942 Nec-enim
849 3878 1077 3939 Marcus
1108 3887 1382 3938 accurate
1430 3881 1626 3935 Graece
1673 3879 1886 3934 scribit.
1937 3878 2171 3933 Poterat

523 3973 664 4027 ergo
717 3955 1052 4028 praecedere
1081 3956 1346 4008 futurum
1374 3958 1448 4029 et,
1473 3956 1606 4022 post
1628 3956 1732 4029 ..καί
1770 3950 1943 4029 sequi
1975 3945 2164 4029 δῴμεν.

525 4021 766 4091 Scilicet,
817 4032 881 4080 ut
907 4031 997 4076 καὶ
1046 4029 1199 4078 esset
1228 4039 1335 4094 pro
1375 4021 1575 4094 Grtéco
1628 4021 1730 4074 ἱνα.
1770 4021 1886 4094 Nisi
1935 4021 2169 4094 codices

521 4089 844 4160 obstarent,
893 4095 1051 4166 apud
1105 4089 1372 4166 Marcum
1413 4089 2159 4166 probassem_&7opa€aonav_.

523 4169 702 4223 Aliter
740 4170 898 4220 enim
934 4161 1134 4220 Greece
1163 4161 1501 4231 Xenophon,
1544 4161 1708 4231 aliter
1753 4163 1980 4213 Marcus
2031 4161 2170 4213 scri-

521 4240 631 4294 bit.
674 4239 802 4294 Hoc
834 4235 978 4290 illud
1017 4234 1267 4288 dubium
1309 4230 1395 4286 est
1424 4231 1482 4284 in
1515 4230 1661 4284 Crisi
1690 4233 1752 4284 N.
1788 4231 2168 4296 Testamenti,

520 4310 694 4381 quod
718 4308 1036 4377 scriptores
1059 4321 1165 4359 nec
1197 4303 1417 4374 ubique
1435 4302 1792 4366 hebraizant,
1818 4316 1926 4356 nec
1947 4300 2170 4371 ubique

521 4380 886 4451 graecissant.

594 4453 668 4521 (ν)
713 4453 805 4506 Sic
873 4453 1118 4518 uterque
1161 4461 1350 4500 meus.
1400 4446 1647 4500 Servant
1707 4447 1911 4498 tamen
1966 4444 2170 4493 πάντων

519 4527 745 4594 ἔσχατος
783 4524 892 4594 agat.

590 4590 667 4664 (Vs)
707 4590 812 4649 Mei
848 4590 899 4643 ἂ.

615 4655 658 4734 ιδ
688 4666 850 4734 Unus
880 4664 1110 4734 tantum
1136 4672 1408 4734 meorum
1436 4655 1610 4734 addit.
1629 4658 1740 4711 καί.

615 4666 657 4734 ι)
688 4666 850 4719 Unus
880 4666 1110 4716 tantum
1140 4672 1408 4712 meorum
1436 4666 1602 4711 addit
1629 4666 1740 4711 καί.

589 4666 668 4807 iv)
705 4733 919 4789 Vitium
965 4730 1180 4807 codicis
1223 4726 1613 4807 _Alexand1'ini
1665 4730 1925 4807 arguunt
1944 4725 2166 4807 'a'dd‘iti

518 4796 780 4863 canones
819 4802 1077 4859 Eusebii.
1125 4799 1322 4858 Habet
1361 4799 1518 4853 enim
1561 4799 1619 4852 in
1657 4796 1914 4851 editione
1944 4797 2164 4850 Woidii

518 4881 627 4935 ita:
662 4881 766 4934 Καὶ
809 4880 901 4928 σὺν
939 4874 1078 4944 αὐτῷ
1122 4878 1439 4946 σταυροῦσον
1472 4871 1566 4921 δύο
1596 4868 1816 4946 λῃστάς,
1865 4872 1920 4922 et
1965 4867 2046 4946 in,
2078 4868 2162 4922 in-

517 4951 712 5005 teriori
763 4947 1031 5013 margine
1050 4937 1231 5000 "notat
1257 4937 1928 5013 'sectionemAminorem
1957 4937 2066 5013 ata'.
2109 4945 2166 5013 et

516 5035 811 5075 canonem
871 5007 940 5075 vi".
1001 5020 1276 5071 Rursus:
1336 5015 1422 5065 ἕνα
1477 5011 1530 5063 ἐκ
1601 5007 1780 5072 δεξιῶν
1837 5014 1927 5060 καί
1983 5010 2068 5060 ἕνα
2113 5009 2165 5071 ἐξ

516 5092 784 5160 εὐωνύμων
829 5084 1006 5160 αὑτοῦ.
1064 5086 1238 5160 Et‘in
1297 5083 1578 5160 int_eriori_
1619 5081 1908 5160 margine,
1983 5081 2164 5160 sectio

516 5152 712 5216 minor
743 5158 858 5218 σις’.
892 5173 1083 5212 canon
1124 5156 1178 5215 ς’.
1215 5157 1385 5225 Atqui
1418 5154 1622 5208 omnia
1665 5153 1742 5208 ab
1767 5157 1856 5203 καὶ
1899 5157 1991 5202 σὺν
2023 5152 2163 5225 αὐτῷ

516 5233 594 5288 ab
622 5232 891 5301 εὐωνύμων
935 5229 1092 5278 αὐτού
1142 5223 1430 5301 pertinent
1471 5227 1543 5279 ad
1589 5225 1909 5301 sectionem
1947 5223 2055 5301 rm':
2109 5230 2164 5275 et

515 5305 588 5358 ad
604 5294 891 5359 canonem
909 5301 976 5352 α’.
993 5294 1255 5363 Quatuor
1267 5296 1422 5349 enim
1439 5297 1818 5362 evangelista;
1833 5311 1950 5347 non
1968 5294 2161 5346 solum

513 5380 756 5430 narrant
777 5373 930 5426 duos
959 5371 1213 5424 latrones
1244 5383 1380 5421 cum
1425 5366 1654 5420 Christo
1684 5365 1844 5421 cruci
1868 5381 1999 5418 esse
2032 5364 2160 5418 afti—

513 5463 636 5509 xos,
671 5445 773 5498 scd
793 5442 994 5498 etiam.
1014 5440 1303 5494 Christum
1325 5436 1680 5509 pependisse
1708 5435 1995 5509 medium.
2019 5435 2160 5509 Jam

513 5505 650 5574 cum
681 5517 738 5570 in
763 5514 861 5568 illo
888 5513 1098 5568 Codice
1138 5505 1345 5564 versus
1371 5505 1460 5571 29,
1495 5508 1577 5560 sic
1608 5507 1791 5560 sectio
1825 5505 1947 5565 σιξ.
1982 5511 2044 5561 ut
2078 5507 2161 5560 ibi

511 5590 680 5646 etiam
745 5590 1004 5646 notatur,
1064 5578 1502 5653 culpaiscribte
1551 5577 1778 5653 excidit_
1815 5578 1995 5632 sectio
2046 5575 2157 5653 σιςξ.

510 5677 665 5734 quae,
698 5656 864 5731 quod
894 5674 926 5711 a
956 5658 1148 5711 Marco
1164 5647 1225 5708 et
1248 5652 1406 5706 Luca
1434 5653 1668 5706 tantum
1691 5647 1958 5715 refertur,
1986 5648 2159 5718 perti-

2368 1879 2485 1935 Ἐάν
2537 1900 2617 1942 τις
2676 1876 2896 1950 ἀδελφὸς
2971 1877 3228 1949 ἀποθάνῃ,
3285 1877 3374 1946 20,
3425 1875 3511 1930 28.
3569 1878 3634 1931 Et
3683 1877 3762 1931 ita
3819 1875 3950 1930 cod.

2295 1985 2453 2024 unus
2487 1973 2543 2023 et
2563 1969 2725 2023 alter.
2763 1967 2992 2038 Reliqui
3036 1981 3247 2021 omnes
3277 1969 3334 2020 et
3370 1963 3538 2020 editt.
3573 1983 3734 2026 rwog-
3782 1969 3838 2019 et
3867 1965 3951 2019 sic

2296 2057 2549 2121 Marcus,
2567 2073 2748 2128 quem
2788 2056 2955 2127 sequi
2983 2059 3147 2110 amat
3174 2055 3267 2110 hic
3287 2053 3665 2123 evangelista.

2368 2147 2477 2198 Καὶ
2507 2145 2780 2219 παρεκάλει
2812 2145 2987 2198 αὐτόν.
3035 2145 3089 2211 8,
3123 2148 3208 2199 32.
3245 2143 3662 2199 Dmmoniacus
3723 2158 3810 2198 sc.
3871 2158 3943 2198 ex

2292 2251 2456 2291 vers.
2498 2235 2763 2305 proxime
2805 2232 3194 2306 praecedente.

2363 2324 2422 2380 '0
2491 2320 2548 2375 δὲ
2605 2322 2806 2383 Ἰησους
2874 2318 3007 2374 εἶπεν
3060 2320 3222 2391 αὐτῇ.
3278 2322 3331 2386 8,
3386 2323 3475 2386 48,
3531 2319 3719 2378 Codd.

2294 2413 2470 2468 Goth.
2511 2412 2637 2482 Syr,
2681 2410 2883 2471 Ἰησοῦς
2922 2409 3174 2466 Μᾶῒὼδειί
3203 2414 3308 2466 est.

2363 2500 2559 2572 Ὀχλοι
2620 2499 2920 2559 ἐπεζήτουν,
2998 2499 3053 2561 4,
3111 2498 3199 2552 42.
3282 2497 3511 2553 Plurimi
3595 2498 3682 2568 (ξε)
3766 2495 3938 2552 codd.

2291 2589 2664 2660 explicatius.

2361 2681 2430 2732 Τὸ
2483 2681 2620 2738 ἔθνος
2695 2679 2858 2748 ἡμῶν.
2910 2680 2999 2740 23,
3049 2680 3101 2730 2.
3170 2673 3411 2729 Plurimi
3465 2673 3646 2729 codd.
3714 2673 3938 2744 adjecto

2291 2768 2454 2838 ἡμῶν,
2496 2765 2907 2836 explicationis
2952 2763 3158 2834 gratia.

2359 2859 2541 2928 Μαρία
2604 2853 2650 2912 if
2699 2852 2964 2907 Ἰακώϐου.
3024 2855 3112 2917 24,
3178 2851 3266 2907 10.
3351 2850 3689 2923 Complures
3762 2851 3936 2907 codd.

2289 2943 2664 3014 explicatius.

2357 3028 2640 3093 ’Υπέδειξεν
2680 3029 2755 3102 (y)
2797 3029 2885 3084 24.
2912 3031 3001 3084 40.
3036 3026 3364 3098 Singularis
3391 3025 3580 3084 lectio.

3801 2319 3939 2392 aliq.

2286 3178 2386 3228 net
2405 3172 2482 3228 ad
2505 3187 2800 3227 cauonem
2827 3171 2894 3229 η’.
2925 3169 3389 3241 Reprehenditur
3412 3185 3575 3239 ergo,
3597 3169 3854 3226 scribam
3873 3170 3931 3226 il-

2286 3244 2414 3298 lum
2445 3259 2481 3298 a
2508 3249 2597 3295 καί
2629 3243 2706 3298 ad
2736 3247 2824 3293 καί
2854 3239 3160 3296 defecisse.
3203 3239 3499 3296 Addamus
3539 3241 3635 3296 hic
3660 3241 3789 3298 illos
3824 3259 3936 3298 nu-

2287 3330 2485 3370 meros
2524 3331 2662 3370 cuin
2689 3313 3049 3368 correctione
3070 3329 3081 3365 :

2608 3385 2745 3438 Alex
2757 3425 2770 3438 .
3060 3382 3373 3438 Correctio.

2610 3452 2716 3507 σιόν
2733 3501 2744 3510 ,
2902 3483 2964 3491 -
3149 3449 3254 3504 and"
3269 3497 3279 3506 .

2644 3526 2686 3577 α’
2697 3568 2708 3578 .
2894 3557 2962 3566 —
3214 3523 3278 3580 α’.

2609 3597 2698 3648 σιέ
2714 3639 2726 3652 ,
2889 3627 2957 3635 -
3141 3594 3230 3646 σιε’
3244 3637 3255 3648 .

2604 3668 2668 3726 η’.
2699 3670 2712 3682 ¹
2889 3698 2956 3708 -
3173 3665 3237 3719 α’.

2607 3738 2736 3800 σίς’.
2895 3769 2960 3776 ——
3145 3736 3265 3797 σις’.

2603 3811 2656 3870 ς’.
2690 3812 2702 3824 “
2893 3838 2961 3848 -
3140 3806 3204 3864 η’.
3241 3809 3255 3822 ⁸

2607 3879 2733 3940 σις’.
2899 3910 2968 3919 ——
3151 3877 3273 3938 σίζ’.

2628 3951 2674 4023 β’
2685 3994 2704 4023 ο.
2889 3980 2958 3990 ’““
3201 3948 3252 4023 ές

2602 4019 2727 4103 (itan.
2892 4051 2960 4060 ——
3143 4019 3266 4103 ain.

2884 4121 2953 4131 ““’
3171 4090 3219 4163 β’
3233 4136 3267 4173 ;,

2605 4164 2725 4216 σιθ’.
2882 4193 2948 4201 —
3168 4164 3289 4216 σιΘ’.

2282 4304 2503 4376 Deiecit
2529 4301 2675 4376 ergo
2703 4303 2780 4376 ab
2811 4301 2873 4354 α’.
2907 4302 3080 4376 θάίηζ
3107 4301 3179 4358 ac
3206 4303 3278 4357 sit
3305 4303 3614 4376 deinceps.
3656 4308 3805 4376 Ergo
3836 4323 3929 4362 co-

2280 4377 2396 4431 dex
2420 4375 2873 4437 Alexandrinus,
2903 4375 3007 4444 qui
3033 4375 3193 4429 hunc
3212 4391 3446 4429 versum
3481 4375 3701 4441 omisit,
3731 4375 3930 4432 defen-

2280 4447 2365 4501 dit
2397 4447 2789 4509 integritatem
2826 4444 3009 4515 hujus
3040 4461 3269 4500 versus.
3312 4446 3460 4501 Illud
3491 4454 3688 4503 autem
3728 4449 3932 4504 intelli-

2281 4520 2456 4590 gitur,
2491 4517 2748 4572 scribam
2781 4516 3004 4590 codicis
3035 4517 3414 4590 Alexandrini
3454 4519 3548 4573 hic
3578 4518 3718 4575 data
3748 4535 3930 4590 opera

2280 4587 2577 4644 fefellisse.
2618 4591 2764 4643 Cum
2807 4588 2964 4641 enim
3009 4588 3192 4642 semel
3243 4589 3543 4643 omisisset
3576 4587 3805 4644 versuni
3839 4592 3924 4654 28,

2279 4659 2441 4732 hunc
2471 4674 2732 4732 errorem
2779 4664 2973 4713 autem
3004 4658 3186 4714 nollet
3227 4659 3538 4729 corrigere,
3567 4663 3829 4732 corrupit
3858 4663 3927 4716 de

2278 4729 2566 4785 industria
2591 4745 2874 4794 canones,
2892 4735 3122 4784 servato
3145 4735 3344 4785 tamen
3361 4731 3684 4786 sectionum
3699 4729 3923 4798 ordine,

2278 4817 2352 4856 ne
2397 4799 2660 4855 defectus
2693 4805 3028 4872 appareret.
3063 4800 3178 4855 Cur
3205 4806 3423 4872 autem
3456 4801 3633 4857 nollet
3662 4818 3926 4859 errorem

2278 4888 2457 4926 suum
2487 4871 2778 4944 corrigere
2810 4872 2902 4944 vel
2932 4871 3257 4944 pertinacia
3285 4872 3564 4936 hominis,
3592 4873 3679 4944 vel
3732 4876 3928 4944 negli-

2277 4945 2496 5014 gentia,
2548 4943 2638 4998 vel
2693 4942 3147 5014 lucri_studium
3201 4943 3260 4998 in
3313 4959 3497 5014 causa
3544 4943 3669 5000 fuit.
3735 4942 3925 5000 Credo

2277 5011 2650 5083 postremum
2687 5013 2745 5066 in
2779 5011 2955 5084 culpa
2981 5013 3187 5078 fuisse,
3220 5029 3294 5068 ne
3320 5013 3594 5084 perderet
3620 5015 3922 5082 lucellum,

2276 5084 2324 5138 si
2356 5084 2620 5138 defectus
2643 5088 2743 5140 aut
2771 5083 3246 5138 additamentum
3270 5083 3337 5138 in
3352 5085 3541 5140 fronte
3567 5085 3740 5141 autin
3764 5088 3927 5142 calce

2275 5155 2396 5208 folii
2430 5158 2766 5224 appareret.
2809 5153 2965 5208 Alias
2987 5157 3143 5208 enim
3187 5155 3504 5210 necessitas
3536 5157 3698 5212 nulla
3718 5157 3928 5214 fuisset

2274 5225 2698 5297 corrumpendi
2729 5230 2901 5279 notas
2945 5242 3262 5281 canonum.
3301 5229 3514 5282 Sancta
3544 5228 3754 5283 'I'hecla
3783 5245 3925 5297 ergo

2274 5301 2444 5350 mtate
2477 5295 2881 5365 apostolorum
2909 5297 3208 5352 scribebat
3237 5299 3466 5352 codices
3497 5302 3762 5355 mercede
3781 5295 3926 5356 coh-

2272 5369 2469 5441 ducta,
2502 5367 2831 5441 admodum
2862 5368 3201 5437 perﬁdiose.
3239 5371 3398 5433 Vide,
3429 5387 3561 5441 qua:
3596 5371 3744 5425 infra
3777 5372 3920 5437 dixi,

2274 5437 2373 5493 ad.
2413 5439 2543 5491 Luc.
2574 5453 2736 5504 χχιιι,
2772 5439 2856 5491 17.

2347 5510 2430 5588 (αἱ)
2457 5507 2710 5588 Obeam
2737 5525 2982 5588 causam
3006 5510 3278 5581 probavi,
3309 5512 3442 5577 etsi,
3477 5517 3539 5567 ut
3569 5511 3921 5581 elegantius,

2271 5579 2348 5633 de
2380 5579 2684 5634 Grtecitate
2728 5579 3076 5651 suspectum
3108 5588 3254 5637 erat.

2345 5652 2428 5720 (ῃ)
2458 5653 2541 5707 Ita
2563 5667 2715 5706 unus
2730 5668 3021 5708 meorum.
3042 5652 3189 5719 Alte,
3205 5654 3922 5724 vulgatum.Vocabulum
