4166 6314
278 284 343 337 73
1774 279 1886 331 PH.

2011 280 2144 335 LTIO
3596 298 3662 353 74

343 409 401 462 Τί
429 405 537 477 ἐμοὶ
567 410 652 456 καὶ
677 405 752 475 (2.)
784 407 867 459 σύ.
904 406 1103 460 ΙοΑΝΝ.
1138 410 1188 472 2,
1220 407 1273 459 4.
1308 405 1493 462 Codd.
1529 404 1741 460 multi:
1777 419 1886 458 mu

2088 407 2195 457 Οὔκ
2268 408 2419 467 ἦλθον
2485 415 2702 467 καλεσαι
2770 414 3026 480 δικαίους,
3092 417 3220 469 άλλὰ
3298 420 3656 490 άμαρτω).ούς.

269 499 384 550 tato
419 514 497 545 σοι
539 493 597 549 in
626 496 711 559 σύ,
752 494 831 549 ab
857 493 929 548 iis
956 495 1050 565 qui
1077 494 1429 563 ignorabant
1454 509 1697 550 sensum
1724 493 1900 565 phra—
2013 496 2187 550 MARC.
2223 502 2272 561 2,
2321 505 2404 555 17.
2434 502 2613 557 Codd.
2647 503 2831 576 aliqui
2889 510 2944 560 et
2970 506 3139 576 Vulg.
3197 508 3322 576 Syr.
3355 506 3440 577 (g)
3486 509 3655 563 Goth.

265 600 391 639 seos
417 583 573 653 apud
602 582 946 655 interpretes
980 584 1123 638 LXX
1153 583 1491 639 tritissimae.
2012 580 2176 654 Copt.
2207 588 2468 660 rEthiop.
2504 592 2671 647 Lucae
2706 598 2809 657 est,
2843 594 3008 665 quod
3035 595 3305 666 sequitur
3329 596 3391 649 in
3418 598 3654 662 nostris,

329 674 428 727 Καὶ
458 671 762 731 ἐϐάπτιζον.
802 673 853 735 3,
894 671 981 725 22.
1027 671 1275 737 Plurale,
1308 671 1387 727 ob
1432 672 1487 726 id
1530 671 1695 741 quod
1745 669 1886 726 infra

2011 690 2077 731 εις
2122 678 2410 743 μετάνοιαν,
2458 682 2512 732 et
2563 680 2809 735 accessit
2838 685 2951 736 tam
2997 683 3159 753 apud
3204 682 3365 737 hunc
3406 700 3657 753 evange-

257 760 495 829 dictum,
537 755 744 820 Ἰησοῦς
794 761 949 822 αὐτὸς
1001 760 1094 812 οὐκ
1132 759 1423 825 ἐϐάπτιζεν,
1470 759 1561 811 ἀλλ
1586 760 1597 779 ’
1639 761 1687 809 οἱ
1721 760 1886 830 μαθη-

2011 759 2225 823 listam.
2268 780 2415 835 qum
2447 768 2803 831 Matthzeum,
2839 785 2909 824 ex
2941 770 3339 828 Lectionariis.

253 855 334 900 ταὶ
364 849 542 913 αὐτοῦ,
577 864 712 919 cap.
744 849 797 911 4,
830 864 887 903 ν.
922 848 973 903 2.

2074 858 2260 930 Ὁμοία
2285 862 2443 934 αὐτῇ.
2478 869 2560 931 l2,
2593 866 2684 921 31.
2726 866 2821 921 Sic
2847 866 2981 922 libri
3002 868 3173 938 probi
3207 869 3353 940 aliq.
3388 875 3447 924 et
3473 870 3640 941 Vulg.

320 938 566 994 Μαθηταὶ
608 938 786 990 αὐτοῦ.
840 938 889 1002 4,
940 938 1027 992 31.
1082 937 1237 992 Libri
1283 936 1427 1008 aliq.
1478 937 1633 988 αὐτοῦ
1674 935 1886 991 scriba-

2011 947 2133 1016 Syr.
2165 950 2428 1022 Ethiop.

247 1042 381 1081 rum
411 1031 519 1082 est.

2072 1044 2155 1105 Ἐξ
2181 1047 2467 1119 εὐωνύμων.
2509 1051 2587 1119 lO,
2635 1055 2721 1106 49.
2757 1053 3105 1123 Complures
3149 1054 3331 1108 codd.
3373 1059 3430 1109 et
3478 1056 3644 1125 Vulg.

322 1114 495 1183 Πλανᾲ
535 1120 622 1165 τὸν
674 1120 889 1183 κόσμον.
940 1120 993 1181 7,
1045 1116 1131 1169 12.
1194 1114 1569 1171 Reclamante
1618 1114 1886 1170 codicum

2011 1131 2161 1201 goth.
2192 1114 2416 1207 absque
2442 1114 2645 1194 addito
2667 1159 2786 1209 μου,
2812 1114 2969 1210 quod
2985 1141 3323 1196 accessitex
3349 1114 3643 1199 Matthaao.

248 1204 514 1258 omnium
542 1204 684 1258 ﬁde.

318 1291 499 1313 “n.li._
592 1292 678 1313 i"l
795 1291 823 1313 ο
868 1294 975 1313 Ita,
1038 1289 1153 1313 ‘V\A,
1240 1292 1324 1313 fit
1384 1299 1461 1313 κγ·-
1570 1294 1599 1313 n
1686 1292 1704 1313 Δ
1784 1291 1863 1313 Π..

2070 1229 2136 1286 Ἥ
2168 1204 2460 1304 (pro—quo
2504 1235 2564 1290 in
2609 1204 2767 1293 Edd.
2818 1204 2926 1307 :ia'c,
2974 1255 3045 1293 ex
3097 1239 3321 1309 Matth.)
3363 1248 3456 1300 τῆς
3505 1241 3646 1313 ὧρας

318 1291 540 1365 Ὀρθρου
586 1292 737 1343 πάλιν
788 1291 978 1364 βαθέος
1033 1289 1181 1349 ἦλθεν
1231 1294 1256 1342 ὁ
1288 1292 1511 1353 Ἰησοῦς.
1569 1294 1626 1345 8.
1684 1292 1734 1344 1.
1784 1291 1889 1345 Ex-

244 1379 479 1450 plicatio
509 1397 577 1435 ex
611 1382 685 1451 (a)
720 1383 855 1444 Luc,
885 1381 972 1446 ⁵24,
1014 1382 1038 1432 1
1072 1398 1085 1445 ;
1120 1381 1202 1434 sic
1230 1380 1395 1435 multi
1426 1380 1600 1435 codd.
1658 1384 1667 1389 '

314 1465 469 1521 Εἶπον
516 1469 679 1537 αὐτῷ,
719 1468 1068 1541 πειράζοντες.
1110 1472 1163 1533 8,
1212 1472 1265 1533 4,
1308 1468 1438 1523 libri
1481 1467 1677 1521 multi.
1716 1466 1887 1522 Com-

248 1557 568 1612 mentarius
599 1563 705 1621 est,
734 1573 853 1611 non
880 1562 1089 1621 textus,
1119 1572 1192 1611 ex
1222 1572 1369 1611 vers.
1405 1559 1456 1610 6.

315 1644 377 1697 Ti
413 1644 565 1713 λέγεις
612 1650 731 1718 περὶ
778 1646 973 1710 αὐτῆςς
1006 1648 1059 1712 8,
1092 1650 1143 1710 5,
1175 1643 1351 1699 codd.
1385 1643 1649 1715 plurimi,
1679 1642 1885 1699 addito

246 1738 355 1804 περὶ
384 1732 562 1798 αὐτῆς,
590 1732 1004 1805 explicationis
1031 1732 1246 1801 gratia.
1918 1746 1963 1799 Β

309 1820 623 1890 Ἀναϐλέψας
656 1820 791 1872 εἶπεν
818 1822 1014 1881 αὐτοῖς.
1046 1825 1097 1885 8,
1138 1826 1190 1875 7.
1226 1820 1410 1885 Codd,
1439 1820 1516 1875 al.
1546 1819 1781 1875 clarius.

310 1906 456 1961 Εἷὸεν
486 1909 652 1965 αὐτὴν
682 1914 773 1961 καὶ
810 1908 934 1961 εἷπε.
976 1912 1151 1973 Γύναι,
1184 1912 1293 1964 etc.
1338 1911 1389 1963 8.
1430 1912 1514 1963 lO.
1547 1907 1705 1963 Libri
1738 1907 1877 1979 aliq.

236 1997 606 2067 explicatius.

300 2085 399 2137 ’Ἢν
432 2090 644 2142 ἤκουσα
672 2091 814 2160 παρά
838 2096 927 2138 τοῦ
957 2092 1169 2160 Παιρός.
1202 2088 1255 2151 8,
1279 2087 1367 2141 40.
1402 2085 1675 2157 Euthym.
1712 2086 1880 2156 isque

236 2174 391 2227 solus
416 2174 517 2243 (b).

301 2262 376 2318 Ou‘
410 2262 586 2322 καλῶς
616 2262 872 2334 ἐλέγομεν.
913 2264 965 2327 8,
1011 2265 1097 2317 48.
1141 2264 1325 2318 Codd.
1356 2264 1500 2335 aliq.
1542 2263 1873 2333 explicatio,

231 2366 298 2403 ex
338 2366 470 2421 cap.
504 2357 560 2415 7,
598 2368 648 2405 v.
682 2353 771 2415 20,
806 2353 983 2420 hujus
1020 2352 1341 2421 Evangelii.

304 2442 403 2493 Καὶ
433 2446 527 2496 τήν
559 2438 785 2511 ἀδελφὴν
816 2441 976 2500 αὐτῆς
1005 2446 1231 2511 Μαρίαν,
1262 2442 1282 2493 ιΙ
1303 2442 1349 2505 1,
1382 2447 1431 2495 5.
1474 2441 1566 2497 Sic
1592 2440 1762 2509 Vulg.
1790 2439 1876 2510 (in

230 2528 410 2597 editi.)
442 2532 572 2600 Syr.
610 2529 817 2583 addito
846 2532 1071 2601 Μαρίαν,
1094 2545 1165 2583 ex
1193 2544 1343 2584 vers.
1370 2532 1427 2586 1.

298 2618 513 2677 Ἐκεῖνος
548 2622 625 2685 (c)
663 2618 844 2677 οὕτως.
878 2618 965 2681 13,
994 2622 1086 2671 25.
1132 2617 1317 2673 Codd.
1346 2617 1702 2688 complures.
1731 2617 1874 2671 Sim-

230 2705 357 2775 plex
387 2710 596 2767 έκεῑνος,
628 2705 981 2773 genuinum.
1020 2706 1157 2775 Ejus
1185 2706 1316 2761 loco
1345 2706 1659 2761 suffectum
1686 2708 1777 2760 est
1801 2720 1874 2759 ex

231 2808 414 2861 marg.
445 2794 503 2847 in
530 2793 709 2847 codd.
740 2793 876 2864 aliq.
911 2793 1080 2858 οὗτος,
1114 2809 1221 2848 ceu
1252 2793 1447 2863 magis
1472 2794 1785 2849 idoneum:
1811 2792 1873 2847 in

234 2880 359 2934 aliis
390 2880 731 2951 adjunctum
764 2861 890 2935 erat
918 2889 986 2931 τῶ
1032 2886 1238 2946 ἐκεῖνος,
1274 2882 1335 2936 in
1366 2880 1495 2936 aliis
1546 2880 1624 2935 ad
1653 2880 1874 2935 evitan-

2011 2861 2143 2916 ilex.
2178 2866 2234 2917 et
2259 2863 2429 2919 code.
2456 2863 2532 2918 al.
2567 2863 2737 2933 Vulg.
2773 2863 3028 2935 IEthiop.
3054 2867 3301 2921 omnino
3324 2872 3498 2922 recte.
3537 2871 3635 2920 Καὶ

238 2968 376 3023 dam
408 2969 765 3038 ταυτολογίαν,
791 2972 1090 3024 mutatum
1121 2969 1397 3024 videmus
1431 2965 1576 3028 οὗτος
1602 2968 1664 3024 in
1690 2976 1869 3032 οὑτως,

2011 2955 2189 3006 ιοεῑεθ.
2220 2951 2507 3006 insertum
2537 2957 2681 3015 erat,
2714 2956 2847 3007 ante
2887 2952 3270 3025 ἐθεραπεύοντο,
3304 2962 3366 3008 ut
3407 2956 3531 3025 jam
3573 2956 3633 3011 in

237 3058 604 3129 υίδίοίιρυά
638 3059 1039 3130 Ευίίιῖωίυω·
1454 3148 1493 3150 ,_
1669 3148 1720 3150 _,
1834 3146 1846 3150 -
1912 3038 3637 3150 ρῗΨῗζ,ῗάέίἮῗΡἿἚῩῗδῗῗτίίῗῗῗωξιΡεῗθῖῗέῗῗοῖίάδθῖ

306 3127 546 3217 "Ib/«7'02
580 3147 649 3207 εἰς
694 3150 753 3197 τὸ
787 3127 1137 3219 Ὗπραιτὼριον.
1180 3148 1268 3210 19,
1325 3152 1408 3202 l6.
1443 3148 1535 3202 Sic
1578 3148 1746 3201 codd.
1794 3146 1873 3203 al.

2011 3127 2241 3182 noniaci
2280 3129 2471 3184 sanati
2515 3129 2874 3195 viderentur,
2911 3146 3033 3185 non
3074 3131 3215 3187 item
3260 3131 3495 3203 reliqui,
3529 3133 3635 3205 qui

231 3214 564 3305 explicatio,
599 3251 671 3290 ex
718 3214 853 3306 cap.
888 3214 1154 3306 proxime
1194 3236 1579 3307 praecedentis
1604 3252 1661 3290 v.
1694 3236 1781 3289 28.
1812 3237 1877 3291 Et
1981 3214 2097 3270 huc
2126 3216 2443 3271 curationis
2470 3232 2653 3273 causa
2684 3223 2992 3275 νθΠθΓδΠίο

230 3324 299 3377 de
330 3324 471 3379 locis
503 3324 876 3395 interpolatis
906 3326 1206 3380 hactenus.

2053 3311 2260 3370 Ἐπειδὴ
2297 3314 2459 3383 φίλος.
2500 3314 2860 3385 simpliciter.
2906 3316 2989 3380 11,
3033 3320 3083 3369 6.
3128 3314 3319 3373 Codd.
3361 3316 3629 3387 plurimi.

295 3414 393 3469 Ex
428 3415 723 3483 genuinis,
782 3430 907 3483 qua:
934 3415 1009 3468 ab
1048 3416 1207 3469 editi.
1251 3415 1571 3481 differunt,
1601 3415 1875 3468 hactenus
1984 3403 2111 3472 Syr.
2146 3406 2202 3456 et
2232 3402 2601 3470 Vulg.initio.
2632 3410 2743 3453 Μον
2770 3402 3055 3474 injectum
3081 3408 3205 3459 erat
3234 3404 3397 3461 haud
3425 3406 3631 3476 dubie,

232 3503 381 3557 haud
404 3506 757 3568 memoratis,
799 3504 1108 3558 nonnullas
1132 3504 1227 3558 hic
1254 3510 1453 3566 restat,
1480 3504 1872 3572 proferamus.
1983 3491 2061 3545 ad
2089 3491 2461 3561 implendum
2504 3507 2746 3547 sensum
2774 3534 2787 3556 ν
2834 3508 3008 3547 πιθωο
3038 3493 3393 3563 ΡᾶΓίίουῙειω
3425 3496 3521 3565 hui
3535 3513 3632 3551 “5'

294 3592 459 3646 Καλὸν
504 3598 717 3665 σπέρμα
746 3595 983 3664 ἔσπειρας
1013 3596 1060 3643 ὲν
1088 3592 1165 3662 (d)
1194 3600 1263 3662 τῷ
1295 3595 1465 3665 άγρῷ.
1524 3595 1739 3647 ΜΑΤΤΗ.
1790 3596 1871 3655 13,

2011 3579 2145 3634 nodi
2179 3580 2543 3650 expunxerit.

1999 1320 2085 1383 13,
2118 1319 2204 1383 32,
2238 1324 2447 1391 Magna
2474 1324 2566 1378 vis
2598 1325 2894 1390 codicum,
2937 1332 2993 1382 et
3029 1327 3189 1396 Vulg.

2065 1416 2426 1490 Ἐστρωμὲνον·
2458 1426 2560 1472 ἐκεῖ
2589 1422 2917 1493 ἑτοιμάσατε.
2956 1427 3038 1487 14,
3083 1426 3169 1477 15.
3204 1426 3372 1482 Alex.
3424 1430 3480 1481 et
3510 1442 3642 1495 pro-

1993 1503 2254 1561 batiores
2306 1507 2382 1561 al.
2442 1513 2500 1562 et
2564 1510 2799 1580 quidem
2866 1512 3166 1583 exemplar
3217 1514 3468 1582 Vulgati.
3522 1515 3641 1569 Nec

1994 1592 2162 1647 aliter
2190 1595 2397 1659 Lucas,
2428 1599 2595 1652 Marci
2629 1604 2901 1655 sectator.
2938 1600 3194 1656 Medium
3220 1603 3441 1671 ἕτοιμον,
3475 1603 3642 1674 quod

1991 1680 2053 1735 in
2084 1682 2318 1747 nostris,
2364 1684 2675 1755 explicatio
2722 1692 2846 1743 erat
2882 1696 2974 1739 τοῦ
3006 1693 3340 1759 ἐστρωμένον,
3387 1690 3447 1744 in
3487 1706 3642 1745 mar-

1993 1769 2131 1839 gine
2160 1772 2367 1841 posita,
2399 1773 2649 1845 indeque
2695 1776 2981 1832 translata
3038 1793 3073 1832 a
3118 1778 3315 1834 scriba
3353 1780 3639 1850 qquiam

1991 1858 2052 1913 in
2083 1859 2343 1915 mediam
2375 1862 2669 1932 paginam.

2064 1962 2164 2009 Καὶ
2212 1963 2282 2028 μὴ
2318 1958 2545 2029 εὑρόντες
2572 1965 2727 2022 ποίας
2764 1966 3121 2031 εἰσενέγκωσιν
3162 1963 3337 2014 αὐτόν.
3390 1964 3523 2018 LUC.
3584 1970 3633 2029 5,

1993 2047 2082 2099 19.
2121 2047 2204 2102 Ita
2233 2062 2263 2101 e
2293 2048 2709 2119 Stephanianis
2736 2050 2995 2120 plurimi,
3020 2051 3271 2123 aliisque
3292 2052 3630 2123 probatiori-

1988 2134 2120 2199 bus,
2155 2134 2313 2189 Alex.
2350 2138 2508 2191 Cant.
2545 2134 2637 2187 διὰ
2666 2143 2838 2203 ποίας,
2875 2140 3032 2209 quod
3075 2139 3133 2193 in
3178 2140 3407 2194 excusis
3438 2140 3638 2209 pleris-

1990 2239 2119 2293 que,
2151 2227 2237 2277 est
2267 2224 2533 2294 genuinae
2563 2224 2833 2281 lectionis
2860 2228 3191 2297 explicatio.

2060 2323 2235 2372 Πάντα
2260 2323 2324 2373 τὰ
2339 2327 2633 2393 γεννήματα
2654 2344 2773 2395 μου.
2800 2326 2885 2389 12,
2914 2325 2996 2378 18.
3032 2326 3117 2379 Ita
3140 2326 3483 2397 simpliciter
3507 2326 3633 2382 Lin.

1986 2412 2043 2464 et
2080 2409 2249 2465 Cant.
2308 2414 2365 2464 et
2415 2412 2588 2479 Vulg.
2644 2412 2827 2477 initio,
2878 2417 2943 2467 ut
2997 2414 3248 2468 videtur.
3300 2417 3636 2494 Sequentia,

1984 2498 2066 2568 (ὑ)
2091 2504 2179 2549 καὶ
2208 2500 2273 2549 τὰ
2303 2500 2476 2569 άγαοά
2508 2520 2627 2570 μου,
2659 2501 2923 2572 ascripta
2954 2502 3216 2571 primum
3248 2502 3325 2557 ad
3366 2519 3560 2572 marg.
3604 2520 3636 2558 e

1982 2602 2155 2642 versu
2185 2588 2454 2657 proxime
2486 2594 2787 2659 sequente,
2822 2589 3109 2661 irrepsere
3137 2606 3279 2645 mox
3310 2590 3367 2644 in
3400 2598 3636 2647 contex-

1983 2679 2131 2743 tum,
2164 2680 2219 2731 et
2247 2676 2483 2731 codices
2510 2677 2637 2747 jam
2670 2678 2997 2732 universim
3040 2684 3355 2749 occupant.

2056 2773 2176 2825 ’Υπὸ
2230 2776 2526 2845 πνευμάτων
2590 2777 2894 2847 ἀκαθάρτων
2962 2776 3344 2848 ἐθεραπεύοντο.
3404 2782 3454 2842 6,
3528 2779 3624 2834 88.

227 3682 313 3736 27.
350 3682 704 3753 Complures
737 3680 889 3747 libri,
937 3686 1001 3735 ut
1027 3686 1082 3735 et
1112 3681 1426 3752 Epiphanii
1464 3681 1667 3735 codex.
1698 3680 1876 3734 Parti-

2050 3672 2187 3727 Ἰδοὺ
2227 3678 2432 3746 ἀφίεται
2480 3678 2599 3748 ὑμῖν
2630 3679 2655 3727 ὁ
2712 3679 2853 3738 οἶκος
2891 3678 3053 3748 ὑμῶν.
3089 3680 3176 3745 13,
3235 3684 3321 3736 35.
3381 3681 3633 3737 Codices

226 3769 348 3823 cula
377 3780 471 3839 σῷ,
503 3771 789 3838 injectitia
818 3770 1069 3824 videtur.
1981 3764 2209 3833 optimi,
2258 3781 2481 3833 magno
2526 3781 2838 3820 consensu.
2885 3771 3136 3839 Ἔρημος,
3169 3770 3335 3838 quod
3384 3772 3633 3826 accessit

296 3860 625 3930 Ἀποκριθεὶς
675 3855 785 3909 δὲό
848 3864 1053 3931 Πέτρος.
1109 3860 1200 3922 14,
1255 3862 1339 3913 '28.
1402 3857 1645 3912 Plurimi
1694 3857 1867 3911 codd.

2011 3869 2041 3907 [ι
2081 3853 2314 3917 nostris,
2348 3870 2419 3906 ex
2467 3854 2730 3907 Matthan
2780 3854 3105 3923 ascriptum
3151 3855 3333 3909 fuisse
3383 3863 3631 3913 monent

226 3956 277 4003 et
307 3951 469 4018 Vulg.
510 3949 774 4002 medium
802 3949 963 4019 αὐτῷ,
986 3948 1143 4019 quod
1166 3949 1221 3999 in
1247 3947 1488 4012 nostris,
1523 3946 1869 4015 injectitium
1980 3941 2169 3994 Lucas
2195 3940 2363 4008 Brug.
2399 3946 2454 3994 et
2483 3940 2741 3996 Grotius.

226 4046 327 4093 est.
2050 4037 2202 4110 Ἀτερ
2262 4036 2544 4109 βαλαντίου
2584 4042 2670 4089 καὶ
2716 4043 2905 4109 πήρας,
2947 4044 3017 4110 μή
3076 4058 3213 4101 τινος
3266 4043 3629 4115 ὑστερήσατε;

288 4130 361 4182 Τά
392 4128 463 4199 (ρ)
502 4132 777 4198 γενόμενα.
818 4129 904 4190 18,
941 4130 1028 4180 3t.
1060 4124 1247 4179 Codd.
1298 4124 1433 4196 aliq.
1482 4132 1536 4179 et
1571 4124 1737 4192 Vulg.
1770 4123 1867 4195 (Γ),

2015 4127 2067 4190 2,
2104 4128 2190 4181 35-
2224 4126 2407 4181 Codd.
2442 4127 2581 4198 aliq.
2610 4127 2858 4182 omnino
2896 4131 3078 4183 recte.
3134 4130 3337 4200 Neque
3379 4133 3537 4186 enim
3572 4132 3630 4187 in

224 4216 304 4270 uti
329 4217 592 4279 videtur;
628 4214 931 4286 quomodo
960 4214 1279 4283 legendum
1308 4229 1431 4267 esse
1458 4216 1662 4268 monet
1688 4215 1871 4269 Lucas
1978 4216 2267 4287 proximis
2300 4216 2525 4270 mentio
2552 4215 2633 4279 ﬁt,
2661 4214 2778 4270 nisi
2812 4215 3027 4271 sacculi
3056 4220 3111 4272 et
3140 4233 3318 4288 perae.
3347 4218 3625 4284 Medium,

227 4303 396 4374 Brug,
448 4309 759 4360 mutarunt
810 4303 993 4374 aliqui
1049 4302 1125 4357 ad
1174 4317 1365 4371 marg.
1408 4302 1678 4374 adeoque
1727 4302 1870 4358 etin
1978 4310 2065 4356 καὶ
2096 4301 2473 4375 ὑποδημάτῶν,
2518 4304 2679 4376 quod
2732 4304 2794 4359 in
2837 4304 3081 4369 nostris,
3132 4307 3461 4378 ascriptum
3514 4310 3632 4380 pri-

224 4398 381 4448 textu
411 4393 627 4449 scribae
653 4392 712 4447 in
741 4398 1004 4462 γενόμενα,
1038 4407 1145 4446 ceu
1175 4391 1575 4447 commodius.
1906 4447 1946 4467 η
1978 4409 2146 4449 mum
2178 4395 2239 4447 in
2289 4408 2482 4463 marg.
2518 4409 2550 4446 a
2598 4392 2807 4448 lectore
2852 4392 3072 4464 aliquo,
3103 4409 3175 4449 ex
3215 4410 3346 4467 cap.
3396 4397 3480 4460 10,
3510 4413 3563 4452 v.
3595 4402 3629 4451 4

226 4567 467 4648 ἐπέδειξε,
500 4568 668 4648 quod
690 4568 854 4648 hanud
885 4582 1020 4648 raro
1032 4567 1335 4648 jactantiae
1357 4566 1665 4648 notionem
1686 4566 1873 4623 habe-
1982 4569 2218 4648 codices
2249 4567 2927 4648 tractavit_Euthym_ius.

224 4638 675 4711 bat,nomfullis
702 4638 1556 4711 offensioniifuit.Er_goaliiex
1576 4640 1869 4711 Joan.xx,
2052 4639 2127 4711 (e)
2159 4643 2404 4711 Γινὸμενα
2456 4638 2639 4695 voluit
2690 4638 2938 4694 scribere
2992 4638 3222 4694 Millius.
3273 4642 3378 4697 Mei
3405 4642 3632 4702 habent

222 4712 311 4781 20,
341 4709 527 4792 edacis,
562 4711 944 4792 subjecerupt
976 4728 990 4779 ;
1021 4709 1117 4764 hic
1157 4706 1392 4792 ῥπέᾷειξε
1422 4708 1699 4790 subjecit.
1738 4711 1869 4766 Cor-

2011 4706 2287 4782 ιεν’ὀμενα.’
2485 4780 2519 4792 η
2749 4779 2763 4792 ,
2797 4780 2807 4789 ,
2966 4780 2978 4792 ,
3009 4780 3019 4792 ,
3099 4780 3110 4790 .
3185 4781 3319 4792 --....

223 4779 562 4863 ruptionem
611 4781 805 4852 prodit
836 4781 1208 4853 Mosquensis
1249 4782 1288 4836 f.
1340 4780 1444 4851 qui
1490 4796 1699 4835 rasura
1742 4797 1873 4836 sus-
1988 4779 1997 4783 ⁷
2051 4779 2239 4863 (Γ).ξῇ
2266 4780 2554 4863 exemplis
2584 4779 2845 4863 qpeenhic
2892 4780 3417 4863 subjecit‘Millius,
3445 4799 3632 4854 appa-

225 4799 288 4837 ru
336 4799 562 4838 nonem
611 4799 805 4852 promi
836 4799 1208 4853 mosquens1s
1249 4799 1288 4836 1.
1340 4799 1444 4851 qui
1490 4799 1699 4835 rasura
1742 4799 1873 4836 sus-
2051 4799 2121 4853 (Ῑ)
2163 4799 2239 4837 nx
2266 4799 2554 4851 exemplis
2584 4799 2720 4852 quae
2749 4799 2845 4835 nic
2892 4799 3139 4851 SUDJeClI
3183 4799 3417 4847 munus,
3445 4799 3631 4854 appa-

225 4799 351 4908 tuiit
379 4853 679 4923 syllabam
707 4872 787 4906 επ.
1144 4922 1175 4925 ι
1437 4922 1447 4925 Α
1528 4923 1536 4925 _
1983 4859 2087 4925 ret,
2143 4853 2311 4925 illum
2350 4851 2584 4925 probas
2629 4850 2914 4905 lectiones
2966 4849 3269 4921 appellare
3321 4868 3423 4907 eas
3475 4869 3631 4925 quas

294 4926 370 4995 (ε)
402 4921 508 4981 Mei
540 4928 775 4979 servant
809 4928 913 4977 σοὶ.
948 4926 1064 4979 Nec
1105 4922 1271 4978 aliter
1315 4925 1406 4977 est
1433 4922 1495 4977 in
1524 4923 1874 4993 interpreta-
1981 4921 2439 5000 haberi/algam
2467 4921 2714 5000 Latina.‘
2807 4995 2815 5000 Α
2884 4992 2903 5000 ν
2971 4990 3001 5000 ι.
3170 4990 3179 5000 ι

249 4989 398 5073 ione.
424 5069 443 5073 Δ
672 5066 684 5073 Ὦ
964 5066 979 5073 _
1320 5066 1331 5073 _
1524 5065 1534 5073 .
1678 4989 1697 4993 ⁷
1762 5071 1767 5073 Α
2053 4996 2127 5073 (g)
2152 4996 2215 5073 lli
2244 4989 2451 5073 omnes
2482 5008 2588 5073 pro
2615 4989 2861 5073 Vulgata
2884 4990 3107 5073 ‘Latina,
3136 4990 3261 5045 sine
3286 4993 3631 5073 melioribus

225 4996 398 5051 tione.
818 5066 825 5074 ι
882 5066 889 5074 _
1444 5065 1452 5073 .
1524 5065 1534 5073 .
2053 4996 2127 5117 Sig)
2152 4996 2215 5074 lli
2244 5008 2451 5048 omnes
2482 5008 2588 5073 pro
2615 4996 2861 5071 Vulgata
2884 4996 3107 5052 Latina,
3136 4996 3261 5045 sine
3286 4996 3631 5076 melioribus

294 5068 371 5137 (a)
414 5066 726 5131 Quomodo
756 5066 935 5119 Millio
964 5066 1093 5119 Luc.
1124 5083 1281 5127 xxiv,
1312 5066 1362 5117 1.
1392 5066 1491 5119 Hic
1522 5081 1578 5118 1n
1614 5071 1873 5137 mentem
1984 5083 2050 5121 co
2084 5066 2282 5137 icibus
2315 5064 2553 5137 Circaeis,
2602 5061 2747 5117 Illllll
2780 5061 3063 5130 probant:
3099 5066 3631 5137 cum_melioribus

223 5135 413 5192 venire
445 5137 717 5208 potuerit,
754 5152 873 5191 non
909 5137 1100 5191 video.
1132 5137 1316 5208 Nimis
1342 5137 1516 5205 longe
1546 5136 1871 5208 repetitum.
1984 5136 2287 5192 codicibus
2323 5135 2552 5208 _Grc_ecis
2601 5137 2800 5208 autem
2854 5148 3090 5208 semper
3119 5135 3395 5208 probant
3426 5144 3632 5194 contra

295 5210 373 5279 (ὸ)
418 5203 727 5285 lmo__c_um
766 5209 1014 5277 Origene
1046 5212 1099 5262 et
1132 5203 1579 5278 Chrysostoino,
1612 5203 1677 5261 ut
1702 5206 1874 5262 docui
1986 5208 2291 5285 Vulgatam
2322 5203 2910 5285 Latinam._lndicant
2934 5203 3087 5285 enim
3113 5205 3254 5285 feret
3279 5210 3631 5285 plerumque

226 5279 282 5334 in
307 5277 461 5335 mea
494 5280 771 5334 editione.
1249 5277 1257 5278 7
1983 5278 2338 5334 recentiores
2378 5277 2784 5335 corruptiones
2819 5277 3110 5330 versionis
3136 5277 3371 5333 Latinae.
3418 5283 3519 5333 Per
3536 5277 3629 5334 'in-

294 5352 345 5420 c)
364 5352 588 5405 Eodem
618 5350 800 5406 modo
830 5353 987 5410 οὕτως
1014 5350 1391 5420 excluserunt
1420 5348 1709 5413 nonnulli,
1738 5366 1870 5420 cap.
1984 5350 2321 5405 ductionem
2352 5346 2764 5418 exemplorum
2800 5346 2860 5401 id
2898 5346 3263 5420 intelligitur.

229 5421 276 5483 4,
296 5417 451 5476 vers.
482 5426 531 5475 6.
551 5420 657 5475 Alii
678 5422 963 5477 dederunt
991 5418 1152 5481 οὗτος.
1184 5421 1273 5477 Sic
1296 5421 1428 5476 vide
1460 5417 1872 5475 Werts.Bircl1.
2057 5421 2141 5489 (h)
2168 5421 2372 5474 Servat
2400 5417 2644 5489 uterque
2678 5434 2866 5472 meus.
2896 5417 3083 5489 Habet
3113 5423 3310 5472 autem
3344 5426 3628 5489 γενήματα,

294 5493 372 5559 (d)
424 5494 631 5547 Servat
682 5497 923 5563 uterque
974 5509 1143 5547 meus
1196 5502 1287 5560 σῷ.
1327 5493 1437 5547 Sed
1483 5502 1556 5561 σῷ
1598 5493 1876 5547 omittunt
1988 5488 2463 5563 ut’scribendum
2495 5488 2598 5545 est.
2632 5494 2899 5563 Γςνὴματα
2928 5488 3267 5563 conduntur
3297 5490 3355 5542 in
3384 5488 3625 5546 horreo:

231 5558 454 5619 codices
489 5558 863 5636 Mosquenses
890 5580 1026 5618 cum
1052 5558 1315 5629 scholiis,
1342 5564 1399 5617 d.
1426 5558 1873 5634 'lO,'cujusmodi
1983 5568 2297 5634 γεννήματα,
2332 5562 2460 5632 ejus
2491 5558 2839 5632 generis,’in
2870 5558 3118 5612 stabulis
3150 5565 3487 5614 servantur.

445 5652 689 5708 annos.
738 5654 847 5709 ea.
898 5652 1154 5709 cxx1x.
3313 5647 3345 5697 3
