4166 6314
484 323 554 378 83
2004 289 2376 351 eamme
3832 284 3914 338 84

555 447 642 500 12.
681 443 803 495 Ὀτι
832 437 966 492 οὒτὼ
991 453 1004 506 ;
1028 432 1294 490 οὐδέποτε.

558 518 646 572 13.
687 515 836 567 Λευῖ.
865 526 919 567 a.

559 620 778 678 Scribze
831 615 1039 681 inﬁmi,
1070 619 1135 669 ut
1179 613 1258 668 ad
1310 612 1468 666 hunc
1513 607 1715 664 locum
1758 604 1820 660 in
1876 600 2134 658 editione

484 711 627 767 Novi
664 705 1022 764 Testamenti
1052 705 1178 776 jam
1205 699 1419 763 notavi,
1451 698 1607 753 hunc
1632 695 1829 752 locum
1859 704 2136 760 corrupe-

486 803 703 855 runtex
718 794 978 852 scholiis.
996 782 1817 856 Scholiastisautemimposuit
1833 781 2132 850 Origenes.

488 891 541 943 Is
575 901 716 957 ergo
747 890 954 940 contra
976 879 1210 937 Celsum
1241 882 1386 933 tom.
1415 875 1458 941 l,
1480 891 1541 948 p.
1565 873 1671 928 376
1690 875 1755 936 D,
1789 872 1868 926 ita
1894 866 2131 923 scribit:

486 977 659 1030 Ἔστω
730 971 788 1026 δὲ
868 975 958 1023 καὶ
1031 971 1055 1019 ὁ
1129 966 1277 1026 λέϐης
1345 964 1566 1025 τελώνης
1640 960 1997 1016 ἀκολουθήσας
2064 962 2136 1026 τῷ

487 1066 682 1124 Ἰησοῦ*
753 1059 856 1113 ἀλλ’
921 1059 1032 1112 οὔτι
1091 1077 1150 1127 γε
1217 1063 1308 1108 τοῦ
1376 1053 1600 1128 ἀριθμοῦ
1667 1058 1766 1102 τῶν
1839 1047 2137 1101 ἀποστόλων

491 1154 655 1205 αὐτοῦ
723 1147 806 1216 ἧν,
865 1149 909 1200 εἰ
969 1151 1038 1219 μὴ
1112 1147 1246 1197 κατά
1313 1162 1427 1196 τινα
1486 1149 1585 1194 τῶν
1655 1139 1978 1211 ἁντιγράφῶν
2047 1143 2138 1188 τοῦ

489 1243 623 1293 κατὰ
678 1240 890 1310 Μάρκον
960 1233 1291 1306 Εὑαγγελίου.
1357 1231 1460 1286 Hic
1519 1230 1713 1302 primo
1778 1225 2135 1292 notandum,

489 1327 640 1389 λέϐης
717 1325 864 1399 poni
935 1340 1045 1396 pro
1103 1322 1260 1383 λευῖς.
1336 1323 1484 1376 Nam
1569 1318 1642 1374 de
1725 1315 1954 1376 λεϐϐοιῖος
2035 1329 2139 1369 seu

489 1417 687 1476 λεϐαῖος
765 1413 953 1485 accipi
1033 1410 1258 1482 nequit.
1341 1407 1629 1465 Lebbaaus
1700 1406 1861 1462 enim
1931 1402 2140 1458 nullibi

491 1506 714 1566 τελώνης
760 1501 1118 1574 appellatur,
1164 1497 1265 1555 sed
1312 1498 1465 1553 Levi.
1504 1499 1634 1552 iam
1681 1496 1824 1567 quia
1865 1493 2139 1562 Origenes

490 1593 739 1658 dixerat,
785 1592 919 1643 κατά
966 1610 1080 1643 τινες
1132 1595 1230 1640 τῶν
1284 1585 1607 1659 ἀντιγράφων
1667 1591 1758 1636 τοῦ
1812 1585 1946 1636 κατά
1994 1583 2140 1656 Μάρ-

488 1703 576 1735 κον
643 1680 981 1753 Εὐαγγελίου,
1039 1675 1490 1749 interpolatores
1550 1673 1690 1730 inde
1761 1669 2136 1741 colligebant,

2165 415 2507 485 Alaqueos,
2562 432 2616 481 ν,
2671 417 2760 478 27,
2815 414 2903 482 28,
2965 417 3144 487 atque
3197 413 3314 486 ipsi
3362 409 3527 468 inviti
3579 410 3916 480 Origenem

2246 503 2334 558 vel
2393 504 2794 574 negligentiae,
2858 502 2952 559 vel
3022 503 3249 558 fraudis
3303 499 3549 557 crimine
3603 497 3916 556 irretiunt.

2243 590 2377 646 Tale
2420 597 2508 647 est
2556 592 2960 648 mendacium.
3013 591 3216 662 Ipsum
3265 606 3325 646 se
3371 587 3584 661 prodit.
3631 587 3916 657 Origenis

2245 680 2706 746 animadversio,
2751 685 2818 736 ut
2858 681 3132 747 arbitror,
3165 683 3396 736 tantum
3437 693 3507 733 eo
3548 675 3915 747 pertinebat,

2243 783 2318 823 ne
2333 770 2466 840 quis
2478 773 2711 840 putaret
2728 769 2908 823 Levin
2927 768 3248 840 quemdam
3268 768 3444 822 fuisse
3461 765 3886 837 apostolorum
3898 806 3911 818 .

2244 857 2310 912 ld
2339 861 2538 912 autem
2582 858 2850 923 efﬁcitur,
2898 857 2945 912 si
2993 857 3162 912 Levis
3203 856 3361 929 apud
3396 859 3568 912 Marc.
3603 870 3661 920 11,
3711 855 3798 919 14,
3852 859 3916 909 et

2244 945 2383 1000 Luc.
2415 961 2473 1012 v,
2505 947 2592 1010 27,
2627 961 2732 1017 pro
2759 945 2995 1000 diversa
3026 960 3283 1017 persona
3307 943 3622 1007 habeatur,
3649 956 3772 1007 non
3797 957 3915 1013 pro

2246 1034 2519 1090 Matthaao
2577 1033 2773 1089 Matth.
2834 1050 2910 1102 lx,
2968 1037 3019 1089 9.
3066 1033 3151 1085 Ἐκ
3206 1037 3506 1106 περιουσίας
3550 1031 3729 1100 igitur
3777 1029 3915 1086 Ori-

2247 1138 2451 1192 genes,
2501 1122 2818 1178 immemor
2872 1125 3060 1188 Lucae,
3113 1137 3221 1193 pro
3274 1126 3563 1192 tempore,
3616 1122 3916 1190 tanquam

2248 1215 2664 1280 argumentum
2741 1210 3040 1266 addebat:
3077 1212 3218 1262 Κατά
3295 1227 3411 1261 τινα
3477 1217 3574 1260 τῶν
3648 1205 3915 1280 ἀντιγρὰ-

2249 1319 2371 1370 φων.

2321 1387 2472 1452 Quid
2513 1393 2713 1443 autem
2761 1387 3033 1453 efﬁcitur,
3077 1387 3128 1441 si
3175 1387 3271 1442 hic
3305 1389 3478 1442 Marc.
3524 1402 3582 1453 ιι,
3635 1388 3717 1454 14,
3764 1399 3916 1439 cum

2246 1476 2375 1531 istis
2427 1476 2791 1547 interpolatis
2868 1475 3170 1531 codicibus
3244 1475 3377 1532 loco
3456 1477 3608 1528 Λευΐν
3671 1474 3917 1543 legatur

2246 1554 2485 1617 Ἰάκωϐον
2516 1582 2528 1629 ;
2562 1565 2780 1620 scilicet
2827 1569 2964 1619 tunc
3017 1569 3133 1619 tres
3182 1564 3495 1635 portitores
3546 1562 3623 1634 (ο)
3667 1578 3737 1618 ac
3789 1567 3917 1618 tres

2248 1653 2403 1708 ﬁlios
2434 1653 2659 1724 Alphaei
2689 1652 3074 1708 habebimus.
3107 1654 3354 1708 Necesse
3383 1668 3523 1724 ergo
3546 1651 3674 1721 erit,
3704 1656 3771 1706 ut
3801 1656 3918 1706 aut

490 1771 701 1828 alicubi
726 1741 1133 1837 in'Evan‘gelio
1164 1741 1329 1821 hlarci
1363 1779 1473 1835 pro
1503 1763 1637 1819 Levi
1677 1761 1845 1818 aliter
1887 1761 2023 1828 legi,
2071 1775 2141 1815 ac
2176 1764 2218 1819 Β
2249 1743 2322 1837 fle
2353 1741 2538 1837 “tibus
2587 1741 2857 1837 Ρθξεοίξίδ
2903 1741 3452 1837 ίτέε-θνέοεθῙξῗίὲ
3478 1741 3755 1806 dixerim,
3805 1744 3919 1795 δαί

489 1859 607 1915 nisi
649 1860 730 1914 ita
773 1857 941 1913 aliter
988 1856 1298 1924 legeretur,
1343 1852 1510 1908 aliter
1538 1848 1957 1919 corrigendum
1989 1863 2139 1904 esse.

490 1950 676 2003 Locus
708 1943 973 2013 Origenis
1013 1947 1208 1998 autem
1242 1939 1482 1996 duobus
1511 1937 1692 1993 Marci
1726 1936 1873 1992 locis
1915 1951 2143 1992 accom-

489 2033 720 2091 modari
764 2034 977 2104 potest.
1019 2033 1167 2084 Nam
1209 2031 1444 2099 propter
1484 2026 1635 2085 λέϐης
1681 2027 1707 2076 ὁ
1758 2024 1977 2084 τελώνης
2025 2023 2144 2075 ἁκο-

489 2123 756 2181 λουθὴσας
802 2118 1004 2175 referri
1053 2121 1255 2188 potest
1299 2115 1374 2171 ad
1418 2115 1590 2170 Marc.
1637 2129 1696 2180 11,
1754 2115 1842 2167 14.
1907 2115 2144 2183 Propter

491 2210 765 2268 additum
805 2211 1026 2272 autem,
1069 2212 1160 2257 τοῦ
1207 2204 1430 2277 ἀριθμοῦ
1481 2210 1581 2254 τῶν
1629 2201 1949 2264 ἀποστόλωδ,
1990 2200 2142 2256 trahi

491 2314 734 2373 quoque
764 2297 949 2370 possit
977 2295 1056 2352 ad
1081 2296 1254 2350 Marc.
1288 2309 1371 2360 ιιι,
1419 2292 1604 2357 10-18,
1647 2292 1749 2347 ubi
1787 2295 1876 2346 est
1908 2295 2144 2362 aposto-

490 2389 682 2444 lorum
701 2385 1022 2456 catalogus.
1046 2383 1361 2440 Probabile
1381 2382 1695 2438 videbatur
1713 2381 2144 2452 interpolatori-

488 2477 626 2542 bus,
661 2475 972 2545 Origenem
999 2473 1266 2529 locutum
1297 2485 1430 2527 esse
1466 2470 1542 2526 de
1582 2470 1764 2542 priori
1806 2469 1958 2526 loco.
1993 2469 2142 2526 Cum

491 2571 691 2623 autem
721 2565 816 2621 hic
855 2565 1164 2634 legeretur,
1205 2566 1292 2614 τὸν
1331 2569 1422 2613 τοῦ
1455 2560 1718 2634 Ἀλφαίου,
1752 2560 1908 2616 infra
1941 2564 2140 2616 autem

490 2664 622 2727 cap.
639 2671 720 2720 ιιι,
744 2655 827 2720 18,
857 2653 1016 2708 idem
1039 2651 1309 2706 additum
1330 2648 1874 2721 reperirentJacobi
1890 2649 2138 2715 nomini,

487 2759 600 2815 pro
628 2742 756 2797 Levi
788 2739 1163 2808 corrigebant
1188 2739 1499 2794 Jacobum.
1526 2737 1670 2793 Nolo
1699 2737 1795 2792 hic
1820 2737 2138 2808 inquirere,

489 2846 674 2903 quam
703 2829 886 2883 ﬁdem
911 2831 1206 2882 mereatur
1223 2825 1526 2894 Origenes,
1557 2839 1698 2880 cum
1718 2824 2008 2899 ἀντίγραφά
2028 2845 2144 2878 τινα

489 2921 804 2973 memorat.
829 2914 974 2970 Illud
1003 2919 1234 2969 tantum
1261 2928 1495 2978 moneo,
1516 2927 1675 2980 eum,
1699 2913 1748 2967 si
1773 2913 2036 2984 primum
2058 2913 2140 2970 lo-

490 3022 630 3063 cum
673 3005 951 3077 respexit,
996 3018 1212 3076 parum
1259 3005 1550 3059 attentum
1580 3000 1779 3057 fuisse.
1827 3005 1942 3058 Nec
1983 3003 2142 3058 enim

2249 1830 2505 1886 Jacobus
2557 1835 2614 1884 et
2661 1831 2813 1894 Levi,
2863 1835 2966 1886 aut
3012 1830 3150 1886 Levi
3195 1835 3252 1884 et
3299 1829 3599 1886 Matthaeus
3630 1843 3738 1900 pro
3783 1843 3920 1883 una

2249 1933 2511 1990 persona
2536 1918 2893 1974 habeantur.
2929 1920 2992 1972 In
3027 1918 3292 1972 eamdem
3323 1932 3465 1986 ergo
3495 1916 3916 1972 difﬁcultatem

2249 2007 2630 2062 revolvimur.
2661 2007 2862 2061 Adhuc
2888 2007 3049 2061 enim
3081 2010 3311 2061 tantum
3333 2007 3761 2074 interrogatum
3795 2009 3912 2070 est,

2251 2098 2451 2151 utrum
2495 2094 2803 2150 Matthaeus
2846 2098 2902 2150 et
2945 2095 3106 2149 Levis
3138 2095 3212 2150 sit
3241 2094 3455 2150 eadem
3502 2109 3772 2165 persona,
3825 2109 3916 2148 an

2251 2184 2380 2238 dum
2406 2181 2433 2236 ?
2457 2186 2623 2238 Nunc
2647 2183 2828 2239 etiam
2858 2183 3272 2255 quaerendam,
3306 2188 3503 2240 utrum
3547 2183 3809 2240 Iacobus
3852 2187 3918 2238 et

2253 2271 2383 2326 Levi
2425 2287 2546 2327 una
2575 2287 2652 2327 an
2695 2271 2832 2326 duas
2881 2272 2998 2327 sint
3027 2286 3318 2343 personae.
3355 2271 3469 2328 Sed
3520 2272 3650 2327 Levi
3692 2285 3764 2326 ex
3814 2272 3917 2327 de-

2251 2363 2407 2415 creto
2439 2360 2708 2428 Origenis
2738 2375 2859 2414 non
2891 2359 3000 2416 fuit
3023 2360 3351 2431 apostolus.
3374 2365 3645 2430 Autergo
3676 2375 3784 2414 nec
3815 2361 3918 2416 Ja-

2251 2447 2434 2505 cobus
2460 2449 2566 2504 fuit
2597 2449 2927 2521 apostolus,
2952 2453 3056 2504 aut
3084 2455 3201 2504 tres
3225 2451 3494 2504 feruntur
3511 2449 3828 2521 portitores
3850 2449 3920 2504 in

2251 2537 2603 2608 Evangeliis,
2621 2553 2832 2593 omnes
2855 2538 2958 2592 ﬁlii
2981 2538 3044 2592 Al
3053 2537 3230 2609 phaei.
3251 2537 3369 2593 Sed
3387 2539 3667 2607 Origenes
3681 2543 3745 2592 ut
3765 2553 3918 2593 cen-

2249 2630 2380 2682 tum
2399 2626 2542 2682 locis
2564 2626 2713 2694 aliis,
2737 2626 2818 2683 ita
2833 2624 2928 2680 hic
2944 2641 3186 2698 quoque
3203 2625 3517 2682 infatuavit
3534 2625 3916 2692 scholiastas,

2249 2730 2508 2787 quorum
2532 2715 2711 2769 etiam
2733 2713 2810 2768 ad
2831 2713 2992 2768 hunc
3014 2713 3212 2769 locum
3239 2712 3444 2784 verba,
3466 2712 3630 2785 quod
3651 2712 3919 2770 diverso-

2250 2818 2386 2858 rum
2424 2805 2733 2858 auctorum
2775 2802 3284 2873 interpretationes
3325 2803 3786 2874 conjunxerunt,
3830 2803 3918 2859 ita

2251 2891 2507 2946 obscura
2537 2895 2716 2961 atque
2741 2889 2891 2944 inter
2926 2905 2989 2944 se
3016 2891 3415 2961 repugnantia
3445 2893 3599 2955 sunt,
3636 2895 3699 2946 ut
3728 2905 3915 2948 nemo

2252 2978 2642 3035 commodum
2664 2993 2867 3034 eruere
2887 2979 3075 3048 possit
3096 2994 3358 3034 sensum.
3381 2979 3614 3036 Scholia
3631 2978 3915 3049 leguntur

491 3096 724 3151 Marcus
773 3067 1017 3150 tantum
1056 3095 1279 3148 narrat.
1329 3089 1506 3146 Levin
1544 3090 1864 3147 accessisse
1893 3091 2140 3156 Christo,

2260 3067 2315 3123 in
2340 3082 2474 3122 mea
2495 3067 2635 3121 Novi
2655 3067 3011 3122 Testamenti
3041 3067 3316 3123 editione.

489 3184 596 3241 sed
644 3186 832 3240 Lucas
873 3182 1054 3238 etiam
1101 3197 1157 3236 v.
1209 3181 1277 3235 27
1322 3195 1484 3252 seqq.
1526 3180 1646 3237 fere
1688 3179 1901 3236 iisdem
1929 3179 2144 3248 verbis,

490 3271 705 3346 quibus
726 3272 980 3328 Marcus.
1000 3269 1085 3324 Ad
1098 3267 1505 3326 excusandum
1522 3269 1837 3339 Origenem
1849 3284 1991 3340 ergo
2002 3269 2147 3325 nihil

492 3361 690 3419 afferri
717 3363 930 3433 potest,
961 3358 1098 3425 nisi,
1135 3357 1302 3432 quod
1343 3356 1588 3414 fortasse
1628 3356 2148 3429 desperatissimus

493 3449 771 3506 defensor
812 3449 942 3520 ejus
985 3448 1216 3513 dixerit,
1263 3447 1525 3502 scillicet.
1559 3448 1779 3502 Lucam
1810 3461 2041 3517 quoque
2088 3447 2150 3502 in

492 3537 662 3594 libris
693 3537 970 3593 omnibus
1011 3551 1140 3606 cap.
1175 3553 1226 3597 v,
1271 3549 1328 3589 v.
1373 3535 1462 3598 27,
1507 3533 1596 3597 28,
1641 3532 1734 3588 bis
1777 3537 2146 3604 corruptum,

497 3629 676 3696 atque
713 3624 796 3680 ibi
835 3624 1013 3680 etiam
1053 3623 1148 3677 bis
1176 3619 1416 3674 Ἰάκωϐον
1464 3619 1958 3691 interponendum
1997 3636 2144 3678 esse.

497 3713 664 3769 Prior
690 3727 827 3782 ergo
861 3711 1037 3768 Marci
1066 3709 1235 3766 locus
1269 3711 1510 3782 propter
1541 3708 1951 3766 auctoritatem
1983 3711 2149 3767 Lucas

498 3801 711 3873 corrigi
740 3800 965 3874 nequit.
996 3799 1316 3856 Videamus
1345 3798 1420 3854 de
1451 3797 1751 3869 posteriori
1790 3799 1961 3856 Marci
1992 3799 2146 3856 loco.

499 3891 602 3946 Hic
647 3905 782 3948 vero
808 3889 1086 3948 facillime
1119 3889 1423 3960 corrumpi
1453 3892 1706 3960 poterat,
1740 3887 1787 3943 si
1818 3887 2036 3945 scilicet
2064 3905 2146 3954 111,

503 3981 588 4048 18,
640 3995 750 4053 pro
807 3982 1075 4032 Ματθαῖὸν
1141 3983 1243 4034 aut
1296 3976 1538 4029 Ἰάκωϐον
1623 3978 1730 4046 [τὸν
1785 3984 1876 4028 τοῦ
1935 3977 2150 4050 Ἀλφαί-

499 4069 581 4138 ου]
614 4067 968 4123 scriberetur
1008 4067 1184 4120 Λευῖν.
1219 4067 1338 4118 Ηοο
1371 4078 1494 4117 ιιιιο
1525 4063 1709 4118 modo
1739 4067 2014 4119 constare
2054 4081 2153 4135 po-

499 4159 651 4212 terat
682 4154 948 4223 Origenis
992 4150 1456 4207 animadversio.
1489 4149 1592 4204 Hic
1623 4152 1838 4220 autem,
1868 4151 2014 4206 dum
2063 4152 2153 4207 in-

499 4241 887 4312 terpolatores
952 4241 1226 4294 metuunt
1284 4237 1698 4293 auctoritatem
1770 4237 2021 4294 Matthaai
2091 4257 2149 4305 χ,

502 4329 869 4401 3;Luc.tv1,
921 4331 1029 4394 15;
1079 4329 1136 4382 et
1185 4328 1291 4381 Act
1340 4328 1381 4390 Ι,
1427 4325 1514 4391 13,
1554 4324 1826 4381 incidunt
1880 4326 1941 4381 in
1980 4325 2152 4384 Lucae

504 4506 578 4578 (ο)
604 4501 1146 4578 Atquischoliastaa
1177 4501 1256 4557 ad
1283 4501 1445 4578 hunc
1473 4500 1671 4578 locum
1714 4516 1788 4558 ne
1828 4504 1978 4560 duos
2027 4505 2151 4578 qui-

503 4573 643 4632 dem
669 4573 842 4631 nobis
872 4573 1206 4645 largiuntur
1243 4573 1578 4644 portitores.
1612 4573 1952 4645 Proponunt
1993 4573 2151 4632 enim

585 4646 889 4717 egestionem
920 4640 1078 4701 hanc
1116 4660 1128 4698 ε
1183 4640 1318 4717 ’,Ερεῖ
1365 4663 1466 4706 τις,
1519 4645 1598 4717 ᾄτι
1653 4640 1748 4717 δ’ῄό
1794 4641 1926 4703 ἦσαν
1970 4645 2024 4698 ἐκ
2053 4656 2151 4699 τῶν

544 4715 718 4770 ὡδεκα
768 4716 998 4782 τελῶναι,
1061 4714 1326 4777 Ματθάῖος
1389 4719 1478 4767 καὶ
1521 4714 1761 4777 Ἰάκωϐος
1815 4719 1840 4768 ὁ
1892 4725 1983 4768 τοῦ
2037 4717 2151 4769 Ἀ).-

543 4794 679 4855 αίου,
735 4791 855 4863 ὅπερ
910 4789 1002 4840 οὐκ
1051 4790 1210 4868 ἔστ-ιγ’
1282 4788 1349 4846 εἷς
1413 4789 1513 4868 γὰρ
1563 4788 1724 4868 καὶ.ὁ
1783 4787 1936 4868 atii-0';
1992 4787 2146 4843 ἐστιν.

543 4811 679 4855 αιου,
735 4811 855 4863 οπερ
910 4811 1002 4840 ουκ
1051 4811 1210 4840 εστιν·
1282 4811 1349 4846 εις
1413 4811 1513 4868 γαρ
1563 4811 1652 4838 χαι
1699 4811 1724 4838 ο
1783 4811 1936 4849 auro;
1992 4811 2146 4843 εστιν.

502 4811 619 4916 ξθά
647 4860 762 4916 hoc
798 4858 1334 4933 prorsusstultum,
1375 4872 1486 4912 nlSl
1514 4873 1632 4933 pro_
1662 4857 1902 4933 Ἰάκωϐος
1933 4859 2149 4933 scribae

501 4936 598 4987 tur
632 4929 816 4993 ΛευΐςΣ
861 4931 918 4986 Si
966 4930 1125 4986 enim
1162 4930 1464 4986 Matthmus
1512 4929 1866 5001 et__Jacobus
1927 4929 2151 5001 Alphaai

503 5005 726 5072 estuna
753 5017 1032 5072 persona,
1058 5001 1223 5056 Levis
1261 5005 1461 5057 autem
1483 4997 1696 5072 nullus,
1715 5001 1826 5055 fuit
1851 4997 2151 5072 apostolus

500 5071 780 5127 undecim
801 5077 1035 5127 tantum
1055 5076 1448 5127 numerantur
1467 5071 1742 5142 apostoli.
1760 5071 1926 5127 Hunc
1944 5073 2151 5129 scholi-

499 5146 642 5196 θείω
657 5141 856 5197 locum
878 5142 959 5197 ita
977 5143 1156 5197 etiam
1171 5142 1352 5197 edidit
1365 5141 1722 5198 Wetstenius
1737 5142 1810 5197 ad
1843 5143 1899 5198 h.
1925 5143 1963 5198 l.
1983 5146 2152 5201 sicuti

497 5228 612 5285 nos
637 5228 709 5267 ex
725 5215 984 5285 quatuor
1004 5210 1308 5285 codicibus
1325 5215 1549 5285 Mosqq.
1574 5213 1812 5269 Photius
1825 5216 1983 5285 apud
2008 5216 2150 5271 Pos-

497 5282 894 5356 sinum_ad_h.
923 5282 985 5356 l.,
1016 5282 1314 5338 liberalior
1340 5285 1447 5356 est.
1469 5282 1630 5356 Duos
1653 5285 1810 5339 enim
1838 5282 2152 5356 portitores

498 5354 648 5407 inter
681 5353 999 5409 duodecim
1042 5358 1338 5407 numerat.
1391 5353 1707 5410 Mattheum
1753 5360 1808 5411 et
1840 5353 2152 5412 _Jacobum

500 5425 659 5478 Unde
674 5429 865 5480 autem
882 5425 930 5479 ei
962 5425 1076 5479 hoc
1094 5422 1390 5479 innotuit?
1409 5423 1520 5479 Sed
1542 5429 1726 5480 totum
1758 5425 2068 5491 scholium,
2092 5434 2154 5483 ut

495 5493 715 5567 editum
747 5499 878 5567 esta
906 5495 1232 5567 Possinop.
1268 5501 1353 5561 50,
1379 5493 1709 5567 absurdum
1733 5504 1842 5552 est.
1879 5501 2149 5554 Utautem

493 5564 589 5620 hic
615 5566 861 5623 omnino
878 5567 951 5622 de
977 5564 1490 5623 Photio’moneam.
1509 5565 1605 5622 Ille
1620 5567 1866 5638 quidem
1893 5569 2148 5639 Photius,

2324 3191 2393 3246 V.
2426 3193 2512 3262 t6.
2555 3193 2703 3262 Πίνῃ.
2738 3204 2792 3244 a.

2328 3262 2413 3316 17.
2457 3261 2543 3321 Εἰς
2566 3260 2836 3331 μετάνοιαν
2870 3260 3107 3316 absunt.

2329 3334 2416 3389 17,
2458 3336 2557 3404 Καὶ
2584 3335 2826 3404 ἔρχονται
2848 3332 2926 3404 ad
2956 3335 3317 3404 νηστεύουσιν.
3353 3331 3594 3389 absunt.
3621 3349 3674 3390 ξι,

2335 3407 2415 3477 19.
2455 3401 2615 3477 ξΟσοὺ
2640 3401 2834 3477 ’χρὸν-ο]
2858 3403 2937 3477 ad_
2963 3407 3227 3477 κηστςεύειν
3259 3403 3497 3459 absunt.
3533 3419 3586 3461 a.

2328 3475 2416 3529 23.
2455 3472 2534 3526 Ἐν
2553 3472 2938 3543 τοίςνΣοξϐϐασι]
2972 3473 3018 3524 ἐν
3043 3473 3233 3530 abest.
3257 3490 3313 3529 a.

2329 3547 2414 3599 26.
2456 3552 2558 3596 Τοῦ
2586 3544 2890 3618 ἀρχιερέως]
2919 3551 3012 3618 ῖοῦ
3043 3545 3336 3601 omittunt.

2329 3563 2414 3599 zo.
2457 3563 2558 3596 ἰου
2586 3563 2890 3666 κεχιερεως]
2922 3563 3012 3596 του
3043 3563 3162 3600 om]

2328 3618 2419 3686 27.
2464 3620 2563 3668 Καὶ
2593 3635 2613 3667 ε
2650 3616 2781 3686 εγεν]
2811 3621 2899 3686 καὶ
2919 3615 3072 3686 λέγει.
3106 3631 3162 3672 a.

2329 3685 2595 3759 Cap._llI.
2634 3683 2696 3741 ν’.
2745 3683 2798 3741 7.
2831 3685 2919 3742 Ab
2949 3683 3038 3739 κοιὶ
3083 3686 3184 3739 ἀπὸ
3227 3685 3594 3759 Ἰεροσολύμων
3634 3686 3712 3743 ad
3740 3683 3910 3740 Ἰδου-

2258 3757 2432 3830 μαίαςί
2443 3757 2680 3813 absunt.
2708 3773 2762 3830 8..

2331 3831 2416 3882 l2.
2460 3833 2677 3916 Φανερὸν
2708 3829 2860 3880 αὑτὸν
2889 3832 3177 3885 ποιήσωσι.

2338 3901 2618 3916 .......-.
2715 3899 2848 3916 ,οη
2932 3899 2944 3915 ι
3019 3906 3111 3916 -,

2332 3901 2415 3953 17.
2458 3903 2499 3955 Τ
2502 3908 2560 3952 οῦ
2586 3899 2848 3968 Ἰακώϐου]
2883 3899 3058 3968 οιῦτοῦ.
3088 3914 3143 3968 ἃ.

2331 3973 2416 4024 27.
2462 3967 2790 4040 Oﬁ_d‘ﬁvaraz
2819 3966 3011 4040 οὐδείς]
3043 3966 3217 4032 οὐδεὶς
3248 3966 3487 4024 δύναται.

2333 4042 2499 4115 ᾼρτοςᾶ
2535 4038 2808 4115 διαρπάσει
2819 4083 2833 4097 .

2330 4111 2418 4165 28.
2448 4111 2637 4192 :Oaag'
2666 4111 2744 4165 ἂν.
2788 4111 2899 4167 ⁷8θά
2939 4114 3084 4172 ὅσαις
3122 4116 3208 4168 est
3251 4126 3416 4168 error
3453 4111 3732 4167 editionis
3777 4114 3909 4168 Gre-

2335 4197 2502 4249 goru.

2333 4248 2420 4306 32.
2465 4258 2564 4326 κοιὶ
2589 4255 2637 4305 οἱ
2669 4251 2881 4325 ἀδελφοί
2912 4272 3005 4326 acu
3035 4259 3124 4326 καὶ
3154 4257 3208 4306 αἱ
3239 4251 3465 4326 ἀδελφαί
3488 4273 3608 4326 σου.

2334 4327 2469 4396 Cap.
2504 4324 2590 4379 IV.
2623 4326 2685 4379 V.
2727 4329 2778 4380 2.
2802 4321 2915 4377 ’Καὶ
2945 4321 3225 4378 ἐδίδασκεν
3270 4325 3348 4382 ad
3374 4321 3550 4378 ’πολλὰ
3580 4325 3816 4382 absunt.
3849 4341 3906 4382 a.

2261 4501 2364 4584 qui
2394 4500 2820 4584 Bibliothecam
2851 4502 3107 4584 scripsit,
3138 4501 3267 4584 fuit,
3313 4502 3667 4584 etsi‘multo‘s
3705 4503 3914 4584 habuit

2261 4571 2704 4645 obtrectatores,
2735 4573 2824 4645 vir
2847 4571 3274 4645 copiosissimas
3297 4571 3606 4630 doctrinae.
3633 4573 3744 4630 Sed
3767 4574 3913 4631 alter

2262 4644 2533 4718 Photius,
2563 4644 2734 4718 cujus
2754 4644 2814 4699 in
2840 4644 3450 4718 Catenislongissima
3475 4645 3833 4718 plerumque
3859 4651 3914 4702 et

2261 4714 2920 4786 ineptissimaleguntur
2933 4715 3178 4778 scholia,
3195 4714 3286 4786 vel
3305 4714 3552 4772 omnino
3566 4714 3765 4771 nullus
3783 4716 3909 4783 fuit,

2262 4800 2333 4843 ac
2371 4785 2649 4841 mentitus
2679 4792 2766 4842 est
2794 4801 3012 4841 nomen
3061 4785 3272 4853 Photii,
3305 4787 3403 4844 vel
3440 4787 3550 4843 fuit
3579 4788 3910 4844 monachus

2261 4856 2540 4928 ignobilis
2555 4862 2611 4912 et
2623 4857 3041 4928 ineptissimus.
3060 4858 3286 4923 Quibus
3301 4873 3421 4914 non
3437 4858 3512 4914 ad
3527 4874 3734 4914 manus
3751 4865 3909 4923 sunt,

2262 4928 2432 4984 sicuti
2473 4929 2640 4994 mihi,
2681 4928 2902 4984 inedita
2939 4929 3130 4984 multa
3165 4929 3334 4984 istius
3367 4929 3551 4985 Photii
3587 4931 3830 4995 scholia,
3874 4931 3910 4984 ii

2261 4999 2480 5073 adeant
2509 4998 3206 5073 Pseudo-OEcurnenium,
3236 5000 3437 5072 ibique
3463 5005 3741 5073 tot,gquot
3769 5002 3913 5073 ipsis

2260 5070 2566 5195 Blacuerit,
2621 5072 2881 5152 nomine
2918 5071 3105 5127 Photii
3166 5070 3371 5127 notata
3426 5070 3650 5127 scholia
3693 5070 3908 5153 legant.

2308 5141 2569 5195 rofecto.-
2597 5146 2660 5195 ut
2705 5141 3022 5195 nraav1deo.
3072 5158 3220 5195 meae
3266 5143 3550 5195 accedent
3591 5149 3908 5195 sententiae.

2308 5141 2569 5208 rot'ecto,—
2597 5146 2660 5195 ut
2705 5141 3022 5211 praevideo,
3072 5158 3220 5198 meae
3266 5143 3550 5200 accedent
3591 5143 3912 5198 sententiae.

2264 5213 2476 5284 Omnia
2517 5211 2675 5266 enim
2708 5227 2775 5284 ex
2812 5212 2939 5267 aliis
2969 5214 3186 5277 hausit,
3220 5219 3276 5269 et
3319 5230 3563 5284 aquam,
3594 5219 3652 5270 et
3680 5220 3914 5270 acetum

2263 5289 2317 5356 et
2349 5283 2577 5356 vinum,
2601 5299 2671 5337 ac
2696 5282 2942 5356 ﬂumine
2975 5284 3224 5340 turbidae
3255 5282 3608 5356 eloquentia:
3639 5303 3760 5340 suae
3790 5301 3915 5341 om-

2264 5354 2361 5408 nia
2393 5354 2664 5428 sentinze
2685 5353 2939 5428 reddidit
2981 5356 3300 5411 simillima.
3335 5353 3415 5410 D'e
3444 5356 3687 5421 Jacobo,
3732 5373 3912 5428 quem

2262 5423 2607 5494 portitorem
2641 5424 2776 5479 facit
2821 5427 3293 5494 Cbrysostomus.
3340 5428 3475 5483 vide
3525 5428 3680 5484 infra
3710 5423 3915 5483 notam

2266 5502 2316 5559 3,
2346 5510 2497 5570 pag._
2524 5495 2655 5570 378,
2680 5495 2751 5550 ad
2788 5495 2988 5570 Matth.
3025 5498 3191 5570 Forte
3237 5498 3696 5570 Chrysostomus
3735 5500 3914 5555 etiam

2263 5565 2532 5634 Origenis
2561 5567 3078 5626 animadversione
3103 5565 3388 5642 deceptus
3414 5577 3519 5626 est.
