  <div class='ocr_page' id='page_1' title='image "/cluster/home/n/w/nwhite01/storage/ocr_20150623/129/mdp.39015061528470/063.png"; bbox 0 0 4166 6314; ppageno 0'>
   <div class='ocr_carea' id='block_1_1' title="bbox 514 326 2134 415">
    <p class='ocr_par' dir='ltr' id='par_1_1' title="bbox 514 330 2133 404">
     <span class='ocr_line' id='line_1_1' title="bbox 514 330 2133 404; baseline -0.009 0"><span class='ocrx_word' id='word_1_1' title='bbox 514 346 612 404; x_wconf 85' lang='grc'><strong><em>111</em></strong></span> <span class='ocrx_word' id='word_1_2' title='bbox 1774 362 1780 371; x_wconf 87' lang='grc'><strong>·</strong></span> <span class='ocrx_word' id='word_1_3' title='bbox 1807 330 2133 392; x_wconf 83' lang='lat' dir='ltr'><strong>EUTHYMI</strong></span> 
     </span>
    </p>
   </div>
   <div class='ocr_carea' id='block_1_2' title="bbox 2258 326 2625 415">
    <p class='ocr_par' dir='ltr' id='par_1_2' title="bbox 2258 326 2625 415">
     <span class='ocr_line' id='line_1_2' title="bbox 2258 326 2625 415; baseline -0.003 -26"><span class='ocrx_word' id='word_1_4' title='bbox 2258 326 2527 415; x_wconf 64' lang='lat' dir='ltr'><strong><em>{GABENI</em></strong></span> <span class='ocrx_word' id='word_1_5' title='bbox 2624 378 2625 381; x_wconf 27' lang='grc' dir='ltr'>γ</span> 
     </span>
    </p>
   </div>
   <div class='ocr_carea' id='block_1_3' title="bbox 3814 336 3921 396">
    <p class='ocr_par' dir='ltr' id='par_1_3' title="bbox 3814 336 3921 396">
     <span class='ocr_line' id='line_1_3' title="bbox 3814 336 3921 396; baseline -0.019 0"><span class='ocrx_word' id='word_1_6' title='bbox 3814 336 3921 396; x_wconf 80' lang='grc'><strong>112</strong></span> 
     </span>
    </p>
   </div>
   <div class='ocr_carea' id='block_1_4' title="bbox 511 459 3910 546">
    <p class='ocr_par' dir='ltr' id='par_1_4' title="bbox 511 459 3910 546">
     <span class='ocr_line' id='line_1_4' title="bbox 511 459 3910 546; baseline -0.001 -21"><span class='ocrx_word' id='word_1_7' title='bbox 511 469 609 541; x_wconf 72' lang='grc' dir='ltr'>νδ¹τ</span> <span class='ocrx_word' id='word_1_8' title='bbox 653 472 803 546; x_wconf 53' lang='grc' dir='ltr'>Περὶί</span> <span class='ocrx_word' id='word_1_9' title='bbox 825 469 918 537; x_wconf 82' lang='grc' dir='ltr'>τοῦ</span> <span class='ocrx_word' id='word_1_10' title='bbox 955 469 1375 545; x_wconf 74' lang='grc' dir='ltr'><strong><em>ἐπερωτήσαντος</em></strong></span> <span class='ocrx_word' id='word_1_11' title='bbox 1406 471 1641 539; x_wconf 79' lang='grc' dir='ltr'>νομικοῦ.</span> <span class='ocrx_word' id='word_1_12' title='bbox 1674 463 1858 536; x_wconf 86' lang='lat' dir='ltr'><strong>(XXII,</strong></span> <span class='ocrx_word' id='word_1_13' title='bbox 1898 462 2005 535; x_wconf 74' lang='grc'><strong>54).</strong></span> <span class='ocrx_word' id='word_1_14' title='bbox 2047 469 2151 537; x_wconf 56' lang='grc' dir='ltr'>Μρ.</span> <span class='ocrx_word' id='word_1_15' title='bbox 2187 459 2235 514; x_wconf 86' lang='grc' dir='ltr'><strong>Α</strong></span> <span class='ocrx_word' id='word_1_16' title='bbox 2267 459 2370 534; x_wconf 50' lang='lat' dir='ltr'><strong><em>EF.</em></strong></span> <span class='ocrx_word' id='word_1_17' title='bbox 2408 464 2545 539; x_wconf 63' lang='grc' dir='ltr'><strong><em>ΠερὶΔ</em></strong></span> <span class='ocrx_word' id='word_1_18' title='bbox 2582 468 2676 523; x_wconf 83' lang='grc' dir='ltr'>τῆς</span> <span class='ocrx_word' id='word_1_19' title='bbox 2713 459 3004 533; x_wconf 64' lang='grc' dir='ltr'>ἀλειψάσης</span> <span class='ocrx_word' id='word_1_20' title='bbox 3034 463 3121 514; x_wconf 87' lang='grc' dir='ltr'>τὸν</span> <span class='ocrx_word' id='word_1_21' title='bbox 3170 463 3357 537; x_wconf 78' lang='grc' dir='ltr'><strong><em>Κύριον</em></strong></span> <span class='ocrx_word' id='word_1_22' title='bbox 3386 463 3553 539; x_wconf 82' lang='grc' dir='ltr'>μύρῳ.</span> <span class='ocrx_word' id='word_1_23' title='bbox 3583 462 3792 537; x_wconf 86' lang='lat' dir='ltr'><strong>(XXVI,</strong></span> <span class='ocrx_word' id='word_1_24' title='bbox 3826 470 3910 538; x_wconf 86' lang='lat'><strong><em>6).</em></strong></span> 
     </span>
    </p>
   </div>
   <div class='ocr_carea' id='block_1_5' title="bbox 725 550 1098 615">
    <p class='ocr_par' dir='ltr' id='par_1_5' title="bbox 725 550 1098 615">
     <span class='ocr_line' id='line_1_5' title="bbox 725 550 1098 615; baseline 0.003 -1"><span class='ocrx_word' id='word_1_25' title='bbox 725 550 823 615; x_wconf 49' lang='grc' dir='ltr'>λθ’·’</span> <span class='ocrx_word' id='word_1_26' title='bbox 853 568 982 615; x_wconf 92' lang='grc' dir='ltr'>Λου.</span> <span class='ocrx_word' id='word_1_27' title='bbox 1014 559 1098 615; x_wconf 84' lang='grc' dir='ltr'>λε’.</span> 
     </span>
    </p>
   </div>
   <div class='ocr_carea' id='block_1_6' title="bbox 510 645 2156 727">
    <p class='ocr_par' dir='ltr' id='par_1_6' title="bbox 510 645 2156 727">
     <span class='ocr_line' id='line_1_6' title="bbox 510 645 2156 727; baseline -0.007 -22"><span class='ocrx_word' id='word_1_28' title='bbox 510 671 563 705; x_wconf 88' lang='grc' dir='ltr'><strong><em>νε</em></strong></span> <span class='ocrx_word' id='word_1_29' title='bbox 586 695 598 711; x_wconf 89' lang='grc'><strong>.</strong></span> <span class='ocrx_word' id='word_1_30' title='bbox 636 655 761 727; x_wconf 78' lang='grc' dir='ltr'>Περὶ</span> <span class='ocrx_word' id='word_1_31' title='bbox 794 659 885 713; x_wconf 84' lang='grc' dir='ltr'>τῆς</span> <span class='ocrx_word' id='word_1_32' title='bbox 921 658 1010 704; x_wconf 81' lang='grc' dir='ltr'>τοῦ</span> <span class='ocrx_word' id='word_1_33' title='bbox 1048 653 1241 726; x_wconf 80' lang='grc' dir='ltr'><strong><em>Κυρίου</em></strong></span> <span class='ocrx_word' id='word_1_34' title='bbox 1291 647 1653 723; x_wconf 73' lang='grc' dir='ltr'><strong><em>ἐπερωτήσεως</em></strong></span> <span class='ocrx_word' id='word_1_35' title='bbox 1684 646 1812 719; x_wconf 87' lang='grc' dir='ltr'>πρὸς</span> <span class='ocrx_word' id='word_1_36' title='bbox 1850 645 1969 704; x_wconf 86' lang='grc' dir='ltr'>τοὺς</span> <span class='ocrx_word' id='word_1_37' title='bbox 2001 648 2156 717; x_wconf 81' lang='grc' dir='ltr'>Φαρι-</span> 
     </span>
    </p>
   </div>
   <div class='ocr_carea' id='block_1_7' title="bbox 724 726 1826 812">
    <p class='ocr_par' dir='ltr' id='par_1_7' title="bbox 724 726 1826 812">
     <span class='ocr_line' id='line_1_7' title="bbox 724 726 1826 812; baseline -0.004 -20"><span class='ocrx_word' id='word_1_38' title='bbox 724 744 925 801; x_wconf 91' lang='grc' dir='ltr'>σαίους.</span> <span class='ocrx_word' id='word_1_39' title='bbox 966 726 1153 812; x_wconf 86' lang='lat' dir='ltr'><strong>(XXII,</strong></span> <span class='ocrx_word' id='word_1_40' title='bbox 1180 738 1287 808; x_wconf 82' lang='grc'><strong>41).</strong></span> <span class='ocrx_word' id='word_1_41' title='bbox 1320 743 1425 808; x_wconf 88' lang='grc' dir='ltr'>Μρ.</span> <span class='ocrx_word' id='word_1_42' title='bbox 1459 733 1529 807; x_wconf 87' lang='grc' dir='ltr'>μ’.</span> <span class='ocrx_word' id='word_1_43' title='bbox 1557 740 1687 787; x_wconf 86' lang='grc' dir='ltr'>Λου.</span> <span class='ocrx_word' id='word_1_44' title='bbox 1725 739 1826 803; x_wconf 79' lang='grc' dir='ltr'>ογ“.</span> 
     </span>
    </p>
   </div>
   <div class='ocr_carea' id='block_1_8' title="bbox 508 818 2154 904">
    <p class='ocr_par' dir='ltr' id='par_1_8' title="bbox 508 818 2154 904">
     <span class='ocr_line' id='line_1_8' title="bbox 508 818 2154 904; baseline -0.006 -23"><span class='ocrx_word' id='word_1_45' title='bbox 508 828 590 890; x_wconf 83' lang='grc' dir='ltr'>νς’.</span> <span class='ocrx_word' id='word_1_46' title='bbox 634 832 758 904; x_wconf 86' lang='grc' dir='ltr'>Περὶ</span> <span class='ocrx_word' id='word_1_47' title='bbox 804 836 897 881; x_wconf 83' lang='grc' dir='ltr'>τοῦ</span> <span class='ocrx_word' id='word_1_48' title='bbox 954 827 1275 899; x_wconf 86' lang='grc' dir='ltr'>ταλανισμοῦ</span> <span class='ocrx_word' id='word_1_49' title='bbox 1313 832 1414 877; x_wconf 86' lang='grc' dir='ltr'>τῶν</span> <span class='ocrx_word' id='word_1_50' title='bbox 1473 825 1819 897; x_wconf 66' lang='grc' dir='ltr'>Γραμματέων</span> <span class='ocrx_word' id='word_1_51' title='bbox 1866 818 1956 872; x_wconf 84' lang='grc' dir='ltr'>καὶ</span> <span class='ocrx_word' id='word_1_52' title='bbox 1999 825 2154 893; x_wconf 79' lang='grc' dir='ltr'>Φαρι-</span> 
     </span>
    </p>
   </div>
   <div class='ocr_carea' id='block_1_9' title="bbox 558 910 1611 989">
    <p class='ocr_par' dir='ltr' id='par_1_9' title="bbox 558 910 1611 989">
     <span class='ocr_line' id='line_1_9' title="bbox 558 910 1611 989; baseline -0.006 -17"><span class='ocrx_word' id='word_1_53' title='bbox 558 976 563 979; x_wconf 29' lang='grc' dir='ltr'><strong><em>τ</em></strong></span> <span class='ocrx_word' id='word_1_54' title='bbox 688 930 693 933; x_wconf 80' lang='grc'><strong><em>“</em></strong></span> <span class='ocrx_word' id='word_1_55' title='bbox 725 922 907 971; x_wconf 88' lang='grc' dir='ltr'>σαίων.</span> <span class='ocrx_word' id='word_1_56' title='bbox 945 916 1149 989; x_wconf 85' lang='lat' dir='ltr'><strong>(XXIII,</strong></span> <span class='ocrx_word' id='word_1_57' title='bbox 1190 916 1299 987; x_wconf 86' lang='grc'><strong>13).</strong></span> <span class='ocrx_word' id='word_1_58' title='bbox 1341 918 1471 967; x_wconf 87' lang='grc' dir='ltr'>Λου.</span> <span class='ocrx_word' id='word_1_59' title='bbox 1505 910 1611 984; x_wconf 78' lang='grc' dir='ltr'>μγ’.</span> 
     </span>
    </p>
   </div>
   <div class='ocr_carea' id='block_1_10' title="bbox 505 995 2141 1081">
    <p class='ocr_par' dir='ltr' id='par_1_10' title="bbox 505 995 2141 1081">
     <span class='ocr_line' id='line_1_10' title="bbox 505 995 2141 1081; baseline -0.005 -21"><span class='ocrx_word' id='word_1_60' title='bbox 505 1006 603 1068; x_wconf 46' lang='grc' dir='ltr'>νζε.</span> <span class='ocrx_word' id='word_1_61' title='bbox 643 1010 769 1081; x_wconf 73' lang='grc' dir='ltr'>Περὶ</span> <span class='ocrx_word' id='word_1_62' title='bbox 802 1013 894 1067; x_wconf 83' lang='grc' dir='ltr'>τῆς</span> <span class='ocrx_word' id='word_1_63' title='bbox 950 1003 1255 1064; x_wconf 78' lang='grc' dir='ltr'><strong><em>συντελείας.</em></strong></span> <span class='ocrx_word' id='word_1_64' title='bbox 1298 1000 1513 1073; x_wconf 77' lang='lat' dir='ltr'><strong>(XXIV,</strong></span> <span class='ocrx_word' id='word_1_65' title='bbox 1574 998 1648 1071; x_wconf 89' lang='lat'><strong><em>3).</em></strong></span> <span class='ocrx_word' id='word_1_66' title='bbox 1713 1005 1818 1071; x_wconf 85' lang='grc' dir='ltr'>Μρ.</span> <span class='ocrx_word' id='word_1_67' title='bbox 1855 995 1966 1070; x_wconf 68' lang='grc' dir='ltr'><strong><em>μβ·</em></strong></span> <span class='ocrx_word' id='word_1_68' title='bbox 2007 1002 2141 1052; x_wconf 90' lang='grc' dir='ltr'>Λου.</span> 
     </span>
    </p>
   </div>
   <div class='ocr_carea' id='block_1_11' title="bbox 507 1114 2146 1267">
    <p class='ocr_par' dir='ltr' id='par_1_11' title="bbox 507 1114 2146 1267">
     <span class='ocr_line' id='line_1_11' title="bbox 507 1114 2146 1267; baseline -0.004 -29"><span class='ocrx_word' id='word_1_69' title='bbox 507 1183 595 1267; x_wconf 39' lang='grc' dir='ltr'><strong><em>νηί</em></strong></span> <span class='ocrx_word' id='word_1_70' title='bbox 622 1114 871 1260; x_wconf 43' lang='lat' dir='ltr'><strong><em>nepita;</em></strong></span> <span class='ocrx_word' id='word_1_71' title='bbox 898 1184 1094 1258; x_wconf 75' lang='grc' dir='ltr'>ἡμέρας</span> <span class='ocrx_word' id='word_1_72' title='bbox 1121 1181 1316 1244; x_wconf 77' lang='grc' dir='ltr'><strong><em>ἐκείνης</em></strong></span> <span class='ocrx_word' id='word_1_73' title='bbox 1340 1183 1431 1233; x_wconf 81' lang='grc' dir='ltr'>καὶ</span> <span class='ocrx_word' id='word_1_74' title='bbox 1457 1197 1610 1252; x_wconf 88' lang='grc' dir='ltr'>ωρας.</span> <span class='ocrx_word' id='word_1_75' title='bbox 1656 1176 1855 1250; x_wconf 87' lang='lat' dir='ltr'><strong>(XXIV,</strong></span> <span class='ocrx_word' id='word_1_76' title='bbox 1890 1178 2002 1246; x_wconf 84' lang='grc'><strong>36).</strong></span> <span class='ocrx_word' id='word_1_77' title='bbox 2041 1181 2146 1251; x_wconf 85' lang='grc' dir='ltr'>Μρ.</span> 
     </span>
    </p>
   </div>
   <div class='ocr_carea' id='block_1_12' title="bbox 506 1294 1683 1436">
    <p class='ocr_par' dir='ltr' id='par_1_12' title="bbox 506 1294 1683 1436">
     <span class='ocr_line' id='line_1_12' title="bbox 506 1294 1683 1436; baseline -0.005 -22"><span class='ocrx_word' id='word_1_78' title='bbox 506 1362 579 1416; x_wconf 87' lang='grc' dir='ltr'>νθ’</span> <span class='ocrx_word' id='word_1_79' title='bbox 616 1294 879 1436; x_wconf 37' lang='lat' dir='ltr'><strong><em>milia</em></strong></span> <span class='ocrx_word' id='word_1_80' title='bbox 908 1358 1038 1415; x_wconf 81' lang='grc' dir='ltr'>δέκα</span> <span class='ocrx_word' id='word_1_81' title='bbox 1065 1362 1352 1436; x_wconf 84' lang='grc' dir='ltr'>παρθένων.</span> <span class='ocrx_word' id='word_1_82' title='bbox 1394 1360 1571 1431; x_wconf 86' lang='lat' dir='ltr'><strong>(XXV,</strong></span> <span class='ocrx_word' id='word_1_83' title='bbox 1612 1318 1683 1421; x_wconf 22' lang='grc'><strong>1)..</strong></span> 
     </span>
    </p>
   </div>
   <div class='ocr_carea' id='block_1_13' title="bbox 542 1445 1927 1526">
    <p class='ocr_par' dir='ltr' id='par_1_13' title="bbox 542 1445 1927 1526">
     <span class='ocr_line' id='line_1_13' title="bbox 542 1445 1927 1526; baseline -0.004 -19"><span class='ocrx_word' id='word_1_84' title='bbox 542 1450 605 1514; x_wconf 78' lang='grc' dir='ltr'><strong><em>ξ’.</em></strong></span> <span class='ocrx_word' id='word_1_85' title='bbox 644 1454 768 1526; x_wconf 79' lang='grc' dir='ltr'>Περὶ</span> <span class='ocrx_word' id='word_1_86' title='bbox 795 1460 894 1505; x_wconf 84' lang='grc' dir='ltr'>τῶν</span> <span class='ocrx_word' id='word_1_87' title='bbox 933 1453 998 1504; x_wconf 79' lang='grc' dir='ltr'>τὰ</span> <span class='ocrx_word' id='word_1_88' title='bbox 1025 1450 1250 1504; x_wconf 80' lang='grc' dir='ltr'>τάλαντα</span> <span class='ocrx_word' id='word_1_89' title='bbox 1284 1447 1561 1502; x_wconf 80' lang='grc' dir='ltr'>λαϐόντων.</span> <span class='ocrx_word' id='word_1_90' title='bbox 1592 1446 1773 1518; x_wconf 86' lang='lat' dir='ltr'><strong>(XXV,</strong></span> <span class='ocrx_word' id='word_1_91' title='bbox 1810 1445 1927 1515; x_wconf 77' lang='grc'><strong>14).</strong></span> 
     </span>
    </p>
   </div>
   <div class='ocr_carea' id='block_1_14' title="bbox 507 1534 1907 1616">
    <p class='ocr_par' dir='ltr' id='par_1_14' title="bbox 507 1534 1907 1616">
     <span class='ocr_line' id='line_1_14' title="bbox 507 1534 1907 1616; baseline -0.001 -24"><span class='ocrx_word' id='word_1_92' title='bbox 507 1537 600 1604; x_wconf 84' lang='grc' dir='ltr'>ξα’.</span> <span class='ocrx_word' id='word_1_93' title='bbox 643 1545 766 1616; x_wconf 81' lang='grc' dir='ltr'>Περὶ</span> <span class='ocrx_word' id='word_1_94' title='bbox 796 1550 890 1603; x_wconf 83' lang='grc' dir='ltr'>τῆς</span> <span class='ocrx_word' id='word_1_95' title='bbox 920 1540 1163 1601; x_wconf 74' lang='grc' dir='ltr'><strong><em>ἐλεύσεως</em></strong></span> <span class='ocrx_word' id='word_1_96' title='bbox 1186 1546 1278 1592; x_wconf 84' lang='grc' dir='ltr'>τοῦ</span> <span class='ocrx_word' id='word_1_97' title='bbox 1316 1544 1550 1611; x_wconf 84' lang='grc' dir='ltr'><strong><em>Χριστοῦ</em></strong></span> <span class='ocrx_word' id='word_1_98' title='bbox 1581 1536 1761 1607; x_wconf 86' lang='lat' dir='ltr'><strong>(XXV,</strong></span> <span class='ocrx_word' id='word_1_99' title='bbox 1796 1534 1907 1605; x_wconf 86' lang='grc'><strong>31).</strong></span> 
     </span>
    </p>
   </div>
   <div class='ocr_carea' id='block_1_15' title="bbox 505 1716 1680 1789">
    <p class='ocr_par' dir='ltr' id='par_1_15' title="bbox 505 1716 1680 1789">
     <span class='ocr_line' id='line_1_15' title="bbox 505 1716 1680 1789; baseline -0.003 -15"><span class='ocrx_word' id='word_1_100' title='bbox 505 1721 589 1774; x_wconf 83' lang='grc'><strong><em>55.</em></strong></span> <span class='ocrx_word' id='word_1_101' title='bbox 630 1719 718 1774; x_wconf 87' lang='lat' dir='ltr'><strong><em>De</em></strong></span> <span class='ocrx_word' id='word_1_102' title='bbox 742 1718 1188 1789; x_wconf 74' lang='lat' dir='ltr'><strong><em>interrogatione</em></strong></span> <span class='ocrx_word' id='word_1_103' title='bbox 1216 1716 1298 1774; x_wconf 89' lang='lat' dir='ltr'><strong><em>ad</em></strong></span> <span class='ocrx_word' id='word_1_104' title='bbox 1330 1716 1680 1773; x_wconf 67' lang='lat' dir='ltr'><strong><em>Phariseeos.</em></strong></span> 
     </span>
    </p>
   </div>
   <div class='ocr_carea' id='block_1_16' title="bbox 503 1803 2075 1877">
    <p class='ocr_par' dir='ltr' id='par_1_16' title="bbox 503 1803 2075 1877">
     <span class='ocr_line' id='line_1_16' title="bbox 503 1803 2075 1877; baseline -0.003 -14"><span class='ocrx_word' id='word_1_105' title='bbox 503 1807 588 1863; x_wconf 87' lang='lat'><strong><em>56.</em></strong></span> <span class='ocrx_word' id='word_1_106' title='bbox 625 1806 709 1862; x_wconf 92' lang='lat' dir='ltr'><strong><em>De</em></strong></span> <span class='ocrx_word' id='word_1_107' title='bbox 744 1807 1147 1877; x_wconf 78' lang='lat' dir='ltr'><strong><em>deploratione</em></strong></span> <span class='ocrx_word' id='word_1_108' title='bbox 1174 1806 1515 1863; x_wconf 80' lang='lat' dir='ltr'><strong><em>Scribarum</em></strong></span> <span class='ocrx_word' id='word_1_109' title='bbox 1543 1810 1594 1860; x_wconf 90' lang='lat' dir='ltr'><strong><em>et</em></strong></span> <span class='ocrx_word' id='word_1_110' title='bbox 1626 1803 2075 1861; x_wconf 74' lang='lat' dir='ltr'><strong><em>Pharisaeorum.</em></strong></span> 
     </span>
    </p>
   </div>
   <div class='ocr_carea' id='block_1_17' title="bbox 503 1880 1243 1954">
    <p class='ocr_par' dir='ltr' id='par_1_17' title="bbox 503 1880 1243 1954">
     <span class='ocr_line' id='line_1_17' title="bbox 503 1880 1243 1954; baseline -0.004 -3"><span class='ocrx_word' id='word_1_111' title='bbox 503 1899 590 1953; x_wconf 87' lang='lat'><strong><em>57.</em></strong></span> <span class='ocrx_word' id='word_1_112' title='bbox 628 1898 713 1953; x_wconf 89' lang='lat' dir='ltr'><strong><em>De</em></strong></span> <span class='ocrx_word' id='word_1_113' title='bbox 740 1880 1243 1954; x_wconf 78' lang='lat' dir='ltr'><strong><em>consummatione.</em></strong></span> 
     </span>
    </p>
   </div>
   <div class='ocr_carea' id='block_1_18' title="bbox 503 1983 1105 2042">
    <p class='ocr_par' dir='ltr' id='par_1_18' title="bbox 503 1983 1105 2042">
     <span class='ocr_line' id='line_1_18' title="bbox 503 1983 1105 2042; baseline 0 -2"><span class='ocrx_word' id='word_1_114' title='bbox 503 1983 590 2040; x_wconf 91' lang='lat'><strong><em>58.</em></strong></span> <span class='ocrx_word' id='word_1_115' title='bbox 628 1986 717 2041; x_wconf 90' lang='lat' dir='ltr'><strong><em>De</em></strong></span> <span class='ocrx_word' id='word_1_116' title='bbox 743 1985 837 2042; x_wconf 90' lang='lat' dir='ltr'><strong><em>die</em></strong></span> <span class='ocrx_word' id='word_1_117' title='bbox 864 1991 915 2042; x_wconf 91' lang='lat' dir='ltr'><strong><em>et</em></strong></span> <span class='ocrx_word' id='word_1_118' title='bbox 942 1985 1105 2042; x_wconf 86' lang='lat' dir='ltr'><strong><em>hora.</em></strong></span> 
     </span>
    </p>
   </div>
   <div class='ocr_carea' id='block_1_19' title="bbox 503 2073 1294 2146">
    <p class='ocr_par' dir='ltr' id='par_1_19' title="bbox 503 2073 1294 2146">
     <span class='ocr_line' id='line_1_19' title="bbox 503 2073 1294 2146; baseline -0.004 -16"><span class='ocrx_word' id='word_1_119' title='bbox 503 2075 586 2130; x_wconf 82' lang='lat'><strong><em>59.</em></strong></span> <span class='ocrx_word' id='word_1_120' title='bbox 628 2075 719 2130; x_wconf 84' lang='lat' dir='ltr'><strong><em>De</em></strong></span> <span class='ocrx_word' id='word_1_121' title='bbox 739 2073 924 2131; x_wconf 82' lang='lat' dir='ltr'><strong><em>decem</em></strong></span> <span class='ocrx_word' id='word_1_122' title='bbox 952 2074 1294 2146; x_wconf 83' lang='lat' dir='ltr'><strong><em>virginibus.</em></strong></span> 
     </span>
    </p>
   </div>
   <div class='ocr_carea' id='block_1_20' title="bbox 500 2162 993 2222">
    <p class='ocr_par' dir='ltr' id='par_1_20' title="bbox 500 2162 993 2222">
     <span class='ocr_line' id='line_1_20' title="bbox 500 2162 993 2222; baseline 0.004 -5"><span class='ocrx_word' id='word_1_123' title='bbox 500 2162 590 2218; x_wconf 88' lang='lat'><strong><em>60.</em></strong></span> <span class='ocrx_word' id='word_1_124' title='bbox 631 2162 707 2220; x_wconf 90' lang='lat' dir='ltr'><strong><em>De</em></strong></span> <span class='ocrx_word' id='word_1_125' title='bbox 738 2163 993 2222; x_wconf 77' lang='lat' dir='ltr'><strong><em>talentis.</em></strong></span> 
     </span>
    </p>
   </div>
   <div class='ocr_carea' id='block_1_21' title="bbox 500 2248 1291 2310">
    <p class='ocr_par' dir='ltr' id='par_1_21' title="bbox 500 2248 1291 2310">
     <span class='ocr_line' id='line_1_21' title="bbox 500 2248 1291 2310; baseline 0.001 -3"><span class='ocrx_word' id='word_1_126' title='bbox 500 2251 595 2310; x_wconf 69' lang='lat'><strong><em>64.</em></strong></span> <span class='ocrx_word' id='word_1_127' title='bbox 634 2248 726 2309; x_wconf 76' lang='lat' dir='ltr'><strong><em>’De</em></strong></span> <span class='ocrx_word' id='word_1_128' title='bbox 753 2252 1010 2310; x_wconf 86' lang='lat' dir='ltr'><strong><em>adventu</em></strong></span> <span class='ocrx_word' id='word_1_129' title='bbox 1051 2250 1291 2309; x_wconf 81' lang='lat' dir='ltr'><strong><em>Christi.</em></strong></span> 
     </span>
    </p>
   </div>
   <div class='ocr_carea' id='block_1_22' title="bbox 493 2498 2142 2569">
    <p class='ocr_par' dir='ltr' id='par_1_22' title="bbox 493 2498 2142 2569">
     <span class='ocr_line' id='line_1_22' title="bbox 493 2498 2142 2569; baseline -0.002 -9"><span class='ocrx_word' id='word_1_130' title='bbox 493 2502 956 2562; x_wconf 83' lang='lat' dir='ltr'><strong><em>EVANGELII</em></strong></span> <span class='ocrx_word' id='word_1_131' title='bbox 973 2500 1401 2562; x_wconf 80' lang='lat' dir='ltr'><strong><em>SECUNDUM</em></strong></span> <span class='ocrx_word' id='word_1_132' title='bbox 1414 2500 1530 2558; x_wconf 85' lang='lat' dir='ltr'><strong><em>MA</em></strong></span> <span class='ocrx_word' id='word_1_133' title='bbox 1544 2498 1892 2560; x_wconf 71' lang='grc' dir='ltr'><em>ΤΤΗΑΞΠΜ</em></span> <span class='ocrx_word' id='word_1_134' title='bbox 1908 2502 2142 2569; x_wconf 81' lang='lat' dir='ltr'><strong><em>ENAR-</em></strong></span> 
     </span>
    </p>
   </div>
   <div class='ocr_carea' id='block_1_23' title="bbox 562 2590 2141 2663">
    <p class='ocr_par' dir='ltr' id='par_1_23' title="bbox 562 2590 2141 2663">
     <span class='ocr_line' id='line_1_23' title="bbox 562 2590 2141 2663; baseline -0.002 -14"><span class='ocrx_word' id='word_1_135' title='bbox 562 2592 806 2649; x_wconf 81' lang='lat' dir='ltr'><strong><em>RATIO</em></strong></span> <span class='ocrx_word' id='word_1_136' title='bbox 854 2592 1161 2663; x_wconf 77' lang='lat' dir='ltr'><strong><em>diligenter</em></strong></span> <span class='ocrx_word' id='word_1_137' title='bbox 1229 2591 1293 2647; x_wconf 90' lang='lat' dir='ltr'><strong><em>ab</em></strong></span> <span class='ocrx_word' id='word_1_138' title='bbox 1373 2590 1684 2661; x_wconf 84' lang='lat' dir='ltr'><strong><em>Euthymio</em></strong></span> <span class='ocrx_word' id='word_1_139' title='bbox 1741 2591 1974 2659; x_wconf 83' lang='lat' dir='ltr'><strong><em>collecta</em></strong></span> <span class='ocrx_word' id='word_1_140' title='bbox 2038 2607 2141 2662; x_wconf 72' lang='lat' dir='ltr'><strong><em>qui</em></strong></span> 
     </span>
    </p>
   </div>
   <div class='ocr_carea' id='block_1_24' title="bbox 564 2680 2142 2752">
    <p class='ocr_par' dir='ltr' id='par_1_24' title="bbox 564 2680 2142 2752">
     <span class='ocr_line' id='line_1_24' title="bbox 564 2680 2142 2752; baseline -0.001 -14"><span class='ocrx_word' id='word_1_141' title='bbox 564 2681 811 2738; x_wconf 70' lang='lat' dir='ltr'><strong><em>maxime</em></strong></span> <span class='ocrx_word' id='word_1_142' title='bbox 862 2681 1097 2752; x_wconf 87' lang='lat' dir='ltr'><strong><em>quidem</em></strong></span> <span class='ocrx_word' id='word_1_143' title='bbox 1146 2695 1216 2737; x_wconf 76' lang='lat' dir='ltr'><strong><em>ea:</em></strong></span> <span class='ocrx_word' id='word_1_144' title='bbox 1267 2680 1755 2747; x_wconf 81' lang='lat' dir='ltr'><strong><em>interpretatione</em></strong></span> <span class='ocrx_word' id='word_1_145' title='bbox 1805 2680 1998 2736; x_wconf 86' lang='lat' dir='ltr'><strong><em>sancti</em></strong></span> <span class='ocrx_word' id='word_1_146' title='bbox 2034 2680 2142 2736; x_wconf 91' lang='lat' dir='ltr'><strong><em>Pa-</em></strong></span> 
     </span>
    </p>
   </div>
   <div class='ocr_carea' id='block_1_25' title="bbox 565 2767 2142 2838">
    <p class='ocr_par' dir='ltr' id='par_1_25' title="bbox 565 2767 2142 2838">
     <span class='ocr_line' id='line_1_25' title="bbox 565 2767 2142 2838; baseline 0 -13"><span class='ocrx_word' id='word_1_147' title='bbox 565 2769 672 2825; x_wconf 83' lang='lat' dir='ltr'><strong><em>tris</em></strong></span> <span class='ocrx_word' id='word_1_148' title='bbox 711 2769 903 2824; x_wconf 87' lang='lat' dir='ltr'><strong><em>nostri</em></strong></span> <span class='ocrx_word' id='word_1_149' title='bbox 951 2770 1199 2824; x_wconf 82' lang='lat' dir='ltr'><strong><em>Joannis</em></strong></span> <span class='ocrx_word' id='word_1_150' title='bbox 1240 2767 1653 2837; x_wconf 83' lang='lat' dir='ltr'><strong><em>Chrysostomi,</em></strong></span> <span class='ocrx_word' id='word_1_151' title='bbox 1705 2774 1992 2838; x_wconf 61' lang='lat' dir='ltr'><strong><em>prieterea</em></strong></span> <span class='ocrx_word' id='word_1_152' title='bbox 2031 2773 2085 2825; x_wconf 89' lang='lat' dir='ltr'><strong><em>et</em></strong></span> <span class='ocrx_word' id='word_1_153' title='bbox 2112 2784 2142 2825; x_wconf 87' lang='lat' dir='ltr'><strong><em>e</em></strong></span> 
     </span>
    </p>
   </div>
   <div class='ocr_carea' id='block_1_26' title="bbox 564 2854 2139 2926">
    <p class='ocr_par' dir='ltr' id='par_1_26' title="bbox 564 2854 2139 2926">
     <span class='ocr_line' id='line_1_26' title="bbox 564 2854 2139 2926; baseline -0.001 -12"><span class='ocrx_word' id='word_1_154' title='bbox 564 2857 812 2914; x_wconf 84' lang='lat' dir='ltr'><strong><em>diversis</em></strong></span> <span class='ocrx_word' id='word_1_155' title='bbox 842 2855 976 2913; x_wconf 84' lang='lat' dir='ltr'><strong><em>aliis</em></strong></span> <span class='ocrx_word' id='word_1_156' title='bbox 1022 2854 1292 2911; x_wconf 86' lang='lat' dir='ltr'><strong><em>Patribus</em></strong></span> <span class='ocrx_word' id='word_1_157' title='bbox 1345 2855 1612 2926; x_wconf 67' lang='lat' dir='ltr'><strong><em>quaedam</em></strong></span> <span class='ocrx_word' id='word_1_158' title='bbox 1666 2856 1724 2911; x_wconf 88' lang='lat' dir='ltr'><strong><em>in</em></strong></span> <span class='ocrx_word' id='word_1_159' title='bbox 1770 2855 2014 2912; x_wconf 76' lang='lat' dir='ltr'><strong><em>medium</em></strong></span> <span class='ocrx_word' id='word_1_160' title='bbox 2052 2863 2139 2914; x_wconf 89' lang='lat' dir='ltr'><strong><em>at-</em></strong></span> 
     </span>
    </p>
   </div>
   <div class='ocr_carea' id='block_1_27' title="bbox 2476 545 3280 623">
    <p class='ocr_par' dir='ltr' id='par_1_27' title="bbox 2476 545 3280 623">
     <span class='ocr_line' id='line_1_27' title="bbox 2476 545 3280 623; baseline 0.005 -22"><span class='ocrx_word' id='word_1_161' title='bbox 2476 556 2582 621; x_wconf 87' lang='grc' dir='ltr'><strong><em>Μρ.</em></strong></span> <span class='ocrx_word' id='word_1_162' title='bbox 2615 545 2861 621; x_wconf 83' lang='grc' dir='ltr'>μδ’.Λου.</span> <span class='ocrx_word' id='word_1_163' title='bbox 2894 549 3001 606; x_wconf 51' lang='grc' dir='ltr'><strong><em>καλ</em></strong></span> <span class='ocrx_word' id='word_1_164' title='bbox 3044 550 3145 608; x_wconf 79' lang='grc' dir='ltr'><strong><em>Ἰω.</em></strong></span> <span class='ocrx_word' id='word_1_165' title='bbox 3189 550 3280 623; x_wconf 82' lang='grc' dir='ltr'><strong><em>ιβ’.</em></strong></span> 
     </span>
    </p>
   </div>
   <div class='ocr_carea' id='block_1_28' title="bbox 2264 636 3908 719">
    <p class='ocr_par' dir='ltr' id='par_1_28' title="bbox 2264 636 3908 719">
     <span class='ocr_line' id='line_1_28' title="bbox 2264 636 3908 719; baseline -0.001 -26"><span class='ocrx_word' id='word_1_166' title='bbox 2264 636 2358 710; x_wconf 78' lang='grc' dir='ltr'>ξγ’.</span> <span class='ocrx_word' id='word_1_167' title='bbox 2401 643 2526 712; x_wconf 79' lang='grc' dir='ltr'>Περὶ</span> <span class='ocrx_word' id='word_1_168' title='bbox 2561 646 2656 699; x_wconf 84' lang='grc' dir='ltr'>τῆς</span> <span class='ocrx_word' id='word_1_169' title='bbox 2688 638 2990 712; x_wconf 84' lang='grc' dir='ltr'>ἐτοιμασίας</span> <span class='ocrx_word' id='word_1_170' title='bbox 3027 647 3118 693; x_wconf 82' lang='grc' dir='ltr'>τοῦ</span> <span class='ocrx_word' id='word_1_171' title='bbox 3153 641 3371 712; x_wconf 76' lang='grc' dir='ltr'>Πάσχα.</span> <span class='ocrx_word' id='word_1_172' title='bbox 3423 641 3615 712; x_wconf 75' lang='lat' dir='ltr'><strong>(XXVI,</strong></span> <span class='ocrx_word' id='word_1_173' title='bbox 3650 642 3764 717; x_wconf 82' lang='grc'><strong>17).</strong></span> <span class='ocrx_word' id='word_1_174' title='bbox 3798 650 3908 719; x_wconf 63' lang='lat' dir='ltr'><strong><em>MP.</em></strong></span> 
     </span>
    </p>
   </div>
   <div class='ocr_carea' id='block_1_29' title="bbox 2518 726 2846 783">
    <p class='ocr_par' dir='ltr' id='par_1_29' title="bbox 2518 726 2846 783">
     <span class='ocr_line' id='line_1_29' title="bbox 2518 726 2846 783; baseline 0 -4"><span class='ocrx_word' id='word_1_175' title='bbox 2518 746 2538 779; x_wconf 88' lang='grc' dir='ltr'><strong><em>ε</em></strong></span> <span class='ocrx_word' id='word_1_176' title='bbox 2557 766 2568 777; x_wconf 93' lang='grc'><strong>.</strong></span> <span class='ocrx_word' id='word_1_177' title='bbox 2604 733 2733 783; x_wconf 82' lang='grc' dir='ltr'>Λου.</span> <span class='ocrx_word' id='word_1_178' title='bbox 2759 726 2846 783; x_wconf 70' lang='grc' dir='ltr'><strong><em>οξ.</em></strong></span> 
     </span>
    </p>
   </div>
   <div class='ocr_carea' id='block_1_30' title="bbox 2263 749 3912 895">
    <p class='ocr_par' dir='ltr' id='par_1_30' title="bbox 2263 749 3912 895">
     <span class='ocr_line' id='line_1_30' title="bbox 2518 749 2846 783; baseline 0 -4"><span class='ocrx_word' id='word_1_179' title='bbox 2518 749 2568 779; x_wconf 79' lang='grc' dir='ltr'>ε.</span> <span class='ocrx_word' id='word_1_180' title='bbox 2604 749 2733 783; x_wconf 79' lang='grc' dir='ltr'>Λου.</span> <span class='ocrx_word' id='word_1_181' title='bbox 2759 749 2785 780; x_wconf 93' lang='grc' dir='ltr'>ο</span> <span class='ocrx_word' id='word_1_182' title='bbox 2833 767 2846 779; x_wconf 71' lang='grc' dir='ltr'><strong><em>ι</em></strong></span> 
     </span>
     <span class='ocr_line' id='line_1_31' title="bbox 2263 749 3912 895; baseline 0.007 -28"><span class='ocrx_word' id='word_1_183' title='bbox 2263 812 2364 893; x_wconf 75' lang='grc' dir='ltr'><strong><em>ξδ’.</em></strong></span> <span class='ocrx_word' id='word_1_184' title='bbox 2405 749 2529 891; x_wconf 69' lang='grc' dir='ltr'><strong><em>Πεζὶ</em></strong></span> <span class='ocrx_word' id='word_1_185' title='bbox 2564 820 2775 871; x_wconf 78' lang='grc' dir='ltr'>Δείπνου</span> <span class='ocrx_word' id='word_1_186' title='bbox 2794 749 3092 891; x_wconf 76' lang='grc' dir='ltr'><strong><em>ςμυστικοῦ.</em></strong></span> <span class='ocrx_word' id='word_1_187' title='bbox 3121 819 3325 893; x_wconf 87' lang='lat' dir='ltr'><strong>(XXVI,</strong></span> <span class='ocrx_word' id='word_1_188' title='bbox 3355 819 3468 893; x_wconf 85' lang='lat'><strong><em>26).</em></strong></span> <span class='ocrx_word' id='word_1_189' title='bbox 3506 828 3611 895; x_wconf 86' lang='grc' dir='ltr'><strong><em>Μρ.</em></strong></span> <span class='ocrx_word' id='word_1_190' title='bbox 3642 820 3741 895; x_wconf 63' lang='grc' dir='ltr'>[ις’.</span> <span class='ocrx_word' id='word_1_191' title='bbox 3775 828 3912 878; x_wconf 89' lang='grc' dir='ltr'>Λου.</span> 
     </span>
    </p>
   </div>
   <div class='ocr_carea' id='block_1_31' title="bbox 2475 926 2561 962">
    <p class='ocr_par' dir='ltr' id='par_1_31' title="bbox 2475 926 2561 962">
     <span class='ocr_line' id='line_1_32' title="bbox 2475 926 2561 962; baseline 0.035 -2"><span class='ocrx_word' id='word_1_192' title='bbox 2475 926 2561 962; x_wconf 87' lang='grc' dir='ltr'><strong><em>ος.</em></strong></span> 
     </span>
    </p>
   </div>
   <div class='ocr_carea' id='block_1_32' title="bbox 2262 928 3912 1077">
    <p class='ocr_par' dir='ltr' id='par_1_32' title="bbox 2262 928 3912 1077">
     <span class='ocr_line' id='line_1_33' title="bbox 2475 928 2561 962; baseline 0.035 -3"><span class='ocrx_word' id='word_1_193' title='bbox 2475 928 2501 959; x_wconf 91' lang='grc' dir='ltr'><strong><em>ο</em></strong></span> <span class='ocrx_word' id='word_1_194' title='bbox 2549 949 2561 962; x_wconf 76' lang='grc' dir='ltr'><strong>ο</strong></span> 
     </span>
     <span class='ocr_line' id='line_1_34' title="bbox 2262 928 3912 1077; baseline 0.005 -25"><span class='ocrx_word' id='word_1_195' title='bbox 2262 994 2343 1076; x_wconf 35' lang='lat' dir='ltr'><strong><em>Et}</em></strong></span> <span class='ocrx_word' id='word_1_196' title='bbox 2386 928 2528 1069; x_wconf 83' lang='grc' dir='ltr'><strong><em>Περὶς</em></strong></span> <span class='ocrx_word' id='word_1_197' title='bbox 2549 1004 2645 1060; x_wconf 81' lang='grc' dir='ltr'>τῆς</span> <span class='ocrx_word' id='word_1_198' title='bbox 2677 993 3018 1072; x_wconf 76' lang='grc' dir='ltr'><strong><em>παραδόσεως</em></strong></span> <span class='ocrx_word' id='word_1_199' title='bbox 3047 1005 3139 1052; x_wconf 86' lang='grc' dir='ltr'>τοῦ</span> <span class='ocrx_word' id='word_1_200' title='bbox 3177 997 3372 1057; x_wconf 84' lang='grc' dir='ltr'><strong><em>Ἰησοῦ.</em></strong></span> <span class='ocrx_word' id='word_1_201' title='bbox 3418 1000 3620 1073; x_wconf 85' lang='lat' dir='ltr'><strong>(XXVI,</strong></span> <span class='ocrx_word' id='word_1_202' title='bbox 3652 1001 3765 1075; x_wconf 80' lang='grc'><strong>46).</strong></span> <span class='ocrx_word' id='word_1_203' title='bbox 3796 1009 3912 1077; x_wconf 80' lang='grc' dir='ltr'>Μρ.</span> 
     </span>
    </p>
   </div>
   <div class='ocr_carea' id='block_1_33' title="bbox 2258 1108 3902 1255">
    <p class='ocr_par' dir='ltr' id='par_1_33' title="bbox 2258 1108 3902 1255">
     <span class='ocr_line' id='line_1_35' title="bbox 2258 1108 3902 1255; baseline 0.005 -24"><span class='ocrx_word' id='word_1_204' title='bbox 2258 1171 2350 1237; x_wconf 54' lang='lat' dir='ltr'><strong><em>Ec’.</em></strong></span> <span class='ocrx_word' id='word_1_205' title='bbox 2398 1108 2649 1250; x_wconf 54' lang='grc' dir='ltr'>Περξιῗι-ῆς</span> <span class='ocrx_word' id='word_1_206' title='bbox 2680 1175 2943 1251; x_wconf 75' lang='grc' dir='ltr'><strong><em>ἀρνήσεως</em></strong></span> <span class='ocrx_word' id='word_1_207' title='bbox 2982 1184 3074 1230; x_wconf 83' lang='grc' dir='ltr'>τοῦ</span> <span class='ocrx_word' id='word_1_208' title='bbox 3114 1182 3335 1254; x_wconf 78' lang='grc' dir='ltr'>Πέτρου.</span> <span class='ocrx_word' id='word_1_209' title='bbox 3374 1179 3580 1252; x_wconf 84' lang='lat' dir='ltr'><strong>(XXVI,</strong></span> <span class='ocrx_word' id='word_1_210' title='bbox 3610 1181 3728 1251; x_wconf 82' lang='lat'><strong><em>69).</em></strong></span> <span class='ocrx_word' id='word_1_211' title='bbox 3785 1187 3902 1255; x_wconf 81' lang='grc' dir='ltr'>Μρ.</span> 
     </span>
    </p>
   </div>
   <div class='ocr_carea' id='block_1_34' title="bbox 2257 1268 3597 1430">
    <p class='ocr_par' dir='ltr' id='par_1_34' title="bbox 2257 1268 3597 1430">
     <span class='ocr_line' id='line_1_36' title="bbox 2466 1268 2851 1338; baseline 0 -17"><span class='ocrx_word' id='word_1_212' title='bbox 2466 1268 2575 1338; x_wconf 57' lang='grc' dir='ltr'><strong><em>μζᾌ</em></strong></span> <span class='ocrx_word' id='word_1_213' title='bbox 2599 1272 2728 1321; x_wconf 87' lang='grc' dir='ltr'>Λου.</span> <span class='ocrx_word' id='word_1_214' title='bbox 2756 1268 2851 1324; x_wconf 84' lang='grc' dir='ltr'><strong><em>οη’.</em></strong></span> 
     </span>
     <span class='ocr_line' id='line_1_37' title="bbox 2257 1351 3597 1430; baseline 0.004 -23"><span class='ocrx_word' id='word_1_215' title='bbox 2257 1351 2353 1429; x_wconf 72' lang='grc' dir='ltr'><strong><em>ξζ.</em></strong></span> <span class='ocrx_word' id='word_1_216' title='bbox 2393 1358 2519 1429; x_wconf 76' lang='grc' dir='ltr'>Περὶ</span> <span class='ocrx_word' id='word_1_217' title='bbox 2553 1363 2643 1416; x_wconf 85' lang='grc' dir='ltr'>τῆς</span> <span class='ocrx_word' id='word_1_218' title='bbox 2664 1352 2842 1409; x_wconf 79' lang='grc' dir='ltr'>Ἰούδα</span> <span class='ocrx_word' id='word_1_219' title='bbox 2864 1355 3218 1429; x_wconf 84' lang='grc' dir='ltr'>μεταμελείας.</span> <span class='ocrx_word' id='word_1_220' title='bbox 3250 1356 3487 1429; x_wconf 84' lang='lat' dir='ltr'><strong>(XXVII,</strong></span> <span class='ocrx_word' id='word_1_221' title='bbox 3520 1357 3597 1430; x_wconf 88' lang='lat'><strong><em>3).</em></strong></span> 
     </span>
    </p>
   </div>
   <div class='ocr_carea' id='block_1_35' title="bbox 2258 1440 3911 1519">
    <p class='ocr_par' dir='ltr' id='par_1_35' title="bbox 2258 1440 3911 1519">
     <span class='ocr_line' id='line_1_38' title="bbox 2258 1440 3911 1519; baseline 0.005 -24"><span class='ocrx_word' id='word_1_222' title='bbox 2258 1440 2359 1504; x_wconf 71' lang='lat' dir='ltr'><strong><em>En&#39;.</em></strong></span> <span class='ocrx_word' id='word_1_223' title='bbox 2408 1448 2533 1518; x_wconf 83' lang='grc' dir='ltr'>Περὶ</span> <span class='ocrx_word' id='word_1_224' title='bbox 2556 1452 2646 1505; x_wconf 79' lang='grc' dir='ltr'>τῆς</span> <span class='ocrx_word' id='word_1_225' title='bbox 2659 1445 2909 1507; x_wconf 82' lang='grc' dir='ltr'>αἰτήσεως</span> <span class='ocrx_word' id='word_1_226' title='bbox 2930 1446 3022 1499; x_wconf 81' lang='grc' dir='ltr'>τοῦ</span> <span class='ocrx_word' id='word_1_227' title='bbox 3046 1451 3286 1519; x_wconf 84' lang='grc' dir='ltr'>σώματος</span> <span class='ocrx_word' id='word_1_228' title='bbox 3306 1454 3397 1499; x_wconf 84' lang='grc' dir='ltr'>τοῦ</span> <span class='ocrx_word' id='word_1_229' title='bbox 3419 1448 3619 1506; x_wconf 81' lang='grc' dir='ltr'>Ἰησοῦ.</span> <span class='ocrx_word' id='word_1_230' title='bbox 3654 1446 3911 1519; x_wconf 87' lang='lat' dir='ltr'><strong>(XXVII,</strong></span> 
     </span>
    </p>
   </div>
   <div class='ocr_carea' id='block_1_36' title="bbox 2470 1533 3503 1609">
    <p class='ocr_par' dir='ltr' id='par_1_36' title="bbox 2470 1533 3503 1609">
     <span class='ocr_line' id='line_1_39' title="bbox 2470 1533 3503 1609; baseline 0.005 -23"><span class='ocrx_word' id='word_1_231' title='bbox 2470 1533 2589 1605; x_wconf 88' lang='lat'><strong>57).</strong></span> <span class='ocrx_word' id='word_1_232' title='bbox 2635 1541 2744 1608; x_wconf 87' lang='grc' dir='ltr'>Μρ.</span> <span class='ocrx_word' id='word_1_233' title='bbox 2778 1534 2889 1607; x_wconf 83' lang='grc' dir='ltr'><strong><em>μη’,</em></strong></span> <span class='ocrx_word' id='word_1_234' title='bbox 2930 1541 3067 1592; x_wconf 89' lang='grc' dir='ltr'>Λου.</span> <span class='ocrx_word' id='word_1_235' title='bbox 3105 1533 3228 1609; x_wconf 83' lang='grc' dir='ltr'>πβ¹,</span> <span class='ocrx_word' id='word_1_236' title='bbox 3276 1534 3378 1590; x_wconf 86' lang='grc' dir='ltr'><strong><em>Ἰω.</em></strong></span> <span class='ocrx_word' id='word_1_237' title='bbox 3414 1536 3503 1595; x_wconf 76' lang='grc' dir='ltr'><strong><em>ιη’.</em></strong></span> 
     </span>
    </p>
   </div>
   <div class='ocr_carea' id='block_1_37' title="bbox 2259 1713 3636 1789">
    <p class='ocr_par' dir='ltr' id='par_1_37' title="bbox 2259 1713 3636 1789">
     <span class='ocr_line' id='line_1_40' title="bbox 2259 1713 3636 1789; baseline 0.004 -19"><span class='ocrx_word' id='word_1_238' title='bbox 2259 1716 2346 1770; x_wconf 81' lang='lat'><strong><em>62.</em></strong></span> <span class='ocrx_word' id='word_1_239' title='bbox 2388 1713 2471 1770; x_wconf 93' lang='lat' dir='ltr'><strong><em>De</em></strong></span> <span class='ocrx_word' id='word_1_240' title='bbox 2498 1728 2567 1772; x_wconf 90' lang='lat' dir='ltr'><strong><em>ea</em></strong></span> <span class='ocrx_word' id='word_1_241' title='bbox 2590 1730 2721 1788; x_wconf 69' lang='lat' dir='ltr'><strong><em>quae</em></strong></span> <span class='ocrx_word' id='word_1_242' title='bbox 2757 1716 2936 1773; x_wconf 67' lang='lat' dir='ltr'><strong><em>unxit</em></strong></span> <span class='ocrx_word' id='word_1_243' title='bbox 2975 1717 3281 1773; x_wconf 89' lang='lat' dir='ltr'><strong><em>Dominum</em></strong></span> <span class='ocrx_word' id='word_1_244' title='bbox 3319 1725 3636 1789; x_wconf 86' lang='lat' dir='ltr'><strong><em>unguento.</em></strong></span> 
     </span>
    </p>
   </div>
   <div class='ocr_carea' id='block_1_38' title="bbox 2185 1804 3653 1876">
    <p class='ocr_par' dir='ltr' id='par_1_38' title="bbox 2185 1804 3653 1876">
     <span class='ocr_line' id='line_1_41' title="bbox 2185 1804 3653 1876; baseline 0.004 -18"><span class='ocrx_word' id='word_1_245' title='bbox 2185 1810 2231 1866; x_wconf 87' lang='grc' dir='ltr'>Β</span> <span class='ocrx_word' id='word_1_246' title='bbox 2259 1805 2351 1860; x_wconf 80' lang='lat'><strong><em>63.</em></strong></span> <span class='ocrx_word' id='word_1_247' title='bbox 2399 1804 2801 1875; x_wconf 79' lang='lat' dir='ltr'><strong><em>Interrogatio</em></strong></span> <span class='ocrx_word' id='word_1_248' title='bbox 2830 1804 2898 1861; x_wconf 88' lang='lat' dir='ltr'><strong><em>de</em></strong></span> <span class='ocrx_word' id='word_1_249' title='bbox 2922 1807 3356 1876; x_wconf 56' lang='lat' dir='ltr'><strong><em>praeparatione</em></strong></span> <span class='ocrx_word' id='word_1_250' title='bbox 3385 1808 3653 1865; x_wconf 74' lang='lat' dir='ltr'><strong><em>Paschae.</em></strong></span> 
     </span>
    </p>
   </div>
   <div class='ocr_carea' id='block_1_39' title="bbox 2261 1894 2981 1966">
    <p class='ocr_par' dir='ltr' id='par_1_39' title="bbox 2261 1894 2981 1966">
     <span class='ocr_line' id='line_1_42' title="bbox 2261 1894 2981 1966; baseline -0.003 -16"><span class='ocrx_word' id='word_1_251' title='bbox 2261 1896 2353 1950; x_wconf 74' lang='grc'><strong>64.</strong></span> <span class='ocrx_word' id='word_1_252' title='bbox 2399 1894 2481 1948; x_wconf 90' lang='lat' dir='ltr'><strong><em>De</em></strong></span> <span class='ocrx_word' id='word_1_253' title='bbox 2512 1894 2689 1950; x_wconf 87' lang='lat' dir='ltr'><strong><em>Coena</em></strong></span> <span class='ocrx_word' id='word_1_254' title='bbox 2714 1896 2981 1966; x_wconf 80' lang='lat' dir='ltr'><strong><em>mystica.</em></strong></span> 
     </span>
    </p>
   </div>
   <div class='ocr_carea' id='block_1_40' title="bbox 2260 1982 3024 2039">
    <p class='ocr_par' dir='ltr' id='par_1_40' title="bbox 2260 1982 3024 2039">
     <span class='ocr_line' id='line_1_43' title="bbox 2260 1982 3024 2039; baseline -0.003 0"><span class='ocrx_word' id='word_1_255' title='bbox 2260 1983 2352 2039; x_wconf 80' lang='lat'><strong><em>65.</em></strong></span> <span class='ocrx_word' id='word_1_256' title='bbox 2399 1983 2488 2039; x_wconf 89' lang='lat' dir='ltr'><strong><em>De</em></strong></span> <span class='ocrx_word' id='word_1_257' title='bbox 2516 1982 2843 2039; x_wconf 81' lang='lat' dir='ltr'><strong><em>traditione</em></strong></span> <span class='ocrx_word' id='word_1_258' title='bbox 2869 1985 3024 2039; x_wconf 87' lang='lat' dir='ltr'><strong><em>Jesu.</em></strong></span> 
     </span>
    </p>
   </div>
   <div class='ocr_carea' id='block_1_41' title="bbox 2259 2072 3013 2141">
    <p class='ocr_par' dir='ltr' id='par_1_41' title="bbox 2259 2072 3013 2141">
     <span class='ocr_line' id='line_1_44' title="bbox 2259 2072 3013 2141; baseline 0 -13"><span class='ocrx_word' id='word_1_259' title='bbox 2259 2074 2346 2128; x_wconf 86' lang='lat'><em>66.</em></span> <span class='ocrx_word' id='word_1_260' title='bbox 2384 2072 2472 2128; x_wconf 89' lang='lat' dir='ltr'><strong><em>De</em></strong></span> <span class='ocrx_word' id='word_1_261' title='bbox 2494 2073 2793 2141; x_wconf 80' lang='lat' dir='ltr'><strong><em>negatione</em></strong></span> <span class='ocrx_word' id='word_1_262' title='bbox 2823 2072 3013 2129; x_wconf 86' lang='lat' dir='ltr'><strong><em>Petri.</em></strong></span> 
     </span>
    </p>
   </div>
   <div class='ocr_carea' id='block_1_42' title="bbox 2255 2150 3067 2230">
    <p class='ocr_par' dir='ltr' id='par_1_42' title="bbox 2255 2150 3067 2230">
     <span class='ocr_line' id='line_1_45' title="bbox 2255 2150 3067 2230; baseline 0.005 -15"><span class='ocrx_word' id='word_1_263' title='bbox 2255 2161 2324 2215; x_wconf 86' lang='grc'><strong>67</strong></span> <span class='ocrx_word' id='word_1_264' title='bbox 2339 2170 2361 2218; x_wconf 93' lang='grc'><strong>.·</strong></span> <span class='ocrx_word' id='word_1_265' title='bbox 2400 2162 2481 2217; x_wconf 93' lang='lat' dir='ltr'><strong><em>De</em></strong></span> <span class='ocrx_word' id='word_1_266' title='bbox 2512 2159 2681 2218; x_wconf 71' lang='lat' dir='ltr'><strong><em>Iudae</em></strong></span> <span class='ocrx_word' id='word_1_267' title='bbox 2713 2150 3067 2230; x_wconf 73' lang='lat' dir='ltr'><strong><em>pwnitentia.</em></strong></span> 
     </span>
    </p>
   </div>
   <div class='ocr_carea' id='block_1_43' title="bbox 2258 2248 3332 2321">
    <p class='ocr_par' dir='ltr' id='par_1_43' title="bbox 2258 2248 3332 2321">
     <span class='ocr_line' id='line_1_46' title="bbox 2258 2248 3332 2321; baseline 0 -16"><span class='ocrx_word' id='word_1_268' title='bbox 2258 2248 2353 2307; x_wconf 85' lang='lat'><strong><em>68.</em></strong></span> <span class='ocrx_word' id='word_1_269' title='bbox 2395 2248 2477 2305; x_wconf 89' lang='lat' dir='ltr'><strong><em>De</em></strong></span> <span class='ocrx_word' id='word_1_270' title='bbox 2500 2249 2772 2321; x_wconf 84' lang='lat' dir='ltr'><strong><em>petitione</em></strong></span> <span class='ocrx_word' id='word_1_271' title='bbox 2797 2251 3059 2321; x_wconf 83' lang='lat' dir='ltr'><strong><em>corporis</em></strong></span> <span class='ocrx_word' id='word_1_272' title='bbox 3080 2251 3332 2307; x_wconf 85' lang='lat' dir='ltr'><strong><em>Domini.</em></strong></span> 
     </span>
    </p>
   </div>
   <div class='ocr_carea' id='block_1_44' title="bbox 2254 2504 3899 2574">
    <p class='ocr_par' dir='ltr' id='par_1_44' title="bbox 2254 2504 3899 2574">
     <span class='ocr_line' id='line_1_47' title="bbox 2254 2504 3899 2574; baseline 0.001 -19"><span class='ocrx_word' id='word_1_273' title='bbox 2254 2505 2591 2555; x_wconf 82' lang='lat' dir='ltr'><strong><em>EPMHNEIA</em></strong></span> <span class='ocrx_word' id='word_1_274' title='bbox 2648 2508 2780 2555; x_wconf 84' lang='grc' dir='ltr'>ΤΟΥ</span> <span class='ocrx_word' id='word_1_275' title='bbox 2837 2505 3016 2556; x_wconf 75' lang='grc' dir='ltr'><strong><em>ΚΑΤΑ</em></strong></span> <span class='ocrx_word' id='word_1_276' title='bbox 3063 2504 3422 2556; x_wconf 82' lang='grc' dir='ltr'><strong><em>ΜΑΤΘΑΙΟΝ</em></strong></span> <span class='ocrx_word' id='word_1_277' title='bbox 3461 2506 3899 2574; x_wconf 79' lang='grc' dir='ltr'><strong><em>ΕΥΔΓΓΕΛΙΟΥ,</em></strong></span> 
     </span>
    </p>
   </div>
   <div class='ocr_carea' id='block_1_45' title="bbox 2323 2590 3903 2665">
    <p class='ocr_par' dir='ltr' id='par_1_45' title="bbox 2323 2590 3903 2665">
     <span class='ocr_line' id='line_1_48' title="bbox 2323 2590 3903 2665; baseline 0.001 -23"><span class='ocrx_word' id='word_1_278' title='bbox 2323 2591 2423 2643; x_wconf 76' lang='grc' dir='ltr'><strong><em>ὑπὸ</em></strong></span> <span class='ocrx_word' id='word_1_279' title='bbox 2478 2591 2742 2662; x_wconf 79' lang='grc' dir='ltr'>Εὐθυμίου</span> <span class='ocrx_word' id='word_1_280' title='bbox 2791 2590 3075 2663; x_wconf 81' lang='grc' dir='ltr'><strong><em>φιλοπόνως</em></strong></span> <span class='ocrx_word' id='word_1_281' title='bbox 3121 2590 3474 2665; x_wconf 75' lang='grc' dir='ltr'>ἓρανισθεῖσα,</span> <span class='ocrx_word' id='word_1_282' title='bbox 3527 2591 3757 2663; x_wconf 84' lang='grc' dir='ltr'>μάλιστα</span> <span class='ocrx_word' id='word_1_283' title='bbox 3812 2595 3903 2664; x_wconf 71' lang='grc' dir='ltr'>μὲν</span> 
     </span>
    </p>
   </div>
   <div class='ocr_carea' id='block_1_46' title="bbox 2292 2677 3902 2752">
    <p class='ocr_par' dir='ltr' id='par_1_46' title="bbox 2292 2677 3902 2752">
     <span class='ocr_line' id='line_1_49' title="bbox 2292 2677 3902 2752; baseline -0.001 -20"><span class='ocrx_word' id='word_1_284' title='bbox 2292 2677 2427 2732; x_wconf 67' lang='grc' dir='ltr'><strong><em>Δδιειτό</em></strong></span> <span class='ocrx_word' id='word_1_285' title='bbox 2455 2688 2550 2741; x_wconf 83' lang='grc' dir='ltr'>τῆς</span> <span class='ocrx_word' id='word_1_286' title='bbox 2580 2679 2876 2752; x_wconf 70' lang='grc' dir='ltr'><strong><em>ἐξηγήσεως</em></strong></span> <span class='ocrx_word' id='word_1_287' title='bbox 2910 2686 3002 2732; x_wconf 81' lang='grc' dir='ltr'>τοῦ</span> <span class='ocrx_word' id='word_1_288' title='bbox 3041 2681 3093 2731; x_wconf 70' lang='grc' dir='ltr'>ἓν</span> <span class='ocrx_word' id='word_1_289' title='bbox 3123 2679 3293 2751; x_wconf 85' lang='grc' dir='ltr'>ἁγίοις</span> <span class='ocrx_word' id='word_1_290' title='bbox 3317 2683 3522 2752; x_wconf 84' lang='grc' dir='ltr'>Πατρός</span> <span class='ocrx_word' id='word_1_291' title='bbox 3552 2681 3700 2752; x_wconf 72' lang='grc' dir='ltr'>ἡμῶν</span> <span class='ocrx_word' id='word_1_292' title='bbox 3727 2679 3902 2733; x_wconf 75' lang='grc' dir='ltr'>Ἰωάν-</span> 
     </span>
    </p>
   </div>
   <div class='ocr_carea' id='block_1_47' title="bbox 2318 2773 3900 2851">
    <p class='ocr_par' dir='ltr' id='par_1_47' title="bbox 2318 2773 3900 2851">
     <span class='ocr_line' id='line_1_50' title="bbox 2318 2773 3900 2851; baseline -0.001 -21"><span class='ocrx_word' id='word_1_293' title='bbox 2318 2798 2406 2830; x_wconf 87' lang='grc' dir='ltr'><strong><em>νου</em></strong></span> <span class='ocrx_word' id='word_1_294' title='bbox 2445 2785 2536 2830; x_wconf 83' lang='grc' dir='ltr'>τοῦ</span> <span class='ocrx_word' id='word_1_295' title='bbox 2562 2782 2962 2851; x_wconf 82' lang='grc' dir='ltr'>Χρυσοστόμου,</span> <span class='ocrx_word' id='word_1_296' title='bbox 2994 2779 3068 2830; x_wconf 79' lang='grc' dir='ltr'>ἔτι</span> <span class='ocrx_word' id='word_1_297' title='bbox 3100 2774 3159 2830; x_wconf 73' lang='grc' dir='ltr'><strong><em>δε</em></strong></span> <span class='ocrx_word' id='word_1_298' title='bbox 3187 2782 3276 2829; x_wconf 80' lang='grc' dir='ltr'>καὶ</span> <span class='ocrx_word' id='word_1_299' title='bbox 3302 2777 3403 2829; x_wconf 82' lang='grc' dir='ltr'><strong><em>ἀπὸ</em></strong></span> <span class='ocrx_word' id='word_1_300' title='bbox 3445 2773 3707 2851; x_wconf 75' lang='grc' dir='ltr'>διαφόρων</span> <span class='ocrx_word' id='word_1_301' title='bbox 3737 2776 3900 2830; x_wconf 71' lang='grc' dir='ltr'>ἄλλων</span> 
     </span>
    </p>
   </div>
   <div class='ocr_carea' id='block_1_48' title="bbox 2320 2874 3900 2951">
    <p class='ocr_par' dir='ltr' id='par_1_48' title="bbox 2320 2874 3900 2951">
     <span class='ocr_line' id='line_1_51' title="bbox 2320 2874 3900 2951; baseline -0.001 -22"><span class='ocrx_word' id='word_1_302' title='bbox 2320 2881 2579 2951; x_wconf 79' lang='grc' dir='ltr'>Ηατέρων,</span> <span class='ocrx_word' id='word_1_303' title='bbox 2624 2878 3088 2947; x_wconf 84' lang='grc' dir='ltr'>συνεισενεγκόντος</span> <span class='ocrx_word' id='word_1_304' title='bbox 3137 2877 3255 2927; x_wconf 82' lang='grc' dir='ltr'>τινὰ</span> <span class='ocrx_word' id='word_1_305' title='bbox 3289 2879 3380 2927; x_wconf 86' lang='grc' dir='ltr'><strong><em>καὶ</em></strong></span> <span class='ocrx_word' id='word_1_306' title='bbox 3409 2881 3500 2928; x_wconf 81' lang='grc' dir='ltr'>τοῦ</span> <span class='ocrx_word' id='word_1_307' title='bbox 3538 2878 3733 2934; x_wconf 75' lang='grc' dir='ltr'>ταυτην</span> <span class='ocrx_word' id='word_1_308' title='bbox 3785 2874 3900 2949; x_wconf 72' lang='grc' dir='ltr'>ἄρα·</span> 
     </span>
    </p>
   </div>
   <div class='ocr_carea' id='block_1_49' title="bbox 564 2944 2134 3039">
    <p class='ocr_par' dir='ltr' id='par_1_49' title="bbox 564 2944 2132 3018">
     <span class='ocr_line' id='line_1_52' title="bbox 564 2944 2132 3018; baseline 0.001 -15"><span class='ocrx_word' id='word_1_309' title='bbox 564 2948 721 3011; x_wconf 81' lang='lat' dir='ltr'><strong><em>tulit,</em></strong></span> <span class='ocrx_word' id='word_1_310' title='bbox 773 2952 827 3002; x_wconf 93' lang='lat' dir='ltr'><strong><em>et</em></strong></span> <span class='ocrx_word' id='word_1_311' title='bbox 867 2944 1017 3002; x_wconf 83' lang='lat' dir='ltr'><strong><em>hanc</em></strong></span> <span class='ocrx_word' id='word_1_312' title='bbox 1059 2944 1517 3015; x_wconf 73' lang='lat' dir='ltr'><strong><em>explanationem</em></strong></span> <span class='ocrx_word' id='word_1_313' title='bbox 1562 2944 1626 3000; x_wconf 89' lang='lat' dir='ltr'><strong><em>in</em></strong></span> <span class='ocrx_word' id='word_1_314' title='bbox 1659 2960 1841 3002; x_wconf 89' lang='lat' dir='ltr'><strong><em>unum</em></strong></span> <span class='ocrx_word' id='word_1_315' title='bbox 1872 2945 2132 3018; x_wconf 86' lang='lat' dir='ltr'><strong><em>collegit.</em></strong></span> 
     </span>
    </p>
   </div>
   <div class='ocr_carea' id='block_1_50' title="bbox 2258 2944 2950 3039">
    <p class='ocr_par' dir='ltr' id='par_1_50' title="bbox 2318 2944 2950 3039">
     <span class='ocr_line' id='line_1_53' title="bbox 2318 2944 2950 3039; baseline 0.008 -22"><span class='ocrx_word' id='word_1_316' title='bbox 2318 2944 2594 3039; x_wconf 77' lang='grc' dir='ltr'>νισαμένου</span> <span class='ocrx_word' id='word_1_317' title='bbox 2608 3008 2620 3021; x_wconf 93' lang='grc'>.</span> <span class='ocrx_word' id='word_1_318' title='bbox 2649 2964 2814 3037; x_wconf 76' lang='grc' dir='ltr'>Ἀμήν</span> <span class='ocrx_word' id='word_1_319' title='bbox 2904 2965 2924 3035; x_wconf 96' lang='grc'><strong><em>)</em></strong></span> <span class='ocrx_word' id='word_1_320' title='bbox 2937 3009 2950 3022; x_wconf 93' lang='grc'><strong><em>.</em></strong></span> 
     </span>
    </p>
   </div>
   <div class='ocr_carea' id='block_1_51' title="bbox 536 3036 759 3092">
    <p class='ocr_par' dir='ltr' id='par_1_51' title="bbox 536 3036 759 3092">
     <span class='ocr_line' id='line_1_54' title="bbox 536 3036 759 3092; baseline -0.004 0"><span class='ocrx_word' id='word_1_321' title='bbox 536 3054 539 3057; x_wconf 66' lang='lat'>‘</span> <span class='ocrx_word' id='word_1_322' title='bbox 562 3036 759 3092; x_wconf 84' lang='lat' dir='ltr'><strong><em>Amen.</em></strong></span> 
     </span>
    </p>
   </div>
   <div class='ocr_carea' id='block_1_52' title="bbox 562 3122 2139 3197">
    <p class='ocr_par' dir='ltr' id='par_1_52' title="bbox 562 3122 2139 3197">
     <span class='ocr_line' id='line_1_55' title="bbox 562 3122 2139 3197; baseline 0 -16"><span class='ocrx_word' id='word_1_323' title='bbox 562 3125 830 3182; x_wconf 88' lang='lat' dir='ltr'><strong><em>Primum</em></strong></span> <span class='ocrx_word' id='word_1_324' title='bbox 858 3122 1105 3197; x_wconf 88' lang='lat' dir='ltr'><strong><em>quidem</em></strong></span> <span class='ocrx_word' id='word_1_325' title='bbox 1135 3138 1229 3180; x_wconf 88' lang='lat' dir='ltr'><strong><em>res</em></strong></span> <span class='ocrx_word' id='word_1_326' title='bbox 1257 3122 1464 3179; x_wconf 84' lang='lat' dir='ltr'><strong><em>fuisset</em></strong></span> <span class='ocrx_word' id='word_1_327' title='bbox 1503 3123 1764 3179; x_wconf 83' lang='lat' dir='ltr'><strong><em>maxime</em></strong></span> <span class='ocrx_word' id='word_1_328' title='bbox 1794 3124 2139 3190; x_wconf 90' lang='lat' dir='ltr'><strong><em>commoda,</em></strong></span> 
     </span>
    </p>
   </div>
   <div class='ocr_carea' id='block_1_53' title="bbox 492 3212 2142 3285">
    <p class='ocr_par' dir='ltr' id='par_1_53' title="bbox 492 3212 2142 3285">
     <span class='ocr_line' id='line_1_56' title="bbox 492 3212 2142 3285; baseline 0 -15"><span class='ocrx_word' id='word_1_329' title='bbox 492 3214 538 3270; x_wconf 98' lang='lat' dir='ltr'><strong><em>si</em></strong></span> <span class='ocrx_word' id='word_1_330' title='bbox 569 3214 897 3271; x_wconf 85' lang='lat' dir='ltr'><strong><em>litterarum</em></strong></span> <span class='ocrx_word' id='word_1_331' title='bbox 926 3212 1101 3270; x_wconf 88' lang='lat' dir='ltr'><strong><em>nobis</em></strong></span> <span class='ocrx_word' id='word_1_332' title='bbox 1129 3227 1251 3270; x_wconf 91' lang='lat' dir='ltr'><strong><em>non</em></strong></span> <span class='ocrx_word' id='word_1_333' title='bbox 1283 3217 1440 3269; x_wconf 84' lang='lat' dir='ltr'><strong><em>esset</em></strong></span> <span class='ocrx_word' id='word_1_334' title='bbox 1465 3227 1619 3285; x_wconf 89' lang='lat' dir='ltr'><strong><em>opus</em></strong></span> <span class='ocrx_word' id='word_1_335' title='bbox 1647 3212 1885 3277; x_wconf 80' lang='lat' dir='ltr'><strong><em>auxilio,</em></strong></span> <span class='ocrx_word' id='word_1_336' title='bbox 1921 3213 2029 3269; x_wconf 90' lang='lat' dir='ltr'><strong><em>sed</em></strong></span> <span class='ocrx_word' id='word_1_337' title='bbox 2058 3218 2142 3270; x_wconf 87' lang='lat' dir='ltr'><strong><em>ta-</em></strong></span> 
     </span>
    </p>
   </div>
   <div class='ocr_carea' id='block_1_54' title="bbox 488 3301 2141 3366">
    <p class='ocr_par' dir='ltr' id='par_1_54' title="bbox 488 3301 2141 3366">
     <span class='ocr_line' id='line_1_57' title="bbox 488 3301 2141 3366; baseline -0.001 -6"><span class='ocrx_word' id='word_1_338' title='bbox 488 3303 609 3361; x_wconf 86' lang='lat' dir='ltr'><strong><em>lem</em></strong></span> <span class='ocrx_word' id='word_1_339' title='bbox 638 3304 965 3360; x_wconf 84' lang='lat' dir='ltr'><strong><em>viveremus</em></strong></span> <span class='ocrx_word' id='word_1_340' title='bbox 994 3304 1201 3366; x_wconf 86' lang='lat' dir='ltr'><strong><em>vitam,</em></strong></span> <span class='ocrx_word' id='word_1_341' title='bbox 1248 3306 1315 3358; x_wconf 89' lang='lat' dir='ltr'><strong><em>ut</em></strong></span> <span class='ocrx_word' id='word_1_342' title='bbox 1342 3303 1521 3358; x_wconf 89' lang='lat' dir='ltr'><strong><em>corda</em></strong></span> <span class='ocrx_word' id='word_1_343' title='bbox 1551 3305 1759 3357; x_wconf 88' lang='lat' dir='ltr'><strong><em>nostra</em></strong></span> <span class='ocrx_word' id='word_1_344' title='bbox 1789 3302 1914 3357; x_wconf 83' lang='lat' dir='ltr'><strong><em>vice</em></strong></span> <span class='ocrx_word' id='word_1_345' title='bbox 1963 3301 2141 3358; x_wconf 88' lang='lat' dir='ltr'><strong><em>libro-</em></strong></span> 
     </span>
    </p>
   </div>
   <div class='ocr_carea' id='block_1_55' title="bbox 488 3389 2136 3462">
    <p class='ocr_par' dir='ltr' id='par_1_55' title="bbox 488 3389 2136 3462">
     <span class='ocr_line' id='line_1_58' title="bbox 488 3389 2136 3462; baseline -0.002 -13"><span class='ocrx_word' id='word_1_346' title='bbox 488 3408 624 3449; x_wconf 87' lang='lat' dir='ltr'><strong><em>rum</em></strong></span> <span class='ocrx_word' id='word_1_347' title='bbox 650 3392 820 3449; x_wconf 88' lang='lat' dir='ltr'><strong><em>nobis</em></strong></span> <span class='ocrx_word' id='word_1_348' title='bbox 843 3398 1064 3461; x_wconf 85' lang='lat' dir='ltr'><strong><em>essent,</em></strong></span> <span class='ocrx_word' id='word_1_349' title='bbox 1085 3397 1142 3448; x_wconf 91' lang='lat' dir='ltr'><strong><em>et</em></strong></span> <span class='ocrx_word' id='word_1_350' title='bbox 1159 3390 1669 3462; x_wconf 80' lang='lat' dir='ltr'><strong><em>quemadmodum</em></strong></span> <span class='ocrx_word' id='word_1_351' title='bbox 1695 3389 1756 3445; x_wconf 91' lang='lat' dir='ltr'><strong><em>hi</em></strong></span> <span class='ocrx_word' id='word_1_352' title='bbox 1781 3394 2136 3457; x_wconf 87' lang='lat' dir='ltr'><strong><em>atramento,</em></strong></span> 
     </span>
    </p>
   </div>
   <div class='ocr_carea' id='block_1_56' title="bbox 492 3477 2140 3551">
    <p class='ocr_par' dir='ltr' id='par_1_56' title="bbox 492 3477 2140 3551">
     <span class='ocr_line' id='line_1_59' title="bbox 492 3477 2140 3551; baseline -0.002 -13"><span class='ocrx_word' id='word_1_353' title='bbox 492 3481 575 3538; x_wconf 89' lang='lat' dir='ltr'><strong><em>ita</em></strong></span> <span class='ocrx_word' id='word_1_354' title='bbox 591 3480 691 3537; x_wconf 86' lang='lat' dir='ltr'><strong><em>illa</em></strong></span> <span class='ocrx_word' id='word_1_355' title='bbox 714 3478 1434 3551; x_wconf 88' lang='lat' dir='ltr'><strong><em>Spirituinscriberentur.</em></strong></span> <span class='ocrx_word' id='word_1_356' title='bbox 1459 3478 1675 3532; x_wconf 85' lang='lat' dir='ltr'><strong><em>Verum</em></strong></span> <span class='ocrx_word' id='word_1_357' title='bbox 1689 3477 1826 3547; x_wconf 88' lang='lat' dir='ltr'><strong><em>quia</em></strong></span> <span class='ocrx_word' id='word_1_358' title='bbox 1832 3478 1961 3547; x_wconf 90' lang='lat' dir='ltr'><strong><em>jam</em></strong></span> <span class='ocrx_word' id='word_1_359' title='bbox 1981 3477 2140 3537; x_wconf 87' lang='lat' dir='ltr'><strong><em>hanc</em></strong></span> 
     </span>
    </p>
   </div>
   <div class='ocr_carea' id='block_1_57' title="bbox 490 3564 2141 3641">
    <p class='ocr_par' dir='ltr' id='par_1_57' title="bbox 490 3564 2141 3641">
     <span class='ocr_line' id='line_1_60' title="bbox 490 3564 2141 3641; baseline -0.002 -15"><span class='ocrx_word' id='word_1_360' title='bbox 490 3569 821 3641; x_wconf 88' lang='lat' dir='ltr'><strong><em>repulimus</em></strong></span> <span class='ocrx_word' id='word_1_361' title='bbox 850 3568 1122 3638; x_wconf 83' lang='lat' dir='ltr'><strong><em>gratiam,</em></strong></span> <span class='ocrx_word' id='word_1_362' title='bbox 1156 3565 1388 3621; x_wconf 88' lang='lat' dir='ltr'><strong><em>utinam</em></strong></span> <span class='ocrx_word' id='word_1_363' title='bbox 1414 3564 1507 3621; x_wconf 90' lang='lat' dir='ltr'><strong><em>vel</em></strong></span> <span class='ocrx_word' id='word_1_364' title='bbox 1531 3564 1861 3631; x_wconf 79' lang='lat' dir='ltr'><strong><em>secundum</em></strong></span> <span class='ocrx_word' id='word_1_365' title='bbox 1884 3565 2141 3637; x_wconf 79' lang='lat' dir='ltr'><strong><em>amplexi</em></strong></span> 
     </span>
    </p>
   </div>
   <div class='ocr_carea' id='block_1_58' title="bbox 493 3652 2141 3727">
    <p class='ocr_par' dir='ltr' id='par_1_58' title="bbox 493 3652 2141 3727">
     <span class='ocr_line' id='line_1_61' title="bbox 493 3652 2141 3727; baseline 0 -16"><span class='ocrx_word' id='word_1_366' title='bbox 493 3656 812 3712; x_wconf 78' lang='lat' dir='ltr'><strong><em>fuissemus</em></strong></span> <span class='ocrx_word' id='word_1_367' title='bbox 842 3654 1194 3719; x_wconf 86' lang='lat' dir='ltr'><strong><em>remedium,</em></strong></span> <span class='ocrx_word' id='word_1_368' title='bbox 1245 3659 1301 3709; x_wconf 88' lang='lat' dir='ltr'><strong><em>et</em></strong></span> <span class='ocrx_word' id='word_1_369' title='bbox 1343 3654 1545 3709; x_wconf 83' lang='lat' dir='ltr'><strong><em>litteris</em></strong></span> <span class='ocrx_word' id='word_1_370' title='bbox 1576 3653 1655 3709; x_wconf 90' lang='lat' dir='ltr'><strong><em>ad</em></strong></span> <span class='ocrx_word' id='word_1_371' title='bbox 1685 3652 1746 3707; x_wconf 89' lang='lat' dir='ltr'><strong><em>id</em></strong></span> <span class='ocrx_word' id='word_1_372' title='bbox 1792 3654 1956 3726; x_wconf 90' lang='lat' dir='ltr'><strong><em>quod</em></strong></span> <span class='ocrx_word' id='word_1_373' title='bbox 1987 3670 2141 3727; x_wconf 91' lang='lat' dir='ltr'><strong><em>opus</em></strong></span> 
     </span>
    </p>
   </div>
   <div class='ocr_carea' id='block_1_59' title="bbox 491 3742 2139 3817">
    <p class='ocr_par' dir='ltr' id='par_1_59' title="bbox 491 3742 2139 3817">
     <span class='ocr_line' id='line_1_62' title="bbox 491 3742 2139 3817; baseline -0.001 -16"><span class='ocrx_word' id='word_1_374' title='bbox 491 3749 637 3817; x_wconf 86' lang='lat' dir='ltr'><strong><em>erat,</em></strong></span> <span class='ocrx_word' id='word_1_375' title='bbox 694 3744 783 3799; x_wconf 89' lang='lat' dir='ltr'><strong><em>usi</em></strong></span> <span class='ocrx_word' id='word_1_376' title='bbox 831 3744 1172 3800; x_wconf 83' lang='lat' dir='ltr'><strong><em>fuissemus.</em></strong></span> <span class='ocrx_word' id='word_1_377' title='bbox 1216 3743 1314 3798; x_wconf 87' lang='lat' dir='ltr'><strong><em>His</em></strong></span> <span class='ocrx_word' id='word_1_378' title='bbox 1343 3758 1628 3814; x_wconf 89' lang='lat' dir='ltr'><strong><em>namque,</em></strong></span> <span class='ocrx_word' id='word_1_379' title='bbox 1654 3742 1779 3814; x_wconf 87' lang='lat' dir='ltr'><strong><em>qui</em></strong></span> <span class='ocrx_word' id='word_1_380' title='bbox 1811 3743 1920 3797; x_wconf 92' lang='lat' dir='ltr'><strong><em>sub</em></strong></span> <span class='ocrx_word' id='word_1_381' title='bbox 1950 3744 2139 3800; x_wconf 85' lang='lat' dir='ltr'><strong><em>Veteri</em></strong></span> 
     </span>
    </p>
   </div>
   <div class='ocr_carea' id='block_1_60' title="bbox 490 3831 2139 3906">
    <p class='ocr_par' dir='ltr' id='par_1_60' title="bbox 490 3831 2139 3906">
     <span class='ocr_line' id='line_1_63' title="bbox 490 3831 2139 3906; baseline -0.001 -15"><span class='ocrx_word' id='word_1_382' title='bbox 490 3834 655 3891; x_wconf 87' lang='lat' dir='ltr'><strong><em>fuere</em></strong></span> <span class='ocrx_word' id='word_1_383' title='bbox 684 3836 1078 3899; x_wconf 91' lang='lat' dir='ltr'><strong><em>Testamento,</em></strong></span> <span class='ocrx_word' id='word_1_384' title='bbox 1124 3839 1270 3906; x_wconf 91' lang='lat' dir='ltr'><strong><em>puta</em></strong></span> <span class='ocrx_word' id='word_1_385' title='bbox 1321 3835 1463 3903; x_wconf 89' lang='lat' dir='ltr'><strong><em>Noe,</em></strong></span> <span class='ocrx_word' id='word_1_386' title='bbox 1514 3831 1839 3898; x_wconf 84' lang='lat' dir='ltr'><strong><em>Abraham,</em></strong></span> <span class='ocrx_word' id='word_1_387' title='bbox 1888 3833 2139 3906; x_wconf 88' lang='lat' dir='ltr'><strong><em>ejusque</em></strong></span> 
     </span>
    </p>
   </div>
   <div class='ocr_carea' id='block_1_61' title="bbox 489 3922 2137 3997">
    <p class='ocr_par' dir='ltr' id='par_1_61' title="bbox 489 3922 2137 3997">
     <span class='ocr_line' id='line_1_64' title="bbox 489 3922 2137 3997; baseline -0.001 -17"><span class='ocrx_word' id='word_1_388' title='bbox 489 3923 760 3997; x_wconf 84' lang='lat' dir='ltr'><strong><em>posteris,</em></strong></span> <span class='ocrx_word' id='word_1_389' title='bbox 795 3923 909 3996; x_wconf 89' lang='lat' dir='ltr'><strong><em>ipsi</em></strong></span> <span class='ocrx_word' id='word_1_390' title='bbox 937 3928 1224 3995; x_wconf 81' lang='lat' dir='ltr'><strong><em>praeterea</em></strong></span> <span class='ocrx_word' id='word_1_391' title='bbox 1259 3922 1374 3977; x_wconf 82' lang='lat' dir='ltr'><strong><em>Job</em></strong></span> <span class='ocrx_word' id='word_1_392' title='bbox 1410 3937 1480 3977; x_wconf 91' lang='lat' dir='ltr'><strong><em>ac</em></strong></span> <span class='ocrx_word' id='word_1_393' title='bbox 1508 3922 1671 3987; x_wconf 75' lang='lat' dir='ltr'><strong><em>Mosi,</em></strong></span> <span class='ocrx_word' id='word_1_394' title='bbox 1710 3936 1833 3976; x_wconf 88' lang='lat' dir='ltr'><strong><em>non</em></strong></span> <span class='ocrx_word' id='word_1_395' title='bbox 1859 3937 1960 3992; x_wconf 89' lang='lat' dir='ltr'><strong><em>per</em></strong></span> <span class='ocrx_word' id='word_1_396' title='bbox 1989 3922 2137 3979; x_wconf 88' lang='lat' dir='ltr'><strong><em>litte-</em></strong></span> 
     </span>
    </p>
   </div>
   <div class='ocr_carea' id='block_1_62' title="bbox 488 4009 2139 4083">
    <p class='ocr_par' dir='ltr' id='par_1_62' title="bbox 488 4009 2139 4083">
     <span class='ocr_line' id='line_1_65' title="bbox 488 4009 2139 4083; baseline -0.001 -15"><span class='ocrx_word' id='word_1_397' title='bbox 488 4028 609 4078; x_wconf 87' lang='lat' dir='ltr'><strong><em>ras,</em></strong></span> <span class='ocrx_word' id='word_1_398' title='bbox 653 4010 759 4066; x_wconf 90' lang='lat' dir='ltr'><strong><em>sed</em></strong></span> <span class='ocrx_word' id='word_1_399' title='bbox 790 4027 895 4082; x_wconf 90' lang='lat' dir='ltr'><strong><em>per</em></strong></span> <span class='ocrx_word' id='word_1_400' title='bbox 947 4010 1209 4081; x_wconf 87' lang='lat' dir='ltr'><strong><em>seipsum</em></strong></span> <span class='ocrx_word' id='word_1_401' title='bbox 1263 4009 1495 4065; x_wconf 89' lang='lat' dir='ltr'><strong><em>locutus</em></strong></span> <span class='ocrx_word' id='word_1_402' title='bbox 1543 4015 1636 4065; x_wconf 90' lang='lat' dir='ltr'><strong><em>est</em></strong></span> <span class='ocrx_word' id='word_1_403' title='bbox 1689 4012 1879 4069; x_wconf 87' lang='lat' dir='ltr'><strong><em>Deus:</em></strong></span> <span class='ocrx_word' id='word_1_404' title='bbox 1923 4026 2139 4083; x_wconf 88' lang='lat' dir='ltr'><strong><em>nempe</em></strong></span> 
     </span>
    </p>
   </div>
   <div class='ocr_carea' id='block_1_63' title="bbox 490 4097 2137 4170">
    <p class='ocr_par' dir='ltr' id='par_1_63' title="bbox 490 4097 2137 4170">
     <span class='ocr_line' id='line_1_66' title="bbox 490 4097 2137 4170; baseline 0.001 -17"><span class='ocrx_word' id='word_1_405' title='bbox 490 4100 592 4170; x_wconf 89' lang='lat' dir='ltr'><strong><em>qui</em></strong></span> <span class='ocrx_word' id='word_1_406' title='bbox 614 4102 840 4153; x_wconf 83' lang='lat' dir='ltr'><strong><em>mentes</em></strong></span> <span class='ocrx_word' id='word_1_407' title='bbox 862 4112 1070 4152; x_wconf 85' lang='lat' dir='ltr'><strong><em>eorum</em></strong></span> <span class='ocrx_word' id='word_1_408' title='bbox 1099 4111 1284 4167; x_wconf 87' lang='lat' dir='ltr'><strong><em>puras</em></strong></span> <span class='ocrx_word' id='word_1_409' title='bbox 1312 4097 1552 4168; x_wconf 89' lang='lat' dir='ltr'><strong><em>reperit.</em></strong></span> <span class='ocrx_word' id='word_1_410' title='bbox 1586 4100 1905 4170; x_wconf 84' lang='lat' dir='ltr'><strong><em>Postquam</em></strong></span> <span class='ocrx_word' id='word_1_411' title='bbox 1937 4104 2137 4155; x_wconf 88' lang='lat' dir='ltr'><strong><em>autem</em></strong></span> 
     </span>
    </p>
   </div>
   <div class='ocr_carea' id='block_1_64' title="bbox 487 4184 2138 4257">
    <p class='ocr_par' dir='ltr' id='par_1_64' title="bbox 487 4184 2138 4257">
     <span class='ocr_line' id='line_1_67' title="bbox 487 4184 2138 4257; baseline -0.001 -14"><span class='ocrx_word' id='word_1_412' title='bbox 487 4187 552 4244; x_wconf 91' lang='lat' dir='ltr'><strong><em>in</em></strong></span> <span class='ocrx_word' id='word_1_413' title='bbox 601 4187 807 4257; x_wconf 89' lang='lat' dir='ltr'><strong><em>ipsum</em></strong></span> <span class='ocrx_word' id='word_1_414' title='bbox 853 4184 1129 4240; x_wconf 87' lang='lat' dir='ltr'><strong><em>vitiorum</em></strong></span> <span class='ocrx_word' id='word_1_415' title='bbox 1179 4184 1529 4240; x_wconf 87' lang='lat' dir='ltr'><strong><em>barathrum</em></strong></span> <span class='ocrx_word' id='word_1_416' title='bbox 1573 4184 1783 4240; x_wconf 86' lang='lat' dir='ltr'><strong><em>cecidit</em></strong></span> <span class='ocrx_word' id='word_1_417' title='bbox 1820 4184 2138 4242; x_wconf 87' lang='lat' dir='ltr'><strong><em>universus</em></strong></span> 
     </span>
    </p>
   </div>
   <div class='ocr_carea' id='block_1_65' title="bbox 488 4273 1756 4344">
    <p class='ocr_par' dir='ltr' id='par_1_65' title="bbox 488 4273 1756 4344">
     <span class='ocr_line' id='line_1_68' title="bbox 488 4273 1756 4344; baseline -0.001 -14"><span class='ocrx_word' id='word_1_418' title='bbox 488 4273 876 4330; x_wconf 60' lang='lat' dir='ltr'><strong><em>Hebraeorum</em></strong></span> <span class='ocrx_word' id='word_1_419' title='bbox 919 4273 1198 4344; x_wconf 91' lang='lat' dir='ltr'><strong><em>populus,</em></strong></span> <span class='ocrx_word' id='word_1_420' title='bbox 1240 4279 1367 4329; x_wconf 90' lang='lat' dir='ltr'><strong><em>tum</em></strong></span> <span class='ocrx_word' id='word_1_421' title='bbox 1406 4273 1491 4327; x_wconf 91' lang='lat' dir='ltr'><strong><em>eis</em></strong></span> <span class='ocrx_word' id='word_1_422' title='bbox 1536 4273 1756 4329; x_wconf 66' lang='lat' dir='ltr'><strong><em>tabulas</em></strong></span> 
     </span>
    </p>
   </div>
   <div class='ocr_carea' id='block_1_66' title="bbox 489 4361 2139 4435">
    <p class='ocr_par' dir='ltr' id='par_1_66' title="bbox 489 4361 2139 4435">
     <span class='ocr_line' id='line_1_69' title="bbox 489 4361 2139 4435; baseline 0.001 -16"><span class='ocrx_word' id='word_1_423' title='bbox 489 4363 732 4435; x_wconf 60' lang='lat' dir='ltr'><strong><em>reliquae</em></strong></span> <span class='ocrx_word' id='word_1_424' title='bbox 753 4361 1009 4428; x_wconf 84' lang='lat' dir='ltr'><strong><em>fuerunt,</em></strong></span> <span class='ocrx_word' id='word_1_425' title='bbox 1032 4368 1102 4417; x_wconf 52' lang='lat' dir='ltr'><strong><em>ut.</em></strong></span> <span class='ocrx_word' id='word_1_426' title='bbox 1114 4374 1220 4434; x_wconf 87' lang='lat' dir='ltr'><strong><em>per</em></strong></span> <span class='ocrx_word' id='word_1_427' title='bbox 1231 4362 1340 4418; x_wconf 90' lang='lat' dir='ltr'><strong><em>has</em></strong></span> <span class='ocrx_word' id='word_1_428' title='bbox 1356 4362 1781 4435; x_wconf 70' lang='lat' dir='ltr'><strong><em>prmteritorum</em></strong></span> <span class='ocrx_word' id='word_1_429' title='bbox 1804 4370 2139 4421; x_wconf 80' lang='lat' dir='ltr'><strong><em>occurreret</em></strong></span> 
     </span>
    </p>
   </div>
   <div class='ocr_carea' id='block_1_67' title="bbox 487 4444 2136 4524">
    <p class='ocr_par' dir='ltr' id='par_1_67' title="bbox 487 4444 2136 4524">
     <span class='ocr_line' id='line_1_70' title="bbox 487 4444 2136 4524; baseline 0 -15"><span class='ocrx_word' id='word_1_430' title='bbox 487 4451 802 4509; x_wconf 89' lang='lat' dir='ltr'><strong><em>memoria.</em></strong></span> <span class='ocrx_word' id='word_1_431' title='bbox 836 4450 1114 4507; x_wconf 85' lang='lat' dir='ltr'><strong><em>Similiter</em></strong></span> <span class='ocrx_word' id='word_1_432' title='bbox 1128 4456 1329 4508; x_wconf 85' lang='lat' dir='ltr'><strong><em>autem</em></strong></span> <span class='ocrx_word' id='word_1_433' title='bbox 1343 4444 1397 4507; x_wconf 81' lang='lat' dir='ltr'><strong><em>et</em></strong></span> <span class='ocrx_word' id='word_1_434' title='bbox 1416 4451 1508 4507; x_wconf 91' lang='lat' dir='ltr'><strong><em>his</em></strong></span> <span class='ocrx_word' id='word_1_435' title='bbox 1527 4451 1631 4524; x_wconf 92' lang='lat' dir='ltr'><strong><em>qui</em></strong></span> <span class='ocrx_word' id='word_1_436' title='bbox 1655 4453 1769 4508; x_wconf 92' lang='lat' dir='ltr'><strong><em>sub</em></strong></span> <span class='ocrx_word' id='word_1_437' title='bbox 1789 4456 1951 4509; x_wconf 85' lang='lat' dir='ltr'><strong><em>Novo</em></strong></span> <span class='ocrx_word' id='word_1_438' title='bbox 1973 4453 2136 4510; x_wconf 85' lang='lat' dir='ltr'><strong><em>fuere</em></strong></span> 
     </span>
    </p>
   </div>
   <div class='ocr_carea' id='block_1_68' title="bbox 486 4538 2131 4612">
    <p class='ocr_par' dir='ltr' id='par_1_68' title="bbox 486 4538 2131 4612">
     <span class='ocr_line' id='line_1_71' title="bbox 486 4538 2131 4612; baseline -0.001 -14"><span class='ocrx_word' id='word_1_439' title='bbox 486 4543 883 4607; x_wconf 86' lang='lat' dir='ltr'><strong><em>Testamento,</em></strong></span> <span class='ocrx_word' id='word_1_440' title='bbox 910 4538 1168 4612; x_wconf 88' lang='lat' dir='ltr'><strong><em>quisque</em></strong></span> <span class='ocrx_word' id='word_1_441' title='bbox 1191 4539 1388 4595; x_wconf 90' lang='lat' dir='ltr'><strong><em>videre</em></strong></span> <span class='ocrx_word' id='word_1_442' title='bbox 1407 4538 1622 4611; x_wconf 85' lang='lat' dir='ltr'><strong><em>poterit</em></strong></span> <span class='ocrx_word' id='word_1_443' title='bbox 1642 4540 1798 4596; x_wconf 90' lang='lat' dir='ltr'><strong><em>idem</em></strong></span> <span class='ocrx_word' id='word_1_444' title='bbox 1822 4541 2131 4598; x_wconf 82' lang='lat' dir='ltr'><strong><em>accidisse.</em></strong></span> 
     </span>
    </p>
   </div>
   <div class='ocr_carea' id='block_1_69' title="bbox 488 4627 2134 4702">
    <p class='ocr_par' dir='ltr' id='par_1_69' title="bbox 488 4627 2134 4702">
     <span class='ocr_line' id='line_1_72' title="bbox 488 4627 2134 4702; baseline 0 -15"><span class='ocrx_word' id='word_1_445' title='bbox 488 4633 685 4702; x_wconf 88' lang='lat' dir='ltr'><strong><em>Neque</em></strong></span> <span class='ocrx_word' id='word_1_446' title='bbox 707 4628 866 4685; x_wconf 91' lang='lat' dir='ltr'><strong><em>enim</em></strong></span> <span class='ocrx_word' id='word_1_447' title='bbox 892 4628 1176 4701; x_wconf 86' lang='lat' dir='ltr'><strong><em>apostolis</em></strong></span> <span class='ocrx_word' id='word_1_448' title='bbox 1203 4627 1443 4684; x_wconf 86' lang='lat' dir='ltr'><strong><em>tradidit</em></strong></span> <span class='ocrx_word' id='word_1_449' title='bbox 1461 4628 1613 4684; x_wconf 90' lang='lat' dir='ltr'><strong><em>Deus</em></strong></span> <span class='ocrx_word' id='word_1_450' title='bbox 1632 4628 1965 4702; x_wconf 89' lang='lat' dir='ltr'><strong><em>quidquam</em></strong></span> <span class='ocrx_word' id='word_1_451' title='bbox 1997 4632 2134 4687; x_wconf 85' lang='lat' dir='ltr'><strong><em>scri-</em></strong></span> 
     </span>
    </p>
   </div>
   <div class='ocr_carea' id='block_1_70' title="bbox 487 4716 2131 4793">
    <p class='ocr_par' dir='ltr' id='par_1_70' title="bbox 487 4716 2131 4793">
     <span class='ocr_line' id='line_1_73' title="bbox 487 4716 2131 4793; baseline 0.001 -18"><span class='ocrx_word' id='word_1_452' title='bbox 487 4724 682 4793; x_wconf 88' lang='lat' dir='ltr'><strong><em>ptum,</em></strong></span> <span class='ocrx_word' id='word_1_453' title='bbox 734 4718 839 4774; x_wconf 91' lang='lat' dir='ltr'><strong><em>sed</em></strong></span> <span class='ocrx_word' id='word_1_454' title='bbox 887 4718 1215 4775; x_wconf 86' lang='lat' dir='ltr'><strong><em>litterarum</em></strong></span> <span class='ocrx_word' id='word_1_455' title='bbox 1267 4716 1415 4783; x_wconf 87' lang='lat' dir='ltr'><strong><em>loco,</em></strong></span> <span class='ocrx_word' id='word_1_456' title='bbox 1466 4718 1718 4790; x_wconf 88' lang='lat' dir='ltr'><strong><em>Spiritus</em></strong></span> <span class='ocrx_word' id='word_1_457' title='bbox 1775 4720 1966 4775; x_wconf 85' lang='lat' dir='ltr'><strong><em>sancti</em></strong></span> <span class='ocrx_word' id='word_1_458' title='bbox 2006 4734 2131 4789; x_wconf 78' lang='lat' dir='ltr'><strong><em>gra-</em></strong></span> 
     </span>
    </p>
   </div>
   <div class='ocr_carea' id='block_1_71' title="bbox 485 4806 2131 4880">
    <p class='ocr_par' dir='ltr' id='par_1_71' title="bbox 485 4806 2131 4880">
     <span class='ocr_line' id='line_1_74' title="bbox 485 4806 2131 4880; baseline -0.001 -14"><span class='ocrx_word' id='word_1_459' title='bbox 485 4808 628 4866; x_wconf 90' lang='lat' dir='ltr'><strong><em>tiam</em></strong></span> <span class='ocrx_word' id='word_1_460' title='bbox 660 4823 721 4863; x_wconf 89' lang='lat' dir='ltr'><strong><em>se</em></strong></span> <span class='ocrx_word' id='word_1_461' title='bbox 752 4809 835 4865; x_wconf 89' lang='lat' dir='ltr'><strong><em>eis</em></strong></span> <span class='ocrx_word' id='word_1_462' title='bbox 864 4808 1142 4864; x_wconf 84' lang='lat' dir='ltr'><strong><em>daturum</em></strong></span> <span class='ocrx_word' id='word_1_463' title='bbox 1172 4806 1544 4879; x_wconf 88' lang='lat' dir='ltr'><strong><em>repromisit:</em></strong></span> <span class='ocrx_word' id='word_1_464' title='bbox 1578 4807 1707 4879; x_wconf 87' lang='lat' dir='ltr'><strong><em>Ille,</em></strong></span> <span class='ocrx_word' id='word_1_465' title='bbox 1742 4807 1931 4880; x_wconf 90' lang='lat' dir='ltr'><strong><em>inquit</em></strong></span> <span class='ocrx_word' id='word_1_466' title='bbox 1959 4808 2131 4865; x_wconf 85' lang='lat' dir='ltr'><strong><em>vobis</em></strong></span> 
     </span>
    </p>
   </div>
   <div class='ocr_carea' id='block_1_72' title="bbox 483 4896 2131 4970">
    <p class='ocr_par' dir='ltr' id='par_1_72' title="bbox 483 4896 2131 4970">
     <span class='ocr_line' id='line_1_75' title="bbox 483 4896 2131 4970; baseline 0 -16"><span class='ocrx_word' id='word_1_467' title='bbox 483 4904 746 4970; x_wconf 81' lang='lat' dir='ltr'><strong><em>suggeret</em></strong></span> <span class='ocrx_word' id='word_1_468' title='bbox 777 4899 977 4954; x_wconf 89' lang='lat' dir='ltr'><strong><em>omnia</em></strong></span> <span class='ocrx_word' id='word_1_469' title='bbox 1014 4896 1207 4969; x_wconf 88' lang='lat' dir='ltr'><strong><em>(Joan.</em></strong></span> <span class='ocrx_word' id='word_1_470' title='bbox 1243 4913 1357 4963; x_wconf 80' lang='lat' dir='ltr'><strong><em>xw,</em></strong></span> <span class='ocrx_word' id='word_1_471' title='bbox 1406 4896 1526 4968; x_wconf 85' lang='lat'><strong><em>26).</em></strong></span> <span class='ocrx_word' id='word_1_472' title='bbox 1586 4898 1655 4952; x_wconf 90' lang='lat' dir='ltr'><strong><em>Ut</em></strong></span> <span class='ocrx_word' id='word_1_473' title='bbox 1689 4901 1889 4953; x_wconf 88' lang='lat' dir='ltr'><strong><em>autem</em></strong></span> <span class='ocrx_word' id='word_1_474' title='bbox 1934 4898 2131 4954; x_wconf 88' lang='lat' dir='ltr'><strong><em>discas</em></strong></span> 
     </span>
    </p>
   </div>
   <div class='ocr_carea' id='block_1_73' title="bbox 479 4985 2130 5058">
    <p class='ocr_par' dir='ltr' id='par_1_73' title="bbox 479 4985 2130 5058">
     <span class='ocr_line' id='line_1_76' title="bbox 479 4985 2130 5058; baseline 0.001 -15"><span class='ocrx_word' id='word_1_475' title='bbox 479 4985 658 5058; x_wconf 80' lang='lat' dir='ltr'><strong><em>longe</em></strong></span> <span class='ocrx_word' id='word_1_476' title='bbox 688 4987 748 5042; x_wconf 92' lang='lat' dir='ltr'><strong><em>id</em></strong></span> <span class='ocrx_word' id='word_1_477' title='bbox 778 4986 990 5042; x_wconf 88' lang='lat' dir='ltr'><strong><em>melius</em></strong></span> <span class='ocrx_word' id='word_1_478' title='bbox 1020 4986 1219 5050; x_wconf 81' lang='lat' dir='ltr'><strong><em>fuisse,</em></strong></span> <span class='ocrx_word' id='word_1_479' title='bbox 1253 4985 1414 5054; x_wconf 89' lang='lat' dir='ltr'><strong><em>audi,</em></strong></span> <span class='ocrx_word' id='word_1_480' title='bbox 1454 4986 1597 5057; x_wconf 90' lang='lat' dir='ltr'><strong><em>quid</em></strong></span> <span class='ocrx_word' id='word_1_481' title='bbox 1639 5001 1745 5058; x_wconf 90' lang='lat' dir='ltr'><strong><em>per</em></strong></span> <span class='ocrx_word' id='word_1_482' title='bbox 1773 4986 2130 5057; x_wconf 88' lang='lat' dir='ltr'><strong><em>prophetam</em></strong></span> 
     </span>
    </p>
   </div>
   <div class='ocr_carea' id='block_1_74' title="bbox 482 5074 2129 5149">
    <p class='ocr_par' dir='ltr' id='par_1_74' title="bbox 482 5074 2129 5149">
     <span class='ocr_line' id='line_1_77' title="bbox 482 5074 2129 5149; baseline 0.002 -17"><span class='ocrx_word' id='word_1_483' title='bbox 482 5074 643 5133; x_wconf 90' lang='lat' dir='ltr'><strong><em>dicat</em></strong></span> <span class='ocrx_word' id='word_1_484' title='bbox 670 5090 681 5129; x_wconf 92' lang='lat'>:</span> <span class='ocrx_word' id='word_1_485' title='bbox 710 5074 977 5131; x_wconf 85' lang='lat' dir='ltr'><strong><em>Statuam</em></strong></span> <span class='ocrx_word' id='word_1_486' title='bbox 1016 5075 1092 5130; x_wconf 91' lang='lat' dir='ltr'><strong><em>eis</em></strong></span> <span class='ocrx_word' id='word_1_487' title='bbox 1120 5075 1525 5133; x_wconf 84' lang='lat' dir='ltr'><strong><em>testamentum</em></strong></span> <span class='ocrx_word' id='word_1_488' title='bbox 1556 5090 1785 5140; x_wconf 80' lang='lat' dir='ltr'><strong><em>novom,</em></strong></span> <span class='ocrx_word' id='word_1_489' title='bbox 1814 5075 1954 5133; x_wconf 85' lang='lat' dir='ltr'><strong><em>dans</em></strong></span> <span class='ocrx_word' id='word_1_490' title='bbox 1981 5076 2129 5149; x_wconf 88' lang='lat' dir='ltr'><strong><em>leges</em></strong></span> 
     </span>
    </p>
   </div>
   <div class='ocr_carea' id='block_1_75' title="bbox 554 5173 1066 5244">
    <p class='ocr_par' dir='ltr' id='par_1_75' title="bbox 554 5173 1066 5244">
     <span class='ocr_line' id='line_1_78' title="bbox 554 5173 1066 5244; baseline 0.004 -15"><span class='ocrx_word' id='word_1_491' title='bbox 554 5175 573 5212; x_wconf 73' lang='grc' dir='ltr'>ί</span> <span class='ocrx_word' id='word_1_492' title='bbox 614 5174 789 5244; x_wconf 86' lang='lat' dir='ltr'><strong><em>Joan,</em></strong></span> <span class='ocrx_word' id='word_1_493' title='bbox 818 5189 940 5241; x_wconf 75' lang='lat' dir='ltr'><strong><em>xiv,</em></strong></span> <span class='ocrx_word' id='word_1_494' title='bbox 972 5173 1066 5231; x_wconf 89' lang='lat'><strong><em>26.</em></strong></span> 
     </span>
    </p>
   </div>
   <div class='ocr_carea' id='block_1_76' title="bbox 2320 3067 3899 3147">
    <p class='ocr_par' dir='ltr' id='par_1_76' title="bbox 2320 3067 3899 3147">
     <span class='ocr_line' id='line_1_79' title="bbox 2320 3067 3899 3147; baseline -0.001 -22"><span class='ocrx_word' id='word_1_495' title='bbox 2320 3080 2528 3147; x_wconf 85' lang='grc' dir='ltr'>Πρῶτον</span> <span class='ocrx_word' id='word_1_496' title='bbox 2558 3075 2649 3145; x_wconf 68' lang='grc' dir='ltr'>μὲν</span> <span class='ocrx_word' id='word_1_497' title='bbox 2680 3069 2873 3143; x_wconf 78' lang='grc' dir='ltr'>ἀγαθόν</span> <span class='ocrx_word' id='word_1_498' title='bbox 2907 3067 2986 3135; x_wconf 76' lang='grc' dir='ltr'><strong><em>ἦν,</em></strong></span> <span class='ocrx_word' id='word_1_499' title='bbox 3018 3074 3088 3143; x_wconf 78' lang='grc' dir='ltr'>μὴ</span> <span class='ocrx_word' id='word_1_500' title='bbox 3124 3068 3334 3123; x_wconf 88' lang='grc' dir='ltr'>δεῖσθαι</span> <span class='ocrx_word' id='word_1_501' title='bbox 3371 3071 3508 3143; x_wconf 76' lang='grc' dir='ltr'>ἡμᾶς</span> <span class='ocrx_word' id='word_1_502' title='bbox 3538 3078 3634 3133; x_wconf 82' lang='grc' dir='ltr'>τῆς</span> <span class='ocrx_word' id='word_1_503' title='bbox 3663 3070 3762 3124; x_wconf 84' lang='grc' dir='ltr'><strong><em>ἀπό</em></strong></span> <span class='ocrx_word' id='word_1_504' title='bbox 3801 3079 3899 3124; x_wconf 81' lang='grc' dir='ltr'>τῶν</span> 
     </span>
    </p>
   </div>
   <div class='ocr_carea' id='block_1_77' title="bbox 2245 3165 3900 3245">
    <p class='ocr_par' dir='ltr' id='par_1_77' title="bbox 2245 3165 3900 3245">
     <span class='ocr_line' id='line_1_80' title="bbox 2245 3165 3900 3245; baseline -0.001 -23"><span class='ocrx_word' id='word_1_505' title='bbox 2245 3172 2562 3245; x_wconf 82' lang='grc' dir='ltr'>γραμμάτων</span> <span class='ocrx_word' id='word_1_506' title='bbox 2584 3165 2963 3241; x_wconf 82' lang='grc' dir='ltr'>βοηθείας,ἀλλ’</span> <span class='ocrx_word' id='word_1_507' title='bbox 2988 3168 3121 3220; x_wconf 78' lang='grc' dir='ltr'>οὕτω</span> <span class='ocrx_word' id='word_1_508' title='bbox 3155 3169 3482 3242; x_wconf 83' lang='grc' dir='ltr'>παρέχεσθαι</span> <span class='ocrx_word' id='word_1_509' title='bbox 3504 3166 3621 3241; x_wconf 83' lang='grc' dir='ltr'>βίον</span> <span class='ocrx_word' id='word_1_510' title='bbox 3650 3170 3900 3242; x_wconf 78' lang='grc' dir='ltr'>καθαρὸν,</span> 
     </span>
    </p>
   </div>
   <div class='ocr_carea' id='block_1_78' title="bbox 2245 3262 3902 3345">
    <p class='ocr_par' dir='ltr' id='par_1_78' title="bbox 2245 3262 3902 3340">
     <span class='ocr_line' id='line_1_81' title="bbox 2245 3262 3902 3340; baseline 0 -20"><span class='ocrx_word' id='word_1_511' title='bbox 2245 3267 2381 3320; x_wconf 80' lang='grc' dir='ltr'>ὥστε</span> <span class='ocrx_word' id='word_1_512' title='bbox 2410 3270 2500 3329; x_wconf 84' lang='grc' dir='ltr'><strong><em>τὰς</em></strong></span> <span class='ocrx_word' id='word_1_513' title='bbox 2542 3269 2791 3340; x_wconf 72' lang='grc' dir='ltr'>ἡμετέρας</span> <span class='ocrx_word' id='word_1_514' title='bbox 2838 3262 3064 3340; x_wconf 85' lang='grc' dir='ltr'>καρδίας</span> <span class='ocrx_word' id='word_1_515' title='bbox 3103 3265 3213 3318; x_wconf 77' lang='grc' dir='ltr'>ἀντὶ</span> <span class='ocrx_word' id='word_1_516' title='bbox 3259 3264 3475 3340; x_wconf 74' lang='grc' dir='ltr'>βιϐλίων</span> <span class='ocrx_word' id='word_1_517' title='bbox 3518 3268 3779 3339; x_wconf 76' lang='grc' dir='ltr'>γίνεσθαι,</span> <span class='ocrx_word' id='word_1_518' title='bbox 3811 3271 3902 3321; x_wconf 80' lang='grc' dir='ltr'>καὶ</span> 
     </span>
    </p>
   </div>
   <div class='ocr_carea' id='block_1_79' title="bbox 2247 3356 3902 3437">
    <p class='ocr_par' dir='ltr' id='par_1_79' title="bbox 2247 3356 3902 3437">
     <span class='ocr_line' id='line_1_82' title="bbox 2247 3356 3902 3437; baseline 0 -20"><span class='ocrx_word' id='word_1_519' title='bbox 2247 3356 2476 3437; x_wconf 79' lang='grc' dir='ltr'>καθάπερ</span> <span class='ocrx_word' id='word_1_520' title='bbox 2502 3372 2668 3417; x_wconf 79' lang='grc' dir='ltr'>ταῦτα</span> <span class='ocrx_word' id='word_1_521' title='bbox 2698 3360 2732 3415; x_wconf 89' lang='grc' dir='ltr'><strong><em>δ</em></strong></span> <span class='ocrx_word' id='word_1_522' title='bbox 2738 3367 2789 3417; x_wconf 80' lang='grc' dir='ltr'>ιὰ</span> <span class='ocrx_word' id='word_1_523' title='bbox 2818 3364 3051 3436; x_wconf 79' lang='grc' dir='ltr'>μέλανος,</span> <span class='ocrx_word' id='word_1_524' title='bbox 3084 3364 3218 3417; x_wconf 70' lang='grc' dir='ltr'>οὕτω</span> <span class='ocrx_word' id='word_1_525' title='bbox 3256 3365 3452 3425; x_wconf 85' lang='grc' dir='ltr'>ταύτας</span> <span class='ocrx_word' id='word_1_526' title='bbox 3482 3360 3576 3416; x_wconf 79' lang='grc' dir='ltr'><strong><em>διὰ</em></strong></span> <span class='ocrx_word' id='word_1_527' title='bbox 3608 3367 3902 3437; x_wconf 85' lang='grc' dir='ltr'>Πνεύματος</span> 
     </span>
    </p>
   </div>
   <div class='ocr_carea' id='block_1_80' title="bbox 2246 3458 3897 3543">
    <p class='ocr_par' dir='ltr' id='par_1_80' title="bbox 2246 3458 3897 3543">
     <span class='ocr_line' id='line_1_83' title="bbox 2246 3458 3897 3543; baseline -0.001 -27"><span class='ocrx_word' id='word_1_528' title='bbox 2246 3462 2621 3543; x_wconf 73' lang='grc' dir='ltr'>ἕγγεγράφθαι.</span> <span class='ocrx_word' id='word_1_529' title='bbox 2663 3463 2803 3515; x_wconf 85' lang='grc' dir='ltr'>Ἐπεὶ</span> <span class='ocrx_word' id='word_1_530' title='bbox 2831 3458 2889 3516; x_wconf 68' lang='grc' dir='ltr'>δὲ</span> <span class='ocrx_word' id='word_1_531' title='bbox 2918 3464 3112 3520; x_wconf 79' lang='grc' dir='ltr'>ταύτην</span> <span class='ocrx_word' id='word_1_532' title='bbox 3144 3458 3179 3514; x_wconf 89' lang='grc' dir='ltr'><strong><em>δ</em></strong></span> <span class='ocrx_word' id='word_1_533' title='bbox 3184 3463 3564 3536; x_wconf 77' lang='grc' dir='ltr'>ιεκρουσοίμεθα</span> <span class='ocrx_word' id='word_1_534' title='bbox 3591 3466 3685 3521; x_wconf 76' lang='grc' dir='ltr'>τὴν</span> <span class='ocrx_word' id='word_1_535' title='bbox 3715 3465 3897 3536; x_wconf 70' lang='grc' dir='ltr'>χάριν,</span> 
     </span>
    </p>
   </div>
   <div class='ocr_carea' id='block_1_81' title="bbox 2248 3556 3900 3636">
    <p class='ocr_par' dir='ltr' id='par_1_81' title="bbox 2248 3556 3900 3636">
     <span class='ocr_line' id='line_1_84' title="bbox 2248 3556 3900 3636; baseline -0.001 -23"><span class='ocrx_word' id='word_1_536' title='bbox 2248 3566 2381 3636; x_wconf 77' lang='grc' dir='ltr'>φέρε,</span> <span class='ocrx_word' id='word_1_537' title='bbox 2420 3561 2514 3612; x_wconf 81' lang='grc' dir='ltr'>κᾶν</span> <span class='ocrx_word' id='word_1_538' title='bbox 2565 3564 2652 3612; x_wconf 90' lang='grc' dir='ltr'><strong><em>τόν</em></strong></span> <span class='ocrx_word' id='word_1_539' title='bbox 2711 3556 2949 3632; x_wconf 84' lang='grc' dir='ltr'>δεύτερον</span> <span class='ocrx_word' id='word_1_540' title='bbox 3019 3558 3383 3633; x_wconf 83' lang='grc' dir='ltr'>ἁσπασώμεθα</span> <span class='ocrx_word' id='word_1_541' title='bbox 3425 3560 3605 3626; x_wconf 82' lang='grc' dir='ltr'>πλοῦν,</span> <span class='ocrx_word' id='word_1_542' title='bbox 3657 3564 3745 3613; x_wconf 76' lang='grc' dir='ltr'>καὶ</span> <span class='ocrx_word' id='word_1_543' title='bbox 3796 3567 3900 3620; x_wconf 84' lang='grc' dir='ltr'>τοῖς</span> 
     </span>
    </p>
   </div>
   <div class='ocr_carea' id='block_1_82' title="bbox 2246 3654 3895 3733">
    <p class='ocr_par' dir='ltr' id='par_1_82' title="bbox 2246 3654 3895 3733">
     <span class='ocr_line' id='line_1_85' title="bbox 2246 3654 3895 3733; baseline -0.001 -22"><span class='ocrx_word' id='word_1_544' title='bbox 2246 3662 2553 3733; x_wconf 80' lang='grc' dir='ltr'>γράμμασιν</span> <span class='ocrx_word' id='word_1_545' title='bbox 2601 3658 2672 3719; x_wconf 84' lang='grc' dir='ltr'><strong><em>εἰς</em></strong></span> <span class='ocrx_word' id='word_1_546' title='bbox 2712 3654 2827 3710; x_wconf 77' lang='grc' dir='ltr'>δέον</span> <span class='ocrx_word' id='word_1_547' title='bbox 2879 3659 3226 3730; x_wconf 80' lang='grc' dir='ltr'>χρησώμεθα.</span> <span class='ocrx_word' id='word_1_548' title='bbox 3277 3662 3377 3710; x_wconf 81' lang='grc' dir='ltr'><strong><em>Καὶ</em></strong></span> <span class='ocrx_word' id='word_1_549' title='bbox 3427 3660 3527 3733; x_wconf 82' lang='grc' dir='ltr'><strong><em>γὰρ</em></strong></span> <span class='ocrx_word' id='word_1_550' title='bbox 3567 3660 3652 3710; x_wconf 76' lang='grc' dir='ltr'><strong><em>επὶ</em></strong></span> <span class='ocrx_word' id='word_1_551' title='bbox 3694 3666 3791 3710; x_wconf 85' lang='grc' dir='ltr'><strong><em>τῶν</em></strong></span> <span class='ocrx_word' id='word_1_552' title='bbox 3847 3656 3895 3710; x_wconf 74' lang='grc' dir='ltr'>ἓν</span> 
     </span>
    </p>
   </div>
   <div class='ocr_carea' id='block_1_83' title="bbox 2246 3753 3895 3829">
    <p class='ocr_par' dir='ltr' id='par_1_83' title="bbox 2246 3753 3895 3829">
     <span class='ocr_line' id='line_1_86' title="bbox 2246 3753 3895 3829; baseline -0.002 -19"><span class='ocrx_word' id='word_1_553' title='bbox 2246 3765 2308 3829; x_wconf 79' lang='grc' dir='ltr'>τῇ</span> <span class='ocrx_word' id='word_1_554' title='bbox 2353 3755 2573 3826; x_wconf 78' lang='grc' dir='ltr'>Παλαιᾷ,</span> <span class='ocrx_word' id='word_1_555' title='bbox 2630 3764 2702 3825; x_wconf 85' lang='grc' dir='ltr'>τῷ</span> <span class='ocrx_word' id='word_1_556' title='bbox 2740 3762 2854 3807; x_wconf 86' lang='grc' dir='ltr'><strong><em>Νῶε</em></strong></span> <span class='ocrx_word' id='word_1_557' title='bbox 2904 3758 2991 3806; x_wconf 82' lang='grc' dir='ltr'>καὶ</span> <span class='ocrx_word' id='word_1_558' title='bbox 3042 3761 3114 3823; x_wconf 85' lang='grc' dir='ltr'>τῷ</span> <span class='ocrx_word' id='word_1_559' title='bbox 3168 3753 3405 3827; x_wconf 78' lang='grc' dir='ltr'>’Δϐραὰμ</span> <span class='ocrx_word' id='word_1_560' title='bbox 3451 3759 3540 3806; x_wconf 85' lang='grc' dir='ltr'>καὶ</span> <span class='ocrx_word' id='word_1_561' title='bbox 3592 3753 3698 3816; x_wconf 78' lang='grc' dir='ltr'>τοῖς</span> <span class='ocrx_word' id='word_1_562' title='bbox 3741 3754 3895 3827; x_wconf 68' lang='grc' dir='ltr'>ἐγγό-</span> 
     </span>
    </p>
   </div>
   <div class='ocr_carea' id='block_1_84' title="bbox 2244 3840 3896 3916">
    <p class='ocr_par' dir='ltr' id='par_1_84' title="bbox 2244 3840 3896 3916">
     <span class='ocr_line' id='line_1_87' title="bbox 2244 3840 3896 3916; baseline -0.002 -17"><span class='ocrx_word' id='word_1_563' title='bbox 2244 3866 2352 3907; x_wconf 85' lang='grc' dir='ltr'>νοις</span> <span class='ocrx_word' id='word_1_564' title='bbox 2386 3853 2494 3906; x_wconf 86' lang='grc' dir='ltr'>τοῖς</span> <span class='ocrx_word' id='word_1_565' title='bbox 2545 3844 2759 3913; x_wconf 72' lang='grc' dir='ltr'>ἑκείνου,</span> <span class='ocrx_word' id='word_1_566' title='bbox 2793 3847 2883 3896; x_wconf 84' lang='grc' dir='ltr'>καὶ</span> <span class='ocrx_word' id='word_1_567' title='bbox 2921 3850 2993 3913; x_wconf 82' lang='grc' dir='ltr'>τῷ</span> <span class='ocrx_word' id='word_1_568' title='bbox 3036 3842 3176 3910; x_wconf 77' lang='grc' dir='ltr'><strong><em>Ἰὼϐ,</em></strong></span> <span class='ocrx_word' id='word_1_569' title='bbox 3207 3847 3296 3895; x_wconf 83' lang='grc' dir='ltr'>καὶ</span> <span class='ocrx_word' id='word_1_570' title='bbox 3333 3851 3404 3913; x_wconf 83' lang='grc' dir='ltr'>τῷ</span> <span class='ocrx_word' id='word_1_571' title='bbox 3434 3845 3653 3916; x_wconf 75' lang='grc' dir='ltr'>Μωϋσῇ,</span> <span class='ocrx_word' id='word_1_572' title='bbox 3705 3844 3764 3896; x_wconf 77' lang='grc' dir='ltr'>οὐ</span> <span class='ocrx_word' id='word_1_573' title='bbox 3803 3840 3896 3896; x_wconf 85' lang='grc' dir='ltr'>διὰ</span> 
     </span>
    </p>
   </div>
   <div class='ocr_carea' id='block_1_85' title="bbox 2244 3935 3893 4017">
    <p class='ocr_par' dir='ltr' id='par_1_85' title="bbox 2244 3935 3893 4017">
     <span class='ocr_line' id='line_1_88' title="bbox 2244 3935 3893 4017; baseline 0 -23"><span class='ocrx_word' id='word_1_574' title='bbox 2244 3944 2565 4017; x_wconf 77' lang='grc' dir='ltr'>γραμμάτων</span> <span class='ocrx_word' id='word_1_575' title='bbox 2618 3943 2643 3992; x_wconf 98' lang='lat'><strong><em>6</em></strong></span> <span class='ocrx_word' id='word_1_576' title='bbox 2684 3944 2832 4012; x_wconf 77' lang='grc' dir='ltr'>Θεὸς,</span> <span class='ocrx_word' id='word_1_577' title='bbox 2868 3939 2996 3992; x_wconf 79' lang='grc' dir='ltr'>ἀλλὰ</span> <span class='ocrx_word' id='word_1_578' title='bbox 3034 3935 3090 3992; x_wconf 89' lang='grc' dir='ltr'><strong><em>δι</em></strong></span> <span class='ocrx_word' id='word_1_579' title='bbox 3115 3938 3313 3992; x_wconf 77' lang='grc' dir='ltr'>’ἑαυτοῦ</span> <span class='ocrx_word' id='word_1_580' title='bbox 3355 3936 3629 4012; x_wconf 81' lang='grc' dir='ltr'>διελέγετο,</span> <span class='ocrx_word' id='word_1_581' title='bbox 3661 3943 3893 4014; x_wconf 79' lang='grc' dir='ltr'>καθαρὰν</span> 
     </span>
    </p>
   </div>
   <div class='ocr_carea' id='block_1_86' title="bbox 2246 4033 3893 4113">
    <p class='ocr_par' dir='ltr' id='par_1_86' title="bbox 2246 4033 3893 4113">
     <span class='ocr_line' id='line_1_89' title="bbox 2246 4033 3893 4113; baseline -0.001 -21"><span class='ocrx_word' id='word_1_582' title='bbox 2246 4041 2498 4113; x_wconf 75' lang='grc' dir='ltr'>εὑρίσκων</span> <span class='ocrx_word' id='word_1_583' title='bbox 2575 4038 2741 4089; x_wconf 70' lang='grc' dir='ltr'>αὑτων</span> <span class='ocrx_word' id='word_1_584' title='bbox 2803 4041 2896 4095; x_wconf 84' lang='grc' dir='ltr'>τὴν</span> <span class='ocrx_word' id='word_1_585' title='bbox 2964 4033 3225 4093; x_wconf 71' lang='grc' dir='ltr'>διάνοιαν.</span> <span class='ocrx_word' id='word_1_586' title='bbox 3292 4037 3435 4089; x_wconf 79' lang='grc' dir='ltr'>Ἐπεὶ</span> <span class='ocrx_word' id='word_1_587' title='bbox 3489 4033 3547 4090; x_wconf 72' lang='grc' dir='ltr'><strong><em>δε</em></strong></span> <span class='ocrx_word' id='word_1_588' title='bbox 3614 4037 3686 4100; x_wconf 85' lang='grc' dir='ltr'><strong><em>εἰς</em></strong></span> <span class='ocrx_word' id='word_1_589' title='bbox 3740 4038 3893 4091; x_wconf 77' lang='grc' dir='ltr'>αὐτόν</span> 
     </span>
    </p>
   </div>
   <div class='ocr_carea' id='block_1_87' title="bbox 2247 4123 3891 4203">
    <p class='ocr_par' dir='ltr' id='par_1_87' title="bbox 2247 4123 3891 4203">
     <span class='ocr_line' id='line_1_90' title="bbox 2247 4123 3891 4203; baseline 0 -23"><span class='ocrx_word' id='word_1_590' title='bbox 2247 4132 2334 4181; x_wconf 90' lang='grc' dir='ltr'>τὸν</span> <span class='ocrx_word' id='word_1_591' title='bbox 2388 4123 2481 4188; x_wconf 80' lang='grc' dir='ltr'>τῆς</span> <span class='ocrx_word' id='word_1_592' title='bbox 2530 4130 2713 4187; x_wconf 77' lang='grc' dir='ltr'>κακίας</span> <span class='ocrx_word' id='word_1_593' title='bbox 2763 4124 2963 4178; x_wconf 74' lang='grc' dir='ltr'>ἐνέπεσε</span> <span class='ocrx_word' id='word_1_594' title='bbox 3017 4128 3252 4198; x_wconf 81' lang='grc' dir='ltr'>πυθμένα</span> <span class='ocrx_word' id='word_1_595' title='bbox 3306 4131 3408 4186; x_wconf 84' lang='grc' dir='ltr'>πᾶς</span> <span class='ocrx_word' id='word_1_596' title='bbox 3465 4126 3489 4177; x_wconf 91' lang='lat'><strong><em>6</em></strong></span> <span class='ocrx_word' id='word_1_597' title='bbox 3547 4135 3645 4178; x_wconf 86' lang='grc' dir='ltr'>τῶν</span> <span class='ocrx_word' id='word_1_598' title='bbox 3691 4126 3891 4203; x_wconf 81' lang='grc' dir='ltr'>Ἐϐραί-</span> 
     </span>
    </p>
   </div>
   <div class='ocr_carea' id='block_1_88' title="bbox 3412 4217 3892 4290">
    <p class='ocr_par' dir='ltr' id='par_1_88' title="bbox 3412 4217 3892 4290">
     <span class='ocr_line' id='line_1_91' title="bbox 3412 4217 3892 4290; baseline 0.006 -24"><span class='ocrx_word' id='word_1_599' title='bbox 3412 4218 3501 4267; x_wconf 88' lang='grc' dir='ltr'>καὶ</span> <span class='ocrx_word' id='word_1_600' title='bbox 3589 4217 3892 4290; x_wconf 74' lang='grc' dir='ltr'>γράμματα,</span> 
     </span>
    </p>
   </div>
   <div class='ocr_carea' id='block_1_89' title="bbox 2248 4212 3336 4289">
    <p class='ocr_par' dir='ltr' id='par_1_89' title="bbox 2248 4212 3336 4289">
     <span class='ocr_line' id='line_1_92' title="bbox 2248 4212 3336 4289; baseline -0.002 -21"><span class='ocrx_word' id='word_1_601' title='bbox 2248 4237 2314 4269; x_wconf 92' lang='grc' dir='ltr'>ων</span> <span class='ocrx_word' id='word_1_602' title='bbox 2390 4212 2581 4289; x_wconf 80' lang='grc' dir='ltr'>δῆμος,</span> <span class='ocrx_word' id='word_1_603' title='bbox 2667 4221 2781 4268; x_wconf 83' lang='grc' dir='ltr'>τότε</span> <span class='ocrx_word' id='word_1_604' title='bbox 2870 4215 3047 4268; x_wconf 89' lang='grc' dir='ltr'>λοιπὸν</span> <span class='ocrx_word' id='word_1_605' title='bbox 3130 4214 3336 4282; x_wconf 76' lang='grc' dir='ltr'>πλάκες,</span> 
     </span>
    </p>
   </div>
   <div class='ocr_carea' id='block_1_90' title="bbox 1808 4275 3896 4376">
    <p class='ocr_par' dir='ltr' id='par_1_90' title="bbox 1808 4275 3896 4376">
     <span class='ocr_line' id='line_1_93' title="bbox 1808 4275 3896 4376; baseline 0.01 -26"><span class='ocrx_word' id='word_1_606' title='bbox 1808 4290 1879 4331; x_wconf 65' lang='lat' dir='ltr'><strong>ac</strong></span> <span class='ocrx_word' id='word_1_607' title='bbox 1933 4275 2136 4376; x_wconf 29' lang='lat' dir='ltr'><strong><em>Mter&quot;?</em></strong></span> <span class='ocrx_word' id='word_1_608' title='bbox 2170 4288 2216 4344; x_wconf 85' lang='lat' dir='ltr'>D</span> <span class='ocrx_word' id='word_1_609' title='bbox 2247 4310 2336 4357; x_wconf 87' lang='grc' dir='ltr'>καὶ</span> <span class='ocrx_word' id='word_1_610' title='bbox 2409 4275 2594 4363; x_wconf 40' lang='grc' dir='ltr'>ἠιδιά</span> <span class='ocrx_word' id='word_1_611' title='bbox 2644 4308 2837 4357; x_wconf 77' lang='grc' dir='ltr'>τούτων</span> <span class='ocrx_word' id='word_1_612' title='bbox 2890 4305 3210 4376; x_wconf 72' lang='grc' dir='ltr'>ὑπόμνησις.</span> <span class='ocrx_word' id='word_1_613' title='bbox 3274 4302 3498 4376; x_wconf 77' lang='grc' dir='ltr'>Ὁμοίως</span> <span class='ocrx_word' id='word_1_614' title='bbox 3669 4275 3758 4357; x_wconf 53' lang='grc' dir='ltr'><strong><em>έσὶὶ</em></strong></span> <span class='ocrx_word' id='word_1_615' title='bbox 3814 4306 3896 4357; x_wconf 72' lang='grc' dir='ltr'><strong><em>έπὶ</em></strong></span> 
     </span>
    </p>
   </div>
   <div class='ocr_carea' id='block_1_91' title="bbox 2244 4397 3897 4476">
    <p class='ocr_par' dir='ltr' id='par_1_91' title="bbox 2244 4397 3897 4476">
     <span class='ocr_line' id='line_1_94' title="bbox 2244 4397 3897 4476; baseline 0 -21"><span class='ocrx_word' id='word_1_616' title='bbox 2244 4411 2344 4455; x_wconf 88' lang='grc' dir='ltr'>τῶν</span> <span class='ocrx_word' id='word_1_617' title='bbox 2409 4401 2457 4455; x_wconf 76' lang='grc' dir='ltr'>ἐν</span> <span class='ocrx_word' id='word_1_618' title='bbox 2508 4411 2571 4476; x_wconf 80' lang='grc' dir='ltr'>τῇ</span> <span class='ocrx_word' id='word_1_619' title='bbox 2646 4409 2806 4475; x_wconf 67' lang='grc' dir='ltr'>Καινῷ</span> <span class='ocrx_word' id='word_1_620' title='bbox 2863 4408 3016 4454; x_wconf 83' lang='grc' dir='ltr'>τοῦτο</span> <span class='ocrx_word' id='word_1_621' title='bbox 3066 4399 3268 4475; x_wconf 79' lang='grc' dir='ltr'>συμϐὰν</span> <span class='ocrx_word' id='word_1_622' title='bbox 3316 4397 3427 4454; x_wconf 79' lang='grc' dir='ltr'>ἳδοι</span> <span class='ocrx_word' id='word_1_623' title='bbox 3481 4420 3558 4463; x_wconf 88' lang='grc' dir='ltr'><strong><em>τις</em></strong></span> <span class='ocrx_word' id='word_1_624' title='bbox 3595 4399 3679 4457; x_wconf 88' lang='grc' dir='ltr'>ἆν.</span> <span class='ocrx_word' id='word_1_625' title='bbox 3757 4398 3897 4455; x_wconf 71' lang='grc' dir='ltr'>Οὐδε</span> 
     </span>
    </p>
   </div>
   <div class='ocr_carea' id='block_1_92' title="bbox 2243 4495 3897 4574">
    <p class='ocr_par' dir='ltr' id='par_1_92' title="bbox 2243 4495 3897 4574">
     <span class='ocr_line' id='line_1_95' title="bbox 2243 4495 3897 4574; baseline -0.001 -21"><span class='ocrx_word' id='word_1_626' title='bbox 2243 4503 2341 4574; x_wconf 79' lang='grc' dir='ltr'>γάρ</span> <span class='ocrx_word' id='word_1_627' title='bbox 2407 4508 2513 4562; x_wconf 88' lang='grc' dir='ltr'>τοῖς</span> <span class='ocrx_word' id='word_1_628' title='bbox 2562 4498 2872 4561; x_wconf 79' lang='grc' dir='ltr'>ἀποστόλοις</span> <span class='ocrx_word' id='word_1_629' title='bbox 2923 4495 3087 4552; x_wconf 73' lang='grc' dir='ltr'>ἱδωκέ</span> <span class='ocrx_word' id='word_1_630' title='bbox 3135 4518 3184 4551; x_wconf 87' lang='grc' dir='ltr'><strong><em>τι</em></strong></span> <span class='ocrx_word' id='word_1_631' title='bbox 3237 4500 3471 4573; x_wconf 81' lang='grc' dir='ltr'>γραπτὸν</span> <span class='ocrx_word' id='word_1_632' title='bbox 3523 4499 3548 4550; x_wconf 91' lang='grc' dir='ltr'><strong><em>ό</em></strong></span> <span class='ocrx_word' id='word_1_633' title='bbox 3599 4502 3751 4568; x_wconf 80' lang='grc' dir='ltr'>Θεὸς,</span> <span class='ocrx_word' id='word_1_634' title='bbox 3806 4497 3897 4551; x_wconf 77' lang='grc' dir='ltr'>ἀλλ</span> 
     </span>
    </p>
   </div>
   <div class='ocr_carea' id='block_1_93' title="bbox 2236 4576 3892 4675">
    <p class='ocr_par' dir='ltr' id='par_1_93' title="bbox 2236 4576 3892 4675">
     <span class='ocr_line' id='line_1_96' title="bbox 2236 4576 3892 4675; baseline 0 -26"><span class='ocrx_word' id='word_1_635' title='bbox 2236 4598 2357 4652; x_wconf 84' lang='grc' dir='ltr'>,ἀντὶ</span> <span class='ocrx_word' id='word_1_636' title='bbox 2412 4600 2734 4675; x_wconf 78' lang='grc' dir='ltr'>γραμμάτων</span> <span class='ocrx_word' id='word_1_637' title='bbox 2811 4576 2906 4657; x_wconf 64' lang='lat' dir='ltr'><strong><em>riu</em></strong></span> <span class='ocrx_word' id='word_1_638' title='bbox 2962 4604 3052 4675; x_wconf 81' lang='grc' dir='ltr'>τοῦ</span> <span class='ocrx_word' id='word_1_639' title='bbox 3112 4600 3404 4670; x_wconf 84' lang='grc' dir='ltr'>Πνεύματος</span> <span class='ocrx_word' id='word_1_640' title='bbox 3480 4596 3658 4660; x_wconf 77' lang='grc' dir='ltr'>αὐτοῖς</span> <span class='ocrx_word' id='word_1_641' title='bbox 3736 4598 3892 4670; x_wconf 62' lang='lat'><strong><em>61:217-</em></strong></span> 
     </span>
    </p>
   </div>
   <div class='ocr_carea' id='block_1_94' title="bbox 2240 4693 3894 4772">
    <p class='ocr_par' dir='ltr' id='par_1_94' title="bbox 2240 4693 3894 4772">
     <span class='ocr_line' id='line_1_97' title="bbox 2240 4693 3894 4772; baseline -0.007 -21"><span class='ocrx_word' id='word_1_642' title='bbox 2240 4698 2446 4772; x_wconf 84' lang='grc' dir='ltr'>γείλατο</span> <span class='ocrx_word' id='word_1_643' title='bbox 2528 4694 2715 4749; x_wconf 85' lang='grc' dir='ltr'>δώσειν</span> <span class='ocrx_word' id='word_1_644' title='bbox 2785 4698 2973 4770; x_wconf 81' lang='grc' dir='ltr'>χάριν.</span> <span class='ocrx_word' id='word_1_645' title='bbox 3051 4695 3270 4756; x_wconf 85' lang='grc' dir='ltr'>Ἐκεῖνος</span> <span class='ocrx_word' id='word_1_646' title='bbox 3333 4697 3434 4768; x_wconf 82' lang='grc' dir='ltr'><strong><em>γὰρ</em></strong></span> <span class='ocrx_word' id='word_1_647' title='bbox 3486 4696 3622 4767; x_wconf 82' lang='grc' dir='ltr'>ὑμᾶς</span> <span class='ocrx_word' id='word_1_648' title='bbox 3665 4693 3894 4768; x_wconf 58' lang='grc' dir='ltr'>ὼαμνὴ.</span> 
     </span>
    </p>
   </div>
   <div class='ocr_carea' id='block_1_95' title="bbox 2243 4792 3893 4869">
    <p class='ocr_par' dir='ltr' id='par_1_95' title="bbox 2243 4792 3893 4869">
     <span class='ocr_line' id='line_1_98' title="bbox 2243 4792 3893 4869; baseline 0 -20"><span class='ocrx_word' id='word_1_649' title='bbox 2243 4804 2342 4864; x_wconf 67' lang='lat' dir='ltr'><strong><em>an,</em></strong></span> <span class='ocrx_word' id='word_1_650' title='bbox 2403 4800 2557 4869; x_wconf 69' lang='grc' dir='ltr'><strong><em>φησὶ,</em></strong></span> <span class='ocrx_word' id='word_1_651' title='bbox 2586 4797 2781 4852; x_wconf 79' lang='grc' dir='ltr'>πάντα.</span> <span class='ocrx_word' id='word_1_652' title='bbox 2841 4798 2942 4849; x_wconf 80' lang='grc' dir='ltr'><strong><em>Καὶ</em></strong></span> <span class='ocrx_word' id='word_1_653' title='bbox 2977 4795 3061 4847; x_wconf 83' lang='grc' dir='ltr'>ἶνα</span> <span class='ocrx_word' id='word_1_654' title='bbox 3095 4792 3290 4867; x_wconf 73' lang='grc' dir='ltr'>μάθῃς,</span> <span class='ocrx_word' id='word_1_655' title='bbox 3335 4793 3416 4846; x_wconf 83' lang='grc' dir='ltr'>ὃτι</span> <span class='ocrx_word' id='word_1_656' title='bbox 3461 4801 3615 4846; x_wconf 78' lang='grc' dir='ltr'>τοῦτο</span> <span class='ocrx_word' id='word_1_657' title='bbox 3657 4793 3788 4851; x_wconf 79' lang='grc' dir='ltr'>πολὺ</span> <span class='ocrx_word' id='word_1_658' title='bbox 3818 4796 3893 4865; x_wconf 83' lang='grc'><strong><em>(2)</em></strong></span> 
     </span>
    </p>
   </div>
   <div class='ocr_carea' id='block_1_96' title="bbox 2240 4880 3884 4960">
    <p class='ocr_par' dir='ltr' id='par_1_96' title="bbox 2240 4880 3884 4960">
     <span class='ocr_line' id='line_1_99' title="bbox 2240 4880 3884 4960; baseline -0.003 -20"><span class='ocrx_word' id='word_1_659' title='bbox 2240 4888 2444 4960; x_wconf 82' lang='grc' dir='ltr'>ἄμεινον</span> <span class='ocrx_word' id='word_1_660' title='bbox 2516 4882 2597 4951; x_wconf 74' lang='grc' dir='ltr'><strong><em>ἦν,</em></strong></span> <span class='ocrx_word' id='word_1_661' title='bbox 2649 4884 2894 4951; x_wconf 81' lang='grc' dir='ltr'>ἄκουσον,</span> <span class='ocrx_word' id='word_1_662' title='bbox 2963 4880 3057 4936; x_wconf 85' lang='grc' dir='ltr'><strong><em>διὰ</em></strong></span> <span class='ocrx_word' id='word_1_663' title='bbox 3119 4891 3211 4938; x_wconf 84' lang='grc' dir='ltr'>τοῦ</span> <span class='ocrx_word' id='word_1_664' title='bbox 3266 4888 3536 4957; x_wconf 71' lang='grc' dir='ltr'>προφήτου</span> <span class='ocrx_word' id='word_1_665' title='bbox 3608 4887 3660 4936; x_wconf 82' lang='grc' dir='ltr'><strong><em>τί</em></strong></span> <span class='ocrx_word' id='word_1_666' title='bbox 3725 4899 3884 4956; x_wconf 68' lang='grc' dir='ltr'>φησι·</span> 
     </span>
    </p>
   </div>
   <div class='ocr_carea' id='block_1_97' title="bbox 2240 4978 3398 5057">
    <p class='ocr_par' dir='ltr' id='par_1_97' title="bbox 2240 4978 3398 5057">
     <span class='ocr_line' id='line_1_100' title="bbox 2240 4978 3398 5057; baseline -0.006 -17"><span class='ocrx_word' id='word_1_667' title='bbox 2240 4988 2566 5057; x_wconf 82' lang='grc' dir='ltr'>Διαθὴσομαι</span> <span class='ocrx_word' id='word_1_668' title='bbox 2644 4986 2764 5057; x_wconf 80' lang='grc' dir='ltr'>ὑμῖν</span> <span class='ocrx_word' id='word_1_669' title='bbox 2854 4978 3115 5041; x_wconf 81' lang='grc' dir='ltr'>διαθήκην</span> <span class='ocrx_word' id='word_1_670' title='bbox 3195 4986 3398 5047; x_wconf 72' lang='grc' dir='ltr'>καινὴν,</span> 
     </span>
    </p>
   </div>
   <div class='ocr_carea' id='block_1_98' title="bbox 2237 5067 3894 5158">
    <p class='ocr_par' dir='ltr' id='par_1_98' title="bbox 2237 5067 3894 5158">
     <span class='ocr_line' id='line_1_101' title="bbox 2237 5067 3894 5158; baseline -0.004 -28"><span class='ocrx_word' id='word_1_671' title='bbox 2237 5097 2364 5158; x_wconf 77' lang='grc' dir='ltr'>μους</span> <span class='ocrx_word' id='word_1_672' title='bbox 2449 5094 2549 5150; x_wconf 82' lang='grc' dir='ltr'><strong><em>μου</em></strong></span> <span class='ocrx_word' id='word_1_673' title='bbox 2644 5074 2712 5136; x_wconf 87' lang='grc' dir='ltr'>εἰς</span> <span class='ocrx_word' id='word_1_674' title='bbox 2786 5069 3021 5127; x_wconf 83' lang='grc' dir='ltr'>διάνοιαν</span> <span class='ocrx_word' id='word_1_675' title='bbox 3107 5073 3275 5126; x_wconf 78' lang='grc' dir='ltr'>αὐτῶν</span> <span class='ocrx_word' id='word_1_676' title='bbox 3342 5076 3433 5125; x_wconf 75' lang='grc' dir='ltr'>καὶ</span> <span class='ocrx_word' id='word_1_677' title='bbox 3506 5070 3593 5125; x_wconf 72' lang='grc' dir='ltr'><strong><em>ἐπὶ</em></strong></span> <span class='ocrx_word' id='word_1_678' title='bbox 3673 5067 3894 5146; x_wconf 84' lang='grc' dir='ltr'>καρδίας</span> 
     </span>
    </p>
   </div>
   <div class='ocr_carea' id='block_1_99' title="bbox 3520 4977 3890 5044">
    <p class='ocr_par' dir='ltr' id='par_1_99' title="bbox 3520 4977 3890 5044">
     <span class='ocr_line' id='line_1_102' title="bbox 3520 4977 3890 5044; baseline 0.003 -11"><span class='ocrx_word' id='word_1_679' title='bbox 3520 4977 3710 5044; x_wconf 78' lang='grc' dir='ltr'>διδούς</span> <span class='ocrx_word' id='word_1_680' title='bbox 3800 4985 3890 5034; x_wconf 82' lang='grc' dir='ltr'>νό-</span> 
     </span>
    </p>
   </div>
   <div class='ocr_carea' id='block_1_100' title="bbox 1705 5277 2655 5354">
    <p class='ocr_par' dir='ltr' id='par_1_100' title="bbox 1705 5277 2655 5354">
     <span class='ocr_line' id='line_1_103' title="bbox 1705 5277 2655 5354; baseline -0.005 -5"><span class='ocrx_word' id='word_1_681' title='bbox 1705 5277 1929 5350; x_wconf 70' lang='lat' dir='ltr'><strong><em>Variae</em></strong></span> <span class='ocrx_word' id='word_1_682' title='bbox 1981 5282 2310 5354; x_wconf 83' lang='lat' dir='ltr'><strong><em>lectiones</em></strong></span> <span class='ocrx_word' id='word_1_683' title='bbox 2351 5289 2417 5348; x_wconf 89' lang='lat' dir='ltr'><strong><em>et</em></strong></span> <span class='ocrx_word' id='word_1_684' title='bbox 2453 5287 2655 5347; x_wconf 56' lang='lat' dir='ltr'><strong><em>notae.</em></strong></span> 
     </span>
    </p>
   </div>
   <div class='ocr_carea' id='block_1_101' title="bbox 547 5376 2128 5485">
    <p class='ocr_par' dir='ltr' id='par_1_101' title="bbox 547 5376 2128 5485">
     <span class='ocr_line' id='line_1_104' title="bbox 547 5376 2128 5485; baseline 0.009 -30"><span class='ocrx_word' id='word_1_685' title='bbox 547 5401 626 5475; x_wconf 86' lang='grc'><strong>(1)</strong></span> <span class='ocrx_word' id='word_1_686' title='bbox 668 5402 818 5457; x_wconf 90' lang='lat' dir='ltr'><strong><em>Loco</em></strong></span> <span class='ocrx_word' id='word_1_687' title='bbox 858 5399 1041 5474; x_wconf 84' lang='lat' dir='ltr'><strong><em>hujus</em></strong></span> <span class='ocrx_word' id='word_1_688' title='bbox 1071 5376 1372 5461; x_wconf 28' lang='lat' dir='ltr'><strong><em>indicis-in</em></strong></span> <span class='ocrx_word' id='word_1_689' title='bbox 1414 5402 1614 5463; x_wconf 90' lang='lat' dir='ltr'><strong><em>codice</em></strong></span> <span class='ocrx_word' id='word_1_690' title='bbox 1645 5407 1704 5463; x_wconf 90' lang='grc' dir='ltr'><strong>Β.</strong></span> <span class='ocrx_word' id='word_1_691' title='bbox 1738 5412 1827 5465; x_wconf 90' lang='lat' dir='ltr'><strong><em>est</em></strong></span> <span class='ocrx_word' id='word_1_692' title='bbox 1862 5408 2128 5485; x_wconf 86' lang='lat' dir='ltr'><strong><em>spatium</em></strong></span> 
     </span>
    </p>
   </div>
   <div class='ocr_carea' id='block_1_102' title="bbox 473 5506 2082 5561">
    <p class='ocr_par' dir='ltr' id='par_1_102' title="bbox 473 5506 2082 5561">
     <span class='ocr_line' id='line_1_105' title="bbox 473 5506 2082 5561; baseline -0.006 -11"><span class='ocrx_word' id='word_1_693' title='bbox 473 5506 757 5550; x_wconf 89' lang='lat' dir='ltr'><strong><em>vacuum.</em></strong></span> <span class='ocrx_word' id='word_1_694' title='bbox 1572 5556 1575 5561; x_wconf 27' lang='grc' dir='ltr'><strong>η</strong></span> <span class='ocrx_word' id='word_1_695' title='bbox 2078 5556 2082 5561; x_wconf 9' lang='grc' dir='ltr'><strong><em>ἡ</em></strong></span> 
     </span>
    </p>
   </div>
   <div class='ocr_carea' id='block_1_103' title="bbox 547 5580 2131 5664">
    <p class='ocr_par' dir='ltr' id='par_1_103' title="bbox 547 5580 2131 5664">
     <span class='ocr_line' id='line_1_106' title="bbox 547 5580 2131 5664; baseline 0.008 -29"><span class='ocrx_word' id='word_1_696' title='bbox 547 5580 624 5660; x_wconf 84' lang='lat'><strong>(2)</strong></span> <span class='ocrx_word' id='word_1_697' title='bbox 662 5580 782 5636; x_wconf 69' lang='grc' dir='ltr'>Ὀτι</span> <span class='ocrx_word' id='word_1_698' title='bbox 834 5582 967 5637; x_wconf 81' lang='grc' dir='ltr'>πολύ</span> <span class='ocrx_word' id='word_1_699' title='bbox 1018 5589 1171 5639; x_wconf 80' lang='grc' dir='ltr'>τοῦτο</span> <span class='ocrx_word' id='word_1_700' title='bbox 1221 5584 1446 5664; x_wconf 83' lang='grc' dir='ltr'>ἄμεινον,</span> <span class='ocrx_word' id='word_1_701' title='bbox 1500 5582 1731 5645; x_wconf 88' lang='lat' dir='ltr'><strong><em>omisso</em></strong></span> <span class='ocrx_word' id='word_1_702' title='bbox 1779 5580 1861 5648; x_wconf 70' lang='grc' dir='ltr'><strong>ἦν.</strong></span> <span class='ocrx_word' id='word_1_703' title='bbox 1916 5588 1987 5648; x_wconf 86' lang='grc' dir='ltr'><strong><em>Α.</em></strong></span> <span class='ocrx_word' id='word_1_704' title='bbox 2017 5584 2131 5647; x_wconf 85' lang='lat' dir='ltr'><strong><em>Sed</em></strong></span> 
     </span>
    </p>
   </div>
   <div class='ocr_carea' id='block_1_104' title="bbox 2234 5394 3889 5474">
    <p class='ocr_par' dir='ltr' id='par_1_104' title="bbox 2234 5394 3889 5474">
     <span class='ocr_line' id='line_1_107' title="bbox 2234 5394 3889 5474; baseline -0.007 -8"><span class='ocrx_word' id='word_1_705' title='bbox 2234 5404 2558 5473; x_wconf 76' lang='lat' dir='ltr'><strong><em>illomodo</em></strong></span> <span class='ocrx_word' id='word_1_706' title='bbox 2596 5401 2779 5461; x_wconf 87' lang='lat' dir='ltr'><strong><em>habet</em></strong></span> <span class='ocrx_word' id='word_1_707' title='bbox 2802 5399 3148 5474; x_wconf 83' lang='lat' dir='ltr'><strong><em>Chrystom.</em></strong></span> <span class='ocrx_word' id='word_1_708' title='bbox 3190 5403 3338 5457; x_wconf 89' lang='lat' dir='ltr'><strong><em>tom.</em></strong></span> <span class='ocrx_word' id='word_1_709' title='bbox 3394 5394 3513 5468; x_wconf 75' lang='grc' dir='ltr'><strong><em>νη,</em></strong></span> <span class='ocrx_word' id='word_1_710' title='bbox 3546 5413 3612 5471; x_wconf 93' lang='lat' dir='ltr'><strong><em>p.</em></strong></span> <span class='ocrx_word' id='word_1_711' title='bbox 3650 5398 3706 5466; x_wconf 86' lang='lat'><strong><em>2,</em></strong></span> <span class='ocrx_word' id='word_1_712' title='bbox 3747 5394 3889 5455; x_wconf 86' lang='lat' dir='ltr'><strong><em>edit.</em></strong></span> 
     </span>
    </p>
   </div>
   <div class='ocr_carea' id='block_1_105' title="bbox 2237 5492 2799 5556">
    <p class='ocr_par' dir='ltr' id='par_1_105' title="bbox 2237 5492 2799 5556">
     <span class='ocr_line' id='line_1_108' title="bbox 2237 5492 2799 5556; baseline -0.002 0"><span class='ocrx_word' id='word_1_713' title='bbox 2237 5492 2700 5556; x_wconf 81' lang='lat' dir='ltr'><strong><em>Montefalconii.</em></strong></span> <span class='ocrx_word' id='word_1_714' title='bbox 2794 5552 2799 5555; x_wconf 87' lang='lat'>_</span> 
     </span>
    </p>
   </div>
  </div>
