4166 6314
324 370 404 428 H3

1520 371 1886 429 COMMENT.
1926 370 1997 426 IN
2039 366 2472 426 MATTHEUM.

3556 358 3660 416 4M:

935 470 951 486 ι

310 498 481 572 γράψω
546 498 755 563 αὐτούς·
811 504 900 554 καὶ
954 502 1159 553 ἔσονται
1202 502 1387 563 πάντες
1445 497 1692 554 διδακτοὶ
1737 508 1868 554 Θεοῦ

2001 511 2159 553 meas
2190 495 2250 550 in
2285 499 2537 551 mentem
2588 507 2803 557 eorum,
2846 495 2899 547 et
2927 488 2991 547 ίη
3020 502 3191 547 carae
3218 486 3458 545 scribam
3492 500 3589 544 eas
3613 488 3657 553 ³,

314 594 401 642 Καὶ
444 590 467 640 ὀ
524 590 727 651 Παῦλος
773 588 848 662 δὲ,
898 595 1092 649 ταύτην
1149 587 1527 663 ἐνδεικνύμενος
1570 596 1660 649 τὴν
1714 611 1893 664 υπερο-

306 683 421 748 χὴν,
464 678 630 750 ἔλεγεν
680 679 931 752 εἰληφέναι
981 685 1155 752 νόμον,
1210 681 1302 733 ούκ
1347 681 1394 733 ἐν
1444 682 1598 745 πλαξὶ
1650 682 1889 745 λιθίναις,

302 760 397 817 ἀλλ’
447 766 495 818 ἐν
542 767 701 831 πλαξὶ
748 766 970 842 καρδίας
1034 775 1320 845 σαρκίναις.
1376 770 1518 823 Ἐπεί
1576 769 1635 824 δε
1692 776 1888 846 χρόνου

296 859 555 925 προίόντος
604 858 885 929 ἐξώκειλαν,
937 862 985 911 οἱ
1037 863 1125 931 μεν
1183 856 1456 934 δογμάτων
1488 860 1685 929 ἕνεκεν,
1732 864 1780 912 οἱ
1830 856 1888 912 δὲ

291 943 407 1017 βίου
439 946 529 997 καί
555 952 772 1021 τρόπου,
818 944 1001 1007 ἐδέησε
1039 950 1189 1002 πάλιν
1228 959 1317 1012 τῆς
1366 950 1465 1003 ἀπὸ
1511 960 1609 1002 τῶν
1639 950 1888 1024 γραμμά-

288 1053 383 1085 των
430 1036 790 1107 ὑπομνήσεως.
847 1038 1115 1096 Ἐννόησον
1165 1037 1271 1105 οὖν,
1324 1040 1499 1099 ἡλίκον
1551 1040 1660 1091 ἐστὶ
1706 1042 1882 1103 κακὸν,

290 1127 404 1183 τοὺς
458 1125 594 1176 οὕτω
651 1129 890 1200 καθαρῶς
940 1128 1230 1200 ὀφείλοντας
1285 1133 1376 1201 ζῇν
1426 1131 1494 1191 ὥς
1549 1134 1618 1201 μὴ
1678 1126 1887 1181 δεῖσθαι

294 1234 619 1285 γραμματων,
673 1214 778 1267 ἀλλ’
816 1216 929 1270 ἀντὶ
970 1217 1185 1290 βιϐλίων
1225 1225 1474 1293 παρέχειν
1527 1222 1618 1280 τὰς
1662 1216 1887 1292 καρδίας

296 1312 362 1372 τῷ
393 1306 669 1376 Πνεύματι,
713 1303 891 1365 ἐπειδὴ
942 1312 1035 1365 τὴν
1087 1314 1242 1378 τιμὴν
1284 1308 1617 1381 ἀπωλέσαμεν
1667 1308 1881 1375 ἐκείνην,

292 1397 374 1443 καὶ
420 1398 740 1467 κατέστημεν
793 1396 860 1456 εἰς
921 1402 1014 1455 τὴν
1085 1402 1278 1450 τούτων
1345 1403 1555 1471 χρείαν,

291 1477 506 1553 δευτέρῳ
561 1486 865 1557 κεχρῆσθαι
924 1487 1198 1561 φαρμάκῳ,
1267 1486 1373 1538 ἀλλ’
1433 1487 1539 1546 εἰκῆ
1578 1491 1667 1538 καὶ
1720 1488 1887 1558 μάτην

289 1576 530 1642 περιορᾷν
562 1576 768 1644 κείμενα
797 1576 861 1626 τὰ
897 1577 1202 1648 γράμματα,
1254 1577 1373 1648 ὅπερ
1421 1576 1502 1627 ἵνα
1549 1580 1619 1646 μὴ
1652 1580 1885 1646 γένηται,

289 1663 417 1731 φέρε,
466 1666 813 1734 προσέχωμεν
856 1663 950 1734 (3),
1011 1672 1118 1725 τοῖς
1162 1669 1559 1739 γεγραμμένοις,
1609 1669 1697 1716 καὶ
1747 1664 1887 1737 φιλο-

286 1753 567 1823 πονώτερον
626 1750 939 1823 ἐξετάζωμεν
1006 1758 1100 1810 τήν
1168 1754 1386 1805 ἑκάστου
1460 1750 1699 1826 δύναμιν,
1758 1756 1887 1807 ὥστε

286 1842 369 1887 καὶ
401 1836 625 1890 πλοῦτον
659 1839 819 1911 ὀρθῶν
851 1838 1126 1913 δογμάτων
1167 1841 1387 1894 ἐντεῦθεν
1420 1842 1881 1918 ἀποθησαυρίζειν,

284 1930 366 1977 καὶ
395 1926 666 2000 συλλέγειν
695 1928 953 1993 πολιτείας
984 1931 1161 2002 ὑγιοῦς
1188 1928 1576 2003 ὑποδείγματα.

344 2163 496 2211 Διατί
531 2155 612 2225 δὲ,
651 2156 858 2213 δώδεκα
905 2168 998 2213 τῶν
1031 2161 1327 2215 ἀποστόλων
1370 2163 1545 2228 ὄντων,
1596 2160 1691 2215 δύο
1734 2166 1880 2235 μόνοι

274 2249 575 2320 γράφουσιν
654 2248 707 2310 ἐξ
793 2251 959 2302 αύτῶν
1060 2251 1368 2323 Εὑαγγελια,
1444 2254 1712 2315 Ματθαῑος
1791 2257 1878 2305 καὶ

274 2335 515 2399 Ἰωάννης
550 2356 565 2405 ;
596 2340 661 2388 Oi
698 2338 797 2409 γὰρ
838 2339 999 2412 ἕτεροι
1032 2336 1128 2392 δύο
1169 2339 1442 2393 ἀκόλουθοι
1488 2341 1677 2413 μᾶλλον
1721 2339 1874 2400 ἦσαν·

270 2427 484 2497 Μάρκος
555 2429 666 2497 μὲν,
741 2431 957 2500 Πέτρου·
1029 2429 1233 2481 Παύλου
1303 2427 1379 2499 δὲ,
1448 2436 1675 2491 Λουκᾶς.
1740 2434 1879 2483 Διότι

269 2509 419 2566 οὐδὲν
479 2513 686 2567 ἐποίουν
762 2519 885 2590 πρὸς
955 2517 1271 2590 φιλοτιμίαν,
1332 2518 1456 2571 ἀλλὰ
1518 2522 1686 2572 πάντα
1747 2523 1876 2593 πρὸς

266 2607 475 2675 χρείαν.
551 2605 648 2657 Τὸν
708 2608 797 2676 μὲν
854 2607 955 2677 γὰρ
1031 2609 1296 2659 Ματθαίον
1371 2610 1420 2659 οἱ
1490 2608 1543 2670 ἐξ
1608 2605 1876 2661 Ἰουδαίων

267 2695 643 2752 πιστεύσαντες
702 2695 1055 2768 παρεκάλεσαν
1124 2699 1378 2769 ἔγγραφον
1450 2698 1622 2753 αὐτοῖς
1679 2696 1878 2766 ἀφεῖναι

267 2784 359 2837 τὴν
442 2788 538 2832 τοῦ
614 2786 944 2856 κηρύγματος
1021 2788 1273 2859 ἱστορίαν,
1339 2786 1398 2845 ἢν
1472 2790 1717 2860 πρότερον
1785 2783 1878 2839 διὰ

268 2868 504 2938 γλώττης
567 2870 750 2932 αύτούς
803 2869 1033 2936 ἐδίδαξε·
1082 2878 1167 2926 τόν
1218 2871 1277 2927 δὲ
1327 2878 1535 2949 Μάρκον
1589 2877 1777 2947 ὁμοίως
1829 2877 1876 2928 οἱ

272 2956 320 3008 ἐν
370 2957 623 3030 Αἰγύπτῳ
674 2962 1075 3032 μαθητευθέντες
1129 2963 1287 3034 αύτῷ.
1344 2969 1443 3017 Καὶ
1491 2966 1515 3016 ὁ
1566 2971 1770 3026 Λουκᾶς
1819 2962 1877 3017 δὲ

273 3048 466 3099 τέθεικε
548 3052 642 3106 τὴν
714 3049 881 3101 αἰτίαν
949 3060 1038 3111 τῆς
1095 3061 1299 3125 γραφῆς
1373 3060 1463 3105 τοῦ
1537 3054 1874 3127 Εὖαγγελίου,

274 3134 737 3209 ἀπολογησάμενος
792 3142 917 3211 πρὸς
972 3144 1058 3192 τὸν
1118 3142 1381 3215 Θεόφιλον,
1442 3144 1523 3194 ὄτῖ
1584 3141 1654 3195 δι’
1701 3142 1875 3215 ἀσφά-

268 3221 407 3276 λειαν
458 3225 621 3277 αὑτοῦ
660 3234 812 3279 τοῦτο
869 3229 1177 3303 συνέγραψε.
1249 3235 1381 3289 Φησὶ
1438 3235 1560 3305 γάρ’
1604 3230 1716 3285 Ἵνα
1759 3230 1875 3283 ἐπι-

516 3319 631 3386 περὶ
711 3316 778 3366 ὧν
853 3320 1170 3388 κατηχήθης
1260 3319 1441 3391 λόγων,
1524 3325 1617 3380 τὴν
1712 3321 1876 3394 ἀσφά-

267 3399 430 3458 λειαν.
494 3401 550 3454 Ὀ
613 3400 671 3455 δὲ
718 3403 949 3466 Ἰωαννης
1006 3405 1234 3478 ἐντυχὼν
1294 3415 1397 3470 τοῖς
1451 3413 1644 3462 τούτων
1704 3411 1873 3484 Εὐαγ-

268 3320 419 3382 γνῷς,

268 3489 475 3560 γελίοις,
531 3496 618 3543 καὶ
676 3489 817 3559 ἰδὼν,
878 3496 958 3546 ὅτι
1031 3500 1116 3550 καὶ
1177 3498 1224 3548 οὶ
1280 3505 1412 3571 τρεῖς
1470 3507 1541 3569 τῷ
1598 3504 1714 3574 περὶ
1780 3509 1874 3562 τῆς

269 3577 703 3653 ἔνανθρωπήσεως
772 3588 863 3634 τοῦ
943 3591 1175 3659 Σωτῆρος
1244 3582 1569 3661 ἐνδιέτριψαν
1644 3587 1875 3659 μάλιστα

268 3666 421 3739 λόγῳ,
485 3674 574 3721 καὶ
630 3670 806 3722 λοιπὸν
869 3672 1069 3743 ἔμελλον
1136 3672 1579 3733 ἁποσιωπηθῆναι
1631 3680 1697 3730 τὰ
1754 3680 1871 3753 περὶ

268 3763 356 3816 τῆς
404 3759 643 3818 θεότητος
690 3759 848 3811 αὐτοῦ
899 3757 1159 3833 δόγματα,
1212 3770 1303 3815 τοῦ
1352 3771 1583 3836 Χριστοῦ
1625 3770 1870 3824 κινήσαν-

269 3864 347 3905 τος
394 3846 574 3911 αύτὸν,
623 3844 769 3905 ἦλθεν
802 3847 883 3901 ἐπὶ
906 3854 1000 3908 τὴν
1050 3858 1140 3902 τοῦ
1181 3852 1493 3923 Εύαγγελίου
1547 3861 1868 3928 συγγραφήν.

271 3937 355 3986 Διό
415 3939 509 3986 καὶ
562 3935 618 3986 ἐκ
669 3943 950 4011 προοιμίων
1000 3944 1117 4013 περὶ
1175 3941 1341 3992 αὐτῶν
1406 3938 1721 4014 διαλέγεται.
1781 3947 1872 3997 Δια

272 4029 440 4075 ταῦτα
470 4025 569 4097 γὰρ
626 4029 802 4077 καὶτὸ
841 4034 940 4079 πᾶν
988 4026 1189 4099 βιϐλίον
1239 4032 1503 4088 συνέθηκε.
1543 4034 1606 4083 Σύ
1643 4029 1702 4083 δε
1751 4034 1871 4085 θαύ-

274 4130 464 4181 μασον,
506 4121 613 4173 πῶς
664 4118 793 4184 μήτε
844 4119 979 4167 κατὰ
1024 4120 1110 4168 τόν
1164 4117 1317 4171 αὐτὸν
1366 4122 1545 4191 καιρόν
1592 4122 1656 4172 τὰ
1701 4121 1869 4195 Εὐαγ-
1903 4113 1949 4167 D

273 4199 416 4268 γέλια
484 4201 896 4273 συγγράψαντες,
952 4208 1084 4275 μήτε
1143 4209 1279 4258 κατὰ
1332 4211 1418 4259 τόν
1474 4209 1627 4260 αὐτόν
1692 4215 1867 4281 τόπον,

276 4292 404 4377 μήτε
457 4289 943 4363 κοινολογησάμενοι
994 4297 1123 4367 πρὸς
1180 4293 1448 4365 ἀλλήλους,
1490 4299 1648 4369 ὅμως,
1696 4302 1866 4377 ὥσπερ

278 4373 355 4445 ἀφ’
412 4377 517 4438 ἐνὸς
589 4384 859 4451 στόματος,
916 4383 965 4433 οἱ
1030 4387 1273 4457 τέσσαρες
1335 4388 1659 4457 φθέγγονται,
1716 4392 1764 4441 ἓν
1814 4373 1870 4462 γε

277 4472 386 4526 τοῖς
429 4470 647 4539 καιρίοις
696 4474 783 4520 καὶ
855 4479 1168 4532 συνεκτικοίς
1223 4480 1313 4533 τῆς
1343 4479 1561 4536 πίστεως
1610 4472 1865 4550 δόγμασι,

282 4558 369 4604 καὶ
419 4554 609 4615 πολλὴν
668 4554 1048 4611 ἐπιδείκνυνται
1112 4567 1228 4635 περὶ
1284 4569 1449 4614 ταῦτα
1502 4568 1594 4621 τὴν
1646 4570 1866 4639 συμφω-

286 4644 410 4705 νίαν,
450 4644 564 4713 οἷον,
621 4647 698 4697 ὅτι
744 4648 768 4696 ὁ
810 4651 934 4707 Θεὸς
972 4652 1170 4719 γέγονεν
1220 4652 1506 4723 ἄνθρωπος,
1555 4657 1643 4704 καὶ
1693 4656 1772 4705 ὅτι
1814 4655 1868 4708 ἐκ

287 4733 535 4803 Παρθένου
593 4739 912 4804 γεγέννηται,
987 4742 1076 4788 καὶ
1153 4739 1232 4789 ὅτι
1301 4742 1542 4811 θαύματα
1596 4747 1865 4815 πεποίηκε,

279 4821 361 4869 καὶ
405 4821 485 4872 ὅτι
517 4819 866 4894 σωτηριωδεις
916 4821 1143 4877 δέδωκεν
1192 4825 1410 4898 ἰντολὰς,
1445 4834 1535 4881 καὶ
1577 4831 1653 4883 ὄτι
1682 4834 1866 4884 ἐσταυ-

275 4908 435 4978 ρώθη,
462 4914 551 4962 καὶ
578 4910 660 4983 ηὸτι
704 4909 886 4984 ἐτάφη,
917 4920 1008 4965 καὶ
1061 4915 1140 4967 ὅτι
1186 4914 1395 4985 ἀνέστη,
1428 4923 1515 4969 καὶ
1546 4920 1624 4971 ὅτι
1660 4918 1865 4989 ἀνῆλθε,

274 4997 361 5045 καὶ
412 4997 494 5049 ὅτι
544 5002 710 5068 μέλλει
775 5007 947 5073 κρῖναι
1020 5003 1230 5070 πάντας,
1310 5009 1399 5057 καὶ
1440 5007 1529 5075 ¹ὅτι
1588 5014 1868 5080 μονογενὴς

274 5101 410 5134 εστιν
463 5089 599 5153 Υιὸς,
658 5091 746 5139 καὶ
809 5089 888 5141 ὃτι
940 5091 1215 5162 ὁμοούσιος
1260 5098 1345 5145 καὶ
1398 5091 1724 5167 όμοδύναμος
1776 5103 1864 5151 καὶ

272 5175 513 5244 ὁμότιμος
569 5183 640 5245 τῷ
681 5182 867 5250 Πατρὶ,
916 5184 1005 5231 καὶ
1054 5180 1153 5233 ὅσα
1198 5189 1433 5236 τοιαῦτα.
1486 5185 1544 5236 Εἰ
1594 5181 1654 5237 δέ
1697 5205 1749 5237 τι
1777 5191 1866 5239 καὶ

1617 1394 1755 1470 μηδὲ
1818 1406 1887 1469 τῷ
1922 1397 1965 1450 Β
1998 1402 2189 1441 remus
2219 1384 2403 1439 corda
2436 1383 2675 1455 Spiritui
2702 1402 2718 1453 ;

2003 591 2298 656 eruntque
2331 598 2519 639 omnes
2546 583 2730 638 edocti
2749 600 2781 635 α
2811 584 2923 637 Deo
2956 584 2996 634 ³.
3019 581 3151 651 Ipse
3176 593 3414 650 quoque
3444 577 3660 633 Paulus

2002 675 2155 730 hanc
2201 672 2474 729 indicans
2507 671 2915 727 excellentiam
2939 671 2979 733 ⁴,
3026 670 3165 724 dicit
3192 672 3494 739 acceptam
3530 680 3660 722 esse

1998 762 2191 834 legem
2216 778 2337 818 non
2368 761 2429 817 in
2463 760 2678 816 tabulis
2700 758 2975 831 lapideis,
2996 760 3101 813 sed
3124 759 3185 812 in
3212 757 3430 813 tabulis
3452 756 3650 811 cordis

1998 851 2248 909 carneis.
2290 851 2395 906 Ubi
2426 866 2566 905 vero
2606 848 2890 918 temporis
2928 861 3241 917 progressu
3270 845 3655 916 naufragium

1997 940 2261 996 fecerunt
2290 958 2302 993 :
2331 939 2575 1011 quidam
2607 953 2748 992 sane
2776 936 3133 1005 dogmatum
3173 947 3374 999 causa,
3401 934 3652 989 aliivero

1979 1029 2119 1084 vita
2149 1044 2217 1084 ac
2246 1027 2514 1083 moribus
2546 1052 2557 1078 ς
2584 1040 2823 1081 rursum
2856 1024 3146 1079 memoria
3174 1038 3327 1093 opus
3356 1022 3483 1085 fuit,
3512 1038 3650 1093 quas

1997 1136 2029 1173 ιι
2062 1118 2261 1173 litteris
2289 1114 2735 1171 subministrari
2769 1113 2935 1169 solet.
2960 1112 3165 1181 Cogita
3194 1126 3337 1180 ergo
3358 1112 3650 1183 quantum

1994 1209 2168 1264 fuerit
2206 1207 2453 1271 malum,
2488 1205 2590 1277 qui
2632 1205 2783 1260 adeo
2826 1218 2973 1275 pure
3013 1202 3211 1258 vivere
3242 1199 3646 1265 debuerimus,

1994 1301 2057 1352 ut
2080 1297 2285 1353 litteris
2320 1310 2439 1350 non
2471 1294 2895 1364 indigeremus,
2937 1291 3041 1347 sed
3071 1307 3179 1363 pro
3226 1288 3389 1345 libris
3429 1288 3651 1361 praebe-

2778 1382 3121 1454 postquam
3158 1380 3447 1435 honorem
3480 1378 3647 1433 illum

1996 1474 2389 1547 perdidimus,
2413 1488 2481 1528 ac
2513 1472 2797 1543 nosipsos
2828 1471 2887 1525 in
2916 1471 3071 1525 hanc
3098 1468 3513 1524 constituimus
3553 1460 3650 1522 ne-

1997 1564 2353 1626 cessitatem,
2376 1565 2437 1615 ut
2467 1576 2536 1615 ne
2562 1560 2745 1615 altero
2763 1558 3010 1631 quidem
3032 1562 3274 1613 utamur
3291 1557 3644 1629 pharmaco,

1998 1651 2102 1707 sed
2126 1652 2302 1722 quasi
2343 1650 2559 1705 frustra
2587 1664 2656 1703 ac
2681 1648 2737 1702 in
2773 1663 2999 1702 vanum
3046 1648 3305 1716 jacentes
3357 1644 3647 1717 despicia-

1996 1756 2131 1795 mus
2158 1739 2399 1795 litteras.
2442 1737 2503 1793 Id
2536 1753 2678 1808 ergo
2705 1752 2780 1791 ne
2825 1735 2946 1801 ﬁat,
3007 1749 3115 1804 age
3174 1749 3342 1799 sane,
3373 1733 3466 1788 his
3506 1748 3643 1804 quae

1994 1829 2215 1900 scripta
2253 1833 2392 1882 sunt
2425 1826 2697 1883 animum
2739 1825 3138 1890 advertamus,
3173 1823 3252 1878 ad
3300 1822 3645 1891 diligentius

1994 1918 2285 1988 cujusque
2322 1917 2476 1971 vires
2511 1917 2863 1978 scrutemur,
2896 1916 3037 1967 utet
3068 1914 3367 1967 rectorum
3399 1910 3643 1979 dogma-

1992 2010 2121 2063 tum
2149 2004 2405 2069 divitias,
2431 2009 2720 2075 tanquam
2750 2003 3122 2064 thesaurum,
3147 1999 3408 2058 effodere
3442 2000 3638 2067 liceat,

1990 2098 2045 2151 et
2084 2098 2297 2150 sanctae
2326 2091 2795 2149 conversationis
2817 2089 3092 2163 exempla
3119 2089 3406 2158 colligere.

2060 2185 2249 2248 Quam
2274 2183 2349 2237 ob
2381 2195 2650 2245 causam,
2680 2181 2945 2249 obsecro,
2988 2195 3127 2234 cum
3170 2176 3491 2233 duodecim
3515 2177 3638 2234 fue-

1985 2272 2105 2327 rint
2132 2271 2400 2343 apostoli,
2458 2268 2570 2325 soli
2599 2284 2672 2325 ex
2719 2269 2805 2325 eis
2845 2268 2986 2332 duo,
3034 2267 3332 2323 Mattheus
3369 2266 3643 2323 videlicet

1986 2364 2043 2416 et
2098 2361 2380 2425 Joannes,
2460 2357 2769 2425 Evangelia
2834 2356 3283 2427 conscripsere?
3332 2355 3640 2426 Siquidem

1985 2447 2195 2519 reliqui
2221 2446 2362 2511 duo,
2393 2445 2669 2517 discipuli
2712 2444 2911 2515 potius
2966 2459 3035 2499 ac
3084 2446 3400 2498 sectatores
3430 2445 3635 2498 erant:

1985 2539 2214 2593 Marcus
2267 2535 2505 2605 quidem
2562 2533 2734 2598 Petri,
2794 2535 2980 2588 Lucas
3021 2546 3164 2587 vero
3214 2529 3394 2585 Pauli.
3448 2530 3507 2584 Id
3568 2546 3641 2587 ea

1986 2640 2172 2681 causa
2194 2628 2395 2679 actum
2421 2626 2525 2688 est,
2541 2621 2682 2694 quia
2706 2620 2854 2676 nihil
2880 2620 3084 2690 gloriae
3112 2634 3296 2675 causa
3316 2618 3634 2685 faciebant,

1986 2713 2091 2768 sed
2125 2713 2329 2768 onmia
2368 2716 2635 2780 cingente
2684 2709 3050 2765 necessitate.
3084 2707 3419 2764 Matthaeum
3453 2708 3632 2773 enim,

1980 2801 2077 2870 'qui
2109 2817 2179 2858 ex
2209 2801 2430 2857 Iudaeis
2456 2799 2845 2863 crediderant,
2888 2797 3370 2860 obsecraverunt,
3406 2800 3472 2852 ut
3497 2796 3638 2852 scri-

1983 2895 2154 2962 ptam
2186 2889 2538 2961 relinqueret
2569 2887 2712 2959 ipsis
2746 2886 3048 2956 Evangelii
3079 2885 3416 2950 historiam,
3451 2900 3636 2957 quam

1985 2981 2153 3051 prius
2207 2994 2309 3033 eos
2355 2977 2538 3033 verbo
2597 2977 2903 3032 docuerat.
2954 2974 3231 3030 Similiter
3273 2976 3330 3029 et
3371 2975 3636 3029 Marcum

1985 3066 2085 3139 qui
2108 3067 2167 3122 in
2181 3068 2437 3139 [Egypto
2467 3065 2654 3120 edocti
2680 3064 2927 3141 fuerant.
2950 3065 3140 3118 Lucas
3168 3065 3370 3118 autem
3398 3077 3636 3118 causam

1982 3156 2174 3225 addit,
2215 3170 2320 3211 cur
2372 3154 2762 3224 Evangelium
2820 3151 3255 3223 conscripserit,
3311 3151 3512 3207 dicens
3556 3150 3636 3208 ad

1982 3242 2395 3315 Theophilum,
2428 3259 2486 3296 se
2515 3242 2629 3297 hoc
2659 3246 2899 3312 propter
2945 3239 3362 3295 certitudinem
3418 3238 3631 3294 facere.

1981 3333 2074 3388 Ait
2102 3332 2295 3387 enim:
2324 3332 2395 3388 Ut
2421 3344 2696 3400 agnoscas
2726 3345 2939 3393 eorum,
2996 3328 3070 3383 de
3111 3326 3323 3399 quibus
3375 3327 3635 3382 imbutus

1979 3422 2209 3491 fueras,
2244 3419 2680 3476 certitudinem5
2717 3420 2995 3473 .Joannes
3026 3431 3168 3472 vero
3183 3416 3401 3471 horum
3422 3418 3635 3471 nactus

1982 3509 2318 3579 Evangelia,
2362 3506 2691 3579 vidensque
2739 3510 2856 3563 tres
2883 3507 3152 3561 versatos
3183 3505 3245 3559 in
3272 3519 3341 3559 eo
3373 3503 3635 3559 maxime

1981 3614 2279 3665 sermone,
2305 3613 2422 3669 quo
2443 3597 2757 3653 Salvatoris
2778 3594 3254 3651 incarnationem
3272 3594 3637 3650 demonstra-

1979 3691 2125 3752 rent,
2153 3692 2209 3742 et
2252 3689 2567 3758 propterea
2598 3686 2879 3753 dogmata
2905 3700 3041 3755 quae
3084 3682 3460 3739 divinitatem
3508 3683 3636 3752 ejus

1980 3775 2329 3844 tangebant,
2366 3773 2595 3829 silentio
2638 3774 3043 3844 praeterierunt
3081 3789 3094 3827 :
3124 3772 3258 3827 ideo
3291 3771 3520 3825 Christo
3547 3770 3635 3842 ip-

1984 3881 2111 3919 sum
2124 3863 2201 3919 ad
2215 3861 2594 3917 scribendum
2612 3860 2987 3931 Evangelium
3003 3859 3345 3928 instigante,
3363 3858 3631 3915 accessit.

1983 3951 2147 4009 Unde
2169 3951 2346 4007 etiam
2374 3948 2647 4021 protinus
2676 3948 2748 4004 ab
2779 3946 2944 4003 initio
2967 3947 3041 4003 de
3067 3946 3162 4002 his
3184 3945 3417 4002 disserit
3446 3962 3457 4000 :
3483 3960 3631 4003 nam

1981 4030 2068 4096 'ob
2097 4040 2223 4095 haec
2252 4038 2469 4094 librum
2494 4052 2737 4093 omnem
2769 4035 3040 4092 confecit.
3085 4035 3393 4091 Admirare
3431 4038 3633 4091 autem

1978 4129 2133 4201 quod
2162 4143 2299 4183 cum
2325 4141 2516 4199 neque
2544 4141 2662 4182 uno
2691 4129 2977 4196 tempore,
3008 4139 3203 4197 neque
3240 4123 3372 4180 loco
3416 4122 3631 4179 eodem

1979 4216 2347 4290 scripserint,
2392 4230 2585 4287 neque
2620 4231 2710 4271 res
2771 4214 2923 4270 inter
2969 4229 3098 4269 sese
3155 4213 3632 4270 communicave-

1977 4308 2112 4372 rint,
2149 4310 2349 4362 tamen
2379 4304 2552 4376 quasi
2578 4320 2651 4360 ex
2677 4319 2799 4360 uno
2831 4318 2932 4359 ore
2984 4305 3244 4374 quatuor
3280 4301 3627 4373 loquuntur,

1979 4396 2040 4451 in
2063 4396 2152 4451 his
2174 4396 2472 4466 praecipue
2496 4392 2884 4462 dogmatibus
2906 4406 3042 4463 quae
3064 4390 3199 4445 ﬁdei
3221 4390 3543 4445 ﬁrmitatem
3557 4404 3626 4445 ac

1981 4488 2207 4540 statum
2276 4485 2581 4553 spectant:
2618 4479 2816 4550 veluti,
2874 4479 3041 4551 quod
3093 4480 3247 4534 Deus
3299 4478 3492 4533 factus
3551 4477 3628 4534 sit

1980 4573 2159 4627 homo
2187 4589 2198 4638 ;
2234 4569 2391 4641 quod
2418 4570 2489 4625 sit
2514 4585 2543 4624 e
2570 4569 2807 4638 Virgine
2829 4572 3005 4624 natus
3030 4588 3042 4633 ;
3066 4566 3231 4639 quod
3270 4565 3630 4622 admiranda.

1977 4664 2258 4732 operatus
2286 4659 2392 4725 sit;
2418 4660 2580 4730 quod
2612 4658 2821 4713 salutis
2843 4660 3133 4729 praecepta
3161 4655 3388 4710 dederit
3421 4674 3433 4722 ;
3462 4655 3629 4726 quod

1978 4748 2291 4804 cruciﬁxus
2322 4747 2396 4802 sit
2446 4762 2516 4821 ac
2565 4745 2852 4816 sepultus,
2896 4744 3061 4815 quod
3110 4742 3511 4806 resurrexerit,
3571 4746 3628 4798 et

1978 4837 2037 4891 in
2062 4836 2280 4891 coelum
2302 4837 2649 4905 assumptus
2676 4834 2748 4888 sit
2777 4854 2787 4897 ;
2817 4832 3102 4904 quodque
3132 4844 3340 4885 omnes
3377 4828 3628 4898 sitjudi-

1978 4927 2219 4979 caturus
2244 4941 2261 4993 3
2295 4921 2461 4994 quod
2492 4920 2832 4988 unigenitus
2887 4919 2959 4974 sit
3017 4917 3191 4974 Filius
3238 4920 3294 4972 et
3353 4916 3626 4987 ejusdem

1978 5010 2346 5073 substantiae,
2405 5007 2731 5080 similisque
2774 5005 3051 5078 potentias
3078 5021 3148 5061 ac
3185 5005 3429 5061 honoris
3485 5020 3626 5062 cum

1979 5099 2170 5164 Patre,
2202 5102 2527 5168 caeteraque
2542 5094 2948 5166 husjusmodi.
2981 5094 3149 5161 Quod
3173 5095 3223 5150 si
3248 5094 3624 5167 aliquantum

1978 5187 2041 5243 in
2066 5187 2159 5243 his
2189 5202 2319 5258 quas
2358 5184 2693 5242 necessaria
2722 5199 2845 5242 non
2876 5172 3035 5249 sunt,
3061 5183 3287 5241 dissoni
3327 5182 3619 5249 videntur,

410 5350 627 5437 Jerlem.
668 5368 905 5424 xxxvm,
952 5356 1040 5423 3!,
1068 5358 1157 5426 33,
1184 5360 1501 5419 secundum
1530 5363 1698 5420 LXX
1727 5363 1825 5435 qui
1850 5364 2055 5436 ubique
2085 5364 2176 5421 hic
2222 5364 2547 5422 laudantur
2624 5368 2642 5399 ³
2671 5364 2787 5437 Isa.
2819 5378 2929 5433 Liv,
2965 5361 3049 5419 l3.
3128 5361 3200 5417 ‘II
3254 5360 3382 5417 Cor.
3433 5374 3512 5426 III,
3542 5364 3615 5425 ,3.

270 5419 290 5453 ⁵
322 5420 460 5477 Luc.
499 5427 546 5488 l,
574 5426 626 5478 4.

1513 5584 1730 5647 Variae
1763 5585 2075 5649 lectiones
2098 5588 2159 5645 et
2187 5587 2381 5648 notae.

342 5698 417 5770 (3)
450 5700 595 5755 Μετά
626 5700 888 5775 ἀκριϐείας
919 5704 1079 5764 addit
1102 5706 1146 5765 Ι.
1171 5705 1210 5763 1.
1242 5707 1543 5782 Chrysost.
