4166 6314
509 316 610 375 115

1797 312 2157 375 EUTHYMII
2193 310 2522 391 ZIGABENI

3763 314 3872 374 116

484 443 640 511 haec
663 444 817 517 ipsa,
879 456 1009 514 quas
1061 443 1322 514 apparet,
1378 440 1774 509 dissonantia,
1805 442 2067 497 maxima
2094 440 2157 497 ﬁt

2265 444 2384 512 περὶ
2440 441 2507 491 τὰ
2558 442 2631 512 μὴ
2693 438 2953 511 ἀναγκαῖα
3011 436 3283 514 διαφωνεῖν
3342 439 3546 513 ἔδοξαν,
3604 442 3793 516 μᾶλλον
3835 446 3867 504 ἡ

509 534 773 590 veritatis
810 531 1264 595 demonstratio,
1297 535 1354 588 et
1381 547 1481 588 eos
1534 531 1687 587 omni
1736 531 1942 587 liberat
1972 530 2160 603 suspi-

516 623 712 680 cione.
753 620 818 681 Si
843 619 994 677 enim
1022 620 1076 674 in
1106 619 1389 676 omnibus
1415 620 1491 676 ad
1523 624 1778 693 tempus,
1830 635 2040 693 usque,
2072 619 2158 676 lo-

515 727 676 777 cum,
708 725 780 767 ac
808 709 997 766 verba
1028 709 1367 765 conformes
1382 708 1863 780 fuissent,nullus
1889 709 2157 765 animum

519 800 798 857 inducere
828 799 1136 871 potuisset,
1169 798 1315 871 quin
1344 799 1496 854 inter
1524 813 1586 854 se
1640 798 2072 865 convenissent,
2095 801 2159 855 ut

510 905 582 945 ex
606 887 917 945 communi
968 891 1144 960 pacto
1204 886 1545 954 scriberent,
1595 903 1731 960 quae
1770 887 2153 959 scripserunt.

518 976 968 1034 Dissonantiam
991 981 1189 1033 autem
1211 991 1373 1032 nunc
1389 976 1671 1046 dicimus,
1698 992 1819 1033 non
1841 977 2160 1033 contrarie-

512 1071 742 1132 tatem;
792 1081 982 1137 neque
1022 1066 1179 1121 enim
1223 1065 1501 1121 contrarii
1560 1065 1818 1133 fuerunt,
1874 1064 2051 1121 etiam
2095 1067 2156 1121 in

516 1154 613 1211 his
650 1170 786 1228 qum
814 1154 1216 1224 contingentia
1246 1160 1432 1220 erant,
1478 1154 1584 1210 sed
1638 1168 1710 1210 ea
1761 1154 2158 1211 diversimode

510 1243 695 1301 locuti
733 1247 889 1299 sunt.
952 1242 1021 1298 1n
1072 1241 1439 1315 quibusdam
1501 1242 1670 1308 enim,
1728 1248 1889 1309 tunc,
1966 1242 2160 1315 inquit

519 1333 637 1402 ille,
706 1330 1068 1388 miraculum
1116 1336 1396 1404 operatus
1450 1336 1574 1398 est;
1624 1332 1721 1387 hic
1764 1336 1987 1397 autem,
2042 1331 2159 1388 alio

511 1427 808 1494 tempore.
866 1421 1033 1487 Item,
1091 1420 1189 1476 hic
1227 1420 1491 1491 quidem,
1547 1420 1645 1476 tali
1685 1420 1826 1491 loco,
1874 1420 1968 1476 ille
2016 1436 2157 1477 vero

509 1510 631 1569 tali.
703 1512 960 1566 Rursum
1000 1509 1097 1565 hic
1150 1509 1331 1568 talem
1388 1508 1601 1566 habuit
1653 1511 2003 1573 orationem,
2065 1510 2157 1566 ille

509 1606 711 1659 autem
746 1598 939 1667 talem,
973 1598 1048 1655 de
1076 1598 1299 1671 quibus
1344 1598 1466 1654 suis
1512 1598 1781 1654 dicemus
1808 1598 1975 1665 locis,
2027 1615 2156 1655 ma-

506 1689 717 1746 nifeste
746 1689 1247 1759 demonstrantes,
1276 1687 1442 1757 quod
1488 1688 1737 1743 omnino
1779 1704 1901 1744 non
1940 1688 2156 1744 fuerint

2268 524 2505 581 δοκοῦσα
2536 528 2668 587 αὕτη
2704 524 2978 602 διαφωνία,
3023 534 3250 603 μεγίστη
3284 536 3479 603 γίνεται
3506 541 3598 593 τῆς
3625 532 3869 597 ἀληθείας

2267 614 2551 682 ἀπόδειξις,
2607 622 2697 670 καὶ
2761 619 2938 680 πάσης
2996 618 3180 680 αὐτοὺς
3240 620 3470 691 ὑποψίας
3527 620 3864 681 ἀπαλλάττει.

2264 705 2325 759 Εἰ
2348 708 2449 780 γὰρ
2494 707 2666 759 πάντα
2707 710 2871 781 μέχρι
2912 715 3097 780 καιροῦ
3145 713 3235 763 καὶ
3280 714 3441 762 τόπου
3489 715 3574 763 καὶ
3614 712 3865 785 ῥημάτων

2266 800 2652 867 συνεφώνησαν,
2711 792 2886 857 οὐδεὶς
2931 796 2991 847 ἂν
3037 799 3353 869 ἐπίστευσεν,
3412 800 3491 851 ὅτι
3537 804 3633 872 μὴ,
3690 800 3867 854 συνελ-

2267 884 2433 944 θόντες
2507 882 2765 951 ἀλληλοις,
2835 882 2935 938 ἀπὸ
3008 894 3179 948 κοινῆς
3264 888 3525 948 συνθήκης
3605 888 3863 964 ἔγραψαν,

2263 971 2391 1045 άπερ
2468 972 2720 1046 ἔγραψαν.
2798 978 3084 1045 Διαφωνίαν
3150 971 3209 1027 δε
3257 983 3345 1027 νῦν
3418 996 3599 1049 φαμεν,
3658 977 3716 1030 ού
3766 981 3866 1036 τὴν

2264 1060 2670 1135 ἕναντιοφωνίαν·
2759 1059 2882 1116 ούδέ
2976 1056 3075 1137 γὰρ
3160 1067 3546 1124 ἠναντιώθησαν
3626 1065 3866 1128 ἀλλήλοις

2264 1154 2427 1226 μέχρι
2476 1155 2566 1204 καὶ
2621 1158 2711 1203 τοῦ
2779 1156 3048 1223 τυχόντος·
3118 1152 3245 1207 ἀλλὰ
3297 1158 3391 1213 τὴν
3445 1155 3522 1225 (4)
3579 1154 3865 1227 ἁλλοιοφω-

2264 1246 2396 1295 νίαν.
2449 1239 2539 1294 Ἐν
2587 1260 2699 1294 τισι
2750 1244 2849 1316 γὰρ
2901 1244 2927 1294 6
2973 1246 3086 1316 μὲν,
3136 1239 3257 1297 τόδε
3303 1247 3360 1296 τὸ
3402 1246 3577 1318 θαῦμα
3621 1248 3863 1312 τέθεικεν,

2265 1332 2291 1382 6
2324 1328 2404 1399 δὲ,
2456 1327 2597 1384 τόδε.
2649 1335 2737 1382 καὶ
2767 1334 2792 1383 6
2831 1334 2942 1404 μὲν,
2992 1328 3142 1385 τόνδε
3186 1336 3269 1385 τὸν
3322 1338 3496 1400 τόπον,
3527 1336 3553 1385 6
3586 1330 3664 1399 δὲ,
3713 1331 3866 1387 τόνδε

2264 1424 2353 1472 καὶ
2411 1420 2436 1470 6
2478 1420 2588 1492 μὶν,
2648 1415 2806 1477 τήνδε
2853 1424 2946 1478 τὴν
3003 1420 3154 1489 λέξιν,
3197 1422 3223 1473 6
3273 1417 3352 1489 δὲ,
3400 1418 3577 1481 τηνδε⁶
3632 1426 3749 1495 περὶ
3794 1422 3862 1474 ὧν

2264 1506 2473 1583 ἐροῦμεν
2541 1508 2591 1561 ἐν
2656 1516 2761 1569 τοῖς
2828 1515 3160 1584 προσήκουσι
3228 1515 3426 1578 τόποις,
3500 1516 3589 1564 καὶ
3658 1507 3858 1586 προδη-

2262 1596 2363 1659 λως
2433 1594 2791 1670 ἀποδείξομεν,
2870 1599 2949 1650 ὅτι
3041 1595 3152 1651 οὐδ’
3245 1599 3366 1661 ὅλως
3445 1600 3857 1659 ἠναντιώθησαν.

2262 1685 2418 1739 ’Ἄλλο
2471 1690 2571 1762 γάρ
2638 1685 2776 1739 ἐστιν
2829 1685 3061 1748 ἐναντίως
3110 1688 3286 1756 εἰπεῖν,
3359 1693 3449 1742 καὶ
3505 1689 3627 1742 ἄλλο
3680 1689 3860 1763 ἑτέρως

507 1778 809 1837 contrarii.
844 1776 1018 1834 Aliud
1045 1776 1343 1845 siquidem
1370 1780 1460 1832 est
1506 1776 1800 1833 contrario
1850 1777 2033 1833 modo
2070 1775 2153 1833 lo-
2186 1784 2227 1839 Β
2263 1774 2438 1828 εἰπεῖν.

506 1868 632 1939 qui,
660 1866 825 1923 aliud
854 1867 1087 1922 diverso
1117 1864 1301 1921 modo
1331 1864 1514 1936 loqui.

585 1954 823 2012 Primus
848 1959 1047 2010 autem
1071 1952 1303 2026 scripsit
1320 1953 1651 2020 Mattheus,
1674 1953 1838 2025 quod
1859 1968 2020 2009 nunc
2035 1969 2159 2026 prae

507 2040 778 2111 manibus
804 2046 892 2097 est
911 2040 1310 2111 Evangelium,
1351 2044 1483 2113 post
1518 2044 1653 2097 octo
1708 2056 1897 2098 annos
1949 2040 2157 2097 Christi

505 2132 570 2188 in
592 2129 811 2186 ccelum
838 2129 1151 2201 assumpti.
1209 2129 1448 2202 Scripsit
1473 2136 1674 2185 autem
1725 2129 1871 2185 illud
1921 2130 2002 2187 ad
2031 2145 2152 2201 eos,

508 2220 613 2293 qui
640 2235 713 2276 ex
733 2219 953 2275 Judeeis
970 2218 1357 2285 crediderant,
1388 2222 1450 2275 ut
1488 2217 1876 2292 praediximus
1900 2239 1914 2287 ;
1944 2218 2158 2276 Hebra-

510 2309 605 2365 ica
630 2324 776 2365 usus
805 2307 1015 2379 lingua
1034 2322 1104 2363 ac
1130 2312 1500 2374 contextura,
1544 2311 1753 2380 postea
1799 2323 1937 2365 vero
1963 2309 2021 2364 in
2052 2323 2157 2365 no-

502 2402 694 2455 stram
718 2397 987 2468 linguam
1015 2397 1353 2453 traductum
1381 2402 1485 2453 est.

578 2489 664 2558 -Η-
700 2488 959 2543 Joannes
998 2489 1221 2556 autem,
1279 2490 1344 2541 ut
1386 2485 1722 2557 perhibent,
1766 2501 1838 2542 ex
1866 2486 2155 2543 Hebraico

508 2576 780 2632 Graecum
806 2574 958 2632 fecit.
986 2575 1215 2630 Marcus
1235 2589 1375 2631 vero
1419 2572 1696 2646 (scripsit)
1757 2574 1991 2631 decimo
2021 2579 2158 2647 post

508 2663 984 2735 assumptionem
1002 2677 1185 2729 anno,
1209 2678 1245 2718 a
1264 2662 1434 2720 Petro
1456 2663 1700 2730 doctus;
1735 2665 1918 2719 Lucas
1933 2668 2153 2729 autem,

510 2755 643 2824 post
672 2764 867 2808 annOs
900 2750 1240 2822 quindecim
1266 2767 1280 2816 ;
1307 2751 1566 2807 Joannes
1602 2751 1879 2823 denique,
1910 2753 2013 2824 qui
2035 2768 2159 2810 ma-

511 2840 665 2896 xime
697 2838 1059 2909 theologiam
1093 2838 1343 2911 (Christi)
1388 2843 1614 2906 tractat,
1647 2855 1808 2896 anno
1865 2841 2159 2900 tricesimo

509 2927 792 2985 secundo.

581 3017 636 3073 E
648 3014 1082 3075 VANGELIUM
1118 3015 1549 3085 SECUNDUM
1576 3018 1691 3074 MA
1705 3019 1945 3076 TTH/E
1955 3019 2085 3077 ΠΜ.

586 3104 964 3176 Evangelistae
979 3104 1040 3161 in
1055 3106 1562 3179 inscriptionibus,
1577 3106 1878 3177 [librorum
1894 3109 2156 3183 suorum]
2190 3098 2232 3156 C

510 3194 902 3266 Evangelium
915 3194 1356 3267 appellaverunt
1366 3197 1768 3253 narrationem
1790 3212 1978 3267 suam,
1991 3196 2159 3270 quod

513 3283 693 3341 etiam
723 3287 969 3341 testatur
998 3286 1209 3351 Lucas,
1244 3284 1449 3341 dicens
1474 3300 1486 3340 :
1518 3286 1803 3355 Quoniam
1827 3287 2157 3357 complures

517 3374 785 3445 aggressi
794 3378 930 3430 sunt
947 3380 1249 3431 contexere
1264 3376 1668 3431 narrationem
1680 3390 1884 3432 earum
1906 3376 2158 3434 certissi-

513 3477 625 3517 ma
676 3461 820 3529 ﬁdei
870 3477 1095 3526 rerum,
1135 3476 1265 3531 quae
1312 3462 1377 3516 in
1425 3462 1589 3517 nobis
1632 3462 1918 3532 completas
1946 3473 2080 3522 sunt
2111 3468 2152 3520 ⁸.

513 3549 683 3605 Hanc
759 3552 960 3605 autem
1014 3548 1447 3615 narrationem,
1538 3551 1909 3623 Evangelium
1984 3570 2160 3612 voca-

516 3640 744 3707 verunt,
769 3636 927 3708 quod
958 3637 1115 3692 bona
1139 3636 1486 3694 hominibus
1500 3640 1749 3709 nuntiet,
1779 3647 1939 3715 puta,
1972 3646 2158 3703 Deum

512 3724 819 3782 hominem
836 3723 1081 3791 factum,
1108 3724 1417 3783 hominem
1442 3743 1584 3786 vero
1609 3728 1902 3800 divinum,
1935 3732 2158 3791 damo-

513 3828 658 3871 num
687 3813 1166 3885 dissolutionem,
1197 3820 1579 3888 peccatorum
1611 3819 2048 3893 remissionem,
2072 3839 2158 3879 re-

513 3902 980 3974 generationem,
995 3904 1400 3976 adOptionem,
1425 3908 1658 3977 etregni
1671 3909 1958 3967 caelorum
1976 3911 2159 3968 haere-

513 3992 779 4049 ditatem.
808 3991 1197 4063 Evangelista:
1222 4008 1365 4049 vero
1390 3994 1685 4062 dicuntur,
1717 4012 1839 4054 non
1880 4000 2074 4056 solum
2097 4000 2157 4057 hi

513 4085 792 4153 quatuor,
837 4094 1044 4136 verum
1077 4081 1255 4135 etiam
1304 4097 1513 4137 omnes
1560 4083 1740 4140 simul
1765 4088 2015 4157 apostoli
2041 4108 2063 4153 ;
2086 4090 2160 4147 de

515 4166 732 4239 quibus
777 4166 995 4238 pariter
1040 4170 1218 4224 antea
1268 4167 1503 4225 locutus
1543 4176 1632 4227 est
1683 4172 1909 4229 Isaias:
1979 4176 2161 4244 Quam

508 4254 767 4327 pulchri,
823 4254 1125 4326 inquiens,
1172 4256 1341 4326 pedes
1381 4258 1903 4330 euangelizantium
1940 4279 2155 4334 pacem,

515 4342 1028 4414 evangetz'zantium
1058 4344 1212 4401 bona
1234 4345 1279 4400 ⁷.
1307 4346 1519 4402 Verum
1541 4347 1604 4403 hi
1627 4353 1888 4420 quatuor
1918 4355 2157 4426 proprie

2334 1969 2570 2044 Ἔγραψε
2637 1968 2696 2023 δὲ
2760 1978 2964 2045 πρῶτος
3016 1972 3042 2022 ὁ
3097 1970 3362 2032 Mareade;
3423 1974 3480 2024 τὸ
3533 1975 3861 2047 προκείμενον

2264 2059 2597 2132 Εύαγγέλιον,
2642 2061 2773 2131 μετὰ
2826 2058 2959 2111 ὀκτὼ
3013 2062 3098 2117 ἔτη
3152 2069 3247 2121 τῆς
3302 2068 3393 2113 τοῦ
3451 2069 3689 2135 Σωτῆρος
3744 2061 3864 2114 ἁναο

2264 2148 2481 2219 λήψεως.
2535 2146 2770 2219 Ἔγραψε
2828 2143 2887 2200 δὲ
2937 2154 3088 2200 τοῦτο
3139 2151 3264 2221 πρὸς
3316 2152 3432 2210 τοὺς
3490 2148 3541 2212 ἐξ
3595 2147 3861 2203 Ἰουδαίων

2262 2239 2659 2300 πιστεύσαντας,
2758 2239 2822 2297 ὡς
2903 2240 3212 2309 προέφημεν,
3297 2236 3539 2313 Ἐϐραῐκῇ
3625 2241 3860 2313 συνθήκῃ

2263 2327 2619 2400 χρησάμενος
2695 2325 2908 2401 ὕστερον
2981 2322 3041 2378 δι
3112 2328 3509 2401 μεθηρμηνεύθη
3572 2331 3700 2401 πρὸς
3768 2333 3864 2388 τὴν

2264 2417 2512 2489 ἡμετέραν
2544 2410 2829 2468 διάλεκτον.

2335 2505 2657 2577 [Μετέφρασε
2689 2503 2767 2574 (5)
2817 2500 2875 2557 δε
2920 2511 3071 2557 τοῦτο
3120 2502 3353 2565 Ἰωάννης
3397 2503 3497 2558 ἀπὸ
3545 2513 3635 2567 τῆς
3662 2504 3863 2579 Ἐϐραΐ-

2267 2590 2359 2655 δος
2404 2592 2639 2665 γλώττης
2675 2594 2742 2654 εἰς
2782 2598 2875 2652 τὴν
2905 2590 3201 2663 Ἑλληνίδα,
3245 2596 3315 2656 ὡς
3358 2593 3597 2668 λέγουσι.
3645 2598 3856 2669 Μάρκος

2267 2681 2345 2749 ὸε,
2386 2684 2515 2754 μετὰ
2546 2679 2676 2736 δέκα
2722 2685 2808 2741 ἔτη
2841 2691 2936 2743 τῆς
2983 2682 3305 2755 ἀναλήψεως,
3358 2687 3502 2758 παρὰ
3530 2691 3621 2737 τοῦ
3664 2690 3859 2759 Πέτρου

2268 2768 2580 2844 διδαχθείς.
2638 2777 2844 2832 Λουκᾶς
2889 2769 2967 2840 δὲ,
3016 2775 3146 2845 μετὰ
3200 2770 3583 2827 πεντεκαίδεκα’
3625 2772 3863 2837 Ἰωάννης

2270 2857 2329 2914 δὲ
2357 2862 2383 2913 6
2416 2860 2869 2933 θεολογικώτατος,
2899 2864 3027 2933 μετὰ
3055 2863 3333 2935 τριάκοντα
3363 2858 3479 2915 δύο.

2516 3060 2933 3111 ΕΥΑΓΓΕΛῙΟΝ
2975 3062 3152 3112 ΚΑΤΑ
3191 3064 3570 3114 ΜΑΤΘΔΙΟΝ.

2339 3162 2418 3216 Ἐν
2470 3169 2585 3227 ταῖς
2654 3162 2960 3239 ἐπιγραφαῖς
3025 3165 3335 3239 Εὐαγγελιον
3398 3166 3446 3218 οἱ
3505 3164 3867 3238 εύαγγελισταὶ

2266 3258 2360 3313 τὴν
2445 3249 2693 3325 διήγησιν
2782 3253 3077 3327 ὠνόμασαν.
3154 3260 3256 3308 Καὶ
3332 3261 3587 3329 μαρτυρεῖ
3660 3260 3867 3317 Λουκᾶς

2267 3343 2500 3416 εἰρηκώς·
2605 3339 2909 3418 Ἐπειδὴπερ
3006 3344 3184 3397 πολλοὶ
3289 3342 3638 3417 ἐπεχείρησαν
3741 3343 3863 3398 ἁνα-

2263 3430 2522 3496 τάξασθαι
2613 3428 2864 3504 διήγησιν
2939 3437 3057 3509 περὶ
3151 3441 3249 3486 τῶν
3332 3432 3861 3506 πεπληροφορημένων

2266 3520 2315 3574 ἒν
2396 3522 2521 3593 ἡμῖν
2593 3524 2931 3597 πραγμάτων.
3014 3522 3317 3596 Εὐαγγέλιον
3398 3520 3456 3575 δὲ
3524 3525 3718 3582 ταύτην
3784 3542 3861 3576 κε-

2266 3609 2509 3668 κλήκασι·
2568 3607 2708 3663 διότι
2760 3610 2931 3683 ἀγαθὰ
2980 3614 3163 3685 μηνύει
3214 3619 3324 3674 τοῖς
3373 3610 3681 3685 ἀνθρώποις,
3732 3611 3856 3677 οἷον,

2269 3705 2403 3754 Θεοῦ
2478 3698 2885 3773 ἐνανθρώπησιν,
2971 3699 3240 3774 ἀνθρώπου
3315 3702 3519 3765 θέωσιν,
3600 3697 3858 3773 δαιμόνων

2266 3787 2571 3860 κατάλυσιν,
2628 3788 3011 3863 ἁμαρτημάτων
3068 3788 3236 3857 λύσιν,
3285 3788 3641 3860 ἀναγέννησιν,
3685 3791 3859 3842 υἱοθε-

2270 3874 2388 3931 σίαν
2445 3883 2533 3930 καὶ
2589 3877 2930 3951 κληρονομίαν
2996 3885 3093 3939 τῆς
3141 3876 3408 3950 βασιλείας
3460 3886 3559 3929 τῶν
3611 3876 3857 3952 οὐρανῶν.

2269 3966 2645 4037 Εύαγγελισταὶ
2680 3963 2739 4018 δέ
2785 3966 2934 4033 εἰσιν,
2981 3966 3085 4039 οὐχ
3125 3969 3173 4020 οἱ
3206 3971 3455 4041 τέσσαρες
3499 3966 3639 4019 οὗτοι
3687 3970 3857 4038 μόνον,

2271 4054 2398 4107 ἀλλὰ
2439 4056 2727 4126 σύμπαντες
2764 4056 2812 4107 οἱ
2842 4053 3141 4115 ἀπόστολοι,
3188 4059 3305 4130 περὶ
3352 4056 3418 4106 ὧν
3457 4063 3600 4127 κοινῇ
3651 4074 3862 4130 προανε-

2271 4148 2500 4215 φώνησεν
2545 4143 2763 4206 Ἡσαΐας
2806 4163 2817 4176 ·
2850 4143 2938 4206 Ὠς
2984 4141 3183 4218 ὡραῖοι,
3233 4144 3411 4216 λέγων,
3463 4146 3513 4196 οἱ
3564 4140 3724 4205 πόδες
3764 4152 3861 4197 τῶν

2268 4230 2733 4305 εὐαγγελιζομένων
2850 4233 3075 4308 εἰρήνην,
3184 4242 3281 4286 τῶν
3395 4232 3859 4305 εὐαγγελιζομένων

2266 4322 2333 4372 τὰ
2363 4318 2729 4392 ἁγαθάῐἈλλ³
2775 4324 2824 4375 οἱ
2870 4326 3120 4395 τέσσαρες
3163 4325 3251 4394 μὶν
3303 4318 3451 4383 ἰδίως
3497 4321 3860 4393 εύάγγελισταὶ

3184 4242 3281 4286 τῶν

513 4407 889 4501 evangelista;
916 4431 1107 4487 vocati
1132 4436 1287 4501 sunt,
1320 4434 1495 4506 quasi
1534 4407 1775 4510 qui.per
1804 4407 2155 4514 scripturam

2265 4408 2559 4476 κέκληνται,
2612 4413 2676 4471 ὡς
2731 4409 2999 4486 ἐγγράφως
3054 4415 3172 4485 περὶ
3224 4412 3426 4463 πάντων
3476 4407 3860 4482 διηγησάμενοι

512 4519 719 4578 omnia
763 4525 1157 4577 narraverunt
1188 4536 1259 4579 ac
1314 4522 1748 4596 prodiderunt;
1777 4530 1970 4587 caeteri
2013 4548 2156 4592 vero

513 4621 746 4676 omnes,
771 4612 1053 4682 tanquam
1078 4610 1183 4683 qui
1216 4610 1331 4668 hoc
1354 4611 1557 4685 ipsum
1595 4614 1721 4672 sine
1756 4617 2049 4690 scriptura
2076 4623 2158 4680 fe-

579 4711 692 4754 run
721 4737 737 4754 .

509 4701 726 4854 ceCapt.
763 4784 809 4851 l,
841 4797 995 4841 vers.
1029 4786 1074 4839 1.
1103 4782 1275 4842 Liber
1308 4787 1693 4858 generationis
1730 4789 1865 4847 Iesu
1901 4792 2150 4852 Christi.

505 4872 611 4928 Per
630 4872 1076 4943 generationem
1129 4872 1408 4947 intelligit
1442 4875 1542 4934 hic
1590 4879 1851 4937 Joannes
1902 4882 2154 4957 Chryso-

508 4962 754 5033 stomus,
784 4961 1176 5022 nativitatem.
1203 4964 1391 5025 Dictio
1421 4965 1711 5040 siquidem
1749 4973 1967 5043 γένεσις,
2015 4988 2153 5032 cum

576 5135 715 5193 Luc.
747 5154 784 5203 ι,
818 5137 869 5193 1.
910 5140 1022 5197 Isa.
1053 5153 1148 5207 ιιι,
1168 5140 1223 5200 7.

2264 4503 2355 4551 καὶ
2413 4501 2779 4574 ἱστορήσαντες
2810 4517 2823 4530 ·
2858 4502 2907 4553 οἱ
2965 4497 3013 4552 δ’
3054 4500 3198 4553 ἄλλοι
3248 4502 3452 4564 πάντες,
3495 4502 3565 4562 ὡς
3619 4497 3858 4574 ἀγράφως

2264 4595 2416 4642 τοῦτο
2443 4593 2778 4651 ποιήσαντες.

2333 4799 2512 4863 Βίϐλος
2576 4804 2819 4873 γενέσεως
2902 4799 3077 4860 Ἰησοῦ
3157 4808 3412 4871 Χριστοῦ.
3496 4804 3696 4855 Γένεσιν
3776 4802 3857 4874 (6)

2260 4888 2483 4944 ἐνταῦθα
2522 4892 2617 4949 τὴν
2673 4893 2911 4961 γέννησιν
2955 4888 3161 4949 ἐνόησεν
3200 4891 3225 4943 6
3265 4894 3645 4966 Χρυσόστομος
3690 4890 3861 4946 Ἰωάν-

2261 4999 2367 5041 νης.
2417 4977 2476 5032 Ἠ
2529 4980 2630 5053 γὰρ
2677 4982 2878 5052 γένεσις
2926 4978 3174 5040 καθολικὴ
3225 4978 3360 5043 λέξις
3407 4976 3560 5052 οὖσα,
3618 4985 3859 5054 σημαίνει

1790 5256 2007 5319 Variae
2038 5258 2355 5347 lectiones
2382 5264 2447 5324 et
2478 5264 2652 5324 notae

581 5346 680 5429 (4)_
709 5349 779 5429 1:6
825 5346 946 5429 ἄλλο
1016 5352 1105 5429 καί
1153 5349 1295 5423 ἄλλο,
1349 5353 1380 5414 ἦ
1452 5360 1541 5410 καὶ
1608 5358 1768 5422 ἄλλως
1838 5366 1927 5416 καὶ
1980 5363 2148 5429 ἄλλως

505 5412 830 5509 διηγεῖσθαι,
842 5420 983 5509 n§ic
997 5412 1439 5509 κοἱλλοιοσχῆκμιων.
1466 5430 1618 5509 pios
1630 5475 1641 5487 .
1693 5412 1887 5509 Laeli.

504 5490 930 5584 Slight-3.399..
964 5490 1425 5584 αλλοιοτροξξεῗται.
1458 5490 1662 5558 Galen.
1720 5504 1782 5560 in
1813 5490 2140 5580 Glossisjrp.

500 5559 586 5617 61.
619 5559 752 5619 Moi
777 5566 883 5629 est,
906 5566 1088 5642 ετέρως
1124 5559 1299 5628 εἰπεῖν.
1754 5606 1760 5613 -

2258 5369 2670 5497 teéﬂgf’clm
2697 5371 2755 5428 in
2782 5373 3050 5445 mal‘Sine
3070 5373 3250 5433 habet
3276 5378 3346 5433 Α.
3387 5376 3673 5436 Omiserat
3696 5380 3844 5439 Hen-

2327 5511 2404 5584 (6)
2442 5514 2605 5575 Tom.
2639 5514 2753 5583 VII,
2785 5530 2844 5588 p.
2877 5516 2947 5572 20
2978 5517 3036 5574 Cl
3065 5533 3125 5594 p;
3158 5520 3217 5574 21
3257 5520 3331 5577 Α.
