  <div class='ocr_page' id='page_1' title='image "/cluster/home/n/w/nwhite01/storage/ocr_20150623/129/mdp.39015061528470/066.png"; bbox 0 0 4166 6314; ppageno 0'>
   <div class='ocr_carea' id='block_1_1' title="bbox 311 339 401 395">
    <p class='ocr_par' dir='ltr' id='par_1_1' title="bbox 311 339 401 395">
     <span class='ocr_line' id='line_1_1' title="bbox 311 339 401 395; baseline -0.044 1"><span class='ocrx_word' id='word_1_1' title='bbox 311 339 401 395; x_wconf 79' lang='lat' dir='ltr'><strong>H7</strong></span> 
     </span>
    </p>
   </div>
   <div class='ocr_carea' id='block_1_2' title="bbox 1314 319 2635 382">
    <p class='ocr_par' dir='ltr' id='par_1_2' title="bbox 1314 319 2635 382">
     <span class='ocr_line' id='line_1_2' title="bbox 1314 319 2635 382; baseline -0.001 0"><span class='ocrx_word' id='word_1_2' title='bbox 1314 322 1675 382; x_wconf 84' lang='lat' dir='ltr'><strong>COMMENT.</strong></span> <span class='ocrx_word' id='word_1_3' title='bbox 1718 322 1789 378; x_wconf 92' lang='lat' dir='ltr'><strong>IN</strong></span> <span class='ocrx_word' id='word_1_4' title='bbox 1827 319 2253 379; x_wconf 69' lang='lat' dir='ltr'><strong>MATTH/EUM.</strong></span> <span class='ocrx_word' id='word_1_5' title='bbox 2292 356 2360 364; x_wconf 90' lang='lat'><strong>—</strong></span> <span class='ocrx_word' id='word_1_6' title='bbox 2390 323 2543 382; x_wconf 85' lang='lat' dir='ltr'><strong>CAP.</strong></span> <span class='ocrx_word' id='word_1_7' title='bbox 2584 324 2635 381; x_wconf 88' lang='grc' dir='ltr'><strong>ῐ.</strong></span> 
     </span>
    </p>
   </div>
   <div class='ocr_carea' id='block_1_3' title="bbox 3532 326 3639 386">
    <p class='ocr_par' dir='ltr' id='par_1_3' title="bbox 3532 326 3639 386">
     <span class='ocr_line' id='line_1_3' title="bbox 3532 326 3639 386; baseline 0.009 -2"><span class='ocrx_word' id='word_1_8' title='bbox 3532 326 3639 386; x_wconf 76' lang='grc'><strong>118</strong></span> 
     </span>
    </p>
   </div>
   <div class='ocr_carea' id='block_1_4' title="bbox 307 448 1866 529">
    <p class='ocr_par' dir='ltr' id='par_1_4' title="bbox 307 449 1866 529">
     <span class='ocr_line' id='line_1_4' title="bbox 307 449 1866 529; baseline -0.01 -11"><span class='ocrx_word' id='word_1_9' title='bbox 307 469 385 519; x_wconf 78' lang='grc' dir='ltr'><strong>καὶ</strong></span> <span class='ocrx_word' id='word_1_10' title='bbox 426 462 636 520; x_wconf 85' lang='grc' dir='ltr'>ταύτην.</span> <span class='ocrx_word' id='word_1_11' title='bbox 692 458 831 518; x_wconf 65' lang='grc' dir='ltr'>Τινὲς</span> <span class='ocrx_word' id='word_1_12' title='bbox 874 453 933 510; x_wconf 74' lang='grc' dir='ltr'>δέ</span> <span class='ocrx_word' id='word_1_13' title='bbox 987 474 1166 529; x_wconf 78' lang='grc' dir='ltr'>φασιν,</span> <span class='ocrx_word' id='word_1_14' title='bbox 1224 455 1325 522; x_wconf 86' lang='grc' dir='ltr'>ὅτι,</span> <span class='ocrx_word' id='word_1_15' title='bbox 1358 449 1537 513; x_wconf 80' lang='grc' dir='ltr'>ἐπειδή</span> <span class='ocrx_word' id='word_1_16' title='bbox 1571 453 1597 506; x_wconf 85' lang='grc' dir='ltr'>ὁ</span> <span class='ocrx_word' id='word_1_17' title='bbox 1649 454 1866 526; x_wconf 70' lang='grc' dir='ltr'>Χριστὸι</span> 
     </span>
    </p>
   </div>
   <div class='ocr_carea' id='block_1_5' title="bbox 1977 448 3638 529">
    <p class='ocr_par' dir='ltr' id='par_1_5' title="bbox 1999 450 3638 526">
     <span class='ocr_line' id='line_1_5' title="bbox 1999 450 3638 526; baseline 0.005 -20"><span class='ocrx_word' id='word_1_18' title='bbox 1999 452 2074 509; x_wconf 88' lang='lat' dir='ltr'><strong>sit</strong></span> <span class='ocrx_word' id='word_1_19' title='bbox 2103 450 2412 525; x_wconf 79' lang='lat' dir='ltr'><strong>generalis,</strong></span> <span class='ocrx_word' id='word_1_20' title='bbox 2442 452 2619 510; x_wconf 87' lang='lat' dir='ltr'><strong>etiam</strong></span> <span class='ocrx_word' id='word_1_21' title='bbox 2646 453 2758 510; x_wconf 91' lang='lat' dir='ltr'><strong>hoc</strong></span> <span class='ocrx_word' id='word_1_22' title='bbox 2783 453 3097 526; x_wconf 83' lang='lat' dir='ltr'><strong>significat.</strong></span> <span class='ocrx_word' id='word_1_23' title='bbox 3130 453 3387 523; x_wconf 84' lang='lat' dir='ltr'><strong>Quidam</strong></span> <span class='ocrx_word' id='word_1_24' title='bbox 3433 458 3638 515; x_wconf 90' lang='lat' dir='ltr'><strong>autem</strong></span> 
     </span>
    </p>
   </div>
   <div class='ocr_carea' id='block_1_6' title="bbox 304 544 1879 626">
    <p class='ocr_par' dir='ltr' id='par_1_6' title="bbox 304 544 1879 626">
     <span class='ocr_line' id='line_1_6' title="bbox 304 544 1879 626; baseline -0.008 -20"><span class='ocrx_word' id='word_1_25' title='bbox 304 556 557 626; x_wconf 77' lang='grc' dir='ltr'><strong>ὑπερφυῶς</strong></span> <span class='ocrx_word' id='word_1_26' title='bbox 628 549 883 621; x_wconf 70' lang='grc' dir='ltr'>’γεννηθεὶς</span> <span class='ocrx_word' id='word_1_27' title='bbox 939 544 993 597; x_wconf 84' lang='grc' dir='ltr'>ἐκ</span> <span class='ocrx_word' id='word_1_28' title='bbox 1047 546 1330 618; x_wconf 85' lang='grc' dir='ltr'>Παρθένου,</span> <span class='ocrx_word' id='word_1_29' title='bbox 1399 547 1492 601; x_wconf 81' lang='grc' dir='ltr'><strong>τήν</strong></span> <span class='ocrx_word' id='word_1_30' title='bbox 1543 544 1678 594; x_wconf 85' lang='grc' dir='ltr'>κατὰ</span> <span class='ocrx_word' id='word_1_31' title='bbox 1725 544 1879 615; x_wconf 80' lang='grc' dir='ltr'>φύσιν</span> 
     </span>
    </p>
   </div>
   <div class='ocr_carea' id='block_1_7' title="bbox 297 631 1879 714">
    <p class='ocr_par' dir='ltr' id='par_1_7' title="bbox 297 631 1879 714">
     <span class='ocr_line' id='line_1_7' title="bbox 297 631 1879 714; baseline -0.007 -21"><span class='ocrx_word' id='word_1_32' title='bbox 297 647 519 714; x_wconf 70' lang='grc' dir='ltr'>γέννησιν</span> <span class='ocrx_word' id='word_1_33' title='bbox 588 637 975 710; x_wconf 66' lang='grc' dir='ltr'>ἐκαινοτόμησα,</span> <span class='ocrx_word' id='word_1_34' title='bbox 1047 635 1224 688; x_wconf 90' lang='grc' dir='ltr'>λοιπὸν</span> <span class='ocrx_word' id='word_1_35' title='bbox 1288 637 1377 685; x_wconf 84' lang='grc' dir='ltr'>καὶ</span> <span class='ocrx_word' id='word_1_36' title='bbox 1432 634 1458 684; x_wconf 89' lang='grc' dir='ltr'><strong>ὸ</strong></span> <span class='ocrx_word' id='word_1_37' title='bbox 1511 631 1879 703; x_wconf 70' lang='grc' dir='ltr'>εύαγγελιστής</span> 
     </span>
    </p>
   </div>
   <div class='ocr_carea' id='block_1_8' title="bbox 294 727 1875 803">
    <p class='ocr_par' dir='ltr' id='par_1_8' title="bbox 294 727 1875 803">
     <span class='ocr_line' id='line_1_8' title="bbox 294 727 1875 803; baseline -0.008 -19"><span class='ocrx_word' id='word_1_38' title='bbox 294 732 655 803; x_wconf 76' lang='grc' dir='ltr'>ἔκαινοτόμησε</span> <span class='ocrx_word' id='word_1_39' title='bbox 714 731 773 780; x_wconf 88' lang='grc' dir='ltr'><strong>τὸ</strong></span> <span class='ocrx_word' id='word_1_40' title='bbox 825 729 961 779; x_wconf 84' lang='grc' dir='ltr'>κατὰ</span> <span class='ocrx_word' id='word_1_41' title='bbox 1008 728 1162 799; x_wconf 79' lang='grc' dir='ltr'>φύσιν</span> <span class='ocrx_word' id='word_1_42' title='bbox 1219 728 1379 797; x_wconf 83' lang='grc' dir='ltr'>ὄνομα</span> <span class='ocrx_word' id='word_1_43' title='bbox 1429 730 1524 785; x_wconf 83' lang='grc' dir='ltr'>τῆς</span> <span class='ocrx_word' id='word_1_44' title='bbox 1575 727 1875 795; x_wconf 70' lang='grc' dir='ltr'><strong>γεννήσεως,</strong></span> 
     </span>
    </p>
   </div>
   <div class='ocr_carea' id='block_1_9' title="bbox 286 816 1059 893">
    <p class='ocr_par' dir='ltr' id='par_1_9' title="bbox 286 816 1059 893">
     <span class='ocr_line' id='line_1_9' title="bbox 286 816 1059 893; baseline -0.008 -19"><span class='ocrx_word' id='word_1_45' title='bbox 286 825 475 893; x_wconf 76' lang='grc' dir='ltr'>γένεσιν</span> <span class='ocrx_word' id='word_1_46' title='bbox 516 817 679 876; x_wconf 83' lang='grc' dir='ltr'>αύτήν</span> <span class='ocrx_word' id='word_1_47' title='bbox 709 816 933 879; x_wconf 81' lang='grc' dir='ltr'><strong>καλέσας</strong></span> 
     </span>
    </p>
   </div>
   <div class='ocr_carea' id='block_1_10' title="bbox 349 989 1876 1069">
    <p class='ocr_par' dir='ltr' id='par_1_10' title="bbox 349 989 1876 1069">
     <span class='ocr_line' id='line_1_10' title="bbox 349 989 1876 1069; baseline -0.006 -17"><span class='ocrx_word' id='word_1_48' title='bbox 349 1001 416 1052; x_wconf 90' lang='grc' dir='ltr'>Τὸ</span> <span class='ocrx_word' id='word_1_49' title='bbox 456 995 516 1049; x_wconf 70' lang='grc' dir='ltr'><strong>δε</strong></span> <span class='ocrx_word' id='word_1_50' title='bbox 562 998 763 1056; x_wconf 84' lang='grc' dir='ltr'>Ἰησοῦς</span> <span class='ocrx_word' id='word_1_51' title='bbox 821 998 998 1067; x_wconf 85' lang='grc' dir='ltr'>ὄνομα,</span> <span class='ocrx_word' id='word_1_52' title='bbox 1039 992 1307 1069; x_wconf 83' lang='grc' dir='ltr'>Ἑϐραίκὸν</span> <span class='ocrx_word' id='word_1_53' title='bbox 1364 995 1454 1065; x_wconf 83' lang='grc' dir='ltr'><strong>μέν</strong></span> <span class='ocrx_word' id='word_1_54' title='bbox 1497 989 1631 1061; x_wconf 77' lang='grc' dir='ltr'>ἔστι,</span> <span class='ocrx_word' id='word_1_55' title='bbox 1681 992 1876 1064; x_wconf 86' lang='grc' dir='ltr'>σημαί-</span> 
     </span>
    </p>
   </div>
   <div class='ocr_carea' id='block_1_11' title="bbox 282 1083 1873 1159">
    <p class='ocr_par' dir='ltr' id='par_1_11' title="bbox 282 1083 1873 1159">
     <span class='ocr_line' id='line_1_11' title="bbox 282 1083 1873 1159; baseline -0.005 -20"><span class='ocrx_word' id='word_1_56' title='bbox 282 1098 354 1141; x_wconf 77' lang='grc' dir='ltr'><strong>νει</strong></span> <span class='ocrx_word' id='word_1_57' title='bbox 394 1084 451 1140; x_wconf 65' lang='grc' dir='ltr'>δὲ</span> <span class='ocrx_word' id='word_1_58' title='bbox 497 1088 588 1139; x_wconf 90' lang='grc' dir='ltr'><strong>τὸν</strong></span> <span class='ocrx_word' id='word_1_59' title='bbox 632 1094 865 1159; x_wconf 82' lang='grc' dir='ltr'>Σωτῆρα.</span> <span class='ocrx_word' id='word_1_60' title='bbox 902 1115 972 1125; x_wconf 89' lang='lat'><strong>-—</strong></span> <span class='ocrx_word' id='word_1_61' title='bbox 1016 1083 1190 1145; x_wconf 86' lang='grc' dir='ltr'>Αύτὸς</span> <span class='ocrx_word' id='word_1_62' title='bbox 1236 1084 1335 1156; x_wconf 73' lang='grc' dir='ltr'>’γὰρ</span> <span class='ocrx_word' id='word_1_63' title='bbox 1385 1086 1563 1147; x_wconf 84' lang='grc' dir='ltr'><strong>σώσει,</strong></span> <span class='ocrx_word' id='word_1_64' title='bbox 1605 1100 1755 1154; x_wconf 74' lang='grc' dir='ltr'>φησι,</span> <span class='ocrx_word' id='word_1_65' title='bbox 1789 1084 1873 1132; x_wconf 85' lang='grc' dir='ltr'><strong>τὸν</strong></span> 
     </span>
    </p>
   </div>
   <div class='ocr_carea' id='block_1_12' title="bbox 284 1168 1868 1247">
    <p class='ocr_par' dir='ltr' id='par_1_12' title="bbox 284 1168 1868 1247">
     <span class='ocr_line' id='line_1_12' title="bbox 284 1168 1868 1247; baseline -0.005 -17"><span class='ocrx_word' id='word_1_66' title='bbox 284 1178 399 1230; x_wconf 88' lang='grc' dir='ltr'>λαὸν</span> <span class='ocrx_word' id='word_1_67' title='bbox 442 1177 602 1229; x_wconf 72' lang='grc' dir='ltr'>αὐτοῦ</span> <span class='ocrx_word' id='word_1_68' title='bbox 656 1175 757 1227; x_wconf 79' lang='grc' dir='ltr'>ἀπὸ</span> <span class='ocrx_word' id='word_1_69' title='bbox 805 1182 904 1229; x_wconf 86' lang='grc' dir='ltr'>τῶν</span> <span class='ocrx_word' id='word_1_70' title='bbox 963 1173 1228 1247; x_wconf 81' lang='grc' dir='ltr'>ἁμαρτιῶν</span> <span class='ocrx_word' id='word_1_71' title='bbox 1282 1171 1468 1226; x_wconf 70' lang='grc' dir='ltr'>αὐτῶν.</span> <span class='ocrx_word' id='word_1_72' title='bbox 1527 1170 1638 1225; x_wconf 79' lang='grc' dir='ltr'>’Ῑνα</span> <span class='ocrx_word' id='word_1_73' title='bbox 1689 1168 1747 1223; x_wconf 70' lang='grc' dir='ltr'><strong>δε</strong></span> <span class='ocrx_word' id='word_1_74' title='bbox 1798 1173 1868 1243; x_wconf 85' lang='grc' dir='ltr'><strong>μή</strong></span> 
     </span>
    </p>
   </div>
   <div class='ocr_carea' id='block_1_13' title="bbox 289 1259 1868 1337">
    <p class='ocr_par' dir='ltr' id='par_1_13' title="bbox 289 1259 1868 1337">
     <span class='ocr_line' id='line_1_13' title="bbox 289 1259 1868 1337; baseline -0.004 -18"><span class='ocrx_word' id='word_1_75' title='bbox 289 1267 542 1337; x_wconf 76' lang='grc' dir='ltr'>πλανηθῇς</span> <span class='ocrx_word' id='word_1_76' title='bbox 611 1268 728 1336; x_wconf 81' lang='grc' dir='ltr'>περὶ</span> <span class='ocrx_word' id='word_1_77' title='bbox 814 1268 906 1322; x_wconf 86' lang='grc' dir='ltr'><strong>τήν</strong></span> <span class='ocrx_word' id='word_1_78' title='bbox 964 1264 1282 1336; x_wconf 82' lang='grc' dir='ltr'><strong>ὁμωνυμίαν,</strong></span> <span class='ocrx_word' id='word_1_79' title='bbox 1343 1262 1548 1318; x_wconf 80' lang='grc' dir='ltr'>Ἰησοῦν</span> <span class='ocrx_word' id='word_1_80' title='bbox 1620 1259 1868 1322; x_wconf 77' lang='grc' dir='ltr'>ἀκούσας·</span> 
     </span>
    </p>
   </div>
   <div class='ocr_carea' id='block_1_14' title="bbox 284 1346 1873 1427">
    <p class='ocr_par' dir='ltr' id='par_1_14' title="bbox 284 1346 1873 1427">
     <span class='ocr_line' id='line_1_14' title="bbox 284 1346 1873 1427; baseline -0.004 -21"><span class='ocrx_word' id='word_1_81' title='bbox 284 1359 444 1425; x_wconf 71' lang='grc' dir='ltr'>γέγονε</span> <span class='ocrx_word' id='word_1_82' title='bbox 471 1356 574 1427; x_wconf 75' lang='grc' dir='ltr'>γὰρ</span> <span class='ocrx_word' id='word_1_83' title='bbox 635 1358 724 1405; x_wconf 85' lang='grc' dir='ltr'>καὶ</span> <span class='ocrx_word' id='word_1_84' title='bbox 758 1352 906 1415; x_wconf 78' lang='grc' dir='ltr'>ἄλλος</span> <span class='ocrx_word' id='word_1_85' title='bbox 960 1353 1242 1418; x_wconf 76' lang='grc' dir='ltr'>Ἰησους,ό</span> <span class='ocrx_word' id='word_1_86' title='bbox 1298 1358 1390 1403; x_wconf 91' lang='grc' dir='ltr'><strong>τοῦ</strong></span> <span class='ocrx_word' id='word_1_87' title='bbox 1436 1357 1608 1408; x_wconf 88' lang='grc' dir='ltr'>Ναυῆ·</span> <span class='ocrx_word' id='word_1_88' title='bbox 1665 1349 1757 1401; x_wconf 85' lang='grc' dir='ltr'><strong>ούκ</strong></span> <span class='ocrx_word' id='word_1_89' title='bbox 1806 1346 1873 1401; x_wconf 82' lang='grc' dir='ltr'><strong>εἷ-</strong></span> 
     </span>
    </p>
   </div>
   <div class='ocr_carea' id='block_1_15' title="bbox 278 1434 1871 1515">
    <p class='ocr_par' dir='ltr' id='par_1_15' title="bbox 278 1434 1871 1515">
     <span class='ocr_line' id='line_1_15' title="bbox 278 1434 1871 1515; baseline -0.005 -20"><span class='ocrx_word' id='word_1_90' title='bbox 278 1462 361 1495; x_wconf 83' lang='grc' dir='ltr'><strong>πεν</strong></span> <span class='ocrx_word' id='word_1_91' title='bbox 412 1444 589 1502; x_wconf 80' lang='grc' dir='ltr'><strong>Ἰησοῦ</strong></span> <span class='ocrx_word' id='word_1_92' title='bbox 645 1446 819 1515; x_wconf 88' lang='grc' dir='ltr'>μόνον,</span> <span class='ocrx_word' id='word_1_93' title='bbox 856 1440 985 1494; x_wconf 77' lang='grc' dir='ltr'>ἀλλὰ</span> <span class='ocrx_word' id='word_1_94' title='bbox 1038 1441 1213 1499; x_wconf 83' lang='grc' dir='ltr'><strong>Ἰησοῦ</strong></span> <span class='ocrx_word' id='word_1_95' title='bbox 1260 1445 1508 1513; x_wconf 80' lang='grc' dir='ltr'>Χριστοῦ,</span> <span class='ocrx_word' id='word_1_96' title='bbox 1561 1434 1871 1490; x_wconf 77' lang='grc' dir='ltr'>διαστελλων</span> 
     </span>
    </p>
   </div>
   <div class='ocr_carea' id='block_1_16' title="bbox 276 1526 1871 1603">
    <p class='ocr_par' dir='ltr' id='par_1_16' title="bbox 276 1526 1871 1603">
     <span class='ocr_line' id='line_1_16' title="bbox 276 1526 1871 1603; baseline -0.004 -19"><span class='ocrx_word' id='word_1_97' title='bbox 276 1531 359 1584; x_wconf 77' lang='grc' dir='ltr'>ἀπ’</span> <span class='ocrx_word' id='word_1_98' title='bbox 413 1532 609 1585; x_wconf 77' lang='grc' dir='ltr'>ἐκείνου</span> <span class='ocrx_word' id='word_1_99' title='bbox 662 1538 865 1586; x_wconf 88' lang='grc' dir='ltr'>τοῦτον.</span> <span class='ocrx_word' id='word_1_100' title='bbox 918 1530 1225 1603; x_wconf 83' lang='grc' dir='ltr'>Ἀπορήσειε</span> <span class='ocrx_word' id='word_1_101' title='bbox 1283 1526 1333 1580; x_wconf 84' lang='grc' dir='ltr'>δ’</span> <span class='ocrx_word' id='word_1_102' title='bbox 1381 1529 1442 1580; x_wconf 80' lang='grc' dir='ltr'><em>ἄν</em></span> <span class='ocrx_word' id='word_1_103' title='bbox 1480 1547 1575 1593; x_wconf 91' lang='grc' dir='ltr'>τις,</span> <span class='ocrx_word' id='word_1_104' title='bbox 1634 1528 1734 1593; x_wconf 85' lang='grc' dir='ltr'>ὅτι,</span> <span class='ocrx_word' id='word_1_105' title='bbox 1783 1529 1871 1578; x_wconf 77' lang='grc' dir='ltr'>καὶ</span> 
     </span>
    </p>
   </div>
   <div class='ocr_carea' id='block_1_17' title="bbox 277 1619 1873 1693">
    <p class='ocr_par' dir='ltr' id='par_1_17' title="bbox 277 1619 1873 1693">
     <span class='ocr_line' id='line_1_17' title="bbox 277 1619 1873 1693; baseline -0.004 -22"><span class='ocrx_word' id='word_1_106' title='bbox 277 1624 373 1691; x_wconf 81' lang='grc' dir='ltr'><strong>μὴν</strong></span> <span class='ocrx_word' id='word_1_107' title='bbox 424 1622 453 1678; x_wconf 77' lang='grc' dir='ltr'>ἡ</span> <span class='ocrx_word' id='word_1_108' title='bbox 501 1619 687 1693; x_wconf 85' lang='grc' dir='ltr'>βιϐλος</span> <span class='ocrx_word' id='word_1_109' title='bbox 734 1619 864 1678; x_wconf 81' lang='grc' dir='ltr'>αὕτη</span> <span class='ocrx_word' id='word_1_110' title='bbox 925 1620 1017 1672; x_wconf 79' lang='grc' dir='ltr'>οὐκ</span> <span class='ocrx_word' id='word_1_111' title='bbox 1064 1622 1178 1671; x_wconf 80' lang='grc' dir='ltr'>ἔστι</span> <span class='ocrx_word' id='word_1_112' title='bbox 1233 1622 1395 1689; x_wconf 89' lang='grc' dir='ltr'>μόνης</span> <span class='ocrx_word' id='word_1_113' title='bbox 1442 1625 1536 1676; x_wconf 85' lang='grc' dir='ltr'>τῆς</span> <span class='ocrx_word' id='word_1_114' title='bbox 1586 1619 1873 1686; x_wconf 73' lang='grc' dir='ltr'><strong>γεννήσεως</strong></span> 
     </span>
    </p>
   </div>
   <div class='ocr_carea' id='block_1_18' title="bbox 277 1706 1871 1782">
    <p class='ocr_par' dir='ltr' id='par_1_18' title="bbox 277 1706 1871 1782">
     <span class='ocr_line' id='line_1_18' title="bbox 277 1706 1871 1782; baseline -0.005 -20"><span class='ocrx_word' id='word_1_115' title='bbox 277 1711 446 1767; x_wconf 81' lang='grc' dir='ltr'><strong>Ἰησοῦ</strong></span> <span class='ocrx_word' id='word_1_116' title='bbox 494 1715 751 1782; x_wconf 79' lang='grc' dir='ltr'><strong>Χριστοῦ,</strong></span> <span class='ocrx_word' id='word_1_117' title='bbox 786 1708 891 1761; x_wconf 79' lang='grc' dir='ltr'>ἀλλ’</span> <span class='ocrx_word' id='word_1_118' title='bbox 922 1708 1043 1768; x_wconf 86' lang='grc' dir='ltr'>ὅλης</span> <span class='ocrx_word' id='word_1_119' title='bbox 1097 1707 1259 1759; x_wconf 78' lang='grc' dir='ltr'>αὐτοῦ</span> <span class='ocrx_word' id='word_1_120' title='bbox 1293 1714 1385 1768; x_wconf 84' lang='grc' dir='ltr'>τῆς</span> <span class='ocrx_word' id='word_1_121' title='bbox 1438 1706 1734 1775; x_wconf 79' lang='grc' dir='ltr'><strong>οἰκονομίας</strong></span> <span class='ocrx_word' id='word_1_122' title='bbox 1781 1706 1871 1755; x_wconf 77' lang='grc' dir='ltr'>καὶ</span> 
     </span>
    </p>
   </div>
   <div class='ocr_carea' id='block_1_19' title="bbox 273 1793 1943 1870">
    <p class='ocr_par' dir='ltr' id='par_1_19' title="bbox 273 1793 1943 1870">
     <span class='ocr_line' id='line_1_19' title="bbox 273 1793 1943 1870; baseline -0.001 -21"><span class='ocrx_word' id='word_1_123' title='bbox 273 1798 549 1860; x_wconf 75' lang='grc' dir='ltr'><strong>πολιτείας·</strong></span> <span class='ocrx_word' id='word_1_124' title='bbox 607 1797 791 1870; x_wconf 77' lang='grc' dir='ltr'>λύομεν</span> <span class='ocrx_word' id='word_1_125' title='bbox 882 1794 940 1850; x_wconf 74' lang='grc' dir='ltr'>δὲ</span> <span class='ocrx_word' id='word_1_126' title='bbox 996 1801 1089 1855; x_wconf 78' lang='grc' dir='ltr'><strong>τήν</strong></span> <span class='ocrx_word' id='word_1_127' title='bbox 1161 1797 1403 1869; x_wconf 84' lang='grc' dir='ltr'><strong>ἀπορίαν,</strong></span> <span class='ocrx_word' id='word_1_128' title='bbox 1463 1796 1540 1847; x_wconf 85' lang='grc' dir='ltr'>ὅτι</span> <span class='ocrx_word' id='word_1_129' title='bbox 1612 1796 1670 1845; x_wconf 93' lang='grc' dir='ltr'><strong>τὸ</strong></span> <span class='ocrx_word' id='word_1_130' title='bbox 1718 1793 1869 1864; x_wconf 79' lang='grc' dir='ltr'>κεφά-</span> <span class='ocrx_word' id='word_1_131' title='bbox 1898 1793 1943 1848; x_wconf 88' lang='grc' dir='ltr'>Β</span> 
     </span>
    </p>
   </div>
   <div class='ocr_carea' id='block_1_20' title="bbox 271 1883 1866 1959">
    <p class='ocr_par' dir='ltr' id='par_1_20' title="bbox 271 1883 1866 1959">
     <span class='ocr_line' id='line_1_20' title="bbox 271 1883 1866 1959; baseline -0.002 -21"><span class='ocrx_word' id='word_1_132' title='bbox 271 1885 404 1939; x_wconf 92' lang='grc' dir='ltr'>λαιον</span> <span class='ocrx_word' id='word_1_133' title='bbox 476 1887 563 1959; x_wconf 88' lang='grc'><strong>(8)</strong></span> <span class='ocrx_word' id='word_1_134' title='bbox 616 1886 739 1949; x_wconf 86' lang='grc' dir='ltr'>ὅλης</span> <span class='ocrx_word' id='word_1_135' title='bbox 795 1895 891 1949; x_wconf 80' lang='grc' dir='ltr'>τῆς</span> <span class='ocrx_word' id='word_1_136' title='bbox 944 1886 1239 1958; x_wconf 84' lang='grc' dir='ltr'>οἰκονομίας</span> <span class='ocrx_word' id='word_1_137' title='bbox 1296 1890 1385 1937; x_wconf 85' lang='grc' dir='ltr'>καὶ</span> <span class='ocrx_word' id='word_1_138' title='bbox 1437 1883 1719 1951; x_wconf 79' lang='grc' dir='ltr'>πολιτείας,</span> <span class='ocrx_word' id='word_1_139' title='bbox 1778 1886 1866 1935; x_wconf 81' lang='grc' dir='ltr'>καὶ</span> 
     </span>
    </p>
   </div>
   <div class='ocr_carea' id='block_1_21' title="bbox 271 1968 1862 2051">
    <p class='ocr_par' dir='ltr' id='par_1_21' title="bbox 271 1968 1862 2051">
     <span class='ocr_line' id='line_1_21' title="bbox 271 1968 1862 2051; baseline -0.001 -24"><span class='ocrx_word' id='word_1_140' title='bbox 271 1975 407 2047; x_wconf 81' lang='grc' dir='ltr'>ἀρχή</span> <span class='ocrx_word' id='word_1_141' title='bbox 446 1982 543 2029; x_wconf 85' lang='grc' dir='ltr'>καὶ</span> <span class='ocrx_word' id='word_1_142' title='bbox 588 1977 714 2051; x_wconf 75' lang='grc' dir='ltr'>ῥίζα</span> <span class='ocrx_word' id='word_1_143' title='bbox 760 1984 851 2037; x_wconf 84' lang='grc' dir='ltr'>τῆς</span> <span class='ocrx_word' id='word_1_144' title='bbox 884 1980 1147 2050; x_wconf 81' lang='grc' dir='ltr'><strong>σωτηρίας</strong></span> <span class='ocrx_word' id='word_1_145' title='bbox 1207 1977 1353 2048; x_wconf 79' lang='grc' dir='ltr'>ἡμῶν</span> <span class='ocrx_word' id='word_1_146' title='bbox 1406 1976 1435 2032; x_wconf 80' lang='grc' dir='ltr'>ἡ</span> <span class='ocrx_word' id='word_1_147' title='bbox 1493 1976 1728 2045; x_wconf 75' lang='grc' dir='ltr'>γέννησις</span> <span class='ocrx_word' id='word_1_148' title='bbox 1781 1968 1862 2029; x_wconf 77' lang='grc' dir='ltr'><strong>ἦν.</strong></span> 
     </span>
    </p>
   </div>
   <div class='ocr_carea' id='block_1_22' title="bbox 268 2062 1863 2138">
    <p class='ocr_par' dir='ltr' id='par_1_22' title="bbox 268 2062 1863 2138">
     <span class='ocr_line' id='line_1_22' title="bbox 268 2062 1863 2138; baseline -0.003 -20"><span class='ocrx_word' id='word_1_149' title='bbox 268 2071 423 2118; x_wconf 88' lang='grc' dir='ltr'>Τοῦτο</span> <span class='ocrx_word' id='word_1_150' title='bbox 480 2069 587 2137; x_wconf 69' lang='grc' dir='ltr'>γὰρ</span> <span class='ocrx_word' id='word_1_151' title='bbox 655 2065 943 2128; x_wconf 72' lang='grc' dir='ltr'>ἐκπλήξεως</span> <span class='ocrx_word' id='word_1_152' title='bbox 992 2069 1138 2137; x_wconf 78' lang='grc' dir='ltr'>γέμει</span> <span class='ocrx_word' id='word_1_153' title='bbox 1180 2070 1270 2117; x_wconf 83' lang='grc' dir='ltr'>καὶ</span> <span class='ocrx_word' id='word_1_154' title='bbox 1338 2068 1541 2138; x_wconf 79' lang='grc' dir='ltr'>φρίκης,</span> <span class='ocrx_word' id='word_1_155' title='bbox 1598 2066 1688 2114; x_wconf 86' lang='grc' dir='ltr'>καὶ</span> <span class='ocrx_word' id='word_1_156' title='bbox 1738 2062 1863 2135; x_wconf 67' lang='grc' dir='ltr'>ὑπὲρ</span> 
     </span>
    </p>
   </div>
   <div class='ocr_carea' id='block_1_23' title="bbox 266 2151 1866 2228">
    <p class='ocr_par' dir='ltr' id='par_1_23' title="bbox 266 2151 1866 2228">
     <span class='ocr_line' id='line_1_23' title="bbox 266 2151 1866 2228; baseline -0.003 -22"><span class='ocrx_word' id='word_1_157' title='bbox 266 2152 450 2208; x_wconf 77' lang='grc' dir='ltr'>ἐλπίδα</span> <span class='ocrx_word' id='word_1_158' title='bbox 521 2162 699 2208; x_wconf 81' lang='grc' dir='ltr'>πᾶσαν</span> <span class='ocrx_word' id='word_1_159' title='bbox 767 2160 857 2208; x_wconf 87' lang='grc' dir='ltr'>καὶ</span> <span class='ocrx_word' id='word_1_160' title='bbox 926 2151 1251 2228; x_wconf 75' lang='grc' dir='ltr'>προσδοκίαν</span> <span class='ocrx_word' id='word_1_161' title='bbox 1308 2153 1436 2221; x_wconf 72' lang='grc' dir='ltr'>ἐστὶ,</span> <span class='ocrx_word' id='word_1_162' title='bbox 1507 2155 1588 2221; x_wconf 90' lang='grc' dir='ltr'><strong>τὸ,</strong></span> <span class='ocrx_word' id='word_1_163' title='bbox 1625 2152 1866 2223; x_wconf 72' lang='grc' dir='ltr'>’γενέσθαι</span> 
     </span>
    </p>
   </div>
   <div class='ocr_carea' id='block_1_24' title="bbox 262 2243 1867 2318">
    <p class='ocr_par' dir='ltr' id='par_1_24' title="bbox 262 2243 1867 2318">
     <span class='ocr_line' id='line_1_24' title="bbox 262 2243 1867 2318; baseline -0.003 -21"><span class='ocrx_word' id='word_1_164' title='bbox 262 2247 343 2297; x_wconf 85' lang='grc' dir='ltr'><strong>τὸν</strong></span> <span class='ocrx_word' id='word_1_165' title='bbox 396 2248 534 2298; x_wconf 86' lang='grc' dir='ltr'>Θεὸν</span> <span class='ocrx_word' id='word_1_166' title='bbox 581 2245 869 2318; x_wconf 80' lang='grc' dir='ltr'>ἄνθρωπον.</span> <span class='ocrx_word' id='word_1_167' title='bbox 910 2246 1107 2297; x_wconf 83' lang='grc' dir='ltr'>Τούτου</span> <span class='ocrx_word' id='word_1_168' title='bbox 1146 2245 1247 2318; x_wconf 73' lang='grc' dir='ltr'>γὰρ</span> <span class='ocrx_word' id='word_1_169' title='bbox 1294 2246 1584 2314; x_wconf 78' lang='grc' dir='ltr'><strong>⁴γενομένου,</strong></span> <span class='ocrx_word' id='word_1_170' title='bbox 1627 2243 1693 2293; x_wconf 84' lang='grc' dir='ltr'><strong>τὰ</strong></span> <span class='ocrx_word' id='word_1_171' title='bbox 1736 2243 1867 2312; x_wconf 86' lang='grc' dir='ltr'>μετὰ</span> 
     </span>
    </p>
   </div>
   <div class='ocr_carea' id='block_1_25' title="bbox 259 2330 1862 2401">
    <p class='ocr_par' dir='ltr' id='par_1_25' title="bbox 259 2330 1862 2401">
     <span class='ocr_line' id='line_1_25' title="bbox 259 2330 1862 2401; baseline -0.001 -17"><span class='ocrx_word' id='word_1_172' title='bbox 259 2340 409 2385; x_wconf 89' lang='grc' dir='ltr'>τοῦτο</span> <span class='ocrx_word' id='word_1_173' title='bbox 477 2334 655 2385; x_wconf 82' lang='grc' dir='ltr'>πάντα</span> <span class='ocrx_word' id='word_1_174' title='bbox 728 2332 839 2386; x_wconf 85' lang='grc' dir='ltr'>κατ’</span> <span class='ocrx_word' id='word_1_175' title='bbox 909 2331 1215 2385; x_wconf 75' lang='grc' dir='ltr'>ἀκολουθίαν</span> <span class='ocrx_word' id='word_1_176' title='bbox 1272 2336 1363 2383; x_wconf 84' lang='grc' dir='ltr'>καὶ</span> <span class='ocrx_word' id='word_1_177' title='bbox 1424 2330 1574 2401; x_wconf 76' lang='grc' dir='ltr'>λόγον</span> <span class='ocrx_word' id='word_1_178' title='bbox 1639 2331 1862 2383; x_wconf 79' lang='grc' dir='ltr'>ἕπονται.</span> 
     </span>
    </p>
   </div>
   <div class='ocr_carea' id='block_1_26' title="bbox 258 2417 1865 2496">
    <p class='ocr_par' dir='ltr' id='par_1_26' title="bbox 258 2417 1865 2496">
     <span class='ocr_line' id='line_1_26' title="bbox 258 2417 1865 2496; baseline -0.003 -20"><span class='ocrx_word' id='word_1_179' title='bbox 258 2424 457 2476; x_wconf 85' lang='grc' dir='ltr'>Λοιπὸν</span> <span class='ocrx_word' id='word_1_180' title='bbox 509 2418 600 2474; x_wconf 81' lang='grc' dir='ltr'>οὖν</span> <span class='ocrx_word' id='word_1_181' title='bbox 650 2420 751 2475; x_wconf 83' lang='grc' dir='ltr'><strong>ὰπὸ</strong></span> <span class='ocrx_word' id='word_1_182' title='bbox 792 2428 885 2474; x_wconf 86' lang='grc' dir='ltr'><strong>τοῦ</strong></span> <span class='ocrx_word' id='word_1_183' title='bbox 922 2425 1237 2496; x_wconf 84' lang='grc' dir='ltr'>κυρίωτέρου</span> <span class='ocrx_word' id='word_1_184' title='bbox 1289 2425 1498 2493; x_wconf 83' lang='grc' dir='ltr'>μέρους,</span> <span class='ocrx_word' id='word_1_185' title='bbox 1550 2417 1729 2491; x_wconf 85' lang='grc' dir='ltr'>βιϐλον</span> <span class='ocrx_word' id='word_1_186' title='bbox 1779 2439 1865 2490; x_wconf 72' lang='grc' dir='ltr'><strong>γε·</strong></span> 
     </span>
    </p>
   </div>
   <div class='ocr_carea' id='block_1_27' title="bbox 257 2509 1862 2583">
    <p class='ocr_par' dir='ltr' id='par_1_27' title="bbox 257 2509 1862 2583">
     <span class='ocr_line' id='line_1_27' title="bbox 257 2509 1862 2583; baseline -0.001 -21"><span class='ocrx_word' id='word_1_187' title='bbox 257 2514 465 2581; x_wconf 78' lang='grc' dir='ltr'>νέσεως,</span> <span class='ocrx_word' id='word_1_188' title='bbox 502 2511 618 2564; x_wconf 81' lang='grc' dir='ltr'>ὅλον</span> <span class='ocrx_word' id='word_1_189' title='bbox 675 2514 732 2564; x_wconf 90' lang='grc' dir='ltr'><strong>τὸ</strong></span> <span class='ocrx_word' id='word_1_190' title='bbox 784 2509 988 2583; x_wconf 84' lang='grc' dir='ltr'>βιϐλίον</span> <span class='ocrx_word' id='word_1_191' title='bbox 1039 2509 1293 2568; x_wconf 74' lang='grc' dir='ltr'>ἐκάλεσεν.</span> <span class='ocrx_word' id='word_1_192' title='bbox 1349 2510 1500 2562; x_wconf 78' lang='grc' dir='ltr'>Οὕτω</span> <span class='ocrx_word' id='word_1_193' title='bbox 1551 2511 1652 2581; x_wconf 74' lang='grc' dir='ltr'>γὰρ</span> <span class='ocrx_word' id='word_1_194' title='bbox 1705 2513 1794 2560; x_wconf 83' lang='grc' dir='ltr'>καὶ</span> <span class='ocrx_word' id='word_1_195' title='bbox 1837 2510 1862 2561; x_wconf 89' lang='grc' dir='ltr'><strong>ό</strong></span> 
     </span>
    </p>
   </div>
   <div class='ocr_carea' id='block_1_28' title="bbox 257 2599 1862 2674">
    <p class='ocr_par' dir='ltr' id='par_1_28' title="bbox 257 2599 1862 2674">
     <span class='ocr_line' id='line_1_28' title="bbox 257 2599 1862 2674; baseline -0.001 -21"><span class='ocrx_word' id='word_1_196' title='bbox 257 2606 520 2668; x_wconf 80' lang='grc' dir='ltr'>Μωῦσῆς,</span> <span class='ocrx_word' id='word_1_197' title='bbox 610 2599 789 2674; x_wconf 86' lang='grc' dir='ltr'>βιϐλον</span> <span class='ocrx_word' id='word_1_198' title='bbox 865 2604 1113 2661; x_wconf 80' lang='grc' dir='ltr'>Γενέσιως</span> <span class='ocrx_word' id='word_1_199' title='bbox 1182 2599 1400 2673; x_wconf 86' lang='grc' dir='ltr'>ούρανοῦ</span> <span class='ocrx_word' id='word_1_200' title='bbox 1477 2602 1560 2649; x_wconf 81' lang='grc' dir='ltr'>καὶ</span> <span class='ocrx_word' id='word_1_201' title='bbox 1609 2606 1724 2669; x_wconf 70' lang='grc' dir='ltr'>γῆς,</span> <span class='ocrx_word' id='word_1_202' title='bbox 1804 2601 1862 2651; x_wconf 89' lang='grc' dir='ltr'><strong>τὸ</strong></span> 
     </span>
    </p>
   </div>
   <div class='ocr_carea' id='block_1_29' title="bbox 257 2687 1863 2762">
    <p class='ocr_par' dir='ltr' id='par_1_29' title="bbox 257 2687 1863 2762">
     <span class='ocr_line' id='line_1_29' title="bbox 257 2687 1863 2762; baseline -0.001 -21"><span class='ocrx_word' id='word_1_203' title='bbox 257 2697 463 2761; x_wconf 85' lang='grc' dir='ltr'>πρῶτον</span> <span class='ocrx_word' id='word_1_204' title='bbox 497 2689 660 2743; x_wconf 86' lang='grc' dir='ltr'>αύτοῦ</span> <span class='ocrx_word' id='word_1_205' title='bbox 690 2688 892 2762; x_wconf 82' lang='grc' dir='ltr'>βιϐλίον</span> <span class='ocrx_word' id='word_1_206' title='bbox 919 2690 1173 2762; x_wconf 86' lang='grc' dir='ltr'>ὠνόμασε,</span> <span class='ocrx_word' id='word_1_207' title='bbox 1206 2692 1378 2740; x_wconf 85' lang='grc' dir='ltr'>καίτοι</span> <span class='ocrx_word' id='word_1_208' title='bbox 1412 2687 1470 2740; x_wconf 86' lang='grc' dir='ltr'><strong>ού</strong></span> <span class='ocrx_word' id='word_1_209' title='bbox 1496 2692 1613 2761; x_wconf 77' lang='grc' dir='ltr'>περὶ</span> <span class='ocrx_word' id='word_1_210' title='bbox 1644 2687 1863 2760; x_wconf 86' lang='grc' dir='ltr'>ούρανοῦ</span> 
     </span>
    </p>
   </div>
   <div class='ocr_carea' id='block_1_30' title="bbox 259 2775 1862 2852">
    <p class='ocr_par' dir='ltr' id='par_1_30' title="bbox 259 2775 1862 2852">
     <span class='ocr_line' id='line_1_30' title="bbox 259 2775 1862 2852; baseline -0.001 -23"><span class='ocrx_word' id='word_1_211' title='bbox 259 2783 346 2831; x_wconf 84' lang='grc' dir='ltr'>καὶ</span> <span class='ocrx_word' id='word_1_212' title='bbox 376 2787 482 2849; x_wconf 77' lang='grc' dir='ltr'><strong>’γῆς</strong></span> <span class='ocrx_word' id='word_1_213' title='bbox 536 2781 714 2852; x_wconf 86' lang='grc' dir='ltr'>μόνον,</span> <span class='ocrx_word' id='word_1_214' title='bbox 775 2777 903 2831; x_wconf 79' lang='grc' dir='ltr'>ἀλλὰ</span> <span class='ocrx_word' id='word_1_215' title='bbox 931 2783 1020 2830; x_wconf 80' lang='grc' dir='ltr'>καὶ</span> <span class='ocrx_word' id='word_1_216' title='bbox 1068 2782 1186 2850; x_wconf 80' lang='grc' dir='ltr'>περὶ</span> <span class='ocrx_word' id='word_1_217' title='bbox 1236 2784 1335 2829; x_wconf 82' lang='grc' dir='ltr'>τῶν</span> <span class='ocrx_word' id='word_1_218' title='bbox 1366 2775 1414 2828; x_wconf 75' lang='grc' dir='ltr'><strong>ἐν</strong></span> <span class='ocrx_word' id='word_1_219' title='bbox 1464 2779 1605 2848; x_wconf 77' lang='grc' dir='ltr'>μέσῳ</span> <span class='ocrx_word' id='word_1_220' title='bbox 1657 2778 1862 2829; x_wconf 84' lang='grc' dir='ltr'>πάντων</span> 
     </span>
    </p>
   </div>
   <div class='ocr_carea' id='block_1_31' title="bbox 260 2865 589 2940">
    <p class='ocr_par' dir='ltr' id='par_1_31' title="bbox 260 2865 589 2940">
     <span class='ocr_line' id='line_1_31' title="bbox 260 2865 589 2940; baseline 0.009 -21"><span class='ocrx_word' id='word_1_221' title='bbox 260 2865 589 2940; x_wconf 76' lang='grc' dir='ltr'>διαλεχθείς.</span> 
     </span>
    </p>
   </div>
   <div class='ocr_carea' id='block_1_32' title="bbox 325 2989 1862 3066">
    <p class='ocr_par' dir='ltr' id='par_1_32' title="bbox 325 2989 1862 3066">
     <span class='ocr_line' id='line_1_32' title="bbox 325 2989 1862 3066; baseline -0.002 -21"><span class='ocrx_word' id='word_1_222' title='bbox 325 2991 442 3065; x_wconf 83' lang='grc' dir='ltr'><strong>[”Η,</strong></span> <span class='ocrx_word' id='word_1_223' title='bbox 476 2992 555 3065; x_wconf 75' lang='grc'><strong>(9)</strong></span> <span class='ocrx_word' id='word_1_224' title='bbox 589 2990 696 3044; x_wconf 79' lang='grc' dir='ltr'>ἐπεὶ</span> <span class='ocrx_word' id='word_1_225' title='bbox 726 2993 751 3043; x_wconf 91' lang='grc' dir='ltr'><strong>ό</strong></span> <span class='ocrx_word' id='word_1_226' title='bbox 781 2994 1010 3066; x_wconf 83' lang='grc' dir='ltr'>Χριστὸς</span> <span class='ocrx_word' id='word_1_227' title='bbox 1034 2996 1122 3043; x_wconf 85' lang='grc' dir='ltr'>καὶ</span> <span class='ocrx_word' id='word_1_228' title='bbox 1152 2991 1277 3065; x_wconf 76' lang='grc' dir='ltr'>ὑπὲρ</span> <span class='ocrx_word' id='word_1_229' title='bbox 1311 2993 1463 3063; x_wconf 75' lang='grc' dir='ltr'>φύσιν</span> <span class='ocrx_word' id='word_1_230' title='bbox 1495 2989 1759 3061; x_wconf 70' lang='grc' dir='ltr'>ἐγεννήθη,</span> <span class='ocrx_word' id='word_1_231' title='bbox 1792 2993 1862 3053; x_wconf 86' lang='grc' dir='ltr'><strong>ὡς</strong></span> 
     </span>
    </p>
   </div>
   <div class='ocr_carea' id='block_1_33' title="bbox 256 3079 1859 3155">
    <p class='ocr_par' dir='ltr' id='par_1_33' title="bbox 256 3079 1859 3155">
     <span class='ocr_line' id='line_1_33' title="bbox 256 3079 1859 3155; baseline -0.001 -23"><span class='ocrx_word' id='word_1_232' title='bbox 256 3082 373 3134; x_wconf 77' lang='grc' dir='ltr'>ἄνευ</span> <span class='ocrx_word' id='word_1_233' title='bbox 440 3084 760 3155; x_wconf 86' lang='grc' dir='ltr'>σπέρματος,</span> <span class='ocrx_word' id='word_1_234' title='bbox 817 3084 906 3132; x_wconf 81' lang='grc' dir='ltr'>καὶ</span> <span class='ocrx_word' id='word_1_235' title='bbox 945 3083 1008 3140; x_wconf 90' lang='grc' dir='ltr'>ὡς</span> <span class='ocrx_word' id='word_1_236' title='bbox 1051 3079 1105 3132; x_wconf 76' lang='grc' dir='ltr'>ἐκ</span> <span class='ocrx_word' id='word_1_237' title='bbox 1137 3081 1397 3154; x_wconf 84' lang='grc' dir='ltr'>Παρθένου</span> <span class='ocrx_word' id='word_1_238' title='bbox 1443 3083 1532 3130; x_wconf 83' lang='grc' dir='ltr'><strong>καὶ</strong></span> <span class='ocrx_word' id='word_1_239' title='bbox 1587 3082 1721 3131; x_wconf 83' lang='grc' dir='ltr'>κατὰ</span> <span class='ocrx_word' id='word_1_240' title='bbox 1768 3080 1859 3152; x_wconf 78' lang='grc' dir='ltr'><strong>φύ-</strong></span> 
     </span>
    </p>
   </div>
   <div class='ocr_carea' id='block_1_34' title="bbox 258 3167 1859 3240">
    <p class='ocr_par' dir='ltr' id='par_1_34' title="bbox 258 3167 1859 3240">
     <span class='ocr_line' id='line_1_34' title="bbox 258 3167 1859 3240; baseline -0.002 -19"><span class='ocrx_word' id='word_1_241' title='bbox 258 3188 358 3235; x_wconf 87' lang='grc' dir='ltr'>σιν,</span> <span class='ocrx_word' id='word_1_242' title='bbox 399 3172 469 3232; x_wconf 87' lang='grc' dir='ltr'>ὡς</span> <span class='ocrx_word' id='word_1_243' title='bbox 530 3168 582 3220; x_wconf 80' lang='grc' dir='ltr'>ἐκ</span> <span class='ocrx_word' id='word_1_244' title='bbox 625 3173 884 3239; x_wconf 78' lang='grc' dir='ltr'>γυναικὸς,</span> <span class='ocrx_word' id='word_1_245' title='bbox 943 3172 1033 3220; x_wconf 86' lang='grc' dir='ltr'>καὶ</span> <span class='ocrx_word' id='word_1_246' title='bbox 1083 3169 1148 3228; x_wconf 89' lang='grc' dir='ltr'>ὡς</span> <span class='ocrx_word' id='word_1_247' title='bbox 1194 3170 1325 3239; x_wconf 86' lang='grc' dir='ltr'>μετὰ</span> <span class='ocrx_word' id='word_1_248' title='bbox 1382 3167 1560 3228; x_wconf 87' lang='grc' dir='ltr'>θηλῆς·</span> <span class='ocrx_word' id='word_1_249' title='bbox 1614 3169 1717 3219; x_wconf 80' lang='grc' dir='ltr'>οἷνώ</span> <span class='ocrx_word' id='word_1_250' title='bbox 1769 3170 1859 3240; x_wconf 70' lang='grc' dir='ltr'>μὲν</span> 
     </span>
    </p>
   </div>
   <div class='ocr_carea' id='block_1_35' title="bbox 256 3255 1858 3329">
    <p class='ocr_par' dir='ltr' id='par_1_35' title="bbox 256 3255 1858 3329">
     <span class='ocr_line' id='line_1_35' title="bbox 256 3255 1858 3329; baseline -0.001 -19"><span class='ocrx_word' id='word_1_251' title='bbox 256 3255 389 3310; x_wconf 84' lang='grc' dir='ltr'>εἶπεν</span> <span class='ocrx_word' id='word_1_252' title='bbox 461 3261 729 3325; x_wconf 85' lang='grc' dir='ltr'>Γενέσεως,</span> <span class='ocrx_word' id='word_1_253' title='bbox 786 3261 841 3309; x_wconf 91' lang='grc' dir='ltr'><strong>τὸ</strong></span> <span class='ocrx_word' id='word_1_254' title='bbox 895 3258 1020 3329; x_wconf 71' lang='grc' dir='ltr'>ὑπὲρ</span> <span class='ocrx_word' id='word_1_255' title='bbox 1077 3259 1231 3328; x_wconf 78' lang='grc' dir='ltr'>φύσιν</span> <span class='ocrx_word' id='word_1_256' title='bbox 1288 3256 1648 3329; x_wconf 86' lang='grc' dir='ltr'>αἰνιττόμενος·</span> <span class='ocrx_word' id='word_1_257' title='bbox 1717 3259 1858 3308; x_wconf 80' lang='grc' dir='ltr'>κάτω</span> 
     </span>
    </p>
   </div>
   <div class='ocr_carea' id='block_1_36' title="bbox 257 3341 1854 3419">
    <p class='ocr_par' dir='ltr' id='par_1_36' title="bbox 257 3341 1854 3419">
     <span class='ocr_line' id='line_1_36' title="bbox 257 3341 1854 3419; baseline -0.001 -22"><span class='ocrx_word' id='word_1_258' title='bbox 257 3342 334 3415; x_wconf 69' lang='grc' dir='ltr'>δὲ,</span> <span class='ocrx_word' id='word_1_259' title='bbox 367 3354 460 3398; x_wconf 92' lang='grc' dir='ltr'><strong>τοῦ</strong></span> <span class='ocrx_word' id='word_1_260' title='bbox 515 3346 693 3405; x_wconf 82' lang='grc' dir='ltr'>Ἰησοῦ</span> <span class='ocrx_word' id='word_1_261' title='bbox 726 3352 978 3419; x_wconf 81' lang='grc' dir='ltr'>Χριστοῦ,</span> <span class='ocrx_word' id='word_1_262' title='bbox 1014 3350 1192 3416; x_wconf 77' lang='grc' dir='ltr'>φησὶν,</span> <span class='ocrx_word' id='word_1_263' title='bbox 1234 3346 1264 3402; x_wconf 82' lang='grc' dir='ltr'><strong>ἠ</strong></span> <span class='ocrx_word' id='word_1_264' title='bbox 1296 3349 1533 3415; x_wconf 76' lang='grc' dir='ltr'>γέννησις</span> <span class='ocrx_word' id='word_1_265' title='bbox 1581 3344 1743 3406; x_wconf 78' lang='grc' dir='ltr'>οὕτως</span> <span class='ocrx_word' id='word_1_266' title='bbox 1773 3341 1854 3411; x_wconf 78' lang='grc' dir='ltr'>ἦν,</span> 
     </span>
    </p>
   </div>
   <div class='ocr_carea' id='block_1_37' title="bbox 257 3430 1855 3506">
    <p class='ocr_par' dir='ltr' id='par_1_37' title="bbox 257 3430 1855 3506">
     <span class='ocr_line' id='line_1_37' title="bbox 257 3430 1855 3506; baseline -0.001 -20"><span class='ocrx_word' id='word_1_267' title='bbox 257 3439 313 3486; x_wconf 89' lang='grc' dir='ltr'><strong>τὸ</strong></span> <span class='ocrx_word' id='word_1_268' title='bbox 361 3436 503 3487; x_wconf 86' lang='grc' dir='ltr'>κατὰ</span> <span class='ocrx_word' id='word_1_269' title='bbox 532 3437 684 3506; x_wconf 79' lang='grc' dir='ltr'>φύσιν</span> <span class='ocrx_word' id='word_1_270' title='bbox 714 3430 904 3491; x_wconf 84' lang='grc' dir='ltr'>δηλῶν.</span> <span class='ocrx_word' id='word_1_271' title='bbox 950 3437 1092 3495; x_wconf 75' lang='grc' dir='ltr'>Τινὲς</span> <span class='ocrx_word' id='word_1_272' title='bbox 1138 3431 1197 3486; x_wconf 68' lang='grc' dir='ltr'>δὲ</span> <span class='ocrx_word' id='word_1_273' title='bbox 1226 3430 1364 3486; x_wconf 83' lang='grc' dir='ltr'>εἶπον</span> <span class='ocrx_word' id='word_1_274' title='bbox 1411 3438 1609 3505; x_wconf 73' lang='grc' dir='ltr'>γένεσιν</span> <span class='ocrx_word' id='word_1_275' title='bbox 1658 3433 1855 3501; x_wconf 81' lang='grc' dir='ltr'>Ἰησοῦ,</span> 
     </span>
    </p>
   </div>
   <div class='ocr_carea' id='block_1_38' title="bbox 256 3522 1861 3596">
    <p class='ocr_par' dir='ltr' id='par_1_38' title="bbox 256 3522 1861 3596">
     <span class='ocr_line' id='line_1_38' title="bbox 256 3522 1861 3596; baseline 0.001 -22"><span class='ocrx_word' id='word_1_276' title='bbox 256 3524 346 3581; x_wconf 77' lang='grc' dir='ltr'><strong>τήν</strong></span> <span class='ocrx_word' id='word_1_277' title='bbox 394 3524 471 3585; x_wconf 77' lang='grc' dir='ltr'><strong>εἰς</strong></span> <span class='ocrx_word' id='word_1_278' title='bbox 515 3526 601 3575; x_wconf 91' lang='grc' dir='ltr'><strong>τὸν</strong></span> <span class='ocrx_word' id='word_1_279' title='bbox 632 3527 825 3595; x_wconf 82' lang='grc' dir='ltr'>κόσμον</span> <span class='ocrx_word' id='word_1_280' title='bbox 882 3526 1199 3595; x_wconf 65' lang='grc' dir='ltr'>παραγωγὴν</span> <span class='ocrx_word' id='word_1_281' title='bbox 1255 3522 1435 3591; x_wconf 72' lang='grc' dir='ltr'>αὐτοῦ,</span> <span class='ocrx_word' id='word_1_282' title='bbox 1469 3524 1574 3575; x_wconf 81' lang='grc' dir='ltr'>οἷον</span> <span class='ocrx_word' id='word_1_283' title='bbox 1625 3532 1735 3586; x_wconf 88' lang='grc' dir='ltr'>πῶς</span> <span class='ocrx_word' id='word_1_284' title='bbox 1780 3527 1861 3596; x_wconf 76' lang='grc' dir='ltr'><strong>γί-</strong></span> 
     </span>
    </p>
   </div>
   <div class='ocr_carea' id='block_1_39' title="bbox 260 3611 446 3685">
    <p class='ocr_par' dir='ltr' id='par_1_39' title="bbox 260 3611 446 3685">
     <span class='ocr_line' id='line_1_39' title="bbox 260 3611 446 3685; baseline 0.016 -21"><span class='ocrx_word' id='word_1_285' title='bbox 260 3611 446 3685; x_wconf 75' lang='grc' dir='ltr'>γονεν.]</span> 
     </span>
    </p>
   </div>
   <div class='ocr_carea' id='block_1_40' title="bbox 1892 3139 1930 3194">
    <p class='ocr_par' dir='ltr' id='par_1_40' title="bbox 1892 3139 1930 3194">
     <span class='ocr_line' id='line_1_40' title="bbox 1892 3139 1930 3194; baseline 0 0"><span class='ocrx_word' id='word_1_286' title='bbox 1892 3139 1930 3194; x_wconf 94' lang='lat' dir='ltr'><strong>C</strong></span> 
     </span>
    </p>
   </div>
   <div class='ocr_carea' id='block_1_41' title="bbox 329 3730 1856 3809">
    <p class='ocr_par' dir='ltr' id='par_1_41' title="bbox 329 3730 1856 3809">
     <span class='ocr_line' id='line_1_41' title="bbox 329 3730 1856 3809; baseline 0.001 -21"><span class='ocrx_word' id='word_1_287' title='bbox 329 3735 455 3788; x_wconf 81' lang='grc' dir='ltr'>Υἰοῦ</span> <span class='ocrx_word' id='word_1_288' title='bbox 507 3730 690 3801; x_wconf 80' lang='grc' dir='ltr'>Δαυίδ,</span> <span class='ocrx_word' id='word_1_289' title='bbox 742 3737 857 3786; x_wconf 83' lang='grc' dir='ltr'>υἱοῦ</span> <span class='ocrx_word' id='word_1_290' title='bbox 906 3733 1159 3809; x_wconf 76' lang='grc' dir='ltr'>Ἃϐραὰμ.</span> <span class='ocrx_word' id='word_1_291' title='bbox 1221 3737 1339 3788; x_wconf 86' lang='grc' dir='ltr'>Υἰὸν</span> <span class='ocrx_word' id='word_1_292' title='bbox 1382 3737 1471 3807; x_wconf 74' lang='grc' dir='ltr'>μὲν</span> <span class='ocrx_word' id='word_1_293' title='bbox 1529 3742 1618 3788; x_wconf 88' lang='grc' dir='ltr'><strong>τοῦ</strong></span> <span class='ocrx_word' id='word_1_294' title='bbox 1671 3733 1856 3806; x_wconf 81' lang='grc' dir='ltr'>Δαυίδ,</span> 
     </span>
    </p>
   </div>
   <div class='ocr_carea' id='block_1_42' title="bbox 261 3818 1860 3897">
    <p class='ocr_par' dir='ltr' id='par_1_42' title="bbox 261 3818 1860 3897">
     <span class='ocr_line' id='line_1_42' title="bbox 261 3818 1860 3897; baseline 0.001 -22"><span class='ocrx_word' id='word_1_295' title='bbox 261 3826 342 3875; x_wconf 86' lang='grc' dir='ltr'><strong>τὸν</strong></span> <span class='ocrx_word' id='word_1_296' title='bbox 406 3826 642 3896; x_wconf 81' lang='grc' dir='ltr'>Χριστὸν</span> <span class='ocrx_word' id='word_1_297' title='bbox 699 3821 950 3875; x_wconf 80' lang='grc' dir='ltr'>ἐκάλεσεν-</span> <span class='ocrx_word' id='word_1_298' title='bbox 1023 3825 1133 3875; x_wconf 82' lang='grc' dir='ltr'>υἱὸν</span> <span class='ocrx_word' id='word_1_299' title='bbox 1184 3818 1241 3875; x_wconf 75' lang='grc' dir='ltr'>δὲ</span> <span class='ocrx_word' id='word_1_300' title='bbox 1297 3830 1386 3875; x_wconf 91' lang='grc' dir='ltr'><strong>τοῦ</strong></span> <span class='ocrx_word' id='word_1_301' title='bbox 1459 3822 1714 3897; x_wconf 85' lang='grc' dir='ltr'>Ἀϐραὰμ,</span> <span class='ocrx_word' id='word_1_302' title='bbox 1774 3827 1860 3877; x_wconf 91' lang='grc' dir='ltr'><strong>τὸν</strong></span> 
     </span>
    </p>
   </div>
   <div class='ocr_carea' id='block_1_43' title="bbox 262 3908 1859 3986">
    <p class='ocr_par' dir='ltr' id='par_1_43' title="bbox 262 3908 1859 3986">
     <span class='ocr_line' id='line_1_43' title="bbox 262 3908 1859 3986; baseline 0.001 -22"><span class='ocrx_word' id='word_1_303' title='bbox 262 3910 449 3979; x_wconf 76' lang='grc' dir='ltr'>Δαυίδ,</span> <span class='ocrx_word' id='word_1_304' title='bbox 509 3911 709 3983; x_wconf 71' lang='grc' dir='ltr'>ἀνάγων</span> <span class='ocrx_word' id='word_1_305' title='bbox 760 3913 852 3973; x_wconf 89' lang='grc' dir='ltr'><strong>τὰς</strong></span> <span class='ocrx_word' id='word_1_306' title='bbox 884 3908 1118 3972; x_wconf 79' lang='grc' dir='ltr'>διανοίας</span> <span class='ocrx_word' id='word_1_307' title='bbox 1165 3912 1264 3963; x_wconf 84' lang='grc' dir='ltr'><strong>τῶν</strong></span> <span class='ocrx_word' id='word_1_308' title='bbox 1296 3910 1560 3986; x_wconf 81' lang='grc' dir='ltr'>ἀκροατῶν</span> <span class='ocrx_word' id='word_1_309' title='bbox 1611 3913 1683 3975; x_wconf 84' lang='grc' dir='ltr'><strong>εἰς</strong></span> <span class='ocrx_word' id='word_1_310' title='bbox 1724 3918 1859 3986; x_wconf 82' lang='grc' dir='ltr'>μνή-</span> 
     </span>
    </p>
   </div>
   <div class='ocr_carea' id='block_1_44' title="bbox 262 4000 1859 4074">
    <p class='ocr_par' dir='ltr' id='par_1_44' title="bbox 262 4000 1859 4074">
     <span class='ocr_line' id='line_1_44' title="bbox 262 4000 1859 4074; baseline 0.002 -22"><span class='ocrx_word' id='word_1_311' title='bbox 262 4021 359 4071; x_wconf 87' lang='grc' dir='ltr'><strong>μην</strong></span> <span class='ocrx_word' id='word_1_312' title='bbox 415 4010 515 4054; x_wconf 84' lang='grc' dir='ltr'><strong>τῶν</strong></span> <span class='ocrx_word' id='word_1_313' title='bbox 569 4000 903 4072; x_wconf 74' lang='grc' dir='ltr'>ἐπαγγελιῶν.</span> <span class='ocrx_word' id='word_1_314' title='bbox 964 4000 1131 4052; x_wconf 75' lang='grc' dir='ltr'>Πάλαι</span> <span class='ocrx_word' id='word_1_315' title='bbox 1193 4002 1293 4074; x_wconf 74' lang='grc' dir='ltr'>γὰρ</span> <span class='ocrx_word' id='word_1_316' title='bbox 1353 4002 1378 4052; x_wconf 89' lang='grc' dir='ltr'><strong>ό</strong></span> <span class='ocrx_word' id='word_1_317' title='bbox 1442 4004 1562 4063; x_wconf 85' lang='grc' dir='ltr'>Θεὸς</span> <span class='ocrx_word' id='word_1_318' title='bbox 1614 4000 1859 4073; x_wconf 73' lang='grc' dir='ltr'>ἐπηγγεί-</span> 
     </span>
    </p>
   </div>
   <div class='ocr_carea' id='block_1_45' title="bbox 260 4085 1858 4162">
    <p class='ocr_par' dir='ltr' id='par_1_45' title="bbox 260 4085 1858 4162">
     <span class='ocr_line' id='line_1_45' title="bbox 260 4085 1858 4162; baseline 0.003 -22"><span class='ocrx_word' id='word_1_319' title='bbox 260 4088 403 4158; x_wconf 88' lang='grc' dir='ltr'>λατο,</span> <span class='ocrx_word' id='word_1_320' title='bbox 439 4095 627 4161; x_wconf 80' lang='grc' dir='ltr'>καὶτῷ</span> <span class='ocrx_word' id='word_1_321' title='bbox 668 4089 922 4162; x_wconf 85' lang='grc' dir='ltr'>Ἀϐραὰμ,</span> <span class='ocrx_word' id='word_1_322' title='bbox 977 4094 1065 4142; x_wconf 88' lang='grc' dir='ltr'>καὶ</span> <span class='ocrx_word' id='word_1_323' title='bbox 1117 4096 1189 4160; x_wconf 82' lang='grc' dir='ltr'>τῷ</span> <span class='ocrx_word' id='word_1_324' title='bbox 1241 4085 1425 4157; x_wconf 83' lang='grc' dir='ltr'>Δαυίδ,</span> <span class='ocrx_word' id='word_1_325' title='bbox 1464 4089 1775 4149; x_wconf 79' lang='grc' dir='ltr'>ἀναστήσειν</span> <span class='ocrx_word' id='word_1_326' title='bbox 1804 4091 1858 4145; x_wconf 77' lang='grc' dir='ltr'>ἐκ</span> 
     </span>
    </p>
   </div>
   <div class='ocr_carea' id='block_1_46' title="bbox 264 4177 1856 4253">
    <p class='ocr_par' dir='ltr' id='par_1_46' title="bbox 264 4177 1856 4253">
     <span class='ocr_line' id='line_1_46' title="bbox 264 4177 1856 4253; baseline 0.002 -24"><span class='ocrx_word' id='word_1_327' title='bbox 264 4186 351 4229; x_wconf 84' lang='grc' dir='ltr'><strong>τοῦ</strong></span> <span class='ocrx_word' id='word_1_328' title='bbox 412 4182 706 4251; x_wconf 83' lang='grc' dir='ltr'>σπέρματος</span> <span class='ocrx_word' id='word_1_329' title='bbox 766 4179 933 4229; x_wconf 73' lang='grc' dir='ltr'>αὐτῶν</span> <span class='ocrx_word' id='word_1_330' title='bbox 988 4181 1075 4230; x_wconf 92' lang='grc' dir='ltr'><strong>τὸν</strong></span> <span class='ocrx_word' id='word_1_331' title='bbox 1132 4183 1377 4253; x_wconf 84' lang='grc' dir='ltr'>Χριστόν.</span> <span class='ocrx_word' id='word_1_332' title='bbox 1428 4178 1511 4243; x_wconf 85' lang='grc' dir='ltr'><strong>Ἐξ</strong></span> <span class='ocrx_word' id='word_1_333' title='bbox 1588 4177 1856 4233; x_wconf 86' lang='grc' dir='ltr'>Ἰουδαίων</span> 
     </span>
    </p>
   </div>
   <div class='ocr_carea' id='block_1_47' title="bbox 264 4265 1858 4341">
    <p class='ocr_par' dir='ltr' id='par_1_47' title="bbox 264 4265 1858 4341">
     <span class='ocr_line' id='line_1_47' title="bbox 264 4265 1858 4341; baseline 0.003 -24"><span class='ocrx_word' id='word_1_334' title='bbox 264 4268 361 4337; x_wconf 75' lang='grc' dir='ltr'>γὰρ</span> <span class='ocrx_word' id='word_1_335' title='bbox 432 4271 565 4327; x_wconf 80' lang='grc' dir='ltr'>ὄντες</span> <span class='ocrx_word' id='word_1_336' title='bbox 618 4269 666 4319; x_wconf 87' lang='grc' dir='ltr'>οἱ</span> <span class='ocrx_word' id='word_1_337' title='bbox 721 4265 990 4340; x_wconf 80' lang='grc' dir='ltr'>ἀκροαταὶ,</span> <span class='ocrx_word' id='word_1_338' title='bbox 1053 4268 1189 4319; x_wconf 84' lang='grc' dir='ltr'>καθὰ</span> <span class='ocrx_word' id='word_1_339' title='bbox 1244 4273 1641 4341; x_wconf 85' lang='grc' dir='ltr'>προειρήκαμεν,</span> <span class='ocrx_word' id='word_1_340' title='bbox 1709 4268 1858 4341; x_wconf 71' lang='grc' dir='ltr'><strong>ἐγνώ-</strong></span> 
     </span>
    </p>
   </div>
   <div class='ocr_carea' id='block_1_48' title="bbox 267 4352 1854 4429">
    <p class='ocr_par' dir='ltr' id='par_1_48' title="bbox 267 4352 1854 4429">
     <span class='ocr_line' id='line_1_48' title="bbox 267 4352 1854 4429; baseline 0.003 -24"><span class='ocrx_word' id='word_1_341' title='bbox 267 4354 407 4425; x_wconf 82' lang='grc' dir='ltr'>ριζον</span> <span class='ocrx_word' id='word_1_342' title='bbox 449 4355 625 4427; x_wconf 85' lang='grc'><strong>(10-1)</strong></span> <span class='ocrx_word' id='word_1_343' title='bbox 654 4358 867 4415; x_wconf 87' lang='grc' dir='ltr'>ταύτας.</span> <span class='ocrx_word' id='word_1_344' title='bbox 920 4361 1128 4429; x_wconf 84' lang='grc' dir='ltr'>Πρῶτον</span> <span class='ocrx_word' id='word_1_345' title='bbox 1169 4352 1228 4407; x_wconf 77' lang='grc' dir='ltr'>δὲ</span> <span class='ocrx_word' id='word_1_346' title='bbox 1283 4359 1369 4407; x_wconf 88' lang='grc' dir='ltr'><strong>τὸν</strong></span> <span class='ocrx_word' id='word_1_347' title='bbox 1401 4353 1567 4409; x_wconf 81' lang='grc' dir='ltr'><strong>Δαυίδ</strong></span> <span class='ocrx_word' id='word_1_348' title='bbox 1616 4359 1854 4423; x_wconf 84' lang='grc' dir='ltr'>τέθεικεν,</span> 
     </span>
    </p>
   </div>
   <div class='ocr_carea' id='block_1_49' title="bbox 270 4441 1936 4526">
    <p class='ocr_par' dir='ltr' id='par_1_49' title="bbox 270 4441 1936 4526">
     <span class='ocr_line' id='line_1_49' title="bbox 270 4441 1936 4526; baseline 0.004 -34"><span class='ocrx_word' id='word_1_349' title='bbox 270 4444 347 4493; x_wconf 84' lang='grc' dir='ltr'>ὅτι</span> <span class='ocrx_word' id='word_1_350' title='bbox 407 4441 454 4494; x_wconf 84' lang='grc' dir='ltr'><strong>ἐν</strong></span> <span class='ocrx_word' id='word_1_351' title='bbox 508 4450 615 4505; x_wconf 86' lang='grc' dir='ltr'>τοῖς</span> <span class='ocrx_word' id='word_1_352' title='bbox 658 4442 893 4495; x_wconf 79' lang='grc' dir='ltr'>ἁπάντων</span> <span class='ocrx_word' id='word_1_353' title='bbox 953 4442 1150 4515; x_wconf 79' lang='grc' dir='ltr'>ἐφέρετο</span> <span class='ocrx_word' id='word_1_354' title='bbox 1207 4448 1481 4516; x_wconf 85' lang='grc' dir='ltr'>στόμασιν,</span> <span class='ocrx_word' id='word_1_355' title='bbox 1543 4448 1612 4506; x_wconf 88' lang='grc' dir='ltr'>ὡς</span> <span class='ocrx_word' id='word_1_356' title='bbox 1649 4450 1857 4519; x_wconf 77' lang='grc' dir='ltr'>προφή-</span> <span class='ocrx_word' id='word_1_357' title='bbox 1890 4472 1936 4526; x_wconf 84' lang='lat' dir='ltr'><strong>D</strong></span> 
     </span>
    </p>
   </div>
   <div class='ocr_carea' id='block_1_50' title="bbox 273 4529 1856 4604">
    <p class='ocr_par' dir='ltr' id='par_1_50' title="bbox 273 4529 1856 4604">
     <span class='ocr_line' id='line_1_50' title="bbox 273 4529 1856 4604; baseline 0.01 -31"><span class='ocrx_word' id='word_1_358' title='bbox 273 4548 367 4590; x_wconf 71' lang='grc' dir='ltr'><strong>της</strong></span> <span class='ocrx_word' id='word_1_359' title='bbox 415 4535 569 4603; x_wconf 73' lang='grc' dir='ltr'>μέγας</span> <span class='ocrx_word' id='word_1_360' title='bbox 610 4536 696 4583; x_wconf 70' lang='grc' dir='ltr'>καὶ</span> <span class='ocrx_word' id='word_1_361' title='bbox 726 4534 793 4593; x_wconf 85' lang='grc' dir='ltr'>ὡς</span> <span class='ocrx_word' id='word_1_362' title='bbox 850 4530 1100 4604; x_wconf 78' lang='grc' dir='ltr'>βασιλεὺς</span> <span class='ocrx_word' id='word_1_363' title='bbox 1156 4529 1507 4597; x_wconf 80' lang='grc' dir='ltr'>ἐνδοξότατος,</span> <span class='ocrx_word' id='word_1_364' title='bbox 1551 4538 1640 4585; x_wconf 86' lang='grc' dir='ltr'>καὶ</span> <span class='ocrx_word' id='word_1_365' title='bbox 1697 4537 1761 4596; x_wconf 88' lang='grc' dir='ltr'>ὡς</span> <span class='ocrx_word' id='word_1_366' title='bbox 1799 4535 1856 4588; x_wconf 79' lang='grc' dir='ltr'><strong>ού</strong></span> 
     </span>
    </p>
   </div>
   <div class='ocr_carea' id='block_1_51' title="bbox 278 4616 1858 4695">
    <p class='ocr_par' dir='ltr' id='par_1_51' title="bbox 278 4616 1858 4695">
     <span class='ocr_line' id='line_1_51' title="bbox 278 4616 1858 4695; baseline 0.004 -27"><span class='ocrx_word' id='word_1_367' title='bbox 278 4616 431 4670; x_wconf 79' lang='grc' dir='ltr'>πάλαι</span> <span class='ocrx_word' id='word_1_368' title='bbox 472 4620 855 4681; x_wconf 83' lang='grc' dir='ltr'>τετελευτηκώς.</span> <span class='ocrx_word' id='word_1_369' title='bbox 914 4619 971 4673; x_wconf 79' lang='grc' dir='ltr'><strong><em>Ὀ</em></strong></span> <span class='ocrx_word' id='word_1_370' title='bbox 1024 4623 1124 4693; x_wconf 65' lang='grc' dir='ltr'>’γὰρ</span> <span class='ocrx_word' id='word_1_371' title='bbox 1181 4619 1438 4695; x_wconf 80' lang='grc' dir='ltr'>Ἀϐραὰμ,</span> <span class='ocrx_word' id='word_1_372' title='bbox 1476 4621 1519 4673; x_wconf 85' lang='grc' dir='ltr'><strong>εἰ</strong></span> <span class='ocrx_word' id='word_1_373' title='bbox 1574 4625 1658 4673; x_wconf 82' lang='grc' dir='ltr'>καὶ</span> <span class='ocrx_word' id='word_1_374' title='bbox 1704 4622 1858 4685; x_wconf 72' lang='grc' dir='ltr'>αὐτὸς</span> 
     </span>
    </p>
   </div>
   <div class='ocr_carea' id='block_1_52' title="bbox 275 4704 1855 4784">
    <p class='ocr_par' dir='ltr' id='par_1_52' title="bbox 275 4704 1855 4784">
     <span class='ocr_line' id='line_1_52' title="bbox 275 4704 1855 4784; baseline 0.004 -27"><span class='ocrx_word' id='word_1_375' title='bbox 275 4704 521 4781; x_wconf 74' lang='grc' dir='ltr'>ἐπίσημος</span> <span class='ocrx_word' id='word_1_376' title='bbox 568 4706 627 4766; x_wconf 77' lang='grc' dir='ltr'><strong>ἦν</strong></span> <span class='ocrx_word' id='word_1_377' title='bbox 664 4712 727 4769; x_wconf 83' lang='grc' dir='ltr'>ὡς</span> <span class='ocrx_word' id='word_1_378' title='bbox 762 4710 1122 4784; x_wconf 84' lang='grc' dir='ltr'>πατριάρχης,</span> <span class='ocrx_word' id='word_1_379' title='bbox 1157 4707 1262 4760; x_wconf 73' lang='grc' dir='ltr'>ἀλλ’</span> <span class='ocrx_word' id='word_1_380' title='bbox 1322 4706 1409 4760; x_wconf 80' lang='grc' dir='ltr'>οὖν</span> <span class='ocrx_word' id='word_1_381' title='bbox 1462 4709 1622 4761; x_wconf 71' lang='grc' dir='ltr'>πάλαι</span> <span class='ocrx_word' id='word_1_382' title='bbox 1671 4712 1855 4782; x_wconf 87' lang='grc' dir='ltr'>θανὼν,</span> 
     </span>
    </p>
   </div>
   <div class='ocr_carea' id='block_1_53' title="bbox 272 4794 1859 4875">
    <p class='ocr_par' dir='ltr' id='par_1_53' title="bbox 272 4794 1859 4875">
     <span class='ocr_line' id='line_1_53' title="bbox 272 4794 1859 4875; baseline 0.003 -27"><span class='ocrx_word' id='word_1_383' title='bbox 272 4794 326 4847; x_wconf 81' lang='grc' dir='ltr'><strong>ού</strong></span> <span class='ocrx_word' id='word_1_384' title='bbox 376 4800 636 4859; x_wconf 78' lang='grc' dir='ltr'>τοσαύτης</span> <span class='ocrx_word' id='word_1_385' title='bbox 678 4802 885 4870; x_wconf 88' lang='grc' dir='ltr'>μνήμης</span> <span class='ocrx_word' id='word_1_386' title='bbox 916 4797 1125 4860; x_wconf 79' lang='grc' dir='ltr'>ἠξίωτο.</span> <span class='ocrx_word' id='word_1_387' title='bbox 1180 4797 1237 4850; x_wconf 88' lang='grc' dir='ltr'><strong>Εἰ</strong></span> <span class='ocrx_word' id='word_1_388' title='bbox 1283 4799 1383 4871; x_wconf 72' lang='grc' dir='ltr'>’γὰρ</span> <span class='ocrx_word' id='word_1_389' title='bbox 1415 4802 1503 4850; x_wconf 70' lang='grc' dir='ltr'>καὶ</span> <span class='ocrx_word' id='word_1_390' title='bbox 1556 4796 1859 4875; x_wconf 73' lang='grc' dir='ltr'>ἀμφοτέροις</span> 
     </span>
    </p>
   </div>
   <div class='ocr_carea' id='block_1_54' title="bbox 268 4881 1855 4959">
    <p class='ocr_par' dir='ltr' id='par_1_54' title="bbox 268 4881 1855 4959">
     <span class='ocr_line' id='line_1_54' title="bbox 268 4881 1855 4959; baseline -0.001 -17"><span class='ocrx_word' id='word_1_391' title='bbox 268 4881 602 4957; x_wconf 68' lang='grc' dir='ltr'>ἕπηγγείλατο</span> <span class='ocrx_word' id='word_1_392' title='bbox 654 4888 680 4938; x_wconf 87' lang='grc' dir='ltr'>ὁ</span> <span class='ocrx_word' id='word_1_393' title='bbox 736 4889 883 4957; x_wconf 88' lang='grc' dir='ltr'>Θεὸς,</span> <span class='ocrx_word' id='word_1_394' title='bbox 917 4884 1024 4938; x_wconf 72' lang='grc' dir='ltr'>ἀλλ’</span> <span class='ocrx_word' id='word_1_395' title='bbox 1082 4887 1220 4959; x_wconf 87' lang='grc' dir='ltr'>ὅμως</span> <span class='ocrx_word' id='word_1_396' title='bbox 1273 4884 1429 4938; x_wconf 83' lang='grc' dir='ltr'>ἐκεῖνο</span> <span class='ocrx_word' id='word_1_397' title='bbox 1482 4889 1594 4959; x_wconf 75' lang='grc' dir='ltr'>μὲν,</span> <span class='ocrx_word' id='word_1_398' title='bbox 1652 4890 1719 4951; x_wconf 86' lang='grc' dir='ltr'>ὡς</span> <span class='ocrx_word' id='word_1_399' title='bbox 1757 4909 1855 4943; x_wconf 85' lang='grc' dir='ltr'>ποι-</span> 
     </span>
    </p>
   </div>
   <div class='ocr_carea' id='block_1_55' title="bbox 266 4971 1856 5050">
    <p class='ocr_par' dir='ltr' id='par_1_55' title="bbox 266 4971 1856 5050">
     <span class='ocr_line' id='line_1_55' title="bbox 266 4971 1856 5050; baseline 0.004 -27"><span class='ocrx_word' id='word_1_400' title='bbox 266 4971 427 5043; x_wconf 88' lang='grc' dir='ltr'>λαιὸν,</span> <span class='ocrx_word' id='word_1_401' title='bbox 482 4973 716 5047; x_wconf 70' lang='grc' dir='ltr'>ἕσιγᾶτοθ</span> <span class='ocrx_word' id='word_1_402' title='bbox 766 4982 915 5028; x_wconf 87' lang='grc' dir='ltr'>τοῦτο</span> <span class='ocrx_word' id='word_1_403' title='bbox 965 4971 1041 5047; x_wconf 73' lang='grc' dir='ltr'>δὲ,</span> <span class='ocrx_word' id='word_1_404' title='bbox 1094 4976 1163 5037; x_wconf 83' lang='grc' dir='ltr'>ὡς</span> <span class='ocrx_word' id='word_1_405' title='bbox 1208 4979 1469 5050; x_wconf 81' lang='grc' dir='ltr'>νεώτερον,</span> <span class='ocrx_word' id='word_1_406' title='bbox 1505 4976 1604 5029; x_wconf 80' lang='grc' dir='ltr'><strong>ὑπὸ</strong></span> <span class='ocrx_word' id='word_1_407' title='bbox 1657 4977 1856 5030; x_wconf 80' lang='grc' dir='ltr'>πάντων</span> 
     </span>
    </p>
   </div>
   <div class='ocr_carea' id='block_1_56' title="bbox 333 5098 1284 5167">
    <p class='ocr_par' dir='ltr' id='par_1_56' title="bbox 333 5098 1284 5167">
     <span class='ocr_line' id='line_1_56' title="bbox 333 5098 1284 5167; baseline -0.001 -10"><span class='ocrx_word' id='word_1_408' title='bbox 333 5098 377 5134; x_wconf 86' lang='grc'><strong>⁷’</strong></span> <span class='ocrx_word' id='word_1_409' title='bbox 402 5099 597 5157; x_wconf 80' lang='lat' dir='ltr'><strong>Matth.</strong></span> <span class='ocrx_word' id='word_1_410' title='bbox 677 5115 716 5167; x_wconf 83' lang='lat'><strong>1,</strong></span> <span class='ocrx_word' id='word_1_411' title='bbox 739 5101 826 5156; x_wconf 77' lang='lat'><strong>21.</strong></span> <span class='ocrx_word' id='word_1_412' title='bbox 905 5102 927 5137; x_wconf 81' lang='grc'><strong><em>⁸</em></strong></span> <span class='ocrx_word' id='word_1_413' title='bbox 954 5099 1075 5156; x_wconf 88' lang='lat' dir='ltr'><strong>Gen</strong></span> <span class='ocrx_word' id='word_1_414' title='bbox 1109 5115 1202 5165; x_wconf 85' lang='lat' dir='ltr'><strong>:n,</strong></span> <span class='ocrx_word' id='word_1_415' title='bbox 1230 5101 1284 5156; x_wconf 80' lang='grc'><strong>4.</strong></span> 
     </span>
    </p>
   </div>
   <div class='ocr_carea' id='block_1_57' title="bbox 1363 5098 2063 5169">
    <p class='ocr_par' dir='ltr' id='par_1_57' title="bbox 1363 5098 2063 5169">
     <span class='ocr_line' id='line_1_57' title="bbox 1363 5098 2063 5169; baseline -0.003 -11"><span class='ocrx_word' id='word_1_416' title='bbox 1363 5099 1602 5158; x_wconf 66' lang='lat' dir='ltr'><strong>“Matth.</strong></span> <span class='ocrx_word' id='word_1_417' title='bbox 1631 5114 1673 5167; x_wconf 81' lang='grc' dir='ltr'><strong>ι,</strong></span> <span class='ocrx_word' id='word_1_418' title='bbox 1710 5102 1757 5156; x_wconf 87' lang='grc'><strong>1.</strong></span> <span class='ocrx_word' id='word_1_419' title='bbox 1798 5166 1799 5169; x_wconf 24' lang='grc' dir='ltr'><strong>η</strong></span> <span class='ocrx_word' id='word_1_420' title='bbox 1835 5102 1887 5143; x_wconf 48' lang='grc' dir='ltr'><strong>ιον</strong></span> <span class='ocrx_word' id='word_1_421' title='bbox 1910 5098 2063 5160; x_wconf 82' lang='lat' dir='ltr'><strong>ibid.</strong></span> 
     </span>
    </p>
   </div>
   <div class='ocr_carea' id='block_1_58' title="bbox 1988 542 3637 619">
    <p class='ocr_par' dir='ltr' id='par_1_58' title="bbox 1988 542 3637 619">
     <span class='ocr_line' id='line_1_58' title="bbox 1988 542 3637 619; baseline 0.004 -20"><span class='ocrx_word' id='word_1_422' title='bbox 1988 543 2219 612; x_wconf 90' lang='lat' dir='ltr'><strong>dicunt,</strong></span> <span class='ocrx_word' id='word_1_423' title='bbox 2245 542 2411 616; x_wconf 91' lang='lat' dir='ltr'><strong>quod</strong></span> <span class='ocrx_word' id='word_1_424' title='bbox 2435 558 2506 598; x_wconf 82' lang='lat' dir='ltr'><strong>ex</strong></span> <span class='ocrx_word' id='word_1_425' title='bbox 2536 558 2658 614; x_wconf 93' lang='lat' dir='ltr'><strong>quo</strong></span> <span class='ocrx_word' id='word_1_426' title='bbox 2690 542 2950 600; x_wconf 80' lang='lat' dir='ltr'><strong>Christus</strong></span> <span class='ocrx_word' id='word_1_427' title='bbox 2982 546 3509 619; x_wconf 85' lang='lat' dir='ltr'><strong>supernaturaliter</strong></span> <span class='ocrx_word' id='word_1_428' title='bbox 3529 562 3637 605; x_wconf 88' lang='lat' dir='ltr'><strong>na-</strong></span> 
     </span>
    </p>
   </div>
   <div class='ocr_carea' id='block_1_59' title="bbox 1988 632 3632 707">
    <p class='ocr_par' dir='ltr' id='par_1_59' title="bbox 1988 632 3632 707">
     <span class='ocr_line' id='line_1_59' title="bbox 1988 632 3632 707; baseline 0.003 -19"><span class='ocrx_word' id='word_1_429' title='bbox 1988 636 2079 688; x_wconf 91' lang='lat' dir='ltr'><strong>tus</strong></span> <span class='ocrx_word' id='word_1_430' title='bbox 2102 650 2172 688; x_wconf 83' lang='lat' dir='ltr'><strong>ex</strong></span> <span class='ocrx_word' id='word_1_431' title='bbox 2206 632 2459 701; x_wconf 85' lang='lat' dir='ltr'><strong>Virgine,</strong></span> <span class='ocrx_word' id='word_1_432' title='bbox 2508 632 2838 689; x_wconf 81' lang='lat' dir='ltr'><strong>naturalem</strong></span> <span class='ocrx_word' id='word_1_433' title='bbox 2880 636 3189 692; x_wconf 82' lang='lat' dir='ltr'><strong>renovavit</strong></span> <span class='ocrx_word' id='word_1_434' title='bbox 3241 636 3632 707; x_wconf 81' lang='lat' dir='ltr'><strong>nativitatem,</strong></span> 
     </span>
    </p>
   </div>
   <div class='ocr_carea' id='block_1_60' title="bbox 1987 721 3634 794">
    <p class='ocr_par' dir='ltr' id='par_1_60' title="bbox 1987 721 3634 794">
     <span class='ocr_line' id='line_1_60' title="bbox 1987 721 3634 794; baseline 0.004 -18"><span class='ocrx_word' id='word_1_435' title='bbox 1987 721 2278 794; x_wconf 89' lang='lat' dir='ltr'><strong>reliquum</strong></span> <span class='ocrx_word' id='word_1_436' title='bbox 2311 724 2420 788; x_wconf 86' lang='lat' dir='ltr'><strong>est,</strong></span> <span class='ocrx_word' id='word_1_437' title='bbox 2450 724 2513 777; x_wconf 92' lang='lat' dir='ltr'><strong>ut</strong></span> <span class='ocrx_word' id='word_1_438' title='bbox 2541 721 2721 777; x_wconf 89' lang='lat' dir='ltr'><strong>etiam</strong></span> <span class='ocrx_word' id='word_1_439' title='bbox 2764 723 3128 794; x_wconf 79' lang='lat' dir='ltr'><strong>evangelista</strong></span> <span class='ocrx_word' id='word_1_440' title='bbox 3154 725 3425 783; x_wconf 84' lang='lat' dir='ltr'><strong>naturale</strong></span> <span class='ocrx_word' id='word_1_441' title='bbox 3474 727 3634 783; x_wconf 87' lang='lat' dir='ltr'><strong>nati-</strong></span> 
     </span>
    </p>
   </div>
   <div class='ocr_carea' id='block_1_61' title="bbox 1983 809 3630 890">
    <p class='ocr_par' dir='ltr' id='par_1_61' title="bbox 1983 809 3630 890">
     <span class='ocr_line' id='line_1_61' title="bbox 1983 809 3630 890; baseline 0.004 -24"><span class='ocrx_word' id='word_1_442' title='bbox 1983 811 2182 868; x_wconf 86' lang='lat' dir='ltr'><strong>vitatis</strong></span> <span class='ocrx_word' id='word_1_443' title='bbox 2196 809 2563 868; x_wconf 89' lang='lat' dir='ltr'><strong>vocabulum</strong></span> <span class='ocrx_word' id='word_1_444' title='bbox 2574 812 2963 879; x_wconf 89' lang='lat' dir='ltr'><strong>renovaverit,</strong></span> <span class='ocrx_word' id='word_1_445' title='bbox 2980 815 3419 885; x_wconf 82' lang='lat' dir='ltr'><strong>generationem</strong></span> <span class='ocrx_word' id='word_1_446' title='bbox 3438 816 3630 890; x_wconf 84' lang='lat' dir='ltr'><strong>ipsam</strong></span> 
     </span>
    </p>
   </div>
   <div class='ocr_carea' id='block_1_62' title="bbox 1981 916 2226 958">
    <p class='ocr_par' dir='ltr' id='par_1_62' title="bbox 1981 916 2226 958">
     <span class='ocr_line' id='line_1_62' title="bbox 1981 916 2226 958; baseline -0.004 -1"><span class='ocrx_word' id='word_1_447' title='bbox 1981 916 2172 958; x_wconf 87' lang='lat' dir='ltr'><strong>vacan</strong></span> <span class='ocrx_word' id='word_1_448' title='bbox 2181 918 2226 957; x_wconf 79' lang='grc' dir='ltr'><strong>Β.</strong></span> 
     </span>
    </p>
   </div>
   <div class='ocr_carea' id='block_1_63' title="bbox 2053 1026 3631 1101">
    <p class='ocr_par' dir='ltr' id='par_1_63' title="bbox 2053 1026 3631 1101">
     <span class='ocr_line' id='line_1_63' title="bbox 2053 1026 3631 1101; baseline 0.005 -20"><span class='ocrx_word' id='word_1_449' title='bbox 2053 1027 2223 1083; x_wconf 81' lang='lat' dir='ltr'><strong>Jesus</strong></span> <span class='ocrx_word' id='word_1_450' title='bbox 2250 1029 2450 1083; x_wconf 89' lang='lat' dir='ltr'><strong>autem</strong></span> <span class='ocrx_word' id='word_1_451' title='bbox 2503 1042 2727 1083; x_wconf 90' lang='lat' dir='ltr'><strong>nomen</strong></span> <span class='ocrx_word' id='word_1_452' title='bbox 2776 1026 3140 1086; x_wconf 88' lang='lat' dir='ltr'><strong>Hebraicum</strong></span> <span class='ocrx_word' id='word_1_453' title='bbox 3170 1032 3258 1085; x_wconf 89' lang='lat' dir='ltr'><strong>est</strong></span> <span class='ocrx_word' id='word_1_454' title='bbox 3290 1046 3303 1097; x_wconf 88' lang='lat'><strong>;</strong></span> <span class='ocrx_word' id='word_1_455' title='bbox 3332 1030 3631 1101; x_wconf 88' lang='lat' dir='ltr'><strong>signiﬁcat</strong></span> 
     </span>
    </p>
   </div>
   <div class='ocr_carea' id='block_1_64' title="bbox 1983 1116 3632 1192">
    <p class='ocr_par' dir='ltr' id='par_1_64' title="bbox 1983 1116 3632 1192">
     <span class='ocr_line' id='line_1_64' title="bbox 1983 1116 3632 1192; baseline 0.003 -20"><span class='ocrx_word' id='word_1_456' title='bbox 1983 1128 2183 1172; x_wconf 81' lang='lat' dir='ltr'><strong>autem</strong></span> <span class='ocrx_word' id='word_1_457' title='bbox 2203 1116 2586 1173; x_wconf 80' lang='lat' dir='ltr'><strong>Salvatorem.</strong></span> <span class='ocrx_word' id='word_1_458' title='bbox 2619 1147 2687 1157; x_wconf 89' lang='lat'><strong>—</strong></span> <span class='ocrx_word' id='word_1_459' title='bbox 2714 1118 2843 1189; x_wconf 90' lang='lat' dir='ltr'><strong>Ipse</strong></span> <span class='ocrx_word' id='word_1_460' title='bbox 2894 1117 3053 1173; x_wconf 90' lang='lat' dir='ltr'><strong>enim</strong></span> <span class='ocrx_word' id='word_1_461' title='bbox 3098 1117 3183 1173; x_wconf 86' lang='lat' dir='ltr'><strong>ait</strong></span> <span class='ocrx_word' id='word_1_462' title='bbox 3215 1138 3227 1176; x_wconf 94' lang='lat'>:</span> <span class='ocrx_word' id='word_1_463' title='bbox 3260 1117 3491 1176; x_wconf 82' lang='lat' dir='ltr'><strong>Salvum</strong></span> <span class='ocrx_word' id='word_1_464' title='bbox 3540 1123 3632 1192; x_wconf 84' lang='lat' dir='ltr'><strong>fa-</strong></span> 
     </span>
    </p>
   </div>
   <div class='ocr_carea' id='block_1_65' title="bbox 1982 1206 3630 1277">
    <p class='ocr_par' dir='ltr' id='par_1_65' title="bbox 1982 1206 3630 1277">
     <span class='ocr_line' id='line_1_65' title="bbox 1982 1206 3630 1277; baseline 0.002 -16"><span class='ocrx_word' id='word_1_465' title='bbox 1982 1206 2095 1261; x_wconf 81' lang='lat' dir='ltr'><strong>ciet</strong></span> <span class='ocrx_word' id='word_1_466' title='bbox 2122 1206 2380 1277; x_wconf 83' lang='lat' dir='ltr'><strong>populum</strong></span> <span class='ocrx_word' id='word_1_467' title='bbox 2409 1221 2581 1261; x_wconf 85' lang='lat' dir='ltr'><strong>suum</strong></span> <span class='ocrx_word' id='word_1_468' title='bbox 2610 1220 2648 1261; x_wconf 89' lang='lat' dir='ltr'><strong>a</strong></span> <span class='ocrx_word' id='word_1_469' title='bbox 2684 1207 2930 1275; x_wconf 80' lang='lat' dir='ltr'><strong>peccatis</strong></span> <span class='ocrx_word' id='word_1_470' title='bbox 2982 1222 3178 1263; x_wconf 85' lang='lat' dir='ltr'><strong>eorum</strong></span> <span class='ocrx_word' id='word_1_471' title='bbox 3208 1207 3273 1262; x_wconf 77' lang='lat'><strong>7&#39;.</strong></span> <span class='ocrx_word' id='word_1_472' title='bbox 3314 1207 3396 1263; x_wconf 90' lang='lat' dir='ltr'><strong>Ne</strong></span> <span class='ocrx_word' id='word_1_473' title='bbox 3426 1212 3630 1265; x_wconf 89' lang='lat' dir='ltr'><strong>autem</strong></span> 
     </span>
    </p>
   </div>
   <div class='ocr_carea' id='block_1_66' title="bbox 1981 1293 3629 1366">
    <p class='ocr_par' dir='ltr' id='par_1_66' title="bbox 1981 1293 3629 1366">
     <span class='ocr_line' id='line_1_66' title="bbox 1981 1293 3629 1366; baseline 0.003 -17"><span class='ocrx_word' id='word_1_474' title='bbox 1981 1293 2207 1351; x_wconf 85' lang='lat' dir='ltr'><strong>fallaris</strong></span> <span class='ocrx_word' id='word_1_475' title='bbox 2242 1295 2303 1350; x_wconf 91' lang='lat' dir='ltr'><strong>in</strong></span> <span class='ocrx_word' id='word_1_476' title='bbox 2343 1295 2586 1351; x_wconf 89' lang='lat' dir='ltr'><strong>nomine</strong></span> <span class='ocrx_word' id='word_1_477' title='bbox 2635 1294 2801 1351; x_wconf 89' lang='lat' dir='ltr'><strong>varia</strong></span> <span class='ocrx_word' id='word_1_478' title='bbox 2849 1295 3221 1366; x_wconf 84' lang='lat' dir='ltr'><strong>signiﬁcante</strong></span> <span class='ocrx_word' id='word_1_479' title='bbox 3273 1311 3412 1353; x_wconf 89' lang='lat' dir='ltr'><strong>cum</strong></span> <span class='ocrx_word' id='word_1_480' title='bbox 3459 1298 3629 1354; x_wconf 87' lang='lat' dir='ltr'><strong>Jesus</strong></span> 
     </span>
    </p>
   </div>
   <div class='ocr_carea' id='block_1_67' title="bbox 1982 1383 3628 1456">
    <p class='ocr_par' dir='ltr' id='par_1_67' title="bbox 1982 1383 3628 1456">
     <span class='ocr_line' id='line_1_67' title="bbox 1982 1383 3628 1456; baseline 0.004 -18"><span class='ocrx_word' id='word_1_481' title='bbox 1982 1383 2156 1438; x_wconf 88' lang='lat' dir='ltr'><strong>audis</strong></span> <span class='ocrx_word' id='word_1_482' title='bbox 2219 1400 2231 1439; x_wconf 90' lang='lat'><strong>:</strong></span> <span class='ocrx_word' id='word_1_483' title='bbox 2285 1384 2586 1456; x_wconf 90' lang='lat' dir='ltr'><strong>Siquidem</strong></span> <span class='ocrx_word' id='word_1_484' title='bbox 2639 1388 2696 1441; x_wconf 92' lang='lat' dir='ltr'><strong>et</strong></span> <span class='ocrx_word' id='word_1_485' title='bbox 2756 1383 2911 1439; x_wconf 90' lang='lat' dir='ltr'><strong>alius</strong></span> <span class='ocrx_word' id='word_1_486' title='bbox 2971 1384 3079 1440; x_wconf 85' lang='lat' dir='ltr'><strong>fuit</strong></span> <span class='ocrx_word' id='word_1_487' title='bbox 3125 1386 3348 1441; x_wconf 82' lang='lat' dir='ltr'><strong>Jesus:</strong></span> <span class='ocrx_word' id='word_1_488' title='bbox 3403 1385 3628 1444; x_wconf 89' lang='lat' dir='ltr'><strong>idcirco</strong></span> 
     </span>
    </p>
   </div>
   <div class='ocr_carea' id='block_1_68' title="bbox 1980 1472 3630 1544">
    <p class='ocr_par' dir='ltr' id='par_1_68' title="bbox 1980 1472 3630 1544">
     <span class='ocr_line' id='line_1_68' title="bbox 1980 1472 3630 1544; baseline 0.004 -19"><span class='ocrx_word' id='word_1_489' title='bbox 1980 1487 2098 1527; x_wconf 88' lang='lat' dir='ltr'><strong>non</strong></span> <span class='ocrx_word' id='word_1_490' title='bbox 2115 1472 2456 1543; x_wconf 83' lang='lat' dir='ltr'><strong>simpliciter</strong></span> <span class='ocrx_word' id='word_1_491' title='bbox 2479 1473 2679 1544; x_wconf 90' lang='lat' dir='ltr'><strong>ipsum</strong></span> <span class='ocrx_word' id='word_1_492' title='bbox 2704 1472 2853 1528; x_wconf 81' lang='lat' dir='ltr'><strong>dixit</strong></span> <span class='ocrx_word' id='word_1_493' title='bbox 2866 1474 3087 1542; x_wconf 86' lang='lat' dir='ltr'><strong>Jesum,</strong></span> <span class='ocrx_word' id='word_1_494' title='bbox 3120 1473 3225 1529; x_wconf 89' lang='lat' dir='ltr'><strong>sed</strong></span> <span class='ocrx_word' id='word_1_495' title='bbox 3245 1475 3445 1531; x_wconf 84' lang='lat' dir='ltr'><strong>Jesum</strong></span> <span class='ocrx_word' id='word_1_496' title='bbox 3467 1473 3630 1531; x_wconf 85' lang='lat' dir='ltr'><strong>Chri-</strong></span> 
     </span>
    </p>
   </div>
   <div class='ocr_carea' id='block_1_69' title="bbox 1982 1560 3627 1630">
    <p class='ocr_par' dir='ltr' id='par_1_69' title="bbox 1982 1560 3627 1630">
     <span class='ocr_line' id='line_1_69' title="bbox 1982 1560 3627 1630; baseline 0.004 -16"><span class='ocrx_word' id='word_1_497' title='bbox 1982 1565 2163 1626; x_wconf 89' lang='lat' dir='ltr'><strong>stum,</strong></span> <span class='ocrx_word' id='word_1_498' title='bbox 2209 1562 2370 1616; x_wconf 90' lang='lat' dir='ltr'><strong>hunc</strong></span> <span class='ocrx_word' id='word_1_499' title='bbox 2399 1560 2471 1616; x_wconf 92' lang='lat' dir='ltr'><strong>ab</strong></span> <span class='ocrx_word' id='word_1_500' title='bbox 2514 1561 2612 1616; x_wconf 88' lang='lat' dir='ltr'><strong>illo</strong></span> <span class='ocrx_word' id='word_1_501' title='bbox 2651 1560 3043 1630; x_wconf 81' lang='lat' dir='ltr'><strong>distinguens.</strong></span> <span class='ocrx_word' id='word_1_502' title='bbox 3096 1564 3307 1619; x_wconf 89' lang='lat' dir='ltr'><strong>Verum</strong></span> <span class='ocrx_word' id='word_1_503' title='bbox 3353 1563 3627 1621; x_wconf 86' lang='lat' dir='ltr'><strong>dubitare</strong></span> 
     </span>
    </p>
   </div>
   <div class='ocr_carea' id='block_1_70' title="bbox 1979 1648 3625 1720">
    <p class='ocr_par' dir='ltr' id='par_1_70' title="bbox 1979 1648 3625 1720">
     <span class='ocr_line' id='line_1_70' title="bbox 1979 1648 3625 1720; baseline 0.003 -17"><span class='ocrx_word' id='word_1_504' title='bbox 1979 1648 2275 1719; x_wconf 87' lang='lat' dir='ltr'><strong>quispiam</strong></span> <span class='ocrx_word' id='word_1_505' title='bbox 2307 1648 2537 1720; x_wconf 88' lang='lat' dir='ltr'><strong>poterit,</strong></span> <span class='ocrx_word' id='word_1_506' title='bbox 2589 1664 2679 1713; x_wconf 90' lang='lat' dir='ltr'><strong>eo,</strong></span> <span class='ocrx_word' id='word_1_507' title='bbox 2714 1649 2873 1720; x_wconf 89' lang='lat' dir='ltr'><strong>quod</strong></span> <span class='ocrx_word' id='word_1_508' title='bbox 2919 1649 3017 1705; x_wconf 92' lang='lat' dir='ltr'><strong>hic</strong></span> <span class='ocrx_word' id='word_1_509' title='bbox 3062 1650 3209 1706; x_wconf 92' lang='lat' dir='ltr'><strong>liber</strong></span> <span class='ocrx_word' id='word_1_510' title='bbox 3258 1666 3381 1707; x_wconf 92' lang='lat' dir='ltr'><strong>non</strong></span> <span class='ocrx_word' id='word_1_511' title='bbox 3430 1651 3625 1708; x_wconf 88' lang='lat' dir='ltr'><strong>solam</strong></span> 
     </span>
    </p>
   </div>
   <div class='ocr_carea' id='block_1_71' title="bbox 1979 1737 3625 1811">
    <p class='ocr_par' dir='ltr' id='par_1_71' title="bbox 1979 1737 3625 1811">
     <span class='ocr_line' id='line_1_71' title="bbox 1979 1737 3625 1811; baseline 0.003 -20"><span class='ocrx_word' id='word_1_512' title='bbox 1979 1737 2279 1792; x_wconf 87' lang='lat' dir='ltr'><strong>contineat</strong></span> <span class='ocrx_word' id='word_1_513' title='bbox 2308 1737 2519 1793; x_wconf 83' lang='lat' dir='ltr'><strong>Christi</strong></span> <span class='ocrx_word' id='word_1_514' title='bbox 2573 1738 2960 1803; x_wconf 88' lang='lat' dir='ltr'><strong>nativitatem,</strong></span> <span class='ocrx_word' id='word_1_515' title='bbox 2994 1738 3099 1794; x_wconf 90' lang='lat' dir='ltr'><strong>sed</strong></span> <span class='ocrx_word' id='word_1_516' title='bbox 3135 1742 3189 1795; x_wconf 88' lang='lat' dir='ltr'><strong>et</strong></span> <span class='ocrx_word' id='word_1_517' title='bbox 3219 1754 3462 1796; x_wconf 90' lang='lat' dir='ltr'><strong>omnem</strong></span> <span class='ocrx_word' id='word_1_518' title='bbox 3493 1741 3625 1811; x_wconf 81' lang='lat' dir='ltr'><strong>ejus</strong></span> 
     </span>
    </p>
   </div>
   <div class='ocr_carea' id='block_1_72' title="bbox 1977 1826 3622 1885">
    <p class='ocr_par' dir='ltr' id='par_1_72' title="bbox 1977 1826 3622 1885">
     <span class='ocr_line' id='line_1_72' title="bbox 1977 1826 3622 1885; baseline 0.002 -3"><span class='ocrx_word' id='word_1_519' title='bbox 1977 1826 2494 1882; x_wconf 84' lang='lat' dir='ltr'><strong>conversationem</strong></span> <span class='ocrx_word' id='word_1_520' title='bbox 2539 1841 2609 1882; x_wconf 88' lang='lat' dir='ltr'><strong>ac</strong></span> <span class='ocrx_word' id='word_1_521' title='bbox 2648 1826 2882 1882; x_wconf 87' lang='lat' dir='ltr'><strong>vivendi</strong></span> <span class='ocrx_word' id='word_1_522' title='bbox 2912 1827 3230 1883; x_wconf 90' lang='lat' dir='ltr'><strong>rationem.</strong></span> <span class='ocrx_word' id='word_1_523' title='bbox 3263 1830 3422 1885; x_wconf 84' lang='lat' dir='ltr'><strong>Hanc</strong></span> <span class='ocrx_word' id='word_1_524' title='bbox 3450 1828 3622 1885; x_wconf 90' lang='lat' dir='ltr'><strong>dubi-</strong></span> 
     </span>
    </p>
   </div>
   <div class='ocr_carea' id='block_1_73' title="bbox 1974 1914 3625 1986">
    <p class='ocr_par' dir='ltr' id='par_1_73' title="bbox 1974 1914 3625 1986">
     <span class='ocr_line' id='line_1_73' title="bbox 1974 1914 3625 1986; baseline 0.002 -15"><span class='ocrx_word' id='word_1_525' title='bbox 1974 1916 2259 1971; x_wconf 90' lang='lat' dir='ltr'><strong>tationem</strong></span> <span class='ocrx_word' id='word_1_526' title='bbox 2298 1914 2702 1979; x_wconf 88' lang='lat' dir='ltr'><strong>dissolvimus,</strong></span> <span class='ocrx_word' id='word_1_527' title='bbox 2743 1914 3021 1971; x_wconf 82' lang='lat' dir='ltr'><strong>dicentes.</strong></span> <span class='ocrx_word' id='word_1_528' title='bbox 3069 1915 3275 1972; x_wconf 90' lang='lat' dir='ltr'><strong>Omnis</strong></span> <span class='ocrx_word' id='word_1_529' title='bbox 3317 1917 3447 1986; x_wconf 88' lang='lat' dir='ltr'><strong>ejus</strong></span> <span class='ocrx_word' id='word_1_530' title='bbox 3484 1932 3625 1974; x_wconf 89' lang='lat' dir='ltr'><strong>con-</strong></span> 
     </span>
    </p>
   </div>
   <div class='ocr_carea' id='block_1_74' title="bbox 1972 2002 3622 2077">
    <p class='ocr_par' dir='ltr' id='par_1_74' title="bbox 1972 2002 3622 2077">
     <span class='ocr_line' id='line_1_74' title="bbox 1972 2002 3622 2077; baseline 0.001 -17"><span class='ocrx_word' id='word_1_531' title='bbox 1972 2003 2340 2070; x_wconf 88' lang='lat' dir='ltr'><strong>versationis,</strong></span> <span class='ocrx_word' id='word_1_532' title='bbox 2374 2003 2658 2075; x_wconf 89' lang='lat' dir='ltr'><strong>modique</strong></span> <span class='ocrx_word' id='word_1_533' title='bbox 2690 2002 2928 2059; x_wconf 88' lang='lat' dir='ltr'><strong>vivendi</strong></span> <span class='ocrx_word' id='word_1_534' title='bbox 2959 2011 3158 2075; x_wconf 92' lang='lat' dir='ltr'><strong>caput,</strong></span> <span class='ocrx_word' id='word_1_535' title='bbox 3191 2009 3245 2061; x_wconf 89' lang='lat' dir='ltr'><strong>et</strong></span> <span class='ocrx_word' id='word_1_536' title='bbox 3269 2004 3622 2077; x_wconf 88' lang='lat' dir='ltr'><strong>principium</strong></span> 
     </span>
    </p>
   </div>
   <div class='ocr_carea' id='block_1_75' title="bbox 1972 2090 3623 2161">
    <p class='ocr_par' dir='ltr' id='par_1_75' title="bbox 1972 2090 3623 2161">
     <span class='ocr_line' id='line_1_75' title="bbox 1972 2090 3623 2161; baseline 0.001 -11"><span class='ocrx_word' id='word_1_537' title='bbox 1972 2109 2044 2151; x_wconf 90' lang='lat' dir='ltr'><strong>ac</strong></span> <span class='ocrx_word' id='word_1_538' title='bbox 2063 2092 2327 2149; x_wconf 90' lang='lat' dir='ltr'><strong>radicem</strong></span> <span class='ocrx_word' id='word_1_539' title='bbox 2374 2096 2591 2149; x_wconf 73' lang='lat' dir='ltr'><strong>nostrae</strong></span> <span class='ocrx_word' id='word_1_540' title='bbox 2638 2090 2869 2161; x_wconf 87' lang='lat' dir='ltr'><strong>salutis,</strong></span> <span class='ocrx_word' id='word_1_541' title='bbox 2919 2090 3100 2148; x_wconf 82' lang='lat' dir='ltr'><strong>fuisse</strong></span> <span class='ocrx_word' id='word_1_542' title='bbox 3131 2092 3521 2151; x_wconf 87' lang='lat' dir='ltr'><strong>nativitatem.</strong></span> <span class='ocrx_word' id='word_1_543' title='bbox 3554 2094 3623 2152; x_wconf 90' lang='lat' dir='ltr'><strong>Id</strong></span> 
     </span>
    </p>
   </div>
   <div class='ocr_carea' id='block_1_76' title="bbox 1974 2180 3622 2255">
    <p class='ocr_par' dir='ltr' id='par_1_76' title="bbox 1974 2180 3622 2255">
     <span class='ocr_line' id='line_1_76' title="bbox 1974 2180 3622 2255; baseline 0.001 -15"><span class='ocrx_word' id='word_1_544' title='bbox 1974 2183 2134 2240; x_wconf 84' lang='lat' dir='ltr'><strong>enim</strong></span> <span class='ocrx_word' id='word_1_545' title='bbox 2160 2187 2401 2254; x_wconf 89' lang='lat' dir='ltr'><strong>stupore</strong></span> <span class='ocrx_word' id='word_1_546' title='bbox 2426 2186 2481 2238; x_wconf 91' lang='lat' dir='ltr'><strong>et</strong></span> <span class='ocrx_word' id='word_1_547' title='bbox 2510 2180 2903 2237; x_wconf 89' lang='lat' dir='ltr'><strong>admiratione</strong></span> <span class='ocrx_word' id='word_1_548' title='bbox 2961 2181 3161 2253; x_wconf 90' lang='lat' dir='ltr'><strong>replet,</strong></span> <span class='ocrx_word' id='word_1_549' title='bbox 3195 2185 3407 2255; x_wconf 87' lang='lat' dir='ltr'><strong>estque</strong></span> <span class='ocrx_word' id='word_1_550' title='bbox 3437 2199 3622 2255; x_wconf 82' lang='lat' dir='ltr'><strong>supra</strong></span> 
     </span>
    </p>
   </div>
   <div class='ocr_carea' id='block_1_77' title="bbox 1973 2269 3620 2343">
    <p class='ocr_par' dir='ltr' id='par_1_77' title="bbox 1973 2269 3620 2343">
     <span class='ocr_line' id='line_1_77' title="bbox 1973 2269 3620 2343; baseline 0.001 -15"><span class='ocrx_word' id='word_1_551' title='bbox 1973 2287 2210 2328; x_wconf 90' lang='lat' dir='ltr'><strong>omnem</strong></span> <span class='ocrx_word' id='word_1_552' title='bbox 2242 2286 2413 2343; x_wconf 91' lang='lat' dir='ltr'><strong>spem</strong></span> <span class='ocrx_word' id='word_1_553' title='bbox 2443 2286 2514 2327; x_wconf 92' lang='lat' dir='ltr'><strong>ac</strong></span> <span class='ocrx_word' id='word_1_554' title='bbox 2543 2269 3071 2342; x_wconf 83' lang='lat' dir='ltr'><strong>exspectationem,</strong></span> <span class='ocrx_word' id='word_1_555' title='bbox 3103 2274 3168 2326; x_wconf 91' lang='lat' dir='ltr'><strong>ut</strong></span> <span class='ocrx_word' id='word_1_556' title='bbox 3196 2272 3348 2327; x_wconf 92' lang='lat' dir='ltr'><strong>Deus</strong></span> <span class='ocrx_word' id='word_1_557' title='bbox 3386 2270 3487 2328; x_wconf 88' lang='lat' dir='ltr'><strong>ﬁat</strong></span> <span class='ocrx_word' id='word_1_558' title='bbox 3513 2272 3620 2330; x_wconf 88' lang='lat' dir='ltr'><strong>ho-</strong></span> 
     </span>
    </p>
   </div>
   <div class='ocr_carea' id='block_1_78' title="bbox 1973 2358 3620 2434">
    <p class='ocr_par' dir='ltr' id='par_1_78' title="bbox 1973 2358 3620 2434">
     <span class='ocr_line' id='line_1_78' title="bbox 1973 2358 3620 2434; baseline 0.002 -17"><span class='ocrx_word' id='word_1_559' title='bbox 1973 2377 2074 2418; x_wconf 91' lang='lat' dir='ltr'><strong>mo</strong></span> <span class='ocrx_word' id='word_1_560' title='bbox 2108 2377 2119 2415; x_wconf 93' lang='lat'>:</span> <span class='ocrx_word' id='word_1_561' title='bbox 2154 2376 2274 2434; x_wconf 91' lang='lat' dir='ltr'><strong>quo</strong></span> <span class='ocrx_word' id='word_1_562' title='bbox 2300 2358 2473 2423; x_wconf 88' lang='lat' dir='ltr'><strong>facto,</strong></span> <span class='ocrx_word' id='word_1_563' title='bbox 2502 2360 2708 2416; x_wconf 84' lang='lat' dir='ltr'><strong>omnia</strong></span> <span class='ocrx_word' id='word_1_564' title='bbox 2737 2375 2872 2431; x_wconf 70' lang='lat' dir='ltr'><strong>quia</strong></span> <span class='ocrx_word' id='word_1_565' title='bbox 2894 2359 3157 2431; x_wconf 91' lang='lat' dir='ltr'><strong>posthoc</strong></span> <span class='ocrx_word' id='word_1_566' title='bbox 3181 2359 3339 2417; x_wconf 79' lang='lat' dir='ltr'><strong>facta</strong></span> <span class='ocrx_word' id='word_1_567' title='bbox 3363 2366 3519 2433; x_wconf 88' lang='lat' dir='ltr'><strong>sunt,</strong></span> <span class='ocrx_word' id='word_1_568' title='bbox 3546 2378 3620 2420; x_wconf 82' lang='lat' dir='ltr'><strong>ex</strong></span> 
     </span>
    </p>
   </div>
   <div class='ocr_carea' id='block_1_79' title="bbox 1972 2446 3620 2520">
    <p class='ocr_par' dir='ltr' id='par_1_79' title="bbox 1972 2446 3620 2520">
     <span class='ocr_line' id='line_1_79' title="bbox 1972 2446 3620 2520; baseline -0.001 -13"><span class='ocrx_word' id='word_1_569' title='bbox 1972 2448 2377 2520; x_wconf 90' lang='lat' dir='ltr'><strong>consequenti,</strong></span> <span class='ocrx_word' id='word_1_570' title='bbox 2408 2464 2637 2520; x_wconf 89' lang='lat' dir='ltr'><strong>suoque</strong></span> <span class='ocrx_word' id='word_1_571' title='bbox 2683 2446 2894 2503; x_wconf 91' lang='lat' dir='ltr'><strong>ordine</strong></span> <span class='ocrx_word' id='word_1_572' title='bbox 2948 2452 3417 2520; x_wconf 89' lang='lat' dir='ltr'><strong>consequuntur.</strong></span> <span class='ocrx_word' id='word_1_573' title='bbox 3472 2450 3620 2507; x_wconf 83' lang='lat' dir='ltr'><strong>Reli-</strong></span> 
     </span>
    </p>
   </div>
   <div class='ocr_carea' id='block_1_80' title="bbox 1970 2535 3617 2612">
    <p class='ocr_par' dir='ltr' id='par_1_80' title="bbox 1970 2535 3617 2612">
     <span class='ocr_line' id='line_1_80' title="bbox 1970 2535 3617 2612; baseline 0.001 -17"><span class='ocrx_word' id='word_1_574' title='bbox 1970 2555 2161 2612; x_wconf 91' lang='lat' dir='ltr'><strong>quum</strong></span> <span class='ocrx_word' id='word_1_575' title='bbox 2173 2541 2494 2610; x_wconf 86' lang='lat' dir='ltr'><strong>estergo,ut</strong></span> <span class='ocrx_word' id='word_1_576' title='bbox 2510 2536 2587 2593; x_wconf 93' lang='lat' dir='ltr'><strong>ab</strong></span> <span class='ocrx_word' id='word_1_577' title='bbox 2600 2535 2711 2592; x_wconf 90' lang='lat' dir='ltr'><strong>hac</strong></span> <span class='ocrx_word' id='word_1_578' title='bbox 2724 2535 2918 2606; x_wconf 88' lang='lat' dir='ltr'><strong>magis</strong></span> <span class='ocrx_word' id='word_1_579' title='bbox 2932 2536 3235 2608; x_wconf 63' lang='lat' dir='ltr'><strong>praecipua</strong></span> <span class='ocrx_word' id='word_1_580' title='bbox 3251 2540 3438 2607; x_wconf 88' lang='lat' dir='ltr'><strong>parte,</strong></span> <span class='ocrx_word' id='word_1_581' title='bbox 3454 2553 3617 2597; x_wconf 86' lang='lat' dir='ltr'><strong>nem-</strong></span> 
     </span>
    </p>
   </div>
   <div class='ocr_carea' id='block_1_81' title="bbox 1971 2624 3619 2700">
    <p class='ocr_par' dir='ltr' id='par_1_81' title="bbox 1971 2624 3619 2700">
     <span class='ocr_line' id='line_1_81' title="bbox 1971 2624 3619 2700; baseline 0.001 -17"><span class='ocrx_word' id='word_1_582' title='bbox 1971 2644 2045 2700; x_wconf 92' lang='lat' dir='ltr'><strong>pe</strong></span> <span class='ocrx_word' id='word_1_583' title='bbox 2059 2632 2247 2683; x_wconf 88' lang='lat' dir='ltr'><strong>totum</strong></span> <span class='ocrx_word' id='word_1_584' title='bbox 2260 2626 2491 2691; x_wconf 89' lang='lat' dir='ltr'><strong>librum,</strong></span> <span class='ocrx_word' id='word_1_585' title='bbox 2510 2624 3134 2695; x_wconf 86' lang='lat' dir='ltr'><strong>generationislibrum</strong></span> <span class='ocrx_word' id='word_1_586' title='bbox 3148 2626 3469 2682; x_wconf 89' lang='lat' dir='ltr'><strong>vocaverit.</strong></span> <span class='ocrx_word' id='word_1_587' title='bbox 3492 2627 3619 2684; x_wconf 88' lang='lat' dir='ltr'><strong>Mo-</strong></span> 
     </span>
    </p>
   </div>
   <div class='ocr_carea' id='block_1_82' title="bbox 1975 2712 3613 2789">
    <p class='ocr_par' dir='ltr' id='par_1_82' title="bbox 1975 2712 3613 2789">
     <span class='ocr_line' id='line_1_82' title="bbox 1975 2712 3613 2789; baseline -0.001 -17"><span class='ocrx_word' id='word_1_588' title='bbox 1975 2733 2068 2772; x_wconf 91' lang='lat' dir='ltr'><strong>ses</strong></span> <span class='ocrx_word' id='word_1_589' title='bbox 2082 2731 2327 2789; x_wconf 91' lang='lat' dir='ltr'><strong>quoque</strong></span> <span class='ocrx_word' id='word_1_590' title='bbox 2355 2715 2619 2787; x_wconf 87' lang='lat' dir='ltr'><strong>primum</strong></span> <span class='ocrx_word' id='word_1_591' title='bbox 2642 2730 2821 2769; x_wconf 91' lang='lat' dir='ltr'><strong>suum</strong></span> <span class='ocrx_word' id='word_1_592' title='bbox 2842 2712 3059 2769; x_wconf 88' lang='lat' dir='ltr'><strong>librum</strong></span> <span class='ocrx_word' id='word_1_593' title='bbox 3075 2714 3613 2772; x_wconf 86' lang='lat' dir='ltr'><strong>vocavitGeneseos</strong></span> 
     </span>
    </p>
   </div>
   <div class='ocr_carea' id='block_1_83' title="bbox 1968 2801 3616 2873">
    <p class='ocr_par' dir='ltr' id='par_1_83' title="bbox 1968 2801 3616 2873">
     <span class='ocr_line' id='line_1_83' title="bbox 1968 2801 3616 2873; baseline -0.001 -10"><span class='ocrx_word' id='word_1_594' title='bbox 1968 2806 2083 2863; x_wconf 91' lang='lat' dir='ltr'><strong>hoc</strong></span> <span class='ocrx_word' id='word_1_595' title='bbox 2104 2810 2210 2873; x_wconf 89' lang='lat' dir='ltr'><strong>est,</strong></span> <span class='ocrx_word' id='word_1_596' title='bbox 2235 2803 2547 2861; x_wconf 90' lang='lat' dir='ltr'><strong>creationis</strong></span> <span class='ocrx_word' id='word_1_597' title='bbox 2579 2802 2709 2859; x_wconf 65' lang='lat' dir='ltr'><strong>caeli</strong></span> <span class='ocrx_word' id='word_1_598' title='bbox 2727 2807 2783 2859; x_wconf 90' lang='lat' dir='ltr'><strong>et</strong></span> <span class='ocrx_word' id='word_1_599' title='bbox 2801 2802 2992 2859; x_wconf 67' lang='lat' dir='ltr'><strong>terra:8</strong></span> <span class='ocrx_word' id='word_1_600' title='bbox 3009 2819 3021 2857; x_wconf 89' lang='lat'>:</span> <span class='ocrx_word' id='word_1_601' title='bbox 3038 2816 3176 2858; x_wconf 90' lang='lat' dir='ltr'><strong>cum</strong></span> <span class='ocrx_word' id='word_1_602' title='bbox 3189 2817 3311 2858; x_wconf 93' lang='lat' dir='ltr'><strong>non</strong></span> <span class='ocrx_word' id='word_1_603' title='bbox 3330 2801 3526 2860; x_wconf 89' lang='lat' dir='ltr'><strong>solum</strong></span> <span class='ocrx_word' id='word_1_604' title='bbox 3539 2804 3616 2861; x_wconf 89' lang='lat' dir='ltr'><strong>de</strong></span> 
     </span>
    </p>
   </div>
   <div class='ocr_carea' id='block_1_84' title="bbox 1970 2890 3613 2964">
    <p class='ocr_par' dir='ltr' id='par_1_84' title="bbox 1970 2890 3613 2964">
     <span class='ocr_line' id='line_1_84' title="bbox 1970 2890 3613 2964; baseline -0.001 -13"><span class='ocrx_word' id='word_1_605' title='bbox 1970 2893 2120 2951; x_wconf 77' lang='lat' dir='ltr'><strong>coelo</strong></span> <span class='ocrx_word' id='word_1_606' title='bbox 2132 2900 2187 2950; x_wconf 92' lang='lat' dir='ltr'><strong>et</strong></span> <span class='ocrx_word' id='word_1_607' title='bbox 2199 2899 2566 2960; x_wconf 89' lang='lat' dir='ltr'><strong>terra,verum</strong></span> <span class='ocrx_word' id='word_1_608' title='bbox 2580 2892 2749 2949; x_wconf 88' lang='lat' dir='ltr'><strong>etiam</strong></span> <span class='ocrx_word' id='word_1_609' title='bbox 2763 2891 3026 2949; x_wconf 90' lang='lat' dir='ltr'><strong>omnibus</strong></span> <span class='ocrx_word' id='word_1_610' title='bbox 3037 2890 3302 2964; x_wconf 90' lang='lat' dir='ltr'><strong>loquatur</strong></span> <span class='ocrx_word' id='word_1_611' title='bbox 3312 2893 3613 2950; x_wconf 89' lang='lat' dir='ltr'><strong>creaturis.</strong></span> 
     </span>
    </p>
   </div>
   <div class='ocr_carea' id='block_1_85' title="bbox 2046 2995 3616 3070">
    <p class='ocr_par' dir='ltr' id='par_1_85' title="bbox 2046 2995 3616 3070">
     <span class='ocr_line' id='line_1_85' title="bbox 2046 2995 3616 3070; baseline -0.001 -14"><span class='ocrx_word' id='word_1_612' title='bbox 2046 3000 2171 3056; x_wconf 89' lang='lat' dir='ltr'><strong>Vel:</strong></span> <span class='ocrx_word' id='word_1_613' title='bbox 2192 3016 2327 3055; x_wconf 91' lang='lat' dir='ltr'><strong>cum</strong></span> <span class='ocrx_word' id='word_1_614' title='bbox 2342 2998 2600 3055; x_wconf 90' lang='lat' dir='ltr'><strong>Christus</strong></span> <span class='ocrx_word' id='word_1_615' title='bbox 2614 3002 2667 3054; x_wconf 92' lang='lat' dir='ltr'><strong>et</strong></span> <span class='ocrx_word' id='word_1_616' title='bbox 2679 2995 3206 3069; x_wconf 86' lang='lat' dir='ltr'><strong>supernaturaliter</strong></span> <span class='ocrx_word' id='word_1_617' title='bbox 3217 3001 3397 3053; x_wconf 89' lang='lat' dir='ltr'><strong>natus</strong></span> <span class='ocrx_word' id='word_1_618' title='bbox 3410 2997 3501 3063; x_wconf 86' lang='lat' dir='ltr'><strong>sit,</strong></span> <span class='ocrx_word' id='word_1_619' title='bbox 3514 3014 3616 3070; x_wconf 90' lang='lat' dir='ltr'><strong>pu-</strong></span> 
     </span>
    </p>
   </div>
   <div class='ocr_carea' id='block_1_86' title="bbox 1966 3085 3617 3158">
    <p class='ocr_par' dir='ltr' id='par_1_86' title="bbox 1966 3085 3617 3158">
     <span class='ocr_line' id='line_1_86' title="bbox 1966 3085 3617 3158; baseline -0.002 -11"><span class='ocrx_word' id='word_1_620' title='bbox 1966 3094 2028 3147; x_wconf 91' lang='lat' dir='ltr'><strong>ta</strong></span> <span class='ocrx_word' id='word_1_621' title='bbox 2041 3090 2166 3145; x_wconf 91' lang='lat' dir='ltr'><strong>sine</strong></span> <span class='ocrx_word' id='word_1_622' title='bbox 2179 3088 2416 3153; x_wconf 88' lang='lat' dir='ltr'><strong>semine,</strong></span> <span class='ocrx_word' id='word_1_623' title='bbox 2432 3091 2488 3143; x_wconf 90' lang='lat' dir='ltr'><strong>et</strong></span> <span class='ocrx_word' id='word_1_624' title='bbox 2498 3103 2569 3143; x_wconf 82' lang='lat' dir='ltr'><strong>ex</strong></span> <span class='ocrx_word' id='word_1_625' title='bbox 2581 3086 2818 3157; x_wconf 85' lang='lat' dir='ltr'><strong>Virgine</strong></span> <span class='ocrx_word' id='word_1_626' title='bbox 2832 3085 3236 3142; x_wconf 89' lang='lat' dir='ltr'><strong>etnaturaliter</strong></span> <span class='ocrx_word' id='word_1_627' title='bbox 3246 3090 3388 3158; x_wconf 92' lang='lat' dir='ltr'><strong>puta</strong></span> <span class='ocrx_word' id='word_1_628' title='bbox 3408 3101 3479 3143; x_wconf 88' lang='lat' dir='ltr'><strong>ex</strong></span> <span class='ocrx_word' id='word_1_629' title='bbox 3495 3102 3617 3143; x_wconf 90' lang='lat' dir='ltr'><strong>mu-</strong></span> 
     </span>
    </p>
   </div>
   <div class='ocr_carea' id='block_1_87' title="bbox 1967 3175 3610 3245">
    <p class='ocr_par' dir='ltr' id='par_1_87' title="bbox 1967 3175 3610 3245">
     <span class='ocr_line' id='line_1_87' title="bbox 1967 3175 3610 3245; baseline -0.003 -10"><span class='ocrx_word' id='word_1_630' title='bbox 1967 3180 2127 3245; x_wconf 90' lang='lat' dir='ltr'><strong>liere,</strong></span> <span class='ocrx_word' id='word_1_631' title='bbox 2159 3183 2214 3235; x_wconf 91' lang='lat' dir='ltr'><strong>et</strong></span> <span class='ocrx_word' id='word_1_632' title='bbox 2237 3177 2783 3234; x_wconf 88' lang='lat' dir='ltr'><strong>uberibuslactatus</strong></span> <span class='ocrx_word' id='word_1_633' title='bbox 2808 3191 2820 3231; x_wconf 90' lang='lat'><strong>:</strong></span> <span class='ocrx_word' id='word_1_634' title='bbox 2848 3175 2983 3232; x_wconf 89' lang='lat' dir='ltr'><strong>ideo</strong></span> <span class='ocrx_word' id='word_1_635' title='bbox 3021 3175 3186 3242; x_wconf 79' lang='lat' dir='ltr'><strong>dixit,</strong></span> <span class='ocrx_word' id='word_1_636' title='bbox 3203 3176 3610 3244; x_wconf 72' lang='lat' dir='ltr'><strong>generationis,</strong></span> 
     </span>
    </p>
   </div>
   <div class='ocr_carea' id='block_1_88' title="bbox 1965 3263 3615 3338">
    <p class='ocr_par' dir='ltr' id='par_1_88' title="bbox 1965 3263 3615 3338">
     <span class='ocr_line' id='line_1_88' title="bbox 1965 3263 3615 3338; baseline -0.002 -14"><span class='ocrx_word' id='word_1_637' title='bbox 1965 3268 2373 3331; x_wconf 89' lang='lat' dir='ltr'><strong>insinuansid,</strong></span> <span class='ocrx_word' id='word_1_638' title='bbox 2389 3264 2558 3338; x_wconf 87' lang='lat' dir='ltr'><strong>quod</strong></span> <span class='ocrx_word' id='word_1_639' title='bbox 2584 3269 2709 3320; x_wconf 90' lang='lat' dir='ltr'><strong>erat</strong></span> <span class='ocrx_word' id='word_1_640' title='bbox 2728 3263 3192 3336; x_wconf 89' lang='lat' dir='ltr'><strong>supernaturale.</strong></span> <span class='ocrx_word' id='word_1_641' title='bbox 3234 3263 3392 3319; x_wconf 83' lang='lat' dir='ltr'><strong>Infra</strong></span> <span class='ocrx_word' id='word_1_642' title='bbox 3412 3268 3615 3321; x_wconf 88' lang='lat' dir='ltr'><strong>autem</strong></span> 
     </span>
    </p>
   </div>
   <div class='ocr_carea' id='block_1_89' title="bbox 1967 3351 3617 3417">
    <p class='ocr_par' dir='ltr' id='par_1_89' title="bbox 1967 3351 3617 3417">
     <span class='ocr_line' id='line_1_89' title="bbox 1967 3351 3617 3417; baseline -0.004 -3"><span class='ocrx_word' id='word_1_643' title='bbox 1967 3357 2299 3414; x_wconf 79' lang='lat' dir='ltr'><strong>dicitzJesu</strong></span> <span class='ocrx_word' id='word_1_644' title='bbox 2320 3354 2531 3410; x_wconf 90' lang='lat' dir='ltr'><strong>Christi</strong></span> <span class='ocrx_word' id='word_1_645' title='bbox 2561 3353 2836 3410; x_wconf 89' lang='lat' dir='ltr'><strong>nativitas</strong></span> <span class='ocrx_word' id='word_1_646' title='bbox 2864 3352 2948 3408; x_wconf 91' lang='lat' dir='ltr'><strong>sic</strong></span> <span class='ocrx_word' id='word_1_647' title='bbox 2978 3351 3088 3408; x_wconf 83' lang='lat' dir='ltr'><strong>fuit</strong></span> <span class='ocrx_word' id='word_1_648' title='bbox 3116 3353 3185 3417; x_wconf 83' lang='grc'><strong>¹⁰,</strong></span> <span class='ocrx_word' id='word_1_649' title='bbox 3222 3351 3617 3408; x_wconf 84' lang='lat' dir='ltr'><strong>manifestans</strong></span> 
     </span>
    </p>
   </div>
   <div class='ocr_carea' id='block_1_90' title="bbox 1967 3440 3617 3520">
    <p class='ocr_par' dir='ltr' id='par_1_90' title="bbox 1967 3440 3617 3520">
     <span class='ocr_line' id='line_1_90' title="bbox 1967 3440 3617 3520; baseline -0.004 -16"><span class='ocrx_word' id='word_1_650' title='bbox 1967 3448 2048 3514; x_wconf 91' lang='lat' dir='ltr'><strong>id,</strong></span> <span class='ocrx_word' id='word_1_651' title='bbox 2098 3446 2260 3520; x_wconf 87' lang='lat' dir='ltr'><strong>quod</strong></span> <span class='ocrx_word' id='word_1_652' title='bbox 2315 3443 2422 3500; x_wconf 82' lang='lat' dir='ltr'><strong>fuit</strong></span> <span class='ocrx_word' id='word_1_653' title='bbox 2467 3442 2759 3499; x_wconf 87' lang='lat' dir='ltr'><strong>naturale.</strong></span> <span class='ocrx_word' id='word_1_654' title='bbox 2821 3440 3078 3507; x_wconf 87' lang='lat' dir='ltr'><strong>Quidam</strong></span> <span class='ocrx_word' id='word_1_655' title='bbox 3129 3455 3272 3497; x_wconf 89' lang='lat' dir='ltr'><strong>vero</strong></span> <span class='ocrx_word' id='word_1_656' title='bbox 3318 3440 3617 3498; x_wconf 84' lang='lat' dir='ltr'><strong>dixerunt.</strong></span> 
     </span>
    </p>
   </div>
   <div class='ocr_carea' id='block_1_91' title="bbox 1968 3529 3621 3609">
    <p class='ocr_par' dir='ltr' id='par_1_91' title="bbox 1968 3529 3621 3609">
     <span class='ocr_line' id='line_1_91' title="bbox 1968 3529 3621 3609; baseline -0.004 -17"><span class='ocrx_word' id='word_1_657' title='bbox 1968 3535 2412 3609; x_wconf 87' lang='lat' dir='ltr'><strong>generationem</strong></span> <span class='ocrx_word' id='word_1_658' title='bbox 2443 3533 2594 3596; x_wconf 87' lang='lat' dir='ltr'><strong>Jesu,</strong></span> <span class='ocrx_word' id='word_1_659' title='bbox 2629 3530 2818 3603; x_wconf 87' lang='lat' dir='ltr'><strong>ipsius</strong></span> <span class='ocrx_word' id='word_1_660' title='bbox 2846 3530 2908 3586; x_wconf 92' lang='lat' dir='ltr'><strong>in</strong></span> <span class='ocrx_word' id='word_1_661' title='bbox 2954 3530 3253 3586; x_wconf 90' lang='lat' dir='ltr'><strong>mundum</strong></span> <span class='ocrx_word' id='word_1_662' title='bbox 3282 3529 3621 3587; x_wconf 67' lang='lat' dir='ltr'><strong>descensio«</strong></span> 
     </span>
    </p>
   </div>
   <div class='ocr_carea' id='block_1_92' title="bbox 1968 3617 3473 3697">
    <p class='ocr_par' dir='ltr' id='par_1_92' title="bbox 1968 3617 3473 3697">
     <span class='ocr_line' id='line_1_92' title="bbox 1968 3617 3473 3697; baseline -0.005 -16"><span class='ocrx_word' id='word_1_663' title='bbox 1968 3641 2125 3683; x_wconf 81' lang='lat' dir='ltr'><strong>nem,</strong></span> <span class='ocrx_word' id='word_1_664' title='bbox 2152 3640 2273 3697; x_wconf 90' lang='lat' dir='ltr'><strong>quo</strong></span> <span class='ocrx_word' id='word_1_665' title='bbox 2302 3621 2487 3678; x_wconf 92' lang='lat' dir='ltr'><strong>modo</strong></span> <span class='ocrx_word' id='word_1_666' title='bbox 2519 3619 2789 3676; x_wconf 86' lang='lat' dir='ltr'><strong>videlicet</strong></span> <span class='ocrx_word' id='word_1_667' title='bbox 2813 3618 3003 3676; x_wconf 86' lang='lat' dir='ltr'><strong>factus</strong></span> <span class='ocrx_word' id='word_1_668' title='bbox 3034 3618 3108 3674; x_wconf 86' lang='lat' dir='ltr'><strong>sit</strong></span> <span class='ocrx_word' id='word_1_669' title='bbox 3134 3617 3226 3675; x_wconf 90' lang='lat' dir='ltr'><strong>vel</strong></span> <span class='ocrx_word' id='word_1_670' title='bbox 3276 3621 3473 3674; x_wconf 89' lang='lat' dir='ltr'><strong>natus.</strong></span> 
     </span>
    </p>
   </div>
   <div class='ocr_carea' id='block_1_93' title="bbox 2038 3705 3617 3780">
    <p class='ocr_par' dir='ltr' id='par_1_93' title="bbox 2038 3705 3617 3780">
     <span class='ocr_line' id='line_1_93' title="bbox 2038 3705 3617 3780; baseline -0.003 -12"><span class='ocrx_word' id='word_1_671' title='bbox 2038 3714 2184 3769; x_wconf 81' lang='lat' dir='ltr'><strong>Filii</strong></span> <span class='ocrx_word' id='word_1_672' title='bbox 2223 3711 2404 3768; x_wconf 87' lang='lat' dir='ltr'><strong>David</strong></span> <span class='ocrx_word' id='word_1_673' title='bbox 2432 3752 2445 3776; x_wconf 94' lang='lat'><strong>,</strong></span> <span class='ocrx_word' id='word_1_674' title='bbox 2475 3709 2587 3778; x_wconf 84' lang='lat' dir='ltr'><strong>ﬁlii</strong></span> <span class='ocrx_word' id='word_1_675' title='bbox 2600 3708 2928 3765; x_wconf 78' lang='lat' dir='ltr'><strong>Abraham.</strong></span> <span class='ocrx_word' id='word_1_676' title='bbox 2946 3705 3157 3762; x_wconf 89' lang='lat' dir='ltr'><strong>Filium</strong></span> <span class='ocrx_word' id='word_1_677' title='bbox 3172 3706 3418 3780; x_wconf 89' lang='lat' dir='ltr'><strong>quidem</strong></span> <span class='ocrx_word' id='word_1_678' title='bbox 3432 3707 3617 3764; x_wconf 88' lang='lat' dir='ltr'><strong>David</strong></span> 
     </span>
    </p>
   </div>
   <div class='ocr_carea' id='block_1_94' title="bbox 1966 3810 3616 3884">
    <p class='ocr_par' dir='ltr' id='par_1_94' title="bbox 1966 3810 3616 3884">
     <span class='ocr_line' id='line_1_94' title="bbox 1966 3810 3616 3884; baseline -0.005 -7"><span class='ocrx_word' id='word_1_679' title='bbox 1966 3818 2197 3877; x_wconf 88' lang='lat' dir='ltr'><strong>vocavit</strong></span> <span class='ocrx_word' id='word_1_680' title='bbox 2235 3815 2549 3879; x_wconf 89' lang='lat' dir='ltr'><strong>Christum,</strong></span> <span class='ocrx_word' id='word_1_681' title='bbox 2578 3813 2768 3868; x_wconf 87' lang='lat' dir='ltr'><strong>ﬁlium</strong></span> <span class='ocrx_word' id='word_1_682' title='bbox 2798 3827 2936 3868; x_wconf 88' lang='lat' dir='ltr'><strong>vero</strong></span> <span class='ocrx_word' id='word_1_683' title='bbox 2956 3810 3258 3868; x_wconf 79' lang='lat' dir='ltr'><strong>Abraham</strong></span> <span class='ocrx_word' id='word_1_684' title='bbox 3284 3812 3480 3884; x_wconf 88' lang='lat' dir='ltr'><strong>ipsum</strong></span> <span class='ocrx_word' id='word_1_685' title='bbox 3505 3813 3616 3870; x_wconf 86' lang='lat' dir='ltr'><strong>Da-</strong></span> 
     </span>
    </p>
   </div>
   <div class='ocr_carea' id='block_1_95' title="bbox 1967 3899 3615 3971">
    <p class='ocr_par' dir='ltr' id='par_1_95' title="bbox 1967 3899 3615 3971">
     <span class='ocr_line' id='line_1_95' title="bbox 1967 3899 3615 3971; baseline -0.004 -6"><span class='ocrx_word' id='word_1_686' title='bbox 1967 3907 2064 3965; x_wconf 86' lang='lat' dir='ltr'><strong>vid</strong></span> <span class='ocrx_word' id='word_1_687' title='bbox 2097 3922 2108 3961; x_wconf 93' lang='lat'>:</span> <span class='ocrx_word' id='word_1_688' title='bbox 2144 3904 2474 3962; x_wconf 88' lang='lat' dir='ltr'><strong>auditorum</strong></span> <span class='ocrx_word' id='word_1_689' title='bbox 2502 3904 2732 3957; x_wconf 89' lang='lat' dir='ltr'><strong>mentes</strong></span> <span class='ocrx_word' id='word_1_690' title='bbox 2764 3912 2998 3971; x_wconf 79' lang='lat' dir='ltr'><strong>erigens</strong></span> <span class='ocrx_word' id='word_1_691' title='bbox 3034 3899 3113 3955; x_wconf 92' lang='lat' dir='ltr'><strong>ad</strong></span> <span class='ocrx_word' id='word_1_692' title='bbox 3143 3899 3615 3971; x_wconf 89' lang='lat' dir='ltr'><strong>promissionum</strong></span> 
     </span>
    </p>
   </div>
   <div class='ocr_carea' id='block_1_96' title="bbox 1967 3986 3616 4060">
    <p class='ocr_par' dir='ltr' id='par_1_96' title="bbox 1967 3986 3616 4060">
     <span class='ocr_line' id='line_1_96' title="bbox 1967 3986 3616 4060; baseline -0.005 -7"><span class='ocrx_word' id='word_1_693' title='bbox 1967 3994 2339 4055; x_wconf 89' lang='lat' dir='ltr'><strong>memoriam.</strong></span> <span class='ocrx_word' id='word_1_694' title='bbox 2374 3991 2523 4048; x_wconf 90' lang='lat' dir='ltr'><strong>Olim</strong></span> <span class='ocrx_word' id='word_1_695' title='bbox 2552 3988 2707 4046; x_wconf 90' lang='lat' dir='ltr'><strong>enim</strong></span> <span class='ocrx_word' id='word_1_696' title='bbox 2737 3986 3098 4060; x_wconf 87' lang='lat' dir='ltr'><strong>promiserat</strong></span> <span class='ocrx_word' id='word_1_697' title='bbox 3126 3987 3289 4046; x_wconf 91' lang='lat' dir='ltr'><strong>Deus</strong></span> <span class='ocrx_word' id='word_1_698' title='bbox 3320 3987 3616 4045; x_wconf 71' lang='lat' dir='ltr'><strong>Abraham</strong></span> 
     </span>
    </p>
   </div>
   <div class='ocr_carea' id='block_1_97' title="bbox 1967 4075 3618 4151">
    <p class='ocr_par' dir='ltr' id='par_1_97' title="bbox 1967 4075 3618 4151">
     <span class='ocr_line' id='line_1_97' title="bbox 1967 4075 3618 4151; baseline -0.008 -6"><span class='ocrx_word' id='word_1_699' title='bbox 1967 4102 2037 4145; x_wconf 90' lang='lat' dir='ltr'><strong>ac</strong></span> <span class='ocrx_word' id='word_1_700' title='bbox 2065 4083 2244 4140; x_wconf 88' lang='lat' dir='ltr'><strong>David</strong></span> <span class='ocrx_word' id='word_1_701' title='bbox 2270 4098 2299 4137; x_wconf 81' lang='grc' dir='ltr'>θ</span> <span class='ocrx_word' id='word_1_702' title='bbox 2332 4080 2557 4138; x_wconf 90' lang='lat' dir='ltr'><strong>semine</strong></span> <span class='ocrx_word' id='word_1_703' title='bbox 2589 4078 2854 4151; x_wconf 88' lang='lat' dir='ltr'><strong>ipsorum</strong></span> <span class='ocrx_word' id='word_1_704' title='bbox 2881 4075 3249 4132; x_wconf 73' lang='lat' dir='ltr'><strong>nasciturum</strong></span> <span class='ocrx_word' id='word_1_705' title='bbox 3280 4090 3412 4133; x_wconf 91' lang='lat' dir='ltr'><strong>esse</strong></span> <span class='ocrx_word' id='word_1_706' title='bbox 3451 4076 3618 4133; x_wconf 88' lang='lat' dir='ltr'><strong>Chri-</strong></span> 
     </span>
    </p>
   </div>
   <div class='ocr_carea' id='block_1_98' title="bbox 1967 4164 3617 4238">
    <p class='ocr_par' dir='ltr' id='par_1_98' title="bbox 1967 4164 3617 4238">
     <span class='ocr_line' id='line_1_98' title="bbox 1967 4164 3617 4238; baseline -0.006 -7"><span class='ocrx_word' id='word_1_707' title='bbox 1967 4180 2143 4231; x_wconf 89' lang='lat' dir='ltr'><strong>stum.</strong></span> <span class='ocrx_word' id='word_1_708' title='bbox 2169 4174 2317 4227; x_wconf 91' lang='lat' dir='ltr'><strong>Cum</strong></span> <span class='ocrx_word' id='word_1_709' title='bbox 2347 4175 2547 4227; x_wconf 90' lang='lat' dir='ltr'><strong>autem</strong></span> <span class='ocrx_word' id='word_1_710' title='bbox 2577 4166 2876 4238; x_wconf 85' lang='lat' dir='ltr'><strong>auditores</strong></span> <span class='ocrx_word' id='word_1_711' title='bbox 2907 4169 3101 4222; x_wconf 90' lang='lat' dir='ltr'><strong>essent</strong></span> <span class='ocrx_word' id='word_1_712' title='bbox 3143 4164 3349 4233; x_wconf 86' lang='lat' dir='ltr'><strong>Judaei,</strong></span> <span class='ocrx_word' id='word_1_713' title='bbox 3374 4171 3436 4221; x_wconf 92' lang='lat' dir='ltr'><strong>ut</strong></span> <span class='ocrx_word' id='word_1_714' title='bbox 3466 4180 3617 4238; x_wconf 67' lang='lat' dir='ltr'><strong>pras-</strong></span> 
     </span>
    </p>
   </div>
   <div class='ocr_carea' id='block_1_99' title="bbox 1967 4253 3619 4330">
    <p class='ocr_par' dir='ltr' id='par_1_99' title="bbox 1967 4253 3619 4330">
     <span class='ocr_line' id='line_1_99' title="bbox 1967 4253 3619 4330; baseline -0.006 -10"><span class='ocrx_word' id='word_1_715' title='bbox 1967 4264 2247 4330; x_wconf 85' lang='lat' dir='ltr'><strong>diximus,</strong></span> <span class='ocrx_word' id='word_1_716' title='bbox 2280 4256 2714 4316; x_wconf 87' lang='lat' dir='ltr'><strong>noverantillas</strong></span> <span class='ocrx_word' id='word_1_717' title='bbox 2744 4253 3187 4327; x_wconf 89' lang='lat' dir='ltr'><strong>promissiones.</strong></span> <span class='ocrx_word' id='word_1_718' title='bbox 3216 4253 3482 4309; x_wconf 90' lang='lat' dir='ltr'><strong>Primum</strong></span> <span class='ocrx_word' id='word_1_719' title='bbox 3513 4270 3619 4311; x_wconf 90' lang='lat' dir='ltr'><strong>au-</strong></span> 
     </span>
    </p>
   </div>
   <div class='ocr_carea' id='block_1_100' title="bbox 1967 4341 3614 4420">
    <p class='ocr_par' dir='ltr' id='par_1_100' title="bbox 1967 4341 3614 4420">
     <span class='ocr_line' id='line_1_100' title="bbox 1967 4341 3614 4420; baseline -0.007 -10"><span class='ocrx_word' id='word_1_720' title='bbox 1967 4358 2083 4410; x_wconf 90' lang='lat' dir='ltr'><strong>tem</strong></span> <span class='ocrx_word' id='word_1_721' title='bbox 2111 4349 2295 4406; x_wconf 88' lang='lat' dir='ltr'><strong>David</strong></span> <span class='ocrx_word' id='word_1_722' title='bbox 2326 4346 2544 4420; x_wconf 90' lang='lat' dir='ltr'><strong>posuit,</strong></span> <span class='ocrx_word' id='word_1_723' title='bbox 2595 4344 2761 4418; x_wconf 90' lang='lat' dir='ltr'><strong>quod</strong></span> <span class='ocrx_word' id='word_1_724' title='bbox 2790 4343 2850 4398; x_wconf 94' lang='lat' dir='ltr'><strong>in</strong></span> <span class='ocrx_word' id='word_1_725' title='bbox 2882 4357 2982 4399; x_wconf 88' lang='lat' dir='ltr'><strong>ore</strong></span> <span class='ocrx_word' id='word_1_726' title='bbox 3012 4342 3284 4398; x_wconf 91' lang='lat' dir='ltr'><strong>omnium</strong></span> <span class='ocrx_word' id='word_1_727' title='bbox 3340 4341 3614 4410; x_wconf 88' lang='lat' dir='ltr'><strong>ferretur,</strong></span> 
     </span>
    </p>
   </div>
   <div class='ocr_carea' id='block_1_101' title="bbox 1967 4431 3618 4513">
    <p class='ocr_par' dir='ltr' id='par_1_101' title="bbox 1967 4431 3618 4513">
     <span class='ocr_line' id='line_1_101' title="bbox 1967 4431 3618 4513; baseline -0.007 -15"><span class='ocrx_word' id='word_1_728' title='bbox 1967 4444 2171 4513; x_wconf 90' lang='lat' dir='ltr'><strong>utpote</strong></span> <span class='ocrx_word' id='word_1_729' title='bbox 2203 4437 2487 4510; x_wconf 88' lang='lat' dir='ltr'><strong>propheta</strong></span> <span class='ocrx_word' id='word_1_730' title='bbox 2515 4448 2774 4504; x_wconf 87' lang='lat' dir='ltr'><strong>magnus</strong></span> <span class='ocrx_word' id='word_1_731' title='bbox 2803 4436 2859 4488; x_wconf 89' lang='lat' dir='ltr'><strong>et</strong></span> <span class='ocrx_word' id='word_1_732' title='bbox 2876 4434 3157 4504; x_wconf 86' lang='lat' dir='ltr'><strong>tanquam</strong></span> <span class='ocrx_word' id='word_1_733' title='bbox 3184 4446 3285 4487; x_wconf 87' lang='lat' dir='ltr'><strong>rex</strong></span> <span class='ocrx_word' id='word_1_734' title='bbox 3310 4431 3618 4500; x_wconf 86' lang='lat' dir='ltr'><strong>gloriosis-</strong></span> 
     </span>
    </p>
   </div>
   <div class='ocr_carea' id='block_1_102' title="bbox 1969 4519 3614 4599">
    <p class='ocr_par' dir='ltr' id='par_1_102' title="bbox 1969 4519 3614 4599">
     <span class='ocr_line' id='line_1_102' title="bbox 1969 4519 3614 4599; baseline -0.005 -13"><span class='ocrx_word' id='word_1_735' title='bbox 1969 4530 2145 4587; x_wconf 90' lang='lat' dir='ltr'><strong>simus</strong></span> <span class='ocrx_word' id='word_1_736' title='bbox 2176 4545 2192 4594; x_wconf 90' lang='lat'><strong><em>;</em></strong></span> <span class='ocrx_word' id='word_1_737' title='bbox 2225 4526 2450 4599; x_wconf 89' lang='lat' dir='ltr'><strong>quique</strong></span> <span class='ocrx_word' id='word_1_738' title='bbox 2501 4538 2625 4580; x_wconf 92' lang='lat' dir='ltr'><strong>non</strong></span> <span class='ocrx_word' id='word_1_739' title='bbox 2673 4525 2834 4578; x_wconf 87' lang='lat' dir='ltr'><strong>tanto</strong></span> <span class='ocrx_word' id='word_1_740' title='bbox 2894 4524 3030 4579; x_wconf 89' lang='lat' dir='ltr'><strong>ante</strong></span> <span class='ocrx_word' id='word_1_741' title='bbox 3061 4523 3321 4591; x_wconf 90' lang='lat' dir='ltr'><strong>tempore</strong></span> <span class='ocrx_word' id='word_1_742' title='bbox 3350 4519 3614 4577; x_wconf 89' lang='lat' dir='ltr'><strong>obiisset.</strong></span> 
     </span>
    </p>
   </div>
   <div class='ocr_carea' id='block_1_103' title="bbox 1968 4606 3615 4684">
    <p class='ocr_par' dir='ltr' id='par_1_103' title="bbox 1968 4606 3615 4684">
     <span class='ocr_line' id='line_1_103' title="bbox 1968 4606 3615 4684; baseline -0.005 -10"><span class='ocrx_word' id='word_1_743' title='bbox 1968 4616 2272 4674; x_wconf 86' lang='lat' dir='ltr'><strong>Abraham</strong></span> <span class='ocrx_word' id='word_1_744' title='bbox 2300 4619 2517 4682; x_wconf 88' lang='lat' dir='ltr'><strong>autem,</strong></span> <span class='ocrx_word' id='word_1_745' title='bbox 2540 4625 2884 4684; x_wconf 87' lang='lat' dir='ltr'><strong>quanquam</strong></span> <span class='ocrx_word' id='word_1_746' title='bbox 2906 4607 3155 4677; x_wconf 87' lang='lat' dir='ltr'><strong>insignis</strong></span> <span class='ocrx_word' id='word_1_747' title='bbox 3178 4606 3368 4671; x_wconf 85' lang='lat' dir='ltr'><strong>fuerit,</strong></span> <span class='ocrx_word' id='word_1_748' title='bbox 3396 4622 3615 4680; x_wconf 87' lang='lat' dir='ltr'><strong>nempe</strong></span> 
     </span>
    </p>
   </div>
   <div class='ocr_carea' id='block_1_104' title="bbox 1966 4694 3616 4780">
    <p class='ocr_par' dir='ltr' id='par_1_104' title="bbox 1966 4694 3616 4780">
     <span class='ocr_line' id='line_1_104' title="bbox 1966 4694 3616 4780; baseline -0.007 -16"><span class='ocrx_word' id='word_1_749' title='bbox 1966 4705 2603 4780; x_wconf 88' lang='lat' dir='ltr'><strong>patriarcha,attamen</strong></span> <span class='ocrx_word' id='word_1_750' title='bbox 2635 4716 2773 4755; x_wconf 92' lang='lat' dir='ltr'><strong>cum</strong></span> <span class='ocrx_word' id='word_1_751' title='bbox 2800 4702 2937 4755; x_wconf 88' lang='lat' dir='ltr'><strong>ante</strong></span> <span class='ocrx_word' id='word_1_752' title='bbox 2950 4696 3137 4752; x_wconf 89' lang='lat' dir='ltr'><strong>multa</strong></span> <span class='ocrx_word' id='word_1_753' title='bbox 3159 4694 3377 4751; x_wconf 72' lang='lat' dir='ltr'><strong>saecula</strong></span> <span class='ocrx_word' id='word_1_754' title='bbox 3406 4710 3437 4750; x_wconf 90' lang='lat' dir='ltr'><strong>e</strong></span> <span class='ocrx_word' id='word_1_755' title='bbox 3468 4696 3616 4752; x_wconf 89' lang='lat' dir='ltr'><strong>vivis</strong></span> 
     </span>
    </p>
   </div>
   <div class='ocr_carea' id='block_1_105' title="bbox 1968 4782 3616 4859">
    <p class='ocr_par' dir='ltr' id='par_1_105' title="bbox 1968 4782 3616 4859">
     <span class='ocr_line' id='line_1_105' title="bbox 1968 4782 3616 4859; baseline -0.008 -6"><span class='ocrx_word' id='word_1_756' title='bbox 1968 4794 2335 4859; x_wconf 85' lang='lat' dir='ltr'><strong>excessisset,</strong></span> <span class='ocrx_word' id='word_1_757' title='bbox 2385 4794 2549 4847; x_wconf 87' lang='lat' dir='ltr'><strong>tanta</strong></span> <span class='ocrx_word' id='word_1_758' title='bbox 2602 4787 2897 4843; x_wconf 89' lang='lat' dir='ltr'><strong>memoria</strong></span> <span class='ocrx_word' id='word_1_759' title='bbox 2942 4799 3066 4840; x_wconf 89' lang='lat' dir='ltr'><strong>non</strong></span> <span class='ocrx_word' id='word_1_760' title='bbox 3125 4782 3445 4839; x_wconf 88' lang='lat' dir='ltr'><strong>colebatur.</strong></span> <span class='ocrx_word' id='word_1_761' title='bbox 3499 4785 3616 4840; x_wconf 89' lang='lat' dir='ltr'><strong>Etsi</strong></span> 
     </span>
    </p>
   </div>
   <div class='ocr_carea' id='block_1_106' title="bbox 1967 4870 3617 4954">
    <p class='ocr_par' dir='ltr' id='par_1_106' title="bbox 1967 4870 3617 4954">
     <span class='ocr_line' id='line_1_106' title="bbox 1967 4870 3617 4954; baseline -0.017 -12"><span class='ocrx_word' id='word_1_762' title='bbox 1967 4886 2145 4942; x_wconf 89' lang='lat' dir='ltr'><strong>etiam</strong></span> <span class='ocrx_word' id='word_1_763' title='bbox 2173 4882 2405 4954; x_wconf 91' lang='lat' dir='ltr'><strong>utrique</strong></span> <span class='ocrx_word' id='word_1_764' title='bbox 2429 4875 2788 4951; x_wconf 89' lang='lat' dir='ltr'><strong>promiserit,</strong></span> <span class='ocrx_word' id='word_1_765' title='bbox 2828 4874 2903 4930; x_wconf 93' lang='lat' dir='ltr'><strong>de</strong></span> <span class='ocrx_word' id='word_1_766' title='bbox 2927 4872 3026 4928; x_wconf 90' lang='lat' dir='ltr'><strong>illo</strong></span> <span class='ocrx_word' id='word_1_767' title='bbox 3064 4876 3254 4929; x_wconf 89' lang='lat' dir='ltr'><strong>tamen</strong></span> <span class='ocrx_word' id='word_1_768' title='bbox 3308 4870 3477 4941; x_wconf 88' lang='lat' dir='ltr'><strong>quasi</strong></span> <span class='ocrx_word' id='word_1_769' title='bbox 3523 4886 3617 4927; x_wconf 71' lang='lat' dir='ltr'><strong>ve.</strong></span> 
     </span>
    </p>
   </div>
   <div class='ocr_carea' id='block_1_107' title="bbox 1968 4958 3613 5033">
    <p class='ocr_par' dir='ltr' id='par_1_107' title="bbox 1968 4958 3613 5033">
     <span class='ocr_line' id='line_1_107' title="bbox 1968 4958 3613 5033; baseline -0.009 0"><span class='ocrx_word' id='word_1_770' title='bbox 1968 4972 2198 5033; x_wconf 88' lang='lat' dir='ltr'><strong>tustiori</strong></span> <span class='ocrx_word' id='word_1_771' title='bbox 2228 4968 2510 5027; x_wconf 87' lang='lat' dir='ltr'><strong>silebatur</strong></span> <span class='ocrx_word' id='word_1_772' title='bbox 2540 4983 2557 5023; x_wconf 92' lang='lat'><strong><em>:</em></strong></span> <span class='ocrx_word' id='word_1_773' title='bbox 2588 4965 2699 5023; x_wconf 89' lang='lat' dir='ltr'><strong>hoc</strong></span> <span class='ocrx_word' id='word_1_774' title='bbox 2729 4965 2928 5021; x_wconf 90' lang='lat' dir='ltr'><strong>autem</strong></span> <span class='ocrx_word' id='word_1_775' title='bbox 2958 4964 3250 5033; x_wconf 89' lang='lat' dir='ltr'><strong>tanquam</strong></span> <span class='ocrx_word' id='word_1_776' title='bbox 3295 4958 3613 5018; x_wconf 88' lang='lat' dir='ltr'><strong>recentius.</strong></span> 
     </span>
    </p>
   </div>
   <div class='ocr_carea' id='block_1_108' title="bbox 2138 5097 2226 5153">
    <p class='ocr_par' dir='ltr' id='par_1_108' title="bbox 2138 5097 2226 5153">
     <span class='ocr_line' id='line_1_108' title="bbox 2138 5097 2226 5153; baseline 0 -1"><span class='ocrx_word' id='word_1_777' title='bbox 2138 5097 2226 5153; x_wconf 87' lang='grc'><strong>18.</strong></span> 
     </span>
    </p>
   </div>
   <div class='ocr_carea' id='block_1_109' title="bbox 1501 5224 2414 5296">
    <p class='ocr_par' dir='ltr' id='par_1_109' title="bbox 1501 5224 2414 5296">
     <span class='ocr_line' id='line_1_109' title="bbox 1501 5224 2414 5296; baseline -0.008 -4"><span class='ocrx_word' id='word_1_778' title='bbox 1501 5224 1725 5293; x_wconf 80' lang='lat' dir='ltr'><strong>Variae</strong></span> <span class='ocrx_word' id='word_1_779' title='bbox 1755 5225 2081 5296; x_wconf 86' lang='lat' dir='ltr'><strong>lectiones</strong></span> <span class='ocrx_word' id='word_1_780' title='bbox 2112 5228 2178 5291; x_wconf 87' lang='lat' dir='ltr'><strong>et</strong></span> <span class='ocrx_word' id='word_1_781' title='bbox 2213 5224 2414 5288; x_wconf 85' lang='lat' dir='ltr'><strong>notae.</strong></span> 
     </span>
    </p>
   </div>
   <div class='ocr_carea' id='block_1_110' title="bbox 334 5365 1864 5441">
    <p class='ocr_par' dir='ltr' id='par_1_110' title="bbox 334 5365 1864 5441">
     <span class='ocr_line' id='line_1_110' title="bbox 334 5365 1864 5441; baseline 0.003 -19"><span class='ocrx_word' id='word_1_782' title='bbox 334 5365 413 5438; x_wconf 87' lang='lat'><strong>(7)</strong></span> <span class='ocrx_word' id='word_1_783' title='bbox 445 5369 583 5441; x_wconf 84' lang='lat' dir='ltr'><strong>P_ost</strong></span> <span class='ocrx_word' id='word_1_784' title='bbox 617 5366 835 5429; x_wconf 84' lang='grc' dir='ltr'>καλέσας</span> <span class='ocrx_word' id='word_1_785' title='bbox 878 5366 1157 5441; x_wconf 88' lang='lat' dir='ltr'><strong>leguntur</strong></span> <span class='ocrx_word' id='word_1_786' title='bbox 1178 5366 1268 5441; x_wconf 85' lang='lat' dir='ltr'><strong>_in</strong></span> <span class='ocrx_word' id='word_1_787' title='bbox 1307 5365 1459 5441; x_wconf 69' lang='lat' dir='ltr'><strong>Cod.</strong></span> <span class='ocrx_word' id='word_1_788' title='bbox 1493 5368 1555 5441; x_wconf 82' lang='grc' dir='ltr'><strong>Β.</strong></span> <span class='ocrx_word' id='word_1_789' title='bbox 1610 5382 1702 5435; x_wconf 89' lang='lat' dir='ltr'><strong>ea,</strong></span> <span class='ocrx_word' id='word_1_790' title='bbox 1736 5382 1864 5441; x_wconf 70' lang='lat' dir='ltr'><strong>qum</strong></span> 
     </span>
    </p>
   </div>
   <div class='ocr_carea' id='block_1_111' title="bbox 270 5437 1867 5513">
    <p class='ocr_par' dir='ltr' id='par_1_111' title="bbox 270 5437 1867 5513">
     <span class='ocr_line' id='line_1_111' title="bbox 270 5437 1867 5513; baseline 0.003 -20"><span class='ocrx_word' id='word_1_791' title='bbox 270 5437 352 5494; x_wconf 86' lang='lat' dir='ltr'><strong>ex</strong></span> <span class='ocrx_word' id='word_1_792' title='bbox 381 5439 605 5496; x_wconf 90' lang='lat' dir='ltr'><strong>codicis</strong></span> <span class='ocrx_word' id='word_1_793' title='bbox 651 5443 721 5496; x_wconf 78' lang='grc' dir='ltr'><strong>Α.</strong></span> <span class='ocrx_word' id='word_1_794' title='bbox 759 5440 1024 5510; x_wconf 86' lang='lat' dir='ltr'><strong>margine</strong></span> <span class='ocrx_word' id='word_1_795' title='bbox 1054 5437 1237 5512; x_wconf 91' lang='lat' dir='ltr'><strong>paulo</strong></span> <span class='ocrx_word' id='word_1_796' title='bbox 1289 5442 1419 5511; x_wconf 89' lang='lat' dir='ltr'><strong>post</strong></span> <span class='ocrx_word' id='word_1_797' title='bbox 1446 5438 1543 5495; x_wconf 90' lang='lat' dir='ltr'><strong>hic</strong></span> <span class='ocrx_word' id='word_1_798' title='bbox 1609 5437 1867 5513; x_wconf 82' lang='lat' dir='ltr'><strong>ascripta</strong></span> 
     </span>
    </p>
   </div>
   <div class='ocr_carea' id='block_1_112' title="bbox 271 5516 1856 5655">
    <p class='ocr_par' dir='ltr' id='par_1_112' title="bbox 271 5516 1856 5655">
     <span class='ocr_line' id='line_1_112' title="bbox 271 5516 1856 5655; baseline 0.04 -28"><span class='ocrx_word' id='word_1_799' title='bbox 271 5516 430 5655; x_wconf 54' lang='lat' dir='ltr'><strong>“iii;</strong></span> <span class='ocrx_word' id='word_1_800' title='bbox 460 5585 530 5637; x_wconf 91' lang='grc' dir='ltr'>Τὸ</span> <span class='ocrx_word' id='word_1_801' title='bbox 561 5580 882 5640; x_wconf 88' lang='lat' dir='ltr'><strong>deleverim</strong></span> <span class='ocrx_word' id='word_1_802' title='bbox 909 5594 933 5655; x_wconf 87' lang='lat'><em>;</em></span> <span class='ocrx_word' id='word_1_803' title='bbox 962 5588 1111 5637; x_wconf 81' lang='grc' dir='ltr'>τοῦτο</span> <span class='ocrx_word' id='word_1_804' title='bbox 1156 5581 1341 5642; x_wconf 59' lang='lat' dir='ltr'><strong>habet</strong></span> <span class='ocrx_word' id='word_1_805' title='bbox 1377 5580 1674 5655; x_wconf 44' lang='grc' dir='ltr'><strong>(λυπεῖ’</strong></span> <span class='ocrx_word' id='word_1_806' title='bbox 1705 5585 1856 5642; x_wconf 62' lang='lat' dir='ltr'><strong>t°m°</strong></span> 
     </span>
    </p>
   </div>
   <div class='ocr_carea' id='block_1_113' title="bbox 1971 5362 2343 5427">
    <p class='ocr_par' dir='ltr' id='par_1_113' title="bbox 1971 5362 2343 5427">
     <span class='ocr_line' id='line_1_113' title="bbox 1971 5362 2343 5427; baseline -0.016 0"><span class='ocrx_word' id='word_1_807' title='bbox 1971 5367 2070 5427; x_wconf 88' lang='lat' dir='ltr'><strong>VII</strong></span> <span class='ocrx_word' id='word_1_808' title='bbox 2096 5380 2151 5427; x_wconf 81' lang='grc' dir='ltr'><strong>ι).</strong></span> <span class='ocrx_word' id='word_1_809' title='bbox 2182 5367 2250 5421; x_wconf 85' lang='lat'><strong>23</strong></span> <span class='ocrx_word' id='word_1_810' title='bbox 2281 5362 2343 5421; x_wconf 89' lang='lat' dir='ltr'><strong>C.</strong></span> 
     </span>
    </p>
   </div>
   <div class='ocr_carea' id='block_1_114' title="bbox 2047 5424 3087 5582">
    <p class='ocr_par' dir='ltr' id='par_1_114' title="bbox 2047 5424 3087 5582">
     <span class='ocr_line' id='line_1_114' title="bbox 2052 5424 3087 5511; baseline -0.013 -16"><span class='ocrx_word' id='word_1_811' title='bbox 2052 5424 2127 5511; x_wconf 11' lang='lat'><strong>’9)</strong></span> <span class='ocrx_word' id='word_1_812' title='bbox 2162 5434 2399 5492; x_wconf 88' lang='lat' dir='ltr'><strong>Inclusa</strong></span> <span class='ocrx_word' id='word_1_813' title='bbox 2421 5430 2483 5489; x_wconf 89' lang='lat' dir='ltr'><strong>in</strong></span> <span class='ocrx_word' id='word_1_814' title='bbox 2511 5427 2784 5499; x_wconf 84' lang='lat' dir='ltr'><strong>margine</strong></span> <span class='ocrx_word' id='word_1_815' title='bbox 2811 5424 2996 5485; x_wconf 85' lang='lat' dir='ltr'><strong>habet</strong></span> <span class='ocrx_word' id='word_1_816' title='bbox 3018 5426 3087 5483; x_wconf 81' lang='grc' dir='ltr'><strong>Α.</strong></span> 
     </span>
     <span class='ocr_line' id='line_1_115' title="bbox 2047 5439 2711 5582; baseline -0.018 -16"><span class='ocrx_word' id='word_1_817' title='bbox 2047 5439 2142 5582; x_wconf 59' lang='lat' dir='ltr'><strong>lio</strong></span> <span class='ocrx_word' id='word_1_818' title='bbox 2175 5508 2225 5581; x_wconf 87' lang='grc'><strong>1)</strong></span> <span class='ocrx_word' id='word_1_819' title='bbox 2255 5507 2361 5571; x_wconf 85' lang='grc' dir='ltr'>Τὰς</span> <span class='ocrx_word' id='word_1_820' title='bbox 2388 5501 2711 5578; x_wconf 68' lang='grc' dir='ltr'>ἐπαγγελίας.</span> 
     </span>
    </p>
   </div>
   <div class='ocr_carea' id='block_1_115' title="bbox 2078 5501 2711 5581">
    <p class='ocr_par' dir='ltr' id='par_1_115' title="bbox 2078 5501 2711 5581">
     <span class='ocr_line' id='line_1_116' title="bbox 2078 5501 2711 5581; baseline -0.009 -16"><span class='ocrx_word' id='word_1_821' title='bbox 2078 5501 2142 5565; x_wconf 75' lang='lat'><strong>1&#39;0</strong></span> <span class='ocrx_word' id='word_1_822' title='bbox 2175 5508 2225 5581; x_wconf 84' lang='grc'><strong>1)</strong></span> <span class='ocrx_word' id='word_1_823' title='bbox 2255 5507 2361 5571; x_wconf 82' lang='grc' dir='ltr'>Τὰς</span> <span class='ocrx_word' id='word_1_824' title='bbox 2388 5501 2711 5578; x_wconf 71' lang='grc' dir='ltr'>ἐπαγγελίας.</span> 
     </span>
    </p>
   </div>
  </div>
