4166 6314
497 309 602 367 H9

1849 301 2197 360 EUTHYMII
2230 299 2390 358 ZIGA
2398 299 2562 357 BENI

3746 297 3880 356 120

500 435 564 494 in
589 431 879 493 omnium
929 443 1030 490 ore
1083 429 1615 489 circumferebatur
1645 448 1658 488 :
1694 436 1933 504 prepter
1988 429 2154 503 quod

2276 431 2602 503 τεριεφέρετο.
2663 429 2750 481 Διὸ
2811 429 2900 480 καὶ
2961 425 3150 499 ἔλεγον·
3205 425 3298 480 οὐκ
3361 423 3416 479 ἔκ
3473 432 3565 479 τοῦ
3622 429 3878 499 σπέρμα-

503 525 684 582 etiam
725 521 1047 578 dicebant:
1081 520 1290 578 Nonne
1341 537 1372 577 e
1426 521 1652 577 semine
1713 520 1914 585 David,
1971 525 2026 576 et
2079 519 2154 575 de

505 613 805 672 Bethleem
831 610 1092 678 castello,
1143 610 1246 666 ubi
1299 613 1424 666 erat
1479 609 1679 676 David,
1733 615 2013 664 venturus
2066 611 2155 663 est

507 702 769 760 Christus
797 700 898 756 14?
946 701 1152 771 Itaque
1214 698 1413 754 nullus
1494 714 1634 754 eum
1713 698 1892 753 ﬁlium
1968 697 2156 753 Abra-

504 791 668 856 ham,
702 789 807 846 sed
851 804 1062 845 omnes
1089 787 1275 843 David
1305 787 1494 842 ﬁlium
1543 787 1859 843 vocabant.
1895 786 1989 842 Sic
2019 801 2156 856 ergo

509 879 582 936 ab
613 895 703 944 eo,
721 877 887 950 quod
905 877 1102 932 notius
1129 880 1254 932 erat
1277 875 1588 948 incipiens,
1640 876 1718 932 ad
1748 875 1808 931 id
1837 875 2004 948 quod
2032 878 2159 932 erat

507 968 819 1032 vetustius,
855 965 1139 1022 ascendit.

509 1135 518 1140 _
581 1077 798 1130 Verum
821 1072 1122 1128 Mattheeus
1152 1071 1421 1144 quidem,
1452 1087 1587 1127 cum
1623 1069 1697 1126 ad
1728 1086 1830 1126 eos
1868 1071 1966 1143 qui
1993 1085 2024 1126 e
2053 1070 2159 1126 cir-

515 1161 875 1240 cumcisione
887 1164 1076 1224 erant,
1096 1160 1396 1230 scriberet,
1411 1174 1534 1215 non
1552 1160 1750 1227 altius,
1766 1175 1953 1230 quam
1966 1173 2160 1230 usque

515 1253 595 1310 ad
611 1251 917 1307 Abraham
948 1248 1362 1320 genealogiam
1381 1249 1629 1314 reduxit,
1663 1248 1766 1304 sed
1781 1248 1857 1304 ab
1870 1248 1982 1303 hoc
2001 1263 2162 1303 sum-

515 1345 621 1415 pto
651 1338 965 1417 principio,
990 1353 1180 1411 usque
1194 1338 1268 1393 ad
1287 1338 1484 1409 ipsum
1525 1336 1816 1393 Christum
1839 1336 2158 1401 descendit,

517 1428 837 1494 ostendens
849 1427 1053 1497 solum,
1071 1427 1234 1498 quod
1257 1444 1287 1480 e
1309 1427 1534 1482 semine
1563 1426 1865 1482 Abraham
1903 1431 1958 1480 et
1983 1425 2166 1482 David

516 1522 698 1576 natus
725 1519 893 1582 esset,
925 1515 1258 1590 secundum
1278 1515 1576 1587 promissa
1600 1515 1678 1570 ad
1708 1514 1840 1569 illos
1870 1514 2043 1570 facta.
2076 1513 2166 1570 Ni-

516 1606 600 1664 hil
629 1605 790 1662 enim
819 1619 987 1675 aeque
1009 1603 1334 1660 delectabat
1356 1619 1478 1667 eos,
1502 1603 1606 1675 qui
1634 1618 1707 1658 ex
1731 1602 1949 1658 Iudaeis
1978 1601 2168 1658 credi-

517 1695 732 1750 derant
761 1709 778 1750 :
806 1695 986 1764 atque
1018 1691 1218 1748 audire
1247 1691 1412 1764 quod
1440 1707 1472 1747 e
1511 1692 1737 1748 semine
1763 1690 2065 1746 Abraham
2097 1705 2165 1746 ac

2258 537 2345 579 τος
2385 515 2572 586 Δαυίδ,
2621 521 2709 569 καὶ
2762 516 2863 570 ἀπὸ
2904 516 3129 588 Βηθλεὲμ
3165 523 3260 578 τῆς
3320 521 3520 588 κώμης,
3555 517 3682 569 ὅπου
3735 512 3799 574 ἧν
3842 517 3877 568 ὁ

2261 603 2449 671 Δαυῐδ,
2504 610 2716 679 ἔρχεται
2764 608 2790 657 ό
2838 610 3117 678 Χριστός,
3179 611 3280 659 Καὶ
3323 601 3494 665 οὐδεὶς
3541 605 3694 657 αὐτὸν
3743 607 3876 656 υίὸν

2257 694 2515 768 Ἀϐραὰμ,
2562 694 2689 747 ἀλλὰ
2730 696 2916 756 πάντες
2949 697 3058 746 υἱον
3107 691 3274 747 Δαυὶὸ
3305 692 3535 745 ἐκάλουν.
3580 693 3730 745 Οὕτω
3777 693 3873 765 (2)

2260 792 2385 855 γοῦν
2413 783 2512 835 ἀπὸ
2543 790 2634 836 τοῦ
2666 788 3058 859 γνωριμωτέραν
3089 782 3278 856 μᾶλλον
3318 782 3623 857 ἀρξάμενος,
3656 781 3738 836 ἐπὶ
3768 785 3873 835 τὸν

2261 874 2597 948 παλαιότερον
2627 872 2859 932 ἀνῆλθεν.

2337 1068 2492 1122 Ἀλλά
2540 1071 2804 1130 Ματθαῖος
2841 1071 2928 1141 μὲν
2982 1071 3113 1144 πρὸς
3142 1071 3259 1129 τοὺς
3289 1067 3344 1121 ἐκ
3400 1077 3683 1144 περιτομῆς
3735 1070 3879 1142 γρά-

2267 1179 2389 1230 φων,
2422 1158 2515 1210 οῦκ
2569 1157 2801 1232 ἀνωτέρω
2847 1164 2939 1210 τοῦ
2972 1157 3209 1231 (Αϐραὰμ
3262 1156 3489 1229 ἀνήγαγε
3536 1163 3629 1216 τὴν
3686 1177 3876 1229 γενεα-

2265 1247 2464 1317 λογίαν,
2560 1246 2666 1298 ἀλλ’
2753 1246 2853 1298 ἀπὸ
2931 1249 3119 1298 τούτου
3212 1245 3510 1320 ἀρξάμενος,
3611 1246 3874 1304 κατῆλθεν

2267 1337 2431 1409 ἄχρις
2472 1335 2630 1386 αὐτοῦ
2686 1342 2777 1386 τοῦ
2830 1341 3085 1408 Χριστοῦ,
3133 1331 3378 1386 δεικνύων
3431 1339 3606 1406 μόνον,
3672 1337 3752 1386 ὅτι
3810 1333 3872 1386 ἐκ

2272 1428 2558 1495 σπέρματος
2602 1422 2840 1495 ’Δϐραάμ
2884 1427 2974 1474 καὶ
3023 1419 3189 1475 Δαυῖδ
3239 1421 3548 1490 ἐϐλάστησε,
3587 1425 3721 1474 κατά
3769 1426 3874 1484 τὰς

2268 1515 2398 1585 πρὸς
2452 1511 2673 1572 ἐκείνους
2737 1511 3064 1583 ἐπαγγελίας.
3136 1508 3302 1564 Οὐδὲν
3355 1514 3455 1585 γὰρ
3530 1512 3694 1574 οὕτως
3748 1511 3874 1565 ἀνέ-

2269 1621 2402 1654 παυε
2448 1605 2567 1663 τοὺς
2622 1600 2674 1663 ἐξ
2731 1598 2999 1654 Ἰουδαίων
3053 1604 3479 1667 πεπιστευκότας,
3533 1603 3596 1661 ὡς
3657 1604 3715 1653 τὸ
3761 1622 3870 1674 μα-

2276 1693 2396 1756 θεῖν,
2462 1692 2541 1742 ὅτι
2587 1690 2644 1742 ἐκ
2698 1693 2992 1762 σπέρματος
3046 1689 3282 1764 Ἄϐραὰμ
3337 1694 3426 1741 καὶ
3484 1686 3651 1742 Δαυῖὸ
3723 1688 3783 1748 ἦν
3840 1693 3868 1743 ὁ

519 1781 708 1849 David
727 1786 908 1837 natus
930 1784 1086 1836 esset
1101 1779 1384 1845 Christus,
1401 1784 1605 1852 utpote
1635 1779 1739 1851 qui
1766 1779 1902 1834 inde
1934 1793 2167 1850 semper

2278 1783 2526 1852 Χριστὸς,
2587 1781 2656 1839 ὡς
2720 1778 2905 1830 ἐκεῖθεν
2977 1779 3132 1830 αὐτὸν
3209 1777 3288 1830 ἀεὶ
3344 1775 3762 1851 προσδοκῶντας.
3808 1779 3870 1831 Ὀ

517 1871 719 1943 ipsum
732 1872 1184 1940 exspectassent.
1217 1870 1401 1924 Lucas
1432 1884 1572 1924 vero
1589 1868 1763 1939 quasi
1779 1883 1884 1938 per
1903 1867 2168 1922 medium

519 1956 908 2030 Theophilum
927 1957 1099 2012 simul
1129 1957 1413 2012 omnibus
1441 1956 1689 2026 loquens
1713 1955 2011 2018 ﬁdelibus,
2041 1970 2171 2027 per-

521 2032 723 2103 fectam
755 2045 932 2101 tradit
957 2045 1398 2115 generationem
1428 2060 1439 2098 :
1471 2044 1699 2099 inferne
1713 2042 1907 2112 magis
1933 2044 2006 2098 ab
2035 2043 2170 2114 ipso

521 2135 810 2194 inchoans
841 2133 1086 2199 Christo,
1110 2136 1166 2189 et
1196 2132 1274 2188 ad
1300 2133 1500 2204 ipsum
1527 2147 1713 2204 usque
1740 2131 1933 2186 Adam
1965 2147 2167 2187 ascen-

523 2224 692 2293 dens,
711 2223 1242 2285 utdemonstraret,
1265 2220 1903 2292 quotgenerationibus
1931 2235 2172 2291 separa-

526 2316 620 2370 tus
659 2312 731 2368 sit
758 2326 953 2366 novus
982 2310 1176 2366 Adam
1206 2326 1242 2366 a
1269 2309 1471 2376 veteri,
1505 2314 1560 2366 et
1591 2324 1773 2380 super
1816 2312 1955 2381 quot
1983 2324 2172 2379 gene-

522 2400 780 2458 rationes
804 2398 1134 2469 regnaverit
1157 2402 1488 2470 peccatum.
1527 2397 1866 2455 Diﬂerentia
1886 2397 2064 2468 igitur
2083 2413 2168 2452 re-

521 2505 657 2563 rum
670 2476 1233 2558 démonstratarum,
1254 2487 1646 2544 differentiam
1659 2487 2170 2543 fecitdemonstra-

523 2578 778 2633 tionum.
813 2575 1118 2647 Siquidem
1162 2576 1465 2633 Matthzeus
1498 2576 1799 2632 Abraham
1830 2574 2168 2630 necessario

517 2655 741 2722 faciens
754 2665 1141 2731 mentionem,
1159 2665 1235 2720 ad
1249 2665 1354 2719 hoc
1368 2663 1579 2720 merito
1593 2663 1899 2719 descendit
1913 2665 1988 2719 ad
2005 2663 2166 2718 Chri-

519 2759 696 2820 stum,
715 2753 879 2825 cujus
894 2752 1247 2822 genealogia
1277 2752 1651 2808 describitur.
1681 2755 1862 2808 Lucas
1884 2767 2041 2818 vero,
2066 2752 2166 2823 qui

517 2842 596 2899 ad
617 2841 962 2913 hujusmodi
999 2841 1410 2896 necessitatem
1449 2840 1766 2895 mentionis
1796 2839 2046 2896 Abrahae
2075 2840 2165 2896 fa-

516 2923 740 2987 cienda
766 2946 888 2986 non
935 2928 1345 2993 inducebatur,
1403 2930 1738 2985 necessario
1763 2945 1799 2985 a
1825 2929 2050 2984 Christo
2076 2929 2164 2984 in-

2279 1864 2338 1919 δε
2369 1874 2595 1933 Λουκᾶς,
2640 1868 2747 1932 ἅτε,
2783 1865 2875 1919 διὰ
2902 1869 3064 1939 μέσου
3096 1874 3187 1918 τοῦ
3227 1866 3502 1938 Θεοφίλου,
3547 1875 3690 1939 κοινῇ
3731 1872 3873 1919 πᾶσι

2277 1963 2487 2016 πιστοῖς
2551 1952 2933 2028 διαλεγόμενος,
2991 1955 3196 2013 ὁλοτελῆ
3261 1963 3487 2008 ποιεῖται
3539 1959 3632 2013 τὴν
3691 1975 3873 2026 γενεα-

2279 2045 2472 2115 λογίαν,
2527 2046 2749 2096 κάτωθεν
2798 2043 2898 2096 ἀπὸ
2963 2052 3054 2096 τοῦ
3103 2051 3338 2116 Χριστοῦ
3395 2043 3582 2116 μᾶλλον
3640 2043 3871 2118 ἀρξάμε-

2279 2153 2381 2200 νος,
2441 2136 2526 2186 καὶ
2559 2131 2750 2194 ἀναϐὰς
2797 2135 2931 2205 ἄχρι
2980 2141 3071 2184 τοῦ
3103 2130 3294 2204 Ἀδὰμ,
3340 2135 3421 2184 ἱνα
3469 2129 3636 2205 δείξῃ,
3677 2137 3874 2194 πόσαις

2278 2241 2333 2274 τε
2388 2229 2584 2293 γενεαῖς
2642 2220 2942 2293 ἀφειστήκει
2993 2229 3084 2273 τοῦ
3143 2221 3366 2274 παλαιοῦ
3423 2223 3448 2272 ό
3499 2225 3608 2282 νέος
3665 2218 3871 2293 Ἀδὰμ,

2279 2316 2368 2363 καὶ
2426 2313 2599 2363 πόσων
2662 2319 2842 2382 γενεῶν
2897 2309 3228 2362 ἐϐασίλευσεν
3259 2312 3288 2367 ἡ
3346 2310 3594 2382 ἁμαρτία.
3636 2309 3693 2362 Ἠ
3752 2306 3874 2362 δια-

2281 2403 2413 2475 φορά
2469 2404 2639 2452 τοίνυν
2690 2407 2789 2451 τῶν
2845 2396 3292 2471 ἀποδεδειγμένων
3348 2400 3690 2472 πραγμάτων,
3747 2396 3872 2451 δια-

2280 2491 2436 2562 φορὰν
2519 2487 2729 2546 ἐποίησε
2803 2494 2890 2541 καὶ
2959 2496 3057 2540 τῶν
3113 2484 3450 2550 ἀποδείξεων.
3503 2487 3562 2540 Ὀ
3609 2491 3699 2560 μὲν
3767 2490 3870 2560 γὰρ

2278 2579 2546 2638 Ματθαίος
2640 2575 2934 2647 ἀναγκαίως
3017 2583 3110 2628 τοῦ
3188 2575 3425 2648 Ἃϐραὰμ
3506 2574 3866 2648 ἐπιμνησθεὶς,

2278 2666 2488 2728 εἰκότως
2539 2665 2639 2718 ἀπὸ
2683 2668 2868 2718 τούτου
2912 2667 3138 2718 κάτεισιν
3195 2664 3279 2717 ἐπὶ
3325 2667 3412 2717 τόν
3462 2665 3868 2737 γενεαλογούμε-

2279 2775 2360 2808 νον
2389 2759 2636 2828 Χριστόν·
2667 2756 2692 2806 ό
2725 2751 2784 2807 δὲ
2825 2759 3052 2820 Λουκᾶς,
3105 2758 3175 2826 μὴ
3231 2752 3385 2806 ἐλθὼν
3431 2754 3497 2814 εἰς
3545 2759 3731 2827 χρείαν
3773 2762 3872 2816 τῆς

2276 2848 2518 2904 τοιαύτης
2573 2848 2776 2916 μνήμης
2829 2846 2886 2895 τὸ
2952 2850 3043 2895 τοῦ
3098 2842 3356 2918 Ἀϐραὰμ,
3414 2844 3710 2914 ἀναγκαίως
3767 2841 3868 2894 ἀπὸ

2277 2941 2368 2985 τοῦ
2417 2940 2653 3007 Χριστοῦ
2712 2931 3008 3006 ἀρξάμενος,
3055 2929 3333 2984 ἀνεπόδισε
3544 2933 3758 2992 Σύνηθες
3812 2928 3871 2984 δε

515 3019 762 3086 choans,
789 3018 936 3090 quid
967 3018 1129 3089 apud
1153 3017 1428 3072 Hebraeos
1458 3021 1805 3073 consuetum
1838 3024 2006 3084 esset,
2036 3018 2162 3073 dili-

2276 3029 2379 3084 τοῖς
2444 3021 2716 3095 Ἑϐραίοις,
2787 3026 2876 3074 καὶ
2935 3025 2992 3074 τό
3046 3023 3182 3074 κατὰ
3234 3018 3594 3095 ἁναποδισμόν
3642 3019 3870 3094 γενεαλο-

518 3106 723 3179 genter
759 3105 1074 3179 inquisivit,
1120 3108 1176 3160 et
1217 3105 1388 3180 juxta
1429 3104 1491 3160 id
1529 3105 1694 3178 quod
1745 3105 2158 3179 inquisiverat,

520 3195 932 3268 genealogiam
961 3193 1282 3250 contexuit.
1326 3203 1331 3208 '

589 3306 754 3359 Vens.
786 3307 840 3360 2.
870 3299 1175 3357 Abraham
1203 3331 1274 3342 —
1291 3300 1510 3370 fratres
1535 3300 1677 3370 ejus.
1707 3303 1876 3360 Moris
1906 3306 2032 3359 erat
2057 3319 2162 3375 per

519 3406 719 3447 mares
749 3395 942 3446 texere
969 3387 1351 3458 genealogias
1380 3405 1395 3442 :
1421 3388 1510 3444 vir
1548 3390 1706 3446 enim
1733 3405 1939 3446 semen
1968 3390 2163 3447 infun—

517 3470 622 3552 dit,
650 3481 704 3533 et
727 3477 808 3533 ita
846 3475 1208 3549 principium
1230 3479 1316 3530 est
1340 3480 1396 3531 et
1418 3477 1584 3532 radix
1626 3477 1827 3548 prolis,
1868 3483 2163 3552 caputque

521 3565 798 3627 mulieris,
823 3569 884 3620 ut
909 3563 1461 3636 inquitApostolus:
1489 3565 1699 3621 mulier
1728 3572 1928 3623 autem
1957 3583 2164 3624 semen

520 3653 745 3720 fovens,
769 3650 1072 3708 enutriens
1099 3667 1171 3707 ac
1191 3652 1536 3725 coagulans,
1567 3655 1630 3710 in
1648 3655 2015 3727 adjutorium
2042 3657 2164 3714 viro

521 3741 664 3797 data
689 3745 793 3796 est.
821 3739 1032 3797 ludam
1065 3757 1198 3797 vero
1238 3758 1353 3814 prae
1384 3743 1520 3799 ﬁliis
1572 3743 1702 3800 aliis
1732 3745 1912 3802 Jacob
1944 3746 2161 3819 posuit,

519 3830 653 3886 licet
678 3829 1103 3902 primOgenitus
1135 3845 1254 3886 non
1285 3835 1456 3898 esset,
1485 3847 1555 3890 eo
1571 3833 1737 3906 quod
1775 3849 1846 3890 ex
1866 3835 2023 3890 tribu
2039 3835 2167 3906 ejus

522 3919 780 3976 Christus
811 3919 1214 3975 descenderet.
1247 3921 1383 3976 Cum
1409 3928 1607 3978 autem
1635 3923 1696 3980 in
1714 3909 2168 3994 generationum

522 4009 669 4065 serie
682 4024 839 4063 unus
854 4023 1089 4078 semper
1102 4008 1178 4063 ab
1192 4023 1556 4082 unoquoque
1571 4027 1879 4066 successor
1892 4017 2166 4082 ponatur:

509 4095 780 4153 .studiose
805 4094 1240 4150 observandum
1263 4099 1368 4160 est,
1395 4097 1640 4167 quando
1654 4097 1852 4167 plures
1876 4107 2173 4169 ponuntur

526 4197 894 4238 successores
920 4200 933 4251 ;
956 4196 1076 4235 non
1110 4181 1268 4236 enim
1297 4181 1520 4238 frustra
1545 4184 1805 4254 plurium
1832 4186 1904 4240 sit
1931 4186 2169 4254 additio,

2269 3117 2401 3184 γεῖν.

2341 3303 2578 3378 Ἀϐραὰμ
2653 3332 2724 3346 -
2797 3300 3062 3376 ἀδελφοὺς
3129 3303 3307 3360 αὐτοῦ.
3404 3303 3556 3366 ’Ἐθος
3649 3301 3730 3370 ἦν,
3827 3301 3885 3358 δε

2272 3393 2490 3469 ἀῤῥένων
2552 3395 2815 3447 ποιεῖσθαι
2870 3395 2964 3456 τὰς
3041 3392 3389 3466 γενεαλογίας.
3450 3392 3507 3446 Ὀ
3581 3391 3708 3465 ἀνὴρ
3768 3396 3867 3467 γὰρ

2276 3489 2494 3557 σπείρει,
2564 3487 2652 3535 καὶ
2717 3483 2862 3543 οὗτός
2919 3481 3058 3536 ἐστιν
3116 3481 3258 3556 ἀρχὴ
3319 3484 3408 3554 μὲν
3466 3485 3557 3534 καὶ
3605 3484 3735 3556 ῥίζα
3775 3490 3867 3535 τοῦ

2272 3575 2470 3643 τέκνου,
2517 3571 2707 3643 κεφαλή
2768 3569 2827 3624 δε
2874 3579 2968 3632 τῆς
2997 3576 3258 3642 γυναικός
3310 3573 3340 3629 ἡ
3385 3567 3443 3623 δὲ
3491 3576 3646 3642 γυνή,
3693 3574 3866 3644 ἐκτρέ-

2276 3679 2464 3733 φουσα,
2520 3665 2610 3712 καὶ
2654 3660 2942 3726 θάλπουσα,
3001 3665 3091 3711 καὶ
3141 3659 3471 3722 συναύξουσα
3517 3663 3573 3712 τό
3635 3665 3860 3734 σπέρμα,

2278 3749 2475 3823 βοηθὸς
2514 3745 2728 3802 δέδοται
2753 3757 2824 3819 τῷ
2874 3745 3044 3820 ἀνδρί.
3078 3751 3174 3801 Τόν
3207 3747 3410 3801 Ἰούδαν
3470 3745 3528 3801 δὲ
3585 3748 3870 3824 παρέλαϐεν

2277 3837 2379 3892 ἀπὸ
2410 3846 2507 3890 τῶν
2549 3837 2710 3890 ἄλλων
2749 3839 2872 3890 υἱῶν
2925 3845 3016 3889 τοῦ
3067 3835 3271 3906 Ἰακὼϐ,
3332 3842 3504 3890 καίτοι
3555 3843 3625 3910 μὴ
3673 3842 3872 3911 πρωτό-

2277 3947 2426 3980 τοκον
2475 3930 2614 3994 ὄντα,
2672 3928 2750 3978 ὃτι
2809 3925 2862 3977 ἐκ
2920 3933 3016 3988 τῆς
3087 3926 3248 3999 φυλῆς
3309 3926 3466 3978 αὐτοῦ
3537 3931 3789 3998 κατήγετο
3847 3928 3872 3978 ὁ

2281 4018 2534 4090 Χριστός.
2607 4016 2752 4067 Ἐπεὶ
2817 4011 2876 4067 δὲ
2931 4014 2978 4066 ἐν
3062 4016 3178 4075 ταῖς
3245 4014 3615 4088 γενεαλογίαις,
3673 4017 3741 4076 εἷς
3788 4015 3874 4089 ἀφ’

2283 4103 2504 4156 ἑκάστου
2559 4099 2822 4174 διάδοχος
2875 4103 2954 4156 ἀεὶ
3018 4105 3236 4170 τίθεται,
3293 4108 3704 4178 παρατηρητέον,
3757 4105 3876 4156 ἔνθα

2283 4189 2770 4262 παραλαμϐάνονται
2849 4191 3071 4259 πλείους,
3144 4194 3220 4244 ὅτι
3282 4192 3340 4244 ού
3407 4195 3575 4264 μάτην
3665 4195 3694 4251 ἡ
3778 4201 3877 4245 τόν

528 4269 632 4324 sed
659 4269 854 4324 statim
869 4283 1048 4323 causa
1061 4269 1424 4338 agnoscitur.
1457 4269 1725 4327 Fratrum
1754 4271 2047 4344 siquidem
2078 4277 2167 4331 Ju-

2286 4278 2526 4332 πλειόνων
2579 4283 2853 4354 προσθήκη
2931 4286 3154 4353 γέγονεν,
3231 4280 3342 4332 ἀλλ’
3421 4281 3564 4332 αἰτία
3612 4286 3695 4341 τίς
3740 4280 3878 4333 ἐστιν

527 4356 724 4414 daehic
741 4355 1250 4413 fecitmentionem
1276 4374 1287 4414 :
1318 4359 1456 4431 quia
1477 4375 1633 4415 unus
1667 4366 1791 4416 erat
1822 4364 2174 4421 lsraeliticus

527 4444 810 4518 populus,
845 4445 920 4500 ad
951 4445 1271 4501 duodecim
1328 4448 1560 4504 radices
1601 4449 1838 4516 relatus,
1891 4453 1992 4526 qui
2034 4459 2173 4510 sunt

528 4533 841 4590 duodecim
869 4532 972 4588 ﬁlii
1013 4535 1198 4590 Jacob
1231 4553 1246 4590 :
1275 4538 1328 4592 et
1371 4537 1646 4594 videntur
1690 4540 1866 4596 etiam
1902 4541 1963 4597 hi
2003 4543 2176 4614 quasi

529 4621 941 4695 progenitores
973 4621 1185 4680 Christi
1222 4627 1575 4698 nuncupari,
1635 4631 1924 4700 tanquam
1950 4633 2053 4703 qui
2083 4633 2177 4687 tri-

528 4711 722 4767 buum
742 4710 1033 4767 Israelitici
1061 4715 1290 4784 generis
1317 4715 1610 4789 principia
1632 4723 1788 4784 sunt,
1817 4734 1852 4775 a
1866 4735 1986 4793 quo
2000 4735 2176 4791 gene-

531 4803 696 4859 ratus
727 4803 816 4858 est
838 4801 1117 4859 Christus.

538 4990 546 4999 '
609 4988 653 5024 ¹¹
676 4988 838 5044 Joan.
870 4993 969 5056 v‘u,
1004 4989 1090 5046 42.

2287 4367 2469 4430 αὐτῆς,
2527 4369 2727 4422 Αὐτίκα
2785 4373 2883 4445 γὰρ
2941 4378 3039 4420 τῶν
3089 4366 3318 4441 ἀδελφῶν
3387 4369 3732 4442 ἐμνημόνευσε
3788 4377 3880 4423 τοῦ

2291 4454 2486 4523 Ἰούδα,
2539 4455 2678 4510 διότι
2753 4459 2800 4511 ἓν
2865 4461 3005 4520 ἔθνος
3061 4458 3172 4511 ἐστὶ
3235 4461 3292 4510 τό
3354 4459 3756 4532 Ἰσραηλιτικὸν,
3815 4459 3881 4520 εἰς

2291 4542 2501 4598 δώδεκα
2543 4547 2698 4620 ῥίζας
2739 4549 3131 4621 ἀναφερόμενον,
3175 4550 3364 4610 αἵτινές
3406 4548 3533 4600 εἰσιν
3574 4550 3621 4599 οἱ
3667 4545 3882 4601 δώδεκα

2289 4627 2392 4686 υἱοὶ
2425 4643 2510 4687 τοῦ
2550 4634 2754 4689 Ἰακὼϐ.
2807 4640 2901 4688 Καὶ
2933 4632 3151 4688 δοκοῦσι
3300 4642 3387 4688 καὶ
3441 4637 3588 4689 αὐτοὶ
3638 4640 3881 4710 πρόγονοι

2286 4723 2635 4798 χρηματίζειν
2705 4732 2794 4776 τοῦ
2858 4732 3111 4797 Χριστοῦ,

2287 4816 2466 4884 γένους
2531 4816 2666 4873 ὄντες
2726 4811 3006 4885 φύλαρχοί,
3095 4812 3148 4878 ἐξ

2291 4905 2388 4958 στη
2399 4919 2502 4956 σεν.

3195 4729 3260 4786 ὡς
3339 4732 3430 4777 τοῦ
3498 4724 3881 4799 Ἰσραηλιτικοῦ

3215 4813 3276 4867 οὗ
3355 4815 3380 4866 ό
3429 4816 3661 4890 Χριστὸς
3739 4812 3885 4866 ἐϐλά-

1775 5092 1999 5162 Variae
2031 5084 2354 5167 lectiones
2381 5103 2446 5164 et
2481 5105 2687 5164 notae.

607 5199 684 5342 ξε)
716 5202 840 5275 Γὰρ,
871 5199 1004 5258 loco
1032 5207 1177 5273 γοῦν.
1206 5205 1274 5257 Α.
1737 5255 1745 5264 .

632 5272 688 5342 3)
718 5273 981 5342 Hentenii
1015 5273 1204 5328 codex
1253 5273 1501 5331 fortasse
1528 5275 1623 5332 hic
1662 5292 1745 5334 σοι

632 5272 688 5342 3)
718 5272 982 5350 ῌεέηιθρῇ
1015 5272 1204 5350 codex
1253 5273 1501 5350 fortasse
1528 5275 1623 5332 hic
1662 5284 1978 5350 corruptus
2035 5285 2178 5337 erat.

538 5339 690 5398 Nati]
722 5339 1065 5422 ἀναποδίζειν
1090 5342 1556 5422 ςε-ῐαᾴναποδισμός,
1606 5349 1775 5422 quod
1802 5339 1905 5414 est,
1937 5353 2179 5422 regredi,

539 5427 848 5490 regressus,
880 5413 1556 5490 idireddiditinquifere,
1589 5413 1658 5474 ac
1689 5421 1737 5475 si
1763 5413 1962 5490 legerit
1994 5413 2186 5483 3cman

541 5485 644 5534 τείν
706 5482 1162 5562 θμάναζήτησις.
1223 5482 1523 5562 Sententia
1571 5494 1659 5562 est
1725 5482 2018 5562 expedita.
2072 5482 2185 5549 Sed

544 5555 849 5621 succurrit,
881 5555 1192 5628 deceptum
1224 5572 1352 5616 esse
1401 5559 1755 5617 Hentenium
1790 5555 2188 5636 bomonymia

2244 5208 2253 5219 ’
2291 5212 2476 5286 vocis.
2506 5212 2749 5286 Accepit
2789 5227 2897 5283 pro
2930 5211 3200 5286 ἐξετάζειν.
3257 5213 3402 5286 Vide
3453 5217 3796 5286 Harpocrat.
3829 5229 3887 5286 p.

2300 5285 2380 5337 14.
2416 5285 2495 5338 De
2535 5299 2596 5338 re
2643 5285 2852 5339 eadem
2885 5284 3095 5339 eodem
3131 5300 3311 5339 sensu
3358 5283 3691 5348 ἁναποδίζειν
3745 5283 3894 5342 dixit

2295 5355 2535 5422 Gregor.
2570 5357 2706 5428 Nae.
2741 5359 2844 5409 236
2871 5371 2883 5418 ;
2913 5371 3095 5425 quem
3127 5355 3324 5428 locum
3353 5357 3707 5428 Euthymius
3736 5357 3892 5412 vide-

2294 5429 2391 5501 tur
2447 5426 2799 5501 respexisse.
2862 5429 3007 5481 Nam
3066 5432 3118 5482 et
3178 5427 3259 5482 ibi
3329 5426 3558 5501 legitur,
3620 5432 3726 5490 νέος
3803 5433 3890 5480 καὶ

2296 5495 2514 5568 παλαιὸς
2548 5493 2744 5568 ῨΑὸάμ.

2297 5605 2306 5616 .
2367 5566 2443 5638 (4)
2481 5573 2582 5621 Καί
2602 5566 2815 5630 omittit
2845 5567 2911 5622 A.
