  <div class='ocr_page' id='page_1' title='image "/cluster/home/n/w/nwhite01/storage/ocr_20150623/129/mdp.39015061528470/068.png"; bbox 0 0 4166 6314; ppageno 0'>
   <div class='ocr_carea' id='block_1_1' title="bbox 222 366 1853 429">
    <p class='ocr_par' dir='ltr' id='par_1_1' title="bbox 222 367 1848 429">
     <span class='ocr_line' id='line_1_1' title="bbox 222 367 1848 429; baseline -0.004 0"><span class='ocrx_word' id='word_1_1' title='bbox 222 404 233 417; x_wconf 89' lang='lat'><strong>-</strong></span> <span class='ocrx_word' id='word_1_2' title='bbox 308 372 383 429; x_wconf 69' lang='grc'>121</span> <span class='ocrx_word' id='word_1_3' title='bbox 1279 370 1645 428; x_wconf 85' lang='lat' dir='ltr'>COMMENT.</span> <span class='ocrx_word' id='word_1_4' title='bbox 1686 367 1755 423; x_wconf 86' lang='lat' dir='ltr'>IN</span> <span class='ocrx_word' id='word_1_5' title='bbox 1795 367 1848 423; x_wconf 86' lang='grc' dir='ltr'>Μ</span> 
     </span>
    </p>
   </div>
   <div class='ocr_carea' id='block_1_2' title="bbox 1969 366 2643 429">
    <p class='ocr_par' dir='ltr' id='par_1_2' title="bbox 1969 366 2643 426">
     <span class='ocr_line' id='line_1_2' title="bbox 1969 366 2643 426; baseline 0.001 -3"><span class='ocrx_word' id='word_1_6' title='bbox 1969 366 2248 425; x_wconf 71' lang='grc' dir='ltr'>ΓΗᾸΞΗΜ.</span> <span class='ocrx_word' id='word_1_7' title='bbox 2299 400 2366 409; x_wconf 88' lang='lat'><strong>-</strong></span> <span class='ocrx_word' id='word_1_8' title='bbox 2405 368 2559 425; x_wconf 81' lang='lat' dir='ltr'>CAP.</span> <span class='ocrx_word' id='word_1_9' title='bbox 2601 369 2643 426; x_wconf 89' lang='grc' dir='ltr'><strong>Ι.</strong></span> 
     </span>
    </p>
   </div>
   <div class='ocr_carea' id='block_1_3' title="bbox 1680 478 3608 571">
    <p class='ocr_par' dir='ltr' id='par_1_3' title="bbox 1680 478 3608 571">
     <span class='ocr_line' id='line_1_3' title="bbox 1680 478 3608 571; baseline 0.002 -22"><span class='ocrx_word' id='word_1_10' title='bbox 1680 494 1857 549; x_wconf 77' lang='grc' dir='ltr'>Γσαάκ</span> <span class='ocrx_word' id='word_1_11' title='bbox 1888 478 1935 549; x_wconf 80' lang='grc' dir='ltr'><strong>Α</strong></span> <span class='ocrx_word' id='word_1_12' title='bbox 2037 497 2118 568; x_wconf 58' lang='lat' dir='ltr'>ﬁ</span> <span class='ocrx_word' id='word_1_13' title='bbox 2144 494 2428 553; x_wconf 82' lang='lat' dir='ltr'>Abraham</span> <span class='ocrx_word' id='word_1_14' title='bbox 2458 496 2743 568; x_wconf 81' lang='lat' dir='ltr'>redditur,</span> <span class='ocrx_word' id='word_1_15' title='bbox 2766 498 3240 571; x_wconf 82' lang='lat' dir='ltr'>patergentium,</span> <span class='ocrx_word' id='word_1_16' title='bbox 3263 498 3429 555; x_wconf 88' lang='lat' dir='ltr'>Isaac</span> <span class='ocrx_word' id='word_1_17' title='bbox 3444 511 3608 561; x_wconf 87' lang='lat' dir='ltr'>vero,</span> 
     </span>
    </p>
   </div>
   <div class='ocr_carea' id='block_1_4' title="bbox 353 496 1632 573">
    <p class='ocr_par' dir='ltr' id='par_1_4' title="bbox 353 496 1632 573">
     <span class='ocr_line' id='line_1_4' title="bbox 353 496 1632 573; baseline -0.002 -22"><span class='ocrx_word' id='word_1_18' title='bbox 353 496 590 572; x_wconf 76' lang='grc' dir='ltr'>[Αϐραὰμ</span> <span class='ocrx_word' id='word_1_19' title='bbox 650 498 723 571; x_wconf 85' lang='lat'>(5)</span> <span class='ocrx_word' id='word_1_20' title='bbox 783 498 1137 573; x_wconf 72' lang='grc' dir='ltr'>ἑρμηνεύεται,</span> <span class='ocrx_word' id='word_1_21' title='bbox 1201 502 1373 573; x_wconf 82' lang='grc' dir='ltr'>πατήρ</span> <span class='ocrx_word' id='word_1_22' title='bbox 1433 496 1586 549; x_wconf 80' lang='grc' dir='ltr'>ἐθνῶν</span> <span class='ocrx_word' id='word_1_23' title='bbox 1621 516 1632 530; x_wconf 89' lang='grc'><strong>·</strong></span> 
     </span>
    </p>
   </div>
   <div class='ocr_carea' id='block_1_5' title="bbox 294 584 741 661">
    <p class='ocr_par' dir='ltr' id='par_1_5' title="bbox 294 584 741 661">
     <span class='ocr_line' id='line_1_5' title="bbox 294 584 741 661; baseline -0.002 -20"><span class='ocrx_word' id='word_1_24' title='bbox 294 584 359 656; x_wconf 74' lang='grc' dir='ltr'>δέ,</span> <span class='ocrx_word' id='word_1_25' title='bbox 379 590 535 661; x_wconf 80' lang='grc' dir='ltr'>χαρά,</span> <span class='ocrx_word' id='word_1_26' title='bbox 567 587 741 659; x_wconf 85' lang='grc' dir='ltr'>γέλως]</span> 
     </span>
    </p>
   </div>
   <div class='ocr_carea' id='block_1_6' title="bbox 348 674 1859 754">
    <p class='ocr_par' dir='ltr' id='par_1_6' title="bbox 348 674 1859 754">
     <span class='ocr_line' id='line_1_6' title="bbox 348 674 1859 754; baseline 0 -26"><span class='ocrx_word' id='word_1_27' title='bbox 348 674 531 737; x_wconf 80' lang='grc' dir='ltr'>Ἰούδας</span> <span class='ocrx_word' id='word_1_28' title='bbox 592 709 666 717; x_wconf 86' lang='grc'><strong>--</strong></span> <span class='ocrx_word' id='word_1_29' title='bbox 734 681 944 751; x_wconf 80' lang='grc' dir='ltr'>Θάμαρ,</span> <span class='ocrx_word' id='word_1_30' title='bbox 1005 680 1167 754; x_wconf 84' lang='grc' dir='ltr'>[Ζαρά</span> <span class='ocrx_word' id='word_1_31' title='bbox 1240 678 1317 749; x_wconf 88' lang='grc'>(6)</span> <span class='ocrx_word' id='word_1_32' title='bbox 1394 679 1535 730; x_wconf 78' lang='grc' dir='ltr'>ἐστιν</span> <span class='ocrx_word' id='word_1_33' title='bbox 1586 676 1801 735; x_wconf 83' lang='grc' dir='ltr'>άνατολή</span> <span class='ocrx_word' id='word_1_34' title='bbox 1840 699 1859 741; x_wconf 59' lang='grc' dir='ltr'>ζ</span> 
     </span>
    </p>
   </div>
   <div class='ocr_carea' id='block_1_7' title="bbox 282 762 1856 841">
    <p class='ocr_par' dir='ltr' id='par_1_7' title="bbox 282 762 1856 841">
     <span class='ocr_line' id='line_1_7' title="bbox 282 762 1856 841; baseline -0.002 -21"><span class='ocrx_word' id='word_1_35' title='bbox 282 769 421 839; x_wconf 69' lang='grc' dir='ltr'>Φαρὲς</span> <span class='ocrx_word' id='word_1_36' title='bbox 476 762 553 837; x_wconf 77' lang='grc' dir='ltr'>δὲ,</span> <span class='ocrx_word' id='word_1_37' title='bbox 610 771 862 839; x_wconf 85' lang='grc' dir='ltr'>μερισμός</span> <span class='ocrx_word' id='word_1_38' title='bbox 908 772 937 825; x_wconf 80' lang='grc' dir='ltr'><strong>ἤ</strong></span> <span class='ocrx_word' id='word_1_39' title='bbox 973 764 1225 825; x_wconf 73' lang='grc' dir='ltr'>διακοπὴ.</span> <span class='ocrx_word' id='word_1_40' title='bbox 1276 767 1426 819; x_wconf 63' lang='grc' dir='ltr'>ΑΟθεν</span> <span class='ocrx_word' id='word_1_41' title='bbox 1474 770 1557 818; x_wconf 79' lang='grc' dir='ltr'>καὶ</span> <span class='ocrx_word' id='word_1_42' title='bbox 1600 769 1647 819; x_wconf 86' lang='grc' dir='ltr'>οἱ</span> <span class='ocrx_word' id='word_1_43' title='bbox 1696 773 1856 841; x_wconf 79' lang='grc' dir='ltr'>Φαρι-</span> 
     </span>
    </p>
   </div>
   <div class='ocr_carea' id='block_1_8' title="bbox 280 856 1854 931">
    <p class='ocr_par' dir='ltr' id='par_1_8' title="bbox 280 856 1854 931">
     <span class='ocr_line' id='line_1_8' title="bbox 280 856 1854 931; baseline -0.001 -23"><span class='ocrx_word' id='word_1_44' title='bbox 280 861 424 920; x_wconf 86' lang='grc' dir='ltr'>σαῖοι,</span> <span class='ocrx_word' id='word_1_45' title='bbox 481 858 628 927; x_wconf 87' lang='grc' dir='ltr'>παρὰ</span> <span class='ocrx_word' id='word_1_46' title='bbox 692 860 749 908; x_wconf 84' lang='grc' dir='ltr'>τὸ</span> <span class='ocrx_word' id='word_1_47' title='bbox 803 856 1031 931; x_wconf 78' lang='grc' dir='ltr'>μερίζειν</span> <span class='ocrx_word' id='word_1_48' title='bbox 1102 860 1317 918; x_wconf 78' lang='grc' dir='ltr'>ἑαυτοὺς</span> <span class='ocrx_word' id='word_1_49' title='bbox 1373 862 1467 914; x_wconf 77' lang='grc' dir='ltr'>τήν</span> <span class='ocrx_word' id='word_1_50' title='bbox 1513 864 1611 907; x_wconf 84' lang='grc' dir='ltr'>τῶν</span> <span class='ocrx_word' id='word_1_51' title='bbox 1659 856 1854 909; x_wconf 75' lang='grc' dir='ltr'>πολλῶν</span> 
     </span>
    </p>
   </div>
   <div class='ocr_carea' id='block_1_9' title="bbox 274 944 566 1018">
    <p class='ocr_par' dir='ltr' id='par_1_9' title="bbox 274 944 566 1018">
     <span class='ocr_line' id='line_1_9' title="bbox 274 944 566 1018; baseline 0.01 -22"><span class='ocrx_word' id='word_1_52' title='bbox 274 944 566 1018; x_wconf 74' lang='grc' dir='ltr'>ἓπιμιξίας.]</span> 
     </span>
    </p>
   </div>
   <div class='ocr_carea' id='block_1_10' title="bbox 336 1030 1851 1110">
    <p class='ocr_par' dir='ltr' id='par_1_10' title="bbox 336 1030 1851 1110">
     <span class='ocr_line' id='line_1_10' title="bbox 336 1030 1851 1110; baseline 0.001 -25"><span class='ocrx_word' id='word_1_53' title='bbox 336 1033 390 1085; x_wconf 84' lang='grc' dir='ltr'><strong>Ὀ</strong></span> <span class='ocrx_word' id='word_1_54' title='bbox 460 1030 687 1098; x_wconf 84' lang='grc' dir='ltr'>Ἰούδας,</span> <span class='ocrx_word' id='word_1_55' title='bbox 760 1038 999 1110; x_wconf 80' lang='grc' dir='ltr'>τέταρτος</span> <span class='ocrx_word' id='word_1_56' title='bbox 1076 1037 1165 1108; x_wconf 67' lang='grc' dir='ltr'>μὲν</span> <span class='ocrx_word' id='word_1_57' title='bbox 1218 1032 1279 1094; x_wconf 79' lang='grc' dir='ltr'>ἧν</span> <span class='ocrx_word' id='word_1_58' title='bbox 1342 1038 1453 1096; x_wconf 87' lang='grc' dir='ltr'>υίὸς</span> <span class='ocrx_word' id='word_1_59' title='bbox 1506 1041 1600 1087; x_wconf 85' lang='grc' dir='ltr'>τοῦ</span> <span class='ocrx_word' id='word_1_60' title='bbox 1648 1034 1851 1106; x_wconf 80' lang='grc' dir='ltr'>Ἰακώϐ,</span> 
     </span>
    </p>
   </div>
   <div class='ocr_carea' id='block_1_11' title="bbox 276 1119 1855 1199">
    <p class='ocr_par' dir='ltr' id='par_1_11' title="bbox 276 1119 1855 1199">
     <span class='ocr_line' id='line_1_11' title="bbox 276 1119 1855 1199; baseline 0.001 -27"><span class='ocrx_word' id='word_1_61' title='bbox 276 1121 406 1174; x_wconf 74' lang='grc' dir='ltr'>ἔλαϐε</span> <span class='ocrx_word' id='word_1_62' title='bbox 452 1122 529 1192; x_wconf 84' lang='grc'>(7)</span> <span class='ocrx_word' id='word_1_63' title='bbox 583 1119 664 1188; x_wconf 72' lang='grc' dir='ltr'>δε,</span> <span class='ocrx_word' id='word_1_64' title='bbox 724 1129 817 1181; x_wconf 77' lang='grc' dir='ltr'>τήν</span> <span class='ocrx_word' id='word_1_65' title='bbox 886 1127 1067 1199; x_wconf 89' lang='grc' dir='ltr'>Θάμαρ</span> <span class='ocrx_word' id='word_1_66' title='bbox 1120 1128 1322 1197; x_wconf 77' lang='grc' dir='ltr'>νύμφην</span> <span class='ocrx_word' id='word_1_67' title='bbox 1385 1129 1457 1187; x_wconf 87' lang='grc' dir='ltr'>είς</span> <span class='ocrx_word' id='word_1_68' title='bbox 1526 1128 1608 1177; x_wconf 86' lang='grc' dir='ltr'>τὸν</span> <span class='ocrx_word' id='word_1_69' title='bbox 1652 1132 1855 1198; x_wconf 83' lang='grc' dir='ltr'>πρῶτον</span> 
     </span>
    </p>
   </div>
   <div class='ocr_carea' id='block_1_12' title="bbox 279 1210 1854 1285">
    <p class='ocr_par' dir='ltr' id='par_1_12' title="bbox 279 1210 1854 1285">
     <span class='ocr_line' id='line_1_12' title="bbox 279 1210 1854 1285; baseline 0.003 -25"><span class='ocrx_word' id='word_1_70' title='bbox 279 1210 443 1261; x_wconf 81' lang='grc' dir='ltr'>ἑαυτοῦ</span> <span class='ocrx_word' id='word_1_71' title='bbox 521 1215 638 1262; x_wconf 81' lang='grc' dir='ltr'>υίὸν</span> <span class='ocrx_word' id='word_1_72' title='bbox 696 1213 772 1281; x_wconf 87' lang='lat'>(8)</span> <span class='ocrx_word' id='word_1_73' title='bbox 823 1212 954 1285; x_wconf 77' lang='grc' dir='ltr'>’⁷Ηρ]</span> <span class='ocrx_word' id='word_1_74' title='bbox 1008 1234 1019 1246; x_wconf 91' lang='grc'><strong>·</strong></span> <span class='ocrx_word' id='word_1_75' title='bbox 1074 1216 1258 1265; x_wconf 87' lang='grc' dir='ltr'>τούτου</span> <span class='ocrx_word' id='word_1_76' title='bbox 1328 1210 1385 1265; x_wconf 68' lang='grc' dir='ltr'>δὲ</span> <span class='ocrx_word' id='word_1_77' title='bbox 1461 1212 1854 1274; x_wconf 73' lang='grc' dir='ltr'>τελευτήσαντος</span> 
     </span>
    </p>
   </div>
   <div class='ocr_carea' id='block_1_13' title="bbox 279 1296 1851 1375">
    <p class='ocr_par' dir='ltr' id='par_1_13' title="bbox 279 1296 1851 1375">
     <span class='ocr_line' id='line_1_13' title="bbox 279 1296 1851 1375; baseline 0.002 -26"><span class='ocrx_word' id='word_1_78' title='bbox 279 1296 505 1366; x_wconf 80' lang='grc' dir='ltr'>ἄπαιδος,</span> <span class='ocrx_word' id='word_1_79' title='bbox 556 1300 758 1362; x_wconf 69' lang='grc' dir='ltr'>ἔζευξεν</span> <span class='ocrx_word' id='word_1_80' title='bbox 812 1301 975 1359; x_wconf 70' lang='grc' dir='ltr'>αὐτην</span> <span class='ocrx_word' id='word_1_81' title='bbox 1036 1309 1107 1371; x_wconf 86' lang='grc' dir='ltr'>τῷ</span> <span class='ocrx_word' id='word_1_82' title='bbox 1167 1299 1390 1373; x_wconf 75' lang='grc' dir='ltr'>δευτέρῳ</span> <span class='ocrx_word' id='word_1_83' title='bbox 1449 1303 1528 1373; x_wconf 87' lang='grc'>(9)</span> <span class='ocrx_word' id='word_1_84' title='bbox 1584 1302 1802 1375; x_wconf 81' lang='grc' dir='ltr'>[Αύνάν]</span> <span class='ocrx_word' id='word_1_85' title='bbox 1838 1324 1851 1336; x_wconf 89' lang='grc'>·</span> 
     </span>
    </p>
   </div>
   <div class='ocr_carea' id='block_1_14' title="bbox 275 1385 1854 1461">
    <p class='ocr_par' dir='ltr' id='par_1_14' title="bbox 275 1385 1854 1461">
     <span class='ocr_line' id='line_1_14' title="bbox 275 1385 1854 1461; baseline 0.003 -23"><span class='ocrx_word' id='word_1_86' title='bbox 275 1392 354 1439; x_wconf 79' lang='grc' dir='ltr'>καὶ</span> <span class='ocrx_word' id='word_1_87' title='bbox 398 1390 584 1440; x_wconf 83' lang='grc' dir='ltr'>τούτου</span> <span class='ocrx_word' id='word_1_88' title='bbox 660 1385 720 1440; x_wconf 68' lang='grc' dir='ltr'>δε</span> <span class='ocrx_word' id='word_1_89' title='bbox 776 1390 967 1461; x_wconf 83' lang='grc' dir='ltr'>ὁμοίως</span> <span class='ocrx_word' id='word_1_90' title='bbox 1021 1391 1386 1453; x_wconf 77' lang='grc' dir='ltr'>ἀποθανόντος,</span> <span class='ocrx_word' id='word_1_91' title='bbox 1440 1392 1701 1461; x_wconf 80' lang='grc' dir='ltr'>ὑπέσχετο</span> <span class='ocrx_word' id='word_1_92' title='bbox 1766 1396 1854 1443; x_wconf 83' lang='grc' dir='ltr'>καὶ</span> 
     </span>
    </p>
   </div>
   <div class='ocr_carea' id='block_1_15' title="bbox 271 1476 1850 1552">
    <p class='ocr_par' dir='ltr' id='par_1_15' title="bbox 271 1476 1850 1552">
     <span class='ocr_line' id='line_1_15' title="bbox 271 1476 1850 1552; baseline 0.003 -26"><span class='ocrx_word' id='word_1_93' title='bbox 271 1478 348 1526; x_wconf 85' lang='grc' dir='ltr'>τόν</span> <span class='ocrx_word' id='word_1_94' title='bbox 384 1482 553 1548; x_wconf 82' lang='grc' dir='ltr'>τρίτον</span> <span class='ocrx_word' id='word_1_95' title='bbox 615 1478 746 1550; x_wconf 72' lang='grc' dir='ltr'>αὐτῇ</span> <span class='ocrx_word' id='word_1_96' title='bbox 784 1479 1015 1549; x_wconf 71' lang='grc' dir='ltr'>συνάψαι</span> <span class='ocrx_word' id='word_1_97' title='bbox 1047 1481 1159 1549; x_wconf 83' lang='grc'><strong>(10)</strong></span> <span class='ocrx_word' id='word_1_98' title='bbox 1207 1479 1459 1552; x_wconf 60' lang='grc' dir='ltr'>[Σηλώμ]</span> <span class='ocrx_word' id='word_1_99' title='bbox 1490 1478 1737 1541; x_wconf 77' lang='grc' dir='ltr'>Φοϐηθεὶς</span> <span class='ocrx_word' id='word_1_100' title='bbox 1773 1476 1850 1545; x_wconf 77' lang='grc' dir='ltr'>δὲ,</span> 
     </span>
    </p>
   </div>
   <div class='ocr_carea' id='block_1_16' title="bbox 272 1566 1850 1641">
    <p class='ocr_par' dir='ltr' id='par_1_16' title="bbox 272 1566 1850 1641">
     <span class='ocr_line' id='line_1_16' title="bbox 272 1566 1850 1641; baseline 0.004 -26"><span class='ocrx_word' id='word_1_101' title='bbox 272 1568 334 1635; x_wconf 81' lang='grc' dir='ltr'>μὴ</span> <span class='ocrx_word' id='word_1_102' title='bbox 386 1570 472 1617; x_wconf 85' lang='grc' dir='ltr'>καὶ</span> <span class='ocrx_word' id='word_1_103' title='bbox 521 1567 675 1628; x_wconf 83' lang='grc' dir='ltr'>οὖτος</span> <span class='ocrx_word' id='word_1_104' title='bbox 716 1567 865 1629; x_wconf 74' lang='grc' dir='ltr'>εὐθὺς</span> <span class='ocrx_word' id='word_1_105' title='bbox 898 1566 1152 1640; x_wconf 75' lang='grc' dir='ltr'>ἀποθάνῃ,</span> <span class='ocrx_word' id='word_1_106' title='bbox 1193 1571 1279 1620; x_wconf 85' lang='grc' dir='ltr'>τὸν</span> <span class='ocrx_word' id='word_1_107' title='bbox 1308 1570 1475 1640; x_wconf 84' lang='grc' dir='ltr'>γάμον</span> <span class='ocrx_word' id='word_1_108' title='bbox 1506 1570 1850 1641; x_wconf 75' lang='grc' dir='ltr'>ὑπερετίθετο.</span> 
     </span>
    </p>
   </div>
   <div class='ocr_carea' id='block_1_17' title="bbox 270 1650 1854 1731">
    <p class='ocr_par' dir='ltr' id='par_1_17' title="bbox 270 1650 1854 1731">
     <span class='ocr_line' id='line_1_17' title="bbox 270 1650 1854 1731; baseline 0.003 -27"><span class='ocrx_word' id='word_1_109' title='bbox 270 1653 318 1704; x_wconf 72' lang='grc' dir='ltr'><strong>Ἠ</strong></span> <span class='ocrx_word' id='word_1_110' title='bbox 369 1650 425 1705; x_wconf 77' lang='grc' dir='ltr'>δὲ</span> <span class='ocrx_word' id='word_1_111' title='bbox 470 1658 671 1726; x_wconf 76' lang='grc' dir='ltr'>νύμφη,</span> <span class='ocrx_word' id='word_1_112' title='bbox 727 1656 838 1707; x_wconf 90' lang='grc' dir='ltr'>λίαν</span> <span class='ocrx_word' id='word_1_113' title='bbox 894 1654 1224 1728; x_wconf 70' lang='grc' dir='ltr'>ἐπιθυμοῦσα</span> <span class='ocrx_word' id='word_1_114' title='bbox 1274 1661 1481 1731; x_wconf 80' lang='grc' dir='ltr'>σπέρμα</span> <span class='ocrx_word' id='word_1_115' title='bbox 1527 1656 1697 1709; x_wconf 78' lang='grc' dir='ltr'>λαϐεῖν</span> <span class='ocrx_word' id='word_1_116' title='bbox 1753 1658 1854 1709; x_wconf 83' lang='grc' dir='ltr'>άπὸ</span> 
     </span>
    </p>
   </div>
   <div class='ocr_carea' id='block_1_18' title="bbox 267 1741 1854 1819">
    <p class='ocr_par' dir='ltr' id='par_1_18' title="bbox 267 1741 1854 1819">
     <span class='ocr_line' id='line_1_18' title="bbox 267 1741 1854 1819; baseline 0.003 -27"><span class='ocrx_word' id='word_1_117' title='bbox 267 1748 348 1793; x_wconf 80' lang='grc' dir='ltr'>τοῦ</span> <span class='ocrx_word' id='word_1_118' title='bbox 400 1741 751 1816; x_wconf 77' lang='grc' dir='ltr'>Ἀϐραμιαίου</span> <span class='ocrx_word' id='word_1_119' title='bbox 818 1749 1014 1815; x_wconf 82' lang='grc' dir='ltr'>γένους,</span> <span class='ocrx_word' id='word_1_120' title='bbox 1096 1748 1165 1805; x_wconf 85' lang='grc' dir='ltr'>ὡς</span> <span class='ocrx_word' id='word_1_121' title='bbox 1241 1745 1481 1819; x_wconf 74' lang='grc' dir='ltr'>λαμπροῦ</span> <span class='ocrx_word' id='word_1_122' title='bbox 1564 1751 1650 1797; x_wconf 77' lang='grc' dir='ltr'>καὶ</span> <span class='ocrx_word' id='word_1_123' title='bbox 1717 1764 1854 1817; x_wconf 89' lang='grc' dir='ltr'>περι-</span> 
     </span>
    </p>
   </div>
   <div class='ocr_carea' id='block_1_19' title="bbox 267 1829 1855 1908">
    <p class='ocr_par' dir='ltr' id='par_1_19' title="bbox 267 1829 1855 1908">
     <span class='ocr_line' id='line_1_19' title="bbox 267 1829 1855 1908; baseline 0.003 -28"><span class='ocrx_word' id='word_1_124' title='bbox 267 1829 459 1895; x_wconf 78' lang='grc' dir='ltr'>ϐοήτου,</span> <span class='ocrx_word' id='word_1_125' title='bbox 528 1830 641 1884; x_wconf 82' lang='grc' dir='ltr'>ἐπεὶ</span> <span class='ocrx_word' id='word_1_126' title='bbox 715 1836 801 1884; x_wconf 86' lang='grc' dir='ltr'>τὸν</span> <span class='ocrx_word' id='word_1_127' title='bbox 872 1836 1111 1908; x_wconf 88' lang='grc' dir='ltr'>πενθερόν</span> <span class='ocrx_word' id='word_1_128' title='bbox 1189 1831 1392 1887; x_wconf 84' lang='grc' dir='ltr'>Ἰούδαν</span> <span class='ocrx_word' id='word_1_129' title='bbox 1466 1836 1855 1907; x_wconf 78' lang='grc' dir='ltr'>ὑπερτιθέμενον</span> 
     </span>
    </p>
   </div>
   <div class='ocr_carea' id='block_1_20' title="bbox 266 1920 1858 1996">
    <p class='ocr_par' dir='ltr' id='par_1_20' title="bbox 266 1920 1858 1996">
     <span class='ocr_line' id='line_1_20' title="bbox 266 1920 1858 1996; baseline 0.003 -26"><span class='ocrx_word' id='word_1_130' title='bbox 266 1920 402 1988; x_wconf 76' lang='grc' dir='ltr'>ἔγνω,</span> <span class='ocrx_word' id='word_1_131' title='bbox 458 1922 871 1992; x_wconf 75' lang='grc' dir='ltr'>κατασοφίζεται</span> <span class='ocrx_word' id='word_1_132' title='bbox 917 1929 1116 1987; x_wconf 82' lang='grc' dir='ltr'>τοῦτον,</span> <span class='ocrx_word' id='word_1_133' title='bbox 1165 1928 1255 1975; x_wconf 84' lang='grc' dir='ltr'>καὶ</span> <span class='ocrx_word' id='word_1_134' title='bbox 1303 1924 1604 1996; x_wconf 80' lang='grc' dir='ltr'>περιθεμένη</span> <span class='ocrx_word' id='word_1_135' title='bbox 1668 1931 1858 1994; x_wconf 85' lang='grc' dir='ltr'>σχῆμα</span> 
     </span>
    </p>
   </div>
   <div class='ocr_carea' id='block_1_21' title="bbox 264 2008 1858 2085">
    <p class='ocr_par' dir='ltr' id='par_1_21' title="bbox 264 2008 1858 2085">
     <span class='ocr_line' id='line_1_21' title="bbox 264 2008 1858 2085; baseline 0.004 -28"><span class='ocrx_word' id='word_1_136' title='bbox 264 2012 463 2080; x_wconf 80' lang='grc' dir='ltr'>πόρνης,</span> <span class='ocrx_word' id='word_1_137' title='bbox 521 2008 737 2061; x_wconf 83' lang='grc' dir='ltr'>ἐκάθισε</span> <span class='ocrx_word' id='word_1_138' title='bbox 801 2014 929 2085; x_wconf 82' lang='grc' dir='ltr'>πρὸς</span> <span class='ocrx_word' id='word_1_139' title='bbox 987 2018 1102 2073; x_wconf 88' lang='grc' dir='ltr'>ταῖς</span> <span class='ocrx_word' id='word_1_140' title='bbox 1156 2010 1346 2072; x_wconf 88' lang='grc' dir='ltr'>πύλαις</span> <span class='ocrx_word' id='word_1_141' title='bbox 1398 2020 1492 2072; x_wconf 87' lang='grc' dir='ltr'>τῆς</span> <span class='ocrx_word' id='word_1_142' title='bbox 1540 2011 1734 2073; x_wconf 85' lang='grc' dir='ltr'>πόλεως</span> <span class='ocrx_word' id='word_1_143' title='bbox 1772 2013 1858 2083; x_wconf 83' lang='grc' dir='ltr'>ἐγ-</span> 
     </span>
    </p>
   </div>
   <div class='ocr_carea' id='block_1_22' title="bbox 261 2096 1857 2171">
    <p class='ocr_par' dir='ltr' id='par_1_22' title="bbox 261 2096 1857 2171">
     <span class='ocr_line' id='line_1_22' title="bbox 261 2096 1857 2171; baseline 0.004 -26"><span class='ocrx_word' id='word_1_144' title='bbox 261 2096 619 2167; x_wconf 72' lang='grc' dir='ltr'>καλυψαμένη.</span> <span class='ocrx_word' id='word_1_145' title='bbox 698 2102 1018 2171; x_wconf 87' lang='grc' dir='ltr'>Θεασάμενος</span> <span class='ocrx_word' id='word_1_146' title='bbox 1095 2096 1153 2151; x_wconf 67' lang='grc' dir='ltr'>δὲ</span> <span class='ocrx_word' id='word_1_147' title='bbox 1224 2101 1418 2158; x_wconf 81' lang='grc' dir='ltr'>ταύτην</span> <span class='ocrx_word' id='word_1_148' title='bbox 1494 2098 1699 2161; x_wconf 80' lang='grc' dir='ltr'>Ἰούδας</span> <span class='ocrx_word' id='word_1_149' title='bbox 1768 2104 1857 2153; x_wconf 84' lang='grc' dir='ltr'>καὶ</span> 
     </span>
    </p>
   </div>
   <div class='ocr_carea' id='block_1_23' title="bbox 263 2182 1857 2262">
    <p class='ocr_par' dir='ltr' id='par_1_23' title="bbox 263 2182 1857 2262">
     <span class='ocr_line' id='line_1_23' title="bbox 263 2182 1857 2262; baseline 0.004 -28"><span class='ocrx_word' id='word_1_150' title='bbox 263 2182 542 2253; x_wconf 73' lang='grc' dir='ltr'>ἀγνοήσας,</span> <span class='ocrx_word' id='word_1_151' title='bbox 615 2186 823 2244; x_wconf 81' lang='grc' dir='ltr'>εἰσῆλθε</span> <span class='ocrx_word' id='word_1_152' title='bbox 879 2192 1007 2261; x_wconf 80' lang='grc' dir='ltr'>πρὸς</span> <span class='ocrx_word' id='word_1_153' title='bbox 1062 2189 1242 2253; x_wconf 67' lang='grc' dir='ltr'>αὐτὴν,</span> <span class='ocrx_word' id='word_1_154' title='bbox 1298 2192 1361 2249; x_wconf 85' lang='grc' dir='ltr'>ὡς</span> <span class='ocrx_word' id='word_1_155' title='bbox 1402 2189 1472 2250; x_wconf 85' lang='grc' dir='ltr'>εἰς</span> <span class='ocrx_word' id='word_1_156' title='bbox 1511 2193 1723 2262; x_wconf 79' lang='grc' dir='ltr'>πόρνην,</span> <span class='ocrx_word' id='word_1_157' title='bbox 1768 2194 1857 2242; x_wconf 84' lang='grc' dir='ltr'>καὶ</span> 
     </span>
    </p>
   </div>
   <div class='ocr_carea' id='block_1_24' title="bbox 264 2273 1855 2347">
    <p class='ocr_par' dir='ltr' id='par_1_24' title="bbox 264 2273 1855 2347">
     <span class='ocr_line' id='line_1_24' title="bbox 264 2273 1855 2347; baseline 0.005 -25"><span class='ocrx_word' id='word_1_158' title='bbox 264 2275 606 2347; x_wconf 69' lang='grc' dir='ltr'>σνμφθαρεὶς,</span> <span class='ocrx_word' id='word_1_159' title='bbox 668 2274 849 2345; x_wconf 76' lang='grc' dir='ltr'>ἔγκυον</span> <span class='ocrx_word' id='word_1_160' title='bbox 914 2273 1153 2346; x_wconf 78' lang='grc' dir='ltr'>διδύμων</span> <span class='ocrx_word' id='word_1_161' title='bbox 1206 2282 1391 2329; x_wconf 88' lang='grc' dir='ltr'>τέκνων</span> <span class='ocrx_word' id='word_1_162' title='bbox 1451 2276 1679 2335; x_wconf 82' lang='grc' dir='ltr'>ἐποίησε.</span> <span class='ocrx_word' id='word_1_163' title='bbox 1749 2286 1855 2331; x_wconf 90' lang='grc' dir='ltr'>Πα-</span> 
     </span>
    </p>
   </div>
   <div class='ocr_carea' id='block_1_25' title="bbox 260 2360 1858 2434">
    <p class='ocr_par' dir='ltr' id='par_1_25' title="bbox 260 2360 1858 2434">
     <span class='ocr_line' id='line_1_25' title="bbox 260 2360 1858 2434; baseline 0.006 -23"><span class='ocrx_word' id='word_1_164' title='bbox 260 2366 609 2434; x_wconf 74' lang='grc' dir='ltr'>ραγενομένων</span> <span class='ocrx_word' id='word_1_165' title='bbox 694 2360 753 2415; x_wconf 72' lang='grc' dir='ltr'>δὲ</span> <span class='ocrx_word' id='word_1_166' title='bbox 808 2374 907 2416; x_wconf 82' lang='grc' dir='ltr'>τῶν</span> <span class='ocrx_word' id='word_1_167' title='bbox 962 2361 1160 2417; x_wconf 81' lang='grc' dir='ltr'>ὡδινῶν</span> <span class='ocrx_word' id='word_1_168' title='bbox 1223 2365 1329 2418; x_wconf 84' lang='grc' dir='ltr'>ἐπεὶ</span> <span class='ocrx_word' id='word_1_169' title='bbox 1394 2370 1481 2418; x_wconf 84' lang='grc' dir='ltr'>τόν</span> <span class='ocrx_word' id='word_1_170' title='bbox 1543 2371 1704 2433; x_wconf 74' lang='grc' dir='ltr'>Φαρὲς</span> <span class='ocrx_word' id='word_1_171' title='bbox 1768 2373 1858 2420; x_wconf 85' lang='grc' dir='ltr'>καὶ</span> 
     </span>
    </p>
   </div>
   <div class='ocr_carea' id='block_1_26' title="bbox 261 2452 1858 2529">
    <p class='ocr_par' dir='ltr' id='par_1_26' title="bbox 261 2452 1858 2529">
     <span class='ocr_line' id='line_1_26' title="bbox 261 2452 1858 2529; baseline 0.006 -32"><span class='ocrx_word' id='word_1_172' title='bbox 261 2452 340 2498; x_wconf 86' lang='grc' dir='ltr'>τόν</span> <span class='ocrx_word' id='word_1_173' title='bbox 394 2454 546 2522; x_wconf 82' lang='grc' dir='ltr'>Ζαρὰ</span> <span class='ocrx_word' id='word_1_174' title='bbox 594 2456 786 2503; x_wconf 83' lang='grc' dir='ltr'>τίκτειν</span> <span class='ocrx_word' id='word_1_175' title='bbox 830 2453 1047 2525; x_wconf 81' lang='grc' dir='ltr'>ἔμελλεν,</span> <span class='ocrx_word' id='word_1_176' title='bbox 1093 2453 1326 2525; x_wconf 80' lang='grc' dir='ltr'>ἐξήνεγκε</span> <span class='ocrx_word' id='word_1_177' title='bbox 1385 2464 1584 2529; x_wconf 86' lang='grc' dir='ltr'>πρῶτος</span> <span class='ocrx_word' id='word_1_178' title='bbox 1634 2460 1658 2507; x_wconf 94' lang='grc' dir='ltr'>ό</span> <span class='ocrx_word' id='word_1_179' title='bbox 1713 2457 1858 2529; x_wconf 83' lang='grc' dir='ltr'>Ζαρά</span> 
     </span>
    </p>
   </div>
   <div class='ocr_carea' id='block_1_27' title="bbox 260 2540 1856 2617">
    <p class='ocr_par' dir='ltr' id='par_1_27' title="bbox 260 2540 1856 2617">
     <span class='ocr_line' id='line_1_27' title="bbox 260 2540 1856 2617; baseline 0.007 -31"><span class='ocrx_word' id='word_1_180' title='bbox 260 2540 349 2594; x_wconf 78' lang='grc' dir='ltr'>τὴν</span> <span class='ocrx_word' id='word_1_181' title='bbox 400 2546 569 2613; x_wconf 83' lang='grc' dir='ltr'>χεῖρα</span> <span class='ocrx_word' id='word_1_182' title='bbox 601 2561 614 2573; x_wconf 63' lang='grc' dir='ltr'>ι</span> <span class='ocrx_word' id='word_1_183' title='bbox 654 2542 765 2592; x_wconf 82' lang='grc' dir='ltr'>εἶτα</span> <span class='ocrx_word' id='word_1_184' title='bbox 805 2544 834 2599; x_wconf 79' lang='grc' dir='ltr'>ἡ</span> <span class='ocrx_word' id='word_1_185' title='bbox 874 2550 1006 2614; x_wconf 84' lang='grc' dir='ltr'>μαῖα</span> <span class='ocrx_word' id='word_1_186' title='bbox 1051 2544 1337 2615; x_wconf 84' lang='grc' dir='ltr'>θεασαμένη</span> <span class='ocrx_word' id='word_1_187' title='bbox 1392 2552 1559 2609; x_wconf 77' lang='grc' dir='ltr'>τοῦτο,</span> <span class='ocrx_word' id='word_1_188' title='bbox 1593 2549 1683 2596; x_wconf 85' lang='grc' dir='ltr'>καί</span> <span class='ocrx_word' id='word_1_189' title='bbox 1733 2544 1856 2617; x_wconf 84' lang='grc' dir='ltr'>βου-</span> 
     </span>
    </p>
   </div>
   <div class='ocr_carea' id='block_1_28' title="bbox 260 2622 1856 2706">
    <p class='ocr_par' dir='ltr' id='par_1_28' title="bbox 260 2622 1856 2706">
     <span class='ocr_line' id='line_1_28' title="bbox 260 2622 1856 2706; baseline 0.006 -32"><span class='ocrx_word' id='word_1_190' title='bbox 260 2622 476 2681; x_wconf 85' lang='grc' dir='ltr'>ληθεῖσα</span> <span class='ocrx_word' id='word_1_191' title='bbox 522 2634 783 2701; x_wconf 80' lang='grc' dir='ltr'>γνώριμον</span> <span class='ocrx_word' id='word_1_192' title='bbox 840 2640 1062 2689; x_wconf 81' lang='grc' dir='ltr'>ποιῆσαι</span> <span class='ocrx_word' id='word_1_193' title='bbox 1110 2636 1198 2683; x_wconf 87' lang='grc' dir='ltr'>τόν</span> <span class='ocrx_word' id='word_1_194' title='bbox 1246 2638 1595 2705; x_wconf 71' lang='grc' dir='ltr'>πρωτότοκον,</span> <span class='ocrx_word' id='word_1_195' title='bbox 1637 2640 1856 2706; x_wconf 79' lang='grc' dir='ltr'>κοκκίνῳ</span> 
     </span>
    </p>
   </div>
   <div class='ocr_carea' id='block_1_29' title="bbox 259 2714 1853 2795">
    <p class='ocr_par' dir='ltr' id='par_1_29' title="bbox 259 2714 1853 2795">
     <span class='ocr_line' id='line_1_29' title="bbox 259 2714 1853 2795; baseline 0.007 -31"><span class='ocrx_word' id='word_1_196' title='bbox 259 2717 349 2770; x_wconf 74' lang='grc' dir='ltr'>τὴν</span> <span class='ocrx_word' id='word_1_197' title='bbox 397 2714 758 2788; x_wconf 81' lang='grc' dir='ltr'>ἐξενεχθεῖσαν</span> <span class='ocrx_word' id='word_1_198' title='bbox 801 2716 962 2776; x_wconf 82' lang='grc' dir='ltr'>ἔδησε</span> <span class='ocrx_word' id='word_1_199' title='bbox 999 2727 1197 2795; x_wconf 84' lang='grc' dir='ltr'>χεῖρα·</span> <span class='ocrx_word' id='word_1_200' title='bbox 1255 2723 1320 2781; x_wconf 83' lang='grc' dir='ltr'>ὡς</span> <span class='ocrx_word' id='word_1_201' title='bbox 1370 2719 1428 2774; x_wconf 71' lang='grc' dir='ltr'>δὲ</span> <span class='ocrx_word' id='word_1_202' title='bbox 1478 2719 1654 2789; x_wconf 83' lang='grc' dir='ltr'>ἐδέθη,</span> <span class='ocrx_word' id='word_1_203' title='bbox 1709 2729 1853 2775; x_wconf 86' lang='grc' dir='ltr'>συνέ-</span> 
     </span>
    </p>
   </div>
   <div class='ocr_carea' id='block_1_30' title="bbox 261 2802 1855 2887">
    <p class='ocr_par' dir='ltr' id='par_1_30' title="bbox 261 2802 1855 2887">
     <span class='ocr_line' id='line_1_30' title="bbox 261 2802 1855 2887; baseline 0.008 -35"><span class='ocrx_word' id='word_1_204' title='bbox 261 2802 444 2855; x_wconf 88' lang='grc' dir='ltr'>στειλεν</span> <span class='ocrx_word' id='word_1_205' title='bbox 503 2805 670 2863; x_wconf 77' lang='grc' dir='ltr'>αὐτὴν</span> <span class='ocrx_word' id='word_1_206' title='bbox 699 2810 756 2858; x_wconf 86' lang='grc' dir='ltr'>τὸ</span> <span class='ocrx_word' id='word_1_207' title='bbox 796 2804 1027 2860; x_wconf 87' lang='grc' dir='ltr'>παιδίον·</span> <span class='ocrx_word' id='word_1_208' title='bbox 1083 2810 1426 2870; x_wconf 81' lang='grc' dir='ltr'>συσταλεισης</span> <span class='ocrx_word' id='word_1_209' title='bbox 1476 2808 1553 2877; x_wconf 71' lang='grc' dir='ltr'>δὲ,</span> <span class='ocrx_word' id='word_1_210' title='bbox 1604 2812 1855 2887; x_wconf 78' lang='grc' dir='ltr'>προῆλθεν</span> 
     </span>
    </p>
   </div>
   <div class='ocr_carea' id='block_1_31' title="bbox 262 2890 1851 2973">
    <p class='ocr_par' dir='ltr' id='par_1_31' title="bbox 262 2890 1851 2973">
     <span class='ocr_line' id='line_1_31' title="bbox 262 2890 1851 2973; baseline 0.009 -34"><span class='ocrx_word' id='word_1_211' title='bbox 262 2891 286 2939; x_wconf 87' lang='lat'>6</span> <span class='ocrx_word' id='word_1_212' title='bbox 322 2896 491 2966; x_wconf 76' lang='grc' dir='ltr'>Φαρὲς.</span> <span class='ocrx_word' id='word_1_213' title='bbox 548 2890 899 2967; x_wconf 82' lang='grc' dir='ltr'>εἶταὸΖαρα.</span> <span class='ocrx_word' id='word_1_214' title='bbox 956 2898 1016 2949; x_wconf 87' lang='lat' dir='ltr'>’lI</span> <span class='ocrx_word' id='word_1_215' title='bbox 1069 2902 1157 2969; x_wconf 84' lang='grc' dir='ltr'>μέν</span> <span class='ocrx_word' id='word_1_216' title='bbox 1211 2896 1297 2950; x_wconf 80' lang='grc' dir='ltr'>οὖν</span> <span class='ocrx_word' id='word_1_217' title='bbox 1353 2901 1559 2973; x_wconf 85' lang='grc' dir='ltr'>ἱστορία</span> <span class='ocrx_word' id='word_1_218' title='bbox 1614 2905 1851 2959; x_wconf 81' lang='grc' dir='ltr'>τοιαύτη.</span> 
     </span>
    </p>
   </div>
   <div class='ocr_carea' id='block_1_32' title="bbox 264 2976 1849 3062">
    <p class='ocr_par' dir='ltr' id='par_1_32' title="bbox 264 2976 1849 3062">
     <span class='ocr_line' id='line_1_32' title="bbox 264 2976 1849 3062; baseline 0.009 -34"><span class='ocrx_word' id='word_1_219' title='bbox 264 2976 352 3029; x_wconf 78' lang='grc' dir='ltr'>Ἦν</span> <span class='ocrx_word' id='word_1_220' title='bbox 391 2978 448 3032; x_wconf 79' lang='grc' dir='ltr'>δὲ</span> <span class='ocrx_word' id='word_1_221' title='bbox 479 2982 644 3050; x_wconf 85' lang='grc' dir='ltr'>εἰκὸς,</span> <span class='ocrx_word' id='word_1_222' title='bbox 690 2987 777 3035; x_wconf 86' lang='grc' dir='ltr'>τὸν</span> <span class='ocrx_word' id='word_1_223' title='bbox 826 2987 989 3059; x_wconf 61' lang='grc' dir='ltr'>Φαρὲς</span> <span class='ocrx_word' id='word_1_224' title='bbox 1037 2986 1349 3059; x_wconf 77' lang='grc' dir='ltr'>παραλαϐεῖν</span> <span class='ocrx_word' id='word_1_225' title='bbox 1392 2992 1544 3061; x_wconf 90' lang='grc' dir='ltr'>μόνον</span> <span class='ocrx_word' id='word_1_226' title='bbox 1589 2990 1655 3049; x_wconf 83' lang='grc' dir='ltr'>εἰς</span> <span class='ocrx_word' id='word_1_227' title='bbox 1689 3010 1849 3062; x_wconf 87' lang='grc' dir='ltr'>γενεα-</span> 
     </span>
    </p>
   </div>
   <div class='ocr_carea' id='block_1_33' title="bbox 265 3063 1853 3148">
    <p class='ocr_par' dir='ltr' id='par_1_33' title="bbox 265 3063 1853 3148">
     <span class='ocr_line' id='line_1_33' title="bbox 265 3063 1853 3148; baseline 0.009 -32"><span class='ocrx_word' id='word_1_228' title='bbox 265 3063 442 3137; x_wconf 77' lang='grc' dir='ltr'>λογίαν,</span> <span class='ocrx_word' id='word_1_229' title='bbox 490 3074 560 3131; x_wconf 83' lang='grc' dir='ltr'>ὡς</span> <span class='ocrx_word' id='word_1_230' title='bbox 601 3068 671 3123; x_wconf 80' lang='grc' dir='ltr'>δι’</span> <span class='ocrx_word' id='word_1_231' title='bbox 712 3072 870 3124; x_wconf 73' lang='grc' dir='ltr'>αὐτοῦ</span> <span class='ocrx_word' id='word_1_232' title='bbox 922 3071 1234 3145; x_wconf 77' lang='grc' dir='ltr'>βαδίζοντος</span> <span class='ocrx_word' id='word_1_233' title='bbox 1276 3084 1368 3128; x_wconf 72' lang='grc' dir='ltr'>τοῦ</span> <span class='ocrx_word' id='word_1_234' title='bbox 1422 3082 1599 3148; x_wconf 82' lang='grc' dir='ltr'>γένους</span> <span class='ocrx_word' id='word_1_235' title='bbox 1647 3078 1729 3130; x_wconf 83' lang='grc' dir='ltr'>ἐπὶ</span> <span class='ocrx_word' id='word_1_236' title='bbox 1769 3082 1853 3130; x_wconf 89' lang='grc' dir='ltr'>τόν</span> 
     </span>
    </p>
   </div>
   <div class='ocr_carea' id='block_1_34' title="bbox 261 3153 1853 3236">
    <p class='ocr_par' dir='ltr' id='par_1_34' title="bbox 261 3153 1853 3236">
     <span class='ocr_line' id='line_1_34' title="bbox 261 3153 1853 3236; baseline 0.009 -30"><span class='ocrx_word' id='word_1_237' title='bbox 261 3153 435 3208; x_wconf 78' lang='grc' dir='ltr'>Δαυίδο</span> <span class='ocrx_word' id='word_1_238' title='bbox 468 3166 560 3211; x_wconf 78' lang='grc' dir='ltr'>νῦν</span> <span class='ocrx_word' id='word_1_239' title='bbox 608 3156 666 3211; x_wconf 76' lang='grc' dir='ltr'>δὲ</span> <span class='ocrx_word' id='word_1_240' title='bbox 718 3166 807 3213; x_wconf 89' lang='grc' dir='ltr'>καί</span> <span class='ocrx_word' id='word_1_241' title='bbox 853 3166 937 3213; x_wconf 90' lang='grc' dir='ltr'>τόν</span> <span class='ocrx_word' id='word_1_242' title='bbox 992 3167 1133 3236; x_wconf 78' lang='grc' dir='ltr'>Ζαρὰ</span> <span class='ocrx_word' id='word_1_243' title='bbox 1168 3165 1407 3233; x_wconf 83' lang='grc' dir='ltr'>τέθείκεν,</span> <span class='ocrx_word' id='word_1_244' title='bbox 1450 3170 1513 3227; x_wconf 85' lang='grc' dir='ltr'>ὡς</span> <span class='ocrx_word' id='word_1_245' title='bbox 1555 3169 1714 3219; x_wconf 84' lang='grc' dir='ltr'>τύπον</span> <span class='ocrx_word' id='word_1_246' title='bbox 1762 3165 1853 3220; x_wconf 78' lang='grc' dir='ltr'>τού</span> 
     </span>
    </p>
   </div>
   <div class='ocr_carea' id='block_1_35' title="bbox 260 3248 1852 3326">
    <p class='ocr_par' dir='ltr' id='par_1_35' title="bbox 260 3248 1852 3326">
     <span class='ocr_line' id='line_1_35' title="bbox 260 3248 1852 3326; baseline 0.009 -31"><span class='ocrx_word' id='word_1_247' title='bbox 260 3249 632 3315; x_wconf 82' lang='grc' dir='ltr'>Χριστιανικοῦ</span> <span class='ocrx_word' id='word_1_248' title='bbox 704 3248 849 3303; x_wconf 83' lang='grc' dir='ltr'>λαοῦ.</span> <span class='ocrx_word' id='word_1_249' title='bbox 898 3250 956 3303; x_wconf 89' lang='grc' dir='ltr'>Ὁ</span> <span class='ocrx_word' id='word_1_250' title='bbox 1012 3252 1109 3324; x_wconf 73' lang='grc' dir='ltr'>γάρ</span> <span class='ocrx_word' id='word_1_251' title='bbox 1170 3257 1327 3326; x_wconf 76' lang='grc' dir='ltr'>Φαρὲς</span> <span class='ocrx_word' id='word_1_252' title='bbox 1399 3258 1556 3317; x_wconf 87' lang='grc' dir='ltr'>τύπος</span> <span class='ocrx_word' id='word_1_253' title='bbox 1617 3254 1677 3315; x_wconf 78' lang='grc' dir='ltr'>ἦν</span> <span class='ocrx_word' id='word_1_254' title='bbox 1761 3266 1852 3310; x_wconf 79' lang='grc' dir='ltr'>τοῦ</span> 
     </span>
    </p>
   </div>
   <div class='ocr_carea' id='block_1_36' title="bbox 258 3331 1850 3418">
    <p class='ocr_par' dir='ltr' id='par_1_36' title="bbox 258 3331 1850 3418">
     <span class='ocr_line' id='line_1_36' title="bbox 258 3331 1850 3418; baseline 0.009 -35"><span class='ocrx_word' id='word_1_255' title='bbox 258 3331 547 3405; x_wconf 75' lang='grc' dir='ltr'>Ἐϐραίκοῦ.</span> <span class='ocrx_word' id='word_1_256' title='bbox 623 3340 864 3413; x_wconf 79' lang='grc' dir='ltr'>Καθάπερ</span> <span class='ocrx_word' id='word_1_257' title='bbox 940 3342 1038 3414; x_wconf 83' lang='grc' dir='ltr'>γὰρ</span> <span class='ocrx_word' id='word_1_258' title='bbox 1091 3343 1115 3392; x_wconf 91' lang='lat'>6</span> <span class='ocrx_word' id='word_1_259' title='bbox 1174 3346 1338 3417; x_wconf 83' lang='grc' dir='ltr'>Ζαρὰ,</span> <span class='ocrx_word' id='word_1_260' title='bbox 1407 3352 1608 3418; x_wconf 77' lang='grc' dir='ltr'>πρῶτος</span> <span class='ocrx_word' id='word_1_261' title='bbox 1662 3346 1850 3418; x_wconf 78' lang='grc' dir='ltr'>ἐξενεγ-</span> 
     </span>
    </p>
   </div>
   <div class='ocr_carea' id='block_1_37' title="bbox 260 3423 1851 3499">
    <p class='ocr_par' dir='ltr' id='par_1_37' title="bbox 260 3423 1851 3499">
     <span class='ocr_line' id='line_1_37' title="bbox 260 3423 1851 3499; baseline 0.013 -30"><span class='ocrx_word' id='word_1_262' title='bbox 260 3423 355 3470; x_wconf 81' lang='grc' dir='ltr'>κὼν</span> <span class='ocrx_word' id='word_1_263' title='bbox 406 3428 501 3481; x_wconf 76' lang='grc' dir='ltr'>τὴν</span> <span class='ocrx_word' id='word_1_264' title='bbox 562 3432 740 3499; x_wconf 88' lang='grc' dir='ltr'>χεῖρα,</span> <span class='ocrx_word' id='word_1_265' title='bbox 806 3429 1095 3481; x_wconf 86' lang='grc' dir='ltr'>συνέστειλε</span> <span class='ocrx_word' id='word_1_266' title='bbox 1146 3434 1358 3497; x_wconf 89' lang='grc' dir='ltr'>ταύτην,</span> <span class='ocrx_word' id='word_1_267' title='bbox 1412 3435 1523 3485; x_wconf 83' lang='grc' dir='ltr'>εἶτα</span> <span class='ocrx_word' id='word_1_268' title='bbox 1579 3434 1851 3499; x_wconf 86' lang='grc' dir='ltr'>ἐξολισθή-</span> 
     </span>
    </p>
   </div>
   <div class='ocr_carea' id='block_1_38' title="bbox 263 3518 1847 3591">
    <p class='ocr_par' dir='ltr' id='par_1_38' title="bbox 263 3518 1847 3591">
     <span class='ocr_line' id='line_1_38' title="bbox 263 3518 1847 3591; baseline 0.016 -33"><span class='ocrx_word' id='word_1_269' title='bbox 263 3526 438 3572; x_wconf 77' lang='grc' dir='ltr'>σαντος</span> <span class='ocrx_word' id='word_1_270' title='bbox 486 3520 583 3563; x_wconf 78' lang='grc' dir='ltr'>τοῦ</span> <span class='ocrx_word' id='word_1_271' title='bbox 624 3518 804 3587; x_wconf 78' lang='grc' dir='ltr'>Φαρὲς,</span> <span class='ocrx_word' id='word_1_272' title='bbox 850 3522 968 3569; x_wconf 79' lang='grc' dir='ltr'>τότε</span> <span class='ocrx_word' id='word_1_273' title='bbox 1012 3523 1099 3570; x_wconf 88' lang='grc' dir='ltr'>καὶ</span> <span class='ocrx_word' id='word_1_274' title='bbox 1136 3520 1288 3580; x_wconf 73' lang='grc' dir='ltr'>αὐτὸς</span> <span class='ocrx_word' id='word_1_275' title='bbox 1335 3520 1538 3584; x_wconf 78' lang='grc' dir='ltr'>ἐξῆλθεν</span> <span class='ocrx_word' id='word_1_276' title='bbox 1592 3526 1847 3591; x_wconf 84' lang='grc' dir='ltr'>όλοτελὼς·</span> 
     </span>
    </p>
   </div>
   <div class='ocr_carea' id='block_1_39' title="bbox 259 3599 1851 3692">
    <p class='ocr_par' dir='ltr' id='par_1_39' title="bbox 259 3599 1851 3692">
     <span class='ocr_line' id='line_1_39' title="bbox 259 3599 1851 3692; baseline 0.015 -44"><span class='ocrx_word' id='word_1_277' title='bbox 259 3599 384 3692; x_wconf 73' lang='grc' dir='ltr'>οὕτω</span> <span class='ocrx_word' id='word_1_278' title='bbox 464 3606 561 3653; x_wconf 84' lang='grc' dir='ltr'>καὶ</span> <span class='ocrx_word' id='word_1_279' title='bbox 616 3611 708 3665; x_wconf 86' lang='grc' dir='ltr'>τῆς</span> <span class='ocrx_word' id='word_1_280' title='bbox 787 3605 1126 3677; x_wconf 69' lang='grc' dir='ltr'>εὐαγγελικῆς</span> <span class='ocrx_word' id='word_1_281' title='bbox 1192 3608 1478 3679; x_wconf 82' lang='grc' dir='ltr'>πολιτείας,</span> <span class='ocrx_word' id='word_1_282' title='bbox 1541 3620 1689 3689; x_wconf 83' lang='grc' dir='ltr'>μέρος</span> <span class='ocrx_word' id='word_1_283' title='bbox 1762 3624 1851 3692; x_wconf 72' lang='grc' dir='ltr'>μὲν</span> 
     </span>
    </p>
   </div>
   <div class='ocr_carea' id='block_1_40' title="bbox 3511 367 3612 426">
    <p class='ocr_par' dir='ltr' id='par_1_40' title="bbox 3511 367 3612 426">
     <span class='ocr_line' id='line_1_40' title="bbox 3511 367 3612 426; baseline -0.03 0"><span class='ocrx_word' id='word_1_284' title='bbox 3511 367 3612 426; x_wconf 73' lang='grc'>122</span> 
     </span>
    </p>
   </div>
   <div class='ocr_carea' id='block_1_41' title="bbox 1964 589 2471 658">
    <p class='ocr_par' dir='ltr' id='par_1_41' title="bbox 1964 589 2471 658">
     <span class='ocr_line' id='line_1_41' title="bbox 1964 589 2471 658; baseline -0.006 -15"><span class='ocrx_word' id='word_1_285' title='bbox 1964 589 2265 658; x_wconf 75' lang='lat' dir='ltr'>gaudium,</span> <span class='ocrx_word' id='word_1_286' title='bbox 2300 590 2471 643; x_wconf 83' lang='lat' dir='ltr'>risus.</span> 
     </span>
    </p>
   </div>
   <div class='ocr_carea' id='block_1_42' title="bbox 2038 674 3604 751">
    <p class='ocr_par' dir='ltr' id='par_1_42' title="bbox 2038 674 3604 751">
     <span class='ocr_line' id='line_1_42' title="bbox 2038 674 3604 751; baseline 0.001 -21"><span class='ocrx_word' id='word_1_287' title='bbox 2038 679 2207 733; x_wconf 73' lang='lat' dir='ltr'>Vens.</span> <span class='ocrx_word' id='word_1_288' title='bbox 2235 681 2285 733; x_wconf 90' lang='lat'>3.</span> <span class='ocrx_word' id='word_1_289' title='bbox 2311 678 2572 733; x_wconf 74' lang='lat' dir='ltr'>Judas—</span> <span class='ocrx_word' id='word_1_290' title='bbox 2602 693 2631 733; x_wconf 78' lang='grc' dir='ltr'>ε</span> <span class='ocrx_word' id='word_1_291' title='bbox 2659 677 2930 733; x_wconf 82' lang='lat' dir='ltr'>Thamar.</span> <span class='ocrx_word' id='word_1_292' title='bbox 2963 680 3048 751; x_wconf 62' lang='grc' dir='ltr'>Η·</span> <span class='ocrx_word' id='word_1_293' title='bbox 3085 674 3230 735; x_wconf 91' lang='lat' dir='ltr'>Zara</span> <span class='ocrx_word' id='word_1_294' title='bbox 3262 682 3348 734; x_wconf 92' lang='lat' dir='ltr'>est</span> <span class='ocrx_word' id='word_1_295' title='bbox 3379 678 3604 734; x_wconf 74' lang='lat' dir='ltr'>oriens:</span> 
     </span>
    </p>
   </div>
   <div class='ocr_carea' id='block_1_43' title="bbox 1965 767 3611 837">
    <p class='ocr_par' dir='ltr' id='par_1_43' title="bbox 1965 767 3611 837">
     <span class='ocr_line' id='line_1_43' title="bbox 1965 767 3611 837; baseline 0.001 -16"><span class='ocrx_word' id='word_1_296' title='bbox 1965 767 2177 822; x_wconf 83' lang='lat' dir='ltr'>Phares</span> <span class='ocrx_word' id='word_1_297' title='bbox 2194 767 2700 837; x_wconf 74' lang='lat' dir='ltr'>autem,separatio</span> <span class='ocrx_word' id='word_1_298' title='bbox 2713 768 3257 824; x_wconf 75' lang='lat' dir='ltr'>autdissectiande</span> <span class='ocrx_word' id='word_1_299' title='bbox 3272 769 3439 824; x_wconf 87' lang='lat' dir='ltr'>etiam</span> <span class='ocrx_word' id='word_1_300' title='bbox 3457 768 3611 823; x_wconf 88' lang='lat' dir='ltr'>Pha-</span> 
     </span>
    </p>
   </div>
   <div class='ocr_carea' id='block_1_44' title="bbox 1965 856 3605 930">
    <p class='ocr_par' dir='ltr' id='par_1_44' title="bbox 1965 856 3605 930">
     <span class='ocr_line' id='line_1_44' title="bbox 1965 856 3605 930; baseline 0 -18"><span class='ocrx_word' id='word_1_301' title='bbox 1965 857 2140 925; x_wconf 77' lang='lat' dir='ltr'>risaei,</span> <span class='ocrx_word' id='word_1_302' title='bbox 2157 856 2315 929; x_wconf 82' lang='lat' dir='ltr'>quod</span> <span class='ocrx_word' id='word_1_303' title='bbox 2332 872 2393 913; x_wconf 91' lang='lat' dir='ltr'>se</span> <span class='ocrx_word' id='word_1_304' title='bbox 2420 873 2453 912; x_wconf 87' lang='lat' dir='ltr'>a</span> <span class='ocrx_word' id='word_1_305' title='bbox 2468 856 2891 914; x_wconf 86' lang='lat' dir='ltr'>consuetudine</span> <span class='ocrx_word' id='word_1_306' title='bbox 2904 857 3290 914; x_wconf 82' lang='lat' dir='ltr'>multitudinis</span> <span class='ocrx_word' id='word_1_307' title='bbox 3304 860 3605 930; x_wconf 79' lang='lat' dir='ltr'>separant.</span> 
     </span>
    </p>
   </div>
   <div class='ocr_carea' id='block_1_45' title="bbox 2034 1036 3610 1108">
    <p class='ocr_par' dir='ltr' id='par_1_45' title="bbox 2034 1036 3610 1108">
     <span class='ocr_line' id='line_1_45' title="bbox 2034 1036 3610 1108; baseline 0.001 -16"><span class='ocrx_word' id='word_1_308' title='bbox 2034 1039 2060 1092; x_wconf 81' lang='lat' dir='ltr'><strong>J</strong></span> <span class='ocrx_word' id='word_1_309' title='bbox 2068 1037 2217 1092; x_wconf 89' lang='lat' dir='ltr'>udas</span> <span class='ocrx_word' id='word_1_310' title='bbox 2237 1040 2488 1101; x_wconf 84' lang='lat' dir='ltr'>quartus</span> <span class='ocrx_word' id='word_1_311' title='bbox 2516 1036 2620 1092; x_wconf 86' lang='lat' dir='ltr'>fuit</span> <span class='ocrx_word' id='word_1_312' title='bbox 2637 1036 2893 1092; x_wconf 88' lang='lat' dir='ltr'>ﬁliorum</span> <span class='ocrx_word' id='word_1_313' title='bbox 2914 1036 3118 1093; x_wconf 79' lang='lat' dir='ltr'>Jacob.</span> <span class='ocrx_word' id='word_1_314' title='bbox 3151 1036 3380 1108; x_wconf 86' lang='lat' dir='ltr'>Accepti</span> <span class='ocrx_word' id='word_1_315' title='bbox 3406 1040 3610 1094; x_wconf 91' lang='lat' dir='ltr'>autem</span> 
     </span>
    </p>
   </div>
   <div class='ocr_carea' id='block_1_46' title="bbox 1964 1124 3611 1198">
    <p class='ocr_par' dir='ltr' id='par_1_46' title="bbox 1964 1124 3611 1198">
     <span class='ocr_line' id='line_1_46' title="bbox 1964 1124 3611 1198; baseline -0.001 -17"><span class='ocrx_word' id='word_1_316' title='bbox 1964 1126 2364 1198; x_wconf 87' lang='lat' dir='ltr'>primogenito</span> <span class='ocrx_word' id='word_1_317' title='bbox 2391 1126 2511 1180; x_wconf 90' lang='lat' dir='ltr'>ﬁlio</span> <span class='ocrx_word' id='word_1_318' title='bbox 2535 1141 2642 1181; x_wconf 91' lang='lat' dir='ltr'>suo</span> <span class='ocrx_word' id='word_1_319' title='bbox 2675 1141 2961 1189; x_wconf 86' lang='lat' dir='ltr'>uxorem;</span> <span class='ocrx_word' id='word_1_320' title='bbox 2986 1141 3108 1198; x_wconf 92' lang='lat' dir='ltr'>quo</span> <span class='ocrx_word' id='word_1_321' title='bbox 3140 1126 3363 1196; x_wconf 85' lang='lat' dir='ltr'>absque</span> <span class='ocrx_word' id='word_1_322' title='bbox 3412 1124 3611 1179; x_wconf 92' lang='lat' dir='ltr'>liberis</span> 
     </span>
    </p>
   </div>
   <div class='ocr_carea' id='block_1_47' title="bbox 1965 1212 3611 1285">
    <p class='ocr_par' dir='ltr' id='par_1_47' title="bbox 1965 1212 3611 1285">
     <span class='ocr_line' id='line_1_47' title="bbox 1965 1212 3611 1285; baseline -0.001 -17"><span class='ocrx_word' id='word_1_323' title='bbox 1965 1213 2269 1279; x_wconf 88' lang='lat' dir='ltr'>defuncto,</span> <span class='ocrx_word' id='word_1_324' title='bbox 2298 1214 2494 1285; x_wconf 80' lang='lat' dir='ltr'>junxit</span> <span class='ocrx_word' id='word_1_325' title='bbox 2519 1229 2651 1269; x_wconf 90' lang='lat' dir='ltr'>eam</span> <span class='ocrx_word' id='word_1_326' title='bbox 2680 1214 2943 1269; x_wconf 91' lang='lat' dir='ltr'>secundo</span> <span class='ocrx_word' id='word_1_327' title='bbox 2973 1230 2985 1278; x_wconf 92' lang='lat'>;</span> <span class='ocrx_word' id='word_1_328' title='bbox 3010 1212 3123 1267; x_wconf 89' lang='lat' dir='ltr'>hoc</span> <span class='ocrx_word' id='word_1_329' title='bbox 3145 1216 3334 1267; x_wconf 89' lang='lat' dir='ltr'>autem</span> <span class='ocrx_word' id='word_1_330' title='bbox 3353 1212 3611 1267; x_wconf 81' lang='lat' dir='ltr'>similiter</span> 
     </span>
    </p>
   </div>
   <div class='ocr_carea' id='block_1_48' title="bbox 1966 1302 3605 1374">
    <p class='ocr_par' dir='ltr' id='par_1_48' title="bbox 1966 1302 3605 1374">
     <span class='ocr_line' id='line_1_48' title="bbox 1966 1302 3605 1374; baseline -0.002 -17"><span class='ocrx_word' id='word_1_331' title='bbox 1966 1302 2572 1374; x_wconf 88' lang='lat' dir='ltr'>mortuo,promisitse</span> <span class='ocrx_word' id='word_1_332' title='bbox 2588 1304 2814 1358; x_wconf 86' lang='lat' dir='ltr'>tertium</span> <span class='ocrx_word' id='word_1_333' title='bbox 2828 1302 3016 1357; x_wconf 85' lang='lat' dir='ltr'>ﬁlium</span> <span class='ocrx_word' id='word_1_334' title='bbox 3031 1302 3109 1357; x_wconf 87' lang='lat' dir='ltr'>illi</span> <span class='ocrx_word' id='word_1_335' title='bbox 3122 1302 3253 1371; x_wconf 87' lang='lat' dir='ltr'>conj</span> <span class='ocrx_word' id='word_1_336' title='bbox 3267 1306 3605 1356; x_wconf 89' lang='lat' dir='ltr'>uncturum.</span> 
     </span>
    </p>
   </div>
   <div class='ocr_carea' id='block_1_49' title="bbox 1966 1386 3610 1460">
    <p class='ocr_par' dir='ltr' id='par_1_49' title="bbox 1966 1386 3610 1460">
     <span class='ocr_line' id='line_1_49' title="bbox 1966 1386 3610 1460; baseline -0.002 -15"><span class='ocrx_word' id='word_1_337' title='bbox 1966 1392 2195 1445; x_wconf 83' lang='lat' dir='ltr'>Timens</span> <span class='ocrx_word' id='word_1_338' title='bbox 2228 1396 2427 1447; x_wconf 88' lang='lat' dir='ltr'>autem</span> <span class='ocrx_word' id='word_1_339' title='bbox 2462 1408 2535 1446; x_wconf 90' lang='lat' dir='ltr'>ne</span> <span class='ocrx_word' id='word_1_340' title='bbox 2561 1398 2611 1445; x_wconf 91' lang='lat' dir='ltr'>et</span> <span class='ocrx_word' id='word_1_341' title='bbox 2642 1391 2735 1446; x_wconf 91' lang='lat' dir='ltr'>hic</span> <span class='ocrx_word' id='word_1_342' title='bbox 2767 1392 2960 1445; x_wconf 82' lang='lat' dir='ltr'>statim</span> <span class='ocrx_word' id='word_1_343' title='bbox 2996 1395 3339 1455; x_wconf 85' lang='lat' dir='ltr'>moreretur,</span> <span class='ocrx_word' id='word_1_344' title='bbox 3368 1386 3610 1460; x_wconf 82' lang='lat' dir='ltr'>nuptias</span> 
     </span>
    </p>
   </div>
   <div class='ocr_carea' id='block_1_50' title="bbox 1964 1478 3611 1550">
    <p class='ocr_par' dir='ltr' id='par_1_50' title="bbox 1964 1478 3611 1550">
     <span class='ocr_line' id='line_1_50' title="bbox 1964 1478 3611 1550; baseline -0.002 -16"><span class='ocrx_word' id='word_1_345' title='bbox 1964 1478 2206 1535; x_wconf 84' lang='lat' dir='ltr'>distulit.</span> <span class='ocrx_word' id='word_1_346' title='bbox 2227 1479 2425 1534; x_wconf 86' lang='lat' dir='ltr'>Mulier</span> <span class='ocrx_word' id='word_1_347' title='bbox 2446 1495 2606 1547; x_wconf 90' lang='lat' dir='ltr'>vero,</span> <span class='ocrx_word' id='word_1_348' title='bbox 2631 1479 2877 1550; x_wconf 89' lang='lat' dir='ltr'>cupiens</span> <span class='ocrx_word' id='word_1_349' title='bbox 2896 1478 3278 1533; x_wconf 87' lang='lat' dir='ltr'>vehementer</span> <span class='ocrx_word' id='word_1_350' title='bbox 3303 1494 3373 1533; x_wconf 88' lang='lat' dir='ltr'>ex</span> <span class='ocrx_word' id='word_1_351' title='bbox 3396 1492 3611 1545; x_wconf 84' lang='lat' dir='ltr'>genere</span> 
     </span>
    </p>
   </div>
   <div class='ocr_carea' id='block_1_51' title="bbox 1964 1566 3608 1641">
    <p class='ocr_par' dir='ltr' id='par_1_51' title="bbox 1964 1566 3608 1641">
     <span class='ocr_line' id='line_1_51' title="bbox 1964 1566 3608 1641; baseline -0.001 -18"><span class='ocrx_word' id='word_1_352' title='bbox 1964 1568 2278 1633; x_wconf 85' lang='lat' dir='ltr'>Abraham,</span> <span class='ocrx_word' id='word_1_353' title='bbox 2308 1573 2509 1641; x_wconf 87' lang='lat' dir='ltr'>utpote</span> <span class='ocrx_word' id='word_1_354' title='bbox 2534 1568 2749 1623; x_wconf 89' lang='lat' dir='ltr'>celebri</span> <span class='ocrx_word' id='word_1_355' title='bbox 2764 1585 2831 1623; x_wconf 89' lang='lat' dir='ltr'>ac</span> <span class='ocrx_word' id='word_1_356' title='bbox 2854 1568 3160 1639; x_wconf 81' lang='lat' dir='ltr'>praeclaro,</span> <span class='ocrx_word' id='word_1_357' title='bbox 3179 1583 3385 1622; x_wconf 90' lang='lat' dir='ltr'>semen</span> <span class='ocrx_word' id='word_1_358' title='bbox 3426 1566 3608 1621; x_wconf 88' lang='lat' dir='ltr'>susci-</span> 
     </span>
    </p>
   </div>
   <div class='ocr_carea' id='block_1_52' title="bbox 1965 1654 3606 1730">
    <p class='ocr_par' dir='ltr' id='par_1_52' title="bbox 1965 1654 3606 1730">
     <span class='ocr_line' id='line_1_52' title="bbox 1965 1654 3606 1730; baseline -0.004 -18"><span class='ocrx_word' id='word_1_359' title='bbox 1965 1673 2122 1730; x_wconf 89' lang='lat' dir='ltr'>pere,</span> <span class='ocrx_word' id='word_1_360' title='bbox 2144 1658 2248 1713; x_wconf 88' lang='lat' dir='ltr'>ubi</span> <span class='ocrx_word' id='word_1_361' title='bbox 2275 1673 2548 1713; x_wconf 91' lang='lat' dir='ltr'>socerum</span> <span class='ocrx_word' id='word_1_362' title='bbox 2565 1657 2785 1711; x_wconf 88' lang='lat' dir='ltr'>Judam</span> <span class='ocrx_word' id='word_1_363' title='bbox 2818 1656 3177 1727; x_wconf 89' lang='lat' dir='ltr'>promissum</span> <span class='ocrx_word' id='word_1_364' title='bbox 3197 1655 3427 1711; x_wconf 85' lang='lat' dir='ltr'>differre</span> <span class='ocrx_word' id='word_1_365' title='bbox 3444 1654 3606 1723; x_wconf 85' lang='lat' dir='ltr'>vidit,</span> 
     </span>
    </p>
   </div>
   <div class='ocr_carea' id='block_1_53' title="bbox 1964 1744 3609 1819">
    <p class='ocr_par' dir='ltr' id='par_1_53' title="bbox 1964 1744 3609 1819">
     <span class='ocr_line' id='line_1_53' title="bbox 1964 1744 3609 1819; baseline -0.003 -16"><span class='ocrx_word' id='word_1_366' title='bbox 1964 1747 2078 1804; x_wconf 91' lang='lat' dir='ltr'>hoc</span> <span class='ocrx_word' id='word_1_367' title='bbox 2099 1751 2265 1819; x_wconf 87' lang='lat' dir='ltr'>pacto</span> <span class='ocrx_word' id='word_1_368' title='bbox 2291 1746 2460 1802; x_wconf 90' lang='lat' dir='ltr'>illum</span> <span class='ocrx_word' id='word_1_369' title='bbox 2486 1745 2731 1817; x_wconf 89' lang='lat' dir='ltr'>decepit.</span> <span class='ocrx_word' id='word_1_370' title='bbox 2776 1745 3053 1800; x_wconf 87' lang='lat' dir='ltr'>Habitum</span> <span class='ocrx_word' id='word_1_371' title='bbox 3098 1745 3257 1798; x_wconf 90' lang='lat' dir='ltr'>enim</span> <span class='ocrx_word' id='word_1_372' title='bbox 3312 1744 3488 1799; x_wconf 86' lang='lat' dir='ltr'>scorti</span> <span class='ocrx_word' id='word_1_373' title='bbox 3526 1744 3609 1798; x_wconf 89' lang='lat' dir='ltr'>in-</span> 
     </span>
    </p>
   </div>
   <div class='ocr_carea' id='block_1_54' title="bbox 1966 1831 3607 1905">
    <p class='ocr_par' dir='ltr' id='par_1_54' title="bbox 1966 1831 3607 1905">
     <span class='ocr_line' id='line_1_54' title="bbox 1966 1831 3607 1905; baseline -0.002 -15"><span class='ocrx_word' id='word_1_374' title='bbox 1966 1836 2130 1899; x_wconf 88' lang='lat' dir='ltr'>duta,</span> <span class='ocrx_word' id='word_1_375' title='bbox 2163 1840 2298 1891; x_wconf 87' lang='lat' dir='ltr'>ante</span> <span class='ocrx_word' id='word_1_376' title='bbox 2353 1839 2547 1905; x_wconf 89' lang='lat' dir='ltr'>portas</span> <span class='ocrx_word' id='word_1_377' title='bbox 2590 1832 2841 1888; x_wconf 83' lang='lat' dir='ltr'>civitatis</span> <span class='ocrx_word' id='word_1_378' title='bbox 2884 1836 3151 1887; x_wconf 88' lang='lat' dir='ltr'>contecta</span> <span class='ocrx_word' id='word_1_379' title='bbox 3187 1831 3369 1887; x_wconf 88' lang='lat' dir='ltr'>sedit:</span> <span class='ocrx_word' id='word_1_380' title='bbox 3404 1846 3607 1902; x_wconf 89' lang='lat' dir='ltr'>quam,</span> 
     </span>
    </p>
   </div>
   <div class='ocr_carea' id='block_1_55' title="bbox 1966 1921 3611 1992">
    <p class='ocr_par' dir='ltr' id='par_1_55' title="bbox 1966 1921 3611 1992">
     <span class='ocr_line' id='line_1_55' title="bbox 1966 1921 3611 1992; baseline -0.004 -11"><span class='ocrx_word' id='word_1_381' title='bbox 1966 1926 2175 1981; x_wconf 89' lang='lat' dir='ltr'>videns</span> <span class='ocrx_word' id='word_1_382' title='bbox 2195 1926 2397 1989; x_wconf 86' lang='lat' dir='ltr'>Judas,</span> <span class='ocrx_word' id='word_1_383' title='bbox 2422 1940 2530 1979; x_wconf 92' lang='lat' dir='ltr'>nec</span> <span class='ocrx_word' id='word_1_384' title='bbox 2557 1937 2908 1992; x_wconf 85' lang='lat' dir='ltr'>agnoscens,</span> <span class='ocrx_word' id='word_1_385' title='bbox 2932 1922 3236 1991; x_wconf 84' lang='lat' dir='ltr'>ingressus</span> <span class='ocrx_word' id='word_1_386' title='bbox 3265 1925 3349 1976; x_wconf 90' lang='lat' dir='ltr'>est</span> <span class='ocrx_word' id='word_1_387' title='bbox 3379 1921 3455 1975; x_wconf 91' lang='lat' dir='ltr'>ad</span> <span class='ocrx_word' id='word_1_388' title='bbox 3474 1936 3611 1975; x_wconf 89' lang='lat' dir='ltr'>eam</span> 
     </span>
    </p>
   </div>
   <div class='ocr_carea' id='block_1_56' title="bbox 1965 2009 3613 2086">
    <p class='ocr_par' dir='ltr' id='par_1_56' title="bbox 1965 2009 3613 2086">
     <span class='ocr_line' id='line_1_56' title="bbox 1965 2009 3613 2086; baseline -0.004 -16"><span class='ocrx_word' id='word_1_389' title='bbox 1965 2015 2139 2086; x_wconf 90' lang='lat' dir='ltr'>quasi</span> <span class='ocrx_word' id='word_1_390' title='bbox 2158 2015 2235 2069; x_wconf 90' lang='lat' dir='ltr'>ad</span> <span class='ocrx_word' id='word_1_391' title='bbox 2249 2018 2506 2069; x_wconf 85' lang='lat' dir='ltr'>scortum</span> <span class='ocrx_word' id='word_1_392' title='bbox 2530 2030 2544 2075; x_wconf 82' lang='lat'>:</span> <span class='ocrx_word' id='word_1_393' title='bbox 2567 2027 2702 2084; x_wconf 82' lang='lat' dir='ltr'>quae</span> <span class='ocrx_word' id='word_1_394' title='bbox 2734 2010 2996 2079; x_wconf 89' lang='lat' dir='ltr'>cognita,</span> <span class='ocrx_word' id='word_1_395' title='bbox 3016 2011 3317 2081; x_wconf 89' lang='lat' dir='ltr'>geminam</span> <span class='ocrx_word' id='word_1_396' title='bbox 3341 2009 3613 2081; x_wconf 92' lang='lat' dir='ltr'>concepit</span> 
     </span>
    </p>
   </div>
   <div class='ocr_carea' id='block_1_57' title="bbox 1966 2097 3612 2174">
    <p class='ocr_par' dir='ltr' id='par_1_57' title="bbox 1966 2097 3612 2174">
     <span class='ocr_line' id='line_1_57' title="bbox 1966 2097 3612 2174; baseline -0.002 -17"><span class='ocrx_word' id='word_1_397' title='bbox 1966 2103 2214 2174; x_wconf 90' lang='lat' dir='ltr'>prolem.</span> <span class='ocrx_word' id='word_1_398' title='bbox 2240 2102 2667 2157; x_wconf 85' lang='lat' dir='ltr'>Accedentibus</span> <span class='ocrx_word' id='word_1_399' title='bbox 2684 2104 2883 2156; x_wconf 89' lang='lat' dir='ltr'>autem</span> <span class='ocrx_word' id='word_1_400' title='bbox 2903 2103 3103 2169; x_wconf 90' lang='lat' dir='ltr'>partus</span> <span class='ocrx_word' id='word_1_401' title='bbox 3128 2097 3456 2163; x_wconf 86' lang='lat' dir='ltr'>doloribus,</span> <span class='ocrx_word' id='word_1_402' title='bbox 3472 2114 3612 2154; x_wconf 91' lang='lat' dir='ltr'>cum</span> 
     </span>
    </p>
   </div>
   <div class='ocr_carea' id='block_1_58' title="bbox 1968 2186 3612 2262">
    <p class='ocr_par' dir='ltr' id='par_1_58' title="bbox 1968 2186 3612 2262">
     <span class='ocr_line' id='line_1_58' title="bbox 1968 2186 3612 2262; baseline -0.003 -15"><span class='ocrx_word' id='word_1_403' title='bbox 1968 2193 2183 2248; x_wconf 86' lang='lat' dir='ltr'>Phares</span> <span class='ocrx_word' id='word_1_404' title='bbox 2203 2196 2256 2248; x_wconf 87' lang='lat' dir='ltr'>et</span> <span class='ocrx_word' id='word_1_405' title='bbox 2272 2193 2420 2247; x_wconf 87' lang='lat' dir='ltr'>Zara</span> <span class='ocrx_word' id='word_1_406' title='bbox 2434 2189 2701 2262; x_wconf 90' lang='lat' dir='ltr'>pariendi</span> <span class='ocrx_word' id='word_1_407' title='bbox 2722 2188 3046 2253; x_wconf 90' lang='lat' dir='ltr'>essent,ubi</span> <span class='ocrx_word' id='word_1_408' title='bbox 3064 2187 3308 2243; x_wconf 82' lang='lat' dir='ltr'>vidisset</span> <span class='ocrx_word' id='word_1_409' title='bbox 3323 2186 3612 2243; x_wconf 79' lang='lat' dir='ltr'>obstetrix</span> 
     </span>
    </p>
   </div>
   <div class='ocr_carea' id='block_1_59' title="bbox 1966 2275 3609 2352">
    <p class='ocr_par' dir='ltr' id='par_1_59' title="bbox 1966 2275 3609 2352">
     <span class='ocr_line' id='line_1_59' title="bbox 1966 2275 3609 2352; baseline -0.005 -15"><span class='ocrx_word' id='word_1_410' title='bbox 1966 2285 2111 2337; x_wconf 89' lang='lat' dir='ltr'>Zara</span> <span class='ocrx_word' id='word_1_411' title='bbox 2167 2281 2429 2352; x_wconf 91' lang='lat' dir='ltr'>primum</span> <span class='ocrx_word' id='word_1_412' title='bbox 2487 2278 2829 2334; x_wconf 79' lang='lat' dir='ltr'>etierentem</span> <span class='ocrx_word' id='word_1_413' title='bbox 2893 2292 3156 2342; x_wconf 85' lang='lat' dir='ltr'>manum,</span> <span class='ocrx_word' id='word_1_414' title='bbox 3230 2275 3437 2330; x_wconf 90' lang='lat' dir='ltr'>volens</span> <span class='ocrx_word' id='word_1_415' title='bbox 3497 2276 3609 2346; x_wconf 91' lang='lat' dir='ltr'>pri-</span> 
     </span>
    </p>
   </div>
   <div class='ocr_carea' id='block_1_60' title="bbox 1968 2364 3609 2438">
    <p class='ocr_par' dir='ltr' id='par_1_60' title="bbox 1968 2364 3609 2438">
     <span class='ocr_line' id='line_1_60' title="bbox 1968 2364 3609 2438; baseline -0.004 -14"><span class='ocrx_word' id='word_1_416' title='bbox 1968 2370 2340 2438; x_wconf 88' lang='lat' dir='ltr'>mogenitum</span> <span class='ocrx_word' id='word_1_417' title='bbox 2373 2368 2543 2437; x_wconf 86' lang='lat' dir='ltr'>signo</span> <span class='ocrx_word' id='word_1_418' title='bbox 2572 2370 2796 2429; x_wconf 89' lang='lat' dir='ltr'>notare,</span> <span class='ocrx_word' id='word_1_419' title='bbox 2827 2364 3070 2420; x_wconf 91' lang='lat' dir='ltr'>coccino</span> <span class='ocrx_word' id='word_1_420' title='bbox 3128 2378 3399 2432; x_wconf 91' lang='lat' dir='ltr'>manum,</span> <span class='ocrx_word' id='word_1_421' title='bbox 3428 2379 3609 2435; x_wconf 90' lang='lat' dir='ltr'>quam</span> 
     </span>
    </p>
   </div>
   <div class='ocr_carea' id='block_1_61' title="bbox 1967 2452 3609 2527">
    <p class='ocr_par' dir='ltr' id='par_1_61' title="bbox 1967 2452 3609 2527">
     <span class='ocr_line' id='line_1_61' title="bbox 1967 2452 3609 2527; baseline -0.006 -13"><span class='ocrx_word' id='word_1_422' title='bbox 1967 2458 2273 2524; x_wconf 81' lang='lat' dir='ltr'>extulerat,</span> <span class='ocrx_word' id='word_1_423' title='bbox 2305 2457 2538 2527; x_wconf 83' lang='lat' dir='ltr'>ligavit;</span> <span class='ocrx_word' id='word_1_424' title='bbox 2567 2454 2871 2523; x_wconf 86' lang='lat' dir='ltr'>alligatam</span> <span class='ocrx_word' id='word_1_425' title='bbox 2902 2457 3099 2508; x_wconf 88' lang='lat' dir='ltr'>autem</span> <span class='ocrx_word' id='word_1_426' title='bbox 3124 2452 3365 2506; x_wconf 83' lang='lat' dir='ltr'>retraxit</span> <span class='ocrx_word' id='word_1_427' title='bbox 3386 2452 3609 2520; x_wconf 83' lang='lat' dir='ltr'>infans,</span> 
     </span>
    </p>
   </div>
   <div class='ocr_carea' id='block_1_62' title="bbox 1966 2539 3612 2621">
    <p class='ocr_par' dir='ltr' id='par_1_62' title="bbox 1966 2539 3612 2621">
     <span class='ocr_line' id='line_1_62' title="bbox 1966 2539 3612 2621; baseline -0.004 -20"><span class='ocrx_word' id='word_1_428' title='bbox 1966 2564 2089 2621; x_wconf 89' lang='lat' dir='ltr'>qua</span> <span class='ocrx_word' id='word_1_429' title='bbox 2130 2550 2403 2613; x_wconf 90' lang='lat' dir='ltr'>retracta,</span> <span class='ocrx_word' id='word_1_430' title='bbox 2454 2543 2673 2598; x_wconf 87' lang='lat' dir='ltr'>Phares</span> <span class='ocrx_word' id='word_1_431' title='bbox 2724 2541 3033 2613; x_wconf 90' lang='lat' dir='ltr'>processit,</span> <span class='ocrx_word' id='word_1_432' title='bbox 3071 2539 3287 2595; x_wconf 92' lang='lat' dir='ltr'>deinde</span> <span class='ocrx_word' id='word_1_433' title='bbox 3348 2543 3511 2594; x_wconf 88' lang='lat' dir='ltr'>Zara.</span> <span class='ocrx_word' id='word_1_434' title='bbox 3546 2541 3612 2594; x_wconf 89' lang='lat' dir='ltr'>Et</span> 
     </span>
    </p>
   </div>
   <div class='ocr_carea' id='block_1_63' title="bbox 1966 2629 3611 2707">
    <p class='ocr_par' dir='ltr' id='par_1_63' title="bbox 1966 2629 3611 2707">
     <span class='ocr_line' id='line_1_63' title="bbox 1966 2629 3611 2707; baseline -0.007 -14"><span class='ocrx_word' id='word_1_435' title='bbox 1966 2638 2089 2693; x_wconf 83' lang='lat' dir='ltr'>haec</span> <span class='ocrx_word' id='word_1_436' title='bbox 2128 2635 2367 2707; x_wconf 79' lang='lat' dir='ltr'>quidem</span> <span class='ocrx_word' id='word_1_437' title='bbox 2398 2634 2480 2689; x_wconf 92' lang='lat' dir='ltr'>rei</span> <span class='ocrx_word' id='word_1_438' title='bbox 2506 2636 2682 2704; x_wconf 78' lang='lat' dir='ltr'>gestae</span> <span class='ocrx_word' id='word_1_439' title='bbox 2712 2630 2958 2686; x_wconf 86' lang='lat' dir='ltr'>historia</span> <span class='ocrx_word' id='word_1_440' title='bbox 2984 2632 3091 2685; x_wconf 89' lang='lat' dir='ltr'>est.</span> <span class='ocrx_word' id='word_1_441' title='bbox 3149 2629 3354 2683; x_wconf 91' lang='lat' dir='ltr'>Solum</span> <span class='ocrx_word' id='word_1_442' title='bbox 3409 2632 3611 2683; x_wconf 89' lang='lat' dir='ltr'>autem</span> 
     </span>
    </p>
   </div>
   <div class='ocr_carea' id='block_1_64' title="bbox 1969 2716 3607 2796">
    <p class='ocr_par' dir='ltr' id='par_1_64' title="bbox 1969 2716 3607 2796">
     <span class='ocr_line' id='line_1_64' title="bbox 1969 2716 3607 2796; baseline -0.005 -15"><span class='ocrx_word' id='word_1_443' title='bbox 1969 2726 2190 2781; x_wconf 87' lang='lat' dir='ltr'>Phares</span> <span class='ocrx_word' id='word_1_444' title='bbox 2214 2727 2561 2796; x_wconf 89' lang='lat' dir='ltr'>accepturus</span> <span class='ocrx_word' id='word_1_445' title='bbox 2575 2725 2698 2776; x_wconf 90' lang='lat' dir='ltr'>erat</span> <span class='ocrx_word' id='word_1_446' title='bbox 2715 2718 3081 2788; x_wconf 87' lang='lat' dir='ltr'>evangelista</span> <span class='ocrx_word' id='word_1_447' title='bbox 3097 2718 3154 2773; x_wconf 91' lang='lat' dir='ltr'>in</span> <span class='ocrx_word' id='word_1_448' title='bbox 3172 2716 3607 2787; x_wconf 88' lang='lat' dir='ltr'>genealogiam,</span> 
     </span>
    </p>
   </div>
   <div class='ocr_carea' id='block_1_65' title="bbox 1968 2806 3609 2887">
    <p class='ocr_par' dir='ltr' id='par_1_65' title="bbox 1968 2806 3609 2887">
     <span class='ocr_line' id='line_1_65' title="bbox 1968 2806 3609 2887; baseline -0.007 -16"><span class='ocrx_word' id='word_1_449' title='bbox 1968 2819 2169 2886; x_wconf 88' lang='lat' dir='ltr'>utpote</span> <span class='ocrx_word' id='word_1_450' title='bbox 2216 2830 2322 2887; x_wconf 91' lang='lat' dir='ltr'>per</span> <span class='ocrx_word' id='word_1_451' title='bbox 2364 2828 2544 2884; x_wconf 90' lang='lat' dir='ltr'>quem</span> <span class='ocrx_word' id='word_1_452' title='bbox 2607 2809 2685 2866; x_wconf 90' lang='lat' dir='ltr'>ad</span> <span class='ocrx_word' id='word_1_453' title='bbox 2737 2808 2924 2865; x_wconf 88' lang='lat' dir='ltr'>David</span> <span class='ocrx_word' id='word_1_454' title='bbox 2982 2822 3168 2877; x_wconf 87' lang='lat' dir='ltr'>genus</span> <span class='ocrx_word' id='word_1_455' title='bbox 3228 2806 3609 2879; x_wconf 89' lang='lat' dir='ltr'>procedebat.</span> 
     </span>
    </p>
   </div>
   <div class='ocr_carea' id='block_1_66' title="bbox 1966 2894 3614 2971">
    <p class='ocr_par' dir='ltr' id='par_1_66' title="bbox 1966 2894 3614 2971">
     <span class='ocr_line' id='line_1_66' title="bbox 1966 2894 3614 2971; baseline -0.006 -12"><span class='ocrx_word' id='word_1_456' title='bbox 1966 2907 2131 2960; x_wconf 86' lang='lat' dir='ltr'>Nunc</span> <span class='ocrx_word' id='word_1_457' title='bbox 2156 2918 2297 2958; x_wconf 91' lang='lat' dir='ltr'>vero</span> <span class='ocrx_word' id='word_1_458' title='bbox 2329 2917 2460 2956; x_wconf 89' lang='lat' dir='ltr'>cum</span> <span class='ocrx_word' id='word_1_459' title='bbox 2484 2900 2612 2971; x_wconf 90' lang='lat' dir='ltr'>ipso</span> <span class='ocrx_word' id='word_1_460' title='bbox 2651 2898 2828 2955; x_wconf 89' lang='lat' dir='ltr'>etiam</span> <span class='ocrx_word' id='word_1_461' title='bbox 2864 2900 3010 2953; x_wconf 87' lang='lat' dir='ltr'>Zara.</span> <span class='ocrx_word' id='word_1_462' title='bbox 3039 2895 3259 2968; x_wconf 88' lang='lat' dir='ltr'>posuit,</span> <span class='ocrx_word' id='word_1_463' title='bbox 3318 2894 3490 2967; x_wconf 89' lang='lat' dir='ltr'>quasi</span> <span class='ocrx_word' id='word_1_464' title='bbox 3526 2898 3614 2965; x_wconf 86' lang='lat' dir='ltr'>ty-</span> 
     </span>
    </p>
   </div>
   <div class='ocr_carea' id='block_1_67' title="bbox 1966 2983 3615 3064">
    <p class='ocr_par' dir='ltr' id='par_1_67' title="bbox 1966 2983 3615 3064">
     <span class='ocr_line' id='line_1_67' title="bbox 1966 2983 3615 3064; baseline -0.005 -17"><span class='ocrx_word' id='word_1_465' title='bbox 1966 3009 2113 3064; x_wconf 89' lang='lat' dir='ltr'>pum</span> <span class='ocrx_word' id='word_1_466' title='bbox 2138 2991 2337 3063; x_wconf 92' lang='lat' dir='ltr'>populi</span> <span class='ocrx_word' id='word_1_467' title='bbox 2361 2988 2671 3045; x_wconf 87' lang='lat' dir='ltr'>Christiani</span> <span class='ocrx_word' id='word_1_468' title='bbox 2698 3009 2709 3043; x_wconf 94' lang='lat'>:</span> <span class='ocrx_word' id='word_1_469' title='bbox 2747 2986 3044 3059; x_wconf 89' lang='lat' dir='ltr'>siquidem</span> <span class='ocrx_word' id='word_1_470' title='bbox 3064 2985 3281 3039; x_wconf 88' lang='lat' dir='ltr'>Phares</span> <span class='ocrx_word' id='word_1_471' title='bbox 3314 2983 3615 3039; x_wconf 87' lang='lat' dir='ltr'>lsraelitici</span> 
     </span>
    </p>
   </div>
   <div class='ocr_carea' id='block_1_68' title="bbox 1966 3072 3613 3153">
    <p class='ocr_par' dir='ltr' id='par_1_68' title="bbox 1966 3072 3613 3153">
     <span class='ocr_line' id='line_1_68' title="bbox 1966 3072 3613 3153; baseline -0.005 -17"><span class='ocrx_word' id='word_1_472' title='bbox 1966 3086 2144 3153; x_wconf 88' lang='lat' dir='ltr'>typus</span> <span class='ocrx_word' id='word_1_473' title='bbox 2201 3084 2342 3135; x_wconf 90' lang='lat' dir='ltr'>erat.</span> <span class='ocrx_word' id='word_1_474' title='bbox 2398 3078 2559 3133; x_wconf 89' lang='lat' dir='ltr'>Sicut</span> <span class='ocrx_word' id='word_1_475' title='bbox 2614 3077 2773 3132; x_wconf 91' lang='lat' dir='ltr'>enim</span> <span class='ocrx_word' id='word_1_476' title='bbox 2830 3078 2993 3141; x_wconf 89' lang='lat' dir='ltr'>Zara,</span> <span class='ocrx_word' id='word_1_477' title='bbox 3046 3073 3299 3144; x_wconf 91' lang='lat' dir='ltr'>primum</span> <span class='ocrx_word' id='word_1_478' title='bbox 3364 3072 3613 3144; x_wconf 87' lang='lat' dir='ltr'>quidem</span> 
     </span>
    </p>
   </div>
   <div class='ocr_carea' id='block_1_69' title="bbox 1964 3161 3613 3231">
    <p class='ocr_par' dir='ltr' id='par_1_69' title="bbox 1964 3161 3613 3231">
     <span class='ocr_line' id='line_1_69' title="bbox 1964 3161 3613 3231; baseline -0.005 -6"><span class='ocrx_word' id='word_1_479' title='bbox 1964 3185 2215 3226; x_wconf 87' lang='lat' dir='ltr'>manum</span> <span class='ocrx_word' id='word_1_480' title='bbox 2276 3167 2545 3231; x_wconf 77' lang='lat' dir='ltr'>eﬁerens,</span> <span class='ocrx_word' id='word_1_481' title='bbox 2626 3164 2869 3220; x_wconf 83' lang='lat' dir='ltr'>retraxit</span> <span class='ocrx_word' id='word_1_482' title='bbox 2930 3179 3084 3231; x_wconf 89' lang='lat' dir='ltr'>eam,</span> <span class='ocrx_word' id='word_1_483' title='bbox 3125 3161 3340 3217; x_wconf 92' lang='lat' dir='ltr'>deinde</span> <span class='ocrx_word' id='word_1_484' title='bbox 3395 3161 3613 3216; x_wconf 87' lang='lat' dir='ltr'>Phares</span> 
     </span>
    </p>
   </div>
   <div class='ocr_carea' id='block_1_70' title="bbox 1964 3249 3611 3330">
    <p class='ocr_par' dir='ltr' id='par_1_70' title="bbox 1964 3249 3611 3330">
     <span class='ocr_line' id='line_1_70' title="bbox 1964 3249 3611 3330; baseline -0.006 -16"><span class='ocrx_word' id='word_1_485' title='bbox 1964 3274 2222 3330; x_wconf 85' lang='lat' dir='ltr'>egresso,</span> <span class='ocrx_word' id='word_1_486' title='bbox 2243 3262 2383 3313; x_wconf 91' lang='lat' dir='ltr'>tunc</span> <span class='ocrx_word' id='word_1_487' title='bbox 2417 3260 2473 3310; x_wconf 91' lang='lat' dir='ltr'>et</span> <span class='ocrx_word' id='word_1_488' title='bbox 2497 3256 2622 3325; x_wconf 92' lang='lat' dir='ltr'>ipse</span> <span class='ocrx_word' id='word_1_489' title='bbox 2644 3255 2869 3321; x_wconf 88' lang='lat' dir='ltr'>integre</span> <span class='ocrx_word' id='word_1_490' title='bbox 2890 3252 3097 3307; x_wconf 83' lang='lat' dir='ltr'>exivit:</span> <span class='ocrx_word' id='word_1_491' title='bbox 3129 3252 3201 3305; x_wconf 86' lang='lat' dir='ltr'>ita</span> <span class='ocrx_word' id='word_1_492' title='bbox 3222 3264 3458 3322; x_wconf 90' lang='lat' dir='ltr'>quoque</span> <span class='ocrx_word' id='word_1_493' title='bbox 3475 3249 3611 3304; x_wconf 73' lang='lat' dir='ltr'>vitea</span> 
     </span>
    </p>
   </div>
   <div class='ocr_carea' id='block_1_71' title="bbox 1964 3337 3611 3418">
    <p class='ocr_par' dir='ltr' id='par_1_71' title="bbox 1964 3337 3611 3418">
     <span class='ocr_line' id='line_1_71' title="bbox 1964 3337 3611 3418; baseline -0.009 -13"><span class='ocrx_word' id='word_1_494' title='bbox 1964 3347 2318 3418; x_wconf 81' lang='lat' dir='ltr'>evangelicae</span> <span class='ocrx_word' id='word_1_495' title='bbox 2370 3361 2510 3418; x_wconf 88' lang='lat' dir='ltr'>pars</span> <span class='ocrx_word' id='word_1_496' title='bbox 2564 3343 2809 3415; x_wconf 89' lang='lat' dir='ltr'>quidem</span> <span class='ocrx_word' id='word_1_497' title='bbox 2866 3340 3234 3412; x_wconf 88' lang='lat' dir='ltr'>temporibus</span> <span class='ocrx_word' id='word_1_498' title='bbox 3308 3337 3611 3393; x_wconf 86' lang='lat' dir='ltr'>Abraham</span> 
     </span>
    </p>
   </div>
   <div class='ocr_carea' id='block_1_72' title="bbox 1963 3425 3615 3510">
    <p class='ocr_par' dir='ltr' id='par_1_72' title="bbox 1963 3425 3615 3510">
     <span class='ocr_line' id='line_1_72' title="bbox 1963 3425 3615 3510; baseline -0.01 -16"><span class='ocrx_word' id='word_1_499' title='bbox 1963 3437 2273 3510; x_wconf 86' lang='lat' dir='ltr'>apparuit:</span> <span class='ocrx_word' id='word_1_500' title='bbox 2308 3451 2429 3508; x_wconf 90' lang='lat' dir='ltr'>qua</span> <span class='ocrx_word' id='word_1_501' title='bbox 2454 3437 2727 3495; x_wconf 86' lang='lat' dir='ltr'>retracta,</span> <span class='ocrx_word' id='word_1_502' title='bbox 2773 3428 3061 3503; x_wconf 86' lang='lat' dir='ltr'>processit</span> <span class='ocrx_word' id='word_1_503' title='bbox 3103 3425 3328 3496; x_wconf 89' lang='lat' dir='ltr'>legalis,</span> <span class='ocrx_word' id='word_1_504' title='bbox 3372 3428 3429 3480; x_wconf 91' lang='lat' dir='ltr'>et</span> <span class='ocrx_word' id='word_1_505' title='bbox 3476 3427 3615 3496; x_wconf 89' lang='lat' dir='ltr'>post</span> 
     </span>
    </p>
   </div>
   <div class='ocr_carea' id='block_1_73' title="bbox 1960 3513 3609 3597">
    <p class='ocr_par' dir='ltr' id='par_1_73' title="bbox 1960 3513 3609 3597">
     <span class='ocr_line' id='line_1_73' title="bbox 1960 3513 3609 3597; baseline -0.009 -14"><span class='ocrx_word' id='word_1_506' title='bbox 1960 3528 2116 3583; x_wconf 89' lang='lat' dir='ltr'>hanc</span> <span class='ocrx_word' id='word_1_507' title='bbox 2129 3526 2385 3597; x_wconf 90' lang='lat' dir='ltr'>perfecte</span> <span class='ocrx_word' id='word_1_508' title='bbox 2408 3521 2686 3595; x_wconf 89' lang='lat' dir='ltr'>apparuit</span> <span class='ocrx_word' id='word_1_509' title='bbox 2711 3518 3073 3589; x_wconf 85' lang='lat' dir='ltr'>evangelica.</span> <span class='ocrx_word' id='word_1_510' title='bbox 3091 3516 3269 3571; x_wconf 87' lang='lat' dir='ltr'>Vides</span> <span class='ocrx_word' id='word_1_511' title='bbox 3290 3513 3467 3586; x_wconf 78' lang='lat' dir='ltr'>igitur</span> <span class='ocrx_word' id='word_1_512' title='bbox 3484 3527 3609 3570; x_wconf 93' lang='lat' dir='ltr'>non</span> 
     </span>
    </p>
   </div>
   <div class='ocr_carea' id='block_1_74' title="bbox 1961 3613 3059 3680">
    <p class='ocr_par' dir='ltr' id='par_1_74' title="bbox 1961 3613 3059 3680">
     <span class='ocr_line' id='line_1_74' title="bbox 1961 3613 3059 3680; baseline -0.009 -7"><span class='ocrx_word' id='word_1_513' title='bbox 1961 3617 2176 3673; x_wconf 83' lang='lat' dir='ltr'>frustra</span> <span class='ocrx_word' id='word_1_514' title='bbox 2207 3615 2387 3669; x_wconf 85' lang='lat' dir='ltr'>fuisse</span> <span class='ocrx_word' id='word_1_515' title='bbox 2420 3616 2627 3668; x_wconf 86' lang='lat' dir='ltr'>Zaram</span> <span class='ocrx_word' id='word_1_516' title='bbox 2660 3613 3059 3680; x_wconf 90' lang='lat' dir='ltr'>assumptum.</span> 
     </span>
    </p>
   </div>
   <div class='ocr_carea' id='block_1_75' title="bbox 260 3684 3612 3773">
    <p class='ocr_par' dir='ltr' id='par_1_75' title="bbox 260 3684 3612 3773">
     <span class='ocr_line' id='line_1_75' title="bbox 260 3684 3612 3773; baseline -0.001 -26"><span class='ocrx_word' id='word_1_517' title='bbox 260 3684 406 3751; x_wconf 63' lang='grc' dir='ltr'>ένάνη</span> <span class='ocrx_word' id='word_1_518' title='bbox 495 3692 545 3745; x_wconf 75' lang='grc' dir='ltr'>ἓν</span> <span class='ocrx_word' id='word_1_519' title='bbox 623 3692 730 3754; x_wconf 74' lang='grc' dir='ltr'>τοῖς</span> <span class='ocrx_word' id='word_1_520' title='bbox 780 3713 996 3767; x_wconf 77' lang='grc' dir='ltr'>χρόνοις</span> <span class='ocrx_word' id='word_1_521' title='bbox 1066 3703 1156 3748; x_wconf 85' lang='grc' dir='ltr'>τοῦ</span> <span class='ocrx_word' id='word_1_522' title='bbox 1213 3696 1467 3771; x_wconf 77' lang='grc' dir='ltr'>Ἃϐραάμ,</span> <span class='ocrx_word' id='word_1_523' title='bbox 1539 3684 1646 3756; x_wconf 71' lang='grc' dir='ltr'>εἶτα</span> <span class='ocrx_word' id='word_1_524' title='bbox 1718 3684 2080 3773; x_wconf 76' lang='grc' dir='ltr'>σύσταλέντος,</span> <span class='ocrx_word' id='word_1_525' title='bbox 2134 3701 2282 3760; x_wconf 79' lang='grc' dir='ltr'>ἦλθεν</span> <span class='ocrx_word' id='word_1_526' title='bbox 2340 3704 2369 3759; x_wconf 84' lang='grc' dir='ltr'>ἡ</span> <span class='ocrx_word' id='word_1_527' title='bbox 2438 3703 2641 3772; x_wconf 83' lang='grc' dir='ltr'>νομικὴ,</span> <span class='ocrx_word' id='word_1_528' title='bbox 2729 3703 2817 3751; x_wconf 86' lang='grc' dir='ltr'>καὶ</span> <span class='ocrx_word' id='word_1_529' title='bbox 2898 3698 3029 3768; x_wconf 84' lang='grc' dir='ltr'>μετὰ</span> <span class='ocrx_word' id='word_1_530' title='bbox 3112 3696 3305 3751; x_wconf 84' lang='grc' dir='ltr'>ταύτην</span> <span class='ocrx_word' id='word_1_531' title='bbox 3336 3689 3612 3763; x_wconf 75' lang='grc' dir='ltr'>ὶξέλαμψεν</span> 
     </span>
    </p>
   </div>
   <div class='ocr_carea' id='block_1_76' title="bbox 260 3778 2097 3867">
    <p class='ocr_par' dir='ltr' id='par_1_76' title="bbox 260 3778 2097 3867">
     <span class='ocr_line' id='line_1_76' title="bbox 260 3778 2097 3867; baseline 0.008 -37"><span class='ocrx_word' id='word_1_532' title='bbox 260 3778 456 3844; x_wconf 78' lang='grc' dir='ltr'>ἕντελῷς</span> <span class='ocrx_word' id='word_1_533' title='bbox 491 3785 521 3841; x_wconf 86' lang='grc' dir='ltr'>ἡ</span> <span class='ocrx_word' id='word_1_534' title='bbox 557 3781 882 3853; x_wconf 79' lang='grc' dir='ltr'>εὐαγγελική.</span> <span class='ocrx_word' id='word_1_535' title='bbox 911 3783 1083 3853; x_wconf 82' lang='grc' dir='ltr'>Ὀρᾴς,</span> <span class='ocrx_word' id='word_1_536' title='bbox 1115 3786 1191 3837; x_wconf 86' lang='grc' dir='ltr'>ὅτι</span> <span class='ocrx_word' id='word_1_537' title='bbox 1222 3787 1280 3838; x_wconf 86' lang='grc' dir='ltr'>ού</span> <span class='ocrx_word' id='word_1_538' title='bbox 1308 3790 1479 3859; x_wconf 88' lang='grc' dir='ltr'>μάτην</span> <span class='ocrx_word' id='word_1_539' title='bbox 1511 3792 1536 3842; x_wconf 87' lang='grc' dir='ltr'><strong><em>ὁ</em></strong></span> <span class='ocrx_word' id='word_1_540' title='bbox 1561 3797 1703 3867; x_wconf 88' lang='grc' dir='ltr'>Ζαρά</span> <span class='ocrx_word' id='word_1_541' title='bbox 1735 3798 2097 3861; x_wconf 85' lang='grc' dir='ltr'>παρείληπται,</span> 
     </span>
    </p>
   </div>
   <div class='ocr_carea' id='block_1_77' title="bbox 324 3868 1851 3957">
    <p class='ocr_par' dir='ltr' id='par_1_77' title="bbox 324 3868 1851 3957">
     <span class='ocr_line' id='line_1_77' title="bbox 324 3868 1851 3957; baseline 0.003 -33"><span class='ocrx_word' id='word_1_542' title='bbox 324 3877 527 3925; x_wconf 86' lang='grc' dir='ltr'>Λοιπὸν</span> <span class='ocrx_word' id='word_1_543' title='bbox 589 3868 700 3939; x_wconf 81' lang='grc' dir='ltr'>οὖν,</span> <span class='ocrx_word' id='word_1_544' title='bbox 754 3870 877 3925; x_wconf 72' lang='grc' dir='ltr'>οὐδὲ</span> <span class='ocrx_word' id='word_1_545' title='bbox 934 3882 1026 3933; x_wconf 86' lang='grc' dir='ltr'>τῆς</span> <span class='ocrx_word' id='word_1_546' title='bbox 1078 3877 1268 3950; x_wconf 85' lang='grc' dir='ltr'>Θάμαρ</span> <span class='ocrx_word' id='word_1_547' title='bbox 1334 3876 1564 3953; x_wconf 77' lang='grc' dir='ltr'>ἀκαίρως</span> <span class='ocrx_word' id='word_1_548' title='bbox 1629 3882 1851 3957; x_wconf 77' lang='grc' dir='ltr'>ἐμνημό-</span> 
     </span>
    </p>
   </div>
   <div class='ocr_carea' id='block_1_78' title="bbox 260 3958 1850 4041">
    <p class='ocr_par' dir='ltr' id='par_1_78' title="bbox 260 3958 1850 4041">
     <span class='ocr_line' id='line_1_78' title="bbox 260 3958 1850 4041; baseline 0.004 -29"><span class='ocrx_word' id='word_1_549' title='bbox 260 3978 447 4031; x_wconf 82' lang='grc' dir='ltr'>νευσεν,</span> <span class='ocrx_word' id='word_1_550' title='bbox 480 3958 608 4013; x_wconf 66' lang='grc' dir='ltr'>οὐδὲ</span> <span class='ocrx_word' id='word_1_551' title='bbox 654 3969 749 4013; x_wconf 86' lang='grc' dir='ltr'>τῶν</span> <span class='ocrx_word' id='word_1_552' title='bbox 795 3961 958 4013; x_wconf 79' lang='grc' dir='ltr'>ἄλλων</span> <span class='ocrx_word' id='word_1_553' title='bbox 1011 3972 1165 4036; x_wconf 79' lang='grc' dir='ltr'>τριῶν</span> <span class='ocrx_word' id='word_1_554' title='bbox 1195 3976 1474 4035; x_wconf 84' lang='grc' dir='ltr'>γυναικῶν,</span> <span class='ocrx_word' id='word_1_555' title='bbox 1506 3974 1637 4041; x_wconf 83' lang='grc' dir='ltr'>μετὰ</span> <span class='ocrx_word' id='word_1_556' title='bbox 1678 3982 1850 4030; x_wconf 78' lang='grc' dir='ltr'>τοῦτο,</span> 
     </span>
    </p>
   </div>
   <div class='ocr_carea' id='block_1_79' title="bbox 259 4039 1852 4130">
    <p class='ocr_par' dir='ltr' id='par_1_79' title="bbox 259 4039 1852 4130">
     <span class='ocr_line' id='line_1_79' title="bbox 259 4039 1852 4130; baseline 0.009 -30"><span class='ocrx_word' id='word_1_557' title='bbox 259 4044 379 4100; x_wconf 83' lang='grc' dir='ltr'>Ἀλλ’</span> <span class='ocrx_word' id='word_1_558' title='bbox 432 4049 545 4102; x_wconf 82' lang='grc' dir='ltr'>ἐπεὶ</span> <span class='ocrx_word' id='word_1_559' title='bbox 593 4049 704 4120; x_wconf 86' lang='grc' dir='ltr'>(Η)</span> <span class='ocrx_word' id='word_1_560' title='bbox 754 4052 781 4107; x_wconf 85' lang='grc' dir='ltr'>ἡ</span> <span class='ocrx_word' id='word_1_561' title='bbox 826 4054 913 4121; x_wconf 74' lang='grc' dir='ltr'>μὲν</span> <span class='ocrx_word' id='word_1_562' title='bbox 975 4039 1162 4125; x_wconf 85' lang='grc' dir='ltr'>Θάμαρ</span> <span class='ocrx_word' id='word_1_563' title='bbox 1216 4039 1595 4130; x_wconf 69' lang='grc' dir='ltr'>ἀθεμιτόγαμος</span> <span class='ocrx_word' id='word_1_564' title='bbox 1647 4058 1727 4127; x_wconf 80' lang='grc' dir='ltr'>ἧν,</span> <span class='ocrx_word' id='word_1_565' title='bbox 1786 4066 1852 4125; x_wconf 86' lang='grc' dir='ltr'>ὡς</span> 
     </span>
    </p>
   </div>
   <div class='ocr_carea' id='block_1_80' title="bbox 2036 3879 3614 3961">
    <p class='ocr_par' dir='ltr' id='par_1_80' title="bbox 2036 3879 3614 3961">
     <span class='ocr_line' id='line_1_80' title="bbox 2036 3879 3614 3961; baseline -0.008 -14"><span class='ocrx_word' id='word_1_566' title='bbox 2036 3891 2345 3961; x_wconf 82' lang='lat' dir='ltr'>Reliquum</span> <span class='ocrx_word' id='word_1_567' title='bbox 2378 3889 2464 3941; x_wconf 87' lang='lat' dir='ltr'>est</span> <span class='ocrx_word' id='word_1_568' title='bbox 2498 3883 2831 3947; x_wconf 89' lang='lat' dir='ltr'>ostendere,</span> <span class='ocrx_word' id='word_1_569' title='bbox 2898 3880 3064 3953; x_wconf 87' lang='lat' dir='ltr'>quod</span> <span class='ocrx_word' id='word_1_570' title='bbox 3118 3879 3301 3950; x_wconf 90' lang='lat' dir='ltr'>ipsius</span> <span class='ocrx_word' id='word_1_571' title='bbox 3368 3895 3614 3952; x_wconf 91' lang='lat' dir='ltr'>quoque</span> 
     </span>
    </p>
   </div>
   <div class='ocr_carea' id='block_1_81' title="bbox 1962 3967 3611 4037">
    <p class='ocr_par' dir='ltr' id='par_1_81' title="bbox 1962 3967 3611 4037">
     <span class='ocr_line' id='line_1_81' title="bbox 1962 3967 3611 4037; baseline -0.008 0"><span class='ocrx_word' id='word_1_572' title='bbox 1962 3982 2219 4037; x_wconf 88' lang='lat' dir='ltr'>Thamar</span> <span class='ocrx_word' id='word_1_573' title='bbox 2262 3992 2383 4032; x_wconf 93' lang='lat' dir='ltr'>non</span> <span class='ocrx_word' id='word_1_574' title='bbox 2435 3974 2543 4029; x_wconf 90' lang='lat' dir='ltr'>abs</span> <span class='ocrx_word' id='word_1_575' title='bbox 2588 3988 2651 4028; x_wconf 90' lang='lat' dir='ltr'>re</span> <span class='ocrx_word' id='word_1_576' title='bbox 2705 3969 3060 4035; x_wconf 88' lang='lat' dir='ltr'>meminerit,</span> <span class='ocrx_word' id='word_1_577' title='bbox 3117 3969 3268 4024; x_wconf 90' lang='lat' dir='ltr'>sicut</span> <span class='ocrx_word' id='word_1_578' title='bbox 3310 3972 3366 4023; x_wconf 90' lang='lat' dir='ltr'>et</span> <span class='ocrx_word' id='word_1_579' title='bbox 3430 3967 3611 4023; x_wconf 84' lang='lat' dir='ltr'>trium</span> 
     </span>
    </p>
   </div>
   <div class='ocr_carea' id='block_1_82' title="bbox 1962 4056 3613 4141">
    <p class='ocr_par' dir='ltr' id='par_1_82' title="bbox 1962 4056 3613 4141">
     <span class='ocr_line' id='line_1_82' title="bbox 1962 4056 3613 4141; baseline -0.007 -16"><span class='ocrx_word' id='word_1_580' title='bbox 1962 4074 2169 4141; x_wconf 89' lang='lat' dir='ltr'>postea</span> <span class='ocrx_word' id='word_1_581' title='bbox 2206 4066 2481 4124; x_wconf 89' lang='lat' dir='ltr'>aliarum.</span> <span class='ocrx_word' id='word_1_582' title='bbox 2515 4062 2628 4119; x_wconf 88' lang='lat' dir='ltr'>Sed</span> <span class='ocrx_word' id='word_1_583' title='bbox 2668 4061 2809 4133; x_wconf 90' lang='lat' dir='ltr'>quia</span> <span class='ocrx_word' id='word_1_584' title='bbox 2836 4060 3092 4116; x_wconf 85' lang='lat' dir='ltr'>Thamar</span> <span class='ocrx_word' id='word_1_585' title='bbox 3142 4056 3388 4129; x_wconf 89' lang='lat' dir='ltr'>quidem</span> <span class='ocrx_word' id='word_1_586' title='bbox 3417 4056 3613 4113; x_wconf 87' lang='lat' dir='ltr'>illicite</span> 
     </span>
    </p>
   </div>
   <div class='ocr_carea' id='block_1_83' title="bbox 261 4139 1853 4232">
    <p class='ocr_par' dir='ltr' id='par_1_83' title="bbox 261 4139 1851 4232">
     <span class='ocr_line' id='line_1_83' title="bbox 261 4139 1851 4232; baseline 0.01 -44"><span class='ocrx_word' id='word_1_587' title='bbox 261 4144 325 4232; x_wconf 67' lang='grc' dir='ltr'>τῷ</span> <span class='ocrx_word' id='word_1_588' title='bbox 365 4140 593 4211; x_wconf 83' lang='grc' dir='ltr'>πενθερῷ</span> <span class='ocrx_word' id='word_1_589' title='bbox 652 4145 886 4210; x_wconf 83' lang='grc' dir='ltr'>μιγεῖσα,</span> <span class='ocrx_word' id='word_1_590' title='bbox 941 4145 1105 4214; x_wconf 88' lang='grc' dir='ltr'>πόρνη</span> <span class='ocrx_word' id='word_1_591' title='bbox 1157 4139 1216 4195; x_wconf 71' lang='grc' dir='ltr'>δὲ</span> <span class='ocrx_word' id='word_1_592' title='bbox 1251 4145 1281 4201; x_wconf 83' lang='grc' dir='ltr'><em>ὴ</em></span> <span class='ocrx_word' id='word_1_593' title='bbox 1312 4144 1487 4213; x_wconf 74' lang='grc' dir='ltr'>Ῥαὰϐ,</span> <span class='ocrx_word' id='word_1_594' title='bbox 1520 4149 1549 4206; x_wconf 81' lang='grc' dir='ltr'>ἡ</span> <span class='ocrx_word' id='word_1_595' title='bbox 1587 4146 1645 4202; x_wconf 77' lang='grc' dir='ltr'>δὲ</span> <span class='ocrx_word' id='word_1_596' title='bbox 1682 4151 1851 4221; x_wconf 81' lang='grc' dir='ltr'>Ῥούθ,</span> 
     </span>
    </p>
   </div>
   <div class='ocr_carea' id='block_1_84' title="bbox 1969 4139 3613 4232">
    <p class='ocr_par' dir='ltr' id='par_1_84' title="bbox 1969 4139 3613 4229">
     <span class='ocr_line' id='line_1_84' title="bbox 1969 4139 3613 4229; baseline -0.008 -15"><span class='ocrx_word' id='word_1_597' title='bbox 1969 4139 2149 4229; x_wconf 82' lang='lat' dir='ltr'>nupta</span> <span class='ocrx_word' id='word_1_598' title='bbox 2214 4159 2358 4221; x_wconf 88' lang='lat' dir='ltr'>erat,</span> <span class='ocrx_word' id='word_1_599' title='bbox 2402 4156 2605 4223; x_wconf 87' lang='lat' dir='ltr'>utpote</span> <span class='ocrx_word' id='word_1_600' title='bbox 2653 4164 2860 4205; x_wconf 89' lang='lat' dir='ltr'>socero</span> <span class='ocrx_word' id='word_1_601' title='bbox 2908 4150 3137 4218; x_wconf 84' lang='lat' dir='ltr'>nupta;</span> <span class='ocrx_word' id='word_1_602' title='bbox 3191 4146 3355 4201; x_wconf 81' lang='lat' dir='ltr'>Raab</span> <span class='ocrx_word' id='word_1_603' title='bbox 3388 4149 3613 4201; x_wconf 87' lang='lat' dir='ltr'>autem</span> 
     </span>
    </p>
   </div>
   <div class='ocr_carea' id='block_1_85' title="bbox 263 4221 1851 4311">
    <p class='ocr_par' dir='ltr' id='par_1_85' title="bbox 263 4221 1851 4311">
     <span class='ocr_line' id='line_1_85' title="bbox 263 4221 1851 4311; baseline 0.011 -35"><span class='ocrx_word' id='word_1_604' title='bbox 263 4221 556 4311; x_wconf 70' lang='grc' dir='ltr'>όιλλόφυλος,</span> <span class='ocrx_word' id='word_1_605' title='bbox 590 4229 618 4285; x_wconf 82' lang='grc' dir='ltr'>ἡ</span> <span class='ocrx_word' id='word_1_606' title='bbox 654 4224 713 4279; x_wconf 78' lang='grc' dir='ltr'>δὲ</span> <span class='ocrx_word' id='word_1_607' title='bbox 751 4235 842 4279; x_wconf 81' lang='grc' dir='ltr'>τοῦ</span> <span class='ocrx_word' id='word_1_608' title='bbox 887 4228 1081 4301; x_wconf 85' lang='grc' dir='ltr'>Ούρίου</span> <span class='ocrx_word' id='word_1_609' title='bbox 1141 4232 1273 4303; x_wconf 71' lang='grc'>(12),</span> <span class='ocrx_word' id='word_1_610' title='bbox 1324 4237 1601 4309; x_wconf 61' lang='grc' dir='ltr'>Βηρσαϐεέ,</span> <span class='ocrx_word' id='word_1_611' title='bbox 1648 4260 1851 4311; x_wconf 88' lang='grc' dir='ltr'>μοιχα-</span> 
     </span>
    </p>
   </div>
   <div class='ocr_carea' id='block_1_86' title="bbox 263 4310 1853 4401">
    <p class='ocr_par' dir='ltr' id='par_1_86' title="bbox 263 4310 1853 4401">
     <span class='ocr_line' id='line_1_86' title="bbox 263 4310 1853 4401; baseline 0.012 -38"><span class='ocrx_word' id='word_1_612' title='bbox 263 4310 355 4377; x_wconf 82' lang='grc' dir='ltr'>λὶς,</span> <span class='ocrx_word' id='word_1_613' title='bbox 409 4317 475 4375; x_wconf 84' lang='grc' dir='ltr'>ὡς</span> <span class='ocrx_word' id='word_1_614' title='bbox 504 4317 559 4367; x_wconf 76' lang='grc' dir='ltr'>αἱ</span> <span class='ocrx_word' id='word_1_615' title='bbox 602 4314 713 4367; x_wconf 81' lang='grc' dir='ltr'>κατ’</span> <span class='ocrx_word' id='word_1_616' title='bbox 759 4317 920 4379; x_wconf 82' lang='grc' dir='ltr'>αύτὰς</span> <span class='ocrx_word' id='word_1_617' title='bbox 971 4320 1198 4393; x_wconf 82' lang='grc' dir='ltr'>ἱστορίαι</span> <span class='ocrx_word' id='word_1_618' title='bbox 1257 4318 1611 4378; x_wconf 85' lang='grc' dir='ltr'>διδάσκουσιν</span> <span class='ocrx_word' id='word_1_619' title='bbox 1646 4310 1657 4361; x_wconf 57' lang='grc' dir='ltr'><em>λ</em></span> <span class='ocrx_word' id='word_1_620' title='bbox 1691 4310 1853 4401; x_wconf 75' lang='grc' dir='ltr'>ἤγαγε</span> 
     </span>
    </p>
   </div>
   <div class='ocr_carea' id='block_1_87' title="bbox 270 4403 1853 4487">
    <p class='ocr_par' dir='ltr' id='par_1_87' title="bbox 270 4403 1853 4487">
     <span class='ocr_line' id='line_1_87' title="bbox 270 4403 1853 4487; baseline 0.013 -36"><span class='ocrx_word' id='word_1_621' title='bbox 270 4403 354 4461; x_wconf 79' lang='grc' dir='ltr'>τὰς</span> <span class='ocrx_word' id='word_1_622' title='bbox 406 4406 649 4464; x_wconf 82' lang='grc' dir='ltr'>τοιαύτας</span> <span class='ocrx_word' id='word_1_623' title='bbox 699 4413 944 4475; x_wconf 88' lang='grc' dir='ltr'>γυναῖκας</span> <span class='ocrx_word' id='word_1_624' title='bbox 993 4407 1063 4468; x_wconf 81' lang='grc' dir='ltr'>εἰς</span> <span class='ocrx_word' id='word_1_625' title='bbox 1114 4413 1291 4480; x_wconf 77' lang='grc' dir='ltr'>μέσον,</span> <span class='ocrx_word' id='word_1_626' title='bbox 1336 4414 1420 4464; x_wconf 84' lang='grc' dir='ltr'>ἵνα</span> <span class='ocrx_word' id='word_1_627' title='bbox 1449 4411 1617 4487; x_wconf 76' lang='grc' dir='ltr'>δείξῃ,</span> <span class='ocrx_word' id='word_1_628' title='bbox 1652 4420 1731 4469; x_wconf 84' lang='grc' dir='ltr'>ὅτι</span> <span class='ocrx_word' id='word_1_629' title='bbox 1760 4420 1853 4471; x_wconf 67' lang='grc' dir='ltr'>οὐκ</span> 
     </span>
    </p>
   </div>
   <div class='ocr_carea' id='block_1_88' title="bbox 271 4486 1852 4573">
    <p class='ocr_par' dir='ltr' id='par_1_88' title="bbox 271 4486 1852 4573">
     <span class='ocr_line' id='line_1_88' title="bbox 271 4486 1852 4573; baseline 0.013 -35"><span class='ocrx_word' id='word_1_630' title='bbox 271 4486 585 4562; x_wconf 74' lang='grc' dir='ltr'>ἐπῃσχύνετο</span> <span class='ocrx_word' id='word_1_631' title='bbox 628 4495 655 4544; x_wconf 90' lang='lat'>6</span> <span class='ocrx_word' id='word_1_632' title='bbox 698 4497 920 4565; x_wconf 84' lang='grc' dir='ltr'>Χριστὸς</span> <span class='ocrx_word' id='word_1_633' title='bbox 970 4494 1070 4547; x_wconf 82' lang='grc' dir='ltr'>ἀπὸ</span> <span class='ocrx_word' id='word_1_634' title='bbox 1117 4501 1362 4550; x_wconf 86' lang='grc' dir='ltr'>τοιούτων</span> <span class='ocrx_word' id='word_1_635' title='bbox 1387 4509 1651 4573; x_wconf 86' lang='grc' dir='ltr'>προγόνων</span> <span class='ocrx_word' id='word_1_636' title='bbox 1698 4527 1852 4559; x_wconf 81' lang='grc' dir='ltr'>κατα-</span> 
     </span>
    </p>
   </div>
   <div class='ocr_carea' id='block_1_89' title="bbox 275 4580 1853 4658">
    <p class='ocr_par' dir='ltr' id='par_1_89' title="bbox 275 4580 1853 4658">
     <span class='ocr_line' id='line_1_89' title="bbox 275 4580 1853 4658; baseline 0.015 -33"><span class='ocrx_word' id='word_1_637' title='bbox 275 4580 491 4647; x_wconf 83' lang='grc' dir='ltr'>γόμενος,</span> <span class='ocrx_word' id='word_1_638' title='bbox 547 4582 614 4632; x_wconf 83' lang='grc' dir='ltr'>ὧν</span> <span class='ocrx_word' id='word_1_639' title='bbox 667 4582 691 4633; x_wconf 97' lang='lat'>6</span> <span class='ocrx_word' id='word_1_640' title='bbox 750 4586 839 4654; x_wconf 75' lang='grc' dir='ltr'>μὲν</span> <span class='ocrx_word' id='word_1_641' title='bbox 902 4582 953 4645; x_wconf 81' lang='grc' dir='ltr'>ἐξ</span> <span class='ocrx_word' id='word_1_642' title='bbox 1006 4583 1412 4658; x_wconf 81' lang='grc' dir='ltr'>ἀθεμιτογαμίας</span> <span class='ocrx_word' id='word_1_643' title='bbox 1465 4588 1546 4658; x_wconf 75' lang='grc' dir='ltr'>ἦν,</span> <span class='ocrx_word' id='word_1_644' title='bbox 1602 4595 1625 4644; x_wconf 89' lang='lat'>6</span> <span class='ocrx_word' id='word_1_645' title='bbox 1687 4591 1745 4646; x_wconf 79' lang='grc' dir='ltr'>δὲ</span> <span class='ocrx_word' id='word_1_646' title='bbox 1799 4595 1853 4647; x_wconf 69' lang='grc' dir='ltr'>ἐκ</span> 
     </span>
    </p>
   </div>
   <div class='ocr_carea' id='block_1_90' title="bbox 278 4668 1853 4754">
    <p class='ocr_par' dir='ltr' id='par_1_90' title="bbox 278 4668 1853 4754">
     <span class='ocr_line' id='line_1_90' title="bbox 278 4668 1853 4754; baseline 0.013 -39"><span class='ocrx_word' id='word_1_647' title='bbox 278 4672 517 4754; x_wconf 76' lang='grc' dir='ltr'>πορνείας,</span> <span class='ocrx_word' id='word_1_648' title='bbox 563 4672 589 4721; x_wconf 87' lang='grc' dir='ltr'>ό</span> <span class='ocrx_word' id='word_1_649' title='bbox 629 4668 689 4723; x_wconf 69' lang='grc' dir='ltr'>δὲ</span> <span class='ocrx_word' id='word_1_650' title='bbox 736 4671 788 4734; x_wconf 78' lang='grc' dir='ltr'>ἐξ</span> <span class='ocrx_word' id='word_1_651' title='bbox 828 4670 1107 4744; x_wconf 77' lang='grc' dir='ltr'>ἀλλοφύλου</span> <span class='ocrx_word' id='word_1_652' title='bbox 1152 4680 1369 4747; x_wconf 88' lang='grc' dir='ltr'>μητρός,</span> <span class='ocrx_word' id='word_1_653' title='bbox 1405 4679 1430 4729; x_wconf 90' lang='lat'>6</span> <span class='ocrx_word' id='word_1_654' title='bbox 1462 4676 1538 4746; x_wconf 75' lang='grc' dir='ltr'>δὲ,</span> <span class='ocrx_word' id='word_1_655' title='bbox 1586 4679 1687 4733; x_wconf 80' lang='grc' dir='ltr'>ἀπὸ</span> <span class='ocrx_word' id='word_1_656' title='bbox 1731 4703 1853 4754; x_wconf 86' lang='grc' dir='ltr'>μοι·</span> 
     </span>
    </p>
   </div>
   <div class='ocr_carea' id='block_1_91' title="bbox 273 4752 1855 4845">
    <p class='ocr_par' dir='ltr' id='par_1_91' title="bbox 273 4752 1855 4845">
     <span class='ocr_line' id='line_1_91' title="bbox 273 4752 1855 4845; baseline 0.013 -42"><span class='ocrx_word' id='word_1_657' title='bbox 273 4752 508 4821; x_wconf 74' lang='grc' dir='ltr'>χαλίδος.</span> <span class='ocrx_word' id='word_1_658' title='bbox 555 4756 722 4812; x_wconf 63' lang='grc' dir='ltr'>Οὐδὲν</span> <span class='ocrx_word' id='word_1_659' title='bbox 749 4763 846 4832; x_wconf 84' lang='grc' dir='ltr'>γὰρ</span> <span class='ocrx_word' id='word_1_660' title='bbox 894 4759 1109 4814; x_wconf 74' lang='grc' dir='ltr'>ϐλάπτει</span> <span class='ocrx_word' id='word_1_661' title='bbox 1134 4767 1220 4814; x_wconf 83' lang='grc' dir='ltr'>τὸν</span> <span class='ocrx_word' id='word_1_662' title='bbox 1270 4764 1497 4838; x_wconf 79' lang='grc' dir='ltr'>ἐνάρετον</span> <span class='ocrx_word' id='word_1_663' title='bbox 1527 4771 1557 4827; x_wconf 82' lang='grc' dir='ltr'>ἡ</span> <span class='ocrx_word' id='word_1_664' title='bbox 1588 4779 1688 4821; x_wconf 88' lang='grc' dir='ltr'>τῶν</span> <span class='ocrx_word' id='word_1_665' title='bbox 1730 4752 1855 4845; x_wconf 80' lang='grc' dir='ltr'>προ-</span> 
     </span>
    </p>
   </div>
   <div class='ocr_carea' id='block_1_92' title="bbox 270 4845 1853 4928">
    <p class='ocr_par' dir='ltr' id='par_1_92' title="bbox 270 4845 1853 4928">
     <span class='ocr_line' id='line_1_92' title="bbox 270 4845 1853 4928; baseline 0.013 -36"><span class='ocrx_word' id='word_1_666' title='bbox 270 4845 420 4910; x_wconf 77' lang='grc' dir='ltr'>γόνων</span> <span class='ocrx_word' id='word_1_667' title='bbox 475 4846 634 4899; x_wconf 69' lang='grc' dir='ltr'>αὑτοῦ</span> <span class='ocrx_word' id='word_1_668' title='bbox 680 4854 995 4922; x_wconf 88' lang='grc' dir='ltr'>παρανομία.</span> <span class='ocrx_word' id='word_1_669' title='bbox 1054 4857 1163 4913; x_wconf 77' lang='grc' dir='ltr'>Πᾶς</span> <span class='ocrx_word' id='word_1_670' title='bbox 1215 4856 1316 4928; x_wconf 80' lang='grc' dir='ltr'>γὰρ</span> <span class='ocrx_word' id='word_1_671' title='bbox 1374 4855 1474 4910; x_wconf 77' lang='grc' dir='ltr'>ἀπὸ</span> <span class='ocrx_word' id='word_1_672' title='bbox 1511 4867 1611 4909; x_wconf 84' lang='grc' dir='ltr'>τῶν</span> <span class='ocrx_word' id='word_1_673' title='bbox 1655 4860 1853 4913; x_wconf 82' lang='grc' dir='ltr'>οἰκείων</span> 
     </span>
    </p>
   </div>
   <div class='ocr_carea' id='block_1_93' title="bbox 269 4933 1853 5019">
    <p class='ocr_par' dir='ltr' id='par_1_93' title="bbox 269 4933 1853 5019">
     <span class='ocr_line' id='line_1_93' title="bbox 269 4933 1853 5019; baseline 0.011 -35"><span class='ocrx_word' id='word_1_674' title='bbox 269 4933 511 5005; x_wconf 80' lang='grc' dir='ltr'>πράξεων,</span> <span class='ocrx_word' id='word_1_675' title='bbox 568 4934 674 4989; x_wconf 81' lang='grc' dir='ltr'>ἀλλ’</span> <span class='ocrx_word' id='word_1_676' title='bbox 716 4938 809 4990; x_wconf 81' lang='grc' dir='ltr'>ούκ</span> <span class='ocrx_word' id='word_1_677' title='bbox 857 4937 958 4991; x_wconf 82' lang='grc' dir='ltr'>ἀπὸ</span> <span class='ocrx_word' id='word_1_678' title='bbox 1015 4947 1114 4992; x_wconf 81' lang='grc' dir='ltr'>τῶν</span> <span class='ocrx_word' id='word_1_679' title='bbox 1164 4940 1439 5018; x_wconf 81' lang='grc' dir='ltr'>ἀλλοτρίων</span> <span class='ocrx_word' id='word_1_680' title='bbox 1492 4952 1719 5019; x_wconf 86' lang='grc' dir='ltr'>κρίνεται</span> <span class='ocrx_word' id='word_1_681' title='bbox 1758 4970 1853 5002; x_wconf 85' lang='grc' dir='ltr'>κα-</span> 
     </span>
    </p>
   </div>
   <div class='ocr_carea' id='block_1_94' title="bbox 1962 4232 3613 4306">
    <p class='ocr_par' dir='ltr' id='par_1_94' title="bbox 1962 4232 3613 4306">
     <span class='ocr_line' id='line_1_94' title="bbox 1962 4232 3613 4306; baseline -0.008 -5"><span class='ocrx_word' id='word_1_682' title='bbox 1962 4244 2238 4302; x_wconf 84' lang='lat' dir='ltr'>meretrix</span> <span class='ocrx_word' id='word_1_683' title='bbox 2277 4246 2420 4306; x_wconf 88' lang='lat' dir='ltr'>erat,</span> <span class='ocrx_word' id='word_1_684' title='bbox 2460 4245 2514 4296; x_wconf 92' lang='lat' dir='ltr'>et</span> <span class='ocrx_word' id='word_1_685' title='bbox 2534 4239 2688 4295; x_wconf 88' lang='lat' dir='ltr'>Ruth</span> <span class='ocrx_word' id='word_1_686' title='bbox 2710 4237 3071 4306; x_wconf 84' lang='lat' dir='ltr'>alienigena,</span> <span class='ocrx_word' id='word_1_687' title='bbox 3121 4250 3270 4290; x_wconf 81' lang='lat' dir='ltr'>uxor</span> <span class='ocrx_word' id='word_1_688' title='bbox 3295 4249 3436 4289; x_wconf 91' lang='lat' dir='ltr'>vero</span> <span class='ocrx_word' id='word_1_689' title='bbox 3464 4232 3613 4289; x_wconf 71' lang='lat' dir='ltr'>Uriaa</span> 
     </span>
    </p>
   </div>
   <div class='ocr_carea' id='block_1_95' title="bbox 1961 4323 3610 4403">
    <p class='ocr_par' dir='ltr' id='par_1_95' title="bbox 1961 4323 3610 4403">
     <span class='ocr_line' id='line_1_95' title="bbox 1961 4323 3610 4403; baseline -0.008 -13"><span class='ocrx_word' id='word_1_690' title='bbox 1961 4333 2247 4399; x_wconf 86' lang='lat' dir='ltr'>adultera,</span> <span class='ocrx_word' id='word_1_691' title='bbox 2269 4327 2787 4403; x_wconf 86' lang='lat' dir='ltr'>quemadmodum</span> <span class='ocrx_word' id='word_1_692' title='bbox 2811 4326 3076 4397; x_wconf 90' lang='lat' dir='ltr'>ipsarum</span> <span class='ocrx_word' id='word_1_693' title='bbox 3096 4325 3313 4379; x_wconf 91' lang='lat' dir='ltr'>docent</span> <span class='ocrx_word' id='word_1_694' title='bbox 3329 4323 3610 4386; x_wconf 64' lang='lat' dir='ltr'>historian,</span> 
     </span>
    </p>
   </div>
   <div class='ocr_carea' id='block_1_96' title="bbox 1961 4411 3609 4480">
    <p class='ocr_par' dir='ltr' id='par_1_96' title="bbox 1961 4411 3609 4480">
     <span class='ocr_line' id='line_1_96' title="bbox 1961 4411 3609 4480; baseline -0.007 -3"><span class='ocrx_word' id='word_1_695' title='bbox 1961 4422 2209 4477; x_wconf 87' lang='lat' dir='ltr'>adduxit</span> <span class='ocrx_word' id='word_1_696' title='bbox 2240 4436 2338 4476; x_wconf 88' lang='lat' dir='ltr'>eas</span> <span class='ocrx_word' id='word_1_697' title='bbox 2370 4420 2430 4473; x_wconf 91' lang='lat' dir='ltr'>in</span> <span class='ocrx_word' id='word_1_698' title='bbox 2484 4417 2773 4480; x_wconf 89' lang='lat' dir='ltr'>medium,</span> <span class='ocrx_word' id='word_1_699' title='bbox 2822 4422 2884 4468; x_wconf 93' lang='lat' dir='ltr'>ut</span> <span class='ocrx_word' id='word_1_700' title='bbox 2933 4413 3315 4469; x_wconf 89' lang='lat' dir='ltr'>manifestum</span> <span class='ocrx_word' id='word_1_701' title='bbox 3368 4411 3609 4475; x_wconf 87' lang='lat' dir='ltr'>faceret,</span> 
     </span>
    </p>
   </div>
   <div class='ocr_carea' id='block_1_97' title="bbox 1963 4500 3611 4573">
    <p class='ocr_par' dir='ltr' id='par_1_97' title="bbox 1963 4500 3611 4573">
     <span class='ocr_line' id='line_1_97' title="bbox 1963 4500 3611 4573; baseline -0.007 -9"><span class='ocrx_word' id='word_1_702' title='bbox 1963 4510 2260 4564; x_wconf 88' lang='lat' dir='ltr'>Christum</span> <span class='ocrx_word' id='word_1_703' title='bbox 2278 4524 2397 4563; x_wconf 90' lang='lat' dir='ltr'>non</span> <span class='ocrx_word' id='word_1_704' title='bbox 2430 4506 2743 4562; x_wconf 84' lang='lat' dir='ltr'>erubuisse</span> <span class='ocrx_word' id='word_1_705' title='bbox 2767 4503 2844 4559; x_wconf 89' lang='lat' dir='ltr'>ab</span> <span class='ocrx_word' id='word_1_706' title='bbox 2875 4502 3217 4573; x_wconf 90' lang='lat' dir='ltr'>hujusmodi</span> <span class='ocrx_word' id='word_1_707' title='bbox 3248 4500 3611 4556; x_wconf 87' lang='lat' dir='ltr'>descendere</span> 
     </span>
    </p>
   </div>
   <div class='ocr_carea' id='block_1_98' title="bbox 1961 4589 3612 4668">
    <p class='ocr_par' dir='ltr' id='par_1_98' title="bbox 1961 4589 3612 4668">
     <span class='ocr_line' id='line_1_98' title="bbox 1961 4589 3612 4668; baseline -0.007 -15"><span class='ocrx_word' id='word_1_708' title='bbox 1961 4596 2443 4668; x_wconf 89' lang='lat' dir='ltr'>progenitoribus</span> <span class='ocrx_word' id='word_1_709' title='bbox 2472 4611 2482 4649; x_wconf 93' lang='lat'>:</span> <span class='ocrx_word' id='word_1_710' title='bbox 2519 4609 2779 4666; x_wconf 87' lang='lat' dir='ltr'>quorum</span> <span class='ocrx_word' id='word_1_711' title='bbox 2828 4609 2981 4647; x_wconf 91' lang='lat' dir='ltr'>unus</span> <span class='ocrx_word' id='word_1_712' title='bbox 3014 4592 3256 4664; x_wconf 90' lang='lat' dir='ltr'>quidem</span> <span class='ocrx_word' id='word_1_713' title='bbox 3291 4607 3360 4644; x_wconf 83' lang='lat' dir='ltr'>ex</span> <span class='ocrx_word' id='word_1_714' title='bbox 3416 4589 3612 4643; x_wconf 90' lang='lat' dir='ltr'>illicite</span> 
     </span>
    </p>
   </div>
   <div class='ocr_carea' id='block_1_99' title="bbox 1962 4678 3607 4758">
    <p class='ocr_par' dir='ltr' id='par_1_99' title="bbox 1962 4678 3607 4758">
     <span class='ocr_line' id='line_1_99' title="bbox 1962 4678 3607 4758; baseline -0.007 -17"><span class='ocrx_word' id='word_1_715' title='bbox 1962 4690 2149 4758; x_wconf 86' lang='lat' dir='ltr'>nupta</span> <span class='ocrx_word' id='word_1_716' title='bbox 2215 4690 2392 4740; x_wconf 91' lang='lat' dir='ltr'>natus</span> <span class='ocrx_word' id='word_1_717' title='bbox 2454 4688 2596 4747; x_wconf 88' lang='lat' dir='ltr'>erat,</span> <span class='ocrx_word' id='word_1_718' title='bbox 2654 4682 2808 4736; x_wconf 90' lang='lat' dir='ltr'>illius</span> <span class='ocrx_word' id='word_1_719' title='bbox 2864 4686 3064 4735; x_wconf 86' lang='lat' dir='ltr'>autem</span> <span class='ocrx_word' id='word_1_720' title='bbox 3141 4696 3211 4734; x_wconf 84' lang='lat' dir='ltr'>ex</span> <span class='ocrx_word' id='word_1_721' title='bbox 3270 4678 3607 4746; x_wconf 83' lang='lat' dir='ltr'>fornicaria,</span> 
     </span>
    </p>
   </div>
   <div class='ocr_carea' id='block_1_100' title="bbox 1962 4765 3611 4837">
    <p class='ocr_par' dir='ltr' id='par_1_100' title="bbox 1962 4765 3611 4837">
     <span class='ocr_line' id='line_1_100' title="bbox 1962 4765 3611 4837; baseline -0.007 -7"><span class='ocrx_word' id='word_1_722' title='bbox 1962 4778 2018 4830; x_wconf 89' lang='lat' dir='ltr'>et</span> <span class='ocrx_word' id='word_1_723' title='bbox 2081 4790 2318 4830; x_wconf 89' lang='lat' dir='ltr'>rursum</span> <span class='ocrx_word' id='word_1_724' title='bbox 2368 4773 2464 4827; x_wconf 91' lang='lat' dir='ltr'>hic</span> <span class='ocrx_word' id='word_1_725' title='bbox 2522 4771 2599 4826; x_wconf 88' lang='lat' dir='ltr'>ab</span> <span class='ocrx_word' id='word_1_726' title='bbox 2652 4769 2985 4837; x_wconf 87' lang='lat' dir='ltr'>alienigena</span> <span class='ocrx_word' id='word_1_727' title='bbox 3054 4766 3465 4829; x_wconf 84' lang='lat' dir='ltr'>descenderat,</span> <span class='ocrx_word' id='word_1_728' title='bbox 3516 4765 3611 4819; x_wconf 91' lang='lat' dir='ltr'>ille</span> 
     </span>
    </p>
   </div>
   <div class='ocr_carea' id='block_1_101' title="bbox 1963 4853 3611 4928">
    <p class='ocr_par' dir='ltr' id='par_1_101' title="bbox 1963 4853 3611 4928">
     <span class='ocr_line' id='line_1_101' title="bbox 1963 4853 3611 4928; baseline -0.005 -10"><span class='ocrx_word' id='word_1_729' title='bbox 1963 4878 2102 4919; x_wconf 88' lang='lat' dir='ltr'>vero</span> <span class='ocrx_word' id='word_1_730' title='bbox 2157 4863 2236 4920; x_wconf 87' lang='lat' dir='ltr'>ab</span> <span class='ocrx_word' id='word_1_731' title='bbox 2294 4861 2583 4918; x_wconf 87' lang='lat' dir='ltr'>adultera.</span> <span class='ocrx_word' id='word_1_732' title='bbox 2648 4859 2849 4928; x_wconf 89' lang='lat' dir='ltr'>Neque</span> <span class='ocrx_word' id='word_1_733' title='bbox 2932 4857 3091 4911; x_wconf 91' lang='lat' dir='ltr'>enim</span> <span class='ocrx_word' id='word_1_734' title='bbox 3160 4856 3355 4911; x_wconf 90' lang='lat' dir='ltr'>virtuti</span> <span class='ocrx_word' id='word_1_735' title='bbox 3413 4853 3611 4910; x_wconf 90' lang='lat' dir='ltr'>debito</span> 
     </span>
    </p>
   </div>
   <div class='ocr_carea' id='block_1_102' title="bbox 1963 4943 3612 5024">
    <p class='ocr_par' dir='ltr' id='par_1_102' title="bbox 1963 4943 3612 5024">
     <span class='ocr_line' id='line_1_102' title="bbox 1963 4943 3612 5024; baseline -0.006 -16"><span class='ocrx_word' id='word_1_736' title='bbox 1963 4956 2138 5009; x_wconf 91' lang='lat' dir='ltr'>nocet</span> <span class='ocrx_word' id='word_1_737' title='bbox 2185 4950 2634 5024; x_wconf 85' lang='lat' dir='ltr'>progenitorum</span> <span class='ocrx_word' id='word_1_738' title='bbox 2681 4944 2991 5016; x_wconf 88' lang='lat' dir='ltr'>iniquitas.</span> <span class='ocrx_word' id='word_1_739' title='bbox 3044 4943 3308 5015; x_wconf 90' lang='lat' dir='ltr'>Quisque</span> <span class='ocrx_word' id='word_1_740' title='bbox 3365 4943 3522 4998; x_wconf 88' lang='lat' dir='ltr'>enim</span> <span class='ocrx_word' id='word_1_741' title='bbox 3575 4957 3612 4998; x_wconf 88' lang='lat' dir='ltr'>a</span> 
     </span>
    </p>
   </div>
   <div class='ocr_carea' id='block_1_103' title="bbox 1242 5093 2166 5169">
    <p class='ocr_par' dir='ltr' id='par_1_103' title="bbox 1242 5093 2166 5169">
     <span class='ocr_line' id='line_1_103' title="bbox 1242 5093 2166 5169; baseline 0.008 -9"><span class='ocrx_word' id='word_1_742' title='bbox 1242 5093 1457 5162; x_wconf 80' lang='lat' dir='ltr'>Variae</span> <span class='ocrx_word' id='word_1_743' title='bbox 1486 5096 1813 5167; x_wconf 89' lang='lat' dir='ltr'>lectiones</span> <span class='ocrx_word' id='word_1_744' title='bbox 1848 5110 1914 5167; x_wconf 93' lang='lat' dir='ltr'>et</span> <span class='ocrx_word' id='word_1_745' title='bbox 1966 5111 2166 5169; x_wconf 70' lang='lat' dir='ltr'>notae.</span> 
     </span>
    </p>
   </div>
   <div class='ocr_carea' id='block_1_104' title="bbox 357 5328 1257 5398">
    <p class='ocr_par' dir='ltr' id='par_1_104' title="bbox 357 5328 1257 5398">
     <span class='ocr_line' id='line_1_104' title="bbox 357 5328 1257 5398; baseline 0.008 -16"><span class='ocrx_word' id='word_1_746' title='bbox 357 5328 407 5398; x_wconf 87' lang='lat'><em>6)</em></span> <span class='ocrx_word' id='word_1_747' title='bbox 440 5329 571 5381; x_wconf 62' lang='lat' dir='ltr'>Haec</span> <span class='ocrx_word' id='word_1_748' title='bbox 599 5328 659 5383; x_wconf 92' lang='lat' dir='ltr'>in</span> <span class='ocrx_word' id='word_1_749' title='bbox 691 5329 956 5398; x_wconf 90' lang='lat' dir='ltr'>margine</span> <span class='ocrx_word' id='word_1_750' title='bbox 982 5330 1161 5389; x_wconf 89' lang='lat' dir='ltr'>habet</span> <span class='ocrx_word' id='word_1_751' title='bbox 1190 5335 1257 5389; x_wconf 91' lang='lat' dir='ltr'>A.</span> 
     </span>
    </p>
   </div>
   <div class='ocr_carea' id='block_1_105' title="bbox 356 5398 1854 5469">
    <p class='ocr_par' dir='ltr' id='par_1_105' title="bbox 356 5398 1854 5469">
     <span class='ocr_line' id='line_1_105' title="bbox 356 5398 1854 5469; baseline 0.012 -18"><span class='ocrx_word' id='word_1_752' title='bbox 356 5398 627 5469; x_wconf 83' lang='lat' dir='ltr'>&#39;l)Jacob</span> <span class='ocrx_word' id='word_1_753' title='bbox 682 5400 984 5456; x_wconf 90' lang='lat' dir='ltr'>nimirum.</span> <span class='ocrx_word' id='word_1_754' title='bbox 1061 5405 1194 5461; x_wconf 69' lang='lat' dir='ltr'>Haec</span> <span class='ocrx_word' id='word_1_755' title='bbox 1258 5413 1577 5465; x_wconf 88' lang='lat' dir='ltr'>narrantur</span> <span class='ocrx_word' id='word_1_756' title='bbox 1646 5410 1854 5469; x_wconf 89' lang='lat' dir='ltr'>Genes.</span> 
     </span>
    </p>
   </div>
   <div class='ocr_carea' id='block_1_106' title="bbox 266 5469 1072 5536">
    <p class='ocr_par' dir='ltr' id='par_1_106' title="bbox 266 5469 1072 5536">
     <span class='ocr_line' id='line_1_106' title="bbox 266 5469 1072 5536; baseline 0.01 -16"><span class='ocrx_word' id='word_1_757' title='bbox 266 5480 500 5524; x_wconf 79' lang='lat' dir='ltr'>xxxviii.</span> <span class='ocrx_word' id='word_1_758' title='bbox 535 5469 678 5524; x_wconf 85' lang='lat' dir='ltr'>Vide</span> <span class='ocrx_word' id='word_1_759' title='bbox 710 5477 765 5526; x_wconf 91' lang='lat' dir='ltr'>et</span> <span class='ocrx_word' id='word_1_760' title='bbox 793 5487 951 5536; x_wconf 69' lang='grc' dir='ltr'><strong>χχιχ,</strong></span> <span class='ocrx_word' id='word_1_761' title='bbox 987 5473 1072 5528; x_wconf 83' lang='lat'>35.</span> 
     </span>
    </p>
   </div>
   <div class='ocr_carea' id='block_1_107' title="bbox 336 5542 825 5610">
    <p class='ocr_par' dir='ltr' id='par_1_107' title="bbox 336 5542 825 5610">
     <span class='ocr_line' id='line_1_107' title="bbox 336 5542 825 5610; baseline 0.008 -17"><span class='ocrx_word' id='word_1_762' title='bbox 336 5542 411 5609; x_wconf 73' lang='grc'>(8)</span> <span class='ocrx_word' id='word_1_763' title='bbox 444 5544 504 5595; x_wconf 91' lang='lat' dir='ltr'>ln</span> <span class='ocrx_word' id='word_1_764' title='bbox 535 5556 725 5610; x_wconf 83' lang='lat' dir='ltr'>marg.</span> <span class='ocrx_word' id='word_1_765' title='bbox 760 5542 825 5597; x_wconf 86' lang='lat' dir='ltr'>A;</span> 
     </span>
    </p>
   </div>
   <div class='ocr_carea' id='block_1_108' title="bbox 334 5610 830 5685">
    <p class='ocr_par' dir='ltr' id='par_1_108' title="bbox 334 5610 830 5685">
     <span class='ocr_line' id='line_1_108' title="bbox 334 5610 830 5685; baseline 0.002 -19"><span class='ocrx_word' id='word_1_766' title='bbox 334 5614 410 5680; x_wconf 90' lang='lat'>(9)</span> <span class='ocrx_word' id='word_1_767' title='bbox 435 5610 501 5666; x_wconf 90' lang='lat' dir='ltr'>In</span> <span class='ocrx_word' id='word_1_768' title='bbox 540 5621 732 5685; x_wconf 76' lang='lat' dir='ltr'>marg:</span> <span class='ocrx_word' id='word_1_769' title='bbox 765 5616 830 5667; x_wconf 80' lang='grc' dir='ltr'>Α.</span> 
     </span>
    </p>
   </div>
   <div class='ocr_carea' id='block_1_109' title="bbox 334 5254 352 5467">
    <p class='ocr_par' dir='ltr' id='par_1_109' title="bbox 334 5254 352 5467">
     <span class='ocr_line' id='line_1_109' title="bbox 334 5254 352 5467; baseline 0 0"><span class='ocrx_word' id='word_1_770' title='bbox 334 5254 352 5467; x_wconf 66' lang='grc' dir='ltr'><em>ἱ</em></span> 
     </span>
    </p>
   </div>
   <div class='ocr_carea' id='block_1_110' title="bbox 356 5254 1377 5469">
    <p class='ocr_par' dir='ltr' id='par_1_110' title="bbox 356 5254 1377 5469">
     <span class='ocr_line' id='line_1_110' title="bbox 356 5254 1377 5469; baseline 0.01 -159"><span class='ocrx_word' id='word_1_771' title='bbox 356 5254 411 5469; x_wconf 49' lang='lat' dir='ltr'>5i</span> <span class='ocrx_word' id='word_1_772' title='bbox 452 5256 683 5313; x_wconf 86' lang='lat' dir='ltr'>inclusa</span> <span class='ocrx_word' id='word_1_773' title='bbox 714 5255 774 5313; x_wconf 91' lang='lat' dir='ltr'>in</span> <span class='ocrx_word' id='word_1_774' title='bbox 800 5260 1071 5328; x_wconf 89' lang='lat' dir='ltr'>margine</span> <span class='ocrx_word' id='word_1_775' title='bbox 1099 5260 1282 5319; x_wconf 89' lang='lat' dir='ltr'>habet</span> <span class='ocrx_word' id='word_1_776' title='bbox 1312 5268 1377 5320; x_wconf 85' lang='lat' dir='ltr'>A.</span> 
     </span>
     <span class='ocr_line' id='line_1_111' title="bbox 357 5328 1257 5398; baseline 0.008 -16"><span class='ocrx_word' id='word_1_777' title='bbox 357 5331 385 5382; x_wconf 88' lang='lat'>6</span> <span class='ocrx_word' id='word_1_778' title='bbox 440 5329 571 5381; x_wconf 62' lang='lat' dir='ltr'>Haec</span> <span class='ocrx_word' id='word_1_779' title='bbox 599 5328 659 5383; x_wconf 92' lang='lat' dir='ltr'>in</span> <span class='ocrx_word' id='word_1_780' title='bbox 691 5329 956 5398; x_wconf 90' lang='lat' dir='ltr'>margine</span> <span class='ocrx_word' id='word_1_781' title='bbox 982 5330 1161 5389; x_wconf 89' lang='lat' dir='ltr'>habet</span> <span class='ocrx_word' id='word_1_782' title='bbox 1190 5335 1257 5389; x_wconf 91' lang='lat' dir='ltr'>A.</span> 
     </span>
     <span class='ocr_line' id='line_1_112' title="bbox 356 5398 1377 5462; baseline 0.012 -11"><span class='ocrx_word' id='word_1_783' title='bbox 356 5400 384 5451; x_wconf 76' lang='grc' dir='ltr'><em>Ἰ</em></span> <span class='ocrx_word' id='word_1_784' title='bbox 440 5398 627 5453; x_wconf 88' lang='lat' dir='ltr'>Jacob</span> <span class='ocrx_word' id='word_1_785' title='bbox 682 5400 984 5456; x_wconf 90' lang='lat' dir='ltr'>nimirum.</span> <span class='ocrx_word' id='word_1_786' title='bbox 1061 5405 1194 5461; x_wconf 69' lang='lat' dir='ltr'>Haec</span> <span class='ocrx_word' id='word_1_787' title='bbox 1258 5421 1377 5462; x_wconf 75' lang='lat' dir='ltr'>nari</span> 
     </span>
    </p>
   </div>
   <div class='ocr_carea' id='block_1_111' title="bbox 1874 5267 3612 5342">
    <p class='ocr_par' dir='ltr' id='par_1_111' title="bbox 1874 5267 3612 5342">
     <span class='ocr_line' id='line_1_113' title="bbox 1874 5267 3612 5342; baseline -0.003 -16"><span class='ocrx_word' id='word_1_788' title='bbox 1874 5328 1881 5339; x_wconf 55' lang='grc'>,</span> <span class='ocrx_word' id='word_1_789' title='bbox 2012 5270 2145 5342; x_wconf 17' lang='grc'>,(10)</span> <span class='ocrx_word' id='word_1_790' title='bbox 2180 5271 2265 5326; x_wconf 90' lang='lat' dir='ltr'>Ita</span> <span class='ocrx_word' id='word_1_791' title='bbox 2317 5269 2620 5342; x_wconf 74' lang='lat' dir='ltr'>Chrysost.</span> <span class='ocrx_word' id='word_1_792' title='bbox 2666 5271 2722 5342; x_wconf 50' lang='grc' dir='ltr'>ΐζ</span> <span class='ocrx_word' id='word_1_793' title='bbox 2765 5268 2857 5335; x_wconf 79' lang='lat' dir='ltr'>Vl,</span> <span class='ocrx_word' id='word_1_794' title='bbox 2883 5270 2985 5322; x_wconf 70' lang='lat'>275</span> <span class='ocrx_word' id='word_1_795' title='bbox 3017 5268 3096 5323; x_wconf 76' lang='grc' dir='ltr'>Αε</span> <span class='ocrx_word' id='word_1_796' title='bbox 3159 5267 3334 5342; x_wconf 73' lang='grc' dir='ltr'>Οὕτως</span> <span class='ocrx_word' id='word_1_797' title='bbox 3373 5271 3398 5320; x_wconf 90' lang='lat'>6</span> <span class='ocrx_word' id='word_1_798' title='bbox 3441 5273 3612 5342; x_wconf 82' lang='grc' dir='ltr'>εἰσιὼν</span> 
     </span>
    </p>
   </div>
   <div class='ocr_carea' id='block_1_112' title="bbox 1857 5338 3607 5414">
    <p class='ocr_par' dir='ltr' id='par_1_112' title="bbox 1857 5338 3607 5414">
     <span class='ocr_line' id='line_1_114' title="bbox 1857 5338 3607 5414; baseline 0.001 -21"><span class='ocrx_word' id='word_1_799' title='bbox 1857 5338 1883 5355; x_wconf 15' lang='grc' dir='ltr'>”ν’</span> <span class='ocrx_word' id='word_1_800' title='bbox 1936 5347 2039 5403; x_wconf 76' lang='grc' dir='ltr'>ἐὶς</span> <span class='ocrx_word' id='word_1_801' title='bbox 2082 5338 2307 5412; x_wconf 84' lang='grc' dir='ltr'>γυναῖκα</span> <span class='ocrx_word' id='word_1_802' title='bbox 2338 5338 2633 5414; x_wconf 70' lang='grc' dir='ltr'>αλλοτρίαν.</span> <span class='ocrx_word' id='word_1_803' title='bbox 2700 5341 2806 5395; x_wconf 91' lang='lat' dir='ltr'>Pro</span> <span class='ocrx_word' id='word_1_804' title='bbox 2845 5356 2968 5414; x_wconf 85' lang='lat' dir='ltr'>quo</span> <span class='ocrx_word' id='word_1_805' title='bbox 3028 5343 3116 5414; x_wconf 66' lang='lat' dir='ltr'>e§t</span> <span class='ocrx_word' id='word_1_806' title='bbox 3159 5341 3331 5396; x_wconf 79' lang='lat' dir='ltr'>PI&#39;OV.</span> <span class='ocrx_word' id='word_1_807' title='bbox 3381 5356 3452 5407; x_wconf 83' lang='lat' dir='ltr'>Vl,</span> <span class='ocrx_word' id='word_1_808' title='bbox 3496 5341 3607 5396; x_wconf 77' lang='lat'>29:</span> 
     </span>
    </p>
   </div>
   <div class='ocr_carea' id='block_1_113' title="bbox 1969 5406 3195 5485">
    <p class='ocr_par' dir='ltr' id='par_1_113' title="bbox 1969 5406 3195 5485">
     <span class='ocr_line' id='line_1_115' title="bbox 1969 5406 3195 5485; baseline -0.004 -20"><span class='ocrx_word' id='word_1_809' title='bbox 1969 5406 2150 5475; x_wconf 70' lang='grc' dir='ltr'>Οὕτως</span> <span class='ocrx_word' id='word_1_810' title='bbox 2179 5418 2203 5464; x_wconf 89' lang='grc' dir='ltr'><strong><em>ὁ</em></strong></span> <span class='ocrx_word' id='word_1_811' title='bbox 2236 5406 2628 5485; x_wconf 77' lang='grc' dir='ltr'>εἰσελθὼν’πρός</span> <span class='ocrx_word' id='word_1_812' title='bbox 2650 5406 2883 5481; x_wconf 74' lang='grc' dir='ltr'>γυναῖκά</span> <span class='ocrx_word' id='word_1_813' title='bbox 2912 5406 3195 5484; x_wconf 83' lang='grc' dir='ltr'>ύπανδρον.</span> 
     </span>
    </p>
   </div>
   <div class='ocr_carea' id='block_1_114' title="bbox 2041 5480 2811 5555">
    <p class='ocr_par' dir='ltr' id='par_1_114' title="bbox 2041 5480 2811 5555">
     <span class='ocr_line' id='line_1_116' title="bbox 2041 5480 2811 5555; baseline -0.001 -18"><span class='ocrx_word' id='word_1_814' title='bbox 2041 5484 2152 5555; x_wconf 85' lang='grc'><strong>(11)</strong></span> <span class='ocrx_word' id='word_1_815' title='bbox 2178 5480 2420 5555; x_wconf 64' lang='grc' dir='ltr'>Ἐπειδὴ,</span> <span class='ocrx_word' id='word_1_816' title='bbox 2452 5480 2562 5555; x_wconf 71' lang='grc' dir='ltr'>’ρῐρ</span> <span class='ocrx_word' id='word_1_817' title='bbox 2594 5480 2720 5536; x_wconf 71' lang='grc' dir='ltr'>ἐπεί.</span> <span class='ocrx_word' id='word_1_818' title='bbox 2754 5483 2811 5536; x_wconf 90' lang='grc' dir='ltr'>Β.</span> 
     </span>
    </p>
   </div>
   <div class='ocr_carea' id='block_1_115' title="bbox 2040 5484 2898 5628">
    <p class='ocr_par' dir='ltr' id='par_1_115' title="bbox 2040 5484 2898 5628">
     <span class='ocr_line' id='line_1_117' title="bbox 2041 5484 2811 5628; baseline -0.001 -91"><span class='ocrx_word' id='word_1_819' title='bbox 2041 5484 2155 5628; x_wconf 51' lang='lat' dir='ltr'>(li;</span> <span class='ocrx_word' id='word_1_820' title='bbox 2178 5484 2420 5548; x_wconf 74' lang='grc' dir='ltr'>Ἐπειδὴ,</span> <span class='ocrx_word' id='word_1_821' title='bbox 2452 5484 2562 5554; x_wconf 74' lang='lat' dir='ltr'>pro</span> <span class='ocrx_word' id='word_1_822' title='bbox 2594 5485 2720 5536; x_wconf 71' lang='grc' dir='ltr'>ἐπεί.</span> <span class='ocrx_word' id='word_1_823' title='bbox 2754 5484 2811 5536; x_wconf 90' lang='grc' dir='ltr'>Β.</span> 
     </span>
     <span class='ocr_line' id='line_1_118' title="bbox 2040 5554 2898 5627; baseline 0 -19"><span class='ocrx_word' id='word_1_824' title='bbox 2040 5557 2130 5627; x_wconf 63' lang='grc'>(12</span> <span class='ocrx_word' id='word_1_825' title='bbox 2186 5554 2463 5614; x_wconf 81' lang='grc' dir='ltr'>Βηθσαϐεέ.</span> <span class='ocrx_word' id='word_1_826' title='bbox 2499 5554 2543 5610; x_wconf 92' lang='grc' dir='ltr'>ΙΙ</span> <span class='ocrx_word' id='word_1_827' title='bbox 2576 5556 2714 5625; x_wconf 88' lang='lat' dir='ltr'>Reg.</span> <span class='ocrx_word' id='word_1_828' title='bbox 2746 5554 2898 5625; x_wconf 71' lang='lat'>11,3.</span> 
     </span>
    </p>
   </div>
  </div>
