4166 6314
523 353 625 410 123

1836 351 2186 411 EUTHYMII
2224 350 2549 411 ZIGABENI

3779 363 3890 420 124

523 478 782 554 propriis
810 478 1109 552 operibus,
1137 493 1258 535 non
1282 478 1357 536 ab
1377 479 1583 537 alienis
1603 478 1831 553 probus
1868 478 2167 552 iudicatur

2276 479 2366 544 λός
2399 481 2430 541 ἦ
2465 480 2672 554 φαῦλος.
2735 487 2836 538 Καὶ
2890 485 2990 562 γὰρ
3039 489 3128 540 καὶ
3174 483 3269 541 διὰ
3317 487 3467 541 τοῦτο
3515 485 3660 548 ἦλθεν
3691 490 3716 542 ὁ
3750 497 3895 564 Χρι-

524 574 626 626 aut
664 569 996 642 improbus.
1029 571 1176 625 Nam
1208 569 1288 626 ob
1331 569 1392 625 id
1431 569 1611 626 etiam
1662 569 1824 626 venit
1868 569 2163 626 Christus:

523 674 647 715 non
670 666 732 714 ut
763 663 967 716 nostra
999 659 1220 730 fugeret
1247 659 1596 732 opprobria,
1645 659 1749 715 sed
1776 663 1842 716 ut
1888 675 1961 717 ea
1991 660 2171 716 susci-

526 752 711 821 peret,
758 748 1006 821 suisque
1056 748 1372 806 virtutibus
1416 748 1752 821 perimeret.
1805 750 1875 804 Ut
1899 747 2168 805 medicus

520 853 787 911 namque
839 838 1084 895 advenit
1136 838 1419 903 Christus,
1479 853 1602 894 non
1661 842 1726 894 ut
1776 837 1980 909 judex.
2042 837 2170 894 Haec

521 927 702 997 igitur
725 928 921 999 prima
945 932 1264 983 estcausa.
1297 927 1488 983 Altera
1516 943 1674 993 vero,
1717 926 1858 998 quia
1890 942 1961 983 eo
2003 927 2169 998 quod

519 1017 710 1074 Judaei
737 1017 991 1083 virtutis,
1024 1033 1160 1090 quae
1186 1017 1342 1074 circa
1372 1016 1636 1072 animam
1675 1019 1964 1082 versatur,
2007 1015 2172 1072 nulla

519 1105 726 1162 habita
765 1121 924 1171 cura,
980 1106 1054 1161 de
1084 1105 1560 1177 progenitoribus
1601 1104 1926 1176 plurimum
1960 1104 2170 1174 gloria-

522 1195 763 1259 bantur,
788 1194 1497 1266 generositatemillorum
1525 1209 1762 1249 sursum
1777 1209 1846 1249 ac
1888 1194 2171 1250 deorsum

523 1282 1052 1339 circumferentes:
1137 1282 1404 1355 reprimit
1482 1288 1780 1339 tumorem
1852 1283 2168 1354 ipsorum:

523 1372 850 1428 ostendens
878 1373 1049 1427 etiam
1083 1371 1214 1428 illos
1253 1387 1324 1427 ex
1363 1372 1681 1441 illegitimis
1703 1375 1873 1428 natos
1925 1371 2168 1444 nuptiis.

525 1461 735 1517 Statim
766 1461 919 1516 enim
953 1461 1284 1532 patriarcha
1309 1477 1540 1522 eorum,
1586 1460 1858 1532 ejusdem
1913 1459 2174 1516 nominis

522 1551 553 1604 J
561 1549 729 1616 udas,
763 1565 836 1605 ex
857 1565 926 1605 ea
956 1565 1091 1622 quae
1113 1549 1223 1606 sibi
1262 1550 1508 1606 scelesto
1539 1549 1722 1606 modo
1754 1548 2033 1621 copulata
2063 1553 2168 1616 est,

522 1638 964 1709 progenitorem
1021 1639 1287 1710 ipsorum
1338 1639 1554 1695 Phares
1619 1643 1677 1694 et
1741 1642 1888 1694 Zara
1944 1639 2166 1707 genuit.

520 1726 708 1782 David
749 1743 991 1799 quoque
1038 1728 1134 1783 ille
1206 1727 1358 1783 adeo
1408 1727 1674 1792 celebris,
1749 1743 1820 1782 ex
1901 1727 2170 1784 adultera

2279 572 2416 636 στὸς,
2473 571 2577 646 οὐχ
2633 573 2719 626 ἶνα
2783 577 2918 648 φύγῃ
2977 578 3042 628 τὰ
3091 579 3316 651 ἡμέτερα
3368 574 3564 648 ὀνείδη,
3623 577 3727 632 ἀλλ’
3789 583 3890 632 ἶνοὶ

2278 655 2496 744 δέξηται
2551 670 2736 734 ταῦτα,
2786 669 2876 718 καὶ
2926 665 3076 739 ἀνέλῃ
3134 663 3228 719 διὰ
3275 675 3374 718 τῶν
3427 671 3608 721 ἑαυτοῦ
3659 668 3886 744 ἀρετῶν.

2269 735 2361 813 Ὠς
2416 750 2594 826 ἰατρός
2642 756 2766 828 γὰρ,
2807 753 2912 825 οὐχ
2983 735 3062 815 ὡς-
3100 758 3302 828 κριτὴς,
3360 735 3701 830 παραγέγονεί
3766 761 3892 810 Μία

2275 840 2365 913 μέν
2413 837 2500 893 οὖν
2554 842 2685 900 αὕτη
2746 842 2910 896 αἰτία.
2965 847 3184 916 Δευτέρα
3235 841 3313 912 δὲ,
3363 846 3464 914 ὅτι,
3521 843 3700 904 ἐπειδὴ
3753 845 3890 900 Ἰου-

2279 926 2422 982 δαῖοι
2455 937 2552 993 τῆς
2580 934 2716 983 κατὰ
2760 931 2946 1004 ψυχὴν
3000 931 3181 1004 ἀρετῆς
3238 931 3554 1006 ἀμελοῦντες,
3609 939 3745 1007 μέγα
3793 934 3889 988 ἐπὶ

2276 1019 2386 1082 τοίς
2440 1024 2716 1092 προγόνοις
2798 1020 3112 1096 ἐκόμπαζον,
3165 1027 3257 1082 τὴν
3342 1022 3593 1093 εὐγένειαν
3673 1023 3888 1078 ἐκείνων

2276 1108 2380 1160 ἄνω
2438 1113 2527 1161 καὶ
2590 1111 2731 1162 κάτω
2803 1115 3176 1186 περιφέροντες,
3247 1111 3580 1164 καταστέλλει
3654 1115 3714 1164 τό
3787 1114 3891 1184 φύς

2281 1216 2428 1269 σημα
2477 1201 2694 1266 τούτων,
2744 1195 3011 1266 δεικνύων,
3075 1202 3155 1252 ὅτι
3207 1201 3436 1253 κάκεῖνοι
3474 1199 3528 1252 ἐκ
3565 1205 3888 1275 παρανόμων

2277 1289 2457 1359 γάμων
2522 1287 2769 1358 ἐγένοντο.
2837 1289 3033 1341 Αύτίκα
3086 1293 3185 1362 γὰρ
3236 1291 3261 1341 ό
3316 1291 3660 1362 πατριάρχης
3711 1289 3888 1342 αὐτῶν

2278 1380 2366 1427 καὶ
2419 1376 2688 1447 ὁμώνυμος
2751 1375 2973 1447 Ἰούδας,
3039 1379 3094 1441 ἐξ
3151 1377 3558 1451 ὰθεμιτογαμίας
3612 1383 3698 1431 τόν
3755 1383 3888 1452 πρόο

2277 1482 2425 1536 γονον
2478 1464 2647 1516 αὐτῶν
2709 1466 2868 1540 Φαρὲς
2925 1471 3014 1519 καὶ
3060 1470 3146 1519 τὸν
3204 1469 3348 1541 Ζαρὰ
3394 1466 3729 1538 ἁπεγεννησε.
3776 1472 3884 1520 Καὶ

2279 1553 2304 1604 ό
2333 1551 2638 1628 περιϐόητος
2680 1549 2738 1606 δὲ
2791 1555 2902 1626 (13)
2944 1553 3130 1622 Δαυίδ,
3191 1555 3246 1608 ἐκ
3297 1560 3542 1628 μοιχείας
3586 1559 3672 1608 τὸν
3734 1555 3884 1608 Σολο-

2277 1650 2469 1714 μῶντα.
2530 1647 2629 1695 Καὶ
2682 1643 2858 1696 λοιπὸν
2914 1646 3084 1716 μάτην
3138 1644 3224 1698 ἐπὶ
3271 1653 3374 1706 τοῖς
3419 1649 3692 1719 προγόνοις
3723 1663 3881 1716 μεγα-

2276 1731 2588 1803 λαυχοῦσιν.
2625 1731 2786 1804 Οἶμαι
2837 1734 2938 1808 γὰρ
2977 1730 3069 1786 διὰ
3094 1738 3187 1792 τὴν
3240 1733 3407 1786 αἰτίαν
3462 1733 3650 1805 μᾶλλον
3681 1735 3876 1790 ταύτην

522 1815 903 1872 Solomonem
945 1817 1267 1885 generavit.
1300 1819 1498 1872 Restat
1539 1816 1758 1888 itaque,
1791 1831 2015 1871 vanam
2041 1830 2167 1871 esse

2279 1823 2692 1894 μνημονευθῆναι
2748 1827 2836 1874 καὶ
2891 1825 3010 1884 τούς
3083 1819 3330 1895 ἀδελφοὺς
3389 1830 3480 1874 τοῦ
3543 1818 3744 1878 Ἰούδα.
3812 1821 3879 1873 Οἱ

519 1905 594 1960 de
617 1905 1188 1975 primogenitoribus
1205 1905 1574 1975 jactantiam.
1613 1906 1836 1976 Opinor
1873 1909 2071 1960 autem
2092 1903 2168 1959 ob

518 1993 679 2048 hanc
707 1994 886 2048 etiam
926 1993 1309 2064 potissimum
1340 2007 1610 2056 causam,
1646 1991 1896 2047 fratrum
1926 2007 2166 2064 quoque

518 2084 543 2138 ,Ι
552 2081 684 2137 udae
703 2081 1336 2156 meminisse.Quatuor
1363 2080 1523 2136 enim
1542 2080 1808 2151 ipsorum
1829 2080 1900 2136 ab
1934 2080 2165 2136 ancillis

518 2169 704 2226 Jacob
733 2171 853 2226 nati
888 2174 1044 2239 sunt,
1087 2174 1142 2224 et
1197 2173 1420 2225 tamem
1466 2168 1613 2224 nulli
1670 2184 1876 2225 eorum
1933 2170 2165 2240 generis

519 2258 712 2315 obfuit
739 2259 1108 2323 ditferentia;
1137 2273 1348 2314 omnes
1378 2273 1644 2328 namque
1684 2257 1948 2314 similiter
1978 2262 2034 2314 et
2072 2275 2168 2330 pa-

519 2348 789 2404 triarchae
837 2347 1094 2411 fuerunt,
1125 2351 1181 2402 et
1235 2346 1431 2417 capita
1477 2345 1758 2402 tribuum.
1809 2347 2001 2403 Tertia
2025 2363 2166 2404 vero

521 2452 706 2494 causa
719 2442 825 2503 est,
841 2436 1004 2508 quod
1021 2436 1299 2492 mulieres
1311 2435 1424 2491 illae
1438 2435 1882 2506 fueruntiigura
1896 2437 2167 2494 Ecclesia

520 2543 651 2600 quae
690 2541 758 2582 ex
812 2525 1087 2595 gentibus
1131 2529 1494 2595 congregata
1518 2531 1625 2582 est.
1651 2526 2166 2591 Quemadmodum

519 2616 682 2673 enim
718 2615 846 2670 illas
871 2614 1124 2670 diversis
1149 2613 1449 2686 subjectas
1476 2616 1734 2688 peccatis
1761 2617 1868 2672 viri
1904 2616 2169 2688 praedicti

519 2706 819 2760 duxerunt
845 2722 858 2762 :
892 2703 970 2759 ita
996 2718 1238 2775 quoque
1255 2703 1518 2759 Christus
1533 2705 1866 2761 humanam
1890 2710 2168 2762 naturam

518 2791 696 2849 variis
727 2805 1081 2863 oppressam
1111 2791 1393 2862 peccatis,
1419 2792 1530 2848 sibi
1554 2792 1668 2864 ipsi
1689 2793 1890 2849 univit.
1929 2797 1993 2850 Et
2023 2795 2170 2851 sicut

519 2895 706 2954 genus
755 2878 962 2936 talium
1023 2879 1341 2936 mulierum
1411 2895 1799 2953 nequaquam
1852 2882 2166 2952 indignum

517 2967 836 3039 reputavit,
905 2967 988 3023 ita
1057 2983 1166 3024 nec
1242 2967 1508 3024 Ecclesiae
1577 2983 1782 3024 secum
1844 2967 2169 3041 desponsa-

519 3055 768 3114 tionem.
861 3055 1047 3112 Simul
1138 3072 1381 3128 quoque
1457 3072 1563 3130 per
1628 3057 1769 3114 talia
1856 3057 2164 3122 docemur,

518 3161 642 3202 non
694 3144 768 3201 de
810 3145 1262 3218 progenitorum
1309 3147 1587 3218 peccatis,
1640 3147 1745 3203 sed
1794 3147 1863 3202 de
1906 3147 2164 3220 propriis

2277 3155 2468 3218 οἰκείας
2522 3154 2877 3226 ἐπιμελεῖσθαι
2939 3153 3127 3226 ἀρετῆς
3177 3175 3188 3188 ’

518 3234 867 3292 erubescere
900 3251 912 3289 ;
949 3251 1139 3306 neque
1168 3235 1242 3291 de
1265 3235 1596 3307 majoribus
1618 3235 1876 3308 gloriari,
1900 3237 2006 3292 sed
2033 3252 2164 3309 pro-

519 3324 663 3398 prim
694 3338 894 3381 curam
915 3323 1137 3380 habere
1167 3325 1421 3382 virtutis.
1457 3327 1657 3399 Neque
1700 3327 1858 3382 viros
1896 3328 2168 3397 egregios

517 3413 738 3469 talibus
760 3413 1071 3486 copulatos
1088 3413 1313 3486 nuptiis
1329 3420 1570 3486 propter
1600 3415 1696 3486 huj
1710 3415 1946 3471 usmodi
1969 3415 2167 3471 matri-

518 3501 722 3558 monia
759 3501 1149 3574 vilipendere.
1216 3505 1413 3574 Neque
1469 3518 1571 3559 eos
1619 3503 1920 3575 repellere,
1976 3504 2079 3575 qui
2132 3519 2168 3560 a

518 3588 766 3644 diversis
794 3588 1209 3660 iniquitatibus
1240 3589 1318 3645 ad
1349 3589 1525 3645 ﬁdem
1567 3591 1880 3647 accedunt.

590 3696 750 3750 Vers.
775 3698 830 3751 3.
873 3695 1093 3752 Phares
1141 3701 1352 3753 autem.
1389 3727 1459 3738 -—
1514 3696 1582 3750 V.
1646 3698 1730 3752 Η.
1769 3697 2163 3769 Babylonica.

517 3787 768 3850 Quartus
837 3788 994 3841 certe
1075 3785 1303 3856 Regum
1395 3785 1538 3842 liber
1616 3787 1664 3824 ¹²
1721 3802 1793 3844 ac
1867 3788 2164 3845 secundus

515 3873 1018 3947 Paralipomenon
1034 3875 1224 3947 “,tres
1246 3876 1419 3933 Josim
1438 3876 1594 3934 ﬁlios
1610 3877 2161 3950 ponuntJoacham,

513 3963 888 4035 Joacim,qui
918 3970 973 4021 et
1012 3964 1254 4021 Eliacim
1311 3967 1662 4032 vocabatur,
1711 3983 1782 4023 ac
1834 3967 2163 4036 Sedeciam,

515 4052 619 4126 qui
675 4058 734 4108 et
785 4052 1139 4107 Matthanias
1209 4051 1523 4110 dicebatur
1570 4071 1584 4120 ;
1638 4055 1713 4109 ab
1766 4070 1888 4111 uno
1962 4060 2165 4114 autem

514 4139 755 4205 horum,
810 4146 955 4210 puta
1006 4139 1318 4210 Joacham,
1389 4141 1770 4198 descendisse
1817 4143 2162 4201 Jechoniam

516 4228 747 4285 dicunt.
806 4227 976 4283 Liber
1031 4231 1234 4283 autem
1292 4229 1488 4285 Esdrae
1560 4230 1907 4287 Jechoniam
1975 4232 2164 4289 ﬁlium

2277 1909 2525 1984 τέσσαρες
2565 1913 2662 1984 γὰρ
2709 1911 2875 1963 αὐτῶν
2919 1909 3019 1963 ἀπὸ
3079 1907 3337 1964 δουλίδων
3385 1918 3456 1980 τῷ
3495 1908 3682 1964 Ἰακὼϐ
3734 1908 3877 1980 ἐγεν-

2277 2001 2532 2066 νήθησαν,
2576 2003 2665 2050 καὶ
2725 2001 2859 2070 ὅμως
2925 1999 3018 2052 ούκ
3079 1998 3294 2070 ἔϐλαψεν
3353 1996 3541 2052 ούδένα
3590 2001 3784 2050 τούτων
3843 2000 3873 2056 ἡ

2276 2095 2368 2140 τοῦ
2418 2091 2597 2158 γένους
2671 2083 2918 2160 διαφορά.
2991 2090 3179 2148 Πάντες
3233 2090 3331 2160 γὰρ
3405 2090 3596 2160 ὁμοίως
3648 2085 3878 2157 ἐγένοντο

2275 2181 2364 2229 καὶ
2410 2178 2762 2251 πατριάρχαι,
2813 2182 2904 2229 καὶ
2949 2176 3233 2249 φύλαρχοι.
3285 2181 3444 2251 Τρίτη
3498 2173 3556 2229 δε
3607 2175 3768 2242 αἰτία,
3799 2179 3880 2226 ὅτι

2277 2266 2332 2318 αἱ
2367 2272 2602 2336 γυναῖκες
2658 2263 2863 2337 ἐκεῖναι,
2921 2270 3076 2327 τύπος
3133 2263 3268 2324 ἦσαν
3319 2273 3408 2326 τῆς
3454 2263 3508 2327 ἐξ
3560 2263 3712 2317 ἐθνῶν
3757 2263 3877 2316 Ἐκ-

2276 2354 2510 2415 κλησίας.
2571 2353 2770 2428 Ὠσπερ
2818 2357 2918 2428 γὰρ
2974 2355 3186 2418 ἐκείνας,
3241 2351 3510 2429 διαφόροις
3557 2354 3880 2426 ἁμαρτήμα-

2279 2464 2361 2498 σιν
2430 2445 2782 2516 ὑποκειμένας,
2840 2446 2890 2496 oi
2965 2440 3275 2505 δηλωθέντες
3339 2439 3526 2517 ἄνδρες
3593 2442 3872 2514 ἠγάγοντο·

2277 2533 2411 2587 οὕτω
2439 2537 2529 2585 καὶ
2558 2533 2584 2584 ὁ
2617 2536 2844 2606 Χριστός
2891 2535 2983 2592 τὴν
3023 2531 3345 2607 ἀνθρωπίνην
3393 2534 3572 2604 φύσιν,
3605 2527 3876 2606 διαφόροις

2277 2621 2644 2695 ἁμαρτήμασιν
2717 2622 3102 2690 ύποπεσοῦσαν,
3175 2623 3446 2696 ἠρμοσατο
3522 2620 3705 2690 ἐαυτῷ.
3775 2623 3877 2672 Καὶ

2277 2712 2450 2784 ὥσπερ
2499 2714 2557 2763 τό
2610 2713 2750 2782 γένος
2798 2718 2895 2763 τῶν
2960 2713 3203 2763 τοιούτων
3278 2717 3537 2782 γυναικῶν
3590 2708 3683 2760 ούκ
3735 2707 3877 2766 ἀπη-

2277 2800 2460 2862 ξίωσεν
2503 2820 2514 2833 ·
2561 2802 2721 2862 οὕτως
2763 2795 2884 2852 ούδὶ
2931 2803 3024 2858 τὴν
3074 2807 3168 2859 τῆς
3207 2798 3517 2860 Ἐκκλησίας
3563 2799 3873 2868 νύμφευσιν.

2275 2887 2418 2961 Ἀμα
2448 2885 2506 2942 δὲ
2555 2893 2645 2941 καὶ
2694 2884 3060 2960 διδασκόμεθα
3109 2884 3202 2940 διὰ
3243 2895 3341 2939 τῶν
3385 2888 3649 2952 τοιούτων,
3683 2888 3756 2957 μὴ
3789 2883 3874 2936 ἐπὶ

2276 2984 2391 3039 ταῖς
2422 2985 2520 3030 τῶν
2567 2981 2830 3050 προγόνων
2878 2976 3179 3050 ἁμαρτίαις,
3230 2975 3337 3028 ἀλλ’
3385 2974 3469 3028 ἐπὶ
3515 2981 3631 3035 ταῖς
3661 2973 3878 3034 οἰκείαις

2277 3066 2650 3138 αἰσχύνεσθαι,
2704 3061 2842 3138 μηδὲ
2880 3069 3028 3138 μέγα
3075 3072 3271 3140 φρονεῖν
3319 3063 3405 3116 ἐπὶ
3451 3067 3742 3136 προγόνοις,
3770 3060 3876 3113 ἀλλ’

3241 3173 3311 3224 μη
3321 3149 3355 3206 δ
3358 3156 3379 3205 ξ
3439 3151 3704 3224 φαυλίζειν
3757 3154 3880 3210 τοὺς

2277 3245 2377 3299 ἀπὸ
2436 3242 2850 3316 διαϐεϐλημένων
2915 3245 3093 3315 γὰμων
3168 3242 3433 3315 ἐναρέτους
3488 3243 3874 3313 γεγενημένους,

2275 3331 2414 3407 μηδὲ
2481 3335 2837 3408 παρωθείσθαι
2889 3332 3004 3392 τούς
3061 3331 3115 3384 ἐκ
3173 3328 3433 3405 διαφόρων
3495 3329 3874 3402 ἁμαρτημάτων

2274 3431 2336 3497 τῇ
2368 3428 2546 3476 πίστει
2575 3425 3045 3495 προσερχομένους.

2347 3702 2502 3773 Φαρὲς
2569 3729 2638 3742 —-
2695 3697 3009 3758 Βαϐυλῶνος.
3087 3695 3146 3748 Ἠ
3227 3697 3318 3768 μεν
3395 3696 3612 3769 τετάρτη
3697 3691 3876 3765 βίϐλος

2273 3798 2373 3843 τῶν
2432 3787 2706 3842 Βασιλειῶν
2764 3791 2853 3840 καὶ
2896 3788 2925 3845 ἡ
2983 3781 3204 3859 δευτέρα
3260 3792 3358 3837 τῶν
3415 3782 3874 3858 Παραλειπομένων

2273 3885 2409 3956 τρεῖς
2455 3881 2600 3942 υἱούς
2645 3880 2915 3952 ἱστοροῦσι
2951 3881 3042 3927 τοῦ
3093 3879 3316 3940 Ἰωσίου,
3358 3876 3444 3927 τὸν
3497 3873 3732 3944 Ἰωάχαζ
3783 3875 3873 3924 καὶ

2271 3973 2358 4022 τόν
2410 3966 2667 4038 Ἰωακεὶμ,
2723 3965 2773 4026 ὃς
2827 3968 2918 4016 καὶ
2990 3962 3249 4034 Ἐλιακείμ
3322 3961 3572 4029 ἑκαλεῖτο,
3641 3967 3734 4013 καῖ
3789 3963 3875 4012 τόν

2274 4053 2536 4124 Σεδεκίαν,
2582 4055 2632 4116 ὃς
2679 4058 2767 4106 καὶ
2813 4054 3113 4113 Ματθανίας
3169 4049 3382 4122 ἐλέγετο,
3434 4049 3542 4110 ἑνός
3573 4045 3631 4102 δε
3660 4051 3872 4114 τούτων,

2275 4152 2366 4199 τοῦ
2417 4144 2654 4215 Ἰωακεὶμ
2710 4143 2839 4214 (13’)
2889 4141 3301 4213 ἀπογωνηθῆναι
3352 4141 3438 4191 τὸν
3493 4138 3743 4210 Ἰεχονίαν
3782 4155 3794 4167 ·
3843 4141 3872 4195 ἡ

2276 4231 2335 4287 δὲ
2381 4240 2472 4285 τοῦ
2515 4232 2684 4304 Ἐσρα
2735 4230 2931 4306 βίϐλος,
3000 4234 3087 4282 τόν
3139 4229 3408 4300 Ἰεχονίαν,
3450 4229 3561 4280 υἱόν
3605 4227 3734 4279 εἶναι
3784 4233 3877 4278 τού

516 4317 694 4374 Ιοεὶω
758 4315 945 4371 fuisse
1017 4315 1177 4388 dicit,
1250 4317 1401 4373 sicut
1467 4322 1524 4374 et
1573 4333 1839 4390 prmsens
1912 4336 2167 4392 evange-

2276 4323 2476 4376 Ἰωσίου
2530 4326 2709 4394 φησιν,
2767 4323 2940 4394 ὥσπερ
3000 4323 3091 4371 καὶ
3156 4319 3180 4370 ὁ
3238 4321 3414 4388 παρὼν
3483 4314 3875 4386 εύαγγε)ιστής.

517 4405 676 4462 lista.
706 4403 858 4471 Quid
881 4419 1022 4475 ergo
1072 4403 1394 4460 dicemus?
1447 4407 1621 4472 Quod
1676 4423 1858 4480 quem
1908 4409 1988 4466 illi
2032 4410 2168 4468 Joa-

519 4495 695 4551 cham
747 4494 1046 4563 dixerunt,
1095 4493 1194 4551 hic
1246 4495 1597 4552 Jechoniam
1637 4498 1938 4572 appellat;
1997 4501 2168 4558 bino-

517 4583 697 4640 minis
723 4583 873 4640 enim
903 4588 1045 4650 erat,
1075 4583 1224 4640 sicut
1250 4588 1305 4642 et
1337 4585 1550 4642 fratres
1599 4587 1710 4643 sui.
1745 4587 1972 4647 Etenim
2013 4607 2170 4664 qua:-

519 4688 758 4746 cunque
783 4671 864 4729 illi
899 4673 1054 4730 circa
1099 4673 1389 4730 Joacbam
1445 4675 1742 4745 dixerunt,
1797 4678 1924 4736 hinc
1963 4683 2170 4740 omnia

518 4762 718 4820 Esdraa
769 4762 918 4818 liber
959 4761 1388 4820 invariabiliter
1429 4764 1504 4822 de
1553 4765 1836 4824 Jechonia
1887 4769 2073 4827 dixit:
2113 4775 2170 4828 et

517 4853 684 4926 quod
714 4857 967 4910 matrem
988 4852 1197 4910 habuit
1229 4853 1484 4919 Amitad,
1545 4854 1729 4912 ﬁliam
1768 4859 2066 4916 Jeremiae:
2112 4864 2170 4918 et

519 4941 688 5014 quod
745 4942 946 5015 viginti
976 4943 1156 5001 trium
1186 4957 1488 5001 annorum
1525 4950 1670 5016 erat,
1725 4962 1862 5005 cum
1914 4964 2168 5021 regnare

591 5119 639 5156 ¹¹
663 5118 736 5178 IV
759 5119 906 5192 Reg.
939 5135 1083 5178 mi.
1108 5122 1155 5158 ¹³
1183 5121 1230 5178 ΙΙ
1258 5121 1450 5182 Paral.
1478 5137 1674 5180 xxx".

2275 4417 2338 4466 Τί
2377 4408 2463 4464 οὖν
2503 4410 2710 4484 ἐροῦμεν
2744 4409 2905 4476 ;”Οτι
2951 4409 3004 4460 ὃν
3049 4406 3236 4459 ἐκεῖναι
3266 4402 3405 4458 εἶπον
3458 4404 3712 4475 Ἰωάχαζ,
3752 4411 3878 4456 τοῦ-

2275 4521 2362 4555 τον
2405 4501 2537 4560 αὕτη
2571 4505 2728 4572 φησιν
2777 4500 3046 4569 Ἰεχονίαν.
3098 4501 3361 4568 Διώνυμος
3413 4495 3515 4565 γὰρ
3571 4489 3654 4562 ἦν,
3704 4494 3877 4564 ὥσπερ

2276 4597 2366 4644 καὶ
2395 4593 2445 4643 οἱ
2474 4587 2686 4660 ἀδελφοὶ
2731 4583 2910 4641 αύτοῦ.
2963 4589 3062 4639 Καὶ
3098 4586 3222 4658 γὰρ,
3269 4584 3396 4658 ἅπερ
3445 4583 3638 4654 ἓφασαν
3693 4580 3881 4632 ἐκεῖναι

2276 4681 2572 4755 παράσημα
2627 4685 2718 4730 τοῦ
2786 4675 3040 4747 ’Ῑωάχαζ,
3095 4681 3261 4726 ταῦτα
3316 4675 3516 4746 εἴρηκεν
3571 4667 3880 4743 ἀπαραλλά-

2277 4770 2468 4831 κτωςή
2511 4775 2602 4820 τοῦ
2634 4765 2805 4839 Ἐσρα
2836 4763 3018 4837 βίϐλος
3063 4765 3231 4815 πάντα
3281 4760 3364 4814 ἐπὶ
3403 4769 3474 4830 τῷ
3523 4760 3772 4830 Ἰεχονίᾳ,
3803 4759 3882 4810 ὅτι

2277 4878 2332 4912 τε
2362 4861 2563 4931 μητέρα
2598 4851 2710 4927 εἶχε
2740 4858 2833 4913 τὴν
2875 4848 3100 4924 Ἀμιτάδ
3149 4855 3281 4922 (15),
3327 4851 3585 4923 θυγατέρα
3611 4846 3878 4920 Ἰερεμίου,

2279 4953 2370 5002 καὶ
2424 4949 2500 5001 ὃτι
2557 4947 2722 4998 εἰκοσι
2776 4946 2866 4996 καὶ
2917 4948 3071 5016 τριῶν
3125 4937 3248 4992 ἐτῶν
3297 4937 3621 5002 ἐϐασίλευσε,
3677 4938 3763 4988 καὶ
3806 4935 3884 4986 ὅτι

1695 5303 1912 5374 Variae
1959 5304 2288 5375 lectiones
2319 5309 2388 5373 et
2434 5309 2613 5372 notae

618 5472 706 5542 43)
739 5474 818 5537 Δέ,
852 5469 1087 5527 omittit.
1122 5473 1190 5527 A.

621 5544 731 5616 13')
756 5543 1010 5616 Ἰᾲωάχαζο
1038 5544 1106 5597 Α.

623 5612 720 5687 14)’
739 5612 983 5672 νὶἀοῐιιι·
1010 5615 1304 5689 respicere
1334 5614 1355 5670 Ι
1387 5612 1590 5671 Esdrse
1613 5628 1671 5682 ιι,
1706 5617 1794 5672 32.
1819 5614 1918 5671 ubi
1945 5614 2182 5672 variant

2283 5473 2342 5528 in
2373 5472 2628 5546 nomine_
2651 5468 2887 5546 Ἰωάχοξς
2910 5472 2967 5546 9!
2995 5466 3262 5546 ἰξχργέαἉ
3603 5533 3613 5545 .
3768 5532 3778 5543 .

2290 5545 2470 5673 C(15)
2515 5546 2573 5600 L.
2610 5543 2629 5596 Ι
2662 5535 2900 5615 Ἀμὶτάλ,
2937 5535 3185 5598 Sed'ibi
3213 5552 3456 5612 quoque
3486 5535 3619 5594 libri
3656 5535 3890 5591 variant

2337 5630 2492 5672 rusci.
