4166 6314
282 280 366 340 125
1227 273 1594 336 COMMENT.
1636 271 1705 327 IN
1746 266 2189 327 MATTHIEUM.
2231 298 2299 311 -—
2338 265 2496 323 CAP.
2546 258 2586 321 Ι.

3487 259 3594 319 126

276 417 383 483 τρεῖς
426 412 605 481 μόνους
650 416 815 482 μῆνας
876 405 1195 481 βασιλεύσας
1252 402 1495 466 ἐξεϐλήθη
1550 400 1693 473 παρὰ
1737 405 1827 450 τοῦ

1943 394 2231 468 cmpisset,
2282 394 2338 450 et
2393 392 2586 450 tribus
2639 393 2872 451 tantum
2924 387 3237 449 mensibus
3303 382 3592 459 regnavit.

271 505 446 571 φαραω,
496 496 751 568 βασιλέως
796 496 1081 569 Αἰγὺπτου,
1116 499 1210 548 καὶ
1255 492 1504 563 κατήχθη
1544 485 1728 551 δοῦλος
1757 486 1829 549 εἰς

263 592 497 658 Αῖγυπτον
511 632 523 645 .

313 799 465 853 Ὣστε
518 800 696 854 λοὶπόν
752 800 923 875 ἕτερος
953 800 1207 871 Ἰεχονίας
1254 793 1336 864 ἧν,
1370 796 1396 848 ὀ
1426 796 1540 855 υίὸς
1590 792 1827 865 Ἰωακεὶμ

248 890 372 956 (l6),
409 886 604 951 οὗτινος
637 886 760 942 οὐδε
790 886 1040 961 ἀδελφοὺς
1068 884 1288 959 οὐδεμία
1309 884 1490 956 βίϐλος
1522 880 1822 957 ἀνέγραψεν.

245 978 386 1039 Εἰκὸς
422 981 533 1049 (17)
582 976 660 1046 δε,
697 981 826 1050 μετὰ
874 982 931 1031 τὸ
975 977 1439 1051 κατατροπωθῆναι
1473 977 1588 1034 τοὺς
1621 972 1825 1043 Αἰγυπ-

246 1071 374 1127 τίους
444 1068 543 1120 ὑπὸ
614 1064 1112 1141 Ναϐουχοδονόσορ,
1174 1064 1431 1138 βασιλέως
1506 1061 1822 1127 Βαϐυλῶνος,

250 1159 602 1227 μετενεχθῆναι
673 1162 761 1209 καὶ
849 1160 936 1209 τὸν
1019 1156 1290 1228 Ἰεχονίαν,
1378 1154 1449 1215 εἰς
1528 1150 1822 1216 Βαϐυλῶνα,

250 1249 329 1296 καὶ
382 1243 427 1296 ἐν
472 1247 640 1317 ταύτῃ
692 1252 939 1317 γεννῆσαι
986 1249 1073 1297 τὸν
1129 1242 1403 1302 Σαλαθιήλ,
1471 1241 1675 1301 Ἰωσίας
1743 1235 1823 1308 δε,

249 1336 410 1403 φησὶν,
474 1332 715 1403 ἐγέννησε
766 1336 851 1386 τὸν
928 1333 1177 1405 Ἰεχονίαν
1249 1336 1337 1384 καὶ
1394 1333 1512 1391 τοὺς
1571 1325 1824 1399 ἀδελφοὺς

244 1420 387 1473 αὐτοῦ
442 1420 528 1474 ἐπὶ
610 1430 703 1483 τῆς
766 1426 1092 1494 μετοικεσίας
1166 1419 1485 1481 Βαϐυλῶνος.
1546 1422 1645 1470 Καὶ
1698 1420 1821 1487 μήν,

1940 484 2175 557 Ejectus
2205 486 2295 539 est
2324 482 2481 538 enim
2515 498 2550 537 a
2569 482 2883 541 Pharaone
2912 496 3050 552 rege
3070 478 3329 552 Egypti,
3365 481 3421 533 et
3457 489 3595 549 cap-

1940 572 2094 630 tivus
2146 571 2427 644 migravit
2452 572 2513 628 in
2543 574 2884 644 Egyptum.

2008 799 2322 873 Reliquum
2389 804 2476 856 est
2518 798 2713 873 igitur,
2758 803 2820 854 ut
2858 797 3008 854 alius
3055 796 3227 854 fuerit
3268 795 3592 853 Jechonias

1934 888 2092 945 ﬁlius
2140 891 2391 955 Joacim,
2444 890 2616 962 cujus
2662 889 2874 945 fratres
2931 887 3127 943 nullus
3177 887 3320 943 liber
3372 887 3588 959 posuit.

1935 976 2262 1034 Verisimile
2279 983 2364 1035 est
2385 982 2583 1035 autem
2605 982 2925 1050 postquam
2949 975 3203 1048 Egyptii
3222 990 3258 1029 a
3282 974 3594 1030 Nabucho-

1935 1066 2219 1133 donosor,
2238 1083 2373 1136 rege
2389 1068 2724 1139 Babylonis,
2754 1066 2941 1139 fugati
2969 1070 3126 1129 sunt,
3146 1063 3491 1119 translatum
3504 1077 3595 1117 es-

1935 1169 1997 1209 se
2015 1155 2425 1212 etJechoniam
2439 1156 2499 1211 in
2515 1154 3035 1228 Babylonem,etin
3055 1169 3124 1209 ea
3144 1152 3416 1223 genuisse
3431 1151 3593 1206 Sala-

1933 1243 2097 1300 thiel.
2126 1245 2330 1311 Josias,
2362 1247 2572 1317 inquit,
2596 1246 2788 1316 genuit
2810 1244 3149 1300 Jechom‘am
3169 1248 3221 1297 et
3239 1244 3451 1313 fratres
3467 1242 3594 1309 ejus

1931 1331 2545 1403 intransmz’gralione,
2580 1334 2948 1404 Babylonica.
2972 1334 3034 1387 Et
3059 1332 3303 1404 quidem
3325 1330 3432 1385 bos
3456 1333 3594 1383 ante

1930 1420 2271 1477 Judazorum
2288 1423 2350 1478 in
2371 1422 2769 1495 Babyloniam
2790 1428 2950 1477 trans
2965 1420 3373 1490 migrationem
3398 1416 3594 1473 Josias

243 1512 330 1580 πρὸ
394 1518 486 1571 τῆς
551 1510 624 1571 εἰς
680 1509 958 1563 Βαϐυλῶνα
1011 1514 1338 1582 μετοικεσίας
1387 1516 1486 1560 τῶν
1534 1501 1820 1569 Ἰουδαίων,

1943 1516 2236 1578 genuerat.
2272 1512 2583 1584 Reliquum
2601 1515 2688 1567 est
2716 1526 2877 1580 ergo,
2900 1517 2978 1576 ut,
2993 1511 3055 1565 in
3073 1506 3595 1578 transmigratione

241 1601 442 1661 τούτους
472 1600 498 1651 6
552 1602 761 1661 Ἰωσίας
811 1599 1065 1671 ἐγέννησε.
1111 1602 1305 1653 Λοιπὸν
1352 1593 1439 1649 οὖν
1468 1599 1545 1660 τὸ,
1584 1594 1701 1646 Ἐπὶ
1728 1599 1823 1651 τῆς

240 1693 572 1758 μετοικεσίας,
608 1690 724 1740 ἀντί
754 1696 867 1755 τοῦ,
906 1688 1134 1746 Πλησίον
1164 1695 1256 1739 τοῦ
1292 1692 1478 1761 καιροῦ
1503 1692 1598 1745 τῆς
1646 1701 1822 1755 μετοι-

238 1781 421 1839 κεσίας·
457 1778 839 1849 Ἐμνημόνευσε
869 1774 927 1830 δὲ
952 1781 1041 1831 καὶ
1073 1785 1170 1829 τῶν
1202 1773 1433 1847 ἀδελφῶν
1465 1773 1647 1838 αὐτοῦ,
1681 1768 1822 1822 διότι

237 1871 314 1917 καὶ
373 1866 527 1918 αὐτοὶ
583 1869 770 1929 πάντες
815 1863 1105 1939 ἀμοιϐαδὸν
1141 1864 1500 1930 ἐϐασίλευσαν,
1532 1866 1617 1914 καὶ
1663 1879 1820 1933 μετῳ-

1932 1598 2204 1669 capiatur
2233 1616 2342 1672 pro
2373 1616 2443 1657 eo
2468 1601 2752 1673 quodest,
2777 1600 2935 1656 circa
2954 1604 3184 1668 tempus
3212 1595 3595 1664 transmigra-

1931 1684 2127 1741 tionis.
2146 1690 2656 1762 Meminitquoque
2669 1690 2919 1745 fratrum
2934 1687 3063 1758 ejus
3091 1702 3103 1741 :
3120 1701 3190 1741 eo
3202 1684 3363 1757 quod
3387 1697 3594 1739 omnes

1931 1773 2045 1845 ipsi
2084 1776 2349 1834 similiter
2372 1784 2792 1849 regnaverunt,
2820 1781 2877 1833 et
2899 1776 3120 1849 pariter
3143 1790 3180 1830 a
3200 1771 3595 1831 Nabuchodo-

1932 1877 2111 1920 nosor
2135 1866 2351 1937 captivi
2384 1866 2443 1921 in
2473 1864 2839 1937 Babylonem
2869 1862 3137 1921 translati
3160 1865 3316 1917 sunt.

234 1957 484 2013 κισθησαν
508 1960 601 2007 καὶ
627 1956 771 2007 οὗτοι
795 1956 893 2007 ὑπὸ
925 1953 1400 2027 Ναϐουχοδονόσορ
1433 1951 1765 2024 αἰχμάλωτοι
1794 1947 1868 2010 εἰς
1896 1950 2198 2012 Βαϐυλῶνα.

298 2044 399 2114 [Τί
430 2040 491 2096 δὲ
523 2044 639 2115 (18)
671 2042 864 2102 δήποτε
900 2047 1031 2097 κατὰ
1065 2050 1157 2102 τήν
1200 2047 1365 2116 μέσην
1396 2046 1590 2098 ταυτην
1630 2034 1823 2113 μερίδα

234 2140 359 2204 τρεῖς
408 2132 665 2207 παρέλιπε
716 2131 972 2205 βασιλεῖς,
1030 2138 1115 2185 τόν
1186 2152 1240 2184 τε
1293 2138 1386 2184 τοῦ
1442 2131 1631 2203 Ἰωρὰμ
1687 2131 1820 2193 υιόν,

232 2220 503 2293 Ὀχοζίαν,
544 2225 632 2274 καὶ
679 2225 765 2274 τὸν
812 2230 905 2274 τοῦ
951 2222 1202 2294 Ὀχοζίου
1238 2224 1369 2287 υίόν,
1403 2220 1569 2283 Ἰωὰς,
1611 2221 1699 2269 καὶ
1738 2221 1823 2269 τὸν

229 2318 315 2361 τοῦ
345 2311 498 2370 Ἰωὰς
536 2313 648 2361 υίόν
691 2310 826 2383 (19),
871 2310 1147 2382 Ἀμεσίαν;
1182 2310 1427 2382 ’Δμεσίας
1453 2311 1551 2382 γὰρ
1590 2306 1827 2378 ἐγέννησε

230 2399 311 2450 τὸν
370 2398 647 2474 Ἀζαρίαν,
706 2401 838 2451 κατὰ
898 2405 991 2457 τήν
1061 2401 1310 2471 τετάρτην
1380 2405 1480 2449 τῶν
1542 2395 1826 2451 Βασιλειῶν

233 2485 429 2558 βίϐλον,
500 2487 557 2539 δν
611 2488 792 2549 Ὀξίαν
852 2490 883 2547 ἡ
939 2485 1155 2561 δευτέρα
1212 2496 1311 2540 τῶν
1371 2486 1827 2561 Παραλειπομένων

232 2576 484 2649 ὠνόμασε·
549 2573 810 2648 διωνυμος
859 2578 959 2649 γὰρ
1019 2576 1100 2635 ἧν.
1155 2582 1270 2638 Πῶς
1344 2571 1431 2627 οὖν
1484 2576 1508 2626 6
1565 2574 1829 2632 Ματθαῖός

232 2684 406 2735 φησιν,
469 2666 554 2716 ὃτι
607 2662 795 2737 Ἰωράμ
854 2662 1088 2735 ἐγέννησε
1140 2667 1227 2716 τὸν
1292 2662 1514 2729 Ὀζίανς
1578 2660 1682 2713 ἀλλ’
1752 2661 1831 2712 ὃτι

234 2754 317 2824 μεν
367 2753 565 2827 Ἰωρὰμ
621 2751 861 2824 ἐγέννησε
900 2755 984 2804 τὸν
1051 2751 1252 2820 Ὀξίαν,
1310 2755 1378 2812 ὡς
1428 2750 1677 2821 ἀπόγονον
1736 2749 1830 2802 αὑ-

235 2848 321 2893 τοῦ
354 2842 485 2912 (20),
538 2837 717 2899 δῆλον·
776 2838 868 2894 διὰ
909 2846 1025 2893 τίνα
1076 2837 1135 2893 δε
1180 2840 1330 2912 λόγον
1375 2842 1425 2893 οἱ
1452 2847 1585 2914 τρεῖς
1615 2840 1831 2914 παρειά-

242 2929 416 2999 θησαν,
470 2932 543 2990 ὡς
600 2933 823 3003 εῖρηται,
858 2927 1112 3001 βασιλεῖς,
1164 2926 1336 2991 οὐδείς
1388 2948 1469 2982 πω
1520 2929 1630 3000 (21)
1669 2931 1831 3001 μέχρι

238 3022 321 3070 καὶ
362 3026 445 3070 νῦν
509 3014 638 3073 εἶπε.
672 3020 815 3071 Πάνυ
845 3021 946 3094 γὰρ
994 3020 1184 3093 ἄπορος
1219 3019 1243 3070 6
1286 3017 1438 3089 λόγος
1480 3024 1659 3088 τοῖσγε
1697 3019 1832 3068 κατὰ

229 3108 318 3167 τὰς
346 3108 611 3181 ἡμετέρας
645 3108 840 3179 γενεὰς,
875 3109 955 3159 ὅτι
978 3104 1117 3179 μηδέ
1146 3115 1245 3159 τῶν
1271 3110 1371 3183 πρὸ
1403 3109 1547 3180 ἡμῶν
1576 3126 1653 3168 τις
1684 3105 1832 3158 ἔλυσε

228 3196 281 3245 τὸ
306 3196 421 3264 (22)
451 3196 791 3267 ζητούμενον.
822 3194 839 3265 ]

2000 2044 2042 2112 -ί-
2061 2045 2103 2108 Q
2114 2043 2374 2100 uomodo
2391 2048 2590 2100 autem
2603 2044 2759 2099 circa
2772 2041 3035 2098 mediam
3048 2042 3206 2097 hanc
3236 2043 3459 2112 partem
3477 2044 3595 2094 tres

1931 2133 2209 2203 praeteriit
2235 2148 2427 2203 reges,
2456 2148 2673 2205 nempe
2703 2131 3040 2197 Ochosiam,
3068 2130 3253 2186 ﬁlium
3283 2130 3506 2192 Joram,
3539 2130 3597 2183 et

1933 2220 2202 2276 Ochosias
2233 2221 2442 2287 ﬁlium,
2488 2224 2652 2288 Joas,
2688 2226 2745 2277 et
2783 2220 2973 2292 ipsius
3016 2220 3172 2283 Joas,
3199 2218 3389 2273 tilium
3420 2218 3597 2272 Ama-

1935 2310 2085 2365 siam
2099 2310 2127 2365 ?
2148 2310 2426 2366 Amasias
2445 2311 2604 2366 enim
2623 2310 2826 2379 genuit
2844 2309 3133 2373 Azariam,
3166 2322 3348 2378 quem
3376 2321 3594 2361 secun-

1935 2398 2048 2454 dus
2078 2399 2566 2470 Paralipomenon
2586 2399 2786 2456 Oziam
2806 2399 2853 2435 ¹⁴
2881 2396 3213 2453 nominavit
3235 2409 3246 2448 :
3268 2395 3594 2451 binominis

1937 2490 2095 2545 enim
2126 2495 2270 2546 erat.
2296 2489 2610 2555 Quomodo
2634 2504 2775 2559 ergo
2806 2489 3116 2544 Matthasus
3138 2487 3219 2542 ait
3243 2502 3254 2541 :
3279 2485 3477 2542 Joram
3498 2500 3593 2555 ge-

1936 2577 2064 2633 nuit
2108 2578 2304 2635 Oziam
2336 2580 2364 2633 Υ
2403 2583 2551 2635 Nam
2600 2578 2765 2651 quod
2816 2579 3017 2633 Joram
3070 2575 3336 2645 genuerit
3392 2574 3593 2629 Oziam

1940 2673 2231 2739 tanquam
2277 2668 2637 2740 abnepotem
2684 2672 2789 2722 aut
2835 2671 3145 2739 posterum
3212 2679 3409 2733 suum,
3471 2678 3595 2719 non

1938 2762 2228 2828 tanquam
2259 2756 2458 2821 ﬁlium,
2502 2756 2888 2812 manifestum
2922 2758 3025 2810 est.
3058 2754 3187 2819 Qua
3216 2752 3388 2824 igitur
3413 2766 3597 2807 causa

1938 2848 2057 2900 tres
2088 2861 2276 2917 reges,
2307 2850 2368 2901 ut
2406 2846 2626 2901 dictum
2670 2848 2780 2910 est,
2817 2841 3198 2916 praetermissi
3227 2841 3366 2906 sint,
3394 2839 3596 2895 nullus

1938 2934 2220 2990 hactenus
2244 2933 2409 2989 dixit.
2434 2933 2608 2989 Valde
2623 2933 2778 2989 enim
2795 2930 3079 3004 perplexa
3093 2934 3181 2985 est
3199 2930 3350 2986 ratio
3376 2928 3467 2984 his
3490 2927 3596 3000 qui

1940 3022 2160 3078 nostris
2189 3022 2313 3078 nati
2352 3028 2490 3078 sunt
2536 3022 2926 3094 temporibus.
2972 3018 3324 3075 Reverentia
3372 3022 3593 3080 autem,

1938 3126 2123 3182 quam
2149 3125 2292 3179 erga
2322 3112 2579 3181 majores
2608 3115 2848 3166 nostros
2900 3108 3260 3172 habuerunt,
3310 3105 3371 3161 in
3409 3120 3596 3161 causa

1938 3198 2048 3255 fuit
2077 3205 2140 3254 ut
2168 3200 2245 3255 ab
2275 3200 2389 3256 hac
2419 3199 2800 3264 abstinerent,
2832 3196 3174 3268 quaestione.

294 3285 439 3336 Μετὰ
495 3278 553 3335 δὲ
604 3313 672 3325 -
737 3284 763 3335 6
823 3283 1090 3356 λεγόμενος
1164 3288 1419 3357 Χριστός.
1490 3289 1827 3347 Καταντησας

2015 3290 2168 3344 Vers.
2204 3289 2290 3343 12.
2323 3288 2397 3343 Et
2421 3296 2641 3358 post—
2672 3286 2839 3342 Vers.
2876 3287 2961 3341 16.
2996 3284 3104 3351 Qui
3143 3286 3385 3340 vocatur
3424 3281 3595 3337 Chri-

231 3370 294 3431 εἰς
354 3374 443 3424 τὸν
499 3370 713 3443 Ἰωσὴφ,
747 3371 842 3423 οὐκ
895 3371 1086 3429 ἓστησε
1128 3375 1291 3445 μέχρι
1326 3376 1511 3425 τούτου
1542 3376 1628 3425 τὸν
1657 3372 1829 3445 λόγον,

231 3457 353 3511 ἀλλὰ
398 3462 743 3536 προσέθηκεν,
805 3462 885 3513 ὅτι
936 3463 1022 3510 τὸν
1058 3456 1226 3535 ἄνδρα
1273 3466 1499 3535 Μαρίας,
1538 3458 1830 3529 διδάσκων,

232 3549 306 3600 ὅτι
338 3545 434 3602 διὰ
498 3552 693 3606 ταύτην
742 3549 898 3601 αὐτὸν
951 3548 1361 3621 ἐγενεαλόγησεν.
1412 3549 1549 3603 Ἐπεὶ
1595 3550 1696 3624 γὰρ
1739 3550 1833 3604 οὐκ

234 3633 289 3694 ἧν
343 3639 467 3699 ἔθος
522 3636 938 3708 γωεαλογεῖσθαι
1001 3644 1275 3709 γυναῖκας,
1338 3635 1684 3706 ἐσπούδασεν,
1752 3643 1835 3692 ῖνα

234 3730 316 3778 καὶ
362 3729 423 3779 τὸ
479 3727 589 3786 ἔθος
620 3725 841 3798 φυλάξῃ,
875 3731 964 3779 καὶ
1013 3731 1199 3801 τρόπον
1230 3729 1396 3800 ἕτερον
1445 3725 1695 3801 ἀποδείξῃ
1750 3732 1831 3780 τὸν

235 3818 465 3889 Χριστὸν
518 3812 575 3865 ἐκ
606 3818 787 3885 γένους
838 3822 930 3867 τοῦ
977 3813 1214 3889 Ἀϐραὰμ
1252 3820 1463 3869 καὶτοῦ
1509 3814 1675 3869 Δαυίδ
1701 3836 1831 3870 κατ-

234 3909 504 3976 αγόμενον.
564 3906 650 3954 Διό
711 3903 801 3954 καὶ
847 3903 1225 3974 γενεαλογῆσας
1272 3909 1357 3957 τὸν
1415 3914 1696 3980 μνηστῆρα
1742 3914 1833 3967 τῆς

233 3996 579 4065 Θεομήτορος,
640 3987 731 4043 διὰ
797 3995 981 4043 τούτου
1033 3995 1090 4045 τὸ
1149 3989 1573 4067 σπουδαζόμενον
1629 3991 1833 4048 ἀπέδει-

232 4078 330 4140 ξεν.
377 4079 523 4133 Ἐπεὶ
570 4081 671 4153 γὰρ
712 4080 737 4130 ό
769 4080 966 4152 Ἰωσὴφ
1021 4079 1075 4132 ἐκ
1107 4089 1199 4133 τοῦ
1244 4086 1423 4154 γένους
1469 4081 1667 4136 ἐκείνων
1712 4083 1833 4138 ἁπε-

234 4163 451 4239 δείχθη,
522 4165 803 4243 πρόδηλον,
890 4172 969 4221 ὅτι
1048 4168 1234 4222 ἐκεῖθεν
1298 4176 1389 4224 καὶ
1468 4174 1497 4231 ἡ
1585 4179 1833 4235 Θεοτόκος

233 4274 509 4327 κατηγετο.
568 4256 643 4309 Οὐ
696 4260 796 4328 γὰρ
845 4256 961 4320 ἐξῆν
1015 4257 1250 4332 ἑτέρωθεν
1309 4261 1530 4331 ἄγεσθαι
1568 4271 1830 4334 μνηστῆν,

235 4341 337 4395 ἀλλ’
380 4345 409 4403 ἢ
465 4343 517 4397 ἔκ
544 4353 638 4407 τῆς
674 4344 858 4398 ἑαυτοῦ
906 4345 1089 4417 φυλῆς,
1140 4351 1230 4399 καὶ
1262 4354 1357 4419 τῇς
1387 4349 1550 4411 αὐτῆς
1584 4357 1826 4424 πατριᾶς,

1940 3382 2081 3433 stus.
2118 3377 2206 3433 Ad
2261 3377 2481 3449 Joseph
2546 3376 2889 3443 deveniens,
2944 3389 3067 3430 non
3119 3373 3181 3428 in
3235 3372 3352 3428 hoc
3407 3370 3594 3427 verbo

1941 3466 2144 3522 seriem
2201 3465 2558 3531 terminavit,
2614 3464 2717 3522 sed
2803 3462 3058 3529 addidit,
3128 3461 3323 3516 virum
3380 3458 3592 3525 Marias,

1941 3555 2164 3611 docens
2184 3571 2316 3619 nos,
2339 3555 2504 3627 quod
2523 3555 2596 3610 ob
2616 3555 2773 3610 hanc
2794 3553 2985 3624 ipsam
3018 3550 3415 3621 generationis
3438 3547 3595 3604 ordi-

1940 3659 2080 3699 nem
2106 3644 2425 3699 contexuit.
2446 3643 2592 3708 Quia
2612 3643 2767 3697 enim
2794 3641 2974 3697 moris
2996 3655 3118 3696 non
3135 3643 3261 3695 erat
3279 3637 3595 3693 mulierum

1940 3730 2322 3802 genealogias
2353 3746 2594 3801 ponere,
2628 3730 2873 3793 studuit,
2903 3732 2966 3783 ut
3003 3733 3059 3782 et
3084 3743 3304 3782 morem
3334 3729 3597 3781 servaret

1941 3824 1997 3875 et
2043 3818 2158 3875 alio
2210 3819 2392 3874 modo
2444 3818 2739 3873 Christum
2778 3816 3217 3871 demonstraret
3254 3830 3325 3870 ex
3378 3828 3594 3884 genere

1940 3907 2242 3963 Abraham
2274 3912 2330 3962 et
2368 3906 2548 3961 David
2587 3905 2968 3961 descendere.
2997 3904 3136 3960 Ideo
3168 3902 3366 3974 sponsi
3399 3902 3595 3956 Matris

1942 3997 2041 4052 Dei
2062 3995 2472 4065 genealogiam
2503 3994 2803 4051 contexuit
2836 4010 2849 4059 ;
2877 3998 2933 4049 et
2971 4009 3076 4065 per
3099 3993 3279 4057 hunc,
3308 3990 3472 4063 quod
3512 3989 3596 4044 in-

1941 4084 2248 4149 tendebat,
2279 4084 2729 4140 demonstravit.
2766 4084 2845 4138 Ex
2889 4097 3012 4154 quo
3056 4082 3206 4137 enim
3251 4078 3473 4151 Joseph
3519 4078 3594 4134 de

1942 4189 2157 4244 genere
2181 4173 2419 4230 illorum
2449 4188 2577 4228 esse
2598 4172 3041 4228 demonstratus
3072 4175 3178 4238 est,
3211 4168 3596 4225 manifestum

1940 4279 2177 4336 quoque
2229 4268 2338 4329 est,
2374 4261 2473 4317 Dei
2520 4264 2760 4318 Matrem
2814 4260 2954 4315 inde
3007 4259 3387 4315 descendere.
3446 4260 3594 4312 Nam

1940 4350 2182 4407 aliunde
2215 4365 2494 4421 sponsam
2536 4349 2753 4405 ducere
2779 4364 2895 4404 non
2927 4347 3161 4414 licebat,
3203 4347 3315 4402 nisi
3350 4361 3485 4417 quae
3526 4359 3594 4399 ex

239 4433 400 4484 εἶτουν
446 4438 771 4505 συγγενείας.
815 4430 1018 4509 Ἀνδρα
1048 4431 1107 4488 δε
1156 4435 1318 4497 αὐτῆς
1363 4433 1470 4489 εἷπε
1499 4441 1584 4489 τὸν
1615 4442 1824 4510 Ἰωσὴφ,

1943 4440 2047 4495 ead
2057 4456 2151 4494 em
2168 4444 2353 4494 essset
2368 4437 2541 4502 tribu,
2557 4438 2885 4509 eademque
2903 4436 3152 4502 familia,
3188 4436 3333 4490 etita
3346 4448 3596 4489 consan-

244 4520 307 4578 ὡς
361 4530 653 4596 μνηστῆρα.
722 4527 821 4577 Καὶ
875 4524 978 4595 γὰρ
1013 4528 1102 4576 καὶ
1152 4532 1374 4595 γυναῖκα
1427 4528 1621 4585 ταύτην
1669 4526 1827 4579 αὐτοῦ

310 4713 351 4749 ¹⁴
386 4716 407 4770 l
435 4714 631 4774 Paral.
664 4733 806 4774 xxvi
838 4721 855 4773 l
893 4733 906 4784 ;
934 4717 1006 4775 IV
1031 4718 1178 4790 Reg.
1220 4734 1336 4787 11v,
1363 4720 1453 4777 21.

1938 4529 2175 4601 guinea.
2209 4528 2408 4599 Ipsum
2443 4532 2643 4584 autem
2672 4526 2912 4599 Joseph,
2940 4526 3133 4581 virum
3182 4539 3423 4596 quoque
3465 4523 3595 4594 ejus

1422 4879 1649 4949 Variae
1696 4881 2025 4953 lectiones
2056 4892 2122 4951 et
2153 4891 2333 4951 notae

301 5016 416 5148 (163
445 5017 767 5076 Hentenius
777 5018 1063 5077 Joacham
1074 5018 1399 5102 legendum
1417 5036 1549 5079 esse
1562 5023 1825 5095 suspica-

301 5104 345 5146 r.
419 5089 494 5147 ed
519 5094 767 5148 uterque
806 5090 997 5148 codex
1031 5090 1128 5147 hic
1180 5092 1422 5148 Ἰωακείμ.
1452 5092 1651 5148 habet.
1714 5095 1825 5148 Va-

232 5095 345 5170 tur.
367 5089 494 5170 ‘Sed
519 5094 767 5170 uterque
800 5090 997 5170 codex
1031 5089 1162 5170 hic:
1180 5092 1422 5165 Ἰωακείμ
1452 5089 1687 5170 habet."
1714 5095 1827 5170 Yaf

229 5161 383 5217 riant
408 5176 547 5216 vero
587 5161 768 5219 etiam
797 5163 856 5218 in
891 5161 985 5218 his
1020 5162 1263 5220 duobus
1305 5161 1655 5221 nominibus
1685 5166 1824 5224 editi

230 5229 362 5287 libri
417 5239 517 5284 τῶν
574 5232 671 5305 0‘,
713 5233 778 5305 in
807 5233 902 5290 his
932 5248 1072 5305 ergo
1130 5238 1325 5291 textus
1365 5235 1686 5293 Hebraicus
1714 5253 1824 5305 pro

635 5271 647 5284 .
713 5253 778 5288 1n
808 5253 902 5290 D18
932 5253 1072 5296 ergo
1130 5253 1325 5291 ICXIUS
1365 5253 1686 5293 neoraicus
1714 5253 1825 5296 ι)Γο

230 5253 362 5287 unm
417 5253 517 5284 των
574 5253 647 5285 υ.
713 5253 778 5288 ω
808 5253 902 5290 nis
932 5253 1072 5305 ergo
1130 5253 1325 5291 IBXIUS
1365 5253 1686 5293 neeraicus
1714 5253 1753 5310 p

230 5317 444 5361 norma
472 5318 607 5360 esse
643 5303 833 5360 debet.

301 5374 413 5446 (17)
450 5375 655 5431 Nescio
685 5389 792 5431 cur
832 5374 991 5431 dicat
1029 5375 1182 5444 εἰκός,
1217 5391 1355 5433 cum
1395 5377 1475 5434 ita
1512 5377 1724 5436 diserte
1748 5378 1828 5436 le-

234 5445 405 5515 gatur
429 5445 475 5500 II
508 5446 720 5504 Parali.
761 5462 950 5502 xxxvr.
977 5446 1029 5511 9,
1066 5448 1150 5503 10.

258 5600 261 5605 Ι
300 5516 413 5591 (18)
445 5520 524 5585 Δί,
566 5517 805 5576 omittit.
836 5521 905 5577 Α.
934 5518 1128 5577 Malim
1157 5514 1235 5591 δί,
1269 5523 1402 5593 post
1432 5516 1647 5584 δήποτε.
1683 5523 1825 5587 Qum

1937 5042 2078 5083 vero
2107 5025 2204 5081 hic
2230 5024 2596 5089 inclusimus,
2627 5039 2696 5080 ea
2734 5022 2870 5079 cod.
2900 5024 2966 5078 A.
2998 5022 3060 5079 in
3089 5024 3361 5094 margine
3392 5023 3590 5083 habet.

2008 5097 2119 5169 (t9)
2160 5095 2345 5167 Vulgo
2405 5097 2680 5169 Ἀμασίας.
2735 5095 2849 5152 Sed
2877 5094 2940 5152 in
2965 5094 3081 5153 hoc
3118 5111 3362 5169 quoque
3404 5097 3594 5157 varia-

1936 5171 2121 5306 tu:50)
2150 5236 2339 5306 Αὐτοῦ,
2367 5236 2597 5295 omittit.
2627 5238 2693 5293 A.

2033 5311 2122 5383 21)
2159 5314 2254 5364 Καὶ
2286 5313 2450 5383 μέχρι
2481 5316 2695 5366 τοῦνῦν.
2729 5311 2797 5366 Α.

2030 5242 2099 5295 20
2150 5240 2339 5306 Αὐτοῦ,
2367 5240 2597 5295 omittit.
2627 5240 2693 5293 A.

2033 5311 2089 5365 21
2159 5314 2254 5364 Καὶ
2341 5313 2450 5383 ’χρι
2481 5316 2695 5366 τοῦνῦν.
2729 5311 2797 5366 Α.

2031 5384 2099 5435 22
2169 5384 2237 5435 Τὸ
2286 5330 2420 5443 gn;
2469 5401 2502 5433 α
2552 5388 2722 5437 τοῦτο.
2772 5385 2837 5436 Α.
2884 5376 3057 5437 Plura
3097 5378 3196 5437 hic
3225 5381 3296 5438 de
3344 5395 3477 5439 suo.
3526 5384 3593 5439 ut

1981 5452 1997 5510 i
2044 5459 2188 5510 etur.
2223 5453 2385 5510 dedit
2414 5402 2758 5510 Eentenius.

1936 5468 1997 5510 Vl

2044 5459 2188 5522 etur,
2223 5453 2385 5533 dedit
2414 5452 2758 5515 Hentenius.
