4166 6314
548 372 653 427 127

1863 366 2211 424 EUTHYMII
2248 367 2577 424 ZIGABENI

3810 373 3917 429 128

549 499 706 568 dicit,
755 498 871 555 hoc
917 500 1006 554 est
1047 512 1360 569 sponsum.
1416 498 1570 553 Nam
1616 497 1670 554 et
1708 495 2097 570 postmodum
2142 496 2201 552 in

2311 496 2458 549 καλεῖ
2484 504 2696 570 προῖὼν,
2753 504 2822 563 ὡς
2867 507 3119 575 μνηστήν,
3163 503 3311 560 Οὕτω
3355 505 3457 579 γὰρ
3498 504 3559 562 ἧν
3599 505 3712 567 ἔθος
3739 502 3920 556 καλεῖ-

549 588 936 662 sequentibus
965 603 1098 643 eam
1125 591 1300 642 vocat
1330 602 1597 651 uxorem,
1631 587 1746 641 hoc
1775 589 1860 642 est
1892 600 2200 657 sponsam.

552 680 637 734 Ita
671 678 829 734 enim
866 680 1225 732 consuetum
1264 679 1389 733 erat
1426 676 1620 733 vocari
1674 675 1855 732 etiam
1881 679 2202 746 antequam

549 768 680 837 conj
692 771 1070 836 ungerentur.

619 876 778 932 Vers.
807 875 894 932 17.
940 875 1146 931 Omnes
1173 873 1361 944 igitur
1394 902 1462 914 ——
1490 872 1960 944 quatuordecim.
1984 872 2204 929 Omnes

548 965 964 1036 generationes
1021 962 1307 1019 trifariam
1361 962 1575 1026 divisit,
1635 966 1690 1018 et
1754 961 1985 1017 merito.
2061 961 2202 1016 Tres

550 1054 712 1110 enim
754 1053 988 1108 fuerunt
1043 1051 1492 1123 gubernationis
1544 1050 1728 1106 modi.
1774 1049 2081 1120 Siquidem
2124 1048 2202 1104 ab

551 1141 861 1199 Abraham
921 1144 1055 1212 post
1100 1143 1296 1196 Mosen
1345 1144 1400 1195 et
1436 1142 1638 1195 Jesum
1687 1142 1840 1194 Nave
1884 1153 2080 1209 usque
2125 1137 2204 1193 ad

552 1229 758 1294 David,
820 1229 932 1284 sub
978 1229 1281 1300 judicibus
1325 1227 1817 1297 gubernabantur
1868 1243 1881 1292 ;
1935 1242 1970 1282 a
2022 1225 2204 1281 David

552 1335 744 1390 usque
765 1318 841 1374 ad
861 1318 1434 1388 transmigrationem
1454 1317 1898 1388 Babylonicam,
1923 1315 2035 1370 sub
2056 1315 2204 1384 regi-

550 1409 702 1473 bus;
736 1425 771 1464 a
802 1408 1323 1478 transmigratione
1352 1423 1488 1463 vero
1520 1405 1885 1478 Babylonica
1911 1420 2096 1476 usque
2127 1405 2205 1462 ad

553 1498 862 1560 Christum,
888 1497 1001 1552 sub
1017 1496 1418 1569 pontiﬁcibus.
1456 1495 1730 1551 Veniente
1753 1498 1954 1550 autem
1979 1493 2204 1549 Christo

550 1602 692 1642 vero
720 1586 941 1650 Judice,
975 1589 1130 1656 Rege
1169 1602 1239 1642 ac
1275 1585 1577 1650 Pontiﬁce,
1623 1587 2006 1639 cessaverunt
2034 1582 2204 1638 dictae

549 1675 788 1748 politiae.
821 1674 1080 1747 xEquum
1125 1679 1213 1731 est
1255 1679 1454 1730 autem
1494 1688 1760 1745 quaerere
1793 1670 2100 1744 quomodo
2143 1671 2205 1726 in

547 1765 715 1823 tertia
742 1771 925 1837 parte.
961 1766 1064 1820 ubi
1093 1764 1412 1820 duodecim
1445 1767 1676 1819 tantum
1716 1761 1880 1833 ponit
1921 1775 2204 1832 personas

547 1855 1022 1927 quartuordecim
1048 1853 1206 1909 dicat
1237 1869 1368 1908 esse
1408 1851 1842 1921 generationes.
1878 1851 2014 1906 Ideo
2047 1850 2202 1906 vide-
2235 1847 2279 1902 B

549 1944 700 2006 licet,
724 1944 866 2014 quia
887 1943 1084 2013 ipsum
1102 1939 1635 2010 transmigrationis
1655 1944 1892 2011 tempus
1913 1939 1974 1994 in
1993 1939 2203 1995 ordine

549 2031 947 2101 generationis
993 2032 1209 2101 posuit,
1245 2034 1300 2084 et
1331 2028 1597 2084 similiter
1636 2029 1832 2100 ipsum
1882 2029 2199 2093 Christum,

551 2121 704 2176 sicut
734 2135 984 2188 magnus
1018 2119 1219 2176 docuit
1248 2119 1721 2189 Chrysostomus.

621 2229 778 2282 Vers.
817 2227 902 2280 18.
941 2227 1079 2282 Jesu
1117 2225 1336 2281 Christi
1363 2231 1558 2282 autem
1589 2254 1658 2266 —
1691 2225 1772 2281 ita
1808 2225 1942 2296 fuit,
1977 2227 2063 2294 H-
2094 2227 2200 2290 Ita,

551 2319 616 2371 ut
644 2315 906 2371 dicturus
936 2321 1041 2380 est,
1073 2331 1177 2370 seu
1211 2315 1500 2386 subjacet.

619 2422 779 2477 Vers.
809 2423 894 2477 18.
915 2422 1055 2478 Cum
1078 2427 1216 2478 esset
1229 2422 1584 2492 desponsata
1601 2453 1670 2462 -—
1685 2437 1716 2478 e
1735 2421 1964 2490 Spiritu
1982 2428 2200 2477 sancto.

548 2510 899 2582 Priusquam
925 2510 1308 2566 convenirent
1325 2510 1402 2565 ad
1424 2511 1799 2566 coitum.Non
1821 2509 1968 2566 dixit
1990 2515 2201 2576 autem,

548 2599 906 2672 priusquam
925 2599 1054 2670 ipsa
1075 2601 1298 2656 veniret
1319 2600 1396 2656 ad
1415 2599 1665 2655 domum
1687 2599 2008 2656 illius.Jam
2027 2598 2206 2654 etiam

549 2688 610 2743 in
642 2703 711 2744 ea
743 2693 884 2744 erat.
920 2688 1107 2744 Multis
1139 2689 1430 2761 siquidem
1462 2687 1646 2743 moris
1674 2692 1818 2755 erat,
1864 2691 1926 2742 ut
1951 2686 2114 2758 apud
2144 2703 2206 2743 se

547 2777 830 2832 haberent
876 2793 1152 2848 Sponsas,
1212 2780 1456 2848 propter
1503 2775 1902 2830 securitatem.
1958 2777 2208 2846 Reperta

2313 587 2456 658 σθαι,
2491 591 2579 640 καὶ
2617 595 2717 664 πρὸ
2744 599 2835 652 τῆς
2866 598 3164 665 συναφείας.

2384 810 2558 857 Πᾶσαι
2634 805 2720 857 οὖν
2775 837 2843 847 —-
2899 802 3292 879 δεκατέσσαρες.
3353 805 3440 866 Εἰς
3498 812 3633 878 τρεῖς
3688 803 3919 879 μερίδας

2313 893 2471 947 διεῖλε
2515 898 2606 957 τὰς
2646 899 2821 967 γενεὰς
2869 895 3103 957 ἁπάσας·
3170 896 3392 956 εἰκότως.
3455 902 3604 968 Τρεῖς
3655 898 3755 969 γὰρ
3818 916 3916 948 πο-

2310 985 2498 1037 λιτεῖαι
2553 987 2741 1037 τούτων
2773 984 3017 1056 ἐγένοντο.
3049 985 3182 1040 Ἀπὸ
3237 986 3326 1056 μὲν
3378 987 3480 1059 γὰρ
3522 984 3758 1057 Ἃϐραὰμ
3817 987 3918 1047 ἕως

2313 1071 2499 1135 Δαυῖὸ,
2551 1077 2681 1146 μετὰ
2709 1079 2938 1127 Μωυσέα
2975 1079 3063 1126 καὶ
3091 1071 3293 1132 Ἰησοῦν
3324 1077 3410 1126 τὸν
3459 1081 3550 1126 τοῦ
3600 1081 3773 1142 Ναυῆ,
3809 1077 3914 1128 ὑπὸ

2312 1171 2411 1215 τῶν
2468 1172 2655 1236 κριτῶν
2713 1166 3108 1235 ἡγεμονεύοντο·
3176 1163 3276 1215 ἀπὸ
3334 1161 3393 1215 δὲ
3446 1171 3537 1215 τοῦ
3599 1161 3764 1216 Δαυίδ
3822 1163 3916 1225 ἓως

2311 1260 2406 1312 τῆς
2463 1272 2788 1324 μετοικεσιας
2839 1252 3149 1320 Βαϐυλῶνος,
3200 1255 3298 1305 ὑπὸ
3349 1251 3606 1324 βασιλέων
3644 1253 3905 1305 ἰθύνοντο’

2314 1342 2413 1394 ἀπὸ
2447 1339 2506 1394 δὲ
2535 1351 2630 1402 τῆς
2681 1347 3008 1414 μετοικεσίας
3044 1341 3339 1404 Βαϐυλῶνος
3385 1343 3473 1402 ἕως
3507 1349 3598 1394 τοῦ
3650 1349 3912 1416 Χριστοῦ,

2314 1433 2413 1482 ὑπὸ
2464 1430 2746 1505 ἀρχιερέων
2804 1431 3170 1505 έκυϐερνῶντο.
3235 1431 3500 1490 Ἐλθόντος
3553 1428 3613 1483 δὲ
3655 1438 3746 1482 τοῦ
3775 1439 3916 1504 Χρι-

2317 1528 2462 1586 στοῦ,
2510 1528 2602 1572 τοῦ
2635 1518 2857 1580 ἀληθοῦς
2896 1527 3086 1594 Κριτοῡ
3127 1525 3216 1572 καί
3250 1520 3527 1581 Βασιλέως,
3569 1525 3658 1572 καὶ
3694 1519 3914 1593 Ἀρχιε-

2313 1614 2454 1682 ρέως,
2489 1609 2791 1667 ἐπαύθησαν
2837 1612 2890 1661 αἱ
2922 1607 3241 1668 δηλωθεῐσαι
3287 1609 3571 1665 πολιτεῖαι,
3624 1608 3806 1672 Ἀξιον
3852 1606 3916 1662 δὲ

2316 1702 2565 1763 ζητῆσαι,
2606 1707 2716 1760 πῶς
2763 1698 2810 1750 ἐν
2846 1707 2908 1772 τῇ
2963 1719 3110 1772 τρίτῃ
3166 1695 3346 1770 μεριδι
3395 1695 3607 1750 δὼδαα
3651 1701 3916 1770 πρόσωπα

2316 1791 2430 1854 θείς,
2491 1786 2880 1863 δεκατέσσαρας
2955 1796 3122 1840 ταῦτα
3198 1791 3374 1859 γενεὰς
3455 1787 3683 1842 ἐκάλεσε.
3771 1791 3915 1840 Διότι

2313 1881 2517 1930 καὶτὸν
2567 1883 2757 1951 χρόνον
2788 1886 2883 1938 τῆς
2929 1877 3042 1950 (23)
3077 1881 3402 1948 μετοικεσίας
3450 1875 3498 1928 ἓν
3541 1876 3683 1938 τάξεί
3717 1879 3914 1929 τέθεικε

2311 1973 2501 2038 γενεᾶς,
2567 1972 2654 2018 καὶ
2711 1967 2865 2019 αὐτὸν
2915 1971 3002 2018 τὸν
3061 1970 3310 2040 Χριστόν,
3369 1969 3438 2027 ὡς
3487 1967 3512 2018 ό
3569 1970 3724 2038 μέγας
3777 1970 3909 2038 φησὶ

2313 2060 2715 2129 Χρυσόστομος.

2382 2169 2484 2214 Τοῦ
2517 2159 2574 2214 δε
2603 2162 2776 2220 Ἰησοῦ
2819 2193 2888 2203 -
2926 2163 3088 2224 οὕτως
3128 2159 3213 2220 ἧν.
3255 2161 3430 2222 Οὒτως
3473 2162 3610 2234 (24),
3644 2163 3705 2222 ὡς
3750 2161 3908 2214 εἰπεῖν

2313 2250 2503 2324 μέλλει,
2537 2251 2695 2322 ἤγουν
2865 2250 3156 2307 ἀπόκειται.

2384 2359 2811 2420 Μνηστευθείσης
2890 2390 2955 2398 —-
3031 2357 3086 2410 ἐκ
3158 2360 3453 2429 Πνεύματος
3531 2359 3711 2428 ἄγίου.
3804 2360 3910 2431 Πρό

2310 2453 2400 2497 τοῦ
2460 2446 2714 2498 συνελθεῖν
2772 2447 2962 2508 αὐτούς
3017 2447 3083 2508 εἰς
3133 2449 3427 2519 συνάφειαν.
3489 2446 3600 2498 Οὐκ
3663 2443 3770 2498 εἶπε
3829 2443 3908 2512 δὲ,

2313 2535 2393 2585 ὅτι
2465 2538 2570 2609 Πρὸ
2636 2542 2727 2586 τοῦ
2777 2535 2935 2587 ἐλθεῖν
2991 2540 3152 2593 αὐτὴν
3202 2535 3270 2597 εἰς
3321 2539 3415 2593 τὴν
3490 2537 3657 2587 οἰκίαν
3714 2534 3902 2586 αὐτοῦ·

2315 2619 2460 2674 ἔνδον
2511 2623 2622 2694 (26)
2678 2626 2779 2697 γὰρ
2840 2621 2921 2682 ἧν.
2997 2623 3148 2685 Ἐθος
3202 2627 3300 2696 γὰρ
3335 2631 3460 2685 τοῖς
3510 2622 3736 2689 πολλοῖς,
3794 2621 3916 2694 παρ’

2316 2711 2510 2772 ἑαυτοῖς
2569 2715 2709 2783 ἔχειν
2761 2715 2858 2773 τὰς
2911 2716 3164 2784 μνηστάς,
3214 2709 3283 2764 δι’
3327 2711 3635 2784 ἀσφαλείαν.
3717 2713 3911 2790 Ερρέθη

2317 2797 2397 2870 δὲ,
2431 2799 2543 2852 ἀντὶ
2572 2809 2685 2869 τοῦ,
2737 2801 2952 2874 Ἐφοίνη.
2997 2804 3192 2875 Εὑρέθη
3233 2798 3291 2853 δὲ
3322 2801 3447 2865 εἷπε,
3487 2797 3580 2853 διὰ
3627 2803 3686 2852 τὸ
3716 2798 3911 2872 ἀπροσ-

546 2869 633 2922 est
661 2870 879 2932 autem,
907 2865 1022 2921 hoc
1052 2869 1157 2931 est,
1187 2863 1500 2936 apparuit:
1528 2863 1607 2919 ait
1629 2867 1826 2919 autem
1853 2870 2081 2934 reperta
2102 2870 2201 2930 est,

2317 2887 2562 2948 δόκητον.
2641 2889 2777 2942 Ἐπεὶ
2837 2883 2896 2942 δέ
2947 2893 3166 2963 εἴρηκεν,
3227 2891 3304 2940 ὅτι
3361 2891 3539 2962 εὑρέθη
3609 2887 3656 2940 ἐν
3717 2892 3908 2962 γαστρὶ

545 2961 786 3027 propter
821 2953 1196 3025 inopinatum
1247 2951 1544 3008 effectum.
1596 2952 1675 3008 Ne
1719 2952 2018 3024 quispiam
2073 2969 2203 3007 vero

545 3043 830 3108 turbetur,
885 3058 955 3098 eo
993 3043 1157 3114 quod
1205 3041 1436 3104 dixerit,
1483 3046 1709 3112 reperta
1760 3045 1851 3096 est
1889 3057 2015 3096 esse
2055 3057 2199 3112 pra:-

547 3147 761 3203 gnans,
796 3132 845 3186 si
873 3131 934 3186 id
974 3131 1168 3187 solum
1208 3130 1414 3186 audiat
1459 3145 1470 3182 :
1504 3129 1639 3186 ideo
1688 3129 2018 3186 orationem
2067 3145 2199 3186 con-

546 3220 744 3286 texuit,
779 3219 1004 3276 addens
1031 3235 1062 3276 e
1085 3219 1315 3292 Spiritu
1345 3225 1566 3274 sancto.

619 3330 683 3384 Et
705 3343 890 3400 quam
921 3327 1000 3383 ob
1030 3341 1277 3382 causam
1309 3341 1430 3382 non
1461 3328 1548 3381 est
1585 3325 1998 3399 impraegnata,
2041 3329 2203 3383 ante-

546 3432 736 3489 quam
765 3415 1274 3488 desponderetur?
1308 3417 1390 3470 Ne
1438 3416 1822 3486 occideretur,
1865 3421 2069 3488 utpote
2109 3433 2203 3472 su-

548 3505 809 3577 spicione
834 3505 908 3559 de
951 3521 1022 3560 ea
1074 3504 1300 3569 habita,
1351 3504 1509 3576 quod
1557 3510 1832 3576 corrupta
1874 3510 2043 3560 esset.
2097 3505 2198 3560 Cui

547 3593 708 3649 enim
737 3593 1096 3664 persuadere
1127 3593 1440 3663 potuisset,
1474 3609 1613 3648 cum
1647 3594 1772 3649 viro
1804 3609 1865 3648 se
1897 3609 2018 3649 non
2071 3610 2201 3650 esse

547 3696 933 3752 congressam
961 3682 990 3738 ?
1021 3680 1262 3753 PrOpter
1290 3682 1404 3738 hoc
1446 3698 1587 3752 ergo
1620 3687 1751 3754 post
1784 3683 2204 3756 desponsatio—

547 3786 703 3835 nem,
735 3773 790 3826 et
813 3786 948 3826 cum
966 3770 1094 3843 jam
1117 3771 1176 3826 in
1201 3770 1386 3832 domo
1413 3771 1521 3828 viri
1545 3775 1718 3839 esset,
1746 3772 2198 3844 impraegnatur,

546 3863 612 3917 ut
636 3859 953 3916 verisimile
990 3861 1082 3926 sit,
1127 3875 1193 3916 ex
1224 3861 1355 3934 ipso
1395 3861 1734 3933 concepisse
1769 3880 1780 3917 :
1831 3865 1888 3917 et
1925 3862 2004 3918 ita
2051 3862 2201 3934 peri-

546 3950 748 4007 culum
787 3949 1011 4006 evadat.
1056 3953 1360 4016 Praeterea,
1393 3955 1452 4006 ut
1486 3951 1547 4006 in
1591 3951 1938 4007 necessariis
1982 3951 2202 4006 habeat

547 4039 1127 4095 subministratorem
1169 4041 1227 4093 et
1291 4043 1740 4110 procuratorem
1783 4061 1796 4095 :
1830 4055 1900 4095 eo
1941 4041 2201 4096 maxime

545 4133 814 4200 tempore
843 4126 1041 4199 quoin
1069 4130 1391 4197 [Egyptum
1409 4126 1760 4197 fugiendum
1783 4132 1928 4182 erat.

617 4220 697 4272 Tu
728 4232 866 4272 vero
898 4230 971 4270 ne
992 4230 1244 4286 quaeras,
1271 4215 1570 4286 quomodo
1597 4217 1930 4288 conceperit
1963 4234 1975 4283 ;
2011 4231 2202 4290 neque

548 4305 778 4361 curiose
809 4302 1100 4371 scruteris,
1133 4318 1253 4373 quo
1292 4307 1466 4374 pacto
1499 4301 1790 4359 formatus
1828 4305 1901 4360 sit
1931 4305 2196 4377 embryo.

549 4396 668 4448 Hoc
697 4393 856 4447 enim
896 4407 1090 4464 neque
1143 4391 1504 4461 evangelista
1556 4391 1771 4459 docuit,
1826 4409 2020 4467 neque
2067 4399 2200 4451 ante

545 4483 745 4554 ipsum
763 4479 1033 4550 angelus,
1059 4480 1161 4552 qui
1188 4479 1776 4553 Virginiconceptum
1805 4485 2194 4539 annuntiavit.

549 4571 670 4626 Hoc
704 4569 1002 4642 siquidem
1044 4569 1420 4639 ignorabant,
1455 4586 1524 4626 eo
1554 4571 1716 4642 quod
1747 4572 2199 4644 incomprehen-

547 4659 715 4715 sibile
747 4658 836 4723 sit,
869 4658 1096 4730 solique
1126 4659 1307 4714 beatae
1337 4658 1596 4715 Trinitati
1624 4661 1949 4729 cognitum.
1985 4663 2199 4719 Verum

545 4749 607 4806 id
637 4753 868 4805 tantum
899 4749 1063 4816 scito,
1095 4747 1255 4819 quod
1285 4747 1467 4803 Filius
1498 4749 1837 4806 incarnatus
1877 4754 1965 4806 est
1993 4767 2200 4808 secun-

547 4839 693 4895 dum
726 4837 915 4894 Patris
954 4836 1338 4903 voluntatem,
1389 4845 1740 4910 cooperante
1770 4840 1932 4896 etiam
1979 4840 2199 4912 Spiritu

549 4930 776 4984 sancto.

619 5034 780 5088 Vers.
809 5034 896 5090 19.
927 5032 1218 5102 Joseph—
1239 5033 1536 5090 dimittere
1559 5049 1700 5090 eam.
1729 5036 1928 5091 Justus
1953 5036 2199 5110 quidem

547 5121 784 5193 dicitur,
815 5121 919 5194 qui
944 5121 1248 5178 avaritiam
1282 5123 1442 5188 odit;
1475 5123 1691 5179 dicitur
1715 5125 1891 5181 etiam
1915 5128 2200 5195 generali-

550 5217 656 5282 ter,
683 5212 780 5283 qui
818 5210 1096 5267 virtutem
1140 5209 1293 5267 colit.
1340 5211 1498 5269 Sicut
1530 5215 1588 5269 et
1623 5212 1718 5268 hic
1756 5215 1975 5286 Joseph
2001 5216 2196 5286 justus

2315 2982 2338 2995 ,ιο

2313 2982 2534 3051 ἔχουσα,
2569 2977 2652 3029 ἱνα
2679 2982 2750 3051 μὴ
2803 2979 2918 3048 (27)
2964 2980 3158 3051 θροηθῇ
3191 2998 3290 3040 τις,
3347 2977 3578 3038 ἀκούσας
3634 2985 3785 3028 τοῦτο
3818 2981 3908 3049 μό-

2309 3087 2412 3134 νον,
2437 3067 2746 3142 ἐθεράπευσε
2771 3069 2857 3119 τὸν
2887 3066 3056 3138 λόγον,
3096 3068 3362 3142 προσθεὶς,
3393 3068 3474 3118 ὅτι
3503 3065 3587 3118 Ἐκ
3620 3069 3913 3138 Πνεὺματος

2313 3156 2464 3228 ἁγίου
2480 3201 2491 3212 .

2385 3285 2484 3333 Καὶ
2531 3285 2667 3340 τίνος
2705 3281 2862 3332 ἕνεκεν
2911 3279 2969 3330 οὐ
3017 3282 3217 3350 γέγονεν
3271 3279 3450 3348 ἔγκυος
3502 3279 3602 3351 πρὸ
3650 3285 3745 3338 τῆς
3783 3296 3912 3349 μνη-

2313 3373 2524 3435 στείας;
2555 3367 2665 3421 Ἰνα
2714 3373 2785 3440 μὴ
2846 3366 3101 3439 ἀποθάνῃ,
3155 3369 3223 3428 ὡς
3253 3367 3637 3418 ὑποπτευθεῖσα
3686 3360 3908 3436 διαφθαο

2309 3460 2488 3531 ρῆναι.
2544 3463 2673 3510 Τίνα
2716 3459 2816 3531 γὰρ
2869 3457 2928 3508 ἄν
2981 3459 3198 3520 ἔπεισεν,
3244 3455 3324 3506 ὃτι
3353 3454 3458 3524 οὐχ
3507 3452 3768 3525 ὡμίλησεν
3822 3452 3910 3504 ἁν-

2313 3543 2439 3620 δρίς
2479 3549 2572 3597 Διά
2615 3553 2765 3598 τοῦτο
2818 3550 2985 3597 τοίνυν
3033 3546 3164 3615 μετὰ
3213 3547 3306 3601 τὴν
3354 3547 3658 3615 μνηστείαν,
3700 3547 3791 3593 καὶ
3837 3543 3910 3593 ἓν·

2313 3631 2404 3687 δον
2451 3641 2541 3695 τῆς
2588 3638 2753 3694 οικίας
2803 3633 2983 3701 αὐτοῦ,
3038 3631 3325 3704 ἐγκυμονεῖ,
3388 3629 3470 3682 ἳνα
3513 3632 3736 3702 νομισθῇ
3786 3629 3910 3682 συλ-

2309 3722 2480 3775 λαϐεῖν
2526 3721 2578 3785 ἐξ
2625 3722 2809 3784 αὐτοῦ,
2862 3726 2952 3774 καὶ
3004 3721 3136 3773 οὕτω
3183 3716 3453 3791 διαδράση
3509 3722 3594 3770 τόν
3647 3715 3908 3785 κίνδυνον,

2310 3817 2400 3864 καὶ
2449 3813 2529 3865 ἱνα
2561 3819 2670 3883 σχῇ
2719 3818 2894 3862 τοῦτον
2947 3813 3177 3881 χορηγόν
3230 3827 3283 3860 τε
3335 3817 3434 3860 τῶν
3484 3807 3773 3878 ἀναγκαίων
3821 3811 3910 3859 καὶ

2311 3897 2597 3972 κηδεμόνα,
2671 3905 2760 3952 καὶ
2813 3898 3046 3971 μάλιστα
3099 3899 3246 3972 παρὰ
3320 3900 3406 3948 τὸν
3460 3899 3640 3970 καιρὸν
3690 3903 3788 3955 τῆς
3837 3895 3908 3955 εἰς

2237 4012 2281 4067 D
2314 3993 2574 4060 Αἴγυπτον
2612 3997 2802 4060 φυγῆς.

2385 4205 2449 4253 Συ
2500 4197 2558 4253 δὲ
2609 4205 2679 4274 μὴ
2741 4201 2997 4273 ζητήσῃς,
3053 4206 3163 4260 πῶς
3212 4196 3472 4262 συνέλαϐε,
3526 4193 3662 4270 μηδὲ
3711 4215 3908 4270 περιερ-

2309 4293 2474 4363 γάσῃ,
2509 4300 2612 4350 πῶς
2667 4287 2956 4346 ὃιεπλάσθη
3007 4292 3063 4340 τὸ
3112 4286 3330 4361 ἔμϐρυον
3395 4294 3559 4338 Τοῦτο
3587 4289 3688 4360 γὰρ
3738 4286 3905 4337 οὕτεό

2311 4380 2681 4452 εὖαγγελιστὴς
2728 4375 2991 4446 ἐδίδαξεν,
3041 4380 3155 4428 οὔτε
3194 4380 3294 4451 πρὸ
3342 4377 3498 4426 αὑτοῦ
3539 4377 3562 4426 ό
3606 4373 3842 4446 ἄγγελος,
3881 4377 3906 4426 ό

2311 4469 2769 4541 εὖαγγελισάμενος
2928 4471 3164 4536 Θεοτόκῳ
3203 4470 3292 4523 τὴν
3339 4463 3621 4534 σύλληψιν.
3685 4461 3908 4534 Ἠγνὸη-

2312 4579 2405 4611 σαν
2435 4561 2532 4631 γὰρ
2565 4566 2716 4610 τοῦτο
2749 4562 2836 4607 καὶ
2877 4555 3043 4620 αὐτοὶ,
3098 4551 3191 4606 διὰ
3237 4557 3294 4605 τό
3343 4551 3469 4605 εἶναι
3514 4559 3672 4604 πᾶσιν
3709 4549 3905 4603 ἀκατά-

2307 4648 2517 4715 ληπτον,
2588 4650 2677 4697 καὶ
2739 4649 2865 4718 μόνῃ
3073 4647 3307 4715 μακαρίᾳ
3367 4637 3560 4715 Τριάδι
3613 4646 3896 4713 γνώριμον,

2307 4744 2469 4790 Τοῦτο
2498 4732 2556 4788 δὲ
2597 4740 2820 4806 γίνωσκε
2861 4737 3027 4805 μόνον,
3064 4732 3144 4783 ὃτι
3193 4733 3522 4803 σεσάρκωται
3562 4731 3586 4780 ό
3635 4731 3773 4795 Υἱὸς,
3824 4728 3902 4780 εὖ·

2310 4822 2466 4898 δοκίᾳ
2511 4832 2602 4876 του
2653 4827 2874 4896 Πατρός,
2923 4826 3012 4874 καὶ
3049 4825 3297 4892 συνεργία
3347 4827 3435 4872 τοῦ
3484 4817 3635 4889 ἁγίου
3671 4821 3904 4890 Πνευμα-

2308 4935 2419 4976 τος.

2381 5037 2572 5109 Ἰωσὴφ
2648 5066 2716 5078 -
2792 5033 3050 5087 ἀπολῦσαι
3127 5033 3311 5090 αὐτήν,

2307 5130 2416 5200 μὶν,
2449 5127 2592 5179 καὶὸ
2628 5131 2794 5195 μισῶν
2841 5129 2928 5182 τὴν
2975 5121 3285 5184 πλεονεξίαν,
3343 5119 3547 5191 λέγεται
3608 5117 3688 5192 δὲ,
3739 5125 3831 5172 καὶ
3878 5121 3903 5171 ό

2307 5215 2526 5269 καθόλου
2573 5217 2822 5287 ἐνάρετος,
2872 5211 3042 5288 ὣσπερ
3097 5215 3186 5264 καὶ
3229 5218 3314 5262 νῦν
3372 5211 3397 5261 ὁ
3437 5208 3647 5283 Ἰωσὴφ,
3698 5205 3907 5270 δίκαιος

3406 5035 3612 5110 Δίκαιος
3703 5031 3906 5103 λέγεται

1768 5311 1990 5380 Varia?
2023 5303 2351 5382 lcCtiones
2393 5323 2457 5380 et
2479 5323 2679 5380 notae.

619 5425 731 5499 (23)
753 5423 925 5499 Apud
958 5423 1252 5499 Chrysost.
1286 5427 1325 5480 t.
1349 5425 1464 5487 VII,
1498 5442 1556 5499 p_.
1589 5427 1740 5499 453.
1776 5443 1953 5499 quem
1995 5428 2196 5486 locum

548 5495 928 5568 respicitiest
957 5495 1345 5568 αἰχμαλωσίας,
1381 5495 1544 5568 quod
1577 5495 1978 5554 eodem-redit.

623 5567 734 5639 (24)
772 5567 904 5639 ,Ηοο
943 5567 1234 5639 schelium
1263 5567 1915 5639 omiseratHentenius.
1965 5569 2199 5628 Transi-

548 5637 723 5697 lierat
759 5637 1008 5696 fortasse
1032 5638 1230 5697 scriba
1253 5639 1426 5695 istius
1451 5638 1693 5694 codicis.

2536 5435 2725 5500 Ἠγουν
2756 5426 3048 5496 ἀπόκειται,
3081 5424 3317 5482 omittit.
3357 5424 3425 5479 A.
3469 5420 3676 5480 malim
3706 5422 3908 5475 ὑπόκει-

2307 5519 2492 5643 ταὶἒδ)
2529 5566 2713 5643 ξενδον
2738 5571 2838 5643 γὰρ
2881 5567 2960 5643 av.
2995 5567 3235 5643 omittit-
3275 5567 3347 5643 Αε

2405 5573 2492 5637 26)
2529 5572 2713 5623 Ἐνδον
2738 5572 2838 5643 γὰρ
2881 5572 2960 5642 ἧν,
2995 5572 3235 5625 omittit.
3275 5572 3347 5621 A.

2377 5572 2492 5714 E27)
2530 5641 2970 5714 Plerumquein
3015 5639 3233 5697 talibus
3275 5637 3562 5696 adhibent
3603 5635 3896 5709 θορυϐηθῇ.
