4166 6314
280 292 365 349 129

1248 284 1612 344 COMMENT.
1653 285 1721 341 IN
1757 276 2194 342 MATTH/EUM.
2236 314 2303 322 —
2343 283 2499 337 CAP.
2540 283 2587 338 Ι.

3501 268 3603 338 130

277 418 384 473 εἴναι
419 418 791 491 μαρτυρηθεὶς,
831 412 925 468 διά
973 434 1025 466 τε
1075 415 1168 475 τὰς
1215 412 1371 474 ἄλλας
1418 412 1577 465 αὑτοῦ
1630 412 1840 486 ἀρετὰς,

1974 426 2083 467 ESSE
2124 408 2489 483 perhibetur,
2530 424 2669 463 cum
2713 410 2956 480 propter
2984 408 3133 465 alias
3175 409 3305 481 ejus
3335 408 3603 475 virtutes,

273 513 345 559 καὶ
374 504 461 558 διὰ
507 511 603 563 τὴν
634 507 903 579 πραότητα
937 508 1023 556 καὶ
1056 502 1417 574 ἀγαθωσύνην.
1474 499 1843 575 Παραὸειγμα-

268 603 395 649 τίσαι
433 591 492 647 δὲ
545 593 763 666 ἐλέγετο,
817 596 937 646 ὅταν
970 592 1095 666 ἀνὴρ
1153 594 1294 665 παρά
1345 596 1402 643 τὸ
1456 588 1723 665 συνέδριον
1751 589 1843 663 ἦγε

264 690 345 742 τὴν
396 686 839 755 ὑποπτευομένην,
894 687 983 733 καὶ
1030 686 1309 754 κατηγόρει
1355 684 1570 747 ταύτης,
1624 686 1711 732 καί
1761 681 1845 732 οὗ·

262 794 346 833 τως
393 773 559 831 αὐτὴν
599 780 824 845 φανερῶς
881 770 1091 822 ἀπέλυεν
1147 768 1246 820 ἀπὸ
1293 778 1387 831 τῆς
1443 770 1610 831 οἰκίας
1663 770 1842 835 αὐτοῦ,

259 864 372 936 ὅπερ
422 866 494 933 μὴ
548 860 699 913 θέλων
748 868 971 917 ποιῆσαι
1011 861 1035 909 ό
1090 858 1306 930 Ἰωσὴφ,
1366 858 1629 916 ἠϐουλήθη
1681 858 1849 933 λάθρα

256 950 511 1003 ἀπολῦσαι
563 949 740 1019 αὐτὴν,
795 950 875 1000 ἵνα
936 952 1025 999 καὶ
1079 946 1233 1007 αὐτὸς
1282 946 1547 1007 ἀνεύθυνος
1607 945 1707 999 ἀπὸ
1756 954 1846 998 τοῦ

252 1045 405 1111 νόμου
464 1043 640 1111 μείνῃ,
680 1044 771 1089 τοῦ
826 1036 1137 1105 κελεύοντος,
1198 1035 1435 1089 ἀπολύειν
1491 1039 1585 1098 τὰς
1619 1039 1847 1098 κυούσας

255 1128 512 1201 ἑτέρωθεν,
581 1125 820 1183 κάκείνην
898 1124 1070 1183 ἀπαθῆ
1155 1133 1325 1177 κακῶν
1389 1131 1712 1198 συντηρησῃ,
1774 1129 1845 1197 μὴ

256 1213 621 1288 ὃημοσιεύσας
644 1218 701 1267 τὸ
727 1219 957 1286 γεγονός.

318 1418 495 1464 Ταῦτα
538 1407 597 1463 δε
632 1442 700 1450 -
751 1409 904 1482 ἐφάνη
941 1409 1096 1480 αὐτῷ.
1152 1408 1287 1481 Ὀρα
1343 1413 1637 1481 πραότητος
1688 1410 1849 1483 ὑπερ-

254 1501 441 1559 ϐολήνῐ
515 1500 575 1552 οὐ
632 1505 783 1572 μόνον
839 1502 939 1571 γὰρ
998 1499 1090 1551 οὐκ
1143 1497 1331 1560 ἐξεῖπεν
1390 1498 1539 1570 ἑτέρῳ
1594 1504 1712 1571 περὶ
1763 1505 1852 1550 τοῦ

254 1592 582 1662 πράγματος,
641 1588 747 1641 ἀλλ’
801 1585 924 1641 οὐδὲ
956 1588 1085 1660 αὐτῇ
1142 1595 1203 1659 τῇ
1257 1589 1666 1659 ὑποπτευομένῃ,
1726 1587 1855 1639 ἀλλὰ

253 1681 364 1731 καθ’
390 1680 578 1731 ἑαυτὸν
632 1678 940 1750 ἐνεθυμήθη,
991 1677 1158 1749 λάθρα
1204 1676 1464 1730 ἀπολῦσαι
1519 1678 1702 1735 αὐτὴν.
1753 1682 1854 1730 Καὶ

1951 506 2079 556 tum
2125 504 2365 571 propter
2392 497 2917 553 mansuetudinem
2950 514 3018 554 ac
3061 498 3410 570 probitatem
3452 497 3602 567 ejus.

1951 589 2280 645 Traducere
2310 591 2510 641 autem
2543 584 2866 641 dicebatur.
2902 587 3147 658 quando
3179 587 3263 641 vir
3289 586 3366 642 ad
3398 586 3604 642 conci-

1954 678 2098 732 lium
2112 676 2365 731 ducebat
2392 690 2661 741 uxorem,
2676 675 2748 729 de
2762 691 2883 745 qua
2904 676 3301 746 suspicionem
3318 675 3602 741 habebat,

1954 769 2266 837 ipsamque
2287 764 2606 820 accusabat
2640 780 2650 819 :
2683 769 2738 819 et
2766 764 2847 820 ita
2870 765 3181 820 manifeste
3213 781 3346 821 eam
3369 782 3402 821 a
3435 766 3605 822 domo

1955 855 2199 927 propria
2250 853 2600 908 dimittebat.
2653 852 2823 918 Quod
2870 854 3074 908 nolens
3125 854 3317 910 facere
3360 855 3602 926 Joseph,

1954 944 2144 1001 voluit
2173 943 2315 998 clam
2347 942 2661 1008 dimittere,
2691 957 2846 1007 eam,
2880 946 2943 997 ut
2980 947 3037 997 et
3064 942 3191 1013 ipse
3233 942 3377 997 nulli
3413 943 3605 999 obno-

1956 1033 2084 1089 xius
2110 1031 2339 1087 crimini
2368 1030 2701 1086 secundum
2729 1030 2923 1102 legem
2952 1037 3237 1101 maneret,
3272 1046 3372 1086 eas
3394 1031 3605 1101 juben-

1958 1128 2077 1177 tem
2108 1122 2395 1176 dimittere
2430 1136 2563 1191 quae
2598 1119 2843 1177 aliunde
2873 1119 2934 1175 in
2975 1124 3141 1176 utero
3198 1119 3502 1185 haberent,
3551 1124 3610 1174 et

1957 1210 2113 1266 illam
2133 1209 2473 1265 amalorum
2494 1208 2872 1280 perpessione
2899 1213 3178 1275 servaret,
3195 1208 3339 1280 quia
3363 1208 3425 1264 id
3446 1207 3609 1280 quod

1958 1299 2185 1356 factum
2220 1303 2361 1363 erat,
2398 1313 2518 1353 non
2552 1296 2988 1354 manifestabat.

2032 1409 2191 1462 Vers.
2226 1408 2312 1460 20.
2345 1405 2473 1461 Hmc
2508 1412 2697 1460 autem
2725 1435 2793 1443 —
2827 1406 3110 1475 apparuit
3137 1406 3206 1460 ei.
3264 1405 3407 1461 Vide
3438 1422 3611 1462 man-

1962 1494 2293 1552 suetudinis
2322 1492 2745 1549 excellentiam.
2778 1496 2905 1548 Non
2934 1492 3122 1549 solum
3147 1494 3260 1549 hac
3288 1494 3361 1550 de
3379 1510 3440 1549 re
3463 1495 3607 1551 nihil

1961 1584 2123 1641 alteri
2172 1582 2600 1650 manifestabat,
2632 1582 2732 1636 sed
2780 1597 2890 1637 nec
2946 1582 3071 1653 ipsi,
3117 1583 3192 1639 de
3246 1599 3367 1654 qua
3413 1584 3608 1656 suspi-

1962 1674 2189 1730 cionem
2219 1671 2478 1727 habebat
2506 1689 2521 1725 :
2557 1675 2770 1727 tantum
2802 1672 2961 1743 apud
2995 1688 3056 1726 se
3100 1673 3391 1742 cogitavit,
3449 1675 3605 1729 clam

256 1766 394 1820 διατί
446 1773 549 1840 μὴ,
592 1771 691 1840 πρὸ
739 1775 831 1819 τοῦ
864 1765 1215 1837 ἐξογκωθῆναι
1262 1771 1354 1823 τὴν
1404 1771 1637 1841 γαστέρα
1673 1767 1850 1834 αὐτῆς,

1974 1762 2248 1818 iimittere
2279 1763 2548 1817 easzt
2594 1775 2774 1831 quare
2828 1775 2950 1816 non
3025 1767 3349 1833 antequam
3404 1767 3607 1819 venter

254 1858 277 1909 ό
309 1857 532 1929 ἄγγελος
564 1855 671 1909 εἷπε
714 1865 785 1927 τῷ
842 1856 1030 1927 Ἰωσὴφ
1077 1858 1138 1907 τὰ
1174 1861 1291 1927 περὶ
1325 1864 1421 1917 τῆς
1460 1854 1691 1927 ἀσπόρου
1725 1856 1852 1908 συλ-

253 1946 495 2017 λήψεως,
548 1949 690 1998 Διότι
722 1944 915 2017 ἔμελλεν
971 1943 1330 2011 ἀπιστεῖσθαι,
1375 1941 1467 1996 διὰ
1521 1948 1577 1996 τὸ
1609 1942 1852 2017 παράδο-

256 2034 353 2097 ξον.
397 2038 603 2087 Λοιπὸν
662 2031 769 2103 οὖν,
828 2035 1084 2109 ὁρωμένου
1124 2040 1216 2084 τοῦ
1272 2035 1593 2106 πράγματος,
1648 2038 1850 2106 μηνύει,

254 2130 339 2177 καὶ
396 2126 571 2177 πείθει
626 2120 830 2197 ῥᾴδιον.
910 2128 1009 2175 Καὶ
1065 2119 1211 2175 διατί
1248 2127 1319 2195 μὴ
1372 2124 1402 2180 ἡ
1475 2125 1727 2198 Ιιαρθένος
1784 2132 1856 2194 τῷ

255 2214 449 2286 Ἰωσὴφ
514 2211 802 2284 ἀνήγγειλε,
857 2208 1295 2284 προδιδαχθεῖσα
1345 2220 1509 2264 ταῦτα
1566 2216 1709 2288 παρά
1765 2222 1856 2265 τοῦ

251 2302 525 2375 Γαϐριήλ;
584 2306 724 2353 Διότι
800 2300 1093 2372 ἐγίνωσκεν,
1165 2304 1232 2363 ὡς
1290 2301 1347 2353 οὐ
1424 2305 1856 2372 πιστευθήσεται,

251 2390 441 2462 μᾶλλον
517 2394 606 2463 μὲν
700 2386 786 2441 οὖν
855 2395 944 2441 καὶ
1002 2388 1301 2465 παροξυνεῖ,
1388 2393 1450 2451 ὡς
1510 2390 1855 2465 ἐπιχειροῦσα

257 2482 571 2539 συσκιάςειν
616 2483 672 2531 τό
720 2478 1230 2551 πεπλημμελημένον.
1291 2484 1390 2532 Καὶ
1448 2476 1592 2532 διατί
1645 2486 1715 2553 μὴ
1770 2487 1858 2534 καὶ

254 2576 316 2639 τῇ
370 2570 640 2643 Παρθένῳ,
673 2571 803 2639 μετὰ
844 2572 929 2620 τὸν
979 2572 1130 2639 ὄγκον
1188 2577 1278 2629 τῆς
1306 2574 1554 2641 γαστρὸς,
1605 2569 1858 2641 ἐμήνυσεν

259 2658 283 2707 ὁ
313 2657 533 2729 ἄγγελος
572 2663 663 2715 τὴν
702 2656 756 2708 ἐκ
784 2660 1078 2730 Πνεύματος
1140 2658 1290 2727 ἁγίου
1344 2659 1636 2729 cunis-15¢»;
1699 2666 1857 2727 Διότι,

262 2750 304 2797 εὶ
360 2751 431 2817 μὴ
496 2749 867 2819 προμεμάθηκε
922 2754 1096 2811 τοῦτο,
1147 2746 1340 2818 ἔμελλεν
1386 2747 1436 2799 ἐν
1481 2750 1680 2822 θορύϐῳ
1730 2749 1860 2804 εἶναι

263 2840 351 2887 καὶ
401 2844 642 2908 ταραχῇ,
686 2840 775 2887 καὶ
828 2834 911 2887 ἐπὶ
968 2834 1169 2908 βρόχον
1237 2835 1393 2888 ἐλθεῖν
1442 2834 1495 2889 εὖ
1553 2835 1745 2903 εἰδυῖα,
1797 2844 1861 2902 ὡς

269 2923 359 2974 οὐκ
391 2926 450 2975 ἄν
493 2944 615 2977 ποτε
663 2930 815 2997 πείσῃ
872 2928 1005 2992 τινα,
1054 2924 1297 2996 λέγουσα,
1359 2931 1431 2998 μὴ
1482 2927 1731 2999 ὁμιλῆσαι
1776 2929 1859 2982 ἀν-

275 3006 380 3086 δρί.
428 3017 524 3066 Διά
572 3022 744 3081 τοῦτο,
791 3021 852 3085 τῇ
903 3017 991 3086 μὲν
1047 3015 1310 3087 Παρθένῳ,
1370 3019 1468 3087 πρὸ
1520 3025 1614 3078 τῆς
1671 3019 1857 3078 συλλη-

1961 1853 2376 1908 intumesceret
2426 1848 2681 1917 Virginis
2728 1849 2876 1904 dixit
2924 1861 3173 1919 angelus
3214 1851 3324 1922 ipsi
3362 1852 3604 1922 Joseph,

1961 1956 2097 2011 qum
2111 1938 2264 1994 facta
2295 1938 2528 1994 fuerant
2548 1937 2707 1993 circa
2723 1938 3177 2009 conceptionem
3192 1939 3316 1994 sine
3339 1940 3563 1995 semine
3585 1939 3611 1992 7

1964 2028 2113 2092 Quia
2154 2029 2395 2098 propter
2432 2040 2720 2097 magnam
2767 2026 2853 2080 rei
2913 2025 3235 2082 novitatem
3266 2026 3611 2083 incredulus

1963 2115 2191 2173 fuisset.
2227 2116 2375 2171 Cum
2401 2129 2542 2184 ergo
2574 2130 2663 2170 res
2687 2113 2816 2184 jam
2846 2119 3177 2186 appareret,
3210 2115 3424 2170 indicat
3466 2115 3612 2171 faci-

1962 2204 2197 2275 liusque
2245 2203 2587 2275 persuadet.
2640 2203 2946 2270 Praeterea,
2977 2219 3083 2259 cur
3112 2220 3228 2259 non
3272 2203 3405 2276 ipsa
3436 2207 3610 2275 Virgo

1965 2292 2365 2351 manifestavit
2398 2292 2638 2362 Joseph,
2680 2308 2818 2348 cum
2871 2293 3030 2363 prius
3076 2310 3109 2349 a
3142 2293 3408 2349 Gabriele
3460 2300 3614 2350 esset

1967 2382 2228 2440 edocta?
2282 2380 2452 2447 Quod
2509 2380 2732 2437 sciebat
2787 2384 3017 2438 tantum
3084 2382 3296 2437 abesse
3359 2390 3421 2437 ut
3498 2383 3612 2438 sibi

1966 2471 2117 2527 ﬁdes
2144 2470 2520 2525 adhiberetur
2549 2474 2614 2525 ut
2659 2470 2844 2539 magis
2891 2470 3069 2525 etiam
3094 2471 3346 2526 irritaret
3368 2471 3465 2542 (ad
3490 2472 3616 2527 vin-

1967 2561 2187 2616 dictam
2218 2558 2568 2630 Josephum)
2596 2560 2644 2613 si
2667 2559 2907 2631 culpam
2940 2565 3255 2616 conaretur
3285 2561 3494 2617 celare.
3528 2563 3615 2617 Ad

1967 2649 2089 2705 hrec
2118 2650 2342 2712 :Quare
2362 2664 2484 2704 non
2522 2652 2656 2719 post
2688 2649 2903 2703 ventris
2934 2653 3219 2704 tumorem
3262 2650 3617 2719 signiﬁcavit

1970 2738 2219 2809 angelus
2245 2738 2492 2807 Virginis
2518 2738 2974 2809 conceptionem,
3022 2754 3160 2810 quae
3190 2755 3294 2810 per
3334 2740 3613 2809 Spiritum

1970 2832 2243 2884 sanctum
2268 2827 2422 2883 facta
2442 2831 2600 2882 esset
2628 2828 2655 2883 ?
2680 2827 2828 2891 Quia
2853 2826 3143 2899 nisiprius
3169 2844 3292 2883 rem
3308 2828 3616 2886 didicisset

1972 2912 2183 2968 timore
2210 2927 2278 2966 ac
2304 2910 2746 2982 perturbatione
2777 2912 2927 2967 adeo
2972 2913 3256 2981 exagitari
3290 2915 3499 2983 potuit,
3551 2920 3614 2971 ut

1971 3006 2222 3057 mortem
2253 2999 2390 3071 ipsa
2418 3000 2529 3055 sibi
2569 3000 2975 3067 conscisceret,
3009 3002 3184 3072 plane
3216 3002 3423 3068 sciens,
3458 3004 3619 3075 quod

268 3099 417 3170 ψεως,
445 3105 472 3154 ὁ
508 3103 724 3175 ἄγγελος
756 3099 1071 3174 διαλέγεται⁹
1110 3111 1176 3173 τῷ
1203 3099 1262 3155 δὲ
1290 3103 1502 3175 Ἰωσὴφ,
1529 3104 1577 3157 ἐν
1603 3116 1673 3177 τῷ
1695 3116 1860 3181 καιρῷ

1974 3091 2116 3147 nulli
2136 3106 2400 3163 unquam
2415 3091 2775 3163 persuadere
2797 3092 3106 3162 potuisset,
3129 3109 3192 3148 se
3211 3092 3351 3149 nulli
3371 3096 3618 3150 commi-

263 3198 359 3241 τῶν
391 3189 597 3245 ὠδίνων
608 3234 621 3247 .

337 3393 441 3442 Καὶ
498 3389 523 3438 ὁ
577 3390 664 3459 μὲν
716 3389 983 3449 Ματθαῖος
1032 3392 1147 3460 περὶ
1192 3396 1280 3440 τοῦ
1343 3387 1561 3461 ἀγγέλου
1610 3400 1702 3444 τοῦ
1752 3392 1863 3447 ἐπι-

271 3476 492 3537 στάντος
547 3486 617 3547 τῷ
657 3477 849 3548 Ἰωσὴφ
899 3476 1201 3549 ἀνέγραψεν·
1274 3479 1297 3528 ὁ
1362 3475 1419 3529 δὲ
1466 3487 1675 3543 Λουκᾶς
1746 3488 1864 3558 περὶ

268 3571 357 3615 τοῦ
400 3565 866 3637 εὐαγγελισαμένου
935 3573 995 3637 τῇ
1069 3567 1308 3639 Παρθένῳ
1360 3571 1447 3624 τὴν
1502 3571 1637 3622 θείαν
1681 3572 1866 3630 σᾶλλης

269 3650 377 3719 φιν.
436 3655 727 3728 Ἀμφότεροι
762 3657 864 3729 γὰρ
916 3658 1178 3725 γεγόνασι.
1239 3660 1337 3708 Καὶ
1392 3653 1537 3709 ὃιατί
1580 3660 1693 3710 κατ’
1744 3666 1862 3735 ὄναρ

272 3741 408 3811 αὐτῷ
471 3747 705 3811 φαίνεται
756 3744 781 3793 ὁ
839 3742 1071 3813 οῐγγελος,
1132 3748 1222 3794 καὶ
1268 3748 1337 3815 μὴ
1400 3755 1644 3818 φανερῶς,
1694 3752 1865 3823 ὥσπερ

272 3834 359 3881 καὶ
412 3839 478 3901 τῇ
546 3832 825 3902 Παρθένῳ;
882 3836 1020 3882 Διότι
1104 3834 1131 3888 η
1193 3836 1281 3903 μὲν
1352 3836 1603 3905 ΙΙαρθένος
1672 3840 1868 3909 ἔχρῃζε

274 3925 495 3993 φανερᾶς
553 3918 737 3988 ὅψεως,
794 3914 885 3970 θ’ιά
942 3923 998 3970 τὸ
1059 3916 1355 3992 παράδοξον
1404 3929 1495 3973 τοῦ
1545 3927 1864 3996 μηνύματος

275 4007 299 4057 ό
330 4003 389 4059 δὲ
419 4008 639 4078 Ἰωσὴφ,
672 4005 872 4078 βλέπων
919 4010 1007 4079 μὲν
1034 4014 1122 4060 καὶ
1162 4012 1247 4061 τὸν
1291 4014 1442 4080 ὄγκον
1481 4020 1577 4073 τῆς
1615 4032 1866 4087 γαστρος,

274 4103 543 4164 γινώσκων
578 4092 637 4147 δὲ
677 4101 766 4147 καὶ
811 4100 894 4147 τὸν
944 4095 1058 4169 βίον
1086 4105 1178 4158 τῆς
1241 4101 1498 4171 Παρθένου
1558 4103 1783 4176 καθαρόν
1814 4123 1869 4156 τε

278 4188 367 4235 καὶ
455 4183 817 4251 ἀνεπίληπτον,
898 4184 1261 4259 εὐχερέστερον
1340 4187 1509 4259 ἔμελλε
1560 4194 1866 4247 «πιστεύειν.

280 4269 472 4332 Ἀλλως
522 4292 577 4325 τε
622 4270 700 4340 δε,
750 4277 839 4325 καὶ
886 4277 955 4335 ως
1010 4270 1063 4325 εὖ
1100 4272 1251 4337 εἰδὼς
1282 4272 1566 4350 διακρίνειν
1620 4279 1866 4351 ὀνείρους,

285 4356 332 4409 ἓν
364 4360 538 4433 ὀνείρῳ
574 4360 750 4434 βλέπει
782 4365 866 4414 τὸν
898 4362 1133 4434 ἄγγελον,

1972 3185 2127 3236 stam
2167 3195 2298 3234 esse
2352 3180 2496 3235 viro.
2548 3180 2864 3252 Propterea
2916 3181 3138 3249 Virgini
3189 3182 3431 3254 quidem
3478 3188 3617 3239 ante

1970 3267 2423 3338 conceptionem
2445 3267 2693 3337 angelus
2711 3268 3018 3333 nuntiavit,
3034 3270 3251 3341 Joseph
3268 3274 3465 3326 autem
3484 3286 3618 3342 par-

1973 3356 2265 3414 turitionis
2286 3360 2579 3428 tempore.

2044 3467 2110 3519 Et
2138 3463 2442 3519 Matthaeus
2460 3462 2702 3534 quidem
2726 3464 2801 3519 de
2828 3464 3037 3535 angelo
3066 3466 3284 3537 Joseph
3302 3471 3620 3537 apparente

1974 3550 2326 3620 conscripsit
2354 3567 2365 3615 ;
2391 3549 2579 3604 Lucas
2614 3550 3096 3620 vero,quomodo
3124 3552 3343 3619 Virgini
3383 3551 3621 3605 divinus

1974 3643 2295 3709 conceptus
2323 3637 2395 3692 sit
2421 3639 2806 3693 annuntiatus
2836 3654 2850 3703 ;
2886 3639 3375 3709 utrumqueenim
3397 3639 3623 3695 factum

1975 3726 2080 3777 est.
2124 3733 2390 3791 Rursum,
2457 3738 2641 3791 quam
2673 3722 2746 3776 ob
2777 3738 3025 3778 causam
3055 3723 3115 3777 in
3147 3725 3371 3777 somnis
3399 3724 3509 3793 ipsi
3530 3725 3626 3779 Jo-

1977 3806 2119 3876 seph
2158 3805 2428 3875 apparuit
2452 3805 2702 3873 angelus
2729 3811 2783 3860 et
2815 3821 2934 3860 non
2968 3806 3299 3874 manifeste,
3331 3807 3480 3860 sicut
3510 3808 3625 3861 Vir-

1977 3887 2148 3961 gini?
2181 3890 2327 3952 Quia
2374 3888 2593 3957 Virgini
2640 3889 2882 3960 quidem
2922 3889 3239 3945 manifesta
3286 3905 3439 3960 opus
3498 3894 3625 3945 erat

1976 3973 2202 4027 visione
2226 3988 2329 4044 pro
2338 3978 2463 4043 pter
2487 3972 2590 4038 rei,
2612 3989 2745 4044 quae
2770 3973 3233 4043 signiﬁcabatur,
3267 3975 3620 4030 novitatem:

1977 4057 2213 4127 Joseph,
2247 4062 2443 4113 autem
2474 4057 2685 4111 videns
2717 4059 2953 4128 quidem
2988 4059 3134 4113 uteri
3172 4062 3487 4125 tumorem,
3529 4074 3624 4114 co-

1979 4142 2205 4213 gnitam
2252 4147 2450 4196 tamen
2480 4140 2712 4196 habens
2760 4142 2892 4197 vita:
2920 4142 3178 4212 Virginis
3206 4144 3519 4213 puritatem
3553 4160 3625 4198 ac

1977 4229 2400 4298 innocentiam,
2436 4229 2547 4285 alio
2577 4246 2819 4303 quoque
2852 4230 3025 4286 modo
3051 4229 3283 4286 facilius
3328 4239 3454 4288 erat
3504 4248 3626 4287 cre-

1978 4318 2232 4383 diturus,
2262 4324 2552 4390 tanquam
2569 4320 2669 4391 qui
2695 4320 2929 4376 somnia
2967 4321 3154 4393 probe
3185 4327 3427 4379 noverat
3472 4322 3623 4393 diju-

1980 4404 2179 4460 dicare
2212 4419 2223 4456 :
2254 4404 2390 4459 ideo
2419 4404 2478 4458 in
2507 4404 2734 4459 somnis
2760 4406 3039 4475 angelum
3090 4406 3269 4461 videt.

360 4471 529 4539 Λόγων
578 4499 634 4509 -
677 4472 902 4540 γυναῖκά
958 4489 1073 4522 σου.
1125 4473 1244 4522 Υἱὸν
1299 4468 1465 4525 Δαυὶδ
1521 4474 1674 4528 αὐτόν
1729 4473 1860 4530 ἓκοὶλι

2051 4487 2312 4545 νοτε.20.
2342 4488 2556 4544 Diceris
2584 4520 2650 4528 —
2673 4464 2978 4561 σθω-αξιεηι
3006 4496 3183 4548 luam.
3220 4490 3409 4547 David
3423 4490 3627 4563 ﬁlium,

296 4570 395 4619 σεν,
433 4554 631 4627 ἀνάγων
680 4562 771 4613 τὴν
822 4555 1056 4611 διάνοιαν
1088 4559 1247 4611 αὐτοῦ
1278 4560 1360 4613 ἐπὶ
1409 4566 1495 4613 τὸν
1546 4562 1731 4635 Δαυῐὸ,
1785 4568 1872 4639 ἀφ’

298 4640 354 4691 οὗ
378 4640 703 4716 προσεδόκων
747 4644 995 4699 Ἰουδαῖοι
1023 4651 1110 4699 τὸν
1156 4653 1384 4721 Χριστὸν
1434 4654 1662 4705 ἔσεσθαι.
1706 4656 1873 4709 Εἰπὼν

298 4724 371 4798 δε,
420 4738 504 4790 Μὴ
535 4734 780 4807 φοϐηθῇς,
824 4734 1134 4807 ἀνεκάλυψεν
1193 4738 1332 4809 αὐτῷ
1390 4743 1447 4791 τὸ
1505 4750 1596 4801 τῆς
1652 4741 1875 4817 καρδίας

294 4819 444 4873 αὐτοῦ
500 4830 810 4898 μυστήριον.
849 4824 1107 4897 Ἐφόϐεῖτο
1154 4830 1253 4901 γὰρ
1283 4833 1522 4899 κατέχειν
1552 4835 1642 4889 τὴν
1693 4838 1875 4885 Θεοτό-

292 4923 394 4977 κον,
452 4915 522 4983 μὴ
591 4917 927 4987 προσκρούσῃ
986 4923 1056 4984 τῷ
1114 4923 1246 4985 Θεῷ,
1298 4916 1594 4988 μοιχαλίδα
1640 4927 1875 4993 κατέχων

289 5003 427 5073 παρὰ
478 5004 563 5052 τὸν
605 5006 777 5074 νόμον.
810 5007 873 5055 Τί
922 5000 981 5055 δέ
1024 5006 1134 5055 ἐστι
1168 5009 1247 5071 τὸ,
1286 5007 1643 5078 παραλαϐεῖνς
1689 5008 1875 5063 Ἔνδον

289 5092 525 5160 κατέχειν
574 5091 695 5163 παρ’
737 5090 921 5161 ἐαυτῷ,
961 5092 1131 5144 λαϐεῖν
1180 5090 1350 5156 αὖθις.
1410 5093 1551 5154 Ἤδη
1601 5102 1701 5171 γὰρ
1737 5100 1875 5171 αὐτῷ

288 5180 415 5229 κατὰ
472 5174 707 5230 διάνοιαν
766 5178 1058 5235 ἀπολελυτο.
1128 5182 1446 5255 Παραλαϐεῖν
1523 5182 1581 5237 δὲ
1649 5187 1742 5238 οὐκ
1808 5190 1877 5249 εἰς

286 5267 469 5338 γάμον,
519 5265 627 5318 ἀλλ’
685 5268 751 5328 εἰς
781 5268 1030 5340 φυλακήν.
1081 5275 1185 5328 Τὴν
1226 5276 1456 5344 γυναῖπά
1509 5294 1603 5326 σου
1655 5272 1713 5329 δὲ
1744 5275 1871 5345 εἷπε,

286 5352 553 5408 κάντεῦθεν
620 5355 958 5433 πληροφορῶν
1040 5360 1215 5431 αὐτὸν,
1301 5364 1380 5415 ὅτι
1433 5362 1537 5436 οὐχ
1615 5365 1875 5438 ὡμίλησεν

288 5437 458 5519 ἀνδρί.

354 5553 424 5607 Τὸ
490 5554 591 5631 γὰρ
656 5582 724 5593 -—
789 5551 845 5607 ἔκ
916 5558 1204 5631 Πνεύματός
1256 5556 1394 5613 ἐστιν
1453 5560 1621 5637 ἁγίου.
1686 5566 1755 5618 Τὸ
1831 5562 1880 5617 ἐν

1983 4612 2185 4684 ipsum
2212 4612 2501 4679 nominat,
2536 4617 2796 4669 mentem
2846 4614 2976 4684 ejus
3009 4614 3087 4671 ad
3129 4615 3312 4671 David
3339 4615 3630 4672 reducens

1983 4719 2018 4757 a
2046 4717 2167 4773 quo
2182 4702 2475 4757 Christum
2504 4718 2634 4757 esse
2649 4708 2966 4758 venturum
2980 4703 3401 4774 exspectabant
3426 4704 3630 4764 Judaei.

1984 4787 2191 4841 Dicens
2221 4792 2442 4851 autem,
2469 4786 2556 4842 Ne
2580 4788 2860 4852 timueris,
2892 4786 3086 4842 eidem
3118 4787 3463 4843 manifestat
3494 4804 3629 4857 pro-

1983 4871 2089 4943 prii
2138 4871 2333 4926 cordis
2372 4887 2665 4928 arcanum.
2724 4872 2985 4925 Timebat
3031 4871 3334 4942 siquidem
3374 4872 3629 4929 retinere

1986 4954 2087 5009 Dei
2108 4958 2368 5021 Matrem,
2406 4971 2477 5009 ne
2518 4959 2703 5009 Deum
2748 4955 3094 5023 offenderet,
3138 4961 3364 5012 retenta
3421 4963 3631 5014 contra

1983 5039 2175 5107 legem
2215 5039 2499 5094 adultera.
2542 5040 2692 5105 Quid
2740 5046 2824 5095 est
2872 5046 3065 5097 autem
3107 5042 3374 5113 accipere
3406 5040 3433 5095 ‘?
3464 5042 3627 5099 Intus

1983 5123 2251 5189 retinere,
2284 5124 2369 5178 vel
2395 5124 2473 5179 ad
2499 5141 2559 5180 se
2588 5126 2791 5196 ipsum
2815 5143 3014 5182 rursus
3047 5144 3275 5200 capere.
3300 5129 3432 5184 Jam
3463 5129 3625 5183 enim

1985 5214 2181 5263 mente
2207 5209 2278 5263 ab
2318 5224 2387 5263 eo
2417 5208 2608 5265 divisa
2636 5216 2778 5268 erat.
2801 5213 3077 5283 Accipere
3108 5228 3249 5268 vero
3280 5224 3399 5269 non
3422 5212 3500 5268 ad
3521 5228 3631 5268 nu-

1985 5292 2154 5365 ptias,
2174 5292 2277 5347 sed
2288 5292 2366 5347 ad
2381 5293 2734 5350 custodiam.
2770 5298 3024 5353 Uxorem
3038 5314 3273 5369 quoque
3288 5302 3443 5353 tuam
3457 5296 3631 5370 dixit,

1987 5382 2051 5433 ut
2070 5377 2208 5433 inde
2222 5378 2528 5435 certiorem
2541 5394 2679 5436 eum
2693 5380 2930 5453 faceret,
2956 5382 3121 5455 quod
3150 5382 3363 5439 anullo
3393 5383 3632 5453 cognita

1987 5466 2137 5520 esset
2164 5461 2315 5519 viro.

2057 5568 2217 5627 Vers.
2244 5569 2336 5629 20.
2379 5570 2546 5641 Quod
2572 5572 2725 5630 enim
2744 5587 2859 5630 -α
2890 5570 3118 5644 Spiritu
3154 5577 3344 5629 sancto
3373 5576 3469 5631 est.
3498 5573 3636 5632 For-
