4166 6314
533 304 631 374 ist
1875 294 2223 368 EUT’HYMII
2259 294 2589 369 ZiGABENt

3788 298 3896 371 J132

533 447 758 497 metum
790 435 849 496 in
878 454 970 511 ea,
1003 434 1267 511 genitum
1289 439 1455 505 dixit,
1485 444 1546 493 ut
1562 436 1866 494 discamus
1890 453 2008 493 non
2035 453 2163 509 pau-

2287 440 2416 513 αὑτῇ
2469 436 2809 492 διαπλασθέν.
2842 441 3083 498 Γωνηθὲν
3137 440 3236 515 γὰρ
3269 438 3422 509 εἶπεν,
3489 440 3573 494 ἵνα
3626 443 3893 515 μάθωμεν,

527 528 714 595 latim,
750 529 928 585 modo
957 530 1216 595 seminis,
1250 529 1569 584 formatum
1598 541 1729 581 esse
1763 543 1774 579 :
1806 526 1909 581 sed
1940 532 2175 598 repente

528 622 824 690 quantum
850 618 930 675 ad
956 618 1369 674 formationem
1402 614 1656 686 perfecte
1683 614 1871 670 factus
1900 618 2008 670 est.
2031 614 2175 672 Vide

530 709 1058 781 autem,quomodo
1084 709 1273 778 ipsum
1303 706 1617 762 admonuit
1641 705 1789 777 eius,
1818 704 1982 776 quod
2013 721 2049 761 a
2070 706 2177 761 Da-

529 797 625 853 vid
651 799 1116 869 exspectabatur:
1147 793 1363 849 deinde
1411 792 1815 849 manifestavit
1843 793 1950 864 ipsi
1980 793 2171 849 occul-

527 886 652 937 tum
682 883 879 937 cordis
907 882 1189 944 timorem,
1223 882 1279 933 et
1320 878 1463 949 quid
1503 877 1694 932 facere
1761 877 2117 933 decrevisset
2156 894 2173 932 :

527 972 740 1039 postea
769 965 989 1027 docuit,
1030 978 1243 1034 puram
1271 977 1402 1017 esse
1451 963 1581 1034 ejus
1634 976 1920 1032 sponsam
1956 977 1966 1015 :
2010 967 2066 1017 et
2094 961 2174 1017 ita

529 1054 790 1121 tandem,
819 1051 981 1123 quod
1006 1051 1089 1105 rei
1106 1056 1288 1121 caput
1316 1050 1674 1115 eratintulit,
1692 1049 1981 1113 videlicet,
2008 1048 2174 1121 quod

527 1158 563 1199 a
588 1140 811 1213 Spiritu
837 1145 1047 1196 sancto
1077 1143 1250 1210 esset,
1279 1143 1343 1195 ut
1384 1139 1497 1195 hoc
1537 1140 1713 1195 modo
1752 1137 1983 1194 facilius
2030 1137 2175 1194 reci-

525 1231 587 1304 pi
612 1232 834 1302 posset.

596 1338 637 1407 -ι-
660 1335 828 1401 Quod
846 1334 922 1391 ab
953 1335 1148 1406 aliquo
1167 1350 1294 1391 esse
1311 1334 1546 1401 dicitur,
1566 1333 1658 1389 vel
1680 1338 1769 1390 est
1790 1332 1973 1390 modo
2000 1348 2173 1405 gene-

524 1424 783 1489 rationis,
815 1424 981 1495 juxta
1016 1423 1190 1479 illud:
1226 1424 1353 1494 Ego
1392 1425 1566 1480 aDeo
1588 1423 1757 1479 exivi
1787 1425 1833 1458 ¹⁵
1865 1425 1956 1478 vel
1990 1422 2172 1478 modo

525 1514 857 1578 creationis,
894 1513 1059 1583 juxta
1089 1512 1273 1567 illud:
1303 1514 1455 1569 Unus
1483 1514 1635 1569 Deus
1692 1517 1745 1568 et
1774 1513 1973 1578 Pater,
2008 1526 2172 1582 aquo

525 1603 723 1660 omnia
757 1605 801 1638 ¹⁶
835 1618 848 1668 ;
885 1602 973 1657 vel
998 1602 1176 1658 modo
1202 1601 1477 1667 naturali,
1520 1602 1669 1656 sicut
1712 1599 1956 1656 eﬂ'ectus
1983 1607 2070 1656 est
2096 1600 2172 1655 ab

525 1695 829 1764 operante.
863 1691 1027 1756 Quod
1057 1689 1228 1761 igitur
1257 1689 1318 1745 in
1349 1690 1586 1760 Virgine
1618 1690 1882 1760 genitum
1921 1692 2022 1752 est,
2055 1703 2173 1743 non

2286 530 2365 581 ὅτι
2422 528 2480 581 οὐ
2559 529 2695 580 κατὰ
2756 531 2941 600 μικρὸν
3022 528 3315 602 ἔμορφώθη,
3371 534 3510 604 νόμῳ
3569 534 3894 605 σπέρματος,

2286 616 2391 669 ἀλλ’
2454 616 2624 687 εὐθὺς,
2681 618 2801 669 ὅσον
2855 617 2927 678 εἰς
2981 622 3276 691 μόρφωσιν,
3328 619 3514 673 τέλειον
3568 616 3890 679 διεπλάσθη.

2282 703 2421 779 Ὀρα
2475 700 2553 773 δὲ,
2628 714 2737 766 πῶς
2816 709 3059 781 πρότερον
3136 705 3414 780 ἀνέμνησεν
3470 708 3624 760 αὑτὸν
3684 718 3781 771 τῆς
3836 709 3896 761 ἐκ

2284 790 2452 845 Δαυῖδ
2518 791 2861 868 προσδοκίας,
2953 797 3125 847 ἔπειτα
3207 795 3511 867 ἐξεκάλυψεν
3597 796 3736 868 αὐτῷ
3798 801 3890 850 τὸν

2286 880 2572 956 ἀπόρῥητον
2616 880 2768 954 φόϐον
2819 890 2914 944 τῆς
2962 879 3206 958 καρδίας,
3242 890 3331 937 καὶ
3368 886 3394 937 ὅ
3442 884 3717 955 ἐϐουλήθη,
3777 882 3893 938 εἶτα

2284 967 2543 1037 ἐδίδαξεν,
2588 972 2669 1022 ὅτι
2695 971 2952 1047 καθαρῶς’
3003 976 3209 1044 μνηστή
3251 975 3391 1025 ἐστιν
3446 973 3626 1039 αὐτοῦ,
3658 978 3746 1025 καὶ
3771 977 3891 1027 τότε

2282 1061 2341 1108 τὸ
2371 1058 2642 1130 κεφάλαιον
2672 1058 2962 1132 ἐπήνεγκεν,
2994 1062 3072 1113 ὅτι
3100 1059 3153 1112 ἐκ
3186 1064 3484 1134 Πνεῦματὸς
3529 1060 3670 1115 ἐστιν
3702 1062 3880 1135 ἁγίου,

2282 1148 2368 1199 ἵνα
2396 1144 2778 1220 εῦπαράδεκτον
2818 1149 2952 1201 οὕτω
2981 1153 3214 1221 γένηται.

2353 1341 2467 1414 [Τὸ
2512 1343 2623 1414 (28)
2654 1346 2709 1396 ἔκ
2733 1364 2886 1414 τινος,
2935 1348 2966 1403 ἦ
3008 1353 3318 1416 γεννητικῶς
3346 1348 3482 1399 κατὰ
3524 1350 3600 1399 1'6-
3660 1345 3789 1417 Ἐγὼ
3822 1346 3878 1398 ἐκ

2282 1438 2373 1482 τοῦ
2410 1438 2542 1484 Θεοῦ
2573 1430 2800 1494 ἐξῆλθον·
2835 1437 2865 1491 ἦ
2903 1429 3317 1507 δημιουργικῶς,
3349 1437 3484 1487 κατά
3521 1439 3600 1487 τὸ·
3634 1436 3719 1497 Εἷς
3752 1440 3887 1498 Θεὸς

2282 1520 2308 1570 ὁ
2332 1524 2534 1595 Πατὴρ,
2574 1520 2626 1582 ἐξ
2648 1520 2708 1572 οὗ
2736 1524 2800 1573 τὰ
2830 1522 3017 1574 πάντα·
3053 1526 3082 1581 ἣ
3114 1531 3363 1594 φυσικῶς,
3394 1526 3459 1584 ὡς
3492 1525 3523 1581 ἡ
3576 1522 3801 1599 ἐνέργεια
3828 1524 3887 1576 ἐκ

2282 1615 2373 1659 τοῦ
2423 1611 2761 1682 ἐνεργοῦντος.
2806 1613 2876 1663 Τὸ
2924 1614 3093 1662 τοίνυν
3125 1610 3172 1662 ἐν
3205 1618 3267 1683 τῇ
3324 1614 3568 1684 Παρθένῳ
3620 1614 3882 1684 γεννηθὲν,

2282 1699 2396 1748 οὔτε
2448 1706 2757 1767 γεννητικῶς
2808 1697 2862 1749 ἐκ
2937 1706 3028 1751 τοῦ
3095 1698 3247 1770 ἁγίου
3299 1702 3616 1772 Πνεῦματοςο
3683 1701 3763 1752 ὅτι
3823 1702 3883 1751 τὸ

527 1780 923 1851 generationis
945 1780 1127 1835 modo
1152 1796 1189 1835 a
1215 1779 1432 1851 Spiritu
1467 1786 1672 1835 sancto
1694 1784 1779 1833 est
1798 1794 1809 1833 :
1826 1778 1989 1850 quia,
2018 1776 2163 1849 quod

2282 1786 2519 1855 γεννηθὲν
2552 1786 2703 1858 σάρξ’
2737 1789 2851 1839 οὔτε
2874 1795 3123 1859 φυσικῶς·
3147 1788 3303 1840 ὅτιτὸ
3339 1794 3548 1861 Πνεῦμα
3580 1786 3879 1860 ἀσώματον.

524 1875 733 1926 natum
753 1872 864 1938 est,
896 1884 1035 1924 caro
1075 1873 1160 1922 est
1188 1888 1199 1926 :
1236 1882 1430 1940 neque
1463 1867 1710 1924 naturali
1744 1868 1966 1922 modo:
2002 1865 2173 1937 spiri-

520 1964 615 2017 tus
639 1958 800 2014 enim
828 1959 1217 2028 incorporeus
1247 1964 1352 2012 est.
1405 1957 1718 2028 Reliquum
1763 1960 1853 2010 est
1878 1955 2073 2024 igitur,
2105 1959 2169 2011 ut

524 2048 602 2105 ab
624 2063 695 2103 eo
716 2048 807 2115 sit,
848 2051 1135 2118 tanquam
1163 2052 1454 2111 creatura,
1482 2045 1571 2100 vel
1597 2045 1916 2116 plasmatio
1947 2044 2096 2114 ejus.

594 2137 761 2194 Vers.
796 2136 883 2190 2t.
918 2135 1107 2190 Pariet
1136 2166 1200 2175 —
1229 2152 1264 2189 α
1312 2134 1567 2203 peccatis
1615 2149 1837 2190 eorum.
1891 2135 1976 2189 Tu
2014 2133 2171 2188 hunc

522 2225 765 2283 vocabis
781 2227 1002 2291 Jesum,
1025 2223 1203 2296 quasi
1234 2223 1361 2294 lege
1391 2228 1577 2295 pater.
1613 2222 1746 2288 Etsi,
1780 2222 1991 2294 inquit,
2033 2238 2169 2294 quae

523 2316 708 2389 patris
746 2320 885 2370 sunt
914 2314 1067 2369 circa
1097 2314 1289 2386 ipsum
1322 2328 1440 2368 non
1483 2312 1840 2375 exercueris,
1892 2311 2169 2383 quamvis

522 2410 690 2463 tuum
717 2420 839 2460 non
851 2409 953 2470 est,
973 2402 1141 2475 quod
1163 2406 1375 2458 natum
1389 2406 1493 2468 est,
1526 2401 1783 2473 ideoque
1797 2416 2018 2458 nomen
2042 2401 2169 2473 ipse

521 2496 593 2552 de
610 2494 883 2568 supernis
916 2493 1079 2549 attuli
1113 2509 1126 2548 :
1161 2498 1221 2548 tu
1252 2496 1455 2548 tamen
1486 2491 1595 2564 ipsi
1620 2492 1914 2563 impones.
1948 2492 2168 2548 Verum

519 2586 662 2657 quia
684 2599 904 2640 nomen
933 2583 1119 2647 Jesus,
1143 2582 1517 2638 Salvatorem
1541 2580 1853 2652 signiﬁcat,
1881 2580 2163 2647 ostendit,

521 2674 727 2729 merito
783 2673 865 2728 ita
919 2671 1251 2726 vocandum
1293 2685 1422 2725 esse
1480 2687 1496 2726 :
1546 2669 1679 2740 Ipse
1734 2670 1884 2725 enim
1937 2669 2170 2741 (inquit)

519 2763 749 2818 salvum
772 2760 947 2831 faciet
970 2760 1246 2830 papulum
1271 2775 1460 2825 suum,
1490 2774 1612 2815 non
1638 2774 1674 2815 a
1710 2758 1880 2815 bellis
1926 2757 2168 2814 sensibi-

518 2850 697 2918 libus,
729 2850 853 2913 sed,
873 2849 1036 2921 quod
1052 2849 1228 2919 longe
1242 2848 1439 2918 majus
1464 2853 1571 2917 est,
1601 2864 1638 2905 a
1655 2849 1917 2918 peccatis
1932 2862 2163 2903 eorum:

520 2937 687 3013 quod
716 2936 915 2993 nullus
944 2952 1213 3009 unquam
1239 2936 1370 2992 fecit
1389 2936 1704 2992 hominum
1737 2941 1835 2993 :ut
1858 2936 1998 2991 hinc
2020 2951 2169 3008 quo-

519 3042 639 3100 que
670 3023 1050 3082 manifestum
1082 3024 1256 3081 faciat
1296 3025 1484 3081 Deum
1525 3040 1672 3091 esse,
1723 3025 1823 3096 qui
1876 3025 2156 3096 gignitur.

2283 1878 2594 1946 Λειπόμενον
2625 1871 2711 1927 οὖν
2742 1874 2901 1943 ἐστιν,
2935 1874 2987 1938 ἐξ
3018 1876 3176 1928 αὐτοῦ
3216 1873 3366 1947 εἶναι,
3398 1879 3467 1939 ὡς
3499 1873 3884 1949 δημιούργημα

2282 1966 2371 2014 καὶ
2398 1967 2598 2035 κτίσμα
2619 1963 2827 2035 aut-06.]

2350 2156 2557 2219 Τέξεται
2608 2187 2678 2199 -
2706 2156 2806 2212 ἀπὸ
2853 2167 2952 2212 τῶν
3015 2158 3278 2233 ἁμαρτιῶν
3328 2159 3510 2215 αὐτῶν.
3570 2166 3635 2214 Σὺ
3696 2167 3878 2214 τοῦτον

2281 2244 2512 2309 καλέσεις
2557 2246 2783 2317 Ἰησοῦν,
2828 2250 2895 2310 ὡς
2946 2251 3084 2321 νόμῳ
3130 2252 3326 2323 πατὴρ,
3359 2249 3401 2301 εἰ
3446 2255 3536 2303 καὶ
3575 2254 3647 2323 μὴ
3699 2252 3876 2322 φύσει,

2280 2339 2370 2387 καὶ
2413 2338 2478 2387 τὰ
2521 2336 2633 2407 (29)
2683 2339 2878 2410 πατρὸς
2910 2333 3141 2410 ἐπιδείξῃ
3195 2342 3313 2412 περὶ
3365 2338 3541 2409 αὐτὸν,
3592 2339 3635 2391 εἰ
3678 2344 3767 2391 καὶ
3802 2343 3875 2410 μὴ

2283 2428 2372 2477 σόν
2419 2423 2532 2477 ἔστι
2591 2427 2837 2497 γέννημα.
2892 2427 2987 2478 Διά
3015 2433 3168 2477 τοῦτο
3214 2427 3316 2499 γὰρ
3347 2429 3406 2478 τὸ
3441 2429 3532 2499 μὲν
3582 2431 3745 2500 ὄνομα
3788 2427 3882 2479 αῦ-

2279 2516 2367 2575 τὸς
2410 2514 2599 2566 ἄνωθεν
2662 2512 2902 2585 ἐκόμισα,
2950 2517 3015 2566 σὺ
3074 2510 3132 2567 δε
3182 2522 3334 2567 τοῦτο
3387 2514 3651 2577 ἔπιθήσεις
3713 2516 3875 2586 αὐτῷ.

2280 2602 2419 2656 Ἐπεὶ
2486 2598 2544 2655 δὲ
2594 2605 2650 2655 τὸ
2690 2603 2899 2665 Ἰησοῦς
2959 2606 3139 2675 ὄνομα,
3181 2611 3395 2679 Σωτῆρα
3453 2608 3716 2677 σημαίνει,
3771 2600 3879 2656 δεί-

2277 2711 2478 2759 κνυσιν,
2530 2693 2608 2743 ὅτι
2675 2687 2891 2752 δικαίως
2946 2692 3080 2744 οὕτω
3153 2692 3493 2750 κληθήσεται.
3562 2693 3728 2756 Αὐτὸς
3773 2695 3874 2765 γὰρ

2282 2786 2461 2845 σώσει,
2518 2783 2669 2852 φησὶ,
2731 2782 2816 2832 τὸν
2872 2780 2994 2832 λαὸν
3060 2780 3239 2851 αὐτοῦ,
3301 2781 3394 2833 οῦκ
3456 2780 3556 2833 ἀπὸ
3618 2780 3874 2853 πολεμίων

2278 2869 2562 2937 αἰσθητῶν,
2610 2865 2715 2919 ἀλλ’
2769 2869 2795 2920 ὅ
2846 2868 3015 2938 πολλῷ
3062 2868 3238 2941 μεῖξον
3289 2865 3373 2937 ἧν,
3416 2868 3516 2922 ἀπὸ
3550 2877 3650 2921 τῶν
3709 2867 3874 2941 ἀμαρ-

2278 2964 2398 3010 τιῶν
2462 2956 2652 3026 αὐτῶν,
2707 2957 2827 3028 ὅπερ
2888 2953 3061 3017 οὐδεὶς
3134 2956 3413 3029 ἀνθρώπων
3465 2960 3590 3010 ποτε
3656 2960 3871 3013 πεποίη-

2276 3066 2378 3099 κεν.
2434 3045 2521 3106 Ὡς
2584 3041 2712 3096 εἶναι
2763 3046 3033 3097 κάντεῦθεν
3078 3050 3358 3119 γνώριμον,
3414 3047 3493 3098 ὅτι
3545 3050 3669 3105 Θεὸς
3734 3044 3874 3097 ἐστιν

519 3111 807 3183 P0pulum
839 3119 1034 3169 autem
1083 3129 1280 3181 suum,
1332 3113 1504 3184 juxta
1546 3114 1870 3185 proximum
1925 3113 2163 3185 quidem

2277 3137 2302 3186 ὁ
2340 3137 2656 3206 τικτόμενος.
2716 3135 2856 3186 Λαόν
2912 3130 2970 3185 δὲ
3022 3133 3183 3186 αὐτοῦ
3249 3152 3401 3206 φησι,
3464 3137 3597 3186 κατὰ
3641 3136 3731 3207 μὶν
3779 3137 3873 3190 την

518 3200 901 3266 intellectum,
923 3206 1099 3257 vocat
1135 3202 1393 3267 Iudaeos,
1446 3218 1517 3257 ex
1559 3203 1779 3274 quibus
1811 3209 1987 3259 natus
2018 3205 2161 3270 erat,

513 3290 675 3362 juxta
701 3305 987 3347 arcanum
1021 3307 1173 3357 vero,
1230 3306 1459 3355 omnes,
1491 3291 1594 3364 qui
1633 3292 1694 3347 in
1725 3292 1928 3364 ipsum
1964 3290 2162 3347 crede-

515 3380 664 3448 rent,
695 3380 751 3431 et
774 3376 893 3432 sibi
930 3376 1074 3449 ipsis
1116 3392 1319 3447 regem
1348 3377 1511 3433 hunc
1542 3377 1919 3433 ascriberent.

590 3564 749 3620 Vers.
778 3568 871 3621 22.
927 3566 1041 3621 Hoc
1074 3571 1263 3621 autem
1293 3592 1364 3607 —
1405 3563 1783 3633 prophetam.
1836 3562 2019 3621 Etiam
2049 3562 2161 3623 hoc

519 3651 719 3708 subdit
742 3652 1012 3724 angelus.
1042 3651 1163 3708 Hoc
1196 3656 1398 3708 autem
1452 3656 1643 3709 totum
1674 3669 1688 3708 :
1722 3653 1857 3718 tale,
1891 3653 2157 3726 inquam,

516 3737 814 3807 Virginem
872 3738 1092 3795 scilicet
1139 3754 1176 3795 a
1222 3738 1441 3810 Spiritu
1489 3742 1697 3795 sancto
1747 3739 2157 3811 impraegnari.

515 3822 737 3879 Deinde
768 3823 1007 3879 adducit
1030 3824 1452 3892 testimonium,
1505 3840 1611 3896 per
1656 3825 2000 3897 prophetam
2031 3825 2160 3898 qui-

512 3909 652 3965 dem
681 3910 894 3966 Isaiam
926 3910 1243 3981 prolatum,
1276 3925 1399 3966 non
1445 3917 1646 3968 tamen
1685 3912 1857 3982 quasi
1903 3912 2032 3982 ejus
2063 3912 2157 3980 sit,

514 3998 619 4054 sed
651 3999 751 4053 Dei
785 4019 797 4057 :
827 4000 1065 4056 Dictum
1094 3999 1254 4055 enim
1281 4004 1390 4069 est,
1438 4000 1649 4072 inquit,
1682 4016 1719 4056 a
1774 4002 2028 4057 Domino
2055 4017 2161 4073 per

507 4086 888 4158 prophetam.

585 4188 747 4243 Vers.
790 4192 878 4242 22.
930 4186 1217 4243 Dicentem
1253 4217 1320 4229 -
1349 4190 1459 4244 erit
1492 4188 1749 4260 gravida.
1811 4192 1928 4246 Hoc
1971 4191 2161 4248 Judaei

512 4277 859 4346 depravant,
902 4276 1196 4347 quosdam
1241 4277 1605 4349 proferentes
1652 4278 2019 4351 interpretes,
2055 4281 2159 4353 qui

514 4365 879 4437 scripserunt
904 4381 916 4420 :
944 4366 1088 4422 Ecce
1106 4366 1572 4424 adolescentula.
1590 4367 1813 4432 Quibus
1840 4371 2160 4441 responde-

2275 3227 2557 3296 πρόχειρον
2619 3230 2831 3292 γνῶσιν,
2886 3226 3008 3283 τοῦς
3063 3219 3369 3288 Ἰουδαίους,
3426 3222 3479 3285 ἐξ
3528 3224 3594 3274 ὧν
3660 3220 3875 3275 ἀνεϐλά-

2278 3329 2459 3368 στησε·
2516 3312 2651 3362 κατὰ
2707 3306 2767 3362 δέ
2811 3314 2905 3369 τὴν
2955 3309 3267 3386 βαθυτέραν,
3314 3312 3512 3373 πάντας
3562 3316 3680 3372 τοὺς
3734 3310 3871 3381 αὐτῷ

2272 3402 2665 3466 πιστεύσοντας,
2721 3404 2807 3453 καὶ
2859 3398 3084 3473 βασιλέα
3153 3407 3333 3452 τοῦτον
3397 3399 3595 3460 ἑαυτοῖς
3655 3398 3869 3473 ἐπιγρα-

2271 3489 2496 3561 φομένου
2506 3509 2549 3550 ς.

2342 3584 2505 3630 Τοῦτο
2539 3572 2949 3650 δὶ-προφὴτου.
3002 3577 3057 3629 0'
3110 3577 3327 3650 ἄγγελος
3370 3581 3460 3631 καὶ
3494 3584 3648 3631 τοῦτο
3703 3595 3861 3650 φησι.

2270 3671 2431 3718 Τοῦτο
2462 3661 2521 3717 δί
2548 3665 2681 3731 ὅλον,
2710 3668 2769 3718 τὸ
2800 3665 3122 3730 τηλικοῦτον,
3155 3672 3289 3739 φημὶ
3330 3663 3398 3727 δὴ
3426 3670 3484 3719 τὸ
3514 3665 3869 3739 ἐγκυμονῆσαι

2270 3758 2364 3813 τὴν
2416 3755 2671 3828 Παρθένον
2735 3754 2790 3806 ἐκ
2860 3757 3151 3827 Πνεύματος
3216 3755 3393 3827 ἁγίου.
3453 3753 3578 3808 Εἶτα
3641 3756 3867 3828 παράγει

2269 3847 2582 3917 μαρτυρίαν,
2650 3840 2745 3895 διὰ
2804 3849 2894 3897 τοῦ
2949 3848 3216 3916 προφήτου
3275 3847 3366 3917 μεν
3420 3843 3639 3897 Ἠσαίου
3687 3844 3864 3915 ῥηθεῖ-

2274 3952 2387 3999 σαν,
2455 3932 2551 3983 οῦκ
2611 3931 2769 3984 αὐτοῦ
2823 3929 2883 3984 δὲ
2939 3928 3120 3998 οὖσαν,
3185 3931 3312 3985 ἀλλὰ
3366 3940 3459 3985 τοῦ
3524 3939 3657 3986 Θεοῦ

2254 4024 2340 4074 ’Τὸ
2393 4021 2548 4094 ῥηθὲν
2604 4022 2728 4093 γὰρ,
2796 4024 2974 4093 φησὶν,
3029 4022 3129 4074 ῦπό
3209 4028 3303 4075 τοῦ
3354 4025 3548 4096 Κυρίου
3636 4017 3730 4073 διὰ
3775 4027 3866 4074 τοῦ

2269 4113 2538 4182 προφήτου
2552 4150 2565 4166 .

2342 4200 2591 4268 Λέγοντος
2652 4227 2724 4239 -
2773 4198 2824 4251 έν
2883 4202 3079 4273 γαστρὶ
3119 4198 3243 4261 ἕξει.
3326 4199 3580 4252 Ἐνταῦθα
3647 4215 3869 4274 κακουρ-

2270 4293 2455 4358 γοῦσιν
2524 4282 2794 4357 Ἰουδαῖοι,
2855 4285 3259 4362 προϐαλλόμενοι
3338 4307 3479 4348 τινας
3531 4290 3866 4360 ἐρμηνευτὰς,

2270 4373 2593 4447 γράψαντας·
2647 4372 2788 4429 Ἰδοὺ
2846 4378 2875 4435 ἠ
2939 4382 3126 4438 νεᾶνις.
3199 4379 3331 4450 Πρὸς
3397 4376 3487 4439 οῦς
3548 4395 3733 4449 φαμεν,
3788 4377 3869 4428 ὃτι

513 4471 668 4520 mus,
701 4454 927 4509 cunctis
950 4454 1062 4509 illis
1100 4455 1529 4526 interpretibus,
1549 4457 1732 4513 multo
1765 4457 1884 4514 ﬁde
1915 4458 2158 4532 dignius

2275 4463 2459 4537 μᾶλλον
2508 4473 2607 4517 τῶν
2663 4464 2827 4516 ἄλλων
2881 4464 3118 4517 ἁπάντων
3168 4463 3488 4537 ἕρμηνευτῶν
3545 4467 3602 4517 τὸ
3654 4464 3866 4526 ἀξιοπι-

513 4558 640 4599 esse
669 4541 751 4615 id,
779 4545 940 4614 quod
960 4543 1185 4602 habent
1209 4544 1616 4615 Septuaginta,
1640 4562 1763 4602 non
1785 4548 1980 4604 solum
2022 4565 2160 4621 pro-

511 4638 642 4706 pter
726 4646 935 4689 eorum
1021 4633 1453 4690 multitudinem
1524 4643 1580 4690 et
1653 4636 2153 4707 conformitatem,

509 4735 720 4778 verum
746 4720 929 4776 etiam
962 4721 1248 4793 temporis
1294 4721 1546 4780 ratione.
1586 4724 1652 4778 Hi
1680 4725 1969 4796 siquidem
2020 4732 2156 4783 ante

510 4814 748 4867 centum
775 4815 831 4867 et
860 4826 930 4867 eo
957 4810 1154 4883 plures
1176 4827 1366 4868 annos
1394 4817 1529 4869 ante
1584 4813 1791 4870 Christi
1838 4814 2154 4872 adventum

510 4900 871 4973 interpretati
892 4903 1030 4956 sunt
1053 4918 1068 4956 :
1095 4901 1348 4972 ideoque
1375 4901 1535 4956 omni
1562 4907 1766 4958 carent
1795 4905 2153 4975 suspicione.

513 4988 621 5053 Qui
666 4994 863 5044 autem
896 4991 1297 5061 scripserunt:
1327 4991 1478 5046 Ecce
1526 4991 1973 5058 adolescentula,
2015 5000 2153 5066 post

512 5077 723 5134 Christi
749 5077 1217 5134 incarnationem
1261 5081 1623 5151 interpretati
1653 5088 1807 5147 sunt,
1849 5083 1984 5139 odio
2033 5102 2155 5142 ma-

583 5211 805 5267 “Joan.
856 5210 1084 5277 vui,42.
1164 5210 1412 5270 1“lCor.
1447 5228 1566 5280 vui,
1600 5218 1651 5271 6.

2272 4557 2507 4626 στὸτερον
2551 4556 2601 4605 οἱ
2658 4549 3052 4625 Ἑϐδομηκοντα
3085 4555 3324 4625 ἔχουσιν,
3378 4553 3436 4606 οὐ
3488 4556 3641 4625 μόνον
3686 4549 3864 4605 διὰτὸ

2267 4640 2464 4703 πλῆθος
2488 4645 2575 4694 καὶ
2617 4646 2711 4701 τὴν
2747 4646 3069 4714 συμφωνίαν,
3122 4640 3251 4693 ἀλλὰ
3305 4646 3394 4695 καὶ
3443 4638 3537 4694 διὰ
3595 4645 3681 4694 τὸν
3722 4646 3864 4714 χρό-

2266 4751 2367 4785 νον.
2422 4730 2580 4783 Οὗτοι
2650 4734 2740 4803 μὲν
2816 4733 2915 4805 γὰρ
2972 4734 3073 4805 πρὸ
3128 4730 3307 4783 ἑκατὸν
3390 4734 3419 4789 ἦ
3467 4735 3557 4782 καὶ
3622 4730 3862 4783 πλειόνων

2266 4819 2388 4873 ἐτῶν
2458 4828 2553 4882 τῆς
2620 4827 2711 4873 τοῦ
2784 4826 3015 4889 Χριστοῦ
3079 4824 3371 4889 παρουσίας
3463 4819 3863 4893 ἑρμηνεύσαντες

2265 4911 2440 4971 πάσης
2474 4908 2602 4961 εἰσὶν
2625 4908 2851 4978 ὑποψίας
2897 4906 3301 4981 ἀπηλλαγμένου
3359 4910 3409 4961 οἰ
3457 4904 3515 4960 δὲ
3566 4908 3864 4981 γράψαντες

2265 5001 2343 5068 τὸ,
2398 4993 2539 5051 Ἰδοὺ
2613 4999 2643 5055 ἡ
2712 5002 2893 5065 νεᾶνις,
2950 5000 3080 5069 μετὰ
3142 5001 3239 5055 τὴν
3316 4996 3705 5070 ἐνανθρώπησιν
3770 5002 3862 5048 τοῦ

2263 5092 2498 5160 Χριστοῦ
2604 5085 3028 5159 ἕρμηνεύσαντες,
3129 5085 3383 5159 ἀπεχθείᾳ
3477 5084 3687 5159 μᾶλλον,
3795 5087 3864 5148 ὡς

1708 5340 1932 5412 Variae
1961 5342 2290 5414 lectiones
2322 5352 2389 5413 et
2416 5350 2621 5415 notae.

584 5487 697 5639 £28)
727 5485 959 5570 Inclusa
997 5486 1138 5545 Cod.
1168 5489 1234 5545 Α.
1264 5488 1436 5547 habet
1457 5490 1512 5545 in
1549 5505 1739 5561 marg.

608 5562 698 5635 29)
736 5567 837 5616 Τοῦ
854 5562 1169 5636 interponit
1199 5561 1403 5638 Chrys.
1440 5567 1475 5620 t.
1508 5564 1623 5634 νυ,
1661 5580 1720 5635 p.

608 5562 698 5635 29)
736 5567 837 5616 Τοῦ
854 5561 1169 5636 interponit
1199 5561 1403 5638 Chrys.
1440 5567 1475 5620 t.
1508 5564 1623 5634 νυ,
1661 5580 1720 5635 ρ.
1761 5563 1853 5620 58.
1912 5566 1978 5622 Α.

2340 5495 2454 5569 (30)
2486 5500 2587 5550 Τοῦ
2624 5492 2842 5552 omittit
2866 5494 2927 5555 Β.
