4166 6314
226 310 318 369 133
1166 310 1537 371 COMMENT.
1584 296 1657 368 'IN'
1698 293 2147 370 MAT'I‘HEUM.
2189 344 2257 355 -
2285 312 2439 369 CAP.
2483 313 2526 367 ι.
3469 298 3570 368 ist

226 436 453 510 Ἑϐραῖοι,
520 440 870 492 συνεσκίασαν
921 442 1014 499 τήν
1071 439 1331 497 ἀλήθειαν.
1387 439 1580 502 Ἄλλως
1629 460 1682 493 τε
1724 438 1806 509 δι,
1841 445 1871 497 Α

1924 440 2027 512 gis,
2052 443 2256 510 utpote
2274 438 2518 505 Hebraei,
2552 438 2866 496 veritatem
2894 437 3314 496 obscurantes:
3343 436 3569 509 alioqui

226 532 304 578 καὶ
345 528 400 577 τὸ
448 532 549 588 τῆς
593 528 917 590 νεωιότητος
974 533 1134 602 ὄνομα
1180 529 1263 582 ἐπὶ
1309 538 1399 590 τῆς
1448 531 1724 602 παρθενίας
1775 530 1805 587 ἡ

1927 546 2145 586 nomen
2166 529 2345 585 etiam
2362 526 2843 593 adolescentula,
2859 544 2966 600 pro
2983 527 3211 597 virgine
3234 526 3401 599 ponit
3424 525 3572 582 Scri-

218 618 376 688 Γραφή
423 616 632 673 τίθησι.
684 623 784 670 Καὶ
832 621 933 694 γὰρ
981 624 1099 694 περὶ
1147 618 1304 693 κόρης
1354 618 1811 690 ἐπιϐουλευομένης

1927 623 2118 691 ptura.
2153 620 2426 690 Loquens
2445 616 2742 689 siquidem
2781 616 2855 672 de
2886 617 3131 687 virgine,
3154 632 3290 689 qua
3322 615 3572 671 insidias

216 702 570 777 διαλεγομένη,
648 712 826 778 φησὶν,
910 708 995 760 ἐὰν
1062 713 1273 780 φωνήσῃ
1336 709 1365 766 ἡ
1422 714 1601 777 νεᾶνις,
1661 726 1812 759 τουτο

1929 723 2215 779 perpessa
2249 710 2336 762 est
2367 723 2378 762 :
2410 706 2456 760 si
2489 705 2857 771 clamaverit,
2886 705 3095 777 inquit,
3128 704 3574 761 adolescentula

213 797 361 858 ἐστιν,
395 794 424 849 ἡ
462 796 733 866 παρθένος.
785 796 844 848 Εἰ
891 792 950 849 δὲ
1003 797 1116 849 κατ’
1147 796 1330 857 αὐτοὺς
1374 802 1555 861 νεᾶνις,
1598 798 1628 853 ἡ
1661 815 1815 867 γεγα-

1929 795 2044 851 sive
2084 794 2303 866 puella,
2322 794 2437 850 hoc
2467 798 2555 850 est
2580 794 2770 863 virgo.
2795 793 2966 859 Quod
2990 795 3035 848 si
3060 794 3228 864 juxta
3262 793 3574 849 eorumin-

209 885 407 953 μημένη
453 880 590 949 ἐστὶ,
648 889 699 935 τί
738 888 934 952 καινὸν,
989 888 1047 937 τό
1102 889 1196 943 τὴν
1249 888 1613 957 γεγαμημένην
1667 884 1816 956 ἐγκυ-

1929 883 2222 940 tellectum
2254 882 2697 941 adolescentula
2727 886 2916 954 nupta
2944 886 3049 947 est,
3103 882 3250 954 quid
3296 882 3574 940 novitatis

206 977 433 1042 μονῆσαι
520 976 609 1023 καὶ
686 980 846 1025 τεκεῖν
886 992 904 1044 ς,
947 973 1006 1030 '0
1094 976 1195 1049 γὰρ
1269 978 1537 1049 προφήτης
1613 981 1815 1047 πρῶτον

1927 971 2172 1029 habebit
2209 988 2344 1029 eam
2375 987 2511 1044 qua
2542 975 2733 1042 nupta
2787 971 2880 1037 sit,
2922 969 3271 1041 concepisse
3302 986 3370 1026 ac
3411 986 3572 1041 pare-

209 1054 339 1110 εἶπεν
379 1079 392 1091 ·
426 1055 569 1112 Ἰδοὺ
644 1057 803 1115 δώσει
888 1064 1074 1135 Κύριος
1160 1064 1281 1135 ύμῖν
1371 1069 1604 1135 σημεῖον.
1691 1058 1820 1114 Εἶτα

1931 1060 2038 1117 re?
2098 1061 2263 1117 Prius
2318 1060 2477 1116 enim
2531 1060 2678 1116 dixit
2733 1060 3056 1131 propheta:
3122 1058 3301 1115 Dabit
3381 1060 3576 1115 Domi-

211 1146 467 1217 ίπήγαγεν
514 1164 532 1181 ⁸
613 1146 754 1202 Ἰδοὺ
830 1152 860 1209 ἡ
944 1153 1192 1225 παρθένος
1274 1150 1322 1203 ἓν
1404 1155 1599 1222 γαστρὶ
1694 1150 1814 1213 ἕξει.

1932 1167 2042 1207 nus
2062 1152 2186 1220 ispe
2198 1150 2354 1207 vobis
2373 1152 2609 1220 signum
2623 1151 2691 1215 ‘7,
2712 1148 2918 1205 deinde
2940 1148 3197 1205 addidit:
3235 1148 3389 1205 Ecce
3408 1151 3577 1218 virgo

211 1240 420 1305 Σημεῖόν
454 1232 521 1288 δέ
548 1236 679 1303 ἐστι,
723 1240 781 1290 τὸ
814 1240 939 1312 ὑπὲρ
984 1244 1076 1298 τήν
1130 1241 1305 1312 φύσιν,
1362 1238 1466 1291 ἀλλ’
1499 1239 1557 1291 οὐ
1600 1242 1656 1292 τὸ
1687 1240 1823 1291 κατὰ

1933 1239 2040 1295 erit
2068 1239 2404 1309 gravida“.
2436 1240 2687 1308 Signum
2714 1242 2916 1294 autem
2937 1236 3167 1303 dicitur,
3204 1237 3370 1308 quod
3397 1252 3578 1308 supra

214 1324 387 1392 φύσιν·
1932 1332 2212 1384 naturam
2251 1333 2359 1397 est,
2391 1342 2514 1383 non
2542 1326 2703 1397 quod
2734 1326 3026 1383 naturale.

284 1415 378 1463 Καὶ
445 1409 648 1471 τέξεται
706 1439 773 1450 -
830 1412 940 1482 μεθ’
1002 1413 1145 1482 ἡμων
1200 1412 1225 1463 6
1281 1416 1430 1473 Θεὸς.
1501 1414 1821 1485 Καλίσουσι,

2007 1417 2173 1472 Vers.
2200 1416 2285 1470 23.
2316 1417 2393 1472 Et
2404 1418 2600 1485 pariet
2620 1447 2684 1455 —
2706 1416 3003 1471 nobiscum
3024 1417 3185 1470 Deus.
3226 1414 3573 1471 Vocabunt:

214 1503 337 1559 τίνες
387 1516 400 1565 ;
452 1496 611 1549 Ὀσοι
672 1494 878 1557 δηλαδή
935 1503 1309 1553 πιστεύσουσιν
1366 1502 1431 1562 εἰς
1488 1502 1661 1559 αὐτόν.
1725 1503 1826 1559 Καὶ

1934 1505 2185 1578 quinam
2211 1504 2239 1558 ?
2264 1507 2607 1576 Quicunque
2639 1504 2855 1560 scilicet
2882 1503 2939 1558 in
2969 1504 3166 1574 ipsum
3198 1503 3578 1559 crediderint.

219 1590 315 1657 μήν
372 1582 554 1647 οὐδεὶς
612 1587 767 1639 αὐτὸν
815 1589 1145 1660 Ἐμμανουήλ
1198 1590 1481 1661 ὠνόμασεν.
1542 1591 1824 1666 ὐνομαστὶ

1968 1595 2108 1666 .tqui
2126 1593 2324 1649 nullus
2342 1595 2539 1666 ipsum
2569 1592 2922 1649 Emmanuel
2948 1592 3301 1648 nominavit.
3332 1593 3581 1648 Nomine
3607 1644 3613 1651 .

220 1675 323 1741 μὲν,
378 1670 560 1736 οὐδείς
593 1690 605 1704 ⁸
639 1685 1013 1750 πραγματικῶς
1058 1674 1137 1744 δε,
1203 1680 1408 1739 πάντες.
1466 1682 1530 1733 Οἱ
1576 1685 1677 1755 γὰρ
1732 1704 1825 1736 πι-

1937 1683 2182 1755 quidem
2212 1684 2430 1748 nullus,
2468 1697 2529 1737 re
2561 1687 2757 1739 autem
2786 1697 3021 1737 omnes.
3079 1681 3228 1746 Quia
3275 1682 3431 1736 enim
3461 1696 3582 1736 cre-

229 1764 498 1832 στεύοντες,
582 1765 662 1815 ὅτι
710 1766 735 1816 6
786 1760 1140 1837 διαλεγόμενος
1219 1766 1416 1834 αὐτοῖς,
1494 1769 1644 1833 οὗτὸς
1712 1770 1874 1849 ἐστι]

1939 1773 2160 1839 dentes,
2184 1787 2321 1827 cum
2346 1771 2437 1827 hic
2467 1771 2960 1842 comprobaretur
2982 1785 3113 1825 esse
3140 1769 3315 1840 Deus,
3344 1769 3423 1825 ita
3456 1784 3584 1825 esse

226 1853 357 1921 Θεὸς³
424 1850 513 1923 ἀφ’
572 1852 639 1903 ὧν
693 1853 857 1915 οὕτως
924 1852 1217 1924 ἐπίστευον,
1272 1856 1687 1930 συνωμολόγουν,
1746 1862 1826 1913 ὅτι

1942 1860 2295 1916 credebant:
2362 1859 2800 1915 conﬁtebantur
2847 1858 3012 1931 quod
3076 1862 3234 1913 esset
3299 1857 3587 1913 nobiscum

225 1937 339 1991 Μεθ’
394 1941 544 2012 ἡμῶν
594 1941 620 1991 6
689 1946 834 2010 Θεὸς,
890 1944 1053 1995 εἷτουν
1131 1950 1602 2019 συναναστρέφεται
1677 1950 1823 2021 ἡμῖν,

1937 1948 2342 2007 Deus.Etenim
2359 1947 2677 2005 nobiscum
2695 1948 2869 2019 quasi
2888 1947 3071 2003 homo
3091 1945 3582 2001 conversabatur:

226 2028 282 2086 ὡς
329 2028 627 2101 ἄνθρωπος·
690 2036 853 2083 Τοῦτο
902 2027 961 2083 δὲ
1004 2030 1117 2085 ἔστι
1163 2036 1223 2085 τὸ
1274 2032 1625 2106 Ἐμμανουήλ.
1678 2039 1826 2099 Ἐθος

1942 2038 2049 2095 hoc
2076 2042 2276 2094 autem
2316 2040 2422 2101 est,
2451 2036 2825 2093 Emmanuel.
2855 2038 3003 2092 Nam
3028 2034 3177 2091 alias
3218 2049 3454 2107 quoque
3490 2034 3587 2090 hic

226 2110 295 2183 δὲ,
352 2122 446 2169 καὶ
515 2116 699 2192 ἑτέρως
762 2118 1004 2181 πολλάκις
1077 2126 1186 2184 τοῖς
1258 2128 1553 2195 προφήταις
1619 2125 1825 2188 κλήσεις

1942 2132 2023 2183 est
2060 2125 2367 2198 prophetis
2407 2141 2555 2192 mos,
2606 2125 2945 2182 vocationes
2997 2123 3299 2196 appellare
3352 2122 3587 2180 futuras

222 2202 511 2276 ὀνομάζειν,
590 2208 682 2269 τὰς
754 2206 1150 2281 ἀποϐησομένας
1224 2211 1457 2285 πράξεις.
1545 2218 1643 2267 Καὶ
1721 2218 1823 2289 γὰρ

1944 2216 2214 2273 actiones.
2242 2216 2542 2288 Siquidem
2572 2231 2822 2288 puerum
2844 2215 3007 2270 hunc
3033 2214 3181 2268 inter
3201 2211 3318 2269 alia
3339 2214 3589 2269 nomina

218 2298 359 2347 τουτὶ
404 2298 467 2346 τὸ
520 2292 730 2348 παιδίον
776 2296 822 2347 ἐν
867 2297 1035 2358 ἄλλοις
1087 2300 1112 2350 6
1163 2305 1434 2372 προφήτης
1499 2301 1827 2377 ἐπιτρέπεται

1945 2304 2244 2377 propheta
2274 2305 2549 2377 praecepit
2591 2307 2767 2371 Deus,
2800 2308 2861 2359 ut
2884 2306 3048 2359 vocet
3078 2318 3090 2356 :
3131 2302 3255 2357 Cito
3298 2301 3590 2372 pradabi—

220 2382 459 2453 καλέσαι,
561 2390 777 2455 Ταχέως
873 2386 1176 2456 σκύλευσον,
1280 2388 1467 2453 Ὀξέως
1551 2397 1829 2465 προνόμευ-

1945 2399 2058 2459 tur,
2088 2392 2216 2449 Cito
2241 2392 2504 2463 spoliabit
2535 2394 2618 2447 1°:
2676 2407 2799 2448 non
2848 2390 3013 2463 quod
3066 2389 3305 2445 nomine
3361 2390 3443 2446 ita
3499 2406 3590 2445 vo-

225 2489 311 2522 σον
338 2486 354 2501 ⁸
397 2472 509 2543 οὐχ
540 2476 609 2535 ὡς
638 2473 771 2525 οὕτω
826 2474 1101 2538 κληθέντος
1146 2476 1417 2549 ὀνομαστὶ⁹
1465 2478 1571 2531 ἀλλ’
1622 2484 1691 2543 ὡς
1735 2482 1826 2534 αύ-

1943 2484 2108 2538 catus
2138 2480 2228 2546 sit,
2263 2480 2366 2536 sed
2397 2481 2553 2552 quod
2584 2480 2781 2536 statim
2821 2477 3134 2535 diabolum
3179 2476 3488 2547 fugaverit,
3532 2481 3588 2534 et

225 2564 343 2612 τίκα
394 2564 485 2613 τόν
546 2558 786 2615 διάϐολον
855 2571 1394 2639 κατατροπωσαμένου
1457 2573 1545 2621 καὶ
1608 2569 1830 2623 σκυλεύ-

1947 2586 2093 2643 quos
2124 2568 2218 2626 ille
2256 2569 2522 2640 captivos
2538 2569 2817 2635 habebat,
2853 2567 3154 2640 pradatus
3179 2567 3251 2622 sit
3271 2582 3360 2633 ac,
3378 2566 3592 2639 spolia-

229 2667 430 2719 σαντος,
491 2649 583 2712 οὓς
644 2649 781 2723 εἶχεν
826 2650 1013 2715 tum;
1069 2654 1459 2726 αἰχμαλώτους,
1507 2666 1595 2710 και
1643 2679 1831 2734 προνο-

1948 2660 2106 2717 verit.
2129 2659 2337 2731 Rapuit
2355 2659 2556 2731 itaque
2583 2675 2751 2725 vasa,
2771 2674 2907 2730 qua
2946 2656 3304 2729 pravitatem
3331 2656 3461 2727 ejus
3485 2656 3593 2711 im-

226 2740 535 2809 μεύσαντος,
595 2742 779 2809 εῖτουν,
854 2737 1244 2818 διαρπάσαντος
1295 2747 1359 2797 τὰ
1408 2748 1564 2805 σκεύη
1619 2750 1685 2801 τά
1739 2751 1832 2807 τήν

1949 2747 2217 2804 biberant
2250 2766 2263 2805 :
2296 2748 2431 2805 dico
2456 2763 2599 2805 sane
2628 2747 2983 2821 publicanos
3010 2750 3067 2802 et
3096 2750 3295 2802 scorta
3332 2750 3389 2801 et
3419 2744 3594 2802 latro-

228 2832 477 2901 πονηρίαν
530 2827 688 2881 αύτοῦ
758 2825 1029 2903 δεξάμενα,
1102 2836 1235 2905 φημὶ
1289 2830 1380 2902 δὴ,
1439 2840 1676 2904 τελώνας,
1744 2842 1834 2892 καὶ

1946 2852 2069 2904 nes,
2093 2837 2318 2911 quique
2349 2854 2421 2894 ex
2446 2837 2719 2908 gentibus
2772 2835 3164 2901 crediderunt,
3199 2839 3254 2891 et
3317 2835 3591 2907 pleraque

232 2917 436 2986 πόρνας,
498 2921 589 2970 καὶ
636 2916 855 2990 λῃστὰς,
909 2925 998 2973 καὶ
1044 2924 1165 2983 τοὺς
1220 2921 1271 2984 ἐξ
1318 2922 1472 2975 ἐθνῶν
1508 2940 1520 2953 ’
1553 2930 1642 2978 καὶ
1671 2926 1835 2980 πολλὰ

945 2925 998 2973 αὶ
1044 2924 1165 2983 τοὺς
1220 2921 1271 2984 ἐξ
1318 2922 1472 2975 ἐθνῶν
1508 2926 1835 2980 ’καὶπολλὰ
1944 2925 2164 2991 similia
2192 2926 2585 2984 inveniemus.

240 3010 450 3056 τοιαῦτα
480 3005 794 3079 εὑρήσομεν.

240 3172 253 3189 ’
303 3095 582 3165 Διεγερθεὶς
654 3125 719 3136 —
794 3099 888 3153 τήν
962 3105 1188 3169 γυναῖκα
1279 3100 1459 3154 αὐτοῦ.
1536 3108 1683 3156 Διατί
1760 3113 1885 3202 τῷ(

240 3183 397 3202 n..._.!
518 3182 571 3202 ξε
708 3186 721 3200 ι
780 3188 789 3201 1
1136 3193 1144 3202 ι
1294 3188 1310 3202 \
1421 3193 1431 3202 ι
1684 3195 1693 3202 .

2022 3105 2182 3163 Vers.
2214 3109 2303 3161 27.
2327 3106 2727 3176 Expen'ectus
2757 3134 2819 3148 η-
2847 3103 3155 3175 conjugem
3180 3116 3370 3159 suam.
3396 3104 3593 3169 Quare

232 3182 439 3252 ἐνυπνίῳ
504 3182 631 3255 ῥᾷον
705 3186 979 3238 ἑπίστευσε
1035 3193 1153 3262 περὶ
1225 3188 1531 3246 τηλικούτου
1586 3195 1828 3267 πράγμα-
1866 3182 1877 3198 ’

1951 3198 2182 3257 somnio
2194 3196 2252 3252 in
2271 3211 2333 3252 re
2347 3196 2495 3251 tanti
2507 3193 2797 3251 momenti
2809 3191 2961 3249 adeo
2974 3192 3144 3248 facile
3158 3192 3406 3249 credidit
3419 3192 3596 3257 ‘?Quia

227 3279 306 3326 τος
337 3281 351 3333 ;
380 3274 520 3323 Διότι
579 3273 604 3323 6
658 3278 828 3344 φανεὶς
911 3274 1127 3347 ἄγγελος
1190 3276 1502 3352 ἀνεκάλυψεν
1568 3280 1710 3353 αύτῷ
1774 3285 1831 3335 τὸ

1952 3302 2243 3363 apparens
2268 3283 2517 3354 angelus
2547 3282 2756 3339 detexit
2786 3282 2839 3338 ei
2865 3282 3082 3354 proprii
3127 3281 3324 3337 cordis
3374 3282 3597 3352 cogita-

223 3361 313 3417 τῆς
367 3356 597 3435 καρδίας
645 3359 803 3414 αὐτοῦ
848 3361 1136 3437 ἐνθύμημα.
1198 3374 1390 3425 Συνῆκε
1441 3371 1566 3445 γὰρ,
1620 3374 1701 3423 ὅτι
1753 3374 1831 3423 ὅν-

1950 3356 2187 3436 tiohem.
2221 3371 2507 3431 Intellexit
2535 3386 2673 3442 ergo
2691 3386 2827 3427 vere
2860 3386 2897 3427 a
2944 3372 3062 3427 Deo
3110 3370 3331 3427 venisse
3366 3387 3380 3429 :
3429 3367 3595 3425 solus

226 3458 321 3531 τως
370 3451 519 3523 παρὰ
573 3454 706 3502 Θεοῦ
758 3451 877 3509 ἧκεν
930 3454 955 3505 6
1011 3458 1201 3525 φανείς.
1257 3461 1423 3519 Μόνος
1475 3462 1577 3531 γὰρ
1629 3460 1654 3511 6
1708 3464 1834 3523 Θεὸς

1950 3467 2105 3524 enim
2137 3468 2291 3520 Deus
2322 3462 2484 3518 novit
2509 3459 2784 3517 cordium
2809 3474 3057 3517 arcana.
3092 3460 3419 3531 Postquam
3450 3472 3595 3513 vero

229 3528 336 3586 οἶδε
365 3539 433 3627 τά
481 3546 581 3589 τῶν
638 3536 870 3614 καρδιῶν
921 3542 1278 3617 ἐνθυμήματα.
1329 3528 1575 3601 Ἐπεὶγδε
1621 3547 1834 3622 ἀνέμνη-

1953 3555 2149 3627 ipsum
2176 3549 2491 3608 admonuit
2511 3548 2858 3620 prophetia.
2890 3547 3078 3613 Isaia,
3111 3528 3382 3619 magisin
3408 3544 3598 3602 adim-

236 3636 313 3715 σξν
375 3624 537 3678 αὐτὸν
584 3634 673 3680 καὶ
720 3636 816 3691 τῆς
861 3627 1077 3683 Ἠσαίου
1134 3639 1473 3707 προφητείας,
1523 3638 1595 3689 ἔτι
1643 3638 1833 3711 μᾶλλον

1134 3639 1473 3707 προφητείας»
1523 3638 1595 3689 ἔτι
1643 3638 1833 3711 μᾶλλον
1947 3624 2199 3715 pletione
2220 3638 2610 3696 conﬁrmatus
2641 3641 2747 3693 est.

236 3708 298 3771 εἰς
324 3712 682 3790 πληροφορίαν
714 3715 1017 3777 ἐϐεϐαιώθη.

306 3806 403 3855 Καὶ
448 3804 547 3856 οὐκ
576 3834 645 3846 —-
681 3811 1022 3879 πρωτότοκον.
1082 3813 1175 3879 T6,
1233 3810 1339 3878 ἕως,
1409 3809 1630 3865 ἐνταῦθα
1680 3816 1837 3867 τέθει-

2019 3822 2175 3875 Vers.
2207 3817 2276 3870 24
2304 3817 2383 3871 Et
2426 3830 2536 3871 non
2601 3844 2670 3854 —
2701 3811 3185 3883 primogenitum.
3242 3813 3439 3869 Posuit
3476 3813 3598 3879 hic,

242 3902 333 3959 κεν,
395 3893 506 3964 οὐχ
566 3892 646 3946 ἵνα
711 3896 1060 3969 ὑποπτεύσῃς,
1139 3900 1219 3951 ὅτι
1294 3902 1425 3971 μετὰ
1489 3909 1653 3954 ταῦτα
1711 3906 1838 3974 ἔγνω

1956 3910 2135 3973 donec,
2160 3922 2283 3962 non
2298 3909 2361 3961 ut
2386 3902 2649 3975 suspicio
2674 3901 2777 3959 tibi
2813 3901 3175 3963 suboriatur.
3205 3903 3368 3974 quod
3390 3906 3601 3974 postea

243 3974 414 4051 αὐτὴν,
479 3980 586 4033 ἀλλ’
637 3982 742 4036 ἐπεὶ
793 3984 847 4036 ἐκ
893 3992 1131 4061 πορνείας
1179 3988 1264 4059 (31
1281 4000 1292 4048 ι
1358 3993 1700 4061 γεγεννῆσθαι
1752 3996 1838 4044 τόν

1956 3995 2464 4068 cognoveriteam.
2494 3974 2605 4048 Sed
2619 3991 2755 4064 quia
2767 3990 2953 4045 Judai
2966 3988 3272 4049 Christum
3288 4006 3318 4046 e
3349 3989 3601 4047 fornica-

246 4069 467 4139 Χριστὸν
544 4070 827 4145 ἐφλυάρουν
900 4072 1174 4146 Ἰουδαῖοι,
1245 4082 1369 4152 πρὸς
1440 4083 1528 4137 τὴν
1597 4077 1839 4153 βλάσφη-

1958 4087 2109 4143 tione
2124 4090 2327 4141 natum
2344 4081 2747 4152 nugabantur,
2775 4078 3165 4150 blasphemia
3181 4095 3387 4135 eorum
3405 4080 3603 4151 suspi-

242 4170 329 4222 μον
382 4158 645 4232 ὑπόληψιν
689 4163 856 4214 αὐτῶν
908 4166 1175 4237 ἱστάμενος
1220 4168 1244 4219 ό
1285 4166 1675 4240 εὐαγγελιστής,
1722 4176 1840 4245 περὶ

1956 4175 2120 4231 cione
2135 4172 2384 4229 obstans
2408 4168 2765 4240 evangelista
2784 4167 2858 4223 de
2879 4168 3005 4224 solo
3036 4174 3300 4240 tempore
3332 4168 3601 4224 nativita-

242 4246 390 4311 μόνου
461 4256 554 4300 τοῦ
599 4255 762 4323 μέχρι
813 4259 904 4313 τῆς
980 4254 1137 4306 αὑτοῦ
1214 4261 1498 4327 γεννήσεως
1558 4256 1838 4333 ἐπληροφό-

1955 4266 2073 4320 tem
2104 4261 2469 4334 pracedente
2504 4257 2745 4331 plenam
2777 4256 2913 4313 fecit
2943 4255 3156 4313 ﬁdem:
3185 4257 3259 4313 de
3273 4256 3600 4329 insequenti

241 4347 364 4420 ξησε
390 4340 608 4409 χρόνου,
642 4343 701 4391 τὸ
751 4336 810 4393 δὲ
861 4345 991 4414 μετὰ
1042 4349 1225 4411 ταῦτα,
1281 4350 1363 4397 σοὶ
1422 4347 1661 4399 κατέλιπε
1709 4348 1838 4400 συλ-

1958 4368 2090 4408 vero
2121 4350 2226 4407 tibi
2259 4348 2495 4420 reliquit
2532 4346 3017 4418 conjectandum.
3082 4346 3395 4412 Quomodo
3444 4346 3603 4402 enim

244 4415 559 4507 λογίζεσθαι.
618 4434 734 4490 Πῶς
790 4432 889 4505 γὰρ
946 4428 1005 4482 ἂν
1066 4430 1424 4507 ἐπεχείρησεν,
1481 4435 1510 4494 ἢ
1571 4439 1662 4487 καί
1712 4422 1838 4499 ὅλωθς
1874 4493 1889 4507 1

1957 4444 2245 4503 tentasset,
2284 4415 2406 4493 vel—
2430 4436 2610 4493 etiam
2648 4415 2972 4507 cogitasset
3037 4450 3173 4491 eam
3220 4450 3602 4505 cognoscere,

251 4503 526 4605 ἕνεθυμήθη
595 4493 808 4588 γνῶναι,
858 4493 952 4577 την
1023 4493 1379 4575 συλλάϐοιῦσαν
1412 4493 1504 4575 ’ἐκ
1550 4493 1896 4597 ΠνεύματοιςΙ

1961 4493 2167 4598 q—uawde
2192 4493 2410 4599 Spiritu
2424 4528 2631 4580 sancto
2650 4493 3036 4595 concepisset,
3061 4493 3408 4595 tantumque
3446 4493 3606 4581 facta

258 4600 418 4687 ἀςιίού,
481 4610 568 4656 καὶ
637 4614 868 4659 τοιοῦτον
942 4604 1155 4681 δοχεῖον
1228 4615 1563 4685 γεγενημένην
1600 4630 1613 4679 ;
1647 4619 1841 4667 Γνῶσιν

1962 4613 2556 4687 essetreceptaculum
2580 4613 2608 4668 ?
2638 4612 3051 4683 Cognitionem
3077 4619 3278 4669 autem
3304 4613 3398 4668 hic
3421 4612 3607 4669 hone-

264 4676 335 4747 δὶ,
377 4686 587 4778 ἐνταῦθα
632 4700 721 4753 τήν
759 4676 1047 4770 συνάφειανν
1085 4676 1323 4771 εὐφήμως
1378 4676 1633 4755 ἐκάλεσεν.
1688 4701 1844 4756 Ἀλλὰ

1960 4709 2039 4761 ste
2063 4721 2173 4778 pro
2197 4704 2397 4761 carnis
2436 4701 2854 4759 commistione
2883 4702 3098 4773 posuit.
3166 4704 3260 4757 Est
3319 4705 3605 4773 praterea

260 4777 342 4825 καὶ
388 4775 579 4853 ἰδίωμά
636 4782 746 4837 ἔστι
801 4792 893 4849 τῆς
944 4793 1166 4862 Γραφῆς,
1220 4792 1276 4840 τό
1324 4794 1417 4847 τὴν
1468 4788 1599 4853 λέξιν
1654 4790 1842 4843 πολλά-

1961 4775 2265 4867 Scriptura
2304 4793 2545 4856 idioma,
2577 4790 2920 4855 dictionem,
2954 4789 3153 4857 donec,
3202 4804 3452 4861 ponere:
3488 4804 3606 4844 non

260 4877 351 4930 κις,
407 4874 497 4927 τὴν
552 4871 661 4940 ἕως,
717 4879 787 4946 μή
850 4873 933 4928 ἐπὶ
1003 4882 1411 4952 περιωρισμένου
1470 4881 1665 4931 τιθέναι
1717 4885 1846 4953 χρὸ-

1960 4888 2020 4939 ut
2059 4888 2291 4955 tempus
2322 4880 2691 4938 determinet.
2723 4878 2902 4934 Veluti
2932 4879 3007 4934 de
3032 4894 3173 4936 arca
3212 4882 3331 4935 Noe
3360 4878 3454 4933 :Et
3487 4893 3605 4935 non

258 4966 340 5043 ξου
372 4974 383 4987 ·
416 4959 463 4992 ²⁰
504 4961 567 5020 ὡς
618 4964 677 5014 τὸ
726 4962 807 5016 ἐπὶ
860 4972 950 5025 τῆς
1002 4964 1225 5018 κιϐωτοῦ
1266 4988 1278 5000 ·
1320 4972 1420 5021 Καὶ
1469 4968 1561 5020 οὐκ
1610 4968 1842 5043 ἐπέστρε-

1962 4979 2040 5029 est
2071 4988 2335 5031 reversus
2364 4986 2587 5035 corvus,
2622 4969 2806 5025 donec
2835 4966 3051 5024 siccata
3077 4974 3159 5024 est
3193 4974 3352 5025 terra
3377 4983 3388 5024 :
3426 4982 3607 5040 neque

257 5035 343 5107 ψη
387 5046 411 5096 ό
458 5049 637 5123 κόραξ,
706 5052 799 5112 ἕως
868 5052 929 5106 οὗ
998 5052 1250 5129 ἐξηράνθη
1309 5058 1339 5114 ἡ
1388 5065 1479 5129 γῆ.
1556 5059 1688 5110 Οὔτε
1742 5035 1843 5133 7'...

1964 5061 2109 5118 enim
2127 5067 2332 5130 postea
2346 5073 2609 5116 reversus
2623 5064 2706 5114 est
2730 5059 2797 5113 ³ο.
2820 5058 2883 5111 Et
2904 5072 3109 5113 rurum
3133 5074 3146 5113 :
3173 5057 3318 5114 Sede
3338 5072 3374 5114 a
3394 5035 3609 5114 dextri:

256 5133 375 5197 μετὰ
423 5145 588 5190 ταῦτα
635 5138 934 5215 ἐπέστρεψε.
1002 5149 1102 5197 Καὶ
1165 5140 1314 5208 αὖθις
1348 5166 1360 5180 ·
1406 5148 1580 5200 Κάθου
1638 5145 1693 5199 ἕκ
1752 5144 1845 5200 δε-

1962 5151 2114 5215 meis,
2148 5149 2327 5206 donec
2344 5163 2564 5220 ponam
2588 5146 2849 5205 inimicos
2875 5153 3001 5205 tuos
3028 5147 3346 5206 scabellum
3389 5147 3607 5219 pedum

318 5255 358 5291 ¹⁷
398 5261 564 5319 Deut.
596 5280 730 5333 xm,
763 5270 855 5326 27.
940 5268 1118 5341 "Isa,
1148 5285 1240 5335 vn,
1282 5274 1365 5329 14.
1444 5272 1491 5309 ¹⁰
1520 5273 1634 5330 Isa.
1667 5289 1784 5340 vm,
1826 5274 1880 5331 3.
1961 5282 1963 5311 τ

773 5270 855 5326 27.
940 5268 985 5304 ¹⁸
1007 5269 1118 5341 Isa,
1148 5285 1240 5335 v11,
1282 5274 1365 5329 14.
1444 5272 1491 5309 ¹⁰
1520 5273 1634 5330 Isa.
1667 5289 1784 5340 vm,
1826 5274 1880 5331 3.
1961 5274 2009 5311 ²⁰
2040 5277 2183 5333 Gen.
2217 5292 2335 5341 vm,
2367 5279 2418 5331 7.

1442 5394 1666 5468 Varia
1702 5396 2034 5467 lectiones
2065 5406 2128 5467 et
2157 5406 2360 5468 nota.

317 5525 418 5607 (31)
446 5531 691 5593 Videtur
713 5534 829 5594 hoc
866 5536 1069 5596 referri
1098 5537 1175 5595 ad
1202 5540 1378 5598 Joan.
1426 5554 1505 5606 nr,
1547 5540 1637 5597 41.
1692 5539 1962 5614 Scripsit

1961 5544 2147 5601 tutem
2183 5541 2525 5615 γεγεννῆσθαι
2570 5538 2793 5615 duplici
2822 5559 2896 5608 νν,
2935 5539 3043 5598 etsi
3083 5554 3206 5599 nno
3243 5553 3606 5616 repereram.
