4166 6314
540 296 643 363 135

1880 286 2218 379 summa
2255 291 2585 358 ZIGABENI

3789 284 3901 352 {36

541 439 796 488 tuorum.
824 431 866 466 ²¹
893 430 1214 502 Atquipost
1242 428 1627 487 inimicorum
1658 428 2108 501 subiectionem,
2150 442 2188 485 a

2304 425 2417 490 Ξιῶν
2465 447 2589 501 μου,
2639 427 2729 489 ἕως
2775 425 2835 479 ἂν
2895 426 2967 479 θῶ
3015 427 3139 487 τοὺς
3176 422 3413 497 ἐχθρούς
3457 440 3554 476 σου
3605 418 3898 475 ὑποπόδιον

540 518 760 577 dextris
786 520 914 591 ejus
951 518 1147 584 sedet;
1179 518 1562 591 plurimaque
1602 518 1818 575 similia
1851 516 2188 590 frequenter

539 612 867 683 ponuntur.
907 606 1373 677 Primogenitum
1416 623 1657 681 quoque
1688 623 1849 664 nunc
1883 606 2039 672 dicit,
2064 622 2187 662 non

539 715 675 756 eum
710 700 806 771 qui
835 697 986 754 inter
1009 697 1222 755 fratres
1261 696 1493 768 primus
1538 696 1730 763 fuerit,
1784 696 1889 752 sed
1937 695 2181 768 primum

488 842 497 849 ,
541 792 598 845 et
621 787 836 844 solum.
878 790 1032 843 Inter
1068 784 1237 842 varia
1268 800 1529 858 namque
1559 785 1935 859 primogeniti
1966 784 2182 854 signiﬁ-

540 883 691 944 cata,
719 876 835 933 tale
864 876 1042 931 etiam
1071 873 1383 946 quidpiam
1415 875 1766 930 continetur.
1812 874 2041 930 Etenim
2065 874 2185 946 pri-

541 982 710 1023 mum
748 979 986 1037 quoque
1026 979 1158 1019 esse
1204 979 1364 1027 eum,
1414 963 1519 1035 qui
1568 963 1732 1020 solus
1771 968 1880 1030 est,
1936 966 2188 1020 testatur

545 1054 867 1126 Scriptura,
909 1067 1044 1107 cum
1070 1051 1214 1107 dicit
1242 1067 1254 1105 ;
1283 1052 1401 1123 Ego
1446 1053 1604 1108 Deus
1659 1051 1903 1124 primus,
1972 1057 2026 1109 et
2054 1057 2186 1122 post

542 1154 635 1197 me
657 1152 776 1195 non
802 1143 888 1194 est
917 1137 1071 1194 alter
1096 1139 1162 1193 ι’.

615 1338 656 1407 -ι-
681 1334 855 1409 Apud
882 1350 1115 1391 sacram
1148 1316 1512 1405 Scripturam
1577 1337 1832 1406 quatuor
1881 1336 2189 1405 ponuntur

544 1424 878 1497 signiﬁcata
901 1423 1078 1495 hujus
1103 1422 1388 1488 nominis,
1437 1421 1893 1494 primogenitus.
1944 1425 2191 1479 Denotat

544 1528 808 1587 namque
835 1513 1098 1586 primum
1121 1512 1273 1568 inter
1296 1511 1505 1569 fratres
1533 1511 1823 1581 genitum.
1851 1511 1949 1567 Sic
1982 1511 2189 1568 Ruben

544 1600 1417 1673 diciturprimogenitusa'nﬁliis
1429 1600 1608 1657 Ja’cob
1626 1601 1695 1655 ³³.
1733 1598 2188 1673 Signiﬁcatquo-

544 1708 663 1765 que
688 1692 950 1765 primum
981 1694 1039 1746 et
1066 1690 1263 1757 solum
1295 1690 1581 1761 genitum,
1632 1690 1784 1747 sicut
1810 1689 1873 1746 in
1915 1690 2189 1762 praesenti

2295 526 2394 571 τῶν
2447 513 2623 572 ποδῶν
2680 536 2796 570 σου.
2856 520 3061 581 Καίτοι,
3131 519 3221 566 καὶ
3272 515 3403 586 μετὰ
3472 517 3568 570 τὴν
3625 512 3901 583 ὑποταγὴν

2295 614 2395 658 τῶν
2442 605 2666 680 ἐχθρῶν,
2727 607 2917 677 ὁμοίως
2991 602 3047 656 ἐκ
3099 599 3280 666 δεξιῶν
3351 602 3513 654 αὐτοῦ
3573 596 3897 655 καθεδεῖται.

2298 695 2399 749 Καὶ
2446 694 2609 748 πολλὰ
2652 701 2872 747 τοιαῦτα
2938 692 3207 764 πολλαχοῦ
3262 694 3487 764 κείμενα.
3558 694 3899 762 Πρωτότοκον

2297 779 2376 852 δὲ,
2407 783 2541 854 λέγει
2591 790 2699 854 νῦν,
2745 782 2804 834 ού
2834 785 2921 834 τὸν
2968 789 3167 855 πρῶτον
3225 780 3275 832 ἐν
3329 775 3585 851 ἀδελφοῖς,
3640 776 3768 830 ἀλλά
3805 780 3899 830 τὸν

2294 876 2383 925 καὶ
2422 880 2642 945 πρῶτον,
2692 875 2782 924 καὶ
2835 874 3005 943 μόνον.
3064 869 3217 922 ’Ἐστι
3268 870 3369 943 γάρ
3424 887 3475 920 τι
3519 872 3608 921 καὶ
3661 874 3899 920 τοιοῦτον

2296 958 2431 1022 εἶδος
2476 961 2526 1014 ἐν
2573 967 2688 1023 ταῖς
2734 964 3021 1033 σημασίαις
3067 965 3158 1012 τοῦ
3211 961 3565 1032 πρωτοτόκου.
3637 960 3738 1009 Καὶ
3788 958 3898 1030 γὰρ

2297 1050 2414 1123 (32)
2461 1054 2663 1124 πρῶτόν
2710 1048 2875 1118 ἐστιν,
2933 1050 3015 1101 ὅτε
3069 1051 3155 1100 τὸν
3202 1050 3354 1119 μόνον
3401 1046 3430 1104 ἡ
3465 1048 3642 1118 Γραφὴ
3693 1043 3841 1097 καλεῖ
3881 1061 3896 1076 ·

2295 1140 2361 1200 ὡς
2405 1142 2464 1191 τό
2503 1155 2513 1167 ·
2547 1140 2681 1210 Ἐγώ
2729 1136 2834 1210 εἰμι
2902 1139 3030 1197 Θεὸς
3085 1142 3307 1211 πρῶτος,
3357 1138 3449 1188 καὶ
3503 1133 3612 1207 μετ’
3667 1131 3754 1206 ἔμε
3800 1132 3903 1187 ούκ

2294 1229 2430 1281 ἔστιν
2459 1229 2641 1300 ἔτερος.

2365 1352 2634 1427 [Τέσσαρα
2659 1346 2719 1403 δέ
2745 1350 2856 1421 (33)
2885 1348 3029 1424 παρᾶ
3055 1356 3115 1422 τῇ
3165 1350 3276 1420 θείᾳ
3305 1354 3480 1421 Γραφῇ
3522 1352 3612 1400 τοῦ
3638 1349 3905 1420 πρωτοτό-

2295 1462 2390 1495 κου
2421 1444 2487 1493 τὰ
2518 1444 2891 1513 σημαινόμενα.
2933 1438 3089 1498 Δηλοῗ
3129 1441 3231 1514 γὰρ
3280 1441 3367 1490 τὸν
3410 1443 3612 1511 πρῶτον
3641 1437 3902 1508 τεχθέντα

2298 1529 2346 1583 ἓν
2396 1527 2655 1603 ἀδελφοῖς,
2715 1531 2785 1591 ὡς
2839 1530 2865 1580 ό
2906 1526 3146 1600 Ῥουϐεὶμ
3204 1527 3404 1599 λέγεται
3474 1527 3794 1601 πρωτότοκος
3845 1516 3900 1577 ἐν

2298 1622 2428 1680 υἱοῖς
2487 1617 2690 1671 Ἰακώϐ.
2752 1616 2868 1672 "En
2924 1614 2984 1670 δὲ
3037 1621 3125 1669 καὶ
3178 1618 3263 1669 τὸν
3333 1622 3533 1690 πρῶτον
3590 1619 3679 1667 καὶ
3741 1618 3901 1686 μόνον

2298 1710 2570 1781 τεχθέντα,
2625 1709 2690 1769 ὡς
2739 1708 2825 1760 επὶ
2880 1713 2971 1759 τοῦ
3018 1708 3354 1779 προκειμένου
3409 1705 3593 1778 ῥητοῦ.
3650 1706 3784 1775 Πρὸς
3836 1699 3899 1754 δὲ

541 1755 803 1840 loca-Ad
824 1782 953 1838 haec
969 1755 1146 1840 etiam
1158 1755 1401 1838 denotat
1411 1755 1718 1851 egregium
1736 1786 1793 1837 et
1808 1755 2186 1837 bon-oratum.

2306 1755 2570 1781 ”Λ’””“⁷’⁷
2629 1755 2690 1769 ἠδ
2743 1755 2824 1760 “”““
2889 1755 2962 1759 ⁷⁷⁷
3022 1755 3172 1779 "r'"'
3202 1755 3258 1777 f'
3306 1755 3312 1756 '
3409 1755 3419 1778 Ι
3462 1755 3472 1763 ⁷
3524 1755 3528 1756 ⁷
3697 1755 3706 1775 ι
3768 1755 3783 1763 '

2304 1801 2521 1867 τούτοις,
2575 1801 2666 1849 καὶ
2712 1799 2799 1848 τὸν
2844 1795 3099 1869 ἐξαίρετον
3146 1799 3236 1846 καὶ
3273 1797 3443 1865 τίμιον
3487 1833 3500 1847 .
3534 1794 3603 1847 ὡς
3646 1795 3703 1844 τό
3741 1809 3755 1823 ’
3796 1794 3902 1844 Καὶ

545 1872 638 1929 Sic
676 1870 913 1941 dicitur,
953 1870 1217 1927 Ecclesia
1251 1870 1773 1941 primogenitorum
1817 1869 1881 1927 in
1911 1868 2059 1926 caelis
2093 1868 2190 1925 de-

544 1962 905 2029 scriptorum
922 1962 969 1995 ³⁸
982 1960 1197 2014 Praeter
1213 1959 1340 2015 haec
1361 1964 1561 2015 autem
1575 1959 1798 2027 omnia,
1823 1958 2119 2027 signiﬁcat
2139 1962 2193 2015 et

546 2063 686 2104 eum
717 2049 818 2120 qui
853 2046 1197 2119 simpliciter
1213 2048 1536 2119 praecessit,
1561 2047 1725 2118 juxta
1745 2046 1927 2104 illud:
1967 2048 2191 2103 Primo-

544 2138 778 2208 genitus
799 2135 983 2191 omnis
1021 2141 1312 2193 creaturae
1341 2136 1389 2172 ’⁵
1433 2135 1548 2192 hoc
1603 2137 1716 2203 est,
1756 2140 1893 2193 ante
1947 2150 2191 2193 omnem

546 2228 880 2282 creaturam
909 2223 1141 2281 habens
1170 2239 1322 2280 esse.

618 2316 776 2371 Vers.
791 2313 879 2369 25.
898 2315 975 2370 Et
988 2313 1209 2371 vocavit
1224 2328 1449 2371 nomem
1462 2315 1584 2384 ejus
1595 2314 1813 2371 Iesum.
1835 2312 2085 2371 Vocavit
2098 2314 2191 2372 Jo-

546 2402 713 2478 seph,
744 2402 1265 2476 quemadmodum
1305 2402 1553 2460 edoctus
1591 2407 1720 2461 erat
1741 2402 1820 2461 ab
1849 2402 2086 2476 angelo.

1082 2545 1238 2603 CAP.
1271 2548 1315 2602 Ι.
1330 2547 1414 2603 De
1431 2546 1651 2618 Magis.

623 2688 765 2761 Cap.
800 2692 867 2753 Il,
896 2690 1060 2754 Vers,
1082 2689 1133 2744 1.
1153 2688 1295 2746 Cum
1314 2697 1507 2746 autem
1524 2690 1754 2760 genitus
1775 2697 1921 2747 esset
1940 2692 2104 2747 Iesus
2128 2722 2195 2733 —-

546 2778 981 2847 Hierosolyma.
1015 2778 1211 2841 Quare
1235 2782 1292 2832 et
1318 2777 1518 2835 locum
1549 2778 1705 2844 dicit,
1751 2784 1808 2834 et
1836 2784 2093 2852 tempus,
2127 2795 2197 2837 ac

550 2865 795 2921 Herodis
819 2864 1171 2933 dignitatem
1200 2865 1227 2919 ‘I
1258 2864 1479 2920 Locum
1518 2866 1784 2937 quidem,
1817 2871 1881 2923 ut
1917 2867 2199 2924 ostendat

553 2952 909 3024 completam
955 2968 1084 3007 esse
1124 2953 1375 3009 Michaaaa
1430 2954 1821 3026 prophetiam,
1887 2957 1992 3028 qui
2022 2956 2194 3014 dixit:

551 3042 627 3098 Et
655 3047 740 3111 tu,
755 3040 1058 3107 Bethleem,
1092 3047 1254 3097 terra
1281 3041 1455 3109 Iuda,
1495 3058 1862 3114 nequaquam
1879 3045 2122 3102 minima
2140 3061 2196 3102 es

549 3133 709 3187 inter
725 3130 1026 3201 principes
1044 3130 1239 3201 Iuda;
1270 3146 1341 3186 ex
1361 3137 1413 3186 te
1428 3132 1577 3188 enim
1606 3132 1788 3189 exibit
1814 3134 1940 3190 dux
1967 3136 2073 3206 qui
2108 3151 2198 3192 re-

549 3225 646 3289 gat
665 3217 945 3288 populum
963 3233 1155 3274 meum
1179 3219 1368 3276 Israel
1386 3221 1459 3277 “.
1486 3223 1744 3293 Tempus
1766 3235 1926 3292 vero,
1951 3229 2012 3279 ut
2038 3224 2198 3279 simi-

551 3308 679 3365 liter
690 3308 1265 3381 doceret,impletam
1276 3323 1407 3365 esse
1417 3310 1794 3383 prophetiam
1806 3311 2200 3369 Jacobdicen-

552 3398 624 3454 tis
639 3415 651 3451 :
669 3398 801 3454 Non
812 3398 1033 3469 deﬁciet
1045 3398 1448 3467 principatum
1475 3404 1673 3455 tenens
1685 3402 1758 3455 de
1769 3399 1945 3465 Iuda,
1960 3415 2064 3456 nec
2080 3402 2199 3456 dua:

549 3487 624 3542 de
658 3486 982 3554 femoribus
1011 3488 1158 3555 ejus,
1190 3486 1375 3543 donec
1404 3487 1664 3554 veniant,
1697 3502 1827 3559 qua
1867 3489 1920 3544 ei
1951 3491 2200 3559 reposita

548 3578 689 3630 sunt
701 3574 768 3627 ³⁷.
802 3573 1059 3629 Instante
1077 3588 1297 3645 nempe
1322 3575 1650 3631 nativitatis
1674 3576 1881 3632 Christi
1909 3581 2197 3649 tempore,

552 3661 765 3717 defecit
787 3660 1186 3734 principatum
1205 3667 1412 3719 tenens
1424 3663 1499 3721 de
1518 3665 1685 3726 Iuda.
1702 3680 1773 3721 ac
1792 3665 2076 3739 deinceps
2096 3667 2201 3724 do-

552 3749 771 3805 minari
783 3750 960 3821 cmpit
975 3749 1231 3807 Herodes
1254 3750 1548 3808 Idumaeas
1569 3752 1921 3823 alienigena.
1943 3754 2201 3825 Dignita-

552 3844 670 3895 tem
703 3853 945 3912 quoque
996 3842 1197 3913 posuit
1238 3841 1499 3898 Herodis.
1551 3844 1677 3898 Fuit
1727 3843 1884 3899 enim
1942 3849 2000 3900 et
2053 3842 2201 3901 alter

552 3928 819 3985 Herodes
847 3931 1156 3995 tetrarcha,
1183 3932 1283 4002 qui
1312 3932 1745 3988 Praecursorem
1762 3933 2082 3990 interemit.

635 4140 699 4192 H1
733 4142 931 4193 autem
961 4133 1113 4203 Magi
1165 4137 1334 4189 erant
1389 4135 1601 4190 Persae.
1652 4133 1962 4207 Siquidem
2005 4136 2197 4193 Persae

552 4226 817 4286 maxime
844 4224 994 4278 inter
1015 4237 1225 4277 omnes
1257 4223 1528 4278 nationes
1561 4222 1798 4293 magica
1823 4225 2197 4282 exercebant.

553 4314 877 4374 Considera
888 4311 1086 4375 etiam,
1101 4325 1133 4381 q
1148 4309 1410 4365 uomodo
1424 4311 1621 4367 statim
1638 4327 1673 4367 a
1687 4313 1978 4386 principio
2019 4315 2203 4387 genti-

555 4405 673 4463 bus
688 4404 746 4460 in
761 4400 1173 4457 confusionem
1191 4398 1554 4467 Judaeorum,
1568 4400 1820 4472 ﬁdeijan
1831 4418 1901 4458 ua
1913 4403 2172 4476 aperitur
2186 4447 2199 4462 .

554 4494 700 4551 Cum
727 4488 884 4547 enim
915 4487 974 4544 hi
1005 4486 1326 4559 prophetas
1356 4487 1664 4556 habentes,
1689 4490 1788 4563 qui
1819 4489 2026 4547 Christi
2056 4508 2204 4564 prae-

553 4581 825 4639 dixerant
852 4577 1194 4641 adventum,
1236 4591 1451 4648 parum
1483 4579 1854 4636 adverterent
1909 4583 2195 4647 animum,

550 4671 688 4728 ideo
730 4666 1093 4740 dispositum
1144 4670 1249 4732 est,
1284 4670 1347 4722 ut
1396 4668 1665 4724 venirent
1714 4669 1973 4736 Barbari,
2020 4671 2202 4743 hique

552 4755 1453 4832 Magi,etelonginquaregione,
1486 4764 1548 4812 ut
1579 4775 1679 4813 eos
1728 4759 2202 4833 docerent,quod

553 4868 587 4907 a
612 4848 872 4924 propriis
919 4846 1225 4920 praphetis
1263 4845 1489 4902 discere
1544 4862 1661 4904 non
1710 4849 2019 4917 curabant,
2046 4857 2108 4906 ut
2140 4866 2202 4907 se

552 4945 759 5012 postea
805 4937 1154 4994 contendere
1216 4935 1511 4991 voluerint
1562 4953 1682 4993 non
1720 4938 1984 4994 habeant
2037 4941 2202 5013 quod

554 5029 978 5101 respondeant.
1014 5024 1167 5092 Quid
1190 5025 1348 5080 enim
1388 5025 1583 5081 dicere
1618 5032 1917 5101 poterunt,
1959 5030 2203 5103 quando

629 5231 674 5267 ἰ
704 5228 856 5302 Psal.
885 5244 997 5292 cur,
1032 5228 1085 5285 l.
1157 5230 1206 5302 ξ’
1243 5232 1353 5286 lsa.
1384 5246 1537 5302 xuv,
1573 5236 1628 5289 6.

558 5303 612 5358 2.
680 5302 727 5338 ³⁷
759 5299 900 5357 Gen.
932 5315 1091 5368 xux,
1117 5299 1202 5358 tO.

1708 5237 1753 5270 ³³
1775 5233 1918 5291 Gen.
1950 5251 2117 5292 xxxv.
2145 5237 2236 5302 23,

2302 1888 2586 1946 Ἐκκλησία
2658 1890 2997 1960 πρωτοτόκων
3082 1882 3551 1956 ἀπογεγραμμένων
3626 1879 3673 1933 ἓν
3740 1880 3902 1953 ούρα-

2299 1984 2421 2038 νοῖς.
2462 1977 2578 2030 Ἐπί
2604 1980 2739 2029 πᾶσι
2785 1972 2864 2042 δὲ,
2914 1976 3004 2025 καὶ
3041 1975 3128 2025 τὸν
3173 1971 3343 2032 ἁπλῶς
3390 1974 3635 2046 προόντα,
3689 1971 3757 2030 ὡς
3785 1973 3844 2021 τό
3883 1989 3897 2001 ·

2301 2069 2634 2141 Πρωτότοκος
2698 2065 2875 2125 πάσης
2908 2067 3176 2129 ’κτίσεως,
3255 2064 3509 2129 τουτέστι,
3563 2061 3661 2132 πρὸ
3720 2058 3903 2120 πάσης

2300 2158 2521 2217 κτίσεως
2551 2153 2662 2224 ὥν.]

2312 2340 2315 2347 ’
2374 2336 2476 2387 Καὶ
2525 2331 2734 2385 ἕκάλεσε
2804 2334 2862 2384 τὸ
2938 2332 3097 2403 ὄνομα
3171 2327 3329 2380 αὐτοῦ
3395 2327 3620 2385 Ἰησοῦν.
3680 2324 3899 2378 Ἐκάλε-

2305 2441 2390 2476 σεν
2432 2422 2560 2475 αύτό
2591 2422 2617 2474 ό
2648 2420 2863 2492 Ἰωσὴφ,
2908 2422 2972 2480 ὡς
3015 2413 3283 2490 ἐδιδάχθη
3340 2417 3485 2491 παρὰ
3532 2421 3624 2468 τοῦ
3655 2413 3898 2486 ἀγγέλου.

2693 2567 2840 2617 ΚΕΦ.
2880 2560 2955 2618 Δ’.
2987 2564 3114 2633 Περὶ
3150 2566 3250 2613 τῶν
3286 2563 3500 2629 Μαγων.

2310 2706 2317 2709 ’
2376 2706 2446 2765 Β’.
2498 2711 2600 2759 Τοῦ
2659 2702 2718 2758 δὲ
2788 2704 2962 2761 Ἰησοῦ
3034 2702 3358 2773 γεννηθέντος
3422 2728 3494 2738 -
3548 2696 3897 2772 Ἱεροσόλυμα·

2303 2802 2448 2857 Τίνος
2500 2795 2677 2860 ἕνεκεν,
2719 2795 2807 2844 καὶ
2860 2793 2947 2842 τὸν
3003 2793 3159 2841 τόπον
3210 2787 3364 2860 λέγει,
3421 2790 3511 2838 καὶ
3563 2788 3648 2837 τόν
3687 2791 3904 2859 χρόνον,

2304 2889 2394 2938 καὶ
2436 2887 2495 2936 τὸ
2546 2889 2638 2935 τοῦ
2688 2876 2926 2955 Ἡρώδου
3005 2875 3208 2949 ἀξίωμα
3242 2892 3255 2943 ;
3289 2880 3385 2927 Τόν
3443 2877 3533 2947 μὲν
3585 2878 3759 2941 τόπον,
3822 2875 3899 2926 ἱνα

2308 2970 2478 3045 δείξῃ,
2547 2971 2627 3023 ὅτι
2673 2968 3009 3042 πεπλήρωται
3060 2966 3090 3023 ἡ
3149 2971 3240 3017 τοῦ
3302 2966 3541 3034 Μιχαίου
3593 2966 3898 3036 προφητεία,

2306 3062 2613 3135 εἰρηκότος·
2650 3061 2750 3111 Καὶ
2808 3060 2892 3127 σὺ,
2967 3053 3209 3125 Βηθλεὲμ,
3278 3060 3345 3123 γῆ
3410 3047 3607 3123 Ἰούδα,
3663 3046 3903 3123 οὐδαμῶς

2305 3149 2562 3220 ἐλαχιστη
2621 3143 2668 3199 εἶ
2714 3144 2761 3197 ἓν
2812 3152 2918 3204 τοῖς
2968 3144 3218 3214 ἡγεμόσιν
3270 3136 3449 3193 Ἰούδα
3490 3156 3503 3168 ⁸
3543 3138 3597 3190 ἐκ
3656 3145 3751 3191 σοῦ
3800 3141 3902 3213 γὰρ

2307 3237 2620 3301 ἐξελεύσεται
2693 3235 2993 3305 ἡγούμενος,
3076 3232 3218 3290 ὅστις
3300 3234 3541 3301 ποιμανεῖ
3621 3229 3708 3279 τὸν
3782 3226 3902 3292 λαόν

2305 3346 2406 3399 μου
2464 3328 2549 3377 τὸν
2600 3321 2836 3395 Ἰσραήλ.
2879 3323 2978 3372 Τὸν
3036 3314 3094 3370 δὲ
3140 3321 3353 3392 χρόνον,
3412 3316 3494 3367 ἶνα
3541 3311 3759 3388 διδάξῃ,
3824 3317 3904 3367 ὅτι

2303 3416 2498 3488 ὁμοίως
2572 3410 2841 3484 ἐπληρώθη
2927 3412 3017 3460 καὶ
3072 3407 3101 3465 ἡ
3162 3400 3451 3481 προφητεία
3532 3412 3622 3457 τοῦ
3696 3402 3901 3470 Ἰακὼϐ,

2307 3504 2536 3562 εἰπόντος
2569 3519 2581 3530 ·
2616 3500 2726 3552 Οὐκ
2801 3496 3021 3568 ἐκλείψει
3102 3495 3285 3568 ἄρχων
3372 3492 3427 3555 ἐξ
3500 3488 3697 3560 Ἰούδα,
3783 3487 3906 3545 οὐδὲ

2307 3593 2587 3664 ἡγούμενος
2650 3588 2705 3640 ἐκ
2757 3595 2857 3639 τῶν
2913 3592 3092 3660 μηρῶν
3151 3583 3330 3653 αὐτοῦ,
3388 3582 3481 3643 ἕως
3542 3579 3602 3633 ἂν
3658 3581 3804 3654 ἔλθη,
3866 3580 3905 3650 ᾧ

2310 3680 2600 3734 ἀπόκειται.
2654 3684 2756 3730 Τοῦ
2804 3680 3039 3750 Χριστοῦ
3088 3675 3188 3746 γὰρ
3243 3672 3551 3744 γεννηθῆναι
3614 3666 3907 3744 μέλλοντος,

2309 3769 2528 3833 ἐξέλιπεν
2589 3768 2771 3841 ἄρχων
2825 3763 2877 3827 ἐξ
2943 3757 3144 3830 Ἰούδα,
3220 3764 3310 3812 καὶ
3376 3758 3554 3811 λοιπὸν
3622 3758 3745 3834 ἦρξε
3809 3767 3908 3811 τῶν

2309 3854 2580 3911 Ἰουδαίων
2630 3850 2873 3927 Ἡρώδης
2922 3852 2948 3903 ὁ
3000 3846 3321 3923 Ἰδουμαῖος,
3376 3846 3668 3921 ἀλλόφυλος.
3726 3851 3795 3900 Τὸ
3850 3843 3909 3899 δε

2310 3946 2516 4020 ἀξίωμα
2555 3951 2646 3997 τοῦ
2694 3937 2953 4016 Ἡρώδου,
2988 3935 3129 3992 διότι
3176 3942 3265 3991 καὶ
3303 3937 3473 4011 ἕτερος
3500 3940 3704 4009 γέγονεν
3739 3935 3906 4011 Ἠρώ-

2311 4033 2412 4097 δης
2441 4037 2466 4087 ὁ
2491 4034 2805 4108 τετράρχης,
2838 4032 2863 4082 ό
2892 4033 2979 4082 τὸν
3012 4023 3318 4105 Προδρομον
3348 4024 3552 4081 ἀνελών.

2382 4135 2624 4196 Οὗτοιδε
2655 4139 2704 4191 οἱ
2747 4140 2942 4209 Μάγοι,
2995 4139 3193 4209 Πέρσαι
3248 4130 3402 4192 ἦσαν.
3453 4136 3521 4185 Οί
3564 4136 3765 4207 Πέρσαι
3806 4130 3907 4207 γὰρ

2310 4229 2542 4304 μάλιστα
2594 4236 2694 4280 τῶν
2755 4226 2917 4280 ἄλλων
2974 4227 3172 4283 ἤσκουν
3230 4225 3297 4275 τὰ
3351 4223 3571 4294 μαγικά.
3629 4220 3768 4295 Ὀρα
3828 4217 3907 4287 δί,

2310 4321 2443 4380 ὃπῶς
2514 4318 2571 4371 ἐκ
2641 4320 2929 4393 προοιμίων
3004 4312 3264 4385 ἀνοίγεται
3337 4317 3448 4372 τοῖς
3525 4312 3692 4363 ἔθνεσι
3779 4312 3913 4383 θύρα

2308 4413 2554 4473 πίστεως,
2588 4405 2659 4470 εἰς
2688 4405 2951 4478 αἰσχύνην
2998 4411 3097 4455 τῶν
3144 4396 3432 4455 Ἰουδαίων.
3479 4398 3621 4471 Ἐπεὶ
3667 4400 3765 4471 γὰρ
3811 4406 3912 4451 τῶν

2309 4505 2585 4572 προφητῶν
2640 4494 2931 4559 ἀκούοντες,
2986 4499 3486 4567 προαναφωνούντων
3533 4492 3628 4546 τὴν
3674 4494 3912 4562 Χριστοῦ

2310 4590 2626 4659 παρουσίαν,
2674 4584 2732 4637 ού
2788 4578 3000 4657 σφόδρα
3049 4586 3357 4655 προσεῖχον,
3403 4578 3733 4650 ᾠκονομὴθη,
3785 4583 3913 4651 Βαρ-

2312 4675 2501 4752 ϐάρους
2555 4673 2737 4743 ἐλθεῖν,
2795 4676 2885 4724 καὶ
2930 4673 3144 4731 τούτους
3194 4670 3432 4741 Μάγους,
3483 4672 3571 4719 καὶ
3623 4665 3678 4718 ἐκ
3728 4672 3912 4738 χώρας

2311 4770 2530 4840 μακρᾶς,
2589 4768 2679 4815 καὶ
2745 4757 2966 4823 διδάξαι
3019 4758 3228 4825 αὐτούς,
3286 4757 3313 4808 ὃ
3364 4758 3508 4829 παρὰ
3559 4764 3658 4808 τῶν
3714 4773 3912 4829 προφη-

2311 4863 2410 4908 τῶν
2458 4854 2638 4926 μαθεῖν
2692 4851 2785 4903 ούκ
2839 4850 3149 4921 ἠνέσχοντο,
3213 4848 3313 4911 ἱνα,
3375 4845 3419 4898 εἰ
3466 4844 3911 4917 φιλονεικήσουσιν

2311 4947 2408 5009 ἔτι,
2463 4943 2638 5002 πάσης
2681 4938 2965 5010 ἀπολογίας
3005 4935 3131 4989 ὦσιν
3189 4935 3537 5010 ἐστερημένοι.
3596 4937 3660 4987 Τί
3696 4934 3798 5007 γὰρ
3853 4930 3913 4983 ἂν

2310 5037 2401 5086 καὶ
2452 5027 2696 5085 δύναιντο
2757 5028 2940 5101 λέγειν,
2996 5028 3119 5080 ὃταν
3184 5026 3363 5098 Μάγοι
3434 5025 3525 5098 μεν
3579 5020 3681 5076 ἀπὸ
3749 5019 3916 5093 ὅψεως

2312 5195 2363 5275 ἀι
2388 5236 2565 5293 Hebr.
2599 5249 2760 5301 xvm,
2785 5234 2875 5291 23.
2953 5234 3000 5269 ²⁶
3033 5231 3261 5291 Coloss.
3294 5245 3332 5297 1,
3370 5230 3453 5288 15.
3532 5230 3581 5265 ³⁸
3624 5227 3801 5285 Mich.
3848 5242 3911 5296 ν,

1785 5431 2000 5502 Variae
2040 5413 2371 5502 lectiones
2410 5442 2476 5502 et
2506 5439 2690 5501 notae

563 5615 573 5629 .
630 5568 748 5719 (32;
785 5567 1083 5654 ιαι
1111 5569 1190 5630 Α.

627 5643 718 5716 (33
774 5647 837 5700 Δί
863 5646 1082 5702 omittit
1108 5648 1173 5700 A.

774 5647 837 5700 Δί
863 5641 1082 5702 omittit
1108 5648 1173 5700 A.
1206 5644 1487 5718 praeterea
1515 5640 1665 5711 haec,
1689 5661 1825 5719 quas
1859 5645 2092 5707 inclusa
2117 5653 2276 5724 sunt,
2300 5650 2360 5708 in
2388 5646 2659 5724 margine
2712 5643 2916 5705 habet.
