4166 6314
338 242 425 303 137
1298 242 1668 304 COMMENT.
1713 244 1783 301 IN
1824 244 2276 307 MATTH/EUM.
2315 282 2381 291 —
2414 250 2580 310 CAP.
2621 250 2693 309 II.

3570 260 3675 318 138

335 372 430 433 ἑνός
455 369 669 443 ἀστέρος
696 372 1071 441 πιστεύσωσιν,
1097 370 1246 424 αὐτοὶ
1263 368 1322 424 δὲ
1348 368 1486 444 μηδὲ
1510 380 1616 434 τοῖς
1642 375 1911 436 τοσούτοις

2023 375 2189 446 Magi,
2240 376 2368 432 viso
2419 378 2589 433 unico
2635 380 2818 445 astro,
2859 375 3250 448 crediderunt,
3305 382 3420 456 ipsi
3474 391 3675 444 autem

329 466 605 534 προφήταις
638 458 925 531 ἀνέχωνται
952 463 1241 517 πιστεύειν,

386 553 635 619 Λέγοντες
722 580 792 589 —-
882 558 1248 623 προσκυνῆσαι
1346 550 1505 621 αύτῷ.
1588 555 1686 602 Καὶ
1757 554 1909 603 πόθεν

320 641 559 707 ἔγνωσαν,
621 639 696 689 ὅτι
758 639 782 688 ό
842 636 1009 712 ἀστὴρ
1069 638 1257 699 ἐκεῖνος
1323 637 1581 710 βασιλέως
1639 636 1909 691 Ἰουδαίων

316 724 498 783 ἐδήλου
567 732 847 797 γέννησιν;
896 726 983 781 Ἐκ
1050 736 1141 779 τοῦ
1216 732 1391 798 γένους
1446 735 1536 778 τοῦ
1589 726 1909 800 ἀστρολόγον

314 814 523 886 Βαλαὰμ
573 820 938 887 καταγόμενοι,
980 820 1069 867 καὶ
1106 819 1198 873 τὴν
1245 815 1434 867 ἐκείνου
1476 821 1727 887 μετιόντες
1767 814 1912 867 ἐπισ-

309 910 499 975 τήμην,
558 904 800 976 εὕρισκον
852 905 1006 955 αὑτὸν
1079 910 1447 977 προειρηκότα,
1532 906 1611 955 ὅτι
1661 903 1912 956 Ἀνατελεί

310 991 501 1065 ἆστρον
562 991 617 1054 ἐξ
694 991 897 1057 Ἰακὼϐ,
972 998 1061 1044 καὶ
1133 992 1478 1051 ἀναστήσεται
1537 991 1801 1064 ἅνθρωπος
1858 992 1912 1054 ἐξ

308 1080 521 1154 Ἰσραὴλ
584 1086 673 1132 καὶ
729 1081 907 1131 λοιπόν
965 1079 1065 1132 ἀπὸ
1124 1090 1217 1140 τῆς
1284 1083 1526 1139 τοιαύτης
1596 1085 1912 1153 προφητείας

309 1167 612 1239 ἐγίνωσκον,
664 1170 742 1221 ότι
794 1167 1098 1241 βλαστῆσαι
1140 1168 1306 1239 μέλλει
1356 1167 1407 1230 ἐξ
1452 1164 1713 1223 Ἰουδαίων
1756 1168 1906 1241 βασι-

308 1256 437 1325 λεὺς,
498 1253 658 1314 δίκην
716 1257 928 1330 ἀστέρος
981 1258 1175 1327 ὑψηλός
1228 1262 1315 1309 καὶ
1366 1257 1748 1331 λαμπρότατος.
1811 1262 1911 1309 Καὶ

308 1345 483 1396 λοιπόν
545 1349 718 1397 ἔκτοτε
783 1351 1106 1421 παρετήρουν
1157 1350 1271 1406 τούς
1331 1345 1576 1417 ἀστέρας·
1628 1354 1913 1403 τηνικαῦτα

310 1430 367 1484 δέ
416 1438 505 1485 τόν
576 1433 813 1491 ἀσυνήθη
872 1442 1054 1486 τοῦτον
1110 1439 1195 1485 καὶ
1248 1442 1526 1506 καινοφανῆ
1584 1436 1908 1506 θεασάμενοι,

308 1518 469 1593 μηδὲν
529 1522 871 1594 μελλήσαντες
922 1520 1073 1595 ᾖ).θον
1150 1531 1515 1597 προσκυνῆσαι
1585 1532 1656 1593 τῷ
1736 1542 1912 1593 γεννη-

311 1612 462 1678 θέντι,
553 1612 780 1672 θέλοντες
857 1611 913 1663 ἐκ
991 1618 1198 1685 πρώτης
1265 1612 1467 1671 ἡλικίας
1536 1612 1675 1682 αύτῳ
1742 1610 1911 1681 φιλίαν

307 1698 719 1765 καταϐαλέσθαι,
770 1705 859 1751 καὶ
918 1701 999 1751 ἶνα
1050 1706 1272 1771 γνόντες,
1335 1705 1412 1761 τίς
1467 1719 1520 1751 τε
1568 1703 1667 1764 εἴη,
1727 1704 1817 1750 καί
1861 1699 1911 1750 ἐν

309 1792 428 1858 ποία
471 1788 623 1840 πόλει
676 1793 998 1859 γεγέννηται,
1053 1789 1323 1850 αὐξάνοντι
1382 1787 1507 1859 φίλῳ
1565 1793 1901 1861 χρήσωνται,

307 1875 455 1929 Ἀλλά
504 1881 675 1951 μέχρι
718 1882 806 1949 μὲν
852 1877 1199 1937 Παλαιστίνης
1254 1879 1353 1928 ὑπὸ
1385 1880 1475 1928 τού
1526 1875 1736 1950 ἀστέρος
1766 1872 1917 1953 ὡδητ

306 1974 518 2035 γοῦντο·
586 1974 690 2027 τοῖς
739 1966 1115 2041 Ἰεροσολύμοις
1177 1963 1235 2018 δὲ
1282 1966 1678 2033 πλησιάσαντες,
1740 1965 1911 2016 οὐκέτι

309 2062 487 2106 τοῦτον
549 2051 706 2108 εἶδον.
779 2062 941 2107 Τοῦτο
1000 2052 1058 2106 δὲ
1136 2059 1357 2125 γέγονεν,
1424 2056 1505 2105 ἶνα
1554 2057 1641 2104 τὸν
1716 2048 1909 2122 ὁδηγὸν

305 2141 671 2211 ἀπολέσαντες,
748 2142 1154 2214 ἀναγκασθῶσιν
1240 2142 1523 2217 ἐρωτῆσαι,
1597 2146 1685 2192 καὶ
1778 2139 1911 2192 οὓτω

302 2235 519 2301 γένηται
572 2228 874 2290 κατάδηλον
918 2228 1216 2299 Ἰουδαίοις,
1264 2233 1343 2283 ὃτι
1382 2231 1737 2302 γεγέννηταιό
1789 2237 1914 2301 Χρι-

306 2323 446 2381 στὸς,
499 2322 571 2380 ὡς
630 2325 701 2391 μή
762 2316 1025 2372 δύνασθαι
1085 2320 1274 2379 αύτούς
1329 2318 1376 2381 ἐς
1443 2319 1656 2393 ὕστερον
1726 2317 1907 2388 λέγειν,

303 2411 379 2459 ὅτι
438 2408 555 2460 Ούκ
620 2405 855 2480 οἴδαμεν,
920 2408 964 2460 εἰ
1020 2411 1339 2479 γεγέννηται.
1406 2409 1662 2479 Ἐμήννσε
1716 2402 1773 2457 δὲ
1825 2409 1910 2455 τόν

306 2500 542 2570 Χριστόν
599 2495 788 2569 ἀστὴρ,
849 2498 931 2548 ἶνα
984 2502 1073 2548 καὶ
1130 2500 1159 2554 ἠ
1229 2516 1319 2548 του
1374 2495 1587 2566 Βαλαὰμ
1626 2498 1914 2567 προφητεία

305 2584 585 2659 πληρωθῇ.
647 2586 785 2638 Ἐπεὶ
832 2588 930 2657 γὰρ
999 2588 1047 2637 οἱ
1114 2594 1396 2658 προφῆται,
1453 2591 1558 2643 τοῖς
1632 2578 1912 2640 Ἰουδαίοις

306 2680 423 2747 περὶ
520 2682 616 2726 τοῦ
702 2682 939 2748 Χριστοῦ
1037 2676 1429 2745 προμηνύοντες,
1524 2672 1617 2723 οὐκ
1711 2669 1909 2742 ἔμελλον

304 2765 519 2829 πείθειν,
574 2762 751 2813 λοιπόν
790 2770 899 2823 τοῖς
944 2764 1136 2813 ἔθνεσιν
1188 2761 1356 2834 ἀστὴρ
1404 2764 1584 2833 μηνύει
1634 2763 1717 2810 τόν
1769 2759 1909 2816 ἣλιον

306 2858 393 2910 τῆς
433 2848 805 2919 δικαιοσύνης,
856 2850 910 2902 ἐκ
960 2858 1053 2910 τῆς
1093 2860 1188 2921 γῆς
1229 2849 1580 2901 ἀνατέλλοντα·
1625 2851 1757 2899 Οὔτε
1807 2850 1907 2918 γὰρ

309 2944 600 3011 προφήτην,
670 2943 784 2990 οὔτε
842 2938 1057 3009 ἄγγελον
1133 2935 1375 3007 ἧδεισαν,
1439 2939 1520 2989 ἵνα
1596 2934 1667 2989 δι’
1745 2935 1910 2987 αὐτῶν

312 3026 620 3080 ἑλκυσθῶσι.
687 3032 850 3080 Μόνοι
908 3024 967 3079 δὲ
1035 3030 1120 3077 τὸν
1188 3026 1383 3101 ἀστέρα
1438 3034 1618 3077 τοῦτον
1677 3043 1907 3099 παρεση-

307 3122 600 3187 μειωσαντο
672 3120 889 3190 Πέρσαι,
952 3118 1020 3175 ὡς
1096 3120 1241 3187 μόνοι
1322 3121 1440 3187 περὶ
1506 3120 1599 3173 τὴν
1667 3114 1910 3186 ὀξυτέραν

308 3202 650 3279 ἀστρολογίαν
703 3204 758 3256 ἐκ
808 3210 1047 3266 νεότητος
1118 3203 1522 3276 ἀσχολούμενοι.
1588 3203 1664 3255 Ού
1730 3206 1912 3262 πάντες

307 3288 365 3345 δὲ
410 3294 460 3345 οἰ
491 3297 712 3367 Πέρσαι,
765 3294 844 3344 ὅτι
884 3289 1006 3344 οὐδὲ
1053 3292 1169 3365 (34)
1214 3295 1394 3353 πάντες
1421 3290 1555 3349 ἦσαν
1584 3292 1716 3354 ὀξεῖς
1764 3286 1908 3360 οὐδὲ,

305 3381 509 3453 ἔμελλον
543 3383 736 3453 ὁμοίως
759 3383 1045 3438 πιστεύειν,

377 3474 518 3544 Πρός
570 3467 628 3522 δὲ
675 3472 796 3530 τοὺς
848 3468 1288 3542 προϐαλλομένους
1335 3472 1421 3520 τόν
1489 3467 1682 3542 ἀστέρα
1730 3475 1911 3520 τοῦτον

307 3558 371 3619 εἰς
427 3563 743 3632 συνηγορίαν
802 3566 893 3617 τῆς
940 3556 1378 3627 γενεθλιαλογίας,
1427 3557 1629 3630 ῥητέον,
1683 3558 1763 3608 ὅτι
1818 3556 1913 3607 οὐκ

307 3648 367 3704 ἦν
424 3648 577 3707 οὗτος
620 3649 768 3718 φύσει
816 3644 1007 3720 ἀστήρ,
1064 3644 1171 3695 ἀλλ’
1219 3644 1335 3715 ὄψει
1385 3648 1537 3716 μόνον
1580 3644 1767 3719 ἀστὴρ,
1822 3649 1911 3695 καὶ

308 3738 371 3796 ὡς
424 3735 634 3795 ἀληθῶς
678 3736 788 3786 θεία
842 3754 923 3793 τις
970 3730 1213 3804 δύναμις,
1266 3733 1333 3792 εἰς
1385 3736 1580 3789 ταύτην
1630 3752 1915 3803 μετασχη-

308 3826 636 3896 ματισθεῖσα
685 3828 776 3880 τήν
825 3822 963 3892 ὄψιν.
1016 3827 1113 3874 Καὶ
1144 3829 1296 3873 τοῦτο
1354 3818 1511 3879 δῆλον
1561 3819 1662 3871 ἀπό
1694 3820 1910 3871 πολλῶν.

309 3920 525 3986 Πρῶτον
578 3916 684 3983 μὲν,
736 3910 834 3963 ἀπὸ
879 3916 968 3970 τᾶς
1012 3914 1238 3980 πορείας.
1298 3913 1497 3970 Παντὸς
1547 3911 1647 3981 γάρ
1701 3906 1916 3981 ἀστέρος

311 4001 364 4063 ἐξ
426 4000 677 4060 ἀνατολῆς
725 4000 793 4061 εἰς
861 3994 1016 4050 δύσιν
1088 3994 1421 4069 βαδίζοντος,
1473 3994 1620 4058 οὗτος
1664 4000 1813 4069 μόνος
1866 3996 1917 4058 ἐξ

314 4089 507 4162 ἀρκτου
582 4092 709 4160 πρὸς
795 4085 1125 4159 μεσημϐρίαν
1197 4084 1412 4159 ἐφέρετοο

316 4178 475 4251 ἔλαχε
520 4179 659 4228 θέσιν
716 4179 744 4234 ἡ
812 4174 1133 4231 Παλαιστίνη
1188 4178 1317 4248 πρὸς
1362 4180 1455 4231 την
1498 4170 1753 4247 Περσιδα.
1795 4176 1916 4224 Δεύ-

317 4286 461 4338 τερον
495 4262 573 4331 δὲ,
626 4263 725 4316 ἀπό
765 4272 855 4324 τῆς
883 4263 1265 4335 λαμπρότητος*
1316 4260 1520 4322 οὐδενός
1562 4265 1662 4337 γὰρ
1698 4260 1915 4335 ἀστέρος

321 4353 367 4406 ἐν
416 4357 585 4429 ἡμέρα
634 4356 957 4425 φαινομένου,
1009 4350 1101 4404 διὰ
1144 4356 1235 4409 τὴν
1267 4350 1550 4425 ὑπερϐολὴν
1587 4358 1677 4410 τῆς
1706 4350 1919 4410 ἡλιακῆς

1502 4088 1745 4142 τοιαύτην
1814 4086 1914 4156 γὰρ

2018 479 2212 536 neque
2244 470 2325 520 tot
2355 467 2661 538 prophetis
2710 468 2944 525 credere
2982 469 3316 528 voluerunt.

2090 554 2253 609 Vers.
2287 554 2338 608 2.
2366 556 2623 611 Dicentes
2643 588 2698 597 —
2738 558 2815 611 ad
2839 559 3216 615 adorandum
3241 577 3389 619 eum.
3423 565 3488 619 Et
3518 565 3676 621 unde

2018 649 2426 711 cognoverunt
2458 644 2689 700 stellam
2726 644 2888 701 illam
2916 648 3066 717 regis
3090 648 3436 706 Judaorum
3467 652 3678 710 nativi-

2018 734 2198 786 tatem
2229 732 2608 788 manifestare
2638 734 2666 789 ‘l
2697 735 2846 799 Quia
2873 750 2943 790 ex
2975 752 3191 805 genere
3222 738 3462 796 Balaam
3492 746 3678 798 astro—

2019 819 2141 889 logi
2184 820 2647 889 descendebant,
2679 823 2965 893 etscripta
2992 824 3151 879 illius
3181 826 3491 898 adeuntes,
3512 830 3676 886 inve-

2018 913 2233 963 nerunt
2264 908 2341 963 ab
2364 926 2431 964 eo
2463 910 2685 965 dictum
2723 928 2734 964 :
2771 910 3010 967 Orietur
3058 915 3235 971 stella
3264 931 3339 972 ex
3387 916 3591 985 Iacob,
3619 925 3675 976 et

2020 1003 2320 1068 consurget
2352 997 2513 1053 homo
2542 1016 2609 1053 ex
2647 999 2829 1056 Israel
2869 1001 2935 1053 ³⁸.
2969 1001 3090 1056 Tali
3131 1002 3332 1076 itaque
3362 1006 3677 1078 prophetia

2019 1085 2292 1156 permoti,
2322 1092 2712 1155 agnoverunt,
2747 1103 2815 1142 ex
2840 1086 3063 1144 Judais
3084 1106 3285 1161 regem
3309 1093 3676 1150 nasciturum

2018 1173 2078 1227 in
2109 1175 2351 1229 modum
2386 1175 2589 1239 stella,
2638 1175 2940 1231 excelsum
2972 1177 3192 1234 scilicet
3222 1184 3277 1234 et
3303 1179 3552 1236 clarum.
3592 1185 3677 1237 Ex

2020 1277 2090 1317 eo
2121 1262 2297 1331 igitur
2321 1267 2585 1333 tempore
2609 1264 2810 1319 stellas
2838 1264 3239 1322 observabant
3272 1285 3285 1322 :
3316 1274 3451 1323 tunc
3475 1275 3676 1325 autem

2018 1349 2176 1405 hanc
2220 1352 2537 1419 insuetam,
2570 1356 2625 1408 et
2655 1358 2920 1409 recenter
2958 1361 3343 1427 apparentem
3387 1358 3671 1423 videntes,

2021 1438 2165 1492 nihil
2189 1439 2530 1494 cunctando
2563 1446 2874 1510 venerunt,
2903 1447 2963 1497 ut
3000 1459 3136 1498 eum
3185 1444 3287 1515 qui
3320 1449 3496 1500 natus
3525 1450 3671 1510 erat,

2020 1526 2358 1592 adorarent,
2389 1528 2653 1583 volentes
2686 1545 2721 1584 a
2752 1531 2946 1601 prima
2968 1531 3168 1587 statim
3196 1537 3365 1588 atate
3396 1531 3507 1605 ipsi
3534 1549 3677 1604 pen-

2020 1614 2159 1669 dere
2192 1614 2403 1670 tributa
2431 1615 2530 1687 (0),
2564 1620 2627 1671 ut
2656 1618 3065 1689 cognito,quis
3085 1624 3259 1686 esset,
3280 1625 3336 1675 et
3360 1620 3418 1675 in
3446 1637 3567 1693 qua
3585 1637 3677 1677 or-

1949 1728 1990 1781 B
2022 1707 2113 1757 tus
2140 1703 2511 1768 civitate,ubi
2526 1706 2825 1770 crevisset,
2869 1708 3132 1763 amicum
3148 1708 3257 1763 sibi
3273 1708 3576 1764 haberent.
3608 1710 3674 1764 Et

2022 1789 2269 1861 quidem
2308 1807 2496 1862 usque
2524 1792 2598 1846 ad
2640 1791 2966 1847 Palastina
2997 1795 3300 1863 regionem
3332 1795 3515 1851 stella
3561 1796 3676 1851 du-

2020 1884 2212 1933 catum
2243 1879 2604 1935 habuerunt.
2640 1880 2746 1936 Ubi
2779 1886 2976 1937 autem
3010 1882 3427 1954 Hierosolymis
3458 1900 3675 1956 appro-

2018 1966 2432 2037 pinquassent,
2457 1967 2718 2039 amplius
2740 1984 2873 2023 eam
2907 1985 3027 2024 non
3059 1969 3354 2025 viderunt.
3390 1971 3560 2036 Quod
3592 1970 3676 2027 fa-

2019 2060 2179 2110 ctum
2211 2062 2320 2125 est,
2354 2060 2417 2110 ut
2455 2055 2606 2111 duce
2642 2057 2869 2128 perdito
2900 2057 3265 2127 interrogare
3299 2062 3672 2129 cogerentur,

2020 2143 2300 2215 ﬁeretque
2326 2144 2543 2199 Judais
2571 2144 2943 2201 manifestum
2977 2151 3186 2202 natum
3217 2163 3349 2204 esse
3377 2147 3675 2204 Christum

2019 2247 2094 2287 ne
2140 2233 2200 2287 in
2240 2237 2543 2304 posterum
2596 2232 2787 2289 dicere
2844 2241 3084 2306 possent
3134 2251 3148 2290 :
3191 2238 3319 2291 Non
3371 2236 3673 2305 novimus,

2020 2325 2220 2376 utrum
2249 2326 2424 2377 natus
2443 2322 2534 2378 sit.
2561 2321 2919 2391 Signiﬁcavit
2958 2323 3137 2379 etiam
3164 2323 3324 2379 stella
3351 2323 3671 2390 Christum,

2020 2414 2085 2465 ut
2118 2409 2358 2465 Balaam
2390 2410 2703 2481 prophetia
2728 2410 3133 2482 compleretur.
3164 2412 3314 2477 Quia
3352 2412 3511 2468 enim
3540 2429 3675 2484 pro-

2020 2498 2235 2569 pheta,
2251 2497 2539 2553 Christum
2561 2502 3097 2568 pramonstrantes,
3116 2500 3338 2555 Judais
3360 2516 3677 2571 persuasu-

2019 2586 2066 2641 ri
2085 2602 2205 2641 non
2231 2591 2418 2650 erant,
2452 2586 2753 2657 reliquum
2771 2591 2914 2654 erat,
2949 2592 3007 2641 ut
3040 2587 3314 2656 gentibus
3336 2588 3505 2644 stella
3530 2589 3677 2645 indi—

2020 2674 2438 2745 caretjustitia
2468 2674 2662 2730 Solem
2712 2690 2742 2731 e
2774 2679 2929 2730 terra
2959 2677 3264 2731 orientem.
3301 2679 3499 2747 Neque
3517 2679 3675 2733 enim

2020 2764 2370 2835 prophetam
2404 2768 2507 2818 aut
2538 2763 2809 2818 nuntium
2837 2763 3128 2829 viderant,
3161 2771 3225 2819 ut
3245 2763 3323 2819 ab
3351 2766 3433 2819 eis
3459 2780 3677 2834 cogno-

2021 2858 2269 2907 scerent.
2295 2852 2411 2907 Soli
2434 2857 2633 2907 autem
2664 2852 2853 2907 Persa
2885 2852 3112 2907 stellam
3146 2852 3304 2907 hanc
3328 2852 3675 2910 observave-

2019 2946 2180 3009 rant;
2210 2941 2316 2996 soli
2346 2956 2606 3012 namque
2632 2940 2976 3011 diligentius
3008 2941 3166 2996 circa
3187 2942 3572 3012 aslrologiam
3599 2942 3677 2998 ab

2020 3030 2274 3085 infantia
2298 3030 2771 3101 occupabantur.
2788 3032 2985 3101 Neque
3008 3034 3200 3084 tamen
3223 3046 3433 3085 omnes
3460 3030 3673 3099 Persa,

2020 3118 2295 3189 quianon
2326 3133 2534 3173 omnes
2557 3118 2707 3173 acris
2740 3125 2908 3172 erant
2950 3116 3191 3187 ingenii,
3218 3134 3410 3189 neque
3436 3118 3678 3192 aquali-

2020 3211 2108 3261 ter
2132 3221 2344 3261 omnes
2376 3211 2543 3261 erant
2561 3205 2856 3261 credituri.

2092 3464 2260 3518 Nunc
2278 3477 2417 3517 vero
2443 3460 2765 3517 dicendum
2787 3465 2874 3517 est
2891 3466 3097 3517 contra
3114 3460 3550 3528 Genethliacos,
3573 3463 3678 3535 qui

2022 3552 2253 3608 stellam
2271 3552 2423 3607 hanc
2443 3551 2818 3623 proferuntin
2841 3551 3237 3623 patrocinium
3262 3552 3403 3606 artis
3432 3550 3679 3608 Geneth-

2022 3641 2208 3705 liaca,
2236 3640 2465 3695 stellam
2496 3640 2653 3695 hanc
2700 3656 2815 3695 non
2870 3644 3147 3694 naturam
3202 3639 3523 3705 stellarum,
3571 3641 3679 3695 sed

2022 3728 2279 3797 ﬁguram
2296 3728 2904 3783 duntaxathabuisse.
2937 3731 2999 3783 Et
3035 3744 3165 3782 vere
3180 3728 3679 3800 divinaquadam

2023 3817 2213 3870 inerat
2240 3817 2508 3885 potentia
2538 3816 2593 3869 in
2624 3816 2773 3870 hanc
2813 3816 3064 3885 ﬁguram
3118 3817 3563 3873 transformata.
3616 3820 3682 3872 Et

2024 3906 2138 3961 hoc
2164 3902 2409 3975 quidem
2440 3919 2512 3957 ex
2546 3903 2745 3959 multis
2764 3902 3148 3959 manifestum
3180 3908 3282 3958 est.
3335 3904 3596 3961 Primum
3646 3923 3681 3963 a

2023 3994 2142 4049 via.
2171 3996 2305 4049 Nam
2335 3991 2610 4064 qualibet
2663 3992 2830 4047 stella
2881 3991 2959 4046 ab
3003 3997 3137 4047 ortu
3196 3993 3564 4063 progreditur
3618 3995 3678 4050 in

2025 4098 2329 4145 occasum,
2384 4080 2512 4135 sola
2543 4081 2670 4135 hac
2703 4097 2737 4136 a
2792 4080 3191 4151 septentrione
3245 4082 3303 4136 in
3369 4082 3680 4139 meridiem

2026 4170 2326 4226 ferebatur
2359 4188 2371 4221 :
2406 4169 2587 4225 talem
2618 4184 2835 4240 nempe
2866 4169 3105 4224 sortitur
3138 4168 3457 4225 Palastina
3478 4170 3679 4240 situm,

2027 4260 2074 4315 si
2099 4259 2177 4314 ad
2218 4258 2520 4313 Persidem
2547 4258 2838 4313 conferas.
2870 4258 3143 4313 Secundo
3174 4275 3207 4311 a
3233 4258 3568 4330 splendore.
3604 4260 3683 4315 Si-

2026 4347 2273 4419 quidem
2305 4346 2468 4401 nulla
2514 4346 2571 4401 in
2632 4346 2725 4401 die
2774 4350 3044 4417 apparet,
3105 4352 3339 4417 prOpter
3375 4363 3682 4402 excessum

323 4444 699 4515 λαμπρότητος,
754 4448 934 4492 τοῦτον
1005 4444 1181 4512 μόνον,
1239 4438 1286 4490 ἐν
1361 4441 1529 4511 ἡμέρᾳ
1600 4442 1912 4510 φαινόμενον,

2029 4438 2173 4491 lucis
2200 4434 2409 4490 solaris
2451 4452 2466 4488 :
2508 4435 2657 4489 hanc
2689 4435 2875 4489 solam
2917 4436 2975 4489 in
3027 4435 3116 4489 die
3171 4442 3561 4507 apparentem
3595 4436 3684 4491 sol

326 4530 415 4582 ούκ
453 4528 681 4588 ἠδύνατο
736 4531 761 4581 ό
819 4528 959 4590 ἣλιος
1009 4527 1373 4602 ἀποκρύπτειν.
1427 4532 1632 4601 Τρίτον,
1679 4526 1778 4578 ἀπὸ
1830 4534 1921 4578 τοῦ

331 4622 593 4688 φαίνεσθαι
632 4620 768 4670 κατά
822 4617 993 4689 λόγον,
1033 4622 1121 4668 καὶ
1170 4618 1320 4668 πάλιν
1352 4618 1699 4689 κρύπτεσθαι.
1746 4619 1924 4688 Μέχρι

327 4710 411 4777 μὲν
466 4712 563 4781 γὰρ
617 4707 969 4768 Παλαιστίνης
1020 4704 1246 4778 ἐφαίνετο
1304 4701 1513 4776 ὁδηγῶν
1566 4704 1773 4765 αὐτούς’
1816 4702 1923 4755 ἐπεὶ

329 4790 385 4847 δὲ
455 4805 552 4848 τῶν
630 4795 995 4870 Ἰεροσολύμων
1078 4793 1353 4860 ἐπέϐησαν,
1418 4792 1636 4867 ἔκρυψεν
1712 4791 1914 4844 ἑαυτὸν·

327 4879 432 4936 εἶτα
481 4884 633 4938 πάλιν
688 4884 977 4947 έξελθοῦσιν
1035 4883 1207 4944 αὐτοῖς
1253 4881 1354 4935 ἀπὸ
1406 4890 1505 4935 τῶν
1554 4880 1923 4957 Ἰεροσολύμων

394 5064 440 5100 ³³
470 5065 643 5120 Num.
675 5078 834 5129 xxxv,
866 5065 959 5121 17.

2030 4523 2328 4581 occultare
2357 4539 2475 4578 non
2507 4527 2756 4594 poterat.
2801 4523 2990 4577 Tertio
3023 4538 3093 4577 ex
3141 4522 3253 4578 hoc
3305 4524 3467 4596 quod
3515 4531 3684 4594 prout

2032 4629 2186 4684 opus
2205 4617 2325 4668 erat
2342 4612 2689 4683 apparebat,
2706 4627 3033 4683 rursusque
3049 4610 3473 4667 occultabatur.
3492 4614 3687 4685 Usque

2034 4702 2110 4758 ad
2132 4701 2454 4756 Palastina
2474 4701 2633 4754 enim
2647 4700 2946 4768 regionem
2972 4700 3250 4754 ducatum
3271 4700 3382 4755 illis
3396 4708 3686 4772 prastans

2036 4790 2329 4861 apparuit.
2364 4791 2445 4843 Ex
2470 4804 2591 4859 quo
2624 4792 2822 4841 autem
2854 4787 3260 4858 Hierosolyma
3290 4794 3683 4851 accesserunt,

2036 4880 2299 4952 seipsam
2322 4874 2640 4933 occultavit
2663 4890 3052 4948 :rursumque
3068 4875 3145 4933 ab
3174 4875 3590 4949 Hierosolymis
3612 4893 3683 4935 ex

1533 5184 1754 5258 Varia
1798 5181 2126 5256 lectiones
2168 5190 2236 5254 et
2265 5193 2472 5253 nota.

395 5330 508 5404 (34)
531 5330 616 5400 oz,
648 5329 817 5387 addit
846 5334 915 5386 Α.

392 5455 766 5533 (ὁλξβηᾴενε
782 5455 1022 5533 trib-uta.
1057 5450 1219 5533 Forte
1244 5457 1394 5531 φόρον
1423 5457 1523 5511 aut
1547 5458 1756 5533 φόρους,
1787 5470 1898 5529 pro

2023 5457 2132 5524 ίαν,
2162 5452 2322 5529 legit.
2366 5446 2588 5528 Redde,
2618 5444 2937 5512 amicitiam
2981 5446 3278 5515 exhibere.
3320 5453 3410 5516 Ita
3457 5455 3690 5513 εύποιίαν

324 5526 758 5584 καταϐάλλεσθαι.
792 5527 1030 5600 Alciphr
1058 5542 1118 5597 p.
1146 5526 1233 5580 43.

570 5625 817 5691 Pnaon.
864 5624 975 5687 Ga.
1012 5623 1236 5683 CXXIX
1250 5662 1265 5686 .

3413 5627 3449 5689 5
