4166 6314
449 276 551 340 139

1776 275 2122 337 EUTHYMII
2164 273 2485 338 ZIGABENI

3705 274 3823 337 140

446 406 747 470 euntibus,
771 403 1234 461 demonstratur.
1257 405 1325 459 Et
1367 402 1479 459 illis
1518 403 1766 477 quidem
1795 406 2084 471 euntibus,

2207 405 2454 478 ἐπεφάνη,
2507 410 2596 458 καὶ
2644 401 2972 477 βαδιζόντων
3012 407 3102 476 μὲν
3160 411 3458 480 προηγεῖτο,
3521 406 3813 476 ἱσταμένων

444 493 840 567 pracedebat,
877 492 1169 548 stantibus
1199 507 1340 547 vero
1367 491 1896 556 circummanebat.
1925 496 2098 565 juxta

442 583 680 639 illorum
700 580 1107 638 necessitatem
1131 596 1306 635 suum
1323 580 1593 651 praebens
1613 587 1858 637 motum.
1877 581 2095 649 Quarto

443 687 516 728 ex
538 687 608 728 eo
633 669 798 743 quod
827 673 993 726 terra
1026 670 1292 740 proxima
1326 668 1657 735 incedebat,
1699 686 1888 741 neque
1933 672 2092 726 enim

442 760 790 832 speluncam
820 757 1335 814 autdiversorium
1376 757 1864 824 demonstrasset,
1895 759 1941 813 si
1964 757 2093 814 aliis

439 848 710 921 proxima
741 845 950 913 stellis,
984 845 1257 902 sublimis
1281 845 1404 902 lata
1424 846 1629 902 fuisset
1660 863 1673 902 :
1707 862 1867 902 nunc
1892 853 2093 904 autem

437 941 706 1003 veniens,
741 935 898 992 stetit
930 950 1108 1008 supra
1133 933 1351 1002 locum,
1385 934 1448 991 in
1488 951 1603 1006 quo
1630 940 1754 991 erat
1779 951 1946 1007 puer.

509 1026 672 1082 Vers.
703 1029 760 1083 3.
797 1027 947 1081 Cum
965 1024 1220 1081 audisset
1234 1031 1429 1080 autem
1452 1053 1513 1064 —
1535 1040 1668 1080 cum
1691 1024 1814 1080 illo.
1835 1024 2091 1081 Herodes

436 1113 683 1186 quidem
701 1114 831 1184 jure
859 1111 1132 1168 turbatus
1163 1116 1271 1180 est,
1313 1127 1530 1183 nempe
1557 1112 1772 1168 timens
1801 1112 1875 1168 de
1905 1127 2091 1182 regno

437 1218 571 1270 suo,
600 1202 977 1273 ﬁliorumque
1008 1217 1247 1256 suorum
1276 1218 1290 1267 ;
1321 1205 1443 1256 tota
1472 1207 1672 1256 autem
1701 1201 1927 1268 civitas,
1954 1217 2090 1273 qua

436 1289 1456 1364 Hierosolymaappellantur,quare
1491 1289 1723 1344 turbata
1740 1295 1830 1345 est
1857 1289 1884 1343 ‘I
1917 1289 2090 1361 Atqui

434 1380 694 1452 gaudere
728 1379 922 1451 ipsam
962 1378 1158 1447 magis
1188 1378 1468 1449 oportuit,
1491 1377 1654 1450 quod
1679 1377 1817 1448 ipsis
1840 1381 1954 1432 Rex
1987 1393 2089 1433 na-

433 1474 530 1524 tus
589 1473 764 1533 esset,
824 1483 1002 1540 quem
1053 1467 1193 1522 olim
1246 1467 1548 1538 propheta
1610 1466 1970 1522 Salvatorem
2017 1482 2087 1522 ac

432 1557 890 1629 Redemptorem
940 1555 1114 1612 Israel
1156 1555 1719 1627 pranuntiaverant,
1762 1561 1817 1610 et
1848 1555 2087 1624 gloriari

432 1652 720 1718 tanquam
766 1644 1157 1717 propinquos,
1206 1644 1371 1716 quod
1418 1643 1615 1700 statim
1661 1660 1698 1699 a
1765 1643 2083 1700 cunabulis

431 1737 638 1792 Persas
696 1735 770 1790 ad
828 1735 920 1790 sui
991 1733 1416 1815 adorationem‘
1463 1733 1802 1788 attraheret.
1863 1733 2081 1789 Verum
2115 1756 2159 1810 Β

431 1822 750 1878 excacavit
785 1821 916 1876 illos
947 1821 1192 1885 invidia,
1221 1820 1542 1891 statimque
1596 1819 1920 1884 audientes,
1965 1824 2082 1875 tur-

430 1909 889 1981 batisuntquasi
904 1910 1199 1976 timentes,
1216 1924 1290 1963 ne
1320 1908 1466 1963 forte
1491 1907 1742 1963 salutem
1759 1923 2084 1980 conseque-

429 2002 653 2054 rentur.
684 2001 872 2054 Persa
896 2013 1037 2054 vero
1063 2014 1190 2052 cum
1209 2002 1403 2052 essent
1423 1996 1705 2062 extranei,
1739 2013 1862 2052 non
1889 1997 2082 2053 solum

428 2089 577 2143 Nato
608 2102 730 2142 non
769 2085 1144 2152 inviderunt;
1175 2086 1297 2142 imo
1345 2102 1382 2142 a
1418 2084 1633 2140 ﬁnibus
1663 2102 1786 2142 sua
1822 2086 2080 2156 regionis

430 2190 622 2246 usque
679 2174 974 2230 Bethleem
1028 2179 1268 2246 propter
1314 2190 1454 2231 eum
1517 2178 1825 2230 venerunt.
1891 2173 2082 2229 Judai

427 2268 631 2319 autem
670 2279 808 2319 cum
846 2269 1044 2319 essent
1073 2263 1331 2332 cognati,
1358 2262 1536 2319 etiam
1563 2263 1764 2333 gloria
1812 2263 1942 2334 ejus
1997 2263 2081 2318 in-

426 2351 720 2421 viderunt,
747 2367 822 2408 ne
849 2351 994 2408 forte
1032 2368 1290 2423 magnus
1329 2352 1562 2408 futurus
1602 2355 1804 2407 esset:
1837 2355 1894 2407 et
1941 2366 2080 2407 cum

426 2435 729 2492 Bethleem
779 2451 965 2508 prope
1007 2435 1314 2502 haberent,
1369 2437 1449 2492 ita
1487 2435 1675 2491 invidi
1721 2435 1960 2491 fuerunt
2010 2451 2080 2491 ac

426 2521 600 2597 pigri,
635 2529 698 2580 ut
727 2525 804 2581 ad
829 2540 965 2580 eam
990 2541 1112 2580 non
1135 2525 1484 2580 accederent
1520 2525 1617 2595 (c).

497 2615 656 2668 Vers.
707 2616 766 2669 4.
826 2613 900 2668 Et
957 2612 1661 2684 congregatis—Christus
1713 2619 2074 2669 nasceretur.

423 2701 604 2773 Atqui
628 2701 776 2773 Magi
826 2717 950 2757 non
993 2701 1273 2757 dixerunt
1315 2717 1380 2757 se
1420 2700 1713 2756 Christum
1765 2716 2031 2773 quarere
2064 2723 2076 2766 ;

425 2805 533 2846 cur
571 2789 747 2859 igitur
804 2789 1061 2846 Herodes
1103 2789 1177 2845 de
1233 2788 1463 2845 Christo
1517 2789 1900 2859 interrogat?
1939 2789 2082 2862 quia

419 2877 788 2950 jamdudum
819 2877 1115 2942 audiebat,
1145 2877 1206 2932 in
1236 2877 1511 2949 proximo
1554 2879 1923 2934 nasciturum
1953 2893 2080 2934 esse

424 2965 719 3023 Christum
749 2981 951 3037 regem
983 2965 1179 3036 Israel,
1227 2965 1540 3038 statimque
1570 2967 1821 3022 audiens
1873 2967 1933 3022 in
1986 2969 2081 3022 Ju-

425 3055 558 3112 daa
621 3061 834 3111 natum
894 3071 1021 3110 esse
1098 3069 1321 3125 regem,
1385 3060 1442 3110 et
1493 3054 1656 3127 quod
1704 3055 1856 3112 hunc
1913 3055 2080 3111 stella

425 3143 617 3199 Persis
647 3143 988 3208 indicasset,
1027 3142 1308 3198 intellexit
1350 3159 1487 3198 eum
1510 3159 1658 3210 esse,
1689 3144 1792 3216 qui
1845 3144 2078 3200 diceba-

425 3236 522 3288 tur
577 3231 846 3288 Christus
882 3237 977 3298 ;et
1006 3236 1296 3288 convocat
1354 3232 1650 3305 principes
1707 3233 2076 3290 sacerdotum

423 3337 496 3378 ac
523 3321 772 3386 scribas,
809 3325 1002 3393 utpote
1051 3321 1206 3377 dicta
1247 3321 1616 3393 prophetica,
1668 3321 1972 3393 librosque
2017 3323 2077 3376 in

422 3424 526 3464 ore
576 3408 884 3475 habentes,
925 3416 980 3464 et
1040 3409 1378 3478 interrogat,
1427 3410 1528 3464 ubi
1569 3409 1832 3464 Christus
1877 3424 2078 3464 nasce-

421 3499 604 3560 retur,
645 3497 756 3551 hoc
795 3501 902 3563 est,
954 3496 1015 3551 in
1047 3513 1169 3567 quo
1209 3502 1376 3552 terra
1431 3497 1559 3552 loco
1599 3497 1936 3551 nasciturus
1993 3497 2076 3551 in-

420 3582 737 3639 veniretur.
802 3581 887 3636 Illi
936 3599 1076 3639 vero
1124 3588 1181 3638 et
1221 3584 1424 3640 locum
1475 3583 1701 3648 dicunt,
1764 3589 1821 3638 et
1867 3587 2076 3639 testem

423 3671 606 3728 citant
633 3670 1012 3742 prophetam.
1072 3671 1226 3729 Scire
1255 3677 1455 3729 autem
1491 3676 1742 3745 oportet,
1775 3672 1932 3746 quod
1972 3689 2076 3729 no-

420 3758 695 3817 minatim
727 3756 1009 3818 Christum
1040 3776 1168 3819 esse
1189 3763 1395 3828 Deum,
1429 3762 1654 3820 cateris
1697 3761 2075 3818 manifestius

422 3848 657 3922 scripsit
687 3848 916 3908 Daniel.

2207 490 2266 544 δίε
2327 497 2606 568 περιέμενε,
2665 497 2795 566 πρὸς
2842 499 2935 551 τήν
2986 498 3172 565 χρείαν
3239 492 3404 544 αὐτῶν
3461 495 3553 550 τὴν
3617 493 3812 544 ἑαυτοῦ

2203 585 2507 653 ποιούμενος
2569 587 2800 640 κίνησιν,
2881 587 3155 654 Τέταρτον,
3225 580 3324 634 ἀπὸ
3390 588 3480 633 τοῦ
3557 577 3807 652 βαδιζειν

2205 689 2476 744 πρόσγεια·
2538 671 2596 722 ού
2648 673 2749 745 γὰρ
2817 670 2876 722 ἄν
2930 667 3093 733 ἔδειξε
3145 673 3202 722 τὸ
3250 670 3363 742 (35)
3419 669 3690 733 σπήλαιον,
3754 669 3805 722 εἰ

2201 758 2576 832 παραπλησίως
2614 766 2717 819 τοῖς
2779 757 2951 820 ἄλλοις
3005 757 3262 832 ἆστρασιν
3310 758 3508 828 ὑψηλὸς
3560 756 3790 831 ἐφέρετο.

2203 846 2364 907 Οὗτος
2396 843 2473 914 δὲ,
2508 847 2660 900 ἐλθὼν
2692 850 2815 905 ἔστη
2845 849 3032 917 ἔπάνω,
3062 847 3122 900 οὗ
3155 844 3215 906 ἦν
3243 850 3301 899 τὸ
3336 843 3568 899 παιδίον.

2269 1025 2525 1085 Ἀκούσας
2572 1021 2630 1078 δὲ
2678 1057 2744 1066 —-
2774 1025 2885 1097 μετ’
2933 1025 3112 1080 αὐτοῦ.
3146 1024 3204 1076 Ὀ
3245 1027 3335 1096 μεν
3386 1020 3629 1098 Ἢρώδης
3671 1023 3796 1076 ἐτα-

2199 1114 2401 1188 ράχθη,
2444 1110 2714 1176 δειλιάσας
2750 1119 2868 1188 περὶ
2921 1123 3016 1174 τῆς
3056 1113 3328 1186 βασιλείας
3377 1113 3559 1165 ἑαυτοῦ
3605 1132 3658 1166 τε
3705 1118 3800 1166 καὶ

2199 1211 2298 1253 τῶν
2345 1199 2548 1254 παίδων
2593 1202 2772 1256 αὐτοῦ.
2822 1208 2977 1254 Πᾶσα
3024 1199 3083 1255 δι
3129 1205 3158 1261 ἡ
3216 1201 3378 1271 πόλις,
3434 1203 3464 1260 ἡ
3506 1201 3794 1274 καλουμένη

2197 1288 2547 1364 Ἰεροσόλυμα,
2600 1287 2746 1342 διατί
2785 1293 3098 1365 τετάρακται
3131 1307 3144 1356 ;
3177 1296 3350 1342 καίτοι
3379 1295 3588 1362 χαίρειν
3632 1291 3798 1349 αὐτὴν

2198 1373 2304 1430 ἔδει
2359 1378 2568 1450 μᾶλλον,
2622 1381 2700 1432 ὅτι
2758 1378 2998 1450 ἐγεννήθη
3051 1379 3227 1440 αὐτοῖς
3303 1377 3572 1451 βασιλεὺς,
3639 1380 3692 1430 ὃν
3749 1381 3802 1431 οἱ

2158 1519 2160 1522 ,
2195 1476 2460 1540 προφῆται
2511 1466 2673 1519 πάλαι
2723 1467 3170 1540 προκατήγγειλαν
3201 1475 3414 1542 Σωτῆρα
3452 1472 3541 1519 καὶ
3580 1473 3800 1539 Λυτρω-

2195 1559 2288 1612 τήν
2341 1562 2431 1607 τοῦ
2480 1555 2711 1630 Ἰσραὴλ,
2761 1561 2850 1608 καὶ
2889 1555 3368 1627 ἐγκαλλωπίζεσθαι
3404 1557 3471 1617 ὡς
3523 1556 3637 1628 (36)
3671 1575 3801 1627 συγ-

2193 1650 2370 1714 γενεῖς,
2414 1645 2493 1696 ὅτι
2528 1645 2678 1705 εὐθὺς
2718 1643 2772 1696 ἐκ
2806 1646 3116 1719 σπαργάνων
3147 1647 3268 1706 τούς
3313 1648 3519 1717 Πέρσας
3565 1643 3796 1696 εἵλκυσεν

2194 1730 2262 1791 εἰς
2313 1735 2700 1806 προσκύνησιν·
2749 1732 2856 1784 ἀλλ’
2911 1735 2942 1790 ἡ
2997 1731 3264 1805 βασκανία
3327 1731 3640 1804 τετύφλωκεν
3700 1731 3794 1784 αύ-

2194 1823 2335 1883 τούς,
2366 1825 2456 1872 καὶ
2501 1821 2647 1881 εὐθὺς
2695 1819 3004 1883 ἀκούσαντες
3059 1820 3453 1894 ἐταράχθησαν,
3495 1823 3668 1893 ὥσπερ
3706 1817 3791 1872 δε-

2193 1904 2446 1974 δοικότες,
2506 1914 2698 1982 μήποτε
2754 1915 3015 1983 σωτηρίας
3067 1913 3330 1981 τύχωσιν,
3401 1908 3536 1961 Αλλὰ
3591 1912 3790 1982 Πέρσαι

2190 1999 2301 2068 μὲν,
2361 1996 2643 2070 ἀλλογενείς
2695 2002 2850 2069 ὄντες,
2905 1999 2963 2050 ού
3023 2003 3173 2070 μόνον
3227 1998 3321 2050 ούκ
3383 1997 3668 2070 ἐφθόνησαν
3716 2006 3787 2068 τῷ

2189 2087 2504 2157 γεννηθέντι,
2547 2084 2673 2138 ἀλλὰ
2716 2091 2804 2139 καὶ
2833 2085 2932 2139 ἀπὸ
2983 2094 3082 2139 τῶν
3113 2088 3343 2160 περάτων
3373 2095 3464 2147 τῆς
3489 2086 3786 2158 οἰκουμένης

2189 2177 2353 2248 μέχρι
2402 2182 2495 2237 τῆς
2548 2175 2772 2247 Βηθλεὲμ
2823 2173 2976 2234 ἦλθον
3035 2172 3108 2228 δι’
3162 2175 3340 2231 αὐτόν.
3406 2171 3650 2228 Ἰονδαῖοι
3705 2171 3784 2240 δὲ,

2193 2270 2460 2334 συγγενεῖ;
2497 2266 2864 2335 τυγχάνοντες,
2901 2269 2990 2317 καὶ
3019 2266 3304 2336 ἐφθόνησαν
3333 2263 3473 2334 αύτῷ
3497 2272 3588 2324 τῆς
3606 2261 3784 2330 δόξης,

2191 2351 2234 2404 εἰ
2260 2351 2432 2424 μέλλοι
2461 2355 2620 2424 μέγας
2646 2355 2880 2422 ἔσεσθαι,
2907 2357 2995 2405 καὶ
3021 2358 3114 2412 τήν
3140 2353 3366 2425 Βηθλεὲμ
3394 2351 3539 2425 ἐγγὺς
3560 2355 3786 2424 ἔχοντες,

2190 2439 2284 2491 ούκ
2362 2439 2616 2498 ἀπῆλθον.
2729 2443 2879 2494 Ούτω
2965 2446 3054 2494 καὶ
3139 2444 3372 2517 φθονεροὶ
3477 2438 3608 2500 ἦσαν
3699 2446 3788 2494 καὶ

2194 2526 2430 2600 ὀκνηροί.

2264 2620 2364 2668 Καὶ
2424 2623 2731 2690 συναγαγὼν
2785 2647 2852 2660 —
2928 2619 2953 2670 6
3043 2621 3275 2692 Χριστὸς
3351 2623 3608 2689 γεννᾶται.
3687 2622 3787 2671 Καὶ

2189 2708 2292 2776 μήν
2336 2707 2384 2756 οἱ
2434 2708 2608 2777 Μάγοι
2659 2707 2751 2758 ούκ
2795 2703 2954 2772 εἷπον,
2989 2709 3069 2759 ὅτι
3125 2711 3210 2758 τὸν
3268 2710 3494 2780 Χριστόν
3529 2710 3775 2769 ζητοῦσι.

2190 2799 2306 2854 Πῶς
2337 2789 2423 2845 οὖν
2467 2796 2492 2845 ό
2537 2791 2778 2868 Ἡρώδης
2831 2800 2945 2870 περὶ
2999 2802 3090 2847 τοῦ
3141 2802 3372 2867 Χριστοῦ
3405 2793 3607 2868 ἐρωτᾷ,
3645 2799 3787 2847 Διότι

2188 2881 2349 2934 πάλαι
2416 2882 2616 2948 ήκουεν,
2693 2885 2772 2935 ὅτι
2837 2884 3004 2956 μέλλει
3065 2885 3375 2955 γεννηθῆναι
3445 2885 3470 2934 ό
3557 2888 3786 2956 Χριστὸς

2190 2969 2437 3042 βασιλεὺς
2471 2979 2562 3022 τοῦ
2601 2971 2832 3045 Ἰσραήλ,
2881 2977 2968 3023 καὶ
3021 2972 3167 3031 εὐθὺς
3208 2969 3456 3036 ἀκούσας,
3506 2972 3581 3024 ὅτι
3623 2971 3785 3044 βασι-

2187 3057 2300 3120 λεὺς
2357 3057 2592 3130 ἐγεννήθη
2661 3058 2708 3111 έν
2778 3057 3031 3132 Ἰουδαίᾳ,
3091 3065 3181 3112 καὶ
3252 3062 3332 3112 ὅτι
3384 3058 3552 3134 ἀστήρ
3607 3068 3784 3113 τοῦτον

2188 3150 2416 3220 Πέρσαις
2473 3145 2714 3218 ἐμήνυσε,
2767 3156 3006 3215 συνῆκεν,
3066 3149 3146 3200 ὅτι
3198 3145 3343 3208 οὗτος
3386 3147 3524 3200 ἐστιν
3570 3150 3594 3199 ὀ
3641 3146 3784 3220 λεγό-

2185 3253 2335 3307 μενος
2391 3239 2644 3308 Χριστός,
2715 3241 2804 3288 καὶ
2879 3236 3128 3306 συγκαλεί
3205 3240 3322 3297 τοὺς
3351 3235 3613 3310 ἀρχιερεῖς
3696 3241 3785 3288 καὶ

2186 3327 2306 3384 τοὺς
2361 3329 2704 3396 Γραμματεῖς,
2767 3327 2837 3386 ὡς
2889 3323 2983 3385 τὰς
3030 3328 3353 3399 προφητικάς
3416 3323 3632 3396 βιϐλους
3696 3329 3785 3377 καὶ

2183 3411 2366 3485 ῥήσεις
2399 3411 2516 3484 (37)
2551 3409 2643 3464 διὰ
2681 3417 2934 3485 στόματος
2987 3432 3220 3484 εχοντας,
3275 3419 3364 3465 καὶ
3423 3409 3647 3486 διερωτᾲ
3683 3421 3784 3465 ποῦ

2186 3501 2211 3551 ό
2268 3504 2497 3574 Χριστὸς
2548 3508 2807 3572 γεννᾶται,
2864 3505 3144 3572 τουτέστιν,
3207 3500 3254 3553 έν
3308 3507 3441 3573 ποίῳ
3490 3507 3632 3572 τόπῳ
3691 3510 3786 3562 τῆς

2183 3595 2285 3659 γῆς
2333 3590 2647 3661 εὑρίσκεται,
2703 3592 2783 3642 ὅτι
2837 3596 3094 3662 γεννᾶται·
3152 3593 3201 3642 οἱ
3253 3587 3311 3642 δὲ
3359 3595 3448 3642 καὶ
3502 3593 3589 3641 τόν
3627 3594 3783 3642 τόπον

2182 3675 2414 3748 λέγουσι,
2455 3683 2542 3729 καὶ
2577 3680 2821 3753 μάρτυρα
2867 3679 3170 3752 παράγουσι
3202 3681 3286 3731 τόν
3339 3683 3628 3750 προφήτην.
3664 3683 3777 3753 Χρὴ

2186 3761 2245 3818 δὲ
2304 3770 2596 3837 γινώσκειν,
2651 3769 2729 3820 ὅτι
2785 3766 3033 3838 ὀνομαστὶ
3083 3766 3196 3838 (38)
3259 3769 3488 3840 Χριστὸν
3541 3770 3627 3818 τὸν
3660 3774 3785 3842 Χριο

2187 3856 2306 3906 στὸν
2365 3861 2705 3930 φανερώτερον
2779 3863 2879 3907 τῶν
2938 3853 3101 3907 ἄλλων
3173 3862 3447 3928 προφητῶν
3506 3856 3532 3906 ό
3593 3853 3783 3913 Δανιὴλ

2185 3940 2491 4015 ἀνέγραψεν.

2255 4033 2322 4084 Οἱ
2351 4027 2410 4083 δε
2437 4059 2507 4071 --
2555 4030 2788 4104 Ἰσραήλ.
2831 4036 3072 4103 Μιχαίου
3112 4034 3200 4104 μεν
3231 4033 3261 4090 ἠ
3295 4035 3605 4106 προφητεία,
3651 4033 3782 4084 καθ-

2183 4123 2248 4179 ὼς
2314 4117 2546 4191 ἀνωτέρω
2619 4116 3007 4192 δεδηλώκαμεν
3071 4119 3454 4193 ἀπαγγέλλουσι
3503 4117 3562 4172 δὲ
3619 4120 3782 4178 αὐτὴν

2183 4206 2295 4258 κατ’
2353 4205 2597 4278 ἐπιτομήν
2652 4206 2700 4259 οἱ
2757 4207 3024 4282 ἀρχιερεῖς
3079 4213 3169 4260 καὶ
3223 4215 3576 4281 Γραμματεῖς.
3646 4208 3786 4283 Ὀρα

493 4027 655 4084 Vers.
677 4027 731 4082 5.
745 4026 795 4080 A
807 4031 826 4080 ι
839 4026 1178 4082 illi—Vers.
1195 4027 1249 4081 6.
1266 4027 1474 4085 Israel.
1487 4027 1746 4084 Michaa
1761 4030 2076 4102 prophetia

419 4118 525 4182 est,
566 4120 630 4171 ut
653 4113 1063 4186 pradiximus.
1115 4115 1380 4170 Recitant
1436 4120 1635 4170 autem
1687 4117 1882 4187 ipsam
1929 4135 2076 4190 pon-

418 4201 611 4260 tiﬁces
662 4208 720 4257 et
754 4201 958 4256 scriba
1013 4201 1126 4256 sub
1182 4203 1634 4273 compendium.
1701 4203 1844 4260 Vide
1909 4222 2070 4276 ergo,

419 4305 555 4362 qua
580 4289 640 4345 in
665 4288 908 4344 laudem
942 4288 1239 4345 Bethleem
1271 4290 1554 4345 Dominus
1578 4307 1684 4362 per
1713 4292 2074 4364 prophetam

2190 4291 2264 4361 δὲ,
2302 4295 2455 4346 ὁποῖα
2488 4301 2605 4369 περὶ
2659 4303 2750 4356 τῆς
2797 4296 3024 4369 Βηθλεὲμ
3073 4293 3166 4349 διὰ
3210 4305 3302 4349 τοῦ
3356 4302 3620 4372 προφήτου
3659 4315 3786 4370 προ-

419 4377 888 4436 annuntiaverit.
948 4378 1088 4441 Etsi,
1129 4379 1343 4451 inquit,
1385 4379 1513 4435 vilis
1553 4397 1812 4453 appares
1859 4383 1938 4439 ad
1987 4401 2075 4441 as-

2190 4389 2502 4455 ανεφώνησεν
2538 4386 2562 4435 ό
2625 4389 2776 4452 Θεὸς,
2833 4388 2911 4438 ὅτι
2966 4386 3026 4438 Εἰ
3077 4390 3164 4438 καὶ
3221 4389 3278 4438 τὸ
3337 4392 3631 4458 φαινόμενον
3695 4385 3784 4437 εύ-

417 4471 680 4539 pectum,
708 4471 1001 4538 quantum
1031 4472 1230 4522 tamen
1270 4469 1349 4524 ad
1376 4468 1456 4534 id,
1507 4469 1672 4543 quod
1703 4472 1904 4528 animo
1935 4489 2074 4530 con-

2190 4472 2330 4534 τελής
2377 4473 2426 4525 εἴ
2486 4473 2622 4544 (39),
2677 4472 2804 4526 ἀλλὰ
2850 4493 2907 4546 γε
2954 4479 3011 4526 τό
3064 4455 3352 4546 νοούμενον.
3380 4455 3778 4545 ούκήὲλαχίστη

417 4552 651 4627 cipitur,
721 4571 844 4610 non
905 4571 967 4610 es
1013 4555 1261 4614 minima
1303 4557 1452 4612 inter
1521 4559 1820 4631 principes
1889 4561 2072 4620 tribus

2190 4581 2260 4623 τις
2340 4561 2601 4634 ὑπάρχεις
2669 4561 2717 4615 ἄν
2788 4562 2930 4624 ὅλαις
2985 4571 3101 4624 ταῖς
3177 4565 3475 4636 ἡγεμονίαις
3536 4570 3626 4622 τῆς
3686 4571 3779 4614 τοῦ

415 4644 595 4702 Juda.
641 4642 930 4711 Qualibet
987 4661 1249 4718 namque
1287 4645 1474 4702 tribus
1510 4647 1772 4704 diversos
1809 4647 2072 4708 habebat

2196 4647 2358 4704 Ιούδα
2404 4650 2582 4723 φυλῆς.
2636 4651 2861 4709 Ἑκάστη
2930 4654 3030 4727 γὰρ
3099 4651 3228 4722 φυλή
3294 4649 3580 4726 διαφόρους
3640 4648 3780 4723 εἶχεν

414 4734 473 4790 in
506 4734 760 4806 propriis
800 4734 1129 4790 civitatibus
1186 4735 1507 4808 principes.
1556 4739 1623 4793 Et
1682 4753 1814 4794 vere
1873 4740 2071 4796 nomi-

2190 4739 2458 4812 ᾗγεμονίας
2513 4739 2563 4792 ἐν
2620 4747 2731 4800 ταῖς
2780 4739 2990 4800 οἰκείαις
3044 4740 3246 4799 πόλεσι.
3302 4746 3402 4794 Καὶ
3454 4741 3610 4803 ὅντως
3667 4741 3779 4793 ὀνο-

415 4823 734 4881 natissima
760 4821 870 4880 fuit
909 4829 1042 4896 post
1072 4823 1394 4882 Salvatoris
1451 4824 1851 4885 Nativitatem.
1915 4829 2070 4894 Quo-

2190 4827 2477 4888 καστοτάτη
2527 4830 2724 4901 γέγονε,
2777 4831 2910 4902 μετὰ
2953 4834 3047 4888 τήν
3097 4832 3334 4903 γέννησιν
3383 4837 3474 4884 τοῦ
3509 4837 3770 4903 Σωτῆρος.

1626 5001 1849 5071 Varia
1879 5002 2207 5073 lectiones
2256 5013 2322 5073 et
2360 5015 2562 5074 nota.

487 5168 602 5254 (ἓᾷ)
644 5168 883 5230 Καλύϐην
914 5167 1172 5254 appellat
1217 5170 1616 5254 Chrysostom.
1652 5173 1844 5254 ικγιῐ,
1882 5190 1922 5246 p
1944 5177 2016 5254 8__8
2048 5193 2062 5243 ;

2190 5178 2640 5254 Hortamen‘est
2669 5174 2950 5254 ἀλλογενεῖς
2981 5181 3040 5254 et
3075 5194 3278 5236 rursus
3311 5186 3597 5254 συγγενεῖς.

411 5241 705 5320 κατάλυμα,
741 5259 845 5298 seu
896 5241 1429 5320 diversoriumtide
1463 5260 1579 5320 suq
1615 5241 1847 5320 videtur
1882 5241 2066 5320 'adjeL

2243 5252 2358 5320 (37)
2399 5252 2499 5300 Καὶ
2525 5244 2718 5320 ῥήσεις,
2753 5241 2971 5305 omittit
2999 5249 3065 5304 A.

411 5314 568 5393 cis-se
579 5312 875 5393 interpres
914 5313 1256 5393 Hentenius.
1300 5314 1451 5393 _V_ide
1491 5313 1641 5371 infra
1671 5316 1749 5393 ad
1786 5331 1938 5372 vers.
1978 5312 2058 5393 il.
2396 5312 2713 5375 Hentenius
2746 5320 2978 5393 videtur
3015 5320 3227 5393 legisse
3266 5327 3416 5380 Θεὸν.

484 5383 596 5458 (36)
630 5386 713 5440 Ita
742 5383 1057 5458 interpres.
1094 5385 1314 5456 Conjici
1338 5390 1536 5444 tamen
1557 5387 1770 5459 possit,
1801 5392 2058 5460 συγγενεῖ.

2241 5383 2357 5464 (39)
2401 5395 2594 5458 Δοκεῖς,
2619 5405 2729 5464 pro
2760 5392 2824 5446 εἴ.
2863 5398 2926 5447 Δ.

481 5532 551 5616 (ο)
577 5533 953 5593 Accederent.
985 5533 1229 5593 Videtur
1250 5533 1467 5610 legisse
1497 5533 1744 5611 ἐπῆλθον,
1775 5536 1943 5612 quod
1969 5550 2084 5595 non

2192 5535 2423 5618 splicet.
