4166 6314
284 322 363 383 iii

282 453 516 505 Ἐκάστοτε
569 448 665 518 γὰρ
734 446 791 497 ἐκ
826 447 1059 518 περάτων
1122 454 1216 508 τῆς
1273 447 1574 519 οἰκουμένης
1651 452 1835 522 ἔρχον-
1863 449 1909 502 Α

280 559 349 591 ται
378 539 558 594 ταύτην
600 535 863 607 ὀψόμενοι,
914 540 1003 587 καὶ
1051 540 1502 609 προσκυνήσοντες
1531 541 1614 588 τόν
1658 542 1832 606 τόπον,

272 629 372 680 ἔνθα
428 627 452 676 ὁ
506 628 729 695 Χριστός
796 628 1116 694 γεγέννηται,
1171 621 1297 676 Εἶτα
1357 627 1540 682 τίθησι
1592 631 1680 678 καὶ
1740 632 1834 685 τὴν

270 715 420 767 αἰτίαν
484 722 578 773 τῆς
625 709 979 774 ἐνδοξότητος·
1048 714 1128 763 ὅτι
1185 713 1270 766 Ἐκ
1338 721 1430 765 σοῦ
1497 713 1833 785 ἐξελεύσεται,

265 806 409 854 ιῖτουν
442 800 743 873 βλαστήσει,
790 802 1087 872 ἡγούμενος.
1141 800 1449 872 Ἠγούμενον
1505 800 1564 854 δὲ
1599 804 1709 875 (40)
1746 810 1834 857 καὶ

260 894 462 960 noctisve
517 888 719 941 61663.26;
778 893 864 940 τόν
922 888 1160 961 βασιλέα.
1210 889 1267 942 Ὀ
1320 893 1420 963 γὰρ
1484 897 1716 964 Χριστός
1774 890 1834 950 ἦν

256 980 337 1049 μὲν
379 979 487 1049 (41)
538 976 804 1048 βασιλεὺς,
856 983 945 1029 καὶ
997 981 1066 1039 ὡς
1114 982 1263 1038 Θεὸς.
1312 978 1371 1030 Ἠ
1422 978 1667 1051 βασιλεία
1707 984 1831 1053 γὰρ,

262 1070 431 1137 φησιν,
496 1068 525 1122 η
560 1064 651 1138 ἐμὴ
686 1066 778 1118 οὐκ
830 1068 967 1118 ἔστιν
1013 1065 1066 1116 ἐκ
1124 1073 1214 1118 τοῦ
1268 1072 1468 1138 κόσμου
1515 1071 1718 1119 τούτου·
1772 1067 1832 1125 ἧν

258 1150 311 1205 δὲ
349 1158 453 1219 καὶ,
480 1156 548 1213 ὡς
597 1156 884 1225 ἄνθρωπος.
946 1152 1070 1225 Εἶχε
1122 1158 1222 1228 γὰρ
1282 1157 1408 1226 ξογα
1456 1154 1734 1227 βασιλέως,
1775 1160 1832 1209 τὸ

252 1244 521 1313 νομοθετεῖν
580 1250 689 1302 τοὶς
744 1244 992 1302 ὑπηκόοις
1058 1242 1235 1309 αὐτοῦ,
1297 1247 1354 1294 τό
1409 1245 1702 1317 ῥυθμίζειν,
1774 1249 1832 1297 τό

251 1336 511 1404 περιέπειν,
586 1334 644 1382 τό
717 1333 1192 1402 ύπεραποθνὴσκειν
1247 1331 1437 1397 αὐτῶν,
1502 1332 1537 1383 ά
1602 1332 1835 1404 μάλιστα

250 1420 699 1491 χαρακτηρίζουσι
739 1424 825 1470 τόν
854 1418 1018 1477 ἀληθῆ
1054 1417 1295 1491 βασιλέα.
1325 1424 1394 1473 T6
1424 1423 1525 1494 ’γὰρ
1567 1418 1830 1493 διάδημα,

252 1512 331 1559 καὶ
375 1508 403 1564 ἡ
444 1512 718 1579 πορφυρὶς,
775 1512 864 1560 καὶ
902 1510 969 1559 τόι
1012 1516 1252 1578 τοιαῦτα,
1298 1511 1459 1580 τύφου
1508 1509 1697 1581 μᾶλλον
1747 1515 1835 1563 καὶ

255 1594 533 1658 ἀλαζονείας
562 1596 685 1649 εἰσί.

316 1689 408 1736 Καὶ
448 1692 557 1743 πῶς
593 1681 723 1735 εἶπεν
777 1683 931 1735 αὐτόν
978 1689 1196 1757 ποιμένα
1248 1692 1339 1737 τοῦ
1393 1686 1642 1760 Ἰσραήλ;
1697 1690 1837 1758 σύμ-

1227 318 1597 378 COMMFNT.
1638 316 1711 379 ΙΝ
1750 320 2201 379 ΜΑΤΤΗᾸΞΗΜ.
2235 352 2303 361 -
2328 321 2482 377 CAP.
2513 322 2582 377 II.

3495 327 3599 383 142

1945 447 2086 503 tidie
2136 447 2295 503 enim
2348 447 2427 504 ab
2485 446 2766 503 universo
2835 447 2982 504 orbe
3041 448 3349 515 accedunt,
3401 449 3595 522 ipsam

1945 537 2147 603 visuri,
2179 536 2521 608 locumque,
2569 536 2673 591 ubi
2724 538 2985 593 Christus
3041 543 3222 595 natus
3254 542 3361 605 est,
3386 539 3598 597 adora-

1944 624 2077 680 turi.
2131 625 2349 680 Deinde
2399 640 2637 694 magnas
2687 626 2859 682 fama;
2921 642 2991 682 ac
3040 627 3303 684 nominis
3351 644 3596 684 causam

1942 714 2144 785 ponit:
2182 716 2279 769 Ea:
2308 720 2362 770 te
2408 713 2562 770 enim
2618 713 2814 781 exibit,
2863 715 2977 770 hoc
3006 720 3110 781 est,
3141 721 3419 773 nascetur
3443 719 3592 774 dux.

1945 804 2163 857 Ducem
2196 808 2396 858 autem
2437 818 2507 858 ac
2572 809 2876 873 pastorem
2927 803 3048 859 sive
3107 809 3416 872 rectorem,
3451 807 3597 863 dixit

1942 904 2164 960 regem.
2215 894 2361 946 Nam
2421 890 2681 946 Christus
2735 896 2791 946 et
2840 892 3173 948 secundum
3230 894 3594 951 divinitatem

1942 981 2061 1033 Rex
2112 984 2275 1047 erat;
2332 980 2596 1048 Regnum
2646 979 2772 1052 (ait)
2830 995 3020 1037 meum
3076 997 3195 1036 non
3236 988 3321 1038 est
3368 997 3442 1039 ex
3486 983 3595 1040 hoc

1940 1069 2157 1123 mundo
2184 1070 2263 1133 '9;
2295 1072 2353 1122 et
2393 1068 2726 1123 secundum
2784 1068 3223 1125 humanitatem
3252 1085 3266 1123 :
3298 1070 3598 1141 siquidem

1943 1156 2096 1225 regis
2129 1156 2442 1212 exercebat
2463 1172 2668 1228 opera,
2697 1156 2857 1228 leges
2884 1156 3156 1213 videlicet
3177 1157 3433 1213 subditis
3453 1173 3600 1213 con-

1942 1245 2112 1309 dens,
2147 1245 2447 1315 corrigens
2504 1245 2632 1300 illos
2682 1262 2749 1301 ac
2803 1245 3037 1312 fovens,
3091 1249 3148 1301 et
3196 1261 3303 1316 pro
3361 1246 3444 1301 eis
3475 1261 3598 1301 mo-

1940 1333 2297 1404 riens:quaa
2356 1334 2618 1388 maxime
2659 1349 2819 1399 eum,
2871 1334 2976 1404 qui
3028 1349 3161 1389 vere
3212 1349 3315 1389 rex
3346 1337 3459 1401 est,
3512 1334 3599 1388 in-

1945 1420 2231 1491 signiunt.
2285 1422 2569 1478 Diadema
2614 1423 2776 1477 enim
2807 1429 2864 1478 et
2920 1437 3211 1493 purpura,
3239 1421 3594 1495 reliquaque

1944 1509 2179 1576 similia,
2209 1510 2399 1567 fastus
2431 1511 2625 1581 magis
2659 1514 2799 1566 sunt
2829 1515 2884 1566 et
2914 1512 3302 1583 arrogantiae.

2018 1687 2331 1752 Quomodo
2369 1691 2571 1743 autem
2623 1703 2762 1743 eum
2808 1686 2960 1743 dixit
3003 1691 3309 1759 pastorem
3354 1686 3478 1744 sive
3507 1702 3595 1743 re-

254 1792 408 1824 πασαν
466 1775 572 1844 γὰρ
621 1776 713 1829 τὴν
792 1772 1092 1844 οἰκουμένην
1166 1774 1429 1845 ἐποίμανε.
1494 1782 1647 1842 Πώς;
1726 1775 1836 1829 Ἵνα

1947 1779 2167 1831 ctorem
2196 1775 2373 1831 Israel
2404 1776 2748 1847 (utrumque
2796 1775 2957 1831 enim
3008 1776 3306 1846 signiﬁcat
3340 1776 3599 1831 verbum

255 1866 314 1932 μὴ
372 1857 829 1913 σκανδαλισθῶσιν
892 1858 1165 1926 Ἰουδαῖοι,
1228 1866 1291 1923 ὡς
1348 1860 1514 1935 μηδέν
1581 1884 1633 1915 τι
1686 1864 1835 1917 πλέον

258 1957 343 2000 τῶν
384 1949 549 2001 ἄλλων
580 1952 806 2020 ἔχοντες,
856 1948 960 2001 ἀλλ’
1004 1952 1084 2002 ἶνα
1113 1950 1301 2021 μᾶλλον
1357 1954 1555 2022 ἔχωσιν
1601 1951 1835 2025 ἀφορμὴν

258 2038 570 2102 οἰκειωσεως,
599 2039 706 2089 ἐπεὶ
753 2043 839 2089 καὶ
902 2037 954 2100 ἐξ
1020 2038 1187 2090 αὐτῶν
1223 2038 1529 2110 ἐϐλάστησε,
1578 2046 1667 2092 καὶ
1713 2042 1835 2115 παρ’

254 2126 408 2187 αὐτοῖς
459 2127 581 2200 (42)
613 2125 871 2197 ἐγεννήθη.
915 2127 974 2179 Εἰ
1032 2124 1090 2179 δέ
1130 2147 1211 2189 τις
1240 2130 1394 2180 εἴποι·
1448 2133 1548 2181 Καί
1596 2138 1703 2190 πῶς
1741 2131 1835 2181 οὐκ

250 2213 504 2285 ἐποίμανεν
580 2215 692 2286 (43)
746 2215 963 2283 αύτούς;
1029 2216 1172 2267 οὗτοι
1235 2219 1337 2289 ’γὰρ
1391 2217 1521 2269 εἰσιν
1600 2218 1832 2291 Ἰσραηλ⁶

245 2300 467 2369 ἀκούσει,
521 2304 604 2355 ὅτι
659 2309 745 2354 καὶ
810 2312 960 2356 τοῦτο
1016 2310 1316 2363 πεποίηκεν.
1395 2304 1549 2357 Ὀσοι
1607 2310 1707 2381 γὰρ
1784 2306 1837 2369 ἐξ

242 2391 401 2442 αὐτῶν
473 2390 811 2459 ἐπίστευσαν,
895 2391 1137 2463 ἐποίμανε
1224 2396 1456 2463 τούτους,
1512 2393 1709 2456 ⁸Ἀλλως
1781 2415 1835 2447 τε

243 2475 317 2547 δὲ,
356 2480 574 2552 Ἰσραήλ
621 2479 733 2531 ἐστι
771 2487 873 2542 πᾶς
901 2478 1049 2541 εἰδὼς
1105 2486 1251 2536 Θιὸν.
1308 2481 1521 2556 ’Ῑσραὴλ
1549 2485 1648 2555 γὰρ
1679 2484 1836 2556 ἑρμη-

240 2571 449 2637 νεύεται,
508 2571 643 2642 ὁρῶν
712 2575 859 2622 Θεόν.
933 2575 1067 2627 Φησὶ
1118 2575 1218 2643 ’γὰρ
1269 2571 1294 2621 ό
1346 2570 1562 2637 Παῦλος,
1609 2573 1689 2623 ὅτι
1758 2573 1834 2623 Οὐ

239 2658 419 2719 πάντες
483 2660 534 2709 οἱ
605 2656 657 2719 ἐξ
711 2658 942 2732 Ἰσραὴλ,
1029 2658 1172 2710 οὗτοι
1244 2658 1472 2731 Ἰσραήλ.
1538 2660 1596 2711 Εἰ
1652 2656 1711 2711 δε
1760 2665 1831 2731 μὴ

240 2748 427 2808 πάντας
483 2750 606 2807 τοὺς
669 2746 938 2819 Ἑϐραίους
1002 2746 1288 2817 ἐποίμαινεν,
1344 2747 1543 2799 ἐκείνων
1607 2746 1719 2800 ἐστὶ
1775 2752 1833 2801 τό

244 2834 489 2907 ἔγκλημα,
551 2841 624 2907 μὴ
694 2835 1015 2892 θελησάντων
1071 2835 1157 2887 ὑπ’
1199 2834 1359 2887 αὐτοῦ
1428 2838 1823 2908 ποιμαίνεσθαι,

247 2926 421 2993 Εἶρηκε
439 2926 566 2997 γάρ·
603 2923 711 2975 Ούκ
753 2922 1068 2989 ἀπεστάλην,
1103 2922 1145 2975 εἰ
1192 2928 1262 2995 μὴ
1294 2924 1361 2984 εἰς
1390 2926 1456 2976 τὰ
1506 2924 1745 2999 πρόϐατα
1770 2929 1835 2978 τὰ

250 3007 543 3063 ἀπολωλότα
568 3015 712 3064 οἴκου
742 3010 978 3086 Ἰσραήλ.
1019 3017 1117 3064 Καὶ
1147 3013 1172 3063 6
1204 3011 1566 3083 εύαγγελιστὴς
1593 3010 1652 3065 δὲ
1675 3034 1833 3085 φησιν

250 3098 491 3169 Ἰωάννης,
545 3102 625 3151 ὃτι
649 3100 738 3161 Εἰς
762 3102 826 3152 τὰ
851 3098 969 3153 ἴδια
998 3096 1138 3169 ἦλθε,
1170 3104 1259 3152 καὶ
1308 3104 1357 3153 οἱ
1406 3098 1538 3154 ἴδιοι
1583 3102 1734 3154 αὐτὸν
1773 3102 1833 3155 ού

242 3187 545 3261 παρέλαϐον.

308 3364 590 3417 Κάνταῦθα
667 3362 726 3417 δὲ
789 3373 1170 3441 κακουργοῦσιν
1248 3363 1499 3419 Ἰουδαῖοι
1577 3366 1830 3439 λέγοντες,

238 3456 312 3505 ὅτι
364 3461 482 3528 περὶ
538 3462 629 3505 τοῦ
680 3453 968 3525 Ζοροϐάϐελ
1017 3452 1125 3506 εἶπε
1190 3462 1356 3507 ταῦτα
1421 3458 1449 3513 ἡ
1512 3462 1823 3528 προφητεία.

238 3547 365 3615 Πρός
404 3543 491 3603 ούς
540 3562 722 3614 φαμεν,
780 3544 859 3593 ὅτι
907 3548 997 3594 καὶ
1050 3547 1150 3615 μὴν
1206 3545 1230 3594 6
1292 3542 1582 3617 Ζοροϐάϐελ
1648 3545 1741 3596 ούκ
1786 3543 1833 3596 ἐν

240 3632 475 3704 Βηθλεὲμ,
540 3630 648 3682 ἀλλ’
693 3630 741 3682 ἐν
787 3630 1049 3683 Βαϐυλῶνι
1103 3635 1423 3703 γεγέννηται.
1471 3637 1536 3684 Σύ
1584 3629 1641 3685 δὲ
1702 3635 1832 3685 θαύ-

240 3740 397 3790 μασον
456 3724 557 3777 την
601 3720 893 3791 οἰκονομίαν
956 3728 1047 3771 τοῦ
1110 3728 1261 3791 Θεοῦ,
1341 3729 1448 3781 πῶς
1514 3725 1834 3793 παρεσκεύα-

242 3827 316 3860 σεν
347 3810 447 3861 ὑπὸ
500 3810 593 3879 μὲν
624 3816 722 3859 τῶν
768 3810 960 3879 Μάγων
1001 3805 1334 3879 διδαχθῆναι
1368 3812 1489 3870 τοὺς
1519 3806 1831 3875 Ἰουδαίους,

240 3897 312 3947 ὅτι
364 3901 456 3948 καὶ
509 3895 678 3969 ἀστὴρ
730 3900 817 3947 τόν
872 3900 1101 3970 Χριστόν
1164 3896 1428 3971 ἐκήρυξεν,
1482 3899 1582 3949 ὑπὸ
1623 3894 1682 3949 δὲ
1735 3905 1834 3948 τῶν

241 3982 506 4038 Ἰουδαίων
562 3989 678 4045 τοὺς
739 3987 973 4057 Μάγους,
1052 3987 1133 4037 ὃτι
1202 3990 1291 4037 καὶ
1342 3993 1608 4058 προφῆται
1653 3992 1833 4037 τοῦτον

237 4092 300 4145 πρ
307 4079 466 4131 οκατη
475 4071 705 4144 γγειλαν.

301 4167 424 4215 Τότε
502 4157 1059 4236 Ἡρώδης-ἀστέρος.
1149 4166 1296 4214 Διατί
1369 4161 1536 4235 λάθρα
1622 4164 1834 4221 τούτους

236 4248 481 4315 sutiles-3;
541 4244 679 4300 διότι
708 4250 975 4301 ὑπώπτευε
1005 4253 1124 4310 τοὺς
1179 4246 1485 4316 Ἰουδαίους,
1527 4252 1597 4311 ὡς
1647 4269 1834 4321 συγγε-

238 4346 335 4399 νεῖς
371 4346 462 4389 τοῦ
501 4344 759 4409 Χριστοῦ,
800 4342 888 4389 καὶ
924 4337 1017 4389 οὐκ
1073 4337 1245 4395 ἤθελεν
1301 4337 1501 4390 ἀκούειν
1564 4338 1770 4407 αύτούς,
1802 4336 1837 4389 οἶ

240 4426 431 4496 ἔμελλεν
480 4424 743 4498 ἐρωτῆσαι
772 4430 861 4477 καὶ
901 4427 1263 4498 παραγγεῖλαι,
1299 4433 1495 4498 μήποτε
1535 4432 1831 4493 νοήσαντες,

244 4514 317 4563 ὅτι
340 4512 652 4566 ἐπιϐουλεύει
675 4514 832 4583 αύτῷ,
859 4510 1117 4566 διασώσιν
1140 4515 1316 4582 αὐτόν,
1337 4518 1406 4577 ὡς
1430 4512 1566 4567 ἴδιον
1590 4514 1831 4587 βασιλέα.
1866 4495 1910 4549 D

248 4600 533 4674 Ἠκρίϐωσε
565 4599 646 4671 δὲ,
679 4602 795 4655 ἀντὶ
820 4610 910 4654 τοῦ
944 4601 1193 4677 Ἀκριϐὠς
1229 4605 1432 4675 ἔμαθεν.
1462 4603 1751 4676 Ἠκρίϐωσε
1778 4599 1836 4654 δὲ

249 4691 331 4739 τόν
357 4696 543 4765 χρόνον
586 4699 675 4743 τοῦ
710 4689 941 4765 ἀστέρος,
987 4693 1069 4744 ὅτε
1104 4690 1261 4764 ἐφάνη
1295 4692 1488 4763 αὐτοῖς,
1523 4693 1604 4743 ἳνα
1650 4691 1835 4744 ἐκεῖθεν

242 4776 508 4852 ἀριθμήσῃ
560 4784 647 4831 τόν
698 4784 888 4854 χρόνον
938 4790 1030 4841 τῆς
1088 4788 1179 4833 τοῦ
1239 4788 1475 4854 Χριστοῦ
1531 4785 1832 4851 γεννήσεως.

242 4865 610 4941 Προσεὸόκησε
651 4872 772 4942 γὰρ,
827 4870 906 4921 ὅτι
957 4871 1035 4921 ὅτε
1065 4869 1213 4932 οὗτος
1249 4868 1429 4940 ἐφάνη,
1466 4874 1581 4921 τότε
1632 4870 1837 4929 πάντως

241 4953 478 5026 ἐγεννήθη
512 4962 601 5011 καὶ
628 4959 653 5009 6
680 4963 931 5030 Χριστός.

307 5136 355 5172 ³ο
378 5135 548 5195 Joan.
589 5151 741 5204 xvm,
769 5136 857 5195 36.
934 5136 982 5173 ⁸ο
1012 5138 1181 5194 Rom.
1213 5153 1291 5204 1x,
1315 5136 1368 5193 6.

1446 5137 1491 5172 ⁸¹
1524 5134 1743 5195 Matth.
1778 5150 1872 5202 xv,
1905 5134 1997 5190 24.

1944 1867 2224 1935 ποιμαίνω,
2280 1867 2337 1918 et
2368 1878 2569 1934 regere
2615 1869 2672 1919 et
2720 1862 3008 1934 pascere),
3056 1878 3196 1918 cum
3252 1863 3597 1919 universam

1944 1952 2174 2021 paverit
2226 1951 2431 2005 orbem
2486 1950 2513 2004 ?
2571 1950 2652 2006 Ne
2714 1950 3097 2007 oﬂendantur
3152 1950 3358 2017 Judaei,
3426 1951 3599 2022 quasi

1946 2039 2171 2093 caeteris
2210 2038 2353 2093 nihil
2398 2036 2657 2109 amplius
2708 2038 3024 2103 habentes,
3074 2038 3175 2092 sed
3213 2038 3599 2094 occasionem

1943 2126 2141 2195 magis
2168 2126 2434 2182 habeant
2466 2126 2883 2183 familiaritatis
2939 2128 3102 2197 ejus:
3130 2127 3293 2198 quod
3317 2126 3396 2183 ab
3447 2127 3600 2199 ipsis

1946 2214 2271 2284 genitus,et
2296 2217 2458 2286 apud
2487 2232 2587 2271 eos
2618 2220 2798 2272 natus
2820 2216 2980 2270 sit.Si
3011 2216 3144 2287 quis
3174 2220 3372 2271 autem
3396 2216 3556 2272 dicat
3580 2232 3595 2271 :

1946 2304 2257 2369 Quomodo
2282 2318 2426 2372 ergo
2458 2304 2585 2359 illos
2609 2320 2729 2359 non
2750 2304 2932 2375 pavit,
2950 2319 3087 2358 cum
3112 2304 3230 2359 sint
3251 2304 3363 2375 ipsi
3382 2303 3602 2359 Israel?

1942 2392 2180 2456 Audiat,
2234 2392 2401 2463 quod
2436 2391 2615 2447 etiam
2655 2393 2763 2447 hoc
2815 2391 2995 2457 fecit;
3046 2393 3205 2462 pavit
3259 2392 3419 2447 enim
3468 2392 3600 2448 illos

1942 2481 2048 2552 qui
2092 2496 2163 2534 ex
2203 2480 2349 2549 ipsis
2405 2480 2838 2544 crediderunt;
2899 2480 3117 2551 alioqui
3182 2480 3359 2535 etiam
3421 2479 3599 2536 Israel

1943 2575 2035 2623 est
2059 2570 2257 2624 omnis
2286 2569 2386 2640 qui
2414 2569 2570 2624 videt
2596 2571 2800 2623 Deum.
2834 2568 3015 2623 Israel
3054 2584 3341 2640 namque,
3387 2568 3438 2623 si
3468 2569 3600 2640 quis

1942 2658 2378 2728 interpretetur,
2403 2657 2563 2712 idem
2602 2662 2775 2712 sonat
2798 2657 2966 2728 quod
3020 2656 3223 2713 videns
3268 2658 3471 2712 Deum.
3512 2656 3601 2711 Di-

1944 2747 2020 2801 cit
2068 2750 2267 2801 autem
2315 2746 2537 2801 Paulus
2567 2763 2580 2800 :
2634 2747 2768 2800 Non
2819 2762 3009 2801 omnes
3029 2746 3135 2815 qui
3164 2746 3238 2801 ab
3269 2745 3458 2801 Israel
3481 2744 3601 2800 des-

1943 2834 2209 2899 cendunt,
2253 2834 2317 2890 hi
2334 2842 2463 2889 sunt
2489 2833 2785 2891 Israelita
2814 2837 2880 2888 ³ο.
2917 2833 3086 2898 Quod
3144 2834 3191 2888 si
3239 2848 3363 2888 non
3387 2848 3599 2889 omnes

1942 2923 2107 2993 pavit
2125 2922 2424 2985 Hebraeos,
2457 2922 2691 2978 illorum
2719 2921 2898 2993 culpa
2926 2927 3033 2992 est,
3069 2922 3172 2993 qui
3203 2921 3281 2977 ab
3320 2937 3389 2977 eo
3435 2922 3598 2993 pasci

1942 3010 2272 3067 noluerunt.
2305 3010 2467 3068 Dixit
2496 3010 2687 3075 enim;
2724 3012 2862 3066 Non
2914 3026 3041 3065 sum
3080 3011 3299 3078 missus,
3372 3010 3489 3065 nisi
3516 3011 3599 3065 ad

1942 3114 2067 3155 oves
2095 3100 2353 3169 perditas
2395 3100 2602 3155 domus
2650 3099 2834 3155 Israel
2870 3100 2937 3150 ³1.
2990 3098 3367 3168 Evangelista
3392 3101 3596 3154 autem

1941 3189 2221 3245 Joannes.
2264 3187 2332 3242 In
2369 3203 2497 3253 sua,
2561 3188 2769 3259 inquit,
2818 3188 2996 3258 venit,
3067 3193 3121 3243 et
3161 3187 3251 3240 sui
3282 3201 3415 3242 eum
3472 3201 3594 3241 non

1944 3282 2288 3345 receperunt
2323 3277 2389 3331 ³³.

2014 3367 2133 3420 Hoc
2148 3380 2389 3436 quoque
2420 3364 2754 3436 depravant
2786 3362 2813 3417 J
2825 3363 2997 3429 udaai,
3019 3362 3304 3427 dicentes,
3328 3362 3401 3418 de
3424 3365 3597 3418 Zoro-

1941 3452 2116 3509 babel
2141 3453 2407 3509 locutam
2435 3470 2562 3508 esse
2592 3452 2989 3525 prophetiam.
3025 3452 3250 3517 Quibus
3276 3467 3386 3506 nos
3435 3468 3465 3506 e
3509 3451 3597 3506 di-

1942 3559 2114 3598 verso
2143 3543 2410 3612 dicimus,
2454 3541 2782 3598 Zorobabel
2822 3557 2941 3596 non
2992 3540 3054 3595 in
3110 3540 3423 3603 Bethleem,
3491 3541 3598 3596 sed

1942 3632 2003 3686 in
2038 3631 2353 3701 Babylonia
2418 3637 2627 3686 natum
2660 3646 2806 3685 esse.
2849 3633 2933 3685 Tu
2965 3645 3105 3685 vero
3152 3630 3249 3684 Dei
3296 3629 3596 3685 admirare

1943 3719 2439 3790 gubernationem
2467 3736 2480 3773 :
2506 3719 2815 3789 quomodo
2842 3717 3155 3782 ordinavit,
3186 3733 3220 3772 a
3246 3718 3428 3788 Magis
3465 3719 3597 3788 qui-

1943 3807 2082 3862 dem
2125 3806 2319 3861 doceri
2383 3806 2649 3867 Judaaos,
2700 3807 2860 3877 quod
2914 3805 3112 3875 ipsum
3169 3804 3338 3859 stella
3383 3804 3598 3874 praedi-

1944 3896 2195 3951 caverit:
2233 3911 2269 3949 a
2296 3894 2516 3949 Iudaeis
2538 3899 2727 3949 autem
2755 3896 2977 3962 Magos,
3008 3891 3173 3964 quod
3204 3897 3261 3947 et
3290 3891 3594 3964 prophetae

1944 3983 2141 4055 ipsum
2167 3982 2718 4054 praanuntiaverint.

2012 4162 2176 4215 Vers.
2198 4160 2252 4215 7.
2282 4158 2434 4216 Tunc
2462 4158 2709 4214 Herodes
2748 4159 3035 4215 —stellae.
3069 4158 3261 4223 Quare
3290 4156 3402 4213 hos
3433 4155 3592 4214 clam

1941 4249 2229 4305 vocavit?
2254 4249 2401 4313 Quia
2445 4254 2756 4319 suspectos
2805 4247 3065 4303 habebat
3093 4247 3353 4312 Judaeos,
3388 4262 3596 4317 nempe

1944 4336 2154 4393 Christi
2180 4342 2462 4406 cognatos
2492 4354 2503 4391 :
2539 4352 2647 4391 nec
2698 4336 2959 4399 volebat,
3025 4341 3089 4390 ut
3122 4336 3238 4407 ipsi
3301 4335 3592 4400 audirent,

1943 4441 2079 4496 quae
2106 4425 2575 4493 interrogaturus
2591 4428 2691 4479 aut
2720 4430 3125 4494 praecepturus
3151 4428 3279 4478 erat
3309 4438 3415 4476 :ne
3444 4421 3595 4479 forte

1945 4513 2335 4582 intelligentes
2353 4512 2519 4583 quod
2540 4512 2591 4567 ei
2614 4511 3008 4576 insidiaretur,
3037 4515 3341 4566 servarent
3367 4510 3591 4581 ipsum,

1944 4606 2232 4671 tanquam
2265 4601 2577 4671 proprium
2607 4615 2827 4669 regem.
2871 4601 3087 4654 Exacte
3126 4606 3327 4653 autem
3356 4600 3594 4669 perqui-

1946 4688 2101 4755 sivit,
2134 4688 2254 4744 sive
2278 4687 2482 4743 didicit
2528 4692 2769 4758 tempus
2828 4686 3028 4749 stellaa,
3083 4685 3329 4756 quando
3373 4684 3594 4741 scilicet

1946 4778 2029 4833 eis
2060 4777 2423 4849 apparuerit,
2452 4781 2513 4831 ut
2543 4776 2680 4831 inde
2718 4780 2957 4844 tempus
3007 4772 3334 4829 Nativitatis
3384 4772 3594 4829 Christi

1945 4871 2305 4922 numeraret.
2362 4864 2643 4935 Cogitavit
2690 4863 2871 4927 enim,
2933 4866 3075 4916 tunc
3122 4859 3331 4932 procul
3405 4860 3592 4917 dubio

1946 4960 2157 5012 natum
2195 4970 2322 5010 esse
2352 4954 2671 5020 Christum,
2719 4952 2960 5023 quando
2988 4948 3159 5007 stella
3207 4956 3591 5023 apparuerat.

2072 5134 2120 5169 ει
2151 5133 2323 5190 Joan.
2354 5132 2508 5204 1,11.

1443 5337 1662 5412 Variae
1688 5338 2018 5409 lectiones
2052 5348 2118 5407 et
2147 5343 2353 5406 notae.

302 5540 415 5615 (ιο)
447 5542 526 5615 ιι,
555 5539 771 5598 omittit
801 5542 866 5596 Α.

305 5607 423 5690 (41)
462 5607 599 5672 Ροει
622 5617 734 5691 μέν,
764 5628 970 5671 rursus
995 5607 1177 5671 habet
1203 5608 1305 5692 γάρ
1340 5611 1407 5668 A.

2157 5534 2402 5606 Ἐγενήοη
2436 5537 2504 5592 A.

2151 5602 2428 5691 Ἐποίμανε
2457 5602 2674 5689 τούτους
2701 5606 2780 5691 A,

2006 5534 2124 5691 ἵξἓέ
