4166 6314
510 350 613 412 143

1821 347 2170 406 EUTHYMII
2212 342 2515 407 ZIGABEN
2523 349 2542 403 Ι

3754 341 3862 404 144

574 479 734 534 Vers.
763 478 815 532 8.
847 476 928 532 Et
967 472 1157 533 missis
1182 472 1308 532 illis
1341 501 1412 517 —
1453 475 1690 532 adorem
1717 491 1843 531 eum
1875 475 2017 531 Vide
2041 475 2148 532 do-

2329 480 2429 528 Καὶ
2503 473 2712 546 πέμψας
2760 472 2950 534 αύτους
2988 505 3056 513 —
3086 477 3437 546 προσκυνήσω
3510 471 3672 542 αύτῷ.
3720 471 3866 545 Ὀρα

502 568 631 624 lum
663 566 929 633 Herodis,
974 571 1030 622 et
1079 564 1394 621 considera
1445 564 1574 635 ejus
1611 564 2033 636 insipientiam.
2091 566 2148 621 Si

508 657 670 713 enim
701 671 836 712 vere
862 655 1221 711 adoraturus
1269 656 1413 717 erat,
1465 667 1654 724 quare
1710 652 1824 708 hoc
1875 652 2148 708 clanculo

500 745 927 818 praecipiebat?
958 743 1014 799 Si
1035 758 1174 798 vero
1197 742 1391 814 ipsum
1409 740 1678 796 occidere
1701 741 1976 812 parabat,
2004 757 2149 812 quo-

500 835 686 892 modo
748 833 1137 903 intelligebat,
1216 847 1283 886 ex
1353 836 1578 886 secreto
1659 835 1957 901 praecepto
2037 830 2146 885 hos

501 926 563 982 in
595 924 714 980 doli
756 922 1156 993 suspicionem
1187 919 1619 976 adducendos?
1653 920 1915 974 Primum
1949 924 2148 975 autem

501 1015 576 1070 de
605 1012 770 1069 stella
797 1010 1112 1079 diligenter
1150 1007 1528 1080 perquisivit,
1583 1013 1640 1063 et
1697 1013 1836 1064 tunc
1881 1009 2151 1080 praecepit

508 1106 596 1171 ut,
620 1101 668 1155 si
689 1101 742 1156 ei
774 1114 894 1155 non
912 1097 1368 1154 manifestarent
1388 1112 1538 1162 eum,
1557 1097 1631 1152 de
1656 1112 1779 1168 quo
1797 1096 1907 1152 sibi
1935 1112 2150 1152 renun-

503 1189 635 1246 tiari
661 1187 1040 1261 preecipiebat
1069 1186 1306 1256 cognito
1347 1189 1612 1258 tempore
1651 1185 1855 1250 stellae,
1906 1190 2147 1256 paratas

503 1277 750 1334 insidias
800 1291 1072 1332 exercere
1152 1281 1375 1346 posset.
1445 1275 1578 1339 Sed,
1611 1290 1646 1330 o
1711 1273 1992 1341 Herodes,
2045 1273 2150 1345 qui

503 1370 710 1422 contra
734 1365 919 1420 Deum
949 1378 1221 1436 pugnam
1261 1363 1541 1435 suscipis,
1592 1363 1739 1430 redi,
1808 1378 2036 1434 quaeso,
2071 1361 2150 1416 ad

502 1454 774 1525 teipsum.
799 1454 1109 1517 Quomodo
1130 1452 1398 1508 occidere
1419 1467 1597 1524 paras
1627 1450 2106 1522 immortalem(d)
2123 1451 2150 1506 ?

503 1541 818 1608 Quomodo
861 1557 984 1598 non
1035 1541 1334 1610 intelligis.
1383 1540 1570 1613 quod,
1620 1556 1802 1613 quem
1845 1541 2149 1610 prophetae

501 1626 644 1682 olim
713 1627 1237 1684 annuntiaverunt.
1331 1624 1615 1696 stellaque
1669 1623 2041 1695 signiﬁcavit,
2095 1627 2151 1678 et

500 1715 652 1784 Magi
664 1713 740 1770 ad
754 1713 1134 1770 adorandum
1149 1713 1375 1768 inducti
1391 1712 1693 1776 sunt,huic
1707 1717 1760 1768 te
1774 1712 2149 1784 superstitem

503 1819 634 1859 esse
661 1804 729 1874 (e)
762 1804 1004 1859 omnino
1027 1804 1098 1859 sit
1127 1801 1501 1874 impossibile
1528 1801 1556 1854 ‘l

571 1891 909 1956 Vers.9.Qui
921 1907 1054 1946 cum
1077 1891 1384 1946 audissent
1405 1919 1470 1930 -—
1486 1895 1614 1945 erat
1630 1904 1800 1958 puer.
1820 1889 2146 1960 Postquam

497 1981 623 2051 jam
653 1978 854 2034 locum
877 1977 1227 2040 didicerant,
1276 1992 1464 2048 quare
1510 1993 1746 2031 rursum
1806 1977 1954 2048 ipsis
1986 1976 2152 2033 stella

501 2066 840 2139 apparuit?
894 2066 964 2120 Ut
1020 2080 1272 2135 puerum
1322 2065 1778 2120 demonstraret.
1834 2065 2151 2130 Quomodo

505 2158 665 2212 enim
690 2155 857 2210 aliter
881 2169 1021 2210 eum
1079 2153 1464 2223 agnovissent
1515 2154 1577 2208 in
1625 2153 1862 2221 tugurio
1919 2158 2146 2219 natum,

508 2251 620 2301 nec
649 2243 840 2299 cubile
869 2241 1251 2314 splendidum
1279 2241 1604 2298 habentem
1629 2242 1658 2298 ?
1703 2242 1790 2298 0b
1828 2242 1942 2298 hoc
1973 2241 2152 2312 igitur

504 2333 746 2391 veniens
771 2331 927 2388 stetit
954 2345 1137 2400 supra
1173 2332 1350 2386 locum
1380 2332 1438 2386 in
1469 2347 1583 2403 quo
1609 2337 1736 2388 erat
1782 2346 1950 2401 puer,
2004 2331 2150 2387 divi-

501 2437 652 2479 num
689 2420 1010 2478 ostendens
1037 2434 1165 2476 esse
1187 2425 1446 2492 partum.

571 2512 736 2568 Vers.
780 2509 868 2566 10.
936 2511 1072 2567 Visa
1125 2517 1319 2566 autem
1371 2509 1540 2566 stella
1586 2540 1657 2550 ——
1708 2510 1900 2566 valde.
1953 2510 2149 2567 Gavisi

503 2605 661 2664 sunt,
715 2603 917 2670 utpote
972 2604 1200 2669 reperto
1246 2599 1418 2665 duce,
1493 2613 1882 2670 nequaquam
1932 2598 2146 2655 fallaci.

503 2690 586 2744 Ex
623 2688 739 2743 hoc
760 2688 920 2743 enim
954 2692 1176 2742 certam
1227 2686 1568 2743 habuerunt
1615 2687 1923 2753 ﬁduciam,
1992 2687 2151 2758 quod

501 2775 822 2850 quaesitum
849 2775 1194 2830 invenirent.

574 2865 736 2919 Vers.
780 2864 867 2918 11.
896 2863 972 2919 Ει
994 2863 1237 2934 ingressi
1264 2893 1333 2903 —
1361 2863 1548 2919 Matre
1582 2863 1722 2934 ejus.
1771 2865 2026 2918 Domum
2055 2863 2151 2919 hic

505 2953 801 3024 tugurium
832 2959 1016 3017 vocat,
1043 2953 1208 3023 quod
1250 2953 1436 3007 Lucas
1486 2952 1874 3008 diversorium
1906 2952 2053 3007 dixit
2079 2953 2145 3007 ³³.

506 3045 730 3100 Domus
751 3056 970 3113 nempe
985 3045 1129 3107 erat,
1149 3040 1314 3113 quod
1347 3046 1651 3112 utcunque
1689 3041 2146 3111 inhabitaretur;

503 3130 904 3188 diversorium
933 3133 1155 3197 autem,
1188 3135 1478 3201 tanquam
1511 3129 1682 3186 sedes
1705 3145 1775 3186 ac
1806 3131 2042 3186 mansio
2068 3130 2153 3185 in-

505 3219 920 3292 gredientium.
945 3218 1343 3275 Diversorium
1379 3219 1539 3275 enim
1565 3218 1846 3284 dicimus,
1866 3219 2044 3275 etiam
2062 3219 2150 3290 ip-

505 3325 639 3364 sum
666 3307 1006 3364 tentorium.
1043 3306 1190 3363 Cum
1231 3307 1391 3364 enim
1441 3308 1879 3363 concurrissent
1907 3308 1965 3363 in
2013 3309 2153 3363 civi-

504 3400 688 3454 tatem
714 3396 1006 3452 Bethleem
1034 3412 1243 3452 omnes
1272 3395 1430 3468 quia
1458 3396 1646 3451 David
1681 3396 2148 3460 descendebant,

504 3501 685 3542 causa
709 3500 921 3540 census
947 3500 1129 3556 quem
1161 3487 1350 3540 Caesar
1363 3485 1490 3539 ﬁeri
1511 3485 1785 3554 jusserat,
1815 3489 1989 3555 prout
2013 3486 2150 3539 scri-

505 3574 625 3646 psit
653 3575 840 3628 Lucas
871 3574 938 3635 ³⁸,
971 3587 1092 3626 non
1119 3573 1488 3637 invenerunt,
1557 3571 1661 3643 qui
1719 3588 1856 3626 cum
1915 3573 2152 3642 Virgine

502 3667 672 3718 erant
706 3661 958 3717 domum
995 3660 1248 3716 liberam
1291 3661 1366 3716 ad
1396 3660 1848 3731 hospitandum,
1907 3660 2042 3717 ideo
2074 3662 2152 3718 ad

503 3749 899 3808 diversorium
926 3749 1232 3821 quoddam
1265 3750 1730 3819 declinaverunt,
1765 3751 1824 3806 in
1855 3766 1977 3822 quo
2009 3767 2151 3823 prae-

503 3856 644 3913 sepe
666 3845 792 3896 erat
815 3839 1245 3911 jumentorum.
1275 3839 1478 3895 Statim
1499 3842 1700 3895 autem
1720 3841 1947 3912 peperit
1979 3842 2150 3912 Virgo

505 3929 798 3986 Christum
824 3947 838 3981 :
871 3933 926 3984 et
963 3929 1103 4000 quia
1132 3928 1470 3985 aliuslocus
1501 3944 1620 3984 non
1647 3933 1773 3984 erat
1802 3928 1862 3983 in
1892 3929 2152 3984 diverso-

500 4019 610 4088 rio,
639 4017 974 4073 involutum
1005 4015 1204 4072 fasciis
1234 4016 1548 4082 infantem,
1576 4017 1886 4073 reclinavit
1928 4017 1987 4072 in
2009 4034 2152 4089 prae-

503 4122 660 4177 sepe,
684 4106 855 4175 juxta
880 4105 1100 4158 Lucam
1131 4105 1199 4156 ³⁸.

573 4193 815 4257 Deinde,
846 4191 996 4246 sicut
1035 4191 1113 4246 ait
1144 4191 1624 4262 Chrysostomus,
1659 4192 1855 4264 ipsum
1888 4193 2014 4249 tulit
2041 4193 2146 4264 (l):

502 4285 560 4337 et
587 4281 828 4350 quando
856 4278 1108 4347 ingressi
1127 4285 1259 4334 sunt
1290 4279 1464 4349 Magi,
1501 4280 1700 4351 ipsum
1731 4296 1908 4351 super
1955 4297 2152 4351 genua

501 4369 782 4426 habebat.
820 4371 934 4424 Nec
963 4369 1120 4422 enim
1166 4383 1328 4424 more
1359 4368 1607 4424 aliarum
1651 4374 1901 4425 matrum
1943 4375 2150 4443 partus

501 4457 735 4515 dolores
766 4457 1084 4522 sustinuit;
1119 4457 1262 4528 quia
1300 4472 1495 4529 neque
1520 4473 1589 4512 ex
1645 4459 1772 4514 viro
1815 4463 2146 4531 pepererat.

571 4547 732 4601 Vers.
762 4546 849 4600 11.
874 4545 947 4600 Et
967 4545 1266 4614 prostrati
1292 4577 1360 4585 —
1391 4547 1716 4617 myrrham.
1753 4549 1817 4602 Et
1852 4548 2150 4620 quomodo

497 4635 699 4709 ipsum
712 4651 846 4692 esse
859 4633 1393 4700 crediderunt,cum
1408 4634 1554 4690 nihil
1571 4635 1999 4693 viderentcirca
2013 4652 2149 4692 eum

498 4729 703 4798 praeter
731 4724 1057 4795 tugurium,
1092 4729 1148 4780 et
1181 4727 1432 4780 matrem
1463 4724 1918 4797 pauperculam,
1950 4725 2152 4782 vilem'

499 4830 610 4888 que
640 4813 962 4887 puerulum
992 4812 1190 4870 fasciis
1217 4813 1555 4869 involutum
1581 4813 1608 4869 ?
1639 4813 1953 4878 Quomodo
1974 4811 2003 4868 ‘l
2027 4813 2152 4870 Pri-

498 4920 667 4961 mum
690 4904 934 4976 quidem
964 4918 1000 4960 a
1033 4901 1220 4969 stella,
1245 4918 1375 4975 quae
1405 4917 1592 4976 supra
1611 4902 1810 4976 ipsum
1837 4917 2148 4974 permane-

571 5083 619 5120 ³⁸
649 5082 786 5138 Luc.
829 5098 885 5147 ιι,
905 5085 958 5137 7.
983 5083 1030 5118 "
1059 5081 1186 5140 Ibid
1216 5081 1264 5138 1.
1301 5083 1347 5120 ³⁸
1379 5079 1528 5140 Ibid.
1552 5084 1604 5140 7.

2255 568 2342 617 τὸν
2373 561 2522 616 δόλον
2571 569 2662 614 τοῦ
2712 559 2970 634 Ἡρώδου,
3028 565 3116 612 καὶ
3146 558 3368 634 διάσυρε
3416 565 3508 618 τὴν
3541 562 3715 612 οἶνοιαν
3757 561 3859 612 αύ-

2256 659 2368 706 τοῡ,
2410 651 2471 703 Εἰ
2519 654 2607 721 μὲν
2649 653 2747 724 γάρ
2780 649 2982 711 ἀληθῶς
3032 649 3227 721 ἔμελλεν
3273 649 3412 719 αύτῷ
3463 656 3852 723 προσκυνῆσαι,

2259 738 2405 792 διατί
2434 740 2602 814 λάθρα
2649 746 2796 790 τοῦτο
2849 738 3190 813 παρήγγειλεν
3217 757 3231 808 ς
3262 737 3305 789 εἰ
3359 734 3418 789 δὲ
3473 737 3657 790 ἀνελεῖν
3696 738 3854 789 αὐτόν

2257 826 2510 894 ἐϐούλετο,
2559 837 2668 889 πῶς
2697 827 2755 879 ού
2821 823 3076 890 συνεῖδεν,
3132 828 3208 877 ὅτι
3265 825 3320 878 ἐκ
3372 833 3463 878 τοῦ
3505 825 3673 900 λάθρα
3724 846 3850 899 παρ⁸

2258 916 2517 987 ἀγγέλλειν
2611 917 2677 976 εἰς
2771 915 3000 985 ὑποψίαν
3096 911 3251 966 δόλου

2259 1012 2467 1076 Πρῶτον
2525 1001 2584 1056 δὲ
2640 1003 2902 1077 ὴκρίϐωσε
2949 1007 3068 1077 περὶ
3127 1010 3218 1054 τοῦ
3292 1001 3526 1075 ἀστέρος,
3593 1007 3680 1055 καὶ
3739 1008 3856 1055 τότε

2611 917 2677 976 εἰς
2771 915 3000 985 ὑποψίαν
3096 913 3251 966 δόλου
3347 917 3565 976 τούτους
3643 913 3853 980 ἐνιησις

2255 1092 2619 1165 παρήγγειλεν,
2674 1094 2756 1144 ἶνα
2797 1092 2840 1144 εἰ
2891 1096 2962 1163 μὴ
3011 1089 3342 1148 δηλώσουσιν
3399 1091 3560 1162 αὐτῷ,
3619 1096 3738 1166 περὶ
3795 1091 3856 1144 οὗ

2256 1181 2618 1254 παρήγγειλεν,
2675 1180 2775 1232 ἀπὸ
2841 1188 2930 1232 τοῦ
2982 1184 3179 1252 χρόνου
3240 1187 3331 1231 τοῦ
3382 1179 3595 1252 ἀστέρος
3646 1177 3851 1252 δυνηθῇ

2260 1271 2490 1344 θηρᾶσαι
2562 1273 2650 1321 τὸν
2731 1267 3196 1339 ἐπιϐουλευόμενον.
3279 1267 3435 1333 Ἀλλ’,
3486 1267 3525 1319 ὦ
3603 1270 3851 1340 θεομάχε,

2259 1363 2414 1430 φαίην
2479 1359 2540 1409 ἄν
2602 1359 2733 1431 πρὸς
2775 1357 2949 1424 αὑτὸν,
3022 1365 3126 1416 πῶς
3181 1355 3463 1430 ἐπιχειρεῖς
3525 1355 3710 1408 ἀνελεῖν
3768 1360 3856 1408 τόν

2259 1444 2552 1513 ἀνάλωτονς
2600 1454 2709 1508 πῶς
2759 1445 2816 1497 ού
2864 1452 3112 1510 συνῆκας,
3161 1446 3243 1496 ὅτι
3286 1445 3338 1495 ὃν
3386 1453 3650 1519 προφῆται
3696 1444 3857 1497 πάλαι

2258 1533 2626 1605 κατήγγειλαν,
2684 1538 2774 1586 καὶ
2825 1532 2990 1606 ἀστὴρ
3049 1533 3290 1605 ἐμήνυσε,
3345 1539 3434 1585 καὶ
3472 1535 3643 1605 Μάγοι
3691 1553 3855 1608 προσ-

2259 1630 2426 1674 κυνεῖν
2511 1622 2818 1694 ἐπείγονται,
2879 1624 3065 1674 τούτου
3158 1624 3515 1696 περιγενέσθαι
3600 1622 3859 1683 παντελῶς

2263 1707 2516 1763 ἀδύνατον
2543 1727 2557 1776 ;

2182 1835 2226 1890 Β

2332 1891 2398 1940 Οἱ
2455 1885 2514 1940 δε
2580 1887 2893 1950 ἀκούσαντες
2955 1920 3022 1928 -
3079 1886 3139 1947 ἧν
3207 1892 3263 1941 τὸ
3316 1885 3549 1942 παιδίον.
3616 1891 3858 1942 Ἐπεὶτό

2257 1982 2456 2050 χωρίον
2508 1979 2716 2049 ἔμαθον,
2769 1982 2907 2039 τίνος
2954 1978 3112 2030 ἕνεκεν
3163 1979 3187 2029 ό
3263 1977 3430 2052 ἀστὴρ
3483 1978 3636 2030 πάλιν
3700 1977 3854 2050 ἐφάνη

2260 2064 2474 2131 αὑτοῐςς
2507 2064 2616 2118 Ἵνα
2657 2062 2907 2137 ὑποδείξῃ
2949 2071 3007 2117 τό
3059 2063 3292 2124 παιδίον,
3356 2073 3469 2127 Πῶς
3502 2069 3603 2141 γὰρ
3657 2069 3716 2119 οἷν
3761 2071 3856 2118 ἐπ-

2258 2158 2486 2224 έγνωσαν
2540 2153 2664 2205 αὐτὸ
2732 2153 2780 2205 ἐν
2832 2153 3029 2227 καλύϐη
3103 2158 3480 2226 γεγεννημένον,
3526 2159 3641 2208 .καὶ
3723 2160 3858 2226 μήτε

2257 2246 2458 2315 μητέρα
2487 2245 2608 2314 ἔχον
2645 2241 2923 2316 λαμπράν;
2969 2245 3062 2294 Διά
3112 2251 3261 2295 τοῦτο
3308 2247 3480 2294 τοίνυν
3543 2242 3696 2296 ἐλθὼν
3730 2245 3854 2302 ἔστη

2258 2330 2445 2396 ἐπάνω,
2495 2332 2622 2383 ὅπου
2677 2328 2736 2388 ἦν
2768 2334 2825 2382 τό
2855 2328 3090 2398 παιδίον,
3125 2328 3392 2400 δεικνύων,
3445 2333 3524 2383 ὃτι
3577 2334 3706 2384 θεῖόν
3744 2331 3860 2384 ἐστι

2257 2421 2315 2470 τὸ
2345 2421 2604 2489 γεννηθέν,

2331 2503 2548 2568 ’ἰδόντες
2603 2504 2660 2560 δε
2713 2511 2798 2560 τὸν
2856 2506 3051 2582 ἀστέρα
3109 2540 3178 2548 —
3246 2505 3471 2582 σφόδρα.
3531 2507 3858 2582 Ἐχάρησαν,

2258 2599 2327 2656 ὡς
2386 2598 2610 2669 εὑρόντες
2668 2599 2755 2647 τὸν
2814 2593 3203 2666 ἀψευδέστατον
3272 2594 3484 2668 όδηγόν,
3542 2596 3861 2670 Ἐπληροφο-

2256 2686 2496 2759 ρήθησαν
2543 2687 2643 2757 γάρ
2705 2684 2901 2748 λοιπὸν,
2957 2685 3033 2737 ὅτι
3083 2691 3173 2737 καὶ
3224 2688 3282 2737 τὸ
3347 2686 3659 2757 ζητούμενον
3712 2687 3860 2760 εὑρή-

2261 2791 2440 2827 σουσι.

2331 2865 2431 2913 Καὶ
2480 2859 2704 2922 ἐλθόντες
2773 2863 2840 2921 εἰς
2906 2892 2973 2902 -
3029 2871 3124 2924 τῆς
3176 2865 3370 2935 μητρὸς
3434 2863 3614 2917 αὐτοῦ.
3674 2863 3858 2915 Οἰκίαν

2258 2947 2478 3001 ἐνταῦθα
2531 2953 2620 3008 τὴν
2677 2948 2904 3008 καλύϐην
2962 2953 3182 3022 εἴρηκεν,
3239 2954 3299 3010 ἣν
3350 2952 3376 3002 ὁ
3424 2957 3634 3011 Λουκᾶς
3699 2954 3856 3003 κατά-

2256 3035 2396 3108 λυμα
2434 3036 2588 3092 εἶπεν.
2638 3037 2796 3090 Οἰκία
2843 3042 2933 3112 μὲν
2979 3041 3078 3114 γὰρ
3130 3035 3214 3108 ἦν,
3266 3036 3359 3090 διά
3406 3042 3462 3090 τὸ
3513 3036 3860 3097 ὁπωσδήποτε

2259 3125 2536 3177 οἰκεῖσθαι·
2609 3126 2884 3198 κατάλυμα
2931 3123 2989 3179 δὲ
3023 3117 3122 3188 ’ὡς
3183 3132 3464 3198 καταγωγὴ
3523 3135 3621 3179 τῶν
3697 3127 3858 3200 εἰσερ-

2191 3184 2230 3238 C
2259 3217 2514 3286 χοριένων.
2588 3214 2868 3267 Καταλύειν
2924 3218 3024 3288 γὰρ
3076 3215 3284 3288 λέγομεν
3335 3221 3424 3268 καὶ
3480 3220 3536 3268 τό
3595 3235 3858 3274 κατασκη-

2259 3310 2394 3356 νοῦν.
2446 3304 2655 3354 Πάντων
2696 3305 2797 3376 γάρ
2855 3312 2953 3355 τῶν
2993 3302 3047 3355 ἐκ
3102 3300 3268 3356 Δαυῐδ
3316 3309 3679 3376 καταγομένων
3734 3324 3854 3356 συν-

2262 3387 2669 3462 δεδραμηκότων
2697 3391 2767 3453 εἰς
2804 3396 2898 3450 τὴν
2940 3392 3084 3443 πόλιν
3118 3392 3296 3458 αὑτοῦ,
3342 3399 3432 3451 τὴν
3475 3393 3718 3465 Βηθλεὲμ,
3765 3390 3858 3445 διὰ

2259 3484 2353 3537 τὴν
2380 3482 2524 3552 παρά
2553 3485 2810 3555 Καίσαρος
2832 3479 3134 3553 ἀπογραφὴν
3160 3483 3227 3543 ὡς
3255 3483 3278 3533 ὁ
3312 3487 3518 3544 Λουκᾶς
3552 3485 3854 3555 ἱστόρησεν,

2261 3568 2365 3639 οὐχ
2413 3569 2556 3640 εὗρον
2609 3568 2864 3643 ἐλεύθερον
2921 3570 3031 3641 (44)
3083 3567 3222 3622 οἶκον
3274 3570 3434 3632 ξενίας
3485 3573 3532 3623 οἱ
3588 3577 3703 3646 περὶ
3765 3576 3859 3630 τὴν

2263 3658 2538 3728 Παρθένον·
2589 3655 2674 3710 διὸ
2718 3664 2807 3710 καὶ
2855 3659 2920 3719 εἰς
2959 3658 3188 3718 καλύϐην
3227 3662 3342 3711 τινά
3375 3659 3686 3730 κατέλυσαν,
3737 3663 3784 3712 ἐν

2263 3748 2423 3817 φάτνη
2459 3745 2653 3818 ἀλόγων
2682 3744 2764 3819 ᾖν.
2798 3747 2998 3800 Αὐτίκα
3026 3745 3084 3800 δὲ
3113 3753 3412 3819 γεννήσασα
3455 3752 3540 3800 τόν
3571 3751 3800 3822 Χριστόν
3828 3751 3856 3806 ἡ

2263 3837 2536 3907 Παρθένος,
2571 3836 2680 3888 ἐπεὶ
2724 3836 2816 3887 οὐκ
2856 3833 2917 3908 ᾖν
2946 3842 3101 3898 τόπος
3149 3837 3294 3898 ἄλλος
3343 3837 3392 3889 ἐν
3424 3847 3495 3908 τῷ
3534 3837 3858 3909 καταλύματι

2261 3921 2452 3995 ἐκείνῳ,
2490 3931 2920 3996 σπαργανώσασα
2952 3924 3174 3978 ἀνέκλινε
3204 3929 3261 3978 τό
3289 3925 3478 4001 βρέφος
3509 3925 3556 3977 ἐν
3579 3934 3640 3998 τῇ
3668 3945 3855 3999 φατνη,

2261 4015 2397 4064 κατά
2427 4016 2514 4064 τόν
2552 4019 2780 4070 Λουκᾶν.

2332 4183 2478 4253 Εἶτα,
2531 4190 2705 4251 καθώς
2743 4209 2901 4261 φησιν
2955 4192 2979 4243 ὁ
3027 4192 3139 4263 (45)
3188 4196 3585 4266 Χρυσὸστομος,
3640 4192 3860 4246 ἀνείλετο

2261 4283 2436 4340 τοῦτο,
2459 4281 2546 4328 καὶ
2570 4276 2652 4330 ἐπὶ
2673 4287 2771 4330 τῶν
2792 4282 3018 4350 γονάτων
3036 4277 3196 4352 εἶχεν,
3223 4284 3304 4334 ὅτε
3326 4285 3374 4333 οἱ
3399 4285 3570 4353 Μάγοι
3593 4282 3856 4354 εἰσῄεσαν.

2263 4361 2402 4418 Ούδε
2429 4369 2530 4440 γὰρ
2563 4367 2610 4418 ἐν
2657 4364 2870 4430 ὀδύναις
2918 4366 3000 4440 ᾖν,
3043 4371 3110 4431 ὡς
3159 4372 3211 4422 αἱ
3247 4369 3396 4423 ἄλλαι
3441 4376 3674 4447 μητέρες,
3721 4369 3860 4424 διότι

2261 4455 2355 4506 ούκ
2393 4453 2445 4518 ἐξ
2479 4453 2665 4530 ἀνδρὸς
2696 4457 2954 4529 ἐγέννησε.

2187 4535 2229 4590 D
2333 4549 2434 4597 Καὶ
2490 4551 2726 4608 πεσόντες
2789 4578 2858 4586 —-
2914 4549 3166 4624 σμύρναν.
3229 4553 3330 4601 Καὶ
3379 4557 3482 4609 πῶς
3539 4547 3859 4607 ἐπείσθησαν

2260 4634 2337 4686 ὅτι
2397 4634 2546 4696 οὗτός
2599 4635 2761 4705 ἐστιν,
2817 4632 2968 4688 οὐδὲν
3027 4641 3164 4709 μέγα
3222 4643 3340 4712 περὶ
3406 4638 3561 4690 αὑτὸν
3620 4639 3854 4712 ὁρῶντες,

2260 4721 2387 4774 ἀλλὰ
2428 4723 2676 4791 καλύϐην,
2718 4728 3037 4798 καὶμητέρα
3096 4729 3372 4800 πενιχρὰν,
3417 4745 3506 4779 και
3552 4730 3609 4779 τό
3640 4725 3854 4780 παιδίον

2259 4812 2468 4874 εὐτελῶς
2529 4812 3028 4888 ἓσπαργανωμένονς
3091 4821 3247 4883 Πῶς;
3321 4823 3511 4886 Πρῶτα
3583 4818 3695 4889 μὲν,
3759 4815 3859 4870 ἀπὸ

2257 4908 2350 4955 τοῦ
2411 4901 2751 4976 ἐφισταμένου
2823 4902 3058 4977 ἀστέρος,
3107 4906 3284 4958 ἔπειτα
3333 4901 3393 4959 δε
3440 4909 3528 4959 καὶ
3616 4907 3728 4960 θεία
3783 4927 3862 4968 τις

1780 5205 1999 5277 Variae
2015 5207 2340 5280 lectiones
2372 5216 2575 5278 notae.

569 5353 682 5427 (44)
712 5348 975 5429 Ἑτοιμον,
1010 5345 1362 5423 σχολάζοντα.

567 5498 657 5570 (εἰ),
684 5495 1109 5570 Ινῃηιονιαιιεήιἶ
1137 5493 1421 5570 ’Δνάλωξον
1440 5493 1547 5566 qui
1569 5488 1705 5570 capi
1731 5487 1958 5570 nequit.
1982 5487 2147 5570 Idem

493 5565 853 5648 vocabulum
880 5565 1136 5648 occurrit
1167 5565 1387 5648 pag_.7t
1424 5565 1647 5648 penult.
1683 5565 1794 5638 (col
1816 5565 1952 5620 1147
1987 5566 2082 5648 0)..

567 5640 640 5734 (ε)
665 5640 1056 5719 Superstitem
1087 5653 1223 5698 esse.
1268 5638 1656 5720 Περιγενίσθαι,
1680 5650 1982 5715 superare,
2020 5638 2148 5697 υεη.

2332 5352 2446 5424 (45)
2485 5354 2649 5410 Tom.
2682 5352 2800 5419 VII,
2829 5368 2891 5426 p.
2921 5349 3035 5410 118.

2258 5509 2410 5638 cmi/8).
2442 5566 2617 5624 Tulit.
2654 5567 2947 5640 Suscepit,
2977 5567 3235 5627 sustulit.
