4166 6314
332 336 419 394 145

322 461 551 533 magar;
640 460 1033 535 επληροφόρησε
1103 464 1197 522 τὰς
1280 461 1462 534 ψυχὰς
1518 466 1706 518 αὐτῶν.

316 558 445 604 τοῦτο
498 546 679 618 δῆλον,
721 550 808 621 ἀφ’
858 552 925 601 ὧν
981 557 1338 622 προσήνεγκαν
1388 548 1588 625 δώρων.
1639 552 1896 624 Σύμϐολον

311 642 419 711 γὰρ,
469 640 494 689 6
548 642 640 710 μεν
682 643 908 710 χρυσὸς,
948 637 1239 711 βασιλείαςο
1281 644 1486 712 χρυσὸν
1525 644 1624 713 γὰρ
1664 646 1711 693 οί
1763 643 1897 700 ὑπη-

308 747 409 779 κοοι
467 735 579 786 τοῖς
640 726 922 799 βασιλεῦσι
980 725 1428 803 δασμοφοροῦσιν·
1490 732 1517 781 6
1569 727 1628 781 δὲ
1671 730 1893 797 λίϐανος,

306 819 555 876 θεότητος·
591 816 795 878 λίϐανος
832 820 933 888 γὰρ
978 826 1050 888 τῷ
1085 824 1192 887 Θεῷ
1242 817 1508 889 ἐθυμιᾶτοο
1555 821 1583 876 ἡ
1636 815 1694 871 δε
1731 822 1893 891 σμύρ-

301 925 377 972 να,
424 911 740 979 νεκρωσεως·
811 925 974 977 ταύτῃ
1035 910 1136 980 γὰρ
1203 908 1251 958 οἱ
1316 907 1476 959 πάλαι
1532 912 1647 968 τούς
1688 912 1893 982 νεκρούς

298 994 520 1065 ἤλειφον,
550 996 712 1065 χάριν
750 1002 841 1046 τοῦ
888 999 961 1066 μὴ
1020 997 1299 1065 σήπεσθαι,
1346 994 1485 1067 μηδὲ
1514 998 1675 1057 ὄζειν.
1712 995 1891 1051 Ἔδει-

299 1082 383 1144 ξαν
440 1079 553 1149 οὖν,
626 1083 711 1153 ἀφ’
768 1083 835 1133 ὧν
900 1088 1261 1155 προσήγαγον,
1321 1086 1399 1136 ὅτι
1462 1088 1519 1137 τὸ
1591 1090 1887 1157 φαινόμενον

293 1179 441 1223 τοῦτο
494 1168 711 1224 παιδίον
768 1177 857 1225 καὶ
897 1171 1145 1245 βασιλεύς
1199 1172 1331 1241 ἐστι,
1364 1179 1453 1227 καὶ
1503 1178 1652 1243 Θεὸς,
1683 1180 1771 1227 καὶ
1815 1196 1890 1228 νε-

292 1262 461 1333 κρωθη
474 1279 643 1332 σεται,
678 1264 745 1323 ὡς
773 1262 1064 1335 ἄνθρωπος,
1095 1259 1189 1314 διὰ
1214 1266 1332 1325 τοὺς
1361 1265 1682 1335 ανθρώπους.

358 1530 510 1583 Ἔστι
576 1527 636 1583 δὲ
682 1535 771 1583 καὶ
815 1530 995 1602 ἑτέρως
1049 1530 1227 1597 εἰπεῖν,
1275 1530 1353 1583 ὃτι
1410 1531 1516 1583 ἐπεὶ
1550 1533 1598 1583 οἱ
1646 1530 1883 1603 βασιλεῖς

290 1618 587 1681 Βαϐυλῶνος
648 1624 742 1677 τὴν
799 1618 1137 1693 Ἰερουσαλὴμ
1208 1620 1368 1672 πάλαι
1422 1619 1881 1694 πολιορκήσαντες,

290 1709 350 1758 τά
373 1727 424 1759 τε
466 1709 583 1760 θεῖα
607 1707 845 1779 κειμήλια
871 1707 1229 1777 ἀπεσύλησαν,
1258 1714 1348 1760 καὶ
1376 1712 1466 1770 τὰς
1498 1711 1679 1768 θυσίας
1718 1711 1881 1761 ἔπαυ-

290 1815 397 1861 σαν,
433 1801 524 1847 καὶ
577 1800 662 1847 τὸν
706 1796 827 1847 λαὸν
874 1797 1219 1868 κατέσφαξανο
1254 1799 1283 1854 ἡ
1339 1794 1397 1849 δὲ
1448 1805 1535 1857 τῆς
1590 1796 1881 1857 Βαϐυλῶνος
1915 1822 1959 1875 Β

290 1882 534 1955 βασιλεία
577 1888 708 1957 μετά
754 1890 843 1937 καὶ
899 1894 998 1936 τῶν
1049 1889 1341 1958 χρημάτων
1382 1886 1450 1947 εἰς
1511 1889 1635 1947 τοὺς
1683 1890 1882 1959 Πέρσας

287 1977 551 2043 μετέπεσεο
594 1974 875 2045 κομίζουσι
924 1974 1100 2026 λοιπὸν
1148 1978 1197 2027 οἱ
1236 1980 1453 2046 Πέρσαι,
1484 1972 1742 2045 διάδοχοι
1781 1982 1881 2025 τῶν

288 2061 620 2113 Βαϐυλωνίων
667 2068 954 2133 γεγονότες,
1006 2072 1078 2131 τῷ
1137 2068 1368 2136 Δεσπότη
1423 2071 1514 2115 τοῦ
1562 2062 1880 2134 ἀτιμασθέν-

283 2169 365 2211 τος
420 2155 541 2203 τότε
592 2159 716 2203 ναοῦ
780 2155 984 2223 χρυσὸν
1036 2156 1146 2224 μὲν,
1200 2152 1312 2205 ἀντὶ
1361 2162 1461 2204 τῶν
1509 2152 1880 2226 ἀφαιρεθέντων

284 2248 501 2313 χρυσῶν
569 2240 867 2312 κειμηλίωνο
936 2240 1139 2293 λίϐανον
1203 2239 1282 2311 δὲ,
1337 2244 1450 2294 ἀντὶ
1503 2251 1602 2294 τῶν
1663 2243 1876 2293 θυσιῶν·

281 2330 510 2403 σμύρναν
540 2326 622 2399 δὲ,
655 2331 780 2405 ὑπὲρ
834 2338 933 2382 τῶν
962 2335 1415 2403 κατασφαγέντων.

346 2510 412 2559 Σύ
468 2505 531 2560 δε
584 2511 825 2579 γίνωσκε,
867 2511 946 2560 ὅτι
993 2511 1164 2580 ὥσπερ
1214 2512 1263 2561 οἱ
1294 2511 1487 2580 Μάγοι,
1516 2510 1558 2560 εἰ
1598 2509 1667 2580 μή
1702 2507 1877 2582 πόῤῥω

272 2605 365 2658 τῆς
410 2598 609 2649 ἑαυτῶν
658 2596 882 2668 ἐγένοντο
925 2605 1043 2668 γῆς,
1084 2598 1178 2649 οῦκ
1224 2599 1284 2650 ἄν
1317 2595 1454 2650 εἶδον
1491 2601 1578 2650 τόν
1622 2602 1872 2668 Χριστόν·

275 2687 435 2747 οὕτως
488 2682 617 2737 οὐδὲ
667 2686 820 2746 αὐτὸς
881 2705 1061 2738 τουτον
1112 2684 1258 2758 ἴδῃς,
1309 2688 1351 2738 εἰ
1420 2692 1490 2758 μὴ
1550 2686 1725 2760 πόρρω
1776 2695 1874 2737 τῶν

275 2778 464 2845 γηίνων
525 2778 761 2845 σχέσεων
800 2774 1054 2847 ἀποστῇς.
1099 2782 1253 2847 Ἄφες
1302 2780 1486 2827 καὶσὺ
1535 2779 1621 2826 τόν
1674 2774 1876 2827 ἐπίϐου-

278 2863 359 2915 λον
408 2862 660 2936 βασιλέα,
700 2869 789 2916 καὶ
836 2868 929 2921 τὴν
974 2869 1353 2938 ταραττομένην
1395 2864 1564 2930 πόλιν,
1614 2864 1745 2934 λέγω
1804 2861 1871 2922 δὴ

283 2956 364 3002 τὸν
428 2948 763 3024 ἐνεδρεύοντα
826 2957 1239 3027 κοσμοκράτορα,
1294 2958 1383 3006 καὶ
1456 2958 1550 3011 τὴν
1604 2952 1873 3011 πολιτικήν

282 3040 485 3111 τύρϐην,
547 3045 635 3092 καὶ
674 3048 897 3093 σπεῦσον
958 3040 1040 3094 ἐπὶ
1096 3046 1182 3093 τὸν
1238 3047 1489 3116 Χριστόν.
1543 3043 1649 3095 Κοῖν
1709 3044 1871 3113 μάγος

281 3135 546 3203 περίεργος
603 3133 729 3193 εἴης,
774 3132 870 3182 κᾶν
935 3131 1129 3201 ποιμὴν
1177 3130 1390 3200 ἁπλοῦς,
1415 3127 1565 3183 οὐδέν
1602 3149 1659 3183 σε
1710 3129 1871 3182 κωλύ-
1909 3174 1949 3231 C

280 3236 357 3269 σει
414 3227 593 3287 τοῦτο,
640 3223 790 3290 μόνον
840 3217 942 3283 ἐάν,
994 3218 1136 3280 ἄξιον
1188 3223 1402 3271 σεαυτόν
1460 3222 1707 3281 τοιαύτης
1753 3221 1869 3280 θέας

276 3306 721 3382 ἀπεργασάμενος,
771 3308 853 3359 ἐπὶ
899 3316 970 3376 τῷ
1022 3316 1389 3382 προσκυνῆσαι
1436 3309 1586 3380 ἣκῃς,
1653 3312 1743 3359 καὶ
1794 3312 1864 3379 μὴ

274 3394 355 3447 ἐπὶ
416 3397 488 3467 τῷ
540 3395 820 3467 ἀτιμάσαι,
862 3401 962 3448 Καὶ
1006 3398 1107 3467 γὰρ
1154 3394 1396 3467 ἀτιμάζει
1444 3400 1530 3448 τόν
1576 3400 1803 3469 Χριστὸν
1841 3398 1866 3447 6

270 3486 492 3547 ἀναξίως
538 3485 696 3537 αὐτοῦ
741 3483 1165 3555 μεταλαμϐάνων.
1221 3491 1318 3537 Και
1356 3487 1661 3558 προσάγαγε
1705 3485 1863 3555 αύτῷ,

273 3571 384 3625 ἀντὶ
446 3578 539 3646 μὲν
612 3581 838 3647 ⁴περυσοῦ,
913 3572 1255 3645 λαμπρότητα
1331 3575 1570 3647 καθαρῶν
1635 3574 1867 3648 πραξεων

272 3666 356 3713 καὶ
385 3668 575 3734 τιμίων
600 3662 782 3733 λόγων·
816 3661 930 3713 ἀντὶ
974 3658 1032 3713 δὲ
1056 3661 1286 3728 λιϐάνου,
1314 3667 1639 3736 προσευχήν·
1672 3669 1867 3715 Κατευ-

274 3752 512 3808 θυνθητω
549 3752 671 3824 γὰρ,
702 3756 879 3821 φησὶν,
925 3752 954 3807 ἡ
1009 3752 1282 3824 προσευχὴ
1326 3770 1447 3822 μου,
1511 3753 1578 3811 ὡς
1634 3753 1870 3822 θυμίαμα

272 3838 484 3891 ἐνώπιόν
530 3858 643 3891 σουο
690 3842 803 3891 ἀντὶ
835 3834 893 3890 δὲ
943 3840 1195 3910 σμύρνης,
1227 3842 1475 3913 νέκρωσιν
1522 3840 1722 3905 παθῶν,
1754 3837 1869 3900 ἣτις

271 3927 505 3998 μάλιστα
552 3932 761 3999 συνέχει
806 3931 895 3983 τὴν
925 3926 1109 3978 οὐσίαν
1152 3934 1245 3989 τῆς
1289 3927 1496 3999 ψυχῆς,
1530 3931 1621 3979 καὶ
1652 3923 1871 3987 εὐωδίας

272 4014 502 4087 ἐμπίπλη
512 4036 565 4068 σι

342 4110 528 4158 Σκόπει
595 4102 674 4171 δὲ,
731 4105 809 4158 ὃτι
862 4112 958 4157 τῶν
1010 4106 1203 4177 Μάγὼν
1248 4104 1491 4157 ἐλθόντων
1549 4105 1616 4165 εἰς
1657 4104 1871 4179 Ἱεροσό-

274 4191 429 4265 λυμα,
472 4200 562 4246 καὶ
608 4199 725 4268 περὶ
771 4201 860 4247 τοῦ
911 4193 1127 4267 ἀστέρος
1180 4194 1443 4259 εἰπόντων,
1492 4195 1643 4255 εὐθὺς
1696 4194 1872 4267 ἐθορυ-

278 4279 409 4340 ϐήθη
440 4289 589 4335 πᾶσα
620 4285 649 4341 ἡ
691 4283 839 4345 πόλις
868 4288 955 4335 καὶ
1004 4284 1029 4333 ὁ
1074 4288 1332 4356 προφήτης
1376 4283 1445 4345 εἰς
1499 4288 1654 4355 μέσον
1694 4284 1867 4354 ἣγετο,

280 4375 365 4421 καὶ
431 4373 457 4422 6
516 4379 605 4423 τοῦ
644 4376 797 4424 τόκου
850 4376 1005 4432 τόπος
1063 4370 1381 4444 ἐφανεροῦτο,
1425 4371 1515 4423 καί
1567 4371 1695 4423 ἅλλα
1753 4374 1871 4424 τινὰ

285 4456 493 4529 ἐγίνετο,
544 4462 611 4512 τὰ
669 4463 804 4512 κατὰ
870 4464 990 4521 τούς
1045 4458 1435 4532 ἁγραυλοῦντας
1487 4464 1751 4532 ποιμένας,
1803 4461 1870 4511 τὰ

285 4550 415 4598 κατὰ
465 4553 581 4609 τοὺς
650 4548 916 4610 αἰνοῦντας
974 4551 1059 4600 τὸν
1124 4552 1244 4601 Θεὸν
1299 4548 1566 4619 ἀγγέλους,
1605 4551 1672 4601 τὰ
1736 4551 1869 4601 κατά

292 4636 373 4683 τὸν
445 4642 669 4709 Συμεὼν,
720 4640 785 4688 τὰ
850 4639 985 4689 κατὰ
1048 4640 1141 4694 τὴν
1208 4642 1410 4703 Ἄνναν,
1467 4638 1594 4711 ἅπερ
1664 4643 1869 4698 Λουκᾶς

292 4717 555 4797 ἀνέγραψε.
618 4732 795 4778 Ταῦτα
868 4722 927 4777 δὲ
1001 4728 1171 4777 πάντα
1232 4724 1461 4792 ἐτελεῖτο,
1528 4727 1629 4793 ἶνα,
1696 4728 1867 4789 καθὼς

287 4817 674 4885 προειρήκαμεν,
716 4819 783 4885 μὴ
842 4809 1097 4865 δύνωνται
1148 4813 1306 4885 λέγειν
1365 4814 1437 4873 εἰς
1491 4813 1705 4889 ὕστερον
1743 4814 1871 4867 Ἰου-

1902 4519 1947 4574 D

290 4893 442 4970 δαίοι,
481 4903 559 4953 ὅτι
607 4902 700 4953 ούκ
748 4903 993 4973 ἔγνωσαν,
1044 4906 1166 4954 πότε
1201 4893 1543 4973 γεγέννηται.
1604 4908 1703 4955 Καὶ
1746 4905 1867 4975 γὰρ,

287 4984 353 5047 ὣς
394 5008 546 5059 φησιν
592 4991 616 5041 6
660 4995 1038 5062 Χρυσόστομος
1085 4990 1221 5062 (46),
1259 4991 1394 5063 ἄχρι
1452 4990 1871 5065 συμπληρώσεως

284 5083 379 5125 τῶν
435 5079 634 5152 ἡμερῶν
688 5085 778 5130 τοῦ
843 5081 1192 5152 καθαρισμοῦ,
1274 5083 1538 5132 τουτέστιν
1597 5078 1680 5132 ἐπὶ
1756 5098 1871 5131 τεσ-

288 5167 577 5235 σαράκοντα
600 5168 813 5241 ἡμέρας,
842 5166 889 5219 ἓν
944 5167 1170 5240 Βηθλεὲμ
1202 5165 1262 5225 ἧν
1318 5171 1373 5221 τὸ
1402 5164 1634 5221 παιδίον·
1680 5172 1779 5223 Καὶ
1827 5186 1870 5220 ει

354 5345 400 5379 ³⁸
428 5343 579 5401 Psal.
612 5359 737 5409 cn,
770 5349 828 5403 2.
913 5346 959 5381 ⁸⁷
984 5346 1119 5402 Luc.
1164 5363 1224 5417 ιι,
1257 5347 1401 5403 8-38.

1296 334 1655 392 COMMENT.
1701 336 1770 392 IN
1809 335 2260 395 MATTHIEUM.
2302 368 2370 378 —-
2409 337 2561 394 CAP.
2597 335 2665 395 ll.

1800 468 1899 518 Καὶ
1932 465 1979 519 Α
2006 462 2111 520 bat
2139 482 2151 520 :
2186 464 2403 520 deinde
2428 469 2627 521 autem
2682 464 2961 535 splendor
2989 465 3242 538 quidam
3271 462 3511 523 divinus
3532 464 3659 523 ani-

3559 335 3662 398 146

2006 568 2137 607 mas
2173 552 2439 625 ipsorum
2491 553 2845 620 illustrabat,
2906 560 2963 611 et
3009 554 3172 611 hunc
3210 554 3657 612 manifestabat.

2005 640 2322 712 Propterea
2361 641 2905 698 obtulerunteihzec
2923 660 3192 700 munera.
3226 646 3451 700 Aurum
3477 643 3662 716 siqui-

2004 729 2141 784 dem
2171 730 2351 799 regiae
2376 730 2676 800 dignitatis
2704 737 2829 787 erat
2855 733 3194 804 symbolum
3226 733 3476 800 ;subditi
3497 733 3659 789 enim

2002 834 2150 873 auro
2180 818 2398 875 tributa
2426 820 2669 889 regibus
2692 821 2964 891 pendunt
2996 822 3166 885 ;thus
3217 826 3418 878 autem
3448 822 3658 877 divini-

2000 907 2156 972 tatis,
2201 910 2367 962 thure
2414 923 2667 979 namque
2718 911 2837 964 Deo
2876 909 3180 977 adoletur;
3229 911 3470 982 myrrha
3511 926 3655 967 vero

1998 995 2393 1064 mortalitatis,
2405 996 2519 1052 hac
2532 995 2692 1051 enim
2706 1001 2933 1052 veteres
2951 998 3256 1069 ungebant
3271 1004 3559 1064 mortuos,
3575 1013 3651 1054 ne

2000 1090 2419 1154 pnu'escerent,
2450 1091 2553 1141 aut
2605 1100 2850 1154 gravem
2879 1086 3199 1142 redderent
3239 1085 3507 1142 odorem.
3556 1085 3650 1141 Ab

1997 1175 2089 1228 his
2118 1174 2313 1243 igitur,
2346 1190 2484 1245 quae
2529 1173 2919 1245 protulerunt,
2974 1174 3351 1242 muneribus,
3403 1174 3654 1231 demon-

1997 1264 2259 1317 strarunt
2314 1278 2453 1317 eum
2496 1261 2601 1334 qui
2640 1262 2916 1333 apparuit
2973 1278 3251 1334 puerum,
3306 1266 3362 1319 et
3432 1265 3652 1333 Regem

1997 1364 2132 1405 esse
2166 1355 2224 1406 et
2268 1354 2477 1421 Deum,
2511 1366 2578 1407 ac
2606 1355 2896 1424 tanquam
2924 1352 3236 1409 hominem
3273 1357 3517 1425 propter
3544 1352 3653 1409 ho-

1992 1439 2185 1494 mines
2223 1441 2577 1497 moriturum
2592 1484 2605 1497 .

2064 1530 2255 1583 Potest
2302 1545 2545 1602 quoque
2586 1535 2642 1587 et
2686 1529 2803 1586 alio
2859 1530 3044 1586 modo
3095 1529 3233 1597 dici,
3281 1529 3449 1602 quod
3500 1529 3648 1602 quia

1990 1616 2179 1684 Reges
2201 1616 2520 1687 Babylonis
2557 1617 2877 1674 Jerusalem
2906 1618 3219 1690 quondam
3270 1632 3649 1690 expugnave-

1990 1708 2143 1773 rant,
2203 1720 2270 1759 ac
2327 1705 2562 1761 divinos
2636 1706 2943 1763 thesauros
3016 1707 3339 1779 depraadati
3387 1706 3644 1773 fuerant,

1992 1796 2047 1847 et
2065 1793 2289 1847 hostias
2340 1808 2575 1849 cessare
2631 1794 2911 1860 fecerant,
2955 1795 3370 1867 populumque
3412 1794 3649 1866 jugula-

1992 1888 2193 1936 verant
2226 1898 2239 1946 ;
2272 1896 2524 1950 regnum
2554 1887 2755 1938 autem
2811 1883 3131 1954 Babylonis
3188 1899 3313 1939 una
3352 1899 3487 1939 cum
3520 1883 3647 1938 suis

1990 1970 2281 2025 thesauris
2302 1970 2379 2026 ad
2405 1971 2615 2027 Persas
2653 1971 2995 2028 devolutum
3024 1975 3150 2027 erat
3187 1988 3199 2026 :
3231 1972 3362 2028 ideo
3390 1971 3648 2029 aﬁ‘erunt

1991 2058 2181 2114 Persas
2231 2059 2698 2130 Babyloniorum
2771 2060 3035 2117 hairedes
3111 2061 3367 2117 Domino
3419 2060 3642 2134 templi.

1988 2148 2153 2220 quod
2176 2152 2314 2204 tunc
2344 2149 2705 2206 contumelia
2731 2149 3009 2206 affectum
3041 2149 3251 2215 fuerat,
3276 2166 3492 2207 aurum
3517 2150 3647 2223 qui-

1988 2237 2128 2293 dem
2157 2253 2262 2308 pro
2289 2237 2529 2294 sublatis
2566 2238 2696 2294 auri
2751 2238 3067 2305 thesauris,
3118 2239 3252 2295 thus
3290 2244 3492 2297 autem
3534 2254 3645 2312 pro

1988 2325 2222 2390 hostiis,
2244 2327 2549 2397 myrrham
2593 2342 2735 2384 vero
2765 2342 2874 2399 pro
2899 2327 3210 2399 jugulatis.

2057 2417 2141 2469 Tu
2168 2414 2374 2470 itidem
2394 2415 2669 2481 observa,
2698 2416 2864 2487 quod
2908 2416 3418 2487 quemadmodum
3465 2419 3641 2489 Magi,

1985 2502 2099 2558 nisi
2138 2504 2316 2573 longe
2344 2520 2379 2559 a
2417 2503 2657 2575 propria
2685 2508 2840 2561 terra
2881 2505 3282 2573 recessissent,
3343 2505 3644 2563 Christum

1987 2606 2372 2663 nequaquam
2403 2592 2705 2659 vidissent,
2740 2594 2821 2650 ita
2859 2609 3053 2665 neque
3083 2598 3146 2649 tu
3183 2595 3387 2665 ipsum
3437 2594 3641 2652 videre

1984 2681 2228 2753 poteris,
2261 2681 2377 2735 nisi
2408 2681 2585 2750 longe
2613 2698 2649 2738 a
2678 2682 2925 2737 terrenis
2960 2682 3273 2738 atfectibus
3300 2684 3639 2740 recesseris.

1983 2770 2219 2825 Dimitte
2250 2777 2307 2825 et
2346 2775 2408 2825 tu
2439 2786 2682 2842 quoque
2712 2784 2915 2841 regem
2960 2770 3206 2828 insidias
3234 2775 3541 2843 parantem
3568 2787 3641 2830 ac

1984 2858 2283 2915 turbatam
2317 2858 2618 2915 civitatem
2661 2876 2675 2926 ;
2707 2859 2842 2915 dico
2873 2875 3017 2915 sane
3056 2860 3439 2917 insidiantem
3469 2876 3643 2918 mun-

1982 2946 2039 3002 di
2069 2951 2374 3013 rectorem,
2404 2948 2847 3020 tumultumque
2876 2948 3309 3017 civitatis,etad
3338 2949 3641 3007 Christum

1980 3035 2215 3092 festina.
2250 3036 2382 3091 Sive
2412 3037 2571 3092 enim
2612 3040 2816 3106 Magus
2845 3036 3027 3093 fueris
3076 3038 3312 3095 curiosa
3359 3042 3637 3106 sectatus,

1980 3124 2101 3179 sive
2133 3128 2334 3196 pastor
2364 3125 2635 3197 simplex,
2688 3126 2838 3183 nihil
2869 3125 2931 3180 id
2971 3126 3077 3182 tibi
3127 3126 3403 3193 abfuerit,
3454 3126 3639 3185 modo

1983 3213 2083 3269 tali
2114 3213 2343 3269 visione
2374 3214 2633 3285 teipsum
2671 3214 2920 3285 dignum
2958 3215 3237 3285 reddens,
3279 3215 3359 3272 ad
3379 3232 3518 3272 eum
3545 3232 3640 3273 ve-

1978 3303 2109 3357 nias
2132 3301 2532 3365 adorandum,
2565 3308 2620 3357 et
2648 3317 2771 3358 non
2794 3303 2873 3358 ad
2922 3303 3432 3362 inhonorandum.
3474 3304 3637 3360 Chri~

1979 3396 2138 3447 stum
2209 3390 2505 3462 siquidem
2569 3391 2906 3458 inhonorat,
2977 3394 3080 3463 qui
3128 3393 3330 3465 ipsum
3392 3393 3637 3464 indigne

1977 3480 2203 3552 recipit.
2240 3480 2454 3552 Sicque
2479 3480 2626 3536 offer
2684 3481 2799 3552 ipsi
2854 3496 2960 3552 pro
3019 3498 3169 3538 auro
3228 3483 3477 3554 quidem
3530 3498 3639 3554 pu-

1975 3586 2182 3627 rorum
2233 3585 2487 3642 operum
2557 3570 2936 3642 splendorem
2973 3588 2986 3638 ;
3019 3588 3130 3644 pro
3191 3572 3362 3629 thure
3439 3575 3637 3629 autem

1977 3658 2352 3715 orationem:
2386 3660 2708 3729 Dirigatur
2753 3660 2915 3715 enim
2971 3662 3165 3717 oratio
3216 3676 3367 3729 mea,
3420 3661 3634 3733 inquit,

1976 3750 2120 3805 sicut
2139 3750 2441 3804 incensum
2502 3748 2566 3803 in
2597 3754 2903 3816 conspectu
2957 3754 3057 3805 tuo
3121 3752 3191 3806 “.
3245 3751 3352 3805 Pro
3389 3750 3638 3821 myrrha

1977 3851 2119 3893 vero
2177 3834 2561 3891 affectionum
2627 3835 3171 3900 mortiﬁcationem,
3248 3852 3385 3907 quae
3437 3837 3635 3905 magis

1979 3926 2293 3982 conservat
2360 3922 2576 3978 anima)
2626 3921 3053 3992 substantiam,
3101 3926 3156 3981 et
3206 3924 3373 3981 suavi
3427 3924 3637 3996 implet

1980 4013 2189 4072 odore.

2052 4100 2376 4158 Considera
2454 4100 2654 4164 etiam,
2730 4100 2898 4173 quod
2952 4101 3141 4172 Magis
3224 4101 3635 4175 Hierosolyma

1979 4190 2468 4262 ingredientibus,
2500 4188 2638 4245 etde
2666 4188 3251 4263 stellaloquentibus,
3280 4190 3480 4248 statim
3509 4194 3634 4249 tota

1979 4280 2188 4337 civitas
2212 4279 2452 4335 turbata
2488 4282 2594 4347 est,
2626 4278 3041 4351 prophetaque
3069 4279 3129 4335 in
3154 4279 3418 4336 medium
3444 4279 3634 4336 addu-

1978 4373 2107 4425 ctus
2120 4372 2225 4435 est,
2254 4382 2326 4424 ac
2353 4367 2521 4423 locus
2551 4370 2756 4438 partus
2778 4366 3205 4425 manifestatus.
3235 4371 3302 4425 Et
3325 4368 3443 4426 alia
3470 4384 3634 4441 quaa-

1978 4457 2121 4513 dam
2142 4456 2297 4512 facta
2317 4458 2457 4511 sunt
2488 4471 2501 4509 :
2531 4459 2654 4512 tum
2669 4455 2825 4512 circa
2852 4460 3114 4528 pastores
3144 4455 3208 4512 in
3246 4472 3391 4527 agro
3412 4456 3632 4527 degen-

1979 4549 2083 4610 tes,
2121 4548 2247 4600 tum
2272 4543 2430 4600 circa
2458 4544 2704 4613 angelos
2728 4544 2917 4601 Deum
2945 4545 3271 4612 laudantes,
3302 4550 3433 4602 tum
3475 4544 3633 4603 circa

1978 4635 2316 4690 Simeonem
2396 4636 2453 4689 et
2502 4634 2757 4699 Annam,
2812 4649 2947 4705 quin
3018 4635 3207 4690 Lucas
3266 4633 3503 4705 scripsit
3555 4636 3627 4692 ³⁷.

1978 4725 2114 4779 Haec
2144 4726 2343 4779 autem
2374 4721 2575 4778 omnia
2609 4721 2901 4793 completa
2944 4727 3080 4778 sunt
3118 4726 3199 4788 ut,
3229 4722 3626 4794 quemadmo-

1977 4813 2125 4868 dum
2145 4811 2428 4880 diximus,
2459 4825 2580 4865 non
2600 4814 2851 4881 possent
2880 4810 2943 4865 in
2975 4813 3275 4881 posterum
3304 4810 3500 4865 dicere
3526 4811 3631 4866 Ju-

1978 4901 2093 4956 daei
2133 4919 2152 4956 :
2178 4901 2316 4967 Nos,
2361 4897 2609 4971 quando
2667 4902 2843 4953 natus
2873 4901 2978 4963 est,
3033 4913 3155 4954 non
3206 4897 3624 4970 cognovimus.

1978 4989 2224 5058 Etenim,
2258 4989 2405 5044 sicut
2434 4986 2575 5043 dicit
2595 4986 3069 5058 Chrysostomus,
3101 4986 3396 5060 usquead
3420 4986 3631 5059 imple-

1977 5078 2203 5132 tionem
2250 5076 2481 5132 dierum
2560 5074 3016 5142 Puriﬁcationis,
3070 5075 3187 5133 hoc
3225 5079 3312 5133 est
3349 5076 3428 5132 ad
3485 5092 3631 5149 qua-

1977 5166 2253 5238 draginta
2282 5166 2427 5232 dies,
2461 5164 2682 5223 mansit
2732 5180 2880 5238 puer
2934 5166 3231 5227 Bethleem
3262 5169 3366 5236 ;ut
3389 5165 3504 5224 nisi
3530 5181 3629 5222 vo-

1485 5470 1706 5540 Varias
1750 5469 2076 5540 lectiones
2126 5476 2191 5539 et
2228 5478 2431 5538 notae.

361 5614 468 5690 (46)
499 5615 663 5675 Tom.
697 5614 813 5683 VII,
855 5632 911 5687 p.
951 5614 1075 5672 103.
