4166 6314
549 374 656 431 147
1882 365 2194 424 EUTHYMI

2285 362 2584 422 iIGABENI
3812 369 3840 422 1
3853 368 3930 424 48

552 499 804 558 luntarie
818 496 1288 563 obsurduissent,
1321 494 1647 567 oculosque
1660 492 2006 550 clausissent
2019 492 2098 548 ad
2114 507 2197 558 ea;

2286 495 2389 563 pa?)
2460 490 2659 552 ἑκόντες
2713 489 2961 563 ἐκώφευον
3026 494 3116 543 καὶ
3163 492 3315 563 ἓμυον
3368 493 3500 564 πρὸς
3551 493 3618 544 τὰ
3671 491 3931 566 λεγόμενα

559 605 696 659 quae
710 588 868 644 dicta
890 587 984 643 vel
1003 588 1136 643 visa
1161 590 1317 652 sunt,
1341 584 1646 641 venissent
1667 583 1864 655 utique
1889 582 2204 650 Bethleem,

2316 584 2406 632 καὶ
2485 582 2739 654 ὁρώμενα,
2809 582 3012 642 πάντως
3085 580 3146 630 ἂν
3227 579 3468 638 εἰσῆλθον
3536 579 3605 640 εἰς
3669 581 3920 654 Βηθλεὲμ,

551 679 871 751 ipsumque
901 675 1208 732 vidissent.
1253 678 1414 731 Nunc
1445 678 1645 730 autem
1675 675 1860 728 Persa:
1892 687 1929 727 a
1987 671 2196 726 ﬁnibus

2315 673 2403 720 καὶ
2460 665 2598 720 εἶδον
2662 667 2804 722 αὐτὸ.
2863 675 2968 720 Νῦν
3029 664 3088 721 δὲ
3149 671 3348 730 Πέρσαι
3387 672 3476 740 μὲν
3534 668 3633 720 ἀπὸ
3679 671 3919 743 περάτων

550 770 718 821 terra:
769 779 966 836 usque
1018 763 1314 819 Bethleem
1363 764 1707 817 venerunt:
1765 759 1990 815 Hebrtei
2063 775 2195 816 vero

2313 766 2405 817 τῆς
2453 758 2757 829 οἰκουμένης
2791 753 2944 816 ἦλθον
3003 758 3097 819 ἓως
3151 765 3242 817 τῆς
3282 757 3530 828 Βηθλεὲμ,
3581 756 3808 832 Ἑϐραῖοι
3855 757 3921 811 δέ

547 853 840 910 Bethleem
921 852 1516 922 circumadiacentes,
1559 849 1753 921 ipsam
1804 846 2035 916 ingredi
2098 862 2192 902 no-

2314 848 2740 920 παρακαθήμενοι
2814 853 2876 917 τῇ
2933 846 3176 918 Βηθλεὲμ,
3246 847 3339 899 οὐκ
3421 845 3679 904 ἠθελησαν
3754 847 3920 900 εἰσελ-

544 941 803 1008 luerunt,
834 955 1031 1013 neque
1061 956 1133 996 ea
1182 940 1403 1006 videre,
1447 952 1583 1010 quae
1630 936 1709 993 ab
1758 935 1852 991 his
1906 935 2009 1007 qui
2042 935 2189 990 vide-

2315 936 2417 986 θεῖν
2474 934 2544 995 εἰς
2601 936 2783 1002 αὐτὴν,
2826 931 2950 987 οὐδὲ
3003 931 3130 986 ἰδεῖν
3205 937 3271 986 τὰ
3342 937 3481 1007 παρὰ
3527 943 3627 987 τῶν
3681 936 3913 1010 ὁρώντων

542 1034 694 1096 rant,
754 1028 984 1086 fuerant
1020 1028 1352 1098 divulgata.
1408 1030 1556 1082 Nam
1609 1030 1664 1081 et
1694 1030 1966 1097 pastores
2013 1024 2187 1080 omni-

2314 1023 2680 1096 θρυλλούμενα.
2733 1027 2834 1075 Καὶ
2879 1025 2980 1096 γὰρ
3038 1027 3128 1075 καὶ
3213 1025 3264 1075 οἱ
3304 1027 3540 1096 ποιμένες
3592 1029 3773 1090 πᾶσιν,
3831 1023 3914 1087 οἷς

542 1118 663 1174 bus
689 1117 800 1173 sibi
831 1116 1280 1174 occurrentibus
1307 1115 1746 1178 nuntiaverunt,
1763 1112 2187 1186 quaeviderant;

2311 1115 2671 1182 ἐνετύγχανον,
2713 1110 3012 1183 ἀνήγγελον,
3067 1111 3102 1162 ἄ
3144 1109 3304 1176 εἶδον,
3339 1121 3404 1172 ῶς
3448 1111 3646 1187 εἶρηκεν
3703 1114 3728 1164 6
3773 1118 3913 1166 Λου-

544 1206 867 1263 sicutdixit
893 1207 1082 1262 Lucas
1114 1205 1180 1259 ³⁸.
1218 1205 1408 1260 Persae
1465 1218 1723 1276 quoque,
1773 1201 1878 1273 qui
1931 1206 2067 1257 ante
2099 1217 2189 1272 po-

2309 1206 2422 1260 κᾶς.
2477 1203 2544 1252 Οἱ
2582 1205 2759 1273 μέντοι
2804 1205 3022 1272 Πέρσαι,
3053 1203 3154 1272 πρό
3184 1209 3276 1253 τοῦ
3312 1197 3486 1272 δήμου
3526 1209 3626 1252 τῶν
3662 1199 3913 1274 Ἐϐραίων

543 1295 757 1369 pulum
797 1293 1182 1350 Hebraeorum
1221 1292 1503 1348 Christum
1551 1291 1850 1354 viderunt,
1901 1288 2073 1361 quasi
2116 1289 2188 1344 fa-

2312 1285 2506 1351 ἰδόντες
2561 1292 2648 1340 τόν
2707 1293 2956 1363 Χριστόν,
3017 1287 3297 1360 έσὴμαναν,
3359 1292 3428 1350 ὡς
3485 1287 3532 1340 ἐν
3603 1288 3909 1361 συμϐόλοις,

499 1399 502 1402 ’
542 1388 637 1441 cto
667 1383 744 1456 (g)
785 1383 1202 1454 signiﬁcarunt
1229 1385 1434 1451 gentes
1459 1383 1593 1436 ante
1623 1379 1913 1452 populum
1935 1378 2144 1434 Hebraei

2309 1379 2386 1428 ὃτι
2440 1379 2506 1429 τὰ
2557 1379 2674 1435 ἔθνη
2729 1381 2830 1448 πρὸ
2891 1385 2982 1430 τοῦ
3047 1374 3221 1449 δήμου
3268 1386 3368 1429 τῶν
3404 1376 3650 1452 Ἑϐραίων
3691 1378 3913 1449 ἐπιγνώ-

537 1489 675 1530 rum
706 1474 904 1545 ipsum
924 1471 1230 1542 agnituras
1256 1485 1268 1535 ;
1297 1469 1462 1542 quod
1492 1469 1672 1524 etiam
1688 1469 1904 1523 Paulus
1929 1467 2074 1522 dixit
2102 1470 2182 1522 Jul

2309 1484 2488 1516 σονται
2551 1464 2724 1519 αὐτόν.
2755 1464 2920 1538 Ὅπερ
2959 1470 3048 1518 καὶ
3089 1468 3115 1518 6
3165 1465 3363 1528 Παῦλος
3420 1466 3558 1536 ἔλεγε
3608 1468 3737 1540 πρὸς
3790 1465 3910 1536 (47)

538 1561 684 1617 dacis
719 1577 731 1616 :
770 1561 940 1617 Vobis
965 1561 1195 1632 quidem
1211 1559 1472 1627 oportuit
1490 1559 1753 1627 primum
1787 1558 1952 1627 loqui
1964 1555 2183 1612 verbum

2307 1549 2581 1613 Ιουδαίους
2615 1572 2627 1586 ·
2681 1555 2761 1604 ὅτι
2825 1553 2968 1626 Ὑμῖν
3054 1553 3332 1624 ἀναγκαῖον
3393 1555 3507 1625 (48)
3569 1550 3629 1612 ἧν
3686 1551 3913 1626 πρῶτον’

536 1652 648 1708 Dei
673 1653 719 1686 ³⁹
753 1667 767 1706 :
799 1666 868 1706 ex
885 1665 1007 1722 quo
1022 1653 1220 1704 autem
1250 1647 1532 1717 indignos
1559 1662 1670 1703 vos
1698 1645 2027 1716 judicastis,
2059 1659 2181 1700 ecce

2304 1639 2592 1700 λαληθῆναι
2638 1645 2726 1692 τὸν
2784 1641 2934 1712 λόγον
3002 1648 3095 1693 τοῦ
3155 1647 3369 1713 Κυρίου·
3427 1638 3606 1699 ἐπειδὴ
3675 1638 3734 1693 δε
3787 1641 3911 1693 ἀνα-

535 1739 934 1798 convertimur
973 1739 1051 1795 ad
1092 1741 1315 1810 gentes.

2305 1728 2447 1791 ξίους
2520 1729 2739 1789 ἑαυτοὺς
2822 1729 3074 1802 ἐκρίνατε.
3137 1726 3253 1782 ἰδοὺ
3332 1731 3658 1802 στρεφόμεθα
3707 1729 3777 1789 εἰς
3839 1732 3911 1782 τὰ

2226 1838 2268 1891 Β
2311 1820 2452 1876 ἔθνη.

606 1917 769 1972 Vers.
808 1919 891 1972 12.
924 1916 1003 1970 Et
1033 1914 1276 1970 oraculo
1307 1917 1546 1982 accepto
1576 1941 1646 1951 —
1674 1911 1973 1981 regionem
1999 1923 2186 1966 suam.

2377 1910 2478 1959 Κάὶ
2537 1907 2989 1980 χρηματισθέντες
3039 1938 3107 1946 ——
3164 1911 3344 1979 χώραν
3397 1906 3587 1962 αὐτῶν.
3650 1908 3758 1979 Πρὸ
3812 1907 3904 1977 μεν

535 2007 874 2076 Antequam
895 2017 1150 2075 puerum
1192 2001 1502 2066 vidissent,
1571 1998 1737 2055 stella
1785 1998 2071 2054 ducatum
2107 1999 2180 2054 eis

2300 2002 2396 2048 τοῦ
2429 1991 2558 2047 ἰδεῖν
2597 1998 2654 2046 τὸ
2683 1991 2919 2065 παιδίον,
2963 1997 3135 2067 ἀστὴρ
3180 1997 3371 2056 αὐτοὺς
3410 1992 3603 2066 ὡδήγει
3637 2012 3648 2024 ⁶
3683 1996 3810 2067 μετὰ
3843 1991 3906 2046 δὲ

533 2091 849 2165 praestitit:
882 2094 1200 2162 postquam
1234 2092 1430 2144 autem
1477 2088 1763 2153 viderunt,
1813 2087 2064 2159 angelus
2094 2087 2178 2142 de-

2300 2085 2358 2134 τὸ
2425 2079 2574 2151 ἰδεῖν,
2635 2082 2850 2153 ἅγγελος
2913 2085 3088 2146 αὐτοῖς
3137 2083 3336 2150 λοιπὸν,
3418 2085 3489 2146 ὡς
3547 2085 3897 2154 άγιασθείσιν,

532 2181 737 2252 inceps
763 2178 934 2251 quasi
955 2179 1083 2248 jam
1114 2175 1514 2234 sanctiﬁcatos
1539 2175 1885 2247 alloquitur.
1911 2175 2177 2240 Oracuto,

2301 2170 2484 2242 ὁμιλεῖ.
2546 2172 2994 2243 Χρηματισθέντες
3047 2168 3126 2238 δε,
3185 2171 3299 2224 ἀντὶ
3344 2179 3457 2237 τοῦ,
3517 2170 3903 2243 Παραγγελθέν-

532 2269 744 2341 inquit,
773 2272 1034 2336 accepto,
1055 2265 1170 2321 hoc
1201 2269 1304 2321 est.
1337 2263 1755 2320 Admonitione
1774 2267 2052 2334 suscepta
2070 2279 2177 2330 ;re-

2298 2277 2400 2319 τες.
2481 2258 2848 2330 ’Δνεχώρησαν
2917 2255 2976 2311 δὲ
3049 2259 3315 2327 εὐπειθῶς,
3397 2263 3462 2320 ὡς
3543 2265 3740 2324 πιστοὶ,
3809 2262 3895 2310 καὶ

531 2357 688 2415 versi
712 2372 850 2412 vero
863 2361 1020 2420 sunt,
1037 2355 1208 2410 citius
1222 2353 1526 2410 credentes
1555 2353 1641 2425 (h)
1659 2356 1943 2424 tanquam
1961 2351 2176 2407 ﬁdeles.

2301 2345 2528 2405 ἀπῆλθον
2578 2346 2650 2408 εἰς
2709 2351 2802 2405 τὴν
2854 2352 3038 2422 χώραν
3101 2347 3291 2413 αὐτῶν,
3347 2347 3581 2420 ἐσόμενοι
3641 2345 3903 2400 διδάσκα-

532 2446 596 2502 in
623 2446 911 2516 regionem
927 2458 1116 2509 suam,
1150 2442 1329 2498 futuri
1358 2441 1627 2498 doctores
1666 2457 1896 2508 eorum,
1945 2456 2082 2513 quas
2113 2440 2177 2496 fa-

2298 2435 2376 2516 λοι
2443 2444 2540 2487 τῶν
2611 2439 2975 2507 γεγενημένων,
3053 2441 3142 2488 καὶ
3221 2437 3316 2488 οὐκ
3396 2435 3694 2508 ἀνέκαμψαν
3773 2439 3903 2508 πρὸς

530 2539 627 2592 cta
657 2507 814 2590 sunt.
858 2537 973 2590 Nec
1037 2507 1114 2588 ad
1165 2530 1452 2588 Herodem
1504 2530 1819 2596 redierunt,
1861 2507 1920 2586 ut
1964 2507 2175 2586 irustra

2300 2507 2564 2600 Ἠρώδην,
2621 2526 2703 2576 ἶνα
2771 2530 2992 2598 συνήσῃ,
3053 2527 3134 2578 ὅτι
3185 2527 3354 2597 μάτην
3419 2507 3753 2595 ἐπιϐουλεύει,
3814 2507 3904 2578 καὶ

530 2639 596 2680 se
649 2621 920 2678 insidiari
1005 2619 1355 2692 intelligeret
1429 2622 1486 2676 et
1550 2619 1629 2676 ab
1699 2617 1957 2690 incoepta
2039 2619 2175 2674 desi'

1429 2622 1486 2676 et
1550 2619 1629 2676 ab
1699 2617 1957 2690 incoepta
2039 2619 2193 2674 desi-
2301 2615 2476 2687 παυθῇ
2504 2621 2602 2676 τῆς
2637 2613 3037 2689 ἕπιχειρήσεως.

509 2744 514 2748 -
532 2714 712 2769 staret

604 2801 767 2856 Vers.
805 2799 890 2855 13.
926 2799 1040 2867 Qui
1066 2813 1199 2854 cum
1222 2797 1585 2854 recessissent
1616 2826 1678 2839 —
1723 2797 2082 2868 Egi/ptum.
2123 2827 2194 2840 -—

2380 2792 2860 2867 Ἀναχωρησάντων
2941 2789 3000 2847 6's
3069 2794 3235 2846 αὐτῶν
3291 2823 3362 2834 —
3417 2795 3702 2864 Αἴγυπτον.
3769 2792 3905 2850 Πλη-

541 2888 862 2962 Completis
893 2887 1297 2960 quadraginta
1326 2885 1533 2942 diebus
1563 2884 2009 2958 puriﬁcationis,
2049 2887 2186 2942 sicut

2306 2884 2567 2955 ρωθεισῶν
2632 2891 2732 2934 τῶν
2795 2884 3189 2955 τεσσαράκοντα
3260 2884 3462 2956 ἡμερῶν
3534 2889 3626 2934 τοῦ
3684 2883 3899 2956 καθαρι-

537 2979 682 3036 dicit
704 2980 894 3034 Lucas
925 2978 994 3042 ‘0,
1030 2975 1406 3031 adduxerunt
1442 2975 1644 3030 Jesum
1679 2973 2111 3046 Hierosolyma;
2131 2993 2182 3032 ul

2310 2979 2466 3044 σμοῡ,
2512 2973 2580 3034 ὧς
2628 2991 2786 3044 φησιν
2817 2973 2842 3024 ό
2879 2977 3105 3038 Λουκᾶς,
3154 2969 3413 3042 ἀνήγαγον
3464 2973 3549 3022 τὸν
3586 2969 3791 3028 Ἰησοῦν
3835 2969 3899 3031 εἰς

533 3067 796 3125 sisterent
843 3065 1016 3121 illum
1058 3063 1321 3128 Domino,
1350 3062 1505 3118 sicut
1555 3064 1838 3134 scriptum
1864 3065 2031 3119 estin
2079 3066 2178 3134 tegi

2306 3060 2656 3134 Ἱεροσόλυμα,
2727 3069 3071 3135 παραστῆσαι
3159 3068 3231 3130 τῷ
3313 3060 3506 3134 Κυρίῳ,
3581 3061 3752 3121 καθώς
3822 3063 3902 3129 γέ-

535 3154 794 3212 Domini.
813 3154 888 3209 Et
915 3158 981 3208 ut
996 3153 1382 3222 perfecerunt
1398 3151 1614 3216 omnia,
1636 3167 1768 3223 quae
1782 3153 2092 3210 secundum
2123 3156 2180 3212 le-

2259 3169 2539 3241 J'ypomrat
2595 3149 2642 3200 ἕν
2697 3153 2834 3222 νόμῳ
2890 3153 3101 3222 Κυρίου.
3161 3153 3282 3215 Καὶ,
3335 3150 3401 3208 ὡς
3431 3147 3665 3200 ἐτέλεσαν
3704 3148 3904 3200 ἅπαντα

535 3259 661 3317 gem
682 3240 922 3299 Domini
949 3245 1137 3305 erant,
1172 3239 1394 3296 reversi
1422 3247 1555 3294 sunt
1582 3241 1648 3296 in
1675 3239 2008 3310 Galilaeam,
2033 3242 2097 3298 in
2122 3243 2180 3296 cit

2257 3235 2269 3241 ⁷
2306 3241 2373 3292 τὰ
2417 3240 2550 3290 κατά
2615 3241 2701 3290 τὸν
2756 3242 2908 3310 νόμον
2981 3243 3198 3312 Κυρίου,
3275 3235 3604 3312 ὑπέστρεψαν
3675 3237 3745 3298 εἰς
3810 3240 3902 3293 τὴν

537 3335 781 3391 vitalem
806 3345 976 3386 suam
1007 3329 1303 3386 Nazareth
1333 3330 1482 3384 “.Ει
1495 3329 1708 3385 exinde
1722 3331 1920 3386 statim
1949 3329 2182 3399 angelus

2309 3327 2603 3394 Γαλιλαίαν,
2667 3327 2736 3389 εἰς
2816 3331 2908 3385 τὴν
2989 3327 3136 3379 πόλιν
3211 3326 3377 3378 αὐτῶν
3457 3325 3717 3399 Ναζαρέτ.
3802 3328 3903 3378 Καὶ

540 3423 785 3493 apparet
813 3419 1035 3490 Ioseph
1063 3417 1124 3472 in
1145 3416 1390 3482 somnis,
1421 3417 1640 3487 jubens
1666 3433 1768 3474 eos
1793 3419 1851 3472 in
1881 3417 2185 3490 Egyptum

2305 3416 2483 3469 λοιπόν
2522 3415 2672 3477 εὐθὺς
2719 3415 2934 3486 ἄγγελος
2981 3419 3213 3487 φαίνεται
3266 3422 3339 3484 τῷ
3389 3415 3580 3486 Ἰωσὴφ
3616 3413 3728 3467 κατ’
3761 3417 3899 3486 ὄναρ,

540 3509 769 3580 fugere.
825 3507 966 3572 Quae
1006 3521 1147 3576 ergo
1210 3505 1529 3571 Mattheus,
1597 3505 1896 3561 brevitatis
1943 3511 2185 3577 amator,

2306 3507 2518 3558 κελεύων
2571 3512 2744 3577 φυγεῖν
2796 3504 2982 3566 αύτούς
3029 3503 3099 3566 εἰς
3157 3507 3436 3574 Αἴγυπτον.
3489 3502 3554 3557 ’Ἃ
3605 3509 3794 3569 τοίνυν,
3837 3506 3905 3564 ὡς

537 3592 936 3670 praetermisit,
986 3593 1110 3651 haec
1135 3594 1324 3650 Lucas
1351 3597 1638 3665 tanquam
1668 3593 1922 3665 diligens
1949 3597 2182 3652 conseri

2308 3596 2699 3670 φιλοσύντομός,
2726 3602 2952 3667 παρῆκεν
2979 3595 3004 3646 6
3031 3594 3318 3655 Ματθαίος,
3352 3588 3538 3662 ταῦτα,
3567 3595 3636 3654 ὡς
3661 3591 3900 3667 ἀκριϐὴς,

540 3683 681 3757 psit.
1790 3696 1794 3698 ·

1790 3696 1794 3698 ’
2307 3688 2333 3739 6
2364 3690 2571 3744 Λουκᾶς
2595 3681 2865 3758 ἀνέγραψε.

615 3773 810 3838 Quare
849 3774 1055 3828 autem
1085 3786 1207 3828 non
1249 3771 1471 3830 mansit
1502 3771 1766 3829 Christus
1791 3772 2094 3840 Nazareth,
2115 3774 2198 3830 sic

2382 3777 2481 3826 Καὶ
2526 3769 2669 3826 διατί
2716 3772 2809 3826 οὐκ
2856 3773 3041 3844 ἔμεινεν
3091 3770 3117 3822 6
3170 3773 3400 3844 Χριστὸς
3448 3769 3706 3834 ἀνάλωτος
3752 3770 3800 3823 ἐν
3838 3779 3897 3844 τῇ

542 3865 610 3919 ut
637 3861 831 3918 occidi
852 3876 975 3918 non
1024 3868 1224 3934 posset
1253 3862 1280 3918 ?
1307 3861 1475 3929 Quia,
1509 3862 1558 3918 si
1597 3862 1711 3919 hoc
1741 3862 1966 3920 factum
2023 3868 2187 3930 esset,

2307 3865 2550 3936 Ναζαρέτ
2595 3865 2804 3928 ;Διότι,
2852 3859 2896 3912 εἰ
2941 3866 3094 3912 τοῦτο
3153 3863 3376 3931 γέγονεν,
3436 3859 3607 3931 ἔλεγον
3655 3861 3716 3911 ἄν
3773 3879 3903 3920 τινες

544 3950 720 4023 aliqui
739 3950 1135 4008 afﬁrmassent
1152 3951 1591 4008 humanitatem
1618 3952 1789 4023 juxta
1819 3953 2189 4023 phantasiam

2313 3951 2570 4024 ἰσχυρῶς,
2647 3951 2724 4003 ὅτι
2805 3951 2942 4001 κατά
3010 3953 3296 4020 φαντασίαν
3376 3948 3756 4022 ένηνθρωπησε,
3829 3953 3899 4020 μὴ

547 4043 776 4096 tantum
818 4044 1197 4110 assumptam
1222 4037 1424 4103 fuisse,
1464 4039 1743 4095 humanis
1768 4041 2038 4097 videlicet
2078 4057 2192 4097 non

2311 4043 2638 4111 ὑποκείμενος
2695 4037 3032 4110 ἀνθρωπίνοις
3096 4039 3306 4090 πάθεσι.
3367 4043 3466 4092 Καὶ
3534 4042 3636 4110 μὴν
3687 4040 3810 4100 τοὺς
3855 4036 3901 4088 ἐν

548 4127 883 4198 subjectam
909 4125 1244 4180 affectibus.
1281 4126 1456 4196 Atqui
1485 4140 1589 4181 eos
1611 4131 1836 4182 tantum
1869 4143 2086 4197 pueros
2106 4145 2193 4185 oc-

2310 4127 2536 4199 Βηθλεεμ
2581 4131 2668 4179 καὶ
2715 4133 2822 4188 τοῖς
2890 4128 3047 4201 ὁρίοις
3107 4127 3264 4186 αὐτῆς
3301 4123 3498 4186 παῖδας
3529 4125 3716 4178 ἀνεῖλεν
3745 4126 3903 4201 Ἡρώ-

547 4213 691 4271 cidit
721 4212 998 4278 Herodes,
1031 4212 1137 4284 qui
1167 4212 1226 4266 in
1259 4211 1573 4279 Bethleem,
1608 4218 1664 4269 et
1693 4213 1754 4269 in
1811 4214 2028 4271 ﬁnibus
2072 4217 2192 4288 ejus

2313 4213 2431 4280 δης,
2483 4215 2542 4267 οὐ
2597 4219 2695 4286 μὴν
2741 4218 2858 4274 τοὺς
2905 4218 2953 4267 εν
2996 4217 3236 4288 Ναζαρὲτ
3283 4235 3296 4249 ·
3351 4213 3483 4267 ἀλλά
3528 4218 3902 4288 προεγίνωσκεν

549 4303 738 4365 erant,
771 4314 893 4355 non
918 4299 1023 4371 qui
1049 4299 1109 4354 in
1141 4300 1444 4356 Nazareth.
1499 4301 1611 4356 Sed
1643 4301 1995 4374 prmviderat
2022 4307 2194 4360 Deus,

2310 4305 2336 4356 6
2368 4306 2516 4369 Θεὸς,
2573 4304 2654 4354 ὅτι
2701 4307 2860 4375 μένων
2900 4303 2950 4356 ἕν
3001 4303 3242 4378 Ναζαρετ
3291 4305 3784 4374 καταμηνυθὴσεται
3835 4311 3902 4374 τῷ

548 4387 597 4443 si
621 4385 974 4442 inNazareth
1004 4386 1345 4454 mansisset,
1369 4386 1760 4444 indicandum
1784 4390 1997 4448 Herodi
2021 4411 2038 4463 ;
2063 4391 2193 4450 ideo

2307 4389 2513 4464 Ἡρώδῃ
2558 4409 2570 4422 ·
2603 4389 2688 4444 διὸ
2739 4397 2830 4445 καὶ
2904 4391 3004 4445 ἀπὸ
3055 4395 3251 4454 ταύτης
3315 4394 3514 4464 φεύγειν
3570 4392 3901 4465 προσέταξεν.

549 4473 735 4530 etiam
764 4473 842 4530 ab
866 4472 998 4544 ipsa
1047 4473 1253 4542 fugere
1291 4475 1491 4545 jussit.
1545 4480 1608 4531 In
1645 4477 1968 4550 Egyptum
1999 4485 2194 4537 autem

2253 4537 2270 4553 ἱ
2309 4482 2396 4543 Εἰς
2429 4485 2688 4552 Αἴγυπτον
2734 4479 2792 4535 δε
2833 4486 3108 4553 πέμπεται,
3153 4480 3264 4552 ἅμα
3309 4483 3397 4550 μὲν
3439 4477 3531 4532 διὰ
3581 4485 3674 4538 τὴν
3709 4481 3898 4545 αἰτίαν,

549 4560 824 4617 mittitur:
842 4536 1268 4634 siinulquidem
1291 4536 1537 4635 propter
1560 4536 1824 4630 causam,
1845 4582 2027 4638 quam
2057 4536 2194 4624 dixit

2256 4537 2370 4629 )ἣν
2442 4568 2578 4624 εἶπεν
2633 4573 2659 4622 ό
2703 4570 3112 4642 Εὖαγγελιστὴς,
3185 4571 3266 4621 ὃτι
3334 4569 3444 4623 Ίνα
3519 4569 3764 4642 πληρωθῇ
3843 4573 3901 4622 τό

549 4648 926 4718 evangelista,
946 4651 1016 4705 Ut
1039 4650 1438 4722 compleretur
1463 4653 1750 4721 videlicet,
1779 4655 1943 4727 quod
1969 4656 2194 4713 dictum

2303 4661 2459 4734 ῥηθὲν
2525 4661 2624 4712 ύπό
2670 4667 2761 4712 τοῦ
2808 4663 2998 4731 Κυρίου
3049 4655 3142 4712 διὰ
3188 4666 3279 4711 τοῦ
3323 4664 3588 4732 προφήτου
3620 4658 3853 4729 λέγοντος
3886 4677 3897 4689 ·

549 4742 639 4794 est
668 4752 704 4794 a
721 4738 970 4794 Domino
999 4755 1101 4810 per
1129 4741 1481 4812 prophetam
1513 4742 1842 4800 dicentem:
1868 4745 1968 4801 Ex
1993 4746 2191 4815 {Egy-

2307 4748 2393 4811 Ἐξ
2472 4746 2737 4820 Αἷγύπτου
2816 4747 3034 4800 ἐκάλεσα
3114 4751 3200 4799 τόν
3277 4749 3395 4800 Υἱόν
3465 4758 3564 4818 μου
3593 4764 3606 4777 °
3649 4747 3760 4819 ἅμα
3820 4745 3895 4814 δὲ,

547 4834 644 4902 pto
675 4829 878 4888 vocavi
901 4830 1125 4888 Filium
1156 4847 1342 4889 meum
1366 4833 1414 4868 ⁸³
1444 4850 1458 4902 ;
1495 4833 1668 4891 simul
1693 4834 1892 4907 etiam,
1921 4835 2062 4908 quia
2086 4836 2192 4893 Ba-

2306 4834 2486 4896 ἓπειδή
2531 4839 2561 4896 ἠ
2602 4836 2838 4890 Βαϐυλὼν
2893 4841 2983 4891 καὶ
3030 4839 3060 4895 ἡ
3109 4836 3374 4908 Αἲγυπτος
3421 4835 3654 4908 μάλιστα
3696 4843 3786 4898 τῆς
3831 4835 3899 4888 οἰ-

623 5008 671 5047 "
693 5004 833 5066 Luc.
863 5023 979 5080 nu,
1014 5009 1096 5070 18.
1128 5011 1176 5049 '9
1205 5009 1330 5069 Act.
1371 5025 1491 5079 xm,
1523 5012 1614 5070 46.
1647 5013 1696 5052 ιο
1725 5012 1864 5072 Luc.
1893 5014 1957 5086 1i,
1985 5017 2076 5072 22.
2112 5016 2155 5055 ⁴¹
2191 5015 2268 5074 lbi

1269 5013 1330 5069 3t.
1371 5025 1491 5079 xm,
1523 5012 1614 5070 46.
1647 5013 1696 5052 ⁴ο
1725 5012 1864 5072 Luc.
1893 5014 1957 5086 1i,
1985 5017 2076 5072 22.
2112 5016 2155 5055 ⁴¹
2191 5015 2333 5074 Ibid.
2367 5015 2458 5075 39.
2489 5017 2536 5053 ⁴⁸
2569 5015 2718 5074 Osee
2753 5030 2829 5082 ιι,
2861 5019 2914 5072 2.

1746 5193 1971 5264 Variae
2012 5194 2343 5266 lectiones
2393 5201 2459 5264 et
2500 5203 2702 5264 nota.

619 5355 738 5496 ξιτ)
776 5354 916 5431 Πρὸς
932 5356 1056 5419 τοὺς
1083 5351 1348 5413 Ἰουδαίου
1379 5375 1394 5427 ;
1423 5364 1486 5417 Α.

643 5427 728 5492 48)
772 5427 887 5494 Ἤν,
929 5433 1063 5487 ante
1113 5433 1412 5496 ἀναγκαῖον,
1463 5430 1645 5490 habet
1681 5432 2087 5496 Chrysostom.
2149 5441 2189 5492 t.

2302 5362 2543 5420 Criticus
2570 5376 2642 5418 ex
2662 5361 2778 5419 hoc
2794 5361 2926 5420 loco
2945 5360 3287 5436 importabit
3301 5360 3583 5420 lectiones
3600 5360 3899 5420 variantes

2301 5434 2601 5492 contextui
2626 5449 2815 5490 sacro.

643 5427 728 5492 48)
772 5427 887 5512 ᾚγε
929 5433 1063 5512 ante
1113 5433 1412 5512 ἀναγκαῖον,
1463 5430 2087 5512 habetChrysostom.
2149 5441 2189 5492 t.

1169 5437 1412 5512 layxaiov,
1463 5430 2087 5512 habetChrysostom.
2149 5441 2189 5492 t.
2301 5434 2601 5492 contextui
2626 5449 2814 5490 sacro.

549 5497 659 5571 VII,
699 5500 914 5571 p,411.
975 5503 1040 5558 In
1088 5497 1333 5575 reliquis
1383 5497 1713 5562 consentit.
1744 5497 1928 5564 Nemo
1992 5511 2191 5564 tamen

623 5640 800 5714 Quasi
844 5641 1029 5716 facta.
1117 5644 1300 5714 Quasi
1349 5645 1553 5720 signis,
1627 5647 1801 5720 quasi
1861 5647 2186 5709 ominibus.
2371 5647 2460 5722 (Ιι)
2499 5647 2687 5706 Citius
2711 5647 3032 5708 credentes.
3061 5645 3434 5710 Obedientes.
