4166 6314
358 363 439 420 149

346 490 564 560 κουμένης
618 484 827 550 ἀπάσης
856 493 919 559 τῇ
954 487 1104 560 φλογὶ
1158 496 1248 551 τῆς
1294 486 1535 550 ἀσεϐείας
1586 485 1720 546 ἦσαν
1768 486 1908 540 ἒκκε-
1941 488 1985 542 Α

342 580 584 649 κτωμέναι,
764 578 853 648 μὲν
911 580 1033 637 τοὺς
1088 578 1287 649 μάγους
1351 576 1638 643 ἀπέστειλε,
1698 584 1795 639 τῆς
1850 574 1909 629 δὲ

337 664 473 725 αὐτὸς
527 663 700 733 ἐπέϐη,
760 663 1066 737 βουλόμενος
1137 664 1424 737 ἀμφοτέρας
1488 662 1904 739 διορθώσασθαι.

333 752 566 805 Διδάσκει
598 749 652 805 δὲ
700 755 835 825 ἡμᾶς
880 752 1124 820 ἐντεῦθεν,
1173 760 1260 807 καὶ
1304 756 1384 806 ὅτι
1431 758 1541 829 χρὴ
1590 757 1674 806 τόν
1723 758 1909 807 πιστόν

330 840 468 902 εὐθὺς
521 844 575 893 ἐκ
628 846 911 915 προοιμίων
982 846 1302 915 πειρασμοὺς
1371 839 1694 916 προσδοκᾷν.
1772 842 1909 919 ’Ὁρα

330 926 410 980 οὖν
465 929 616 982 αὑτὸν
671 930 726 983 ἐκ
784 932 1094 1003 σπαργάνων
1153 930 1600 1002 ἐπιϐουλευόμενον
1653 936 1741 984 καὶ
1796 935 1909 1004 φεύ-

326 1037 472 1090 γοντα
516 1021 644 1090 πρὸς
697 1022 791 1077 τὴν
851 1020 1126 1093 ὑπερορίαν
1160 1036 1172 1049 '
1203 1023 1377 1093 φεύγει
1417 1017 1476 1072 δὲ
1524 1025 1613 1072 καὶ
1656 1022 1685 1079 ἡ
1733 1024 1908 1095 μήτηρ

326 1111 409 1159 καὶ
453 1108 477 1157 ό
516 1108 727 1179 Ἰωσήφ.
788 1112 888 1162 Καὶ
941 1110 988 1159 οἱ
1046 1110 1207 1180 μάγοι
1253 1105 1311 1161 δὲ
1362 1107 1411 1160 ἐν
1467 1109 1610 1171 τάξει
1662 1108 1907 1182 φυγάδων

323 1194 593 1256 λεληθότως
650 1194 1014 1270 ἀνεχώρησαν.
1085 1202 1185 1249 Καὶ
1249 1201 1470 1270 μυρίους
1533 1198 1745 1258 ἅπαντες
1791 1202 1905 1268 (49)

324 1284 613 1343 ὑπέστησαν
666 1289 1010 1359 πειρασμοὺς,
1082 1287 1181 1354 ἵνα,
1234 1287 1353 1339 ὅταν
1410 1290 1500 1338 καὶ
1555 1289 1620 1338 σὺ
1666 1284 1909 1361 διακονῇς

320 1380 637 1445 πνευματικῷ
692 1376 979 1449 πράγματι,
1048 1380 1137 1426 καὶ
1196 1379 1513 1449 περιπίπτῃς
1575 1382 1904 1450 πειρασμοῖς,

319 1462 444 1532 ἔχῃς
499 1459 815 1535 ὑπόδειγμα,
863 1467 1049 1534 καὶμὴ
1107 1460 1397 1537 δυοφορῇς,
1451 1462 1579 1515 ἀλλά
1622 1469 1906 1537 γινώσκῃς,

317 1551 390 1602 ὅτι
445 1556 725 1624 πειρασμοὶ
802 1559 913 1611 τοῖς
984 1553 1204 1622 ἀγαθοῖς
1270 1554 1549 1625 πράγμασι
1623 1554 1909 1624 συγκεκλή-

316 1657 518 1711 ρωνται,
590 1647 681 1693 τοῦ
752 1636 998 1691 διαϐόλου
1079 1643 1167 1711 μεν
1246 1640 1317 1701 εἰς
1394 1638 1644 1713 ἐμπόδιον
1723 1642 1908 1702 αύτούς

316 1725 667 1801 ἐπεγείροντος,
715 1736 807 1780 τοῦ
866 1735 999 1782 Θεοῦ
1067 1725 1125 1782 δὲ
1172 1736 1633 1803 παραχωροῦντος,
1694 1731 1763 1791 εἰς
1816 1725 1905 1781 δο-

315 1820 476 1889 κίμιον
508 1824 610 1869 τῶν
643 1815 958 1888 ἀγαπώντων
987 1817 1160 1872 αὑτόν.

381 1998 479 2048 Καὶ
541 1993 698 2067 βλέπε
762 1991 1078 2067 παράδοξον.
1154 1993 1476 2051 Παλαιστίνη
1549 1996 1638 2066 μὲν
1701 1993 1908 2047 ἐπιϐουο

312 2081 458 2153 λεύει,
506 2086 765 2154 Αἴγυπτος
813 2079 872 2135 δὲ
931 2083 1087 2143 σώζει
1134 2087 1222 2136 τόν
1276 2086 1540 2155 φεύγοντα·
1590 2084 1671 2135 ἵνα
1713 2085 1906 2156 μάθῃς,

313 2173 386 2223 ὅτι
429 2173 454 2223 6
505 2174 637 2232 Θεὸς
692 2178 796 2231 τοῖς
849 2170 1108 2234 ἐπιπόνοις
1160 2174 1226 2224 τὰ
1282 2168 1416 2229 ἡδέα
1473 2172 1758 2241 συνέζευξε,
1818 2176 1907 2224 καὶ

313 2259 661 2334 ἀμφοτέρωθεν
704 2262 971 2332 ὑφαίνεται
1027 2268 1125 2312 τῶν
1183 2259 1343 2331 ἁγίων
1393 2262 1419 2311 ό
1464 2259 1574 2332 βίος
1625 2260 1651 2311 ὃ
1699 2257 1766 2318 δὴ
1818 2265 1907 2313 καὶ

310 2347 524 2401 ἐνταῦθα
575 2352 772 2420 γέγονε.
824 2356 1055 2420 Πρῶτον,
1090 2348 1292 2419 ὑποψία
1325 2352 1445 2422 περὶ
1489 2354 1579 2407 τήν
1628 2351 1906 2422 Παρθένον.

307 2434 430 2504 εἶτα,
477 2439 609 2509 μετὰ
657 2440 743 2488 τόν
792 2440 963 2502 τόκον,
1007 2438 1155 2512 χαρά
1186 2454 1199 2467 ⁸
1236 2436 1389 2489 πάλιν
1442 2441 1577 2508 φυγὴ
1633 2437 1700 2497 εἰς
1755 2440 1908 2507 Αἴγυ-

305 2546 446 2592 πτον,
504 2527 620 2577 εἶτα
658 2523 844 2577 ἐκεῖθεν
892 2523 1175 2586 ἀνάκλησις
1205 2544 1216 2557 ·
1252 2521 1399 2585 αὖθις
1444 2525 1619 2597 φόϐος,
1676 2522 1770 2577 διὰ
1822 2529 1907 2578 τόν

305 2614 591 2687 Ἀρχέλαον
623 2634 635 2647 ’
666 2615 841 2665 ἔπειτα
916 2612 963 2665 ἐν
1039 2620 1101 2686 τῇ
1174 2613 1416 2688 Ναζαρὲτ
1487 2615 1677 2674 ἄνεσις.
1748 2617 1907 2666 Οὔπω

301 2706 396 2775 γὰρ
433 2700 494 2762 ἦν
536 2708 627 2753 τοῦ
690 2704 1104 2775 θαυματουργεῖν
1160 2706 1359 2777 καιρός.
1420 2702 1479 2754 Εἰ
1535 2705 1636 2774 γὰρ
1677 2700 1732 2753 ἐκ
1771 2708 1906 2776 πρώ-

304 2810 390 2851 της
433 2791 647 2852 ἡλικίας
698 2787 996 2853 ἐπεδείξατο
1060 2792 1321 2862 θαύματα,
1372 2789 1465 2841 ούκ
1516 2789 1575 2841 ἀν
1621 2792 1903 2849 ἐπιστεύθη

303 2884 561 2951 γεγονέναι
605 2880 893 2954 ἄνθρωπος,
934 2880 999 2939 ὡς
1036 2883 1347 2953 προέφημεν.
1396 2881 1489 2931 Διά
1526 2886 1676 2931 τοῦτο
1720 2881 1908 2941 κύησις

310 2967 626 3041 ἐννεάμηνος,
696 2972 785 3019 καὶ
844 2971 1099 3038 γέννησις,
1162 2973 1251 3020 καὶ
1317 2967 1749 3041 γαλακτοτροφίόα
1818 2972 1907 3020 καὶ

311 3058 372 3109 τὰ
415 3057 553 3122 ἑξῆς,
611 3058 693 3107 ἶνα
749 3051 843 3107 διὰ
902 3058 1104 3108 πάντων
1158 3053 1535 3130 εύπαράδεκτος
1574 3059 1603 3113 ἠ
1654 3056 1907 3131 ἐνανθρώ-

308 3165 465 3208 πησις
514 3144 676 3197 αὑτοῦ
726 3148 957 3214 γένηται.
1015 3144 1123 3196 Ούκ
1178 3146 1254 3196 ἔτι
1304 3141 1362 3197 δὲ
1399 3146 1422 3195 6
1453 3146 1667 3216 ἅγγελος
1714 3145 1906 3217 ὀνομά-
1938 3174 1978 3230 C

309 3233 503 3293 ζειτὴν
561 3234 818 3307 Παρθένον
866 3239 1089 3303 γυναῖκα
1140 3241 1230 3284 τοῦ
1277 3233 1491 3305 Ἰωσὴφ,
1547 3233 1673 3285 ἀλλὰ
1708 3237 1907 3308 μητέρα

305 3330 397 3373 τοῦ
424 3320 670 3374 παιδίου·
723 3321 908 3378 Ἐλύθη
957 3323 1057 3396 γὰρ
1110 3318 1215 3380 ἤδη
1253 3323 1279 3379 ἡ
1320 3321 1536 3393 ὑποψία,
1592 3327 1680 3374 καὶ
1708 3323 1904 3380 πεπλη-

301 3415 562 3485 ροφόρητο
615 3410 792 3463 λοιπὸν
842 3411 1061 3482 Ἰωσὴφ,
1121 3410 1201 3461 ὅτι
1258 3412 1391 3471 θεῖός
1454 3409 1593 3462 ἐστιν
1647 3412 1672 3462 6
1730 3415 1899 3471 τόκος.

302 3500 471 3551 Εἰπὼν
506 3496 589 3567 δὲ,
641 3500 720 3551 ὅτι
760 3505 918 3570 Φεῦγε
966 3498 1039 3558 εἰς
1086 3500 1363 3569 Αἴγυπτον,
1422 3498 1515 3550 οὑκ
1564 3497 1902 3571 ἐπηγγείλατο

303 3584 637 3641 συνοδεύσειν
692 3586 883 3653 αὑτοῖς,
941 3586 1307 3659 αἰνιττόμενος,
1367 3588 1447 3638 ὅτι
1502 3591 1660 3659 μέγαν
1712 3590 1902 3660 ἔχουσι

302 3674 679 3748 συνοδοιπόρον
731 3679 787 3727 τό
840 3672 1074 3745 παιδίον,
1108 3674 1133 3726 ὃ
1175 3680 1264 3727 καὶ
1319 3675 1390 3737 εἰς
1450 3678 1709 3746 Αἴγυπτον
1749 3678 1901 3751 ὑπερ-

300 3767 529 3837 ορισθεν,
592 3761 789 3817 δέδωκε
852 3772 957 3825 τοῖς
1035 3763 1336 3835 Αἰγυπτίοις
1416 3762 1651 3836 ἀφορμὴν
1709 3765 1902 3817 οἰκειώ-

304 3871 449 3914 σεως.
499 3851 746 3926 ’Ὕστερον
793 3855 895 3927 γάρ
945 3851 1163 3914 ἅπαντες
1214 3852 1357 3904 οὗτοι
1412 3849 1680 3924 δεξάμενοι
1714 3856 1771 3904 τό
1803 3858 1899 3911 κὴ-

298 3961 478 4013 ρυγμα
507 3948 599 3993 τοῦ
630 3940 965 4013 Εύαγγελίου,
1015 3944 1150 4012 μέγα
1201 3940 1439 4016 ἐφρόνουν
1483 3940 1567 3993 ἐπὶ
1612 3947 1685 4010 τῷ
1717 3938 1902 3995 ὑποδέ-

301 4028 499 4092 ξασθαι
529 4032 778 4101 φεύγοντα
814 4034 900 4082 τὸν
933 4031 1141 4102 Κύριον.

303 4117 556 4184 catione,
617 4117 947 4190 plurimum
1016 4116 1424 4188 gloriabantur
1475 4118 1802 4190 animoque
1870 4116 2220 4188 gestiebant,
2283 4131 2376 4182 eo,

301 4206 552 4277 pissent.

1335 359 1695 418 COMMENT.
1736 359 1809 416 IN
1848 358 2286 421 ΜΑΤΤΗΑΞΗΜ.
2319 391 2392 405 --
2429 360 2592 418 CAP.
2619 356 2689 419 II.

3576 361 3679 422 130

2018 486 2269 560 bylonia
2326 492 2386 544 et
2436 488 2728 560 Egyptus
2778 488 2838 545 in
2890 488 3032 545 orbe
3082 491 3375 547 terrarum
3414 490 3679 548 maxime

2018 582 2185 633 erant
2239 577 2496 633 incensae
2555 578 2877 645 impietatis
2929 579 3199 636 ﬂamma.
3256 580 3347 636 Ab
3394 580 3497 637 illa
3538 595 3678 652 ergo

2018 667 2224 736 Magos
2276 667 2534 734 attraxit,
2583 667 2644 721 in
2694 667 2853 722 hanc
2901 671 3099 724 autem
3152 669 3406 735 intravit,
3454 672 3678 726 utram-

2016 771 2133 827 que
2167 755 2368 810 volens
2406 755 2485 811 ad
2515 760 2739 810 rectam
2782 755 2940 812 viam
2980 757 3210 816 reduci.
3256 759 3399 814 Hinc
3433 774 3676 832 quoque

2017 844 2190 899 docet
2238 860 2365 908 nos,
2394 844 2553 915 quod
2602 847 2660 899 et
2700 842 2937 899 ﬁdelem
2991 846 3190 901 statim
3240 863 3275 902 a
3328 848 3674 919 primordiis

2018 932 2367 989 tentationes
2414 936 2759 1004 exspectare
2806 936 3098 1004 oporteat.
3143 935 3281 990 Vide
3326 938 3485 992 enim
3528 953 3676 1005 quo-

2018 1024 2200 1079 modo
2231 1024 2358 1095 ipse
2391 1023 2581 1078 statim
2620 1038 2656 1078 a
2694 1021 2863 1077 cunis
2904 1023 3203 1095 appetitur
3234 1024 3485 1089 insidiis,
3524 1026 3675 1083 abit-

2017 1129 2132 1184 qne
2164 1113 2222 1168 in
2258 1112 2532 1166 exsilium
2576 1127 2587 1165 :
2637 1110 2786 1181 fugit
2817 1127 3059 1183 quoque
3106 1116 3294 1169 mater
3337 1129 3405 1169 ac
3438 1116 3673 1186 Joseph.

2019 1202 2131 1259 Sed
2154 1206 2209 1256 et
2247 1201 2394 1271 Magi
2435 1200 2493 1255 in
2532 1200 2783 1256 modum
2822 1200 3176 1270 fugientium
3200 1200 3357 1258 clam
3383 1202 3672 1260 discesse-

2015 1294 2173 1354 runt,
2249 1305 2578 1361 omnesque
2644 1289 2786 1360 justi
2853 1289 3202 1347 innumeras
3270 1292 3674 1348 sustinuerunt

2015 1378 2385 1441 tentationes,
2456 1382 2520 1432 ut
2584 1377 2628 1433 si
2697 1377 2945 1450 quando
3014 1378 3098 1434 rei
3167 1380 3455 1451 spirituali
3530 1395 3679 1453 ope-

2015 1482 2143 1522 ram
2171 1466 2424 1531 dederis,
2450 1469 2627 1537 atque
2658 1466 2718 1521 in
2741 1466 3093 1523 tentationes
3118 1467 3418 1534 incideris,
3447 1469 3677 1528 habeas

2014 1554 2368 1625 exemplum,
2424 1558 2480 1609 et
2529 1569 2605 1609 ne
2664 1553 2906 1610 moleste
2960 1554 3135 1619 feras,
3196 1557 3301 1611 sed
3359 1573 3673 1629 agnoscas,

2015 1643 2181 1715 quod
2221 1642 2571 1697 tentationes
2608 1643 2668 1696 in
2728 1647 2937 1698 sortem
2974 1642 3151 1699 bonis
3192 1645 3474 1716 operibus
3518 1648 3675 1702 datae

2016 1734 2154 1786 sunt
2194 1746 2205 1785 :
2236 1730 2477 1787 diabolo
2517 1730 2761 1803 quidem
2802 1730 2864 1786 in
2903 1731 3281 1789 obstaculum
3314 1733 3673 1799 adducente,

1941 1819 1986 1873 B
2016 1821 2136 1875 Deo
2170 1836 2308 1876 vero
2361 1819 2439 1874 ad
2482 1819 2891 1891 probationem
2918 1835 3125 1877 eorum
3176 1822 3281 1894 qui
3325 1822 3494 1879 illum
3543 1823 3674 1880 dili-

2016 1911 2177 1978 gunt,
2220 1907 2535 1963 ordinante
2549 1947 2561 1961 .

2089 1994 2230 2049 Vide
2283 2000 2483 2050 autem
2547 1994 2631 2049 rei
2683 1994 3001 2051 novitatem
3063 2012 3076 2051 :
3137 1996 3431 2069 siquidem
3489 1998 3676 2069 Palm-

2016 2082 2171 2139 stina
2216 2082 2548 2146 insidiatur,
2589 2084 2875 2154 {Egyptus
2917 2099 3056 2139 vero
3096 2090 3287 2140 servat
3324 2085 3673 2157 fugientem,

2016 2176 2080 2228 ut
2107 2172 2304 2229 discas
2332 2175 2517 2228 Deum
2542 2172 2805 2228 tristibus
2826 2172 2960 2229 laeta
2990 2175 3395 2244 conjunxisse.
3428 2179 3577 2233 Nam
3598 2178 3673 2234 ab

2014 2261 2281 2333 utrisque
2314 2266 2659 2317 sanctorum
2707 2261 2828 2317 vita
2866 2261 3177 2333 probatur,
3228 2264 3392 2335 quod
3440 2280 3579 2321 sane
3619 2269 3675 2322 et

2013 2348 2109 2404 hic
2148 2348 2373 2405 factum
2425 2354 2529 2404 est.
2594 2349 2856 2405 Primum
2906 2350 3166 2422 suspicio
3203 2352 3414 2409 habita
3468 2358 3557 2409 est
3597 2354 3674 2410 de

2016 2438 2247 2507 Virgine
2281 2454 2293 2503 ;
2328 2438 2543 2492 deinde
2574 2453 2641 2493 ex
2674 2441 2847 2510 partu
2878 2438 3190 2510 gaudium.
3226 2442 3482 2497 Rursum
3527 2440 3673 2511 fuga

2014 2527 2076 2581 in
2124 2528 2442 2598 Egyptum
2482 2544 2495 2594 ;
2528 2530 2734 2598 postea
2774 2530 2974 2582 autem
3006 2527 3165 2583 illinc
3196 2530 3518 2587 revocatio.
3567 2531 3671 2587 lte-

2013 2629 2148 2670 rum
2204 2619 2396 2669 metus
2440 2618 2681 2686 propter
2726 2614 3120 2683 Archelaum;
3163 2616 3379 2672 deinde
3426 2618 3663 2690 requies

2015 2702 2071 2758 in
2112 2703 2415 2761 Nazaretb.
2444 2702 2711 2759 Necdum
2758 2703 2918 2759 enim
2958 2704 3172 2759 edendi
3203 2705 3494 2762 miracula
3525 2710 3667 2763 tem-

1982 2809 2130 2865 pus
2178 2795 2320 2848 erat.
2364 2793 2515 2848 Nam
2552 2791 2601 2847 si
2638 2808 2675 2848 a
2716 2792 2915 2864 prima
2949 2793 3141 2849 statim
3176 2798 3346 2850 (etate
3374 2798 3670 2868 stupenda

2015 2880 2507 2948 demonstrasset,
2549 2895 2930 2952 nequaquam
2960 2880 3140 2936 homo
3189 2882 3446 2939 creditus
3473 2884 3664 2953 fesset,

2015 2973 2081 3024 ut
2111 2968 2521 3041 praediximus.
2550 2969 2612 3024 In
2638 2969 2799 3024 hunc
2823 2968 2982 3025 enim
3008 2969 3181 3025 ﬁnem
3206 2986 3421 3026 novem
3448 2972 3664 3028 mensi-

2014 3058 2125 3112 bus
2179 3062 2347 3113 utero
2387 3060 2671 3127 gestatus,
2727 3061 2905 3112 natus
2954 3073 3025 3113 ac
3076 3057 3225 3115 lacte
3264 3060 3519 3115 nutritus
3558 3064 3665 3128 est,

2016 3150 2347 3217 caeteraque
2378 3162 2487 3200 suo
2527 3144 2686 3201 facta
2720 3152 2860 3201 sunt
2889 3146 3115 3212 ordine,
3152 3151 3216 3202 ut
3253 3162 3358 3218 per
3393 3148 3521 3204 haec
3549 3165 3668 3204 om-

2013 3234 2113 3290 nia
2170 3233 2337 3288 facile
2394 3233 2516 3304 ejus
2569 3233 2899 3288 incarnatio
2960 3226 3340 3305 suscipiatur.
3407 3236 3667 3306 Angelus

2015 3326 2216 3377 autem
2237 3320 2520 3392 deinceps
2546 3320 2841 3389 Virginem
2868 3336 2988 3376 non
3011 3322 3283 3378 nominat
3298 3338 3553 3379 uxorem
3573 3327 3665 3380 Jo-

2014 3414 2182 3481 seph,
2225 3410 2328 3465 sed
2382 3411 2544 3481 pueri
2585 3413 2856 3465 matrem.
2901 3410 3034 3465 Jam
3085 3410 3245 3467 enim
3294 3412 3492 3468 soluta
3538 3416 3665 3470 erat

2012 3499 2297 3570 suspicio,
2330 3502 2387 3554 et
2415 3498 2636 3569 Joseph
2667 3498 2876 3554 certior
2919 3498 3179 3566 effectus,
3221 3498 3493 3555 divinum
3533 3516 3665 3557 esse

2009 3593 2267 3660 partum.
2302 3586 2512 3644 Dicens
2543 3591 2741 3644 autem
2771 3604 2784 3643 :
2840 3588 3003 3658 Fuge
3032 3590 3095 3644 in
3132 3589 3496 3659 zEyyptum,
3542 3605 3666 3647 non

2010 3677 2281 3748 promisit
2305 3676 2580 3733 comitem
2612 3692 2671 3731 se
2704 3676 2828 3732 fore
2860 3676 3103 3751 itineris,
3136 3676 3467 3745 insinuans,
3501 3678 3666 3751 quod

2012 3779 2294 3833 magnum
2357 3764 2647 3819 haberent
2696 3764 2807 3819 viae
2856 3765 3156 3830 comitem,
3212 3768 3348 3836 puta
3392 3781 3663 3836 puerum.

2011 3853 2145 3907 Haec
2176 3854 2462 3924 praeterea
2513 3851 2642 3920 ejus
2697 3849 2759 3904 in
2806 3849 3124 3920 Egyptum
3183 3851 3486 3920 relegatio,
3542 3870 3666 3912 ma-

2012 3955 2195 4010 gnam
2250 3938 2417 3996 dedit
2466 3937 2755 4009 Egyptiis
2806 3937 3185 3994 occasionem
3234 3938 3662 3997 familiaritatis.

2011 4029 2228 4085 Postea
2260 4026 2419 4083 enim
2459 4042 2668 4082 omnes
2696 4026 2777 4093 hi,
2822 4029 3092 4098 suscepta
3130 4027 3428 4099 Evangelii
3449 4030 3664 4101 praedi-

2453 4115 2621 4188 quod
2674 4114 2998 4187 fugientem
3065 4115 3388 4174 Dominum
3462 4133 3667 4176 susce-

378 4299 479 4348 Καὶ
526 4295 641 4347 ἴσθι
674 4326 743 4335 —
777 4302 869 4348 τοῦ
909 4295 1159 4351 ἀπολέσαι
1207 4297 1353 4353 αὑτό.
1411 4296 1553 4350 Ἴσθι
1604 4296 1719 4367 (50)
1776 4295 1898 4365 ἐκεῖ,

2080 4297 2243 4350 Vers.
2279 4295 2363 4351 13.
2410 4293 2485 4349 Et
2529 4297 2643 4349 esto
2680 4324 2751 4333 —
2788 4291 2869 4349 ad
2894 4292 3252 4361 perdendum
3298 4308 3453 4357 eum.
3501 4295 3665 4367 Esto,

306 4381 419 4434 ἀντὶ
458 4390 551 4435 τοῦ
595 4385 760 4453 Οῖκει,
812 4380 1069 4459 διάτριϐε,
1116 4393 1294 4439 Ταῦτα
1334 4382 1392 4439 δὲ
1430 4384 1655 4445 ἀκούσας
1685 4386 1897 4457 Ἰωσὴφ,

306 4471 399 4523 οὐκ
451 4469 862 4530 ἐσκανδαλίσθη.
933 4482 1124 4534 Συνῆκε
1188 4477 1305 4550 γὰρ,
1372 4476 1470 4539 ὅτι,
1529 4473 1636 4526 ἐπεὶ
1694 4473 1902 4545 ἄγγελοι

313 4555 639 4613 διακονοῦσιν
696 4561 769 4623 εἰς
832 4564 895 4613 τὰ
954 4566 1088 4615 κατά
1141 4568 1199 4616 τὸ
1274 4559 1509 4628 παιδίον,
1574 4562 1904 4634 οἰκονομικῶς

314 4648 475 4699 πάντα
536 4654 756 4720 γίνεται,
814 4655 903 4703 καὶ
965 4652 1023 4703 ού
1079 4656 1189 4726 χρὴ
1257 4651 1710 4726 περιεργάζεσθαι,
1782 4647 1905 4702 οὑδὲ

313 4732 607 4808 ἀντιλέγειν,
660 4737 770 4790 ἀλλ’
829 4739 1074 4800 εὐπειθῶς
1132 4743 1302 4806 εἴκειν,
1358 4740 1435 4801 οἷς
1486 4739 1545 4791 ἂν
1596 4741 1621 4791 ό
1654 4740 1779 4802 Θεὸς
1828 4757 1907 4790 κε-

310 4820 426 4896 λεύῃ
439 4845 450 4857 ·

380 4910 439 4963 Ὀ
491 4910 549 4966 δὲ
598 4943 668 4957 —-
718 4918 802 4967 τὸν
860 4917 976 4969 Υἰόν
1046 4935 1166 4989 μου.
1217 4919 1287 4970 T6
1361 4913 1440 4985 δε,
1502 4915 1587 4979 Ἐξ
1640 4915 1905 4987 Αἰγύπτου

314 4998 531 5053 ἐκάλεσα
594 5004 679 5054 τὸν
739 5006 855 5057 Υἰόν
908 5025 1030 5077 μου,
1088 5009 1206 5077 περὶ
1264 5013 1361 5067 τῆς
1416 5002 1742 5066 ἀνακλήσεως
1791 5003 1906 5055 έαδ·

311 5094 411 5140 τῶν
440 5085 690 5145 Ἰουδαῖοι
738 5091 964 5166 ῥηθῆναι
1009 5092 1241 5165 λέγουσι.
1287 5096 1425 5168 Πρὸς
1453 5092 1540 5156 οὖς
1578 5092 1690 5165 (51)
1722 5110 1902 5164 φαμεν,

2007 4383 2121 4440 hoc
2151 4386 2260 4448 est,
2302 4381 2527 4449 Habita,
2577 4396 2945 4437 conversare.
2992 4381 3124 4437 Haec
3171 4386 3369 4438 autem
3419 4383 3668 4438 audiens

2008 4470 2248 4542 Ioseph,
2272 4486 2388 4525 non
2406 4485 2623 4541 passus
2640 4473 2727 4526 est
2746 4468 3193 4525 otfendiculum.
3216 4472 3261 4526 Ν
3267 4486 3365 4526 am
3383 4470 3665 4527 intellexit

2011 4558 2196 4631 quod,
2230 4574 2368 4614 cum
2396 4557 2591 4629 angeli
2619 4558 2873 4614 ministri
2905 4561 3105 4613 essent
3134 4558 3211 4613 ad
3238 4573 3308 4614 ea
3335 4574 3471 4631 quae
3512 4558 3666 4616 circa

2011 4662 2263 4719 puerum
2285 4646 2633 4716 agebantur,
2661 4646 2866 4702 omnia
2884 4646 3385 4705 administratorie
3401 4646 3623 4703 ﬁebant
3646 4662 3662 4713 ;

2013 4751 2121 4791 nec
2150 4735 2209 4791 in
2240 4735 2328 4790 his
2359 4735 2663 4790 curiosum
2696 4750 2825 4791 esse
2856 4733 3181 4805 oportebat,
3228 4734 3336 4789 sed
3366 4734 3539 4791 facile
3586 4734 3665 4790 ad

2015 4822 2222 4880 omnia
2250 4838 2386 4895 quae
2414 4821 2699 4877 Dominus
2726 4820 3025 4891 jussisset,
3056 4820 3319 4876 obedire.

2087 4914 2243 4967 Vers.
2284 4913 2344 4966 14
2368 4910 2480 4966 Ille
2507 4924 2644 4966 vero
2672 4940 2740 4949 —
2769 4910 2837 4965 V.
2862 4913 2945 4966 15.
2967 4909 3185 4965 Filium
3206 4922 3410 4965 meum.
3435 4906 3665 4965 Dictum

2016 5001 2191 5058 illud:
2207 5000 2305 5057 Ea:
2324 4999 2531 5070 AE’gyp
2540 5005 2592 5053 to
2609 4998 2815 5055 vocavi
2822 4997 3016 5065 ﬁlium
3036 5012 3242 5063 meum,
3264 4996 3451 5054 Judaei
3466 4996 3539 5053 de
3556 5012 3667 5054 sua

2014 5090 2279 5163 ipsorum
2350 5086 2731 5145 revocatione
2787 5085 3014 5145 dictum
3080 5091 3373 5145 asserunt.
3436 5085 3664 5153 Quibus

1517 5269 1744 5339 Variae
1767 5268 2096 5337 lectiones
2127 5272 2425 5335 etnotae.

380 5461 494 5537 (49)
523 5463 892 5537 Aliquid_hic
938 5465 1129 5523 deest.
1168 5466 1490 5524 Hentenius
1537 5466 1720 5523 habet
1741 5464 1905 5537 justi.

308 5533 482 5620 F‘Oi‘te
503 5533 654 5620 ergd
672 5538 720 5588 οἱ
742 5533 951 5620 ,δίκαιοι
997 5537 1221 5620 legerit.
1430 5542 1627 5620 πιστρὶ,
1661 5533 1907 5620 ἐνάρετοι,

309 5609 363 5661 et
419 5607 656 5673 similia,
703 5607 879 5665 etiam
904 5624 1028 5666 non
1066 5607 1215 5667 sunt
1253 5608 1464 5668 aliena:
1523 5612 1649 5667 Mox
1704 5607 1912 5681 legitur

2017 5483 2179 5536 αγιοι.

2092 5534 2205 5605 (50)
2223 5535 2380 5605 Ἐκεῖ,
2415 5529 2633 5605 omittit
2658 5531 2725 5589 A.

2118 5538 2205 5602 50)
2223 5535 2380 5605 Ἐκεῖ,
2415 5534 2633 5588 omittit
2658 5534 2725 5589 A.

2092 5534 2206 5679 E51)
2233 5605 2374 5664 Vide
2401 5604 2700 5676 Chrysost.
2740 5604 2781 5660 t.
2814 5601 2933 5673 VII,
2951 5615 3011 5675 p.
3046 5600 3170 5660 124.
