4166 6314
310 382 396 443 153

1258 378 1625 437 COMMENT.
1668 377 1739 433 IN
1775 377 2213 435 MATTH/EUM.
2253 409 2319 417 ——
2361 377 2515 433 CAP.
2548 374 2615 432 II.

3523 360 3623 419 154

302 508 533 569 ὁδεύοντες
588 509 808 579 φθάσαι,
891 512 981 560 καὶ
1030 506 1309 566 ἐπιστῆναι
1366 507 1558 558 αὐτίκα
1608 506 1869 576 γεννηθέν-

1982 504 2063 560 illi
2108 503 2445 575 gradientes
2485 500 2795 574 pervenire
2827 516 2841 555 :
2875 501 3196 570 statimque
3224 494 3361 553 nato
3394 489 3625 579 Christo

297 620 337 650 τι
378 606 439 668 τῷ
486 605 719 670 Χριστῷ.
774 599 867 649 Διά
906 604 1059 648 τοῦτο
1115 599 1216 670 γάρ
1267 594 1542 667 προέλαϐεν
1590 596 1615 645 ὁ
1682 592 1870 665 ἀστὴρ,

293 689 362 737 ἵνα
395 688 677 757 φθάσαντες
720 686 939 759 εύρωσιν
992 686 1144 737 αὐτὸν
1195 684 1243 735 ἐν
1312 686 1649 757 σπαργάνοις.
1706 689 1871 734 Τούτο

285 779 370 848 γὰρ
413 772 471 831 ἦν
512 778 571 825 τὸ
602 771 925 846 παράδοξον,
976 773 1137 825 Ὥστε
1165 770 1383 839 ἄδηλον,
1417 776 1516 824 εἴτε
1555 772 1700 823 οὗτοι
1762 772 1862 843 πρὸ

279 872 366 915 τῶν
414 867 688 934 ποιμένων,
762 866 862 914 εἴτε
919 866 1017 936 πρὸ
1088 864 1282 913 τούτων
1336 863 1385 913 οἱ
1439 864 1673 931 ποιμένες
1735 854 1871 910 εἶδον

275 956 352 1005 τὸν
399 955 651 1025 Χριστὸν.
702 952 975 1027 Ὀπὸτερον
1044 953 1144 1025 γὰρ
1209 952 1271 1001 ἄν
1325 953 1507 1014 εἴποις,
1570 944 1869 1008 ἀκινδύνως

274 1042 412 1113 ἐρεῖς.

345 1130 399 1182 Εἰ
435 1126 493 1181 δὲ
544 1128 646 1182 ἀπὸ
692 1127 894 1192 διετοῦς
943 1135 1033 1181 καὶ
1092 1132 1362 1202 κατωτέρω
1414 1134 1531 1188 τοὺς
1588 1124 1785 1190 παῖδας
1842 1130 1867 1179 ὁ

267 1211 503 1291 Ἠρώδης
562 1217 778 1292 ἀναιρεῖ,
838 1224 910 1291 μὴ
985 1220 1282 1291 θαυμάσῃς.
1351 1218 1677 1272 ’Υπώπτευσε
1739 1220 1863 1291 γὰρ,

268 1312 334 1379 μὴ
389 1308 535 1367 εὐθὺς
604 1309 853 1381 ὁραθῆναι
905 1311 991 1359 τὸν
1049 1309 1245 1381 ἀστέρα
1300 1308 1408 1367 τοῖς
1468 1309 1691 1377 Μάγοις,
1755 1298 1865 1357 ἀλλ’

270 1396 385 1455 ἱσως
432 1396 729 1468 προλαϐεῖν,
788 1402 875 1449 καὶ
937 1394 1029 1448 διὰ
1095 1404 1265 1462 τοῦτο,
1342 1396 1625 1467 ἀσφαλείας
1682 1396 1862 1463 ἕνεκεν,

269 1484 503 1538 ἐπλάτυνέ
558 1506 614 1538 τε
654 1490 741 1537 τὸν
797 1490 997 1560 καιρὸν,
1052 1490 1140 1537 καὶ
1199 1490 1361 1558 μέχρι
1414 1494 1512 1536 τῶν
1570 1486 1721 1558 ὁρίων
1774 1494 1864 1544 τῆς

272 1573 485 1645 Βηθλεὲμ
531 1578 619 1626 τὸν
682 1579 830 1645 φόνον
882 1574 1107 1638 ἐξέτεινε,
1167 1575 1249 1625 ἶνα
1302 1573 1587 1645 συγκλείσῃ
1663 1592 1863 1625 παντα-

271 1665 412 1732 χόθεν
452 1667 511 1713 τὸ
556 1666 785 1735 θήραμα,
838 1668 927 1715 καὶ
981 1672 1050 1733 τῷ
1100 1662 1281 1721 πλήθει
1336 1671 1435 1714 τῶν
1485 1661 1862 1736 ἀναιρουμένων

278 1751 512 1823 συνανελῃ
584 1757 672 1803 καὶ
742 1771 828 1803 τον
883 1754 1132 1825 Χριστὸν.
1186 1756 1286 1803 Καὶ
1335 1754 1452 1811 τοὺς
1512 1754 1601 1822 μὲν
1678 1746 1865 1811 διετεῖς

274 1838 476 1913 ἀναιρεῖ,
536 1843 619 1891 ἱνα
649 1844 746 1912 ἔχῃ
802 1841 993 1901 πλάτος
1046 1842 1071 1891 ὁ
1102 1845 1314 1913 χρόνος,
1361 1842 1527 1899 καθὼς
1567 1839 1858 1910 εἰρήκαμεν·
1900 1858 1941 1909 Β

272 1932 375 1987 τοὺς
426 1934 702 2001 κατωτέρω
762 1926 821 1981 δε
886 1932 1101 2000 φονεύει,
1171 1931 1301 1980 κατά
1357 1931 1445 1979 τὸν
1511 1933 1723 1999 χρόνον,
1809 1929 1861 1978 ὃν

276 2016 526 2089 ἡκρίϐωσε
579 2020 725 2089 παρὰ
762 2036 860 2069 των
910 2019 1126 2087 Μάγων.
1182 2016 1343 2069 Ὠστε
1395 2022 1483 2068 καὶ
1532 2021 1619 2067 τὸν
1649 2021 1859 2088 χρόνον,

276 2107 319 2154 ὃν
365 2107 520 2176 ἔμαθε
572 2109 717 2177 παρά
773 2115 872 2157 τῶν
930 2109 1142 2177 Μάγων,
1218 2105 1459 2179 ἐτήρησε,
1536 2110 1625 2156 καὶ
1672 2105 1864 2165 πλάτος

272 2195 421 2264 ἕτερον
483 2194 643 2254 αὐτὸς
686 2196 996 2265 προσέθηκε.
1050 2196 1243 2247 Λοιπὸν
1300 2190 1387 2245 οὖν
1439 2197 1519 2258 τὸ,
1580 2195 1726 2245 Κατὰ
1777 2197 1862 2244 τὸν

270 2286 467 2351 χρόνον,
545 2285 600 2334 ὃν
662 2282 926 2354 ἡκρίϐωσε
974 2286 1117 2355 παρὰ
1172 2290 1271 2334 τῶν
1324 2283 1538 2352 Μάγων,
1597 2287 1667 2353 μὴ
1736 2286 1863 2354 πρὸς

266 2372 317 2419 τὸ
369 2368 466 2421 ἀπὸ
508 2368 721 2432 διετοῦς
791 2376 1007 2442 νοήσῃς,
1090 2370 1217 2422 ἀλλά
1281 2374 1412 2442 πρὸς
1479 2374 1538 2421 τὸ
1596 2375 1864 2445 κατωτέρω

270 2458 529 2521 σύνταξον.
578 2464 693 2531 Χρὴ
752 2462 850 2533 γὰρ
910 2462 1041 2531 μετὰ
1088 2463 1146 2511 τὸ
1219 2458 1319 2511 ἀπὸ
1394 2456 1595 2519 διετοῦς
1650 2460 1861 2528 στίζειν,

268 2546 370 2597 εἶτα
408 2550 465 2598 τὸ
524 2548 646 2610 ἑξῆς
689 2547 800 2599 ὃλον
854 2547 1241 2619 ἀναγινώσκειν.
1290 2548 1349 2600 Εἰ
1395 2551 1517 2619 γὰρ,
1569 2550 1637 2609 ὡς
1685 2568 1861 2620 φασιν,

268 2635 414 2703 ἔμαθε
463 2639 616 2711 παρὰ
661 2644 761 2687 τῶν
811 2639 1003 2706 Μάγων
1060 2633 1206 2694 διετῆ
1265 2636 1603 2709 πληρωθῆναι
1651 2640 1861 2710 χρόνον,

272 2723 356 2775 ούκ
385 2725 443 2777 οἷν
473 2724 639 2779 ἀνεῖλε
661 2729 781 2789 τούς
820 2730 1113 2799 κατωτέρω.

338 2984 620 3058 Ἄποροῦσι
656 2982 716 3037 δέ
751 3005 901 3055 τινες,
946 2982 1113 3045 διατί,
1162 2992 1254 3037 τοῦ
1302 2992 1537 3056 Χριστοῦ
1591 2982 1858 3057 φυγαδευ-

284 3072 452 3136 θέντος,
502 3076 878 3146 περιώφθησαν
931 3076 978 3125 οἱ
1043 3071 1231 3134 παῖδες
1286 3070 1485 3135 ἀδίκως
1542 3072 1651 3125 ἀντ’
1700 3074 1859 3125 αὐτοῦ

277 3167 763 3234 κατασφαττὸμενοι.
834 3168 968 3237 Πρὸς
1043 3164 1127 3223 οὓς
1194 3162 1426 3236 λέγομεν,
1512 3162 1591 3215 ὁτι
1683 3162 1859 3214 πολλοί

280 3208 763 3263 ν⁷ξ“”’ἶτῖ’”’¹””””
836 3208 968 3237 ”¹””
1046 3208 1127 3223 ’⁷⁷
1197 3208 1426 3236 ”’¹’⁷”’
1514 3208 1591 3215 ””
1900 3208 1941 3263 C

277 3268 357 3318 μεν
385 3270 432 3303 οι
459 3249 533 3304 αδ
541 3260 785 3322 ικοῠντες,
816 3248 989 3312 οὐδεὶς
1039 3248 1098 3304 δὲ
1128 3254 1153 3303 ὁ
1212 3249 1571 3324 ἀδικούμενος·
1617 3259 1718 3311 Πᾶς
1761 3255 1858 3323 γὰρ

276 3335 572 3394 ἀδικεῖσθαι
621 3337 808 3406 δοκῶν,
841 3342 869 3399 ἡ
920 3337 1015 3393 διὰ
1059 3341 1207 3393 λύσιν
1239 3346 1437 3393 οἰκείων
1473 3341 1859 3413 ἁμαρτημάτων

276 3430 464 3499 πάσχει
508 3438 702 3494 κακῶς,
754 3434 843 3482 καὶ⁹
894 3430 986 3482 ούκ
1037 3426 1317 3496 ἀδικεῖται,
1369 3431 1411 3482 εἰ
1467 3435 1535 3502 μὴ
1588 3435 1677 3482 καὶ
1728 3430 1858 3502 μᾶλ-

957 3515 1032 3570 δι⁹
1102 3517 1338 3591 ἀφορμὴν

938 3612 1263 3681 προσκαίρου
1324 3610 1672 3669 κακοπαθείας
1736 3608 1861 3660 αἰω-

274 3697 375 3745 νίαν
422 3694 721 3748 ἀνάπαυσιν
766 3694 1238 3768 ἀντικομιζόμενος.
1296 3700 1394 3748 Καὶ
1455 3698 1480 3747 ὁ
1526 3699 1615 3767 μὲν
1664 3693 1860 3748 ἀδικῶν

277 3777 458 3835 ἀδικεῖ·
513 3786 540 3835 ὁ
594 3780 653 3836 δε
703 3792 871 3844 κακῶς
924 3786 1150 3855 πάσχων
1201 3784 1295 3836 ούκ
1353 3780 1640 3839 ἀδικεῖται.
1720 3785 1860 3836 Ἐπεὶ

276 3875 432 3922 τοίνυν
457 3874 510 3925 οἱ
556 3868 743 3933 παῖδες
788 3873 932 3924 οὗτοι
979 3868 1071 3924 δια
1114 3873 1262 3923 λύσιν
1310 3872 1507 3924 οἰκείων
1548 3871 1861 3945 ἁμαρτημά-

274 3515 351 3567 λον
410 3518 771 3592 εύεργετείται·
846 3523 877 3577 ἦ
957 3515 1032 3570 δι’
1102 3517 1338 3591 ἀφορμὴν
1420 3521 1699 3589 στεφάνων,
1772 3524 1861 3570 καὶ

275 3606 451 3675 ὁμοίως
507 3608 861 3679 εύεργετείται,

275 3974 362 4008 των
404 3961 505 4012 οὐκ
554 3958 899 4035 ἀνῃρέθησαν,
934 3957 1217 4035 πρόδηλον,
1251 3961 1327 4013 ὅτι
1376 3958 1449 4013 δι’
1482 3960 1717 4033 ἀφορμήν
1752 3980 1861 4013 στε-

275 4047 429 4114 φάνων
468 4051 779 4117 πεπόνθασι,
813 4054 901 4100 καὶ
956 4049 1049 4101 ούκ
1099 4046 1457 4108 ἠδικήθησαν.
1496 4048 1648 4111 Ἴσως
1689 4046 1746 4101 δὲ
1774 4053 1861 4101 καὶ

278 4132 382 4187 οὐδ’
429 4136 633 4209 ἔμελλον
672 4136 930 4195 ἀποϐῆναι
978 4143 1237 4212 χρηστοί.
1300 4139 1358 4191 Εἰ
1387 4142 1487 4212 γὰρ
1534 4141 1657 4199 τοὺς
1688 4138 1861 4211 ἀμαρ-

276 4223 511 4287 τάνοντας
564 4225 657 4277 οὐκ
710 4225 942 4278 ἐκκόπτει
1008 4225 1253 4287 πολλάκις
1314 4225 1413 4279 ἀπὸ
1469 4236 1558 4287 τῆς
1620 4230 1757 4289 ζωῆς
1836 4228 1861 4278 ὁ

279 4314 411 4377 Θεὸς,
498 4317 753 4385 ἀναμένων
831 4319 925 4372 τὴν
1031 4313 1342 4389 ἐπίστροφὴν
1424 4316 1615 4383 αύτών,
1693 4315 1860 4386 πολλῷ

281 4398 456 4466 μᾶλλον
505 4402 598 4453 ούκ
641 4400 700 4453 ἀν
748 4402 1091 4474 ἐριζοτόμησε
1150 4406 1271 4463 τούς
1330 4403 1601 4476 μέλλοντας
1651 4407 1861 4457 ἔσεσθαι

283 4488 524 4556 μεγάλους
555 4490 625 4550 εἰς
672 4489 883 4565 ἀρετὴν,
924 4491 1033 4542 Ούκ
1082 4496 1151 4552 είς
1187 4495 1389 4563 μακρὰν
1442 4489 1501 4544 δὲ
1529 4498 1618 4544 καὶ
1668 4494 1694 4543 ὁ
1746 4512 1863 4544 παις

290 4569 515 4640 δοκτὸνος
564 4560 797 4653 Ἡρωδης
850 4576 1004 4637 δίκην
1058 4560 1217 4633 ἔδωκε
1246 4560 1341 4640 της
1381 4584 1626 4643 τοιαύτης
1655 4601 1859 4653 μιαιφο-
1896 4560 1941 4613 D

288 4665 404 4729 νίας,
457 4675 628 4741 πικρῷ
685 4668 796 4738 (58)
857 4669 1059 4739 θανάτῳ
1110 4668 1405 4729 καταλύσας
1454 4672 1541 4721 τὸν
1596 4668 1731 4741 βίον,
1802 4673 1862 4729 ὡς

286 4744 523 4817 Ἰώσηπος
547 4755 765 4828 ἱστορεῖ.

348 5030 423 5081 ἁτε
491 5029 760 5105 ἐπληρώθη
837 5060 907 5071 -
968 5030 1061 5082 ούκ
1138 5029 1287 5085 εἰσίν.
1344 5030 1500 5084 Ἐνθα
1552 5036 1729 5104 φησιν,
1783 5032 1862 5084 ὃτι

286 5108 409 5169 Τότε
465 5116 734 5191 ἐπληρώθη
789 5122 846 5171 τὸ
894 5119 1069 5193 ῥηθὲν,
1120 5115 1402 5186 δείκνυσιν,
1453 5120 1532 5171 ὁτι
1592 5129 1744 5172 τοῦτο
1781 5126 1861 5193 γέ-

283 5218 401 5270 γονε,
458 5204 758 5279 προειδότος
826 5215 915 5260 τοῦ
967 5214 1121 5275 Θεοῦ,
1183 5212 1272 5260 καὶ
1332 5214 1863 5281 προαναφωνήσαντος

284 5290 395 5344 αύτό
451 5290 543 5349 διὰ
590 5302 680 5349 τοῦ
745 5300 1148 5370 προφήτου,-καὶ
1222 5302 1670 5371 συγχωρήσαντος
1729 5303 1862 5371 γενέ-

1983 594 2265 649 adfuisse.
2289 593 2534 664 Pr0pter
2544 591 2659 646 hoc
2673 590 2831 645 enim
2847 589 3015 645 stella
3031 592 3265 657 tempus
3278 577 3628 652 anticipavit

1984 688 2043 738 ut
2066 682 2515 754 praevenientes,
2544 682 2602 735 in
2633 679 2827 735 fasciis
2874 693 3013 733 eum
3065 676 3417 732 invenirent.
3473 672 3623 723 Nam

1981 772 2109 827 haec
2163 786 2258 827 res
2316 775 2440 825 erat
2487 770 2661 840 plena
2740 767 3022 839 mysterii.
3080 766 3367 820 Incertum
3425 759 3622 829 igitur,

1980 861 2324 916 venerintne
2380 859 2440 914 hi
2494 863 2627 913 ante
2678 861 2968 929 pastores,
3019 869 3095 910 an
3154 856 3420 923 pastores
3486 852 3623 903 ante

1980 949 2147 1021 ipsos
2178 965 2189 1003 :
2225 948 2512 1004 utrumvis
2550 946 2704 1002 enim
2737 944 2974 1010 dixeris,
3010 957 3212 997 secure
3241 941 3435 995 dicere
3461 940 3623 1009 pote-

1978 1054 2079 1093 r13.

2050 1126 2222 1192 Quod
2249 1126 2295 1181 si
2326 1142 2356 1181 a
2379 1125 2606 1181 bimatu
2631 1128 2687 1179 et
2712 1122 2863 1179 infra
2890 1121 3068 1193 jussit
3106 1118 3365 1174 Herodes
3408 1129 3626 1187 pueros

1977 1215 2254 1280 interimi,
2287 1230 2362 1269 ne
2393 1213 2650 1269 mireris:
2682 1210 3103 1284 suspicabatur
3130 1208 3310 1272 enim,
3345 1219 3469 1260 non
3507 1207 3627 1259 sta-

1977 1305 2078 1360 tim
2094 1304 2445 1376 apparuisse
2468 1303 2648 1374 Magis
2677 1301 2929 1367 stellam,
2946 1299 3049 1355 sed
3074 1296 3342 1353 fortassis
3370 1307 3625 1365 puerum

1976 1397 2110 1449 ante
2125 1394 2252 1463 ejus
2264 1391 2693 1465 apparitionem
2706 1394 2914 1445 natum
2927 1389 3127 1443 fuisse.
3150 1386 3282 1440 Ideo
3296 1382 3627 1438 securitatis

1973 1497 2149 1536 causa
2167 1486 2281 1536 tem
2292 1498 2397 1552 pus
2410 1480 2778 1551 anticipavit,
2793 1482 2849 1534 et
2870 1491 3059 1549 usque
3078 1475 3155 1530 ad
3168 1474 3314 1528 ﬁnes
3328 1469 3626 1527 Bethleem

1973 1570 2201 1625 caedem
2264 1569 2544 1634 extendit,
2598 1572 2661 1623 ut
2709 1567 2993 1638 undique,
3051 1564 3205 1635 quod
3274 1560 3623 1622 venabatur,

1974 1658 2367 1722 concluderet,
2397 1663 2452 1713 et
2475 1672 2594 1713 una
2618 1672 2754 1712 cum
2776 1654 3219 1711 interfectorum
3248 1647 3624 1707 multitudine

1973 1748 2153 1803 etiam
2178 1746 2475 1802 Christum
2517 1745 2888 1801 interﬁceret.
2916 1743 3031 1798 Eos
3059 1755 3221 1809 ergo,
3269 1738 3375 1811 qui
3414 1734 3625 1792 bimuli

1973 1842 2158 1899 erant,
2200 1836 2433 1898 occidit,
2482 1839 2545 1889 ut
2570 1840 2808 1905 tempus
2847 1831 3299 1903 ampliationem
3356 1826 3619 1888 haberet,

1973 1926 2122 1980 sicut
2145 1924 2527 1996 praediximus
2558 1939 2571 1988 ;
2605 1923 2737 1977 illos
2774 1937 2930 1986 vero,
2980 1920 3085 1991 qui
3153 1917 3401 1973 minoris
3455 1917 3627 1969 erant

1972 2015 2180 2079 aetatis,
2201 2013 2533 2068 secundum
2550 2016 2786 2083 tempus
2803 2010 2968 2083 quod
2984 2008 3345 2079 exquisierat
3363 2021 3398 2059 a
3423 2003 3623 2070 Magis.

1972 2106 2173 2175 Itaque
2194 2108 2518 2174 ettempus,
2545 2102 2757 2174 quoda
2780 2100 2965 2169 Magis
2987 2099 3206 2162 didicit,
3250 2092 3619 2151 observavit:

1972 2197 2030 2249 et
2070 2192 2443 2248 latitudinem
2479 2192 2727 2248 alteram
2764 2190 2889 2261 ipse
2924 2188 3155 2259 adjecit.
3198 2188 3400 2241 Restat
3427 2181 3625 2252 igitur,

1974 2287 2039 2339 ut
2067 2283 2252 2337 verba
2273 2281 2401 2337 illa:
2428 2280 2768 2337 Secundum
2792 2283 3035 2347 tempus,
3052 2276 3206 2347 quod
3220 2273 3574 2345 exquisierat
3590 2284 3628 2325 a

1973 2372 2184 2441 Magis,
2209 2386 2331 2426 non
2350 2370 2408 2425 in
2429 2386 2518 2434 eo,
2534 2368 2699 2441 quod
2721 2368 2955 2436 dicitur,
2977 2382 3013 2421 a
3030 2366 3273 2427 bimam,
3299 2360 3624 2429 intelligas;

1975 2460 2079 2516 sed
2110 2461 2168 2516 in
2203 2475 2293 2527 eo,
2336 2459 2502 2530 quod
2524 2458 2779 2520 additur,
2824 2462 2875 2511 et
2926 2454 3112 2524 infra.
3168 2454 3407 2523 Oportet
3464 2447 3624 2503 enim

1973 2554 2103 2621 post
2162 2551 2239 2615 id,
2292 2548 2458 2621 quod
2510 2547 2736 2612 dicitur,
2803 2562 2841 2602 a
2894 2545 3138 2606 bimam,
3186 2540 3628 2597 distinctionem

1974 2654 2208 2710 ponere,
2236 2636 2453 2693 deinde
2486 2639 2674 2691 totum
2718 2632 2884 2705 quod
2908 2630 3173 2704 sequitur
3204 2627 3383 2683 simul
3414 2625 3624 2695 legere.

1974 2729 2030 2783 Si
2050 2728 2232 2796 enim,
2252 2727 2398 2781 sicut
2422 2725 2646 2791 dicunt,
2663 2724 2923 2779 duorum
2947 2735 3245 2777 annorum
3270 2723 3506 2787 tempus
3528 2729 3625 2770 ex-

1974 2818 2201 2891 pletum
2219 2831 2353 2873 esse
2379 2815 2703 2879 didicisset,
2728 2826 3118 2885 nequaquam
3132 2824 3236 2866 eos
3257 2805 3624 2879 perdidisset,

1972 2906 2078 2979 qui
2113 2905 2354 2961 minoris
2388 2908 2555 2959 erant
2587 2902 2801 2959 astatis.

2044 2996 2331 3051 Dubitant
2351 2998 2549 3049 autem
2578 2992 2837 3064 quidam,
2863 3006 3049 3063 quam
3082 2988 3163 3044 ob
3193 3000 3463 3051 causam,
3488 2997 3628 3039 cum

1973 3084 2243 3140 Christus
2258 3085 2455 3152 fugam
2472 3082 3039 3153 arripuisset,curam
3054 3093 3176 3133 non
3198 3074 3405 3131 habuit
3416 3088 3629 3145 puero-

1970 3188 2125 3237 rum,
2147 3173 2247 3244 qui
2273 3188 2380 3243 pro
2398 3173 2531 3243 ipso
2545 3169 2798 3241 jugulati
2819 3172 2980 3225 sunt.
2999 3167 3228 3231 Quibus
3246 3179 3353 3218 nos
3370 3162 3628 3217 dicimus

1971 3262 2190 3317 multos
2238 3260 2455 3329 injuste
2500 3274 2709 3329 agere:
2744 3256 2976 3313 nullum
3004 3261 3202 3310 autem
3232 3252 3448 3323 injuste
3479 3248 3622 3320 pati.

1971 3350 2175 3407 Omnis
2188 3350 2365 3412 enim,
2390 3349 2493 3420 qui
2510 3348 2725 3418 injuste
2751 3345 2875 3418 pati
2890 3344 3146 3408 videtur,
3173 3346 3276 3398 aut
3294 3338 3537 3412 patitur,
3562 3341 3629 3392 ut

1969 3438 2213 3512 propria
2226 3438 2409 3493 diluat
2422 3437 2635 3493 delicta
2655 3439 2741 3502 ;et
2764 3436 2846 3490 ita
2858 3433 3084 3489 malum
3101 3430 3340 3503 quidem
3354 3426 3625 3491 sustinet,

1969 3543 2170 3583 verum
2184 3543 2301 3583 non
2317 3527 2396 3597 inj
2408 3524 2705 3597 uste,quin
2719 3524 2911 3595 potius
2933 3520 3220 3578 beneﬁcio
3237 3518 3510 3581 afﬁcitur;
3526 3519 3627 3571 aut

1972 3623 2035 3674 ut
2062 3633 2295 3674 coronae
2313 3617 2685 3673 occasionem
2708 3614 2947 3680 habeat,
2976 3616 3033 3669 et
3050 3613 3133 3667 ita
3149 3624 3388 3682 quoque
3412 3606 3630 3662 beneﬁ-

1970 3709 2149 3775 cium,
2188 3712 2425 3778 propter
2457 3705 2879 3776 tempestivam
2909 3702 3051 3758 mali
3092 3699 3491 3763 tolerantiam,
3544 3696 3623 3751 ob

1970 3811 2155 3868 quam
2174 3799 2527 3865 perpetuam
2551 3794 2762 3848 referet
2778 3792 3060 3863 requiem.
3081 3795 3305 3860 Itaque,
3331 3787 3434 3858 qui
3465 3784 3628 3841 alteri

1968 3885 2190 3953 irrogat
2218 3882 2513 3952 injuriam,
2550 3879 2949 3951 facitquidem
2986 3878 3271 3947 injuriam
3304 3892 3314 3929 :
3350 3874 3454 3945 qui
3480 3888 3624 3929 vero

1971 3970 2478 4035 malumsustinet,
2510 3982 2888 4040 nequaquam
2916 3966 3139 4037 injuria
3164 3963 3439 4020 afﬁcitur.
3479 3961 3629 4027 Quia

1970 4075 2112 4132 ergo
2124 4059 2185 4114 hi
2208 4059 2373 4131 pueri
2389 4073 2509 4114 non
2527 4060 2772 4130 propter
2789 4055 3227 4113 absolutionem
3244 4052 3626 4125 propriorum

1970 4149 2321 4205 delictorum
2349 4146 2846 4218 interemptisunt,
2879 4143 3268 4200 manifestum
3294 4145 3386 4197 est
3412 4155 3628 4212 passos

1971 4253 2121 4302 esse,
2153 4240 2219 4293 ut
2244 4236 2642 4301 occasionem,
2676 4251 2792 4306 qua
2824 4237 3275 4297 coronarentur,
3314 4229 3625 4293 haberent,

1969 4343 2077 4383 nec
2130 4342 2341 4398 passos
2391 4340 2518 4379 esse
2568 4324 2869 4395 injuriam.
2905 4322 3194 4379 Fortassis
3242 4326 3441 4375 autem
3480 4322 3537 4373 et
3569 4317 3628 4373 hi

1970 4416 2137 4487 pueri
2153 4414 2322 4485 probi
2338 4414 2517 4469 futuri
2534 4430 2654 4469 non
2670 4418 2856 4469 erant.
2879 4412 2935 4469 Si
2950 4411 3110 4467 enim
3124 4426 3225 4466 eos
3237 4409 3341 4481 qui
3353 4410 3625 4480 peccant,

1972 4505 2121 4557 Deus
2146 4502 2205 4557 in
2234 4502 2357 4558 vita
2388 4503 2657 4567 sustinet,
2692 4502 2967 4572 ipsorum
2998 4504 3353 4571 exspectans
3382 4510 3626 4552 conver-

1972 4593 2207 4647 sionem
2233 4610 2244 4649 :
2272 4590 2457 4645 multo
2478 4591 2669 4659 magis
2685 4589 3017 4645 credendus
3037 4592 3143 4653 est,
3175 4602 3279 4643 eos
3292 4585 3394 4655 qui
3413 4586 3628 4640 virtute

1970 4679 2175 4749 magni
2217 4679 2395 4734 futuri
2436 4682 2633 4735 essent
2662 4693 3046 4748 nequaquam
3092 4676 3216 4731 vita
3254 4674 3628 4745 privaturum

1970 4768 2174 4824 fuisse.
2204 4772 2405 4839 Neque
2430 4769 2613 4824 multo
2640 4771 2776 4838 post
2808 4781 3134 4837 puerorum
3160 4763 3497 4819 interfector
3522 4764 3627 4817 He-

1970 4858 2141 4913 rodes
2170 4872 2384 4929 poenas
2414 4855 2579 4911 dedit
2613 4854 2887 4910 violentae
2927 4853 3126 4918 caedis,
3160 4850 3375 4906 acerba
3433 4856 3625 4905 morte

1970 4946 2155 5004 vitam
2186 4945 2441 5012 solvens,
2470 4946 2648 5016 prout
2676 4942 2882 4998 scribit
2904 4940 3220 5012 Josephus.

2044 5038 2199 5090 Vers.
2220 5039 2304 5089 l7.
2331 5036 2493 5089 Tunc
2519 5033 2862 5102 completum
2877 5035 2956 5086 est
2972 5032 3213 5084 —Vers.
3232 5027 3319 5084 18.
3342 5042 3461 5083 non
3480 5026 3618 5084 sint.

1974 5122 2227 5188 Quando
2258 5121 2399 5178 dicit
2432 5123 2629 5178 :Tunc
2686 5119 3037 5188 completum
3058 5123 3142 5175 est
3193 5116 3347 5189 quod
3393 5117 3619 5174 dictum

1972 5217 2074 5281 est,
2109 5204 2419 5279 significat,
2452 5210 2565 5267 hoc
2595 5207 2946 5282 providente
2990 5211 3109 5264 Deo
3140 5206 3366 5264 factum
3393 5221 3522 5262 esse
3549 5221 3619 5262 ac

1976 5315 2081 5372 per
2105 5298 2461 5371 Prophetam
2490 5298 2866 5373 praedicente,
2890 5302 2944 5356 et
2966 5297 3051 5356 ita
3078 5296 3200 5354 ﬁeri
3226 5295 3618 5370 permittente,

1492 5473 1721 5543 Variae
1753 5476 2082 5543 lectiones
2126 5484 2192 5544 et
2223 5486 2427 5547 notae.

344 5668 450 5742 (58)
480 5664 794 5742 Iosephus,
827 5665 911 5725 De
943 5665 1091 5726 bello
1108 5666 1372 5741 Iudaico,
1396 5668 1498 5727 lib.
1532 5687 1569 5739 ι,
1603 5684 1736 5743 cap.
1769 5671 1856 5739 2t,
1887 5684 1947 5744 p.

1979 5674 2105 5731 772.
