4166 6314
547 345 651 402 155

1861 342 2214 400 EUTHYMII
2253 343 2584 402 ZIGABENI

3800 350 3918 405 156

551 471 884 528 secundum
926 486 1099 527 suam
1148 471 1665 542 gubernationem.
1695 471 1927 527 Rbama
1971 484 2193 525 nomen

2304 471 2429 522 σθαι
2479 468 2548 525 δι’
2599 471 2921 544 οἰκονομίαν.
2959 473 3122 547 Ῥαμὰ
3149 477 3238 548 μεν
3270 471 3357 527 οὖν
3409 477 3569 548 ὄνομα
3610 470 3671 533 ἧν
3714 477 3913 543 τόπου,

551 565 678 616 erat
695 561 809 616 loci
841 560 902 615 in
943 560 1256 616 Bethleem.
1290 560 1626 617 Nominavit
1653 565 1853 616 autem
1895 558 2193 614 Bethleem

547 649 783 713 Rachel,
815 654 1058 720 propter
1110 649 1319 705 Rachel
1366 665 1616 706 uxorem
1674 647 1878 714 Jacob,
1938 663 2074 720 quae
2133 648 2194 702 in

550 737 844 793 Bethleem
879 738 1112 810 sepulta
1139 743 1248 795 est.
1274 741 1584 809 Postquam
1617 743 1817 794 autem
1847 737 1994 792 dixit
2023 753 2036 792 :
2072 737 2196 793 Vox

546 827 611 881 in
641 826 875 883 Rhama
901 827 1109 883 audita
1140 833 1242 893 est,
1277 827 1542 882 subdens
1587 826 1871 893 declarat,
1917 841 2052 898 quae
2083 841 2196 880 vox

551 914 743 981 fuerit,
757 931 976 986 nempe
1007 915 1375 979 lamentatio,
1394 915 1680 987 ploratus,
1696 921 1752 971 et
1771 915 1945 970 ﬂetus
1961 913 2192 979 multus,

546 1010 790 1077 propter
804 1005 1286 1060 crudelissimam
1305 1021 1625 1076 puerorum
1643 1004 2114 1060 exstinctionem.
2132 1005 2198 1058 Et

548 1093 738 1150 noluit
776 1093 1076 1150 Bethleem
1135 1093 1602 1150 consolationem
1657 1093 1990 1160 admittere,
2053 1092 2198 1164 quia

549 1182 718 1254 pueri
772 1183 867 1238 sui
907 1197 1030 1238 non
1080 1185 1237 1247 sunt,
1277 1183 1394 1238 hoc
1432 1187 1535 1247 est,
1569 1197 1692 1238 non
1753 1181 1988 1240 vivunt.
2052 1180 2199 1236 Hinc

549 1274 752 1328 autem
782 1271 1136 1328 calamitatis
1162 1271 1397 1344 aperuit
1427 1270 1932 1340 magnitudinem.

618 1361 758 1415 Vers
809 1362 874 1415 19
931 1361 1166 1415 Mortuo
1223 1390 1292 1401 —
1348 1361 1509 1415 Vers.
1564 1358 1653 1414 20.
1717 1359 1925 1415 Pueri.
1957 1358 2198 1416 Terram

550 1447 728 1505 Israel
786 1447 1130 1520 simpliciter
1179 1447 1329 1504 dixit
1386 1447 1792 1504 Palaestinam.
1858 1449 2198 1513 Quaerentes

550 1542 750 1594 autem
773 1536 1038 1594 animam
1052 1538 1241 1608 pueri,
1258 1542 1319 1593 ut
1335 1553 1466 1593 eam
1479 1536 1795 1601 auferrent,
1817 1541 1874 1593 et
1901 1553 1938 1592 a
1950 1551 2198 1609 corpora

551 1631 917 1699 separarent,
959 1627 1226 1683 diciteos
1256 1627 1356 1698 qui
1406 1625 1699 1682 Herodem
1749 1625 2193 1695 contingebant.

621 1718 663 1787 -ι-
689 1719 930 1772 Mortem
959 1718 1236 1773 acerbam
1254 1716 1465 1772 habuit
1495 1715 1779 1771 Herodes.
1801 1715 1983 1771 Febre
2012 1717 2194 1786 enim,

2301 562 2350 611 ἓν
2404 561 2648 633 Βηθλεέμ·
2699 561 2898 634 Ῥαχὴλ
2957 559 3015 616 δὲ
3052 571 3145 622 τήν
3194 563 3420 636 Βηθλεὲμ
3478 564 3763 636 ὠνόμασεν,
3797 563 3912 616 ἀπὸ

2301 647 2519 721 Ῥαχὴλ,
2567 658 2662 712 τῆς
2707 655 2956 722 γυναικός
3003 652 3209 721 Ἰακὼϐ,
3250 658 3498 724 ταφείσης
3541 651 3589 704 ἒν
3637 653 3897 720 Βηθλεέμ.

2303 737 2472 790 Εἰπὼν
2522 735 2601 806 δὲ,
2645 741 2726 791 ὅτι
2757 744 2900 798 Φωνὴ
2953 741 3003 792 ἐν
3031 740 3194 814 Ῥαμά
3233 741 3492 808 ἠκούσθη,
3550 739 3903 814 ἐφερμηνεύει,

2303 831 2380 886 τίς
2419 823 2479 898 ᾖν
2523 828 2552 885 ἡ
2612 832 2771 898 φωνή,
2827 829 2906 880 ὅτι
2966 830 3167 901 θρῆνος,
3222 834 3311 882 καὶ
3365 831 3431 882 τὰ
3477 829 3610 896 ἑξῆς,
3676 826 3768 881 διὰ
3804 835 3906 888 τήν

2305 915 2575 986 ὠμοτάτην
2633 914 2895 990 ἀναίρεσιν
2967 926 3065 969 τῶν
3133 913 3376 974 παιδίων,
3448 923 3546 970 Καὶ
3593 917 3686 969 οὐκ
3725 917 3904 976 ἤθελεν

2305 1005 2334 1061 ἠ
2389 1004 2612 1076 Βηθλεὲμ
2641 1007 3095 1078 παρηγορηθῆναι,
3157 1003 3295 1058 διότι
3337 1006 3430 1058 οὐκ
3461 1006 3563 1058 εἰσὶ
3600 1009 3665 1059 τὰ
3707 1004 3908 1060 παιδία

2306 1093 2432 1153 αὐτῆ
2445 1115 2485 1158 ς,
2513 1097 2800 1158 τουτέστιν,
2835 1095 2892 1146 οὐ
2919 1095 3098 1156 ζῶσιν.
3127 1095 3376 1148 Ἐντεῦθεν
3405 1091 3462 1148 δὲ
3491 1099 3584 1154 τήν
3615 1095 3902 1171 ὑπερϐολὴν

2305 1189 2397 1236 τοῦ
2425 1185 2622 1245 πάθους
2650 1182 2868 1256 ἐνέφηνε.

2375 1360 2784 1424 Τελευτήσαντος
2839 1395 2908 1405 --
2968 1359 3210 1417 παιδίου.
3284 1368 3383 1422 Γῆν
3441 1363 3670 1436 Ἰσραήλ,
3731 1362 3904 1424 ἁπλῶς

2307 1450 2415 1504 εἶπε
2449 1456 2542 1510 τὴν
2571 1452 2941 1511 Παλαιστίνην·
2996 1453 3279 1514 ζητοῦντας
3332 1448 3390 1504 δὲ
3419 1456 3513 1510 τήν
3567 1451 3753 1524 ψυχὴν
3809 1457 3904 1504 τοῦ

2305 1537 2548 1608 παιδίου,
2579 1549 2670 1594 τοῦ
2698 1540 2876 1614 ἐξᾶραι
2907 1541 3068 1600 αὐτὴν
3102 1545 3190 1593 καὶ
3220 1537 3254 1594 δ
3260 1540 3495 1604 ιαζεῦξαι
3521 1547 3612 1593 τοῦ
3643 1543 3904 1612 σώματός,

2307 1634 2438 1702 φησί
2469 1633 2588 1692 τοὺς
2617 1634 2734 1702 περὶ
2755 1634 2841 1682 τόν
2862 1627 3125 1702 Ἡρώδην.

2376 1720 2418 1789 -ι-
2450 1721 2646 1792 Πικρὰν
2694 1719 2808 1790 (59)
2849 1719 3083 1776 τελευτήν
3128 1719 3286 1790 ἔσχεν
3339 1718 3364 1769 ὀ
3394 1713 3652 1790 Ἡρώδης,
3697 1725 3905 1790 πυρετῷ

549 1805 904 1879 dysenteria,
925 1805 1142 1872 scabie,
1170 1805 1443 1877 podagra
1480 1820 1549 1860 ac
1575 1804 1970 1860 verendorum
1996 1808 2196 1876 putre-

2305 1812 2394 1860 καὶ
2439 1805 2766 1881 δυσεντερίᾳ,
2823 1812 2907 1859 καὶ
2959 1815 3176 1879 κνησμῷ
3232 1811 3322 1859 καὶ
3365 1809 3504 1877 ὄγκῳ
3551 1802 3749 1872 ποδῶν,
3805 1809 3902 1857 καὶ

550 1895 710 1961 dine,
741 1897 1121 1963 generatione
1150 1894 1470 1962 vermium,
1529 1892 1793 1965 spirandi
1834 1892 2191 1961 difﬁcultate,

551 1987 879 2040 actremore
910 1983 1330 2040 membrorum
1357 1981 1582 2038 malam
1614 1981 1790 2038 solvit
1816 1982 2105 2038 animam.

624 2161 787 2216 Vers.
817 2162 905 2218 21.
954 2161 1066 2228 Qui
1095 2160 1386 2217 excitatus
1416 2189 1485 2198 —-
1509 2159 1670 2214 Vers.
1697 2161 1786 2214 22.
1805 2159 1918 2216 Ire.
1953 2158 2198 2216 Volebat

552 2249 795 2320 quidem
811 2249 1074 2305 habitare
1086 2249 1147 2304 in
1163 2247 1426 2321 partibus
1439 2247 1983 2320 Judaeaa,siquidem
1994 2247 2198 2304 Judma

552 2342 610 2393 et
630 2337 868 2395 Galilaea
884 2338 1194 2394 Palestinse
1215 2337 1489 2408 regiones
1506 2342 1692 2393 erant.
1719 2339 1930 2393 Verum
1955 2342 2197 2410 propter

548 2425 900 2482 Archelaum
931 2426 1126 2484 timuit
1162 2426 1262 2483 illo
1292 2427 1394 2493 ire,
1455 2442 1530 2482 ne
1557 2426 1702 2482 forte
1733 2431 1790 2483 et
1809 2429 1935 2499 ipse
1965 2430 2195 2499 patrem

548 2515 876 2572 mitaretur.
912 2520 1114 2588 Neque
1149 2515 1312 2572 enim
1342 2515 1732 2573 determinate
1758 2515 2198 2586 signiﬁcaverat

551 2604 800 2674 angelus
826 2603 1211 2662 habitationis
1251 2605 1472 2672 locum,
1533 2609 1600 2661 ut
1653 2605 1936 2661 ﬁduciam
1974 2604 2196 2661 habere

549 2697 774 2766 posset.

623 2783 783 2840 Scire
822 2787 1020 2840 autem
1055 2786 1300 2856 oportet,
1345 2781 1530 2855 quod,
1589 2785 1822 2838 mortuo
1870 2797 2196 2853 puerorum

549 2872 919 2929 interfectore
983 2873 1230 2941 Herode,
1285 2876 1544 2942 quatuor
1601 2869 1738 2925 ﬁliis
1789 2871 1920 2941 ejus
1974 2870 2193 2938 electis,

547 2961 742 3018 divisit
780 2961 975 3018 Caesar
1000 2964 1303 3031 Augustus
1341 2975 1596 3030 regnum
1639 2959 1856 3032 ipsius.
1907 2960 2195 3016 Archelao

547 3051 796 3121 quidem
833 3051 1054 3107 Iudaeae
1105 3049 1414 3120 regionem
1478 3047 1819 3116 distribuit;
1871 3047 2002 3104 aliis
2054 3065 2195 3105 vero

549 3144 736 3212 partes
789 3139 958 3205 alias,
1048 3139 1202 3194 sicut
1257 3137 1395 3194 dicit
1462 3138 1650 3194 Lucas
1698 3138 1768 3195 ιδ.
1836 3137 1948 3193 Eos
1999 3141 2196 3194 autem

547 3244 720 3299 reges
787 3228 1114 3285 tetrarchas
1172 3227 1523 3293 nominavit,
1590 3227 1876 3299 quoniam
1945 3228 2198 3299 quisque

552 3332 758 3373 eorum
777 3321 1003 3388 quartae
1019 3316 1205 3388 partis
1230 3317 1627 3389 principatum
1657 3316 1917 3372 tenebat.
1947 3314 2118 3380 Quod
2145 3315 2196 3369 si

553 3405 743 3462 Lucas
766 3405 1041 3462 Pontium
1081 3405 1333 3461 Pilatum
1359 3403 1580 3460 Judaese
1602 3403 1916 3476 praesidem
1947 3403 2194 3474 scripsit,

553 3492 704 3548 nihil
733 3494 977 3550 mirum.
1007 3491 1397 3548 Postmodum
1429 3491 1587 3546 enim
1614 3492 1900 3547 Archelao
1926 3506 1957 3547 e
2013 3505 2197 3561 regno

552 3585 792 3651 propter
826 3580 1236 3636 accusationes
1284 3579 1491 3649 ejecto,
1546 3579 1607 3634 in
1660 3585 1962 3650 posterum
2017 3595 2197 3636 nemo

554 3682 679 3734 rex,
712 3667 816 3723 sed
837 3671 1186 3741 procurator
1237 3667 1561 3724 dicebatur.
1605 3669 1812 3740 Itaque
1865 3667 2085 3725 Pilatus
2136 3668 2198 3726 in

558 3756 868 3829 praesidem
883 3756 1103 3814 Iudaeae
1118 3756 1231 3813 sub
1247 3756 1476 3814 Tiberio
1493 3758 1723 3816 Caesare
1739 3760 1966 3814 aRoma
1980 3757 2197 3813 missus

556 3851 648 3903 est
673 3846 758 3919 (ι).

624 3936 790 3993 Vers.
829 3937 924 3995 22.
970 3938 1223 3994 Oraculo
1274 3943 1464 3994 autem
1524 3943 1755 4008 accepto
1806 3968 1876 3979 —
1917 3937 2196 3994 Vers.23.

554 4025 887 4083 Nazareth.
920 4026 1090 4096 Atqui
1112 4026 1160 4080 si
1180 4025 1240 4080 in
1259 4026 1523 4081 Judaaam
1543 4027 1626 4081 ire
1648 4027 1950 4082 metuebat
1964 4029 2201 4097 propter

555 4113 932 4178 Archelaum,
960 4112 1276 4182 Oportebat
1305 4117 1362 4167 et
1393 4111 1696 4168 Galilaeam
1728 4113 1933 4168 timere
1960 4117 2202 4184 propter

555 4200 794 4256 fratrem
825 4200 949 4270 ejus
977 4198 1289 4267 Herodem,
1347 4199 1446 4271 qui
1503 4199 1566 4254 in
1595 4215 1667 4257 ea
1714 4199 2003 4256 tetrarcha
2055 4205 2198 4268 erat,

559 4287 710 4343 sicut
728 4286 868 4343 dicit
898 4287 1112 4343 Lucas.
1145 4288 1367 4344 Verum
1399 4285 1720 4353 Bethleem,
1745 4289 1856 4344 sita
1883 4288 1944 4344 in
1973 4288 2198 4354 Judaea,

557 4379 833 4445 suspecta
861 4378 1007 4432 erat.

625 4464 788 4520 Vers.
820 4464 914 4521 23.
989 4463 1066 4520 Ut
1117 4495 1186 4505 -
1251 4465 1572 4522 vocabitur.
1637 4467 1704 4522 Et
1766 4466 2010 4523 ubinam
2085 4467 2200 4524 hoc

555 4551 864 4625 prophetae
919 4551 1246 4608 dixerunt?
1303 4556 1382 4609 Ne
1437 4569 1718 4626 quaeras;
1773 4569 1969 4627 neque
2039 4555 2198 4612 enim

554 4641 840 4699 invenies.
855 4641 1121 4698 Plurima
1141 4642 1301 4698 enim
1318 4643 1806 4714 propheticorum
1822 4645 2197 4702 voluminum

554 4729 884 4803 perierunt:
914 4731 1130 4802 partim
1161 4731 1406 4804 quidem
1440 4747 1547 4804 per
1584 4732 1920 4805 frequentes
1952 4734 2198 4806 captivi-

553 4825 701 4877 tates
730 4836 743 4886 ;
773 4821 988 4893 partim
1010 4824 1209 4877 autem
1228 4825 1470 4893 propter
1491 4821 1876 4878 Hebraeorum
1896 4822 2198 4896 negligen-

552 4907 697 4966 tiam
726 4925 741 4976 ;
773 4909 1066 4967 nonnulla
1093 4925 1327 4984 quoque
1365 4915 1607 4984 propter
1636 4910 1951 4969 malitiam.

629 5081 675 5119 “
704 5082 840 5140 Luc.
866 5097 946 5151 ιιι,
979 5083 1032 5140 1.

2308 1895 2469 1966 σήψει
2494 1903 2586 1948 τοῦ
2635 1893 2840 1948 αἰδοίου
2885 1895 3159 1957 σκώληκας
3187 1899 3442 1967 γεννώση,
3483 1898 3573 1946 καὶ
3615 1891 3900 1964 δυσπνοίᾳ,

2305 1990 2394 2038 καὶ
2445 1990 2641 2060 τρόμῳ,
2693 1990 2782 2037 καὶ
2822 1991 3050 2057 σπασμῷ
3080 1991 3178 2036 τῶν
3222 1983 3404 2056 μελῶν,
3455 1981 3748 2057 ἀπορρήξας
3803 1985 3902 2040 τὴν

2305 2075 2533 2148 πονηρὰν
2563 2073 2770 2145 ψυχήν.

2373 2161 2432 2215 Ὀ
2487 2158 2546 2215 δὲ
2595 2161 2819 2234 ἐγερθεὶς
2875 2193 2945 2202 -
2996 2160 3248 2215 ἀπελθεῖν.
3283 2159 3548 2213 Ἐϐούλετο
3593 2161 3682 2231 μὲν
3724 2179 3900 2212 κατοι-

2305 2260 2470 2311 κῆσαι
2502 2251 2551 2303 ἐν
2600 2259 2709 2311 τοῖς
2737 2254 2918 2323 μέρεσι
2964 2259 3058 2311 τῆς
3089 2247 3367 2310 Ἰουδαίας·
3400 2257 3578 2322 χῶραι
3623 2251 3724 2322 γὰρ
3764 2244 3898 2306 ἦσαν

2304 2349 2400 2401 τῆς
2429 2339 2799 2402 Παλαιστίνης,
2846 2342 2876 2399 ἦ
2927 2359 2980 2392 τε
3010 2336 3248 2393 Ἰουδαία
3295 2340 3439 2396 καὶὴ
3484 2336 3748 2390 Γαλιλαία·
3805 2333 3904 2388 διὰ

2306 2426 2366 2482 δὲ
2393 2432 2481 2481 τόν
2521 2428 2801 2504 Ἀρχέλαον
2851 2427 3076 2500 ἐφοϐήθη
3109 2427 3218 2480 ἐκεῖ
3268 2426 3522 2495 ἀπελθεῖν,
3573 2429 3772 2490 μήποτε
3809 2428 3901 2477 καὶ

2305 2517 2463 2581 αὐτὸς
2512 2523 2814 2590 μιμήσηται
2841 2521 2928 2570 τὸν
2957 2520 3178 2590 πατέρα.
3240 2516 3314 2568 Οὐ
3345 2518 3442 2590 γὰρ
3490 2512 3669 2575 ἰδικῶς
3695 2513 3901 2586 ἐσήμα-

2304 2627 2381 2659 νεν
2436 2609 2462 2659 ό
2511 2606 2728 2679 ἄγγελος
2792 2609 2878 2659 τὸν
2930 2611 3084 2658 τόπον
3154 2613 3248 2668 τῆς
3299 2608 3592 2673 κατοικίας,
3648 2604 3730 2656 ’ίνα
3782 2605 3899 2675 ἔχοι

2309 2695 2531 2771 θαρῤεῖν.

2375 2789 2490 2860 Χρὴ
2544 2782 2603 2837 δὲ
2638 2789 2910 2857 γινώσκειν
2967 2785 3068 2850 ὅτι,
3123 2790 3215 2836 τοῦ
3258 2779 3606 2835 παιδοκτόνου
3660 2776 3894 2856 Ἡρώδου

2304 2872 2721 2944 τελευτήσαντος,
2794 2880 2904 2934 τοῖς
2973 2874 3299 2946 προκριθεῖσι
3377 2876 3633 2944 τέσσαρσι
3712 2872 3890 2922 τούτου

2303 2967 2461 3014 παισὶ
2485 2967 2578 3020 τὴν
2623 2961 2894 3034 βασιλείαν
2939 2961 3095 3013 αὐτοῦ
3145 2957 3327 3013 διεῖλεν
3375 2961 3400 3011 ό
3439 2966 3644 3031 Καῖσαρ
3703 2962 3896 3030 Αὔγου-

2308 3070 2448 3112 στος·
2493 3055 2583 3103 καὶ
2647 3059 2719 3122 τῷ
2762 3053 2850 3123 μεν
2903 3049 3173 3122 Ἀρχελάῳ
3224 3054 3318 3107 τὴν
3386 3044 3647 3101 Ἰουδαίαν
3717 3052 3897 3119 χώραν

2234 3163 2274 3217 C
2307 3138 2562 3211 ἀπένειμε,
2634 3147 2738 3199 τοῖς
2821 3139 2995 3200 ἄλλοις
3065 3136 3124 3190 δὲ
3173 3139 3264 3198 τὰς
3307 3136 3464 3197 ἄλλοις
3535 3133 3776 3209 μερίδας,
3835 3136 3899 3195 ὦς

2305 3247 2462 3301 φησιν
2516 3229 2542 3279 ό
2595 3233 2825 3289 Λουκᾶς.
2876 3227 3133 3298 Ὠνόμασε
3181 3223 3240 3279 δὲ
3298 3225 3487 3286 αὐτοὺς
3543 3223 3783 3297 βασιλεῖς
3817 3243 3897 3276 τε-

2303 3318 2562 3390 τράρχας,
2623 3313 2764 3368 διότι
2801 3317 3016 3378 ἕκαστος
3066 3316 3314 3387 τετάρτης
3343 3309 3554 3388 μερίδος
3607 3311 3792 3386 ἦρχεν.
3840 3311 3901 3364 Εἰ

2306 3402 2366 3458 δὲ
2416 3406 2440 3456 ὁ
2485 3411 2689 3466 Λουκᾶς
2736 3408 2820 3458 τόν
2877 3409 3089 3458 Πόντιον
3139 3403 3362 3456 Πιλάτον
3421 3403 3748 3473 ἡγεμονεύειν
3805 3407 3899 3461 τῆς

2307 3490 2567 3555 Ἰουδαίας
2630 3492 2935 3566 ἀνέγραψεν,
3011 3488 3162 3544 οὐδὲν
3213 3494 3406 3545 καινόν.
3463 3497 3708 3562 Ὕστερον
3773 3491 3896 3562 γὰρ,

2308 3581 2599 3655 Ἀρχελάου
2640 3591 2733 3644 τῆς
2783 3581 3054 3654 βασιλείας
3104 3580 3409 3640 ἐκπεσόντος
3454 3577 3509 3630 ἐκ
3562 3581 3895 3652 κατηγορίας,

2303 3671 2476 3724 οὐκέτι
2525 3669 2796 3744 βασιλεὺς,
2838 3668 2944 3722 ἀλλ’
2994 3668 3288 3743 ἐπίτροπος,
3346 3670 3510 3720 εἴτουν
3548 3667 3754 3738 ἡγεμὼν
3808 3673 3902 3726 τῆς

2303 3756 2565 3820 Ἰουδαίας
2616 3760 2641 3811 ὁ
2710 3759 2931 3819 Πιλάτος
3000 3758 3099 3810 ὑπὸ
3150 3755 3388 3831 Τιϐερίου
3467 3758 3738 3827 Καίσαρος
3798 3753 3898 3806 ἀπὸ

2301 3833 2502 3920 Ῥώμης
2533 3846 2852 3911 ἐξαπεστάλη
2863 3886 2876 3899 .

2374 3938 2770 4011 Χρηματισθεὶς
2828 3930 2985 3988 δὶ-
3039 3933 3304 4007 Ναζαρέτ.
3361 3937 3461 3986 Καὶ
3519 3935 3643 4004 μὴν,
3701 3934 3744 3982 εί
3806 3933 3900 3988 τὴν

2307 4022 2572 4080 Ἰουδαίαν
2603 4023 2852 4096 ἐφοϐήθη,
2887 4020 2958 4076 δι’
3004 4022 3309 4096 Ἀρχέλαον,
3347 4016 3453 4074 ἔδει
3493 4019 3783 4092 φοϐηθῆναι
3811 4021 3900 4070 καὶ

2306 4119 2400 4172 τήν
2458 4111 2753 4179 Γαλιλαίαν,
2823 4108 2918 4164 διὰ
2966 4115 3053 4164 τόν
3116 4107 3332 4182 ἀδελφὸν
3406 4108 3564 4161 αὐτοῦ
3635 4102 3898 4181 Ἡρώδην,

2307 4207 2697 4276 τετραρχοῦντα
2748 4200 2929 4266 αὐτῆς,
2987 4201 3055 4261 ὧς
3112 4217 3242 4271 φησι
3292 4202 3520 4259 Λουκᾶς·
3578 4193 3687 4248 ἀλλ’
3717 4197 3746 4255 ἡ
3799 4201 3898 4252 Βη-

2309 4289 2458 4362 θλεὲμ
2491 4286 2550 4348 ἦν
2578 4288 2822 4356 ὕποπτος,
2856 4287 2904 4341 ἐν
2933 4295 2996 4362 τῇ
3033 4284 3267 4358 Ἰουδαίᾳ
3289 4289 3516 4359 κειμένη.

2376 4467 2554 4530 Ὀπως
2603 4497 2673 4509 -
2701 4466 3038 4525 κληθήσεται.
3098 4467 3199 4518 Καὶ
3244 4469 3388 4517 ποῖοι
3444 4469 3711 4536 προφῆται
3747 4467 3900 4513 τοῦτο

2308 4553 2470 4626 εἶπον,
2511 4559 2580 4628 μὴ
2635 4555 2888 4627 ζητήσῃς·
2940 4553 3046 4624 οὐχ
3089 4554 3322 4628 εὑρήσεις
3365 4553 3491 4625 γὰρ,
3542 4545 3684 4602 διότι
3738 4547 3903 4601 πολλὰ

2305 4654 2404 4698 τῶν
2461 4650 2790 4718 προφητικῶν
2851 4641 3064 4713 βιϐλίων
3121 4639 3401 4706 ἀπώλοντο,
3441 4641 3506 4691 τὰ
3551 4636 3639 4710 μέν
3699 4635 3746 4688 ἓν
3791 4643 3901 4695 ταῖς

2305 4733 2714 4806 αἰχμαλωσίαις,
2748 4730 2814 4782 τὰ
2845 4727 2903 4783 δὲ
2954 4734 3044 4782 καὶ
3100 4727 3152 4792 ἔξ
3201 4727 3438 4801 ἀμελείας
3477 4734 3575 4780 τῶν
3631 4723 3896 4798 Ἐϐραίων,

2305 4825 2423 4876 τινὰ
2453 4818 2511 4875 δε
2539 4824 2628 4873 καὶ
2657 4818 2712 4872 ἐκ
2742 4821 3080 4894 κακουργίας.

1782 5183 2007 5254 Variae
2036 5184 2366 5255 lectiones
2399 5191 2465 5252 et
2493 5189 2694 5252 notae.

621 5321 738 5400 (59)
762 5321 924 5400 _Haec
953 5322 1273 5400 Hentenius
1299 5323 1362 5382 in
1392 5325 1610 5383 codicis
1636 5325 1726 5383 sui
1745 5327 2016 5400 margine
2036 5343 2192 5400 repe-

551 5394 729 5450 rerat;
762 5394 828 5449 In
857 5399 1067 5452 neutro
1113 5411 1364 5453 meorum
1409 5402 1778 5471 comparent.
1815 5394 1962 5456 Su'nt
1989 5394 2191 5457 autem

2299 5328 2546 5402 repetita
2569 5341 2642 5384 ex
2660 5323 3148 5402 Teophylacto,_e
3169 5339 3292 5398 quo
3318 5322 3554 5382 addidi.
3584 5321 3730 5380 Vide
3745 5321 3896 5380 edit.

2301 5396 2466 5458 Paris
2496 5403 2648 5465 1631,
2677 5396 2953 5469 in-fol.’p.
2981 5397 3068 5452 16.
3093 5396 3156 5451 Β.

626 5569 688 5642 (ἢ
720 5570 984 5651 Amplius
1021 5588 1142 5632 non
1174 5589 1279 5631 rex
1317 5574 1508 5646 (erat),
1542 5575 1647 5632 sed
1672 5581 2022 5647 procurator
2048 5593 2154 5636 seu
2182 5593 2397 5651 prensos
2423 5577 2644 5635 Iudaeae
2697 5574 2924 5633 Pilatus
2953 5590 2989 5634 a
3026 5572 3256 5632 Tiberio
3287 5571 3517 5633 Caesare
3556 5573 3737 5629 Roma
3764 5568 3909 5626 mis-

553 5657 658 5703 sus
681 5647 826 5701 erat.
