4166 6314
312 350 394 406 157
1260 343 1628 403 COMMENT.
1671 343 1748 399 IN
1788 343 1872 399 ΜΛ

1992 341 2233 399 ΗΑΞΠΜ.
2274 373 2341 385 -
2382 343 2542 400 CAP.
2575 343 2675 398 III.
3538 345 3642 401 158

359 478 493 528 ΚΕΦ.
570 472 644 525 Γ’.
726 479 937 547 Πρῶτος
1004 474 1251 534 Ἰωάννης
1325 470 1543 542 ἐκήρυξε
1613 469 1872 542 βασιλείαι

1995 469 2148 524 CAP.
2227 469 2318 523 IlI.
2370 467 2610 524 Primus
2670 469 2924 526 Joannes
2971 469 3323 539 praedicavit
3396 485 3639 541 regnum

954 563 1202 637 οὐρανῶν.

2666 559 2960 615 caelorum.

346 668 423 720 Ἐν
457 664 517 719 δὲ
552 675 668 728 ταῖς
712 670 932 740 ἡμέραις
970 700 1038 708 —
1084 665 1369 728 Ἰουδαίας.
1408 667 1489 719 Ἐν
1537 670 1711 728 ποίαις
1762 667 1872 737 ἡμέ-

2064 665 2207 734 Cap.
2248 664 2332 729 Ill,
2369 679 2520 718 vers.
2563 664 2612 717 1.
2663 664 2735 718 1η
2774 664 2976 721 diebus
3043 672 3235 722 autem
3284 695 3354 706 —
3381 665 3629 721 Judaeaa.

275 777 384 832 ραις
417 772 430 821 ;
461 756 539 807 Oi)
600 759 697 829 γὰρ
751 758 923 825 ὁπότε,
964 764 1088 819 παῖς
1131 759 1197 807 ὢν
1242 759 1266 808 6
1311 757 1539 822 Ἰησοῦς,
1587 756 1656 815 εἰς
1702 756 1881 815 Ναζα-

271 864 353 919 ρετ
411 841 568 901 ἦλθεν
628 844 680 906 ἐξ
732 845 1017 915 Αἰγύπτου,
1069 844 1173 896 ἀλλ’
1224 844 1270 896 ἐν
1323 853 1395 914 τῷ
1443 851 1739 916 τριακοστῷ
1793 843 1885 894 αύ-

268 940 357 984 τοῦ
410 936 627 994 πάντως
678 936 798 998 ἔτει,
850 938 1020 996 καθὼς
1068 936 1262 1007 ἱστορεῖ
1310 940 1535 994 Λουκᾶς.
1586 932 1722 985 Ἀλλ’
1770 934 1883 994 ἔθος

268 1021 375 1073 ἐστὶ
414 1030 479 1094 τῇ
532 1029 733 1095 Γραφῇ,
766 1027 824 1074 τό
862 1022 909 1074 ἐν
951 1030 1061 1083 ταῖς
1094 1026 1313 1097 ἡμέραις
1356 1023 1565 1083 ἐκείναις
1596 1022 1709 1093 (60)
1741 1022 1880 1072 ἀκω-

265 1109 427 1170 λύτως
452 1110 643 1181 λέγειν,
676 1111 749 1184 ἐφ’
804 1108 861 1163 οὗ
894 1111 953 1163 ἂν
986 1111 1200 1183 ἐθελήσῃ
1252 1116 1469 1185 χρόνου,
1523 1108 1755 1183 δηλούσῃ
1790 1115 1881 1182 μό-

266 1219 347 1250 νον
394 1202 485 1251 τόν
538 1202 719 1272 καιρὸν
774 1200 981 1270 ἐκεῖνον,
1036 1199 1081 1251 ἐν
1177 1204 1403 1271 γέγονεν,
1451 1196 1882 1271 ἀδιηγήσασθαι

270 1286 539 1359 βούλεται,
591 1290 820 1361 καθάπερ
868 1293 958 1341 καὶ
1001 1296 1087 1340 νῦν
1136 1290 1160 1340 6
1209 1288 1595 1361 Εύαγγελιστὴς
1646 1287 1876 1353 ἐποίησε,

264 1377 326 1425 τά
360 1376 412 1427 ἐν
445 1380 595 1447 μέσῳ
625 1373 1009 1451 παραδραμών.

335 1470 437 1517 Καὶ
486 1462 640 1517 διατί
686 1469 814 1537 μετὰ
861 1468 1168 1538 τριακοστόν
1224 1467 1332 1525 ἔτος
1376 1467 1401 1517 6
1441 1469 1671 1538 Χριστός
1728 1462 1876 1523 ἦλθεν

265 1551 343 1603 ἐπὶ
395 1556 453 1604 τὸ
508 1552 794 1625 βάπτισμα
828 1571 841 1617 ;
873 1558 1014 1607 Διότι
1054 1556 1083 1611 ἡ
1135 1553 1313 1611 ἡλικία
1356 1554 1486 1612 αὕτη
1532 1562 1740 1627 στερεοῦ
1786 1559 1875 1606 καὶ

264 1642 649 1702 καθεστηκότος
728 1641 841 1693 ἐστὶ
922 1647 1263 1717 φρονήματος.
1340 1642 1477 1694 Ἐπεὶ
1538 1645 1635 1715 γὰρ
1703 1641 1874 1713 ἔμελλε

266 1737 563 1799 μεταποιεῖν
609 1733 697 1802 μὲν
752 1734 838 1781 τόν
885 1730 1101 1782 παλαιόν
1141 1734 1315 1801 νόμον,
1362 1733 1649 1802 νομοθετεῖν
1698 1727 1755 1782 δὲ
1786 1735 1872 1782 τόν

1992 756 2056 809 In
2078 754 2297 826 quibus
2316 753 2528 809 diebus
2544 754 2571 809 ?
2593 757 2790 825 Neque
2821 755 2978 809 enim
3014 756 3260 827 quando
3298 757 3469 811 Jesus
3491 770 3640 827 puer

1992 844 2188 898 adhuc
2220 858 2291 897 ex
2322 844 2551 913 [Egypo
2577 843 2737 897 venit
2792 844 3096 909 Nazareth,
3154 844 3260 899 sed
3318 861 3456 899 cum
3508 846 3637 914 jam

1992 932 2229 1000 triginta
2281 936 2436 987 esset
2488 946 2807 994 annorum,
2854 932 3003 988 sicut
3078 939 3278 987 narrat
3338 935 3523 987 Lucas
3554 934 3629 988 ‘°.

1990 1023 2203 1075 Verum
2261 1020 2575 1091 Scripturas
2643 1036 2774 1075 mos
2805 1024 2909 1086 est,
2966 1022 3030 1075 In
3099 1022 3300 1077 diebus
3375 1021 3500 1076 illis
3551 1020 3640 1076 di-

1991 1125 2141 1174 cere,
2170 1109 2285 1165 hoc
2331 1113 2437 1175 est,
2473 1109 2883 1180 sequentibus,
2916 1110 2990 1165 de
3038 1109 3305 1182 quolibet
3343 1113 3631 1180 tempore,

1990 1197 2434 1254 manifestando
2466 1197 2659 1253 solum
2690 1205 2926 1269 tempus
2957 1198 3121 1263 illud,
3149 1215 3266 1270 quo
3296 1196 3450 1252 facta
3479 1201 3636 1262 sunt,

1988 1303 2123 1357 quae
2148 1301 2390 1341 narrare
2403 1285 2526 1341 vult
2543 1302 2554 1339 :
2571 1286 3092 1359 quemadmodum
3115 1300 3275 1340 nunc
3306 1286 3637 1341 fecitEvan-

1987 1373 2215 1444 gelista,
2246 1389 2380 1445 qua;
2407 1374 2466 1428 in
2494 1374 2691 1428 medio
2724 1378 2863 1429 sunt
2892 1375 3366 1445 praetermittens.

2057 1465 2121 1516 Et
2146 1478 2330 1533 quare
2360 1470 2493 1533 post
2518 1463 2882 1517 tricesimum
2928 1478 3155 1518 annum
3197 1463 3356 1519 venit
3374 1462 3635 1518 Christus

1984 1550 2060 1605 ad
2088 1550 2391 1622 baptisma
2418 1550 2607 1616 ?Quia
2632 1555 2775 1606 mtas
2788 1551 2915 1606 haec
2941 1550 3146 1606 solidae
3162 1556 3339 1623 atque
3363 1552 3635 1623 perfectae

1981 1638 2309 1711 prudentiae
2347 1644 2451 1694 est.
2486 1639 2635 1704 Quia
2701 1642 2859 1695 enim
2894 1639 3157 1694 futurum
3188 1644 3331 1703 erat,
3394 1645 3457 1696 ut
3486 1644 3635 1695 vete-

1980 1743 2105 1782 rem
2137 1731 2559 1783 transmutaret
2587 1727 2799 1797 legem,
2833 1744 3175 1800 novamque
3201 1728 3481 1784 conderet
3509 1746 3521 1795 ;
3556 1728 3635 1784 ad

266 1821 385 1881 νέον,
434 1822 495 1869 τό
552 1816 611 1871 δὲ
654 1826 947 1891 μεταποιεῖν
997 1824 1085 1870 καὶ
1136 1821 1424 1891 νομοθετεῖν
1480 1823 1717 1871 τοιούτου
1768 1816 1870 1872 δεῖ·

1989 1815 2504 1870 transmutandum
2570 1823 2768 1871 autem
2803 1818 2861 1871 et
2917 1816 3300 1871 statuendum
3354 1816 3455 1871 tali
3486 1832 3635 1886 opus

267 1925 343 1956 ται
397 1912 755 1978 φρονήματος,
823 1906 1044 1978 ἀνέμεινε
1106 1910 1296 1965 ταύτην
1350 1912 1443 1965 τήν
1500 1907 1724 1965 ἡλικίαν.
1790 1914 1872 1960 Δι-

270 1993 413 2044 ιλθὼν
442 1997 547 2067 γὰρ
580 2000 828 2067 πρότερον
872 1998 965 2057 τὰς
1012 1994 1308 2067 ἐπισφαλεῖς
1355 1994 1581 2063 ἡλικίας,
1627 1996 1756 2066 λέγω
1801 1992 1868 2053 δή

271 2086 353 2138 τήν
397 2080 687 2148 παιδικήν,
730 2083 779 2134 ἐν
872 2084 999 2135 πολὺ
1051 2087 1106 2135 τό
1152 2083 1386 2151 ἀνόητον,
1432 2089 1521 2136 καὶ
1564 2088 1655 2141 τὴν
1695 2104 1870 2157 μειρα·

270 2168 456 2238 κιωὸη,
508 2172 558 2223 ἐν
658 2169 883 2245 σφοδρόν
910 2176 965 2224 τό
999 2170 1293 2243 φιλήδονον,
1342 2177 1431 2223 καὶ
1476 2177 1569 2230 τὴν
1616 2180 1870 2241 νεανικὴν,

268 2257 519 2330 ἐνῇλίαν
572 2264 631 2311 τὸ
686 2260 1095 2333 φιλοχρήματον,
1156 2264 1202 2313 ἐν
1258 2270 1320 2333 τῇ
1373 2259 1617 2334 ἀνδρικῇ,
1659 2267 1793 2315 κατά
1822 2284 1875 2316 τε

270 2358 419 2420 σῶμα
477 2356 571 2402 καὶ
625 2355 882 2423 φρόνημα,
932 2350 1106 2402 λοιπόν
1156 2348 1302 2408 ἦλθεν
1334 2350 1414 2402 ἐπὶ
1462 2355 1520 2402 τό
1572 2351 1873 2425 βάπτισμα,

271 2437 372 2507 ἱνα,
424 2437 530 2491 ἀπό
580 2442 767 2490 τούτου
819 2437 1171 2510 ἀναδειχθεὶς,
1229 2438 1454 2491 ἐντεῦθεν
1506 2440 1729 2511 ἄρξηται
1788 2450 1877 2494 τοῦ

268 2522 549 2580 διδάσκειν
592 2531 681 2579 καὶ
731 2536 924 2599 σημεῖα
971 2534 1157 2583 ποιεῖν.
1200 2530 1293 2579 Διὰ
1322 2536 1473 2580 τοῦτο
1503 2531 1603 2603 γὰρ
1646 2533 1759 2582 τότε
1788 2537 1877 2583 καὶ

269 2613 582 2678 όἸωάννης
635 2619 734 2670 ὑπὸ
789 2624 921 2671 Θεοῦ
982 2622 1237 2689 πέμπεται
1291 2620 1420 2692 πρὸς
1468 2622 1555 2670 τόν
1610 2618 1880 2691 Ἰορδάνην

272 2707 563 2777 κηρύσσων
607 2706 718 2778 (6H
753 2706 1054 2779 βάπτισμα,
1091 2708 1171 2758 ἵνα
1211 2702 1305 2759 διὰ
1346 2711 1403 2759 τό
1452 2705 1732 2780 βάπτισμα
1764 2729 1882 2761 συν-

274 2790 523 2866 δράμωσι
572 2795 769 2863 πολλοὶ,
813 2800 901 2847 καὶ
960 2796 1170 2855 ἐπιστὰς
1211 2797 1235 2847 6
1276 2799 1510 2869 Χριστός
1550 2796 1708 2869 μέσον
1762 2798 1881 2850 πολ-

271 2880 364 2932 λῶν
417 2886 759 2959 μαρωρηθῇ,
815 2885 1037 2936 κάτωθεν
1095 2887 1183 2956 μὲν
1249 2888 1391 2959 παρὰ
1444 2885 1699 2948 Ἰωάννου,
1754 2888 1883 2938 οἰνω-

279 2970 352 3020 Θεν
401 2968 460 3024 δέ
508 2975 658 3047 παρὰ
711 2980 801 3024 τοῦ
850 2976 1054 3045 Πατρός
1102 2977 1189 3024 καὶ
1238 2980 1326 3024 τοῦ
1379 2974 1531 3045 ἁγίου
1561 2979 1875 3047 Πνεύματος,

280 3064 358 3109 καὶ
422 3059 675 3129 ἐντεῦθεν,
748 3059 1167 3132 ἐπισπασάμενος
1233 3066 1416 3123 αύτούς
1480 3062 1703 3137 ἄρξηται
1766 3086 1871 3136 μυ-

280 3152 566 3220 σταγωγεῖν
597 3154 685 3200 καὶ
719 3151 1151 3223 θαυματουργεῖν,

344 3241 442 3287 Καὶ
490 3239 648 3288 πόθεν
702 3238 727 3288 6
766 3238 1009 3297 Ἰωάννης
1050 3242 1391 3313 παραγέγονεν
1434 3238 1603 3307 ;Ἀπό
1658 3249 1751 3303 τῆς
1800 3240 1871 3292 ἐν.

275 3317 487 3396 δοτέρας
538 3324 753 3399 ἐρήμου.
818 3331 954 3383 Φησὶ
1000 3330 1099 3399 γὰρ
1151 3329 1176 3378 6
1226 3332 1453 3398 Λουκᾷς,
1508 3330 1588 3379 ὅτι
1646 3329 1872 3400 Ἐγένετο

272 3413 412 3485 ῥῆμα
480 3421 618 3467 Θεοῦ
694 3412 776 3465 ἰπὶ
825 3415 1066 3471 Ἰωάννην
1136 3418 1221 3465 τόν
1279 3423 1368 3467 τοῦ
1428 3422 1695 3488 Ζαχαρίου
1762 3420 1871 3471 υἱόν

274 3499 318 3551 ἐν
378 3510 438 3575 τῇ
508 3501 706 3576 ἐρήμῳ,
762 3507 851 3554 καὶ
928 3500 1075 3560 ἦλθεν
1150 3508 1218 3564 εὶς
1270 3508 1363 3561 τὴν
1430 3510 1724 3580 περίχωρον
1780 3517 1871 3560 τοῦ

275 3587 561 3663 Ἰορδάνου,
622 3593 825 3648 Ταύτην
907 3595 1078 3642 τοίνυν
1148 3596 1241 3649 τήν
1311 3596 1602 3667 περίχωρον
1656 3597 1680 3646 6
1731 3603 1870 3649 Ματ-

274 3680 409 3743 θαῖος
459 3684 655 3753 ἔρημον
702 3688 796 3740 τῆς
828 3676 1093 3740 Ἰουδαίας
1136 3681 1388 3753 ὠνόμασε.
1445 3684 1543 3734 Δύο
1588 3687 1687 3757 γὰρ
1726 3693 1870 3738 νοοῦ-

269 3787 351 3839 μεν
381 3767 615 3841 ἐρήμους
648 3784 660 3797 ·
695 3772 815 3839 μίαν
863 3772 951 3840 μὲν
1002 3772 1096 3826 τὴν
1165 3766 1454 3842 ἑνδοτέραν,
1500 3769 1585 3841 ἀφ’
1625 3773 1688 3831 ἧς
1714 3769 1860 3830 ἦλθεο

272 3851 517 3930 δευτέραν
548 3853 626 3923 δὲ,
669 3860 761 3914 τήν
805 3859 946 3930 παρὰ
997 3858 1114 3929 (62)
1139 3861 1222 3909 τόν
1264 3854 1553 3930 Ἰορδάνην,
1586 3858 1661 3931 ἐφ’
1706 3862 1765 3918 ἣν
1795 3861 1869 3923 ἐξ-

270 3941 408 4001 ῆλθε.
694 4008 695 4011 η

338 4038 437 4086 Καὶ
517 4032 675 4103 λέγων
737 4065 805 4073 —
861 4035 891 4092 ἡ
948 4032 1190 4105 βασιλεία
1257 4042 1353 4085 τῶν
1422 4035 1673 4109 οὐρανῶν,
1764 4044 1866 4091 Με-

272 4130 511 4187 τανοεῖτε,
562 4125 740 4192 φησὶν,
796 4120 871 4193 ἐφ’
919 4118 990 4183 οἷς
1047 4125 1383 4196 ἡμαρτήκατε
1418 4144 1429 4157 ·
1464 4127 1651 4195 ἤγγικε
1696 4128 1796 4199 γὰρ
1842 4129 1866 4178 6

273 4213 523 4278 Χριστός,
575 4208 743 4261 ὀπίσω
786 4229 884 4281 μου
920 4210 1198 4283 ἐρχόμενος
1242 4211 1443 4283 (τοῦτον
1481 4215 1578 4285 γὰρ
1625 4221 1712 4264 νῦν
1762 4214 1867 4267 ὀνο-

276 4296 424 4365 μάζει
459 4296 730 4369 βασιλείαν
783 4298 1030 4373 ούρανῶν,
1064 4304 1133 4361 ὡς
1189 4298 1412 4370 βασιλέα
1447 4301 1701 4376 οὐράνιον,
1735 4306 1868 4355 κατὰ

277 4386 364 4440 τὴν
408 4386 669 4458 θεότητα),
720 4387 769 4447 ὃς
835 4388 1084 4461 εὑρίσκων
1137 4389 1271 4460 ὑμᾶς
1316 4396 1705 4460 μετανοοῦντας,
1762 4387 1865 4444 δω-

281 4475 489 4540 ρήσεται
518 4476 699 4546 ἄφεσιν
730 4482 828 4526 τῶν
861 4474 972 4546 (63)
1006 4477 1398 4547 ἡμαρτημένων.

349 4559 411 4613 Ἠ
466 4560 733 4634 βασιλείαν
791 4564 1016 4635 ούρανῶν
1083 4564 1215 4635 λέγει
1298 4569 1389 4622 τήν
1460 4565 1718 4618 πολιτείαν
1769 4576 1868 4618 τῶν

286 4643 515 4718 ἀγγέλων,
570 4652 632 4709 ἣν
685 4654 709 4703 6
758 4656 984 4722 Χριστός
1033 4654 1151 4704 ὅσον
1180 4656 1321 4705 οὔπω
1370 4656 1653 4725 νομοθετεῖν
1702 4656 1870 4727 ἔμελλε

286 4728 368 4787 διὰ
412 4748 509 4791 τῶν
567 4740 908 4812 εύαγγελικῶν
956 4739 1190 4796 ἐντολῶν.
1253 4745 1469 4813 Λέγεται
1518 4738 1576 4794 δὲ
1626 4740 1871 4814 βασιλεία

283 4822 498 4894 οὐρανῶν
543 4833 631 4881 καὶ
680 4832 709 4888 ἠ
766 4828 1055 4890 ἀπόλαυσις
1100 4837 1199 4882 τῶν
1254 4829 1302 4882 ἓν
1345 4830 1582 4905 ούρανοίς
1628 4829 1859 4902 ἀγαθῶν.

282 4912 427 4969 Δηλοί
475 4912 533 4969 δὶ
574 4921 662 4969 καὶ
714 4917 843 4971 ἄλλα
888 4917 1097 4972 πλείονα
1140 4921 1198 4970 τὸ
1244 4920 1403 4991 ὄνομα
1455 4926 1550 4981 τῆς
1599 4916 1871 4991 βασιλείας

281 5006 372 5052 τῶν
414 5003 663 5080 οὐρανῶν,
724 5006 1116 5079 πολυσήμαντον
1185 5006 1259 5075 ὃν,
1310 5009 1375 5075 ὡς
1416 5010 1678 5081 προίόντες
1725 5009 1871 5084 εὑρή-

284 5103 428 5161 σομεν
438 5137 452 5151 .

1900 4517 1945 4572 D

1980 1908 2103 1959 erat
2137 1904 2466 1974 sapientia:
2501 1904 2636 1959 ideo
2697 1908 2925 1960 tantam
2983 1904 3348 1975 exspectavit
3375 1909 3629 1960 aetatem.

1981 1991 2243 2047 Primum
2287 1992 2580 2063 siquidem
2633 1991 2894 2047 lubricas
2946 1992 3351 2063 pertransiens
3404 1996 3628 2058 aetates,

1981 2096 2196 2150 nempe
2210 2079 2548 2151 pueritiam,
2574 2096 2709 2151 quae
2733 2080 2983 2135 multam
3006 2079 3187 2135 habet
3206 2080 3634 2152 insipientiam,

1982 2169 2463 2237 adolescentiam,
2495 2170 2665 2239 cujus
2693 2172 2779 2224 est
2807 2169 3183 2224 vehementia
3211 2169 3597 2241 'voluptatum
3621 2190 3633 2235 ;

1979 2259 2372 2329 juventutem,
2416 2258 2472 2312 in
2505 2273 2626 2329 qua
2658 2258 2844 2312 nimia
2886 2262 2977 2313 est
3005 2257 3256 2313 avaritia
3285 2275 3297 2322 ;
3338 2263 3544 2329 postea
3574 2258 3637 2314 in

1985 2352 2155 2402 aetate
2172 2346 2470 2411 virili,tam
2500 2346 2702 2418 quoad
2724 2362 3149 2418 corpus,quam
3169 2346 3371 2417 quoad
3386 2346 3643 2418 pruden-

1986 2436 2150 2500 tiam,
2176 2436 2335 2491 venit
2386 2434 2465 2490 ad
2517 2434 2823 2506 baptisma
2857 2457 2869 2489 :
2900 2439 2962 2490 ut
2994 2436 3070 2491 ab
3115 2435 3230 2490 hoc
3264 2435 3638 2491 demonstra-

1988 2528 2101 2588 tus,
2144 2524 2425 2595 deinceps
2476 2523 2689 2579 docere
2732 2522 3033 2596 inciperet,
3078 2524 3367 2595 signaque
3406 2523 3625 2580 facere.

1990 2616 2230 2685 Propter
2251 2612 2361 2667 hoc
2380 2612 2536 2668 enim
2564 2613 2743 2667 etiam
2762 2616 2901 2669 tunc
2914 2611 3177 2667 Joannes
3192 2613 3358 2667 aDeo
3384 2611 3634 2668 mittitur

1991 2703 2067 2757 ad
2102 2702 2440 2766 Iordanem,
2469 2701 2804 2772 praedicans
2834 2702 3227 2772 baptismum,
3262 2706 3324 2755 ut
3352 2700 3637 2772 baptismi

1992 2806 2174 2847 causa
2217 2790 2381 2845 multi
2423 2793 2860 2861 concurrerent,
2894 2794 2950 2845 et
2979 2791 3039 2845 in
3079 2790 3278 2845 medio
3310 2788 3637 2846 multorum

1992 2885 2193 2936 astans
2250 2880 2531 2943 Christus,
2583 2878 2987 2934 testimonium
3040 2879 3353 2949 acciperet,
3413 2877 3640 2933 inferne

1990 2971 2233 3041 quidem
2263 2985 2297 3024 a
2322 2970 2572 3036 Joanne,
2608 2983 2864 3039 superne
2895 2983 3035 3022 vero
3065 2984 3099 3023 a
3128 2969 3300 3023 Patre
3331 2971 3386 3022 et
3420 2967 3641 3039 Spiritu

1964 3063 2217 3122 sancto,
2245 3061 2301 3113 et
2336 3057 2476 3111 hinc
2502 3072 2604 3111 eos
2644 3056 2967 3120 attrahens,
3001 3056 3287 3129 inciperet
3316 3057 3499 3112 sacris
3534 3055 3642 3111 ini-

1906 3170 1944 3225 C
1988 3147 2153 3215 tiare,
2178 3145 2463 3201 miracula
2487 3147 2679 3200 edere.

2057 3235 2221 3290 Unde
2251 3239 2450 3288 autem
2482 3233 2638 3287 venit
2664 3235 2921 3288 Joannes
2952 3234 2979 3287 ?
3007 3234 3095 3288 Ab
3122 3232 3383 3288 interiori
3413 3247 3636 3288 eremo.

1982 3324 2072 3380 Ait
2101 3322 2263 3378 enim
2289 3322 2509 3379 Lucas:
2545 3321 2783 3377 Factum
2814 3327 2897 3377 est
2929 3321 3164 3377 verbum
3198 3320 3435 3376 Domini
3461 3336 3642 3390 super

1980 3413 2275 3477 Joannem,
2332 3410 2635 3466 Zachariae
2685 3411 2895 3480 ﬁlium,
2955 3411 3017 3465 in
3064 3410 3293 3466 deserto
3326 3426 3339 3475 ;
3371 3416 3423 3464 et
3479 3410 3642 3467 venit

1980 3502 2043 3557 in
2088 3502 2397 3571 regionem,
2448 3514 2577 3570 quae
2619 3499 2781 3555 circa
2825 3500 3139 3555 Jordanem
3206 3500 3405 3555 erat".
3468 3499 3631 3555 Hanc

1980 3591 2156 3660 igitur
2204 3590 2532 3658 regionem,
2573 3603 2705 3660 quae
2756 3588 2914 3643 circa
2961 3587 3285 3643 Jordanem
3326 3592 3470 3653 erat,
3500 3590 3636 3644 Mat-

1980 3679 2163 3734 thaeus
2193 3678 2494 3733 desertum
2514 3676 2846 3731 nominavit
2870 3677 3119 3731 Judaem.
3155 3677 3313 3731 Duas
3339 3675 3636 3749 siquidem

1979 3768 2171 3822 innuit
2225 3782 2455 3821 eremos
2494 3788 2505 3818 :
2554 3780 2736 3819 unam
2783 3765 3148 3829 interiorem,
3196 3780 3233 3819 a
3286 3780 3409 3835 qua
3465 3765 3625 3819 venit

1976 3858 2235 3912 Joannes
2270 3871 2284 3919 ;
2344 3853 2615 3915 alteram,
2655 3867 2792 3924 quae
2831 3852 2990 3906 circa
3039 3851 3361 3906 Jordanem
3399 3856 3521 3907 erat
3555 3852 3637 3907 ad

1978 3960 2163 4016 quam
2187 3942 2366 3998 venit.

2051 4036 2210 4088 Vers.
2243 4036 2295 4086 2.
2318 4032 2398 4087 Et
2427 4030 2624 4086 dicens
2640 4061 2707 4070 —
2732 4044 2971 4099 regnum
2996 4029 3287 4084 calorum.
3320 4028 3629 4102 Poeniteat,

1976 4114 2191 4194 inquit,
2224 4137 2333 4176 vos
2367 4135 2634 4175 errorum
2665 4124 3001 4174 vestrorum
3030 4136 3048 4189 ;
3078 4117 3260 4174 instat
3289 4119 3448 4174 enim
3480 4119 3640 4174 Chri-

1979 4208 2271 4281 stus,qui,
2304 4212 2436 4280 post
2453 4223 2548 4262 me
2578 4211 2863 4263 venturus
2881 4210 2967 4261 est
2997 4205 3162 4278 (nam
3180 4206 3341 4262 hunc
3364 4206 3640 4264 nominat

1976 4300 2071 4355 hic
2126 4313 2381 4368 regnum
2430 4295 2738 4360 caelorum,
2794 4298 2998 4368 utpote
3024 4294 3322 4351 cmlestem
3392 4297 3634 4366 Regem,

1978 4386 2310 4443 secundum
2393 4384 2841 4456 divinitatem):
2911 4384 3016 4455 qui
3062 4384 3110 4438 si
3165 4399 3272 4440 vos
3345 4384 3638 4491 invenerjt

1978 4476 2407 4549 resipiscentes,
2439 4474 2689 4529 donabit
2715 4478 3097 4545 peccatorum
3123 4474 3562 4529 remissionem:

2051 4565 2145 4620 Vel
2176 4580 2427 4633 regnum
2454 4563 2737 4618 caelorum
2786 4562 2929 4619 dicit
2961 4562 3224 4635 politiam
3276 4562 3632 4633 angelicam,

1978 4669 2162 4725 quam
2205 4652 2466 4709 Christus
2520 4651 2702 4723 paulo
2760 4659 2895 4722 post
2946 4652 3297 4706 conditurus
3352 4656 3479 4706 erat
3531 4668 3637 4723 per

1980 4741 2324 4811 evangelica
2354 4744 2668 4812 praecepta.
2702 4740 2922 4795 Dicitur
2951 4755 3195 4811 quoque
3224 4754 3475 4808 regnum
3522 4755 3636 4795 coe-

1978 4830 2195 4895 lorum,
2228 4829 2426 4884 fruitio
2475 4827 2803 4883 caelestium
2851 4828 3173 4883 bonorum.
3226 4826 3534 4895 Signiﬁcat
3579 4832 3636 4884 et

1979 4917 2094 4974 alia
2107 4917 2278 4990 plura
2294 4931 2515 4973 nomen
2528 4914 2695 4971 varie
2716 4914 3181 4985 signiﬁcativum
3205 4929 3445 4985 regnum
3472 4916 3636 4973 calo-

1979 5022 2127 5074 rum,
2155 5009 2333 5079 prout
2355 5005 2417 5062 in
2449 5003 2839 5077 sequentibus
2869 5003 2977 5062 erit
3004 5003 3287 5062 invenire.

1474 5220 1700 5291 Variae
1737 5220 2067 5290 lectiones
2100 5228 2166 5289 et
2204 5226 2407 5287 notae.

344 5330 387 5368 ιθ
411 5332 531 5389 Luc
560 5332 763 5404 111,23.
799 5336 841 5371 ιν
880 5336 937 5392 L.
968 5336 1060 5405 III,
1093 5336 1180 5393 23.

312 5452 561 5535 __(69)__ita
578 5461 823 5535 uterque
835 5458 1049 5535 Codex.
1072 5459 1393 5535 H‘enteniu‘s
1415 5460 1475 5535 id
1494 5475 1613 5517 non
1630 5477 1866 5535 expres-

283 5528 361 5599 sit.
408 5528 538 5583 Mihi
588 5530 650 5584 in
695 5528 954 5585 mentem
994 5532 1285 5597 veniebat,
1349 5530 1633 5599 ἀπολύτως,
1691 5528 1864 5590 abso-

281 5586 403 5681 late.
437 5600 994 5681 §;_Chrysostomo,
1040 5586 1300 5681 quibam
1340 5609 1547 5664 tractat
1578 5586 1854 5677 ιζ’

286 5664 371 5725 139
398 5668 543 5729 nihil
572 5670 637 5730 in
666 5664 820 5732 hanc
847 5664 1272 5735 rem'eﬁicitur.

2200 5466 2488 5533 Σηρῦσσειν
2519 5460 2582 5515 Β.

2204 5536 2438 5607 Περὶ-τόν
2463 5533 2527 5587 Α.

2196 5602 2304 5659 Τῶν
2326 5602 2712 5681 ἁμαρτημάτων
2737 5604 2804 5659 Α.

2046 5462 2163 5679 ii

2073 5538 2137 5589 62

2070 5608 2133 5662 63

2073 5538 2137 5589 62

2070 5608 2133 5662 63
