4166 6314
535 351 642 409 159

1866 349 2214 407 EUTHYMII
2254 351 2585 422 ZIGABENI

3797 363 3821 418 i
3831 363 3902 418 60

606 480 773 536 Vers.
807 478 861 534 3.
894 477 1010 536 Hic
1051 509 1119 520 —
1170 479 1404 536 semitas
1469 480 1622 549 ejus.
1680 479 1802 534 Vox
1857 477 2180 547 clamantis,

2364 481 2526 544 Οὗτος
2584 513 2653 524 —
2707 487 2800 547 τὰς
2854 485 3068 560 τρίϐους
3119 487 3304 544 αὐτοῦ.
3381 491 3472 552 Τὸ,
3531 493 3674 547 Φωνὴ
3736 487 3900 561 βοῶν-

530 567 834 624 defectiva
877 572 966 624 est
1016 569 1230 624 oratio.
1278 568 1628 640 Intelligitur
1683 569 1890 626 enim:
1937 567 2060 624 νοτ
2090 584 2184 622 su-

529 656 719 713 baudi
750 657 856 727 (est
886 657 1025 712 mihi
1056 658 1173 712 viri
1198 659 1513 714 clamantis
1544 659 1605 714 in
1647 657 1914 725 deserto),
1947 656 2048 712 illo
2079 656 2185 712 sci-

529 745 682 812 licet,
709 745 876 817 quod
919 751 1004 802 est
1033 747 1196 818 apud
1218 747 1544 803 Jordanem
1574 763 1588 812 ;
1618 747 1926 802 clamantis
1958 750 2180 810 autem,

528 851 664 907 quas
686 839 1049 907 sequuntur:
1072 838 1288 893 Parate
1310 837 1461 892 viam
1483 836 1734 903 Domini,
1754 839 1863 892 etc.
1885 836 2050 891 Viam
2081 851 2182 891 au-

530 927 650 979 tem
679 924 933 989 Domini,
956 929 1011 980 et
1037 925 1275 980 semitas
1297 926 1426 993 ejus
1455 933 1628 980 vocat
1652 925 1906 991 animas,
1931 924 2010 980 ad
2031 939 2183 996 quas

528 1017 850 1068 venturum
877 1016 1002 1068 erat
1027 1013 1268 1068 verbum
1302 1013 1613 1082 Evangelii
1649 1030 1662 1068 :
1692 1028 1847 1085 quas
1875 1012 2054 1068 etiam
2083 1027 2185 1084 pa-

528 1114 663 1155 rare
695 1099 1058 1164 exhortatur,
1091 1100 1213 1158 sive
1244 1101 1538 1157 mundare
1568 1102 1969 1158 instrumento
2002 1101 2188 1172 paeni-

528 1187 744 1254 tentiae,
776 1187 1161 1246 aﬂ‘ectionum
1199 1190 1406 1261 spinas
1430 1191 1818 1255 extrahendo,
1857 1189 2081 1263 peccati
2105 1189 2188 1245 la-

531 1274 704 1348 pides
753 1277 1059 1348 ejiciendo,
1095 1283 1150 1334 et
1174 1279 1254 1335 ita
1276 1295 1490 1335 suaves
1533 1295 1604 1336 ac
1636 1279 1850 1337 molles
1878 1279 1958 1337 ad
1996 1279 2186 1351 ipsius

535 1366 984 1438 susceptionem
1014 1366 1349 1424 efﬁciendo.

604 1547 764 1601 Vers.
807 1548 860 1602 4.
892 1547 1012 1618 Ipse
1038 1577 1102 1586 —
1136 1548 1250 1603 mel
1300 1547 1580 1604 silvestre.
1626 1545 1885 1603 Meminit
1911 1551 1965 1604 et
1991 1546 2188 1623 vestis,

530 1635 586 1689 et
615 1631 731 1689 cibi
782 1635 929 1705 ejus,
963 1635 1284 1690 ostendens
1339 1639 1396 1691 et
1447 1650 1740 1706 pannum,
1801 1639 1858 1691 et
1909 1635 2191 1707 simplici-

529 1725 713 1778 tatem
771 1738 978 1779 eorum
1040 1724 1154 1795 (j):
1211 1727 1267 1780 et
1327 1738 1432 1795 per
1478 1724 1605 1779 hinc
1653 1723 1877 1779 docens
1925 1723 2189 1796 corporis

2293 589 2380 631 τος
2443 569 2490 621 ἐν
2541 579 2602 643 τῇ
2664 571 2858 645 ἐρήμῳ,
2920 575 3232 629 ἑλλειπτικὸν
3290 576 3428 632 ἐστι.
3503 584 3714 630 Νοεῖται
3768 582 3895 650 γὰρ,

2293 661 2372 710 ὅτι
2408 664 2551 717 Φωνὴ
2599 660 2896 723 ἐξακούεταί
2941 684 3031 736 μοι
3079 662 3269 740 ἀνδρὸς
3310 664 3535 738 βοῶντος
3575 666 3624 718 ἐν
3668 676 3729 738 τῇ
3781 666 3897 739 ἐρή-

2292 767 2394 819 μῳ,
2431 745 2638 808 δηλαδή
2663 759 2723 822 τῇ
2753 755 2896 822 παρά
2914 757 2999 804 τὸν
3021 751 3289 828 Ἰορδάνην
3324 776 3335 787 υ
3367 753 3594 826 βοῶντος
3624 752 3681 807 δὲ
3701 763 3888 807 ταῦτα.

2295 835 2638 908 Ἑτοιμάσατε
2693 844 2786 897 τήν
2845 838 2966 892 ὁδὸν
3024 848 3239 914 Κυρίου,
3293 848 3381 896 καὶ
3436 846 3502 896 τὰ
3555 843 3685 906 ἑξῆς.
3740 839 3898 894 Ὁδὸν

2297 921 2355 977 δὲ
2397 931 2591 999 Κυρίου
2644 933 2732 979 καί
2779 929 2988 1003 τρίϐους
3037 931 3194 983 αὐτοῦ
3246 931 3391 983 καλεῖ
3444 934 3536 994 τὰς
3589 931 3793 1003 ψυχὰς,
3827 932 3898 982 ὧν

2296 1012 2572 1068 ἐπιϐαίνειν
2627 1016 2820 1088 ἔμελλεν
2875 1021 2900 1070 ὁ
2943 1019 3095 1091 λόγος
3148 1028 3240 1072 τοῦ
3299 1020 3634 1092 Εύαγγελίου,
3694 1021 3751 1081 ἃς
3806 1024 3896 1072 καὶ

2295 1109 2636 1176 προτρέπεται
2689 1106 2996 1179 ἑτοιμάζειν,
3057 1111 3216 1180 ἠγουν
3272 1111 3559 1183 καθαίρειν,
3617 1117 3689 1179 τῷ
3748 1108 3902 1184 ἐργα-

2295 1191 2413 1263 λείῳ
2465 1203 2558 1254 τῆς
2617 1201 2890 1267 μετανοίας
2952 1195 3290 1259 ἀνασπῶντας
3362 1201 3451 1270 μὲν
3527 1201 3619 1260 τὰς
3669 1197 3899 1261 ἀκάνθας

2297 1291 2396 1334 τῶν
2448 1284 2644 1347 πάθῶν,
2705 1283 3035 1358 ἑκρίπτοντας
3088 1283 3146 1340 δὲ
3203 1291 3318 1346 τοὺς
3368 1287 3544 1348 λίθους
3596 1296 3692 1348 τῆς
3722 1287 3896 1360 ἁμαρ-

2298 1376 2433 1436 τίας,
2466 1376 2556 1423 καὶ
2609 1373 2772 1435 οὕτως
2821 1375 3020 1437 εὐθείας
3074 1380 3163 1428 καὶ
3215 1375 3412 1448 ὁμαλὰς
3466 1376 3620 1437 αὐτὰς
3668 1375 3899 1450 ἀπεργά-

2301 1459 2488 1520 ζεσθαι
2516 1464 2645 1534 πρὸς
2673 1459 2950 1536 ὑποδοχὴν
2977 1464 3161 1522 αὐτοῦ.

2370 1549 2537 1610 Αὐτὸς
2573 1581 2642 1589 -
2689 1551 2803 1622 μέλι
2843 1553 3043 1625 ἄγριον.
3088 1553 3464 1626 Ἐμνημόνευσε
3510 1558 3600 1605 καὶ
3639 1561 3730 1614 τῆς
3775 1572 3900 1606 στο-

2299 1636 2408 1700 λῆς,
2458 1643 2548 1690 καὶ
2601 1649 2690 1700 τῆς
2742 1651 2932 1713 τροφῆς
2984 1642 3163 1704 αὐτοῦ,
3221 1629 3467 1696 δεικνύων
3514 1645 3573 1694 τὸ
3612 1642 3751 1694 λιτὸν
3807 1647 3900 1694 καὶ

2303 1723 2521 1798 σχέδιον
2565 1729 2754 1793 αὐτῶν,
2794 1735 2883 1782 καὶ
2936 1727 3228 1794 διδάσκων,
3273 1734 3437 1805 μικρὰ
3475 1734 3562 1803 μὲν
3609 1734 3898 1804 φροντίζειν

527 1810 844 1868 minimam
860 1812 1206 1868 habendam
1226 1828 1353 1868 esse
1375 1828 1600 1877 curam,
1616 1812 2184 1884 despiciendamque

2298 1824 2389 1866 τοῦ
2449 1822 2708 1889 σώματος,
2757 1826 3089 1892 καταφρονεῖν
3148 1816 3206 1872 δὲ
3265 1829 3355 1880 τῆς
3412 1818 3754 1880 πολυτελείας.
3812 1825 3899 1878 Μὴ

529 1901 1074 1972 sumptuositatem.
1133 1904 1213 1957 Ne
1244 1917 1481 1972 quaeras
1534 1906 1757 1970 autem,
1811 1902 1946 1973 quis
1984 1901 2067 1956 illi
2089 1917 2188 1956 ve-

530 1993 682 2044 stem
748 1989 1001 2055 texebat,
1057 1995 1159 2046 aut
1223 1991 1382 2046 unde
1433 2006 1646 2046 zonam
1700 1990 1978 2046 habebat.
2010 1990 2186 2046 Multo

529 2077 688 2136 enim
722 2079 914 2147 magis
953 2079 1374 2135 admirandum
1419 2084 1525 2149 est,
1556 2079 1864 2150 quomodo
1893 2079 1954 2134 in
1985 2095 2185 2135 eremo

531 2183 568 2223 a
597 2183 783 2238 puero
814 2169 966 2224 aeris
991 2169 1376 2242 inaequalitati
1395 2185 1501 2241 per
1523 2169 1700 2224 talem
1723 2174 1960 2225 tetatem
1981 2184 2186 2225 assue-

531 2253 726 2310 factus
751 2260 854 2312 est.
888 2257 950 2312 1d
972 2262 1172 2314 autem
1202 2273 1391 2313 unum
1441 2257 1610 2323 scito,
1661 2257 1826 2329 quod
1858 2258 2037 2314 etiam
2061 2256 2182 2325 illa,

532 2343 733 2400 divina
810 2345 863 2400 ei
921 2346 1266 2419 provisione
1315 2345 1949 2412 subministrabantur,
1994 2352 2050 2402 et
2101 2345 2184 2402 ita

532 2433 883 2490 afﬂictiones
905 2435 1244 2493 suﬂ‘erendo
1273 2435 1718 2508 perseverabat.

600 2523 882 2580 Locustas
910 2540 1050 2580 vero
1072 2525 1318 2597 quidam
1337 2525 1658 2581 herbarum
1672 2539 1800 2580 esse
1824 2524 2082 2596 virgulta
2099 2525 2180 2598 (Ιε)

530 2611 806 2669 dixerunt
823 2632 837 2680 ;
852 2613 1101 2684 quidam
1119 2618 1318 2670 autem
1344 2614 1596 2670 herbam
1617 2614 1832 2670 dictam
1848 2613 2146 2671 locustam
2166 2630 2180 2680 ;

527 2701 625 2758 alii
653 2717 789 2758 vero
835 2703 1030 2773 ipsum
1075 2703 1286 2758 insecti
1338 2718 1547 2772 genus.
1615 2703 1828 2758 Dicunt
1872 2703 2032 2760 enim
2089 2719 2184 2758 us-

527 2805 645 2864 que
704 2790 784 2847 ad
846 2791 1204 2848 hodiernum
1265 2791 1444 2855 diem,
1478 2792 1539 2847 in
1581 2791 1696 2848 illis
1736 2792 2008 2864 partibus
2062 2792 2184 2864 ple-

524 2895 744 2953 rosque
769 2879 912 2935 illud
945 2880 1117 2936 edere
1146 2879 1314 2936 fumo
1371 2881 1699 2946 siccatum;
1741 2885 1795 2936 et
1849 2881 2052 2953 ipsum
2100 2882 2182 2936 in-

527 2974 612 3024 ter
639 2968 926 3025 animalia
974 2969 1202 3026 munda
1261 2969 1668 3039 legislatorem
1700 2969 2132 3026 adnumerasse
2160 2988 2178 3041 3

524 3057 747 3114 habere
778 3062 977 3114 autem
1002 3073 1246 3127 gravem
1259 3058 1526 3128 odorem,
1544 3058 1893 3131 malumque
1915 3064 2177 3129 gustum.

531 3146 796 3202 Primum
853 3151 1057 3202 tamen
1110 3147 1307 3219 potius
1370 3147 1696 3204 tenendum
1744 3153 1853 3204 est.
1895 3147 2002 3206 Mel
2035 3163 2183 3221 quo-
2216 3177 2257 3234 ρ

527 3250 646 3307 que
697 3235 964 3292 silvestre
992 3235 1052 3292 in
1079 3240 1385 3309 petrarum
1417 3237 1695 3294 scissuris
1746 3237 1824 3295 ab
1849 3238 2182 3308 agrestibus

529 3322 745 3395 apibus
766 3323 1076 3380 conﬁcitur
1105 3341 1117 3380 :
1152 3325 1257 3382 sed
1287 3341 1564 3382 amarum
1589 3333 1675 3382 est
1704 3341 1774 3382 ac
1805 3326 2072 3382 insuave.

597 3413 639 3480 ᾧ
679 3411 900 3469 Habitu
925 3413 1102 3469 etiam
1161 3413 1542 3486 praedicabat,
1598 3419 1824 3470 vestem
1852 3429 2064 3484 gerens
2092 3415 2181 3470 lu-

526 3499 798 3569 gubrem.
833 3501 1044 3556 Dicunt
1070 3507 1266 3558 autem
1296 3502 1594 3557 camelum
1650 3502 1916 3558 medium
1941 3518 2072 3558 esse
2097 3504 2182 3559 in-

527 3593 616 3643 ter
639 3587 872 3644 munda
902 3589 1186 3644 animalia
1237 3594 1292 3644 et
1326 3590 1641 3646 immunda
1674 3607 1688 3657 ;
1744 3590 1878 3647 licet
1907 3591 2066 3647 enim
2087 3609 2182 3648 ru-

526 3676 713 3732 minet
737 3683 1027 3749 tanquam
1051 3677 1373 3747 mundum,
1405 3677 1633 3736 inferne
1660 3684 1858 3737 tamen
1891 3681 2180 3751 ungulam

527 3780 650 3822 non
706 3764 889 3822 habet
912 3765 1141 3824 ﬁssam.
1189 3767 1338 3834 Quia
1375 3768 1555 3838 igitur
1583 3771 1843 3826 Joannes
1885 3771 2180 3843 populum

525 3855 842 3912 Judaicum
873 3855 976 3929 qui
998 3857 1214 3913 misere
1243 3856 1508 3914 mundus
1552 3858 1901 3931 apparebat,
1935 3875 2006 3916 ac
2036 3876 2182 3932 gen-

526 3945 709 4010 tilem,
743 3945 847 4016 qui
906 3946 1257 4002 immundus
1289 3952 1433 4012 erat,
1481 3946 1561 4003 ad
1582 3949 1770 4004 Deum
1817 3948 2176 4018 adducebat,

524 4034 748 4091 idcirco
787 4033 940 4106 pilos
964 4033 1192 4090 ferebat
1221 4035 1615 4091 camelorum.

600 4211 819 4266 Omnes
877 4209 1067 4265 sancti
1121 4207 1294 4264 cincti
1342 4225 1378 4265 a
1433 4208 1743 4280 Scriptura
1797 4211 2178 4280 inducuntur,

527 4297 623 4354 vel
651 4301 943 4369 tanquam
995 4311 1232 4368 semper
1253 4298 1314 4354 in
1357 4313 1536 4370 opere
1557 4299 1736 4371 positi
1768 4316 1780 4354 :
1813 4299 2180 4371 negligentes

2299 1903 2534 1978 ζητήσης
2582 1903 2659 1969 δὲ,
2726 1911 2804 1968 τίς
2855 1908 3037 1978 ὖφηνεν
3091 1907 3229 1978 αύτῷ
3286 1912 3343 1960 τὸ
3396 1905 3615 1980 ἔνδυμα,
3668 1909 3695 1966 ἢ
3743 1910 3898 1960 πόθεν

2297 1995 2424 2065 ἔσχε
2489 2000 2574 2052 τήν
2629 1995 2813 2055 ζώνην·
2875 1995 2982 2048 ἐπεὶ
3037 1999 3452 2070 θαυμασιωτερον
3518 1997 3726 2070 μᾶλλον,
3785 2005 3898 2058 πῶς

2295 2081 2343 2134 ἐν
2399 2081 2572 2155 ἐρήμῴ
2615 2086 2853 2141 νηπιοθεν
2906 2084 3049 2158 ἀέρος
3105 2084 3419 2157 ἀνωμαλίαις
3472 2089 3602 2158 μετά
3647 2088 3891 2145 τοιαύτης

2293 2171 2496 2232 ἡλικίας
2543 2171 2793 2224 ἐπάλαιε·
2843 2178 3066 2244 γίνωσκε
3115 2171 3174 2226 δὲ
3220 2180 3392 2246 μόνον,
3452 2175 3533 2226 ὅτι
3574 2177 3710 2226 κατὰ
3754 2175 3892 2226 θείαν

2291 2265 2534 2334 πρόνοιαν
2583 2259 2748 2314 ἐκεῖνά
2784 2280 2838 2315 τε
2876 2261 3151 2330 ἐκτήσατο,
3183 2268 3272 2317 καὶ
3304 2263 3414 2336 (64)
3465 2262 3672 2338 ὸιήρκει
3719 2261 3896 2316 ταλαι-

2292 2352 2619 2425 πωρούμενος
2633 2393 2648 2407 .

2360 2523 2630 2600 Ἀκρίδας,
2663 2525 2721 2581 δὲ
2749 2531 2880 2592 τινες
2904 2532 2993 2602 μὲν
3029 2528 3308 2605 ἀκρέμονας
3339 2529 3450 2602 (65)
3484 2529 3715 2602 βοτανῶν
3761 2526 3893 2582 εἶναι

2292 2613 2452 2684 εἷπον,
2511 2620 2643 2678 τινες
2703 2614 2782 2683 δὲ,
2833 2618 3059 2692 βοτάνην
3119 2616 3316 2692 ἀκρίδα
3358 2618 3696 2690 καλουμένην,
3746 2617 3893 2671 ἄλλοι

2292 2701 2351 2758 δὲ
2389 2709 2446 2757 τὸ
2507 2709 2633 2769 ζῶον
2691 2707 2844 2762 αύτό.
2888 2712 3022 2760 Φασί
3084 2709 3208 2782 γὰρ,
3259 2711 3420 2780 μέχρι
3467 2712 3555 2758 καὶ
3587 2711 3810 2780 σήμερον
3841 2705 3892 2758 ἐν

2289 2801 2394 2854 τοῖς
2447 2799 2654 2868 μέρεσιν
2706 2794 2916 2858 ἐκείνοις
2970 2795 3188 2858 πολλοὺς
3254 2799 3442 2848 ἐσθίειν
3501 2795 3627 2847 αὐτὸ
3690 2814 3888 2870 τεταρι-

2292 2887 2562 2955 χευμένον.
2632 2890 2731 2936 Καὶ
2799 2888 2899 2960 γὰρ
2965 2887 3096 2956 μετὰ
3149 2893 3246 2936 τῶν
3317 2886 3554 2956 καθαρῶν
3608 2884 3752 2944 ζώων
3803 2887 3886 2934 καὶ

2288 2979 2439 3024 τοῦτο
2482 2972 2634 3035 τάξαι
2664 2977 2750 3024 τὸν
2793 2975 3072 3046 νομοθέτην
3104 2989 3116 3002 ⁸
3150 2975 3289 3044 ἔχειν
3322 2968 3380 3024 δὲ
3412 2969 3632 3030 δυσώδη
3671 2977 3759 3024 καὶ
3798 2989 3882 3024 πο-

2290 3065 2448 3132 νηρὰν
2507 3068 2716 3132 γεῦσιν.
2793 3068 3032 3133 Κρεῖττον
3103 3057 3161 3113 δὲ
3239 3064 3296 3113 τὸ
3357 3069 3582 3133 πρῶτον.
3641 3059 3769 3112 Μέλι
3829 3056 3887 3113 δε

2289 3152 2492 3223 ἄγριον,
2547 3154 2606 3202 τὸ
2663 3149 2710 3202 ἐν
2763 3158 2877 3212 ταῖς
2928 3159 3027 3202 τῶν
3078 3159 3274 3224 πετρῶν
3327 3156 3586 3221 σχισμαῐς
3635 3151 3733 3201 ὑπὸ
3786 3157 3884 3200 τῶν

2291 3238 2481 3314 ἀγρίων
2545 3239 2803 3313 μελισσῶν
2864 3242 3266 3313 γεωργούμενον,
3335 3241 3520 3312 πικρὸν
3587 3242 3674 3290 καὶ
3727 3234 3887 3297 ἀηδὲς

2291 3349 2370 3386 ον,

2359 3419 2402 3488 ἰ-
2440 3417 2531 3478 Εὶς
2571 3416 2683 3488 (66)
2735 3419 3004 3487 μετάνοιαν
3046 3415 3157 3487 (67)
3200 3415 3476 3489 παρεκάλει
3524 3419 3612 3467 καὶ
3657 3413 3756 3466 ἀπὸ
3796 3419 3890 3466 τοῦ

2293 3511 2591 3578 σχήματος.
2641 3508 2891 3563 Πενθικήν
2936 3507 3036 3578 γὰρ
3083 3504 3197 3576 εἶχε
3242 3509 3332 3562 τὴν
3387 3503 3593 3561 στολήν.
3657 3507 3887 3575 Λέγουσι

2292 3592 2369 3665 δὲ,
2428 3600 2520 3654 τὴν
2586 3593 2818 3666 κάμηλον
2873 3594 3066 3665 μεταξὺ
3153 3590 3280 3645 εἶναι
3337 3593 3566 3665 καθαροῦ
3625 3596 3712 3644 καὶ
3780 3595 3876 3663 μή.

2292 3685 2432 3737 Καθὸ
2474 3687 2562 3756 μὲν
2609 3686 2709 3758 γὰρ
2763 3686 3062 3756 μηρυκίζει,
3119 3683 3346 3755 καθαρόν
3395 3680 3507 3733 ἐστι
3541 3696 3554 3711 ·
3586 3682 3715 3733 καθό
3777 3679 3887 3750 (68)

2291 3769 2349 3824 δε
2380 3771 2472 3824 οὐκ
2502 3775 2611 3824 ἔστι
2641 3769 2865 3842 δίχηλον
2919 3772 3051 3822 κατά
3099 3774 3221 3831 τούς
3251 3773 3465 3841 ὄνυχας,
3513 3769 3606 3821 ούκ
3651 3771 3761 3820 ἐστι
3790 3788 3883 3819 κα-

2290 3863 2464 3936 θαρὸν.
2525 3861 2666 3916 Ἐπεὶ
2715 3856 2800 3912 οὖν
2857 3863 2946 3911 καὶ
2977 3860 3001 3910 ὁ
3031 3857 3264 3920 Ἰωάννης
3316 3862 3400 3909 τὸν
3456 3876 3509 3909 τε
3559 3857 3670 3928 (69)
3719 3857 3885 3908 καθα-

2287 3954 2376 4022 ρὸν
2421 3947 2676 4002 δοκοῦντα
2720 3948 2861 4014 λαὸν,
2916 3951 3002 3999 τὸν
3052 3943 3362 4016 Ἰουδαϊκὸν,
3402 3950 3491 3997 καὶ
3536 3949 3622 3996 τὸν
3663 3943 3891 4018 ἀκάθαρ-

2287 4058 2394 4104 τον,
2445 4041 2531 4089 τόν
2581 4037 2794 4103 ἐθνικόν,
2849 4043 3083 4110 προσῆγε
3128 4043 3198 4106 τῷ
3252 4042 3386 4104 Θεῷ,
3442 4035 3555 4106 (70)
3598 4029 3691 4085 διὰ
3740 4039 3889 4085 τοῦτο

2290 4125 2456 4198 ἐφόρει
2485 4129 2576 4186 τὰς
2600 4130 2794 4198 τρίχας
2824 4135 2916 4188 τῆς
2946 4123 3204 4198 καμήλου.

2361 4215 2403 4282 σι·
2437 4215 2624 4276 Πάντες
2675 4216 2722 4267 οἱ
2762 4215 2906 4286 ἅγιοι
2954 4213 3232 4284 ἐζωσμένοι
3281 4211 3580 4283 εἰσάγονται
3638 4211 3779 4284 παρὰ
3826 4216 3887 4280 τῇ

2290 4308 2490 4375 Γραφῇ,
2546 4304 2614 4364 ὡς
2671 4309 2748 4356 ἀεὶ
2803 4303 2850 4355 ἐν
2900 4306 3032 4378 ἔργῳ
3080 4305 3233 4360 ὄντες.
3286 4302 3351 4352 Οἱ
3400 4302 3501 4372 γὰρ
3551 4297 3748 4370 ἀμελεῖς
3803 4303 3892 4349 καὶ

530 4387 690 4444 enim
716 4392 770 4444 et
801 4387 1038 4446 delicati
1066 4405 1192 4448 non
1220 4389 1542 4462 cinguntur
1572 4407 1584 4443 :
1643 4389 1740 4446 vel
1789 4389 1932 4463 quia
1961 4405 2180 4448 concu-

2292 4391 2540 4465 τρυφηλοὶ
2593 4391 2650 4445 ού
2711 4396 2987 4456 ζώννυνται
3045 4389 3177 4461 (71).
3239 4388 3303 4442 Ἥ
3356 4390 3437 4440 ὅτι
3481 4387 3765 4462 ἐνέκρωσαν
3826 4385 3892 4437 τα

1735 4540 1960 4610 Variae
1991 4541 2320 4611 lectiones
2355 4552 2420 4610 et
2460 4551 2662 4610 notae.

613 4710 723 4788 (64)
765 4709 807 4765 ί.
856 4726 912 4788 e.
963 4707 1194 4788 διαρκῶς
1260 4709 1568 4787 ἐνεκαρτέρει
1616 4719 1675 4783 τῇ
1723 4711 2049 4788 ταλαιπωρίᾳ
2091 4717 2180 4766 καὶ

534 4781 929 4855 σκληραγωγίᾳ.

597 4853 715 4921 (65)
748 4853 896 4920 Οιιο
919 4871 1097 4909 sensu
1115 4853 1298 4910 habet
1337 4853 1525 4918 Philo,
1568 4869 1708 4926 pag.
1733 4859 1856 4910 475.

600 4925 713 4996 (66)
758 4929 874 4981 Hoc
904 4932 961 4980 et
986 4927 1326 4996 proximum
1356 4924 1650 4981 scholium
1701 4926 1761 4980 in
1792 4924 2057 4994 margine
2087 4924 2180 4996 sui

531 4995 753 5069 codicis
783 4995 998 5069 reperit
1028 4997 1349 5053 Hentenius
1379 5013 1396 5069 7,;
1427 4997 1542 5052 mei
1563 5013 1683 5054 non
1705 5002 2056 5069 agnoscunt.
2083 4995 2182 5054 Est

532 5083 602 5123 ex
633 5067 1094 5138 Theophylacto,
1125 5084 1182 5138 p.
1209 5073 1292 5132 17,
1337 5068 1427 5123 l8.

606 5137 717 5207 (67)
761 5137 905 5210 Haec
935 5137 1276 5210 supplenda
1307 5145 1443 5210 sunt
1474 5139 1638 5210 apud
1667 5137 2042 5206 Hentenium,
2076 5137 2181 5210 qui

534 5206 734 5281 tamen
761 5206 1030 5281 ἐκήρυσσέ
1051 5206 1551 5281 videturlegisse'.

604 5279 714 5350 (68)
758 5278 924 5335 Forte
946 5280 1085 5331 κάτω
1115 5278 1330 5351 reperit
1358 5279 1706 5336 Hentenius.

603 5435 670 5508 ο)
701 5436 983 5508 Pannum
1011 5444 1064 5495 et
1088 5437 1520 5508 simplicitatem
1543 5454 1756 5495 eorum.
1782 5439 2052 5508 Pannum
2081 5435 2181 5493 ha-

529 5505 632 5562 bet
652 5505 830 5564 etiam
861 5508 1040 5566 editio
1091 5505 1367 5582 princeps
1420 5510 1822 5582 Lovaniensis.
1876 5507 2181 5565 Habebam

531 5526 830 5564 DBIellam
861 5526 1040 5566 eaiuo
1134 5526 1367 5582 rinceps
1420 5526 1822 5566 Lovaniensis.
1876 5526 2180 5565 uanenam

531 5593 642 5662 pro
668 5594 863 5660 errore
920 5526 1287 5662 typoLEette,_
1305 5581 1766 5662 credebamque
1782 5581 2180 5662 interpretem

531 5650 791 5710 voluisse
811 5650 1090 5724 parcam.
1127 5652 1332 5712 Reddo
1362 5677 1376 5710 :
1428 5650 1692 5710 Meminit
1716 5653 1889 5710 etiam
1919 5650 2102 5709 victus
2129 5656 2182 5708 et

2353 4712 2464 4784 (69)
2506 4711 2735 4773 Nescio,
2777 4708 3182 4784 undemisere
3219 4706 3497 4784 hauserit
3524 4707 3882 4784 Hentenius.

2280 4776 2455 4839 Forte
2493 4797 2595 4853 pro
2635 4787 2720 4833 τόν
2751 4801 2820 4845 τε,
2851 4780 2989 4850 legit
3016 4780 3429 4854 oixrpcbg._Nam
3461 4776 3679 4838 ἐλεεινως
3702 4777 3884 4833 nimis

2288 4849 2530 4916 recedit,
2564 4861 2744 4913 Διινῶς
2772 4849 2915 4906 vere
2947 4849 3194 4922 prorsus
3223 4849 3488 4922 alienum
3527 4854 3635 4904 est.

2361 4926 2476 4993 (70)
2518 4925 2618 4978 Hic
2650 4923 2877 4979 auctior
2905 4921 2994 4977 est
3031 4921 3529 4993 Theophylactus.

2359 4989 2472 5067 (7t)
2514 4997 2618 5067 Hic
2667 4993 2962 5067 omissum
2997 4992 3123 5053 :‘n;
3178 4989 3360 5044 νῦνρὶ
3399 4999 3709 5067 ξαρακηνοι.
3771 4989 3889 5067 Μειὶ

2290 5060 2475 5138 supra
2507 5066 2683 5138 etiam
2726 5065 2950 5120 omissa
2995 5067 3194 5138 essent
3239 5060 3519 5138 quaedam
3560 5061 3637 5116 ab
3677 5060 3890 5138 eodem

2290 5131 2499 5204 scriba,
2547 5137 2872 5198 crederem,
2915 5139 3075 5190 metu
3117 5131 3440 5190 Turc'arum
3488 5132 3622 5204 haec
3669 5131 3894 5188 omissa

2290 5224 2438 5275 esse,
2481 5201 2648 5280 quod
2675 5206 2942 5262 codicem
2973 5205 3089 5262 illis
3117 5204 3178 5260 in
3209 5204 3351 5260 locis
3392 5201 3702 5259 scribebat.

2290 5437 2539 5494 amictus
2562 5438 2709 5507 ejus,
2739 5435 3047 5507 ostendens
3076 5449 3206 5491 eum
3239 5438 3465 5491 tenuem
3488 5436 3542 5488 et
3568 5431 3755 5501 facile
3781 5444 3901 5500 pa-

2288 5506 2992 5582 rabilemtsubiteri‘am).
3038 5576 3049 5582 _
3224 5575 3264 5582 __
3497 5572 3514 5582 _
3558 5572 3655 5582 _,,

2290 5581 2444 5708 47(5k)
2486 5571 2780 5652 Vir‘gulta.
2813 5571 3161 5637 Cacumina.
3223 5575 3310 5634 Ita
3356 5572 3520 5648 apud
3557 5571 3784 5639 Philon,
3820 5586 3886 5647 p.
