4166 6314
270 324 349 388 161

1231 319 1584 379 ΟΟΜΜΕΝΤ.
1627 310 1696 375 IN
1734 310 2173 376 MATTHAEUM.
2212 348 2281 358 —
2311 315 2468 373 CAP.
2502 307 2600 373 ΙΙῘ.

3507 315 3610 373 162

266 457 384 511 πάθη
441 460 536 512 τῆς
608 451 900 523 ἐπιθυμίας·
969 450 1028 500 τὸ
1087 449 1187 520 γὰρ
1237 444 1424 521 δέρμα,
1469 446 1650 519 νεκροῦ
1708 445 1844 505 ζώου

1971 443 2261 514 piscentia:
2281 440 2624 499 affectiones
2653 441 3102 500 mortiﬁcarunt.
3124 439 3296 498 Pellis
3320 454 3609 512 namque,

261 547 358 597 εστὶ
380 545 557 616 μέρος.

315 637 429 683 Τότε
494 661 567 670 —
618 631 711 690 τὰς
771 627 1025 702 ἁμαρτίας
1089 627 1275 679 αὐτῶν.
1341 625 1685 697 Ἀνεπτέρωσε
1747 626 1848 696 γὰρ

253 721 494 780 ἅπαντας,
545 726 727 792 πρῶτα
775 720 886 787 μὲν,
932 717 961 772 ή
1021 723 1114 766 τοῦ
1157 713 1506 786 βαπτίζοντος
1566 711 1844 782 ὑπόληψις.

248 809 528 882 ἀρχιερέως
596 808 694 878 γὰρ
769 802 830 862 ἦν
867 807 998 874 υἱὸς,
1056 808 1144 855 καὶ
1197 804 1319 876 ἄρτι
1375 810 1578 874 πρῶτον
1638 804 1692 852 ἐκ
1759 809 1852 860 τῆς

248 897 438 970 ἐρήμου
507 893 724 959 κατέϐη,
778 892 965 952 πολλάς
1028 891 1208 966 ἀρετὰς
1258 891 1702 962 ἐπικομιζόμενος,
1766 875 1854 940 κοιὶ

254 985 351 1037 ἀπὸ
420 989 587 1057 μόνης
652 982 818 1053 ὄψεως
884 980 1072 1037 πολλήν
1141 979 1508 1052 ἀπήστραπτεν
1567 976 1848 1030 εὐλάϐειαν·

251 1070 484 1145 δεύτερον
522 1068 605 1137 δὲ,
636 1073 665 1129 ἡ
703 1078 792 1122 τοῦ
823 1071 1155 1142 κηρύγματος
1184 1069 1532 1138 καινοφάνεια·
1581 1065 1851 1138 βασιλείαν

249 1165 348 1234 γὰρ
425 1161 659 1233 οὐρανῶν
750 1157 1073 1229 κατήγγειλε,
1146 1161 1264 1229 περὶ
1353 1157 1416 1216 ἧς
1488 1161 1602 1207 τότε
1650 1162 1849 1226 πρῶτον

250 1255 454 1307 ἤκουον’
486 1252 662 1319 τρίτον
697 1243 754 1298 δὲ
791 1252 881 1298 καὶ
910 1246 1102 1314 πλεῖον,
1130 1246 1155 1296 ό
1181 1249 1446 1318 προφήτης
1488 1243 1735 1309 Ἠσαίασ,
1767 1248 1847 1294 τό·

243 1343 383 1395 Φωνή
445 1335 678 1408 βοῶντος
725 1335 772 1387 ἐν
829 1343 891 1408 τῇ
948 1334 1282 1409 ἐρήμῳ,περὶ
1340 1335 1498 1385 αὑτοῦ
1547 1352 1851 1407 προαναφω-

240 1431 295 1483 νή
307 1444 424 1486 σας.

309 1518 416 1566 Καὶ
493 1521 608 1574 πῶς
679 1509 852 1573 οὐδεὶς
914 1520 1012 1563 τῶν
1095 1510 1471 1582 εύαγγελιστῶν
1544 1508 1847 1584 ἀνέγραψεν,

247 1603 322 1652 ὁτι
378 1603 402 1652 ό
451 1601 698 1663 Ἰωάννης
743 1599 928 1658 ἐϐόησε
986 1602 1117 1672 πρὸς
1181 1603 1300 1660 τοὺς
1349 1599 1559 1671 ὄχλους·
1612 1598 1848 1670 Ἑτοιμά-

252 1709 366 1741 σατε
421 1694 520 1747 τήν
571 1687 692 1741 ὁδόν
746 1693 962 1762 Κυρίου,
1016 1692 1079 1749 ὡς
1131 1690 1156 1739 ό
1214 1694 1484 1761 προφήτης
1530 1692 1648 1760 περὶ
1691 1687 1851 1738 αὐτοῦ

253 1798 372 1849 φησι
403 1796 416 1845 ;

257 1865 444 1938 βοῆσαι
487 1870 582 1939 μὲν
639 1867 792 1918 αὐτόν
845 1871 934 1917 καὶ
1000 1873 1174 1933 τοῦτο,
1232 1869 1303 1936 μή
1357 1863 1715 1939 ἀναγραφῆναι
1769 1861 1848 1932 δε,

1002 1953 1198 2015 Ἀλλως
1255 1972 1308 2005 τε
1375 1950 1453 2019 δὲ,
1532 1956 1609 2013 τό,
1681 1959 1848 2005 Μετα-

255 2051 414 2108 νοεῖτε,
468 2049 565 2096 καὶ
628 2047 708 2110 τὸ,
777 2047 1038 2100 Ποιήσατε
1091 2045 1316 2113 καρποὺς
1369 2040 1545 2103 ἀξίους
1613 2049 1707 2102 τῆς
1759 2059 1849 2112 με-

260 2137 474 2196 τανοίας,
531 2136 632 2184 ἶσα
696 2133 800 2184 εἰσὶ
853 2140 947 2198 τῶ,
1007 2131 1349 2202 Ἑτοιμάσατε
1405 2134 1498 2187 τήν
1571 2126 1693 2181 ὁδὸν
1752 2137 1851 2182 Κυ-

478 1778 674 1840 Ῥητῶς
721 1781 810 1849 μεν
870 1773 1044 1837 οὐδεὶς
1089 1776 1343 1850 ἀνέγραψε
1387 1777 1559 1843 τούτο,
1619 1776 1749 1836 εἰκὸς
1793 1773 1852 1827 δὲ
1879 1815 1919 1868 Β

255 1957 314 2014 ὡς
380 1956 567 2018 ἔξωθεν
639 1958 926 2026 νοούμενον.

255 2225 378 2292 ρίου.
437 2220 756 2294 Ἑτοιμασία
815 2223 912 2292 γὰρ
977 2226 1066 2271 καὶ
1136 2219 1485 2291 ἀνακάθαρσις
1537 2227 1632 2279 τῆς
1678 2215 1850 2276 δῆλω-

257 2309 432 2371 θείσης
490 2307 624 2361 όδοῦ
656 2312 684 2366 ή
737 2311 999 2382 μετάνοια,
1033 2313 1122 2360 καὶ
1153 2310 1182 2366 ἡ
1238 2311 1564 2382 καρποφορία
1603 2316 1702 2360 τῶν
1741 2306 1853 2382 ἀρε-

252 2403 364 2450 τῶν.

323 2484 684 2561 Ἐξεπορεύετο
741 2481 799 2538 δὲ
849 2489 982 2560 πρὸς
1037 2484 1192 2536 αὐτόν
1239 2483 1573 2559 Ἱεροσόλυμα
1623 2487 1652 2542 ἡ
1687 2483 1849 2555 πόλις,

255 2575 412 2624 εἶτουν
469 2577 519 2626 οἱ
575 2573 1002 2648 Ἱεροσολυμῖται.
1057 2574 1207 2625 Οὕτω
1254 2575 1355 2646 γὰρ
1388 2571 1520 2625 εἶπεν
1565 2575 1590 2625 ό
1620 2575 1848 2646 Μάρκος.

252 2658 458 2713 Ὀποίαν
488 2659 549 2715 δὲ
609 2659 831 2735 δύναμιν
887 2661 999 2734 εἶχε
1045 2666 1104 2714 τό
1153 2661 1433 2734 βάπτισμα
1463 2669 1552 2714 τοῦ
1594 2662 1848 2722 Ἰωάννου,

254 2753 340 2801 καὶ
373 2755 488 2803 τίνα
519 2748 781 2824 διαφορὰν
833 2755 958 2824 πρὸς
992 2754 1049 2803 τό
1083 2749 1364 2823 βάπτισμα
1417 2754 1472 2802 τό
1517 2753 1852 2821 νομοθετηθεν

261 2838 356 2890 ὑπὸ
414 2847 506 2890 τοῦ
559 2845 819 2912 Χριστοῦ,
868 2838 1090 2913 ἀκριϐῶς
1131 2841 1363 2911 εὑρήσεις
1405 2838 1451 2889 ἐν
1503 2847 1562 2910 τῇ
1616 2839 1854 2910 ἐξηγήσει

260 2934 345 2976 τοῦ
395 2931 537 2980 κατὰ
589 2930 801 3003 Μάρκον
864 2927 1198 3000 Εύαγγελίου.
1257 2924 1699 3000 Ἐπιτηδειότερον
1754 2931 1851 3002 γὰρ

263 3008 339 3080 ἦν,
416 3015 463 3067 ἐν
518 3017 686 3089 ἐκείνῃ
751 3019 942 3074 ταύτην
1015 3017 1411 3089 ἐρμηνευθῆναι,
1490 3019 1610 3068 ἔνθα
1687 3024 1854 3068 κεῖται

260 3107 330 3152 τὸ’
390 3110 487 3158 Καὶ
553 3107 835 3179 κηρύσσων
881 3104 1158 3178 βάπτισμα
1213 3109 1484 3177 μετανοίας
1549 3104 1621 3167 εἰς
1668 3106 1850 3176 ἄφεσιν

259 3188 543 3264 ἁμαρτιῶν.
1883 3166 1924 3222 C

326 3277 468 3332 Ἰδὼν
514 3278 578 3334 δὲ
605 3313 676 3322 ——
712 3282 838 3356 ὀργῆ
853 3304 893 3344 ς.
923 3286 992 3334 Τό
1021 3287 1160 3354 γένος
1196 3291 1293 3334 τῶν
1325 3279 1591 3335 Ἰουδαίων
1626 3281 1855 3334 καλεῖται

261 3363 527 3443 διαφόροις
577 3370 819 3443 ὀνόμασι.
872 3376 1126 3442 Λέγονται
1161 3373 1263 3445 γάρ
1314 3369 1542 3443 Ἑϐραῖοι
1587 3374 1697 3442 μὲν,
1752 3369 1854 3422 ἀπὸ

260 3464 342 3507 τοῦ
383 3459 560 3535 Ἔϐερ,
596 3463 665 3520 ὡς
693 3464 1009 3533 κεχρημένοι
1057 3467 1118 3531 τῇ
1169 3455 1424 3530 διαλέκτῳ
1470 3460 1649 3511 αὑτοῦ·
1696 3463 1853 3532 μόνου

263 3547 354 3618 γὰρ
410 3550 607 3600 ἐκείνου
670 3552 763 3605 τήν
816 3547 1062 3620 γλῶσσαν
1117 3546 1422 3618 ἀσύγχυτον
1471 3544 1776 3622 διετήρησεν
1829 3549 1854 3599 ὁ

269 3638 410 3705 Θεὸς,
439 3642 514 3709 μή
568 3636 880 3698 θελήσαντος
927 3644 1242 3694 κοινωνῆσαι
1273 3642 1376 3695 τοῖς
1419 3639 1504 3687 τὸν
1536 3640 1731 3710 πύργον
1762 3646 1856 3699 τῆς

268 3720 369 3793 (72)
397 3725 639 3794 χαλάνης
694 3721 1054 3796 οἰκοδομοῦσι.
1091 3729 1350 3796 Ηρόγονος
1379 3721 1437 3776 δὲ
1482 3721 1541 3782 ἧν
1581 3725 1729 3785 οὗτος
1762 3732 1852 3775 τοῦ

268 3808 495 3885 Αϐραάμ,
548 3812 872 3884 Ἰσραηλῖται
908 3810 987 3880 δὲ,
1040 3811 1139 3864 ἀπὸ
1199 3820 1289 3863 τοῦ
1322 3811 1530 3878 Ἰακὼϐ,
1587 3814 1654 3882 ὃς,
1729 3809 1853 3863 ἰδὼν

266 3895 307 3946 ὲν
334 3908 392 3970 τῇ
426 3902 648 3973 κλίμακι
688 3905 772 3952 τόν
806 3905 952 3966 Θεὸν,
995 3899 1338 3973 ἐπωνομάσθη
1385 3905 1472 3952 καὶ
1504 3900 1737 3973 Ἰσραήλ.
1784 3905 1853 3952 Τό

265 3989 352 4059 γὰρ
414 3989 650 4064 Ἰσραήλ,
711 3992 840 4064 όρῶν
896 3992 1024 4042 Θεὸν
1074 3989 1423 4063 ἑρμηνεύεται.
1493 3986 1742 4042 Ἰουδαῖοι
1796 3986 1854 4041 δὲ

266 4070 356 4126 ἀπό
396 4086 487 4129 τοῦ
535 4078 647 4148 (73)
681 4075 865 4144 Δαυὶδ,
925 4080 978 4129 ὃν
1022 4077 1073 4128 ἐκ
1112 4086 1206 4141 τῆς
1259 4075 1437 4130 Ἰούδα
1471 4078 1628 4150 φυλῆς
1684 4077 1852 4130 ἐπιλε-

267 4159 468 4234 ξάμενος
503 4168 528 4218 ό
563 4169 688 4227 Θεὸς
735 4166 806 4227 εἰς
844 4170 938 4224 τὴν
971 4164 1262 4238 βασιλείαν,
1295 4171 1384 4218 καὶ
1435 4173 1544 4228 τοῖς
1574 4165 1662 4219 ἀπ’
1695 4166 1854 4219 αὐτοῦ

266 4258 625 4327 καταγομένὼς
688 4258 746 4306 τὸ
809 4253 1104 4326 βασιλεύειν
1177 4253 1574 4329 ἀποκληρώσας,
1634 4255 1854 4328 ὀνομασ-

268 4341 354 4394 τήν
389 4343 518 4413 οἰγαν
548 4347 641 4401 τήν
675 4343 836 4415 φυλήν
867 4345 1084 4408 ταύτην,
1118 4345 1188 4402 ὡς
1213 4351 1302 4394 τοῦ
1329 4342 1514 4395 λοιποῦ
1545 4343 1850 4416 βασιλικήν,

272 4424 518 4501 ἐποίησεν,
591 4433 722 4484 ὥστε
799 4436 888 4484 καὶ
944 4435 1066 4492 τοὺς
1140 4430 1194 4482 ἐκ
1266 4439 1364 4482 τῶν
1443 4431 1607 4483 ἄλλων
1687 4432 1854 4504 φυλῶν

277 4520 438 4589 χρόνῳ

277 4598 520 4672 λέγεσθαι.

527 4521 555 4573 ὖ
565 4539 743 4594 στερον

344 4696 534 4749 Τούτων
575 4698 740 4760 οὕτως
773 4697 1169 4773 εύκρινηθέντων
1219 4696 1354 4769 (74),
1410 4697 1565 4750 εἰπεῖν
1611 4703 1721 4774 χρή
1771 4704 1856 4752 καὶ

344 4817 386 4852 ⁴⁹
413 4821 586 4880 Marc.
625 4838 664 4890 ι,
695 4823 752 4878 5.
828 4823 875 4858 ⁵ο
905 4821 1053 4879 Ibid.
1095 4824 1148 4876 4.

1957 533 2176 589 mortui
2209 531 2486 588 animalis
2523 545 2662 602 pars
2700 536 2807 587 est.

2029 624 2188 676 Vers.
2220 625 2268 674 5.
2311 621 2464 674 Tunc
2493 649 2562 659 —-
2593 618 2754 674 Vers.
2795 624 2845 674 6.
2878 620 3123 676 Pecca‘ta
3169 633 3298 675 sua.
3348 618 3612 674 Primum

1958 709 2205 780 quidem
2233 707 2582 779 haptizantis
2601 708 2806 779 opinio
2831 724 2999 780 spem
3021 707 3304 764 omnibus
3332 707 3610 778 erigebat.

1961 799 2096 852 Erat
2135 798 2294 853 enim
2330 796 2620 867 pontiﬁcis
2671 797 2849 862 ﬁlius,
2882 802 2939 852 et
2991 812 3152 851 nunc
3201 797 3467 868 primum
3533 795 3613 851 ab

1960 902 2161 942 eremo
2189 885 2600 949 descenderat,
2633 885 2834 941 multis
2859 890 3105 941 ornatus
3133 886 3466 953 virtutibus,
3516 901 3611 941 so-

1960 975 2139 1047 loque
2169 975 2297 1030 visu
2326 985 2453 1031 non
2481 990 2697 1046 parum
2737 973 3042 1030 avertebat
3075 979 3300 1029 metum
3360 974 3447 1046 (ι).
3508 977 3614 1029 De-

1959 1065 2094 1120 inde
2115 1067 2313 1119 autem
2336 1079 2487 1120 nova
2516 1063 2955 1136 praedicationis
2983 1063 3336 1135 apparentia
3359 1077 3613 1132 regnum

1961 1153 2246 1209 caelorum
2314 1153 2714 1210 annuntiabat
2741 1170 2753 1207 :
2795 1153 2870 1208 de
2899 1167 3023 1224 quo
3048 1156 3191 1207 tunc
3222 1152 3484 1224 primum
3511 1167 3614 1207 au-

1959 1242 2224 1298 diebant.
2267 1241 2458 1298 Tertio
2495 1257 2660 1312 vero,
2705 1243 2868 1314 quod
2908 1242 3087 1297 etiam
3119 1240 3313 1311 magis
3340 1240 3614 1311 urgebat,

1958 1331 2264 1404 prophetae
2300 1332 2461 1388 Isaiae
2490 1331 2719 1387 dictum
2771 1331 2954 1386 illud:
3010 1331 3134 1388 νοτε
3185 1331 3502 1388 clamantis
3551 1330 3617 1385 in

1958 1421 2204 1484 deserto,
2235 1419 2309 1475 de
2339 1420 2440 1475 illo
2471 1420 2848 1491 praedixerat.

2033 1511 2098 1562 Et
2135 1508 2446 1580 quomodo
2501 1508 2702 1564 nullus
2754 1507 3125 1576 Evangelista
3168 1508 3394 1577 scribit,
3450 1507 3618 1575 quod

1958 1597 2216 1652 Joannes
2247 1596 2436 1652 turbis
2461 1595 2806 1652 clamaverit
2833 1613 2849 1649 :
2881 1596 3101 1652 Parate
3151 1598 3307 1652 vium
3356 1597 3615 1665 Domini,

1960 1684 2113 1739 sicut
2167 1685 2236 1739 de
2293 1684 2389 1739 illo
2466 1684 2754 1756 propheta
2810 1685 2892 1740 ait
2942 1685 2970 1738 ?
3026 1684 3318 1740 Manifeste
3371 1685 3614 1756 quidem

1959 1772 2159 1828 nullus
2182 1773 2402 1828 scribit.
2436 1773 2762 1829 Verisimile
2790 1777 2878 1828 est
2907 1777 3106 1829 tamen
3136 1778 3192 1828 et
3242 1774 3356 1829 hoc
3395 1773 3618 1828 clama-

1958 1863 2140 1928 visse,
2173 1878 2526 1934 quanquam
2556 1862 2846 1934 scriptum
2887 1877 3007 1918 non
3041 1863 3132 1925 sit,
3165 1867 3371 1934 utpote
3400 1877 3508 1934 per
3555 1877 3618 1916 se

1959 1951 2339 2006 intellectum.
2366 1951 2796 2006 Verumtamen
2845 1951 3028 2007 etiam
3067 1950 3211 2006 illud
3243 1967 3254 2005 :
3285 1950 3619 2020 Resipiscz'te

1960 2047 2013 2095 et
2021 2041 2198 2109 facile
2207 2041 2437 2110 fructus
2451 2040 3030 2110 dignospaenitentice
3054 2039 3428 2095 tantumdem
3444 2039 3617 2104 valet,

1960 2135 2249 2201 quantum
2280 2130 2541 2185 :Parate
2568 2129 2719 2184 viam
2751 2131 2897 2184 Dom
2911 2130 3016 2184 mi.
3064 2131 3161 2184 Est
3198 2128 3358 2183 enim
3385 2143 3620 2200 praepa-

1960 2217 2104 2274 ratio
2173 2234 2242 2274 ac
2282 2217 2624 2290 repurgatio
2674 2219 2960 2290 praedictae
3039 2217 3149 2274 viae
3227 2217 3360 2290 ipsa
3414 2217 3613 2288 resipi—

1962 2308 2205 2378 scentia,
2236 2323 2305 2364 ac
2335 2308 2622 2363 virtutum
2651 2307 3046 2364 fructiﬁcatio.

2034 2484 2244 2540 Exibat
2283 2489 2482 2541 autem
2541 2485 2618 2541 ad
2667 2485 2869 2557 ipsum
2925 2485 3329 2558 Hierosolyma
3386 2486 3615 2550 civitas,

1962 2573 2084 2629 sive
2118 2574 2600 2647 Hierosolymitaa,
2631 2575 2710 2631 ita
2730 2576 2877 2630 enim
2900 2575 3047 2630 dixit
3079 2574 3311 2630 Marcus
3341 2577 3406 2628 ιο.
3425 2577 3618 2639 Quam

1963 2667 2161 2719 autem
2191 2663 2466 2720 habuerit
2495 2664 2770 2719 virtutem
2801 2663 3047 2720 Joannis
3076 2662 3394 2735 baptisma,
3418 2679 3625 2735 quam-

1961 2768 2078 2825 que
2091 2749 2475 2806 diﬁerentiam
2489 2752 2914 2824 abaptismate,
2936 2758 3098 2824 quod
3114 2751 3382 2807 Christus
3395 2752 3616 2818 statuit,

1962 2840 2274 2910 diligenter
2303 2845 2568 2910 apertum
2604 2841 2870 2896 invenies
2901 2841 2959 2896 in
2991 2840 3411 2912 explanatione
3437 2842 3620 2895 Evan-

1963 2930 2097 3001 gelii
2143 2930 2469 2985 secundum
2505 2930 2790 2986 Marcum.
2840 2933 2987 2986 Nam
3047 2929 3106 2985 in
3146 2946 3217 2986 ea
3266 2929 3622 2986 convenien-

1962 3019 2080 3075 tius
2105 3019 2298 3074 visum
2337 3021 2444 3084 est,
2477 3035 2604 3073 rem
2635 3019 2792 3074 hanc
2824 3019 3144 3085 declarare,
3195 3018 3295 3073 ubi
3329 3019 3616 3092 scriptum

1965 3112 2053 3164 est
2085 3127 2097 3163 :
2131 3107 2463 3164 Prwdicans
2487 3107 2839 3176 baptismum
2863 3109 3212 3178 poenitentia;
3241 3109 3298 3163 in
3328 3109 3618 3164 remissio-

1963 3211 2096 3252 nem
2115 3202 2499 3265 peccatorum
2525 3197 2593 3250 ⁵ο.
3403 3212 3406 3216 ’

2034 3285 2202 3340 Vers.
2227 3285 2282 3342 7.
2301 3286 2488 3340 Porro
2519 3299 2643 3340 cum
2669 3284 2905 3340 vidisset
2928 3316 2994 3324 ——
3020 3285 3130 3340 ira.
3160 3285 3494 3341 Iudaeorum
3523 3301 3622 3357 ge-

1964 3390 2082 3430 nus
2115 3373 2288 3430 variis
2322 3372 3354 3446 appellaturnominibus.Siquidem
3385 3373 3616 3430 Hebraei

1965 3463 2244 3519 dicuntur
2256 3463 2334 3519 ab
2348 3464 2559 3527 Heber,
2597 3462 3020 3534 utpotelingua
3033 3463 3161 3534 ejus
3175 3463 3619 3534 utentes,hujus

1966 3554 2123 3608 enim
2155 3552 2341 3608 solius
2406 3551 2672 3620 linguam
2721 3553 2973 3607 servavit
3007 3552 3161 3607 Deus
3193 3551 3571 3607 inconfusam
3604 3567 3616 3606 :

1963 3642 2108 3713 quia
2136 3641 2582 3696 communicare
2622 3640 2896 3696 noluerat
2943 3657 3080 3695 cum
3111 3640 3246 3705 illis,
3281 3640 3382 3712 qui
3409 3642 3619 3695 turrim

1965 3729 2361 3786 aediﬁcabant.
2395 3729 2482 3782 Ab
2508 3729 2622 3784 hoc
2646 3735 2846 3784 autem
2877 3729 3268 3784 descenderat
3297 3729 3616 3784 Abraham.

1964 3818 2242 3873 lsraelitas
2263 3832 2404 3872 vero
2417 3816 2557 3871 dicti
2584 3821 2722 3871 sunt
2748 3833 2783 3871 a
2805 3817 3122 3888 Jacob,qui
3154 3819 3338 3872 Deum
3369 3819 3428 3872 in
3456 3817 3622 3874 scala

1963 3906 2129 3970 vidit,
2152 3911 2208 3961 et
2239 3904 2414 3961 Israel
2443 3904 2780 3976 appellatus
2811 3910 2918 3960 est.
2946 3904 3126 3960 Israel
3156 3905 3314 3960 enim
3365 3909 3623 3961 tantum-

1964 3995 2103 4050 dem
2133 3995 2308 4059 valet,
2352 3999 2646 4066 quantum
2711 3994 2918 4050 Videns
2943 3996 3134 4049 Deum.
3188 3993 3376 4049 Judaei
3419 3999 3620 4050 autem

1965 4099 2002 4140 θ,
2033 4083 2236 4148 David,
2289 4099 2472 4156 quem
2518 4089 2836 4155 postquam
2890 4084 2964 4139 de
3008 4082 3208 4139 tribuJ
3224 4083 3342 4139 uda
3393 4083 3470 4138 ad
3530 4100 3620 4138 re-

1965 4187 2153 4242 gnum
2185 4172 2813 4244 elegitDeus,ejusque
2839 4173 3090 4245 posteris
3119 4172 3303 4237 dedit,
3345 4176 3408 4228 ut
3436 4172 3625 4227 haere-

1962 4261 2180 4318 ditario
2201 4262 2335 4332 jure
2363 4265 2697 4333 regnarent,
2728 4262 2952 4318 tribum
2980 4261 3143 4318 illam
3171 4261 3393 4318 claram
3420 4261 3622 4317 reddi-

1963 4349 2068 4413 dit,
2096 4353 2300 4422 utpote
2327 4349 2404 4406 ab
2435 4367 2501 4406 eo
2543 4353 2806 4422 tempore
2856 4351 3082 4420 regiam
3127 4350 3254 4406 :ita
3303 4355 3368 4406 ut
3419 4350 3621 4418 etiam,

1963 4437 2066 4511 qui
2095 4438 2173 4494 ab
2204 4439 2332 4494 aliis
2375 4439 2648 4495 tribubus
2699 4440 3148 4505 descenderent,
3195 4443 3407 4512 postea
3434 4439 3625 4496 Judaei

838 4516 1125 4580 Ἰουδαίους
1204 4528 1389 4582 κοινῶς
1469 4519 1568 4572 ἀπὸ
1661 4524 1854 4584 ταύτης

1971 4543 2208 4600 quoque
2239 4527 2318 4584 ab
2357 4528 2472 4584 hac
2502 4529 2810 4585 communi
2850 4529 3142 4586 vocabulo
3188 4528 3546 4586 dicerentur.

2039 4701 2148 4760 His
2171 4700 2571 4770 itadistinctis,
2603 4704 2798 4761 dicere
2825 4705 3003 4760 etiam
3017 4706 3250 4776 oportet
3273 4703 3348 4760 de
3379 4703 3623 4763 duabus

1468 4921 1688 4990 Variae
1744 4921 2076 4993 lectiones
2117 4935 2185 4994 et
2210 4935 2414 4994 notae.

342 5057 446 5134 (72)
471 5061 726 5136 Respicit
755 5064 959 5136 Genes.
977 5078 1056 5119 x1.
1089 5061 1241 5128 Quid
1265 5065 1469 5136 autem
1497 5063 1570 5120 sit
1593 5064 1799 5136 χαλάνη
1811 5086 1851 5133 ς,

276 5119 486 5206 ignoro.
507 5119 842 5191 Héntenius
890 5134 951 5189 id
975 5119 1372 5206 ρι’ωἷθτωὶνείι.
1401 5119 1637 5206 Nescio"
1655 5119 1853 5193 utrum

277 5203 342 5276 git
360 5212 692 5276 corruptum
706 5203 1058 5262 vocabulum
1076 5205 1453 5270 Hebraicum,
1477 5222 1549 5261 an
1565 5205 1827 5276 Graecum
1839 5250 1851 5262 .

278 5263 426 5330 Forte
453 5263 650 5338 πλᾶνης
672 5277 872 5333 voluit.
907 5276 988 5331 Ex
1015 5276 1314 5332 Hebraicis
1343 5263 1456 5339 73$
1489 5283 1545 5334 et
1573 5283 1680 5340 “)7:
1709 5263 1854 5336 nihil

279 5347 516 5420 exscalpi
547 5353 760 5420 potest.
795 5347 1124 5420 -Χαλάνης
1154 5352 1240 5403 est
1272 5363 1344 5403 ex
1370 5348 1514 5420 Gen.
1546 5365 1603 5412 Χ.
1645 5354 1727 5414 10,
1753 5351 1856 5407 ubi

279 5412 475 5492 tamen"
495 5412 1052 5492 scribiturxalatwn.
1085 5420 1383 5492 Ita__etiam
1412 5412 1718 5492 Epiphan.‘
1740 5427 1780 5478 t.
1811 5421 1852 5488 l,

281 5492 335 5552 ι).
361 5485 424 5544 75
445 5507 460 5559 ;
481 5490 585 5546 sed
612 5485 865 5563 Cyrilliis
885 5489 1048 5546 Alex.
1069 5495 1109 5546 t.
1137 5489 1228 5561 Vl,
1256 5504 1316 5561 p.
1342 5495 1376 5545 2
1399 5485 1546 5559 Β,Ἱὴ
1574 5485 1857 5550 σοιιεοεαέ

348 5609 408 5692 (ι)
437 5614 568 5676 Νοη
596 5631 813 5692 parum
840 5615 1139 5676 avertebat
1162 5621 1394 5674 metum.
1425 5616 1507 5674 Ac
1546 5615 1712 5674 solus
1762 5617 1920 5676 visus

1960 5067 2085 5123 neis
2114 5067 2356 5144 habet_:_
2380 5069 2567 5144 Oiurbv
2622 5077 2714 5129 τῆς
2765 5067 3003 5140 χαλάνης
3049 5068 3246 5142 πύργον
3277 5066 3622 5144 οἰκοδομοῦν⁴

1960 5157 2040 5199 τις
2052 5181 2064 5193 .
2104 5139 2194 5193 Ea:
2222 5141 2269 5194 A
2280 5139 2518 5195 ddendis
2529 5181 2542 5194 .

2057 5212 2146 5266 ’73)
2179 5209 2308 5263 Ἀπὸ
2333 5218 2425 5262 τοῦ
2455 5207 2637 5266 Ἰούδα
2665 5211 2729 5266 Β.

2057 5213 2120 5265 ’73
2179 5210 2308 5263 Ἀπὸ
2333 5218 2425 5262 τοῦ
2455 5210 2637 5266 Ἰούδα
2665 5211 2729 5266 Β.

2033 5210 2523 5360 ἓῖξζᾙύμριθέγτων
2692 5281 2862 5360 Male.
2886 5285 2984 5360 Εξί
3009 5284 3191 5360 _enim
3226 5285 3319 5360 ab
3358 5283 3617 5360 εύκρινέω,

1961 5351 2132 5431 quod
2155 5351 2337 5408 habet
2366 5354 2648 5426 Xenoph.
2679 5370 2738 5427 p.
2765 5355 2882 5410 513.
2912 5359 2972 5412 Ε.
3007 5353 3398 5430 Frequentius
3417 5351 3624 5414 o'ccur-

1961 5419 2036 5479 ιῖιι
2088 5419 2416 5498 διευκρινείν.

1973 5617 2166 5678 multa
2193 5619 2526 5698 refulgebat
2560 5619 2806 5702 pietate.
