4166 6314
499 316 601 387 163

1798 318 2149 382 EUTYHMII
2188 309 2518 380 ZIGABENI

3751 312 3858 379 164

497 455 841 511 Judasorum
873 455 1066 522 sectis,
1097 470 1234 528 quas
1260 454 1356 510 hic
1381 457 1712 526 ponuntur.
1745 450 2052 508 Sadduciei
2090 451 2143 506 in

2259 454 2378 523 περὶ
2407 457 2507 501 τῶν
2561 452 2903 521 προκειμένων
2962 445 3059 501 δύο
3097 443 3401 501 Ἰουδαϊκῶν
3461 449 3726 521 αἱρέσεων.
3788 450 3854 500 Oi

499 540 721 595 caeteris
751 539 1193 611 quidemJudaai
1221 542 1646 594 erant:verum
1676 537 1956 608 Spiritum
1985 551 2152 591 sanc-

503 631 625 683 tum
654 631 712 682 et
739 627 1006 696 angelos,
1026 643 1096 683 ac
1125 627 1617 682 resurrectionem
1644 628 2017 679 mortuorum
2047 638 2152 677 ne-

503 715 744 785 gabant,
761 731 947 788 neque
961 717 1199 771 omnino
1213 730 1343 770 esse
1357 712 1699 768 credebant.
1718 710 1996 766 Pharisaei
2009 725 2150 765 vero

499 805 579 861 eti
587 804 1001 876 psiquoquein
1029 804 1254 860 caeteris
1276 801 1829 870 Judaais,habebant
1848 799 2147 871 quasdam

497 894 944 950 observationes
982 894 1210 949 caeteris
1240 907 1362 947 non
1402 894 1850 953 communes,ut
1862 888 2148 959 jejunium

497 982 638 1038 bino
667 983 729 1038 in
758 981 1142 1038 hebdomade
1172 981 1266 1036 die
1289 997 1302 1047 ;
1327 979 1670 1035 substantiae
1700 978 1984 1042 decimas,
2003 993 2150 1048 quas

497 1069 862 1142 pauperibus
899 1069 1265 1140 erogabant;
1305 1069 1555 1124 lotiones
1595 1083 1662 1122 ac
1709 1065 2150 1138 puriﬁcationes

497 1173 832 1221 urceorum,
875 1157 1288 1228 paropsidum,
1334 1171 1404 1212 ac
1456 1155 1838 1226 scyphorum,
1889 1152 2150 1223 aliosque

497 1244 845 1316 hujusmodi
860 1261 1080 1301 mores.
1092 1245 1462 1302 Sicutautem
1476 1242 1682 1299 scribas
1696 1243 1818 1299 sive
1836 1240 2152 1313 legisperiti

499 1349 571 1390 ac
599 1335 870 1390 doctores
896 1334 1026 1389 aliis
1079 1334 1517 1405 praestantiores
1546 1335 1714 1388 erant
1754 1350 1766 1387 :
1799 1331 1879 1387 ita
1926 1345 2068 1386 sane
2098 1333 2152 1385 et

500 1421 783 1477 Pharisaei
797 1438 866 1478 ac
881 1422 1193 1479 Sadducaai
1215 1427 1500 1493 tanquam
1513 1421 1650 1477 aliis
1665 1419 2003 1492 superiores
2020 1433 2151 1474 sese

495 1510 826 1581 jactabant.

570 1601 688 1654 Hos
718 1599 895 1669 igitur
949 1599 1209 1656 Joannes
1268 1598 1550 1655 accedere
1599 1597 1823 1663 videns,
1871 1597 2151 1668 ipsosque

499 1702 853 1756 agnoscens,
888 1692 1014 1743 tum
1039 1702 1145 1758 per
1192 1687 1623 1744 inhabitantem
1659 1687 1719 1741 in
1750 1702 1814 1742 se
1873 1685 2146 1755 gratiam,

2261 535 2614 590 Σαδδουκαῖοι
2668 537 2828 590 τᾶλλα
2889 541 2977 611 μὲν
3037 534 3287 590 Ἰουδαῖοι
3343 534 3499 605 ἦσαν,
3544 544 3749 609 Πνεῦμα
3794 533 3854 590 δὲ

2259 628 2406 698 ἅγιον
2450 633 2539 679 καὶ
2589 626 2834 698 ἀγγέλους
2889 632 2978 678 καὶ
3018 635 3204 700 νεκρῶν
3251 624 3536 677 ἀνάστασιν
3586 624 3850 691 aeneam,

2258 721 2348 766 καὶ
2387 712 2502 767 οὐδ’
2533 715 2660 777 ὦως
2687 713 2813 768 εἶναί
2843 735 3017 787 φασιν.
3049 717 3114 767 Οἱ
3157 722 3432 789 Φαρισαῖοι
3469 711 3546 784 δὲ,
3580 721 3669 766 καὶ
3699 715 3850 767 αὐτοὶ

2258 803 2419 854 τᾶλλα
2468 807 2557 875 μὲν
2600 801 2856 856 Ἰουδαῖοι
2901 807 3036 874 (75),
3089 801 3232 874 εἶχον
3295 799 3354 855 δὲ
3411 805 3655 876 περιττάς
3707 823 3850 864 τινας

2258 897 2665 965 παρατηρήσεις,
2725 893 2848 958 οἷον,
2922 897 3164 950 νηστείαν
3223 889 3308 953 δὶς
3375 901 3463 952 τῆς
3531 889 3848 964 ἑϐδομάδος,

2260 977 2675 1040 ἀποδεκατώσεις
2721 990 2815 1040 τῆς
2855 981 3033 1040 ούσίας
3082 980 3154 1041 εἰς
3196 985 3314 1040 τούς
3366 985 3604 1046 πένητας,
3661 979 3852 1052 βαπτι-

2262 1073 2421 1140 σμούς
2469 1075 2558 1120 καὶ
2613 1071 2971 1141 καθαρισμούς
3019 1069 3232 1132 ξεστῶν,
3298 1074 3387 1120 καὶ
3442 1070 3688 1139 πινάκων,
3762 1073 3852 1120 καὶ

2258 1162 2538 1230 ποτηρίων,
2567 1162 2656 1209 καὶ
2676 1164 2894 1209 τοιαῦτα
2923 1159 3068 1229 ἔτερα
3092 1159 3204 1215 ἔθη.
3231 1157 3429 1231 Ὠσπερ
3455 1153 3513 1210 δὲ
3534 1159 3651 1229 (76)
3672 1159 3722 1208 οἱ
3739 1157 3851 1227 (77)

2259 1251 2462 1317 νομικοὶ
2532 1250 2620 1296 καὶ
2697 1242 3015 1297 διδάσκαλοι
3073 1243 3450 1318 διαφορῶτεροι
3518 1255 3617 1297 τῶν
3689 1245 3852 1296 amb»

2260 1331 2414 1400 ἦσαν,
2448 1335 2582 1386 οὕτω
2614 1331 2680 1392 δὴ
2714 1338 2800 1386 καὶ
2830 1337 2879 1386 οἰ
2909 1341 3186 1408 Φαρισαῖοι
3214 1339 3302 1386 καὶ
3339 1331 3691 1387 Σαδδουκαῖοι
3719 1338 3853 1406 μέγα

2261 1419 2519 1496 ἐφρόνουν,
2553 1426 2622 1485 ὡς
2643 1428 2994 1498 περιττὸτεροι
3022 1431 3122 1474 τῶν
3148 1422 3334 1480 ἄλλῶν.

2330 1600 2553 1657 Τούτους
2593 1601 2906 1671 προσιόντας
2955 1595 3078 1650 ἰδὼν
3129 1599 3154 1650 ὁ
3198 1597 3458 1669 Ἰωάννης,
3498 1602 3587 1651 καὶ
3617 1597 3851 1670 ἐπιγνούς

2260 1686 2468 1752 αύτούς,
2515 1693 2667 1738 τοῦτο
2716 1689 2827 1758 μεν,
2883 1685 2940 1738 ἐκ
2992 1694 3086 1748 τῆς
3143 1686 3447 1747 ἐνοικούσης
3523 1686 3661 1757 αύτῷ
3720 1689 3852 1747 θείας

496 1779 624 1831 tum
655 1791 796 1832 vero
825 1791 861 1832 a
897 1782 1060 1832 veste
1112 1775 1440 1848 habituque
1481 1774 1721 1846 insigni,
1753 1773 1995 1830 liberius
2047 1788 2143 1828 eos

2259 1777 2496 1846 χάριτος,
2529 1783 2680 1826 τούτο
2743 1772 2801 1826 δὲ
2849 1780 2937 1827 καὶ
2964 1775 3020 1826 ἐκ
3067 1783 3166 1826 τῶν
3217 1781 3544 1848 παρασήμων
3591 1783 3680 1836 τῆς
3726 1794 3852 1828 στο-

499 1865 692 1935 arguit
723 1881 737 1930 ;
771 1864 1070 1936 siquidem
1103 1865 1387 1920 ﬁduciam
1417 1864 1478 1918 in
1509 1880 1580 1920 eo
1616 1863 1896 1928 habebat,
1927 1861 2031 1933 qui
2087 1877 2149 1916 se

496 1955 761 2009 miserat.
803 1955 1004 2010 Miscet
1055 1959 1256 2009 autem
1307 1952 1792 2024 reprehensionis
1844 1949 2148 2019 asperitati

497 2041 759 2106 laudem,
794 2047 858 2096 ut
887 2041 1025 2096 inde
1045 2041 1292 2112 quidem
1320 2039 1726 2107 humilientur,
1775 2039 1917 2094 hinc
1947 2044 2146 2094 autem

499 2130 970 2186 consolationem
1018 2129 1335 2200 accipiant.
1400 2131 1548 2184 Nam
1596 2128 1755 2198 ipsos
1813 2127 2146 2198 alloquens,

495 2219 805 2290 Progenies
835 2219 1170 2287 viperarum
1190 2217 1534 2290 appellavit.
1552 2217 1711 2272 Sicut
1727 2216 1887 2272 enim
1920 2217 2143 2287 vipera-

494 2325 629 2365 rum
656 2308 870 2381 proles,
903 2325 1040 2364 cum
1070 2310 1399 2380 pariuntur,
1435 2324 1574 2363 suas
1597 2307 1879 2363 occidunt
1908 2312 2146 2371 matres,

495 2413 674 2453 exeso
699 2413 907 2453 eorum
947 2403 1166 2461 ventre,
1197 2398 1281 2453 ita
1328 2413 1474 2454 sane
1519 2403 1574 2451 et
1624 2396 1808 2451 Judaei
1857 2412 2001 2450 suos
2044 2411 2144 2467 pa-

498 2493 612 2543 tres
634 2486 987 2558 spirituales,
1025 2493 1167 2558 puta
1211 2487 1533 2558 prophetas
1591 2485 1951 2541 occiderant.
2001 2485 2150 2540 Lau-

495 2575 662 2630 davit
715 2580 917 2630 autem
987 2577 1150 2646 ipsos
1225 2575 1428 2630 dicens
1470 2591 1483 2630 :
1533 2575 1668 2642 Quis
1724 2573 2147 2630 demonstravit

497 2665 658 2720 vobis
677 2666 893 2734 fugere
911 2678 947 2719 a
964 2671 1212 2720 ventura
1241 2665 1332 2720 ira
1363 2664 1392 2720 ?
1416 2663 1747 2735 Apparebat
1775 2663 1955 2727 enim,
1979 2662 2147 2733 quod

492 2753 622 2809 sola
655 2753 926 2824 ipsorum
991 2753 1326 2824 prudentia.

561 3005 845 3061 Futuram
883 3019 1025 3061 vero
1050 3003 1202 3059 iram
1253 3001 1410 3067 dicit,
1460 3001 1553 3057 vel
1594 3017 1731 3074 quas
1773 3016 1809 3057 a
1865 2997 2142 3057 Romanis

2257 1862 2352 1924 λῆς
2401 1868 2491 1915 καὶ
2545 1871 2636 1916 τοῦ
2693 1868 2989 1934 σχήματος,
3035 1863 3620 1937 παρρησιαστικώτερον
3672 1863 3850 1925 αὐτοῖς

2260 1948 2571 2023 διαλέγεται.
2627 1957 2725 2004 Καὶ
2771 1955 2872 2026 γὰρ
2919 1951 3122 2026 ἐθάρρει
3151 1960 3222 2022 τῷ
3276 1950 3636 2004 ἀποστείλαντι
3675 1953 3846 2006 αύτὸν.

2259 2043 2490 2109 Μίγνυσι
2524 2038 2583 2092 δὲ
2638 2048 2700 2112 τῇ
2761 2041 3030 2112 αύστηρίᾳ
3072 2049 3169 2092 τῶν
3211 2039 3434 2112 ἐλέγχων
3481 2045 3570 2092 καὶ
3626 2043 3848 2105 ἔπαινον,

2261 2129 2342 2178 ἱνα
2397 2136 2457 2200 τῇ
2518 2131 2608 2200 μὲν
2679 2131 3058 2195 ταπεινωθῶσι,
3116 2137 3188 2199 τῷ
3264 2125 3323 2180 δὲ
3386 2131 3849 2203 παρηγορηθῶσιν.

2258 2214 2473 2286 Ἥλιγξε
2515 2219 2605 2288 μὲν
2639 2218 2739 2290 γὰρ
2781 2215 2986 2282 αύτούς,
3037 2221 3332 2288 Γεννήματα
3368 2214 3594 2288 ἐχιδνῶν
3643 2221 3852 2278 τούτους

2257 2307 2706 2376 προσαγορεύσας.
2735 2302 2933 2377 Ὠσπερ
2955 2307 3056 2377 γὰρ
3084 2310 3149 2356 τὰ
3177 2310 3466 2377 γεννήματα
3493 2314 3592 2356 τῶν
3625 2303 3851 2377 ἐχιδνῶν

2259 2391 2618 2444 ἀποκτείνουσι
2648 2395 2736 2452 τὰς
2767 2393 2958 2445 ἑαυτῶν
2985 2398 3234 2468 μητέρας,
3264 2390 3298 2445 δ
3306 2392 3722 2467 ιαϐιϐρώσκοντα
3763 2397 3853 2456 τὰς

2257 2484 2450 2532 τούτων
2501 2485 2766 2555 γαστέρας
2818 2480 2865 2532 ἐν
2909 2489 2983 2551 τῷ
3031 2484 3364 2534 κυῖσκεσθαι·
3407 2483 3540 2534 οὕτω
3573 2479 3640 2540 δή
3683 2503 3773 2534 και
3802 2486 3852 2535 οἱ

2257 2564 2508 2620 Ἰουδαῖοι
2559 2572 2677 2629 τοὺς
2742 2574 3120 2643 πνευματικοὺς
3188 2570 3355 2622 αὐτῶν
3425 2575 3670 2643 πατέρας,
3730 2576 3850 2634 τοὺς

2254 2661 2538 2728 προφήτας,
2591 2656 2876 2712 ἀπέκτενον.
2920 2659 3162 2730 Ἐπήνεσε
3191 2654 3249 2710 δὲ
3291 2659 3496 2730 αύτούς,
3545 2660 3718 2711 εἰπωνο
3764 2665 3850 2721 Τίς

2257 2741 2515 2808 ὓπέδειξεν
2572 2747 2692 2818 ύμῖν
2739 2755 2916 2818 φυγεῖν
2985 2745 3086 2798 ἀπὸ
3141 2756 3234 2808 τῆς
3291 2747 3584 2820 μελλούσης
3650 2748 3844 2820 ὀργῆς;

2251 2832 2482 2905 Ἐνέφηνε
2522 2839 2646 2908 γὰρ,
2679 2836 2759 2886 ὅτι
2803 2831 2971 2895 οὐδεὶς
3000 2834 3150 2897 ἄλλος
3181 2835 3316 2907 (78),
3365 2837 3504 2908 εἰμὴ
3548 2839 3578 2894 ἡ
3640 2840 3848 2898 σύνεσις

2252 2921 2421 2973 αὐτῶν
2430 2963 2442 2975 .

2322 3009 2620 3063 Μελλουσαν
2673 3008 2731 3064 δε
2781 3010 2938 3085 ὀργὴν
2985 3011 3139 3083 λέγει,
3195 3015 3224 3070 ἧ
3277 3017 3370 3071 τὴν
3428 3015 3528 3065 ἀπὸ
3584 3013 3845 3086 Ῥωμαίων

491 3093 551 3148 in
598 3094 900 3149 obsidione
956 3092 1152 3149 futura
1195 3097 1353 3148 erat:
1385 3089 1471 3146 vel
1528 3106 1660 3159 quae
1700 3105 1737 3146 a
1779 3089 1897 3146 Deo
1926 3088 1988 3144 in
2045 3087 2142 3143 die

491 3181 504 3194 .
575 3182 612 3198 ι.
659 3183 689 3192 ..
864 3197 871 3198 ,
1076 3182 1089 3198 .
1586 3177 1961 3198 μωηηλ,
2052 3177 2110 3198 ,η

2253 3096 2298 3150 ἓν
2324 3106 2386 3171 τῇ
2430 3099 2724 3173 πολιορκίᾳ,
2758 3103 2787 3158 ἦ
2818 3105 2918 3158 τὴν.
2972 3099 3073 3152 ἀπὸ
3125 3108 3258 3154 Θεοῦ
3313 3100 3361 3152 ἐν
3404 3103 3574 3176 ἡμέρᾳ
3610 3109 3844 3176 κρίσεως,

485 3181 692 3252 iudicii
723 3199 740 3237 :
767 3197 974 3254 quam,
1017 3182 1093 3236 ad
1137 3180 1543 3253 paenitentiam
1585 3177 1990 3252 properando,
2051 3177 2139 3232 fu-

486 3269 742 3341 giebant.
772 3269 1285 3342 Erumpendo(m)
1340 3268 1517 3340 igitur
1568 3267 1648 3324 ad
1697 3267 2023 3323 Pharisaeos
2074 3281 2141 3320 ac

489 3359 849 3414 Sadducseos
877 3358 1074 3427 dirigit
1112 3373 1452 3414 sermonem
1486 3356 1570 3429 (ιι)
1608 3373 1621 3410 :
1655 3372 1758 3411 eos
1788 3361 1989 3411 autem
2023 3354 2137 3424 spi-

483 3447 601 3502 ritu
625 3447 992 3516 discernens,
1024 3447 1146 3502 haac
1183 3447 1296 3501 illis
1331 3445 1582 3508 dicebat,
1615 3445 1718 3516 qui
1759 3444 1818 3498 in
1843 3443 2138 3498 Christum

487 3536 767 3591 credituri
812 3542 998 3600 erant,
1041 3542 1097 3590 et
1143 3536 1225 3590 ita
1272 3535 1615 3606 praedictam
1683 3534 1833 3587 iram
1891 3532 2138 3588 omnino

487 3623 744 3679 evasuri.
804 3622 976 3687 Quod
1022 3623 1070 3676 si
1113 3624 1297 3678 Lucas
1335 3620 1464 3676 haec
1504 3620 1692 3676 turbis
1722 3620 1889 3676 illum
1915 3620 2139 3674 dixisse

484 3713 584 3778 ait,
616 3710 695 3767 ad
725 3727 787 3766 se
817 3718 880 3766 ut
908 3710 1346 3782 baptizarentur
1375 3709 1769 3779 venientibus,
1825 3708 1970 3764 nihil
1999 3709 2137 3765 inde

486 3801 762 3858 turberis.
815 3801 1142 3857 Verisimile
1173 3806 1260 3857 est
1301 3801 1462 3856 enim
1519 3800 1613 3856 bis
1669 3801 1792 3855 haec
1843 3802 2136 3856 Joannem

481 3891 703 3948 dixisse
744 3907 756 3945 :
791 3907 951 3948 nunc
976 3891 1222 3962 quidem
1247 3891 1364 3956 his,
1393 3906 1554 3947 nunc
1601 3907 1737 3946 vero
1779 3889 1912 3946 illis.
1941 3889 2138 3944 Admi-

482 3980 728 4037 rabatur
756 3987 954 4036 autem
985 3980 1247 4036 Joannes
1279 3995 1565 4049 magnam
1607 3978 1879 4050 ipsorum
1940 3982 2136 4034 muta-

483 4068 707 4124 tionem
740 4084 753 4122 :
785 4068 1095 4139 quomodo
1133 4067 1192 4120 hi
1247 4067 1350 4137 qui
1399 4067 1720 4137 prophetas
1770 4066 2134 4132 occiderant,

480 4156 679 4226 ipsum
711 4169 953 4225 quoque
975 4169 1096 4208 non
1137 4152 1496 4220 occiderent,
1531 4153 1632 4208 sed
1674 4154 1868 4222 magis
1907 4153 1985 4208 ad
2015 4168 2138 4224 pos-

484 4242 789 4299 nitentiam
827 4242 1115 4296 venirent.

554 4331 723 4385 Vers.
790 4331 840 4383 8.
899 4327 1098 4384 Facite
1129 4359 1196 4368 —
1224 4328 1593 4398 poenitentiae.
1624 4327 1733 4394 Qui
1759 4344 1796 4384 a
1825 4343 1967 4398 ergo
1996 4328 2138 4384 resi-

482 4418 730 4492 piscitis,
794 4418 1018 4481 scitote,
1099 4418 1265 4488 quod
1326 4433 1443 4473 non
1511 4417 1728 4474 sufﬁcit
1779 4419 2132 4490 pravitatem

2250 3189 2311 3244 ἦν
2356 3189 2562 3258 ἔφευγον
2615 3187 2887 3260 ἐρχόμενοι
2945 3189 3016 3250 εἰς
3071 3193 3362 3260 μετάνοιαν.
3417 3195 3842 3262 Προηγουμένως,

2248 3279 2337 3346 μεν
2401 3271 2488 3326 οὖν
2548 3279 2672 3348 πρὸς
2739 3279 2856 3336 τούς
2923 3283 3242 3350 Φαρισαίους
3296 3283 3386 3330 καὶ
3451 3275 3846 3341 Σαδδουκαίους

2250 3362 2476 3415 ἀπέτεινε
2546 3367 2632 3416 τὸν
2691 3363 2860 3436 λόγον,
2937 3369 3006 3425 ὡς
3069 3361 3351 3427 δοκοῦντας
3417 3373 3841 3442 φρονιμωτέρους

2249 3447 2343 3503 διὰ
2371 3455 2533 3523 μέσου
2582 3449 2640 3504 δὲ
2685 3453 2852 3504 αὐτῶν
2909 3454 3046 3525 ἔλεγε
3092 3462 3260 3506 ταῦτα
3310 3458 3440 3529 πρὸς
3493 3459 3614 3516 τούς
3643 3455 3843 3527 μέλλον-

2247 3560 2340 3602 τας
2371 3540 2442 3600 εἰς
2490 3544 2718 3614 Χριστὸν
2750 3545 3029 3608 πιστεύειν,
3078 3545 3128 3594 οἱ
3165 3545 3369 3602 πάντως
3407 3549 3496 3594 καὶ
3525 3547 3619 3601 τὴν
3669 3540 3843 3600 δηλω-

2250 3631 2424 3681 θεῖσαν
2491 3628 2651 3703 ὀργήν
2714 3630 2916 3702 ἔμελλον
2973 3631 3225 3702 ἐκφυγεῖν.
3294 3631 3360 3685 Εἰ
3411 3626 3469 3684 δὲ
3540 3633 3565 3682 ὁ
3633 3638 3844 3694 Λουκᾶς

2247 3736 2426 3790 φησιν,
2477 3719 2557 3769 ὃτι
2622 3718 2760 3790 ἔλεγε
2812 3726 2979 3770 ταῦτα
3029 3726 3138 3781 τοῖς
3195 3718 3615 3794 ἐκπορευομένοις
3666 3720 3843 3792 ὄχλοις

2247 3805 2610 3878 βαπτισθῆναι
2666 3807 2753 3858 ὑπ’
2800 3807 2978 3877 αύτού,
3042 3811 3114 3878 μὴ
3163 3810 3460 3880 ταραχθῇς.
3515 3809 3666 3868 Εἰκὸς
3717 3812 3838 3883 γὰρ,

2247 3891 2331 3956 δὶς
2356 3902 2522 3947 ταῦτα
2549 3898 2634 3946 τὸν
2684 3895 2920 3952 Ἰωάννην
2974 3895 3151 3961 εἰπεῖν,
3203 3903 3289 3947 νῦν
3339 3899 3428 3968 μὲν
3486 3899 3709 3962 τούτοις,
3753 3906 3840 3948 νῦν

2246 3979 2306 4035 δὲ
2356 3983 2588 4044 ἐκείνοις.
2649 3982 3023 4040 Ἐκπλήττεται
3055 3980 3114 4036 δὲ
3143 3985 3168 4036 ὁ
3223 3984 3456 4045 Ἰωάννης
3507 3989 3600 4044 τὴν
3650 3985 3840 4059 ἁθρόαν

2246 4072 2413 4122 αὐτῶν
2478 4070 2788 4142 μεταϐολήν,
2847 4080 2956 4142 πῷς
3007 4072 3142 4145 (79),
3216 4078 3625 4146 προφητοκτόνοι
3682 4079 3836 4142 ὄντες,

2245 4158 2339 4210 ούκ
2413 4157 2686 4232 ἀναιροῦσι
2756 4164 2845 4212 καὶ
2899 4160 3074 4227 αὐτὸν,
3117 4159 3229 4229 ἀλλ,
3269 4164 3517 4235 ἔρχονται
3566 4168 3640 4224 είς
3685 4165 3841 4236 μετά-

2243 4265 2406 4299 νοιαν.

2317 4339 2576 4392 Ποιήσατε
2630 4367 2699 4376 -
2747 4342 3035 4409 μετανοίας.
3095 4337 3244 4393 Ἐπεὶ
3295 4344 3466 4392 τοίνυν
3522 4348 3836 4412 μετανοεῖτε,

2241 4429 2544 4494 γινώσκετε,
2577 4427 2656 4477 ὃτι
2688 4425 2781 4477 ούκ
2817 4425 2962 4501 ἀρκεῖ
2990 4431 3142 4499 μόνον
3185 4431 3244 4479 τὸ
3271 4436 3446 4500 φυγεῖν
3490 4433 3578 4487 τήν
3626 4435 3833 4498 κακίαν,

482 4484 774 4564 duntaxat
823 4506 1028 4575 fugere
1070 4484 1241 4561 :_sed
1284 4511 1515 4578 oportet
1568 4484 1842 4563 virtutem
1889 4523 2133 4580 quoque

2253 4484 2371 4563 me
2420 4484 2541 4585 χρὴ,
2583 4517 2668 4565 καὶ
2726 4484 2910 4587 ἀρετήν
2950 4484 3360 4578 ἐπιδείξασθαι..
3395 4484 3662 4571 Ἐκκλινον
3709 4484 3833 4592 γὰρ,

482 4594 735 4669 operari.
802 4595 1068 4660 Declina,
1147 4594 1359 4668 inquit,
1418 4611 1454 4652 a
1512 4596 1687 4667 malo,
1771 4599 1823 4652 et
1879 4597 1982 4666 fac
2041 4595 2134 4652 bo-

481 4702 791 4834 Marsis.
821 4775 901 4831 Et
924 4788 1090 4831 ne—
1137 4772 1457 4832 Abraham.
1499 4774 1591 4832 Ne
1650 4774 1984 4838 videamini,
2016 4773 2129 4832 hoc

551 4956 599 4993 ⁵³
628 4957 764 5013 Luc.
791 4971 870 5021 ιιι,
893 4960 952 5014 7.
991 4955 1039 4990 ⁵³
1071 4953 1223 5010 Psal.
1247 4971 1446 5022 χχχιιι,
1480 4958 1566 5011 l5.

2243 4604 2421 4672 φησὶν,
2457 4600 2557 4654 ἀπὸ
2589 4610 2776 4669 κακοῦ,
2801 4609 2890 4655 καὶ
2923 4608 3143 4662 ποίησον
3165 4603 3378 4676 ἀγαθόν.

2313 4782 2414 4832 Καὶ
2442 4782 2514 4852 μή
2561 4811 2629 4821 -
2657 4777 2914 4856 ’Δϐραάμ.
2955 4813 3024 4823 -
3065 4786 3148 4840 Μή
3195 4779 3402 4853 δόξητε,
3435 4782 3548 4836 ἀντὶ
3594 4792 3703 4854 τοῦ,
3746 4789 3831 4844 Μή

1679 5078 1898 5148 Variae
1936 5078 2264 5148 lectiones
2300 5087 2366 5146 et
2430 5090 2632 5149 notae.

555 5221 664 5294 ('75)
703 5216 893 5285 Ἦσαν,
926 5219 1093 5294 addit
1110 5224 1188 5294 γΑο

555 5221 644 5294 ('75
703 5221 893 5285 Ἦσαν,
926 5221 1093 5276 addit
1125 5224 1161 5275 Α

575 5297 644 5347 76
698 5295 825 5366 Γάρ,
855 5306 966 5363 pro
997 5288 1055 5343 δι
1089 5293 1161 5348 Α.

551 5221 666 5438 ξπξ
703 5364 790 5430 0i,
831 5361 1046 5419 omittit
1076 5363 1136 5417 Β.

703 5361 790 5430 0i,
831 5361 1046 5419 omittit
1076 5363 1136 5417 Β.

549 5503 654 5576 (m)
686 5503 1107 5579 ῌροηγρυμένως,
1139 5515 1263 5558 non
1291 5504 1395 5572 est,
1419 5503 1798 5575 erumpendo,
1838 5503 1942 5562 sed
1977 5520 2128 5575 prae-

480 5577 666 5653 cipue,
689 5575 754 5632 in
772 5575 1010 5646 primis.

2308 5220 2426 5364 E78;
2452 5219 2634 5276 intell.
2666 5217 2950 5284 ὑπέδειξεν.

2331 5292 2399 5347 79
2455 5293 2581 5364 Γάρ,
2602 5293 2924 5364 interponit

2331 5292 2421 5364 79)
2455 5293 2581 5368 Γάρ,
2602 5293 2924 5364 interponit
2950 5293 3018 5349 B.

2291 5502 2564 5586 ,θη-θροεῖ
2613 5519 2954 5586 =sermonem,
2983 5506 3068 5563 ita
3119 5506 3462 5586 legendum,
3491 5507 3695 5586 iis__q_ui
3737 5519 3832 5586 sa-

2231 5576 2550 5646 pientiores
2570 5577 2941 5646 videbantur,
2953 5593 3061 5652 per
3079 5594 3171 5637 eos
3185 5576 3384 5638 autem
3402 5580 3529 5639 haec
3547 5576 3691 5652 illis,
3717 5584 3828 5637 etc.
