4166 6314
213 278 304 340 165
1174 276 1543 336 COMMENT.
1582 278 1656 335 IN
1691 266 2123 335 MA’I'I‘HAEUM.
2165 309 2234 319 -
2272 279 2425 336 CAP.
2472 279 2566 336 III.
3468 267 3570 337 166

213 409 466 465 θελήσητε.
525 412 776 480 Παραινεῖ
837 402 916 473 δε,
971 409 1042 478 μὴ
1098 404 1259 477 λέγειν
1327 404 1378 456 ἐν
1431 411 1547 464 ταῖς
1608 404 1798 457 ἑαυτῶν
1830 404 1858 459 Α

1919 405 2110 467 ast,Ne
2156 403 2358 467 velitis,
2398 404 2697 460 Admonet
2725 408 2943 471 autem,
2965 404 3413 461 neincordibus
3440 406 3564 461 suis

207 498 420 568 ψυχαῖς,
499 498 580 547 ὅτι
656 499 862 568 Πατέρα
941 497 1129 565 ἔχομεν
1207 496 1293 545 τὸν
1374 492 1633 565 Ἀϐρααμ,
1714 499 1802 545 καὶ

1919 494 2106 550 dicant
2138 511 2150 549 :
2184 496 2424 551 Patrem
2441 495 2724 551 habemus
2761 496 3104 551 Abraham:
3133 500 3191 551 et
3219 496 3440 552 sufﬁcit
3461 512 3564 553 no-

205 586 340 659 ὁφκεῑ
398 587 527 657 ἡμῖν
585 584 655 646 εἰς
711 582 917 657 ἀρετὴν,
977 585 1035 633 τὸ
1081 580 1167 633 ἀπ’
1216 580 1409 633 ἐκείνου
1457 583 1799 652 κατάγεσθαι.

1917 583 2002 638 bis
2025 584 2099 637 ad
2130 583 2425 649 virtutem,
2461 583 2627 654 quod
2665 582 2744 639 ab
2769 583 2867 638 illo
2886 584 3333 640 descendemus.
3363 589 3562 658 Neque

200 674 268 725 Οὐ
298 680 410 747 χρὴ
454 675 579 747 γὰρ,
631 676 763 744 μέγα
819 678 1123 744 φρονοῦντας
1176 670 1259 722 ἐπὶ
1311 677 1422 729 ταῖς
1475 679 1574 722 τῶν
1612 675 1805 743 προγό-

1919 671 2069 725 enim
2123 670 2274 727 ullos
2321 675 2574 742 oportet,
2629 670 2702 726 de
2752 672 3199 742 progenitorum
3251 673 3564 729 virtutibus

192 783 285 813 νων
317 760 550 835 ἀρεταῖς,
586 761 770 821 αὐτοὺς
800 759 999 832 ἀμελεῖν
1034 760 1231 811 οἰκείων
1261 760 1693 834 κατορθωμάτων.

1916 759 2153 830 gloriari
2188 781 2198 811 :
2232 775 2367 814 cum
2398 759 2515 830 ipsi
2539 758 2904 830 negligentes
2938 760 3057 815 sint
3085 760 3159 815 de
3186 763 3561 833 pr0priarum

1914 847 2199 919 operibus
2225 848 2532 903 virtutum.

260 944 416 1011 Λέγω
451 968 515 979 -
556 938 813 1011 Ἀϐραάμ.
864 941 950 995 Μὴ
1006 942 1277 1010 νομίσητε,
1335 941 1514 1008 φησὶν,
1567 936 1668 1004 ὃτι,
1724 935 1807 989 ἐὰν

1987 937 2143 990 Vers.
2176 934 2228 990 9.
2280 934 2421 991 Dico
2458 966 2527 974 —
2577 935 2871 993 Abrahae.
2930 934 3009 990 Ne
3052 936 3295 1007 putetis,
3344 938 3556 1010 inquit,

184 1030 341 1100 ὑμεῖς
405 1027 687 1098 ἀπόλησθε,
748 1030 813 1087 ὡς
896 1027 1124 1100 ἄκαρποι
1194 1024 1394 1098 ἀρετῆς,
1470 1025 1638 1078 οὐκέτι
1712 1025 1811 1088 ἔξει

1915 1025 2075 1096 quod
2103 1023 2152 1079 si
2217 1040 2323 1080 vos
2378 1024 2610 1096 absque
2654 1024 2849 1079 fructu
2904 1025 3189 1080 virtutum
3249 1026 3557 1097 perieritis,

186 1122 354 1169 τέκνα
402 1118 428 1168 ὁ
458 1116 694 1188 Ἁϐραάμ
726 1135 737 1148 ·
775 1112 996 1167 δύναται
1047 1118 1147 1188 ’γὰρ
1198 1116 1223 1166 ὁ
1252 1117 1377 1173 Θεὸς
1424 1113 1480 1165 ἐκ
1522 1121 1619 1166 τῶν
1677 1113 1810 1184 ἀψύ-

1919 1112 2063 1168 nulli
2091 1111 2296 1185 reliqui
2326 1118 2499 1168 erunt
2526 1112 2780 1168 Abrahae
2811 1112 2938 1168 ﬁlii.
2987 1112 3183 1168 Potest
3212 1114 3372 1169 enim
3410 1115 3564 1171 Deus

186 1226 313 1277 χων
363 1208 552 1257 τούτων
600 1204 753 1256 λίθων
803 1202 998 1277 ἐγεῖραι
1047 1208 1200 1256 τέκνα
1262 1211 1334 1273 τῷ
1383 1202 1640 1274 Ἀϐραάμ.
1697 1208 1797 1255 Καὶ

1919 1200 1991 1256 de
2041 1201 2383 1257 inanimatis
2431 1201 2524 1256 his
2580 1201 2878 1273 lapidibus
2926 1201 3211 1258 suscitare
3261 1202 3413 1258 filios
3452 1203 3564 1274 ipsi

182 1297 296 1366 γὰρ
369 1298 458 1346 καὶ
508 1296 588 1345 τὸν
640 1292 822 1345 Ἰσαὰκ
871 1292 927 1344 ἐκ
984 1300 1077 1354 τῆς
1135 1291 1348 1363 ἀψύχου
1406 1296 1495 1342 καὶ
1546 1285 1806 1357 λιθὼδους

1922 1289 2187 1344 Abrahae.
2242 1289 2462 1344 Etenim
2493 1291 2692 1360 ipsum
2743 1304 2987 1361 quoque
3035 1295 3201 1345 Isaac
3257 1291 3567 1347 suscitavit

180 1388 401 1456 μήτρας
453 1390 546 1444 τῆς
575 1381 773 1456 Σάρῥας
829 1385 1032 1453 ἤγειρεν
1074 1381 1235 1451 αὐτῷ.
1296 1380 1455 1433 ’Ἐστι
1504 1375 1562 1430 δὲ
1591 1385 1679 1430 καὶ
1706 1378 1804 1430 ἐτέ-

1921 1377 1986 1445 ei,
2020 1377 2094 1432 de
2125 1378 2456 1433 inanimato
2502 1393 2573 1433 ac
2623 1377 2856 1448 lapideo
2909 1380 3074 1435 Sarae
3127 1383 3309 1434 utero.
3367 1378 3566 1435 Potest

182 1492 287 1546 ρως
343 1471 520 1524 εἰπεῖν.
579 1475 664 1528 Μὴ
716 1470 1012 1541 κομπάζετε
1068 1468 1151 1521 ἐπὶ
1203 1477 1274 1538 τῷ
1326 1471 1466 1539 ἔχειν
1518 1468 1671 1541 ῥίζαν
1719 1469 1801 1538 γέ-

1912 1470 1968 1521 et
2013 1465 2132 1521 alio
2160 1465 2341 1521 modo
2367 1465 2479 1521 dici
2517 1482 2529 1520 :
2564 1469 2642 1521 Ne
2676 1466 3028 1535 gloriamini,
3068 1467 3233 1539 quod
3264 1467 3556 1537 originem

185 1578 311 1621 νους
370 1562 458 1611 τὸν
523 1557 780 1631 Ἀϐραάμ.
839 1565 1002 1610 Τοῦτο
1055 1559 1156 1631 γὰρ
1225 1556 1331 1627 οὐχ
1388 1557 1629 1627 ὑμέτερόν
1693 1554 1803 1606 ἐστι

1916 1552 2181 1608 habeatis
2202 1554 2399 1624 ipsum
2416 1552 2740 1609 Abraham.
2769 1556 2968 1626 Neque
2982 1557 3141 1609 enim
3154 1556 3266 1611 hoc
3294 1560 3561 1611 vestrum

186 1648 529 1721 κατόρθωμα,
586 1644 713 1698 ἀλλα
764 1652 897 1699 Θεοῦ
939 1642 1125 1719 δῶρον,
1174 1645 1228 1706 ὃς
1281 1641 1502 1696 δύναται
1533 1647 1603 1714 μὴ
1649 1647 1800 1714 μόνον

1915 1640 2140 1697 bonum
2190 1656 2338 1712 opus
2385 1646 2490 1709 est,
2550 1642 2655 1697 sed
2698 1642 2799 1697 Dei
2855 1643 3084 1699 donum
3128 1661 3141 1699 :
3185 1645 3307 1714 qui,
3346 1650 3560 1715 potest,

193 1732 243 1796 ἐξ
294 1734 591 1809 ἀνθρώπον,
646 1733 774 1786 ἀλλὰ
825 1738 913 1786 καὶ
967 1732 1022 1784 ἐκ
1077 1742 1177 1784 τῶν
1231 1736 1541 1805 φαινομένων
1606 1734 1838 1805 τούτων]

1915 1745 2126 1801 nempe
2166 1731 2567 1802 omnipotens,
2598 1730 2673 1785 de
2698 1731 3131 1802 apparentibus
3147 1732 3238 1787 bis
3258 1731 3560 1804 lapidibus

191 1822 345 1875 λίθων
384 1821 580 1895 ἐγεῖραι
608 1826 761 1874 τέκνα
789 1830 860 1893 τῷ
884 1820 1146 1894 Ἃϐραάμ,
1182 1823 1267 1873 οἷα
1290 1817 1705 1892 παντοδύναμος.

1182 1823 1267 1873 οἷα
1290 1817 1705 1892 παντοδύναμος.
1909 1818 2185 1874 suscitate
2214 1817 2367 1873 ﬁlios
2398 1818 2512 1888 ipsi
2552 1818 2825 1873 Abrahae.

261 1913 409 1972 Τινὲς
457 1908 518 1963 δέ
548 1930 698 1982 φασι,
729 1914 847 1972 τοὺς
895 1909 947 1972 ἐξ
975 1909 1127 1962 ἐθνῶν
1180 1914 1591 1970 πεπιστευκότας
1642 1909 1799 1960 αἰνίτ-

1983 1907 2225 1972 Quidam
2265 1911 2465 1962 autem
2495 1906 2702 1961 dicunt
2739 1922 2841 1962 eos
2889 1907 2994 1979 qui
3021 1923 3060 1963 e.
3104 1908 3385 1978 gentibus
3443 1924 3565 1964 cre-

194 2002 378 2052 τεσθαι
438 2002 525 2051 τὸν
578 1999 749 2070 λόγον,
800 2000 867 2064 οῖ,
916 2001 1283 2071 πεπωρωμένοι
1344 2003 1433 2050 καὶ
1490 1998 1799 2054 ἀναίσθητοι

1919 1997 2205 2061 diderunt,
2259 1994 2352 2050 his
2408 1994 2597 2049 verbis
2652 1995 2985 2051 insinuari:
3021 1996 3119 2067 qui
3171 1998 3433 2068 primum
3485 1998 3564 2053 ad

198 2093 333 2149 ὄντες
361 2096 458 2148 τῆς
514 2086 753 2149 ἀληθείας
806 2092 1053 2161 πρότερον
1112 2084 1146 2140 δ
1154 2091 1205 2139 ιά
1259 2096 1354 2149 τῆς
1382 2092 1602 2145 πίστεως
1636 2085 1801 2137 υἱοθε-

1921 2086 2205 2142 veritatem
2232 2084 2511 2140 obdurati
2542 2089 2599 2140 et
2628 2084 2931 2150 insensati,
2980 2092 3189 2157 postea
3246 2103 3352 2159 per
3393 2086 3566 2144 ﬁdem

195 2178 435 2234 τηθησαν
489 2177 730 2249 ὕστερον,
780 2176 961 2230 Ἄλλοι
1005 2173 1063 2228 δὲ
1092 2177 1324 2247 λέγουσι,
1358 2172 1800 2248 παραδηλοῦσθαι

1920 2175 1969 2231 in
1996 2175 2149 2230 ﬁlios
2192 2173 2461 2244 adoptati
2518 2179 2676 2229 sunt.
2734 2173 2849 2232 Alii
2908 2189 3049 2230 vero
3094 2175 3225 2231 illos
3260 2176 3565 2246 designari

190 2270 314 2327 τοὺς
346 2265 396 2317 ἐν
432 2273 505 2336 τῷ
548 2274 715 2339 καιρῷ
760 2273 852 2317 τοῦ
881 2266 1081 2325 πάθους
1133 2273 1225 2317 τοῦ
1276 2270 1530 2338 Σωτῆρος,
1579 2262 1679 2316 ἀπὸ
1708 2270 1800 2315 τοῦ

1918 2263 2135 2327 dicunt,
2168 2262 2271 2333 qui
2289 2266 2558 2333 tempore
2587 2262 2886 2317 Passionis
2918 2263 3131 2318 Christi
3162 2264 3241 2319 ob
3273 2270 3563 2335 petrarum

188 2356 493 2427 σχίζεσθαι
556 2356 647 2414 τὰς
705 2358 909 2428 πέτρας,
970 2350 1064 2406 διὰ
1117 2358 1341 2415 πίστεως
1392 2355 1797 2415 υἱοθετηθέντας.

1921 2350 2258 2407 missionem
2286 2363 2392 2421 per
2437 2350 2620 2405 ﬁdem
2640 2350 2701 2405 in
2748 2349 2907 2405 ﬁlios
2967 2350 3237 2422 adoptati
3267 2359 3406 2408 sunt
3464 2358 3566 2421 ;et

187 2449 295 2497 Καὶ
362 2443 505 2494 οὗτοι
564 2439 623 2495 δε
669 2440 895 2494 κάκεῖνοι
964 2451 1035 2513 τῷ
1089 2440 1329 2516 Ἀϐραὰμ
1396 2443 1800 2507 υἱοθετήθησαν,

1920 2440 1971 2495 hi
1999 2446 2200 2494 autem
2244 2444 2298 2493 et
2353 2437 2435 2493 illi
2485 2437 2546 2492 in
2591 2437 2846 2493 Abrahae
2897 2438 3052 2493 ﬁlios
3099 2442 3356 2511 cooptati
3406 2448 3565 2507 sunt,

186 2534 253 2591 ὡς
321 2538 417 2583 τοῦ
474 2530 583 2582 κατ’
639 2530 794 2582 αὐτὸν
865 2531 1076 2582 αἰωνίου
1146 2531 1334 2604 κλήρου
1387 2531 1794 2603 μεταλαχόντες.

1918 2534 2115 2599 utpote
2162 2543 2299 2582 cum
2351 2527 2486 2598 ipso
2531 2532 2766 2582 aeternae
2818 2528 3181 2584 haereditatis
3231 2530 3563 2601 participes.

190 2624 403 2693 Κυρίως
445 2622 544 2691 γὰρ
588 2624 740 2672 τέκνα
785 2627 876 2672 τοῦ
929 2619 1153 2693 Αϐραάμ
1204 2620 1334 2672 εἰσιν
1390 2623 1439 2671 οἱ
1491 2623 1585 2680 τὰς
1625 2619 1804 2693 ἀρετὰς

1919 2616 2151 2688 Proprie
2191 2617 2351 2672 enim
2384 2615 2637 2672 Abrahae
2666 2615 2770 2670 ﬁlii
2812 2622 2973 2686 sunt,
3004 2617 3110 2688 qui
3160 2618 3406 2673 virtutes
3435 2620 3564 2690 ejus

186 2710 361 2760 αὐτοῦ
401 2711 728 2781 μιμούμενοι,
778 2714 867 2761 καὶ
917 2717 1012 2770 τῆς
1058 2709 1219 2772 αὐτῆς
1270 2708 1410 2778 αὐτῷ
1467 2708 1805 2779 καταξιούμε·

1916 2705 2241 2771 imitantur,
2296 2721 2365 2760 ac
2434 2712 2593 2760 sorte
2650 2705 2840 2776 ipsius
2896 2707 2956 2760 in
3029 2720 3215 2775 regno
3269 2706 3561 2763 caelorum

182 2816 275 2848 υοι
334 2794 545 2870 μερίδος
592 2795 639 2848 έν
690 2805 753 2869 τῇ
833 2796 1079 2870 βασιλείᾳ
1139 2806 1238 2849 τῶν
1307 2798 1555 2869 οὐρανῶν,
1606 2795 1701 2847 κάν
1754 2794 1805 2857 ἐξ

1924 2793 2081 2864 digni
2110 2794 2420 2861 habentur,
2453 2794 2578 2849 sive
2602 2809 2674 2848 ex
2712 2794 2934 2849 Judaeis
2960 2793 3096 2861 sint,
3134 2795 3257 2851 sive
3315 2811 3386 2850 ex
3427 2812 3569 2865 gen-

182 2881 470 2938 Ἰουδαὶων
517 2882 630 2951 εἶεν,
679 2885 773 2936 κᾶν
815 2884 866 2947 ἐξ
908 2885 1077 2940 ἐθνῶν.
1127 2893 1203 2939 Με
1251 2886 1352 2946 ζων
1394 2888 1495 2959 γὰρ
1537 2887 1568 2943 ἡ
1604 2884 1656 2947 ἐξ
1686 2883 1805 2957 ἀρε-

1920 2884 2092 2940 tibus.
2146 2886 2295 2939 Nam
2341 2886 2510 2938 tanto
2557 2885 2753 2952 major
2824 2887 2913 2938 est
2963 2882 3194 2939 virtutis
3264 2886 3565 2955 cognatio,

194 2980 302 3034 τῆς
349 2978 622 3045 συγγένεια
667 2982 758 3034 τῆς
797 2973 850 3036 ἐξ
890 2975 1111 3047 αἵματος
1165 2974 1493 3045 οἰκειώσεως,
1547 2976 1668 3026 ὅσον
1716 2978 1806 3026 καὶ

1919 2988 2096 3044 quam
2127 2971 2456 3043 sanguinis,
2496 2976 2725 3043 quanto
2753 2970 2961 3027 anima
3004 2987 3252 3044 corpore
3282 2978 3564 3045 praestan-

196 3064 233 3119 ἡ
269 3060 423 3132 ψυχὴ
458 3066 739 3136 τιμιωτέρα
761 3070 852 3114 τοῦ
894 3070 1149 3135 σώματος.

518 3066 739 3153 μιωτέρα
761 3070 852 3114 τοῦ
874 3070 1149 3153 ’σωματος
1214 3150 1223 3153 Α
1276 3151 1299 3153 ἡ
1450 3152 1455 3153 7
1530 3151 1535 3153 Δ
1842 3095 1885 3153 C
1914 3062 2031 3153 tior
2059 3067 2163 3118 est.

272 3146 406 3207 Ἦδη
460 3181 529 3190 -
580 3151 646 3211 εἰς
697 3158 799 3225 πῦρ
860 3150 1125 3223 βάλλεται.
1194 3150 1384 3223 [Ἀξίνη
1438 3151 1549 3224 (80)
1603 3154 1713 3223 μὲν,
1770 3153 1801 3208 ἡ
1850 3146 1885 3153 “

1986 3152 2154 3208 Vers.
2187 3151 2271 3206 10.
2310 3150 2446 3206 Iam
2478 3180 2545 3191 —~
2573 3150 2633 3204 in
2664 3151 2855 3219 ignem
2881 3149 3161 3206 mittitur.
3189 3152 3275 3220 -ι--ι-
3306 3150 3561 3218 Securis,

193 3237 512 3309 εῦαγγελικὴ
578 3244 735 3310 τομὴ,
814 3239 1129 3312 ἑκτέμνουσα
1200 3245 1320 3303 τοὺς
1399 3239 1666 3313 ἀκάρπους
1740 3240 1806 3299 εἰς

1923 3239 2259 3311 evangelica
2282 3244 2370 3295 est
2396 3239 2751 3310 amputatio,
2780 3255 2914 3311 quae
2945 3244 3219 3311 amputat
3242 3240 3465 3295 steriles
3489 3241 3568 3297 ad

194 3326 384 3400 ἀρετὰς
436 3331 526 3379 καὶ
554 3332 731 3380 πίστιν
772 3325 1060 3390 Ἰουδαίους
1107 3328 1207 3381 ἀπὸ
1245 3337 1336 3380 τοῦ
1385 3334 1565 3401 νόμου,
1614 3328 1673 3380 οὐ
1704 3333 1806 3400 μὴν

1924 3331 2163 3387 virtutes
2195 3328 2449 3385 etﬁdem
2474 3328 2713 3384 Iudaeos
2743 3344 2779 3383 a
2796 3328 2945 3398 lege,
2976 3344 3085 3384 nec
3110 3336 3307 3385 tamen
3324 3345 3569 3399 prorsus

197 3414 509 3489 ἐκριζοῦσα.
562 3416 708 3476 Ῥίζα
757 3419 858 3490 γὰρ
918 3417 1083 3469 αὐτῶν
1139 3419 1165 3468 ὁ
1199 3422 1367 3489 νόμος,
1521 3416 1627 3469 ἀντ’
1683 3417 1807 3469 ἑκεί-

1923 3419 2192 3476 eradicat.
2226 3419 2420 3475 Radix
2459 3416 2871 3473 enimillorum
2906 3417 3019 3488 lex,
3048 3419 3144 3473 cui
3168 3417 3405 3473 illorum
3436 3417 3568 3475 loco

198 3525 293 3555 νων
326 3506 377 3555 οἱ
424 3508 791 3565 πιστεύσαντες
855 3506 1269 3578 ἐγκεντρίζονται
1320 3523 1332 3535 ·
1386 3502 1580 3579 δένδρα
1645 3502 1704 3558 δε
1760 3508 1809 3558 οἱ

1924 3508 2257 3564 inseruntur
2281 3508 2609 3564 credentes.
2657 3506 2910 3562 Arbores
2958 3512 3158 3562 autem
3195 3513 3335 3563 sunt
3386 3508 3569 3564 Israe-

198 3591 578 3667 Ἰσραηλῖται.]
1916 3598 2033 3653 litae
2047 3642 2060 3654 .

272 3681 517 3743 Φοϐήσας
573 3678 632 3734 δὲ
691 3682 802 3754 (81)
857 3683 1062 3748 αὐτοὺς,
1119 3687 1188 3745 ὡς
1214 3682 1660 3756 ἀποπεσουμένους
1716 3690 1807 3734 τοῦ

1989 3688 2136 3741 Cum
2162 3686 2290 3755 jam
2327 3701 2428 3740 eos
2464 3686 2768 3740 terruisset
2797 3684 3021 3751 dicens,
3058 3685 3217 3755 quod
3244 3684 3354 3739 nisi
3404 3701 3566 3741 cave-

207 3775 383 3841 γένους
442 3777 534 3822 τοῦ
603 3770 858 3844 Ἀϐραὰμ,
933 3771 976 3823 εἰ
1042 3777 1113 3844 μὴ
1170 3777 1501 3845 προσέχοιεν,
1572 3771 1808 3824 ἐπιτείνει

1925 3778 2062 3838 rent,
2100 3789 2134 3828 a
2160 3788 2376 3842 genere
2412 3773 2717 3828 Abraham
2763 3772 3120 3836 exciderent,
3164 3778 3342 3841 auget
3370 3773 3570 3828 adhuc

209 3862 290 3910 τὸν
339 3858 494 3931 φόϐον
552 3861 644 3914 ἔτι,
702 3860 777 3911 Οὐ
835 3864 986 3932 μόνον
1042 3864 1165 3935 γὰρ,
1223 3866 1400 3932 φησὶν,
1462 3861 1809 3914 ἀποπεσεῖσθε

1921 3867 2165 3918 metum.
2194 3865 2320 3917 Non
2352 3860 2570 3925 solum,
2604 3860 2818 3932 inquit,
2847 3876 2881 3914 a
2913 3859 3010 3915 tali
3023 3875 3239 3931 genere
3260 3861 3566 3933 excidetis,

210 3956 295 3999 τοῦ
344 3950 585 4001 τοιούτου
615 3953 810 4018 γένους,
863 3946 986 4014 ἀλλ’,
1019 3952 1086 4011 ὡς
1117 3949 1317 4002 ἀνίατοι
1362 3950 1560 4014 λοιπὸν,
1604 3953 1811 4022 ταχέως

1925 3966 2123 4006 verum
2149 3950 2327 4006 etiam
2358 3948 2785 4005 irremediabili
2814 3949 3015 4019 modo,
3044 3949 3212 4004 citius
3230 3965 3268 4005 a
3296 3950 3570 4020 praesenti

210 4034 547 4098 ἀποκοπέντες
616 4044 708 4097 τῆς
760 4036 975 4090 ἐνταῦθα
1044 4041 1197 4105 ζωῆς,
1272 4044 1361 4091 καὶ
1422 4037 1525 4091 ἐκεῖ
1579 4058 1809 4114 τιμωρη-

1923 4041 2035 4095 vita
2064 4039 2263 4105 excisi,
2296 4038 2474 4095 etiam
2502 4037 2583 4093 ibi
2613 4039 2673 4093 in
2708 4037 2907 4095 futuro
2939 4053 3185 4110 poenam
3241 4038 3433 4094 luetis.
3465 4040 3568 4094 Se-

210 4127 453 4183 θήσεσθε.
523 4124 725 4188 Ἀξίνην
787 4129 875 4198 μὲν
940 4129 1040 4199 ’γὰρ
1100 4135 1361 4201 τροπικῶς
1418 4129 1653 4201 ὠνόμασε
1721 4132 1809 4181 τὸν

1924 4129 2092 4184 curim
2126 4129 2287 4185 enim
2314 4127 2623 4198 ﬁgurative
2671 4132 2921 4184 mortem
2955 4127 3289 4199 appellavit,
3323 4128 3569 4184 arbores

207 4216 429 4267 θάνατον
458 4232 470 4242 ·
505 4210 702 4288 δένδρα
732 4211 809 4276 δὲ,
840 4219 962 4276 τοὺς
990 4214 1292 4290 ἀνθρώπους
1318 4233 1331 4246 '
1356 4216 1510 4291 ῥίζαν
1532 4214 1591 4269 δὲ
1618 4217 1806 4290 αὐτῶν,

1920 4223 2118 4275 autem
2139 4217 2434 4285 homines,
2452 4217 2683 4274 radices
2699 4232 2841 4273 vero
2857 4216 3035 4273 vitam
3056 4217 3345 4288 ipsorum,
3360 4218 3565 4289 ignem

202 4308 296 4361 τὴν
331 4307 490 4366 ζωήν.
525 4310 633 4377 Πῦρ
669 4300 727 4355 δὲ
758 4299 865 4355 εἶπε
888 4307 945 4355 τὸ
975 4311 1065 4364 τῆς
1088 4307 1317 4375 γεέννης.

1204 4324 1317 4366 νης.
1918 4308 2098 4365 etiam
2128 4308 2273 4363 dixit
2310 4307 2501 4378 ipsius
2534 4306 2849 4377 gehennae.

274 4392 426 4453 Τινὲς
470 4389 528 4444 δε
605 4392 758 4466 ῥίζαν
824 4395 913 4464 μὲν
982 4394 1334 4467 ἡρμήνευσαν,
1408 4397 1495 4446 τὸν
1550 4394 1889 4498 Ἀϐραάμ,ῡ

314 4477 337 4498 Ά
470 4477 500 4498 ελ·
666 4484 676 4496 1
923 4485 930 4498 ι
1034 4484 1045 4494 ι
1122 4481 1169 4498 Di
1302 4488 1312 4498 ρ
1566 4483 1610 4498 ’ν
1697 4484 1709 4498 9
1787 4492 1805 4498 -
1918 4488 1919 4491 η

1990 4396 2235 4461 Quidam
2256 4412 2398 4451 vero
2417 4396 2684 4451 radicem
2697 4396 3155 4466 interpretantur
3169 4395 3367 4467 ipsum
3383 4395 3567 4452 Abra-

206 4477 408 4550 δένδρα
457 4477 535 4548 δὲ,
592 4484 803 4541 τούτους
851 4485 967 4541 τοὺς
1020 4481 1515 4543 ἀναϐ).αστὴσαντας
1558 4483 1610 4545 ἐξ
1649 4484 1808 4535 αὐτοῦ
1840 4477 1851 4498 ⁸

1926 4485 2080 4550 ham,
2108 4483 2356 4539 arbores
2397 4488 2593 4539 autem
2626 4484 2863 4539 Iudaeos
2890 4482 2997 4555 qui
3041 4483 3119 4539 ab
3151 4483 3285 4555 ipso
3317 4482 3571 4555 pullula-

203 4565 521 4636 Ἰουδαίους,
577 4567 753 4631 ἀξίνην
795 4567 871 4635 δε,
918 4573 1005 4622 τὸν
1038 4574 1290 4643 Χριστὸν,
1350 4570 1404 4632 ὃς
1442 4571 1639 4644 ἔμελλεν
1684 4572 1809 4625 ἀπο-

1917 4578 2077 4642 runt,
2101 4572 2354 4627 securim
2386 4588 2628 4645 quoque
2659 4573 2979 4636 Christum,
2998 4572 3101 4644 qui
3130 4572 3297 4642 ipsos
3328 4573 3562 4644 quidem

210 4662 383 4727 τεμεῖν
411 4658 501 4726 μὲν
550 4656 749 4724 αὐτοὺς,
800 4662 1038 4729 μένοντας
1091 4657 1352 4734 ἀκάρπους
1394 4660 1465 4722 εἰς
1509 4665 1601 4718 τὴν
1633 4664 1810 4711 πίστιν

1929 4663 2226 4719 excisurus
2248 4668 2393 4726 erat,
2418 4662 2675 4717 fructum
2701 4663 2780 4717 ad
2804 4659 3107 4729 Evangelii
3128 4660 3307 4716 ﬁdem
3343 4676 3464 4716 non
3493 4662 3574 4715 fe~

209 4751 306 4796 τοῦ
381 4743 718 4816 Εὐαγγελίου,
790 4746 1114 4821 ἐνκεντρίσαι
1194 4744 1256 4801 δε
1336 4753 1455 4810 τοὺς
1503 4747 1556 4811 ἐξ
1622 4749 1801 4804 ἐθνῶν.

1923 4757 2116 4809 rentes
2145 4768 2158 4806 :
2193 4750 2525 4807 insertnrus
2554 4755 2748 4804 autem
2770 4749 2922 4813 illos,
2955 4750 3059 4821 qui
3089 4764 3120 4803 e
3140 4749 3413 4819 gentibus
3440 4764 3568 4805 cre-

208 4833 391 4894 Οὗτως
449 4829 536 4885 οὖν
594 4840 914 4898 κατασείσας
967 4839 1134 4889 αὐτων
1179 4840 1239 4889 τὸ
1284 4842 1542 4911 φρόνημα,
1593 4842 1684 4890 καὶ
1716 4858 1811 4897 μα-

1926 4841 2149 4898 derent.
2174 4840 2497 4911 Postquam
2518 4853 2660 4908 ergo
2688 4837 2914 4894 fastum
2946 4837 3217 4908 ipsorum
3248 4836 3468 4900 terruit,
3500 4853 3571 4894 ac

206 4919 369 4985 λείξας
411 4929 506 4984 τῆς
534 4925 728 4974 τούτων
781 4921 1008 4998 καρδίας
1035 4929 1094 4977 τὸ
1139 4925 1384 5001 σκληρὸν,
1432 4935 1504 4997 τῷ
1550 4925 1688 4999 φόϐῳ
1717 4935 1814 4990 τῆς

1925 4930 2118 4986 cordis
2144 4944 2351 4984 eorum
2381 4927 2658 4983 duritiem
2710 4927 2921 4981 timore
2975 4924 3230 4980 cadendi
3272 4941 3305 4979 a
3353 4939 3570 4995 genere

209 5008 516 5074 ἐκπτώσεως
561 5018 655 5064 τοῦ
696 5016 873 5084 γένους
918 5013 1174 5088 Ἀϐραὰμ,
1222 5020 1312 5067 καὶ
1363 5022 1425 5088 τῇ
1477 5016 1689 5089 ἐκτομῇ,
1720 5020 1812 5068 καὶ

1930 5017 2245 5084 Abraham,
2304 5015 2605 5071 excisione
2658 5030 2727 5069 ac
2755 5014 2891 5085 igne
2939 5012 3221 5069 emollivit
3251 5030 3263 5068 :
3294 5014 3575 5088 deinceps

208 5107 280 5170 τῷ
326 5104 478 5174 πυρὶ,
507 5099 683 5153 λοιπὸν
714 5101 914 5174 εἰσάγει
950 5106 1036 5155 τὸν
1087 5108 1205 5178 περὶ
1233 5111 1323 5157 τοῦ
1372 5104 1611 5178 Χριστοῦ
1654 5103 1809 5176 λόγον

1934 5121 2263 5164 sermonem
2284 5105 2358 5161 de
2381 5103 2609 5160 Christo
2636 5119 2764 5159 cum
2789 5102 2975 5162 multa
3004 5102 3288 5174 dignitate
3320 5102 3579 5174 inducit,

209 5190 339 5260 μετὰ
394 5188 587 5251 πολλῆς
638 5198 733 5252 τῆς
786 5193 1075 5268 ὑπεροχῆς,
1134 5195 1218 5250 ἶνα
1272 5196 1472 5266 φανέντι
1534 5190 1817 5270 προσδρά-

1272 5196 1472 5266 φανέντι
1534 5190 1817 5270 προσδρά-
1924 5203 1988 5252 ut
2025 5195 2139 5268 ipsi
2160 5193 2472 5267 apparenti
2491 5196 2885 5250 occurrerent.

211 5294 377 5350 μωσιν
403 5279 546 5350 αὐτῷ
559 5319 574 5335 .

1422 5385 1649 5458 Variae
1677 5388 2008 5462 lectiones
2039 5396 2106 5455 et
2152 5393 2354 5453 notae.

283 5494 396 5568 (80)
418 5496 659 5579 Inclusa
678 5497 742 5556 in
770 5512 961 5574 marg.
987 5500 1169 5561 habet
1196 5500 1263 5558 Α.
1291 5502 1513 5561 Eadem
1526 5506 1814 5567 omiserat

216 5565 561 5630 Hentemus.

931 5517 961 5572 ς.
987 5500 1169 5561 habet
1196 5500 1263 5558 Α.
1291 5502 1513 5561 Eadem
1526 5506 1814 5567 omiserat
2003 5504 2116 5578 (81)
2142 5501 2223 5571 Ai,
2254 5499 2472 5560 omittit
2501 5502 2576 5564 Α..
