4166 6314
597 299 696 367 167
1931 303 2242 364 EUTHYM]

2315 305 2639 366 ZIGABENI
3854 306 3960 373 168

666 437 832 493 Vers.
865 436 953 491 11.
986 435 1107 505 Ego
1133 433 1353 504 quidem
1382 466 1450 474 ~——
1478 433 1706 502 Spiritu
1727 438 1949 490 sancto.
1982 435 2055 488 In
2079 434 2250 503 pami-
2277 436 2311 489 Δ

2310 455 2324 488 ι
2426 433 2560 506 Ἐγώ
2634 437 2722 508 μὲν
2788 468 2857 479 -
2932 441 3193 511 Πνεύματι
3267 440 3420 512 ἁγίῳ,
3499 441 3586 502 Εἰς
3658 444 3955 514 μετάνοιαν,

596 528 849 590 tentiam,
886 525 998 579 hoc
1028 527 1133 588 est,
1164 523 1409 594 Propter
1433 521 1862 594 paenitentiam,
1892 521 2064 593 ipsos.
2084 522 2241 578 enim

2358 522 2470 576 ἀντὶ
2516 533 2626 593 τοῦ,
2677 529 2770 578 Διά
2817 531 2910 584 την
2954 548 3240 599 μετάνοιαν.
3288 529 3809 602 Ἐξομολογουμένους
3849 535 3955 606 γὰρ

594 614 943 670 conﬁtentes
962 613 1082 667 sive
1113 611 1527 682 resipiscentes
1557 609 1918 682 baptizabat,
1949 610 2093 682 quia
2141 627 2239 667 eos

2355 612 2564 679 αὐτοὺς,
2619 618 2779 666 εἶτουν
2835 626 3226 687 μετανοοῦντας,
3285 618 3547 684 ἐϐάπτιζε,
3610 617 3747 672 διότι
3804 641 3955 693 μετε-

593 703 910 775 paenitebat
952 719 966 768 ;
997 705 1238 771 eratque
1280 700 1392 756 tale
1421 700 1721 771 baptisma
1749 699 2114 771 paenitentiae
2143 701 2238 756 de-

2354 705 2569 758 νόησαν.
2627 705 2730 758 Καὶ
2797 701 2857 762 ἦν
2914 709 2972 757 τό
3029 715 3261 759 τοιοῦτον
3327 706 3608 780 βάπτισμα
3683 707 3955 773 ἀπόδειξις

592 790 958 848 monstratio.
990 791 1125 844 Post
1159 805 1222 844 se
1251 793 1454 844 autem
1506 793 1819 843 venturum
1849 787 1990 843 dicit
2016 789 2237 855 Jesum,

2353 797 2642 860 μετανοίας.
2718 791 2918 846 Ὀπίσω
2979 791 3037 846 δὲ
3104 796 3264 848 αὐτοῦ
3323 795 3590 868 ἐρχόμενον
3660 797 3796 869 λέγει
3860 803 3949 850 τόν

589 885 726 937 ante
747 896 929 952 quem
953 879 1079 950 ipse
1103 879 1260 934 viam
1285 877 1365 932 illi
1383 877 1781 948 praeparabat,
1802 876 2069 932 clamans
2100 879 2234 935 :Pa-

2351 879 2573 948 Ἰησοῦν,
2628 882 2688 932 οὗ
2743 884 3032 953 ἔμπροσθεν
3090 884 3246 946 αὐτὸς
3295 885 3637 948 κατεσκεύαξε
3687 891 3780 944 τὴν
3824 884 3949 939 ὁδόν

590 977 716 1025 rate
742 971 896 1024 viam
915 968 1163 1030 Domini,
1197 971 1260 1021 ut
1278 981 1458 1036 supra
1486 966 1884 1021 narravimus.
1920 966 2235 1037 Dixitquo-

2352 969 2512 1020 αὐτοῦ
2577 969 2714 1042 βοῶν
2757 987 2772 1004 ⁸
2826 970 3166 1043 Ἑτοιμάσατε
3233 977 3326 1031 τὴν
3414 969 3537 1025 ὁδόν
3591 980 3803 1049 Κυρίου,
3877 978 3949 1036 ὡς

587 1073 706 1128 que
737 1058 1031 1113 Christum
1059 1071 1119 1110 se
1150 1055 1470 1118 fortiorem,
1521 1059 1725 1124 utpote
1770 1054 2063 1110 divinitati
2106 1055 2232 1110 uni-

2351 1055 2585 1129 ἀνωτέρω
2617 1058 2999 1131 ἐξηγησάμεθα.
3033 1060 3394 1135 ’ἰσχυρότερον
3441 1058 3499 1114 δε
3531 1063 3684 1114 αὐτόν
3722 1067 3945 1135 εἴρηκεν,

589 1151 736 1201 tum.
779 1147 927 1200 Illud
981 1161 1161 1200 vero:
1208 1145 1326 1198 Non
1377 1159 1506 1198 sum
1563 1144 1797 1199 idoneus
1845 1145 2234 1202 calceamenta

2351 1148 2418 1206 ὡς
2461 1148 2714 1218 ἡνωμένον
2769 1151 2991 1206 θεότητι.
3044 1153 3113 1201 T6
3160 1146 3241 1219 δὲ,
3273 1151 3349 1200 Οὖ
3396 1150 3489 1202 οῦκ
3528 1151 3634 1222 εἰμί
3676 1157 3849 1214 ικανός
3882 1157 3947 1205 τά

581 1241 852 1305 partare,
909 1233 1290 1289 excellentem
1331 1232 1478 1302 ejus,
1507 1232 1613 1303 qui
1669 1232 2111 1304 praedicabatur
2142 1249 2226 1288 ex-

2349 1231 2667 1306 ὑποδήματα
2755 1235 3043 1308 βαυτάσαι,
3137 1243 3225 1296 τὴν
3315 1237 3733 1312 ὑπερϐάλλουσαν
3831 1242 3943 1313 (82)

588 1323 791 1394 primit
813 1323 1179 1395 dignitatem.
1230 1320 1625 1376 Tantumdem
1666 1319 1827 1376 enim
1855 1325 1946 1375 est
1973 1336 2043 1376 ac
2081 1323 2128 1376 si
2153 1321 2233 1376 di-

2348 1323 2614 1393 ὑπεροχὴν
2671 1332 2761 1375 τοῦ
2807 1330 3201 1398 κηρυσσομένου
3253 1332 3568 1400 παρίστησι.
3627 1332 3777 1400 Λέγει
3817 1331 3941 1402 γὰρ,

588 1417 741 1468 ceret
768 1429 778 1464 :
809 1415 1009 1483 Neque
1038 1411 1188 1466 inter
1230 1414 1518 1464 extremos
1561 1409 1751 1480 ipsius
1793 1424 1999 1464 servos
2027 1424 2233 1466 nume-

2347 1413 2427 1462 ὅτι
2471 1408 2610 1464 Οὐδὲ
2653 1411 2724 1473 εἰς
2761 1417 2878 1473 τοὺς
2922 1412 3183 1485 ἐσχάτους
3235 1415 3394 1467 αὑτοῦ
3453 1412 3669 1478 δούλους
3725 1426 3945 1489 ταγῆναι

586 1500 705 1555 rari
754 1515 1024 1571 possum,
1075 1504 1316 1569 propter
1380 1496 1844 1566 magnitudinem
1899 1496 2231 1552 Divinitatis

2348 1495 2597 1570 δύναμαι,
2659 1498 2750 1552 διὰ
2791 1505 2849 1552 τὸ
2903 1504 3114 1573 μέγεθος
3167 1511 3257 1565 τῆς
3312 1505 3575 1566 ἡνωπένης
3633 1505 3772 1576 αὐτῷ
3830 1508 3945 1558 θεό-

583 1589 702 1660 ipsi
740 1589 917 1644 unitas
948 1604 961 1652 ;
995 1585 1312 1658 postremis
1343 1583 1631 1656 siquidem
1661 1585 1848 1640 servis
1887 1584 2228 1656 hujusmodi

2344 1607 2492 1648 τητος
2527 1597 2676 1650 ’τοῖς
2735 1593 2840 1662 γὰρ
2897 1589 3150 1661 ἐσχάτοις
3215 1591 3440 1654 οἰκέταις
3495 1591 3861 1666 ἐπιτέτραπται
3913 1598 3940 1654 η

582 1677 979 1734 commissum
1011 1680 1097 1731 est
1125 1674 1495 1746 obsequium.

1238 1674 1495 1746 equium.
2345 1679 2560 1735 τοιαύτη
2595 1680 2858 1750 ὑπηρεσία
2871 1724 2881 1734 ,

654 1767 879 1838 Reliqui
909 1781 1046 1822 vero
1075 1763 1478 1834 Evangelistae,
1515 1762 1842 1832 Corrigiam
1888 1764 2236 1819 catceamen-
2270 1781 2299 1834 ξ

2298 1781 2315 1834 ς
2417 1768 2482 1817 Οἱ
2531 1761 2590 1818 δὲ
2640 1765 2811 1818 λοιποὶ
2850 1767 3217 1838 εῦαγγελισταὶ
3262 1767 3419 1820 λῦσαι
3471 1769 3556 1821 τόν
3607 1771 3793 1841 ἱμάντα
3843 1780 3943 1824 τῶν

583 1863 771 1911 torum
804 1858 930 1924 ejus
961 1855 1184 1909 solvere
1212 1853 1488 1906 dixerunt
1516 1852 1562 1886 ⁵³
1606 1867 1619 1917 ;
1660 1857 1721 1906 ut
1751 1851 2132 1906 manifestum
2161 1852 2228 1908 sit

2343 1851 2700 1926 ὑποδημάτων
2758 1855 2917 1908 αὐτοῦ
2984 1854 3146 1925 εἷπον,
3206 1859 3273 1918 ὡς
3328 1854 3456 1909 εἶναι
3501 1854 3678 1924 δῆλον,
3721 1861 3800 1911 ὅτι
3847 1867 3940 1912 καὶ

581 1949 897 2014 utrumque
927 1943 1167 2004 dixisse,
1219 1956 1378 1995 nunc
1428 1939 1658 2010 quidem
1716 1939 1848 2008 hoc,
1902 1956 2062 1995 nunc
2093 1957 2226 1996 vero

2345 1941 2609 2017 ἀμφότερα
2662 1943 2687 1994 ὀ
2734 1943 2969 2006 Ἰωάννης
3027 1941 3153 2009 εἶπε,
3219 1953 3306 1996 νῦν
3373 1950 3461 2017 μὲν
3519 1954 3689 2015 τοῦτο,
3741 1956 3828 1998 νῦν
3883 1946 3941 2001 δὲ

581 2031 747 2087 illud.
783 2032 990 2085 Dicens
1020 2033 1242 2092 autem,
1280 2029 1413 2096 Ipse
1442 2043 1541 2082 vos
1569 2027 1877 2098 baptizabit
1910 2027 1972 2083 in
2011 2028 2226 2100 Spiritu

2342 2030 2518 2084 ἐκεῖνο.
2588 2032 2743 2084 Εἰπὸν
2815 2030 2893 2099 δὲ,
2966 2035 3046 2086 ὅτι
3133 2033 3295 2094 Αὐτός
3367 2036 3497 2106 ὑμᾶς
3572 2034 3821 2107 βαπτίσει
3890 2040 3939 2089 ὲν

580 2127 801 2183 sancto,
845 2119 1047 2190 palam
1087 2117 1218 2172 fecit
1273 2116 1561 2172 Dominici
1621 2117 2000 2188 baptismatis
2044 2118 2225 2187 digni-

2343 2123 2601 2192 Πνεῦματι
2657 2121 2809 2191 ἁγίῳ,
2869 2119 3101 2178 ἐδήλωσε
3167 2130 3255 2174 καὶ
3321 2127 3412 2181 τὴν
3471 2132 3562 2176 τοῦ
3620 2133 3935 2178 Δεσποτικοῦ

581 2213 780 2266 tatem.
813 2211 1025 2273 Meum,
1049 2206 1258 2278 inquit,
1279 2205 1584 2278 baptisma
1607 2205 2026 2262 abstinentiam
2048 2222 2085 2262 a
2100 2222 2226 2276 pec-

2342 2206 2705 2280 βαπτίσματος
2787 2210 3070 2284 ὑπεροχὴν,
3130 2216 3198 2263 T6
3257 2214 3346 2282 μὲν
3413 2209 3553 2283 ἐμὸν,
3633 2217 3781 2284 φησὶ,
3839 2211 3936 2285 βά-

579 2299 725 2355 catis
754 2301 1033 2370 operatur
1066 2312 1080 2361 ;
1113 2295 1263 2350 illius
1309 2310 1470 2364 vero,
1532 2295 1782 2366 Spiritus
1831 2296 2019 2351 sancti
2049 2296 2224 2367 parti-

2339 2316 2547 2368 πτισμα
2585 2295 2794 2368 ἀποχὴν
2847 2297 3110 2372 ἁμαρτιῶν
3154 2298 3360 2372 ἐνεργεῖ,
3413 2302 3470 2351 τὸ
3521 2296 3580 2352 δὲ
3627 2303 3810 2352 τούτου
3853 2321 3915 2372 με

579 2389 772 2459 cipem
801 2387 962 2442 facit.
999 2385 1302 2440 Matthasus
1334 2399 1500 2452 sane,
1529 2385 1755 2440 Marcus
1777 2388 1834 2439 et
1861 2384 2120 2439 Joannes
2145 2384 2224 2439 di-

2338 2390 2496 2443 τοκήν
2541 2389 2844 2457 Πνεῦματος
2889 2386 3042 2457 ἁγίου
3090 2392 3319 2461 παρέκει.
3369 2389 3633 2451 Ματθαῐος
3687 2393 3776 2460 μὲν
3827 2386 3934 2456 οὖν,

579 2480 787 2531 xerunt
822 2494 832 2532 :
868 2474 938 2528 In
970 2473 1194 2543 Spiritu
1213 2472 1494 2528 sancto“.
1529 2472 1716 2526 Lucas
1769 2486 1910 2526 vero
1939 2489 1952 2526 :
1978 2471 2046 2526 In
2097 2472 2224 2542 Spi-

2337 2480 2428 2526 καὶ
2474 2476 2706 2547 Μάρκος,
2757 2480 2848 2527 καὶ
2901 2477 3143 2538 Ἰωάννης
3194 2473 3355 2542 εἶπον,
3414 2479 3493 2528 ὅτι
3545 2475 3623 2530 Ἐν
3679 2481 3940 2550 Πνεύματι

578 2566 700 2620 ritu
720 2570 919 2619 sancto
944 2569 998 2618 et
1020 2561 1190 2633 igni“
1217 2578 1230 2626 ;
1255 2560 1414 2615 unde
1436 2575 1675 2614 rursum
1719 2559 2108 2616 manifestum
2139 2560 2223 2625 ﬁt,

2341 2562 2471 2633 ἁγίῳ
2507 2581 2518 2592 ⁸
2551 2569 2756 2624 Λουκᾶς
2787 2560 2867 2628 δὲ,
2913 2566 2992 2616 ὅτι
3032 2563 3112 2616 Ἐν
3152 2567 3412 2636 Πνεύματι
3459 2564 3588 2637 ἁγίῳ
3634 2571 3722 2618 καὶ
3766 2572 3893 2639 πυρί
3925 2586 3935 2596 '

578 2653 799 2715 ethoc,
829 2657 885 2706 et
913 2650 1056 2706 illud
1103 2650 1430 2721 Baptistam
1487 2648 1664 2703 variis
1721 2647 1940 2704 dixisse
2000 2652 2223 2720 tempo-

2337 2656 2428 2703 καὶ
2489 2649 2645 2711 δῆλον
2697 2653 2872 2721 πάλιν,
2932 2655 3009 2705 ὅτι
3072 2658 3159 2705 καὶ
3219 2662 3370 2706 τοῦτο
3425 2656 3630 2706 κάκεῖνο
3682 2659 3879 2728 εἰρηκεν
3913 2657 3938 2708 6

573 2742 758 2798 ribus.
793 2741 1012 2797 Nostris
1033 2739 1281 2810 quidam
1311 2736 1641 2808 majoribus
1666 2737 1739 2807 (ο)
1771 2736 1868 2791 hic
1903 2753 2098 2793 sermo
2131 2738 2218 2794 de-

2339 2746 2651 2809 Βαπτ·ιστὴς9
2713 2740 2759 2792 ἐν
2836 2738 3109 2814 διαφόροις
3182 2750 3400 2814 καιροῖς.
3477 2741 3740 2814 Ἐμφαίνει
3793 2741 3851 2796 δὲ
3908 2747 3933 2797 6

579 2835 890 2896 monstrat,
925 2828 1172 2898 Spiritus
1202 2827 1391 2882 sancti
1415 2841 1594 2897 super
1624 2825 1930 2896 apostolos
1956 2827 2016 2881 in
2042 2828 2224 2896 igneis

2336 2827 2484 2900 λόγος
2537 2834 2928 2902 προηγουμένως
2975 2834 3064 2901 μὲν
3121 2835 3209 2888 τὴν
3265 2839 3356 2881 τοῦ
3410 2831 3563 2901 ἁγίου
3619 2836 3929 2904 Πνεῦματος,

575 2920 793 2992 linguis
821 2919 1202 2974 descensum.
1233 2915 1396 2970 Tunc
1430 2916 1590 2969 enim
1615 2913 1674 2968 in
1710 2914 1923 2985 Spiritu
1952 2921 2156 2972 sancto
2173 2922 2220 2973 e1

2337 2916 2384 2968 ἐν
2412 2913 2540 2970 εῖδει
2584 2923 2806 2992 πυρίνων
2850 2918 3122 2988 γλωσσῶν,
3175 2921 3258 2970 ἐπὶ
3293 2922 3414 2980 τοὺς
3456 2917 3774 2981 ἀποστόλους
3803 2924 3929 2973 κάθ-

575 3009 700 3078 igni
737 3005 1016 3079 baptizati
1071 3009 1235 3060 sunt.
1310 3003 1517 3058 Postea
1550 3015 1690 3057 vero
1742 3003 1897 3058 idem
1945 3009 2220 3075 operatur

2336 3002 2456 3058 οδον
2492 3013 2819 3063 ’τηνικαῦτα
2872 3007 2969 3080 γάρ
3031 3009 3078 3058 ἐν
3135 3009 3390 3078 Πνεύματι
3455 3008 3588 3078 ἁγίω
3657 3015 3747 3061 καὶ
3803 3014 3927 3082 πυρὶ

578 3097 964 3154 constitutum
997 3111 1033 3150 a
1076 3093 1301 3148 Christo
1352 3092 1678 3164 baptisma.
1729 3093 1955 3148 Etenim
2014 3094 2223 3165 cuique

2282 3093 2730 3172 ςέϐαπτίσϐησαν
2764 3114 2776 3125 ·
2827 3098 3003 3146 ἔπειτα
3055 3092 3113 3147 δε
3177 3100 3266 3147 καὶ
3316 3099 3372 3147 1'6
3437 3098 3772 3167 νομοθετηθὲν
3829 3098 3927 3148 ὑπὸ

574 3187 874 3259 baptizato
891 3183 1134 3240 advolat
1150 3182 1397 3254 Spiritus
1411 3188 1650 3236 sanctus
1669 3197 1793 3237 non
1813 3181 2008 3238 solum
2024 3182 2219 3254 ipsum

2338 3191 2570 3255 Χριστοῦ
2626 3181 2924 3255 βάπτισμα.
2982 3185 3090 3237 Καὶ
3140 3187 3239 3258 γάρ
3294 3186 3570 3256 ἐφίπταται
3618 3190 3771 3237 παντὶ
3829 3183 3933 3257 βα-

576 3275 983 3342 sanctiﬁcans,
1016 3288 1223 3328 verum
1248 3272 1426 3328 etiam
1455 3270 1825 3328 invisibiliter
1856 3271 2068 3328 animae
2097 3272 2221 3342 ejus

2336 3272 2625 3343 πτιζομένῳ
2675 3279 2881 3344 Πνεῦμα
2919 3271 3084 3343 ἅγιον,
3119 3272 3176 3324 οὐ
3207 3277 3360 3344 μόνον
3404 3272 3640 3344 ἁγιάζον,
3687 3272 3812 3325 ἀλλά
3841 3294 3932 3326 και

576 3366 783 3421 sordes
813 3378 1196 3420 consumens.
1226 3365 1350 3417 Non
1380 3377 1518 3415 sum
1571 3365 1768 3416 autem
1817 3360 2083 3424 idoneus,
2112 3361 2221 3416 hoc

2335 3363 2401 3421 ὡς
2441 3368 2542 3433 πῦρ
2582 3359 2815 3434 ἀοράτως
2867 3361 2980 3432 (83)
3013 3360 3288 3413 ἀναλίσκον
3344 3364 3430 3413 τὸν
3476 3362 3639 3435 ῥύπον
3692 3370 3786 3424 τῆς
3832 3362 3930 3433 ψυ-

574 3458 679 3518 est,
721 3455 856 3510 Non
885 3467 1014 3508 sum
1044 3451 1304 3519 dignus“56
1341 3467 1356 3516 ;
1382 3450 1465 3504 ita
1484 3449 1643 3504 enim
1675 3448 1910 3518 scripsit
1928 3449 2215 3506 Joannes.

2333 3458 2442 3520 χῆς
2489 3449 2667 3503 αὐτοῦ.
2726 3451 2837 3502 Οὐκ
2890 3449 2992 3521 εἰμί
3023 3447 3080 3502 δε
3127 3450 3311 3514 ἱκανὸς,
3371 3449 3484 3501 ἀντι
3534 3458 3644 3515 τοῦ,
3684 3449 3795 3503 Οὐκ
3825 3452 3933 3523 εἰμὶ

2332 3538 2472 3600 ἄξιος
2506 3555 2518 3568 ⁸
2552 3539 2684 3590 οὕτω
2714 3541 2814 3612 γὰρ
2843 3537 3064 3613 ἔγραψεν
3095 3540 3120 3590 6
3164 3539 3420 3600 Ἰωάννης.

641 3630 771 3699 Ipse
799 3643 893 3683 vos
927 3627 1270 3695 baptizabit.
1321 3625 1433 3681 Per
1467 3624 1874 3696 metaphoram
1919 3623 2218 3690 dictionis,

2401 3626 2590 3699 [Αὐτὸς
2665 3628 2778 3697 (84)
2856 3628 2991 3698 ὑμᾶς
3067 3625 3362 3699 βαπτίσει⁶
3398 3636 3457 3699 τῇ
3511 3635 3778 3702 μεταφορᾷ
3839 3636 3972 3690 τῆς⁴

571 3719 769 3793 gratiae
801 3715 1236 3773 abundantiam
1263 3714 1440 3771 refert
1467 3713 1749 3786 Baptista.
1783 3715 1848 3768 Et
1869 3712 2027 3786 ignis
2053 3729 2216 3786 repe-

2329 3715 2501 3778 λέξεως
2541 3720 2598 3769 τὸ
2630 3713 2846 3786 δαψιλὲς
2896 3725 2985 3775 τῆς
3024 3717 3245 3788 χάριτος
3291 3715 3520 3788 ἐμφαίνει
3551 3719 3576 3768 6
3609 3721 3925 3781 Βαπτιστὴς,

571 3809 794 3871 titione,
814 3805 1016 3877 gratim
1045 3805 1419 3861 vehementia
1445 3819 1516 3860 ac
1537 3802 2216 3875 incomprehensibilitas

2327 3809 2418 3857 καὶ
2461 3814 2522 3877 τῇ
2571 3804 2880 3875 ἐπεξηγησει
2933 3812 3022 3856 τοῦ
3052 3808 3214 3876 πυρός
3266 3805 3418 3857 πάλιν
3470 3809 3527 3856 τὸ
3581 3802 3805 3880 σφοδρόν
3840 3811 3929 3860 καὶ

568 3901 1030 3955 demonstratur.

2327 3894 2609 3947 ἀκάθεκτον
2640 3901 2732 3954 τῆς
2763 3895 2982 3967 χάριτος
3014 3889 3356 3948 ἐνδείκνυται.

639 3987 804 4043 Vers.
835 3986 922 4039 12.
940 3987 1124 4053 Cujus
1149 4015 1202 4024 -—
1228 3983 1720 4051 incastinguibili.
1751 3984 1833 4036 Ex
1858 3980 1951 4036 his
1977 3981 2219 4037 demon-

2400 3983 2476 4035 Οὖ
2522 4014 2590 4022 —
2635 3981 2891 4051 ἀσϐέστῳ.
2950 3981 3034 4034 Ἐκ
3105 3985 3298 4033 τούτων
3370 3988 3623 4054 παριστᾷ,
3697 3985 3777 4034 ὅτι
3839 3989 3930 4038 καὶ

569 4082 729 4140 strat,
759 4073 923 4146 quod
950 4073 1131 4142 judex
1161 4072 1339 4126 etiam
1366 4071 1440 4124 sit
1463 4071 1645 4124 futuri
1674 4070 1895 4124 saeculi.
1924 4073 1989 4124 Et
2017 4086 2214 4126 aream

2325 4075 2506 4145 κριτὴς
2550 4070 2690 4122 ἐστιν
2737 4070 2889 4132 οὗτος
2935 4072 3052 4142 (85)
3091 4078 3183 4122 τοῦ
3237 4070 3503 4143 μέλλοντος
3557 4071 3763 4134 αἰῶνος.
3826 4077 3928 4126 Καὶ

567 4163 814 4234 quidem
863 4165 1035 4215 vocat
1073 4156 1468 4212 universalem
1527 4155 1688 4210 orbis
1741 4156 2082 4221 Ecclesiam,
2139 4158 2212 4213 ad

2326 4159 2498 4211 οἷλωνα
2553 4161 2642 4230 μὲν
2695 4160 2937 4230 ὀνομάζει
2991 4164 3076 4217 τὴν
3137 4157 3409 4231 πάνδημον
3461 4158 3770 4218 Ἐκκλησίαν
3831 4171 3927 4223 τῆς

569 4266 752 4322 quam
777 4263 988 4303 omnes
1012 4251 1354 4316 operatores
1373 4259 1410 4298 a
1429 4244 1648 4298 Domini
1670 4242 2047 4314 providentia
2070 4259 2214 4298 con-

2325 4247 2644 4318 οἰκουμένης,
2700 4247 2773 4309 εἰς
2831 4247 2889 4305 ἢν
2936 4251 3122 4310 πάντες
3171 4250 3221 4300 οἱ
3262 4251 3631 4322 γεωργηοέντες
3677 4251 3777 4302 ὑπὸ
3835 4260 3928 4313 τῆς

566 4341 884 4392 ducuntur.
937 4335 1333 4388 Ventilabrum
1383 4335 1827 4402 autemjustum
1886 4331 2014 4401 ejus
2055 4331 2211 4402 judi-

2325 4343 2644 4398 Δεσποτικῆς
2712 4335 2995 4409 ἐπιμελείας
3056 4338 3366 4408 συνάγονται
3416 4355 3428 4366 ·
3474 4341 3636 4390 πτύον
3696 4335 3776 4404 δὲ,
3835 4345 3928 4399 τὴν

567 4427 747 4489 cium,
777 4423 940 4497 quod
977 4438 1079 4478 eos
1105 4438 1268 4489 sane,
1306 4421 1410 4494 qui
1457 4421 1623 4476 omni
1679 4419 2004 4491 iniquitatis
2042 4425 2212 4477 vento

2281 4421 2538 4515 ,δικαίαν
2593 4426 2752 4478 αὐτοῦ
2805 4431 3000 4498 κρίσιν,
3051 4429 3168 4487 ητις
3218 4430 3338 4488 τοὺς
3405 4429 3494 4498 μὲν
3552 4432 3702 4479 παντὶ
3760 4427 3926 4500 ἀνέμῳ

567 4514 888 4585 agitantur,
951 4511 1125 4584 quasi
1159 4509 1495 4582 paleaceos,
1543 4509 1722 4566 tradit
1760 4508 1880 4580 igni
1924 4510 2212 4580 gehennae

2281 4508 2411 4574 ’τῆς
2484 4515 2740 4588 ἁμαρτιας
2811 4515 3193 4589 ῥιπιζομένονς,
3261 4517 3325 4575 ὡς
3393 4512 3712 4588 ἀχυρώδεις,
3787 4513 3926 4568 ἐκδί-

566 4600 1030 4675 inexstinguibili
1065 4600 1238 4666 ;illos
1281 4615 1442 4665 vero,
1490 4600 1593 4670 qui
1646 4599 1929 4654 virtutum
1988 4599 2211 4658 habent

2323 4599 2460 4656 δωσι
2489 4609 2617 4678 πυρὶ
2646 4602 2884 4674 ἀσϐέστῳ
2916 4613 3011 4665 τῆς
3061 4607 3261 4674 γεέννης
3307 4608 3429 4666 τοὺς
3459 4601 3518 4656 δὲ
3561 4602 3728 4677 βάρος
3777 4604 3923 4674 ἆγον-

564 4694 932 4767 gravitatem,
965 4691 1026 4746 in
1063 4690 1419 4764 apothecam
1477 4687 1804 4745 caelestium
1864 4689 2209 4747 tabernacu-

2319 4712 2413 4753 τας
2458 4693 2569 4764 (86)
2623 4690 2809 4764 ἀρετῆς
2863 4691 3094 4759 συλλέγει
3126 4691 3198 4753 εἰς
3249 4697 3337 4750 τὴν
3394 4691 3663 4751 ἀποθήκην
3697 4702 3793 4745 τῶν
3840 4693 3922 4745 οὗ·

562 4785 760 4844 lorum
787 4781 1025 4854 colligit.

2320 4784 2507 4856 ρανίων
2537 4789 2739 4839 σκηνῶν
2752 4825 2765 4837 .

637 4964 683 4999 ⁸³
741 4964 920 5020 Marc.
967 4976 1007 5027 ι,
1038 4961 1277 5028 7;Luc.
1331 4973 1415 5026 ιιι,
1451 4957 1556 5026 16;
1588 4957 1758 5014 Joan.
1787 4960 1826 5021 1',
1877 4961 1972 5013 27.
2009 4957 2057 4993 δι
2107 4959 2282 5016 Μαι-ο.

2278 5003 2290 5016 .
2327 4978 2367 5025 ι,
2394 4959 2428 5014 8
2469 4960 2683 5025 ;Joan.
2715 4974 2755 5023 ι,
2805 4957 2893 5015 33.
2926 4959 2973 4994 ⁸⁵
3023 4958 3168 5017 Luc.
3201 4975 3284 5024 ιιι,
3343 4959 3424 5014 16.
3473 4960 3520 4995 ⁵⁸
3548 4961 3717 5016 Joan.
3751 4979 3787 5028 ι,
3832 4963 3921 5018 27.

1779 5053 2001 5122 Variae
2026 5055 2350 5124 lectiones
2399 5065 2464 5122 et
2490 5064 2669 5122 notae

640 5175 753 5248 (82)
791 5172 1012 5246 Ἀρχὴν,
1036 5187 1144 5242 pro
1175 5171 1463 5252 ὑπεροχήν,
1504 5173 1569 5225 Α.

640 5247 753 5312 (83)
792 5245 1076 5312 Ἀοράτως,
1109 5248 1323 5297 omittit
1349 5250 1411 5295 A.
1438 5311 1441 5312 ν
1515 5311 1525 5312 7

1388 5173 1463 5228 ἧν.
1504 5173 1569 5225 Α.
2414 5171 2503 5242 85)
2546 5169 2730 5236 Οὗτος,
2766 5169 2940 5226 abest
2969 5174 3033 5228 A.

1515 5311 1525 5312 ί
2394 5173 2510 5312 (86)
2546 5249 2669 5308 Τῆς,
2697 5241 2867 5298 addit
2895 5245 2954 5298 Β.

639 5241 753 5318 (83)
792 5241 1076 5318 ἶΑοράτως,
1109 5241 1323 5318 omittit
1349 5250 1444 5318 A._
1514 5311 1528 5318 _
1598 5316 1604 5318 _
1656 5313 1665 5318 _
2013 5313 2041 5318 _

1308 5248 1444 5318 tA._
1514 5311 1528 5318 _
1598 5313 1665 5318 __
2013 5313 2041 5318 _
2395 5241 2510 5314 (se)
2546 5249 2669 5308 Τῆς,
2697 5241 2867 5298 addit
2895 5245 2953 5298 Β.

639 5252 728 5318 (83
795 5252 1076 5318 Ἀοράτως,
1109 5252 1323 5297 omittit
1349 5252 1411 5295 Α.

639 5252 753 5389 (84)
792 5316 1024 5372 Inclusa
1043 5315 1103 5368 in
1133 5313 1402 5383 margine
1431 5311 1611 5368 habet
1638 5313 1685 5365 A
1719 5327 1732 5378 ;
1760 5313 1975 5368 omittit
2013 5313 2070 5366 Β.

637 5442 721 5513 (α)
759 5438 970 5498 Vestris
985 5435 1208 5510 quidem
1225 5434 1568 5506 majoribus.
1589 5435 1811 5502 Redde,
1839 5436 2216 5493 Potissimum
2321 5435 2589 5513 refertur.
2609 5433 2696 5492 Ad
2721 5453 2905 5513 quam
2937 5453 3145 5494 omnes
3170 5436 3495 5513 (homines)
3526 5436 3761 5513 Domini
3779 5455 3926 5513 cura

567 5508 778 5574 autem.
993 5508 1008 5510 ν
2321 5508 2634 5580 (tanquam
2667 5509 2817 5637 agri,
2845 5515 3074 5580 segetes
3100 5516 3201 5566 aut
3229 5508 3480 5582 fructus)
3506 5510 3672 5569 culti.
3705 5514 3789 5569 Ita
3814 5512 3923 5573 Co-

639 5586 722 5637 (nl
763 5585 1110 5637 operatores.
1169 5583 1277 5636 Υπὸ
1331 5579 1407 5637 ad
1437 5577 1626 5637 'ycwp'i.
1705 5594 1826 5636 non
1879 5578 1958 5636 ad
2026 5598 2212 5637 συνασγ.
2322 5578 2525 5636 rinthii
2552 5595 2704 5637 anne
2750 5586 2926 5637 antur
2953 5581 2976 5637 Ι
3001 5584 3136 5637 Cor.
3162 5597 3244 5637 ιιι.
3278 5586 3330 5637 9.
3361 5589 3494 5637 Θεοῦ
3523 5587 3794 5637 γεώργιον.

639 5586 722 5669 (ρ)
763 5585 1110 5664 Operatom.
1169 5583 1277 5636 Υπὸ
1331 5579 1407 5639 ad
1437 5577 1626 5660 γεωργ.
1705 5594 1826 5636 non
1879 5578 1958 5636 ad
2026 5598 2212 5655 συναγ.

2149 5599 2212 5655 ιγ.
2322 5577 2525 5636 rintliii
2552 5577 2976 5658 appellantur!
3001 5584 3136 5644 Cor.
3162 5597 3244 5654 ιιι,
3278 5586 3330 5652 9,
3361 5577 3494 5638 Θεοῦ
3523 5587 3794 5669 γεῴργιον.
