4166 6314
270 276 369 332 169

1225 267 1585 325 COMMENT.
1630 267 1701 322 IN
1742 266 2182 323 MATTHEUM.
2222 294 2293 309 --
2334 266 2495 325 CAP.
2535 268 2631 323 III.

3524 276 3630 331 170

334 407 439 453 Νῦν
480 403 571 472 μὲν
597 400 723 469 γὰρ,
771 398 835 456 ὡς
874 394 922 447 ἐν
973 394 1146 461 ἄλωνι,
1202 394 1393 466 ἀναμὶξ
1418 396 1442 445 6
1498 401 1643 455 σῖτος
1683 397 1861 446 καὶτὸ

2043 396 2206 449 Nunc
2228 393 2523 466 siquidem
2554 394 2613 448 in
2644 408 2784 451 area
2836 394 3013 451 mista
3070 397 3208 451 sunt
3254 396 3514 454 triticum
3573 404 3631 457 et

264 494 488 563 ἄχυρον·
544 492 660 540 τότε
715 482 793 552 δὲ,
827 484 989 543 πολλὴ
1021 487 1166 536 ἔσται
1212 484 1326 555 (87)
1376 486 1405 541 ἠ
1461 479 1748 557 διάκρισις,
1781 486 1863 536 ὅτε

259 579 431 653 μέλλει
459 580 486 630 6
516 585 659 638 σῖτος
696 576 769 636 εἰς
814 579 908 632 τὴν
960 573 1227 631 ἀποθήκην
1282 574 1725 644 συγκομισθῆναι,
1775 572 1861 625 Ἐν

260 678 319 740 τῇ
367 672 518 741 χειρὶ
566 663 624 719 δὲ
672 665 833 717 αύτοῦ
893 660 1018 732 εἶπε,
1064 659 1156 713 διὰ
1185 665 1241 713 τὸ
1287 659 1412 713 εἶναι
1464 667 1744 735 πρόχειρον
1774 666 1864 713 καὶ

255 761 467 830 ἕτοιμον
518 757 586 817 εἰς
664 758 722 806 τό
780 750 1065 825 διακρῖναι.
1118 750 1254 823 Ὀρα
1338 748 1417 819 δὲ,
1476 752 1552 801 ὅτι
1606 754 1736 821 μετὰ
1804 753 1862 801 τὸ

254 846 545 919 βαπτίζειν
606 844 653 897 ἐν
705 846 965 914 Πνεύματι
1013 840 1145 912 ἁγίῳ
1198 845 1286 891 καὶ
1332 844 1481 914 πυρὶ,
1531 836 1863 913 διακαθαίρει

249 940 352 993 τήν
384 936 576 1006 ἅλωνα,
612 935 694 985 ἶνα
714 936 785 1003 μὴ
812 934 939 1003 μετὰ
964 934 1019 982 τὸ
1054 928 1336 1001 βάπτισμὰ
1363 930 1699 1002 ῥᾳθυμὴσης.

334 1029 468 1077 Τότε
507 1055 572 1064 -
620 1022 705 1073 ὑπ’
751 1020 930 1074 αὐτοῦ.
987 1021 1127 1071 Μετὰ
1164 1027 1264 1069 τῶν
1296 1014 1492 1069 δούλων
1520 1019 1545 1068 6
1578 1021 1859 1076 Δεσπότης·

264 1112 382 1165 ἀλλ’
419 1113 596 1164 ἐκεῖνοι
637 1113 743 1181 μὲν,
780 1110 862 1160 ἵνα
911 1112 1295 1179 μετανοήσωσι,
1339 1106 1453 1176 (88)
1504 1111 1859 1177 παρεγίνοντο·

266 1202 432 1263 οὗτος
462 1198 538 1265 δε,
588 1203 669 1250 ἶνα
714 1194 1004 1267 ἁναδειχθῇ
1064 1204 1135 1265 τῷ
1180 1194 1305 1265 λαῷ.
1342 1194 1492 1247 Ούτω
1538 1196 1638 1268 76:9
1684 1200 1773 1246 καὶ
1838 1196 1863 1245 6

262 1290 520 1350 Ἰωάννης
550 1285 700 1357 εἶπεν,
731 1288 806 1338 ὅτι
826 1285 937 1338 Ἵνα
966 1286 1229 1357 φανερωθῇ
1256 1292 1326 1354 τῷ
1362 1284 1592 1358 Ἰσραὴλ.

332 1465 397 1517 Ὀ
458 1461 517 1517 δὲ
574 1463 811 1522 Ἰωάννης
859 1492 927 1501 -
982 1465 1111 1534 πρός
1152 1480 1234 1533 με.
1288 1458 1460 1531 Ἔγνω
1506 1464 1585 1521 τίς
1626 1457 1706 1523 ἦν,
1763 1462 1861 1513 ύπό

252 1551 353 1607 ἰοὖ
398 1553 715 1613 ἐνοικοῦντος
769 1550 908 1620 αὐτῷ
956 1552 1091 1602 θείου
1145 1552 1455 1621 Πνεύματος.
1508 1553 1644 1605 Φησὶ
1680 1551 1781 1623 γὰρ
1835 1551 1861 1599 6

260 1642 644 1714 εύαγγελιστής
710 1640 969 1706 Ἰωάννης,
1030 1640 1109 1690 ὅτι
1159 1637 1333 1690 Βλέπει
1402 1638 1427 1688 6
1482 1636 1717 1697 Ἰωάννης
1774 1640 1860 1688 τόν

1971 482 2145 553 palea
2177 500 2188 547 ;
2215 487 2352 538 tunc
2384 488 2583 538 autem
2630 484 2877 539 omnino
2921 483 3350 553 discernentur,
3378 488 3628 559 quando

1974 572 2334 627 frumentum
2358 572 2418 627 in
2445 572 2802 643 apothecam
2825 572 3211 631 deferendum
3228 581 3338 631 est.
3359 578 3422 632 In
3440 593 3629 634 manu

1973 666 2172 715 autem
2199 678 2308 716 sua
2346 660 2509 721 dixit,
2540 676 2610 715 eo
2641 662 2806 732 quod
2832 667 3145 734 promptus
3176 680 3245 721 ac
3271 670 3517 737 paratus
3539 669 3630 722 est

1974 749 2051 805 ad
2083 749 2557 819 dijudicandum.
2602 750 2742 805 Vide
2771 754 2970 807 autem
2987 753 3152 824 quod
3180 760 3500 827 postquam
3524 756 3628 813 ba-

1975 838 2279 909 ptizaverit
2307 839 2365 893 in
2387 839 2601 909 Spiritu
2627 844 2855 906 sancto,
2884 846 3178 912 expurgat
3199 843 3396 900 adhuc
3419 861 3624 902 aream

1975 944 2167 993 suam,
2195 944 2269 984 ne
2298 934 2574 999 suscepto
2604 928 2905 1000 baptismo
2939 934 3196 1002 torpeas.

2049 1018 2207 1074 Vers.
2239 1022 2325 1073 13.
2378 1019 2531 1073 Tunc
2560 1049 2627 1059 —-
2684 1023 2758 1073 ab
2790 1034 2873 1075 eo.
2911 1022 3057 1075 Cum
3084 1020 3268 1075 servis
3321 1022 3485 1079 venit
3513 1026 3621 1081 Do-

1974 1106 2174 1161 minus
2203 1124 2214 1160 :
2246 1107 2353 1161 sed
2382 1107 2462 1161 illi
2496 1106 2763 1178 quidem,
2797 1112 2862 1163 ut
2914 1108 3265 1178 poenitentiae
3319 1116 3486 1167 actus
3523 1112 3625 1167 de-

1974 1200 2371 1251 monstrarent
2398 1196 2480 1266 (d)
2513 1202 2904 1262 accesserunt,
2961 1197 3073 1269 ipsi
3105 1213 3248 1254 vero
3293 1204 3351 1255 ut
3396 1200 3623 1272 populo

1973 1284 2464 1341 manifestaretur.
2513 1285 2597 1339 Ita
2638 1286 2799 1340 enim
2852 1286 2995 1343 dixit
3023 1289 3306 1358 Joannes,
3346 1288 3511 1362 quod
3543 1289 3621 1361 (r)

1972 1380 2036 1429 ut
2064 1374 2546 1441 manifestaretur
2576 1375 2780 1431 lsraeli
2807 1376 2875 1428 ⁸⁷.

2042 1465 2200 1518 Vers.
2232 1463 2321 1519 14.
2351 1463 2595 1518 Joannes
2625 1470 2819 1520 autem
2840 1495 2907 1504 —
2929 1465 3003 1520 ad
3025 1480 3133 1521 me.
3166 1466 3455 1536 Cognovit
3477 1467 3619 1539 quis

1972 1557 2128 1606 esset
2148 1566 2252 1622 per
2273 1551 2708 1607 inhabitantem
2728 1554 2787 1607 in
2812 1568 2873 1607 se
2890 1553 3175 1623 Spiritum
3196 1558 3492 1611 sanctum.
3524 1556 3622 1613 Ait

1970 1639 2131 1693 enim
2160 1639 2421 1695 Joannes
2451 1640 2817 1709 evangelista
2846 1657 2857 1693 :
2920 1641 3081 1697 Videt
3107 1644 3362 1698 Joannes
3414 1645 3618 1700 Jesum

260 1733 473 1788 Ἰησοῦν
538 1728 816 1801 ἐρχόμενον
888 1730 1010 1799 πρὸς
1058 1726 1232 1791 αὐτόν,
1306 1730 1395 1778 καὶ
1450 1725 1611 1796 λέγει·
1672 1722 1781 1777 Ἴδε
1836 1726 1860 1776 6

1985 1728 2281 1783 venientem
2322 1729 2402 1783 ad
2430 1744 2505 1793 se,
2534 1734 2589 1783 et
2616 1730 2699 1784 ait
2736 1746 2748 1782 :
2780 1729 2927 1785 Ecce
2954 1731 3156 1800 Agnus
3180 1731 3304 1797 Dei,
3326 1732 3426 1802 qui
3457 1733 3618 1787 tollit

261 1821 449 1892 ’Δμνός
478 1825 571 1870 τοῦ
624 1824 780 1881 Θεοῦ,
814 1818 839 1867 6
869 1818 1025 1889 αἴρων
1072 1820 1165 1872 τὴν
1218 1814 1473 1888 ἁμαρτίαν
1505 1822 1595 1865 τοῦ
1636 1818 1856 1886 κόσμου,

260 1914 349 1961 καὶ
371 1911 439 1960 τὰ
459 1907 541 1969 ἐξῆ
554 1927 594 1967 ς.
620 1913 727 1958 Νῦν
750 1901 808 1956 δὲ
830 1900 1099 1975 διεκῳλυεν
1124 1903 1297 1971 αὐτόν,
1319 1902 1496 1973 λέγων·
1522 1903 1656 1973 Ἐγὼ
1674 1907 1860 1975 χρείαν

262 1998 373 2069 ἓχω
413 1996 514 2048 ύπὸ
554 2002 648 2047 σοῦ
695 1992 1073 2066 βαπτισθῆναι.
1104 1990 1257 2063 Ἐγώ,
1293 1992 1318 2042 6
1354 1993 1636 2052 ὑπεύθυνος
1686 1992 1859 2065 ἁμαρ-

264 2092 421 2155 τίαις,
468 2086 569 2137 ὑπὸ
626 2090 718 2135 τοῦ
770 2081 1156 2155 ἀναμαρτήτου,
1218 2081 1244 2131 6
1303 2078 1577 2152 βαπτίζων
1629 2079 1678 2131 ἐν
1719 2079 1858 2151 ψιλῷ

263 2172 448 2243 ῦὸατι,
505 2175 604 2225 ύπό
662 2179 753 2223 τοῦ
814 2169 1163 2242 βαπτίζοντος
1208 2167 1255 2220 ἓν
1303 2171 1563 2240 Πνεύματι
1598 2168 1729 2240 ἁγιῳ
1769 2173 1860 2220 καὶ

258 2269 412 2338 πυρὶ,
477 2264 502 2313 6
562 2259 768 2328 δοῦλος,
822 2261 923 2311 ὑπὸ
972 2266 1061 2310 τοῦ
1127 2262 1412 2326 Δεσπότου,
1472 2259 1498 2309 6
1563 2258 1855 2329 ἄνθρωπος,

254 2355 361 2407 ύπὸ
396 2359 488 2404 τοῦ
522 2358 675 2404 Θεοῦ·
720 2353 810 2400 καὶ
842 2352 907 2399 σύ
949 2347 1126 2399 λοιπόν
1158 2345 1406 2399 ἀνάπαλιν
1436 2349 1569 2419 ἔρχῃ
1602 2352 1733 2421 πρός
1772 2366 1854 2418 με,

258 2444 327 2495 Οἱ
390 2443 482 2513 μὲν
537 2435 622 2491 οὖν
663 2437 805 2489 ἄλλοι
850 2434 959 2488 κατ’
1011 2434 1265 2508 ἐρώτησιν
1310 2434 1731 2506 ἀναγινώσκουσι
1778 2438 1857 2499 τό,

259 2537 352 2585 καὶ
414 2532 480 2581 Σὺ
539 2530 670 2599 ἔρχῃ
725 2529 855 2599 πρὸς
912 2544 1021 2597 με;
1080 2526 1104 2576 6
1159 2524 1404 2594 Θεολόιγος
1459 2520 1517 2576 δε
1580 2528 1861 2597 Γρηγόριος

256 2622 399 2674 κατά
455 2618 741 2688 ἀπόφασιν,
802 2617 872 2677 ὡς
935 2616 1406 2688 προφητεύσαντος,
1472 2612 1549 2664 ὃτι
1616 2612 1862 2666 Ἀκολου-

258 2713 452 2768 θήσεις
499 2724 588 2779 μοι
633 2704 1003 2776 ἀναιρουμένῳ,
1047 2706 1314 2755 τουτέστιν
1376 2702 1489 2774 (89)
1542 2700 1859 2775 ἀναιρεθήσῃ

255 2802 355 2849 καὶ
380 2797 467 2849 σύ.

336 2886 671 2957 Ἃ,το,φ,θτ,ὶρ;
700 2913 768 2920 _.
796 2883 936 2954 ἄρτι.
991 2886 1393 2953 Ιιαραχώρησον
1447 2884 1566 2950 τόγε
1593 2888 1681 2931 νῦν
1712 2882 1856 2951 ἔχον,

260 2980 339 3048 μή
392 2974 504 3044 (90)
548 2970 955 3046 προϐαλλόμενος
999 2970 1071 3030 εἰς
1116 2974 1435 3043 παραίτησιν
1485 2972 1549 3020 τὰ
1592 2977 1686 3029 τῆς
1741 2967 1863 3039 ἐμῆς

1965 1823 2207 1884 peccata
2236 1816 2511 1882 mundi“,
2532 1822 2645 1873 etc.
2674 1821 2838 1873 Nunc
2864 1834 3003 1873 vero
3034 1818 3392 1889 prohibebat
3411 1820 3617 1892 ipsum

1967 1905 2172 1960 dicens
2200 1923 2212 1959 :
2246 1906 2397 1961 Mihi
2419 1921 2559 1974 Opus
2594 1912 2676 1962 est
2703 1906 2887 1962 utabs
2920 1916 2972 1962 te
3000 1908 3267 1978 baptizer.
3302 1910 3453 1979 Ergo
3482 1923 3616 1980 pec-

1967 1995 2112 2049 catis
2166 1995 2485 2060 obnoxius,
2515 1994 2591 2049 ab
2639 2010 2709 2050 eo
2730 1995 2833 2066 qui
2865 2010 3111 2066 peccare
3141 2010 3261 2051 non
3293 2000 3485 2067 potest
3513 2013 3526 2062 ;
3550 1997 3612 2052 in

1967 2082 2130 2138 nuda
2161 2098 2318 2154 aqua
2338 2082 2749 2154 baptizans.ab
2773 2099 2842 2138 eo
2874 2083 2975 2155 qui
3015 2083 3279 2155 baptizat
3300 2084 3359 2138 in
3394 2084 3613 2156 Spiritu

1969 2174 2177 2227 sancto
2210 2176 2264 2226 et
2290 2170 2410 2240 igni
2441 2187 2455 2236 ;
2489 2186 2696 2227 servus
2724 2187 2759 2227 a
2778 2173 3029 2228 Domino
3072 2188 3086 2238 ;
3117 2172 3302 2229 homo
3331 2188 3368 2229 a
3390 2174 3529 2242 Deo,
3555 2174 3614 2229 et

1967 2264 2029 2316 tu
2058 2264 2257 2315 tamen
2289 2276 2320 2315 e
2371 2259 2606 2315 diverso
2658 2261 2823 2315 venis
2865 2261 2944 2316 ad
3000 2276 3096 2317 me
3125 2259 3153 2314 ?
3182 2260 3288 2316 Alii
3319 2261 3482 2317 enim
3513 2276 3615 2333 per

1967 2348 2708 2419 interrogationemlegunt
2732 2349 3059 2405 verbailla:
3085 2350 3174 2404 Tu
3207 2350 3365 2406 venis
3378 2351 3457 2406 ad
3480 2352 3617 2407 me?

1965 2436 2297 2505 Theologus
2348 2441 2547 2493 autem
2606 2436 2923 2505 Gregorius
2993 2453 3099 2509 per
3153 2436 3611 2495 afﬁrmationem

1968 2526 2139 2597 quasi
2170 2525 2577 2597 prophetantis
2608 2541 2679 2580 ac
2707 2525 2997 2581 dicentis:
3040 2527 3312 2598 Sequeris
3376 2544 3458 2582 me
3507 2528 3615 2600 qui

1970 2614 2223 2679 occidar,
2254 2614 2369 2669 hoc
2390 2618 2495 2679 est,
2520 2614 2806 2670 occideris
2832 2617 2889 2670 et
2916 2618 3002 2674 tu.

2043 2886 2202 2937 Vers.
2240 2888 2320 2937 15.
2352 2884 2722 2954 Respondens
2748 2915 2807 2924 -
2835 2884 3032 2939 modo.
3068 2884 3275 2939 Desine
3303 2883 3485 2940 modo
3510 2884 3620 2940 im-

1970 2971 2395 3044 peccabilitatis
2429 2987 2499 3026 ac
2528 2972 2848 3027 divinitatis
2881 2988 3022 3027 meae
3050 2973 3385 3029 velamenta
3414 2973 3621 3029 obten-

259 3064 667 3136 ἀναμαρτησίας
712 3064 801 3111 καὶ
846 3060 1107 3118 θεότητος,
1158 3064 1265 3109 Νῦν
1314 3061 1415 3131 γὰρ
1456 3057 1548 3109 οῦκ
1596 3060 1707 3109 ἔστι
1737 3060 1863 3108 τού-

1985 3060 2111 3116 iere
2145 3076 2371 3132 ;neque
2394 3060 2552 3115 enim
2585 3066 2727 3115 sunt
2777 3061 2905 3115 haec
2931 3062 3244 3132 praesentis
3309 3063 3619 3133 temporis,

257 3174 365 3206 των
419 3154 619 3224 καιρός·
677 3146 783 3199 ἀλλ’
821 3147 1157 3220 οἰκονομικῶς
1204 3148 1302 3199 ύπὸ
1358 3156 1453 3198 σοῦ
1510 3145 1858 3218 βαπτίζομαι.

255 3243 466 3314 ⁸Ωσπερ
518 3240 619 3311 76:9
681 3234 773 3289 διὰ
826 3240 945 3296 τοὺς
994 3235 1287 3309 ἀνθρώπους
1328 3241 1516 3307 γέγονα
1571 3238 1860 3309 ἄνθρωπος,

261 3332 351 3382 ἱνα
387 3332 457 3387 ὡς
508 3328 776 3393 ἄνθρωπος
821 3324 1093 3377 καταϐαλῶ
1139 3328 1223 3376 τόν
1271 3323 1630 3376 καταϐαλόντα
1682 3325 1865 3385 αύτούς

262 3414 531 3471 διάϐολον·
575 3414 708 3467 οὓτω
739 3410 796 3465 δί
826 3414 1035 3479 αύτούς,
1082 3415 1149 3473 ὡς
1179 3412 1350 3476 αὐτοὶ,
1392 3411 1740 3485 βαπτίζομαι,
1785 3415 1867 3465 ἶνα

261 3505 474 3576 ἐνθάψω
514 3510 624 3565 τοῖς
661 3499 823 3554 ὕδασι
876 3505 963 3553 τόν
1000 3502 1163 3574 ῥύπον
1210 3509 1308 3552 τῶν
1340 3500 1618 3553 μελλόντων
1660 3500 1868 3573 ἀναγεν-

262 3596 491 3653 νηθῆναι
536 3589 605 3644 δι’
634 3587 827 3653 ὕδατος
857 3594 946 3642 καὶ
974 3591 1288 3661 Πνεῦματος.
1320 3589 1463 3661 ⁸Αμα
1495 3586 1552 3641 δὲ
1582 3595 1671 3642 καὶ
1700 3592 1865 3663 ἕτερόν

263 3703 316 3735 τι
369 3683 641 3754 οἰκονομῶ,
682 3684 741 3731 τὸ
790 3678 891 3731 ἀπὸ
942 3685 1034 3730 τοῦ
1083 3676 1446 3750 βαπτίσματος
1486 3674 1867 3750 ἁναδιιχθῆναί

266 3792 331 3845 μι
352 3780 424 3842 τῷ
453 3770 582 3841 λαῷ·

342 3860 495 3911 Ούτω
549 3888 617 3898 -
678 3853 1036 3912 δικαιοσύνην.
1090 3856 1262 3915 Ούτως
1314 3854 1533 3928 ἁρμόζει
1588 3875 1697 3927 μοι,
1739 3856 1868 3913 πλη-

272 3958 440 4020 ρῶσαι
508 3953 682 3998 πᾶσαν
752 3943 955 4002 ἐντολὴν
1005 3948 1149 3997 Θεοῦ.
1217 3946 1558 4001 Δικαιοσύνην
1607 3946 1708 4016 γὰρ
1760 3952 1870 4015 νῦν,

272 4042 366 4096 τὴν
410 4036 527 4108 (91)
576 4033 777 4091 ἐντολὴν
816 4040 907 4085 τοῦ
934 4040 1067 4085 Θεοῦ
1104 4032 1258 4104 λέγει·
1294 4034 1476 4094 Πάσας
1522 4036 1610 4092 τὰς
1650 4032 1868 4097 ἐντολάς,

270 4131 456 4200 φησιν,
516 4123 871 4197 ἐξεπλήρωσα,
932 4120 1060 4183 ὃσας
1108 4123 1133 4172 6
1189 4126 1341 4194 νόμος
1399 4120 1673 4174 ἐκέλευσεν·
1738 4122 1868 4179 αὕτη

270 4213 331 4269 δε
364 4219 496 4288 μόνη
548 4212 847 4283 ὑπελείφθη,
891 4213 919 4269 ἡ
970 4216 1088 4283 περὶ
1129 4218 1220 4262 τοῦ
1272 4209 1651 4282 βαπτισθῆναι’
1694 4210 1871 4264 λοιπὸν

268 4304 362 4357 οὖν
447 4302 598 4354 Ούτω
683 4304 865 4373 πρέπει
937 4320 1023 4352 uo:
1084 4298 1361 4371 πληρῶσαι
1425 4306 1597 4352 πᾶσαν
1650 4300 1868 4368 ἐντολήν,

270 4394 459 4464 ἢγουν,
494 4390 602 4462 (92)
647 4386 740 4441 διὰ
788 4396 879 4441 τοῦ
911 4387 1267 4461 βαπτισθῆναι
1301 4389 1402 4455 ἵνα,
1434 4387 1539 4441 ἐπεὶ
1588 4391 1612 4441 6
1654 4390 1875 4450 παλαιός

280 4477 447 4552 Αδὰμ
486 4484 579 4537 την
632 4482 753 4551 μίαν
801 4476 1004 4536 ἐντολὴν
1049 4476 1143 4529 ούκ
1181 4475 1492 4551 ἐπλήρωσεν,
1538 4477 1636 4550 ἐγώ
1676 4478 1872 4545 λοιπόν,

350 4657 397 4691 ⁵⁷
426 4657 592 4716 Joan.
635 4671 673 4724 ι,
701 4660 787 4714 3i.
867 4656 914 4693 ⁵⁸
954 4655 1103 4713 Ibid.
1129 4656 1219 4712 29.

1973 3149 2076 3204 sed
2098 3149 2538 3220 dispensatorio
2565 3150 2747 3204 modo
2769 3165 2805 3205 a
2830 3155 2881 3204 te
2906 3150 3191 3221 baptizor.
3217 3152 3622 3215 Quemadmo-

1972 3239 2119 3293 dum
2150 3239 2309 3292 enim
2349 3243 2589 3309 propter
2617 3237 2895 3293 homines
2926 3239 3107 3293 homo
3148 3239 3337 3293 factus
3370 3256 3525 3303 sum,
3560 3244 3624 3296 ut

1976 3332 2262 3398 tanquam
2290 3328 2472 3382 homo
2497 3325 2696 3381 fallam
2718 3327 2789 3397 (s)
2812 3326 3121 3382 diabolum
3148 3328 3309 3398 ipsos
3326 3326 3625 3399 decipien-

1976 3421 2091 3471 tem
2128 3416 2246 3481 ;ita
2273 3420 2513 3487 propter
2539 3416 2720 3487 ipsos,
2776 3415 2926 3470 sicut
2970 3415 3083 3487 ipsi
3133 3415 3421 3487 baptizor,
3482 3416 3626 3472 utin

1977 3505 2150 3577 aquis
2168 3521 2374 3559 eorum
2398 3504 2603 3559 sordes
2626 3504 2931 3576 sepeliam,
2955 3504 3058 3576 qui
3087 3505 3473 3574 regenerandi
3491 3509 3629 3561 sunt

1976 3609 2081 3666 per
2111 3610 2331 3664 aquam
2366 3599 2419 3649 et
2447 3592 2749 3665 spiritum.
2790 3592 2975 3650 Simul
3004 3597 3206 3648 autem
3264 3597 3321 3648 et
3369 3593 3478 3648 hoc
3509 3593 3630 3648 dis-

1978 3682 2313 3754 pensatorie
2344 3698 2475 3752 ago,
2513 3686 2577 3737 ut
2600 3681 2993 3753 videlicetper
3008 3681 3380 3753 baptismum
3402 3681 3630 3754 populo

1977 3770 2370 3825 demonstrer.

2050 3860 2212 3913 Vers.
2246 3859 2329 3912 15.
2362 3858 2464 3913 Sic
2489 3888 2559 3896 —
2586 3857 2910 3926 justitiam.
2944 3857 3035 3911 Sic
3066 3858 3340 3928 congruit
3380 3861 3440 3911 ut
3468 3872 3630 3912 com-

1981 3946 2179 4019 pleam
2227 3960 2406 4000 omne
2443 3946 2541 4000 Dei
2571 3950 2979 4016 praeceptum:
3020 3946 3117 4001 hic
3146 3946 3307 4001 enim
3341 3945 3634 4016 justitiam

1982 4040 2347 4107 praeceptum
2383 4034 2481 4089 Dei
2501 4034 2780 4106 appellat.
2802 4035 3034 4105 Omnia,
3060 4034 3270 4107 inquit,
3298 4050 3435 4106 quae
3453 4034 3638 4105 jussit

1980 4124 2074 4180 lex
2104 4123 2398 4194 complevi
2430 4127 2746 4195 praecepta.
2782 4123 2984 4179 Solum
3016 4138 3232 4195 nempe
3264 4124 3320 4177 id
3338 4122 3638 4194 reliquum

1985 4218 2089 4279 est,
2144 4218 2207 4268 ut
2230 4212 2509 4284 baptizer.
2562 4213 2670 4269 Sic
2725 4212 2920 4284 itaque
2969 4213 3145 4278 decet,
3204 4220 3267 4267 ut
3320 4212 3637 4281 compleam

1982 4318 2209 4359 omnem
2237 4303 2543 4370 iustitiam,
2564 4301 2834 4357 videlicet
2856 4317 2958 4373 per
2983 4300 3373 4372 baptismum,
3406 4305 3470 4355 ut
3490 4300 3637 4372 quia

1982 4395 2151 4447 vetus
2182 4391 2374 4445 Adam
2406 4390 2643 4445 unicum
2699 4406 2819 4446 non
2875 4389 3195 4461 complevit
3241 4392 3634 4461 praeceptum,

1984 4495 2094 4551 ego
2108 4495 2301 4535 novus
2312 4479 2503 4536 Adam
2526 4494 2635 4551 pro
2660 4479 2791 4551 ipso
2814 4479 3019 4535 omnia
3038 4477 3428 4550 adimpleam,
3453 4475 3639 4534 illius-

1478 4780 1703 4850 Variaa
1750 4780 2077 4852 lectiones
2132 4790 2429 4851 etnotae.

342 4923 457 4997 (87)
482 4918 666 4974 Ἐστιν
696 4922 750 4980 ἡ.
786 4929 839 4977 Β.

363 4924 431 4979 87
482 4923 666 4974 Ἐστιν
696 4923 750 4980 ἡ.
786 4929 839 4977 Β.

363 4923 457 5066 88)
497 4997 867 5067 Παρεογένρντο,
899 4999 960 5048 Α.

366 5064 457 5139 89)
478 5064 597 5139 Pro
629 5064 927 5139 ακολουθιῖς
969 5068 1027 5121 et
1056 5064 1261 5139 ᾁναιρῇ,
1291 5066 1456 5136 quod
1501 5081 1869 5139 repereram,

270 5135 424 5202 dedi,
468 5135 842 5210 ἀκολουθήσεις
880 5138 1121 5210 αναιριθή
1133 5135 1225 5209 σῄξ

342 5210 452 5282 (90)
484 5207 831 5282 Particulam
850 5207 1191 5279 negativam
1212 5212 1307 5280 μή,
1332 5222 1518 5280 quam
1541 5224 1755 5266 sensus
1773 5225 1873 5282 po-

274 5278 557 5344 stulabat,
594 5278 816 5334 addidi.

345 5351 429 5431 (q)_
448 5350 661 5407 Paenit.
679 5355 800 5431 act.
824 5350 1321 5431 demonstrarent.
1344 5350 1413 5407 Ut
1440 5351 1873 5424 resipiscerent,

278 5428 339 5479 ut
358 5421 559 5478 aliam
585 5425 846 5477 mentem
877 5421 1209 5478 induerent.

348 5494 426 5566 (ν)
455 5500 551 5547 Οτι
578 5494 641 5549 in
669 5492 941 5550 versione
983 5493 1381 5551 omittendum
1412 5498 1554 5563 erat,
1601 5509 1723 5552 non
1748 5494 1876 5551 red-

284 5564 547 5623 dendum
571 5564 751 5623 quod.

324 5579 547 5623 enuum
571 5579 751 5637 quoa.

497 5653 745 5715 PATROL.
795 5652 907 5715 Gn.
956 5651 1217 5717 CXXIX.

2053 4924 2164 4995 (91)
2200 4924 2601 4995 Chrysostorn.
2666 4926 2702 4979 t.
2744 4921 2858 4978 VII.
2900 4938 2959 4993 p.
3014 4919 3141 4979 140.
3191 4920 3255 4978 B.
3307 4924 3406 4980 Τὴν
3452 4918 3647 4985 ἐκπλῆ-

1981 5014 2155 5069 ρωσιν
2174 5004 2245 5069 τῶ
2276 4995 2508 5069 ἐντολᾱῃι.

2056 5066 2249 5137 (92)In
2280 5067 2364 5120 his
2390 5064 2647 5135 offendo.
2689 5063 2985 5121 Particula
3010 5068 3171 5135 ἤγουν
3204 5063 3367 5137 enim
3416 5065 3635 5137 similia

1979 5133 2195 5207 jungit.
2223 5133 2540 5209 Dissimilia
2569 5140 2763 5209 alile
2802 5133 3079 5209 πληρῶσαι
3105 5141 3160 5193 et
3191 5133 3285 5189 διὰ
3312 5136 3633 5209 τοῦ-βαπτι-

1988 5205 2196 5266 σθῆναι.
2242 5208 2504 5276 Conjicio
2566 5208 2759 5276 igitur,
2825 5205 2941 5264 levi
2991 5209 3333 5273 mutatione,
3387 5205 3481 5262 dia‘:
3535 5219 3632 5264 σοῦ

1988 5278 2426 5362 βαπτισθῆναιη
3033 5350 3044 5362 ⁸
3073 5349 3089 5362 ς

1988 5349 1997 5352 ’
2058 5351 2127 5424 (s)
2165 5349 2511 5403 Καταϐάλλειν
2574 5365 2695 5406 non
2746 5354 2899 5407 recte
2944 5349 3247 5432 redditum
3278 5354 3367 5406 est
3408 5351 3639 5420 fallere,

1987 5422 2269 5491 decipere,
2304 5438 2653 5494 quanquam
2676 5423 2831 5494 prius
2861 5420 2993 5477 ferri
3022 5427 3231 5492 possu.
3295 5422 3645 5477 Καταϐάλλιιν

1990 5499 2083 5566 est
2106 5494 2340 5549 hostem
2378 5494 2453 5549 de
2484 5498 2640 5550 statu
2665 5494 2940 5566 dejicere,
2970 5494 3224 5549 vincere.
3266 5494 3421 5566 Ergo
3452 5502 3517 5551 ut
3547 5512 3646 5566 op~

1986 5565 2243 5638 primam
2283 5596 2351 5607 -—
2380 5567 2485 5639 qui
2504 5565 2811 5637 oppressit.

3336 5658 3369 5717 6
