4166 6314
545 300 645 360 1⁸71

1875 288 2208 348 EUTHYMII
2245 285 2577 346 ZIGABENI

3803 279 3913 337 172

544 442 663 499 que
701 425 1105 498 posteritatem
1144 421 1473 495 perﬁciam,
1513 421 1569 475 et
1597 434 1633 474 a
1690 417 2193 473 condemnatione

2305 417 2329 467 ὁ
2369 419 2473 475 νέος
2513 410 2707 485 Ἀδὰμ,
2754 410 2860 463 ἀντ’
2905 409 3065 462 αὐτοῦ
3094 410 3356 485 πληρώσω
3404 409 3598 474 πάσας,
3648 413 3739 461 καὶ
3782 407 3910 460 ἀνα-

545 530 734 588 quam
770 513 866 569 ille
897 529 932 570 a
961 528 1022 569 se
1069 509 1572 568 descendentibus
1603 505 1917 576 distribuit,
1952 506 2083 561 illos
2131 505 2198 560 li-

543 603 768 669 berem,
814 601 920 675 qui
954 617 1051 658 me
1089 600 1503 657 imitabuntur.
1554 599 1914 666 Praeceptum
1994 599 2196 650 autem

545 697 670 749 erat
709 691 828 758 Dei,
893 695 948 747 et
993 689 1330 762 baptismus
1373 685 1634 743 Joannis.
1693 683 1794 740 Ait
1827 683 2031 739 enim:
2094 682 2198 747 Qui

543 780 701 838 misit
719 795 810 838 me
835 780 916 838 ad
947 777 1360 850 baptizzndum
1391 776 1455 832 in
1485 789 1640 846 aqua
1671 774 1740 839 ⁵³,
1772 778 1884 829 etc.

614 1029 780 1086 Vers.
819 1029 908 1084 16.
957 1029 1117 1084 Tunc
1161 1055 1231 1067 —
1273 1040 1453 1097 aqua.
1509 1025 1718 1080 Dicunt
1772 1020 1977 1094 aliqui,
2031 1019 2198 1092 quod

544 1131 1037 1190 unumquemque
1067 1115 1496 1187 baptizatorum
1535 1113 1584 1168 is
1622 1112 1726 1185 qui
1756 1107 2102 1181 baptizabat
2137 1106 2198 1162 in

545 1220 772 1277 aquam
797 1205 875 1261 ad
896 1204 1114 1260 collum
1143 1219 1332 1276 usque
1351 1203 1688 1259 immissum
1709 1197 2030 1262 detinebat,
2055 1210 2200 1267 quo-

545 1309 730 1365 usque
759 1297 998 1365 peccata
1023 1309 1135 1348 sua
1165 1291 1472 1348 confessus
1502 1296 1674 1356 esset,
1710 1294 1766 1344 et
1794 1291 1929 1359 post
1977 1284 2200 1340 confes-

546 1383 777 1438 sionem
800 1383 865 1454 (τ)
889 1381 1248 1438 ascendebat
1264 1381 1337 1436 de
1351 1395 1530 1451 aqua.
1559 1377 1820 1433 Christus
1833 1380 2035 1431 autem
2058 1390 2196 1429 cum

542 1475 855 1543 peccatum
885 1485 1008 1526 non
1051 1469 1308 1533 haberet,
1342 1484 1464 1524 non
1495 1472 1584 1522 est
1609 1466 1875 1521 detentus
1900 1464 1958 1519 in
1992 1478 2149 1534 aqua
2181 1477 2192 1517 :

545 1562 603 1614 et
629 1559 874 1615 obhanc
891 1574 1135 1615 causam
1164 1556 1772 1627 aiuntevangelistam
1799 1551 2196 1624 dicere,quod

545 1646 742 1704 statim
775 1648 1046 1704 ascendit
1083 1647 1156 1702 de
1196 1663 1376 1719 aqua.

615 1735 776 1792 Vers.
821 1738 910 1792 16.
963 1737 1040 1791 Et
1085 1752 1211 1792 ecce
1241 1767 1308 1778 -—
1343 1733 1757 1804 complacitum
1813 1739 1912 1788 est.
1970 1729 2195 1786 Veteris

541 1824 735 1880 Adam
764 1825 1168 1880 inobedientia
1204 1824 1554 1895 paradisum
1585 1821 1759 1877 nobis
1786 1819 2017 1883 clausit,
2052 1818 2195 1876 novi

545 1917 748 1968 autem
772 1912 1108 1968 obedientia
1146 1912 1364 1966 caelum
1396 1910 1565 1965 nobis
1618 1909 1867 1980 aperuit.
1913 1907 2195 1977 Majorem

547 2000 708 2056 enim
743 2000 1040 2055 bonorum
1072 1999 1411 2054 fruitionem
1437 1997 1610 2053 nobis
1641 1995 1974 2066 acquisivit,
2009 2010 2195 2066 quam

546 2087 720 2144 fuerit
745 2087 1021 2159 perditio.
1044 2090 1108 2142 Et
1146 2087 1272 2142 vide
1312 2102 1426 2158 quo
1453 2090 1628 2158 pacto
1678 2084 1936 2140 Christus
1969 2082 2193 2154 populo

545 2175 990 2231 demonstratus
1034 2180 1124 2230 est
1164 2190 1175 2228 :
1230 2173 1385 2229 clare
1433 2172 1700 2228 videlicet
1729 2188 1794 2227 ac
1860 2169 2190 2228 manifeste.

545 2262 873 2334 Postquam
903 2263 1063 2318 enim
1088 2266 1335 2319 Joannes
1348 2262 1421 2318 de
1453 2262 1580 2334 ipso
1607 2261 1789 2316 turbis
1823 2259 2193 2332 praedixerat,

545 2365 616 2408 ac
647 2351 866 2408 sensim
898 2353 974 2409 ad
1000 2352 1178 2423 hujus
1204 2351 1362 2407 dicta
1392 2351 1665 2407 animum
1694 2348 2100 2413 advertebant,
2133 2350 2197 2403 ut

544 2440 823 2496 viderunt
846 2442 1026 2497 etiam
1056 2441 1254 2513 ipsum
1284 2442 1456 2512 quasi
1489 2455 1674 2495 unum
1731 2438 1806 2494 de
1835 2436 2055 2510 populo
2092 2435 2198 2493 ba-

544 2529 1221 2601 ptizari,otfendiculum
1268 2529 1428 2601 passi
1472 2533 1632 2586 sunt.
1682 2527 1748 2583 Et
1789 2526 2010 2583 idcirco
2063 2525 2196 2581 coeli

544 2618 789 2690 quidem
821 2620 1186 2690 aperiuntur,
1213 2618 1612 2682 ostendentes,
1640 2616 1801 2688 quod
1830 2615 2067 2688 abipsis
2096 2615 2195 2670 de—

545 2707 841 2761 scenderit
869 2707 1167 2771 columba,
1193 2710 1257 2761 ut
1281 2721 1459 2777 super
1488 2720 1849 2762 eumvocem
1881 2704 2192 2770 derivaret,

544 2810 620 2850 ne
672 2795 861 2864 ipsam
901 2795 976 2850 de
1023 2796 1247 2853 Joanne
1294 2793 1593 2851 testiﬁcari
1645 2798 1942 2866 putarent.
1997 2795 2063 2848 Et
2114 2792 2196 2848 ita
2235 2798 2244 2805 ‘

545 2883 717 2938 Pater
755 2882 1166 2940 testimonium
1216 2882 1375 2939 dedit
1424 2882 1611 2948 Filio;
1660 2882 1910 2955 Spiritus
1951 2884 2193 2937 sanctus

542 2984 686 3026 vero
713 2985 894 3042 super
940 2985 1068 3027 eum
1122 2970 1451 3037 descendit,
1501 2972 1674 3043 quasi
1721 2970 1906 3040 digito
1958 2968 2195 3025 demon-

545 3063 742 3116 strans
768 3059 931 3116 hunc
961 3074 1108 3126 esse,
1129 3060 1206 3116 de
1235 3076 1357 3131 quo
1388 3060 1634 3116 ferretur
1660 3059 2080 3118 testimonium.
2128 3059 2194 3113 In

545 3149 742 3221 specie
765 3153 960 3206 autem
985 3149 1299 3206 columbae.
1334 3149 1455 3206 Hoc
1480 3149 1638 3205 enim
1661 3148 1884 3205 animal
1903 3149 1963 3204 in
1991 3147 2194 3204 multis

543 3236 831 3310 Spiritum
855 3239 1425 3297 sanctumimitatur.
1460 3239 1766 3311 Siquidem
1791 3237 2025 3294 homini
2048 3235 2194 3294 ami-

543 3343 683 3385 cum
708 3333 817 3397 est,
841 3345 951 3385 nec
979 3328 1151 3385 facile
1176 3329 1432 3385 irritatur
1448 3329 1522 3384 ad
1539 3329 1712 3393 iram,
1747 3328 1924 3400 pullis
1951 3341 2192 3399 quoque

541 3418 844 3491 privatum
869 3418 1154 3490 patienter
1183 3418 1456 3481 sustinet,
1491 3433 1685 3488 neque
1737 3416 1933 3472 minus
1959 3415 2038 3472 ad
2086 3430 2189 3471 eos

542 3506 644 3578 qui
669 3522 731 3562 se
754 3508 1149 3578 privaverunt,
1189 3505 1414 3562 accedit
1453 3523 1466 3574 ;
1497 3505 1956 3562 mundissimum
2014 3504 2191 3561 etiam

540 3597 648 3658 est,
677 3599 734 3651 et
756 3595 918 3650 bono
943 3595 1161 3665 gaudet
1188 3594 1391 3651 odore.

612 3772 799 3844 Hujus
823 3789 1057 3847 quoque
1075 3772 1369 3832 columbae
1389 3773 1580 3846 ﬁgura
1607 3777 1727 3831 erat
1743 3772 1862 3840 illa,
1894 3789 2030 3846 quis
2068 3777 2189 3832 Noe

538 3865 721 3920 ﬁnem
745 3862 955 3920 diluvii
983 3864 1284 3922 nuntiavit.
1307 3863 1832 3930 Quemadmodum
1862 3864 2019 3920 enim
2051 3869 2188 3921 tunc

538 3957 666 4010 erat
688 3953 980 4010 diluvium
1012 3953 1090 4010 ab
1120 3969 1300 4025 aqua,
1327 3955 1408 4010 ita
1447 3959 1500 4009 et
1524 3969 1685 4009 nunc
1733 3969 1769 4008 a
1800 3958 2046 4024 peccato
2077 3971 2090 4010 :
2133 3956 2190 4010 et

541 4042 694 4100 sicut
708 4042 812 4099 illa
831 4041 1208 4098 denuntiavit
1234 4043 1632 4098 cessationem
1658 4042 1814 4097 illius
1844 4043 2070 4110 diluvii,
2107 4043 2189 4100 ita

537 4137 596 4187 et
613 4131 731 4187 ista
748 4131 928 4201 hujus
957 4130 1289 4201 praesentis.
1326 4131 1526 4201 Aperti
1555 4137 1692 4186 sunt
1722 4136 1922 4187 autem
1953 4132 2106 4197 caeli,
2131 4137 2188 4188 et

536 4233 716 4290 super
752 4217 1112 4290 baptizatum
1168 4216 1479 4274 descendit
1527 4219 1774 4290 Spiritus
1820 4224 2084 4285 sanctus,
2125 4223 2189 4276 ut

535 4307 845 4363 discamus
860 4322 1036 4378 super
1050 4321 1294 4363 omnem
1306 4307 1612 4364 hominem
1635 4307 1992 4380 baptizatum
2005 4307 2187 4364 ccelos

537 4395 766 4467 aperiri,
782 4396 1276 4468 vocantesipsum
1295 4395 1373 4452 ad
1392 4411 1714 4468 supernam
1732 4395 2182 4454 habitationem.

2303 504 2564 576 πληρώσω
2605 505 2666 553 τὸ
2710 500 2902 553 ἐκείνου
2954 501 3238 572 ὑστέρημα·
3287 503 3378 550 καὶ
3423 499 3482 558 ἧς
3521 496 3707 558 ἐκεῖνος
3742 496 3908 550 πάλαι

2304 589 2600 652 καταδίκης
2647 596 2752 650 τοῖς
2794 588 2845 652 ἐξ
2892 588 3053 641 αὐτοῦ
3103 584 3380 660 μετέδωκε,
3423 588 3615 646 ταύτης
3665 589 3762 656 ἐγὼ
3815 593 3908 638 νῦν

2307 680 2580 743 ἀπαλλάξω
2633 683 2750 739 τοὺς
2804 677 2856 740 ἐξ
2895 677 3038 750 ἐμοῦ.
3072 676 3272 736 Ἐντολὴ
3326 673 3385 728 δε
3434 671 3494 733 ἧν
3541 680 3686 739 Θεοῦ,
3724 676 3906 725 καὶτὸ

2303 770 2537 825 Ἰωάννου
2595 768 2894 841 βάπτισμα·
2943 770 3114 839 εἴρηκε
3156 768 3258 838 γὰρ
3291 765 3464 832 αὐτος,
3500 764 3580 816 ὃτι
3606 763 3665 815 Ὀ
3690 761 3906 834 πέμψας

2306 879 2368 932 με
2427 857 2702 931 βαπτίζειν
2757 856 2804 908 ἐν
2871 852 3053 925 ὕδατι,
3119 853 3307 916 ἐκεῖνός
3359 873 3450 926 μοι
3506 855 3632 921 εἰπε,
3687 856 3777 903 καὶ
3837 852 3908 903 τά

2307 948 2390 1009 ἐξῆ
2404 969 2443 1009 ς.

2376 1039 2502 1088 Τότε
2566 1065 2635 1075 --
2707 1031 2920 1095 ὕδατος.

2309 1124 2726 1197 βαπτιζομένων,
2780 1123 2957 1194 χαλῶν
3014 1124 3039 1174 ό
3122 1121 3420 1194 βαπτιστὴς
3476 1117 3901 1192 ἄχριτραχήλου,

2307 1220 2548 1283 κατεῖχεν
2621 1212 2796 1277 αὐτόν,
2877 1212 2969 1271 ἓως
3039 1209 3099 1260 ἂν
3158 1210 3269 1280 (93)
3324 1207 3753 1280 ἐξωμολογήσατο
3809 1210 3904 1269 τὰς

2307 1301 2564 1375 ἁμαρτίας
2630 1301 2808 1364 αὐτοῦ,
2860 1305 2948 1352 καὶ
2995 1303 3107 1351 τότε
3161 1297 3352 1370 ἀφεθεὶ,
3396 1293 3605 1350 ἀνέδυεν
3661 1295 3762 1349 ἀπὸ
3811 1303 3904 1348 τοῦ
3949 1299 3952 1307 ί

2307 1387 2519 1450 ὓδατος·
2573 1391 2598 1440 ό
2641 1387 2698 1441 δὲ
2740 1392 2984 1462 Χριστὸς,
3043 1392 3114 1460 μὴ
3166 1389 3301 1458 ἔχων
3348 1385 3626 1459 ἁμαρτίαν,
3677 1385 3770 1436 ούκ
3821 1383 3904 1436 ἐν·-

2307 1475 2555 1551 εϐράδυνε
2585 1478 2697 1549 (94)
2725 1485 2796 1546 τῷ
2845 1473 3024 1542 ὒδατι,
3056 1481 3144 1527 καὶ
3189 1477 3374 1526 τούτου
3404 1478 3565 1548 χάριν
3595 1472 3710 1544 (95)
3747 1474 3904 1526 εἰπεῖν

2307 1571 2392 1619 τὸν
2428 1565 2820 1637 εύαγγελιστὴν,
2849 1567 2929 1617 ὄτι
2950 1565 3102 1625 εὐθὺς
3129 1562 3279 1621 ἀνέϐη
3314 1562 3414 1614 ἀπὸ
3449 1569 3540 1614 τοῦ
3569 1558 3782 1623 ὓδατος.

2997 1037 3132 1086 Φασί
3192 1051 3344 1099 τινες,
3399 1031 3478 1083 ὃτι
3527 1029 3744 1082 ἕκαστον
3803 1037 3904 1082 τῶν

2378 1749 2473 1798 Καὶ
2509 1740 2624 1796 ἰδοὺ
2665 1775 2730 1784 -
2776 1740 3061 1800 εὐδόκησα.
3090 1741 3146 1794 Ἠ
3195 1744 3284 1813 μὲν
3336 1744 3574 1816 παρακοὴ
3621 1747 3712 1794 τοῦ
3736 1739 3901 1794 πάλαι

2303 1830 2475 1905 Ἃδάμ
2521 1832 2814 1885 ἀπέκλεισεν
2863 1834 2988 1903 ἡμῖν
3026 1834 3111 1882 τόν
3149 1826 3491 1904 παράδεισον,
3523 1831 3554 1888 ἡ
3607 1826 3654 1882 δ’
3691 1831 3896 1889 ὑπακοὴ

2304 1931 2396 1975 τοῦ
2452 1927 2588 1988 νέου,
2665 1921 2833 1983 ἡνοιξε
2897 1924 3014 1980 τοὺς
3089 1919 3357 1991 οὐρανοὺς,
3424 1922 3900 1993 περιποιησαμένου

2303 2013 2428 2083 ἡμῖν
2513 2009 2800 2062 ἀπόλαυσιν
2880 2009 3095 2082 μείζονα
3179 2015 3276 2070 τῆς
3347 2007 3686 2068 ἀπολωλυίας.
3763 2003 3904 2081 Ὀρα

2305 2097 2383 2167 δὲ,
2437 2108 2547 2160 πῶς
2586 2100 2612 2151 ὁ
2659 2100 2889 2172 Χριστὸς
2929 2094 3296 2150 ἀναδείκνυται
3332 2105 3405 2169 τῷ
3424 2096 3531 2167 λαῷ
3569 2097 3816 2172 λαμπρῶς
3845 2116 3902 2150 τε

2303 2193 2392 2242 καί
2458 2186 2879 2260 μεγαλοπρεπῶς.
2933 2186 3072 2240 Ἐπεὶ
3128 2189 3228 2261 γὰρ
3292 2188 3318 2239 ό
3382 2185 3616 2248 Ἰωάννης
3686 2193 3901 2260 προεῖπε

2303 2281 2421 2352 περὶ
2461 2276 2622 2329 αὐτοῦ
2665 2283 2776 2337 τοῖς
2806 2275 3009 2347 ὄχλοις,
3040 2265 3141 2328 καί
3179 2276 3348 2351 ἠρέμα
3383 2277 3549 2347 τούτῳ
3589 2283 3899 2351 προσεῖχον,

2304 2369 2372 2428 ὡς
2401 2362 2540 2419 εἶδον
2583 2369 2672 2418 καὶ
2716 2365 2870 2418 αὐτὸν
2904 2363 3302 2437 βαπτιζόμενον,
3335 2367 3402 2426 ὡς
3433 2365 3519 2417 ἕνα
3543 2372 3643 2416 τῶν
3680 2364 3897 2436 πολλῶν,

2304 2451 2814 2512 ἐσκανδαλίσθησαν.
2869 2458 2970 2507 Καὶ
3007 2453 3184 2508 λοιπὸν
3223 2452 3518 2525 ἀνοίγονται
3569 2456 3658 2525 μεν
3715 2455 3765 2506 οἱ
3816 2456 3901 2506 ού-

2303 2549 2470 2620 ρανοὶ,
2504 2541 2842 2610 δεικνύοντες,
2894 2545 2974 2595 ὅτι
3008 2542 3061 2605 ἐξ
3105 2543 3272 2594 αὐτῶν
3325 2541 3549 2600 κατῆλθε
3603 2546 3693 2594 καὶ
3739 2544 3769 2600 ἠ
3803 2561 3900 2596 πε-

2302 2635 2538 2709 ριστερὰ,
2578 2637 2666 2686 καὶ
2719 2633 2749 2690 ἡ
2807 2637 2968 2704 φωνή.
3018 2632 3233 2684 Κάτεισι
3283 2627 3342 2683 δὲ
3395 2632 3426 2688 ἡ
3620 2635 3786 2704 φωνὴ,
3815 2630 3902 2683 ἳνα

2303 2725 2541 2795 μάθωσιν
2571 2724 2620 2774 οἱ
2667 2723 2936 2794 παρόντες,
2968 2724 3047 2782 τίς
3093 2719 3233 2772 ἐστιν
3258 2721 3296 2778 ,ό
3337 2717 3734 2791 βαπτιζόμενος·
3767 2721 3799 2778 ἡ
3834 2717 3896 2772 δέ

2304 2813 2603 2887 περιστερὰ,
2663 2811 2746 2862 ἶνα
2792 2809 2983 2882 ἑλκύσῃ
3020 2813 3114 2867 τὴν
3148 2810 3315 2880 φωνὴν
3374 2806 3448 2860 ἐπ’
3486 2807 3662 2875 αὐτόν,
3695 2813 3784 2860 καὶ
3821 2813 3894 2881 μὴ

2302 2905 2610 2973 νομίσωσιν,
2659 2900 2737 2952 ὅτι
2792 2903 2908 2971 περὶ
2936 2897 3170 2951 Ἰωάννου
3224 2902 3477 2971 μαρτυρεῖ
3517 2898 3548 2955 ἠ
3588 2902 3748 2969 φωνὴ.
3793 2901 3889 2950 Καὶ

2304 2990 2329 3042 ό
2377 2992 2466 3061 μὲν
2517 2992 2698 3062 Πατὴρ
2739 2988 2928 3039 ἄνωθεν
2982 2985 3309 3060 ἐμαρτύρησε
3364 2989 3482 3060 περὶ
3524 2993 3616 3038 τοῦ
3665 2988 3806 3039 Υὶοῦο
3837 2988 3895 3038 τὸ

2305 3074 2364 3130 δὲ
2390 3084 2598 3150 Πνεῦμα
2626 3080 2684 3128 τὸ
2723 3075 2872 3147 ἅγιον
2903 3073 3092 3132 κατέϐη
3144 3073 3218 3126 ἐπ’
3255 3073 3426 3145 αὑτὸν,
3479 3073 3594 3126 ἀντὶ
3635 3071 3895 3128 δακτύλου

2304 3163 2556 3236 δεικνύον,
2591 3164 2672 3217 ὃτι
2724 3164 2872 3224 οὗτός
2926 3161 3066 3216 ἐστιν
3110 3165 3135 3216 ό
3183 3165 3622 3238 μαρτυρούμενος.
3659 3162 3738 3216 Ἐν
3766 3159 3896 3218 είδει

2303 3252 2364 3308 δὲ
2391 3260 2718 3329 περιστερᾶς,
2753 3249 2893 3305 διότι
2933 3257 3074 3305 τουτὶ
3112 3255 3171 3304 τὸ
3231 3253 3361 3312 ζῶον
3413 3251 3466 3304 ἐκ
3506 3255 3704 3324 φύσεως
3735 3259 3897 3326 μιμή-

2301 3363 2439 3416 ματα
2486 3345 2598 3415 ἔχει
2648 3339 2738 3394 τοῦ
2802 3341 2954 3413 ἁγίου
3011 3343 3322 3413 Πνεύματος,
3383 3341 3742 3415 Φιλάνθρωπον
3797 3345 3896 3416 γὰρ

2301 3431 2413 3486 ἔστι
2489 3437 2579 3485 καὶ
2664 3429 2979 3494 ἀνεξίκακον.
3068 3429 3533 3502 Ἀποστερούμενον
3611 3433 3712 3504 γὰρ
3798 3440 3898 3484 τῶν

2299 3528 2525 3572 νεοσσῶν
2573 3521 2832 3593 ὑπομένει,
2864 3524 2954 3572 καὶ
2995 3516 3144 3572 οὐδὲν
3195 3519 3348 3577 ἧττον
3378 3522 3499 3580 τοὺς
3547 3519 3896 3594 ἀποστεροῦν-

2299 3628 2388 3669 τας
2436 3614 2728 3683 προσίεται.
2764 3613 2865 3662 Καὶ
2902 3611 3270 3684 καθαρώτατόν
3301 3606 3434 3680 ἔστι,
3477 3613 3567 3660 καὶ
3595 3616 3657 3680 τῇ
3701 3605 3898 3684 εὐωδίᾳ

2297 3703 2494 3772 χαίρει.

2367 3786 2511 3860 ’Δμα
2549 3782 2608 3842 δὲ
2651 3789 2845 3848 ταύτης
2893 3793 2988 3847 τῆς
3033 3791 3341 3861 περιστερᾶς
3387 3787 3548 3846 τύπος
3606 3781 3666 3844 ἧν
3707 3786 3895 3855 ἐκείνη,

2299 3879 2329 3936 ἡ
2375 3885 2447 3949 τῷ
2499 3883 2611 3931 Νῶε
2658 3884 2750 3930 τοῦ
2801 3874 3171 3948 κατακλυσμοῦ
3213 3879 3306 3933 τὴν
3360 3874 3508 3926 λύσιν
3561 3875 3898 3947 εὐαγγελισα-

2297 3970 2444 4039 μένη.
2492 3964 2692 4039 Ὠσπερ
2739 3968 2840 4038 γὰρ
2885 3969 3000 4017 τότε
3046 3963 3406 4036 κατακλυσμὸς
3460 3960 3519 4022 ἧν
3573 3962 3625 4026 ἐξ
3677 3961 3893 4036 ὓδατος,

2298 4054 2432 4107 οὓτω
2480 4059 2569 4106 καὶ
2619 4062 2708 4105 νῦν
2764 4053 2817 4116 ἐξ
2851 4052 3128 4128 ἁμαρτίας.
3166 4057 3266 4105 Καὶ
3307 4051 3478 4127 ὣσπερ
3531 4051 3692 4110 ἐκείνη
3745 4052 3898 4124 5131;7-

2295 4142 2540 4214 γελίσατο
2614 4146 2709 4199 τὴν
2784 4146 3008 4195 κόπασιν
3080 4140 3269 4194 ἐκείνου
3357 4147 3449 4193 τοῦ
3501 4140 3892 4213 κατακλυσμοῦ,

2297 4229 2431 4282 οὕτω
2461 4235 2551 4281 καὶ
2590 4229 2722 4288 αὕτη
2754 4239 2846 4283 τοῦ
2879 4235 3154 4305 παρόντος.
3186 4229 3560 4301 Ἠνεῴχθησαν
3620 4226 3679 4282 δὲ
3731 4231 3780 4282 οἱ
3805 4230 3895 4283 ού-

2295 4323 2464 4393 ρανοὶ,
2507 4323 2596 4372 καὶ
2647 4320 2897 4378 κατῆλθεν
2946 4319 3027 4372 ἐπὶ
3056 4323 3141 4371 τόν
3183 4317 3566 4391 βαπτιζόμενον
3595 4322 3652 4370 τὸ
3687 4315 3894 4392 Πνεῦμα

2294 4410 2353 4460 τὸ
2408 4406 2577 4480 ἅγιον,
2642 4409 2725 4462 ἵνα
2781 4410 3023 4481 μάθωμεν
3081 4410 3160 4460 ὅτι
3218 4407 3301 4460 ἐπὶ
3362 4411 3554 4468 παντὸς
3621 4405 3892 4481 ἀνθρώπου

532 4485 624 4541 Ad
652 4500 792 4540 eum
830 4500 1064 4557 quoque
1101 4485 1328 4542 accedit
1359 4485 1612 4558 Spiritus
1646 4493 1904 4545 sanctus.
1958 4487 2184 4552 Quodsi

2301 4495 2682 4570 βαπτιζομένου
2743 4496 3036 4569 ἀνοίγονται
3090 4498 3181 4569 μὲν
3239 4501 3287 4548 oi
3344 4495 3572 4571 οὐρανοὶ,
3627 4495 3894 4558 καλοῦντες

532 4575 664 4630 haec
695 4573 1076 4633 sensibilibus
1107 4573 1294 4632 oculis
1324 4590 1445 4632 non
1479 4577 1773 4642 videmus,
1815 4591 1889 4633 ne
1919 4576 2178 4635 diffidas.

531 4663 714 4734 Signa
724 4678 987 4736 namque
999 4663 1276 4722 ﬁdelibus
1292 4681 1411 4722 non
1425 4664 1660 4732 dantur,
1677 4664 2130 4723 sedinﬁdelibus
2165 4684 2181 4736 ;

529 4752 706 4811 nobis
729 4757 932 4812 autem
960 4754 1269 4827 signorum
1296 4754 1430 4814 loco
1454 4754 1673 4813 sufﬁcit
1716 4754 1898 4818 ﬁdes.

525 5004 532 5012 ’
600 5033 648 5071 ⁸⁸
673 5034 837 5093 Joan.
872 5051 910 5103 ι,
937 5038 1025 5093 33.

2293 4587 2448 4640 αὐτόν
2483 4586 2555 4647 εἰς
2598 4591 2690 4645 τὴν
2733 4585 2836 4638 ἀνω
2878 4589 3168 4638 κατοικίαν·
3202 4584 3442 4655 ἐπιφοιτᾷ
3494 4581 3552 4636 δε
3592 4588 3758 4656 τούτῳ
3805 4589 3893 4637 καὶ

2289 4678 2346 4730 τὸ
2387 4682 2596 4748 Πνεῦμα
2625 4678 2680 4728 τὸ
2708 4675 2876 4746 ἅγιον.
2927 4679 2988 4726 Εί
3039 4671 3098 4727 δὲ
3134 4678 3203 4746 μὴ
3256 4681 3363 4734 τοῖς
3402 4673 3678 4736 αἰσθητοῖς
3728 4681 3892 4726 ταῦτα

2292 4763 2544 4838 βλέπομεν
2585 4763 2886 4838 ὀφθαλμοῖς,
2937 4767 3008 4836 μὴ
3062 4761 3386 4836 ἀπιστήσῃς.
3427 4763 3505 4815 re
3560 4769 3754 4835 σημεῖα
3789 4764 3886 4835 γάρ

2290 4855 2349 4908 ού
2403 4861 2508 4915 τοῖς
2561 4856 2914 4920 πιστεύουσιν,
2971 4851 3099 4905 ἀλλά
3159 4859 3266 4916 τοῖς
3327 4851 3587 4913 ἀπίστοις·
3647 4853 3774 4926 ἡμῖν
3832 4846 3890 4905 δι

2291 4942 2438 5018 ἀρκεῖ
2464 4945 2494 5003 ἠ
2533 4947 2734 5010 πίστις,
2763 4941 2877 4996 ἀντὶ
2905 4945 3152 5016 σημείων.

1760 5160 1983 5234 Variae
2012 5162 2346 5237 lectiones
2388 5177 2452 5236 et
2482 5176 2686 5236 notae.

600 5301 714 5375 (93)
781 5297 1003 5373 Conjici
1079 5302 1272 5387 possit
1344 5302 1796 5387 ἐξομολογήσαιτο,
1876 5308 1983 5364 etsi
2031 5326 2176 5387 _non

525 5373 754 5500 igrtioro,
788 5373 1109 5432 memorari
1138 5377 1410 5448 exempla
1427 5373 1737 5450 particulae
1768 5375 1828 5431 ἂν
1859 5395 1998 5436 cum
2027 5381 2176 5437 indi-

526 5461 598 5503 ca
627 5461 738 5501 ivo.

2359 5311 2447 5372 (94
2513 5307 2797 5383 Ἐϐράδυνε
2827 5318 2892 5367 Α.

2360 5312 2472 5455 (θῦζ
2515 5382 2641 5436 Ἀπὸ
2673 5391 2844 5436 κοινοῦ
2872 5403 2892 5436 τ

2360 5382 2472 5455 (95)
2515 5382 2641 5436 Ἀπὸ
2673 5391 2844 5436 κοινοῦ
2872 5385 2930 5436 τὸ
2959 5385 3145 5457 φασίν.

590 5624 654 5700 (ι)
679 5623 900 5700 Ἀφεθείς
929 5641 1054 5686 non
1081 5628 1186 5698 est,
1205 5633 1340 5700 post
1370 5628 1806 5700 confessionem,
1842 5631 1965 5700 sed,
1999 5639 2054 5691 et
2084 5638 2223 5691 tunc
2251 5631 2495 5700 missus,
2523 5631 2825 5695 dimissus.
