4166 6314
242 369 343 435 173
1210 365 1573 433 COMMENT.
1617 373 1691 429 IN
1732 364 2178 432 MATTH/EUM.
2220 408 2286 419 —
2326 336 2486 438 CAP.
2520 380 2622 437 III.
3485 385 3587 446 ιλιι

313 508 374 557 Σὺ
443 500 502 556 δὲ
553 503 1074 578 προσεπιθεὼρῆσον,
1154 503 1254 572 ὅτι,
1330 500 1503 577 ὥσπερ
1575 500 1659 555 ἐπὶ
1734 506 1826 553 τοῦ

2008 502 2197 558 Simul
2225 503 2393 560 etiam
2420 504 2659 562 attende

241 596 433 664 Πάσχα
474 591 521 644 ἐν
564 597 662 665 μίᾴ
707 593 938 665 τραπέζῃ
992 590 1295 664 πεπλήρωκε
1346 594 1435 663 μεν
1491 596 1581 643 καὶ
1636 594 1829 644 ἔπαυσε

236 685 291 735 τὸ
324 679 613 735 Ἰουδαῑκόν
646 684 864 754 Πάσχα,
917 680 1087 755 ἀρχὴν
1121 677 1179 732 δὲ
1206 688 1278 750 τῷ
1328 679 1495 751 οἰκείῳ
1542 677 1767 733 δέδωκεν
1804 698 1819 711 ο

234 770 367 823 οὑτω
418 776 508 823 καὶ
573 770 655 823 ἐπὶ
715 772 807 823 τοὺ
892 769 1276 842 βαπτίσματος,
1356 772 1405 820 ὲν
1488 769 1558 821 ἑνὶ
1613 778 1829 841 ποταμῷ

227 865 317 911 καὶ
362 862 517 931 ἄμφω
568 865 863 917 πεποίηκεν.
914 858 981 911 ’Ἡ
1034 878 1088 911 τε
1143 862 1243 930 γὰρ
1297 859 1492 922 ἄνοιξις
1538 868 1636 911 τῶν
1676 860 1829 933 ούρα-

223 956 346 1014 νῶν,
403 954 493 1001 καὶ
543 951 571 1007 ἡ
622 948 950 1021 ἐπιφοίτησις
1001 954 1093 999 τοῦ
1155 947 1306 1019 ἁγίου
1372 951 1683 1021 Πνεύματος,
1739 956 1830 1001 τοῦ

222 1045 612 1110 Χριστιανικοῦ
665 1037 1035 1110 βαπτίσματος
1085 1034 1219 1095 ἦσαν
1275 1040 1722 1112 προχαράγματοὶ.
1768 1042 1831 1091 Τί

227 1123 293 1178 δέ
319 1129 437 1178 εστι
466 1129 545 1190 τό,
572 1125 650 1179 Ἐν
750 1124 1015 1184 εὐδόκησα
1046 1143 1060 1193 ;
1090 1125 1229 1178 Ἀντὶ
1282 1134 1392 1192 τοῦ,
1508 1126 1829 1179 ἐπαναπαύο-

229 1234 337 1286 μαι
373 1232 385 1244 ·
420 1215 449 1272 ἢ
482 1211 682 1280 ἐπειδὴ,
730 1217 1054 1286 γεννηθέντος
1100 1216 1279 1281 αὑτοῦ,
1313 1217 1359 1267 οἱ
1390 1216 1597 1286 ἄγγελοι
1641 1216 1830 1287 ὑμνουν

227 1303 515 1374 λέγοντεςθ
548 1304 677 1366 Δόξα
735 1303 783 1355 ἐν
836 1304 1074 1374 ὑψίστοις
1130 1311 1263 1373 Θεῷ,
1324 1309 1413 1356 καὶ
1468 1303 1551 1356 ἐπὶ
1611 1312 1709 1376 γῆς
1765 1304 1831 1356 εἰ·

219 1396 390 1466 ρὴνη,
468 1390 516 1442 ἐν
586 1391 873 1465 ἀνθρώποις
948 1389 1466 1445 εύδοκία·Εύδοκία
1536 1391 1595 1445 δέ
1669 1391 1826 1464 ἐστιν,

218 1482 252 1537 ἡ
292 1479 473 1551 ἀγαθὴ
528 1480 733 1541 θέλησις
767 1498 778 1511 ’
813 1479 983 1551 ἀγαθὴ
1033 1478 1092 1534 δὲ
1140 1481 1346 1542 θέλησις
1391 1478 1472 1547 ἧν,
1509 1485 1567 1534 τό
1601 1483 1832 1540 σωθῆναι

222 1572 349 1630 τοὺς
401 1567 702 1643 ἀνθρώπους
739 1588 752 1600 ·
784 1576 872 1620 νῦν
926 1570 1080 1637 εἶπεν,
1132 1573 1210 1622 ὅτι
1260 1571 1421 1630 Οὗτός
1482 1569 1638 1637 ἐστιν,
1696 1570 1742 1622 ἐν

228 1661 299 1709 τὰ
342 1660 518 1728 ἀγαθὰ
560 1657 813 1723 ἡθελησα,
865 1664 1122 1725 τουτέστι,
1169 1657 1240 1712 δι’
1287 1659 1346 1711 οὗ
1384 1662 1414 1717 ἡ
1452 1664 1688 1734 σωτηρία
1734 1667 1831 1711 τῶν

234 1744 535 1820 ἀνθρώπων.

2710 525 2723 565 :
2774 508 2939 581 quod
2987 509 3137 568 sicut
3180 512 3242 569 in
3290 512 3589 572 Paschate

1937 590 2060 647 sive
2101 594 2281 649 Coena
2321 594 2575 665 mystica
2618 595 2719 667 (ιι),
2764 596 2825 652 in
2869 614 2990 653 una
3024 616 3233 658 mensa
3282 603 3590 660 Iudaicum

1936 681 2166 752 pascha
2192 681 2535 753 adimplevit
2561 700 2631 739 ac
2661 684 2871 753 ﬁnivit,
2906 692 2961 743 et
2988 705 3099 745 suo
3128 690 3288 747 dedit
3313 692 3545 749 initium
3572 709 3586 748 :

1939 769 2019 824 ita
2049 785 2290 841 quoque
2319 770 2377 825 in
2403 771 2784 843 baptismate,
2826 776 2885 830 in
2918 777 3128 833 eodem
3176 778 3423 836 ﬂumine
3452 781 3591 839 fecit

1937 858 2570 929 utrumque.leorum
2603 862 2761 917 enim
2793 864 3104 935 apertio,et
3125 866 3373 937 Spiritus
3401 870 3589 927 sancti

1939 946 2267 1011 descensio,
2304 946 2610 1003 Christiani
2639 949 3023 1021 baptismatis
3053 952 3214 1010 dona
3234 960 3418 1011 erant.
3438 957 3591 1023 Quid

1941 1040 2031 1089 est
2058 1039 2280 1090 autem.
2319 1035 2389 1090 In
2422 1052 2532 1107 quo
2558 1037 2707 1093 mihi
2735 1041 3144 1109 complacitum
3174 1051 3253 1098 est
3283 1044 3311 1097 t’
3354 1047 3473 1100 Hoc
3500 1049 3593 1103 est

1938 1120 1998 1176 in
2024 1137 2142 1193 quo
2172 1122 2453 1178 oblector.
2485 1123 2600 1191 Vel,
2639 1126 2783 1197 quia
2809 1131 2949 1183 nato
2976 1127 3107 1199 ipso
3136 1128 3337 1185 laudes
3370 1132 3589 1187 cecine-

1938 1215 2076 1266 runt
2107 1211 2325 1279 angeli,
2366 1211 2626 1268 dicentes
2669 1229 2683 1268 :
2718 1215 2919 1272 Gloria
2948 1216 3013 1271 ιή
3039 1217 3329 1274 altissimis
3369 1220 3502 1287 Deo,
3537 1225 3594 1277 et

1937 1298 2001 1353 in
2028 1305 2189 1355 terra
2209 1315 2346 1370 pax,
2391 1302 2453 1356 in
2480 1301 2811 1359 hominibus
2845 1304 3266 1376 beneplacitum
3289 1310 3355 1373 ⁸ο,
3385 1308 3446 1363 id
3478 1312 3589 1374 est,

1938 1388 2102 1443 bona
2130 1386 2426 1445 voluntas.
2462 1389 2624 1447 Bona
2642 1396 2838 1447 autem
2872 1393 3140 1450 voluntas
3170 1401 3291 1454 erat
3318 1400 3381 1452 ut
3408 1396 3595 1452 homi-

1939 1490 2047 1531 nes
2073 1476 2448 1533 salvarentur
2473 1478 2607 1534 ideo
2634 1495 2793 1536 nunc
2817 1482 2958 1537 dicit
2985 1499 2998 1537 :
3026 1483 3124 1538 Hic
3150 1485 3322 1551 est,in
3341 1501 3459 1558 quo
3484 1486 3591 1542 ho-

1941 1566 2205 1621 minibus
2228 1568 2389 1624 bona
2412 1567 2590 1633 volui,
2626 1569 2740 1626 hoc
2772 1574 2877 1637 est,
2907 1588 3013 1643 per
3051 1589 3232 1645 quem
3267 1580 3358 1632 est
3385 1574 3590 1633 homi-

1942 1669 2089 1710 num
2120 1655 2298 1711 salus.

308 1840 437 1889 Τότε
467 1867 533 1875 -
559 1837 659 1888 ὑπὸ
707 1842 801 1888 τοῦ
832 1833 1101 1892 διαϐόλου.
1158 1834 1392 1903 Ἐπειδὴ,
1443 1840 1506 1897 ὡς
1548 1838 1832 1910 ἅνθρωπος,

2014 1832 2156 1903 Cap.
2181 1832 2277 1901 IV,
2300 1849 2358 1889 v.
2387 1834 2437 1889 1.
2472 1834 2632 1891 Τιιηι·
2660 1864 2731 1877 --
2758 1850 2796 1892 a
2823 1837 3075 1895 diabolo.
3115 1841 3437 1911 Postquam
3465 1841 3596 1898 tan.

234 1926 407 1977 πάντα
436 1928 563 1998 πρὸς
612 1921 967 1977 διδασκαλίαν
1017 1934 1115 1977 τῶν
1169 1925 1446 1998 ἀνθρώπων
1489 1930 1577 1978 καὶ
1620 1929 1835 1998 ἔπραττε

234 2018 323 2065 καὶ
375 2015 638 2085 ὑπέμενεν,
692 2010 979 2067 ἐκδίδωσιν
1035 2014 1211 2067 ἑαυτὸν
1262 2017 1390 2087 μετὰ
1438 2018 1496 2067 τό
1554 2013 1835 2087 βάπτισμα

234 2109 308 2172 τῷ
361 2102 496 2174 ἁγίῳ
530 2105 805 2176 Πνεύματι,
858 2107 947 2155 καὶ
990 2104 1076 2155 ὑπ’
1125 2104 1284 2156 αὑτοῦ
1328 2106 1529 2176 ἄγεται,
1563 2106 1685 2179 πρὸς
1717 2103 1741 2155 ὃ
1773 2103 1831 2154 ἆν

237 2188 394 2242 ἐκεῖνο
444 2189 645 2264 κελεύῃ,
693 2196 783 2244 καὶ
827 2191 1067 2264 ἀνάγεται
1113 2192 1177 2253 εἰς
1222 2198 1316 2250 τὴν
1372 2196 1581 2266 ἔρημον,
1634 2192 1716 2245 ἐπὶ
1763 2200 1833 2263 τῷ

233 2279 593 2350 πολεμηθῆναι
641 2281 741 2332 ὑπό
769 2288 858 2333 τοῦ
899 2276 1167 2346 διαϐόλου,
1225 2282 1308 2333 ἶνα
1361 2286 1452 2333 καὶ
1505 2285 1569 2333 σὺ
1616 2282 1746 2353 μετὰ
1774 2284 1831 2332 τό

234 2366 521 2440 βάπτισμα
571 2373 758 2440 μηκέτι
808 2372 1021 2422 σεαυτόν
1076 2372 1229 2441 ἄγῃς,
1296 2369 1424 2422 ἀλλὰ
1478 2371 1579 2442 ἄγῃ
1645 2370 1832 2441 μᾶλλον

233 2456 333 2509 ὑπὸ
398 2464 492 2508 τοῦ
559 2460 876 2529 Πνεύματος,
929 2463 1019 2510 καὶ
1077 2460 1177 2524 ἵνα,
1249 2461 1377 2531 μετὰ
1428 2461 1486 2510 τὸ
1554 2458 1835 2531 βάπτισμα

235 2550 559 2619 περιπίπτων
613 2554 936 2620 πειρασμοῖς,
981 2551 1052 2619 μὴ
1100 2549 1349 2621 ταράττῃ.
1391 2550 1484 2599 Διὰ
1534 2555 1686 2599 τοῦτο
1732 2549 1832 2621 γὰρ

242 2632 526 2699 ὡπλίσθης,
594 2635 675 2686 ἱνα
745 2635 989 2708 πολεμῇς.
1059 2639 1208 2689 Ὅθεν
1280 2635 1402 2688 ούὸε
1466 2637 1651 2688 κωλύει
1716 2640 1834 2697 τοὺς

239 2726 560 2795 πειρασμοὺς
612 2722 843 2785 ἐπιόντας
892 2726 915 2775 ό
961 2729 1107 2786 Θεὸς.
1158 2732 1364 2797 Πρῶτον
1413 2729 1521 2797 μὲν,
1575 2726 1659 2776 ἵνα
1702 2733 1837 2796 γνῷς

236 2814 321 2869 τὴν
358 2808 584 2883 δύναμιν
614 2820 711 2873 τῆς
748 2815 1102 2886 περιτεθείσης
1146 2833 1227 2865 σοι
1274 2813 1564 2875 πανοπλίας
1593 2832 1604 2844 ·
1637 2817 1831 2879 ἔπειτα,

232 2900 313 2952 ἵνα
362 2903 541 2973 μάθῃς
602 2901 834 2973 πολεμεῖν
868 2920 880 2931 ·
931 2900 1060 2968 εἶτα,
1124 2903 1205 2954 ἵνα
1260 2906 1377 2975 γένῃ
1437 2900 1654 2974 δόκιμος
1688 2924 1700 2935 ·
1759 2899 1832 2954 εἶθ

230 2989 415 3055 οὑτως,
486 2991 568 3041 ἱνα
617 2995 689 3061 μὴ
758 2989 1119 3063 ὑψηλοφρονῇς
1165 3009 1176 3020 ·
1225 2990 1308 3043 ἐπὶ
1362 2989 1420 3043 δὲ
1481 2995 1697 3057 τούτοις,
1753 2992 1836 3043 ἵνα

234 3073 406 3149 εἰδῇς,
478 3078 556 3129 ὅτι
625 3083 787 3149 μέγαν
857 3077 1211 3140 ἓνεπιστεύθης
1281 3081 1560 3153 θησαυρόν.
1616 3080 1682 3135 Εἰ
1734 3082 1835 3153 γὰρ

1941 1935 2127 1991 quam
2152 1920 2334 1978 homo
2358 1923 2562 1979 omnia
2581 1923 2658 1979 ad
2682 1923 2996 1981 hominum
3025 1926 3358 1984 doctrinam
3383 1929 3435 1984 et
3461 1929 3597 1985 fecit

1941 2013 1996 2065 et
2023 2008 2169 2075 tulit,
2193 2012 2581 2081 semetipsum
2598 2016 2731 2083 post
2746 2012 3113 2085 baptismum
3132 2015 3365 2087 Spiritui
3386 2019 3596 2073 sancto

1943 2097 2135 2161 tradit,
2170 2102 2232 2154 ut
2258 2098 2336 2154 ab
2365 2114 2436 2154 eo
2479 2099 2750 2168 ducatur,
2796 2117 3157 2176 quocunque
3208 2103 3303 2160 ille
3328 2104 3591 2176 jusserit.

1942 2186 2180 2242 Ducitur
2200 2191 2401 2243 autem
2427 2188 2487 2243 in
2512 2188 2836 2257 desertum,
2871 2195 2990 2248 uta
3014 2192 3259 2249 diabolo
3289 2207 3597 2265 oppugnes

1942 2278 2054 2340 tur,
2076 2280 2221 2331 utet
2250 2280 2311 2332 tu
2331 2281 2464 2347 post
2483 2276 2851 2348 baptismum
2879 2295 3260 2353 nequaquam
3291 2282 3374 2337 tui
3409 2282 3598 2354 ipsius

1942 2362 2152 2419 ductor
2165 2363 2375 2428 sis,sed
2389 2364 2626 2421 ducaris
2644 2366 2840 2437 potius
2872 2383 2909 2424 a
2934 2369 3150 2439 Spiritu
3163 2373 3217 2426 et
3236 2374 3371 2441 post
3387 2370 3598 2441 baptis-

1944 2468 2109 2507 mum
2136 2452 2196 2507 in
2226 2452 2574 2509 tentationes
2603 2454 2868 2509 incidens
2898 2471 3022 2512 non
3052 2457 3323 2513 turberis.
3361 2458 3453 2512 Ad
3481 2458 3598 2514 hoc

1944 2541 2103 2597 enim
2134 2545 2400 2596 armatus
2447 2557 2526 2606 es,
2561 2548 2625 2598 ut
2655 2544 2958 2614 praelieris.
3004 2548 3070 2601 Et
3108 2545 3250 2601 hinc
3292 2551 3398 2612 est,
3432 2545 3598 2618 quod

1945 2631 2289 2687 accedentes
2315 2633 2666 2688 tentationes
2694 2636 2848 2689 Deus
2878 2650 2995 2689 non
3021 2636 3313 2707 prohibet.
3340 2637 3600 2692 Primum

1942 2720 2210 2792 quidem,
2271 2725 2334 2775 ut
2380 2720 2653 2777 virtutem
2702 2728 3042 2788 armaturae,
3088 2740 3210 2795 qua
3242 2724 3485 2780 indutus
3537 2741 3601 2779 es

1946 2826 2255 2879 agnoscas.
2288 2809 2506 2865 Deinde
2533 2815 2595 2866 ut
2616 2810 2831 2867 bellare
2860 2812 3077 2867 discas.
3111 2813 3199 2869 Ad
3224 2814 3353 2869 haec
3384 2820 3602 2886 utpro-

1944 2900 2123 2955 batus
2154 2899 2284 2955 ﬁas.
2318 2902 2597 2955 Praeterea
2641 2905 2703 2956 ut
2741 2900 2855 2956 hoc
2892 2901 3077 2957 modo
3120 2918 3241 2958 non
3274 2902 3599 2961 extollaris.

1944 2989 2196 3043 Demum
2239 2992 2305 3043 ut
2350 2989 2502 3043 scias
2532 3003 2822 3057 magnum
2870 2989 2977 3044 tibi
3016 2991 3421 3046 concreditum
3471 3008 3602 3048 esse

1945 3078 2314 3133 thesaurum.
2349 3078 2463 3133 Nisi
2491 3078 2651 3133 enim
2680 3078 2760 3134 ita
2788 3078 3005 3143 fuisset,
3036 3095 3421 3152 nequaquam
3451 3081 3603 3136 frus-

232 3169 305 3237 μὴ
360 3174 517 3218 τοῦτο
570 3163 648 3233 ἧν,
711 3166 803 3218 οὑκ
852 3165 911 3217 ἂν
965 3168 1250 3240 προσέϐαλε
1308 3171 1476 3240 μάτην
1527 3171 1551 3221 ό
1610 3168 1824 3241 ἐχθρός.

234 3254 297 3268 -.η
335 3256 357 3268 ,η
475 3256 486 3268 .
557 3251 615 3268 ..ιι
714 3254 732 3268 .
786 3262 804 3268 -
956 3255 967 3267 .
1031 3263 1050 3268 _
1271 3259 1282 3268 .

1949 3171 2035 3222 tra
2087 3173 2281 3221 tecum
2314 3166 2653 3237 conﬂigeret
2680 3166 2975 3224 inimicus.
3030 3171 3175 3224 Nam
3216 3169 3320 3224 ubi
3359 3168 3601 3226 divitias

234 3254 399 3308 Ἔνθα
426 3256 529 3326 γὰρ
556 3251 647 3327 ἴδη
676 3254 912 3321 πλοῦτον,
948 3255 1050 3308 ἐκεῖ
1075 3259 1477 3332 παρατάττεται.

302 3340 545 3415 Ἀνήχθη
597 3340 656 3396 δὲ
699 3344 773 3405 εἰς
822 3346 1009 3417 ἔρημον
1056 3345 1246 3398 ἄϐατον
1286 3364 1298 3375 ο
1332 3345 1357 3397 ὂ
1409 3343 1578 3404 δηλῶν
1621 3348 1646 3398 ό
1693 3349 1837 3421 Μάρ-

234 3450 343 3500 κος,
404 3435 622 3507 εἴρηκεν,
685 3434 765 3485 ὅτι
810 3438 900 3485 καὶ
954 3431 1015 3491 ἧν
1080 3433 1183 3486 ἐκεῖ
1253 3437 1384 3507 μετὰ
1446 3443 1545 3487 τῶν
1623 3438 1833 3507 θηρίων,

236 3521 356 3573 ἔνθα
415 3526 504 3573 καὶ
572 3521 762 3594 μᾶλλον
824 3525 849 3574 ὁ
900 3522 1140 3595 πόλεμος.
1205 3528 1331 3575 Τότε
1401 3526 1500 3599 γὰρ
1557 3524 1838 3577 ἐπιτίθεται

234 3610 428 3681 μᾶλλον
505 3612 530 3661 ό
603 3608 864 3683 διάϐολος,
945 3613 1065 3663 ὅταν
1148 3609 1240 3685 ἴδη
1320 3617 1673 3685 μεμονωμένον
1754 3615 1837 3664 τὸν

239 3700 529 3771 ἄνθρωπον,
563 3704 653 3751 καὶ
689 3700 1061 3775 παρακλήσεως
1090 3702 1261 3762 πάσης
1292 3700 1652 3776 ἐστερημένον,

321 3880 426 3930 Καὶ
490 3909 557 3918 -
624 3877 908 3935 ἐπείνασεν.
987 3879 1298 3936 Ἐνὴστευσε
1370 3886 1593 3951 πρῶτον,
1674 3875 1837 3932 διδά-

255 3984 410 4030 σκων,
459 3968 535 4018 ὅτι
580 3971 713 4039 μέγα
753 3969 1077 4042 προπύργιον
1119 3970 1149 4025 ἡ
1202 3972 1415 4026 νηστεία
1457 3974 1561 4028 τοῖς
1609 3966 1838 4039 ἀνταγω-

248 4058 532 4127 νιζομένοις
582 4064 652 4127 τῷ
702 4053 933 4128 δαίμονι,
969 4056 1090 4128 Ούχ
1140 4055 1361 4130 ὑπερέϐη
1418 4053 1477 4109 δὲ
1519 4059 1577 4108 τὸ
1631 4062 1836 4131 μέτρον,

246 4144 273 4195 ὃ
326 4143 599 4202 ἐνήστευσε
663 4148 763 4218 πρὸ
826 4146 981 4197 αὑτοῦ
1062 4145 1254 4211 Ἠλίας,
1328 4150 1418 4197 καὶ
1483 4150 1582 4220 πρὸ
1648 4145 1837 4198 ἐκείνου

242 4240 494 4302 Μωὺσῆς,
543 4235 625 4285 ἶνα
653 4239 723 4306 μὴ
768 4233 1089 4308 ὑπερελάσας
1118 4238 1210 4291 τὴν
1257 4231 1477 4307 δύναμιν
1520 4242 1611 4296 τῆς
1644 4232 1838 4307 ἀνθρω-

240 4330 391 4383 πίνης
442 4325 656 4394 φύσεως,
703 4321 990 4394 ἀπιστηθῇ,
1038 4324 1118 4374 ὅτι
1161 4324 1428 4397 ἄνθρωπός
1469 4321 1632 4379 ἐστιν.
1686 4322 1839 4377 Ὅθεν

233 4412 462 4485 ὕστερον
537 4410 788 4475 ἑπείνασε,
852 4409 1097 4483 βεϐαιῶν,
1170 4412 1249 4462 ὅτι
1316 4412 1581 4485 ἅνθρωπός
1665 4414 1830 4466 ἐστιν.

228 4497 407 4555 Ἰδιον
452 4503 556 4573 γὰρ
608 4498 878 4572 ανθρώπου
922 4502 979 4551 τὸ
1026 4498 1080 4550 ἐκ
1129 4504 1370 4561 νηστείας
1414 4506 1608 4571 πεινᾷν.
1660 4507 1840 4575 Περιτ-

225 4593 317 4644 τόν
351 4586 416 4641 δὲ
453 4584 616 4658 δοκεῖ,
653 4591 712 4640 τό
753 4594 868 4661 περὶ
913 4596 1013 4640 τῶν
1052 4596 1248 4640 νυκτῶν
1282 4609 1295 4621 ·
1329 4586 1475 4661 οἶμαι
1525 4585 1584 4641 δὲ
1615 4587 1709 4641 διὰ
1750 4591 1840 4651 τὰς

229 4682 487 4738 νηστείας
548 4685 648 4729 τῶν
696 4675 942 4752 Ἐϐραίων
1012 4684 1162 4729 τοῦτο
1228 4679 1597 4752 προστεθῆναι,
1650 4677 1699 4731 οἳ
1750 4680 1842 4739 τὰς

226 4770 444 4843 ἡμέρας
502 4768 851 4835 νηστεύοντες,
907 4765 954 4818 ἐν
1009 4773 1125 4828 ταῖς
1168 4765 1307 4828 νυξὶν
1357 4765 1646 4823 ἐσθίουσιν.
1684 4765 1742 4818 Ὀ
1785 4762 1843 4819 δε

226 4859 459 4931 Μάρκος
517 4859 609 4907 καὶ
686 4856 711 4906 ό
787 4860 994 4917 Λουκᾶς
1059 4861 1298 4929 παρῆκαν
1373 4857 1461 4916 τὰς
1530 4855 1721 4917 νύκτας
1776 4858 1845 4916 ὡς

230 4964 357 4999 νοου
363 4950 526 5018 μένας
539 4988 551 5001 .

308 5039 420 5088 Καὶ
477 5063 549 5074 -—-
598 5037 868 5104 γένωνται.
932 5030 990 5088 Ὁ
1044 5029 1103 5086 δὲ
1152 5034 1362 5106 Μκάρος
1417 5038 1505 5086 καὶ
1558 5034 1582 5085 ὀ
1643 5038 1847 5093 Λουκᾶς

240 5120 407 5196 εἷπον,
472 5123 554 5176 ὅτι
606 5124 693 5175 καὶ
754 5121 803 5174 ἐν
865 5128 981 5185 ταῖς
1037 5123 1429 5196 τεσσαράκοντα
1494 5124 1711 5196 ἡμέραις
1784 5118 1844 5181 ἦν

321 5304 371 5342 ⁸ο
400 5306 536 5361 Luc.
569 5318 627 5371 υ,
657 5302 743 5360 14.
822 5302 865 5340 ⁸⁵
899 5303 1072 5361 Mare.
1101 5317 1140 5372 ι,
1176 5302 1261 5359 13.

1872 4561 1919 4616 D

1948 3255 2121 3321 videt,
2150 3254 2232 3309 ibi
2271 3254 2458 3310 aciem
2485 3270 2557 3309 ex
2578 3254 2825 3311 adverso
2856 3256 3108 3311 instruit.

2019 3345 2239 3400 Ductus
2265 3348 2351 3399 est
2373 3348 2572 3400 autem
2595 3344 2654 3398 in
2684 3343 2987 3400 desertum
3012 3346 3376 3402 inaccessum
3403 3367 3414 3412 ;
3438 3346 3605 3419 quod

1948 3433 2338 3491 manifestans
2369 3435 2595 3489 Marcus
2628 3433 2696 3498 θί,
2729 3433 2870 3489 dicit
2898 3435 3074 3489 etiam
3120 3433 3299 3489 fuisse
3337 3435 3419 3491 ibi
3466 3451 3606 3491 cum

1946 3522 2175 3587 bestiis,
2209 3523 2369 3577 unde
2396 3522 2592 3592 majus
2621 3537 2862 3593 quoque
2888 3522 3111 3579 bellum
3142 3523 3611 3596 demonstratur.

1948 3611 2115 3667 Tunc
2142 3612 2299 3666 enim
2332 3610 2521 3681 magis
2550 3610 2718 3665 irruit
2765 3610 3062 3681 diabolus,
3121 3627 3258 3667 cum
3306 3612 3608 3669 hominem

1950 3701 2140 3771 magis
2161 3699 2375 3754 viderit
2399 3698 2743 3770 solitarium,
2765 3699 3046 3771 omnique
3072 3702 3366 3771 privatum
3388 3717 3602 3759 conso-

1946 3788 2187 3844 latione.

2018 3878 2178 3932 Vers.
2211 3875 2243 3928 2
2272 3876 2351 3930 Et
2381 3905 2448 3916 —
2478 3874 2701 3931 esuriit.
2726 3874 2983 3929 Primum
3003 3875 3315 3947 jejunavit,
3348 3876 3604 3933 innuens

1948 3965 2113 4037 quod
2157 3980 2445 4034 magnum
2475 3963 2999 4035 propugnaculum
3046 3964 3119 4019 sit
3159 3964 3476 4036 jejunium,
3509 3965 3604 4023 his

1948 4056 2051 4127 qui
2083 4053 2342 4109 daamoni
2384 4058 2731 4125 repugnant.
2765 4055 2890 4109 Non
2922 4054 3172 4109 excessit
3203 4060 3402 4110 autem
3445 4071 3607 4111 men-

1950 4159 2173 4206 suram,
2219 4159 2402 4214 quam
2436 4149 2572 4197 ante
2601 4141 2805 4213 ipsum
2835 4142 3108 4211 attigerat
3154 4142 3328 4211 Elias,
3367 4147 3423 4198 et
3469 4148 3604 4200 ante

1950 4232 2119 4287 illum
2140 4232 2348 4287 Moses:
2369 4246 2443 4286 ne
2462 4231 2739 4286 virtutem
2752 4230 2895 4285 hum
2907 4246 3031 4286 ante
3056 4235 3280 4286 naturae
3299 4248 3607 4304 supergre-

1949 4320 2138 4387 diens,
2163 4319 2508 4375 incredibile
2534 4318 2750 4375 faceret
2768 4335 2828 4373 se
2849 4320 3156 4374 hominem
3184 4336 3310 4375 esse
3342 4341 3352 4384 ;
3384 4324 3438 4375 et
3467 4321 3607 4377 hinc

1951 4414 2055 4475 est,
2089 4409 2252 4481 quod
2270 4414 2466 4479 postea
2518 4409 2741 4473 esuriit,
2768 4408 3078 4463 hominem
3118 4424 3179 4463 se
3224 4425 3355 4464 esse
3396 4410 3608 4465 conﬁr-

1950 4512 2147 4555 mans.
2184 4497 2488 4569 Siquidem
2517 4497 2742 4552 homini
2782 4499 3091 4569 proprium
3131 4501 3217 4552 est
3265 4514 3336 4552 ex
3374 4497 3607 4570 jejunio

1952 4586 2193 4642 esurire.
2225 4585 2531 4658 Superﬂue
2563 4592 2763 4642 autem
2791 4585 2933 4641 addi
2964 4586 3196 4641 videtur
3225 4586 3299 4643 de
3326 4587 3605 4643 noctibus.

1953 4676 2102 4732 Puto
2131 4680 2329 4732 tamen
2369 4680 2610 4747 prOpter
2659 4675 3034 4731 Hebrzeorum
3069 4675 3295 4746 jejunia
3335 4675 3609 4733 additum

1953 4781 2106 4830 esse,
2142 4766 2245 4838 qui
2266 4764 2478 4820 diebus
2494 4764 2856 4834 jejunantes,
2883 4762 3155 4817 noctibus
3178 4762 3603 4818 edebant.Mar—

1956 4872 2062 4911 cus
2090 4860 2291 4911 tamen
2313 4857 2367 4909 et
2387 4853 2594 4919 Lucas,
2623 4854 2825 4907 noctes
2856 4855 3141 4923 tanquam
3167 4849 3608 4906 subintellectas

1956 4944 2379 5015 praeterierunt.

2028 5032 2190 5088 Vers.
2223 5036 2275 5089 3.
2310 5032 2384 5086 Et
2413 5062 2481 5070 —
2507 5031 2674 5099 ﬁant.
2701 5030 2929 5084 Marcus
2970 5032 3170 5084 autem
3210 5031 3266 5084 et
3306 5029 3491 5085 Lucas
3524 5027 3611 5084 di-

1958 5125 2190 5186 xerunt,
2218 5119 2384 5193 quod
2404 5119 2584 5175 etiam
2607 5118 2666 5173 in
2688 5117 3093 5191 quadraginta
3119 5117 3332 5175 diebus
3352 5117 3599 5177 tentaba

1495 5475 1715 5554 Variae
1762 5476 2084 5553 lectiones
2108 5490 2173 5548 et
2202 5486 2404 5552 notas.

331 5678 423 5755 (ιι)
447 5676 579 5740 Sive
606 5695 771 5740 caena
801 5680 1063 5751 mystica.
1088 5674 1223 5737 Haec
1253 5672 1328 5737 de
1353 5694 1462 5738 suo
1486 5677 1722 5738 videtur
1752 5676 1833 5738 ad

1949 5676 2080 5735 isse.
2105 5676 2170 5733 In
2198 5675 2346 5734 meis
2375 5690 2499 5735 non
2528 5677 2615 5734 est
2644 5674 2759 5734 ἦτοι
2788 5679 2879 5728 τοῦ
2908 5681 3168 5749 μυστικοῦ
3201 5669 3434 5730 δειπνου.
