4166 6314
587 371 691 428 175
1915 359 2229 419 EUTHYMI

2337 359 2626 419 ZIGABENI
3839 363 3948 418 176

587 499 683 552 tur
715 497 782 560 ⁸³,
827 495 892 549 ut
941 489 1322 548 manifestum
1367 489 1460 553 sit,
1509 488 1676 562 quod
1718 489 1781 544 in
1827 487 1938 545 illis
1996 488 2229 560 quidem

2347 487 2735 560 πειραζόμενος,
2785 489 2850 546 ὡς
2913 484 3042 538 εἶναι
3109 483 3285 554 δῆλον,
3337 487 3414 539 ὅτι
3471 485 3519 538 ἓν
3577 485 3794 550 ἓκειναις
3851 491 3945 560 μὲν

585 584 786 656 ipsum
818 598 849 637 e
877 581 1209 652 longinquo
1233 578 1500 635 tentabat
1528 593 1779 650 :nempe
1805 594 1904 648 per
1935 593 2236 643 somnum,

585 687 692 746 per
725 670 1039 734 tristitiam,
1077 685 1184 740 per
1209 668 1534 739 ignaviam,
1574 673 1627 722 et
1646 667 1879 722 similia.
1914 666 2239 738 Postquam

585 764 786 818 autem
818 759 1018 830 ipsum
1048 758 1267 812 esurire
1289 755 1588 826 cognovit,
1609 755 1736 826 jam
1764 771 1950 826 prope
1971 755 2240 810 acmani-

582 848 730 905 feste
743 845 1226 920 appetivit:idque
1243 860 1346 916 per
1363 845 1556 900 vitium
1577 843 1709 899 fami
1727 843 2082 900 conveniens
2095 849 2239 914 puta

583 936 809 1008 gulam.
842 934 1160 990 Considera
1189 947 1325 988 vero
1363 931 1502 1004 quid
1547 930 1741 988 faciat.
1795 931 2077 986 Audierat
2106 937 2161 986 et
2202 946 2239 987 a

581 1027 832 1091 Joanne,
867 1027 920 1079 et
951 1039 1056 1095 per
1077 1037 1282 1078 vocem
1307 1021 1536 1077 coalitus
1562 1021 1890 1092 delapsam,
1917 1021 2078 1076 hunc
2107 1035 2237 1075 esse

581 1113 683 1169 Dei
713 1112 957 1178 Filium;
999 1111 1283 1181 ignorans
1306 1125 1450 1179 ergo
1473 1110 1639 1182 quod
1666 1109 1766 1164 Dei
1790 1108 1966 1164 Filius
1995 1123 2236 1164 carnem

584 1199 1023 1273 assumpsisset,
1056 1198 1354 1270 siquidem
1377 1198 1549 1254 latuit
1573 1213 1710 1254 eum
1741 1212 2030 1254 arcanum
2050 1197 2237 1252 incar-

581 1288 841 1346 nationis
866 1289 1237 1360 mysterium,
1280 1287 1615 1359 suspicatus
1654 1291 1742 1342 est
1766 1286 2074 1342 hominem
2107 1284 2236 1357 qui-

581 1379 722 1436 dem
761 1393 913 1444 esse,
946 1393 983 1434 a
1013 1379 1128 1433 Deo
1159 1381 1360 1434 tamen
1388 1376 1469 1432 ob
1499 1375 1741 1432 virtutes
1771 1376 1958 1448 ipsius
1989 1374 2235 1447 adopta-

580 1470 730 1525 tum.
762 1467 968 1539 Itaque
997 1466 1050 1521 ei
1083 1465 1211 1537 jam
1239 1469 1470 1522 tantum
1499 1465 1709 1521 invidit
1737 1465 2050 1529 honorem,
2083 1463 2236 1520 sicut

583 1561 642 1614 et
667 1555 850 1612 veteri
877 1553 1070 1612 Adam
1105 1571 1118 1611 :
1151 1555 1438 1627 nisusque
1455 1561 1541 1610 est
1567 1554 1748 1622 hunc,
1778 1553 1934 1610 velut
1954 1552 2123 1610 illum
2153 1552 2232 1610 ab

575 1643 708 1716 ipso
738 1643 1009 1715 dejicere.

649 1823 716 1878 Et
760 1820 982 1878 idcirco
1025 1820 1269 1892 prepius
1321 1820 1632 1886 accedens,
1662 1821 1917 1892 primam
1955 1819 2233 1892 producit

578 1909 986 1974 tentationem,
1018 1924 1236 1981 nempe
1267 1909 1668 1980 gulositatem,
1707 1925 1810 1981 per
1857 1924 2044 1980 quam
2076 1907 2233 1980 cepit

576 2005 634 2056 et
670 1999 933 2072 primum
957 1999 1170 2056 Adam.
1203 1999 1353 2064 Quia
1404 2015 1545 2069 ergo
1586 1997 1780 2054 nullus
1805 1999 2008 2054 aderat
2037 1997 2226 2065 cibus,

575 2103 647 2145 eo
678 2087 840 2160 quod
868 2087 1146 2143 desertus
1173 2086 1352 2142 nimis
1370 2093 1526 2142 esset
1556 2085 1740 2152 locus,
1774 2085 2000 2142 sciebat
2029 2092 2229 2143 autem

570 2175 717 2232 fami
750 2174 1206 2231 convenientem
1239 2189 1366 2229 esse
1404 2189 1626 2246 panem
1655 2173 1802 2245 ipse,
1835 2173 2079 2246 quidem
2109 2189 2231 2231 non

573 2263 763 2328 aﬁ'ert,
804 2279 875 2321 eo
905 2262 1065 2336 quod
1091 2263 1169 2320 ab
1208 2262 1553 2320 adversario
1585 2262 1848 2318 Christus
1882 2268 2231 2334 sumpturus

571 2368 697 2410 non
728 2358 873 2422 erat,
922 2351 1030 2408 sed
1064 2352 1238 2423 jubet
1266 2356 1328 2408 ut
1357 2351 1431 2407 de
1460 2351 1764 2424 lapidibus
1785 2367 1971 2424 panes
1994 2351 2226 2409 efﬁciat.

569 2437 639 2499 Et
659 2457 734 2498 ne
761 2440 1026 2498 Christus
1047 2439 1298 2498 insidias
1326 2446 1697 2511 agnosceret,
1721 2440 1970 2498 observa
1987 2441 2230 2498 technas

571 2530 703 2601 ejus
734 2545 804 2587 ac
833 2529 1070 2585 malitia
1101 2529 1595 2598 magnitudinem.
1627 2532 1756 2584 Non
1785 2529 1933 2585 dixit
1961 2529 2230 2600 simplici-

571 2623 660 2675 ter
688 2634 701 2674 :
729 2617 950 2684 Facito,
984 2622 1048 2674 ut
1077 2618 1170 2673 isti
1195 2617 1426 2690 lapides
1451 2634 1634 2690 panes
1662 2618 1830 2682 ﬁant,
1860 2618 1965 2674 sed
1995 2618 2230 2690 praemi-

573 2704 684 2762 sit:
707 2707 771 2764 Si
802 2707 990 2763 Filius
1025 2707 1129 2762 Dei
1157 2722 1234 2772 es,
1269 2709 1630 2778 utappareat
1658 2706 1823 2778 quod
1869 2710 1932 2762 ut
1960 2705 2230 2762 demons-

571 2798 776 2864 tretur,
803 2809 881 2850 an
910 2793 1088 2850 Filius
1122 2793 1221 2849 Dei
1254 2793 1345 2859 sit,
1381 2794 1524 2864 petit
1550 2793 1628 2866 (υ)
1654 2793 1927 2866 lapidum
1958 2794 2016 2850 in
2049 2810 2229 2865 panes

569 2883 699 2940 ﬁeri
757 2881 1360 2940 transformationem.
1420 2883 1581 2938 Putat
1657 2883 1818 2938 enim
1885 2882 2229 2953 hujusmodi

568 2972 765 3030 verbis
788 2971 1206 3045 pungendum,
1240 2974 1530 3042 tanquam
1579 2969 1796 3027 rubore
1826 2971 2227 3044 suffundatur,

571 3062 621 3117 si
646 3058 827 3118 Filius
866 3061 967 3117 Dei
995 3076 1116 3116 non
1147 3075 1274 3116 esse
1306 3059 1604 3128 credatur,
1634 3064 1697 3116 ut
1734 3060 2008 3130 ignorato
2065 3060 2225 3128 dolo,

568 3147 799 3221 lapides
849 3148 912 3204 in
956 3163 1141 3220 panes
1194 3147 1596 3216 transformet,
1653 3155 1901 3220 accepta
1938 3153 2091 3206 certe
2141 3150 2227 3222 (ω)

2347 575 2604 648 πόῤῥωθεν
2635 575 2786 628 αὐτόν
2831 572 3070 648 ἕπείραζε
3109 571 3180 626 δι’
3227 575 3407 640 ὕπνου,
3461 571 3532 627 δι’
3566 572 3812 641 ἁκηδίας,
3847 574 3946 630 διὰ

2349 659 2542 724 δειλίας
2587 669 2676 715 καὶ
2713 671 2810 714 τῶν
2840 665 3085 715 τοιούτων
3117 684 3129 696 ·
3162 662 3268 715 επεὶ
3317 659 3375 716 δὲ
3425 666 3554 734 ἔγνω
3597 671 3775 716 τοῦτον
3829 685 3944 718 πει-

2346 755 2593 818 νάσαντα,
2648 751 2825 803 λοιπὸν
2881 751 3166 826 προσῆλθεν
3210 750 3382 823 ἐγγύς,
3431 757 3520 804 καὶ
3571 761 3790 824 φανερῶς
3823 753 3941 824 (96)

2347 841 2486 911 αύτῷ
2527 839 2838 912 προσϐάλλει
2877 837 2971 892 διὰ
3001 848 3090 892 τοῦ
3119 839 3418 897 ἐπιτηδείου
3449 849 3510 913 τῇ
3544 845 3688 913 πείνη
3715 843 3936 906 πάθους,

2344 928 2476 1000 λέγω
2533 927 2626 998 δὴ,
2675 938 2767 990 τῆς
2801 934 3244 1004 γαστριμαργίας.
3303 935 3405 983 Καὶ
3453 935 3653 996 σκόπει,
3686 934 3738 982 τί
3769 937 3930 987 ποιεῖ.

2343 1017 2562 1070 Ἤκουσε
2639 1023 2728 1069 καὶ
2810 1021 2952 1092 παρὰ
3015 1025 3107 1071 τοῦ
3181 1019 3411 1084 Ἰωάνου,
3470 1023 3558 1071 καὶ
3627 1021 3772 1092 παρὰ
3842 1026 3938 1079 τῆς

2343 1108 2744 1178 κατενεχθείσης
2803 1107 2993 1159 ἄνωθεν
3055 1115 3240 1179 φωνῆς,
3295 1109 3374 1160 ὅτι
3449 1107 3598 1170 οὗτος
3649 1111 3770 1169 Υἱός
3821 1107 3937 1160 εστι

2342 1202 2435 1247 τοῦ
2478 1203 2611 1248 Θεοῦ
2664 1199 2752 1247 καὶ
2806 1193 2998 1267 ἀγνοῶν
3045 1197 3126 1247 ὃτι
3169 1197 3195 1248 6
3225 1197 3345 1256 Υἱός
3371 1202 3462 1248 τοῦ
3503 1203 3636 1249 Θεοῦ
3677 1197 3936 1270 ἑνηνθρὼ-

2342 1302 2507 1341 πησεν
2549 1303 2562 1317 ο
2607 1283 2754 1336 ἔλαθε
2807 1286 2906 1359 γὰρ
2958 1284 3112 1336 αὐτὸν
3165 1286 3195 1342 ἡ
3252 1283 3540 1358 ἀπόρρητος
3592 1285 3753 1337 αὐτοῦ
3800 1283 3937 1337 ἐναν-

2345 1373 2612 1446 θρώπησις
2659 1389 2672 1402 ’
2733 1371 2978 1424 ύπελαϐεν
3030 1374 3130 1440 ὅτι,
3187 1374 3455 1445 ἄνθρωπος
3518 1372 3605 1439 ὢν,
3657 1375 3934 1432 υἱοθετηθη

2340 1468 2413 1531 τῷ
2446 1467 2559 1532 Θεῷ
2591 1457 2683 1512 διὰ
2713 1462 2802 1521 τὰς
2848 1459 3030 1534 ἀρετὰς
3077 1461 3257 1528 αὐτοῦ,
3305 1465 3395 1514 καὶ
3437 1461 3613 1514 λοιπὸν
3661 1460 3937 1534 ἐφθόνησεν

2341 1548 2481 1619 αὐτῷ
2528 1556 2624 1609 τῆς
2672 1548 2994 1611 τηλικαύτης
3047 1558 3222 1623 τιμῆς,
3253 1551 3427 1624 ὥσπερ
3471 1553 3559 1603 καὶ
3606 1559 3678 1621 τῷ
3732 1551 3936 1621 παλαιῷ

2342 1634 2540 1709 ’Δδάμ,
2568 1641 2659 1690 καὶ
2701 1639 2950 1691 ἔσπευσεν
2999 1636 3226 1692 ἐκϐαλεῖν
3283 1641 3371 1692 καὶ
3418 1645 3595 1692 τοῦτον
3626 1642 3834 1709 ταύτης,
3867 1643 3936 1702 ὡς

2342 1724 2530 1780 ἐκεῖνον
2549 1725 2712 1784 ἐκείνη
2723 1747 2768 1788 ς,

2410 1906 2499 1956 Διό
2579 1907 2668 1956 καὶ
2740 1903 3035 1978 προσελθὼν
3107 1903 3262 1976 ἐγγὺς
3315 1946 3328 1969 ,
3405 1909 3614 1979 πρώτην
3682 1925 3936 1980 προσαγει

2337 1997 2538 2063 πεῖραν,
2597 1996 2692 2050 τὴν
2763 1997 3208 2068 γαστριμαργίαν,
3272 1989 3346 2046 δι’
3397 1994 3460 2056 ἧς
3530 1994 3629 2047 εἷλε
3692 1999 3782 2046 καὶ
3847 1999 3936 2048 τόν

2337 2088 2540 2151 πρῶτον
2591 2077 2767 2151 Ἀδάμ
2814 2101 2827 2113 ·
2874 2085 2963 2133 καὶ
3016 2079 3123 2134 ἐπεὶ
3179 2077 3416 2153 οὐδαμοῦ
3463 2080 3663 2155 βρῶσις
3709 2083 3792 2153 ἦν,
3842 2079 3938 2136 διὰ

2337 2171 2432 2225 τὴν
2468 2169 2598 2240 ἄγαν
2647 2170 2885 2243 ἐρημίαν,
2918 2167 3164 2240 ἐγίνωσκε
3215 2167 3274 2222 δε
3324 2177 3384 2243 τῇ
3434 2175 3582 2242 πείνῃ
3641 2173 3727 2223 τόν
3780 2171 3935 2244 ἄρτον

2339 2252 2466 2308 εἶναι
2508 2256 2846 2322 κατάλληλον,
2897 2257 3045 2317 αὐτὸς
3101 2261 3192 2330 μὶν
3239 2258 3297 2311 ού
3341 2263 3641 2332 προσφέρει,
3672 2255 3812 2312 διότι
3842 2258 3937 2311 οῦκ

2338 2343 2534 2416 ἔμελλεν
2565 2344 2720 2397 αύτόν
2753 2347 2898 2420 παρὰ
2949 2353 3041 2398 τοῦ
3083 2346 3330 2418 πολεμίου
3385 2346 3556 2400 λαϐεῖν
3603 2350 3630 2399 6
3683 2351 3931 2422 Χριστός,

2337 2431 2596 2486 ἐπιτάττει
2654 2429 2714 2486 δε
2790 2433 2952 2505 αύτῷ,
3012 2443 3238 2494 ποιῆσαι
3290 2439 3410 2497 τοῦς
3472 2433 3933 2509 ύποδεικνυμένους

2335 2520 2528 2588 λίθους,
2560 2523 2751 2597 ἄρτους
2782 2540 2793 2552 ·
2843 2527 2932 2576 καὶ
2982 2524 3064 2576 ἶνα
3109 2527 3180 2596 μὴ
3234 2529 3397 2597 νοήσῃ
3451 2528 3545 2584 τὴν
3596 2523 3870 2584 ἐπιϐουλὴν
3909 2527 3936 2577 ό

2335 2613 2586 2684 Χριστὸς,
2638 2613 2735 2686 ὅρα
2789 2617 3039 2684 μηχανὴν
3103 2616 3193 2665 καὶ
3258 2617 3507 2688 πονηρίας
3575 2613 3860 2686 ὑπερϐολήν
3917 2629 3932 2644 ⁸

2338 2698 2431 2750 οῦκ
2482 2695 2616 2752 εἶπεν
2670 2699 2843 2762 ἁπλῶς
2899 2702 3000 2766 ὅτι,
3061 2705 3292 2759 Ποίησον
3343 2705 3458 2762 τούς
3504 2700 3676 2763 λίθους
3719 2703 3932 2777 ἄρτους,

2338 2785 2465 2840 ἀλλὰ
2520 2787 2768 2860 προέταξε
2798 2794 2856 2841 τό
2900 2805 2911 2818 ⁸
2948 2789 3008 2843 Εἰ
3065 2791 3187 2852 Υἱὸς
3237 2788 3284 2843 εἰ
3331 2798 3422 2842 τοῦ
3473 2798 3625 2856 Θεοῦ,
3656 2791 3737 2843 ἶνα
3779 2788 3928 2864 δόξῃ,

2337 2877 2414 2928 ὅτι
2467 2878 2597 2948 πρὸς
2649 2873 2916 2940 ἀπόδειξιν
2954 2884 3045 2930 τοῦ
3099 2875 3227 2929 εἶναι
3269 2877 3423 2930 αὐτόν
3455 2880 3572 2931 Υὶόν
3605 2886 3738 2932 Θεοῦ
3785 2880 3933 2939 ζητεῖ

2334 2965 2575 3035 γενέσθαι
2629 2969 2723 3023 τὴν
2790 2970 3137 3038 μεταποίησιν
3207 2975 3307 3018 τῶν
3355 2965 3509 3020 λίθων
3577 2967 3649 3028 εἰς
3714 2969 3921 3042 ἄρτους.

2333 3058 2488 3124 ’ᾨετο
2541 3056 2666 3129 γὰρ,
2711 3055 2790 3106 ὅτι
2842 3056 3330 3130 παρακνισθησεται
3375 3062 3446 3107 τῶ
3499 3054 3654 3126 λόγῳ,
3701 3057 3930 3129 καθάπερ

2339 3137 2650 3203 ὀνειδισθεὶς
2700 3141 2783 3195 ἐπὶ
2830 3151 2902 3213 τῷ
2943 3146 3013 3215 μὴ
3066 3139 3195 3195 εἶναι
3244 3143 3364 3204 Υἱός
3415 3150 3568 3212 Θεοῦ,
3617 3147 3703 3196 καὶ
3742 3141 3932 3214 ἀγνοῶν

570 3255 609 3297 a
632 3215 754 3296 Deo
783 3215 1070 3311 potestate
1098 3253 1112 3304 ;
1136 3252 1206 3293 ac
1235 3215 1627 3309 postmodum
1652 3215 1862 3294 videns
1883 3239 2013 3312 jam
2043 3215 2225 3310 ipsos,

2337 3232 2422 3280 τὸν
2493 3225 2664 3295 δόλον,
2721 3229 3000 3302 μεταϐαλεῖ
3053 3234 3175 3292 τούς
3229 3231 3404 3294 λίθους
3458 3231 3531 3294 εἰς
3596 3233 3807 3306 ἄρτους,
3865 3234 3934 3293 ὡς

568 3342 796 3399 magna
821 3329 1106 3384 attractus
1136 3325 1348 3392 esurie,
1376 3325 1705 3397 dejiciatur.
1742 3327 1859 3384 Sed
1907 3343 2030 3384 non
2061 3328 2230 3384 latuit

569 3415 761 3482 illum,
820 3415 926 3489 qui
991 3414 1294 3487 sapientes
1370 3415 1822 3487 comprehendit
1894 3415 1956 3472 in
2015 3416 2230 3474 astutia

571 3521 684 3561 sua
723 3505 794 3560 ⁸³.

641 3589 802 3647 Vers.
863 3591 916 3644 4.
977 3589 1082 3656 Qui
1128 3621 1194 3631 —
1251 3590 1377 3647 Dei.
1432 3590 1729 3648 Intellecta
1779 3591 1937 3648 illius
1993 3594 2226 3659 astutia,

573 3676 813 3751 signum
842 3694 964 3735 non
986 3677 1172 3736 edidit
1196 3680 1566 3753 requisitum.
1593 3683 1742 3736 Nam
1765 3682 1936 3751 signa
1961 3681 2038 3738 ad
2069 3698 2228 3740 com-

569 3767 813 3826 modum
865 3767 1226 3826 intuentium
1257 3770 1384 3825 ﬁeri
1439 3777 1874 3826 consueverunt
1915 3771 2228 3828 :diabolus

569 3863 770 3918 autem
787 3858 1018 3915 nullam
1041 3857 1181 3915 inde
1202 3859 1496 3916 relaturus
1513 3865 1640 3917 erat
1656 3861 1986 3918 utilitatem.
2011 3862 2226 3917 Etenim

566 3963 765 4021 neque
814 3949 958 4005 visis
989 3949 1380 4020 postmodum
1410 3949 1694 4004 omnibus
1726 3966 1860 4020 quas
1890 3949 2026 4007 fecit
2071 3951 2227 4006 Chri-

570 4041 718 4101 stus,
745 4036 805 4091 in
830 4037 1032 4108 aliquo
1058 4040 1325 4092 mutatus
1345 4040 1454 4092 est.
1484 4035 1602 4092 Sed
1621 4036 1700 4092 ad
1721 4038 2012 4094 occultam
2029 4039 2224 4110 ipsius

567 4123 890 4196 respondet
917 4123 1353 4192 cogitationem,
1382 4129 1439 4178 et
1461 4140 1533 4179 ex
1556 4124 1690 4178 libri
1719 4127 2154 4183 Deuteronomii
2177 4129 2225 4164 σι

569 4213 873 4284 Scriptura
907 4211 959 4266 ei
999 4209 1303 4266 silentium
1329 4210 1600 4282 imponit.
1633 4214 1716 4266 Ac
1755 4213 1804 4267 si
1841 4213 2059 4270 diceret
2093 4231 2104 4268 :
2137 4217 2226 4272 Ad

567 4299 717 4372 quid
745 4297 893 4354 mihi
918 4313 1071 4370 opus
1099 4303 1186 4354 est
1210 4314 1398 4370 panes
1427 4314 1500 4354 ex
1527 4298 1831 4371 lapidibus
1846 4300 2060 4368 facere,
2090 4319 2226 4375 pro-

567 4394 700 4462 pter
724 4387 947 4445 famem
971 4403 1105 4460 quae
1130 4404 1225 4443 me
1241 4392 1428 4458 urget.
1455 4388 1645 4445 Utillis
1658 4388 1795 4444 visis
1812 4390 2031 4448 alliciar
2051 4395 2226 4450 esca?

566 4476 746 4548 Atqui
775 4491 902 4531 non
935 4475 1059 4531 solo
1090 4491 1247 4547 pane
1267 4476 1580 4532 hominum
1609 4478 1725 4534 vita
1750 4479 1970 4536 servari
2005 4486 2222 4554 potest.

571 4563 680 4621 sed
717 4568 775 4621 et
817 4563 932 4620 alio
965 4569 1250 4636 praeterea
1281 4565 1395 4621 cibi
1439 4582 1672 4636 genere.
1707 4570 1894 4626 Omne
1928 4571 2222 4644 siquidem

2337 4575 2396 4629 με
2444 4561 2642 4627 πείναν,
2697 4558 2780 4609 ἶνα
2845 4561 3095 4630 φανέντων
3149 4555 3458 4625 δελεασθῶ;

568 4653 821 4711 verbum
855 4652 928 4709 ab
957 4669 1058 4709 ore
1113 4651 1214 4709 Dei
1258 4655 1571 4725 egrediens
1613 4656 1693 4712 ad
1743 4673 1882 4713 eum
1930 4660 2034 4731 qui
2063 4661 2223 4718 fame

567 4742 876 4816 premitur,
908 4741 1037 4799 loco
1068 4741 1186 4799 cibi
1217 4743 1403 4800 vitam
1448 4744 1579 4816 ejus
1621 4745 1894 4818 sustinet,
1927 4755 1980 4803 et
2009 4749 2226 4808 sufficit

567 4832 642 4890 ei.
675 4831 763 4890 Ita
789 4847 932 4889 sane
963 4832 1397 4906 gastrimargiae
1424 4833 1630 4890 dolum
1671 4833 2120 4905 longanimitate
2151 4853 2223 4895 ac

567 4919 873 4979 tolerantia
895 4919 1128 4994 repulit.
1155 4920 1611 4979 Observandum
1627 4923 1698 4996 (z)
1725 4939 1863 4981 vero
1885 4926 2221 4985 Matthteum

639 5087 686 5123 "
716 5087 884 5145 Marc.
916 5101 955 5155 ι,
989 5089 1054 5145 13
1087 5107 1101 5160 ;
1143 5088 1279 5147 Luc.
1315 5105 1393 5158 vx,
1424 5089 1480 5148 2.

2339 3319 2476 3390 ἔχων
2530 3316 2585 3370 ἐκ
2637 3326 2770 3372 Θεοῦ
2829 3315 3072 3390 δύναμιν,
3132 3324 3220 3372 καὶ
3287 3319 3485 3388 λοιπόν,
3539 3316 3665 3372 ἰδὼν
3725 3319 3932 3387 αύτούς,

2336 3408 2471 3459 πάνυ
2520 3415 2702 3459 πεινῶν
2772 3409 3127 3466 ἡττηθήσεται
3202 3416 3293 3481 τῇς
3351 3412 3584 3484 γαστρός
3623 3427 3636 3440 ·
3679 3407 3785 3461 ἀλλ’
3839 3407 3935 3460 οὐκ

2337 3493 2484 3547 ἔλαθε
2523 3497 2611 3548 τὸν
2657 3491 3012 3568 δρασσόμενον
3060 3499 3180 3557 τοὺς
3231 3497 3415 3569 σοφούς
3457 3495 3506 3550 ἕν
3547 3504 3609 3570 τῇ
3641 3501 3937 3572 πανουργίᾳ

2339 3602 2402 3635 αυ
2410 3601 2526 3637 των.

2405 3668 2466 3723 Ὀ
2523 3667 2582 3724 δε
2641 3670 2942 3746 ἀποκριθεὶς
2989 3702 3059 3712 -
3108 3679 3262 3729 Θεοῦ.
3323 3678 3494 3736 Συνεὶς
3552 3677 3646 3733 τὴν
3711 3694 3934 3750 πανουρ-

2335 3765 2455 3831 γίαν
2487 3758 2667 3827 αὐτοῦ,
2698 3764 2755 3813 τό
2785 3763 2875 3832 μεν
2919 3759 3230 3822 ἐπιζητηθὲν
3273 3769 3486 3834 σημεῖον
3529 3762 3622 3814 οῦκ
3671 3762 3883 3820 ἐποίησε
3919 3783 3932 3796 ·

2339 3846 2481 3902 διότι
2536 3851 2600 3926 τὰ
2659 3855 2853 3921 σημεῖα
2921 3845 2994 3901 δι’
3059 3849 3298 3920 ὠφέλειαν
3346 3859 3445 3903 τῶν
3502 3853 3734 3926 ὁρώντων
3791 3852 3934 3903 εἴωθε

2333 3939 2590 4010 γίνεσθαι,
2639 3939 2664 3989 ό
2715 3933 2774 3990 δε
2804 3933 3042 3998 διάϐολος
3085 3934 3236 3992 οὐδὲν
3289 3938 3483 4011 ἔμελλεν
3537 3937 3761 3993 ἐντεῦθεν
3808 3946 3934 4011 ὡφε-

2333 4025 2556 4084 ληθῆναι
2590 4041 2604 4056 ⁸
2634 4030 2724 4078 καὶ
2770 4027 2870 4100 γὰρ
2916 4026 3149 4102 ὕστερον,
3208 4023 3332 4078 ἰδὼν
3376 4030 3565 4096 πάντα,
3619 4030 3721 4081 ὅσα
3755 4027 3933 4086 ἐποίη-

2337 4132 2421 4165 σεν
2478 4115 2504 4164 ό
2570 4116 2800 4188 Χριστός
2850 4157 2865 4180 ,
2925 4111 3074 4167 οῦδὲν
3131 4114 3416 4188 μετεϐλήθη
3472 4133 3484 4146 ·
3544 4120 3669 4190 πρὸς
3731 4113 3789 4170 δι
3846 4121 3934 4169 τόν

2334 4204 2681 4274 κεκρυμμένον
2749 4200 2908 4254 αὐτοῦ
2989 4207 3180 4256 σκοπόν
3255 4203 3606 4277 ἀπολογεῖται,
3665 4209 3755 4257 καὶ
3831 4203 3932 4257 ἀπὸ

2333 4296 2425 4356 τῇς
2473 4288 2522 4342 ἐν
2570 4297 2631 4363 τῇ
2680 4288 2847 4363 βίϐλῳ
2885 4299 2977 4344 τοῦ
3027 4297 3420 4366 Δευτερονομίου
3474 4299 3682 4368 Γραφῆς
3730 4292 3934 4346 ἔπιστοα

2334 4379 2475 4451 μίξει
2531 4378 2707 4449 αὐτόν,
2753 4380 2942 4432 ὡσανεὶ
2999 4379 3157 4452 λέγων
3191 4402 3203 4415 ο
3262 4387 3325 4434 Τί
3377 4401 3466 4454 μοι
3527 4390 3690 4434 ποιεῖν
3743 4384 3934 4455 ἄρτους

2333 4466 2389 4518 ἐκ
2451 4465 2605 4520 λίθων
2667 4466 3004 4536 ἐπιτάττεις;
3051 4471 3260 4532 Πάντως
3313 4466 3406 4522 διὰ
3455 4474 3548 4528 τὴν
3605 4473 3932 4542 συνέχουσάν

3514 4557 3647 4612 Ἀλλ’
3710 4559 3802 4612 ούκ
3852 4558 3930 4611 ἐπ’

2332 4645 2474 4721 ἄρτῳ
2525 4651 2664 4719 μόνῳ
2715 4648 2935 4710 ζήσεται
2991 4648 3274 4721 ἄνθρωπος,
3319 4645 3426 4698 ἀλλ’
3473 4650 3588 4701 ἔστι
3626 4653 3715 4701 καὶ
3763 4651 3932 4718 ἔτερος

2329 4739 2516 4807 τρόπος
2571 4741 2783 4810 τροφῆς.
2844 4739 2945 4789 Καὶ
3008 4738 3108 4811 γὰρ
3161 4742 3262 4788 πᾶν
3312 4736 3478 4810 ῥῆμα,
3537 4736 3929 4811 ἐκπορευόμενον

2332 4818 2426 4875 διὰ
2481 4827 2742 4897 στόματος
2794 4831 2928 4878 Θεοῦ
2974 4822 3056 4876 ἐπὶ
3108 4827 3193 4877 τόν
3245 4833 3511 4893 πεινῶντα,
3551 4822 3707 4886 δίκην
3736 4831 3930 4899 τροφῆς

2332 4915 2543 4983 συνέχει
2590 4916 2684 4971 τὴν
2751 4913 2887 4975 ζωὴν
2960 4911 3142 4983 αύτοῦ,
3194 4919 3284 4966 καὶ
3342 4911 3490 4989 ἀρκεῖ
3557 4914 3718 4987 αύτῷ.
3772 4914 3928 4972 Οὕτω

2327 5001 2672 5076 μακροθύμως
2725 4999 3082 5076 ἀπεκρούσατο
3140 5007 3235 5064 τὴν
3282 5008 3531 5078 μηχανὴν
3575 5011 3667 5068 τῆς
3713 5022 3934 5080 γαστρι-

1584 5092 1632 5130 ⁶³
1659 5091 1791 5152 Job.
1819 5109 1876 5165 v,
1905 5091 1971 5150 13
2007 5096 2067 5166 ;Ι
2097 5097 2230 5157 Cor.
2253 5115 2333 5172 ιιι,
2367 5099 2458 5157 19.
2535 5099 2584 5136 ⁸⁸
2607 5099 2772 5157 Deut.
2800 5115 2916 5174 vm,
2951 5104 3004 5159 3.

1809 5221 2031 5292 Variae
2069 5223 2400 5294 lectiones
2423 5233 2488 5294 et
2517 5233 2721 5294 notae.

638 5355 751 5430 (96)
778 5359 957 5430 Τούτῳ
983 5358 1053 5414 Α.

611 5479 714 5566 "(0)
765 5484 843 5566 Ut
869 5483 1160 5566 videatur,
1195 5486 1270 5542 ad
1315 5485 1854 5552 demonstrandum
1908 5506 2047 5551 eum
2080 5509 2216 5552 esse

560 5550 923 5628 FiliumiDei,
957 5550 1174 5628 petere.

633 5627 714 5701 (ας)
756 5626 976 5688 Certe.‘
1000 5626 1172 5688 Forte
1213 5634 1349 5702 post
1381 5633 1518 5705 ἔχων
1562 5635 1780 5708 reperit
1818 5631 1994 5711 δῆθεν,
2029 5638 2214 5712 idque

2323 5495 2579 5554 reddidit
2604 5503 2775 5555 certe.

2393 5570 2471 5700 ξ)
2511 5568 2969 5627 Observandum.
2995 5567 3237 5626 Videtur
3265 5569 3477 5642 legisse
3497 5574 3924 5646 παρατηρητέον.

2446 5656 2484 5700 a
2506 5639 2915 5700 ἀπαρατηρήτως
2946 5657 3189 5700 prorsus
3215 5642 3494 5700 neglexit.

2322 5639 2484 5701 Infra
2506 5639 2915 5716 ἀπαρατηρήτως
2943 5657 3189 5716 prorsus
3215 5639 3494 5716 neglexit.
