  <div class='ocr_page' id='page_1' title='image "/cluster/home/n/w/nwhite01/storage/ocr_20150623/129/mdp.39015061528470/096.png"; bbox 0 0 4166 6314; ppageno 0'>
   <div class='ocr_carea' id='block_1_1' title="bbox 322 287 430 343">
    <p class='ocr_par' dir='ltr' id='par_1_1' title="bbox 322 287 430 343">
     <span class='ocr_line' id='line_1_1' title="bbox 322 287 430 343; baseline 0 0"><span class='ocrx_word' id='word_1_1' title='bbox 322 287 430 343; x_wconf 82' lang='grc'>177</span> 
     </span>
    </p>
   </div>
   <div class='ocr_carea' id='block_1_2' title="bbox 1321 282 2697 348">
    <p class='ocr_par' dir='ltr' id='par_1_2' title="bbox 1321 282 2697 348">
     <span class='ocr_line' id='line_1_2' title="bbox 1321 282 2697 348; baseline 0.005 -7"><span class='ocrx_word' id='word_1_2' title='bbox 1321 282 1693 341; x_wconf 87' lang='lat' dir='ltr'>COMMFNT.</span> <span class='ocrx_word' id='word_1_3' title='bbox 1733 285 1806 341; x_wconf 91' lang='lat' dir='ltr'>IN</span> <span class='ocrx_word' id='word_1_4' title='bbox 1844 284 2298 347; x_wconf 70' lang='grc' dir='ltr'>ΜΑΤΤΗᾹΞΗΜ.</span> <span class='ocrx_word' id='word_1_5' title='bbox 2326 318 2395 330; x_wconf 90' lang='grc'><strong>-</strong></span> <span class='ocrx_word' id='word_1_6' title='bbox 2420 289 2574 346; x_wconf 88' lang='lat' dir='ltr'>CAP.</span> <span class='ocrx_word' id='word_1_7' title='bbox 2605 290 2697 348; x_wconf 93' lang='lat' dir='ltr'>IV.</span> 
     </span>
    </p>
   </div>
   <div class='ocr_carea' id='block_1_3' title="bbox 3580 293 3685 353">
    <p class='ocr_par' dir='ltr' id='par_1_3' title="bbox 3580 293 3685 353">
     <span class='ocr_line' id='line_1_3' title="bbox 3580 293 3685 353; baseline 0.019 -3"><span class='ocrx_word' id='word_1_8' title='bbox 3580 293 3685 353; x_wconf 84' lang='grc'>178</span> 
     </span>
    </p>
   </div>
   <div class='ocr_carea' id='block_1_4' title="bbox 326 406 1894 489">
    <p class='ocr_par' dir='ltr' id='par_1_4' title="bbox 326 406 1894 489">
     <span class='ocr_line' id='line_1_4' title="bbox 326 406 1894 489; baseline -0.001 -22"><span class='ocrx_word' id='word_1_9' title='bbox 326 433 573 489; x_wconf 88' lang='grc' dir='ltr'>μαργιας.</span> <span class='ocrx_word' id='word_1_10' title='bbox 607 414 1033 487; x_wconf 79' lang='grc' dir='ltr'>Ἀπαρατὴρητον</span> <span class='ocrx_word' id='word_1_11' title='bbox 1064 410 1178 483; x_wconf 89' lang='grc'>(97)</span> <span class='ocrx_word' id='word_1_12' title='bbox 1211 406 1270 463; x_wconf 75' lang='grc' dir='ltr'><strong>δέ</strong></span> <span class='ocrx_word' id='word_1_13' title='bbox 1298 411 1377 479; x_wconf 87' lang='grc' dir='ltr'>τὸ,</span> <span class='ocrx_word' id='word_1_14' title='bbox 1418 412 1500 462; x_wconf 88' lang='grc' dir='ltr'>τὸν</span> <span class='ocrx_word' id='word_1_15' title='bbox 1533 413 1801 464; x_wconf 86' lang='grc' dir='ltr'>Ματθαῖον</span> <span class='ocrx_word' id='word_1_16' title='bbox 1830 433 1894 485; x_wconf 87' lang='grc' dir='ltr'>με</span> 
     </span>
    </p>
   </div>
   <div class='ocr_carea' id='block_1_5' title="bbox 2012 406 3683 489">
    <p class='ocr_par' dir='ltr' id='par_1_5' title="bbox 2034 415 3683 489">
     <span class='ocr_line' id='line_1_5' title="bbox 2034 415 3683 489; baseline 0.004 -18"><span class='ocrx_word' id='word_1_17' title='bbox 2034 415 2333 487; x_wconf 76' lang='lat' dir='ltr'>pluraliter</span> <span class='ocrx_word' id='word_1_18' title='bbox 2364 417 2592 486; x_wconf 80' lang='lat' dir='ltr'>lapides</span> <span class='ocrx_word' id='word_1_19' title='bbox 2604 416 2838 485; x_wconf 78' lang='lat' dir='ltr'>dicere;</span> <span class='ocrx_word' id='word_1_20' title='bbox 2869 418 3092 475; x_wconf 88' lang='lat' dir='ltr'>Lucam</span> <span class='ocrx_word' id='word_1_21' title='bbox 3110 430 3254 475; x_wconf 88' lang='lat' dir='ltr'>vero</span> <span class='ocrx_word' id='word_1_22' title='bbox 3285 416 3536 489; x_wconf 79' lang='lat' dir='ltr'>lapidem</span> <span class='ocrx_word' id='word_1_23' title='bbox 3562 419 3683 477; x_wconf 88' lang='lat' dir='ltr'>sin-</span> 
     </span>
    </p>
   </div>
   <div class='ocr_carea' id='block_1_6' title="bbox 321 496 1914 570">
    <p class='ocr_par' dir='ltr' id='par_1_6' title="bbox 321 496 1914 570">
     <span class='ocr_line' id='line_1_6' title="bbox 321 496 1914 570; baseline 0.001 -14"><span class='ocrx_word' id='word_1_24' title='bbox 321 504 499 563; x_wconf 78' lang='grc' dir='ltr'>λίθους</span> <span class='ocrx_word' id='word_1_25' title='bbox 528 502 684 555; x_wconf 84' lang='grc' dir='ltr'>εἰπεῖν</span> <span class='ocrx_word' id='word_1_26' title='bbox 715 500 1089 570; x_wconf 78' lang='grc' dir='ltr'>πληθυντικῶς,</span> <span class='ocrx_word' id='word_1_27' title='bbox 1110 504 1197 552; x_wconf 90' lang='grc' dir='ltr'>τὸν</span> <span class='ocrx_word' id='word_1_28' title='bbox 1234 496 1293 552; x_wconf 71' lang='grc' dir='ltr'>δὲ</span> <span class='ocrx_word' id='word_1_29' title='bbox 1319 506 1524 553; x_wconf 87' lang='grc' dir='ltr'>Λουκᾶν</span> <span class='ocrx_word' id='word_1_30' title='bbox 1552 500 1693 553; x_wconf 86' lang='grc' dir='ltr'>λίθον</span> <span class='ocrx_word' id='word_1_31' title='bbox 1721 502 1914 564; x_wconf 85' lang='grc' dir='ltr'>ἑνικῶς.</span> 
     </span>
    </p>
   </div>
   <div class='ocr_carea' id='block_1_7' title="bbox 323 588 1919 666">
    <p class='ocr_par' dir='ltr' id='par_1_7' title="bbox 323 588 1919 666">
     <span class='ocr_line' id='line_1_7' title="bbox 323 588 1919 666; baseline -0.002 -20"><span class='ocrx_word' id='word_1_32' title='bbox 323 593 600 663; x_wconf 83' lang='grc' dir='ltr'>Πολλαχοῦ</span> <span class='ocrx_word' id='word_1_33' title='bbox 650 593 750 665; x_wconf 82' lang='grc' dir='ltr'>γὰρ</span> <span class='ocrx_word' id='word_1_34' title='bbox 808 599 908 641; x_wconf 86' lang='grc' dir='ltr'>τῶν</span> <span class='ocrx_word' id='word_1_35' title='bbox 963 588 1337 661; x_wconf 78' lang='grc' dir='ltr'>εύαγγελιστῶν</span> <span class='ocrx_word' id='word_1_36' title='bbox 1394 589 1634 649; x_wconf 84' lang='grc' dir='ltr'>τοιαύτας</span> <span class='ocrx_word' id='word_1_37' title='bbox 1686 592 1919 666; x_wconf 72' lang='grc' dir='ltr'>εὑρήσεις</span> 
     </span>
    </p>
   </div>
   <div class='ocr_carea' id='block_1_8' title="bbox 322 677 924 752">
    <p class='ocr_par' dir='ltr' id='par_1_8' title="bbox 322 677 924 752">
     <span class='ocr_line' id='line_1_8' title="bbox 322 677 924 752; baseline -0.002 -17"><span class='ocrx_word' id='word_1_38' title='bbox 322 680 561 742; x_wconf 80' lang='grc' dir='ltr'>ἀϐλαϐεῖς</span> <span class='ocrx_word' id='word_1_39' title='bbox 587 677 924 752; x_wconf 73' lang='grc' dir='ltr'>ἀδιαφορίας.</span> 
     </span>
    </p>
   </div>
   <div class='ocr_carea' id='block_1_9' title="bbox 390 765 1916 841">
    <p class='ocr_par' dir='ltr' id='par_1_9' title="bbox 390 765 1916 841">
     <span class='ocr_line' id='line_1_9' title="bbox 390 765 1916 841; baseline -0.001 -19"><span class='ocrx_word' id='word_1_40' title='bbox 390 774 432 841; x_wconf 76' lang='grc' dir='ltr'>-ι-</span> <span class='ocrx_word' id='word_1_41' title='bbox 464 772 592 823; x_wconf 86' lang='grc' dir='ltr'>Ἀπὸ</span> <span class='ocrx_word' id='word_1_42' title='bbox 621 768 735 841; x_wconf 84' lang='grc'>(98)</span> <span class='ocrx_word' id='word_1_43' title='bbox 763 776 855 830; x_wconf 76' lang='grc' dir='ltr'>τῆς</span> <span class='ocrx_word' id='word_1_44' title='bbox 878 766 1112 828; x_wconf 87' lang='grc' dir='ltr'>Παλαιᾶς</span> <span class='ocrx_word' id='word_1_45' title='bbox 1134 765 1272 819; x_wconf 84' lang='grc' dir='ltr'>ἐστιν</span> <span class='ocrx_word' id='word_1_46' title='bbox 1296 769 1325 826; x_wconf 79' lang='grc' dir='ltr'>ἡ</span> <span class='ocrx_word' id='word_1_47' title='bbox 1343 773 1625 841; x_wconf 68' lang='grc' dir='ltr'>μαρτυρίω</span> <span class='ocrx_word' id='word_1_48' title='bbox 1647 769 1916 832; x_wconf 80' lang='grc' dir='ltr'>Μωυσέως</span> 
     </span>
    </p>
   </div>
   <div class='ocr_carea' id='block_1_10' title="bbox 315 856 1911 932">
    <p class='ocr_par' dir='ltr' id='par_1_10' title="bbox 315 856 1911 932">
     <span class='ocr_line' id='line_1_10' title="bbox 315 856 1911 932; baseline 0.001 -22"><span class='ocrx_word' id='word_1_49' title='bbox 315 861 416 930; x_wconf 84' lang='grc' dir='ltr'>γὰρ</span> <span class='ocrx_word' id='word_1_50' title='bbox 451 857 656 929; x_wconf 81' lang='grc' dir='ltr'>όλόγος.</span> <span class='ocrx_word' id='word_1_51' title='bbox 676 863 775 911; x_wconf 83' lang='grc' dir='ltr'>Καὶ</span> <span class='ocrx_word' id='word_1_52' title='bbox 786 860 887 931; x_wconf 80' lang='grc' dir='ltr'>γὰρ</span> <span class='ocrx_word' id='word_1_53' title='bbox 902 862 991 908; x_wconf 87' lang='grc' dir='ltr'>καὶ</span> <span class='ocrx_word' id='word_1_54' title='bbox 1013 856 1299 930; x_wconf 82' lang='grc' dir='ltr'>οἱἘϐραῖοι</span> <span class='ocrx_word' id='word_1_55' title='bbox 1310 876 1381 928; x_wconf 86' lang='grc' dir='ltr'>τῳ</span> <span class='ocrx_word' id='word_1_56' title='bbox 1400 858 1565 930; x_wconf 79' lang='grc' dir='ltr'>μάννα</span> <span class='ocrx_word' id='word_1_57' title='bbox 1594 857 1787 932; x_wconf 76' lang='grc' dir='ltr'>ἐτράφη</span> <span class='ocrx_word' id='word_1_58' title='bbox 1798 878 1911 926; x_wconf 85' lang='grc' dir='ltr'>σαν,</span> 
     </span>
    </p>
   </div>
   <div class='ocr_carea' id='block_1_11' title="bbox 310 942 1914 1023">
    <p class='ocr_par' dir='ltr' id='par_1_11' title="bbox 310 942 1914 1023">
     <span class='ocr_line' id='line_1_11' title="bbox 310 942 1914 1023; baseline 0.002 -25"><span class='ocrx_word' id='word_1_59' title='bbox 310 946 410 998; x_wconf 84' lang='grc' dir='ltr'>ούκ</span> <span class='ocrx_word' id='word_1_60' title='bbox 449 948 592 1021; x_wconf 81' lang='grc' dir='ltr'>ἄρτῳ</span> <span class='ocrx_word' id='word_1_61' title='bbox 624 951 750 1018; x_wconf 84' lang='grc' dir='ltr'>ὄντι,</span> <span class='ocrx_word' id='word_1_62' title='bbox 797 945 925 998; x_wconf 82' lang='grc' dir='ltr'>ἀλλὰ</span> <span class='ocrx_word' id='word_1_63' title='bbox 956 942 1049 998; x_wconf 82' lang='grc' dir='ltr'>διὰ</span> <span class='ocrx_word' id='word_1_64' title='bbox 1075 946 1305 1020; x_wconf 81' lang='grc' dir='ltr'>ῥήματος</span> <span class='ocrx_word' id='word_1_65' title='bbox 1350 953 1484 999; x_wconf 95' lang='grc' dir='ltr'>Θεοῦ</span> <span class='ocrx_word' id='word_1_66' title='bbox 1524 952 1696 999; x_wconf 85' lang='grc' dir='ltr'>πᾶσαν</span> <span class='ocrx_word' id='word_1_67' title='bbox 1726 952 1914 1023; x_wconf 77' lang='grc' dir='ltr'>χρείαν</span> 
     </span>
    </p>
   </div>
   <div class='ocr_carea' id='block_1_12' title="bbox 304 1032 1911 1109">
    <p class='ocr_par' dir='ltr' id='par_1_12' title="bbox 304 1032 1911 1109">
     <span class='ocr_line' id='line_1_12' title="bbox 304 1032 1911 1109; baseline -0.001 -21"><span class='ocrx_word' id='word_1_68' title='bbox 304 1043 412 1088; x_wconf 83' lang='grc' dir='ltr'>τῶν</span> <span class='ocrx_word' id='word_1_69' title='bbox 435 1035 691 1107; x_wconf 79' lang='grc' dir='ltr'>Ἑϐραίων</span> <span class='ocrx_word' id='word_1_70' title='bbox 731 1032 1036 1109; x_wconf 81' lang='grc' dir='ltr'>πληροῦντι,</span> <span class='ocrx_word' id='word_1_71' title='bbox 1078 1040 1168 1086; x_wconf 85' lang='grc' dir='ltr'>καὶ</span> <span class='ocrx_word' id='word_1_72' title='bbox 1212 1037 1381 1087; x_wconf 89' lang='grc' dir='ltr'>πάντα</span> <span class='ocrx_word' id='word_1_73' title='bbox 1417 1038 1685 1108; x_wconf 73' lang='grc' dir='ltr'>γινομένῳ,</span> <span class='ocrx_word' id='word_1_74' title='bbox 1723 1040 1822 1089; x_wconf 84' lang='grc' dir='ltr'>ὅσα</span> <span class='ocrx_word' id='word_1_75' title='bbox 1852 1038 1911 1088; x_wconf 73' lang='grc' dir='ltr'>ἄν</span> 
     </span>
    </p>
   </div>
   <div class='ocr_carea' id='block_1_13' title="bbox 306 1124 1912 1199">
    <p class='ocr_par' dir='ltr' id='par_1_13' title="bbox 306 1124 1912 1199">
     <span class='ocr_line' id='line_1_13' title="bbox 306 1124 1912 1199; baseline 0.001 -21"><span class='ocrx_word' id='word_1_76' title='bbox 306 1132 495 1198; x_wconf 88' lang='grc' dir='ltr'>φαγεῖν</span> <span class='ocrx_word' id='word_1_77' title='bbox 534 1146 616 1188; x_wconf 88' lang='grc' dir='ltr'>τις</span> <span class='ocrx_word' id='word_1_78' title='bbox 656 1125 916 1196; x_wconf 80' lang='grc' dir='ltr'>ἐπεθύμει.</span> <span class='ocrx_word' id='word_1_79' title='bbox 952 1127 1069 1176; x_wconf 87' lang='grc' dir='ltr'>Εῖτε</span> <span class='ocrx_word' id='word_1_80' title='bbox 1109 1127 1209 1199; x_wconf 82' lang='grc' dir='ltr'>γὰρ</span> <span class='ocrx_word' id='word_1_81' title='bbox 1263 1124 1464 1196; x_wconf 83' lang='grc' dir='ltr'>ἰχθύος,</span> <span class='ocrx_word' id='word_1_82' title='bbox 1516 1126 1615 1177; x_wconf 83' lang='grc' dir='ltr'>εἴτε</span> <span class='ocrx_word' id='word_1_83' title='bbox 1653 1125 1776 1193; x_wconf 82' lang='grc' dir='ltr'>ὠοῦ,</span> <span class='ocrx_word' id='word_1_84' title='bbox 1817 1129 1912 1179; x_wconf 84' lang='grc' dir='ltr'>εἴτε</span> 
     </span>
    </p>
   </div>
   <div class='ocr_carea' id='block_1_14' title="bbox 302 1210 1909 1288">
    <p class='ocr_par' dir='ltr' id='par_1_14' title="bbox 302 1210 1909 1288">
     <span class='ocr_line' id='line_1_14' title="bbox 302 1210 1909 1288; baseline 0 -22"><span class='ocrx_word' id='word_1_85' title='bbox 302 1222 471 1288; x_wconf 84' lang='grc' dir='ltr'>τυροῦ</span> <span class='ocrx_word' id='word_1_86' title='bbox 521 1214 763 1287; x_wconf 76' lang='grc' dir='ltr'>ἐπεθύμει</span> <span class='ocrx_word' id='word_1_87' title='bbox 789 1215 814 1265; x_wconf 90' lang='grc' dir='ltr'>ό</span> <span class='ocrx_word' id='word_1_88' title='bbox 844 1210 1116 1283; x_wconf 88' lang='grc' dir='ltr'>Ἰουδαῖος,</span> <span class='ocrx_word' id='word_1_89' title='bbox 1162 1215 1407 1271; x_wconf 83' lang='grc' dir='ltr'>τοιαύτην</span> <span class='ocrx_word' id='word_1_90' title='bbox 1445 1214 1625 1284; x_wconf 78' lang='grc' dir='ltr'>γεῦσιν</span> <span class='ocrx_word' id='word_1_91' title='bbox 1659 1221 1909 1288; x_wconf 88' lang='grc' dir='ltr'>παρεῖχεν</span> 
     </span>
    </p>
   </div>
   <div class='ocr_carea' id='block_1_15' title="bbox 308 1303 767 1375">
    <p class='ocr_par' dir='ltr' id='par_1_15' title="bbox 308 1303 767 1375">
     <span class='ocr_line' id='line_1_15' title="bbox 308 1303 767 1375; baseline 0 -20"><span class='ocrx_word' id='word_1_92' title='bbox 308 1303 454 1374; x_wconf 84' lang='grc' dir='ltr'>αύτῷ</span> <span class='ocrx_word' id='word_1_93' title='bbox 483 1307 541 1355; x_wconf 87' lang='grc' dir='ltr'>τὸ</span> <span class='ocrx_word' id='word_1_94' title='bbox 580 1305 767 1375; x_wconf 91' lang='grc' dir='ltr'>μάννα.</span> 
     </span>
    </p>
   </div>
   <div class='ocr_carea' id='block_1_16' title="bbox 381 1390 1906 1467">
    <p class='ocr_par' dir='ltr' id='par_1_16' title="bbox 381 1390 1906 1467">
     <span class='ocr_line' id='line_1_16' title="bbox 381 1390 1906 1467; baseline -0.001 -21"><span class='ocrx_word' id='word_1_95' title='bbox 381 1398 509 1446; x_wconf 85' lang='grc' dir='ltr'>Τότε</span> <span class='ocrx_word' id='word_1_96' title='bbox 564 1423 633 1434; x_wconf 92' lang='grc'><strong>-</strong></span> <span class='ocrx_word' id='word_1_97' title='bbox 703 1391 877 1446; x_wconf 80' lang='grc' dir='ltr'>Πόλιν.</span> <span class='ocrx_word' id='word_1_98' title='bbox 935 1390 1357 1466; x_wconf 79' lang='grc' dir='ltr'>Παραλαμϐάνει,</span> <span class='ocrx_word' id='word_1_99' title='bbox 1423 1390 1533 1444; x_wconf 84' lang='grc' dir='ltr'>ἀντὶ</span> <span class='ocrx_word' id='word_1_100' title='bbox 1595 1398 1685 1444; x_wconf 86' lang='grc' dir='ltr'>τοῦ</span> <span class='ocrx_word' id='word_1_101' title='bbox 1739 1411 1906 1467; x_wconf 91' lang='grc' dir='ltr'>παρα-</span> 
     </span>
    </p>
   </div>
   <div class='ocr_carea' id='block_1_17' title="bbox 310 1478 1902 1553">
    <p class='ocr_par' dir='ltr' id='par_1_17' title="bbox 310 1478 1902 1553">
     <span class='ocr_line' id='line_1_17' title="bbox 310 1478 1902 1553; baseline -0.001 -20"><span class='ocrx_word' id='word_1_102' title='bbox 310 1481 483 1534; x_wconf 78' lang='grc' dir='ltr'>λαϐὼν</span> <span class='ocrx_word' id='word_1_103' title='bbox 521 1483 658 1552; x_wconf 82' lang='grc' dir='ltr'>ἄγει.</span> <span class='ocrx_word' id='word_1_104' title='bbox 706 1486 803 1534; x_wconf 80' lang='grc' dir='ltr'>Καὶ</span> <span class='ocrx_word' id='word_1_105' title='bbox 846 1483 948 1553; x_wconf 85' lang='grc' dir='ltr'>γὰρ</span> <span class='ocrx_word' id='word_1_106' title='bbox 995 1479 1159 1552; x_wconf 79' lang='grc' dir='ltr'>ἀφῆκε</span> <span class='ocrx_word' id='word_1_107' title='bbox 1200 1484 1285 1532; x_wconf 89' lang='grc' dir='ltr'>τόν</span> <span class='ocrx_word' id='word_1_108' title='bbox 1325 1478 1515 1553; x_wconf 82' lang='grc' dir='ltr'>ἐχθρὸν</span> <span class='ocrx_word' id='word_1_109' title='bbox 1546 1481 1688 1552; x_wconf 80' lang='grc' dir='ltr'>οἴγειν</span> <span class='ocrx_word' id='word_1_110' title='bbox 1728 1480 1902 1547; x_wconf 73' lang='grc' dir='ltr'>αὐτὸν,</span> 
     </span>
    </p>
   </div>
   <div class='ocr_carea' id='block_1_18' title="bbox 314 1568 1906 1641">
    <p class='ocr_par' dir='ltr' id='par_1_18' title="bbox 314 1568 1906 1641">
     <span class='ocr_line' id='line_1_18' title="bbox 314 1568 1906 1641; baseline -0.001 -17"><span class='ocrx_word' id='word_1_111' title='bbox 314 1574 445 1624; x_wconf 78' lang='grc' dir='ltr'>ὅπου</span> <span class='ocrx_word' id='word_1_112' title='bbox 492 1570 638 1636; x_wconf 85' lang='grc' dir='ltr'>θέλει,</span> <span class='ocrx_word' id='word_1_113' title='bbox 688 1575 780 1623; x_wconf 84' lang='grc' dir='ltr'>καὶ</span> <span class='ocrx_word' id='word_1_114' title='bbox 834 1569 1092 1641; x_wconf 81' lang='grc' dir='ltr'>πολεμεῖν,</span> <span class='ocrx_word' id='word_1_115' title='bbox 1144 1572 1212 1631; x_wconf 86' lang='grc' dir='ltr'>ὡς</span> <span class='ocrx_word' id='word_1_116' title='bbox 1258 1568 1523 1641; x_wconf 84' lang='grc' dir='ltr'>βούλεται,</span> <span class='ocrx_word' id='word_1_117' title='bbox 1581 1569 1663 1621; x_wconf 84' lang='grc' dir='ltr'>ἴνα</span> <span class='ocrx_word' id='word_1_118' title='bbox 1709 1589 1906 1622; x_wconf 86' lang='grc' dir='ltr'>παντα-</span> 
     </span>
    </p>
   </div>
   <div class='ocr_carea' id='block_1_19' title="bbox 312 1655 1904 1731">
    <p class='ocr_par' dir='ltr' id='par_1_19' title="bbox 312 1655 1904 1731">
     <span class='ocr_line' id='line_1_19' title="bbox 312 1655 1904 1731; baseline -0.002 -19"><span class='ocrx_word' id='word_1_119' title='bbox 312 1661 477 1731; x_wconf 84' lang='grc' dir='ltr'>χόθεν</span> <span class='ocrx_word' id='word_1_120' title='bbox 507 1661 764 1727; x_wconf 82' lang='grc' dir='ltr'>ἡττηθεὶς,</span> <span class='ocrx_word' id='word_1_121' title='bbox 820 1663 977 1731; x_wconf 87' lang='grc' dir='ltr'>μόνος</span> <span class='ocrx_word' id='word_1_122' title='bbox 1022 1655 1372 1731; x_wconf 79' lang='grc' dir='ltr'>δραπετεύση.</span> <span class='ocrx_word' id='word_1_123' title='bbox 1425 1658 1602 1729; x_wconf 77' lang='grc' dir='ltr'>Ἀγίαν</span> <span class='ocrx_word' id='word_1_124' title='bbox 1657 1655 1716 1710; x_wconf 71' lang='lat'>6‘:</span> <span class='ocrx_word' id='word_1_125' title='bbox 1757 1660 1904 1711; x_wconf 88' lang='grc' dir='ltr'>πόλιν</span> 
     </span>
    </p>
   </div>
   <div class='ocr_carea' id='block_1_20' title="bbox 2032 504 3682 578">
    <p class='ocr_par' dir='ltr' id='par_1_20' title="bbox 2032 504 3682 578">
     <span class='ocr_line' id='line_1_20' title="bbox 2032 504 3682 578; baseline 0.003 -19"><span class='ocrx_word' id='word_1_126' title='bbox 2032 504 2310 574; x_wconf 90' lang='lat' dir='ltr'>gulariter</span> <span class='ocrx_word' id='word_1_127' title='bbox 2384 506 2451 558; x_wconf 71' lang='grc'>⁸³.</span> <span class='ocrx_word' id='word_1_128' title='bbox 2482 507 2840 577; x_wconf 85' lang='lat' dir='ltr'>Frequenter</span> <span class='ocrx_word' id='word_1_129' title='bbox 2878 507 3035 562; x_wconf 88' lang='lat' dir='ltr'>enim</span> <span class='ocrx_word' id='word_1_130' title='bbox 3079 507 3237 578; x_wconf 89' lang='lat' dir='ltr'>apud</span> <span class='ocrx_word' id='word_1_131' title='bbox 3289 508 3682 577; x_wconf 89' lang='lat' dir='ltr'>evangelistas</span> 
     </span>
    </p>
   </div>
   <div class='ocr_carea' id='block_1_21' title="bbox 2028 593 3676 670">
    <p class='ocr_par' dir='ltr' id='par_1_21' title="bbox 2028 593 3676 670">
     <span class='ocr_line' id='line_1_21' title="bbox 2028 593 3676 670; baseline 0.004 -23"><span class='ocrx_word' id='word_1_132' title='bbox 2028 594 2131 664; x_wconf 92' lang='lat' dir='ltr'>huj</span> <span class='ocrx_word' id='word_1_133' title='bbox 2142 594 2397 659; x_wconf 90' lang='lat' dir='ltr'>usmodi,</span> <span class='ocrx_word' id='word_1_134' title='bbox 2411 609 2545 666; x_wconf 70' lang='lat' dir='ltr'>qua:</span> <span class='ocrx_word' id='word_1_135' title='bbox 2561 594 2708 649; x_wconf 83' lang='lat' dir='ltr'>nihil</span> <span class='ocrx_word' id='word_1_136' title='bbox 2721 593 3227 666; x_wconf 75' lang='lat' dir='ltr'>ofﬁciant,diversi</span> <span class='ocrx_word' id='word_1_137' title='bbox 3235 600 3381 654; x_wconf 92' lang='lat' dir='ltr'>tates</span> <span class='ocrx_word' id='word_1_138' title='bbox 3392 598 3653 670; x_wconf 87' lang='lat' dir='ltr'>reperies</span> <span class='ocrx_word' id='word_1_139' title='bbox 3663 638 3676 653; x_wconf 92' lang='lat'>.</span> 
     </span>
    </p>
   </div>
   <div class='ocr_carea' id='block_1_22' title="bbox 2095 771 3678 845">
    <p class='ocr_par' dir='ltr' id='par_1_22' title="bbox 2095 771 3678 845">
     <span class='ocr_line' id='line_1_22' title="bbox 2095 771 3678 845; baseline 0.004 -19"><span class='ocrx_word' id='word_1_140' title='bbox 2095 771 2142 826; x_wconf 83' lang='lat' dir='ltr'><strong>A</strong></span> <span class='ocrx_word' id='word_1_141' title='bbox 2175 772 2361 827; x_wconf 89' lang='lat' dir='ltr'>Veteri</span> <span class='ocrx_word' id='word_1_142' title='bbox 2380 774 2753 829; x_wconf 89' lang='lat' dir='ltr'>Testamento</span> <span class='ocrx_word' id='word_1_143' title='bbox 2781 772 3209 845; x_wconf 79' lang='lat' dir='ltr'>depromptum</span> <span class='ocrx_word' id='word_1_144' title='bbox 3222 777 3312 830; x_wconf 91' lang='lat' dir='ltr'>est</span> <span class='ocrx_word' id='word_1_145' title='bbox 3345 791 3359 840; x_wconf 92' lang='lat'><strong>;</strong></span> <span class='ocrx_word' id='word_1_146' title='bbox 3397 778 3484 831; x_wconf 89' lang='lat' dir='ltr'>est</span> <span class='ocrx_word' id='word_1_147' title='bbox 3514 775 3678 833; x_wconf 90' lang='lat' dir='ltr'>enim</span> 
     </span>
    </p>
   </div>
   <div class='ocr_carea' id='block_1_23' title="bbox 2024 859 3671 931">
    <p class='ocr_par' dir='ltr' id='par_1_23' title="bbox 2024 859 3671 931">
     <span class='ocr_line' id='line_1_23' title="bbox 2024 859 3671 931; baseline 0.004 -16"><span class='ocrx_word' id='word_1_148' title='bbox 2024 859 2276 915; x_wconf 79' lang='lat' dir='ltr'>verbum</span> <span class='ocrx_word' id='word_1_149' title='bbox 2297 861 2487 917; x_wconf 85' lang='lat' dir='ltr'>Mosis.</span> <span class='ocrx_word' id='word_1_150' title='bbox 2516 864 2666 917; x_wconf 90' lang='lat' dir='ltr'>Nam</span> <span class='ocrx_word' id='word_1_151' title='bbox 2690 864 2745 917; x_wconf 84' lang='lat' dir='ltr'>et</span> <span class='ocrx_word' id='word_1_152' title='bbox 2764 860 2994 917; x_wconf 66' lang='lat' dir='ltr'>Hebraei</span> <span class='ocrx_word' id='word_1_153' title='bbox 3016 877 3241 919; x_wconf 90' lang='lat' dir='ltr'>manna</span> <span class='ocrx_word' id='word_1_154' title='bbox 3263 863 3671 931; x_wconf 84' lang='lat' dir='ltr'>comederunt,</span> 
     </span>
    </p>
   </div>
   <div class='ocr_carea' id='block_1_24' title="bbox 2024 948 3672 1021">
    <p class='ocr_par' dir='ltr' id='par_1_24' title="bbox 2024 948 3672 1021">
     <span class='ocr_line' id='line_1_24' title="bbox 2024 948 3672 1021; baseline 0.004 -18"><span class='ocrx_word' id='word_1_155' title='bbox 2024 948 2185 1021; x_wconf 92' lang='lat' dir='ltr'>quod</span> <span class='ocrx_word' id='word_1_156' title='bbox 2211 965 2349 1005; x_wconf 92' lang='lat' dir='ltr'>cum</span> <span class='ocrx_word' id='word_1_157' title='bbox 2386 964 2510 1004; x_wconf 91' lang='lat' dir='ltr'>non</span> <span class='ocrx_word' id='word_1_158' title='bbox 2538 952 2689 1005; x_wconf 85' lang='lat' dir='ltr'>esset</span> <span class='ocrx_word' id='word_1_159' title='bbox 2713 950 2905 1020; x_wconf 90' lang='lat' dir='ltr'>panis,</span> <span class='ocrx_word' id='word_1_160' title='bbox 2939 965 3173 1005; x_wconf 90' lang='lat' dir='ltr'>omnem</span> <span class='ocrx_word' id='word_1_161' title='bbox 3226 954 3419 1007; x_wconf 89' lang='lat' dir='ltr'>tamen</span> <span class='ocrx_word' id='word_1_162' title='bbox 3457 967 3672 1009; x_wconf 91' lang='lat' dir='ltr'>eorum</span> 
     </span>
    </p>
   </div>
   <div class='ocr_carea' id='block_1_25' title="bbox 2023 1038 3671 1113">
    <p class='ocr_par' dir='ltr' id='par_1_25' title="bbox 2023 1038 3671 1113">
     <span class='ocr_line' id='line_1_25' title="bbox 2023 1038 3671 1113; baseline 0.002 -21"><span class='ocrx_word' id='word_1_163' title='bbox 2023 1038 2337 1109; x_wconf 71' lang='lat' dir='ltr'>supplebat</span> <span class='ocrx_word' id='word_1_164' title='bbox 2369 1038 2793 1109; x_wconf 82' lang='lat' dir='ltr'>indigentiam:</span> <span class='ocrx_word' id='word_1_165' title='bbox 2828 1043 3127 1095; x_wconf 89' lang='lat' dir='ltr'>mutatum</span> <span class='ocrx_word' id='word_1_166' title='bbox 3183 1039 3245 1095; x_wconf 91' lang='lat' dir='ltr'>in</span> <span class='ocrx_word' id='word_1_167' title='bbox 3300 1040 3505 1096; x_wconf 84' lang='lat' dir='ltr'>omnia</span> <span class='ocrx_word' id='word_1_168' title='bbox 3532 1056 3671 1113; x_wconf 64' lang='lat' dir='ltr'>quae</span> 
     </span>
    </p>
   </div>
   <div class='ocr_carea' id='block_1_26' title="bbox 2021 1127 3668 1199">
    <p class='ocr_par' dir='ltr' id='par_1_26' title="bbox 2021 1127 3668 1199">
     <span class='ocr_line' id='line_1_26' title="bbox 2021 1127 3668 1199; baseline 0.001 -16"><span class='ocrx_word' id='word_1_169' title='bbox 2021 1127 2266 1199; x_wconf 82' lang='lat' dir='ltr'>optabat</span> <span class='ocrx_word' id='word_1_170' title='bbox 2292 1128 2533 1198; x_wconf 90' lang='lat' dir='ltr'>quisque</span> <span class='ocrx_word' id='word_1_171' title='bbox 2563 1127 2756 1193; x_wconf 91' lang='lat' dir='ltr'>edere,</span> <span class='ocrx_word' id='word_1_172' title='bbox 2792 1127 2915 1183; x_wconf 92' lang='lat' dir='ltr'>sive</span> <span class='ocrx_word' id='word_1_173' title='bbox 2966 1128 3211 1199; x_wconf 88' lang='lat' dir='ltr'>piscem,</span> <span class='ocrx_word' id='word_1_174' title='bbox 3280 1128 3402 1183; x_wconf 86' lang='lat' dir='ltr'>sive</span> <span class='ocrx_word' id='word_1_175' title='bbox 3467 1143 3668 1198; x_wconf 91' lang='lat' dir='ltr'>ovum,</span> 
     </span>
    </p>
   </div>
   <div class='ocr_carea' id='block_1_27' title="bbox 2021 1214 3670 1288">
    <p class='ocr_par' dir='ltr' id='par_1_27' title="bbox 2021 1214 3670 1288">
     <span class='ocr_line' id='line_1_27' title="bbox 2021 1214 3670 1288; baseline 0 -18"><span class='ocrx_word' id='word_1_176' title='bbox 2021 1216 2141 1270; x_wconf 88' lang='lat' dir='ltr'>sive</span> <span class='ocrx_word' id='word_1_177' title='bbox 2168 1231 2407 1271; x_wconf 89' lang='lat' dir='ltr'>caseum</span> <span class='ocrx_word' id='word_1_178' title='bbox 2463 1216 2908 1288; x_wconf 79' lang='lat' dir='ltr'>concupisceret</span> <span class='ocrx_word' id='word_1_179' title='bbox 2954 1214 3220 1281; x_wconf 66' lang='lat' dir='ltr'>Judaaus,</span> <span class='ocrx_word' id='word_1_180' title='bbox 3248 1214 3403 1272; x_wconf 90' lang='lat' dir='ltr'>illius</span> <span class='ocrx_word' id='word_1_181' title='bbox 3432 1221 3670 1287; x_wconf 81' lang='lat' dir='ltr'>gustum</span> 
     </span>
    </p>
   </div>
   <div class='ocr_carea' id='block_1_28' title="bbox 2017 1304 2684 1376">
    <p class='ocr_par' dir='ltr' id='par_1_28' title="bbox 2017 1304 2684 1376">
     <span class='ocr_line' id='line_1_28' title="bbox 2017 1304 2684 1376; baseline -0.001 -17"><span class='ocrx_word' id='word_1_182' title='bbox 2017 1319 2243 1360; x_wconf 87' lang='lat' dir='ltr'>manna</span> <span class='ocrx_word' id='word_1_183' title='bbox 2273 1305 2323 1361; x_wconf 93' lang='lat' dir='ltr'>ei</span> <span class='ocrx_word' id='word_1_184' title='bbox 2354 1304 2684 1376; x_wconf 67' lang='lat' dir='ltr'>praebebat.</span> 
     </span>
    </p>
   </div>
   <div class='ocr_carea' id='block_1_29' title="bbox 2087 1393 3659 1462">
    <p class='ocr_par' dir='ltr' id='par_1_29' title="bbox 2087 1393 3659 1462">
     <span class='ocr_line' id='line_1_29' title="bbox 2087 1393 3659 1462; baseline 0.002 -15"><span class='ocrx_word' id='word_1_185' title='bbox 2087 1395 2245 1448; x_wconf 88' lang='lat' dir='ltr'>Vers.</span> <span class='ocrx_word' id='word_1_186' title='bbox 2288 1397 2338 1448; x_wconf 85' lang='lat'>5.</span> <span class='ocrx_word' id='word_1_187' title='bbox 2388 1394 2553 1449; x_wconf 84' lang='lat' dir='ltr'>Tunc</span> <span class='ocrx_word' id='word_1_188' title='bbox 2582 1423 2651 1435; x_wconf 92' lang='lat'><strong><em>—</em></strong></span> <span class='ocrx_word' id='word_1_189' title='bbox 2676 1393 2990 1450; x_wconf 80' lang='lat' dir='ltr'>civitatem.</span> <span class='ocrx_word' id='word_1_190' title='bbox 3025 1393 3298 1458; x_wconf 79' lang='lat' dir='ltr'>Assumit,</span> <span class='ocrx_word' id='word_1_191' title='bbox 3368 1393 3484 1449; x_wconf 91' lang='lat' dir='ltr'>hoc</span> <span class='ocrx_word' id='word_1_192' title='bbox 3550 1395 3659 1462; x_wconf 86' lang='lat' dir='ltr'>est,</span> 
     </span>
    </p>
   </div>
   <div class='ocr_carea' id='block_1_30' title="bbox 2017 1481 3665 1539">
    <p class='ocr_par' dir='ltr' id='par_1_30' title="bbox 2017 1481 3665 1539">
     <span class='ocr_line' id='line_1_30' title="bbox 2017 1481 3665 1539; baseline 0.001 -2"><span class='ocrx_word' id='word_1_193' title='bbox 2017 1482 2382 1538; x_wconf 88' lang='lat' dir='ltr'>assumendo</span> <span class='ocrx_word' id='word_1_194' title='bbox 2412 1482 2593 1538; x_wconf 89' lang='lat' dir='ltr'>ducit.</span> <span class='ocrx_word' id='word_1_195' title='bbox 2637 1482 2906 1539; x_wconf 86' lang='lat' dir='ltr'>Permisit</span> <span class='ocrx_word' id='word_1_196' title='bbox 2936 1482 3095 1538; x_wconf 93' lang='lat' dir='ltr'>enim</span> <span class='ocrx_word' id='word_1_197' title='bbox 3146 1483 3390 1539; x_wconf 89' lang='lat' dir='ltr'>inimico</span> <span class='ocrx_word' id='word_1_198' title='bbox 3446 1481 3665 1539; x_wconf 92' lang='lat' dir='ltr'>ducere</span> 
     </span>
    </p>
   </div>
   <div class='ocr_carea' id='block_1_31' title="bbox 2016 1572 3665 1645">
    <p class='ocr_par' dir='ltr' id='par_1_31' title="bbox 2016 1572 3665 1645">
     <span class='ocr_line' id='line_1_31' title="bbox 2016 1572 3665 1645; baseline 0.001 -18"><span class='ocrx_word' id='word_1_199' title='bbox 2016 1588 2078 1627; x_wconf 89' lang='lat' dir='ltr'>se</span> <span class='ocrx_word' id='word_1_200' title='bbox 2096 1588 2217 1643; x_wconf 94' lang='lat' dir='ltr'>quo</span> <span class='ocrx_word' id='word_1_201' title='bbox 2254 1572 2477 1641; x_wconf 87' lang='lat' dir='ltr'>liberet,</span> <span class='ocrx_word' id='word_1_202' title='bbox 2504 1578 2559 1627; x_wconf 89' lang='lat' dir='ltr'>et</span> <span class='ocrx_word' id='word_1_203' title='bbox 2576 1587 2846 1645; x_wconf 85' lang='lat' dir='ltr'>pugnare</span> <span class='ocrx_word' id='word_1_204' title='bbox 2874 1574 3021 1628; x_wconf 89' lang='lat' dir='ltr'>sicut</span> <span class='ocrx_word' id='word_1_205' title='bbox 3043 1572 3233 1639; x_wconf 86' lang='lat' dir='ltr'>vellet,</span> <span class='ocrx_word' id='word_1_206' title='bbox 3262 1576 3329 1628; x_wconf 88' lang='lat' dir='ltr'>ut</span> <span class='ocrx_word' id='word_1_207' title='bbox 3356 1573 3665 1644; x_wconf 86' lang='lat' dir='ltr'>undequa-</span> 
     </span>
    </p>
   </div>
   <div class='ocr_carea' id='block_1_32' title="bbox 2014 1660 3661 1732">
    <p class='ocr_par' dir='ltr' id='par_1_32' title="bbox 2014 1660 3661 1732">
     <span class='ocr_line' id='line_1_32' title="bbox 2014 1660 3661 1732; baseline 0.002 -17"><span class='ocrx_word' id='word_1_208' title='bbox 2014 1676 2133 1732; x_wconf 93' lang='lat' dir='ltr'>que</span> <span class='ocrx_word' id='word_1_209' title='bbox 2162 1661 2354 1715; x_wconf 89' lang='lat' dir='ltr'>victus</span> <span class='ocrx_word' id='word_1_210' title='bbox 2385 1660 2550 1715; x_wconf 88' lang='lat' dir='ltr'>solus</span> <span class='ocrx_word' id='word_1_211' title='bbox 2576 1661 2901 1731; x_wconf 85' lang='lat' dir='ltr'>aufugeret.</span> <span class='ocrx_word' id='word_1_212' title='bbox 2938 1663 3216 1718; x_wconf 87' lang='lat' dir='ltr'>Sanctam</span> <span class='ocrx_word' id='word_1_213' title='bbox 3238 1666 3441 1718; x_wconf 91' lang='lat' dir='ltr'>autem</span> <span class='ocrx_word' id='word_1_214' title='bbox 3459 1661 3661 1718; x_wconf 89' lang='lat' dir='ltr'>civita-</span> 
     </span>
    </p>
   </div>
   <div class='ocr_carea' id='block_1_33' title="bbox 311 1746 1894 1841">
    <p class='ocr_par' dir='ltr' id='par_1_33' title="bbox 311 1746 1894 1821">
     <span class='ocr_line' id='line_1_33' title="bbox 311 1746 1894 1821; baseline 0 -21"><span class='ocrx_word' id='word_1_215' title='bbox 311 1748 470 1819; x_wconf 82' lang='grc' dir='ltr'>λέγει,</span> <span class='ocrx_word' id='word_1_216' title='bbox 541 1752 632 1805; x_wconf 75' lang='grc' dir='ltr'>τὴν</span> <span class='ocrx_word' id='word_1_217' title='bbox 684 1746 1042 1821; x_wconf 79' lang='grc' dir='ltr'>Ἰερουσαλὴμ,</span> <span class='ocrx_word' id='word_1_218' title='bbox 1104 1750 1173 1808; x_wconf 84' lang='grc' dir='ltr'>ὡς</span> <span class='ocrx_word' id='word_1_219' title='bbox 1226 1756 1297 1818; x_wconf 82' lang='grc' dir='ltr'>τῷ</span> <span class='ocrx_word' id='word_1_220' title='bbox 1341 1755 1453 1817; x_wconf 81' lang='grc' dir='ltr'>Θεῷ</span> <span class='ocrx_word' id='word_1_221' title='bbox 1518 1747 1894 1821; x_wconf 80' lang='grc' dir='ltr'>ἀφωρισμένην,</span> 
     </span>
    </p>
   </div>
   <div class='ocr_carea' id='block_1_34' title="bbox 2012 1746 3663 1841">
    <p class='ocr_par' dir='ltr' id='par_1_34' title="bbox 2013 1749 3663 1821">
     <span class='ocr_line' id='line_1_34' title="bbox 2013 1749 3663 1821; baseline 0.002 -18"><span class='ocrx_word' id='word_1_222' title='bbox 2013 1752 2122 1803; x_wconf 89' lang='lat' dir='ltr'>tem</span> <span class='ocrx_word' id='word_1_223' title='bbox 2148 1752 2321 1805; x_wconf 88' lang='lat' dir='ltr'>vocat</span> <span class='ocrx_word' id='word_1_224' title='bbox 2370 1749 2719 1816; x_wconf 86' lang='lat' dir='ltr'>Jerusalem,</span> <span class='ocrx_word' id='word_1_225' title='bbox 2781 1754 3042 1821; x_wconf 91' lang='lat' dir='ltr'>utpotea</span> <span class='ocrx_word' id='word_1_226' title='bbox 3095 1752 3213 1806; x_wconf 92' lang='lat' dir='ltr'>Deo</span> <span class='ocrx_word' id='word_1_227' title='bbox 3264 1749 3576 1816; x_wconf 87' lang='lat' dir='ltr'>delectam,</span> <span class='ocrx_word' id='word_1_228' title='bbox 3606 1753 3663 1806; x_wconf 88' lang='lat' dir='ltr'>et</span> 
     </span>
    </p>
   </div>
   <div class='ocr_carea' id='block_1_35' title="bbox 308 1832 1900 1908">
    <p class='ocr_par' dir='ltr' id='par_1_35' title="bbox 308 1832 1900 1908">
     <span class='ocr_line' id='line_1_35' title="bbox 308 1832 1900 1908; baseline 0.002 -22"><span class='ocrx_word' id='word_1_229' title='bbox 308 1840 401 1887; x_wconf 85' lang='grc' dir='ltr'>καὶ</span> <span class='ocrx_word' id='word_1_230' title='bbox 464 1832 561 1888; x_wconf 79' lang='grc' dir='ltr'>διὰ</span> <span class='ocrx_word' id='word_1_231' title='bbox 624 1844 774 1889; x_wconf 86' lang='grc' dir='ltr'>τοῦτο</span> <span class='ocrx_word' id='word_1_232' title='bbox 836 1835 1126 1908; x_wconf 81' lang='grc' dir='ltr'>σεϐασμίαν</span> <span class='ocrx_word' id='word_1_233' title='bbox 1179 1838 1208 1895; x_wconf 78' lang='grc' dir='ltr'>ἡ</span> <span class='ocrx_word' id='word_1_234' title='bbox 1278 1838 1348 1896; x_wconf 83' lang='grc' dir='ltr'>ὡς</span> <span class='ocrx_word' id='word_1_235' title='bbox 1407 1839 1493 1887; x_wconf 86' lang='grc' dir='ltr'>τὸν</span> <span class='ocrx_word' id='word_1_236' title='bbox 1562 1836 1709 1908; x_wconf 80' lang='grc' dir='ltr'>ἅγιον</span> <span class='ocrx_word' id='word_1_237' title='bbox 1781 1840 1900 1890; x_wconf 83' lang='grc' dir='ltr'>ναὸν</span> 
     </span>
    </p>
   </div>
   <div class='ocr_carea' id='block_1_36' title="bbox 306 1926 563 1997">
    <p class='ocr_par' dir='ltr' id='par_1_36' title="bbox 306 1926 563 1997">
     <span class='ocr_line' id='line_1_36' title="bbox 306 1926 563 1997; baseline 0.004 -21"><span class='ocrx_word' id='word_1_238' title='bbox 306 1926 563 1997; x_wconf 72' lang='grc' dir='ltr'>ἔχουσαν.</span> 
     </span>
    </p>
   </div>
   <div class='ocr_carea' id='block_1_37' title="bbox 380 2009 1899 2089">
    <p class='ocr_par' dir='ltr' id='par_1_37' title="bbox 380 2009 1899 2089">
     <span class='ocr_line' id='line_1_37' title="bbox 380 2009 1899 2089; baseline 0 -24"><span class='ocrx_word' id='word_1_239' title='bbox 380 2018 482 2066; x_wconf 74' lang='grc' dir='ltr'>Καὶ</span> <span class='ocrx_word' id='word_1_240' title='bbox 520 2044 587 2055; x_wconf 92' lang='lat'>-—-</span> <span class='ocrx_word' id='word_1_241' title='bbox 628 2015 781 2083; x_wconf 84' lang='grc' dir='ltr'>ἱεροῦ.</span> <span class='ocrx_word' id='word_1_242' title='bbox 819 2016 887 2068; x_wconf 92' lang='lat' dir='ltr'><em>T6</em></span> <span class='ocrx_word' id='word_1_243' title='bbox 938 2015 1234 2089; x_wconf 83' lang='grc' dir='ltr'>πτερύγιον,</span> <span class='ocrx_word' id='word_1_244' title='bbox 1294 2009 1628 2086; x_wconf 80' lang='grc' dir='ltr'>οἰκοδόμημα</span> <span class='ocrx_word' id='word_1_245' title='bbox 1674 2010 1734 2071; x_wconf 75' lang='grc' dir='ltr'>ἦν</span> <span class='ocrx_word' id='word_1_246' title='bbox 1764 2014 1899 2085; x_wconf 76' lang='grc' dir='ltr'>ὑψη-</span> 
     </span>
    </p>
   </div>
   <div class='ocr_carea' id='block_1_38' title="bbox 303 2098 1899 2177">
    <p class='ocr_par' dir='ltr' id='par_1_38' title="bbox 303 2098 1899 2177">
     <span class='ocr_line' id='line_1_38' title="bbox 303 2098 1899 2177; baseline 0.001 -24"><span class='ocrx_word' id='word_1_247' title='bbox 303 2100 390 2153; x_wconf 89' lang='grc' dir='ltr'>λὸν</span> <span class='ocrx_word' id='word_1_248' title='bbox 415 2103 568 2172; x_wconf 79' lang='grc' dir='ltr'>ἄγαν,</span> <span class='ocrx_word' id='word_1_249' title='bbox 600 2098 1115 2175; x_wconf 79' lang='grc' dir='ltr'>παρῳκοδομημένον</span> <span class='ocrx_word' id='word_1_250' title='bbox 1147 2110 1208 2161; x_wconf 80' lang='grc' dir='ltr'>τῆ</span> <span class='ocrx_word' id='word_1_251' title='bbox 1239 2101 1436 2177; x_wconf 83' lang='grc' dir='ltr'>πλευρᾷ</span> <span class='ocrx_word' id='word_1_252' title='bbox 1463 2108 1555 2154; x_wconf 90' lang='grc' dir='ltr'>τοῦ</span> <span class='ocrx_word' id='word_1_253' title='bbox 1588 2105 1747 2176; x_wconf 85' lang='grc' dir='ltr'>ἱεροῦ,</span> <span class='ocrx_word' id='word_1_254' title='bbox 1780 2103 1899 2162; x_wconf 77' lang='grc' dir='ltr'>ἢτοι</span> 
     </span>
    </p>
   </div>
   <div class='ocr_carea' id='block_1_39' title="bbox 300 2190 570 2243">
    <p class='ocr_par' dir='ltr' id='par_1_39' title="bbox 300 2190 570 2243">
     <span class='ocr_line' id='line_1_39' title="bbox 300 2190 570 2243; baseline 0 -1"><span class='ocrx_word' id='word_1_255' title='bbox 300 2190 397 2243; x_wconf 81' lang='grc' dir='ltr'>τοῦ</span> <span class='ocrx_word' id='word_1_256' title='bbox 426 2198 570 2242; x_wconf 88' lang='grc' dir='ltr'>ναοῦ.</span> 
     </span>
    </p>
   </div>
   <div class='ocr_carea' id='block_1_40' title="bbox 374 2276 1893 2353">
    <p class='ocr_par' dir='ltr' id='par_1_40' title="bbox 374 2276 1893 2353">
     <span class='ocr_line' id='line_1_40' title="bbox 374 2276 1893 2353; baseline 0 -20"><span class='ocrx_word' id='word_1_257' title='bbox 374 2286 476 2333; x_wconf 82' lang='grc' dir='ltr'>Καὶ</span> <span class='ocrx_word' id='word_1_258' title='bbox 504 2310 576 2322; x_wconf 92' lang='lat'>-—</span> <span class='ocrx_word' id='word_1_259' title='bbox 603 2276 748 2332; x_wconf 89' lang='grc' dir='ltr'>πόδα</span> <span class='ocrx_word' id='word_1_260' title='bbox 791 2299 907 2334; x_wconf 85' lang='grc' dir='ltr'>σου.</span> <span class='ocrx_word' id='word_1_261' title='bbox 965 2278 1231 2340; x_wconf 83' lang='grc' dir='ltr'>Ἡττηθεὶς</span> <span class='ocrx_word' id='word_1_262' title='bbox 1287 2283 1381 2337; x_wconf 83' lang='grc' dir='ltr'>τὴν</span> <span class='ocrx_word' id='word_1_263' title='bbox 1441 2284 1650 2352; x_wconf 83' lang='grc' dir='ltr'>πρώτην</span> <span class='ocrx_word' id='word_1_264' title='bbox 1692 2281 1893 2353; x_wconf 77' lang='grc' dir='ltr'>πεῖραν,</span> 
     </span>
    </p>
   </div>
   <div class='ocr_carea' id='block_1_41' title="bbox 294 2364 1895 2441">
    <p class='ocr_par' dir='ltr' id='par_1_41' title="bbox 294 2364 1895 2441">
     <span class='ocr_line' id='line_1_41' title="bbox 294 2364 1895 2441; baseline -0.001 -20"><span class='ocrx_word' id='word_1_265' title='bbox 294 2367 383 2421; x_wconf 80' lang='grc' dir='ltr'>ἐπὶ</span> <span class='ocrx_word' id='word_1_266' title='bbox 416 2365 659 2441; x_wconf 83' lang='grc' dir='ltr'>δεύτερον</span> <span class='ocrx_word' id='word_1_267' title='bbox 703 2366 877 2440; x_wconf 82' lang='grc' dir='ltr'>ἀγῶνα</span> <span class='ocrx_word' id='word_1_268' title='bbox 922 2375 1107 2441; x_wconf 85' lang='grc' dir='ltr'>χωρεῖ,</span> <span class='ocrx_word' id='word_1_269' title='bbox 1166 2373 1255 2420; x_wconf 83' lang='grc' dir='ltr'>καὶ</span> <span class='ocrx_word' id='word_1_270' title='bbox 1302 2364 1394 2419; x_wconf 86' lang='grc' dir='ltr'>διὰ</span> <span class='ocrx_word' id='word_1_271' title='bbox 1431 2364 1725 2430; x_wconf 75' lang='grc' dir='ltr'>κενοδοξίας</span> <span class='ocrx_word' id='word_1_272' title='bbox 1772 2368 1895 2421; x_wconf 82' lang='grc' dir='ltr'>ἐλεὶν</span> 
     </span>
    </p>
   </div>
   <div class='ocr_carea' id='block_1_42' title="bbox 298 2455 1894 2531">
    <p class='ocr_par' dir='ltr' id='par_1_42' title="bbox 298 2455 1894 2531">
     <span class='ocr_line' id='line_1_42' title="bbox 298 2455 1894 2531; baseline -0.001 -22"><span class='ocrx_word' id='word_1_273' title='bbox 298 2460 454 2509; x_wconf 82' lang='grc' dir='ltr'>αὑτὸν</span> <span class='ocrx_word' id='word_1_274' title='bbox 510 2456 786 2531; x_wconf 80' lang='grc' dir='ltr'>ἐπιχειρεῖ.</span> <span class='ocrx_word' id='word_1_275' title='bbox 851 2460 938 2510; x_wconf 85' lang='grc' dir='ltr'>Διὸ</span> <span class='ocrx_word' id='word_1_276' title='bbox 990 2461 1079 2509; x_wconf 88' lang='grc' dir='ltr'>καὶ</span> <span class='ocrx_word' id='word_1_277' title='bbox 1137 2455 1416 2521; x_wconf 72' lang='grc' dir='ltr'>ἐπιτάττει,</span> <span class='ocrx_word' id='word_1_278' title='bbox 1471 2460 1894 2530; x_wconf 80' lang='grc' dir='ltr'>κατακρημνίσαι</span> 
     </span>
    </p>
   </div>
   <div class='ocr_carea' id='block_1_43' title="bbox 301 2542 1892 2619">
    <p class='ocr_par' dir='ltr' id='par_1_43' title="bbox 301 2542 1892 2619">
     <span class='ocr_line' id='line_1_43' title="bbox 301 2542 1892 2619; baseline -0.002 -21"><span class='ocrx_word' id='word_1_279' title='bbox 301 2545 482 2598; x_wconf 81' lang='grc' dir='ltr'>ἑαυτὸν</span> <span class='ocrx_word' id='word_1_280' title='bbox 530 2550 618 2598; x_wconf 83' lang='grc' dir='ltr'>καὶ</span> <span class='ocrx_word' id='word_1_281' title='bbox 685 2543 1036 2604; x_wconf 85' lang='grc' dir='ltr'>διασωθῆναι.</span> <span class='ocrx_word' id='word_1_282' title='bbox 1085 2544 1194 2597; x_wconf 82' lang='grc' dir='ltr'>Ἵνα</span> <span class='ocrx_word' id='word_1_283' title='bbox 1263 2542 1320 2597; x_wconf 69' lang='grc' dir='ltr'>δὲ</span> <span class='ocrx_word' id='word_1_284' title='bbox 1376 2549 1672 2619; x_wconf 79' lang='grc' dir='ltr'>παρακνίσῃ</span> <span class='ocrx_word' id='word_1_285' title='bbox 1742 2543 1892 2596; x_wconf 85' lang='grc' dir='ltr'>πάλιν</span> 
     </span>
    </p>
   </div>
   <div class='ocr_carea' id='block_1_44' title="bbox 301 2630 1893 2709">
    <p class='ocr_par' dir='ltr' id='par_1_44' title="bbox 301 2630 1893 2709">
     <span class='ocr_line' id='line_1_44' title="bbox 301 2630 1893 2709; baseline -0.001 -23"><span class='ocrx_word' id='word_1_286' title='bbox 301 2636 477 2700; x_wconf 72' lang='grc' dir='ltr'>αὐτὸν,</span> <span class='ocrx_word' id='word_1_287' title='bbox 518 2634 668 2687; x_wconf 74' lang='grc' dir='ltr'>παλιν</span> <span class='ocrx_word' id='word_1_288' title='bbox 720 2636 997 2709; x_wconf 77' lang='grc' dir='ltr'>προτάττει</span> <span class='ocrx_word' id='word_1_289' title='bbox 1041 2636 1096 2686; x_wconf 87' lang='grc' dir='ltr'>τὸ</span> <span class='ocrx_word' id='word_1_290' title='bbox 1146 2633 1207 2685; x_wconf 81' lang='grc' dir='ltr'><strong>Εἰ</strong></span> <span class='ocrx_word' id='word_1_291' title='bbox 1260 2635 1379 2695; x_wconf 82' lang='grc' dir='ltr'>Υἱός</span> <span class='ocrx_word' id='word_1_292' title='bbox 1432 2630 1595 2685; x_wconf 79' lang='grc' dir='ltr'>εἰτοῦ</span> <span class='ocrx_word' id='word_1_293' title='bbox 1634 2640 1787 2699; x_wconf 88' lang='grc' dir='ltr'>Θεοῦ,</span> <span class='ocrx_word' id='word_1_294' title='bbox 1829 2636 1893 2694; x_wconf 87' lang='grc' dir='ltr'>ὡς</span> 
     </span>
    </p>
   </div>
   <div class='ocr_carea' id='block_1_45' title="bbox 235 2721 1891 2797">
    <p class='ocr_par' dir='ltr' id='par_1_45' title="bbox 235 2721 1891 2797">
     <span class='ocr_line' id='line_1_45' title="bbox 235 2721 1891 2797; baseline -0.001 -22"><span class='ocrx_word' id='word_1_295' title='bbox 235 2730 243 2737; x_wconf 89' lang='grc'><em>’</em></span> <span class='ocrx_word' id='word_1_296' title='bbox 296 2723 357 2775; x_wconf 80' lang='grc' dir='ltr'>ἂν</span> <span class='ocrx_word' id='word_1_297' title='bbox 419 2721 545 2797; x_wconf 71' lang='grc' dir='ltr'>δόξῃ</span> <span class='ocrx_word' id='word_1_298' title='bbox 607 2723 762 2775; x_wconf 90' lang='grc' dir='ltr'>πάλιν</span> <span class='ocrx_word' id='word_1_299' title='bbox 825 2724 998 2783; x_wconf 80' lang='grc' dir='ltr'>ζητεῖν</span> <span class='ocrx_word' id='word_1_300' title='bbox 1052 2727 1137 2774; x_wconf 78' lang='grc' dir='ltr'>καὶ</span> <span class='ocrx_word' id='word_1_301' title='bbox 1207 2729 1359 2774; x_wconf 86' lang='grc' dir='ltr'>τοῦτο</span> <span class='ocrx_word' id='word_1_302' title='bbox 1424 2724 1483 2773; x_wconf 85' lang='grc' dir='ltr'>τὸ</span> <span class='ocrx_word' id='word_1_303' title='bbox 1544 2729 1776 2793; x_wconf 89' lang='grc' dir='ltr'>σημεῖον,</span> <span class='ocrx_word' id='word_1_304' title='bbox 1820 2726 1891 2783; x_wconf 87' lang='grc' dir='ltr'>εὶς</span> 
     </span>
    </p>
   </div>
   <div class='ocr_carea' id='block_1_46' title="bbox 290 2808 1891 2876">
    <p class='ocr_par' dir='ltr' id='par_1_46' title="bbox 290 2808 1891 2876">
     <span class='ocr_line' id='line_1_46' title="bbox 290 2808 1891 2876; baseline -0.002 -12"><span class='ocrx_word' id='word_1_305' title='bbox 290 2808 563 2875; x_wconf 85' lang='grc' dir='ltr'>ἀπόδειξιν</span> <span class='ocrx_word' id='word_1_306' title='bbox 612 2820 704 2864; x_wconf 81' lang='grc' dir='ltr'>τοῦ</span> <span class='ocrx_word' id='word_1_307' title='bbox 750 2812 879 2864; x_wconf 77' lang='grc' dir='ltr'>εἶναι</span> <span class='ocrx_word' id='word_1_308' title='bbox 936 2812 1085 2863; x_wconf 72' lang='grc' dir='ltr'>αὐτὸν</span> <span class='ocrx_word' id='word_1_309' title='bbox 1146 2813 1265 2863; x_wconf 84' lang='grc' dir='ltr'>Υἱὸν</span> <span class='ocrx_word' id='word_1_310' title='bbox 1313 2818 1404 2863; x_wconf 90' lang='grc' dir='ltr'>τοῦ</span> <span class='ocrx_word' id='word_1_311' title='bbox 1455 2817 1607 2876; x_wconf 87' lang='grc' dir='ltr'>Θεοῦ,</span> <span class='ocrx_word' id='word_1_312' title='bbox 1660 2810 1747 2862; x_wconf 76' lang='grc' dir='ltr'>ἅτε</span> <span class='ocrx_word' id='word_1_313' title='bbox 1799 2817 1891 2862; x_wconf 87' lang='grc' dir='ltr'>τοῦ</span> 
     </span>
    </p>
   </div>
   <div class='ocr_carea' id='block_1_47' title="bbox 284 2899 1889 2974">
    <p class='ocr_par' dir='ltr' id='par_1_47' title="bbox 284 2899 1889 2974">
     <span class='ocr_line' id='line_1_47' title="bbox 284 2899 1889 2974; baseline -0.001 -21"><span class='ocrx_word' id='word_1_314' title='bbox 284 2906 545 2974; x_wconf 79' lang='grc' dir='ltr'>προτέρου</span> <span class='ocrx_word' id='word_1_315' title='bbox 582 2905 653 2972; x_wconf 81' lang='grc' dir='ltr'>μὴ</span> <span class='ocrx_word' id='word_1_316' title='bbox 714 2905 1009 2972; x_wconf 89' lang='grc' dir='ltr'>γεγονότος.</span> <span class='ocrx_word' id='word_1_317' title='bbox 1054 2905 1206 2952; x_wconf 87' lang='grc' dir='ltr'>Ὤετο</span> <span class='ocrx_word' id='word_1_318' title='bbox 1251 2902 1351 2973; x_wconf 85' lang='grc' dir='ltr'>γὰρ</span> <span class='ocrx_word' id='word_1_319' title='bbox 1384 2901 1462 2951; x_wconf 85' lang='grc' dir='ltr'>ὅτι</span> <span class='ocrx_word' id='word_1_320' title='bbox 1507 2899 1630 2974; x_wconf 75' lang='grc' dir='ltr'>ῥᾷον</span> <span class='ocrx_word' id='word_1_321' title='bbox 1678 2901 1889 2958; x_wconf 80' lang='grc' dir='ltr'>πεισθή-</span> 
     </span>
    </p>
   </div>
   <div class='ocr_carea' id='block_1_48' title="bbox 293 2984 1889 3063">
    <p class='ocr_par' dir='ltr' id='par_1_48' title="bbox 293 2984 1889 3063">
     <span class='ocr_line' id='line_1_48' title="bbox 293 2984 1889 3063; baseline -0.001 -22"><span class='ocrx_word' id='word_1_322' title='bbox 293 3008 463 3055; x_wconf 86' lang='grc' dir='ltr'>σεται,</span> <span class='ocrx_word' id='word_1_323' title='bbox 504 2989 545 3041; x_wconf 73' lang='grc' dir='ltr'>εἰ</span> <span class='ocrx_word' id='word_1_324' title='bbox 591 2994 680 3041; x_wconf 79' lang='grc' dir='ltr'>καὶ</span> <span class='ocrx_word' id='word_1_325' title='bbox 730 2994 799 3061; x_wconf 83' lang='grc' dir='ltr'>μὴ</span> <span class='ocrx_word' id='word_1_326' title='bbox 850 2986 920 3041; x_wconf 79' lang='grc' dir='ltr'>δι’</span> <span class='ocrx_word' id='word_1_327' title='bbox 961 2989 1151 3063; x_wconf 85' lang='grc' dir='ltr'>ἓτερον,</span> <span class='ocrx_word' id='word_1_328' title='bbox 1201 2988 1328 3040; x_wconf 90' lang='grc' dir='ltr'>αλλά</span> <span class='ocrx_word' id='word_1_329' title='bbox 1373 3007 1433 3059; x_wconf 86' lang='grc' dir='ltr'>γε</span> <span class='ocrx_word' id='word_1_330' title='bbox 1473 2984 1567 3040; x_wconf 82' lang='grc' dir='ltr'>διὰ</span> <span class='ocrx_word' id='word_1_331' title='bbox 1607 2992 1726 3049; x_wconf 83' lang='grc' dir='ltr'>τοὺς</span> <span class='ocrx_word' id='word_1_332' title='bbox 1772 2988 1889 3060; x_wconf 83' lang='grc' dir='ltr'>μέλ-</span> 
     </span>
    </p>
   </div>
   <div class='ocr_carea' id='block_1_49' title="bbox 286 3075 1886 3152">
    <p class='ocr_par' dir='ltr' id='par_1_49' title="bbox 286 3075 1886 3152">
     <span class='ocr_line' id='line_1_49' title="bbox 286 3075 1886 3152; baseline -0.003 -22"><span class='ocrx_word' id='word_1_333' title='bbox 286 3077 466 3139; x_wconf 87' lang='grc' dir='ltr'>λοντας</span> <span class='ocrx_word' id='word_1_334' title='bbox 514 3078 668 3130; x_wconf 77' lang='grc' dir='ltr'>αὐτὸν</span> <span class='ocrx_word' id='word_1_335' title='bbox 708 3080 829 3150; x_wconf 83' lang='grc' dir='ltr'>όρᾷν</span> <span class='ocrx_word' id='word_1_336' title='bbox 862 3078 996 3130; x_wconf 79' lang='grc' dir='ltr'>οὕτω</span> <span class='ocrx_word' id='word_1_337' title='bbox 1043 3084 1505 3152; x_wconf 74' lang='grc' dir='ltr'>τερατουργοῦνταο</span> <span class='ocrx_word' id='word_1_338' title='bbox 1560 3075 1738 3128; x_wconf 86' lang='grc' dir='ltr'>πολλοί</span> <span class='ocrx_word' id='word_1_339' title='bbox 1787 3078 1886 3149; x_wconf 86' lang='grc' dir='ltr'>γὰρ</span> 
     </span>
    </p>
   </div>
   <div class='ocr_carea' id='block_1_50' title="bbox 288 3146 1960 3240">
    <p class='ocr_par' dir='ltr' id='par_1_50' title="bbox 288 3146 1960 3240">
     <span class='ocr_line' id='line_1_50' title="bbox 288 3146 1960 3240; baseline -0.002 -21"><span class='ocrx_word' id='word_1_340' title='bbox 288 3163 428 3225; x_wconf 75' lang='grc' dir='ltr'>ἦσαν</span> <span class='ocrx_word' id='word_1_341' title='bbox 482 3171 593 3218; x_wconf 90' lang='grc' dir='ltr'>τότε</span> <span class='ocrx_word' id='word_1_342' title='bbox 644 3168 786 3218; x_wconf 90' lang='grc' dir='ltr'>κάτω</span> <span class='ocrx_word' id='word_1_343' title='bbox 840 3170 1082 3240; x_wconf 88' lang='grc' dir='ltr'>παρόντες</span> <span class='ocrx_word' id='word_1_344' title='bbox 1148 3170 1237 3218; x_wconf 85' lang='grc' dir='ltr'>καὶ</span> <span class='ocrx_word' id='word_1_345' title='bbox 1292 3165 1469 3218; x_wconf 89' lang='grc' dir='ltr'>λοιπὸν</span> <span class='ocrx_word' id='word_1_346' title='bbox 1530 3171 1886 3240; x_wconf 81' lang='grc' dir='ltr'>περιπεσεῖται</span> <span class='ocrx_word' id='word_1_347' title='bbox 1919 3146 1960 3202; x_wconf 78' lang='lat' dir='ltr'><strong>C</strong></span> 
     </span>
    </p>
   </div>
   <div class='ocr_carea' id='block_1_51' title="bbox 288 3251 1885 3327">
    <p class='ocr_par' dir='ltr' id='par_1_51' title="bbox 288 3251 1885 3327">
     <span class='ocr_line' id='line_1_51' title="bbox 288 3251 1885 3327; baseline -0.003 -19"><span class='ocrx_word' id='word_1_348' title='bbox 288 3264 360 3325; x_wconf 86' lang='grc' dir='ltr'>τῷ</span> <span class='ocrx_word' id='word_1_349' title='bbox 426 3255 784 3327; x_wconf 86' lang='grc' dir='ltr'>ύφαπλωθέντι</span> <span class='ocrx_word' id='word_1_350' title='bbox 836 3252 1035 3327; x_wconf 84' lang='grc' dir='ltr'>δικτύῳ</span> <span class='ocrx_word' id='word_1_351' title='bbox 1099 3264 1195 3316; x_wconf 84' lang='grc' dir='ltr'>τῆς</span> <span class='ocrx_word' id='word_1_352' title='bbox 1249 3251 1569 3323; x_wconf 79' lang='grc' dir='ltr'>κενοδοξίας,</span> <span class='ocrx_word' id='word_1_353' title='bbox 1647 3256 1714 3314; x_wconf 87' lang='grc' dir='ltr'>ὡς</span> <span class='ocrx_word' id='word_1_354' title='bbox 1793 3260 1885 3304; x_wconf 88' lang='grc' dir='ltr'>τοῦ</span> 
     </span>
    </p>
   </div>
   <div class='ocr_carea' id='block_1_52' title="bbox 287 3341 1919 3418">
    <p class='ocr_par' dir='ltr' id='par_1_52' title="bbox 287 3341 1919 3418">
     <span class='ocr_line' id='line_1_52' title="bbox 287 3341 1919 3418; baseline -0.002 -23"><span class='ocrx_word' id='word_1_355' title='bbox 287 3343 617 3403; x_wconf 76' lang='grc' dir='ltr'>ἐπαινεθῆναι</span> <span class='ocrx_word' id='word_1_356' title='bbox 664 3346 786 3418; x_wconf 85' lang='grc' dir='ltr'>παρ’</span> <span class='ocrx_word' id='word_1_357' title='bbox 836 3344 1003 3396; x_wconf 74' lang='grc' dir='ltr'>αὐτῶν</span> <span class='ocrx_word' id='word_1_358' title='bbox 1034 3344 1192 3396; x_wconf 79' lang='grc' dir='ltr'>ἕνεκεν</span> <span class='ocrx_word' id='word_1_359' title='bbox 1242 3346 1380 3395; x_wconf 90' lang='grc' dir='ltr'>κάτω</span> <span class='ocrx_word' id='word_1_360' title='bbox 1442 3341 1612 3414; x_wconf 84' lang='grc' dir='ltr'>βαλὼν</span> <span class='ocrx_word' id='word_1_361' title='bbox 1669 3342 1875 3398; x_wconf 82' lang='grc' dir='ltr'>ἑαυτόν,</span> <span class='ocrx_word' id='word_1_362' title='bbox 1916 3412 1919 3417; x_wconf 32' lang='grc' dir='ltr'><strong>Ι</strong></span> 
     </span>
    </p>
   </div>
   <div class='ocr_carea' id='block_1_53' title="bbox 287 3429 1883 3505">
    <p class='ocr_par' dir='ltr' id='par_1_53' title="bbox 287 3429 1883 3505">
     <span class='ocr_line' id='line_1_53' title="bbox 287 3429 1883 3505; baseline -0.003 -19"><span class='ocrx_word' id='word_1_363' title='bbox 287 3432 583 3505; x_wconf 66' lang='grc' dir='ltr'>Ἐφελκεται</span> <span class='ocrx_word' id='word_1_364' title='bbox 672 3429 731 3484; x_wconf 68' lang='grc' dir='ltr'>δὲ</span> <span class='ocrx_word' id='word_1_365' title='bbox 811 3440 991 3485; x_wconf 86' lang='grc' dir='ltr'>τοῦτον</span> <span class='ocrx_word' id='word_1_366' title='bbox 1071 3437 1160 3484; x_wconf 87' lang='grc' dir='ltr'>καὶ</span> <span class='ocrx_word' id='word_1_367' title='bbox 1240 3430 1341 3484; x_wconf 81' lang='grc' dir='ltr'>ἀπὸ</span> <span class='ocrx_word' id='word_1_368' title='bbox 1420 3440 1515 3492; x_wconf 81' lang='grc' dir='ltr'>τῆς</span> <span class='ocrx_word' id='word_1_369' title='bbox 1604 3436 1883 3491; x_wconf 88' lang='grc' dir='ltr'>Δαυῐτικης</span> 
     </span>
    </p>
   </div>
   <div class='ocr_carea' id='block_1_54' title="bbox 283 3517 1884 3594">
    <p class='ocr_par' dir='ltr' id='par_1_54' title="bbox 283 3517 1884 3594">
     <span class='ocr_line' id='line_1_54' title="bbox 283 3517 1884 3594; baseline -0.003 -20"><span class='ocrx_word' id='word_1_370' title='bbox 283 3528 515 3594; x_wconf 82' lang='grc' dir='ltr'>Γραφῆς,</span> <span class='ocrx_word' id='word_1_371' title='bbox 594 3522 677 3573; x_wconf 82' lang='grc' dir='ltr'>ἶνα</span> <span class='ocrx_word' id='word_1_372' title='bbox 753 3517 879 3594; x_wconf 80' lang='grc' dir='ltr'>δόξῃ</span> <span class='ocrx_word' id='word_1_373' title='bbox 950 3525 1039 3573; x_wconf 88' lang='grc' dir='ltr'>καὶ</span> <span class='ocrx_word' id='word_1_374' title='bbox 1104 3521 1256 3581; x_wconf 74' lang='grc' dir='ltr'>αὐτὸς</span> <span class='ocrx_word' id='word_1_375' title='bbox 1320 3519 1420 3573; x_wconf 82' lang='grc' dir='ltr'>ἀπό</span> <span class='ocrx_word' id='word_1_376' title='bbox 1496 3525 1702 3593; x_wconf 85' lang='grc' dir='ltr'>Γραφῆς</span> <span class='ocrx_word' id='word_1_377' title='bbox 1774 3521 1884 3570; x_wconf 87' lang='grc' dir='ltr'>πεί-</span> 
     </span>
    </p>
   </div>
   <div class='ocr_carea' id='block_1_55' title="bbox 282 3607 1883 3673">
    <p class='ocr_par' dir='ltr' id='par_1_55' title="bbox 282 3607 1883 3673">
     <span class='ocr_line' id='line_1_55' title="bbox 282 3607 1883 3673; baseline -0.003 -10"><span class='ocrx_word' id='word_1_378' title='bbox 282 3613 390 3663; x_wconf 88' lang='grc' dir='ltr'>θειν</span> <span class='ocrx_word' id='word_1_379' title='bbox 459 3609 789 3673; x_wconf 71' lang='grc' dir='ltr'>ἀξιοπίστως</span> <span class='ocrx_word' id='word_1_380' title='bbox 844 3609 951 3661; x_wconf 80' lang='grc' dir='ltr'>ἀλλ’</span> <span class='ocrx_word' id='word_1_381' title='bbox 1016 3609 1131 3661; x_wconf 80' lang='grc' dir='ltr'>οὐδ’</span> <span class='ocrx_word' id='word_1_382' title='bbox 1217 3609 1438 3662; x_wconf 82' lang='grc' dir='ltr'>ἐνταῦθα</span> <span class='ocrx_word' id='word_1_383' title='bbox 1507 3607 1685 3667; x_wconf 81' lang='grc' dir='ltr'>λέληθε</span> <span class='ocrx_word' id='word_1_384' title='bbox 1759 3625 1883 3659; x_wconf 89' lang='grc' dir='ltr'>κακ-</span> 
     </span>
    </p>
   </div>
   <div class='ocr_carea' id='block_1_56' title="bbox 284 3707 509 3773">
    <p class='ocr_par' dir='ltr' id='par_1_56' title="bbox 284 3707 509 3773">
     <span class='ocr_line' id='line_1_56' title="bbox 284 3707 509 3773; baseline 0 -22"><span class='ocrx_word' id='word_1_385' title='bbox 284 3707 509 3773; x_wconf 83' lang='grc' dir='ltr'>οῦργῶν.</span> 
     </span>
    </p>
   </div>
   <div class='ocr_carea' id='block_1_57' title="bbox 356 3785 1880 3859">
    <p class='ocr_par' dir='ltr' id='par_1_57' title="bbox 356 3785 1880 3859">
     <span class='ocr_line' id='line_1_57' title="bbox 356 3785 1880 3859; baseline -0.007 -15"><span class='ocrx_word' id='word_1_386' title='bbox 356 3786 491 3858; x_wconf 80' lang='grc' dir='ltr'>Ἔφη</span> <span class='ocrx_word' id='word_1_387' title='bbox 521 3818 585 3827; x_wconf 91' lang='lat'>-—</span> <span class='ocrx_word' id='word_1_388' title='bbox 616 3791 747 3840; x_wconf 88' lang='grc' dir='ltr'>Θεόυ</span> <span class='ocrx_word' id='word_1_389' title='bbox 790 3806 901 3842; x_wconf 92' lang='grc' dir='ltr'>σον.</span> <span class='ocrx_word' id='word_1_390' title='bbox 954 3790 1249 3859; x_wconf 84' lang='grc' dir='ltr'>Γέγραπται</span> <span class='ocrx_word' id='word_1_391' title='bbox 1286 3785 1334 3837; x_wconf 77' lang='grc' dir='ltr'>ἕν</span> <span class='ocrx_word' id='word_1_392' title='bbox 1375 3792 1448 3856; x_wconf 84' lang='grc' dir='ltr'>τῷ</span> <span class='ocrx_word' id='word_1_393' title='bbox 1506 3787 1880 3858; x_wconf 86' lang='grc' dir='ltr'>Δευτερονομίῳ</span> 
     </span>
    </p>
   </div>
   <div class='ocr_carea' id='block_1_58' title="bbox 286 3871 1881 3948">
    <p class='ocr_par' dir='ltr' id='par_1_58' title="bbox 286 3871 1881 3948">
     <span class='ocr_line' id='line_1_58' title="bbox 286 3871 1881 3948; baseline -0.003 -21"><span class='ocrx_word' id='word_1_394' title='bbox 286 3882 377 3929; x_wconf 84' lang='grc' dir='ltr'>καὶ</span> <span class='ocrx_word' id='word_1_395' title='bbox 406 3883 575 3928; x_wconf 89' lang='grc' dir='ltr'>τοῦτο·</span> <span class='ocrx_word' id='word_1_396' title='bbox 608 3877 933 3948; x_wconf 79' lang='grc' dir='ltr'>Ἐκπειράζει</span> <span class='ocrx_word' id='word_1_397' title='bbox 963 3872 1022 3928; x_wconf 72' lang='grc' dir='ltr'>δε</span> <span class='ocrx_word' id='word_1_398' title='bbox 1055 3879 1141 3927; x_wconf 88' lang='grc' dir='ltr'>τὸν</span> <span class='ocrx_word' id='word_1_399' title='bbox 1186 3878 1337 3943; x_wconf 88' lang='grc' dir='ltr'>Θεὸν,</span> <span class='ocrx_word' id='word_1_400' title='bbox 1369 3875 1393 3926; x_wconf 89' lang='grc' dir='ltr'><em>ὁ</em></span> <span class='ocrx_word' id='word_1_401' title='bbox 1422 3871 1688 3946; x_wconf 85' lang='grc' dir='ltr'>μηδεμιᾶς</span> <span class='ocrx_word' id='word_1_402' title='bbox 1727 3872 1881 3944; x_wconf 80' lang='grc' dir='ltr'>ἀνάγ-</span> 
     </span>
    </p>
   </div>
   <div class='ocr_carea' id='block_1_59' title="bbox 287 3958 1881 4040">
    <p class='ocr_par' dir='ltr' id='par_1_59' title="bbox 287 3958 1881 4040">
     <span class='ocr_line' id='line_1_59' title="bbox 287 3958 1881 4040; baseline -0.003 -23"><span class='ocrx_word' id='word_1_403' title='bbox 287 3984 386 4025; x_wconf 86' lang='grc' dir='ltr'>κης</span> <span class='ocrx_word' id='word_1_404' title='bbox 425 3964 740 4036; x_wconf 76' lang='grc' dir='ltr'>ἐπικειμένης</span> <span class='ocrx_word' id='word_1_405' title='bbox 767 3964 1077 4040; x_wconf 73' lang='grc' dir='ltr'>ἐπιρρέπτων</span> <span class='ocrx_word' id='word_1_406' title='bbox 1117 3964 1297 4016; x_wconf 81' lang='grc' dir='ltr'>ἑαυτὸν</span> <span class='ocrx_word' id='word_1_407' title='bbox 1329 3965 1396 4023; x_wconf 82' lang='grc' dir='ltr'>εἰς</span> <span class='ocrx_word' id='word_1_408' title='bbox 1424 3970 1657 4038; x_wconf 83' lang='grc' dir='ltr'>προφανῆ</span> <span class='ocrx_word' id='word_1_409' title='bbox 1703 3958 1881 4013; x_wconf 86' lang='grc' dir='ltr'>κίνδυ-</span> 
     </span>
    </p>
   </div>
   <div class='ocr_carea' id='block_1_60' title="bbox 282 4052 1081 4128">
    <p class='ocr_par' dir='ltr' id='par_1_60' title="bbox 282 4052 1081 4128">
     <span class='ocr_line' id='line_1_60' title="bbox 282 4052 1081 4128; baseline 0 -23"><span class='ocrx_word' id='word_1_410' title='bbox 282 4074 388 4118; x_wconf 85' lang='grc' dir='ltr'>νον,</span> <span class='ocrx_word' id='word_1_411' title='bbox 428 4052 476 4105; x_wconf 85' lang='grc' dir='ltr'>ἐν</span> <span class='ocrx_word' id='word_1_412' title='bbox 501 4061 573 4124; x_wconf 83' lang='grc' dir='ltr'>τῷ</span> <span class='ocrx_word' id='word_1_413' title='bbox 608 4053 808 4128; x_wconf 70' lang='grc' dir='ltr'>θαρρεῖν</span> <span class='ocrx_word' id='word_1_414' title='bbox 838 4062 910 4124; x_wconf 81' lang='grc' dir='ltr'>τῷ</span> <span class='ocrx_word' id='word_1_415' title='bbox 942 4061 1081 4124; x_wconf 85' lang='grc' dir='ltr'>Θεῷ.</span> 
     </span>
    </p>
   </div>
   <div class='ocr_carea' id='block_1_61' title="bbox 353 4137 1879 4216">
    <p class='ocr_par' dir='ltr' id='par_1_61' title="bbox 353 4137 1879 4216">
     <span class='ocr_line' id='line_1_61' title="bbox 353 4137 1879 4216; baseline -0.003 -21"><span class='ocrx_word' id='word_1_416' title='bbox 353 4142 514 4195; x_wconf 86' lang='grc' dir='ltr'>Πάλιν</span> <span class='ocrx_word' id='word_1_417' title='bbox 571 4173 639 4183; x_wconf 91' lang='grc'><strong><em>-</em></strong></span> <span class='ocrx_word' id='word_1_418' title='bbox 700 4148 1076 4216; x_wconf 77' lang='grc' dir='ltr'>προσκυνήσῃς</span> <span class='ocrx_word' id='word_1_419' title='bbox 1141 4160 1221 4213; x_wconf 89' lang='grc' dir='ltr'>με.</span> <span class='ocrx_word' id='word_1_420' title='bbox 1295 4144 1541 4215; x_wconf 85' lang='grc' dir='ltr'>Περιττὸν</span> <span class='ocrx_word' id='word_1_421' title='bbox 1610 4137 1691 4205; x_wconf 73' lang='grc' dir='ltr'>ἦν,</span> <span class='ocrx_word' id='word_1_422' title='bbox 1760 4137 1879 4191; x_wconf 74' lang='grc' dir='ltr'>ἁνα-</span> 
     </span>
    </p>
   </div>
   <div class='ocr_carea' id='block_1_62' title="bbox 276 4226 1875 4308">
    <p class='ocr_par' dir='ltr' id='par_1_62' title="bbox 276 4226 1875 4308">
     <span class='ocr_line' id='line_1_62' title="bbox 276 4226 1875 4308; baseline -0.002 -26"><span class='ocrx_word' id='word_1_423' title='bbox 276 4239 544 4308; x_wconf 85' lang='grc' dir='ltr'>γραφῆναι</span> <span class='ocrx_word' id='word_1_424' title='bbox 590 4235 678 4282; x_wconf 88' lang='grc' dir='ltr'>καὶ</span> <span class='ocrx_word' id='word_1_425' title='bbox 720 4234 777 4282; x_wconf 87' lang='grc' dir='ltr'>τὸ</span> <span class='ocrx_word' id='word_1_426' title='bbox 813 4235 975 4302; x_wconf 81' lang='grc' dir='ltr'>ὄνομα</span> <span class='ocrx_word' id='word_1_427' title='bbox 1001 4238 1095 4282; x_wconf 91' lang='grc' dir='ltr'>τοῦ</span> <span class='ocrx_word' id='word_1_428' title='bbox 1142 4234 1311 4305; x_wconf 84' lang='grc' dir='ltr'>ὅρους,</span> <span class='ocrx_word' id='word_1_429' title='bbox 1356 4234 1490 4281; x_wconf 90' lang='grc' dir='ltr'>Ποία</span> <span class='ocrx_word' id='word_1_430' title='bbox 1534 4230 1635 4303; x_wconf 85' lang='grc' dir='ltr'>γὰρ</span> <span class='ocrx_word' id='word_1_431' title='bbox 1689 4226 1875 4280; x_wconf 85' lang='grc' dir='ltr'>ἐκεῖθεν</span> 
     </span>
    </p>
   </div>
   <div class='ocr_carea' id='block_1_63' title="bbox 276 4314 1875 4393">
    <p class='ocr_par' dir='ltr' id='par_1_63' title="bbox 276 4314 1875 4393">
     <span class='ocr_line' id='line_1_63' title="bbox 276 4314 1875 4393; baseline -0.002 -22"><span class='ocrx_word' id='word_1_432' title='bbox 276 4320 495 4393; x_wconf 77' lang='grc' dir='ltr'>ὠφέλεια</span> <span class='ocrx_word' id='word_1_433' title='bbox 527 4336 541 4385; x_wconf 89' lang='grc'>;</span> <span class='ocrx_word' id='word_1_434' title='bbox 573 4322 693 4378; x_wconf 84' lang='grc' dir='ltr'>τέως</span> <span class='ocrx_word' id='word_1_435' title='bbox 752 4316 804 4371; x_wconf 86' lang='grc' dir='ltr'>δ’</span> <span class='ocrx_word' id='word_1_436' title='bbox 858 4320 964 4386; x_wconf 81' lang='grc' dir='ltr'>οὖν,</span> <span class='ocrx_word' id='word_1_437' title='bbox 1019 4317 1302 4390; x_wconf 82' lang='grc' dir='ltr'>ἀποτυχὼν</span> <span class='ocrx_word' id='word_1_438' title='bbox 1357 4322 1447 4369; x_wconf 85' lang='grc' dir='ltr'>καὶ</span> <span class='ocrx_word' id='word_1_439' title='bbox 1487 4325 1581 4378; x_wconf 80' lang='grc' dir='ltr'>τῆς</span> <span class='ocrx_word' id='word_1_440' title='bbox 1631 4314 1875 4388; x_wconf 87' lang='grc' dir='ltr'>δευτέρας</span> 
     </span>
    </p>
   </div>
   <div class='ocr_carea' id='block_1_64' title="bbox 271 4407 1871 4484">
    <p class='ocr_par' dir='ltr' id='par_1_64' title="bbox 271 4407 1871 4484">
     <span class='ocr_line' id='line_1_64' title="bbox 271 4407 1871 4484; baseline -0.004 -22"><span class='ocrx_word' id='word_1_441' title='bbox 271 4408 574 4484; x_wconf 82' lang='grc' dir='ltr'>προσϐολῆς</span> <span class='ocrx_word' id='word_1_442' title='bbox 604 4408 630 4458; x_wconf 89' lang='grc' dir='ltr'>ό</span> <span class='ocrx_word' id='word_1_443' title='bbox 658 4407 869 4481; x_wconf 83' lang='grc' dir='ltr'>ἐχθρὸς,</span> <span class='ocrx_word' id='word_1_444' title='bbox 910 4413 1000 4460; x_wconf 90' lang='grc' dir='ltr'>καὶ</span> <span class='ocrx_word' id='word_1_445' title='bbox 1053 4407 1125 4469; x_wconf 88' lang='grc' dir='ltr'>εἰς</span> <span class='ocrx_word' id='word_1_446' title='bbox 1171 4411 1351 4480; x_wconf 86' lang='grc' dir='ltr'>τρίτην</span> <span class='ocrx_word' id='word_1_447' title='bbox 1392 4407 1871 4480; x_wconf 85' lang='grc' dir='ltr'>παρασκευάζεται,</span> 
     </span>
    </p>
   </div>
   <div class='ocr_carea' id='block_1_65' title="bbox 2010 1836 3659 1911">
    <p class='ocr_par' dir='ltr' id='par_1_65' title="bbox 2010 1836 3659 1911">
     <span class='ocr_line' id='line_1_65' title="bbox 2010 1836 3659 1911; baseline 0.002 -19"><span class='ocrx_word' id='word_1_448' title='bbox 2010 1836 2146 1892; x_wconf 89' lang='lat' dir='ltr'>ideo</span> <span class='ocrx_word' id='word_1_449' title='bbox 2175 1838 2236 1892; x_wconf 92' lang='lat' dir='ltr'>in</span> <span class='ocrx_word' id='word_1_450' title='bbox 2264 1838 2595 1894; x_wconf 91' lang='lat' dir='ltr'>reverentia</span> <span class='ocrx_word' id='word_1_451' title='bbox 2623 1838 2895 1894; x_wconf 85' lang='lat' dir='ltr'>habitam</span> <span class='ocrx_word' id='word_1_452' title='bbox 2928 1854 2940 1891; x_wconf 88' lang='lat'><strong>:</strong></span> <span class='ocrx_word' id='word_1_453' title='bbox 2975 1841 3080 1894; x_wconf 90' lang='lat' dir='ltr'>aut</span> <span class='ocrx_word' id='word_1_454' title='bbox 3107 1854 3178 1895; x_wconf 93' lang='lat' dir='ltr'>eo</span> <span class='ocrx_word' id='word_1_455' title='bbox 3196 1837 3357 1911; x_wconf 87' lang='lat' dir='ltr'>quod</span> <span class='ocrx_word' id='word_1_456' title='bbox 3379 1842 3659 1896; x_wconf 90' lang='lat' dir='ltr'>sanctum</span> 
     </span>
    </p>
   </div>
   <div class='ocr_carea' id='block_1_66' title="bbox 2008 1926 2591 1998">
    <p class='ocr_par' dir='ltr' id='par_1_66' title="bbox 2008 1926 2591 1998">
     <span class='ocr_line' id='line_1_66' title="bbox 2008 1926 2591 1998; baseline -0.002 -18"><span class='ocrx_word' id='word_1_457' title='bbox 2008 1926 2251 1982; x_wconf 87' lang='lat' dir='ltr'>haberet</span> <span class='ocrx_word' id='word_1_458' title='bbox 2282 1926 2591 1998; x_wconf 89' lang='lat' dir='ltr'>templum.</span> 
     </span>
    </p>
   </div>
   <div class='ocr_carea' id='block_1_67' title="bbox 2077 2013 3656 2086">
    <p class='ocr_par' dir='ltr' id='par_1_67' title="bbox 2077 2013 3656 2086">
     <span class='ocr_line' id='line_1_67' title="bbox 2077 2013 3656 2086; baseline 0.003 -17"><span class='ocrx_word' id='word_1_459' title='bbox 2077 2017 2237 2071; x_wconf 86' lang='lat' dir='ltr'>Vers.</span> <span class='ocrx_word' id='word_1_460' title='bbox 2264 2016 2317 2070; x_wconf 86' lang='lat'>5.</span> <span class='ocrx_word' id='word_1_461' title='bbox 2358 2016 2436 2070; x_wconf 87' lang='lat' dir='ltr'>Et</span> <span class='ocrx_word' id='word_1_462' title='bbox 2461 2046 2531 2056; x_wconf 90' lang='lat'>—</span> <span class='ocrx_word' id='word_1_463' title='bbox 2563 2014 2788 2086; x_wconf 82' lang='lat' dir='ltr'>templi.</span> <span class='ocrx_word' id='word_1_464' title='bbox 2830 2013 3226 2071; x_wconf 89' lang='lat' dir='ltr'>Pinnaculum</span> <span class='ocrx_word' id='word_1_465' title='bbox 3284 2014 3656 2073; x_wconf 87' lang='lat' dir='ltr'>domuncula</span> 
     </span>
    </p>
   </div>
   <div class='ocr_carea' id='block_1_68' title="bbox 2007 2103 3584 2178">
    <p class='ocr_par' dir='ltr' id='par_1_68' title="bbox 2007 2103 3584 2178">
     <span class='ocr_line' id='line_1_68' title="bbox 2007 2103 3584 2178; baseline 0.001 -18"><span class='ocrx_word' id='word_1_466' title='bbox 2007 2107 2133 2160; x_wconf 89' lang='lat' dir='ltr'>erat</span> <span class='ocrx_word' id='word_1_467' title='bbox 2150 2103 2382 2161; x_wconf 78' lang='lat' dir='ltr'>excelsa</span> <span class='ocrx_word' id='word_1_468' title='bbox 2410 2103 2603 2170; x_wconf 86' lang='lat' dir='ltr'>valde,</span> <span class='ocrx_word' id='word_1_469' title='bbox 2637 2104 2717 2161; x_wconf 91' lang='lat' dir='ltr'>ad</span> <span class='ocrx_word' id='word_1_470' title='bbox 2740 2103 2899 2160; x_wconf 89' lang='lat' dir='ltr'>latus</span> <span class='ocrx_word' id='word_1_471' title='bbox 2920 2104 3127 2176; x_wconf 90' lang='lat' dir='ltr'>templi</span> <span class='ocrx_word' id='word_1_472' title='bbox 3155 2106 3584 2178; x_wconf 85' lang='lat' dir='ltr'>superstructa.</span> 
     </span>
    </p>
   </div>
   <div class='ocr_carea' id='block_1_69' title="bbox 2075 2276 3657 2350">
    <p class='ocr_par' dir='ltr' id='par_1_69' title="bbox 2075 2276 3657 2350">
     <span class='ocr_line' id='line_1_69' title="bbox 2075 2276 3657 2350; baseline 0.001 -13"><span class='ocrx_word' id='word_1_473' title='bbox 2075 2283 2235 2337; x_wconf 86' lang='lat' dir='ltr'>Vers.</span> <span class='ocrx_word' id='word_1_474' title='bbox 2252 2285 2303 2337; x_wconf 84' lang='lat'>6.</span> <span class='ocrx_word' id='word_1_475' title='bbox 2323 2282 2401 2337; x_wconf 83' lang='lat' dir='ltr'>Et</span> <span class='ocrx_word' id='word_1_476' title='bbox 2420 2280 2694 2350; x_wconf 78' lang='lat' dir='ltr'>—pedem</span> <span class='ocrx_word' id='word_1_477' title='bbox 2732 2276 2918 2337; x_wconf 78' lang='lat' dir='ltr'>tuum.</span> <span class='ocrx_word' id='word_1_478' title='bbox 2952 2280 3141 2338; x_wconf 90' lang='lat' dir='ltr'>Prima</span> <span class='ocrx_word' id='word_1_479' title='bbox 3167 2281 3356 2337; x_wconf 89' lang='lat' dir='ltr'>victus</span> <span class='ocrx_word' id='word_1_480' title='bbox 3384 2281 3657 2339; x_wconf 83' lang='lat' dir='ltr'>tentatio-</span> 
     </span>
    </p>
   </div>
   <div class='ocr_carea' id='block_1_70' title="bbox 2005 2368 3656 2441">
    <p class='ocr_par' dir='ltr' id='par_1_70' title="bbox 2005 2368 3656 2441">
     <span class='ocr_line' id='line_1_70' title="bbox 2005 2368 3656 2441; baseline 0.002 -18"><span class='ocrx_word' id='word_1_481' title='bbox 2005 2384 2091 2436; x_wconf 90' lang='lat' dir='ltr'>ne,</span> <span class='ocrx_word' id='word_1_482' title='bbox 2128 2369 2200 2424; x_wconf 85' lang='lat' dir='ltr'>ad</span> <span class='ocrx_word' id='word_1_483' title='bbox 2232 2369 2555 2424; x_wconf 89' lang='lat' dir='ltr'>secundum</span> <span class='ocrx_word' id='word_1_484' title='bbox 2575 2368 2845 2440; x_wconf 90' lang='lat' dir='ltr'>procedit</span> <span class='ocrx_word' id='word_1_485' title='bbox 2866 2372 3189 2435; x_wconf 88' lang='lat' dir='ltr'>certamen,</span> <span class='ocrx_word' id='word_1_486' title='bbox 3221 2372 3277 2425; x_wconf 90' lang='lat' dir='ltr'>et</span> <span class='ocrx_word' id='word_1_487' title='bbox 3304 2384 3412 2441; x_wconf 89' lang='lat' dir='ltr'>per</span> <span class='ocrx_word' id='word_1_488' title='bbox 3429 2385 3656 2427; x_wconf 87' lang='lat' dir='ltr'>vanam</span> 
     </span>
    </p>
   </div>
   <div class='ocr_carea' id='block_1_71' title="bbox 2004 2457 3657 2530">
    <p class='ocr_par' dir='ltr' id='par_1_71' title="bbox 2004 2457 3657 2530">
     <span class='ocr_line' id='line_1_71' title="bbox 2004 2457 3657 2530; baseline 0.002 -18"><span class='ocrx_word' id='word_1_489' title='bbox 2004 2458 2242 2530; x_wconf 80' lang='lat' dir='ltr'>gloriam</span> <span class='ocrx_word' id='word_1_490' title='bbox 2275 2457 2474 2529; x_wconf 90' lang='lat' dir='ltr'>ipsum</span> <span class='ocrx_word' id='word_1_491' title='bbox 2501 2458 2702 2513; x_wconf 83' lang='lat' dir='ltr'>nititur</span> <span class='ocrx_word' id='word_1_492' title='bbox 2731 2458 3044 2525; x_wconf 89' lang='lat' dir='ltr'>attrahere,</span> <span class='ocrx_word' id='word_1_493' title='bbox 3080 2458 3336 2530; x_wconf 88' lang='lat' dir='ltr'>ideoque</span> <span class='ocrx_word' id='word_1_494' title='bbox 3392 2458 3568 2530; x_wconf 89' lang='lat' dir='ltr'>jubet</span> <span class='ocrx_word' id='word_1_495' title='bbox 3592 2462 3657 2515; x_wconf 90' lang='lat' dir='ltr'>ut</span> 
     </span>
    </p>
   </div>
   <div class='ocr_carea' id='block_1_72' title="bbox 2002 2546 3651 2618">
    <p class='ocr_par' dir='ltr' id='par_1_72' title="bbox 2002 2546 3651 2618">
     <span class='ocr_line' id='line_1_72' title="bbox 2002 2546 3651 2618; baseline 0.001 -18"><span class='ocrx_word' id='word_1_496' title='bbox 2002 2546 2267 2617; x_wconf 90' lang='lat' dir='ltr'>seipsum</span> <span class='ocrx_word' id='word_1_497' title='bbox 2292 2546 2621 2617; x_wconf 80' lang='lat' dir='ltr'>praecipitet</span> <span class='ocrx_word' id='word_1_498' title='bbox 2645 2561 2715 2601; x_wconf 90' lang='lat' dir='ltr'>ac</span> <span class='ocrx_word' id='word_1_499' title='bbox 2746 2550 2952 2602; x_wconf 85' lang='lat' dir='ltr'>servet.</span> <span class='ocrx_word' id='word_1_500' title='bbox 2987 2548 3175 2618; x_wconf 89' lang='lat' dir='ltr'>thue</span> <span class='ocrx_word' id='word_1_501' title='bbox 3219 2546 3411 2617; x_wconf 89' lang='lat' dir='ltr'>ipsum</span> <span class='ocrx_word' id='word_1_502' title='bbox 3442 2562 3651 2602; x_wconf 86' lang='lat' dir='ltr'>rursus</span> 
     </span>
    </p>
   </div>
   <div class='ocr_carea' id='block_1_73' title="bbox 2001 2633 3648 2706">
    <p class='ocr_par' dir='ltr' id='par_1_73' title="bbox 2001 2633 3648 2706">
     <span class='ocr_line' id='line_1_73' title="bbox 2001 2633 3648 2706; baseline 0.002 -17"><span class='ocrx_word' id='word_1_503' title='bbox 2001 2637 2248 2706; x_wconf 76' lang='lat' dir='ltr'>pungat,</span> <span class='ocrx_word' id='word_1_504' title='bbox 2308 2633 2613 2706; x_wconf 78' lang='lat' dir='ltr'>praemittit</span> <span class='ocrx_word' id='word_1_505' title='bbox 2690 2633 2949 2689; x_wconf 90' lang='lat' dir='ltr'>iterum:</span> <span class='ocrx_word' id='word_1_506' title='bbox 3005 2633 3067 2689; x_wconf 88' lang='lat' dir='ltr'>Si</span> <span class='ocrx_word' id='word_1_507' title='bbox 3146 2635 3331 2691; x_wconf 77' lang='lat' dir='ltr'>Filius</span> <span class='ocrx_word' id='word_1_508' title='bbox 3410 2636 3516 2690; x_wconf 78' lang='lat' dir='ltr'>Dei</span> <span class='ocrx_word' id='word_1_509' title='bbox 3569 2651 3648 2701; x_wconf 82' lang='lat' dir='ltr'>es,</span> 
     </span>
    </p>
   </div>
   <div class='ocr_carea' id='block_1_74' title="bbox 2000 2722 3651 2795">
    <p class='ocr_par' dir='ltr' id='par_1_74' title="bbox 2000 2722 3651 2795">
     <span class='ocr_line' id='line_1_74' title="bbox 2000 2722 3651 2795; baseline 0.002 -19"><span class='ocrx_word' id='word_1_510' title='bbox 2000 2723 2172 2793; x_wconf 88' lang='lat' dir='ltr'>quasi</span> <span class='ocrx_word' id='word_1_511' title='bbox 2189 2722 2387 2777; x_wconf 91' lang='lat' dir='ltr'>denuo</span> <span class='ocrx_word' id='word_1_512' title='bbox 2413 2723 2679 2778; x_wconf 89' lang='lat' dir='ltr'>videatur</span> <span class='ocrx_word' id='word_1_513' title='bbox 2690 2723 2800 2778; x_wconf 90' lang='lat' dir='ltr'>hoc</span> <span class='ocrx_word' id='word_1_514' title='bbox 2822 2722 3062 2792; x_wconf 93' lang='lat' dir='ltr'>signum</span> <span class='ocrx_word' id='word_1_515' title='bbox 3084 2723 3163 2778; x_wconf 92' lang='lat' dir='ltr'>ad</span> <span class='ocrx_word' id='word_1_516' title='bbox 3186 2723 3301 2778; x_wconf 92' lang='lat' dir='ltr'>hoc</span> <span class='ocrx_word' id='word_1_517' title='bbox 3327 2724 3651 2795; x_wconf 85' lang='lat' dir='ltr'>procedere</span> 
     </span>
    </p>
   </div>
   <div class='ocr_carea' id='block_1_75' title="bbox 2000 2810 3651 2884">
    <p class='ocr_par' dir='ltr' id='par_1_75' title="bbox 2000 2810 3651 2884">
     <span class='ocr_line' id='line_1_75' title="bbox 2000 2810 3651 2884; baseline 0.002 -17"><span class='ocrx_word' id='word_1_518' title='bbox 2000 2811 2143 2883; x_wconf 87' lang='lat' dir='ltr'>(aa),</span> <span class='ocrx_word' id='word_1_519' title='bbox 2173 2815 2237 2868; x_wconf 89' lang='lat' dir='ltr'>ut</span> <span class='ocrx_word' id='word_1_520' title='bbox 2266 2827 2328 2867; x_wconf 90' lang='lat' dir='ltr'>se</span> <span class='ocrx_word' id='word_1_521' title='bbox 2352 2810 2570 2868; x_wconf 86' lang='lat' dir='ltr'>Filium</span> <span class='ocrx_word' id='word_1_522' title='bbox 2604 2812 2702 2867; x_wconf 90' lang='lat' dir='ltr'>Dei</span> <span class='ocrx_word' id='word_1_523' title='bbox 2733 2827 2865 2866; x_wconf 89' lang='lat' dir='ltr'>esse</span> <span class='ocrx_word' id='word_1_524' title='bbox 2895 2811 3270 2877; x_wconf 88' lang='lat' dir='ltr'>demonstret,</span> <span class='ocrx_word' id='word_1_525' title='bbox 3299 2827 3651 2884; x_wconf 85' lang='lat' dir='ltr'>quanquam</span> 
     </span>
    </p>
   </div>
   <div class='ocr_carea' id='block_1_76' title="bbox 1997 2899 3647 2973">
    <p class='ocr_par' dir='ltr' id='par_1_76' title="bbox 1997 2899 3647 2973">
     <span class='ocr_line' id='line_1_76' title="bbox 1997 2899 3647 2973; baseline 0.001 -19"><span class='ocrx_word' id='word_1_526' title='bbox 1997 2899 2057 2955; x_wconf 93' lang='lat' dir='ltr'>id</span> <span class='ocrx_word' id='word_1_527' title='bbox 2085 2900 2252 2972; x_wconf 90' lang='lat' dir='ltr'>prius</span> <span class='ocrx_word' id='word_1_528' title='bbox 2280 2915 2398 2955; x_wconf 90' lang='lat' dir='ltr'>non</span> <span class='ocrx_word' id='word_1_529' title='bbox 2422 2899 2623 2955; x_wconf 86' lang='lat' dir='ltr'>fecerit</span> <span class='ocrx_word' id='word_1_530' title='bbox 2648 2900 2793 2973; x_wconf 87' lang='lat' dir='ltr'>(bb);</span> <span class='ocrx_word' id='word_1_531' title='bbox 2820 2900 3300 2973; x_wconf 89' lang='lat' dir='ltr'>putabatnempe</span> <span class='ocrx_word' id='word_1_532' title='bbox 3318 2899 3647 2957; x_wconf 87' lang='lat' dir='ltr'>faciliusilli</span> 
     </span>
    </p>
   </div>
   <div class='ocr_carea' id='block_1_77' title="bbox 1998 2989 3647 3061">
    <p class='ocr_par' dir='ltr' id='par_1_77' title="bbox 1998 2989 3647 3061">
     <span class='ocr_line' id='line_1_77' title="bbox 1998 2989 3647 3061; baseline 0.002 -17"><span class='ocrx_word' id='word_1_533' title='bbox 1998 3003 2176 3059; x_wconf 89' lang='lat' dir='ltr'>posse</span> <span class='ocrx_word' id='word_1_534' title='bbox 2219 2989 2585 3061; x_wconf 86' lang='lat' dir='ltr'>persuaderi,</span> <span class='ocrx_word' id='word_1_535' title='bbox 2636 2994 2693 3045; x_wconf 88' lang='lat' dir='ltr'>et</span> <span class='ocrx_word' id='word_1_536' title='bbox 2731 2990 2779 3044; x_wconf 88' lang='lat' dir='ltr'>si</span> <span class='ocrx_word' id='word_1_537' title='bbox 2807 3004 2929 3045; x_wconf 92' lang='lat' dir='ltr'>non</span> <span class='ocrx_word' id='word_1_538' title='bbox 2987 2989 3067 3044; x_wconf 94' lang='lat' dir='ltr'>ob</span> <span class='ocrx_word' id='word_1_539' title='bbox 3119 2990 3307 3055; x_wconf 89' lang='lat' dir='ltr'>aliud,</span> <span class='ocrx_word' id='word_1_540' title='bbox 3340 2993 3398 3046; x_wconf 87' lang='lat' dir='ltr'>at</span> <span class='ocrx_word' id='word_1_541' title='bbox 3430 2989 3647 3047; x_wconf 85' lang='lat' dir='ltr'>saltem</span> 
     </span>
    </p>
   </div>
   <div class='ocr_carea' id='block_1_78' title="bbox 1995 3076 3647 3149">
    <p class='ocr_par' dir='ltr' id='par_1_78' title="bbox 1995 3076 3647 3149">
     <span class='ocr_line' id='line_1_78' title="bbox 1995 3076 3647 3149; baseline 0.001 -17"><span class='ocrx_word' id='word_1_542' title='bbox 1995 3081 2239 3149; x_wconf 90' lang='lat' dir='ltr'>propter</span> <span class='ocrx_word' id='word_1_543' title='bbox 2267 3077 2399 3133; x_wconf 90' lang='lat' dir='ltr'>illos</span> <span class='ocrx_word' id='word_1_544' title='bbox 2429 3079 2526 3149; x_wconf 90' lang='lat' dir='ltr'>qui</span> <span class='ocrx_word' id='word_1_545' title='bbox 2558 3093 2696 3133; x_wconf 92' lang='lat' dir='ltr'>eum</span> <span class='ocrx_word' id='word_1_546' title='bbox 2727 3076 3029 3133; x_wconf 88' lang='lat' dir='ltr'>mirabilia</span> <span class='ocrx_word' id='word_1_547' title='bbox 3065 3081 3417 3149; x_wconf 89' lang='lat' dir='ltr'>operantem</span> <span class='ocrx_word' id='word_1_548' title='bbox 3460 3078 3647 3134; x_wconf 85' lang='lat' dir='ltr'>visuri</span> 
     </span>
    </p>
   </div>
   <div class='ocr_carea' id='block_1_79' title="bbox 1996 3164 3643 3236">
    <p class='ocr_par' dir='ltr' id='par_1_79' title="bbox 1996 3164 3643 3236">
     <span class='ocr_line' id='line_1_79' title="bbox 1996 3164 3643 3236; baseline 0.001 -15"><span class='ocrx_word' id='word_1_549' title='bbox 1996 3170 2183 3236; x_wconf 84' lang='lat' dir='ltr'>erant,</span> <span class='ocrx_word' id='word_1_550' title='bbox 2219 3169 2359 3221; x_wconf 92' lang='lat' dir='ltr'>tunc</span> <span class='ocrx_word' id='word_1_551' title='bbox 2385 3166 2546 3221; x_wconf 91' lang='lat' dir='ltr'>enim</span> <span class='ocrx_word' id='word_1_552' title='bbox 2578 3164 2743 3221; x_wconf 92' lang='lat' dir='ltr'>multi</span> <span class='ocrx_word' id='word_1_553' title='bbox 2775 3165 3019 3221; x_wconf 88' lang='lat' dir='ltr'>inferius</span> <span class='ocrx_word' id='word_1_554' title='bbox 3050 3165 3302 3222; x_wconf 88' lang='lat' dir='ltr'>aderant</span> <span class='ocrx_word' id='word_1_555' title='bbox 3340 3169 3395 3222; x_wconf 91' lang='lat' dir='ltr'>et</span> <span class='ocrx_word' id='word_1_556' title='bbox 3454 3166 3537 3221; x_wconf 92' lang='lat' dir='ltr'>ita</span> <span class='ocrx_word' id='word_1_557' title='bbox 3582 3166 3643 3222; x_wconf 93' lang='lat' dir='ltr'>in</span> 
     </span>
    </p>
   </div>
   <div class='ocr_carea' id='block_1_80' title="bbox 1996 3253 3646 3326">
    <p class='ocr_par' dir='ltr' id='par_1_80' title="bbox 1996 3253 3646 3326">
     <span class='ocr_line' id='line_1_80' title="bbox 1996 3253 3646 3326; baseline 0 -17"><span class='ocrx_word' id='word_1_558' title='bbox 1996 3269 2305 3326; x_wconf 85' lang='lat' dir='ltr'>expassam</span> <span class='ocrx_word' id='word_1_559' title='bbox 2321 3270 2493 3310; x_wconf 60' lang='lat' dir='ltr'>vanas</span> <span class='ocrx_word' id='word_1_560' title='bbox 2503 3254 2705 3326; x_wconf 67' lang='lat' dir='ltr'>glorim</span> <span class='ocrx_word' id='word_1_561' title='bbox 2719 3268 2953 3309; x_wconf 89' lang='lat' dir='ltr'>nassam</span> <span class='ocrx_word' id='word_1_562' title='bbox 2972 3253 3477 3325; x_wconf 88' lang='lat' dir='ltr'>incideret,utpote</span> <span class='ocrx_word' id='word_1_563' title='bbox 3494 3253 3646 3326; x_wconf 89' lang='lat' dir='ltr'>seip-</span> 
     </span>
    </p>
   </div>
   <div class='ocr_carea' id='block_1_81' title="bbox 1995 3341 3641 3415">
    <p class='ocr_par' dir='ltr' id='par_1_81' title="bbox 1995 3341 3641 3415">
     <span class='ocr_line' id='line_1_81' title="bbox 1995 3341 3641 3415; baseline -0.001 -19"><span class='ocrx_word' id='word_1_564' title='bbox 1995 3342 2361 3398; x_wconf 88' lang='lat' dir='ltr'>sumidcirco</span> <span class='ocrx_word' id='word_1_565' title='bbox 2376 3342 2820 3415; x_wconf 78' lang='lat' dir='ltr'>praecipitando,</span> <span class='ocrx_word' id='word_1_566' title='bbox 2845 3348 2910 3397; x_wconf 90' lang='lat' dir='ltr'>ut</span> <span class='ocrx_word' id='word_1_567' title='bbox 2938 3342 3015 3397; x_wconf 92' lang='lat' dir='ltr'>ab</span> <span class='ocrx_word' id='word_1_568' title='bbox 3033 3342 3117 3397; x_wconf 90' lang='lat' dir='ltr'>eis</span> <span class='ocrx_word' id='word_1_569' title='bbox 3140 3341 3510 3399; x_wconf 90' lang='lat' dir='ltr'>laudaretur.</span> <span class='ocrx_word' id='word_1_570' title='bbox 3548 3342 3641 3414; x_wconf 91' lang='lat' dir='ltr'>Ip-</span> 
     </span>
    </p>
   </div>
   <div class='ocr_carea' id='block_1_82' title="bbox 1995 3430 3644 3504">
    <p class='ocr_par' dir='ltr' id='par_1_82' title="bbox 1995 3430 3644 3504">
     <span class='ocr_line' id='line_1_82' title="bbox 1995 3430 3644 3504; baseline 0 -17"><span class='ocrx_word' id='word_1_571' title='bbox 1995 3447 2131 3487; x_wconf 90' lang='lat' dir='ltr'>sum</span> <span class='ocrx_word' id='word_1_572' title='bbox 2143 3447 2385 3504; x_wconf 92' lang='lat' dir='ltr'>quoque</span> <span class='ocrx_word' id='word_1_573' title='bbox 2400 3431 2679 3487; x_wconf 89' lang='lat' dir='ltr'>Davidica</span> <span class='ocrx_word' id='word_1_574' title='bbox 2691 3431 2933 3486; x_wconf 90' lang='lat' dir='ltr'>attrahit</span> <span class='ocrx_word' id='word_1_575' title='bbox 2946 3430 3339 3503; x_wconf 90' lang='lat' dir='ltr'>Scriptura,ut</span> <span class='ocrx_word' id='word_1_576' title='bbox 3352 3430 3644 3487; x_wconf 88' lang='lat' dir='ltr'>videretur</span> 
     </span>
    </p>
   </div>
   <div class='ocr_carea' id='block_1_83' title="bbox 1992 3519 3639 3593">
    <p class='ocr_par' dir='ltr' id='par_1_83' title="bbox 1992 3519 3639 3593">
     <span class='ocr_line' id='line_1_83' title="bbox 1992 3519 3639 3593; baseline -0.001 -18"><span class='ocrx_word' id='word_1_577' title='bbox 1992 3520 2167 3576; x_wconf 86' lang='lat' dir='ltr'>etiam</span> <span class='ocrx_word' id='word_1_578' title='bbox 2196 3537 2233 3576; x_wconf 90' lang='lat' dir='ltr'>a</span> <span class='ocrx_word' id='word_1_579' title='bbox 2261 3520 2567 3593; x_wconf 89' lang='lat' dir='ltr'>Scriptura</span> <span class='ocrx_word' id='word_1_580' title='bbox 2595 3520 2801 3576; x_wconf 91' lang='lat' dir='ltr'>divina</span> <span class='ocrx_word' id='word_1_581' title='bbox 2829 3519 3227 3575; x_wconf 87' lang='lat' dir='ltr'>verisimihter</span> <span class='ocrx_word' id='word_1_582' title='bbox 3255 3519 3639 3591; x_wconf 87' lang='lat' dir='ltr'>persuadere.</span> 
     </span>
    </p>
   </div>
   <div class='ocr_carea' id='block_1_84' title="bbox 1990 3607 3636 3681">
    <p class='ocr_par' dir='ltr' id='par_1_84' title="bbox 1990 3607 3636 3681">
     <span class='ocr_line' id='line_1_84' title="bbox 1990 3607 3636 3681; baseline 0 -18"><span class='ocrx_word' id='word_1_583' title='bbox 1990 3608 2209 3665; x_wconf 82' lang='lat' dir='ltr'>Verum</span> <span class='ocrx_word' id='word_1_584' title='bbox 2231 3609 2294 3665; x_wconf 91' lang='lat' dir='ltr'>hi</span> <span class='ocrx_word' id='word_1_585' title='bbox 2310 3609 2435 3680; x_wconf 89' lang='lat' dir='ltr'>ejus</span> <span class='ocrx_word' id='word_1_586' title='bbox 2455 3608 2574 3665; x_wconf 91' lang='lat' dir='ltr'>doli</span> <span class='ocrx_word' id='word_1_587' title='bbox 2597 3607 2896 3665; x_wconf 90' lang='lat' dir='ltr'>Christum</span> <span class='ocrx_word' id='word_1_588' title='bbox 2916 3623 3303 3681; x_wconf 89' lang='lat' dir='ltr'>nequaquam</span> <span class='ocrx_word' id='word_1_589' title='bbox 3316 3607 3636 3665; x_wconf 88' lang='lat' dir='ltr'>latuerunt.</span> 
     </span>
    </p>
   </div>
   <div class='ocr_carea' id='block_1_85' title="bbox 2060 3783 3640 3854">
    <p class='ocr_par' dir='ltr' id='par_1_85' title="bbox 2060 3783 3640 3854">
     <span class='ocr_line' id='line_1_85' title="bbox 2060 3783 3640 3854; baseline 0.001 -17"><span class='ocrx_word' id='word_1_590' title='bbox 2060 3785 2230 3840; x_wconf 90' lang='lat' dir='ltr'>Vers.</span> <span class='ocrx_word' id='word_1_591' title='bbox 2244 3784 2299 3838; x_wconf 88' lang='lat'>7.</span> <span class='ocrx_word' id='word_1_592' title='bbox 2324 3784 2487 3839; x_wconf 72' lang='lat' dir='ltr'>Dixi!</span> <span class='ocrx_word' id='word_1_593' title='bbox 2506 3815 2575 3824; x_wconf 89' lang='lat'>-—</span> <span class='ocrx_word' id='word_1_594' title='bbox 2596 3785 2781 3839; x_wconf 87' lang='lat' dir='ltr'>Deum</span> <span class='ocrx_word' id='word_1_595' title='bbox 2803 3790 2963 3839; x_wconf 84' lang='lat' dir='ltr'>tuum</span> <span class='ocrx_word' id='word_1_596' title='bbox 2978 3824 2991 3838; x_wconf 95' lang='lat'>.</span> <span class='ocrx_word' id='word_1_597' title='bbox 3021 3783 3090 3838; x_wconf 93' lang='lat' dir='ltr'>Et</span> <span class='ocrx_word' id='word_1_598' title='bbox 3110 3783 3226 3838; x_wconf 89' lang='lat' dir='ltr'>hoc</span> <span class='ocrx_word' id='word_1_599' title='bbox 3247 3783 3532 3854; x_wconf 88' lang='lat' dir='ltr'>scriptum</span> <span class='ocrx_word' id='word_1_600' title='bbox 3551 3784 3640 3839; x_wconf 90' lang='lat' dir='ltr'>est</span> 
     </span>
    </p>
   </div>
   <div class='ocr_carea' id='block_1_86' title="bbox 1989 3870 3639 3943">
    <p class='ocr_par' dir='ltr' id='par_1_86' title="bbox 1989 3870 3639 3943">
     <span class='ocr_line' id='line_1_86' title="bbox 1989 3870 3639 3943; baseline -0.001 -15"><span class='ocrx_word' id='word_1_601' title='bbox 1989 3873 2049 3930; x_wconf 90' lang='lat' dir='ltr'>in</span> <span class='ocrx_word' id='word_1_602' title='bbox 2071 3872 2528 3929; x_wconf 91' lang='lat' dir='ltr'>Deuteronomio</span> <span class='ocrx_word' id='word_1_603' title='bbox 2551 3874 2621 3927; x_wconf 74' lang='grc'>⁸⁸.</span> <span class='ocrx_word' id='word_1_604' title='bbox 2648 3875 2855 3928; x_wconf 88' lang='lat' dir='ltr'>Tentat</span> <span class='ocrx_word' id='word_1_605' title='bbox 2875 3875 3075 3927; x_wconf 89' lang='lat' dir='ltr'>autem</span> <span class='ocrx_word' id='word_1_606' title='bbox 3100 3872 3289 3926; x_wconf 91' lang='lat' dir='ltr'>Deum</span> <span class='ocrx_word' id='word_1_607' title='bbox 3311 3870 3435 3943; x_wconf 89' lang='lat' dir='ltr'>qui,</span> <span class='ocrx_word' id='word_1_608' title='bbox 3471 3870 3639 3927; x_wconf 90' lang='lat' dir='ltr'>nulla</span> 
     </span>
    </p>
   </div>
   <div class='ocr_carea' id='block_1_87' title="bbox 1988 3958 3635 4032">
    <p class='ocr_par' dir='ltr' id='par_1_87' title="bbox 1988 3958 3635 4032">
     <span class='ocr_line' id='line_1_87' title="bbox 1988 3958 3635 4032; baseline -0.003 -12"><span class='ocrx_word' id='word_1_609' title='bbox 1988 3963 2247 4019; x_wconf 88' lang='lat' dir='ltr'>instante</span> <span class='ocrx_word' id='word_1_610' title='bbox 2278 3961 2642 4026; x_wconf 88' lang='lat' dir='ltr'>necessitate,</span> <span class='ocrx_word' id='word_1_611' title='bbox 2671 3961 2934 4032; x_wconf 90' lang='lat' dir='ltr'>seipsum</span> <span class='ocrx_word' id='word_1_612' title='bbox 2971 3960 3033 4015; x_wconf 91' lang='lat' dir='ltr'>in</span> <span class='ocrx_word' id='word_1_613' title='bbox 3073 3958 3456 4016; x_wconf 88' lang='lat' dir='ltr'>manifestum</span> <span class='ocrx_word' id='word_1_614' title='bbox 3485 3973 3635 4031; x_wconf 85' lang='lat' dir='ltr'>prae-</span> 
     </span>
    </p>
   </div>
   <div class='ocr_carea' id='block_1_88' title="bbox 1988 4047 3632 4124">
    <p class='ocr_par' dir='ltr' id='par_1_88' title="bbox 1988 4047 3632 4124">
     <span class='ocr_line' id='line_1_88' title="bbox 1988 4047 3632 4124; baseline -0.003 -17"><span class='ocrx_word' id='word_1_615' title='bbox 1988 4052 2195 4124; x_wconf 89' lang='lat' dir='ltr'>cipitat</span> <span class='ocrx_word' id='word_1_616' title='bbox 2221 4050 2573 4123; x_wconf 90' lang='lat' dir='ltr'>periculum,</span> <span class='ocrx_word' id='word_1_617' title='bbox 2596 4049 2675 4106; x_wconf 90' lang='lat' dir='ltr'>ob</span> <span class='ocrx_word' id='word_1_618' title='bbox 2703 4048 2968 4104; x_wconf 89' lang='lat' dir='ltr'>habitam</span> <span class='ocrx_word' id='word_1_619' title='bbox 2999 4049 3061 4104; x_wconf 90' lang='lat' dir='ltr'>in</span> <span class='ocrx_word' id='word_1_620' title='bbox 3101 4051 3287 4104; x_wconf 90' lang='lat' dir='ltr'>Deum</span> <span class='ocrx_word' id='word_1_621' title='bbox 3323 4047 3632 4103; x_wconf 87' lang='lat' dir='ltr'>ﬁduciam.</span> 
     </span>
    </p>
   </div>
   <div class='ocr_carea' id='block_1_89' title="bbox 2057 4136 3635 4208">
    <p class='ocr_par' dir='ltr' id='par_1_89' title="bbox 2057 4136 3635 4208">
     <span class='ocr_line' id='line_1_89' title="bbox 2057 4136 3635 4208; baseline -0.003 -13"><span class='ocrx_word' id='word_1_622' title='bbox 2057 4141 2219 4195; x_wconf 88' lang='lat' dir='ltr'>Vers.</span> <span class='ocrx_word' id='word_1_623' title='bbox 2254 4144 2305 4196; x_wconf 91' lang='lat'>8.</span> <span class='ocrx_word' id='word_1_624' title='bbox 2334 4140 2553 4194; x_wconf 80' lang='lat' dir='ltr'>Iterum</span> <span class='ocrx_word' id='word_1_625' title='bbox 2587 4169 2655 4180; x_wconf 92' lang='lat'>—</span> <span class='ocrx_word' id='word_1_626' title='bbox 2689 4138 2754 4194; x_wconf 92' lang='lat' dir='ltr'>V.</span> <span class='ocrx_word' id='word_1_627' title='bbox 2797 4141 2856 4193; x_wconf 89' lang='lat'>9.</span> <span class='ocrx_word' id='word_1_628' title='bbox 2888 4136 3245 4194; x_wconf 82' lang='lat' dir='ltr'>Adoraveris</span> <span class='ocrx_word' id='word_1_629' title='bbox 3273 4153 3381 4193; x_wconf 84' lang='lat' dir='ltr'>me.</span> <span class='ocrx_word' id='word_1_630' title='bbox 3421 4138 3635 4208; x_wconf 88' lang='lat' dir='ltr'>Super-</span> 
     </span>
    </p>
   </div>
   <div class='ocr_carea' id='block_1_90' title="bbox 1990 4224 3633 4297">
    <p class='ocr_par' dir='ltr' id='par_1_90' title="bbox 1990 4224 3633 4297">
     <span class='ocr_line' id='line_1_90' title="bbox 1990 4224 3633 4297; baseline -0.002 -13"><span class='ocrx_word' id='word_1_631' title='bbox 1990 4244 2242 4286; x_wconf 87' lang='lat' dir='ltr'>vacuum</span> <span class='ocrx_word' id='word_1_632' title='bbox 2271 4228 2476 4284; x_wconf 83' lang='lat' dir='ltr'>fuisset</span> <span class='ocrx_word' id='word_1_633' title='bbox 2505 4242 2728 4283; x_wconf 90' lang='lat' dir='ltr'>nomen</span> <span class='ocrx_word' id='word_1_634' title='bbox 2760 4226 2979 4283; x_wconf 87' lang='lat' dir='ltr'>ascribi</span> <span class='ocrx_word' id='word_1_635' title='bbox 3011 4226 3230 4282; x_wconf 90' lang='lat' dir='ltr'>montis</span> <span class='ocrx_word' id='word_1_636' title='bbox 3259 4241 3273 4281; x_wconf 88' lang='lat'><strong>:</strong></span> <span class='ocrx_word' id='word_1_637' title='bbox 3311 4241 3443 4297; x_wconf 77' lang='lat' dir='ltr'>quae</span> <span class='ocrx_word' id='word_1_638' title='bbox 3468 4224 3633 4281; x_wconf 92' lang='lat' dir='ltr'>enim</span> 
     </span>
    </p>
   </div>
   <div class='ocr_carea' id='block_1_91' title="bbox 1982 4313 3630 4373">
    <p class='ocr_par' dir='ltr' id='par_1_91' title="bbox 1982 4313 3630 4373">
     <span class='ocr_line' id='line_1_91' title="bbox 1982 4313 3630 4373; baseline -0.002 -1"><span class='ocrx_word' id='word_1_639' title='bbox 1982 4316 2188 4373; x_wconf 86' lang='lat' dir='ltr'>fuisset</span> <span class='ocrx_word' id='word_1_640' title='bbox 2211 4316 2350 4373; x_wconf 93' lang='lat' dir='ltr'>inde</span> <span class='ocrx_word' id='word_1_641' title='bbox 2381 4321 2702 4372; x_wconf 89' lang='lat' dir='ltr'>consecuta</span> <span class='ocrx_word' id='word_1_642' title='bbox 2740 4315 2959 4372; x_wconf 90' lang='lat' dir='ltr'>utilitas</span> <span class='ocrx_word' id='word_1_643' title='bbox 2980 4315 3010 4370; x_wconf 83' lang='lat'><strong>?</strong></span> <span class='ocrx_word' id='word_1_644' title='bbox 3050 4314 3288 4370; x_wconf 87' lang='lat' dir='ltr'>Interim</span> <span class='ocrx_word' id='word_1_645' title='bbox 3314 4313 3630 4370; x_wconf 89' lang='lat' dir='ltr'>frustratus</span> 
     </span>
    </p>
   </div>
   <div class='ocr_carea' id='block_1_92' title="bbox 1984 4401 3632 4477">
    <p class='ocr_par' dir='ltr' id='par_1_92' title="bbox 1984 4401 3632 4477">
     <span class='ocr_line' id='line_1_92' title="bbox 1984 4401 3632 4477; baseline -0.004 -15"><span class='ocrx_word' id='word_1_646' title='bbox 1984 4406 2248 4462; x_wconf 92' lang='lat' dir='ltr'>secundo</span> <span class='ocrx_word' id='word_1_647' title='bbox 2269 4420 2505 4477; x_wconf 90' lang='lat' dir='ltr'>quoque</span> <span class='ocrx_word' id='word_1_648' title='bbox 2526 4404 2753 4475; x_wconf 87' lang='lat' dir='ltr'>impetu</span> <span class='ocrx_word' id='word_1_649' title='bbox 2776 4403 3066 4466; x_wconf 89' lang='lat' dir='ltr'>inimicus,</span> <span class='ocrx_word' id='word_1_650' title='bbox 3095 4403 3173 4458; x_wconf 90' lang='lat' dir='ltr'>ad</span> <span class='ocrx_word' id='word_1_651' title='bbox 3202 4401 3439 4458; x_wconf 90' lang='lat' dir='ltr'>tertium</span> <span class='ocrx_word' id='word_1_652' title='bbox 3468 4401 3632 4457; x_wconf 86' lang='lat' dir='ltr'>insu-</span> 
     </span>
    </p>
   </div>
   <div class='ocr_carea' id='block_1_93' title="bbox 270 4490 1894 4571">
    <p class='ocr_par' dir='ltr' id='par_1_93' title="bbox 270 4492 1869 4571">
     <span class='ocr_line' id='line_1_93' title="bbox 270 4492 1869 4571; baseline -0.003 -21"><span class='ocrx_word' id='word_1_653' title='bbox 270 4502 372 4556; x_wconf 79' lang='grc' dir='ltr'>τὴν</span> <span class='ocrx_word' id='word_1_654' title='bbox 429 4493 522 4548; x_wconf 77' lang='grc' dir='ltr'>διὰ</span> <span class='ocrx_word' id='word_1_655' title='bbox 577 4496 938 4571; x_wconf 75' lang='grc' dir='ltr'>φιλαργυρίας,</span> <span class='ocrx_word' id='word_1_656' title='bbox 997 4496 1055 4555; x_wconf 79' lang='grc' dir='ltr'>ἣν</span> <span class='ocrx_word' id='word_1_657' title='bbox 1107 4500 1196 4548; x_wconf 86' lang='grc' dir='ltr'>καὶ</span> <span class='ocrx_word' id='word_1_658' title='bbox 1244 4496 1535 4547; x_wconf 87' lang='grc' dir='ltr'>τελευταῖαν</span> <span class='ocrx_word' id='word_1_659' title='bbox 1602 4492 1869 4567; x_wconf 81' lang='grc' dir='ltr'>ἐτήρησεν,</span> 
     </span>
    </p>
   </div>
   <div class='ocr_carea' id='block_1_94' title="bbox 2012 4490 3627 4571">
    <p class='ocr_par' dir='ltr' id='par_1_94' title="bbox 2012 4490 3627 4566">
     <span class='ocr_line' id='line_1_94' title="bbox 2012 4490 3627 4566; baseline -0.001 -16"><span class='ocrx_word' id='word_1_660' title='bbox 2012 4509 2084 4550; x_wconf 66' lang='grc' dir='ltr'>νει·</span> <span class='ocrx_word' id='word_1_661' title='bbox 2100 4496 2548 4566; x_wconf 78' lang='lat' dir='ltr'>praeparatur,et</span> <span class='ocrx_word' id='word_1_662' title='bbox 2559 4508 2663 4564; x_wconf 88' lang='lat' dir='ltr'>per</span> <span class='ocrx_word' id='word_1_663' title='bbox 2684 4492 2995 4549; x_wconf 88' lang='lat' dir='ltr'>avaritiam</span> <span class='ocrx_word' id='word_1_664' title='bbox 3017 4507 3206 4565; x_wconf 91' lang='lat' dir='ltr'>quam</span> <span class='ocrx_word' id='word_1_665' title='bbox 3228 4490 3627 4548; x_wconf 85' lang='lat' dir='ltr'>novissimam</span> 
     </span>
    </p>
   </div>
   <div class='ocr_carea' id='block_1_95' title="bbox 272 4581 1872 4657">
    <p class='ocr_par' dir='ltr' id='par_1_95' title="bbox 272 4581 1872 4657">
     <span class='ocr_line' id='line_1_95' title="bbox 272 4581 1872 4657; baseline -0.003 -19"><span class='ocrx_word' id='word_1_666' title='bbox 272 4590 347 4647; x_wconf 87' lang='grc' dir='ltr'>ὡς</span> <span class='ocrx_word' id='word_1_667' title='bbox 413 4590 805 4657; x_wconf 78' lang='grc' dir='ltr'>χαλεπωτέραν.</span> <span class='ocrx_word' id='word_1_668' title='bbox 866 4590 965 4638; x_wconf 82' lang='grc' dir='ltr'>Καὶ</span> <span class='ocrx_word' id='word_1_669' title='bbox 1021 4583 1199 4656; x_wconf 78' lang='grc' dir='ltr'>ἀνάγει</span> <span class='ocrx_word' id='word_1_670' title='bbox 1252 4583 1405 4635; x_wconf 86' lang='grc' dir='ltr'>αύτὸν</span> <span class='ocrx_word' id='word_1_671' title='bbox 1463 4583 1529 4643; x_wconf 84' lang='grc' dir='ltr'>εἰς</span> <span class='ocrx_word' id='word_1_672' title='bbox 1560 4586 1676 4656; x_wconf 78' lang='grc' dir='ltr'>ὄρος</span> <span class='ocrx_word' id='word_1_673' title='bbox 1734 4581 1872 4653; x_wconf 75' lang='grc' dir='ltr'>ὑψη-</span> 
     </span>
    </p>
   </div>
   <div class='ocr_carea' id='block_1_96' title="bbox 270 4669 1866 4744">
    <p class='ocr_par' dir='ltr' id='par_1_96' title="bbox 270 4669 1866 4744">
     <span class='ocr_line' id='line_1_96' title="bbox 270 4669 1866 4744; baseline -0.003 -18"><span class='ocrx_word' id='word_1_674' title='bbox 270 4675 511 4738; x_wconf 80' lang='grc' dir='ltr'>λότατον,</span> <span class='ocrx_word' id='word_1_675' title='bbox 544 4679 736 4743; x_wconf 82' lang='grc' dir='ltr'>καὶτῷ</span> <span class='ocrx_word' id='word_1_676' title='bbox 769 4670 1007 4744; x_wconf 82' lang='grc' dir='ltr'>δακτύλῳ</span> <span class='ocrx_word' id='word_1_677' title='bbox 1055 4669 1319 4725; x_wconf 87' lang='grc' dir='ltr'>δείκνυσιν</span> <span class='ocrx_word' id='word_1_678' title='bbox 1366 4671 1525 4740; x_wconf 81' lang='grc' dir='ltr'>αύτῶ,</span> <span class='ocrx_word' id='word_1_679' title='bbox 1576 4670 1623 4723; x_wconf 81' lang='grc' dir='ltr'>ἐν</span> <span class='ocrx_word' id='word_1_680' title='bbox 1675 4678 1866 4743; x_wconf 78' lang='grc' dir='ltr'>στιγμῇ</span> 
     </span>
    </p>
   </div>
   <div class='ocr_carea' id='block_1_97' title="bbox 268 4760 1868 4839">
    <p class='ocr_par' dir='ltr' id='par_1_97' title="bbox 268 4760 1868 4839">
     <span class='ocr_line' id='line_1_97' title="bbox 268 4760 1868 4839; baseline -0.003 -22"><span class='ocrx_word' id='word_1_681' title='bbox 268 4770 497 4839; x_wconf 85' lang='grc' dir='ltr'>χρόνον,</span> <span class='ocrx_word' id='word_1_682' title='bbox 548 4766 721 4826; x_wconf 83' lang='grc' dir='ltr'>καθὼς</span> <span class='ocrx_word' id='word_1_683' title='bbox 778 4764 1152 4835; x_wconf 80' lang='grc' dir='ltr'>προσέθηκενό</span> <span class='ocrx_word' id='word_1_684' title='bbox 1193 4767 1419 4829; x_wconf 84' lang='grc' dir='ltr'>Λουκᾶς,</span> <span class='ocrx_word' id='word_1_685' title='bbox 1475 4763 1764 4826; x_wconf 74' lang='grc' dir='ltr'>τουτέστιν,</span> <span class='ocrx_word' id='word_1_686' title='bbox 1818 4760 1868 4813; x_wconf 75' lang='grc' dir='ltr'>ἐν</span> 
     </span>
    </p>
   </div>
   <div class='ocr_carea' id='block_1_98' title="bbox 348 4941 1323 5013">
    <p class='ocr_par' dir='ltr' id='par_1_98' title="bbox 348 4941 1323 5013">
     <span class='ocr_line' id='line_1_98' title="bbox 348 4941 1323 5013; baseline -0.001 -14"><span class='ocrx_word' id='word_1_687' title='bbox 348 4941 394 4981; x_wconf 73' lang='grc'>⁵⁸</span> <span class='ocrx_word' id='word_1_688' title='bbox 426 4942 565 4999; x_wconf 94' lang='lat' dir='ltr'>Luc.</span> <span class='ocrx_word' id='word_1_689' title='bbox 599 4957 680 5013; x_wconf 80' lang='lat' dir='ltr'>1v,</span> <span class='ocrx_word' id='word_1_690' title='bbox 700 4942 756 4997; x_wconf 90' lang='lat'>3.</span> <span class='ocrx_word' id='word_1_691' title='bbox 831 4942 881 4980; x_wconf 66' lang='grc' dir='ltr'>σε</span> <span class='ocrx_word' id='word_1_692' title='bbox 913 4942 1085 5002; x_wconf 87' lang='lat' dir='ltr'>Deut.</span> <span class='ocrx_word' id='word_1_693' title='bbox 1122 4956 1199 5010; x_wconf 70' lang='lat' dir='ltr'>vl,</span> <span class='ocrx_word' id='word_1_694' title='bbox 1232 4941 1323 4998; x_wconf 79' lang='grc'>16.</span> 
     </span>
    </p>
   </div>
   <div class='ocr_carea' id='block_1_99' title="bbox 1981 4580 3628 4655">
    <p class='ocr_par' dir='ltr' id='par_1_99' title="bbox 1981 4580 3628 4655">
     <span class='ocr_line' id='line_1_99' title="bbox 1981 4580 3628 4655; baseline -0.001 -17"><span class='ocrx_word' id='word_1_695' title='bbox 1981 4583 2273 4650; x_wconf 90' lang='lat' dir='ltr'>servabat,</span> <span class='ocrx_word' id='word_1_696' title='bbox 2294 4586 2551 4655; x_wconf 90' lang='lat' dir='ltr'>utpoque</span> <span class='ocrx_word' id='word_1_697' title='bbox 2572 4581 3069 4654; x_wconf 89' lang='lat' dir='ltr'>periculosiorem,</span> <span class='ocrx_word' id='word_1_698' title='bbox 3099 4580 3351 4651; x_wconf 90' lang='lat' dir='ltr'>dejicere</span> <span class='ocrx_word' id='word_1_699' title='bbox 3374 4582 3628 4637; x_wconf 91' lang='lat' dir='ltr'>conatur</span> 
     </span>
    </p>
   </div>
   <div class='ocr_carea' id='block_1_100' title="bbox 1980 4667 3626 4739">
    <p class='ocr_par' dir='ltr' id='par_1_100' title="bbox 1980 4667 3626 4739">
     <span class='ocr_line' id='line_1_100' title="bbox 1980 4667 3626 4739; baseline -0.002 -11"><span class='ocrx_word' id='word_1_700' title='bbox 1980 4677 2037 4728; x_wconf 90' lang='lat' dir='ltr'>et</span> <span class='ocrx_word' id='word_1_701' title='bbox 2067 4672 2130 4728; x_wconf 93' lang='lat' dir='ltr'>in</span> <span class='ocrx_word' id='word_1_702' title='bbox 2158 4675 2416 4729; x_wconf 92' lang='lat' dir='ltr'>montem</span> <span class='ocrx_word' id='word_1_703' title='bbox 2446 4670 2608 4727; x_wconf 88' lang='lat' dir='ltr'>ducit</span> <span class='ocrx_word' id='word_1_704' title='bbox 2645 4670 2948 4726; x_wconf 86' lang='lat' dir='ltr'>excelsum</span> <span class='ocrx_word' id='word_1_705' title='bbox 2986 4668 3175 4735; x_wconf 87' lang='lat' dir='ltr'>valde,</span> <span class='ocrx_word' id='word_1_706' title='bbox 3228 4683 3299 4724; x_wconf 91' lang='lat' dir='ltr'>ac</span> <span class='ocrx_word' id='word_1_707' title='bbox 3355 4667 3543 4739; x_wconf 90' lang='lat' dir='ltr'>digito</span> <span class='ocrx_word' id='word_1_708' title='bbox 3571 4669 3626 4725; x_wconf 93' lang='lat' dir='ltr'>ei</span> 
     </span>
    </p>
   </div>
   <div class='ocr_carea' id='block_1_101' title="bbox 1979 4754 3624 4829">
    <p class='ocr_par' dir='ltr' id='par_1_101' title="bbox 1979 4754 3624 4829">
     <span class='ocr_line' id='line_1_101' title="bbox 1979 4754 3624 4829; baseline -0.004 -11"><span class='ocrx_word' id='word_1_709' title='bbox 1979 4761 2362 4825; x_wconf 86' lang='lat' dir='ltr'>demonstrat,</span> <span class='ocrx_word' id='word_1_710' title='bbox 2399 4762 2461 4817; x_wconf 85' lang='lat' dir='ltr'>in</span> <span class='ocrx_word' id='word_1_711' title='bbox 2508 4764 2804 4816; x_wconf 83' lang='lat' dir='ltr'>momento</span> <span class='ocrx_word' id='word_1_712' title='bbox 2863 4757 3159 4827; x_wconf 79' lang='lat' dir='ltr'>temporis,</span> <span class='ocrx_word' id='word_1_713' title='bbox 3209 4755 3376 4829; x_wconf 90' lang='lat' dir='ltr'>quod</span> <span class='ocrx_word' id='word_1_714' title='bbox 3439 4754 3624 4812; x_wconf 90' lang='lat' dir='ltr'>etiam</span> 
     </span>
    </p>
   </div>
   <div class='ocr_carea' id='block_1_102' title="bbox 1492 5114 2408 5186">
    <p class='ocr_par' dir='ltr' id='par_1_102' title="bbox 1492 5114 2408 5186">
     <span class='ocr_line' id='line_1_102' title="bbox 1492 5114 2408 5186; baseline -0.004 0"><span class='ocrx_word' id='word_1_715' title='bbox 1492 5115 1717 5186; x_wconf 71' lang='lat' dir='ltr'>Variae</span> <span class='ocrx_word' id='word_1_716' title='bbox 1741 5114 2067 5185; x_wconf 86' lang='lat' dir='ltr'>lectiones</span> <span class='ocrx_word' id='word_1_717' title='bbox 2099 5120 2167 5183; x_wconf 89' lang='lat' dir='ltr'>et</span> <span class='ocrx_word' id='word_1_718' title='bbox 2204 5122 2408 5182; x_wconf 72' lang='lat' dir='ltr'>notae.</span> 
     </span>
    </p>
   </div>
   <div class='ocr_carea' id='block_1_103' title="bbox 348 5312 1722 5461">
    <p class='ocr_par' dir='ltr' id='par_1_103' title="bbox 348 5312 1722 5461">
     <span class='ocr_line' id='line_1_103' title="bbox 370 5312 1722 5391; baseline -0.005 -16"><span class='ocrx_word' id='word_1_719' title='bbox 370 5321 434 5375; x_wconf 79' lang='lat'>97</span> <span class='ocrx_word' id='word_1_720' title='bbox 480 5317 523 5374; x_wconf 93' lang='grc' dir='ltr'><strong>Ῑ.</strong></span> <span class='ocrx_word' id='word_1_721' title='bbox 553 5332 605 5375; x_wconf 94' lang='lat' dir='ltr'>e.</span> <span class='ocrx_word' id='word_1_722' title='bbox 643 5322 716 5391; x_wconf 79' lang='grc' dir='ltr'>μὴ</span> <span class='ocrx_word' id='word_1_723' title='bbox 744 5313 859 5371; x_wconf 86' lang='grc' dir='ltr'>δέον</span> <span class='ocrx_word' id='word_1_724' title='bbox 889 5318 1299 5390; x_wconf 80' lang='grc' dir='ltr'>παρατηρήσεως</span> <span class='ocrx_word' id='word_1_725' title='bbox 1336 5312 1722 5389; x_wconf 76' lang='grc' dir='ltr'>ἀκριϐεστέρας.</span> 
     </span>
     <span class='ocr_line' id='line_1_104' title="bbox 348 5318 1722 5461; baseline -0.004 -17"><span class='ocrx_word' id='word_1_726' title='bbox 348 5318 461 5461; x_wconf 52' lang='grc' dir='ltr'><strong>ἷθϐζ</strong></span> <span class='ocrx_word' id='word_1_727' title='bbox 499 5391 635 5446; x_wconf 70' lang='grc' dir='ltr'>Ηαεο</span> <span class='ocrx_word' id='word_1_728' title='bbox 673 5388 736 5445; x_wconf 92' lang='lat' dir='ltr'>in</span> <span class='ocrx_word' id='word_1_729' title='bbox 763 5393 973 5446; x_wconf 88' lang='lat' dir='ltr'>neutro</span> <span class='ocrx_word' id='word_1_730' title='bbox 1004 5401 1277 5443; x_wconf 91' lang='lat' dir='ltr'>meorum</span> <span class='ocrx_word' id='word_1_731' title='bbox 1305 5390 1675 5458; x_wconf 89' lang='lat' dir='ltr'>comparent.</span> <span class='ocrx_word' id='word_1_732' title='bbox 1711 5385 1722 5439; x_wconf 76' lang='grc' dir='ltr'>ξ</span> 
     </span>
    </p>
   </div>
   <div class='ocr_carea' id='block_1_104' title="bbox 500 5513 1589 5592">
    <p class='ocr_par' dir='ltr' id='par_1_104' title="bbox 500 5513 1589 5592">
     <span class='ocr_line' id='line_1_105' title="bbox 500 5513 1589 5592; baseline -0.003 -22"><span class='ocrx_word' id='word_1_733' title='bbox 500 5514 833 5592; x_wconf 50' lang='lat' dir='ltr'>{recedere</span> <span class='ocrx_word' id='word_1_734' title='bbox 866 5514 1013 5592; x_wconf 87' lang='lat' dir='ltr'>Imo,</span> <span class='ocrx_word' id='word_1_735' title='bbox 1044 5524 1346 5592; x_wconf 32' lang='lat' dir='ltr'>quaerere,</span> <span class='ocrx_word' id='word_1_736' title='bbox 1371 5513 1589 5582; x_wconf 87' lang='lat' dir='ltr'>petere.</span> 
     </span>
    </p>
   </div>
   <div class='ocr_carea' id='block_1_105' title="bbox 499 5380 2788 5458">
    <p class='ocr_par' dir='ltr' id='par_1_105' title="bbox 499 5380 2788 5458">
     <span class='ocr_line' id='line_1_106' title="bbox 499 5380 2788 5458; baseline -0.003 -13"><span class='ocrx_word' id='word_1_737' title='bbox 499 5380 654 5446; x_wconf 69' lang='lat' dir='ltr'>Hazc&#39;</span> <span class='ocrx_word' id='word_1_738' title='bbox 673 5388 736 5445; x_wconf 92' lang='lat' dir='ltr'>in</span> <span class='ocrx_word' id='word_1_739' title='bbox 763 5380 973 5446; x_wconf 80' lang='lat' dir='ltr'>neutro</span> <span class='ocrx_word' id='word_1_740' title='bbox 1004 5380 1277 5443; x_wconf 73' lang='lat' dir='ltr'>me&#39;orum</span> <span class='ocrx_word' id='word_1_741' title='bbox 1305 5380 1675 5458; x_wconf 82' lang='lat' dir='ltr'>comparent.</span> <span class='ocrx_word' id='word_1_742' title='bbox 1711 5384 1945 5457; x_wconf 89' lang='lat' dir='ltr'>Sumpta</span> <span class='ocrx_word' id='word_1_743' title='bbox 1973 5383 2113 5439; x_wconf 89' lang='lat' dir='ltr'>sunt</span> <span class='ocrx_word' id='word_1_744' title='bbox 2136 5396 2210 5438; x_wconf 83' lang='lat' dir='ltr'>ex</span> <span class='ocrx_word' id='word_1_745' title='bbox 2237 5380 2564 5456; x_wconf 88' lang='lat' dir='ltr'>Theophyl.</span> <span class='ocrx_word' id='word_1_746' title='bbox 2591 5393 2659 5453; x_wconf 90' lang='lat' dir='ltr'>p.</span> <span class='ocrx_word' id='word_1_747' title='bbox 2698 5382 2788 5438; x_wconf 82' lang='lat'>22.</span> 
     </span>
    </p>
   </div>
   <div class='ocr_carea' id='block_1_106' title="bbox 354 5513 2347 5658">
    <p class='ocr_par' dir='ltr' id='par_1_106' title="bbox 354 5513 2347 5658">
     <span class='ocr_line' id='line_1_107' title="bbox 376 5513 1589 5584; baseline -0.002 -14"><span class='ocrx_word' id='word_1_748' title='bbox 376 5528 447 5570; x_wconf 85' lang='lat' dir='ltr'>aa</span> <span class='ocrx_word' id='word_1_749' title='bbox 500 5514 833 5571; x_wconf 83' lang='lat' dir='ltr'>Procedere.</span> <span class='ocrx_word' id='word_1_750' title='bbox 866 5514 1013 5580; x_wconf 93' lang='lat' dir='ltr'>Imo,</span> <span class='ocrx_word' id='word_1_751' title='bbox 1044 5524 1327 5584; x_wconf 70' lang='lat' dir='ltr'>quaerere,</span> <span class='ocrx_word' id='word_1_752' title='bbox 1371 5513 1589 5582; x_wconf 87' lang='lat' dir='ltr'>petere.</span> 
     </span>
     <span class='ocr_line' id='line_1_108' title="bbox 354 5513 2347 5658; baseline -0.004 -17"><span class='ocrx_word' id='word_1_753' title='bbox 354 5513 473 5656; x_wconf 39' lang='grc' dir='ltr'>ξοδδ</span> <span class='ocrx_word' id='word_1_754' title='bbox 514 5586 895 5658; x_wconf 85' lang='lat' dir='ltr'>Quanquam,</span> <span class='ocrx_word' id='word_1_755' title='bbox 918 5588 1028 5641; x_wconf 91' lang='lat' dir='ltr'>etc.</span> <span class='ocrx_word' id='word_1_756' title='bbox 1056 5600 1071 5650; x_wconf 85' lang='lat'><strong>;</strong></span> <span class='ocrx_word' id='word_1_757' title='bbox 1099 5597 1229 5637; x_wconf 90' lang='lat' dir='ltr'>cum</span> <span class='ocrx_word' id='word_1_758' title='bbox 1256 5580 1424 5654; x_wconf 89' lang='lat' dir='ltr'>prius</span> <span class='ocrx_word' id='word_1_759' title='bbox 1452 5595 1574 5638; x_wconf 91' lang='lat' dir='ltr'>non</span> <span class='ocrx_word' id='word_1_760' title='bbox 1602 5579 1820 5647; x_wconf 81' lang='lat' dir='ltr'>fecerit,</span> <span class='ocrx_word' id='word_1_761' title='bbox 1852 5592 1977 5638; x_wconf 90' lang='lat' dir='ltr'>non</span> <span class='ocrx_word' id='word_1_762' title='bbox 2012 5576 2228 5636; x_wconf 88' lang='lat' dir='ltr'>factum</span> <span class='ocrx_word' id='word_1_763' title='bbox 2252 5577 2347 5636; x_wconf 87' lang='lat' dir='ltr'>sit.</span> 
     </span>
    </p>
   </div>
  </div>
