4166 6314
525 273 630 332 1⁸79

1825 263 2177 330 EUTYHMII
2216 261 2545 321 ZIGABENI

3775 257 3882 314 1-80

530 397 760 457 addidit
789 396 975 454 Lucas
990 395 1193 464 67,hoc
1221 398 1326 460 est,
1354 394 1416 450 in
1437 408 1627 467 parvo
1656 395 1949 464 tempore,
1981 395 2178 464 partes

2296 389 2492 464 βραχεῖ
2530 394 2718 464 καιρῷ,
2766 389 2834 440 τὰ
2859 390 2987 460 μέρη
3019 394 3112 450 τῆς
3138 386 3462 460 οἰκουμένης,
3501 388 3549 439 ἐν
3575 385 3652 449 οἷς
3687 387 3882 438 ἔκειντο
3949 452 3956 458 η

533 488 718 554 orbis,
736 488 797 543 in
822 486 1044 558 quibus
1075 485 1288 541 mundi
1312 499 1499 553 regna
1517 483 1626 539 sita
1657 485 1843 550 erant,
1873 481 2095 546 dicens,
2120 481 2180 535 in

533 577 650 633 hac
674 575 917 648 quidem
939 579 1109 648 parte
1135 573 1399 646 positum
1448 575 1535 627 est
1571 586 1824 641 regnum
1889 573 2181 626 Romano-

532 681 667 721 rum
695 680 706 718 :
743 664 803 720 in
825 665 938 720 ista
957 678 1100 719 vero
1119 665 1452 724 Persarum,
1482 663 1537 714 et
1565 659 1624 714 in
1660 658 1758 714 illa
1781 659 2178 730 Assyriorum,

534 769 606 811 ac
634 753 765 825 pari
797 752 978 809 modo
1007 751 1081 806 de
1112 749 1356 805 caeteris.
1389 750 1456 803 Et
1491 748 1632 804 item
1671 748 1784 804 hoc
1813 747 2181 819 praecipuam

534 842 716 900 habet
736 841 1010 911 gloriam,
1044 839 1090 893 si
1122 837 1343 894 formas
1374 840 1606 908 spectas
1633 851 1704 892 ac
1732 835 1990 906 species;
2020 834 2183 890 aliud

536 946 678 988 vero
719 929 783 985 in
809 928 958 994 aliis,
989 930 1042 983 et
1073 930 1139 982 ut
1176 924 1359 980 semel
1388 924 1604 987 dicam,
1644 923 1848 980 omnia
1895 927 2182 982 recenset.

538 1017 762 1074 Deinde
802 1016 917 1072 ait:
950 1017 1092 1072 Haec
1123 1015 1322 1070 omnia
1353 1012 1461 1068 tibi
1506 1012 1691 1078 dabo;
1741 1015 1887 1084 puta
1935 1027 2071 1083 quae
2121 1011 2184 1067 in

536 1105 738 1175 regnis
752 1103 965 1160 mundi
986 1103 1381 1166 continentur,
1409 1101 1460 1156 si
1493 1107 1818 1170 prostratus
1847 1101 2184 1156 adoraveris

536 1209 650 1250 me.
669 1191 1004 1258 Quomodo,
1026 1206 1061 1247 o
1075 1190 1393 1256 dolose,tot
1407 1205 1478 1246 ac
1494 1189 1635 1246 talia
1651 1194 1987 1245 commutas
2009 1191 2186 1244 unica

541 1280 942 1338 adoratione?
989 1279 1232 1351 Utique;
1291 1283 1355 1334 ut
1427 1277 1532 1333 ubi
1579 1278 1858 1349 praecepti
1908 1277 2186 1334 facilitate

539 1369 843 1442 deceperis
873 1369 1134 1425 avaritiae
1157 1368 1340 1424 hamo
1367 1382 1504 1422 eum
1532 1367 1868 1436 transﬁgas,
1901 1366 2182 1432 videlicet,

539 1475 675 1516 cum
707 1473 911 1514 amore
927 1456 1270 1530 possidendi
1303 1470 1624 1526 regnorum
1655 1455 1894 1512 divitias
1920 1459 1975 1511 te
2001 1455 2188 1512 adora

538 1547 708 1606 verit.
761 1546 1124 1602 Manifestius
1174 1549 1377 1601 autem
1435 1545 1514 1600 ait
1578 1546 1788 1612 Lucas,
1860 1544 2079 1600 dixisse
2135 1537 2186 1599 ei

539 1636 854 1694 diabolum
883 1651 896 1690 :
939 1634 1062 1690 Tibi
1081 1634 1227 1690 dabo
1249 1640 1594 1704 potestatem
1615 1634 1764 1690 hanc
1779 1634 2116 1690 universam
2135 1639 2185 1689 et

2289 481 2342 531 αἱ
2384 477 2650 550 βασιλεῖαι
2705 484 2796 529 τοῦ
2845 481 3067 548 κόσμου,
3123 476 3300 548 λέγων·
3349 476 3430 530 Ἐν
3456 479 3623 548 τούτῳ
3667 478 3755 547 μὲν
3805 483 3883 546 τῷ

2288 571 2430 640 μέρει
2477 563 2640 618 κεῖται
2706 567 2735 624 ἡ
2795 563 3040 637 βασιλεία
3090 573 3188 616 τῶν
3252 565 3534 636 Ῥωμαίων,
3603 563 3649 616 ἐν
3710 564 3885 634 τούτῳ

2292 651 2368 721 δὲ,
2407 657 2432 712 ὁ
2494 663 2592 706 τῶν
2651 661 2886 729 Περσῶν,
2936 653 2983 705 ἐν
3023 653 3196 725 ἐκείνῳ
3243 651 3322 717 δὲ,
3370 655 3400 712 ἡ
3442 662 3540 705 τῶν
3587 653 3885 727 Ἀσσυρίων

2290 748 2378 795 καὶ
2435 745 2500 795 τὰ
2559 742 2679 805 ἑξῆς
2725 744 2932 814 ὁμοίως·
2966 747 3056 794 καὶ
3096 746 3174 794 ὅτι
3217 744 3246 800 ἡ
3292 744 3380 814 μὲν
3432 745 3544 814 ἔχει
3598 738 3756 804 δόξαν
3797 740 3886 793 ἐπὶ

2290 827 2469 884 τοῖσδε
2506 828 2611 892 τοῖς
2647 827 2860 899 εἴδεσιν,
2906 831 3016 903 (99)
3049 833 3078 890 ἠ
3137 828 3195 884 δὲ
3225 829 3308 883 ἐπὶ
3355 827 3559 901 τοῖσδε,
3597 835 3687 882 καὶ
3726 829 3884 899 οῖλλη,

2289 919 2366 973 ἐπ’
2410 920 2598 991 ἄλλοις,
2641 925 2731 973 καὶ
2771 920 2939 982 ἁπλῶς
2991 921 3158 974 πάντα
3212 919 3501 992 καταλέγει.
3553 917 3679 974 Εἶτά
3727 936 3883 993 φησί’

2290 1017 2468 1062 Ταῦτα
2501 1012 2672 1063 πάντα
2721 1029 2804 1063 σοι
2837 1007 3012 1077 δώσω,
3068 1006 3275 1069 δηλαδὴ
3329 1012 3396 1062 τὰ
3454 1016 3552 1061 τῶν
3602 1008 3890 1082 βασιλειῶν

2290 1105 2382 1151 τοῦ
2432 1100 2656 1172 κόσμου,
2716 1098 2800 1151 ἐὰν
2852 1103 3022 1153 πεσὼν
3075 1103 3442 1172 πγοσκυνὴσῃς
3499 1118 3580 1172 με.
3645 1105 3777 1166 Πῶς,
3843 1095 3888 1151 ὦ

2294 1185 2452 1253 δόλιε,
2501 1190 2564 1240 τὰ
2608 1196 2842 1240 τοσαῦτα
2900 1193 2988 1242 καὶ
3040 1189 3258 1240 τοιαῦτα
3297 1193 3728 1263 προσκυνήματος
3776 1187 3888 1249 ἐνὸς

2295 1277 2599 1349 ἀπεμπολεῖς
2643 1296 2656 1342 ς
2709 1279 2939 1343 Πάντως,
3001 1279 3100 1343 ἵνα,
3165 1286 3227 1350 τῇ
3298 1278 3505 1350 εὐκολίᾳ
3564 1287 3654 1332 τοῦ
3710 1281 3887 1331 ἐπιτά-

2293 1385 2490 1436 γματος
2544 1364 2840 1432 ἀπατήσας,
2905 1371 3203 1439 περιπείρῃς
3272 1367 3425 1419 αὐτὸν
3483 1375 3553 1437 τῷ
3617 1366 3884 1441 ἀγκίστρῳ

2294 1463 2385 1515 τῆς
2466 1455 2826 1528 φιλαργυρίας,
2906 1459 2974 1517 ὡς
3049 1459 3200 1528 ἔρωτι
3262 1463 3350 1508 τοῦ
3431 1458 3734 1514 κτήσασθαι
3797 1459 3886 1508 τὸν

2295 1541 2513 1595 πλοῦτον
2570 1551 2669 1595 τῶν
2725 1543 3005 1615 βασιλειῶν
3060 1547 3493 1616 προσκυνήσαντοὶ
3548 1564 3622 1600 σε.
3681 1545 3885 1597 Πλατύ-

2293 1651 2433 1704 τερον
2468 1628 2527 1685 δέ
2564 1652 2719 1704 φησιν
2751 1634 2776 1684 6
2810 1637 3032 1697 Λουκᾶς,
3074 1635 3154 1685 ὅτι
3192 1634 3322 1686 εἶπεν
3355 1633 3493 1703 αὐτῷ
3547 1635 3572 1684 6
3627 1631 3880 1694 διάϐολος·

539 1727 798 1798 gloriam
823 1739 1042 1794 eorum,
1066 1724 1208 1796 quia
1225 1724 1376 1780 mihi
1397 1723 1620 1779 tradita
1645 1729 1749 1788 est,
1777 1728 1832 1778 et
1863 1723 2187 1792 cuicunque

2296 1725 2381 1772 Σοὶ
2446 1721 2525 1791 (Ι)
2586 1717 2743 1773 δώσω
2797 1726 2891 1780 τὴν
2953 1720 3189 1783 ἐξουσίαν
3253 1725 3445 1780 ταύτην
3500 1722 3728 1786 ἅπασαν,
3795 1728 3886 1775 καὶ

540 1817 670 1873 volo
686 1815 762 1870 do
792 1828 920 1870 eam
951 1818 1051 1882 ;tu
1065 1812 1254 1882 igitur
1273 1811 1330 1866 si
1354 1812 1688 1880 provolutus
1710 1825 1910 1866 coram
1937 1825 2028 1866 me
2049 1811 2183 1866 ado-

542 1904 795 1967 raveris,
823 1905 991 1956 erunt
1010 1906 1114 1956 tua
1131 1900 1328 1955 omnia
1353 1900 1419 1953 ⁸⁸.
1446 1899 1756 1954 Matthaeus
1783 1898 2029 1970 quidem
2062 1900 2185 1954 haec

537 1989 821 2063 praeteriit
849 1993 1141 2060 tanquam
1189 2002 1308 2042 non
1362 1987 1744 2044 necessaria:
1802 1986 1990 2043 Lucas
2042 2002 2184 2044 vero

540 2078 792 2145 addidit,
826 2075 972 2150 quia
997 2075 1114 2131 hoc
1136 2075 1266 2131 loco
1294 2073 1472 2131 dicta.

3853 1811 3878 1827 ν

2293 1813 2387 1867 τὴν
2437 1806 2594 1874 δόξαν
2665 1810 2851 1874 αὐτῶν,
2913 1813 2992 1863 ὅτι
3059 1810 3172 1883 ἐμοὶ
3241 1807 3618 1884 παραδέδοται,
3689 1815 3776 1862 καὶ

2295 1896 2378 1949 ἐὰν
2441 1897 2587 1965 θέλω,
2653 1895 2853 1972 δίδωμι
2901 1899 3088 1957 αύτήν,
3151 1903 3216 1951 Σύ
3280 1897 3386 1966 οὖν,
3439 1899 3521 1951 ἐὰν
3587 1905 3886 1974 προσκυνή-

2297 2005 2392 2060 σῃς
2446 1985 2657 2039 ἐνώπιόν
2725 2007 2844 2058 μου,
2917 1990 3065 2040 ἔσται
3125 2008 3218 2041 σου
3275 1995 3441 2044 πᾶσα.
3505 1989 3563 2041 Ὀ
3632 1993 3720 2061 μὲν
3796 1984 3883 2040 οὖν

2293 2077 2560 2137 Ματθαιος
2609 2083 2776 2128 ταῦτα
2827 2078 3149 2149 παρέλειψεν,
3178 2080 3248 2140 ὡς
3276 2078 3367 2130 οὐκ
3422 2077 3697 2150 ἀναγκαῖαο
3751 2079 3777 2130 ὁ
3827 2073 3888 2130 δὲ

539 2173 749 2228 Λουκᾶς
789 2167 1110 2239 προσέθηκεν
1149 2164 1301 2231 αὐτὰ,
1358 2165 1427 2224 ὡς
1476 2170 1764 2220 τηνικαῦτα
1799 2163 2044 2238 ῥηθέντα.
2094 2161 2292 2222 Πολλὰς
2332 2160 2390 2215 δὲ
2428 2165 2672 2227 τοιαύτας
2700 2164 3037 2238 παραλείψεις
3074 2171 3162 2219 καὶ
3187 2169 3491 2241 προσθήκας
3519 2167 3568 2220 ἐν
3599 2173 3704 2227 τοῖς
3737 2166 3889 2238 εὐαγ-

538 2256 805 2329 γελισταῖς
841 2255 1098 2328 εὑρήσεις,
1134 2256 1223 2305 καὶ
1253 2251 1336 2305 ἐπὶ
1361 2259 1540 2304 πασῶν
1572 2255 1662 2324 ἔχε
1687 2251 1835 2304 λύσιν
1876 2254 1963 2313 τὰς
1991 2247 2312 2312 δηλωθείσας
2334 2251 2524 2314 αἰτίας.

613 2343 931 2416 Plerasque
961 2346 1163 2399 autem
1180 2341 1528 2411 hujusmodi
1549 2339 1903 2397 omissiones
1934 2356 1999 2396 ac
2027 2340 2185 2396 addi-

541 2433 732 2491 tiones
763 2432 927 2505 apud
959 2430 1355 2502 evangelistas
1384 2430 1662 2502 reperies,
1691 2435 1748 2486 et
1785 2430 1846 2485 in
1903 2429 2186 2487 omnibus

540 2538 652 2598 pro
677 2522 972 2580 solutione
1000 2521 1314 2593 praedictas
1346 2519 1558 2577 adhibe
1595 2535 1829 2577 causas.

616 2789 774 2845 Vers.
805 2787 894 2843 10.
930 2786 1091 2840 Tunc
1120 2814 1189 2825 —
1213 2783 1398 2840 solum
1447 2784 1619 2840 coles.
1672 2787 1789 2840 Hoc
1837 2799 2080 2855 quoque
2127 2783 2189 2840 in

544 2873 998 2932 Deuteronomio
1051 2872 1336 2944 scriptum
1381 2875 1468 2929 est
1525 2874 1597 2929 σθ.
1668 2872 1990 2928 Considera
2051 2888 2188 2928 vero

2372 2343 2489 2410 [Ἣ
2543 2340 2622 2412 (2)
2687 2346 2911 2414 χρονικη
3001 2348 3195 2416 στιγμὴ
3252 2353 3347 2404 τῆς
3404 2342 3770 2418 ἀστρονομίας,
3829 2345 3884 2397 οὐ

2294 2431 2428 2482 πάνυ
2461 2449 2510 2481 τι
2544 2428 2728 2503 βραχὺ
2761 2427 3038 2504 διάστημᾱ
3098 2436 3364 2490 κέκτηται.
3422 2431 3606 2506 ’Ἡρκει
3671 2431 3757 2485 οὖν
3817 2434 3891 2496 εἰς

2296 2522 2447 2590 μόνον
2522 2521 2581 2570 τὸ
2641 2515 2812 2582 δείξαι
2863 2522 2928 2572 τὰ
2983 2525 3112 2594 μέρη
3171 2530 3261 2582 τῆς
3327 2521 3648 2594 οἰκουμένης,
3710 2522 3758 2574 ἐν
3811 2525 3889 2586 οἷς

2297 2609 2487 2660 ἔκειντο
2539 2609 2592 2659 αἱ
2621 2607 2906 2681 βασιλεῖαι,
2955 2614 3046 2662 καὶ
3083 2609 3154 2671 εἰς
3183 2613 3241 2663 τὸ
3291 2611 3446 2664 εἰπεῖν
3477 2611 3632 2682 ὀλίγα
3653 2616 3889 2685 περὶτῆς

2298 2692 2426 2760 δὸξη
2438 2717 2458 2758 ς
2479 2696 2689 2768 αύτῶν.]

2368 2788 2494 2838 Τότε
2550 2817 2618 2826 -
2688 2788 2826 2859 μόνῳ
2902 2787 3223 2861 λατρεύσεις.
3308 2794 3410 2842 Καὶ
3488 2797 3640 2842 τοῦτο
3701 2789 3746 2843 ἐν
3812 2799 3882 2860 τῷ

2299 2879 2672 2946 Δευτερονομίῳ
2738 2880 3049 2950 γέγραπται.
3111 2882 3292 2930 Σκόπει
3359 2876 3440 2947 δε,
3508 2881 3588 2931 ὅτι
3653 2878 3734 2932 ἐπὶ
3795 2881 3881 2950 μὲν

543 2963 712 3036 quod
739 2963 801 3018 in
827 2961 1125 3034 prioribus
1155 2960 1401 3032 quidem
1427 2960 1854 3017 tentationibus
1907 2961 2187 3032 patienter

2296 2969 2399 3022 τοῖς
2471 2963 2796 3036 προλαϐοῦσι
2868 2973 3179 3038 πειρασμοῖς
3257 2969 3601 3041 μακροθύμως
3677 2967 3886 3040 ἀπεκρί-

543 3049 937 3124 responderit.
969 3049 1078 3106 Ubi
1117 3054 1318 3106 autem
1362 3049 1508 3104 vidit
1552 3050 1755 3121 ipsum
1812 3049 2191 3122 impudenter

545 3141 646 3197 Dei
691 3140 767 3197 ad
849 3154 911 3195 se
967 3139 1378 3196 adorationem
1425 3138 1734 3205 attrahere,
1802 3138 2188 3212 divinumque

545 3232 816 3301 expetere
836 3227 1150 3296 honorem,
1183 3232 1325 3284 tunc
1349 3227 1551 3300 ipsum
1575 3227 1921 3300 increpavit,
1949 3229 2185 3285 dicens:

545 3318 678 3386 Abi,
710 3320 958 3388 Satana,
990 3317 1106 3374 hoc
1135 3321 1246 3384 est,
1281 3317 1532 3382 Recede,
1588 3317 1944 3374 adversarie.
1999 3319 2188 3374 Lucas

548 3422 687 3464 vero
714 3407 955 3479 scripsit
982 3424 994 3461 :
1029 3408 1157 3465 Abi
1181 3413 1314 3475 post
1339 3422 1442 3472 me,
1469 3406 1691 3463 Satana
1721 3407 1790 3471 ⁷ο,
1837 3407 1951 3462 hoc
2016 3410 2125 3475 est,
2157 3421 2188 3461 e

546 3498 873 3566 conspectu
904 3509 1038 3549 meo
1059 3499 1112 3548 te
1143 3493 1308 3549 aufer
1338 3493 1539 3563 ;quod
1582 3493 1737 3548 enim
1762 3498 1899 3565 post
1926 3493 2189 3565 aliquem

545 3583 806 3655 ponitur,
831 3582 936 3653 ipsi
967 3597 1089 3637 non
1117 3585 1381 3652 apparet.
1411 3583 1612 3653 Neque
1642 3581 1922 3637 sustinuit
1944 3587 2005 3638 ut
2029 3598 2192 3639 men-

545 3669 704 3726 dacii
740 3672 1014 3740 argueret
1041 3668 1337 3724 dicentem
1373 3668 1578 3725 omnia
1630 3669 1743 3724 sibi
1795 3669 2011 3726 tradita
2040 3687 2186 3744 esse,

547 3757 654 3815 sed
683 3757 883 3814 denuo
931 3757 1134 3831 ipsum
1163 3773 1200 3814 a
1240 3757 1540 3831 Scriptura
1580 3758 1814 3831 repulit,
1849 3764 1905 3816 et
1950 3766 2191 3817 versuto

543 3847 853 3918 ﬂagellum
876 3847 1033 3905 facta
1048 3851 1134 3904 est
1153 3847 1501 3922 increpatio,
1517 3863 1714 3922 neque
1745 3848 1906 3905 enim
1930 3850 2190 3922 amplius

545 3937 830 3995 toleravit.

618 4028 686 4081 Et
712 4025 845 4081 ideo
870 4025 972 4096 (cc)
995 4023 1304 4080 Mattbaeus
1320 4025 1564 4096 quidem
1579 4030 1945 4096 postremam
1967 4028 2195 4099 scripsit

548 4113 812 4170 avaritiae
841 4112 1230 4167 tentationem
1261 4128 1272 4167 :
1309 4113 1496 4167 Lucas
1527 4117 1725 4168 autem
1786 4115 1982 4185 potius
2020 4131 2194 4172 vanae

546 4199 768 4270 gloriae,
800 4199 944 4271 quia
972 4197 1276 4253 Mattheeus
1325 4213 1468 4254 sane
1499 4200 1676 4254 etiam
1734 4201 1956 4255 ordinis
2009 4206 2193 4260 tenta-

2297 3069 2426 3121 νετο,
2476 3053 2556 3104 ὅτε
2610 3048 2668 3104 δὲ
2700 3049 2832 3105 εἶδεν
2887 3054 3040 3106 αὑτὸν
3084 3059 3177 3113 τὴν
3220 3064 3308 3108 τοῦ
3363 3063 3495 3110 Θεοῦ
3534 3059 3887 3130 προσκύνησιν

2299 3139 2365 3200 εἰς
2415 3139 2594 3192 ἑαυτὸν
2645 3139 3008 3213 ἀναισχύντως
3073 3143 3302 3215 ἕλκοντα,
3363 3151 3452 3198 καὶ
3527 3153 3660 3198 Θεοῦ
3734 3150 3887 3217 τιμὴν

2297 3229 2636 3296 ἀπαιτοῦντα,
2719 3233 2834 3282 τότε
2917 3229 3223 3304 ἐπετίμησεν
3307 3233 3447 3305 αύτῷ
3528 3234 3698 3287 εἰπών·
3767 3233 3890 3288 ’Υπ-

2297 3318 2390 3387 οίγε
2453 3317 2554 3388 (3),
2604 3325 2821 3389 Σατανᾶ,
2883 3323 3168 3386 τουτέστιν,
3224 3319 3506 3397 ἀναχώρει,
3557 3322 3886 3395 ἀντικείμενε.

2289 3396 2355 3460 ⁸Θ
2387 3403 2446 3458 δὲ
2497 3412 2700 3468 Λουκᾶς
2724 3407 2921 3479 ’Υπαγε
2986 3408 3154 3462 ὀπίσω
3207 3430 3330 3482 μου,
3391 3411 3629 3484 ἔγραψεν,
3683 3414 3709 3464 ὃ
3751 3412 3890 3465 ἐστιν

2301 3496 2671 3568 ’Δφανίσθητι.
2757 3496 2814 3549 Ὀ
2879 3501 2978 3570 γὰρ
3056 3498 3222 3551 ὀπίσω
3272 3501 3407 3562 τινος
3479 3505 3762 3572 γενόμενος,
3832 3501 3888 3554 ού

2299 3589 2530 3658 φαίνεται
2582 3584 2742 3656 αύτῷ.
2801 3585 2911 3638 Ούκ
2960 3587 3174 3659 ὴνέχετο
3233 3585 3291 3640 δε
3321 3587 3522 3659 ἐλέγξαι
3561 3589 3716 3642 αὑτὸν
3762 3590 3890 3662 ψευ-

2303 3675 2540 3745 σάμενον,
2575 3675 2654 3726 ὅτι
2692 3675 2716 3725 6
2753 3678 2949 3746 κόσμος
3002 3674 3142 3747 αύτῷ
3194 3674 3574 3750 παραδέδοται,
3623 3678 3754 3732 ἀλλὰ
3793 3682 3892 3732 ποί-

2299 3762 2376 3815 λιν
2408 3760 2510 3815 ἀπὸ
2552 3771 2648 3826 τῆς
2686 3769 2892 3836 Γραφῆς
2948 3763 3103 3816 αὐτὸν
3159 3769 3520 3836 καταισχύνει.
3575 3773 3673 3820 Καὶ
3715 3768 3890 3822 λοιπόν

2300 3851 2498 3925 μάστιξ
2525 3859 2598 3922 τῷ
2626 3860 2835 3925 πονηρώ
2859 3854 3061 3924 γέγονεν
3111 3855 3140 3912 ἠ
3193 3854 3512 3926 ἐπιτίμησις.
3564 3856 3752 3909 Οὐκέτι
3789 3860 3890 3934 γὰρ

2303 3939 2548 4015 ἐκαρτέρη
2559 3959 2634 3996 σε.

2378 4033 2475 4081 Καὶ
2545 4025 2690 4080 διατὶ
2739 4031 3003 4090 Ματθαῐος
3055 4032 3145 4102 μὲν
3210 4030 3494 4084 τελευταῖον
3561 4032 3754 4105 ἔγραψε
3804 4037 3892 4086 τὸν

2304 4116 2594 4188 πείρασμὸν
2666 4123 2761 4178 τῆς
2820 4118 3179 4193 φιλαργυρίας,
3240 4122 3265 4172 6
3317 4117 3374 4173 δὲ
3444 4128 3646 4182 Λουκᾶς
3703 4122 3890 4194 μᾶλλον

2302 4207 2388 4257 τὸν
2450 4212 2544 4266 τῆς
2592 4202 2888 4269 κενοδοξίας
2939 4223 2954 4272 ς
3008 4212 3148 4261 Διότι
3197 4211 3454 4270 Ματθαῑος
3508 4214 3596 4282 μὲν
3659 4217 3749 4264 καὶ
3801 4221 3890 4274 τῆς

547 4288 772 4342 tionem
794 4302 998 4343 curam
1020 4285 1248 4352 habuit,
1272 4287 1460 4342 Lucas
1481 4302 1622 4344 vero
1645 4289 1824 4344 solius
1842 4290 2187 4347 narrationis

2302 4292 2492 4355 τάξεως
2542 4301 2640 4345 τῶν
2698 4304 2996 4368 πειρασμῶν
3033 4295 3314 4370 ἐφρόντισε·
3371 4304 3574 4360 Λουκᾶς
3629 4297 3688 4353 δὲ
3735 4307 3890 4374 μόνης

548 4389 778 4432 earum.
812 4376 876 4431 In
907 4391 1027 4448 quo
1084 4389 1226 4445 ergo
1283 4392 1318 4433 a
1365 4376 1793 4433 tentationibus
1870 4378 2192 4436 Salvatoris

546 4462 983 4521 instituemur?
1035 4466 1105 4521 Ut
1135 4468 1288 4520 certe
1342 4464 1588 4522 inimico
1639 4482 1948 4540 nunquam
2007 4468 2191 4527 ﬁdem

548 4552 924 4610 habeamus:
958 4568 1034 4610 ne
1090 4553 1139 4608 si
1169 4553 1336 4612 utilia
1399 4554 1647 4626 quidem
1704 4571 1774 4612 ac
1856 4558 2192 4616 necessaria

620 4733 664 4772 ⁸⁷
699 4730 838 4790 Luc.
871 4747 953 4799 1V,
983 4735 1034 4789 5.
1069 4733 1116 4770 ⁸⁸
1142 4730 1290 4790 lbid.
1325 4735 1377 4800 6,
1401 4736 1454 4788 7.

2301 4389 2396 4442 τῆς
2445 4379 2744 4454 διηγήσεως
2796 4385 2988 4442 αὐτῶν.
3054 4391 3118 4438 Τί
3177 4382 3264 4438 οὖν
3293 4385 3393 4440 ἀπὸ
3441 4397 3542 4459 τῷν
3592 4400 3889 4463 πειρασμῶν

2299 4478 2392 4523 τοῦ
2449 4479 2682 4545 Σωτῆρος
2759 4471 3116 4546 παιδευόμεθα
3170 4491 3184 4542 ;
3232 4479 3300 4528 Τὸ
3364 4481 3434 4548 μὴ
3506 4480 3774 4531 πείθεσθαι
3820 4486 3890 4549 τῷ

2301 4558 2476 4635 ἐχθρῷ
2530 4558 2814 4634 μηδέποτε,
2873 4559 3012 4637 μηδὲ
3083 4563 3126 4616 εἰ
3189 4569 3439 4639 χρήσιμα
3494 4570 3580 4618 καὶ
3637 4565 3892 4639 ἀναγκαία

1533 4732 1580 4769 σθ
1605 4732 1772 4790 Deut.
1801 4749 1877 4799 vr,
1907 4737 1957 4792 3.
1989 4735 2036 4772 ⁷ο
2065 4735 2206 4795 Luc.
2233 4753 2312 4802 ιν,
2353 4737 2406 4795 8.

1761 4887 1979 4956 Variae
2009 4889 2335 4960 lectiones
2366 4899 2432 4958 et
2455 4890 2669 4971 Inotae.

621 5056 734 5130 (99)
765 5056 1079 5130 Intell._r&'w
1099 5057 1504 5130 χρημάτωνκαὶ
1525 5059 1864 5130 πραγμάτων.

650 5075 734 5128 :19)
765 5075 950 5113 lnleu.
981 5075 1079 5109 των
1099 5075 1142 5128 χ
1178 5075 1391 5130 ηματων
1414 5075 1504 5110 και
1525 5075 1824 5130 πραγματωε

727 5123 1100 5202 ῌαραδίδοται
1356 5197 1394 5202 __
1495 5198 1505 5202 _
1814 5159 1824 5202 τ

650 5130 667 5181 t
729 5129 1100 5202 Παραδίδοται
1129 5129 1221 5184 Β.⁷
1674 5129 1677 5130 ⁷
1814 5159 1824 5170 .

617 5129 697 5271 δὲ
719 5200 859 5271 Haec
885 5198 948 5253 in
977 5201 1230 5271 utroque
1252 5197 1468 5271 codice
1492 5198 1768 5267 leguntur
1811 5201 1873 5255 in
1924 5200 2195 5269 margine

548 5285 618 5342 ac
632 5267 976 5342 referuntur
1005 5268 1084 5342 ad
1098 5267 1458 5342 vocabulum
1494 5278 1739 5342 στιγμῆς,
1762 5271 1929 5342 quod
1977 5287 2007 5327 e
2035 5267 2196 5329 IIuca

545 5339 828 5398 laudatur
855 5339 918 5395 in
948 5338 1171 5395 scholio
1197 5339 1494 5398 proximo.

619 5411 698 5484 (3)
730 5409 1027 5482 Chrysost.
1054 5412 1098 5467 t.
1133 5409 1245 5477 VII,
1271 5424 1338 5482 p.
1382 5409 1505 5468 172.
1544 5413 1609 5466 Α.
1660 5409 1728 5467 Β.
1786 5412 1948 5472 hunc
1993 5411 2195 5471 locum

616 5559 728 5639 (cc)
756 5557 1079 5635 Ideo..Cur.

2303 5060 2712 5138 interpretans,
2746 5062 2853 5138 bis
2874 5061 3056 5121 habet
3081 5065 3248 5138 οπίσω
3287 5085 3407 5138 μου.
3440 5067 3548 5122 Sed
3586 5066 3700 5124 ista
3719 5081 3892 5124 voca-

2304 5131 2622 5208 bul‘anon
2646 5136 2765 5188 tam
2798 5133 3214 5204 Chrysostomi,
3247 5131 3430 5208 quam
3453 5138 3726 5193 codicum
3759 5153 3894 5194 auc-

2304 5203 2535 5280 toritate
2566 5203 2850 5280 nituntur.
2885 5203 3033 5280 Nam
3061 5203 3506 5280 Chrysostomus
3558 5210 3779 5280 saepius
3806 5209 3894 5264 di-

2303 5289 2473 5348 versa
2512 5273 2644 5348 loca
2669 5275 2924 5348 invicem
2949 5273 3404 5348 jungit."07riam
3433 5300 3532 5348 μου
3557 5321 3572 5346 ,
3608 5273 3671 5338 ut
3710 5279 3788 5336 ad
3828 5281 3889 5337 h.

2304 5343 2911 5427 1..doctii.,_expul§um
2935 5343 3024 5406 est
3042 5343 3390 5407 auctoritate
3415 5343 3892 5425 Origenis,quem

2305 5414 2437 5472 vide
2474 5419 2515 5472 t.
2549 5415 2642 5483 IIl,
2671 5414 2735 5490 p.
2773 5417 2899 5475 540.
