4166 6314
309 354 408 411 181
1285 350 1653 409 COMMENT.
1695 349 1766 408 IN
1802 349 2235 410 MATTHIEUM.
2277 382 2345 395 --
2384 352 2536 410 CAP.
2583 354 2677 409 III.
3566 358 3669 416 182

307 480 586 536 ἐπιτάττει.
648 482 813 534 Σαίνει
859 481 948 552 μὲν
1000 481 1101 553 γὰρ
1154 486 1227 550 τῷ
1281 485 1527 553 χρηστῷ,
1583 476 1793 549 τελευτᾷ
1845 475 1952 536 δελ

2021 479 2234 550 iubeat.
2306 479 2612 552 Siquidem
2661 496 2764 553 per
2811 496 2883 539 ea
2939 497 3072 555 quae
3127 482 3451 541 commoda
3506 488 3666 556 sunt,

307 592 379 633 εις
406 574 645 646 πονηρὸν·
696 569 775 639 (4)
813 572 971 641 τὸμὴ
1029 566 1123 621 διὰ
1167 568 1314 641 λιμὸν
1368 572 1397 626 ἥ
1447 569 1690 624 τοιαύτην
1746 566 1901 625 ἄλλην

2020 569 2289 625 adulatur
2319 585 2330 623 :
2366 569 2493 625 ﬁnit
2520 585 2661 625 vero
2693 570 2752 624 in
2785 572 3032 626 malum.
3064 571 3255 646 thue
3276 588 3387 629 nec
3421 578 3665 647 propter

304 660 533 729 ἀνάγκην
585 666 748 711 ποιεῖν
804 658 1001 729 θελημα
1056 665 1147 709 τοῦ
1220 655 1482 729 δαίμονος,
1558 655 1683 708 ἀλλά
1745 676 1901 708 κατα-

2015 658 2257 723 famem,
2285 658 2541 714 aliamve
2572 663 2881 729 urgentem
2915 661 3346 728 necessitatem,
3367 662 3660 720 faciamus

302 752 502 823 φεύγειν
530 748 614 800 ἐπὶ
644 752 730 800 τόν
762 751 909 801 Θεόν’
942 750 999 799 τό
1031 751 1101 819 μὴ
1141 747 1460 820 ἐκπειράζειν
1500 750 1587 798 τὸν
1632 748 1781 815 Θεὸν,
1813 750 1901 798 καὶ

2010 746 2301 802 daemonis
2326 747 2712 811 voluntatem,
2746 750 2847 803 sed
2873 748 2951 803 ad
2982 750 3167 804 Deum
3195 751 3615 821 confugiamus
3644 770 3654 809 :

298 840 355 888 τὸ
384 841 455 908 μὴ
498 840 781 911 προσέχειν
826 845 897 907 τῷ
943 833 1171 907 διαϐόλῳ
1218 842 1411 907 σημεῖα
1451 836 1710 895 ζητοῦντι.
1746 835 1897 888 Δόλον

2013 850 2082 891 ne
2106 835 2293 890 Deum
2325 840 2639 902 tentemus,
2696 852 2887 908 neque
2943 836 3182 894 diabolo
3214 841 3389 910 signa
3433 842 3658 914 petenti

291 930 394 999 γὰρ
443 930 647 988 τούτοις
694 925 1055 999 ἐναποκρύψας
1098 925 1248 981 αἰτεῖ.
1298 927 1437 985 Τινὲς
1493 921 1551 977 δὲ
1603 944 1751 996 φασι,
1810 928 1897 976 τόν

2010 924 2409 983 intendamus.
2466 927 2601 982 Haec
2651 926 2811 982 enim
2873 925 3168 983 occultato
3228 928 3342 984 sub
3386 930 3470 985 eis
3521 931 3655 989 dolo

288 1012 541 1069 διάϐολον
585 1014 860 1079 ὑποδεῖξαι
900 1023 973 1086 τῷ
1013 1023 1227 1090 Χριστῷ
1269 1016 1446 1077 πάσας
1492 1015 1580 1074 τὰς
1620 1012 1897 1087 βασιλείας

2008 1015 2285 1087 postulat.
2338 1016 2593 1081 Quidam
2621 1021 2822 1072 autem
2849 1016 3056 1072 dicunt
3084 1017 3394 1074 diabolum
3425 1020 3653 1079 Christo

284 1114 383 1159 τοῦ
429 1111 633 1179 κόσμου
680 1110 769 1158 καί
805 1109 896 1165 τὴν
946 1102 1103 1167 δόξαν
1144 1103 1331 1169 αὐτῶν,
1382 1102 1441 1156 οῦ
1475 1102 1590 1155 κατ’
1642 1105 1893 1161 αἴσθησιν

2004 1104 2444 1161 demonstrasse
2507 1104 2708 1160 omnia
2780 1119 2969 1175 regna
3030 1107 3243 1161 mundi
3293 1110 3350 1163 et
3402 1108 3649 1177 gloriam

283 1204 538 1265 τοπικῶς,
599 1194 726 1248 ἀλλὰ
789 1196 924 1247 κατὰ
986 1191 1220 1246 διάνοιαν
1282 1194 1669 1265 ὑπογραφῖκῶς.
1728 1199 1892 1244 Τοῦτο

2007 1212 2230 1261 eorum,
2258 1210 2377 1250 non
2392 1194 2470 1251 ad
2496 1209 2739 1250 sensum
2760 1194 3042 1261 localiter,
3070 1194 3176 1251 sed
3193 1195 3271 1251 ad
3290 1196 3652 1256 intellectum

290 1283 352 1339 δὲ
405 1284 565 1353 εἷπον,
617 1282 712 1339 διὰ
756 1287 813 1338 τὸ
862 1284 910 1337 ἐν
961 1290 1156 1357 στιγμῇ
1213 1287 1405 1357 χρόνου
1450 1284 1643 1344 ταύτας
1682 1278 1891 1335 ὑποδεῖ-

2005 1283 2387 1354 designando.
2427 1283 2544 1339 Hoc
2570 1288 2770 1340 autem
2812 1283 3087 1340 dixerunt
3116 1288 3358 1357 propter
3384 1286 3444 1341 id
3486 1289 3650 1359 quod

289 1372 396 1436 ξαι,
1998 1374 2287 1445 scriptum
2314 1378 2421 1440 est,
2466 1373 2595 1432 haec
2622 1375 2679 1429 in
2709 1378 3019 1431 momento
3071 1375 3357 1448 temporis
3407 1375 3650 1436 demon-

1997 1480 2022 1519 s
2031 1467 2211 1519 trasse
2224 1505 2236 1518 .

361 1554 489 1604 Τότε
538 1580 608 1592 -
655 1547 917 1612 διάϐολος.
978 1547 1034 1601 Ὀ
1106 1545 1164 1601 δὲ
1229 1552 1437 1609 Λουκᾶς
1496 1546 1738 1621 ἔγραψεν,
1806 1548 1887 1599 ότι

2064 1552 2225 1608 Vers.
2244 1553 2333 1607 11.
2352 1552 2507 1608 Tunc
2518 1582 2585 1593 —
2598 1552 2870 1609 diabolus
2883 1596 2897 1611 .
2919 1554 3107 1609 Lucas
3124 1557 3326 1611 autem
3339 1555 3640 1630 scripsit“,

290 1646 380 1694 καὶ
445 1640 739 1701 συντελέσας
800 1642 971 1692 πάντα
1024 1641 1314 1711 πειρασμόν
1382 1639 1407 1689 ό
1468 1633 1730 1702 διάϐολος,
1791 1635 1887 1689 ἀπ-

2000 1641 2159 1712 quod
2218 1640 2518 1713 completa
2569 1642 2738 1697 omni
2785 1642 3127 1709 tentatione,
3172 1643 3452 1700 diabolus
3504 1646 3645 1704 abs-

291 1735 419 1787 ἐστη
474 1730 563 1781 ἀπ’
616 1730 770 1781 αὐτοῦ
824 1730 961 1801 ἄχρι
999 1734 1202 1802 καιροῦ.
1246 1732 1344 1780 Καὶ
1400 1730 1651 1798 φαίνεται,
1703 1725 1783 1777 ὃτι
1836 1727 1884 1777 οἱ

1998 1731 2167 1785 cessit
2205 1730 2277 1786 ab
2308 1746 2373 1786 eo
2401 1746 2589 1802 usque
2618 1731 2697 1787 ad
2728 1734 2972 1803 tempus.
3015 1732 3272 1804 Apparet
3301 1736 3499 1790 autem
3526 1739 3643 1792 tres

288 1817 731 1891 ἀπαριθμηθέντες
792 1825 930 1892 τρεῖς
994 1820 1296 1889 πειρασμοὶ,
1340 1814 1617 1886 ,κεφάλαια
1680 1816 1933 1889 πάντων]

1999 1823 2372 1876 enumeratas
2394 1820 2770 1883 tentationes,
2800 1821 3000 1891 capita
3042 1822 3315 1877 omnium
3343 1838 3479 1880 esse
3519 1828 3644 1883 ten-

284 1906 389 1958 εἰσὶ
442 1915 543 1957 τῶν
596 1916 913 1981 πειρασμῶν.
958 1907 1042 1959 Ἐκ
1100 1908 1294 1957 τούτων
1347 1906 1447 1978 γὰρ
1505 1908 1594 1955 καὶ
1634 1904 1682 1955 οἱ
1739 1902 1881 1955 ἄλλοι

1991 1908 2301 1963 tationum.
2335 1907 2421 1962 Ab
2453 1909 2543 1963 his
2574 1924 2835 1980 namque
2853 1914 3081 1964 caeteras
3106 1926 3319 1967 omnes
3343 1913 3635 1982 oriuntur,

281 1997 463 2056 πάντες
522 1994 915 2067 ἀπογεννῶνται,
972 1999 1061 2047 καὶ
1118 1996 1143 2045 ό
1199 1994 1265 2045 τὰ
1315 1994 1457 2050 πάθη
1511 2000 1677 2044 ταῦτα
1738 1998 1880 2051 autﬁ-

1993 1997 2180 2069 utqui
2206 1998 2315 2053 hos
2363 1997 2639 2053 devicerit
2690 1998 2951 2064 etIectus,
2990 2002 3198 2055 contra
3227 2014 3429 2056 omnes
3456 2001 3638 2060 victo-

284 2103 400 2149 σας,
462 2087 576 2156 ἔχει
621 2086 756 2136 κατὰ
801 2088 999 2137 πάντων
1047 2085 1114 2135 τὰ
1155 2087 1452 2153 νικητήρια.
1495 2084 1564 2133 Τό
1614 2078 1673 2133 δὲ
1710 2080 1878 2155 ’Ἄχρι

1991 2086 2138 2141 riam
2164 2086 2450 2142 obtineat.
2477 2086 2647 2151 Quod
2671 2090 2871 2143 autem
2894 2086 3137 2142 additur
3166 2104 3178 2143 :
3202 2089 3391 2161 Usque
3412 2090 3482 2144 ad
3499 2098 3636 2149 tem-

278 2180 487 2247 καιροῦ,
540 2176 805 2245 σημαίνει,
852 2172 931 2224 ὁτι
975 2176 1136 2245 μέχρι
1192 2179 1283 2231 τῆς
1328 2172 1471 2242 παρὰ
1515 2177 1613 2220 τῶν
1652 2164 1875 2222 Ἰουδαί-

1989 2191 2108 2246 pus,
2139 2174 2452 2245 signiﬁcat,
2482 2191 2671 2247 usque
2700 2175 2777 2232 ad
2806 2174 3145 2232 Judaeorum
3173 2177 3442 2236 insidias.
3473 2181 3634 2238 Tunc

275 2282 345 2314 ων
391 2261 690 2324 ἐπιϐουλῆς.
751 2266 876 2315 Τότε
936 2264 1037 2334 γὰρ
1096 2260 1247 2313 πάλιν
1304 2255 1636 2333 προσέϐαλεν,
1689 2258 1746 2310 ού
1800 2254 1872 2309 δι’

1989 2264 2140 2320 enim
2167 2279 2405 2320 rursum
2458 2265 2849 2337 oppugnavit,
2883 2280 3005 2321 non
3048 2281 3150 2337 per
3209 2267 3493 2339 seipsum,
3528 2271 3634 2328 sed

270 2349 483 2419 ἑαυτοῦ,
543 2349 669 2404 ἀλλά
740 2347 833 2403 διὰ
888 2358 986 2402 τῶν
1041 2346 1330 2418 Ἰουδαίων,
1390 2350 1459 2408 ὡς
1518 2343 1589 2398 δι’
1644 2345 1872 2422 ὀργάνων

1773 2367 1872 2398 νων
1980 2368 2087 2425 per
2114 2353 2367 2419 Iudaeos,
2400 2356 2693 2425 tanquam
2723 2369 2827 2426 per
2850 2368 3082 2425 organa
3111 2355 3418 2427 quaedam.

270 2459 447 2493 τινων.

344 2531 387 2599 -ξ-
425 2535 557 2591 Τους
605 2535 743 2603 τρεῖς
790 2529 866 2598 (5)
914 2530 1229 2602 πειρασμούς
1272 2526 1352 2599 (6)
1403 2523 1635 2583 ἐνίκησεν
1684 2524 1709 2575 ὀ
1770 2525 1870 2577 Κύ-

2049 2534 2185 2589 Tres
2207 2532 2560 2588 tentationes
2583 2532 2861 2588 sustinuit
2878 2533 3183 2601 Dominus,
3207 2550 3426 2608 nempe
3447 2536 3625 2611 gula,

274 2638 403 2691 ριος,
495 2622 579 2671 τὸν
651 2627 743 2679 τῆς
816 2620 1257 2692 γαστριμαργίας,
1338 2618 1424 2667 τόν
1503 2621 1592 2674 τῆς
1666 2609 1870 2665 κενοδο-

1981 2636 2139 2677 vanae
2165 2621 2364 2691 glorias
2395 2627 2449 2677 et
2478 2620 2761 2677 avaritias.
2797 2623 2944 2679 Sunt
2963 2622 3179 2679 etenim
3210 2624 3334 2681 haec
3354 2609 3626 2683 omnium

274 2708 405 2777 ξίας,
458 2713 545 2761 καὶ
596 2712 682 2760 τὸν
734 2714 828 2769 τῆς
883 2706 1328 2779 φιλοχρηματίας,
1385 2704 1543 2775 ἦγουν
1599 2702 1869 2774 φιλοπλου-

1981 2710 2274 2767 malorum
2297 2710 2620 2767 affectuum
2646 2711 2839 2783 capita
2866 2727 2878 2765 :
2906 2712 3008 2784 qui
3060 2712 3173 2769 has
3242 2713 3531 2781 devicerit,
3564 2716 3626 2773 in

268 2801 400 2858 τίας.
450 2794 611 2850 Οὗτοι
648 2800 748 2870 γὰρ
803 2796 932 2849 εἰσιν
982 2798 1030 2847 οἰ
1076 2794 1323 2867 ἄρχοντες
1376 2801 1474 2844 τῶν
1505 2793 1700 2844 παθῶν.
1741 2793 1868 2843 Τού-

1980 2799 2173 2855 multis
2204 2815 2445 2872 quoque
2477 2799 2606 2855 aliis
2637 2800 2831 2870 magis
2848 2800 3035 2857 victor
3055 2801 3282 2858 evadet.
3316 2803 3625 2863 Lueasita-

260 2906 386 2949 τους
436 2884 526 2939 οὖν
589 2891 831 2953 νικήσας,
886 2889 975 2937 καὶ
1037 2887 1152 2944 τοὺς
1201 2883 1385 2943 ἄλλους
1435 2881 1605 2952 πολλῷ
1653 2879 1861 2953 μᾶλλον.

1975 2904 2088 2960 que
2109 2889 2250 2945 dicit
2265 2890 2334 2957 ⁷³,
2354 2889 2516 2961 quod
2535 2904 2777 2945 omnem
2805 2890 3188 2961 compleverit
3210 2893 3620 2966 tentationem,

255 2976 418 3029 Ὅθεν
477 2978 502 3027 ὁ
560 2982 761 3036 Λουκᾶς
819 2994 996 3047 φησιν,
1057 2974 1135 3025 ὅτι
1192 2974 1362 3025 πάντα
1412 2973 1701 3044 πειρασμὸν
1756 2968 1863 3022 ἐτέ-

1978 2993 2042 3033 eo
2067 2978 2233 3049 quod
2282 2977 2671 3033 tentationum
2711 2978 2903 3050 capita
2954 2982 3414 3038 consummavit.
3456 2983 3623 3047 Quod

262 3065 400 3120 λεσε.
452 3063 571 3117 Ὀτι
612 3062 670 3117 δὲ
717 3063 926 3135 ἄγγελοι
970 3059 1306 3115 διακονοῦσιν
1361 3061 1520 3131 αύτῷ,
1574 3057 1858 3125 δείκνυσιν,

1977 3070 2172 3123 autem
2188 3066 2370 3122 etiam
2410 3066 2607 3137 angeli
2636 3067 2689 3123 ei
2718 3067 3072 3134 ministrant,
3120 3069 3419 3139 signiﬁcat
3446 3072 3622 3129 nobis

259 3157 345 3208 ὅτι
385 3158 476 3207 καὶ
536 3157 658 3227 ημῖν
719 3156 851 3226 μετὰ
901 3156 993 3210 τὴν
1044 3156 1191 3210 νίκην
1253 3150 1464 3222 ἄγγελοι
1519 3151 1856 3222 ὑπηρετοῦσι.
1898 3201 1904 3244 1

1969 3172 2212 3229 quoque
2279 3156 2525 3225 angelos
2595 3156 2731 3227 post
2794 3156 3100 3214 victoriam
3156 3158 3614 3218 ministraturos.

260 3248 445 3298 Πάντα
481 3246 581 3316 γὰρ
617 3240 691 3295 δι’
737 3243 876 3314 ἡμᾶς
923 3246 1013 3293 καὶ
1052 3248 1187 3293 ποιεῖ
1223 3245 1312 3292 καὶ
1345 3236 1610 3292 δείκνυσιν
1656 3238 1681 3290 ὀ
1734 3245 1861 3312 Χρι-
1900 3236 1905 3245 ’

1974 3244 2178 3302 Omnia
2209 3244 2505 3317 siquidem
2546 3248 2785 3316 propter
2826 3260 2937 3300 nos
2976 3248 3032 3301 et
3078 3245 3219 3302 facit
3266 3250 3321 3302 et
3360 3249 3619 3306 ostendit

264 3338 410 3400 στὸς,
470 3333 581 3385 ἐπεὶ
633 3331 792 3402 αύτῷ,
854 3332 942 3402 ζὼς
988 3334 1117 3400 Θεῷ,
1178 3328 1257 3381 ἀεὶ
1308 3330 1358 3381 οἱ
1412 3327 1619 3400 ἄγγελοι
1670 3328 1859 3400 ὑπουρ-

1970 3333 2274 3399 Dominus,
2333 3332 2427 3388 cui
2483 3332 2664 3389 veluti
2717 3334 2836 3390 Deo
2894 3347 3131 3406 semper
3186 3335 3382 3405 angeli
3443 3336 3615 3394 mini-

261 3430 361 3496 γοῦ
371 3441 472 3477 σιν.

1966 3425 2177 3478 strant.

338 3517 437 3565 Καὶ
491 3541 557 3552 -
610 3507 885 3568 διηκόνουν
960 3507 1118 3578 αύτῷ.
1194 3506 1316 3559 Ὂτε
1394 3509 1482 3578 μὲν
1558 3508 1606 3557 οἱ
1666 3505 1858 3577 ἀγῶνες

2032 3511 2195 3567 Vers.
2221 3511 2307 3565 11.
2331 3511 2398 3566 Et
2419 3540 2486 3550 —
2506 3509 2932 3567 ministrabant
2961 3511 3030 3567 εἰ.
3060 3511 3348 3584 Tempore
3370 3513 3614 3586 quidem

258 3599 418 3669 ἦσαν,
478 3600 571 3653 οὐκ
624 3603 791 3652 εἴασεν
845 3598 1037 3659 αὐτούς
1111 3598 1404 3669 φαίνεσθαι,
1469 3594 1554 3647 ἳνα
1632 3600 1702 3667 μὴ
1778 3594 1854 3667 (7)

1966 3600 2358 3656 tentationum
2381 3613 2504 3654 non
2525 3599 2790 3669 permisit
2806 3615 2909 3656 eos
2926 3614 3235 3673 apparere,
3257 3616 3331 3657 ne
3346 3603 3611 3673 praedam

259 3690 489 3763 ἀπολέσῃ
546 3695 640 3748 τὴν
699 3690 883 3763 ἄγραν·
935 3688 1016 3739 ὅτε
1074 3682 1132 3738 δὲ
1184 3689 1271 3738 τόν
1326 3684 1712 3755 ἀνταγωνιστὴν
1758 3682 1855 3735 ἐνί-

1965 3687 2372 3759 (dd)perderet
2403 3702 2415 3740 :
2440 3690 2764 3758 postquam
2788 3691 2989 3744 autem
3021 3688 3432 3747 adversarium
3476 3706 3610 3762 proa

260 3799 395 3839 κησε
450 3783 584 3832 κατὰ
645 3780 850 3852 κράτος,
914 3780 1002 3828 καὶ
1056 3771 1231 3847 φυγεῖν
1293 3776 1670 3846 παρεσκεύασε,
1741 3776 1856 3824 τότε

1965 3774 2091 3846 pria
2121 3774 2337 3830 devicit
2357 3773 2722 3843 auctoritate,
2746 3789 2816 3830 ac
2847 3774 3049 3843 fugere
3080 3776 3287 3846 coegit,
3318 3781 3462 3833 tunc
3478 3779 3610 3850 jam

264 3874 533 3944 φαίνονται
605 3868 802 3937 λοιπὸν,
880 3868 960 3918 ἵνα
1038 3866 1207 3937 μάθῃς
1281 3865 1361 3915 ὃτι
1438 3866 1525 3914 καὶ
1589 3864 1646 3913 σε
1726 3863 1854 3933 μετὰ

1965 3864 2271 3934 apparent,
2304 3864 2369 3916 ut
2396 3862 2637 3916 noveris
2689 3861 2855 3933 quod
2910 3864 3233 3933 postquam
3264 3862 3327 3919 in
3355 3865 3610 3923 modum

260 3963 352 4021 τὰς
410 3958 487 4031 (8)
540 3957 654 4010 κατ’
708 3959 898 4009 ἐκείνου
954 3958 1120 4017 νίκας,
1190 3952 1401 4025 ἄγγελοι
1465 3948 1701 4013 δέξονται
1764 3954 1854 4002 καὶ

1959 3951 2088 4023 ejus
2116 3948 2345 4016 viceris,
2389 3952 2444 4004 et
2471 3953 2527 4004 te
2553 3948 2878 4022 suscipient
2899 3964 2969 4007 ac
2993 3950 3301 4022 stipabunt
3315 3952 3532 4024 angeli.

263 4044 733 4100 δοουωοοὴσουσιν.

327 4067 733 4121 ρυφορησουσιν.

333 4137 597 4198 Ἀκούσας
675 4165 744 4177 ——
827 4132 1120 4186 Γαλιλαίαν.
1196 4130 1469 4196 Ἀκούσας,
1559 4127 1638 4180 ὃτι
1721 4147 1851 4202 παρ-

2033 4131 2193 4185 Vers.
2236 4128 2322 4184 12.
2351 4127 2501 4186 Cum
2532 4126 2784 4185 audisset
2807 4158 2878 4170 —
2912 4127 3236 4186 Galilwam.
3279 4128 3606 4203 Postquam

256 4222 416 4282 εδόθη
463 4225 534 4287 εἰς
586 4228 647 4277 τὸ
705 4220 1062 4295 δεσμωτήριον
1114 4222 1214 4273 ὑπὸ
1262 4215 1497 4292 Ἡρώδου
1547 4224 1639 4270 τοῦ
1694 4237 1850 4290 τετρ-

1960 4217 2222 4276 audisset
2246 4216 2412 4289 quod
2436 4216 2497 4272 in
2515 4231 2812 4273 carcerem
2825 4217 3071 4274 traditus
3097 4220 3250 4275 esset
3275 4219 3353 4276 ab
3378 4220 3605 4278 Herode

252 4318 449 4388 ἄρχον,
481 4316 648 4374 καθώς
679 4309 783 4386 ἐρεῖ
800 4317 1013 4384 προῖὼν.

1956 4306 2272 4373 tetrarcha,
2303 4306 2456 4362 sicut
2475 4305 2537 4362 in
2568 4306 2950 4377 sequentibus
2973 4306 3242 4364 dicturus
3261 4312 3368 4365 est.

319 4410 654 4477 Ἀνεχώρησε
725 4398 802 4472 δὲ,
884 4395 1148 4452 παιδεύων
1228 4398 1382 4469 ἡμᾶς,
1454 4397 1650 4467 φεύγειν
1729 4399 1849 4457 τοὺς

2028 4396 2276 4453 Secessit
2329 4398 2528 4451 autem
2582 4395 2875 4452 instruens
2945 4412 3075 4461 nos,
3126 4401 3191 4453 ut
3250 4398 3604 4457 tentationes

245 4496 595 4569 πειρασμούς.
645 4491 754 4544 Ούκ
806 4492 916 4542 ἔστι
963 4490 1064 4560 γὰρ
1110 4485 1363 4558 ἔγκλημα,
1413 4488 1471 4537 τὸ
1530 4489 1599 4557 μὴ
1652 4484 1845 4559 ἐπιῤῥί-
1878 4546 1890 4569 1

1956 4484 2271 4557 fugiamus.
2296 4486 2495 4555 Neque
2518 4484 2677 4539 enim
2691 4484 2898 4541 vitium
2917 4489 3026 4549 est,
3056 4485 3317 4558 seipsum
3337 4487 3601 4559 periculo

252 4546 344 4569 η.
422 4546 457 4565 κ.
562 4546 576 4553 -
971 4546 983 4559 .
1036 4546 1045 4560 .
1140 4546 1152 4558 .
1270 4546 1278 4558 .
1352 4546 1361 4553 .
1530 4546 1539 4557 .
1737 4546 1777 4559 ..

244 4602 393 4637 πτειν
448 4581 627 4635 ἑαυτὸν
682 4580 748 4642 εὶς
804 4575 1067 4648 κίνδυνον,
1123 4574 1251 4629 ἀλλὰ
1300 4578 1381 4645 τὸ,
1430 4573 1718 4647 ἐμπεσόντα
1771 4546 1889 4647 μὴ]

1954 4589 2072 4631 non
2102 4572 2358 4645 objicere
2391 4590 2403 4629 :
2434 4572 2540 4629 sed
2566 4572 2668 4629 ubi
2682 4572 2977 4643 inciderit,
3009 4546 3315 4634 non-stare
3337 4546 3595 4634 viriliter.

313 4762 359 4798 τι
396 4759 540 4816 Luc.
572 4774 653 4828 1v,
690 4758 772 4814 l3.
853 4758 897 4792 "
928 4753 1076 4812 Ibid.

1461 4874 1683 4944 Variae
1707 4875 2034 4945 lectiones
2076 4883 2143 4943 et
2164 4882 2364 4943 nota.

308 5030 385 5141 (ἓ)
425 5028 615 5141 Εῐίίέω
646 5026 769 5081 haec
811 5021 1077 5097 pendent
1106 5035 1179 5076 ex
1224 5017 1652 5091 superioribus,
1692 5021 1840 5071 τί-

312 5121 325 5141 .
373 5118 523 5141 ςυηηε
561 5117 629 5141 αξ

2132 5018 2433 5103 Chrysost.
2466 5019 2610 5072 tom.
2646 5016 2757 5079 VII,
2792 5033 2845 5087 p.
2881 5014 3003 5070 172.
3033 5015 3099 5072 Ε.
3140 5015 3301 5107 1.0.078
3329 5020 3400 5091 μὴ
3433 5018 3596 5093 ταύτῃ

1954 5108 2014 5141 σο
2052 5108 2183 5141 ησαι
2238 5093 2330 5141 τὴν
2378 5107 2563 5141 α’νοαν.
2612 5089 2821 5141 eodem
2879 5101 3081 5141 sensu.
3171 5094 3347 5141 Αγοαν
3398 5093 3595 5141 autem

230 5089 632 5171 παίδευόμεθας
748 5166 781 5171 __
814 5089 833 5097 ’
1300 5089 1316 5091 —
1331 5162 1341 5171 ,
1441 5164 1451 5171 _
1575 5161 1612 5171 ..

1953 5089 2208 5171 σοϐῆσαι.
2238 5089 2330 5171 τὴν
2378 5089 2563 5160 ἄγραν,
2612 5089 2821 5171 eodem
2879 5101 3081 5171 sensu:
3126 5089 3347 5171 ..Ἄγραν
3398 5089 3598 5150 autem

303 5172 385 5243 (5)
425 5155 559 5243 Haec
578 5155 638 5223 in
664 5166 825 5243 nullo
857 5179 1135 5243 meorum
1152 5162 1550 5243 reperiuntur.
1574 5160 1839 5232 Repetita
1947 5211 1948 5214 η

1738 5160 1839 5217 tita
1947 5159 2237 5243 inteiligit,
2270 5164 2363 5243 τὴν
2394 5155 2791 5243 προισαγομένην
2823 5160 2966 5234 παρὰ
2991 5166 3081 5212 τοῦ
3114 5155 3379 5219 διαϐόλου.

231 5229 377 5298 sunt
402 5257 471 5297 ex
501 5239 928 5311 Theophylact.
962 5251 1027 5311 p.
1068 5236 1139 5311 23
1171 5229 1265 5311 ΒΞ-
1353 5307 1362 5311 _
1454 5303 1465 5311 _
1659 5229 1679 5232 “
2018 5231 2100 5303 (8)
2142 5229 2306 5297 Kurd,
2340 5229 2583 5287 omittit.
2602 5229 2668 5286 A.
2756 5254 2765 5257 -

305 5313 384 5385 (ϐ)
420 5303 704 5385 Ὑπέμεινὲν
728 5303 1194 5377 videturlegisse
1220 5303 1565 5361 Hentenius.

304 5455 425 5530 (ίῳ)
442 5453 747 5530 Ρ⁷“ἂ“⁷ίία⁷η·.
767 5453 893 5530 Νοη
915 5445 1288 5530 repugnabo.
1309 5444 1515 5530 Signis
1541 5444 1833 5530 acceperit
1938 5464 1949 5515 τ

1952 5462 2079 5530 γετό,
2173 5449 2236 5515 τῇ
2259 5516 2270 5530 ἱ
2296 5440 2633 5530 Σαμαρείτιδι
2694 5442 2714 5530 ]
2759 5461 2900 5530 τους.
2932 5443 3173 5530 μαθητὰς
3236 5440 3477 5530 ἐπίτηδες
3526 5446 3597 5511 εἰς

233 5513 323 5583 ἅθ’
346 5513 574 5581 Ciiristo
616 5522 888 5595 capiente
927 5513 1003 5577 et'
1030 5513 1302 5574 vincente
1354 5513 1703 5598 diabolum,
1726 5518 1830 5598 qui

234 5598 525 5641 Ωιτνίςιιπη
547 5610 760 5641 mnam
782 5598 838 5641 et
851 5592 1087 5641 vincere
1103 5588 1391 5641 voluerat.
1415 5591 1599 5641 Locus
1622 5588 1828 5641 Similis

1944 5513 2030 5574 τὴν
2062 5513 2069 5515 ’
2103 5513 2309 5597 ,αγορὰν
2369 5513 2616 5641 πέδιψας*
2694 5513 2778 5567 ἳνα
2839 5518 2908 5587 μὴ
2932 5513 2942 5518 ’
2980 5519 3187 5589 πτοήσει)
3245 5519 3339 5575 τὴν
3404 5517 3589 5594 ἄγραν.

1944 5586 2243 5641 ltem1b1d.
2285 5602 2343 5641 '0.
2376 5590 2442 5641 3e
2506 5590 2591 5641 A:
2624 5586 2728 5641 Καὶ
2759 5590 2828 5641 μὴ
2864 5586 3065 5641 σοϐἠση
3089 5591 3182 5641 τὴν
3210 5586 3396 5641 ἄγραν.

234 5598 528 5654 Christum
547 5586 760 5668 capere
782 5598 838 5650 et
851 5588 1599 5668 vincereyoluerat._Loeus
1622 5586 1828 5668 similis

1750 5586 1828 5668 [lis
1934 5588 2080 5644 Item
2099 5586 2243 5643 ibid.
2285 5602 2343 5659 p.
2376 5586 2480 5644 369
2506 5590 2591 5643 A:
2624 5586 2728 5641 Καὶ
2757 5586 2845 5659 μὴν
2864 5586 3065 5661 σοϐἠση
3089 5586 3182 5646 τὴν
3210 5586 3395 5661 ἄγραν,

230 5676 317 5731 est
345 5671 521 5730 etiam
544 5657 852 5741 Chrysost.
881 5667 1006 5721 tom
1029 5661 1141 5729 XII,
1167 5676 1225 5733 p.
1260 5658 1363 5716 356
1392 5659 1467 5714 C:
1499 5663 1639 5734 Μάνῃ
1671 5657 1826 5714 διελέ-

1395 5659 1467 5714 C:
1499 5663 1639 5734 Μόνη
1671 5657 1826 5714 διελέ·
2286 5657 2307 5659 “
2758 5657 2765 5659 ἡ
3036 5690 3040 5695 -
