4166 6314
565 371 674 435 183
1888 371 2210 430 EUTHYM]

2310 370 2589 428 ΖΙῦΑΒΕΝ
2594 370 2616 427 Ι
3839 378 3910 433 18
3921 376 3955 433 4

570 503 637 556 In
667 497 971 556 Galilaeam
988 513 1124 556 vero
1147 498 1291 565 abit,
1313 499 1490 556 simul
1507 499 1746 573 quidem
1767 503 1828 555 ut
1843 499 2215 570 compleretu'

2308 501 2539 556 torium!
2612 501 2876 570 γενναίως.
2934 499 3022 562 Εἰς
3088 504 3181 560 τήν
3257 500 3530 554 Γαλιλαίαν
3597 499 3656 555 δὲ
3717 504 3953 558 ἄπεισιν⁹

574 605 711 662 quae
724 589 798 644 de
812 605 882 645 ea
900 589 1175 645 scribitur
1191 591 1528 662 prophetia,
1559 590 1708 646 sicut
1725 589 1970 644 inferius
1983 589 2210 644 dicetur

2349 587 2458 660 ἁμα
2523 590 2631 660 μὲν,
2706 589 2788 640 ἵνα
2834 588 3079 662 πληρωθῇ
3153 593 3178 648 ὁ
3249 597 3363 665 περὶ
3419 592 3581 652 αὐτῆς
3636 599 3952 666 προφητεία,

2362 679 2372 689 .
2494 678 2506 690 .
2559 679 2612 696 Α,
2865 679 2881 694 η
3033 676 3064 696 ῃ.
3169 678 3184 691 η
3317 679 3328 694 ,
3393 683 3439 696 -.
3564 681 3604 696 ρ.
3678 685 3687 696 ,
3900 688 3910 696 .

572 683 758 750 utque
792 678 932 734 inde
970 678 1293 750 piscatores
1341 679 1688 750 piscaretur,
1741 677 2046 750 apostolos
2089 678 2217 733 dico

2349 679 2419 738 ὡς
2481 678 2786 752 ῥηθήσεται·
2852 679 2966 752 ἃμα
3021 676 3100 748 δε,
3169 678 3252 730 ἱνα
3309 679 3493 733 ἐκεῖθεν
3553 681 3765 755 ἀλιεύση
3824 688 3953 746 τοὺς

572 765 677 839 qui
707 765 787 822 ibi
840 767 1245 823 morabantur.
1304 767 1468 824 Unde
1512 773 1568 823 et
1600 767 1794 837 angeli
1849 767 2152 823 sublevato
2180 768 2217 823 ii

2350 766 2530 835 ἁλιεῖς,
2578 767 2706 838 λέγω
2773 765 2842 825 δή
2898 772 3014 829 τοὺς
3080 767 3414 830 ἀποστόλους.
3479 770 3614 824 Ἐκεῖ
3674 775 3775 848 γὰρ
3853 770 3945 827 δι-

574 856 790 912 coelum
825 855 1075 922 Christo,
1109 855 1384 911 Galilaeos
1420 856 1867 928 appellaverunt
1896 872 2018 924 eos,
2042 857 2217 914 dicen

2348 855 2567 930 ἔτριϐον.
2630 861 2730 908 Καὶ
2765 859 2867 930 γὰρ
2915 862 3004 910 καὶ
3059 858 3107 910 οἰ
3145 857 3354 930 ἄγγελοι
3402 859 3636 934 ὓστερον,
3684 865 3752 924 είς
3788 862 3947 937 οὐρα-

572 946 662 999 tes
700 987 710 998 .
747 944 874 1000 Viri
904 944 1147 1011 Galilam',
1174 946 1328 1018 quid
1351 946 1518 1001 statis
1537 947 1865 1015 aspicientes
1881 947 1942 1001 in
1961 946 2217 1002 caelum”

2348 948 2431 996 νόν
2529 944 3011 1019 ἀναλαμϐανομένου
3106 955 3198 1000 τοῦ
3295 957 3550 1024 Χριστοῦ,
3641 951 3946 1016 Γαλιλαίους

2349 1033 2537 1095 αὐτοὺς
2576 1033 2841 1105 ἐκάλεσαν,
2896 1036 3134 1101 εἰπόντες,
3181 1039 3261 1090 ὅτι
3299 1035 3521 1114 ’Δνδρες
3571 1039 3854 1108 Γαλιλαῖοι,
3895 1046 3946 1094 τὶ

2351 1122 2606 1182 ἑστήκατε
2636 1124 2964 1198 ἐμϐλέποντες
2995 1128 3065 1188 εἰς
3098 1131 3184 1180 τὸν
3213 1128 3445 1203 οὐρανόν.

651 1214 816 1269 Vers.
870 1213 956 1268 t3.
1010 1211 1091 1267 Et
1147 1243 1214 1253 —
1270 1213 1624 1284 Nephtalim.
1668 1213 1906 1284 Relicta,
1971 1215 2079 1271 hoc
2130 1218 2236 1284 est,

2421 1217 2521 1265 Καὶ
2564 1244 2632 1254 -
2669 1215 2979 1289 Νεφθαλειμ.
3021 1217 3344 1282 Καταλιπὼν,
3377 1217 3491 1270 ἀντὶ
3520 1225 3630 1291 τοῦ,
3663 1217 3944 1296 παραδρα-

579 1300 896 1375 praeterita.
925 1304 1086 1357 Tunc
1113 1301 1272 1357 enim
1303 1317 1426 1358 non
1467 1306 1555 1358 est
1584 1302 1888 1373 ingressus
1927 1305 2224 1360 Nazareth,

2018 1305 2234 1360 zareth,
2347 1306 2474 1372 μών.
2508 1304 2633 1356 Τότε
2657 1306 2759 1376 γὰρ
2789 1305 2883 1356 οὐκ
2914 1305 3147 1364 εἰσῆλθεν
3174 1307 3246 1369 εἰς
3275 1311 3366 1366 τήν
3397 1311 3656 1382 Ναζαρέτ.

652 1390 818 1446 Vers.
862 1391 947 1445 14.
983 1391 1058 1447 Ut
1088 1392 1479 1460 compleretur
1507 1423 1573 1432 —
1614 1391 1679 1447 V.
1743 1393 1820 1447 t6.
1867 1395 1966 1448 eis.
1999 1392 2240 1450 Galilaea

2416 1389 2526 1443 Ἵνα
2593 1391 2840 1467 πληρωθῇ
2909 1425 2977 1435 -
3042 1396 3240 1457 αὐτοῖς,
3327 1397 3385 1450 Ἡ
3467 1398 3712 1452 Γαλιλαία
3792 1408 3947 1477 χώρα

581 1479 826 1552 quidem
858 1478 1022 1549 regio
1049 1482 1174 1534 erat
1204 1479 1529 1536 Palestinse.
1564 1480 1714 1539 Olim
1749 1485 1949 1536 autem
1979 1481 2120 1537 data
2150 1488 2226 1536 est

2347 1481 2436 1551 μεν
2496 1477 2556 1539 ἦν
2628 1491 2720 1544 τῆς
2771 1487 3142 1552 Παλαιστίνης,
3214 1488 3282 1548 ὡς
3341 1493 3739 1562 προειρήκαμεν·
3802 1489 3945 1549 ἐκλη-

580 1569 642 1624 in
664 1571 882 1624 sortem
904 1567 1143 1624 duabus
1169 1568 1438 1624 tribubus
1458 1569 1720 1626 Zabulon
1748 1574 1802 1625 et
1827 1569 2225 1641 Nephthalim:

2347 1565 2613 1642 ροδοτήθη
2664 1568 2723 1624 δὲ
2761 1572 2923 1625 πάλαι
2953 1581 3061 1633 ταῖς
3095 1572 3222 1626 δυσὶ
3249 1575 3452 1648 φυλαῖς,
3493 1585 3554 1650 τῇ
3608 1586 3698 1630 τοῦ
3740 1579 3944 1633 Ζαϐου-

580 1661 814 1729 partem
836 1660 1035 1713 tamen
1057 1657 1618 1728 ejusinhabitabant
1640 1663 1844 1728 gentes
1865 1659 2225 1729 alienigenae.

2345 1656 2466 1727 λὼν,
2531 1663 2618 1711 καὶ
2662 1669 2724 1732 τῇ
2781 1670 2873 1714 τοῦ
2926 1662 3241 1736 Νεφθαλείμο
3298 1670 3450 1739 μέρος
3503 1664 3561 1719 δὲ
3613 1668 3772 1728 αὐτῆς
3825 1671 3941 1728 ἔθνη

581 1748 650 1802 Et
677 1745 912 1802 videtur
938 1745 1154 1801 horum
1193 1747 1681 1818 propheticorum
1723 1748 2040 1804 verborum
2091 1751 2226 1805 ordo

2347 1754 2611 1819 κατῴκουν
2661 1749 2944 1822 ἀλλόφυλα.
3011 1757 3110 1805 Καὶ
3160 1750 3308 1806 δοκεῖ
3360 1758 3450 1827 μὲν
3505 1757 3534 1814 ἡ
3593 1765 3693 1808 τῶν
3735 1778 3944 1832 προφή-

581 1833 857 1902 ditﬁcilis,
903 1840 1027 1890 tum
1061 1840 1296 1906 pr0pter
1327 1831 1625 1892 defectum
1656 1838 2074 1908 quorumdam,
2108 1843 2226 1894 tum

2299 1845 2500 1903 ιτικῶν
2545 1840 2738 1891 τούτων
2776 1841 2945 1914 ῥητῶν
2995 1844 3240 1906 σύνταξις
3293 1841 3588 1918 δυσχερής,
3641 1843 3732 1898 διά
3779 1867 3832 1899 τε
3884 1852 3944 1900 τό

581 1922 1178 1994 propterignoratum
1196 1939 1397 1978 eorum
1419 1924 1800 1982 intellectum.
1830 1928 1949 1996 Ego
1978 1931 2178 1981 tamen
2202 1942 2226 1982 a

2347 1924 2585 1978 ἐλλείπειν
2658 1931 2774 1980 τινὰ
2848 1935 2936 1982 καὶ
3027 1928 3120 1983 διὰ
3201 1936 3259 1984 τό
3342 1932 3641 2005 ἀγνοεῖσθαι
3719 1940 3812 1993 τήν
3866 1939 3944 1988 ἓν-

584 2010 934 2081 prophetico
949 2009 1099 2066 libro
1122 2010 1285 2066 illum
1305 2012 1630 2084 requirens,
1650 2013 1908 2069 intellexi
1928 2015 2229 2086 quomodo

2343 2034 2483 2066 νοιαν
2561 2016 2750 2074 αὐτῶν.
2823 2017 2953 2089 Ἐγὼ
3039 2017 3097 2072 δὲ
3153 2025 3346 2080 ταύτην
3416 2022 3516 2075 ἀπὸ
3589 2033 3676 2085 τῆς
3744 2045 3946 2098 προφη-

583 2114 656 2154 ea
685 2099 955 2154 ordinare
985 2103 1255 2170 oporteat
1283 2122 1294 2155 :
1329 2116 1541 2171 nempe
1571 2102 1649 2157 ita
1671 2105 1965 2161 convenit.
2007 2107 2049 2160 Ο
2083 2110 2228 2161 terra

2342 2111 2490 2163 τικῆς
2567 2103 2752 2176 βίϐλου
2825 2105 3093 2179 διαγνόὺς,
3173 2114 3347 2182 ἔγνων,
3422 2121 3530 2174 πῶς
3598 2119 3708 2186 χρή
3781 2123 3945 2168 ταῦτα

583 2186 871 2252 Zabulon,
905 2192 960 2244 et
989 2205 1026 2244 ο
1081 2193 1232 2245 terra
1289 2191 1658 2262 Nephthalim
1698 2193 1999 2264 (Intelligit
2039 2201 2228 2250 autem

2346 2195 2655 2247 συντάττειν.
2726 2202 2987 2270 Προσήκει
3038 2202 3135 2273 γὰρ
3198 2201 3375 2261 οὕτως.
3435 2201 3504 2254 Ὠ
3554 2211 3622 2273 γῆ
3679 2211 3773 2255 τοῦ
3835 2211 3942 2257 Ζα-

583 2275 892 2342 Galilaeam,
939 2278 1090 2333 sicut
1131 2277 1357 2334 dictum
1407 2282 1542 2352 est),
1585 2285 1660 2345 et,
1695 2298 1730 2337 ο
1788 2299 1890 2337 vos
1943 2283 2046 2354 qui
2078 2284 2228 2341 circa

2343 2280 2534 2332 ϐουλὼν
2583 2282 2595 2336 l
2652 2288 2737 2335 καὶ
2797 2285 2835 2334 ὧ
2891 2296 2958 2358 γῆ
3014 2296 3106 2340 τοῦ
3164 2290 3458 2363 Νεφθαλείμ
3502 2292 3512 2346 ι
3556 2291 3691 2364 λέγει
3737 2289 3798 2345 δὲ
3847 2298 3939 2352 τὴν

580 2364 742 2421 viam
773 2365 976 2431 maris,
1011 2365 1072 2421 id
1100 2371 1202 2432 est,
1247 2368 1401 2424 circa
1430 2385 1596 2425 mare
1626 2369 1882 2427 Galilaeae
1912 2371 2186 2428 habitatis
2215 2390 2225 2440 ;

2342 2369 2636 2442 Γαλιλαίαν,
2697 2375 2760 2433 ὡς
2811 2377 3033 2448 εἴρηταιο
3103 2383 3211 2443 καὶ,
3277 2377 3316 2430 ὦ
3377 2382 3424 2431 οἱ
3475 2384 3610 2433 κατά
3665 2385 3760 2440 τὴν
3818 2379 3933 2434 ὁδόν

581 2457 638 2510 et
665 2469 702 2510 ο
725 2469 829 2510 vos
853 2453 958 2527 qui
979 2458 1143 2511 trans
1171 2456 1525 2514 Jordanem:
1558 2463 1614 2515 et
1646 2475 1682 2515 ο
1708 2460 1946 2517 Galilaea
1966 2461 2226 2532 gentium

2340 2467 2435 2522 τῆς
2485 2459 2771 2529 θαλάσσης,
2813 2470 3096 2533 τουτέστιν,
3139 2470 3188 2520 οἱ
3217 2472 3361 2541 παρά
3407 2474 3499 2528 τήν
3533 2469 3800 2524 θάλασσαν
3845 2480 3936 2534 τῆς

581 2546 788 2614 (Vocat
857 2548 1058 2600 autem
1109 2545 1412 2602 Galilaeam
1461 2548 1740 2617 gentium,
1797 2565 1928 2606 eam
1984 2551 2226 2607 Galilaeaa

2342 2549 2618 2613 Γαλιλαίας
2691 2553 2949 2616 οἰκοῦντες
3003 2561 3092 2608 καὶ
3149 2559 3188 2608 ὦ
3247 2561 3295 2610 οἱ
3355 2564 3514 2634 πέραν
3572 2567 3662 2612 τοῦ
3737 2559 3937 2635 Ἰορδά-

578 2636 812 2705 partem
838 2647 1024 2704 quam
1055 2640 1258 2704 gentes
1291 2635 1683 2709 incolebant.)
1715 2638 1935 2694 Deinde
1965 2656 2223 2712 compre-

2338 2643 2467 2697 νουῙ
2522 2645 2612 2692 καὶ
2655 2642 2693 2692 ὦ
2747 2643 2992 2696 Γαλιλαία
3038 2654 3136 2697 τῶν
3184 2646 3337 2698 ἐθνῶν
3393 2649 3404 2702 !
3466 2647 3672 2702 ἐκάλεσε
3721 2647 3780 2704 δὲ
3837 2658 3936 2704 Γα-

577 2719 849 2776 hendens
900 2738 1109 2778 omnes
1161 2724 1264 2795 qui
1329 2725 1390 2780 in
1441 2727 1738 2796 praedictis
1793 2727 1938 2783 locis
1994 2729 2222 2786 habita-

2339 2727 2538 2781 λιλαίαν
2594 2738 2694 2781 τῶν
2743 2730 2916 2799 ἐθνῶν,
2969 2737 3026 2786 τό
3085 2739 3235 2809 μέρος
3279 2746 3374 2798 τῆς
3431 2737 3720 2805 Γαλιλαίας,
3790 2743 3816 2793 ὅ
3874 2745 3937 2793 τὰ

576 2808 740 2876 bant,
799 2825 892 2866 res
963 2811 1077 2867 illis
1151 2813 1434 2869 salutares
1509 2814 1897 2885 denuntiavit,
1985 2819 2221 2876 dicens:

2343 2819 2458 2875 ἔθνη
2519 2826 2808 2890 κατῴκουν
2867 2822 2996 2892 εἶτα,
3064 2822 3388 2896 ἐπισυνάψας
3449 2829 3645 2890 πάντας
3699 2834 3816 2890 τούς
3887 2833 3935 2882 εν

577 2898 829 2968 Populus
844 2899 942 2971 qui
959 2899 1190 2955 sedebat
1208 2902 1267 2956 in
1289 2902 1537 2957 tenebris
1554 2904 1702 2958 vidit
1733 2906 1920 2961 lucem
1943 2923 2222 2979 magnam,

2342 2914 2452 2969 τοῖς
2526 2905 2812 2966 δηλωθεῖσι
2879 2915 3075 2982 τόποις,
3155 2914 3490 2986 εὐηγγελίσατο
3549 2919 3614 2968 τὰ
3684 2923 3932 2992 σωτήρια,

579 2987 689 3041 etc.
741 2989 809 3042 Et
855 2987 1132 3043 tenebras
1183 2989 1421 3045 vocavit
1442 3005 1723 3046 errorem.
1773 2994 2057 3050 Errabant
2081 2997 2224 3051 enim

2343 2996 2512 3047 εἰπών·
2568 2997 2626 3049 Ὀ
2691 2998 2807 3059 λαός
2871 3002 2897 3051 ό
2958 3004 3246 3074 καθήμενος
3315 3003 3361 3055 ἐν
3436 3010 3631 3076 σκότει,
3706 3008 3783 3080 (9)
3855 3004 3937 3060 id:

578 3073 770 3130 Judaei
800 3074 1045 3147 quidem
1076 3075 1234 3132 circa
1283 3079 1633 3150 Scripturas,
1662 3087 1865 3152 gentes
1894 3099 2036 3139 vero
2075 3085 2223 3141 circa

2343 3094 2445 3157 φῶς
2503 3091 2656 3158 μέγα,
2720 3093 2810 3140 καὶ
2886 3092 2951 3141 τὰ
3019 3091 3154 3153 ἑξῆς.
3227 3097 3326 3146 Καὶ
3398 3099 3579 3156 σκότος
3647 3100 3736 3168 μὲν
3815 3097 3939 3150 ὠνό-

580 3162 807 3220 cultum
846 3163 1141 3222 divinum.

2294 3205 2303 3256 ε
2341 3193 2495 3244 μασε,
2542 3179 2635 3232 τήν
2673 3175 2890 3235 πλάνην.
2924 3179 3243 3234 Ἐπλανῶντο
3285 3186 3384 3256 γὰρ
3414 3181 3665 3237 Ἰουδαῖοι
3703 3188 3792 3258 μεν
3824 3190 3939 3262 περὶ

2339 3264 2435 3324 τὰς
2465 3266 2684 3338 Γραφάς,
2714 3268 2780 3317 τὰ
2809 3268 2926 3325 ἔθνη
2962 3265 3021 3321 δὲ
3051 3276 3170 3342 περὶ
3198 3274 3254 3322 τό
3288 3271 3463 3335 σέϐας.

650 3341 868 3398 Lucem
893 3345 1093 3399 autem
1132 3359 1421 3416 magnam
1453 3347 1752 3404 Christum
1801 3351 2136 3408 nominavit
2159 3353 2226 3418 7‘,

2413 3357 2525 3412 Φῶς
2573 3350 2633 3405 δε
2669 3358 2822 3426 μέγα,
2879 3361 2965 3408 τόν
3019 3363 3265 3430 Χριστόν,
3314 3363 3370 3424 ὄς
3411 3361 3647 3434 ἀλλαχοῦ
3678 3371 3782 3436 φῶς
3813 3363 3935 3424 ἀλή-

579 3429 684 3501 qui
731 3430 1190 3500 frequenterlux
1243 3450 1379 3490 vera
1429 3436 1800 3506 appellatur:
1830 3438 1957 3509 ipse
2009 3441 2224 3497 etenim

2343 3441 2478 3492 θινόν
2543 3448 2961 3520 προσηγόρευται
3062 3429 3161 3501 Καὶ
3215 3453 3316 3524 γὰρ
3389 3429 3814 3517 αὐτόςητοῦτους
3862 3454 3937 3518 ἐξ·

577 3517 690 3573 hos
738 3518 816 3574 ab
865 3534 1062 3576 errore
1101 3521 1324 3586 eduxit,
1376 3523 1676 3579 illustrans
1732 3541 1834 3580 eos
1861 3527 1920 3582 in
1975 3529 2222 3586 modum

2340 3534 2529 3602 ήγαγεν
2573 3534 2629 3583 ἔκ
2680 3517 2790 3594 τῆς⁷
2821 3534 3040 3607 πλάνης,
3093 3533 3248 3596 δίκην
3297 3544 3460 3611 φωτός
3501 3542 3679 3605 αὐτοῖς
3723 3543 3933 3617 ἐπιλάμ-

577 3604 747 3660 lucis.
783 3605 1006 3661 Deinde
1035 3609 1243 3663 iterum
1273 3610 1614 3683 hujusmodi
1639 3615 1906 3672 tenebras
1945 3617 2222 3690 interpre-

2337 3617 2463 3687 ψας.
2519 3621 2648 3674 Εἶτα
2698 3623 2850 3675 πάλιν
2903 3625 3257 3698 ἐφηρμήνευσε
3323 3633 3379 3680 τὸ
3437 3639 3668 3684 τοιοῦτον
3731 3638 3928 3700 σκότος,

579 3695 737 3748 tatur
756 3693 1035 3764 regionem
1057 3697 1278 3764 mortis,
1301 3702 1360 3755 et
1379 3700 1644 3758 umbram
1665 3705 1870 3761 mortis
1894 3705 1988 3762 his
2000 3723 2224 3765 vocans

2337 3714 2524 3781 Χώραν
2599 3712 2819 3764 θανάτου
2900 3719 2986 3766 καὶ
3059 3718 3210 3768 σκιάν
3289 3720 3507 3772 θανάτου
3576 3730 3726 3775 τοῦτο
3791 3722 3933 3777 καλέ-

578 3781 943 3850 nominibus,
992 3784 1135 3858 quia
1155 3785 1306 3845 sicut
1328 3789 1534 3845 mortis
1567 3792 1732 3864 regio
1763 3809 1832 3850 ac
1868 3795 2105 3866 umbra,
2136 3801 2223 3856 est

2340 3817 2454 3860 σας.
2501 3798 2701 3876 Ὠσπερ
2743 3804 2844 3876 γὰρ
2897 3811 2985 3856 τοῦ
3035 3816 3333 3878 σωματικοῦ
3376 3812 3597 3863 θανάτου
3646 3820 3804 3889 χώρα
3843 3820 3932 3868 καὶ

577 3871 956 3942 sepulcrum:
1011 3876 1174 3946 regio
1237 3878 1485 3950 quidem
1533 3882 1711 3953 quasi
1762 3883 1950 3951 locus,
2009 3888 2222 3946 umbra

2672 3871 2681 3876 .
2751 3871 2758 3873 ν
2815 3871 2824 3876 .
3112 3871 3121 3878 .
3646 3871 3688 3884 ,ν
3734 3871 3743 3889 .

2338 3890 2464 3941 σκιὰ
2496 3890 2521 3941 ό
2574 3891 2733 3962 τάφος
2781 3890 2914 3944 ἔστί·
2966 3899 3121 3966 χώρα
3171 3899 3280 3968 μὲν,
3338 3900 3405 3960 ὡς
3451 3904 3625 3962 τόπος·
3681 3907 3807 3956 σκιά
3851 3902 3928 3972 δὲ,

575 3976 719 4018 vero
739 3963 909 4034 quasi
936 3965 1206 4022 tenebrae.
1240 3970 1389 4024 Nam
1438 3970 1685 4027 tenebrae
1725 3974 1944 4030 umbra
1979 3980 2087 4030 est.
2141 3979 2220 4034 Ita

2336 3980 2405 4038 ὡς
2455 3982 2654 4038 σκότος·
2695 3983 2880 4043 σκότος
2917 3985 3016 4058 γὰρ
3057 3987 3087 4042 ἡ
3125 3989 3268 4038 σκιά·
3315 3987 3445 4039 οὔτω
3491 3994 3580 4041 καὶ
3615 3999 3705 4042 τοῦ
3750 3993 3929 4065 ψυχι-

577 4052 635 4105 et
661 4050 866 4106 mortis
883 4052 1201 4121 spiritualis
1227 4056 1390 4124 regio
1413 4072 1482 4111 ac
1510 4059 1885 4128 umbra,erat
1903 4063 1997 4118 ille
2031 4080 2222 4133 error;

2335 4073 2428 4116 κοῦ
2484 4068 2701 4118 θανάτου
2758 4075 2914 4144 χώρα
2968 4078 3057 4124 καὶ
3117 4075 3259 4146 σκίὰ,
3317 4078 3347 4134 ἡ
3401 4076 3566 4137 πλάνη
3622 4078 3784 4140 ἐκείνη
3849 4081 3928 4142 ἦν’

575 4137 740 4206 regio
793 4153 959 4201 sane,
1005 4139 1191 4193 veluti
1243 4156 1409 4198 more
1449 4147 1706 4214 sepulcri
1763 4165 1864 4203 eos
1892 4151 2220 4218 continens,

2333 4159 2489 4225 χώρα
2537 4157 2645 4224 μὲν,
2691 4159 2759 4217 ὡς
2802 4164 2988 4233 τρόπον
3041 4164 3201 4230 τάφου
3254 4170 3556 4237 συνέχουσα
3607 4173 3727 4231 τοὺς
3784 4171 3935 4244 ἐμπε-

575 4223 768 4294 quiin
801 4224 996 4295 ipsum
1025 4224 1389 4293 incidissent,
1433 4233 1673 4300 mortui,
1729 4238 1934 4306 quoad
1978 4254 2220 4297 sensum

2335 4223 2341 4224 κ
2424 4223 2431 4225 ι
2539 4223 2545 4224 γ
2831 4223 2841 4233 ι
3115 4223 3123 4230 -
3375 4223 3416 4237 IV
3713 4223 3727 4231 '
3792 4223 3861 4244 ⁷ι⁷⁷
3895 4223 3909 4226 “

2333 4247 2600 4303 πτωκότας
2668 4245 2796 4318 αὐτῇ
2877 4256 3270 4324 νενεκρωμένου(
3341 4254 3412 4316 εἰς
3487 4259 3737 4315 αἴσθησιν
3805 4260 3931 4320 ἀλή-

575 4309 836 4367 veritatis
877 4327 892 4378 ;
924 4312 1141 4370 umbra
1165 4329 1324 4382 vero,
1377 4322 1580 4389 utpote
1613 4322 1866 4379 tenebris
1897 4341 2000 4382 eos
2032 4327 2220 4385 oﬂ‘un—

582 4397 725 4420 Δ-..-
795 4402 869 4420 ‘1-
916 4400 1143 4420 _A:___:,,
1199 4409 1289 4420 γη.
1514 4407 1525 4420 ο
1751 4410 1764 4420 ι
1834 4415 1864 4420 κ.
2021 4416 2032 4420 -
2169 4418 2178 4420 -

2335 4331 2489 4391 θείας·
2550 4336 2675 4386 σκιά
2727 4332 2806 4400 δὲ,
2844 4341 2910 4399 ὡς
2957 4309 3280 4402 σκοτίζουσα
3327 4343 3534 4406 αὐτούς.
3588 4347 3646 4400 Εἰ
3701 4348 3818 4420 (10)
3872 4347 3930 4404 δὲ

575 4397 748 4454 dens.
794 4402 874 4455 Ne
915 4400 1146 4457 mireris
1192 4409 1414 4474 autem,
1481 4407 1527 4462 si
1594 4410 1942 4482 prophetica
1985 4416 2220 4489 eloquia

575 4487 793 4509 εηηη
865 4503 975 4509 μ,
1029 4505 1100 4509 _-
1255 4493 1286 4509 ..
1367 4494 1414 4509 ,ν
1466 4497 1476 4506 .
1941 4504 1952 4509 -
2142 4507 2151 4509 μ

2793 4397 2802 4400 -
2895 4397 2906 4399 -
3120 4397 3136 4402 ν
3501 4397 3514 4406 .
3588 4397 3644 4400 -κ
3703 4397 3816 4420 χ-νι
3876 4397 3926 4404 --

2330 4423 2402 4490 μή
2463 4419 2680 4495 ἀκέραια
2737 4429 2801 4478 τὰ
2857 4433 3157 4500 προφήτικά
3208 4434 3399 4485 τέθεικε
3453 4435 3610 4508 ῥητὰ,
3673 4443 3746 4509 μή
3808 4442 3926 4492 θαυ-

573 4487 799 4556 integre
860 4503 983 4544 non
1029 4493 1310 4561 posuerit.
1367 4494 1787 4555 Universaliter
1859 4504 2017 4561 enim
2070 4487 2218 4564 scire

574 4579 805 4608 Ατυ-ηιιοι
880 4578 1267 4608 Δπηηηηιεηιη..
1335 4583 1623 4608 :..L.....l--__
1713 4590 1846 4608 _,,!'I
2006 4595 2016 4604 ο
2066 4599 2076 4608 .

2278 4487 2525 4607 )μάσης.
2555 4487 2694 4586 ’Χρὴ
2741 4518 2842 4588 γὰρ
2896 4487 3183 4582 καθολικῶς
3228 4487 3522 4593 γινώσκεὶν,
3747 4530 3825 4580 ότι
3875 4533 3923 4582 οἱ

574 4579 824 4688 gportet,
879 4578 1269 4649 evangelistas
1333 4583 1629 4641 interdum
1705 4590 1950 4662 quidem
2002 4595 2219 4666 integre

2329 4578 2338 4582 -
2452 4578 2460 4584 .
2630 4578 2638 4586 ι
2748 4578 2760 4586 v
2814 4578 2822 4588 ι
3168 4578 3180 4582 '
3235 4578 3248 4592 1
3510 4578 3522 4593 ⁷
3579 4578 3593 4596 \
3607 4578 3624 4580 _
3643 4578 3685 4598 _/
3755 4578 3764 4580 Ὗ
3785 4578 3792 4580 ⁷
3812 4578 3824 4580 ⁷
3882 4578 3894 4581 “
3910 4578 3922 4582 ’

2277 4578 2294 4607 1
2328 4600 2693 4673 εὖαγγελὶσταὶ
2759 4610 2882 4659 ποτε
2951 4611 3040 4680 μὲν
3103 4609 3352 4686 ἀκεραίων
3404 4622 3504 4666 τῶν
3567 4616 3737 4688 ῥητῶν
3799 4617 3922 4671 ἀπο-

573 4662 862 4720 dictorum
893 4667 1248 4724 mentionem
1273 4669 1485 4739 facere,
1511 4677 1876 4751 quandoque
1903 4687 2101 4739 autem
2121 4662 2218 4741 illa

575 4751 916 4777 -‘LL..-_:__-
969 4760 1017 4777 ,ι
1039 4755 1154 4777 ,ιξμ
1185 4775 1222 4777 ν,
1300 4761 1316 4777 1
1483 4764 1494 4777 ι
1807 4770 1816 4777 .
1842 4769 1856 4777 .

2426 4662 2472 4673 ,.
2951 4665 2960 4680 ,
3193 4662 3340 4686 ,γ-κκ
3567 4662 3732 4688 rw---
3801 4662 3897 4671 η.--

2325 4694 2724 4764 μνημονεύουσι,
2805 4695 2921 4767 (12)
2991 4701 3114 4751 ποτε
3185 4696 3263 4770 δὲ,
3335 4700 3692 4775 ἐπιτέμνουσιν
3765 4707 3917 4777 αὐτὰ,

572 4751 940 4825 abbreviare,
963 4760 1017 4812 et
1035 4755 1360 4832 aliquando
1376 4764 1694 4823 verborum
1716 4769 1957 4840 quidem
1979 4789 2216 4830 sensum

2325 4751 2334 4762 ι
2430 4751 2440 4764 ι
2712 4751 2724 4764 ι
2811 4751 2824 4766 \
2900 4751 2916 4767 Ι
3198 4751 3263 4770 ⁷“1
3337 4751 3685 4775 “““*““Γ““⁷⁷“’
3767 4751 3917 4777 ⁷“”“’”,

2323 4782 2445 4832 ποτε
2504 4777 2562 4833 δὲ
2619 4786 2711 4841 τήν
2782 4787 2871 4856 μὲν
2938 4795 3036 4837 τῶν
3099 4789 3268 4862 ῥητῶν
3345 4788 3578 4845 διάνοιαν
3646 4794 3917 4869 ὀλόκληρον

571 4842 872 4914 integrum
894 4860 1152 4914 servare,
1176 4851 1470 4922 quasdam
1490 4869 1633 4912 vero
1650 4856 1942 4915 dictiones
1960 4867 2212 4929 mutare,

573 4932 811 4956 -.-ρ-..1-
838 4933 895 4956 2.!
937 4936 991 4956 :_
1025 4937 1181 4956 __bll-
1245 4955 1253 4956 κ
1282 4955 1325 4956 ,,
1708 4951 1716 4956 .
1795 4951 1804 4956 .

2782 4842 2791 4856 .
3099 4842 3161 4862 ,.
3651 4842 3912 4869 --.π---.Γπ

2327 4867 2688 4938 ἀποσώζουσι,
2746 4871 2904 4936 λέξεις
2975 4871 3034 4927 δέ
3088 4897 3232 4940 τινας
3291 4877 3708 4956 ἀπαρατηρήτως
3766 4886 3925 4938 ὑπαλ-

569 4932 816 5004 quando
837 4933 899 4991 id
935 4936 998 4992 in
1024 4937 1191 4997 nullo
1237 4955 1576 5002 sermonem
1627 4951 1809 5017 potest
1833 4965 2214 5026 corrumpere

2675 4932 2684 4938 ’
2810 4932 2822 4935 ”
2889 4932 2901 4936 ’
3217 4932 3230 4940 ’
3399 4932 3408 4955 Ι
3461 4932 3465 4933 7
3518 4932 3558 4956 't'
3577 4932 3598 4940 ’”
3618 4932 3628 4935 ⁷
3645 4932 3674 4935 ’⁷
3689 4932 3707 4945 ’⁸
3771 4932 3788 4937 ⁷
3803 4932 3901 4938 ”⁷”’

2325 4957 2624 5025 λάττουσιν,
2677 4961 2796 5014 ὅταν
2827 4959 2978 5017 οὐδέν
3025 4984 3076 5018 τι
3123 4965 3297 5041 μέλλοι
3341 4975 3415 5038 τῶ
3458 4969 3590 5044 λόγῳ
3639 4979 3792 5026 τοῦτο
3837 4975 3922 5027 λυ-

2326 5048 2621 5118 μαίνεσθαι.

639 5196 687 5234 ⁷³
709 5197 835 5254 Act.
866 5215 904 5266 ι,
943 5201 1026 5256 li.
1057 5202 1105 5239 7‘
1131 5205 1362 5274 Joan.1,
1386 5209 1439 5268 9.

1775 5341 2002 5412 Variae
2040 5344 2365 5417 lectiones
2393 5357 2460 5418 et
2491 5360 2690 5421 notae.

634 5489 900 5623 ﬁngant
923 5497 1171 5572 uterque
1196 5502 1384 5561 codex
1415 5506 1592 5565 etiam
1633 5509 1685 5566 in
1727 5512 1908 5578 textu,
1942 5528 2050 5585 pro
2081 5515 2206 5571 vul-

634 5633 746 5664 um
784 5633 1063 5664 A:-...:u:n
1101 5645 1120 5664 Α

1727 5512 1908 5578 textu,
1942 5528 2050 5585 pro
2081 5515 2206 5571 vul—
2385 5521 2498 5664 fit;
2540 5519 2818 5578 Διδάσκειν
2848 5541 2956 5598 pro
2985 5535 3258 5601 γινώσκειν
3288 5536 3354 5589 Α.

2412 5593 2474 5648 12
2537 5600 2932 5664 Μνημονεύουσι
2961 5604 3027 5658 Α.

558 5559 839 5633 garum.
1070 5559 1093 5572 ‘
1151 5559 1157 5561 '
1282 5559 1383 5561 "“
1420 5559 1592 5565 "‘"—
1633 5559 1685 5566 '"
1731 5559 1908 5578 "““’
1943 5559 2048 5585 τ’*
2093 5559 2181 5571 ·“·

628 5633 746 5709 (ιο)
776 5633 1066 5698 Δέοωὶίιὶι
1088 5645 1156 5701 Α.

1894 5559 1908 5578 ⁷
1943 5559 1979 5585 Γ
2385 5559 2498 5664 ὶ125
2537 5559 3026 5668 Μνημονεύοόὶσί)
