4166 6314
392 350 497 407 185

464 475 616 547 (ΚΕΦ
672 474 765 547 Δ’)
817 479 943 548 Περὶ
1011 482 1107 535 τῆς
1165 471 1514 535 διδασκαλίας
1564 481 1655 527 τοῦ
1721 482 1976 549 Σωτῆρος.
2016 484 2058 537 Α

461 564 585 616 Ἀπὸ
636 570 745 617 τότε
803 596 869 604 —
919 564 1165 637 οὐρανῶν.
1223 571 1387 617 Τοῦτο
1444 568 1544 637 πρό
1608 571 1698 616 τοῦ
1757 572 1987 639 Σωτῆρος

391 655 416 705 6
466 654 704 715 Ἰωάννης
754 652 1013 727 ἐκήρυξεν.
1064 652 1323 726 ’Ἄρχεται
1368 650 1427 704 δὲ
1472 657 1561 705 καὶ
1591 655 1615 704 6
1660 656 1885 726 Χριστὸς
1917 652 1987 705 ἐν·

390 744 580 810 τεῦθεν,
634 744 717 794 ἶνα
775 740 941 815 δείξῃ,
998 744 1075 794 ὅτι
1130 748 1403 816 προοίμιον
1456 742 1614 793 αὑτοῦ
1666 743 1727 799 ἧν
1760 744 1784 793 6
1815 742 1986 795 Ἰωάν-

384 852 495 895 νης,
548 837 639 883 καὶ
684 833 764 883 ὅτι
816 832 909 883 ούκ
962 834 1102 883 ἔστιν
1155 832 1304 892 οὗτος
1358 830 1585 892 ἐναντίος
1624 829 1829 902 ἐκείνῳ.
1884 834 1987 886 Καὶ

382 923 486 996 γὰρ
554 916 664 973 ἔδει
737 929 937 993 πρῶτον
1012 919 1164 973 ἄλλον
1222 928 1559 993 μαρτυρῆσαι
1616 924 1731 993 περὶ
1804 919 1985 989 αὑτοῦ,

382 1014 476 1061 καὶ
526 1014 643 1061 τότε
687 1008 841 1061 αὐτόν
900 1009 1087 1067 ἐλθεῖν,
1143 1011 1283 1069 Τινὲς
1323 1005 1381 1061 δε
1409 1008 1669 1078 λέγουσιν,
1719 1010 1799 1060 ὃτι
1842 1005 1990 1060 δοκεῖ

379 1101 474 1170 μὲν
523 1100 548 1149 6
597 1101 831 1170 Χριστός
875 1101 943 1150 τὰ
995 1098 1129 1150 αύτὰ
1165 1106 1238 1168 τῷ
1271 1098 1475 1171 Ἰωάννῃ
1527 1101 1831 1172 κηρύσσειν,
1882 1099 1986 1150 οἷον

381 1191 443 1240 τό
501 1188 824 1254 Μετανοεῖτε,
895 1191 983 1239 καὶ
1050 1191 1109 1239 τὸ
1166 1186 1416 1259 ’Ἤγγικεν
1484 1190 1513 1245 ἡ
1581 1186 1826 1260 βασιλεία
1888 1194 1987 1238 τῶν

386 1277 635 1350 οὐρανῶν,
693 1276 787 1327 ούκ
845 1278 960 1328 ἔστι
1015 1272 1094 1330 δέ.
1153 1275 1210 1328 Ὀ
1262 1278 1351 1347 μὶν
1412 1279 1510 1351 γὰρ
1562 1276 1814 1346 Ἰωάννης,
1888 1282 1988 1328 Με-

384 1372 627 1430 τανοεῖτε,
690 1364 871 1435 ἔλεγεν,
928 1363 1001 1437 ἐφ’
1072 1366 1143 1425 οἷς
1210 1367 1546 1437 ἡμαρτήκατε
1579 1384 1591 1397 ·
1647 1367 1672 1416 ό
1738 1361 1796 1416 δὲ
1862 1371 1988 1438 Χρι-

392 1456 535 1520 στὸς,
591 1459 919 1521 Μετανοεῖτε,
973 1452 1085 1506 ἀντὶ
1128 1461 1241 1519 τοῦ,
1299 1452 1692 1507 Μεταϐάλλεσθε
1740 1452 1840 1505 ἀπὸ
1893 1460 1988 1525 τῆς

389 1543 608 1602 παλαιᾶς
664 1542 751 1594 ἐπὶ
822 1546 916 1600 τὴν
974 1547 1180 1600 καινήν.
1247 1547 1346 1595 Καὶ
1398 1545 1700 1617 παράγουσι
1750 1542 1990 1615 μάρτυρα

392 1635 479 1683 τόν
542 1632 773 1704 Μάρκον,
832 1632 1122 1704 προσθέντα
1194 1636 1272 1683 τό·
1348 1634 1452 1686 Καὶ
1504 1635 1770 1684 πιστεύετε
1817 1630 1863 1682 ὲν
1916 1637 1987 1699 τῷ

398 1719 710 1791 Εύαγγελίῳ.
768 1724 868 1772 Καὶ
938 1721 963 1771 ὁ
1016 1723 1105 1791 μὲν
1181 1720 1441 1789 Ἰωάννης,
1515 1726 1664 1793 φασὶ,
1718 1719 1989 1793 βασιλείαν

1373 348 1746 408 COMMENT.
1788 346 1858 404 IN
1898 346 2347 406 MATTHASUM.
2386 378 2452 389 —
2486 346 2648 405 CAP.
2689 345 2783 404 IV.

3640 339 3746 399 486

2441 473 2615 545 (CAP.
2648 472 2763 544 IV.)
2790 474 2875 530 De
2898 473 3165 529 doctrina
3200 471 3442 529 Christi.

2167 566 2329 619 Vers.
2369 568 2449 617 l7.
2478 562 2571 617 Ea:
2596 576 2656 617 eo
2701 567 2960 630 tempore
2984 593 3053 603 —
3093 563 3397 618 cwlorum.
3436 561 3565 615 Haec
3610 566 3747 614 ante

2096 652 2450 708 Salvatorem
2464 654 2728 705 Joannes
2746 651 3105 722 praedicavit.
3124 651 3542 723 Incipitautem
3565 648 3746 704 etiam

2095 741 2233 796 inde
2259 741 2542 805 Christus,
2581 744 2643 795 ut
2670 740 2945 795 ostendat
2971 740 3330 812 principium
3365 754 3539 794 suum
3566 738 3751 793 fuisse

2095 831 2409 893 Joannem,
2461 833 2517 885 et
2573 844 2962 901 nequaquam
3044 828 3125 883 illi
3186 827 3537 883 contrarium
3594 842 3746 882 esse.

2097 921 2302 990 Operm
2331 918 2585 990 pretium
2611 920 2769 973 enim
2802 922 2945 982 erat,
2996 922 3057 972 ut
3085 917 3336 987 primum
3370 916 3519 971 alius
3545 917 3618 971 de
3676 930 3748 971 eo

2095 1008 2270 1063 ferret
2308 1007 2733 1071 testimonium,
2767 1011 2819 1061 et
2865 1010 2999 1061 tunc
3031 1006 3249 1060 veniret
3300 1005 3441 1076 ipse.
3498 1004 3749 1070 Quidam

2096 1101 2290 1152 autem
2354 1095 2576 1159 dicunt,
2629 1094 2813 1149 videri
2871 1094 3111 1165 quidem
3172 1093 3384 1148 eadem
3425 1092 3749 1164 praedicare

2097 1185 2409 1249 Christum,
2433 1199 2562 1255 quin
2597 1186 2868 1247 Joannes,
2890 1186 3033 1253 puta
3066 1199 3079 1236 :
3108 1181 3455 1251 Resipiscite,
3491 1188 3547 1235 et
3578 1180 3751 1235 instat

2096 1289 2334 1345 regnum
2386 1274 2677 1337 castorum,
2738 1286 2856 1326 non
2912 1276 3113 1327 tamen
3178 1270 3258 1325 ita
3293 1285 3440 1325 esse.
3486 1269 3749 1324 Joannes

2097 1360 2395 1433 siquidem
2443 1361 2587 1416 dixit
2628 1379 2640 1415 :
2700 1360 3062 1432 Resipiscite,
3111 1363 3347 1431 propter
3397 1363 3641 1430 peccata
3692 1358 3752 1412 in

2095 1451 2316 1523 quibus
2347 1450 2689 1505 offendistis.
2750 1450 3011 1505 Christus
3056 1464 3191 1504 vero
3222 1466 3234 1503 :
3266 1448 3626 1520 Resipiscite,
3691 1449 3757 1501 ut

2097 1540 2393 1595 transferri
2424 1538 2771 1595 mereamini
2809 1554 2845 1594 a
2883 1538 3061 1594 veteri
3114 1539 3488 1593 Testamento
3538 1536 3645 1609 (ee)
3693 1535 3753 1589 in

2098 1644 2338 1684 novum.
2374 1631 2435 1684 Et
2461 1631 2719 1683 Marcum
2752 1644 2860 1699 pro
2888 1632 3030 1682 teste
3063 1626 3388 1690 adducunt,
3417 1626 3518 1698 qui
3557 1625 3751 1680 addit:

2100 1718 2173 1771 Et
2225 1719 2442 1773 credite
2493 1717 2821 1787 Evangelia
2867 1718 2937 1772 ⁷⁵.
2992 1718 3055 1771 Et
3122 1717 3401 1779 Joannes,
3455 1714 3750 1786 inquiunt,

396 1808 642 1881 οὐρανῶν,
718 1811 803 1859 τόν
868 1812 1100 1882 Χριστόν
1177 1809 1458 1876 ὠνόμασεν·
1528 1811 1554 1861 6
1626 1806 1685 1861 δε
1762 1811 1990 1883 Χριστὸς

2106 1806 2394 1860 Christum
2411 1806 2643 1861 vocavit
2675 1821 2916 1874 regnum
2939 1806 3230 1860 caelorum.
3259 1803 3528 1858 Christus
3554 1807 3754 1857 autem

392 1901 490 1954 τήν
553 1896 788 1970 οὐράνιον
866 1902 953 1949 καὶ
1024 1896 1304 1969 ἀγγελικὴν
1369 1902 1648 1963 πολιτείαν,
1719 1898 1778 1954 ἣν
1836 1897 1991 1958 αὐτὸς

394 1984 568 2057 ἔμελλε
662 1987 961 2057 νομοθετεῖν,
1058 1990 1127 2048 ὡς
1207 1992 1607 2061 προειρήκαμεν.
1686 1985 1744 2037 Ὀ
1819 1990 1992 2057 μέντοι

392 2076 626 2148 Μάρκος,
689 2075 801 2125 ἀντὶ
875 2082 965 2126 τοῦ
1043 2075 1289 2127 Βασιλεία
1344 2082 1442 2127 τῶν
1499 2076 1747 2147 ούρανῶν,
1788 2074 1844 2126 Ἠ
1896 2073 1992 2146 βα-

398 2161 567 2213 σιλεία
619 2170 711 2213 τοῦ
762 2167 888 2215 Θεοῦ
940 2160 1064 2215 εἷπε.
1120 2168 1220 2216 Καὶ
1269 2171 1459 2215 νοεῖται
1506 2166 1600 2231 ἔτι,
1653 2166 1729 2216 ὃτι
1778 2167 1991 2234 ἤγγικεν

394 2252 424 2307 ἡ
473 2248 718 2321 βασιλεία
766 2259 859 2303 τοῦ
909 2259 1060 2323 Θεοῦ,
1120 2254 1201 2303 ἵνα
1244 2251 1534 2325 βασιλεύσῃ
1584 2261 1681 2304 τῶν
1725 2256 1991 2304 πιστευόν⁸

392 2358 515 2391 των.
569 2346 679 2391 Τῶν
722 2342 811 2411 μὲν
881 2342 982 2411 γὰρ
1057 2339 1286 2393 ἀπίστων
1346 2343 1497 2412 φύσει
1558 2340 1672 2393 ἐστὶ
1746 2339 1994 2413 βασιλεὺς

394 2430 420 2479 6
470 2430 589 2488 Υἱὸς
639 2428 751 2499 (13)
808 2433 897 2481 καὶ
942 2434 1110 2500 Λόγος
1152 2448 1163 2459 ·

398 2520 551 2587 φύσει
616 2522 704 2569 καὶ
760 2522 1081 2590 προαιρέσει,
1136 2518 1388 2579 ἑκουσίως
1458 2515 1754 2589 δεχομένων
1801 2521 1858 2570 τὸ
1907 2520 1992 2571 ὑπ’

401 2605 557 2657 αὐτοῦ
595 2603 967 2677 βασιλεύεσθαι
980 2651 993 2663 .

1207 2438 1305 2481 τῶν
1366 2426 1425 2481 δε
1474 2434 1841 2495 πιστευόντων,
1906 2435 1995 2481 καὶ

472 2700 774 2768 Περιπατῶν
831 2726 900 2735 -
953 2695 1107 2766 αύτῷ.
1166 2697 1430 2756 Ματθαῖος
1484 2698 1573 2767 μὶν
1630 2694 1849 2748 ἐνταῦθά
1903 2716 1994 2768 φη-

401 2803 503 2851 σιν,
559 2784 637 2835 ὅτι
676 2786 806 2855 μετὰ
849 2787 907 2835 τὸ
954 2780 1323 2856 παραδοθῆναι
1377 2788 1464 2836 τὸν
1513 2785 1749 2843 Ἰωάννην
1784 2784 1995 2843 ἠκολού-

1190 2874 1215 2924 6
1267 2869 1314 2924 δ’
1358 2872 1725 2944 εύαγγελιστής
1758 2874 1997 2936 Ἰωάννης

400 2959 610 3031 μᾶλλον,
642 2963 721 3013 ὅτι
763 2964 863 3034 πρὸ
906 2969 996 3013 τοῦ
1026 2958 1412 3035 παραδοθῆναι.
1459 2966 1559 3014 Καὶ
1590 2964 1855 3024 Ματθαῖος
1907 2967 1996 3035 μὲν

1881 3050 1995 3105 ὁδὶ

400 3139 658 3205 Ἰωάννης,
718 3141 799 3191 ὅτι
854 3143 940 3191 τὸν
992 3142 1081 3211 μὶν
1144 3136 1410 3213 Ἀνδρέαν,
1458 3142 1483 3191 ὀ
1538 3141 1766 3209 Ἰησοῦς,
1798 3145 1881 3193 τόν
1938 3139 1996 3194 δε

400 3232 612 3300 Πέτρον,
669 3230 693 3279 6
770 3225 1034 3301 Ἀνδρέας.
1101 3227 1253 3281 Ὀθεν
1319 3232 1549 3303 φανερόν,
1629 3231 1708 3281 ὄτι
1783 3227 1999 3305 δευτέρα

399 3318 531 3374 αὕτη
585 3320 615 3375 ἡ
676 3317 863 3379 κλῆσις
911 3318 994 3375 ἦν.
1046 3322 1144 3370 Καὶ
1193 3320 1295 3390 γὰρ
1351 3316 1789 3379 ἀκολουθήσαντες
1832 3320 1992 3390 αύτῷ,

398 3410 497 3481 πρὸ
536 3414 630 3458 τοῦ
674 3403 1039 3479 παραδοθῆναι
1084 3410 1171 3457 τόν
1219 3406 1479 3471 Ἰωάννην,
1514 3406 1795 3467 ἐπανῆλθον
1841 3409 1994 3461 πάλιν

398 2873 569 2929 θησαν
608 2872 748 2924 οὗτοι
800 2880 872 2923 τῶ
912 2873 1086 2930 Ἰησοῦ
1126 2890 1136 2903 ·

402 3048 559 3115 εἶπεν,
593 3052 673 3102 ὅτι
720 3055 808 3102 καὶ
858 3049 1173 3125 ἀμφοτέρους
1224 3053 1249 3102 6
1302 3051 1504 3112 Ἰησοῦς
1553 3050 1787 3104 ἐκάλεσεν
1822 3070 1832 3080 ·

399 3495 465 3555 εὶς
496 3499 583 3553 τὴν
618 3492 758 3546 ἰδίαν
796 3492 1051 3567 πατρίδα,
1084 3499 1173 3547 καὶ
1220 3499 1313 3553 τὴν
1360 3500 1611 3570 προτέραν
1658 3500 1849 3568 τέχνην
1878 3518 1995 3570 μετ-

397 3584 741 3658 εχειρίζοντο,
797 3584 884 3636 ατε
934 3586 1022 3634 τόν
1079 3586 1166 3655 μὲν
1226 3584 1463 3641 Ἰωάννην
1514 3581 1710 3646 ἰδόντες
1762 3584 1994 3659 παραδο-

401 3674 568 3739 θέντα,
627 3676 713 3724 τόν
781 3668 839 3724 δε
891 3673 1098 3730 Ἰησοῦν
1156 3671 1598 3745 ἀναχωρήσαντα.
1659 3679 1854 3727 Λοιπὸν
1907 3672 1993 3727 οὖν

402 3763 427 3813 6
476 3764 722 3835 Χριστὸς,
760 3758 938 3822 ένδούς
987 3760 1164 3822 αὐτοῖς
1214 3765 1272 3813 1'6
1322 3771 1541 3836 πρῶτον,
1577 3765 1789 3835 ἔρχεται
1840 3765 1993 3816 πάλιν

404 3849 814 3922 ἀνακτησόμενος
860 3855 949 3901 καὶ⁵
994 3849 1183 3902 κελεύει
1236 3848 1551 3915 ἀκολουθεῖν,
1607 3852 1707 3913 ἱνα,
1760 3851 1869 3904 ἀνθ’
1926 3853 1993 3903 ὧν

405 3936 551 4009 εἶχον
604 3935 845 4003 δικτύων,
904 3937 1144 4000 λαϐόντες
1212 3938 1330 4013 παρ’
1390 3939 1550 3990 αὐτοῦ
1618 3944 1711 3997 τήν
1780 3939 1993 4011 λογικήν

403 4032 657 4098 σαγήνην,
706 4032 794 4080 καὶ
843 4026 1111 4100 βάλλοντες
1156 4028 1227 4089 εἰς
1268 4032 1354 4085 τήν
1406 4028 1671 4081 θάλασσαν
1708 4036 1798 4081 τοῦ
1847 4029 1990 4101 βίου,

398 4120 520 4179 τοὺς
567 4116 869 4190 ἀνθρώπους
917 4118 1029 4188 (14)
1071 4118 1415 4189 θηρεύσωσιν,
1464 4116 1578 4170 ἀντὶ
1624 4126 1723 4170 τῶν
1769 4119 1990 4191 ἰχθύων.

397 4211 582 4260 Σκόπει
663 4204 743 4273 δε,

396 4295 431 4349 ἃ
462 4295 626 4368 εἶχον,
659 4292 827 4367 μηδέν
868 4315 918 4347 τι
964 4298 1436 4369 προφασισάμενοι.
1488 4301 1587 4348 Καὶ
1623 4299 1725 4371 γὰρ
1774 4298 1937 4359 οὕτως
1967 4300 1992 4350 6

394 4388 627 4459 Χριστός
686 4383 949 4456 βούλεται,
1003 4388 1196 4445 παντὸς
1264 4383 1547 4455 ἀναγκαίου
1622 4391 1876 4457 προτιμᾷν
1933 4388 1991 4436 τὸ

393 4474 693 4527 ἀκολουθεῖν
746 4473 905 4543 αύτῷ.
948 4480 1097 4526 Δεῦτε
1150 4470 1230 4538 δὲ,
1288 4473 1454 4525 ὀπίσω
1504 4493 1625 4546 μου,
1686 4470 1842 4539 εἶπεν,
1882 4472 1992 4526 ἀντὶ

820 4214 923 4266 πῶς
990 4206 1173 4267 εὐθέως
1235 4208 1559 4273 ὑπήκουσαν,
1628 4212 1717 4260 καὶ
1791 4207 1993 4280 ἀφῆκαν

392 4571 509 4628 τοῦ,
546 4562 829 4619 Ἀκολουθή
840 4563 964 4614 σοὶτέ
993 4581 1101 4633 μοι.

467 4647 735 4725 [Ἀδελφοί
791 4650 901 4721 (15)
955 4647 1071 4716 δύο,
1127 4654 1375 4722 γεγόνασι
1435 4656 1615 4724 πρώτη
1678 4650 1865 4713 κλῆσις
1921 4660 1993 4723 τῷ

394 4748 635 4815 Χριστῷ,
689 4735 1001 4791 διδάσκοντι
1052 4744 1141 4792 καὶ
1204 4736 1297 4791 διὰ
1360 4742 1545 4791 τούτου
1596 4742 1654 4791 τό
1710 4745 1992 4813 προσήκειν

396 4827 684 4901 ἁδελφικῶς
742 4827 1124 4897 πολιτεύεσθαι,
1182 4832 1272 4881 καὶ
1332 4824 1530 4900 ἀδελφὰ
1600 4835 1818 4902 φρονεῖν,
1872 4832 1993 4891 τοὺς

394 4921 839 4992 μαθητευομίνους
865 4917 1024 4989 αὐτῷ.
1055 4918 1073 4988 ]

982 5095 1031 5132 ⁷⁸
1060 5094 1208 5153 Ibid.

468 5097 513 5133 ⁷⁵
544 5099 716 5155 Marc.
748 5111 787 5164 ι,
826 5099 905 5153 15,
982 5096 1031 5132 ⁷⁸
1060 5096 1208 5153 lbid.
1284 5096 1329 5132 ⁷⁷
1362 5096 1532 5154 Joan.
1569 5111 1609 5163 ι,
1641 5098 1709 5152 35
1738 5109 1897 5167 seqq.

2101 1894 2853 1965 cmlestemangelicamque
2870 1893 3159 1964 politiam,
3193 1909 3373 1963 quam
3405 1892 3530 1963 ipse
3558 1891 3754 1945 condi-

2104 1989 2269 2039 turus
2301 1988 2442 2048 erat,
2480 1989 2538 2038 ut
2570 1983 3217 2053 praediximusMarcus
3246 1996 3389 2036 sane
3418 1996 3524 2052 pro
3568 1980 3756 2049 Regna

2103 2074 2375 2127 calorum
2402 2073 2560 2135 dixit,
2592 2074 2845 2143 Regnum
2878 2071 2980 2125 Dei
3003 2072 3071 2105 ⁷⁵·
3105 2069 3448 2139 lntelligitur
3472 2073 3757 2140 prteterea

2101 2177 2351 2231 regnum
2381 2160 2480 2216 Dei
2524 2161 2759 2223 instare,
2812 2164 2875 2215 ut
2937 2175 3115 2231 super
3173 2159 3481 2213 credentes
3529 2161 3750 2225 regnet.

2106 2250 2405 2323 Siquidem
2440 2249 2881 2305 incredulorum
2920 2254 3132 2304 natura
3165 2247 3283 2302 Rex
3316 2253 3402 2302 est
3434 2246 3604 2301 Filius
3657 2245 3756 2301 Dei

2102 2343 2160 2394 et
2187 2337 2469 2402 Verbum,
2499 2336 2861 2391 credentium
2893 2351 3033 2390 vero
3061 2339 3311 2405 utroque
3327 2338 3521 2397 modo,
3551 2337 3754 2388 natura

2103 2427 2375 2483 videlicet
2401 2431 2457 2481 et
2485 2426 2807 2489 voluntate,
2836 2442 2969 2480 cum
2998 2430 3202 2496 sponte
3258 2424 3753 2494 gubernationem

2105 2517 2234 2587 ejus
2275 2514 2626 2586 suscipiant.

2179 2696 2341 2754 Vers.
2380 2700 2461 2752 18.
2495 2696 2812 2751 Ambulans
2842 2727 2910 2735 —
2951 2696 3019 2752 V.
3060 2700 3147 2751 20.
3204 2696 3367 2751 Eum.
3418 2695 3756 2751 Matthaeeus

2106 2785 2349 2856 quidem
2378 2786 2435 2839 in
2464 2786 2575 2840 hoc
2606 2784 2734 2839 loco
2782 2784 2946 2849 dicit,
2997 2789 3313 2855 postquam
3366 2784 3614 2839 traditus
3669 2787 3757 2838 est

2104 2876 2363 2930 Joannes
2420 2875 2531 2929 hos
2574 2890 2701 2929 esse
2736 2873 3032 2929 Christum
3085 2878 3332 2928 secutos.
3389 2872 3759 2942 Evangelista

2105 2979 2246 3018 vero
2272 2963 2553 3029 Joannes,
2582 2963 2744 3035 quod
2766 2962 2955 3033 potius
2983 2967 3296 3033 antequam
3326 2960 3657 3016 traderetur
3685 2962 3753 3013 ⁷⁷.

2106 3052 2391 3107 Praeterea
2422 3050 2724 3108 Matthaeus
2739 3050 2945 3106 asserit
2974 3050 3484 3121 simulutrumque
3509 3064 3758 3104 vocasse

2105 3141 2303 3195 Jesum
2340 3156 2353 3206 ;
2386 3141 2645 3195 Joannes
2676 3144 2895 3205 autem,
2955 3139 3120 3210 quod
3170 3139 3467 3193 Andream
3517 3137 3753 3208 quidem

2103 3231 2289 3294 Jesus,
2310 3230 2535 3283 Petrum
2560 3244 2698 3283 vero
2724 3228 2987 3283 Andreas
3012 3228 3329 3283 vocaverit.
3372 3226 3535 3281 Unde
3567 3226 3752 3280 mani-

2105 3318 2318 3373 festum
2351 3316 2613 3372 esthanc
2634 3316 2961 3371 secundam
3004 3315 3182 3370 fuisse
3218 3314 3609 3369 vocationem.
3661 3317 3749 3369 Et-

2105 3407 2262 3463 enim
2288 3422 2425 3461 cum
2455 3422 2589 3461 eum
2612 3405 2794 3461 secuti
2827 3406 3074 3460 fuissent
3100 3409 3233 3460 ante
3278 3405 3523 3459 Joannis
3571 3403 3752 3459 tradi-

2105 3497 2347 3559 tionem,
2381 3511 2614 3550 rursum
2636 3494 2704 3549 ad
2722 3495 2975 3565 patriam
2998 3494 3214 3548 reversi
3246 3498 3405 3560 sunt,
3444 3497 3753 3564 artemque

2103 3583 2361 3655 priorem
2416 3590 2803 3639 exercuerunt
2838 3600 2849 3638 :
2880 3587 3085 3654 utpote
3136 3582 3403 3636 videntes
3462 3584 3754 3637 Joannem

2102 3673 2344 3743 quidem
2408 3672 2689 3727 traditum
2733 3688 2885 3736 esse,
2964 3672 3168 3727 Jesum
3217 3687 3360 3725 vero
3404 3671 3746 3726 secessisse.

2104 3760 2487 3814 Postmodum
2543 3760 2721 3828 igitur
2773 3759 3059 3823 Christus,
3105 3759 3366 3830 primum
3398 3758 3480 3813 eis
3534 3759 3755 3814 factum

2104 3851 2438 3920 ignescens,
2471 3849 2626 3903 venit
2658 3854 2721 3903 ut
2760 3864 3000 3903 rursum
3032 3863 3133 3902 eos
3158 3853 3467 3918 recuperet
3497 3864 3509 3902 :
3553 3848 3755 3917 jubet-

2103 3954 2221 4011 que
2257 3942 2317 3993 ut
2341 3943 2683 4010 sequantur,
2710 3943 2766 3992 et
2790 3952 2897 4009 pro
2928 3936 3152 3991 retibus
3183 3952 3313 4008 quae
3340 3936 3751 4008 possidebant,

2104 4033 2343 4083 sumant
2372 4027 2449 4082 ab
2502 4042 2571 4081 eo
2625 4026 2978 4081 rationalem
3032 4040 3315 4097 sagenam
3352 4030 3451 4079 :et
3476 4025 3532 4079 in
3589 4041 3755 4080 mare

2105 4115 2302 4170 saeculi
2334 4116 2654 4180 mittentes,
2684 4131 2793 4187 pro
2814 4114 3080 4187 piscibus
3108 4114 3383 4169 homines
3402 4114 3660 4185 capiant.
3692 4116 3758 4170 Et

2101 4204 2233 4259 vide
2264 4206 2573 4278 quomodo
2598 4205 2819 4273 statim,
2847 4204 2938 4259 his
2967 4220 3102 4276 quae
3134 4203 3515 4276 possidebant
3538 4202 3753 4259 relictis

2102 4293 2476 4361 obedierunt,
2511 4294 2653 4350 nihil
2694 4294 3168 4364 tergiversantes.
3223 4294 3307 4349 Ita
3354 4308 3572 4363 nempe
3627 4293 3756 4349 vult

2103 4385 2395 4449 Christus,
2431 4389 2492 4438 ut
2539 4384 2729 4439 cuivis
2786 4383 3118 4438 necessitati
3180 4398 3324 4437 suus
3369 4387 3756 4453 praeponatur

2102 4473 2508 4544 discipulatus.
2531 4472 2682 4527 Dixit
2708 4476 2899 4527 autem
2928 4488 2941 4525 :
2984 4472 3182 4527 Venite
3203 4476 3335 4539 post
3370 4485 3480 4535 me,
3512 4469 3627 4525 hoc
3648 4477 3749 4537 est,

2026 4545 2071 4599 D
2103 4561 2427 4633 Sequimini
2457 4576 2569 4616 me.

2176 4654 2403 4705 Fratres
2430 4650 2685 4712 fuerunt,
2722 4651 2821 4721 qui
2872 4649 3135 4720 primum
3163 4662 3198 4701 a
3228 4646 3457 4701 Christo
3503 4646 3753 4704 docente

2102 4740 2480 4796 vocatisunt:
2507 4744 2629 4794 turn
2656 4738 2799 4808 quia
2824 4738 2966 4792 huic
2991 4734 3538 4791 convenitfraterno
3570 4737 3754 4793 modo

2105 4828 2464 4899 gubernare:
2484 4832 2606 4883 tum
2629 4827 2773 4897 quia
2785 4824 3046 4881 fraterno
3058 4823 3236 4879 modo
3260 4838 3463 4894 sapere
3476 4828 3753 4895 oporteat

2103 4933 2207 4991 eos
2237 4917 2341 4989 qui
2366 4916 2446 4973 ab
2470 4915 2602 4988 ipso
2641 4916 2949 4971 docentur.

1612 5220 1839 5292 Variae
1870 5219 2199 5289 lectiones
2248 5228 2314 5288 et
2343 5229 2547 5289 notae.

623 5397 724 5447 Καὶ
756 5395 926 5464 Λόγος
951 5392 977 5444 6
1002 5392 1141 5452 Υἱός.
1192 5397 1253 5446 Α.

622 5466 939 5537 Θηρεύωσιν.
980 5469 1035 5519 Β.

466 5394 582 5538 ἓξὲξ

2142 5389 2281 5462 ’(15)
2326 5388 2562 5447 Inclusa
2590 5389 2651 5445 in
2680 5387 2951 5459 margine
2974 5386 3157 5444 habet
3184 5387 3256 5444 A.

467 5596 572 5664 (ee)
611 5588 1141 5664 Testamento._Vix
1166 5592 1402 5664 putem;
1426 5590 1695 5664 Λιαθήκης
1717 5590 2019 5661 repertum
2045 5601 2180 5643 esse
2210 5586 2288 5644 ab
2330 5585 2614 5645 Hentenio
2638 5584 2700 5641 in
2731 5582 2949 5642 codice.
2984 5582 3179 5639 Malim
3221 5579 3501 5654 equidem
3531 5579 3743 5638 intelli-

398 5659 531 5737 gere
552 5659 835 5733 πολιτείας,
865 5661 1031 5735 quod
1056 5659 1238 5734 paulo
1280 5659 1519 5718 inferius
1556 5660 1789 5733 legitur.
