4206 6310
487 295 589 352 18⁸7

1819 289 2164 347 EUTHYMII
2201 287 2526 346 ZIGABENI

3740 287 3846 343 188

560 420 727 478 Vers.
758 423 846 475 2t.
881 420 962 475 Et
989 435 1337 491 progressus
1365 450 1434 460 —
1464 419 1530 474 ν.
1575 421 1663 474 22.
1707 418 1883 474 Eum.
1917 416 2130 472 Horum

2324 421 2424 470 Καὶ
2453 415 2647 490 προϐὰς
2675 447 2742 458 —-
2773 414 2930 487 αὐτῷ.
2965 415 3101 490 Ὀρα
3145 417 3235 468 καὶ
3276 417 3371 473 τὴν
3407 417 3602 468 τούτων
3638 417 3840 483 πίστιν,

487 525 725 582 quoque
753 509 935 564 ﬁdem
962 509 1208 573 intuere,
1237 524 1360 580 qua
1387 511 1622 580 patrem
1653 507 1832 564 etiam
1859 507 2139 578 despexe-

485 603 642 655 runt.
667 601 915 654 Necesse
947 597 1105 653 enim
1151 601 1237 653 est
1265 597 1612 670 parentibus
1643 611 1886 668 quoque
1916 611 2140 668 praepo-

485 702 626 742 nere
662 687 978 742 Christum.
1014 690 1209 759 Neque
1261 702 1449 758 parva
1476 685 1706 742 virtutis
1737 685 2011 757 ipsorum
2041 685 2140 740 de-

485 776 834 833 monstratio
872 781 980 845 est,
1012 776 1177 848 quod
1217 779 1628 848 paupertatem
1660 775 1812 832 adeo
1842 774 2010 830 facile
2053 779 2141 830 tu-

483 864 676 934 lerint,
709 881 778 921 ac
805 865 1062 936 propriis
1090 865 1370 921 manibus
1404 865 1625 920 victum
1667 864 2030 937 quaesierint,
2085 866 2141 920 et

485 958 686 1011 mutuo
708 953 853 1009 inter
874 969 935 1009 se
963 969 1166 1010 amore
1191 953 1450 1024 colligati
1471 953 1710 1022 fuerint,
1741 956 1971 1026 patrem
1997 968 2138 1026 quo-

484 1059 603 1115 que
629 1058 750 1100 una
779 1058 983 1098 secum
1009 1041 1343 1107 habuerint,
1375 1042 1577 1115 illique
1606 1042 1991 1099 inservierint.
2035 1042 2140 1099 Ve-

484 1131 720 1188 risimile
757 1133 846 1188 est
871 1136 1090 1198 autem,
1132 1131 1370 1188 audisse
1414 1147 1516 1188 eos
1557 1147 1591 1188 a
1621 1132 1786 1188 Petro
1808 1135 1866 1186 et
1880 1131 2134 1196 Andrea,

486 1220 836 1294 promisisse
859 1220 1180 1288 Christum,
1218 1221 1378 1294 quod
1411 1224 1720 1293 sequentes
1753 1235 1836 1287 se,
1868 1219 2141 1277 redderet

485 1308 805 1366 hominum
834 1310 1178 1382 piscatores.

558 1400 718 1455 Vers.
777 1403 865 1454 23.
894 1399 1392 1472 Et—synagogis
1425 1414 1646 1456 eorum.
1700 1400 1764 1455 In
1822 1399 2138 1471 synagogis

486 1504 697 1546 eorum
721 1487 977 1544 docebat
1011 1505 1022 1543 :
1047 1489 1264 1561 partim
1293 1489 1536 1561 quidem
1567 1493 1626 1544 ut
1653 1488 1854 1561 plures
1887 1488 2135 1545 attrahe-

485 1581 587 1642 ret,
612 1579 828 1648 partim
854 1593 991 1633 vero
1012 1593 1087 1634 ne
1109 1578 1247 1650 quis
1293 1577 1487 1634 dicere
1519 1582 1733 1650 posset,
1766 1578 1928 1650 quod
1957 1577 2137 1633 rudes

485 1665 758 1723 clanculo
783 1666 1004 1723 docens
1023 1667 1328 1738 deciperet,
1348 1666 1546 1739 palam
1564 1682 1684 1722 non
1699 1683 1882 1723 ausus
1896 1666 2130 1722 docere.

556 1755 717 1812 Vers.
763 1759 848 1812 23.
887 1757 960 1811 Et
1007 1756 1323 1826 prwdicans
1370 1787 1434 1796 —
1479 1757 1663 1826 regni.
1717 1757 1944 1811 Marcus
1997 1771 2134 1812 vero
2168 1786 2214 1842 Β

484 1845 719 1916 scripsit
752 1866 765 1897 :
790 1845 968 1916 Regni
990 1845 1179 1900 Dei".
1209 1845 1306 1899 Est
1330 1848 1529 1900 autem
1560 1844 1937 1914 Evangelium
1965 1845 2134 1914 regni

484 1934 606 2000 Dei,
640 1936 868 1988 Novum
921 1936 1383 2001 Testamentum,
1437 1937 1636 2004 utpote
1683 1934 1757 1990 de
1805 1949 1989 2004 regno
2032 1934 2134 1990 Dei

483 2022 824 2094 disputans,
857 2026 958 2078 aut
979 2021 1055 2078 ad
1086 2037 1335 2094 regnum
1376 2023 1497 2088 Dei,
1530 2022 1644 2094 ipsi
1672 2022 2018 2080 obedientes
2049 2023 2134 2080 in-

482 2111 728 2166 ducens.

554 2289 718 2345 Vers.
752 2287 840 2344 23.
873 2287 950 2343 Et
979 2318 1046 2328 —
1076 2289 1312 2358 populo.
1369 2292 1541 2352 Νόσος
1569 2290 1814 2362 quidem
1848 2291 1980 2363 (pro
2008 2304 2131 2363 quo

479 2393 592 2435 nos
617 2377 884 2434 morbum
921 2377 1229 2450 vertimus)
1259 2382 1349 2433 est
1376 2379 1606 2437 diutina
1631 2381 1932 2452 perversio
1962 2380 2131 2436 habi-

480 2467 703 2524 tudinis
755 2466 1072 2539 corporis:
1121 2466 1370 2521 Μαλακία
1425 2485 1566 2525 vero
1617 2471 1826 2542 (quam
1868 2469 2131 2526 diximus

478 2556 856 2628 languorem)
908 2555 1273 2628 principium
1331 2562 1423 2615 est
1471 2557 1785 2615 laxationis
1837 2558 2124 2632 corporis.

478 2643 674 2702 morbi
705 2646 1063 2717 praenuntia.
1095 2648 1163 2702 Et
1212 2646 1273 2702 in
1326 2663 1573 2720 corpore
1620 2662 1763 2704 sane
1815 2647 1896 2704 ita
1927 2651 2037 2706 est.
2065 2649 2130 2705 In

479 2735 686 2792 anima
707 2738 906 2790 autem
934 2734 1184 2790 morbus
1208 2737 1449 2806 quidem
1500 2740 1587 2793 est
1638 2737 1865 2808 peccati
1917 2741 2081 2793 actus
2111 2755 2124 2791 :

472 2823 733 2894 languor
755 2839 894 2880 vero
924 2823 1192 2880 inductio
1241 2825 1610 2895 cogitationis
1642 2825 1720 2882 ad
1778 2829 1946 2883 actus
1991 2841 2130 2883 con-

474 2929 732 2970 sensum.

549 3005 705 3060 Vers.
730 3006 818 3058 24.
839 3001 1158 3073 Divulgata
1180 3034 1248 3044 —
1261 3005 1518 3076 Syriam.
1540 3007 1919 3061 Marcusvero
1934 3004 2083 3062 dixit
2111 3022 2123 3062 :

473 3093 683 3149 Exivit
699 3098 891 3150 autem
905 3108 1111 3148 rumor
1123 3093 1196 3149 de
1215 3108 1279 3150 eo
1293 3095 1352 3148 in
1372 3100 1553 3151 totam
1575 3093 1818 3166 undique
1830 3094 2126 3165 regionem

477 3182 746 3240 Galiiww
763 3181 1080 3251 ﬁnitimam
1103 3184 1170 3236 τε.
1193 3183 1381 3240 Lucas
1405 3199 1548 3240 vero
1577 3201 1589 3238 :
1622 3185 1700 3240 Et
1720 3183 2129 3255 egrediebatur

471 3287 649 3328 sonus
677 3271 749 3328 de
771 3287 836 3329 eo
882 3272 947 3328 in
977 3288 1205 3330 omnem
1233 3272 1416 3329 locum
1455 3274 1719 3343 ﬁnitima:
1763 3273 2010 3344 regionis
2056 3274 2124 3330 ⁸ο.

472 3363 696 3417 Rumor
725 3366 925 3418 autem
974 3366 1030 3418 et
1078 3377 1262 3419 sonus
1312 3363 1650 3434 signiﬁcant
1693 3362 1921 3419 famam
1975 3363 2125 3433 ejus.

472 3452 759 3505 Praeterea
787 3465 962 3520 quam
1003 3449 1150 3505 dixit
1185 3450 1489 3507 Matthaeus
1530 3450 1784 3522 Syriam,
1812 3450 1969 3506 hanc
2022 3465 2129 3506 cae-

469 3537 578 3594 teri
629 3536 876 3593 Galilaeae
919 3536 1238 3594 ﬁnitimam
1291 3538 1599 3608 regionem
1661 3538 2124 3610 appellaverunt.

466 3625 802 3682 Dimanavit
831 3628 1033 3682 autem
1062 3627 1137 3683 de
1165 3642 1233 3683 eo
1265 3627 1446 3690 fama,
1479 3628 1640 3700 quod
1705 3628 1845 3686 talia
1891 3627 2131 3687 doceret

469 3714 671 3788 qualia
718 3729 1031 3788 nunquam
1064 3715 1452 3783 audivissent,
1505 3721 1560 3773 et
1607 3717 1773 3790 quod
1820 3733 2126 3777 sermones

467 3803 771 3862 miraculis
823 3805 1226 3872 conﬁrmaret,
1276 3806 1562 3880 quodque
1594 3823 1731 3864 cum
1776 3809 2125 3867 auctoritate

468 3894 709 3952 doceret
745 3910 816 3952 ac
858 3900 1222 3968 operaretur,
1249 3897 1400 3955 sicut
1428 3898 1489 3953 in
1527 3899 1724 3956 Marco
1752 3897 2124 3957 manifestius

465 3983 750 4041 invenies.

540 4072 703 4130 Vers.
739 4075 834 4129 24.
872 4073 948 4128 Et
977 4102 1047 4115 —
1077 4073 1312 4130 sanavit
1339 4089 1448 4129 eos.
1482 4075 1618 4130 Post
1643 4074 1829 4132 verba
1867 4075 1988 4142 illa,
2017 4091 2121 4134 va-

468 4163 575 4220 riis
592 4161 833 4223 morbis.
855 4160 1151 4216 distinctio
1176 4161 1460 4232 ponenda
1481 4165 1588 4218 est.
1622 4163 1899 4220 Tormina
1924 4169 2120 4221 autem

468 4253 644 4306 vocat
669 4247 1020 4304 morborum
1047 4248 1306 4304 dolores.
1339 4248 1607 4306 Lunatici
1655 4265 1798 4306 vero
1850 4255 2122 4309 tenentur

469 4337 779 4396 affectione
798 4341 1211 4408 corruptorum
1233 4337 1578 4394 humorum.
1609 4339 1759 4404 Quia
1787 4340 1946 4395 enim
1978 4341 2123 4400 luna

469 4444 604 4484 cum
639 4426 718 4482 ad
747 4425 992 4498 plenum
1021 4426 1223 4483 lumen
1278 4426 1597 4497 devenerit,
1633 4432 1909 4486 naturam
1937 4429 2122 4489 habet

2251 501 2322 558 δι’
2372 506 2430 564 ἣν
2473 511 2683 558 καὶτοῦ
2738 509 2939 578 Πατρός
2987 507 3392 580 κατεφρόνησαν.
3440 507 3554 578 Χρὴ
3601 505 3699 576 γὰρ
3752 509 3843 556 καὶ

2247 602 2346 647 τῶν
2404 599 2588 666 γονέων
2657 600 2915 670 προτιμᾴν
2985 597 3072 647 τόν
3129 597 3377 667 Χριστόν.
3437 592 3509 644 Οὐ
3570 595 3735 664 μικρὰ
3783 588 3843 646 δε

2250 681 2517 747 ἀπόδειξις
2555 692 2651 746 τῆς
2697 683 2874 758 ἀρετῆς
2922 683 3109 750 αὐτῶν,
3159 685 3216 736 τὸ
3270 686 3445 736 πενίαν
3495 685 3658 756 φέρειν
3699 681 3844 734 εὐκό-

2247 773 2364 839 λως,
2415 778 2504 826 καὶ
2551 777 2608 827 τὸ
2662 773 2762 827 ἀπὸ
2814 782 2912 827 τῶν
2951 774 3148 826 οἰκείων
3195 773 3473 847 τρέφεσθαι
3506 779 3718 844 χειρῶν,
3752 775 3842 824 καὶ

2248 866 2305 915 τό
2357 860 2707 917 συνδεδέσθαι
2772 862 3026 929 ἀλλήλοις,
3083 866 3172 915 καὶ
3226 865 3283 913 τό
3343 863 3428 913 τὸν
3477 864 3683 934 Πατέρα
3727 860 3842 933 μεθ’

2249 952 2439 1006 ἑαυτῶν
2493 955 2632 1025 ἔχειν
2675 957 2765 1006 καὶ
2813 954 3126 1027 θεραπεύειν.
3161 951 3311 1013 Εἰκὸς
3361 948 3439 1016 0‘s,
3489 953 3578 1002 καὶ
3624 951 3841 1013 τούτους

2250 1041 2474 1095 ἀκοῦσαι
2528 1045 2672 1118 παρὰ
2718 1046 2914 1115 Πέτρου
2964 1045 3054 1094 καὶ
3105 1037 3373 1113 Ἀνδρέου,
3436 1041 3517 1094 ὅτι
3577 1039 3840 1112 ὑπέσχετο

2247 1140 2468 1191 ποιῆσαι
2544 1135 2665 1196 τοὺς
2748 1130 3154 1194 ἀκολουθοῦντας
3249 1129 3412 1203 αύτῷ,
3509 1127 3668 1192 ἁλιεῖς
3753 1125 3838 1182 ἀν-

2251 1223 2486 1296 θρώπων.

2320 1405 2420 1453 Καὶ
2466 1431 2532 1441 --
2579 1408 2907 1473 συναγωγαῖς
2963 1400 3151 1455 αὐτῶν.
3216 1407 3487 1474 Περιῆγεν,
3548 1397 3664 1472 (16)
3725 1396 3840 1452 ἀντὶ

2245 1496 2358 1557 τοῦ,
2390 1495 2732 1564 Περιήρχετο.
2760 1489 2840 1542 Ἐν
2888 1498 2999 1550 ταῖς
3048 1497 3371 1561 συναγωγαῖς
3424 1486 3483 1541 δὲ
3538 1484 3790 1541 ἐδίδασκε
3825 1508 3838 1523 ·

2243 1586 2393 1631 τοῦτο
2445 1583 2554 1651 μὲν,
2599 1581 2682 1632 ἵνα
2726 1579 2963 1640 πλείονας
3005 1578 3347 1652 ἐφελκύσηται
3379 1594 3392 1608 ·
3439 1584 3592 1630 τοῦτο
3625 1573 3704 1644 δε,
3757 1579 3839 1630 ἵνα

2244 1664 2432 1740 μηδεὶς
2462 1671 2580 1740 ἔχοι
2617 1668 2799 1740 λέγειν,
2831 1670 2912 1720 ότι
2938 1667 3106 1742 λάθρα
3135 1664 3408 1720 διδάσκων
3437 1669 3551 1727 τοὺς
3599 1665 3833 1738 ἀμαθεῖς,

2245 1755 2476 1828 ἐξαπατᾷ
2503 1761 2730 1823 τούτους,
2759 1761 2830 1830 μὴ
2861 1756 3059 1832 θαρρῶν
3086 1755 3133 1808 ἐν
3171 1756 3356 1814 πλήθει
3396 1751 3430 1808 δ
3436 1752 3492 1808 ιδ
3496 1757 3692 1811 άσκειν.

2317 1852 2418 1900 Καὶ
2460 1851 2740 1920 κηρύσσων
2784 1879 2852 1887 --
2901 1846 3192 1919 βασιλείας.
3233 1845 3292 1896 '0
3350 1841 3408 1897 δὲ
3456 1846 3688 1918 Μάρκος,
3741 1851 3837 1906 τῆς

2243 1933 2518 2008 βασιλείας
2564 1943 2654 1988 τοῦ
2694 1943 2828 1990 Θεοῦ
2867 1934 3104 2009 ἔγραψεν.
3152 1933 3458 2006 Εύαγγελιον
3504 1931 3563 1986 δε
3600 1942 3696 1994 τῆς
3739 1931 3834 2006 βαι

2245 2023 2436 2086 σιλείας
2465 2032 2557 2076 τοῦ
2585 2032 2737 2090 Θεοῦ,
2784 2027 2814 2082 ἡ
2850 2027 3012 2082 Καινὴ
3061 2025 3316 2092 Διαθήκη,
3360 2025 3429 2084 ὡς
3457 2026 3575 2095 περὶ
3616 2031 3708 2083 τῆς
3741 2020 3837 2095 βα-

2245 2113 2440 2176 σιλείας
2468 2121 2559 2165 τοῦ
2589 2121 2722 2166 Θεοῦ
2755 2109 3204 2185 διαλαμϐάνουσα,
3238 2112 3268 2171 ἣ
3317 2114 3386 2173 ὡς
3429 2111 3720 2182 εἰσάγουσα
3765 2111 3836 2174 εἰς

2239 2207 2330 2262 τὴν
2360 2201 2631 2274 βασιλείαν
2660 2210 2752 2255 τοῦ
2784 2208 2916 2255 Θεοῦ
2941 2204 3061 2263 τοὺς
3085 2203 3420 2273 πειθομένους
3449 2199 3602 2272 αὐτῇ.

2313 2295 2412 2344 Καὶ
2439 2322 2507 2331 -
2535 2290 2662 2362 λαῷ.
2713 2294 2885 2352 Νόσος
2914 2295 3004 2363 μέν
3048 2293 3181 2355 ἐστι,
3214 2292 3244 2348 ἡ
3277 2293 3470 2362 χρονία
3519 2292 3833 2364 παρατροπή

2240 2387 2330 2441 τῆς
2380 2387 2472 2433 τοῦ
2523 2386 2762 2452 σώματος
2811 2379 2958 2443 ἕξεως
2991 2397 3002 2408 ·
3037 2378 3269 2452 μαλακία
3309 2375 3386 2448 δὲ,
3429 2377 3574 2452 ἀρχὴ
3627 2383 3837 2449 χαυνω-

2242 2489 2364 2530 σεως
2424 2475 2677 2542 σώματος,
2747 2468 3062 2541 προάγγελος
3125 2471 3304 2524 νόσου.
3365 2465 3500 2519 Ἀλλ’
3554 2467 3690 2518 οὕτω
3745 2469 3835 2539 μεν

2238 2557 2322 2610 ἐπὶ
2377 2564 2635 2631 σώματος.
2685 2559 2799 2612 Ἐπὶ
2857 2553 2915 2610 δὲ
2965 2557 3172 2628 ψυχῆς,
3223 2561 3370 2616 νόσος
3415 2558 3525 2627 μεν,
3575 2555 3834 2630 ἁμαρτίας

2238 2645 2465 2722 ἐνέργεια
2517 2665 2529 2677 ·
2589 2647 2822 2720 μαλακία
2887 2642 2966 2710 δε,
3034 2648 3308 2718 χαύνωσις
3369 2643 3648 2717 λογισμοῦ,
3705 2645 3834 2719 πρὸς

2240 2738 2621 2808 συγκατάθεσιν
2643 2735 2910 2809 ἐνεργείας.

2310 2920 2410 2968 Καὶ
2466 2913 2690 2974 ἀπῆλθεν
2738 2944 2806 2954 -—
2863 2916 3048 2986 Συρίαν
3099 2929 3110 2942 ·
3160 2911 3219 2964 Ὀ
3269 2909 3330 2964 δε
3384 2913 3595 2984 Μάρκος
3649 2909 3780 2963 εἶπεν
3811 2926 3823 2939 ·

2240 3005 2446 3068 Ἐξῆλθε
2496 3001 2554 3057 δε
2609 3006 2639 3061 ἡ
2701 3001 2828 3062 ἀκοὴ
2881 3002 3040 3054 αὑτοῦ
3103 3002 3254 3061 εὐθὺς
3306 3000 3376 3062 εἰς
3429 2999 3548 3058 ὅλην
3601 3003 3692 3058 τὴν
3739 3018 3831 3052 πε-

2235 3099 2468 3170 ρίχωρον
2517 3102 2611 3155 τῆς
2664 3092 2958 3154 Γαλιλαίας.
3007 3091 3066 3143 Ὀ
3122 3087 3181 3143 δὲ
3230 3094 3453 3149 Λουκᾶς·
3507 3093 3607 3142 Καί
3660 3088 3833 3152 ἐξεπο-

2235 3186 2407 3258 ρεύετο
2451 3179 2588 3255 ἦχος
2624 3187 2742 3257 περὶ
2794 3181 2954 3234 αὐτοῦ
3011 3180 3078 3240 εἰς
3129 3180 3299 3232 πάντα
3351 3183 3505 3232 τόπον
3559 3186 3650 3238 τῆς
3690 3197 3830 3250 περι-

2234 3277 2436 3347 χώρουο
2467 3272 2652 3330 Ἀκοὴν
2703 3267 2761 3324 δε
2804 3275 2894 3322 καὶ
2943 3266 3097 3342 ἦχον,
3143 3273 3237 3328 τὴν
3280 3271 3397 3342 περὶ
3449 3266 3607 3320 αὐτοῦ
3654 3272 3830 3340 φήμην

2233 3362 2489 3434 λέγουσιν.
2547 3359 2646 3413 “Hs
2701 3355 2760 3412 δε
2817 3357 2926 3413 εἶπε
2971 3363 3158 3431 Συρίαν
3210 3358 3235 3409 ό
3292 3359 3577 3423 Ματθαῖος,
3633 3358 3831 3414 ταύτην

2237 3448 2376 3504 εἷπον
2435 3453 2484 3504 οἱ
2552 3449 2697 3502 ἄλλοι
2746 3453 3043 3523 περίχωρον
3105 3454 3201 3507 τῆς
3253 3445 3542 3506 Γαλιλαίας
3607 3445 3832 3503 Ἀπῆλθε

2239 3537 2297 3593 δε
2344 3543 2374 3598 ἡ
2437 3543 2554 3612 περὶ
2611 3538 2770 3590 αὐτοῦ
2826 3537 2977 3604 ἀκοὴ,
3038 3533 3175 3590 διότι
3238 3542 3456 3588 τοιαῦτα
3524 3529 3826 3600 ἐδίδασκεν,

2236 3628 2322 3680 οἶα
2365 3625 2613 3680 οὐδέποτε
2648 3631 2899 3693 ἤκουσαν,
2939 3631 3029 3678 καὶ
3076 3626 3155 3677 ὃτι
3202 3627 3323 3686 τοὺς
3365 3623 3548 3695 λόγους
3596 3621 3828 3676 ἐϐεϐαίου

2234 3725 2338 3778 τοῖς
2395 3719 2649 3790 θαύμασι,
2704 3720 2794 3768 καὶ
2845 3717 2922 3768 ὅτι
2972 3713 3374 3777 ἕξουσιαστικῶς
3419 3716 3507 3764 καί
3550 3708 3824 3778 ἐδίδασκε,

2232 3811 2322 3859 καὶ
2374 3805 2803 3879 ἱθαυματούργει,
2859 3806 2928 3866 ὡς
2983 3805 3223 3878 εὑρήσεις
3270 3806 3612 3875 φανερώτερον
3658 3798 3706 3852 ἐν
3754 3808 3827 3872 τῷ

2232 3897 2450 3970 Μάρκῳ.

2304 4083 2403 4133 Καὶ
2454 4111 2522 4121 -
2575 4079 2910 4153 ἐθεράπευσεν
2968 4078 3178 4140 αύτούς,
3223 4078 3368 4130 Μετὰ
3427 4079 3506 4140 τὸ,
3563 4075 3827 4138 ποικίλαις

2229 4171 2422 4233 νόσοις,
2485 4171 2713 4220 στατέον
2777 4165 2992 4218 τελείαν.
3071 4167 3332 4225 Βασάνους
3400 4160 3459 4216 δε
3519 4162 3672 4235 λέγει,
3734 4166 3828 4226 τὰς

2231 4255 2331 4308 ἀπὸ
2387 4262 2487 4307 τῶν
2538 4259 2701 4308 νόσων
2762 4251 2969 4316 ὀδύνας.
3023 4254 3082 4307 Ὀ
3137 4250 3196 4307 δε
3264 4253 3612 4324 σεληνιασμός
3660 4255 3826 4315 πάθος

2231 4342 2373 4396 ἐστὶν
2445 4342 2545 4397 ἀπὸ
2605 4348 2908 4402 σεσηπότων
2983 4351 3170 4416 χυμῶν
3228 4344 3620 4414 συνιστάμενος.
3682 4343 3824 4394 Ἐπεὶ

2227 4436 2328 4509 γὰρ
2358 4433 2476 4504 (17)
2519 4435 2549 4491 ἢ
2598 4431 2806 4500 σελήνη,
2839 4432 3136 4505 πλησιφαὴς
3182 4435 3446 4504 γινομένη,
3481 4433 3636 4503 φύσιν
3689 4433 3821 4501 ἔχει,

470 4531 576 4589 per
605 4514 976 4587 splendorem
1015 4531 1192 4572 suum
1224 4516 1594 4574 attractivam
1625 4517 1972 4587 humorum,
2017 4520 2122 4592 qui

2238 4521 2325 4576 διὰ
2351 4531 2446 4584 τῆς
2489 4521 2676 4575 ἐκεῖθεν
2728 4525 3058 4595 πεμπομένης
3105 4520 3272 4593 αὐγῇς
3331 4519 3581 4591 ἀνασχεῖν
3631 4521 3724 4580 τὰς
3775 4518 3823 4571 ἓν

470 4605 531 4662 in
561 4602 914 4677 corporibus
947 4609 1104 4671 sunt,
1131 4605 1195 4662 ﬁt
1237 4609 1301 4662 ut
1325 4605 1389 4662 hi
1429 4609 1568 4662 tunc
1613 4606 1940 4664 turbentur.
1991 4609 2118 4665 Fre-

470 4709 663 4767 quens
691 4693 908 4750 etenim
938 4709 1010 4751 ac
1034 4709 1253 4766 pravus
1298 4709 1492 4767 vapor
1519 4694 1597 4752 ab
1642 4695 1786 4768 ipsis
1839 4696 2118 4770 elevatus,

471 4783 783 4842 cerebrum
797 4781 1062 4849 dilaniat,
1088 4781 1517 4858 hominemque
1541 4789 1889 4859 contorquet
1924 4802 2120 4854 ;cum-

470 4890 588 4949 que
616 4875 746 4931 huic
777 4889 812 4931 a
862 4873 1008 4932 luna
1054 4875 1372 4946 patiantur,
1425 4874 1674 4933 lunatici
1724 4876 2122 4956 appellantur.

470 4963 690 5020 Verum
716 4979 821 5020 cur
852 4980 885 5019 a
915 4963 1074 5020 nullo
1121 4963 1339 5021 horum
1369 4965 1723 5039 priusquam
1768 4972 2018 5034 curaret,
2045 4967 2120 5026 de

469 5051 587 5108 ﬁde
609 5052 940 5125 requisivit,
983 5053 1500 5126 quemadmodum
1528 5060 1738 5127 postea
1760 5055 1896 5114 fecit
1932 5072 1968 5114 a
1994 5057 2121 5130 plu-

544 5229 591 5265 ⁷⁸
616 5230 789 5287 Marc.
813 5245 851 5295 ι,
883 5231 970 5288 14.
1047 5232 1095 5267 ⁷9
1128 5230 1279 5288 Ibid.
1311 5235 1379 5286 28
1455 5233 1502 5269 8°
1529 5232 1669 5289 Luc.
1701 5249 1774 5298 ιν,
1809 5238 1896 5290 37.

2229 4619 2339 4675 τοῖς
2415 4617 2650 4686 σώμασιν
2735 4614 3046 4687 ὑγρότητας,
3108 4611 3464 4682 ταράσσονται
3536 4615 3824 4668 τηνικαῦτα

2229 4704 2318 4753 καὶ
2375 4700 2535 4768 οὗτοι,
2576 4706 2665 4753 καὶ
2724 4700 2900 4754 λοιπὸν
2955 4698 3008 4762 ἐξ
3062 4698 3229 4752 αὐτῶν
3284 4697 3444 4770 ἀτμὸς
3493 4695 3684 4771 δριμὺς
3733 4701 3822 4749 καὶ

2228 4793 2448 4864 πονηρὸς
2523 4789 2908 4864 ἀναφερόμενος,
2983 4789 3291 4858 σπαράσσει
3359 4791 3446 4840 τὸν
3526 4786 3820 4859 ἐγκέφαλον,

2228 4884 2317 4932 καὶ
2348 4877 2652 4953 διαστρέφει
2679 4883 2765 4931 τόν
2797 4879 3082 4951 ἄνθρωπον.
3117 4880 3258 4930 Διότι
3298 4873 3357 4930 δε
3385 4883 3552 4930 ταῦτα
3580 4894 3825 4948 πασχου-

2231 4989 2313 5021 σιν
2344 4970 2442 5021 ὑπὸ
2477 4968 2712 5034 σελήνης,
2752 4967 2954 5039 λέγεται
2985 4965 3350 5034 σεληνιασμός.
3398 4969 3546 5018 Διατί
3601 4962 3658 5016 δὲ
3693 4979 3820 5038 παρ’

2229 5054 2434 5120 οὐδενὸς
2479 5059 2672 5111 τούτων
2727 5059 2827 5132 πρὸ
2888 5063 2982 5119 τῆς
3043 5057 3314 5128 θεραπείας
3371 5053 3468 5108 ούκ
3535 5053 3824 5115 ἐπεζήτησε

1706 5359 1924 5429 Variae
1961 5359 2293 5430 lectiones
2321 5364 2614 5428 etnotae.

468 5521 944 5650 ιθιξξξζοοηθδίυοτ
969 5522 1164 5597 Priora
1190 5525 1480 5584 Vocabula
1519 5542 1641 5586 non
1670 5529 1942 5600 agnoscit
1967 5529 2117 5586 Hen-

2295 5529 2410 5603 (17)
2450 5531 2511 5584 Δέ
2535 5543 2644 5603 pro
2666 5531 2768 5602 γάρ
2800 5533 2866 5585 Δ.
