4206 6310
333 312 438 368 189

1330 309 1683 367 COMMENT.
1726 308 1795 364 IN
1833 305 2267 366 MATTHIEUM.
2308 340 2377 353 --
2435 312 2590 370 CAP.
2624 313 2690 369 V.

3591 318 3695 374 190

335 442 537 505 πίστιν,
581 440 654 499 ὡς
703 438 848 511 παρὰ
883 435 1082 489 πολλῶν
1111 435 1274 488 ἄλλων
1306 436 1517 511 ὕστερον
1548 455 1560 503 ;
1604 439 1746 488 Διότι
1793 438 1924 488 οὔπα

2045 436 2213 491 ribus
2234 437 2261 492 ?
2290 436 2440 504 Quia
2462 438 2730 494 nondum
2745 440 3125 497 manifest
3144 457 3267 497 sum
3295 442 3570 514 potentiae
3592 442 3690 497 de-

337 537 427 588 τῆς
462 528 647 579 ἑαυτοῦ
680 523 944 597 δυνάμεως
973 522 1242 588 ἀπόδειξιν
1286 534 1421 597 σαφῆ
1460 521 1703 578 δέδωκεν.
1739 524 1934 586 ’Ἄλλως

337 616 449 688 (18)
478 635 530 667 τε
557 612 636 683 δὲ,
671 614 798 666 αὐτὸ
826 622 997 683 τοῦτο,
1032 618 1088 666 τό
1116 618 1385 688 προσιέναι
1423 619 1512 666 καὶ
1540 616 1843 687 προσάγειν,
1876 612 1932 664 οὐ

337 713 428 765 τῆς
452 707 729 775 τυχούσης
758 707 977 763 πίστεως
1008 704 1089 761 ἦν.

410 798 509 846 Καὶ
536 791 900 851 ἠκολούθησαν
930 824 999 833 -—
1047 797 1205 864 πέραν
1243 800 1333 845 τοῦ
1385 789 1664 865 Ἰορδάνου.
1704 796 1802 845 Καὶ
1834 790 1933 844 ἀπο

331 888 425 934 τοῦ
451 886 614 934 τόπου
647 878 881 949 δηλαδὴ,
913 889 1003 935 τοῦ
1028 885 1185 957 πέραν
1215 888 1305 935 τοῦ
1337 878 1623 955 Ἰορδάνου.

657 1085 801 1132 ΚΕΦ.
834 1085 891 1133 Ε.
945 1082 1068 1151 Περὶ
1111 1086 1211 1130 τῶν
1240 1086 1607 1153 μακαρισμῶν.

403 1162 555 1220 Ἰδὼν
587 1198 656 1209 -
684 1172 818 1240 ὅρος·
858 1167 880 1240 [
910 1170 993 1228 Εἰς
1046 1170 1157 1239 (l9)
1208 1172 1325 1242 ὅρος
1372 1167 1564 1229 ἀναϐὰς
1594 1168 1788 1231 ἐξέθετο
1817 1172 1936 1230 τοὺς

328 1260 707 1330 μηαρισμούς
772 1258 797 1308 ό
864 1259 1071 1331 Κύριος,
1145 1253 1417 1309 διδάσκων
1487 1256 1775 1323 κάντεῦθεν,
1855 1259 1931 1311 ὅτι

331 1350 443 1419 χρή
510 1349 596 1397 τόν
667 1352 1008 1420 μακαρισμοῦ
1068 1353 1251 1417 τυχεῖν
1321 1345 1573 1418 ἔφιέμενον
1644 1346 1935 1405 ἀποστῆναι

332 1443 433 1485 τῶν
473 1434 847 1506 χαμαιζήλων,
877 1440 968 1487 καὶ
1021 1438 1147 1506 πρὸς
1194 1438 1257 1487 τὰ
1305 1435 1600 1511 ὑψηλότερα
1646 1455 1933 1509 μετεωρισ-

340 1525 511 1583 θῆναι.
545 1524 561 1594 ]

414 1612 595 1670 Ἀνέϐη
651 1608 710 1663 δὲ
761 1612 872 1683 (20)
924 1612 995 1673 εἰς
1040 1616 1095 1664 τό
1144 1617 1256 1684 ὄρος
1302 1616 1361 1664 τὸ
1407 1612 1647 1679 πλησίον,
1682 1616 1791 1686 ἅμα
1844 1617 1933 1687 μεν

345 1699 580 1753 ἐκκλίνων
631 1705 747 1761 τοὺς
794 1702 843 1752 ἐν
898 1704 1038 1772 μέσῳ
1089 1700 1353 1773 θορύϐους,
1405 1704 1515 1774 οἶμα
1567 1699 1626 1755 δὲ
1681 1708 1769 1755 καὶ
1814 1702 1933 1755 ἀπε-

340 1794 634 1863 ρίσπαστον
690 1794 781 1847 τὴν
841 1786 1195 1842 διδασκαλίαν
1228 1793 1557 1848 ποιήσασθαι
1601 1790 1928 1864 βουλόμενος.
1966 1833 2006 1887 Β

340 1878 547 1935 Μετέϐη
592 1880 690 1951 γὰρ
747 1878 848 1931 ἀπὸ
902 1887 996 1940 τῆς
1062 1881 1334 1950 θεραπείας
1400 1888 1497 1931 τῶν
1553 1882 1801 1953 σωμάτων
1850 1880 1933 1933 ἐπὶ

336 1972 433 2025 τὴν
475 1966 700 2041 ἰατρείαν
733 1975 829 2018 τῶν
858 1968 1069 2039 ψυχῶν.
1105 1969 1255 2020 Οὕτω
1307 1972 1409 2041 γὰρ
1455 1968 1534 2021 ἀεὶ
1564 1978 1725 2021 ποιῶν
1771 1967 1932 2021 διετέ-

334 2055 428 2118 λει,
487 2054 806 2127 μεταϐαίνων
858 2056 943 2108 ἀπ’
997 2055 1187 2117 ἐκείνης
1244 2056 1324 2109 ἐπὶ
1377 2060 1591 2123 ταύτην,
1638 2064 1727 2110 καὶ
1781 2058 1932 2120 αὖθις

336 2144 437 2197 ἀπὸ
483 2146 676 2205 ταύτης
733 2143 813 2196 ἐπ’
872 2144 1086 2210 ἐκείνην,
1145 2150 1234 2199 καὶ
1290 2146 1529 2204 ποικίλην
1579 2151 1930 2219 παρεχόμενος

330 2238 423 2291 τὴν
452 2232 710 2305 ὠφέλειαν.

405 2327 506 2374 Καὶ
563 2323 875 2383 καθίσαντος
929 2352 993 2362 -
1061 2323 1244 2378 αὐτοῦ.
1305 2322 1620 2382 Συνανῆλθον
1685 2326 1773 2396 μὲν
1840 2328 1928 2376 καὶ

326 2412 376 2461 οἰ
420 2408 593 2480 ὄχλοι,
639 2410 935 2481 προσῆλθον
994 2408 1051 2463 δῖε
1104 2413 1152 2462 οἱ
1208 2414 1460 2483 μαθηταί,
1518 2416 1581 2472 ως
1622 2412 1927 2486 οἰκειότερον

329 2498 470 2569 αὐτῷ
537 2494 854 2570 διακείμενοι
900 2538 918 2569 ,
974 2498 1199 2560 θέλοντες
1276 2496 1609 2572 διδαχθῆναί
1682 2521 1733 2553 τι
1804 2501 1925 2575 παρ’

332 2588 511 2642 αὐτοῦ.

406 2680 504 2728 Καὶ
560 2673 768 2738 ἀνοίξας
819 2705 887 2718 -
935 2672 1215 2729 ἐδίδασκεν
1286 2677 1495 2739 αὐτούς.
1546 2682 1693 2739 Τίνος
1764 2681 1923 2731 ἕνεκεν

329 2760 484 2828 εἶπεν,
532 2766 614 2816 ὅτι
661 2770 751 2817 καὶ
817 2763 1019 2827 ἀνοίξας
1060 2768 1115 2817 τὸ
1173 2769 1344 2837 στόμα
1398 2767 1557 2818 αὐτοῦ
1590 2784 1603 2833 ;
1638 2771 1779 2819 Διότι
1835 2771 1924 2819 καὶ

321 2858 396 2925 μὴ
430 2852 648 2924 ἀνοιγων
702 2854 827 2905 αὖτό
886 2850 1165 2906 ἐδίδασκεν
1217 2855 1425 2921 αὐτοῦς,
1455 2854 1538 2926 ἀφ’
1570 2856 1636 2905 ὧν
1686 2858 1921 2929 ἔπραττε.

322 2945 466 3015 Πρός
511 2945 601 3013 μεν
650 2938 737 2993 οὖν
787 2946 909 3003 τοὺς
955 2945 1195 3014 μαθητὰς
1246 2943 1495 2996 ἀποτείνει
1552 2948 1670 3005 τοὺς
1717 2944 1917 3015 λόγους,

327 3032 412 3081 ἶνα
461 3028 763 3102 ἀνεπαχθὴς
808 3027 934 3103 δόξῃ
986 3038 1089 3091 τοῖς
1138 3031 1337 3102 ὄχλοις,
1383 3036 1579 3093 κοινοὺς
1633 3030 1692 3085 δὲ
1736 3035 1921 3095 αὐτοὺς

324 3126 554 3171 ποιεῖται
624 3122 755 3193 πρὸς
810 3122 1008 3181 πάντας
1062 3118 1363 3194 ἀνθρώπους
1436 3127 1524 3174 καὶ
1590 3122 1916 3185 καθολικούς.

2044 527 2538 582 monstrationem
2570 528 2809 585 dederat
2838 552 2848 583 :
2900 531 3137 602 alioque
3168 531 3352 587 modo
3380 532 3539 588 idem
3557 548 3691 605 pro-

2043 614 2261 671 ducere
2290 620 2344 672 et
2367 616 2651 673 adhibere
2704 622 2951 690 poterat,
2986 619 3100 675 ﬁde
3143 622 3314 677 etiam
3374 638 3496 678 non
3528 638 3690 679 acce-

2046 705 2240 761 dente.

2116 794 2281 850 Vers.
2317 797 2403 850 25.
2446 795 2513 849 Et
2548 802 2759 851 secutae
2811 826 2877 835 —
2933 802 3090 851 trans
3144 798 3464 855 Jordanem
3532 799 3689 858 sitis.

2046 887 2210 957 Πέραν
2237 891 2327 936 τοῦ
2361 882 2647 959 Ἰορδάνου,
2685 886 2865 941 etiam
2898 886 3168 943 videlicet
3205 904 3241 945 a
3286 890 3528 959 regione
3554 906 3691 961 quas

2044 972 2155 1030 sita
2185 977 2310 1031 erat
2336 977 2498 1031 trans
2536 974 2879 1031 Jordanem.

2460 1065 2607 1119 CAP.
2642 1066 2711 1119 V.
2743 1066 2831 1121 De
2862 1064 3298 1123 beatitudinibus

2114 1152 2264 1224 Cap.
2304 1153 2368 1218 V,
2400 1168 2558 1210 vers.
2604 1158 2650 1208 1.
2701 1156 2847 1211 Cum
2892 1154 3119 1212 vidisset
3150 1186 3219 1196 —
3251 1161 3528 1212 montem.
3562 1158 3603 1227 -χ-
3628 1159 3691 1213 In

2045 1246 2248 1297 monte
2278 1240 2676 1297 beatitudines
2707 1244 2975 1315 exposuit
3007 1244 3317 1315 Dominus,
3371 1247 3593 1300 docens
3618 1261 3691 1301 ex

2041 1330 2157 1386 hoc
2185 1335 2459 1401 oportere
2485 1331 2825 1402 cupientem
2853 1332 3141 1403 attingere
3172 1333 3622 1401 beatitudinem,
3655 1350 3693 1391 a

2042 1419 2338 1490 depressis
2382 1419 2551 1476 humi
2603 1420 2784 1477 rebus
2832 1422 3121 1492 abstrahi,
3182 1426 3238 1479 et
3275 1424 3354 1481 ad
3411 1422 3692 1481 sublimia

2043 1507 2279 1565 elevari.

2114 1600 2175 1651 In
2211 1601 2477 1653 montem
2509 1599 2843 1669 proximum
2878 1600 3165 1666 ascendit,
3214 1601 3393 1657 simul
3443 1601 3692 1673 quidem

2043 1686 2354 1755 tumultus,
2386 1687 2489 1759 qui
2511 1688 2573 1742 in
2602 1688 2723 1744 imo
2745 1692 2911 1745 erant
2936 1689 3239 1746 declinans
3263 1707 3276 1755 ;
3302 1690 3479 1745 simul
3510 1691 3687 1746 etiam

2042 1775 2270 1847 absque
2303 1774 2425 1831 ulla
2454 1775 2833 1833 distractione
2876 1778 3086 1833 docere
3139 1779 3408 1850 cupiens.
3461 1779 3691 1835 Transit

2042 1865 2201 1920 enim
2234 1880 2269 1919 a
2299 1879 2441 1919 cura
2466 1880 2781 1935 corporum
2814 1866 2883 1921 ad
2909 1882 3117 1922 curam
3149 1867 3513 1923 animarum.
3539 1871 3689 1923 Nam

2041 1952 2122 2008 ita
2152 1966 2381 2023 semper
2402 1951 2480 2007 ab
2514 1951 2613 2008 illa
2644 1953 2849 2008 transit
2880 1953 2958 2009 ad
2983 1953 3175 2018 istam,
3226 1958 3283 2010 et
3340 1970 3550 2010 rursus
3611 1954 3689 2010 ab

2039 2041 2153 2099 hac
2182 2041 2257 2097 ad
2282 2040 2466 2109 illam,
2495 2044 2560 2096 ut
2606 2041 2831 2097 variam
2863 2046 3100 2113 praestet
3131 2043 3453 2099 utilitatem.

2109 2221 2271 2275 Vers.
2299 2221 2348 2274 1.
2381 2222 2644 2292 Cumque
2666 2220 2899 2277 sedisset
2916 2252 2985 2261 —
3010 2222 3219 2291 ipsius.
3237 2221 3422 2277 Simul
3443 2221 3687 2293 quidem

2037 2309 2226 2365 turbas
2259 2309 2675 2373 ascenderunt,
2720 2310 2998 2382 discipuli
3038 2316 3235 2367 autem
3288 2316 3685 2375 accesserunt,

2038 2402 2325 2470 tanquam
2343 2397 2695 2454 familiarius
2714 2414 2858 2468 erga
2894 2415 3028 2455 eum
3062 2399 3351 2465 affecti,et
3378 2399 3685 2471 quippiam

2035 2488 2113 2543 ad
2144 2503 2214 2544 eo
2245 2486 2466 2544 discere
2497 2487 2826 2559 cupientes.

2106 2665 2265 2722 Vers.
2300 2668 2352 2721 2.
2389 2668 2463 2723 Et
2492 2674 2697 2737 aperto
2719 2697 2785 2707 —
2810 2667 3049 2724 docebat
3071 2680 3184 2723 eos.
3216 2667 3402 2732 Quam
3427 2666 3507 2723 ob
3537 2681 3682 2723 cau-

2034 2772 2165 2812 sam
2190 2756 2349 2822 dicit,
2382 2758 2535 2828 quod
2568 2773 2633 2811 os
2664 2772 2838 2813 suum
2862 2756 3093 2828 aperuit
3114 2758 3142 2813 ?
3174 2756 3322 2821 Quia
3351 2755 3531 2811 etiam
3556 2771 3681 2812 non

2033 2851 2239 2917 aperto
2264 2862 2363 2902 ore
2381 2846 2634 2902 docebat
2651 2862 2753 2903 eos
2766 2845 3077 2917 operibus.
3109 2845 3196 2900 Ad
3217 2845 3541 2917 discipulos
3554 2846 3681 2917 qui-

2032 2935 2169 2991 dem
2210 2935 2409 3005 dirigit
2433 2951 2792 2999 sermonem,
2827 2950 2902 2991 ne
2929 2935 3116 2991 turbis
3141 2935 3425 2991 molestus
3442 2950 3577 2990 esse
3600 2934 3681 2990 vi-

2031 3025 2261 3090 deatur,
2294 3024 2694 3081 communiter
2733 3030 2931 3081 tamen
2958 3024 3119 3080 illum
3150 3024 3426 3097 proponit
3446 3024 3518 3081 ad
3551 3023 3679 3080 uni-

2032 3130 2234 3171 versos
2255 3130 2324 3170 ac
2356 3115 2623 3185 singulos
2644 3115 2937 3170 homines.

397 3212 577 3278 Λέγων
630 3238 698 3247 -
755 3207 1001 3282 οὐρανῶν.
1058 3209 1168 3260 Οὐκ
1225 3210 1375 3276 εἶπεν,
1431 3212 1480 3262 οἱ
1538 3216 1741 3282 πτωχοὶ
1814 3219 1919 3273 τοῖς

2098 3204 2262 3259 Vers.
2301 3209 2351 3259 3.
2387 3184 2682 3260 Direns—
2712 3205 3013 3260 caelorum.
3039 3206 3167 3259 Non
3194 3203 3357 3269 dixit,
3383 3218 3679 3276 pauperes

324 3302 624 3369 χρήμασιν,
657 3294 765 3347 ἀλλ’
794 3297 844 3348 οἰ
890 3302 1099 3368 πτωχοὶ
1148 3306 1219 3367 τῷ
1249 3301 1503 3370 πνεύματι
1537 3316 1548 3329 ·
1581 3304 1847 3352 τουτέστιν
1871 3303 1921 3353 οἱ

326 3390 557 3437 ταπεινοὶ
594 3392 656 3456 τῇ
700 3385 814 3457 (21)
842 3390 1141 3459 προαιρέσει
1188 3391 1277 3438 καὶ
1324 3395 1386 3459 τῇ
1420 3387 1597 3459 ψυχῇ,
1629 3396 1795 3440 ταῦτα
1832 3396 1919 3440 νῦν

326 3480 525 3541 πνεῦμα
574 3475 854 3545 ὀνομάσας.
913 3474 987 3525 Οὐ
1037 3478 1138 3547 γὰρ
1193 3476 1218 3526 ό
1270 3474 1324 3527 ἐκ
1380 3480 1736 3547 περιστάσεως
1787 3497 1920 3537 τινος

324 3565 586 3626 ταπεινὸς,
640 3562 782 3621 οὗτος
827 3566 1169 3636 μακαριστός,
1218 3560 1356 3616 διότι
1407 3561 1557 3617 οὐδὲν
1610 3574 1709 3617 τῶν
1763 3565 1919 3639 ἀπρο-

322 3654 539 3723 αιρέτων
597 3656 940 3722 μακαριστόν.
997 3658 1151 3704 Πᾶσα
1200 3654 1300 3725 γαρ
1358 3651 1508 3727 ἁρετὴ
1563 3662 1635 3723 τῷ
1696 3654 1920 3725 ἑκουσίῳ

325 3739 800 3813 χαρακτηρίζεται.
848 3742 1069 3810 Πτωχόν
1126 3738 1183 3791 ὸὲ
1234 3740 1475 3809 ἐνταῦθα,
1518 3745 1603 3793 τὸν
1659 3746 1917 3812 ταπεινὸν,

328 3827 559 3881 ἐκάλεσεν
638 3826 737 3879 ἀπὸ
808 3835 901 3879 τοῦ
976 3833 1381 3900 κατεπτηχέναι,
1446 3832 1473 3881 ὅ
1524 3829 1636 3882 ἐστι
1689 3830 1918 3901 πεφοϐῆ-

332 3918 472 3970 σθαι.
523 3916 581 3969 Ὀ
628 3919 734 3991 ’γὰρ
787 3921 1134 3990 ταπεινόφρων
1191 3916 1268 3970 ἀεὶ
1329 3918 1559 3990 φοϐεῖται
1612 3923 1698 3972 τόν
1768 3923 1916 3987 Θεὸν,

329 4008 395 4066 ὡς
440 4002 705 4077 μηδέποτε
754 4005 1108 4080 εὐαρεστήσας
1158 4006 1317 4076 αὐτῷ.
1370 4012 1552 4060 Σκόπει
1609 4005 1687 4075 δὲ,
1744 4010 1917 4062 ὁποῖον

328 4094 553 4167 θεμέλιον
608 4104 705 4156 τῆς
758 4090 1111 4155 διδασκαλίας
1161 4095 1484 4150 κατεϐάλετο.
1536 4097 1677 4150 Ἐπεῐ
1727 4100 1828 4171 ’γὰρ
1883 4101 1912 4156 ἠ

325 4185 729 4258 ὑψηλοφροσύνη
789 4188 874 4235 τόν
944 4202 998 4236 τε
1056 4180 1297 4235 διάϐολον
1363 4184 1627 4254 κατέϐαλε,
1683 4192 1772 4239 καὶ
1830 4192 1916 4239 τόν

321 4273 726 4348 πρωτόπλαστον
764 4270 1010 4338 ἐξέϐαλεν,
1057 4272 1295 4329 οἰηθέντα
1346 4278 1475 4327 Θεὸν
1522 4277 1735 4328 ἔσεσθαι
1786 4280 1917 4348 μετὰ

318 4369 413 4422 τὴν
456 4370 547 4414 του
603 4361 753 4423 ξύλου
788 4360 1009 4434 βρῶσιν,
1040 4366 1128 4412 καὶ
1176 4362 1301 4435 ῥίζα
1346 4367 1435 4414 καὶ
1483 4368 1626 4435 πηγὴ
1678 4374 1779 4416 τῶν
1816 4385 1913 4417 κα-

318 4462 420 4504 κῶν
480 4450 718 4504 ἁπάντων
771 4454 972 4521 ⁴γέγονεν
1024 4450 1181 4517 αὕτη,
1236 4450 1510 4503 ἀντίπαλον
1568 4453 1697 4525 αὐτῇ
1759 4473 1916 4506 κατα-

2031 3293 2528 3363 possessionibus,
2549 3293 2651 3348 sed
2667 3295 2951 3364 Pauperes
2962 3292 3199 3361 spiritu,
3214 3292 3327 3348 hoc
3341 3297 3447 3357 est,
3486 3292 3679 3348 humi-

2028 3382 2113 3438 les
2141 3382 2345 3439 animo
2379 3398 2454 3443 ac
2492 3381 2796 3438 voluntate
2826 3399 2839 3448 ;
2872 3382 3142 3438 animum
3168 3397 3425 3453 namque
3454 3389 3674 3454 πνεῦμα,

2028 3471 2089 3527 id
2120 3481 2229 3537 est,
2257 3472 2533 3539 spiritum
2561 3471 2903 3526 nominavit.
2933 3472 3137 3541 Neque
3179 3469 3339 3525 enim
3364 3469 3470 3542 qui
3499 3470 3678 3525 infor-

2031 3561 2194 3617 tunio
2220 3560 2434 3633 quovis
2461 3559 2829 3625 humiliatur,
2861 3559 2956 3614 hic
2985 3559 3193 3615 beatus
3231 3564 3337 3623 est,
3363 3559 3508 3631 quia
3533 3559 3677 3615 nihil

2027 3649 2193 3719 quod
2222 3649 2691 3705 involuntarium
2744 3652 2855 3713 est,
2900 3648 3216 3704 beatiﬁcat.
3280 3650 3484 3704 Omnis
3515 3649 3676 3704 enim

2025 3738 2212 3793 virtus
2242 3753 2346 3810 per
2372 3738 2430 3793 id
2461 3739 2626 3810 quod
2651 3738 3048 3794 voluntarium
3078 3743 3184 3801 est,
3216 3737 3675 3809 imprimiturM‘)

2027 3829 2362 3901 Pauperem
2392 3833 2591 3884 autem
2619 3826 2715 3882 hic
2747 3826 2981 3883 vocavit
3013 3826 3212 3881 animo
3242 3826 3521 3881 humilem
3547 3842 3560 3891 ;
3609 3830 3676 3881 ut

2032 3924 2266 3993 πτωχὸς,
2310 3918 2369 3974 id
2395 3922 2504 3981 est,
2542 3931 2792 3988 pauper,
2826 3914 3061 3971 dicatur
3110 3913 3211 3967 ἀπὸ
3267 3922 3360 3966 τοῦ
3412 3934 3676 3973 πατεπτη-

2028 4016 2201 4084 χέναι,
2230 4007 2396 4080 quod
2420 4009 2508 4061 est
2561 4005 2815 4060 timuisse
2846 4003 2971 4059 sive
3011 4003 3283 4060 territum
3317 4018 3453 4060 esse.
3486 4003 3675 4075 Siqui-

2027 4101 2166 4157 dem
2196 4096 2438 4154 humilis
2470 4097 2571 4151 aut
2596 4094 2895 4149 modestus
2944 4092 3169 4159 animo,
3198 4095 3384 4148 Deum
3438 4107 3676 4164 semper

2028 4190 2209 4255 timet,
2244 4191 2529 4259 tanquam
2548 4182 2649 4255 qui
2669 4182 2818 4238 nihil
2839 4182 3289 4254 unquamjuxta
3314 4181 3472 4238 illius
3498 4182 3674 4239 bene-

2026 4278 2305 4351 placitum
2329 4272 2636 4348 peregerit.
2664 4271 2985 4328 Considera
3014 4286 3171 4341 vero,
3227 4271 3399 4343 quale
3461 4271 3675 4329 funda-

2024 4370 2295 4422 mentum
2310 4364 2593 4419 doctrinaz
2610 4378 2731 4417 suae
2746 4361 3109 4418 substernat.
3134 4360 3281 4421 Quia
3295 4360 3454 4414 enim
3470 4374 3672 4429 super-

2023 4455 2127 4511 bia
2152 4452 2466 4509 daibolum
2488 4449 2703 4521 dejecit
2728 4470 2741 4517 ;
2771 4466 2840 4506 ac
2876 4449 3330 4521 protoplastum,
3363 4452 3673 4520 putantem

323 4540 568 4601 σκευάζει
615 4541 903 4613 φάρμακον,
940 4543 1033 4597 τὴν
1075 4542 1569 4613 ταπεινοφροσύνην,
1620 4546 1709 4593 καὶ
1762 4544 1915 4616 ῥίζαν

2039 4543 2187 4615 ιιιοά
2216 4545 2531 4614 postquam
2570 4540 2644 4596 de
2673 4540 2836 4611 ligno
2876 4538 3250 4604 comedisset,
3288 4540 3439 4593 Deus
3487 4536 3669 4602 ﬁeret,

320 4633 517 4688 ταύτην
588 4633 677 4680 καὶ
748 4625 986 4700 κρηπῖδα
1040 4636 1138 4679 τῶν
1212 4630 1402 4703 ἀρετῶν
1468 4631 1798 4696 ὑποτίθησιν,
1852 4633 1916 4694 ἧς

319 4720 753 4778 ὑποσπασθείσης
792 4717 995 4769 ἅπαντα
1024 4716 1204 4781 τᾶλλα,
1253 4721 1343 4769 καὶ
1388 4716 1429 4769 εἰ
1471 4721 1633 4791 μέχρι
1686 4726 1775 4770 τοῦ
1831 4721 1916 4772 οὐ·

312 4814 474 4878 ρανοῦ
518 4808 818 4878 φθάνουσιν,
852 4807 1201 4880 ὑποσύρονται
1246 4810 1335 4858 καὶ
1374 4812 1811 4875 καταπίπτουσιν,
1846 4810 1914 4871 ὡς

312 4892 399 4947 ἐπὶ
424 4902 515 4947 τοῦ
548 4899 835 4968 Φαρισαίου
846 4934 857 4946 .

2024 4631 2306 4687 continuo
2328 4629 2645 4702 prostravit
2664 4645 2677 4695 ;
2696 4628 2990 4701 radixque
3010 4627 3207 4684 etfons
3221 4626 3490 4682 omnium
3516 4624 3672 4681 facta

2023 4724 2110 4777 est
2135 4720 2431 4776 malorum
2465 4735 2478 4786 ;
2514 4716 2881 4773 contrarium
2925 4716 3036 4787 ipsi
3074 4720 3366 4787 prmparat
3395 4714 3672 4786 pharma-

2022 4826 2193 4875 cum,
2215 4808 2401 4865 animi
2424 4806 2699 4863 videlicet
2724 4804 3107 4871 modestiam,
3138 4807 3195 4859 et
3217 4802 3375 4860 hanc
3404 4802 3670 4859 radicem

2023 4915 2093 4955 ac
2122 4899 2586 4954 fundamentum
2612 4894 2896 4950 substruit
2915 4894 3199 4948 virtutum
3225 4908 3239 4958 ;
3262 4906 3386 4965 quo
3414 4891 3664 4961 dejecto,

308 4983 538 5055 reliqua
566 4983 773 5040 omnia
796 4983 976 5040 etiam
1013 4982 1060 5039 si
1086 4982 1165 5039 ad
1204 4982 1420 5039 coelum
1453 4999 1649 5055 usque
1676 4986 2038 5057 pertingant,
2056 4986 2547 5053 detrahunturac
2569 4982 2871 5048 decidunt,
2890 4980 3406 5055 quemadmodum
3432 4980 3494 5037 in
3518 4979 3671 5037 Pha-

308 5072 485 5129 risaao
513 5080 821 5129 ostensum
842 5077 947 5129 est.

1532 5197 1754 5267 Variae
1784 5197 2113 5270 lectiones
2139 5210 2202 5267 et
2242 5207 2444 5268 notae.

384 5340 495 5483 £18)
538 5343 595 5395 In
624 5338 718 5394 his
744 5354 990 5412 prorsus
1020 5339 1301 5420 abhorret
1330 5338 1518 5396 versio
1547 5339 1834 5398 Hentenii.

412 5411 501 5479 19)
545 5410 783 5468 Inclusa
816 5412 874 5467 in
903 5427 1172 5483 margine
1196 5411 1376 5469 habet
1400 5416 1466 5467 A.

412 5411 501 5479 19)
545 5410 783 5468 Inclusa
816 5412 874 5467 in
903 5411 1172 5483 margine
1196 5411 1376 5469 habet
1400 5416 1466 5467 A.

2113 5342 2203 5399 20)
2234 5347 2294 5395 At
2324 5341 2493 5398 abest
2519 5341 2592 5399 A.
3230 5374 3235 5379 ο

2113 5346 2182 5398 20
2234 5347 2294 5395 At
2324 5342 2493 5398 abest
2519 5342 2592 5399 A.

2090 5342 2203 5487 ίὲίξ
2227 5421 2300 5486 Τῇ
2335 5412 2489 5486 ψυχῇ
2522 5433 2610 5466 και
2648 5411 2709 5485 τῇ
2743 5414 3045 5487 προαιρέσει
3073 5412 3140 5466 Α.

384 5589 465 5663 (θ’)
495 5586 886 5661 Imprimitur.
912 5589 1205 5656 Noscitur,
1242 5589 1530 5660 signatur.
1561 5587 1924 5666 Χαρακηριζε

2039 5595 2228 5649 notum
2250 5591 2340 5649 rei
2366 5590 2719 5665 imprimere,
2750 5589 3008 5661 signare.
