4206 6310
530 320 629 377 191
1845 313 2196 372 EUTHYMII
2238 311 2570 371 ZIGABENI

3777 317 3882 374 192

598 447 816 518 Aptum
844 461 1087 519 quoque
1115 443 1437 518 praemium
1456 443 1595 500 huic
1623 441 1963 515 rependitur
1991 460 2003 498 :
2063 456 2157 514 prt

2358 441 2688 499 Κατάλληλον
2721 437 2801 507 δὲ,
2858 446 2947 495 καὶ
2994 445 3053 495 τὸ
3100 445 3292 504 ταύτης
3329 443 3566 497 ἔπαθλον.
3601 444 3742 498 Ἀντὶ
3777 447 3880 521 γὰρ

524 541 790 592 extrema
847 535 1120 591 videlicet
1171 534 1506 604 abjectione
1551 548 1826 588 summus
1874 531 2089 601 honor,
2118 534 2175 586 et

522 640 640 696 quo
664 624 862 680 nullus
893 624 1087 695 major
1117 622 1354 696 reperiri
1385 627 1600 696 potest.
1639 622 1748 676 Per
1781 621 2029 676 modum
2065 636 2172 676 au-

518 720 635 771 tem
669 714 1107 770 beatitudinum
1139 717 1440 786 praecepta
1486 713 1614 768 haec
1640 711 1888 779 induxit,
1922 709 2168 766 invidio-

516 820 651 859 sum
680 803 950 860 devitans
978 817 1339 858 sermonem.
1396 800 1718 873 Oportebat
1761 799 1922 855 enim
1980 803 2043 855 ut
2108 799 2170 854 in

513 892 805 964 principio
829 897 1138 947 mansuete
1161 908 1287 946 cum
1323 890 1408 946 eis
1440 891 1803 963 loqueretur,
1834 893 1891 945 et
1915 888 1998 944 ita
2023 903 2166 960 pau-

519 980 686 1036 latim
718 979 795 1036 ad
827 979 1283 1052 praecipiendum
1314 978 1641 1034 deveniret.

587 1071 780 1133 Quam
807 1069 884 1126 ob
911 1083 1156 1124 causam
1214 1067 1365 1122 dixit
1420 1082 1731 1139 pauperes,
1787 1072 1841 1121 et
1893 1081 2015 1121 non
2061 1065 2170 1121 hu-

517 1157 690 1214 miles
717 1156 746 1210 ?
777 1156 925 1222 Quia
953 1171 1280 1229 pauperem
1306 1173 1438 1212 esse
1459 1157 1594 1228 plus
1622 1161 1730 1221 est,
1761 1171 1947 1228 quam
1974 1155 2170 1210 humi-

515 1246 636 1302 lem
663 1261 811 1301 esse.
847 1247 993 1302 Sunt
1023 1246 1183 1302 enim
1215 1246 1364 1302 varii
1419 1245 1769 1302 humilitatis
1835 1244 1997 1300 modi
2027 1263 2039 1302 :
2071 1243 2168 1299 hic

516 1334 764 1406 quidem
805 1334 1174 1390 mediocriter
1204 1335 1407 1391 animo
1435 1335 1740 1390 modestus
1773 1336 1883 1397 est,
1909 1332 2005 1388 ille
2025 1347 2169 1388 vero

517 1439 654 1479 cum
686 1423 1028 1479 excellentia
1062 1441 1074 1491 ;
1117 1439 1296 1496 quam
1341 1421 1731 1479 humilitatem
1764 1422 1942 1478 etiam
1987 1421 2166 1476 David

516 1513 921 1578 commendat,
955 1512 1195 1567 dicens:
1229 1514 1340 1569 Cor
1369 1512 1680 1568 contritum
1711 1518 1766 1568 et
1786 1511 2166 1568 humiliatum

515 1602 672 1657 Deus
695 1617 809 1657 non
834 1603 1113 1671 despicies
1143 1603 1212 1655 εί.

573 1690 738 1746 Vers.
763 1693 816 1746 4.
846 1692 1020 1748 Beati
1048 1721 1118 1732 -
1155 1691 1609 1748 consolationem
1667 1691 1976 1759 accipient.
2013 1688 2165 1756 Quia

2282 540 2374 592 τῆς
2408 533 2573 604 ἄκρας
2622 529 2851 605 ἀτιμίας,
2883 533 3021 605 ἄκρα
3071 537 3197 604 τιμὴ
3243 538 3330 586 καὶ
3385 532 3477 586 οῦκ
3530 536 3670 586 ἔστιν
3718 535 3880 608 εὑρεῖν

2283 619 2531 676 ἐπέκεινα.
2556 620 2640 673 Ἐν
2672 620 2815 684 τάξει
2845 617 2904 673 δὲ
2947 629 3286 695 μακαρισμοῦ
3341 625 3430 684 τὰς
3461 620 3664 685 ἐντολὰς
3688 626 3881 685 ταύτας

2283 709 2575 780 εἰσήγαγεν,
2639 708 3085 783 ἀνεπαχθέστερον
3142 714 3226 764 τὸν
3282 711 3428 784 λόγον
3483 721 3663 768 ποιῶν.
3729 709 3880 766 Ἔδει

2279 802 2381 874 γὰρ
2426 798 2476 850 ἐν
2529 797 2672 872 ἀρχῇ
2720 809 2999 874 πραότερον
3043 800 3217 861 αὐτοῖς
3265 801 3536 872 ὁμιλῆσαι,
3582 806 3672 855 καὶ
3715 802 3880 865 οὕτως

2280 889 2451 962 ἠρέμα
2471 887 2765 963 προϐαίνειν
2793 889 2858 950 εἰς
2891 892 2946 942 τὸ
2970 887 3271 942 ἐπιτάττειν.

2350 1067 2499 1127 Τίνος
2553 1085 2712 1119 ενεκεν
2919 1067 3014 1119 ούκ
3060 1064 3214 1133 εἶπεν,
3252 1070 3318 1120 Oi
3364 1071 3614 1134 ταπεινοὶ,
3658 1065 3767 1120 ἀλλ’
3811 1068 3878 1122 Οἱ

2279 1158 2488 1226 πτωχοί
2521 1171 2534 1222 ;
2575 1154 2694 1208 Ὀτι
2729 1163 2881 1209 τοῦτο
2928 1154 3118 1209 ἐκείνου
3170 1156 3338 1212 πλέον.
3393 1162 3493 1210 Καὶ
3548 1160 3649 1232 γὰρ
3702 1157 3878 1210 πολλοὶ

2279 1250 2376 1304 τῆς
2416 1248 2880 1318 ταπεινοφροσύνης
2926 1247 2976 1298 οἱ
3022 1249 3224 1320 τρόποι.
3279 1251 3379 1299 Καὶ
3413 1247 3439 1297 6
3481 1249 3572 1318 μὲν
3625 1249 3738 1299 ἐστι
3781 1267 3877 1299 τα·-

2277 1335 2448 1394 πεινὸς
2499 1337 2802 1406 συμμέτρως
2839 1352 2850 1362 ·
2898 1335 2924 1386 6
2977 1331 3036 1387 δε
3091 1336 3204 1406 μεθ’
3272 1333 3556 1407 ὑπερϐολῆς
3627 1335 3865 1398 ἁπάσης.

2277 1424 2483 1478 Ταύτην
2531 1426 2621 1474 καὶ
2666 1424 2691 1474 6
2729 1425 2987 1496 μακάριος
3029 1420 3198 1476 Δαυῖδ
3240 1422 3437 1476 ἐπαινεῖ
3487 1424 3644 1497 λέγων
3681 1443 3692 1454 ·
3741 1431 3874 1497 Καρ-

2279 1506 2399 1562 δίαν
2445 1515 2879 1586 συντετριμμένην
2930 1517 3020 1565 καὶ
3065 1516 3496 1586 τεταπεινωμένην
3535 1515 3562 1565 6
3602 1517 3727 1574 Θεὸς
3778 1513 3873 1566 οῦκ

2278 1595 2630 1661 ἒξουδενὼσει.

2347 1691 2612 1765 Μακάριοι
2653 1720 2719 1730 -
2770 1689 3288 1765 παρακληθήσονται.
3339 1693 3483 1744 Ἐπεὶ
3532 1692 3712 1752 πάντες
3753 1693 3868 1745 ύπε-

509 1794 718 1835 omnes
746 1780 1032 1851 putabant
1058 1796 1158 1836 eos
1177 1796 1305 1836 esse
1336 1781 1568 1844 beatos,
1604 1779 1708 1852 qui
1736 1779 1796 1834 in
1825 1778 2046 1848 gaudio
2078 1793 2157 1833 es-

2274 1776 2530 1848 λάμϐανον
2579 1783 2866 1853 μακαρίους
2914 1783 3028 1852 μὲν,
3077 1782 3194 1840 τοὺς
3241 1777 3289 1831 ἐν
3337 1785 3503 1854 χαρᾷ,
3551 1778 3761 1842 ἀθλίους
3813 1777 3871 1834 δε

510 1873 662 1938 sent,
693 1869 937 1924 miseros
977 1885 1118 1924 vero
1180 1869 1282 1942 qui
1314 1870 1374 1924 in
1426 1867 1762 1933 afﬂictione,
1821 1866 2163 1938 hujusmodi

511 1957 852 2028 opinionem
866 1958 1154 2012 radicitus
1167 1957 1382 2028 evellit,
1392 1958 1751 2013 contrariam
1771 1956 2161 2011 substituens.

509 2045 803 2114 Lugentes
834 2050 1032 2100 autem
1074 2045 1230 2111 dicit,
1261 2061 1381 2102 non
1421 2047 1525 2118 qui
1559 2045 1905 2118 simpliciter
1939 2043 2160 2114 lugent.

511 2133 618 2188 sed
648 2133 752 2205 qui
773 2138 1150 2206 propeccatis
1177 2134 1402 2205 lugent.
1429 2135 1704 2190 Miserum
1737 2133 1896 2189 enim
1931 2148 2001 2188 ac
2024 2147 2165 2204 pro—

506 2221 760 2278 hibitum
791 2228 880 2279 est
925 2223 1122 2294 lugere
1175 2224 1254 2280 ob
1281 2241 1352 2281 ea
1410 2241 1538 2296 qua:
1567 2223 1701 2296 quis
1755 2222 1975 2294 patitur
2023 2221 2159 2294 (gg).

512 2311 767 2368 Tristitia
806 2315 959 2369 enim
986 2314 1212 2380 mundi,
1268 2314 1350 2370 ait
1375 2313 1609 2378 Paulus,
1655 2318 1896 2368 mortem
1962 2325 2161 2382 Opera-

514 2406 648 2469 tur;
668 2417 734 2458 ea
757 2417 912 2473 vero,
932 2419 1064 2474 quae
1083 2404 1393 2460 secundum
1417 2404 1604 2459 Deum
1626 2407 1726 2471 est,
1748 2405 2160 2470 paenitentiam

512 2489 577 2544 in
593 2492 846 2548 salutem
860 2492 1129 2548 stabilem
1143 2494 1189 2529 ³³
1207 2493 1234 2547 Ἰ
1255 2490 1571 2557 Quomodo
1583 2505 1725 2560 ergo
1739 2489 1855 2545 alio
1872 2489 2004 2544 loco
2019 2488 2163 2545 dicit

509 2577 722 2634 Paulus
751 2597 762 2634 :
799 2581 1057 2637 Gaudete
1081 2582 1144 2636 in
1167 2582 1401 2636 Domino
1430 2593 1650 2650 semper
1675 2579 1720 2612 ⁸³
1745 2576 1772 2631 ?
1803 2579 1950 2643 Quia
1979 2588 2034 2634 et
2063 2577 2160 2633 ille

507 2668 798 2737 gaudium
824 2668 985 2734 dicit,
1018 2669 1227 2740 quode
1249 2670 1404 2725 luctu
1427 2669 1627 2724 oritur.
1662 2666 1871 2735 Habet,
1899 2683 2158 2738 namque

503 2755 697 2810 luctus
709 2772 1015 2827 repensum
1029 2757 1138 2812 sibi
1157 2756 1988 2827 gaudium.Quemadmodum
2006 2756 2156 2810 enim

502 2848 823 2916 postquam
847 2847 1168 2901 vehemens
1192 2847 1397 2919 pluvia
1416 2848 1750 2917 impetuose
1769 2844 2153 2912 descenderit,

507 2933 793 2987 serenitas
829 2933 1096 2990 stabilior
1108 2951 1234 2990 esse
1255 2938 1427 2992 solet:
1449 2935 1526 2990 ita
1543 2950 1778 3007 quoque
1795 2933 1902 2989 ded
1914 2934 2060 2989 uctis
2074 2933 2156 2989 la-

503 3021 748 3092 crymis,
779 3023 1172 3095 tranquillitas
1201 3031 1256 3080 et
1287 3024 1574 3095 gaudium
1607 3024 1792 3079 animi
1823 3022 2106 3078 succedit.

573 3110 708 3166 Vult
737 3116 934 3168 autem
956 3113 1052 3168 hic
1066 3130 1282 3179 sermo,
1310 3129 1428 3170 non
1457 3113 1641 3168 modo
1667 3112 1736 3167 de
1765 3112 2020 3185 propriis
2040 3127 2154 3167 nos

504 3199 706 3268 lugere
727 3200 955 3256 delicttis
987 3218 1194 3258 verum
1225 3203 1404 3259 etiam
1424 3202 1498 3258 de
1521 3201 1767 3258 alienis:
1789 3205 1848 3257 et
1869 3200 2000 3257 talis
2028 3205 2155 3256 erat

503 3289 676 3344 Mosis
699 3291 960 3358 animus,
985 3292 1242 3359 Davidis,
1265 3292 1518 3348 Danielis
1543 3291 1695 3364 (hh),
1724 3291 1889 3347 Pauli
1913 3293 2152 3346 caetero-

502 3393 754 3451 rumque
773 3380 1144 3451 huiusmodi.
1167 3382 1641 3438 Consolationem
1666 3396 1807 3436 vero
1831 3379 2146 3451 accipient,

503 3467 626 3522 sive
660 3468 1035 3525 laetabuntur.
1061 3470 1210 3526 Ubi?
1240 3471 1306 3526 Et
1330 3471 1388 3525 in
1417 3470 1715 3540 praesenti,
1745 3473 1804 3524 et
1830 3468 1889 3523 in
1924 3468 2146 3524 futuro.

501 3555 565 3608 In
590 3559 862 3626 praesenti
887 3559 1130 3630 quidem
1151 3575 1223 3615 ea
1244 3560 1370 3630 spe',
1397 3558 1556 3630 quod
1579 3563 1818 3629 peccata
1845 3572 1955 3613 sua
1985 3556 2150 3613 luctu

499 3642 829 3717 redimant;
866 3647 924 3702 in
960 3647 1158 3703 futuro
1188 3663 1328 3703 vero
1355 3662 1477 3703 non
1505 3647 1632 3702 sola
1659 3646 1880 3702 horum
1942 3646 2149 3702 remis-

503 3731 689 3801 sione,
723 3750 932 3793 verum
963 3737 1141 3794 etiam
1171 3736 1551 3794 beatitudine.

580 3824 623 3894 -ι-
646 3828 793 3884 Nam
811 3827 915 3899 qui
940 3827 1096 3883 ﬁlios
1117 3832 1220 3884 aut
1238 3842 1454 3884 uxores
1480 3830 1749 3883 mortuas
1770 3825 1994 3897 lugent,
2025 3840 2148 3881 non

500 3918 911 3991 possessiones
931 3921 1033 3974 aut
1050 3917 1292 3988 propria
1309 3920 1519 3973 amant
1551 3931 1806 3987 corpora
1819 3915 1928 3986 (ii),
1951 3931 2061 3970 nec
2079 3930 2147 3970 eo

499 4006 748 4063 turbinis
777 4011 1044 4076 tempore
1072 4005 1192 4061 ullo
1225 4005 1407 4060 modo
1427 4005 1879 4075 concupiscunt,
1912 4019 2032 4059 non
2065 4003 2150 4058 in-

494 4096 663 4167 juriis
689 4097 1138 4164 exasperentur,
1166 4108 1275 4147 nec
1297 4091 1413 4147 alia
1433 4091 1776 4147 obsidentur
1793 4091 2106 4147 affectione
2133 4109 2146 4146 :

498 4189 724 4256 quanto
759 4183 954 4254 magis
979 4180 1077 4251 qui
1107 4195 1249 4235 suas
1275 4179 1474 4250 lugent
1498 4180 1873 4250 aegritudines
1905 4181 1951 4251 (j
1965 4180 2044 4252 ᾖ,
2077 4195 2149 4238 eo

501 4271 686 4329 modo
724 4285 841 4342 quo
879 4283 982 4324 eas
1010 4268 1212 4340 lugere
1239 4267 1487 4338 dignum
1519 4272 1626 4323 est.

573 4447 741 4504 Vers.
775 4448 829 4503 5.
857 4447 1025 4504 Beati
1047 4477 1116 4487 —
1155 4451 1398 4502 terram.
1431 4446 1720 4512 Quoniam
1773 4444 1917 4501 olim
1949 4447 2021 4502 ab
2047 4445 2150 4504 ho-

2276 1870 2393 1929 τούς
2425 1866 2472 1919 ἓν
2508 1867 2696 1939 θλίψει,
2737 1867 3014 1943 πρόρῥιζο)
3063 1867 3273 1940 ἀνασπᾷ
3322 1873 3415 1927 τὴν
3469 1872 3710 1926 τοιαύτην
3745 1871 3871 1922 ύπό-

2273 1954 2448 2026 ληῲιν,
2485 1956 2780 2010 τούναντίον
2809 1959 3186 2030 ὑποτιθέμενος.
3233 1959 3552 2020 Πενθούντας
3600 1954 3660 2011 δὲ
3712 1958 3868 2029 λέγει,

2274 2043 2332 2096 ού
2379 2047 2502 2106 τοὺς
2540 2043 2714 2106 ἁπλῶς
2758 2048 3089 2111 πενθοῦντας,
3129 2045 3257 2098 ἀλλά
3308 2050 3428 2108 τοὺς
3459 2047 3586 2120 ὑπὲρ
3635 2046 3871 2121 ἁμαρτη-

2273 2134 2468 2206 μάτων.
2515 2137 2584 2186 T6
2633 2137 2734 2209 γὰρ
2786 2135 2912 2208 ὑπὲρ
2969 2132 3223 2206 βιωτικοῦ
3282 2137 3594 2209 πράγματος
3647 2138 3866 2203 πενθεῖν,

2272 2222 2448 2274 ἄθλιον
2503 2227 2593 2274 καὶ
2666 2221 3030 2295 κεκωλυμένον.
3090 2228 3228 2280 Φησὶ
3284 2226 3383 2298 γὰρ
3442 2226 3468 2276 6
3523 2223 3740 2292 Παῦλος,
3792 2228 3869 2278 ὅτι

2270 2309 2328 2364 Ἡ
2381 2314 2471 2383 μὲν
2527 2319 2620 2363 τοῦ
2675 2316 2877 2384 κόσμου
2933 2311 3094 2378 λύπη,
3156 2314 3375 2366 θάνατον
3428 2313 3806 2386 κατεργάζεται
3850 2333 3862 2344 ·

2270 2401 2301 2457 ἡ
2364 2394 2423 2451 δὲ
2473 2403 2610 2452 κατὰ
2661 2403 2810 2466 Θεὸν,
2865 2403 3135 2472 μετάνοιαν
3207 2401 3278 2463 εἰς
3343 2407 3607 2475 σωτηρίαν
3676 2400 3866 2476 ἀμετα-

2269 2486 2508 2560 μέλητον.
2563 2493 2664 2542 Καὶ
2729 2496 2838 2551 πῶς
2887 2491 2912 2541 6
2969 2489 3167 2550 Παῦλος
3217 2489 3368 2542 πάλιν
3417 2488 3525 2543 εἶπε
3580 2511 3592 2524 ·
3646 2497 3866 2565 Χαίρετε

2269 2576 2318 2628 ἐν
2372 2582 2548 2651 Κυρίῳ
2591 2581 2808 2631 πάντοτε
2840 2595 2854 2645 ;
2891 2578 3004 2650 (23)
3045 2583 3183 2631 Διότι
3239 2578 3472 2642 κάκεῖνος
3518 2584 3611 2637 τὴν
3665 2579 3719 2632 ἐκ
3775 2589 3866 2634 τοῦ

2267 2668 2479 2728 πένθους
2529 2666 2664 2739 λέγει
2703 2667 2815 2739 (24)
2867 2670 3062 2742 χαράν.
3121 2667 3277 2740 Ἔχει
3325 2670 3424 2743 γὰρ
3477 2675 3628 2722 τοῦτο
3690 2672 3865 2745 χαρὰν

2270 2757 2787 2832 συγκεκληρωμένην.
2865 2760 3104 2832 Καθάπερ
3179 2761 3301 2831 γὰρ,
3385 2760 3531 2810 ὑετοῦ
3633 2755 3864 2832 σφοδροῦ

2265 2845 2696 2921 καταρραγέντος,
2757 2842 2911 2899 εὐδία
2977 2847 3217 2918 γίνεσθαι
3282 2848 3470 2909 εἴωθεν,
3547 2848 3682 2900 οὕτω
3749 2853 3856 2919 καὶ,

2267 2931 2507 3008 δακρύων
2557 2937 2985 3007 κατενεχθέντων,
3016 2935 3216 3007 γαλήνη
3269 2939 3357 2988 καὶ
3401 2939 3549 3011 χαρὰ
3594 2945 3656 3009 τῇ
3705 2936 3856 3009 ψυχῇ

2265 3022 2540 3095 ἐγγίνεται.

2334 3113 2578 3165 Βούλεται
2635 3109 2694 3166 δὲ
2749 3121 2836 3165 νῦν
2885 3115 2910 3165 6
2953 3113 3106 3185 λόγος
3151 3116 3348 3167 πενθειν
3398 3117 3535 3186 ἡμᾶς
3585 3118 3656 3186 μὴ
3708 3118 3860 3187 μόνον

2262 3204 2389 3275 ὑπὲρ
2441 3209 2540 3254 τῶν
2590 3202 2788 3254 οἰκείων
2847 3202 3255 3278 ἁμαρτημάτων,
3289 3202 3418 3256 ἀλλά
3467 3208 3556 3256 καὶ
3603 3205 3729 3276 ύπὶρ
3760 3211 3859 3255 τῶν

2263 3290 2560 3363 ἀλλοτρίων,
2596 3287 2681 3342 οἶα
2728 3287 2788 3349 ἦν
2831 3293 2860 3349 ἡ
2904 3290 3059 3363 ψυχὴ
3092 3297 3357 3354 Μωῦσέως
3407 3297 3497 3345 καὶ
3548 3289 3715 3351 Δαυίδ
3770 3297 3860 3345 καὶ

2264 3379 2469 3432 Παύλου
2496 3384 2585 3432 καὶ
2612 3389 2709 3432 τῶν
2739 3383 3004 3434 τοιούτων.
3036 3381 3540 3456 Παρακληθήσονται
3586 3379 3664 3452 δὲ,
3697 3385 3856 3453 ἤγουν

2263 3470 2721 3542 εὐφρανθήσονται.
2777 3477 2885 3523 Ποῦ
2926 3489 2942 3541 ;
2993 3475 3094 3524 Καὶ
3149 3473 3370 3523 ἐνταῦθα
3420 3477 3508 3524 καὶ
3561 3470 3687 3526 ἐκεῖ.
3746 3470 3854 3525 Ἐν·-

2259 3561 2431 3611 ταῦθα
2484 3562 2594 3630 μὲν,
2653 3567 2715 3631 τῇ
2789 3556 2966 3613 ἐλπίδι
3037 3568 3134 3622 τῆς
3207 3558 3611 3635 ἀπολυτρώσεως
3668 3560 3850 3614 αὐτῶν·

2260 3648 2367 3700 ἐκεῖ
2395 3644 2475 3713 δε,
2505 3647 2564 3700 ού
2594 3652 2746 3721 μόνον
2791 3656 2853 3720 τῇ
2907 3647 3086 3721 ἀφέσει
3132 3651 3341 3717 τούτων,
3382 3647 3510 3702 ἀλλὰ
3539 3654 3629 3703 καὶ
3657 3657 3720 3723 τῇ
3753 3670 3854 3722 μα-

2260 3741 2555 3812 καριότητι.

2331 3828 2398 3879 Oi.
2447 3828 2546 3899 γὰρ
2600 3826 2716 3898 (25)
2774 3822 2972 3890 παῖδας
3033 3831 3120 3880 καὶ
3196 3833 3450 3899 γυναῖκας
3507 3827 3858 3890 ἀποθανόντας

2262 3917 2586 3991 θρηνοῦντες,
2618 3914 2677 3967 ού
2725 3918 3036 3990 χρημάτων,
3071 3916 3128 3969 ού
3181 3919 3433 3989 σωμάτων
3482 3916 3686 3992 ἐρῶσιν,
3734 3913 3857 3971 οὐδὲ

2259 4004 2376 4056 κατ’
2446 4003 2632 4056 ἐκεῖνον
2705 4012 2802 4066 τῆς
2858 4001 3052 4066 ὀδύνης
3105 4008 3192 4058 τὸν
3266 4009 3448 4081 καιρὸν
3507 4005 3661 4058 ἄλλου
3719 4009 3859 4068 τινὸς

2260 4092 2503 4164 ἐφίενται,
2554 4092 2660 4163 οὐχ
2716 4092 2899 4165 ύϐρεσι
2944 4093 3340 4167 παροξύνονται,
3393 4094 3499 4166 οὐχ
3547 4095 3646 4146 ύπό
3701 4093 3856 4147 ἄλλου

2259 4181 2657 4255 πολιορκοῦνται
2721 4201 2855 4243 τινος
2910 4185 3109 4245 πάθους
3163 4205 3175 4218 ο
3227 4187 3373 4255 πόσῳ
3439 4183 3627 4255 μᾶλλον
3688 4186 3737 4236 οἰ
3791 4187 3858 4237 τὰ

2261 4269 2615 4343 ἁμαρτήματα
2691 4273 2990 4335 πενθοῦντες
3071 4275 3138 4325 τὰ
3217 4272 3431 4340 ἑαυτῶν,
3509 4276 3578 4334 ὡς
3659 4275 3856 4326 πενθεῖν

2259 4357 2326 4422 ἄξ
2330 4377 2403 4411 ιον
2437 4377 2450 4427 ;

2329 4449 2594 4521 Μακάριοι
2637 4480 2706 4492 -
2761 4453 2855 4509 τὴν
2904 4455 3029 4522 γὴν.
3085 4452 3228 4505 Ἐπεὶ
3275 4450 3436 4505 πάλαι
3493 4459 3603 4514 τοῖς
3657 4452 3856 4526 ἀνθρώ-

502 4537 765 4595 minibus
783 4551 1005 4606 magno
1019 4535 1216 4591 studio
1233 4534 1625 4591 aﬂ‘ectabatur
1641 4539 1809 4591 terra:
1822 4535 2146 4607 possessio,

2269 4557 2372 4599 rrec;
2399 4518 2862 4613 περισπούδαστος
2891 4518 2954 4598 ἦν
3001 4542 3032 4599 ἡ
3079 4539 3394 4615 κληρονομία
3424 4549 3520 4604 τῆς
3550 4550 3672 4613 γῆς,
3703 4518 3856 4598 τίθη-

501 4627 658 4683 hanc
670 4624 848 4682 etiam
870 4640 973 4698 pro
994 4624 1227 4681 virtutis
1242 4624 1494 4696 praemio
1517 4624 1702 4696 ponit.
1727 4623 1984 4690 Quidam
2004 4640 2148 4682 sane

573 4807 617 4844 ⁸¹
651 4805 801 4864 Psal.
833 4824 883 4872 L,
917 4805 988 4860 19
1058 4805 1106 4841 ⁸³
1137 4803 1186 4860 ΙΙ
1219 4805 1350 4862 Cor.
1380 4818 1479 4872 Vn,
1513 4804 1602 4862 10.

1695 4803 1743 4840 ⁸³
1777 4801 2034 4877 Philipp.
2084 4819 2160 4874 ιν,
2187 4807 2241 4863 4.

2262 4647 2316 4680 σι
2343 4632 2433 4681 καὶ
2465 4630 2659 4687 ταύτην
2689 4629 2906 4682 ἔπαθλον
2948 4628 3154 4706 ἀρετῆς.
3190 4634 3290 4684 Καὶ
3320 4650 3453 4694 τινες
3482 4634 3570 4704 μὲν
3600 4639 3698 4703 γῆν
3731 4649 3851 4688 νοη-

1716 4981 1940 5052 Variae
1971 4982 2300 5052 lectiones
2340 4991 2407 5052 et
2437 4992 2641 5054 notae.

570 5177 686 5249 (22)
725 5177 846 5234 Hoc
884 5176 1179 5234 scholium
1221 5176 1284 5234 in
1301 5247 1324 5249 ἡ
1335 5181 1549 5249 neutro
1601 5193 1876 5237 meorum
1905 5179 2144 5249 legitur.

499 5247 857 5322 Excerptum
869 5251 1071 5306 autem
1087 5251 1264 5306 estex
1287 5247 1494 5320 Chrys.
1525 5255 1673 5306 tom.
1692 5250 1808 5318 VII,
1833 5265 1896 5324 p.
1925 5247 2051 5309 185.
2081 5254 2144 5308 E.

575 5320 688 5394 (23)
719 5322 916 5382 Πάντες
937 5321 996 5376 Β.

577 5462 692 5535 (gg)
724 5461 803 5517 0b
827 5475 892 5517 ea
917 5475 1070 5535 gues
1094 5460 1226 5532 quis
1253 5460 1504 5535 patitur.
1539 5461 1626 5518 Oh
1651 5477 1778 5520 rem
1807 5466 2145 5521 terrestrem

507 5531 849 5597 obV'casum,
878 5531 957 5588 ob
982 5531 1374 5588 infortunium
1405 5532 1762 5592 humanum.

581 5604 711 5676 (hh)
742 5602 933 5664 Aman
960 5604 1021 5660 in
1049 5602 1214 5660 nullo
1242 5619 1511 5662 meorum
1551 5605 1786 5675 legitur.

2351 5184 2421 5237 24
2482 5181 2677 5236 Φάσκει
2707 5187 2768 5238 Α.

2329 5181 2442 5326 ίρῦζ
2477 5254 2599 5329 Hoc
2618 5253 2680 5310 in
2700 5251 2864 5329 nullo
2880 5267 3157 5329 meorum
3177 5256 3502 5329 comparet.
3518 5254 3856 5329 Repetitum

2257 5325 2350 5382 est
2370 5339 2443 5381 ex
2473 5325 2780 5398 Chrysost.
2812 5328 2956 5382 tom.
2980 5325 3096 5390 VII,
3123 5341 3185 5398 p.
3217 5325 3344 5384 187⁷.
3373 5327 3437 5383 D.

2352 5464 2415 5536 ἱὶ)
2451 5465 2621 5537 Forte
2647 5465 3150 5537 ίηνθῐιίιγσωματων
3185 5463 3353 5520 ἰδίων.

2369 5535 2426 5610 ij)
2460 5535 2610 5618 suas
2637 5535 3034 5609 wgritudines.
3065 5540 3306 5597 Peccata
3332 5553 3460 5598 sua.
