4206 6310
374 298 479 354 193

1367 300 1736 359 COMMENT.
1778 302 1850 359 IN
1884 300 2323 363 MATTHrEUM.
2365 337 2432 346 ——
2472 307 2629 364 CAP.
2660 307 2727 365 V.

3632 314 3732 372 194

370 428 463 482 την
493 423 544 476 ἐν
583 423 783 497 οῦρανῳ
816 422 1078 496 λέγουσιν,
1113 428 1138 477 ό
1170 422 1228 479 δε
1254 426 1367 498 (26)
1405 432 1786 501 Χρυσόστομός
1813 449 1962 501 φησι,

2080 433 2289 488 terram
2329 431 2808 500 intellectualem,
2860 436 3077 493 coelum
3121 454 3249 495 esse
3287 439 3509 497 dicunt.
3549 441 3730 513 Chry-

373 516 452 566 ὃτι
490 517 578 565 καὶ
622 513 874 571 αἰσθητὸν
922 517 1140 567 τέθεικεν
1197 515 1436 584 ἔπαθλον,
1483 513 1577 569 διὰ
1622 522 1741 579 τοὺς
1790 538 1966 589 παχυ-

370 606 566 675 τέρους,
594 606 711 663 τοὺς
740 605 808 655 τὰ
856 602 1084 661 αἰσθητὰ
1127 607 1226 678 πρό
1278 613 1377 656 τῶν
1433 614 1627 663 νοητῶν
1658 610 1961 669 ζητοῦντας.

370 692 528 744 Εῖωθε
564 694 666 762 γὰρ
718 688 789 743 δι’
834 691 951 743 ὃλου
1015 700 1105 744 τοῦ
1170 694 1484 765 Εῦαγγελίου
1541 700 1845 769 προτρέπειν
1896 696 1964 757 εἰς

369 778 575 852 ἀρετὴν,
642 784 767 833 ποτε
831 784 940 853 μὲν,
1011 780 1113 833 ἀπὸ
1158 790 1259 833 τῶν
1326 781 1625 854 μελλόντων,
1700 788 1823 836 ποτε
1883 781 1963 854 δὲ,

366 866 467 919 ἀπό
498 877 600 919 τῶν
649 873 939 938 παρόντων,
988 875 1078 922 καὶ
1129 874 1244 923 οὔτε
1279 872 1399 923 ὅταν
1437 875 1598 930 νοητὰ
1635 873 1829 925 ἔπαθλα
1879 878 1964 925 τί-

365 958 542 1024 θησιν,
580 956 858 1033 ἀποστερεῖ
896 967 993 1011 τῶν
1025 958 1310 1027 αἰσθητῶν,
1367 964 1501 1027 οὔτε,
1557 963 1673 1013 ὅταν
1710 961 1961 1026 αἰσθητὰ,

362 1044 666 1122 ἀφαιρεῖται
705 1050 771 1099 τὰ
818 1050 1005 1106 νοητά,
1067 1055 1275 1107 Ζητεῖτε
1330 1052 1450 1122 γὰρ,
1503 1055 1652 1122 φησὶ,
1703 1055 1797 1107 τὴν
1866 1048 1965 1121 βα-

366 1135 565 1188 σιλείαν
633 1144 722 1188 τοῦ
784 1142 932 1207 Θεοῦ,
1006 1142 1097 1189 καὶ
1162 1146 1328 1191 ταῦτα
1392 1141 1561 1191 πάντά
1614 1140 1963 1213 προστεθήσεά

362 1244 451 1277 ται
526 1227 670 1297 ὑμῖν.
744 1228 847 1281 Καὶ
928 1222 1099 1289 αὖθις⁹
1188 1224 1379 1289 Οὐδείς
1449 1226 1589 1281 ἔστιν
1654 1228 1708 1289 ὃς
1770 1227 1961 1300 ἀφῆκεν

365 1312 553 1385 οὶκίαν,
588 1315 618 1372 ἦ
647 1321 833 1386 γονεῖς,
862 1319 951 1367 καὶ
972 1318 1039 1368 τὰ
1059 1315 1196 1385 ἑξῆς,
1228 1316 1282 1378 ὃς
1314 1316 1372 1368 οὐ
1403 1320 1474 1390 μὴ
1509 1315 1743 1389 ἀπολάϐη
1772 1316 1960 1369 πολλα-

365 1401 623 1455 πλασίονα
670 1402 719 1454 ἐν
766 1410 837 1473 τῷ
896 1413 1062 1478 καιρῷ
1117 1408 1304 1477 τούτῳ,
1351 1410 1439 1459 καὶ
1492 1406 1542 1458 ἐν
1572 1414 1645 1478 τῷ
1686 1406 1833 1459 αἰῶνι
1889 1414 1961 1477 τῷ

366 1491 597 1563 μέλλοντι
626 1492 765 1553 ζωὴν
794 1492 1028 1551 αἰώνιον,

443 1678 630 1746 Πραεῖς
672 1671 783 1743 (27)
827 1670 1081 1743 λέγονται,
1123 1671 1229 1743 οὐχ
1269 1674 1317 1724 οἱ
1374 1669 1621 1744 μηδόλώς
1672 1671 1956 1746 ὀργίζόμε-

370 1781 449 1815 νοι
484 1779 497 1791 ’
529 1764 579 1813 οἱ
608 1770 829 1813 τοιοῦτοι
871 1763 975 1833 γὰρ
1028 1760 1336 1819 ἀναίσθητοι
1370 1779 1381 1791 ·
1418 1760 1524 1813 ἀλλ’
1556 1764 1606 1813 οἱ
1656 1763 1816 1833 θυμόν
1868 1765 1958 1834 μεν
1989 1733 2038 1791 Β

367 1853 601 1922 ἔχοντες,
637 1858 941 1923 κρατοῦντες
984 1846 1061 1917 δε,
1112 1854 1201 1902 καὶ
1253 1852 1335 1902 ὅτε
1393 1846 1475 1903 δεῖ
1517 1849 1864 1923 ὀργιζόμενοι,
1896 1852 1961 1911 ὡς

366 1944 455 1992 καὶ
487 1936 659 1991 Δαυὶὸ
688 1937 820 1992 εἶπεν
855 1957 866 1968 ·
917 1939 1245 2012 Ὀργίζεσθε,
1277 1944 1367 1991 καὶ
1394 1944 1466 2010 μὴ
1514 1938 1849 2013 ἁμαρτάνετε.

437 2030 704 2101 Μακάριοι
749 2059 818 2069 -
872 2029 1357 2103 χορτασθήσονται.
1420 2028 1558 2080 Ἐπεὶ
1627 2027 1795 2100 μελλει
1845 2031 1958 2099 περὶ

366 2117 712 2190 ἑλεημοσύνης
772 2118 949 2185 εἰπεῖν,
1003 2125 1305 2192 προαναιρεῐ
1359 2121 1452 2174 τὴν
1508 2116 1815 2187 πλεονεξίαν,
1878 2118 1959 2167 ἵνα

363 2209 595 2281 καθαρός
636 2208 662 2258 ό
710 2205 843 2268 ἔλεος
885 2210 1117 2277 γίνηται,
1163 2204 1222 2257 Ἠ
1280 2202 1591 2263 δικαιοσύνη
1644 2208 1766 2279 γὰρ,
1824 2203 1959 2257 ἀντί-

359 2295 526 2356 παλός
573 2294 686 2347 ἐστι
726 2303 787 2367 τῇ
847 2294 1128 2367 πλεονεξίᾳ.
1192 2297 1257 2346 Οἱ
1306 2302 1574 2357 πεινῶντες
1621 2291 1681 2347 δὲ
1727 2299 1815 2347 καὶ
1870 2291 1959 2346 δι-

359 2385 558 2456 ψῶντες
614 2381 768 2451 εἶπεν,
827 2382 941 2435 ἀντὶ
998 2390 1111 2451 τοῦ,
1171 2385 1237 2434 Οἱ
1304 2379 1514 2456 σφόδρα
1576 2382 1958 2455 ἐπιθυμοῦντες,

364 2475 499 2525 ἰναό
532 2469 763 2546 σφοδρὸς
808 2475 935 2547 ἔρως
972 2481 1068 2534 τῆς
1118 2472 1424 2543 πλεονεξίας,
1474 2471 1559 2524 ἐπὶ
1611 2477 1704 2531 τὴν
1760 2469 1961 2524 δικαιο-

370 2565 529 2621 σύνην
584 2564 871 2634 μεταστὰς,
905 2560 1053 2635 ἆνελη
1110 2559 1321 2620 ἐκείνην.
1370 2562 1843 2635 Χορτασθήσονται
1880 2558 1958 2626 δε,

366 2655 553 2712 παντὸς
583 2651 805 2722 ἀγαθοῦ.

437 2736 650 2799 Ἐπειδὴ
702 2739 816 2812 (28)
870 2740 919 2791 οὶ
971 2738 1265 2793 πλεονέκται
1320 2735 1574 2792 δοκοῦσιυ
1639 2742 1846 2813 εὔποροι
1897 2734 1964 2790 εἶ-

359 2850 445 2883 ναι
475 2835 566 2882 καὶ
594 2830 977 2904 χορτάζεσθαι,
1019 2825 1113 2881 διὰ
1154 2832 1306 2881 τοῦτό
1350 2848 1527 2901 φησιν,
1562 2830 1642 2881 ὅτι
1683 2831 1730 2880 οἱ
1762 2825 1964 2881 δίκαιοι

363 2920 553 2993 μᾶλλον
573 2920 1058 2992 χορτασθήσονται,

438 3011 702 3082 Μακάριοι
726 3039 797 3050 --
822 3007 1207 3066 ἐλεηθήσονται.
1233 3008 1385 3081 Παρὰ
1402 3014 1494 3059 τοῦ
1517 3014 1671 3074 Θεοῦ,
1698 3003 1731 3059 δ
1736 3006 1962 3066 ηλονότι.

366 3096 507 3155 Πλὴν
573 3098 631 3149 οὐ
688 3105 957 3165 τοσοῦτον,
1012 3098 1132 3149 ὅσον
1192 3094 1436 3155 ἠλέησαν.
1492 3095 1630 3154 Ὀση
1691 3097 1792 3169 γάρ
1850 3088 2034 3147 ἐστιο

366 3183 597 3261 διαφορὰ
660 3191 913 3259 πονηρίας
961 3190 1050 3238 καὶ
1107 3184 1452 3256 ἁγαθότητος,
1507 3186 1537 3244 ἣ
1598 3184 1807 3257 μᾶλλον,
1863 3186 1961 3243 ὅση

364 3274 638 3349 ἀνθρώπου
668 3281 757 3328 καί
788 3283 941 3346 Θεοῦ,
972 3276 1198 3332 τοσαύτη
1227 3279 1317 3327 καὶ
1355 3272 1680 3349 ἀνθρωπίνης
1708 3278 1795 3328 καὶ
1831 3276 1965 3336 θείας

366 3363 682 3438 ἐλεημοσύνη
692 3386 733 3427 ς.

439 3545 584 3618 Οὐχὶ
610 3545 726 3617 (29)
774 3540 869 3597 διὰ
915 3544 1206 3619 χρημάτων
1256 3545 1409 3615 μόνον
1446 3544 1585 3595 ἔστιν
1624 3541 1796 3608 ἐλεεῖν,
1836 3541 1962 3596 ἀλλὰ

364 3640 456 3687 καὶ
507 3634 685 3706 λόγου,
734 3633 830 3685 κᾶν
872 3631 1039 3706 μηδὲν
1096 3636 1243 3705 ἔχῃς,
1277 3629 1371 3684 διὰ
1426 3629 1687 3706 δακρύων.
1723 3632 1964 3694 Ποικίλος

367 3726 468 3797 γὰρ
498 3725 524 3775 ό
570 3733 663 3785 τῆς
712 3723 1057 3795 ἐλεημοσύνης
1105 3727 1315 3797 τρόπος,
1372 3726 1461 3773 καὶ
1504 3720 1717 3773 πλατεῖα
1764 3721 1893 3778 αὕτη
1928 3723 1959 3780 ἡ

374 3811 567 3870 ἐντολή.
595 3812 998 3870 Ἐλεηθησονται
1045 3808 1103 3864 δὲ
1149 3810 1371 3862 ἐνταῦθα
1415 3813 1527 3882 μὲν,
1577 3812 1720 3884 παρὰ
1771 3808 1965 3884 ἀνθρώο

374 3920 483 3953 πων
516 3918 527 3931 ⁸
559 3900 679 3970 ἐκεῖ,
710 3898 788 3970 δὲ,
815 3904 960 3975 παρὰ
983 3907 1075 3952 τοῦ
1106 3907 1260 3954 Θεοῦ.

439 4082 703 4155 Μακάριοι
750 4111 815 4122 --
867 4079 1103 4151 ὄψονται.
1154 4080 1427 4151 Καθαροὺς
1472 4084 1533 4149 τῇ
1589 4073 1789 4153 καρδίᾳ
1839 4080 1961 4143 νόει,

368 4173 488 4231 τοὺς
530 4165 695 4242 μηδέν
742 4188 794 4221 τι
846 4171 1070 4242 πονηρόν
1128 4167 1329 4230 ἑαυτοῖς
1382 4164 1707 4233 συνειδότας,
1758 4167 1787 4225 ἢ
1844 4170 1966 4228 τοὺς

367 4258 723 4331 φυλάσσοντας
770 4262 862 4316 τὴν
910 4254 1131 4333 καρδίαν
1186 4256 1467 4329 ἀμόλυντον
1510 4255 1611 4308 ἀπὸ
1664 4264 1762 4308 τῶν
1823 4252 1965 4313 ἠδυ-

368 4349 617 4412 παθειῶν,
673 4349 794 4421 ὅπερ
847 4349 873 4398 ό
926 4346 1129 4408 Παῦλος
1179 4346 1440 4418 ἁγιασμόν
1486 4344 1741 4411 ἐκάλεσεν,
1788 4343 1962 4396 εἰπών’

370 4437 593 4509 Εἰρήνην
662 4432 873 4488 διώκετε
930 4438 1062 4508 μετὰ
1117 4437 1340 4501 πάντων,
1400 4439 1489 4487 καὶ
1538 4438 1623 4487 τὸν
1682 4434 1964 4506 ἁγιασμόν,

369 4526 430 4578 οὖ
488 4531 658 4598 χωρὶς
713 4522 887 4587 οὐδεὶς
941 4524 1124 4596 ὄψεται
1180 4528 1266 4576 τόν
1326 4527 1533 4596 Κύριον.
1592 4522 1847 4593 Ὄψονται
1908 4518 1967 4573 δε

366 4618 455 4668 τόν
512 4618 660 4682 Θεὸν,
707 4616 776 4676 ὡς
823 4611 1041 4667 δυνατόν
1094 4612 1386 4686 ἀνθρωπίνῃ
1443 4615 1613 4685 φύσει.
1664 4613 1869 4664 Τέθεικε
1908 4608 1967 4663 δε

363 4707 455 4757 τὸν
509 4708 844 4777 μακαρισμὸν
898 4711 1077 4757 τοῦτον
1130 4706 1263 4776 μετὰ
1313 4705 1399 4755 τὸν
1450 4710 1545 4763 τῆς
1603 4700 1964 4774 ἐλεημοσύνης,

444 4884 492 4920 ⁸⁸
517 4882 713 4943 Matth.
743 4899 823 4952 v1,
855 4886 945 4942 33.

2074 526 2371 576 sostomus
2402 537 2543 577 vero
2569 521 2666 587 ait,
2701 525 2864 595 quod
2894 531 2951 581 et
2977 528 3315 584 sensibilem
3340 546 3451 601 pro
3482 531 3729 601 praemio

2073 611 2354 679 posuerit,
2398 616 2635 681 propter
2679 614 3016 680 crassiores,
3058 617 3160 688 qui
3201 619 3495 674 sensibilis
3531 620 3731 691 potius

2072 712 2251 769 quam
2293 698 2683 768 intelligibilia
2733 708 3029 773 quaerunt.
3063 707 3202 761 Toto
3241 723 3503 779 namque
3545 711 3732 764 Evan-

2072 787 2225 857 gelio
2256 788 2330 842 ad
2358 788 2632 844 virtutem
2689 789 2837 847 solet
2865 793 3188 863 adhortari,
3236 797 3600 870 quandoque
3628 814 3734 871 per

2072 874 2290 941 futura,
2328 876 2627 932 interdum
2662 894 2906 950 quoque
2946 888 3002 935 et
3032 896 3136 952 per
3164 886 3501 953 praesentia.
3534 888 3730 952 Quan-

2069 978 2257 1034 quam
2290 979 2483 1036 neque
2517 965 2615 1021 ubi
2645 967 3031 1037 intelligibilia
3061 972 3225 1040 ponit
3251 974 3514 1042 praemia,
3544 975 3732 1046 privat

2070 1052 2455 1108 sensibilibus
2484 1070 2496 1108 :
2524 1071 2717 1127 neque
2743 1071 2774 1111 θ
2804 1057 3055 1123 diverso,
3090 1074 3226 1114 cum
3266 1061 3576 1117 sensibilia
3607 1064 3734 1135 pol-

2068 1139 2293 1207 licetur,
2342 1142 2729 1212 intelligibilia
2760 1145 2971 1201 aufert.
3036 1146 3293 1213 Quwrile
3330 1150 3511 1216 enim,
3546 1151 3737 1223 inquit

2064 1230 2327 1299 primum
2353 1247 2590 1302 regnum
2613 1233 2720 1289 Dei
2740 1240 2793 1289 et
2812 1236 3108 1304 justitiam
3134 1239 3277 1306 ejus,
3301 1244 3355 1293 et
3390 1239 3510 1294 haac
3535 1244 3735 1297 omnia

2066 1320 2425 1389 adﬁcientur
2452 1322 2607 1378 vobis
2661 1323 2727 1375 ⁸⁴.
2768 1326 2834 1378 Et
2868 1340 3079 1380 rursus
3111 1342 3123 1380 :
3152 1327 3336 1381 Nemo
3367 1333 3444 1383 est
3475 1329 3577 1399 qui
3607 1329 3735 1385 reli-

2066 1411 2261 1481 querit
2298 1409 2522 1465 domum
2577 1416 2677 1467 aut
2706 1416 2919 1482 patrem
2946 1415 3015 1481 ⁸⁸,
3049 1418 3181 1482 etc.,
3209 1416 3308 1486 qui
3334 1433 3448 1471 non
3482 1417 3736 1485 fruatur

2066 1500 2254 1555 multo
2288 1499 2568 1569 pluribus
2590 1500 2651 1555 in
2678 1500 2781 1557 hoc
2804 1506 3142 1572 tempore,et
3169 1505 3231 1559 in
3249 1505 3465 1573 futuro
3490 1508 3729 1571 saeculo,

2066 1587 2184 1643 vita
2215 1592 2449 1642 aeterna.

2135 1677 2177 1745 σξ-
2206 1676 2370 1731 Miles
2411 1675 2709 1743 dicuntur,
2742 1694 2863 1733 non
2894 1680 2997 1751 qui
3046 1680 3279 1751 penitus
3311 1697 3432 1737 non
3462 1682 3733 1738 irascun-

2068 1767 2163 1819 tur
2194 1779 2205 1817 :
2237 1764 2586 1835 hujusmodi
2611 1766 2769 1821 enim
2803 1767 3087 1823 insensati
3118 1774 3273 1837 sunt,
3310 1771 3413 1825 sed
3444 1772 3546 1842 qui
3577 1772 3730 1826 iram

2066 1854 2311 1925 quidem
2353 1854 2633 1918 sentiunt,
2681 1870 2806 1910 sese
2858 1859 3058 1912 tamen
3109 1858 3433 1922 continent,
3480 1860 3730 1930 quando

2068 1946 2268 1998 autem
2299 1946 2531 2013 oportet
2562 1942 2915 2008 irascuntur,
2972 1944 3125 2000 sicut
3163 1947 3300 2001 dicit
3334 1947 3522 2003 David
3557 1966 3569 2003 :
3603 1949 3733 2003 Ira-

2066 2031 2300 2087 scimini
2330 2038 2382 2087 et
2411 2032 2591 2087 nolite
2614 2047 2858 2100 peccare
2882 2034 2928 2068 ⁸⁸

2139 2120 2603 2176 Vers.6.Beati—-
2616 2121 3220 2187 saturabuntur.Quia
3233 2125 3306 2178 de
3322 2123 3733 2197 eleemosynaj

2068 2209 2330 2264 dicturus
2359 2214 2467 2273 est,
2503 2208 2687 2265 aufert
2718 2210 2979 2281 primum
3008 2212 3321 2268 avaritiam
3354 2218 3417 2267 ut
3444 2189 3600 2284 pura
3625 2189 3733 2270 ﬁat

2071 2296 2488 2365 misericordia,
2515 2298 2744 2368 justitia
2782 2298 2940 2355 enim
2981 2300 3242 2355 avaritiae
3286 2302 3582 2356 contraria
3616 2308 3727 2357 est.

2070 2386 2222 2443 Dixit
2265 2392 2485 2455 autem,
2517 2387 2832 2442 esurientes
2856 2388 3205 2455 etsilientes,
3241 2389 3353 2444 hoc
3398 2394 3505 2452 est,
3543 2390 3733 2461 pluri-

2069 2492 2237 2531 mum
2264 2474 2771 2546 concupiscentes,
2814 2480 2878 2531 ut
2922 2477 3242 2532 vehemens
3272 2478 3529 2533 avaritiae
3561 2494 3733 2535 amor

2068 2565 2129 2621 in
2156 2564 2445 2635 justitiam
2477 2563 2816 2628 translatus,
2844 2564 3009 2620 illam
3058 2565 3328 2636 perimat.
3368 2567 3733 2623 Saturabun-

2070 2658 2165 2710 tur
2186 2659 2407 2719 autem,
2437 2653 2597 2708 omni
2628 2652 2902 2708 videlicet
2926 2654 3108 2709 bono.

2140 2744 2183 2813 ἦ·
2214 2742 2361 2807 Quia
2391 2741 2555 2797 avari
2586 2741 2964 2798 abundantes
2994 2758 3125 2798 esse
3156 2742 3430 2799 videntur
3459 2748 3515 2800 et
3573 2749 3729 2800 satu-

2069 2832 2201 2898 rati,
2234 2831 2369 2887 ideo
2396 2833 2471 2886 ait
2488 2831 2684 2901 justos
2715 2832 2913 2903 potius
2939 2833 3290 2889 saturandos
3325 2848 3478 2889 esse.

2142 3010 2301 3065 Vers.
2358 3015 2411 3064 7.
2461 3009 2629 3065 Beati
2672 3040 2739 3049 —
2778 3010 3249 3067 misericordiam
3282 3018 3722 3083 consequentur.

2070 3100 2118 3154 Α
2150 3101 2267 3154 Deo
2297 3102 2472 3163 certe,
2509 3098 2614 3153 sed
2645 3113 2761 3155 non
2810 3103 3036 3155 tantam
3080 3098 3391 3163 duntaxat,
3439 3104 3730 3171 quantam

2071 3188 2179 3259 ipsi
2229 3187 2645 3259 praestiterunt.
2704 3188 3004 3252 Quantum
3059 3188 3217 3243 enim
3272 3188 3517 3243 interest
3576 3188 3729 3244 inter

2071 3276 2300 3333 malum
2326 3275 2650 3343 etbonum,
2684 3281 2787 3331 aut
2806 3276 3005 3347 potius
3035 3280 3329 3347 quantum
3357 3276 3506 3331 inter
3536 3277 3727 3332 homi-

2070 3381 2209 3422 nem
2234 3370 2292 3421 et
2318 3366 2527 3431 Deum,
2557 3368 2786 3422 tantum
2818 3364 3080 3421 humana
3114 3364 3520 3421 misericordia
3548 3365 3731 3422 distat

2072 3471 2110 3513 a
2138 3455 2361 3511 divina.

2140 3547 2182 3616 -ι-
2229 3547 2355 3600 Non
2388 3543 2867 3617 possessionibus
2916 3546 3147 3599 tantum
3196 3548 3510 3615 prastatur
3558 3544 3731 3599 mise-

2068 3634 2346 3699 ricordia,
2375 3634 2477 3688 sed
2499 3637 2553 3689 et
2572 3632 3149 3699 sermonibus.Quod
3175 3633 3221 3687 si
3254 3632 3398 3688 nihil
3423 3632 3726 3699 habueris,

2070 3722 2249 3779 etiam
2278 3721 2558 3792 lacrymis
2577 3726 2889 3792 praestatur
2914 3737 2923 3775 :
2955 3722 3155 3776 varius
3184 3726 3270 3777 est
3299 3722 3456 3775 enim
3480 3721 3731 3776 eleemo-

2072 3826 2232 3883 synaa
2264 3810 2502 3875 modus,
2527 3808 2836 3880 latumque
2859 3814 3240 3880 praeceptum.
3276 3809 3733 3864 Misericordiam

2072 3915 2213 3956 vero
2243 3902 2704 3970 consequentur,
2736 3897 2832 3952 hic
2865 3896 2941 3953 ab
2988 3895 3342 3953 hominibus
3393 3900 3453 3952 et
3484 3897 3542 3952 in
3587 3896 3743 3953 futu-

2071 4003 2209 4044 rum
2240 4005 2275 4042 a
2309 3989 2449 4042 Deo.

2143 4076 2303 4133 Vers.
2337 4077 2389 4130 8.
2419 4076 2591 4132 Beati
2613 4105 2681 4115 —-—
2708 4074 3013 4135 videbunt.
3051 4074 3233 4129 Puros
3260 4073 3438 4130 corde
3466 4072 3738 4143 intelligit

2072 4166 2176 4238 qui
2208 4164 2427 4221 nullius
2459 4165 2685 4236 peccati
2716 4164 2826 4219 sibi
2866 4162 3087 4219 conscii
3119 4168 3256 4218 sunt
3304 4180 3317 4217 :
3356 4167 3457 4218 aut
3493 4163 3596 4235 qui
3636 4178 3738 4218 cor

2074 4257 2314 4310 servant
2340 4270 2376 4310 a
2405 4252 2812 4325 voluptatibus
2856 4251 3259 4324 impollutum,
3291 4268 3478 4323 quam
3514 4250 3735 4307 sancti-

2074 4343 2344 4400 moniam
2370 4347 2549 4398 vocat
2578 4342 2816 4408 Paulus,
2851 4341 3054 4397 dicens
3085 4341 3128 4375 ⁸⁷
3154 4355 3166 4395 :
3192 4342 3399 4397 Pacem
3431 4340 3737 4397 sectamini

2073 4433 2147 4490 ad
2168 4447 2361 4489 omnes
2391 4437 2443 4487 et
2471 4431 2927 4488 sanctimoniam
2962 4447 2975 4497 ;
3004 4432 3130 4486 sine
3162 4445 3281 4501 qua
3310 4445 3478 4486 nemo
3518 4428 3735 4486 videbit

2074 4520 2515 4578 Deum.Videbit
2537 4526 2737 4576 autem
2765 4518 3441 4590 Deum,dixit,tanquam
3463 4518 3736 4575 humana

2073 4617 2287 4667 natura
2305 4614 2606 4682 potentem
2631 4608 2776 4682 (kk).
2803 4608 2965 4664 Hanc
2989 4623 3128 4663 vero
3150 4606 3580 4663 beatitudinem
3599 4610 3737 4678 post

2076 4700 2522 4771 eleemosynam
2544 4698 2760 4770 posuit,
2788 4712 2931 4753 nam
2972 4695 3143 4751 multi
3163 4694 3457 4766 justitiam
3488 4710 3558 4751 ac
3582 4695 3733 4752 elee-

1022 4884 1068 4920 ³⁵
1090 4883 1225 4941 Luc.
1255 4889 1409 4949 XVIII,
1440 4883 1529 4948 29,
1554 4880 1642 4938 30.
1721 4882 1769 4917 ³⁵
1798 4878 1953 4938 Psal.
1987 4895 2065 4947 iv,
2095 4880 2149 4946 5,
2227 4878 2270 4915 ⁸⁷
2314 4876 2488 4934 Hebr.
2515 4892 2616 4945 xu,
2648 4878 2735 4933 14.

1599 5058 1817 5130 Variae
1854 5057 2182 5128 lectiones
2209 5065 2275 5126 et
2304 5066 2483 5125 notae

443 5263 555 5407 ('26;
592 5264 757 5321 Tom.
791 5257 903 5329 VII,
930 5273 990 5344 p.
1020 5263 1139 5318 188.
1173 5261 1233 5318 C.
1264 5328 1275 5341 θ

443 5341 527 5407 (27
594 5336 716 5392 Hoc
744 5336 806 5390 in
836 5349 986 5391 meis
1015 5347 1138 5388 non
1163 5332 1275 5402 legi

441 5325 552 5407 (27}
594 5336 716 5392 Hoc
744 5336 806 5390 in
836 5325 986 5391 meis
1015 5347 1138 5388 non
1163 5328 1396 5402 legitur.
1426 5333 1507 5387 Ex
1537 5325 1863 5402 Theophyl.
1904 5342 1965 5400 p.

370 5404 944 5482 26iCdes_ump_tum.
1029 5474 1086 5482 __
1233 5473 1244 5482 _
1316 5471 1328 5482 _
1415 5476 1425 5482 _
1552 5471 1826 5482 ---εἰ

441 5479 555 5551 (28)
573 5471 769 5536 Etiam
781 5477 897 5534 hoc
928 5492 999 5534 ex
1028 5471 1523 5547 Theophylact.p.
1548 5476 1616 5529 26
1644 5471 1829 5529 D.Mei
1842 5486 1966 5528 non

2079 5257 2715 5398 agégicfggophylact.
2744 5337 2807 5396 p.
2846 5323 2916 5378 26
2942 5321 2984 5378 E
3014 5323 3073 5378 et
3110 5318 3518 5393 Chrysostom.
3554 5322 3590 5379 t.
3618 5315 3730 5390 VII,

2076 5396 2217 5471 pag.
2244 5396 2351 5453 189
2384 5400 2449 5453 D.

442 5602 562 5680 (kk)
600 5604 912 5677 Tanquam
949 5632 1019 5644 —
1045 5605 1361 5672 potentem.
1397 5600 1464 5655 Ut
1488 5613 1844 5656 concessum
1874 5599 2154 5657 creaturas
2180 5594 2497 5657 humanas.
