4206 6310
482 321 586 383 195

1798 315 2152 386 ΕυΤΙ-ῙΥΜΙῙ
2191 317 2528 385 ZIGABENI

3739 317 3846 386 196

484 467 801 525 mosynam
851 453 1120 520 assecuti,
1141 452 1298 509 circa
1338 451 1669 524 voluptates
1717 452 1929 508 devicti
1977 458 2134 510 sunt.

2255 449 2389 506 διότι
2409 452 2585 505 πολλοὶ
2613 450 2956 512 δικαιοσύνην
2981 461 3062 508 καὶ
3089 455 3434 530 ἐλεημοσύνην
3449 458 3840 532 κατορθοῦντες,

486 541 750 598 Ostendit
769 542 968 612 itaque
996 541 1154 596 solas
1182 540 1308 598 illas
1334 556 1454 597 non
1476 539 1744 597 sufﬁcere
1763 541 2028 598 virtutes.

555 722 596 790 -ι-
634 717 837 774 Mundi
890 718 1068 775 corde
1100 726 1260 787 sunt,
1291 719 1392 791 qui
1441 719 1811 775 continenter
1850 719 2077 788 degunt
2123 735 2136 786 ;

483 809 616 864 Sine
640 807 989 864 continentia
1013 815 1200 864 autem
1222 824 1376 866 nemo
1393 808 1601 864 videbit
1625 809 1804 865 Deum
1827 809 1896 863 ⁸⁸.
1925 809 2140 873 Quem-

485 897 810 954 admodum
863 897 1023 952 enim
1079 898 1390 969 speculum
1444 896 1493 952 si
1548 913 1768 968 purum
1829 896 1922 962 sit,
1989 895 2140 966 ﬁgu-

483 1001 581 1043 ras
610 985 814 1058 recipit
847 1002 859 1040 :
895 986 976 1042 ita
1004 990 1061 1042 et
1090 987 1294 1042 anima
1332 1002 1478 1058 pura
1515 987 1614 1042 Dei
1673 985 1915 1056 suscipit
1963 985 2142 1041 visio-

483 1091 644 1132 nem.

559 1164 722 1221 Vers.
765 1165 851 1218 to.
883 1163 1052 1220 Beati
1089 1193 1157 1203 -—
1190 1164 1584 1221 vocabuntur.
1634 1164 1742 1229 Qui
1777 1178 1900 1220 non
1946 1163 2140 1220 solum

483 1253 597 1327 ipsi
628 1252 947 1309 seditiones
975 1268 1097 1309 non
1129 1258 1386 1320 movent,
1421 1253 1527 1308 sed
1557 1257 1614 1308 et
1651 1253 1801 1309 alios
1837 1257 2142 1308 moventes

485 1343 565 1400 ad
602 1358 816 1415 pacem
859 1342 1170 1404 reducunt,
1216 1341 1319 1398 ﬁlii
1354 1343 1454 1398 Dei
1505 1343 1890 1406 vocabuntur,
1942 1345 2143 1412 utpote

488 1433 698 1488 Filium
745 1432 873 1502 ejus
915 1431 1287 1502 unigenitum
1341 1433 1642 1488 imitantes
1695 1450 1706 1482 :
1757 1433 1926 1502 cujus
1986 1445 2142 1502 opus

486 1521 596 1579 fuit
623 1521 972 1578 dissidentia
1000 1521 1059 1576 in
1101 1537 1291 1577 unum
1320 1523 1623 1588 reducere,
1657 1537 1728 1577 ac
1757 1521 2030 1577 inimicos
2060 1534 2145 1576 re-

487 1611 817 1669 conciliare.
869 1611 986 1666 Erit
1039 1611 1303 1682 profecto
1351 1611 1528 1666 etiam
1580 1611 1791 1666 beatus
1835 1609 2141 1682 paciﬁcus,

487 1702 601 1758 hoc
623 1708 730 1766 est,
759 1700 818 1755 in
843 1714 990 1772 pace
1007 1715 1251 1756 servans
1273 1699 1642 1756 voluntatem
1667 1699 1927 1771 propriae
1953 1699 2146 1756 carnis

2249 545 2502 601 ἡττῶνται
2566 550 2661 603 τῆς
2711 539 3054 613 ἡδυπαθείας,
3109 551 3198 599 καὶ
3257 545 3542 612 δείκνυσιν,
3611 547 3692 598 ὅτι
3748 545 3844 597 οὐκ

2250 631 2498 705 ἀρκοῦσιν
2529 630 2711 684 ἐκεῖναι
2744 636 2897 700 μόναι
2923 635 2977 685 αἱ
3004 632 3200 705 ἀρεταί.

2322 724 2553 790 Καθαροὶ
2595 719 2707 792 (30)
2759 729 2819 793 τῇ
2876 719 3077 797 καρδίᾳ
3127 724 3256 777 εἰσὶν
3305 727 3353 777 οἱ
3409 731 3682 799 σώφρονες.
3738 729 3842 776 Τοῦ

2248 809 2514 882 ἁγιασμοῦ
2556 812 2677 883 γὰρ,
2730 814 2847 867 ἦτοι
2900 820 2995 872 τῆς
3044 817 3384 886 σωφροσύνης
3428 821 3620 889 χωρὶς,
3674 810 3845 872 οὐδεὶς

2248 899 2430 969 ὄψεται
2472 901 2560 950 τὸν
2603 901 2808 971 Κύριον.
2839 898 3038 971 Ὠσπερ
3069 904 3170 975 γὰρ
3220 908 3276 954 τὸ
3326 903 3636 976 κάτοπτρον,
3683 900 3765 953 ἐὰν

2249 990 2495 1059 καθαρὸν,
2551 991 2666 1039 τότε
2729 984 2946 1059 δέχεται
3002 991 3096 1050 τὰς
3153 992 3416 1061 ἐμφάσεις,
3476 992 3610 1042 οὐτω
3666 995 3754 1041 καὶ
3809 991 3840 1047 ἡ

2247 1078 2455 1150 καθαρὰ
2481 1075 2636 1146 ψυχὴ
2673 1072 2890 1147 δέχεται
2913 1076 3031 1147 ὄψιν
3063 1086 3214 1131 Θεοῦ.

2319 1167 2582 1237 Μακάριοι
2613 1196 2681 1206 -
2731 1164 3104 1223 κληθήσονται.
3147 1169 3213 1218 Οἱ
3258 1171 3330 1239 μὴ
3385 1171 3536 1239 μόνον
3595 1167 3742 1219 αὐτοὶ
3771 1171 3840 1240 μὴ

2253 1256 2640 1317 στασιάζοντες,
2702 1252 2830 1305 ἀλλὰ
2885 1259 2974 1305 καὶ
3030 1253 3234 1326 ἐτέρους
3293 1256 3675 1316 στασιάζοντας
3728 1275 3844 1308 συνο

2251 1347 2460 1415 άγοντες
2518 1343 2585 1402 εἰς
2634 1343 2857 1416 εἰρήνην,
2915 1344 3027 1396 Υἱοὶ
3067 1340 3126 1396 δὲ
3178 1351 3311 1397 Θεοῦ
3363 1343 3734 1409 κληθήσονται,
3777 1346 3847 1405 ὡς

2252 1435 2608 1506 μιμησάμενοι
2673 1435 2759 1483 τὸν
2828 1440 3075 1504 μονογενῆ
3140 1435 3259 1486 Υἱὸν
3320 1433 3499 1500 αὐτοῦ,
3643 1436 3844 1505 γέγονεν

2253 1526 2420 1595 ἔργον,
2474 1527 2780 1592 συναγαγεῖν
2829 1523 2894 1572 τὰ
2947 1517 3228 1588 διεστῶτα,
3273 1526 3362 1572 καὶ
3412 1521 3730 1583 καταλλάξαι
3783 1523 3848 1573 τὰ

2255 1609 2726 1681 ἐκπεπολεμωμένα.
2805 1612 2897 1667 Εἷη
2967 1605 3018 1660 δ’
3072 1608 3130 1660 ἆν
3194 1613 3642 1682 μεμάκαρισμένος
3712 1609 3847 1681 εἰρη-

2253 1701 2480 1766 νοποιός,
2511 1703 2600 1750 καὶ
2655 1699 2680 1748 ὁ
2731 1697 3028 1770 εἰρηνεύσας
3055 1701 3111 1749 τὸ
3162 1697 3357 1770 θέλημα
3402 1705 3497 1757 τῆς
3550 1693 3690 1758 ἰδίας
3720 1715 3844 1770 σαρ-

488 1808 623 1848 cum
654 1790 957 1846 voluntate
983 1789 1200 1845 animas
1219 1805 1364 1860 suae,
1389 1794 1447 1845 et
1470 1788 1636 1861 quod
1663 1805 1917 1861 pravum
1949 1788 2037 1860 (ιι)
2058 1792 2148 1844 est

2255 1792 2343 1850 κός
2387 1790 2517 1860 μετὰ
2553 1794 2642 1839 τοῦ
2679 1785 2960 1858 θελήματος
2989 1795 3080 1846 τῆς
3116 1787 3304 1858 ψυχῆς
3341 1786 3520 1855 αὐτοῦ,
3573 1790 3662 1838 καὶ
3706 1786 3842 1837 ὑπο-

489 1881 708 1937 meliori
737 1879 1081 1949 subjiciens.

559 1971 600 2038 -ι-
627 1972 751 2024 Non
773 1967 966 2023 solum
994 1982 1204 2038 pacem
1231 1981 1371 2022 cum
1406 1967 1684 2022 omnibus
1714 1965 2025 2033 habentes,
2050 1981 2142 2021 ve-

487 2072 623 2113 rum
653 2056 828 2111 etiam
872 2054 1189 2110 seditiosos
1228 2058 1438 2109 mutuo
1467 2055 1617 2109 inter
1646 2069 1708 2108 se
1739 2054 2144 2126 paciﬁcantcs.

490 2146 774 2200 Dicuntur
803 2149 1003 2198 autem
1043 2142 1285 2214 paciﬁci,
1319 2148 1372 2198 et
1401 2142 1504 2214 qui
1533 2157 1640 2213 per
1667 2141 2003 2198 doctrinam
2038 2142 2146 2198 ini-

489 2233 678 2290 micos
720 2232 799 2288 ad
844 2234 1030 2288 Deum
1075 2231 1239 2301 (mm)
1289 2234 1643 2286 convertunt
1694 2247 1707 2285 :
1749 2230 1851 2301 qui
1893 2230 1995 2285 ﬁlii
2047 2229 2147 2286 Dei

491 2321 882 2393 appellantur.
929 2323 1076 2377 Nam
1114 2323 1173 2375 et
1200 2318 1544 2391 Unigenitus
1584 2321 1701 2375 Deo
1732 2333 1848 2375 nos
1884 2321 2151 2376 reconci-

489 2409 674 2467 liavit.

563 2502 721 2555 Vers.
771 2500 852 2554 10.
907 2497 1490 2555 Beati—calorum.
1567 2498 1610 2567 -ί-
1664 2499 1934 2567 Regnum
1979 2499 2148 2556 coelo-

489 2605 647 2652 rum,
675 2588 768 2644 alii
801 2589 1046 2660 quidem
1075 2587 1298 2650 dicunt,
1332 2586 1517 2642 vitam
1543 2602 1726 2657 quam
1758 2587 1816 2642 in
1855 2587 2018 2644 coclis
2045 2589 2147 2644 de-

491 2684 636 2748 gunt
665 2695 678 2743 ;
706 2677 804 2732 alii
831 2693 991 2740 vero,
1024 2675 1320 2747 aequalem
1351 2675 1576 2745 angelis
1617 2677 1817 2731 statim
1843 2677 1904 2732 in
1941 2677 2104 2733 caelis
2131 2693 2144 2744 ;
2173 2679 2176 2682 ’

491 2765 642 2822 tertii
665 2770 883 2829 autem,
913 2765 1171 2834 speciem
1198 2764 1413 2818 divinae
1436 2763 1682 2818 visionis
1703 2764 1849 2835 (nn),
1869 2781 2004 2837 quas
2028 2765 2148 2820 cui-

492 2869 610 2926 que
623 2853 967 2924 rependitur
978 2853 1149 2922 juxta
1164 2852 1510 2922 qualitatem
1531 2867 1599 2907 ac
1619 2855 2006 2924 quantitatem
2028 2871 2148 2910 sum

487 2922 724 3014 justitize
745 2959 756 3009 ;
776 2941 968 3011 quarti
992 2955 1124 2994 vero
1150 2954 1400 3009 regnum
1427 2922 1708 2995 ccelorum
1726 2941 1931 2996 dicunt
1953 2957 2147 2998 remu-
2177 2922 2217 2978 (ἶ

492 3030 863 3094 nerationem,
894 3045 1022 3100 quae
1047 3027 1377 3084 secundum
1396 3027 1663 3084 habitam
1695 3029 1948 3098 gratiam
1971 3030 2146 3087 datur

491 3120 586 3176 his
617 3119 719 3192 qui
740 3135 810 3174 ex
829 3134 892 3174 se
921 3119 998 3174 ad
1027 3121 1211 3174 Deum
1236 3118 1458 3174 bonum
1485 3117 1775 3174 accedunt
1799 3119 1934 3191 (oo).
1955 3121 2040 3192 H-
2064 3123 2148 3177 Ex

491 3208 583 3264 his
626 3212 884 3280 quatuor
911 3207 1137 3264 tertium
1169 3214 1224 3263 et
1253 3211 1529 3278 quartum
1559 3222 1808 3279 regnum
1843 3209 1941 3264 Dei
1967 3209 2145 3267 etiam

492 3297 819 3368 appellant.
1821 3293 1827 3301 '

563 3388 679 3442 Hac
703 3385 847 3441 dixit
871 3400 946 3441 ne
967 3389 1138 3457 putes
1165 3385 1390 3457 ubique
1421 3384 1730 3456 pulchram
1759 3401 1886 3442 esse
1915 3401 2142 3458 pacem.

490 3473 786 3534 Justitiam
817 3479 1018 3530 autem
1044 3474 1138 3528 hic
1171 3473 1573 3529 universaliter
1597 3489 1840 3529 omnem
1869 3475 2146 3531 virtutem

491 3563 842 3619 nominavit.
871 3562 1098 3627 Quodsi
1127 3562 1307 3632 hujus
1337 3576 1580 3632 quoque
1607 3562 1822 3631 egregii
1864 3562 2148 3618 facinoris

492 3651 808 3724 praemium
835 3650 1039 3722 posuit
1061 3665 1312 3720 regnum
1343 3649 1628 3706 caelorum
1656 3666 1668 3705 :
1695 3666 1769 3706 ne
1799 3651 1848 3707 is
1878 3651 2149 3723 indigne-

491 3740 775 3812 ris,quasi
789 3739 1095 3812 przemium
1108 3738 1366 3795 alienum
1382 3739 2146 3812 sumentibus.0uanquam

493 3831 653 3886 enim
699 3830 871 3885 variae
915 3829 1188 3884 videntur
1229 3832 1488 3902 acceptae
1538 3829 1658 3901 (pp)
1708 3829 2144 3895 retributiones,

493 3924 736 3992 propter
749 3919 1058 3974 nominum
1076 3919 1436 3984 varietatem,
1453 3934 1666 3974 omnes
1682 3925 1880 3975 tamen
1895 3935 2145 3990 regnum

495 4007 774 4062 cmlorum
802 4007 1137 4075 designant.
1171 4007 1477 4078 Siquidem
1502 4022 1711 4061 omnes
1737 4007 1842 4078 qui
1869 4007 1960 4062 his
1981 4009 2147 4079 digni

494 4095 786 4151 habentur
827 4094 1334 4161 retributionibus,
1374 4108 1560 4161 regno
1589 4109 1826 4165 quoque
1861 4096 2146 4153 caelorum

498 4181 797 4246 fruuntur,
827 4182 955 4238 ideo
986 4181 1163 4236 etiam
1194 4195 1402 4236 omnes
1425 4179 1584 4236 beati
1615 4180 1750 4235 dicti
1785 4187 1938 4239 sunt.

2254 1876 2408 1938 τάξας
2433 1879 2491 1927 τὸ
2526 1882 2704 1948 χεῖρον
2732 1884 2803 1946 τῷ
2826 1879 3103 1948 κρείττονι.

2327 1965 2402 2016 Οὐ
2445 1968 2596 2036 μόνον
2627 1966 2675 2017 οἱ
2718 1964 3053 2037 εἰρηνεύοντες
3084 1963 3232 2017 αὐτοὶ
3277 1966 3408 2036 πρὸς
3454 1964 3663 2028 πάντας,
3719 1961 3845 2014 ἀλλὰ

2255 2058 2344 2105 καὶ
2397 2057 2446 2105 οἱ
2503 2053 2706 2125 ἑτέρους
2755 2053 3137 2114 στασιάζοντας
3185 2051 3645 2113 καταλλάσσοντες.
3692 2051 3844 2123 Εἰρη·

2255 2146 2457 2193 νοποιοὶ
2496 2138 2555 2194 δέ
2589 2142 2692 2194 εἰσι
2728 2147 2817 2194 καὶ
2870 2145 2918 2193 οἱ
2971 2139 3064 2194 διὰ
3093 2138 3442 2200 διδασκαλίας
3469 2144 3590 2202 τοὺς
3627 2138 3850 2212 ἐχθροὺς

2259 2238 2348 2282 τοῦ
2406 2237 2538 2284 Θεοῦ
2592 2229 2980 2304 ἐπιστρέφοντες
3033 2251 3044 2262 ·
3101 2233 3206 2282 υἱοὶ
3267 2225 3326 2282 δε
3387 2236 3520 2281 Θεοῦ
3579 2230 3626 2280 οἱ
3683 2235 3849 2280 τοιοῦ-

2256 2339 2355 2373 τοι.
2412 2323 2508 2372 Καὶ
2555 2323 2657 2392 γάρ
2700 2324 2788 2371 καὶ
2837 2321 2863 2370 ὁ
2915 2323 3192 2390 μονογενὴς
3246 2317 3556 2380 κατήλλαξεν
3603 2318 3737 2388 ἡμᾶς
3779 2322 3844 2386 τῷ

2257 2416 2389 2479 Θεῷ.

2325 2498 2590 2569 Μακάριοι
2637 2527 2705 2537 -
2747 2496 2995 2569 οὐρανῶν.
3050 2495 3321 2548 Βασιλείαν
3381 2494 3492 2566 (32)
3550 2502 3650 2546 τῶν
3701 2493 3851 2566 οὐρα-

2255 2595 2374 2649 νῶν,
2424 2589 2473 2639 οἱ
2528 2589 2617 2658 μὲν
2674 2589 2883 2656 λέγουσι
2935 2591 3026 2644 τὴν
3075 2585 3122 2636 ἐν
3179 2584 3415 2657 οὐρανοῖς
3468 2580 3757 2653 διαγωγὴν,
3803 2582 3851 2633 οἱ

2259 2673 2337 2742 δὲ,
2370 2681 2463 2734 τὴν
2511 2675 2782 2746 ἱσάγγελον
2827 2673 2874 2725 ἐν
2925 2674 3160 2748 οὐρανοῖς
3209 2675 3552 2737 κατάστασιν,
3586 2673 3634 2723 οἱ
3685 2667 3763 2737 δὲ,
3789 2673 3847 2722 τὸ

2258 2762 2391 2824 εἶδος
2451 2774 2548 2824 τῆς
2611 2766 2781 2823 θεῐκῆς
2851 2769 3169 2837 ὡραιότητος
3222 2771 3318 2814 τῶν
3376 2763 3700 2833 φορεσάντων
3759 2763 3844 2815 τὴν

2259 2854 2428 2906 εἰκόνα
2509 2861 2599 2905 τοῦ
2641 2853 2975 2926 ’ἐπουρανίου
3036 2895 3049 2917 ,
3107 2855 3221 2912 ἣτις
3303 2846 3516 2902 δίδοται
3581 2850 3712 2900 κατὰ
3789 2849 3842 2898 τό

2257 2946 2401 2994 ποιόν
2432 2961 2485 2993 τε
2513 2945 2602 2993 καὶ
2631 2945 2792 2992 ποσὸν
2824 2948 2912 3001 τῆς
2958 2940 3004 2992 ἐν
3049 2939 3252 3010 ἑκάστῳ
3288 2936 3649 3004 δικαιοσύνης,
3678 2939 3726 2989 οἱ
3764 2931 3841 3006 δε,

2256 3037 2349 3089 τὴν
2387 3032 2520 3082 κατὰ
2557 3032 2718 3104 χάριν
2762 3026 3047 3101 μετάδοσιν
3092 3037 3190 3080 τῶν
3243 3030 3474 3100 φυσίκῶς
3523 3027 3638 3097 (33)
3679 3043 3849 3099 προσ-

2257 3125 2412 3172 όντων
2461 3127 2532 3188 τῷ
2583 3126 2696 3188 Θεῷ
2750 3118 2956 3189 ἀγαθῶν
3003 3117 3144 3189 (34),
3189 3124 3300 3168 Τῶν
3346 3117 3614 3190 τεσσάρων
3664 3111 3739 3183 δὲ,
3790 3115 3848 3165 τὸ

2255 3213 2428 3282 τρίτον
2456 3212 2544 3260 καὶ
2572 3209 2628 3260 τὸ
2686 3210 2948 3282 τέταρτον,
2986 3211 3076 3259 καὶ
3129 3205 3402 3278 βασιλείαν
3447 3211 3538 3256 τοῦ
3589 3210 3722 3256 Θεοῦ
3773 3201 3849 3254 λί-

2254 3317 2462 3370 γουσιν.

2325 3392 2490 3438 Τοῦτο
2532 3383 2685 3452 εἶπεν,
2747 3386 2830 3436 ἶνα
2885 3388 2956 3456 μὴ
3013 3388 3254 3456 νομίσῃς,
3311 3384 3390 3435 ὅτι
3436 3387 3714 3453 πανταχοῦ
3762 3398 3854 3431 καο

2255 3474 2340 3526 λόν
2392 3476 2421 3531 ἡ
2479 3473 2675 3546 εἰρήνη.
2732 3476 3073 3530 Δικαιοσύνην
3141 3467 3200 3524 δὲ
3273 3479 3380 3530 νῦν,
3446 3471 3561 3542 (35)
3629 3469 3850 3522 καθόλου

2256 3569 2429 3616 πᾶσαν
2483 3561 2668 3634 ἀρετὴν
2705 3563 2986 3634 ὠνόμασεν.
3050 3562 3191 3614 Ἐπεὶ
3253 3556 3311 3613 δὲ
3359 3565 3447 3611 καὶ
3517 3561 3702 3611 τούτου
3762 3565 3850 3609 τοῦ

2257 3653 2659 3726 κατορθώματος
2733 3650 2949 3704 ἔπαθλον
3015 3652 3206 3703 τέθεικε
3269 3653 3364 3707 τὴν
3420 3647 3690 3720 βασιλείαν
3754 3655 3851 3698 τῶν

2256 3743 2500 3816 οὐρανῶν,
2554 3745 2624 3812 μὴ
2696 3736 3034 3812 δυσχεράνῃς
3079 3737 3162 3790 ἐπὶ
3227 3744 3332 3798 τοῖς
3386 3736 3584 3789 ἀλλοῖον
3635 3738 3853 3807 ἔχουσιν

2256 3830 2490 3884 ἔπαθλον.
2535 3829 2594 3882 Εἰ
2635 3831 2736 3904 γὰρ
2786 3833 2875 3880 καὶ
2925 3823 3168 3899 διάφοροι
3211 3821 3459 3879 δοκοῦσιν
3509 3825 3564 3878 αἰ
3607 3825 3855 3899 ῥηθεῖσαι

2257 3919 2496 3994 ἀμοιϐαὶ,
2564 3915 2658 3970 διὰ
2735 3922 2828 3975 τήν
2895 3917 3170 3989 ἑτερότητα
3242 3923 3341 3967 τῶν
3409 3914 3690 3986 ὀνομάτων,
3744 3911 3852 3963 ἀλλ’

2256 4005 2343 4062 οὖν
2400 4015 2565 4062 πᾶσαι
2612 4011 2706 4065 τὴν
2765 4005 3036 4077 βασιλείαν
3089 4014 3187 4058 τῶν
3241 4005 3466 4080 οὐρανῶν
3519 4003 3850 4054 αἰνίττονται.

2258 4102 2446 4157 ’Πάντες
2473 4099 2574 4168 γὰρ
2625 4097 2673 4148 οἱ
2702 4097 2895 4147 τούτων
2943 4094 3259 4167 ἀξιωθέντες,
3315 4097 3401 4146 καὶ
3433 4101 3528 4155 τῆς
3578 4089 3851 4164 βασιλείας

2257 4194 2354 4240 τῶν
2402 4185 2627 4258 οὐρανῶν
2669 4183 2992 4238 ἀπολαύουσι
3027 4203 3038 4216 ·
3099 4181 3133 4237 δ
3139 4188 3184 4237 ιὸ
3240 4187 3328 4237 καὶ
3376 4184 3554 4243 πάντες
3600 4181 3854 4254 μακάριοι

2180 4285 2226 4340 D
2259 4274 2536 4345 ὠνομάσθη
2547 4291 2662 4328 σαν.

571 4361 612 4428 -ξο
658 4360 784 4414 Non
835 4357 942 4414 soli
984 4360 1270 4428 martyres
1307 4359 1777 4430 persecutionem
1831 4359 2142 4430 sustinent,

573 4537 619 4573 ⁸⁸
647 4535 814 4592 Hebr.
850 4539 948 4608 xii,
983 4539 1066 4592 14.

2331 4363 2407 4416 Οὐ
2450 4365 2601 4434 μόνον
2655 4361 2768 4434 (36)
2824 4364 2874 4415 οἱ
2923 4365 3180 4438 μάρτυρες
3233 4357 3530 4428 διώκονται,
3587 4357 3714 4412 ἀλλὰ
3761 4362 3852 4411 καὶ

1732 4663 1954 4734 Varize
1982 4664 2313 4740 lectiones
2353 4678 2418 4737 et
2444 4676 2624 4738 notas

600 4807 687 4878 30)
713 4807 794 4862 Ex
821 4805 1083 4878 Theoph.
1115 4821 1175 4878 p.
1209 4806 1277 4862 26
1302 4807 1362 4862 E.

599 4877 692 4951 31)
720 4877 1044 4951 Theophyl.
1069 4877 1134 4951 pl
1164 4883 1229 4932 27
1260 4878 1326 4934 A.

599 4948 688 5021 32)
718 4948 949 5006 Inclusa
967 4948 1160 5006 codex
1185 4954 1440 5021 uterque
1454 4948 1638 5006 habet
1661 4948 1721 5004 in
1750 4951 2038 5021 margine.

600 5020 688 5096 33)
721 5022 1106 5096 Vehementer
1135 5020 1430 5096 discrepat
1455 5021 1801 5086 Hentenius,
1846 5020 1945 5096 qui
1984 5023 2150 5082 haud

503 5091 687 5151 dubie
710 5097 1029 5165 προσιόντων
1055 5091 1214 5162 legit.

576 5234 664 5304 (ιι)
693 5235 958 5290 Pravu-m.
985 5233 1266 5291 Deterius.

603 5307 734 5377 mm)
767 5307 865 5361 Ad
891 5307 1092 5361 Deum.
1129 5306 1244 5377 Dei.

603 5308 734 5377 mm)
767 5308 865 5361 Ad
891 5308 1092 5361 Deum.
1129 5308 1244 5360 Dei.

579 5308 709 5449 inn)
735 5377 984 5450 Speciem
1002 5407 1073 5417 —
1096 5375 1376 5450 visionisl
1388 5376 1917 5450 maginemdivinae
1943 5381 2153 5438 formae

507 5447 715 5529 eorum
741 5447 1196 5528 quihabOuerunt
1219 5447 1542 5517 imaginem
1570 5449 1841 5530 ccelestis.
1869 5453 2004 5510 Sine
2036 5453 2157 5509 ullo

507 5519 695 5578 dubio
727 5518 792 5574 ﬁt
821 5519 1032 5575 allusio
1059 5518 1136 5575 ad
1165 5519 1187 5571 Ι
1217 5520 1346 5575 Cor.
1384 5535 1480 5580 xv,
1509 5521 1598 5576 49.
1631 5524 1810 5580 Ικιῐω·
1838 5523 2052 5580 dubito
2082 5523 2158 5580 de

507 5536 695 5578 ClllDlO
727 5536 792 5574 nt
821 5536 1032 5575 aIIUSlO
1059 5536 1136 5575 8.0
1165 5536 1187 5571 1
1217 5536 1346 5575 μοι’.
1384 5536 1480 5584 XV,
1509 5536 1598 5576 43.
1632 5536 1810 5591 Igitur
1838 5536 2052 5580 αιωιιο
2082 5536 2154 5580 (16

506 5591 855 5669 integritate
885 5589 1172 5669 lectionis.
1221 5590 1336 5669 Aut
1387 5591 1547 5669 enim
1609 5597 1928 5669 φορεσὸντων
1963 5595 2154 5669 Ιθεοης

509 5660 677 5734 dtuli,
711 5665 816 5722 aut
840 5660 973 5723 loco
1011 5661 1319 5740 ἕπουρανίου
1351 5660 1769 5738 corrigendum
1796 5660 2156 5738 xotxoﬁ.'Sed

2328 4811 2440 4883 (34)
2481 4811 2568 4868 Ab
2597 4820 2696 4864 τῶν
2726 4810 2804 4867 ad
2820 4810 3062 4883 λέγουσιν
3093 4808 3309 4866 omittit
3338 4804 3691 4866 Hentenius.

2351 4885 2444 4950 35)
2487 4891 2612 4950 Νῦν,
2641 4882 2875 4940 omittit.
2905 4884 2973 4937 Α.

2351 4888 2416 4940 35
2487 4891 2612 4950 Νῦν,
2641 4885 2875 4940 omittit.
2905 4885 2973 4937 Α.

2327 4885 2444 5038 (ἔδβζ
2482 4958 2614 5038 Haec
2640 4955 2705 5038 in
2733 4953 3001 5038 margine
3023 4951 3252 5038 Ecdicis
3277 4947 3857 5038 reperitH‘enten‘iu's.

2258 5021 2362 5084 Mei
2389 5021 2503 5084 hoc
2529 5024 2748 5083 scholio
2779 5021 3003 5082 carent.
3033 5021 3451 5095 TheOphylacti
3481 5025 3586 5088 est,
3615 5036 3675 5093 p.
3708 5024 3773 5076 27
3793 5022 3859 5076 Β.

2261 5240 2421 5323 istud
2457 5238 2685 5297 facilius
2709 5242 2816 5296 est.
2849 5238 3169 5296 Hentenius
3194 5236 3323 5296 hrec
3354 5250 3601 5310 prorsus
3629 5235 3866 5308 praster-

2264 5317 2457 5456 ᾠῗδξὴ
2479 5382 3021 5456 Renzungrationem
3041 5411 3106 5423 —
3123 5379 3427 5456 accedunt.
3449 5375 3866 5436 Communica-

2267 5451 2509 5526 tionem,
2524 5469 2659 5526 quae
2679 5453 2744 5510 ﬁt
2759 5470 2860 5526 per
2876 5454 3151 5526 gratiam,
3165 5465 3373 5511 eorum
3393 5451 3864 5522 bonorum,quaa

2269 5525 2424 5582 Deus
2449 5524 2561 5582 ner
2573 5524 2852 5582 naturam
2889 5524 3096 5582 habet.

2337 5597 2465 5670 (pp)
2493 5597 2778 5670 Accepta.
2810 5599 3163 5656 Memorataa.
