4206 6310
277 294 380 354 191

1273 292 1626 353 COMMENT.
1670 296 1738 354 IN
1778 291 2230 358 MATTH/EUM.
2272 330 2339 340 —-
2379 300 2537 358 CAP.
2570 304 2637 360 V.

3532 300 3633 366 198

278 423 459 477 πολλοὶ
521 422 681 474 ἕνεκεν
740 427 831 473 τοῦ
903 420 1114 492 βοηθεῖν
1176 429 1283 482 τοῖς
1355 419 1736 495 ἀδικουμένοις,
1794 428 1877 478 καὶ

1990 426 2089 481 sed
2112 425 2349 497 plurimi
2377 442 2621 500 quoque
2643 427 2763 497 alii,
2793 432 2936 501 quia
2977 431 3096 487 illis
3119 435 3256 489 sunt
3293 432 3513 489 auxilio
3535 434 3643 504 qui

282 516 456 572 πάσης
512 510 686 571 ἁπλῶς
735 509 943 580 ἀρετῆς,
977 514 1288 567 Δικαιοσύνη
1335 514 1457 585 γὰρ,
1504 514 1533 570 η
1590 520 1737 565 πᾶσα
1767 512 1877 589 ἀρε-

281 606 367 659 τή.
407 601 545 653 Ἐπεὶ
593 604 684 651 καὶ
730 598 946 651 κλέπται
1001 604 1090 651 καὶ
1137 607 1297 671 φονεῖς
1348 597 1624 653 διώκονται
1682 602 1787 655 ἀλλ’
1820 602 1878 655 ού

279 691 546 764 μακάριοι.

347 868 617 940 Μακάριοι
675 895 739 904 -
792 866 953 918 ἕνεκεν
1010 863 1155 938 ἐμοῦ.
1217 863 1328 921 Ἵνα
1384 866 1496 939 (37)
1554 872 1625 940 μὴ
1691 869 1879 923 ὑπολά-

275 955 391 1028 ϐῃς,
454 957 535 1008 ὅτι
583 957 641 1006 τὸ
694 953 867 1016 ἁπλῶς
912 963 1154 1029 πονηροῖς
1194 955 1399 1029 ῥήμασι
1447 955 1734 1029 βάλλεσθαι
1775 979 1878 1031 μα-

272 1048 477 1117 κάριον,
513 1041 611 1096 δύο
659 1045 949 1117 προσέθηκε
994 1040 1321 1118 διορισμοὺς,
1372 1048 1451 1117 τὸ,
1505 1042 1676 1117 ψευδῆ
1710 1051 1775 1099 τὰ
1803 1046 1878 1099 λε·

269 1138 470 1206 γόμενα
509 1130 661 1199 εἶναι,
720 1138 809 1185 καὶ
860 1130 954 1186 διὰ
986 1136 1073 1185 τὸν
1120 1137 1349 1207 Χριστὸν
1394 1141 1559 1188 ταῦτα
1602 1135 1870 1207 λέγεσθαι.

275 1224 338 1277 Εἰ
368 1225 470 1296 γὰρ
522 1227 594 1295 μὴ
646 1229 813 1294 ταῦτα
855 1223 1019 1284 οὕτως
1062 1225 1193 1295 ἔχει,
1227 1223 1416 1295 μᾶλλον
1471 1224 1648 1287 ἄθλιος
1701 1227 1727 1276 ό
1782 1245 1877 1277 κα-
1918 1240 1928 1247 “

275 1319 379 1374 κῶς
429 1310 650 1367 ἀκούων.
701 1315 765 1365 Τί
821 1319 921 1363 τῶν
974 1311 1231 1387 ῥηθεισῶν
1286 1316 1481 1366 τούτων
1530 1317 1877 1389 παραινέσεων

277 1398 697 1476 παραδοξότερον
748 1401 935 1472 γένοιτ’
995 1400 1075 1468 ἂν,
1138 1403 1258 1454 ὅταν
1332 1406 1399 1455 τὰ
1475 1410 1604 1456 πᾶσι
1662 1406 1874 1475 φευκτὰ,

275 1496 412 1543 πᾶσι
459 1492 673 1543 ποθεινὰ
723 1494 955 1561 γίνηται,
1003 1486 1098 1543 διὰ
1142 1495 1235 1550 τὴν
1283 1500 1384 1545 τῶν
1441 1491 1671 1545 ἐπάθλων
1719 1512 1878 1565 μεγα-

276 1579 520 1638 λειότητα
552 1596 565 1646 ;
596 1579 653 1632 εΟ
700 1576 759 1631 δὲ
804 1583 891 1632 καὶ
920 1583 1159 1654 φορτικὰ,
1208 1586 1298 1633 καὶ
1343 1579 1548 1633 ἐναντὶα
1596 1590 1658 1655 τῇ
1715 1587 1878 1656 μέχρι

279 1674 397 1721 τότε
452 1671 699 1740 συνηθείᾳ
752 1676 851 1720 τῶν
900 1668 1178 1744 ἀνθρώπων
1228 1666 1576 1743 δογματίσας,
1613 1672 1749 1743 ὅμως
1788 1676 1877 1723 καὶ

283 1760 479 1829 ἔπεισε,
508 1763 598 1811 καὶ
626 1760 787 1811 πείθει
816 1755 1014 1830 σχεδόν
1049 1765 1218 1811 πᾶσαν
1254 1764 1345 1817 τὴν
1373 1760 1695 1832 οἰκουμένην,

1988 508 2328 567 afﬁciuntur
2355 510 2594 580 injuria,
2636 516 2693 567 et
2732 514 3137 571 universaliter
3166 524 3402 588 pr0pter
3429 532 3642 589 quam-

1989 610 2219 668 cunque
2260 597 2556 653 virtutem.
2603 597 2834 656 Justitia
2877 601 3172 674 siquidem
3223 604 3416 660 omnis
3452 605 3640 660 virtus

1988 689 2096 741 est.
2141 687 2316 741 Fures
2354 702 2495 743 vero
2525 687 2701 744 etiam
2735 689 3050 747 homicidae
3091 693 3498 764 perfectionem
3537 709 3642 766 pa-

1991 772 2201 831 tientur
2229 791 2352 831 non
2382 781 2582 833 tamen
2610 777 2768 835 beati
2807 780 3102 837 dicuntur.

2060 862 2222 919 Vers.
2263 865 2351 920 11.
2384 865 2553 922 Beati
2578 897 2638 908 -
2661 874 2901 938 propter
2938 886 3043 925 me.
3075 870 3164 926 Ad
3195 872 3500 943 apostolos
3532 872 3639 945 qui

1987 952 2256 1019 aderant,
2297 970 2635 1012 sermonem
2675 958 2889 1029 dirigit,
2934 959 3252 1016 ostendens
3291 962 3637 1018 doctoribus

1986 1042 2294 1114 proprium
2319 1060 2448 1100 esse
2487 1045 2721 1117 probris
2760 1046 2935 1103 afﬁci.
2978 1052 3057 1105 Ne
3087 1053 3287 1106 autem
3327 1051 3637 1121 suspiceris

1986 1131 2146 1202 quod
2168 1132 2506 1203 simpliciter
2522 1135 2719 1191 verbis
2742 1136 2916 1192 malis
2941 1137 3147 1210 impeti
3176 1139 3249 1194 sit
3266 1138 3533 1204 beatum,
3554 1139 3640 1194 id-

1986 1220 2141 1275 circo
2171 1221 2417 1291 addidit,
2449 1238 2581 1294 quas
2609 1224 2785 1295 plane
2815 1225 3259 1283 distinctionem
3277 1227 3523 1293 faciunt,
3557 1227 3640 1282 vi-

1984 1307 2196 1365 delicet
2227 1314 2292 1366 ut
2325 1327 2457 1383 quas
2484 1313 2761 1369 dicuntur
2798 1315 3110 1370 mendacia
3140 1316 3274 1385 sint,
3308 1323 3364 1372 et
3396 1320 3637 1388 propter

1988 1397 2282 1454 Christum
2308 1415 2379 1455 ea
2399 1400 2693 1458 dicantur.
2720 1403 2941 1467 Quodsi
2959 1404 3085 1460 haec
3104 1420 3223 1460 non
3240 1406 3318 1461 ita
3335 1421 3395 1460 se
3411 1404 3639 1461 habent

1987 1488 2169 1543 miser
2207 1489 2406 1559 potius
2438 1495 2525 1545 est
2554 1491 2660 1562 qui
2691 1492 2843 1546 male
2876 1493 3066 1561 audit,
3100 1498 3301 1565 utpote
3340 1494 3635 1565 plurimos

1986 1577 2108 1632 suis
2130 1577 2300 1633 malis
2318 1579 2595 1650 operibus
2617 1579 2945 1637 offendens.
2967 1582 3120 1647 Quid
3150 1598 3292 1652 ergo
3314 1583 3404 1638 his
3433 1583 3641 1639 admo-

1985 1666 2300 1722 nitionibus
2323 1668 2651 1724 mirabilius
2672 1685 2798 1725 esse
2826 1672 3061 1742 potest?
3086 1672 3311 1727 utinam
3328 1688 3470 1727 vero
3500 1688 3635 1743 quia

1907 1757 1951 1811 B
1985 1756 2063 1811 ab
2105 1756 2381 1811 omnibus
2424 1758 2739 1824 evitantur,
2800 1775 3165 1831 praemorum
3227 1761 3636 1832 magnitudine

278 1846 433 1903 ﬁant
461 1847 743 1903 omnibus
763 1847 1177 1905 desiderabilia
1209 1850 1327 1920 (qq)
1353 1852 1501 1906 Nam
1519 1850 1621 1922 qui
1645 1850 1850 1920 gravia
1872 1865 1940 1906 ac
1955 1845 2206 1901 molesta
2231 1851 2287 1901 et
2313 1846 2633 1903 hominum
2655 1849 3074 1904 consuetudini
3100 1849 3178 1906 ad
3193 1850 3254 1906 id
3284 1866 3475 1922 usque
3494 1854 3638 1906 tem-

276 1936 448 2009 pOris
479 1937 772 1994 contraria
799 1937 1147 2009 prmoripsit,
1182 1939 1474 2009 persuasit
1507 1944 1709 1995 tamen
1738 1945 1795 1995 et
1824 1936 2142 2012 persuadet
2166 1934 2446 1990 universo
2470 1934 2591 1990 fere
2620 1937 2760 1991 orbi.

349 2031 574 2100 Χαίρετε
630 2057 697 2067 -
753 2026 1005 2099 οὐρανοῖς.
1084 2031 1302 2100 Χαίρετε
1373 2033 1463 2080 καὶ
1538 2027 1869 2101 ἀγαλλιᾶσθε,

273 2116 461 2176 πάντες
499 2117 550 2168 οἱ
602 2111 993 2187 ὀνειδιζόμενοι,
1053 2120 1143 2168 καί
1193 2113 1521 2189 διωκόμενοι,
1560 2122 1649 2170 καὶ
1704 2127 1876 2180 κακῶς

274 2203 572 2274 ἀκούοντες,
604 2208 669 2265 ὡς
705 2208 930 2279 εἴρηται.
982 2204 1149 2257 Εἰπὼν
1195 2202 1272 2271 δὲ,
1307 2208 1387 2258 ὅτι
1428 2208 1452 2257 ὁ
1502 2208 1702 2268 Μισθὸς
1733 2209 1874 2279 ὑμῶν

269 2293 433 2355 πολύς
480 2292 529 2345 ἐν
578 2300 687 2355 τοῖς
734 2294 792 2346 ού
844 2301 1004 2365 ανοῖς,
1060 2292 1292 2366 ἐπήγαγε
1342 2300 1430 2347 καὶ
1482 2295 1653 2368 ἑτέραν
1704 2299 1873 2371 παρά-

268 2382 484 2441 κλησιν.

344 2474 387 2541 -ι-
422 2475 493 2525 Τὸ
526 2473 629 2543 γὰρ
830 2473 1103 2544 ὑπομεῖναι
1134 2468 1349 2539 ὄνειδος,
1396 2477 1532 2545 μέγα
1578 2478 1667 2526 καὶ
1718 2474 1876 2546 χαλε-

272 2566 533 2616 πώτατον.
568 2563 655 2613 Διὸ
683 2564 775 2613 καὶ
812 2562 837 2611 ό
876 2560 1008 2628 Ἰὼϐ,
1049 2565 1166 2622 τοὺς
1209 2561 1389 2622 ἀλλους
1433 2564 1707 2635 ὑπομείνας
1756 2581 1874 2614 πει-

276 2654 529 2724 ρασμούς,
561 2654 679 2703 τότε
721 2649 952 2721 μάλιστα
982 2650 1279 2725 ἐταράχθη,
1311 2653 1394 2704 ὅτε
1424 2649 1690 2712 ὠνείδιζον
1733 2652 1874 2723 αὐτῷ

276 2742 325 2792 οἱ
357 2740 512 2812 φίλοι,
536 2740 607 2801 ὡς
633 2735 708 2792 δι’
735 2739 995 2814 ἁμαρτίας
1021 2742 1308 2812 πάσχοντι.

345 2916 501 2968 Οὕτω
529 2947 594 2958 -
628 2918 749 2977 τοὺς
777 2919 878 2991 πρὸ
909 2919 1070 2990 ὑμῶν.
1107 2918 1360 2971 Ἐντεῦθεν
1405 2921 1637 2992 φανερὸν,
1671 2919 1751 2971 ὅτι
1794 2922 1870 2971 τό·

272 3006 544 3079 Μακάριοί
575 3004 712 3070 ἐστε,
760 3010 848 3058 καὶ
876 3007 940 3059 τα
978 3006 1111 3072 ἑξῆς,
1147 3003 1296 3068 ἰδίως
1340 3010 1469 3079 πρὸς
1498 3011 1612 3067 τούς
1643 3010 1877 3079 μαθητὰς

2059 2025 2216 2079 Vers.
2253 2024 2341 2081 12.
2378 2024 2642 2081 Gaudete
2668 2055 2736 2063 —
2766 2026 2943 2082 caelis.
2980 2026 3241 2083 Gaudete
3280 2031 3336 2084 et
3380 2028 3635 2084 exultate

1982 2112 2189 2184 spiritu
2218 2112 2584 2185 quicumque
2610 2114 2805 2185 proba
2825 2131 2894 2172 ac
2917 2116 3359 2186 persecutiones
3388 2116 3635 2173 sustine-

1981 2202 2054 2255 tis
2084 2206 2141 2257 et
2179 2203 2363 2257 modo
2398 2219 2508 2274 quo
2543 2202 2771 2259 dictum
2816 2211 2904 2259 est
2941 2204 3094 2260 male
3121 2206 3360 2262 auditis.
3419 2205 3636 2262 Dicens

1983 2295 2183 2349 autem
2211 2290 2447 2349 :Merces
2474 2297 2669 2349 vestra
2698 2293 2881 2349 multa
2906 2299 2988 2349 est
3008 2295 3067 2349 in
3092 2295 3253 2352 cretis
3285 2295 3465 2351 aliam
3488 2311 3634 2366 quo-

1983 2395 2100 2451 que
2129 2379 2593 2437 consolationem
2624 2380 2873 2437 induxit.

2054 2469 2096 2538 -ι-
2122 2454 2272 2523 Nam
2294 2469 2621 2539 opprobria
2638 2470 2931 2525 sustinere
2969 2486 3259 2542 magnum
3282 2476 3388 2537 est,
3413 2475 3469 2527 et
3505 2487 3634 2543 gra-

1981 2571 2054 2612 ve
2085 2555 2429 2612 admodum.
2459 2557 2620 2612 Unde
2650 2564 2705 2612 et
2724 2557 2832 2613 Job
2853 2563 3167 2630 postquam
3193 2559 3339 2616 alias
3367 2559 3635 2615 tentatio-

1983 2660 2090 2701 nes
2140 2648 2430 2717 patienter
2478 2645 2839 2713 toleraverat,
2875 2652 3009 2704 tanc
3058 2650 3315 2704 maxime
3363 2648 3634 2704 turbatus

1983 2739 2094 2798 est.
2120 2734 2366 2805 quando
2392 2734 2471 2791 ab
2489 2735 2698 2791 amicis
2724 2736 3062 2807 opprobriis
3088 2736 3483 2803 afﬁciebatur,
3511 2743 3633 2793 tan-

1982 2839 2168 2896 quam
2198 2828 2433 2895 propter
2464 2829 2707 2895 peccata
2732 2841 2843 2881 sua
2872 2830 3192 2897 pateretur.

2056 2912 2219 2967 Vers.
2254 2914 2338 2968 ‘12.
2370 2912 2468 2969 Ita
2497 2943 2557 2953 —
2585 2928 2687 2985 qui
2725 2929 2823 2970 vos
2852 2921 3291 2983 praeesserunt.
3339 2916 3480 2970 Hinc
3510 2931 3635 2971 ma-

1985 3000 2263 3056 nifestum
2290 3007 2376 3057 est
2395 3001 2559 3073 quod
2581 3001 2754 3058 illud:
2786 3004 3118 3067 Bealiestis,
3135 3009 3268 3071 etc.,
3290 3004 3528 3075 proprie
3555 3004 3635 3059 ad

274 3096 472 3166 εἴρηκε,
524 3090 618 3146 διὰ
659 3098 820 3167 μέσου
872 3092 931 3147 δὲ
962 3096 1148 3161 αὐτῶν,
1199 3101 1288 3148 καὶ
1324 3100 1452 3170 πρὸς
1482 3096 1730 3163 ἅπαντας,
1763 3098 1877 3149 ὅσοι

1990 3088 2308 3161 discipulos
2338 3091 2566 3156 dixerit,
2610 3096 2666 3147 et
2688 3092 2837 3163 ipsis
2880 3092 3304 3159 mediantibus,
3349 3094 3525 3148 etiam
3557 3094 3633 3147 ad

274 3183 526 3255 μέλλουσι
564 3186 840 3256 μιμεῖσθαι
888 3189 1005 3245 τοὺς
1055 3186 1296 3256 μαθητὰς
1348 3186 1532 3242 αὐτοῦ,
1584 3187 1733 3239 Ούτω
1773 3188 1874 3258 γὰρ

274 3269 517 3339 ἐδίωξαν,
554 3278 704 3344 φησὶ,
734 3277 856 3335 τοὺς
907 3279 1178 3348 προφήτας
1229 3277 1345 3335 τοὺς
1395 3278 1496 3348 πρὸ
1553 3276 1719 3347 ὑμῶν.
1762 3282 1877 3336 Πῶς

278 3363 436 3422 οὕτως
483 3378 496 3428 ;
555 3358 929 3422 Ὀνειδίζοντες
984 3358 1245 3431 δηλονότι,
1298 3368 1383 3415 καὶ
1440 3360 1735 3429 διώκοντες,
1788 3368 1877 3416 καὶ

277 3450 508 3521 λέγοντες
554 3456 654 3502 πᾶν
701 3454 924 3523 πονηρὸν
973 3452 1116 3524 ῥῆμα
1160 3452 1273 3523 (39)
1319 3451 1433 3503 κατ’
1481 3452 1645 3504 αὐτῶν
1674 3450 1877 3523 ψευδό-

274 3559 441 3613 μενοι,
466 3540 628 3593 ἔνεκεν
664 3548 755 3591 τοῦ
804 3547 957 3594 Θεοῦ.
990 3538 1186 3613 ’Ὠσπερ
1241 3542 1342 3614 γὰρ
1400 3542 1547 3612 ὑμεῖς
1599 3542 1721 3615 παρ’
1752 3540 1876 3614 ἐμοῦ

276 3627 734 3693 ἀποσταλήσεσθε,
786 3628 1114 3701 κηρύξοντες,
1165 3630 1266 3680 ὅσα
1321 3627 1614 3702 ἐντελοῦμαι
1667 3648 1678 3659 ·
1743 3631 1876 3683 οὕτω

279 3714 346 3775 δὴ
378 3716 607 3770 κάκεῖνοι
634 3720 782 3792 παρὰ
831 3726 923 3769 τοῦ
981 3725 1114 3771 Θεοῦ
1163 3717 1548 3774 ἀπεστάλησαν.
1586 3718 1751 3771 Εἰπὼν
1795 3716 1873 3785 δὲ,

280 3808 363 3857 ὅτι
391 3810 520 3867 Τοὺς
559 3811 828 3879 προφήτας
871 3810 992 3860 τοὺς
1034 3811 1133 3880 πρὸ
1167 3808 1329 3877 ὑμῶν,
1376 3807 1625 3878 ἐνέφηνεν,
1658 3809 1737 3859 ὅτι
1788 3813 1878 3860 καὶ

284 3893 429 3945 οὖτοι
456 3898 923 3968 προφητεύσουσιν.
991 3893 1099 3966 [Εἰ
1145 3895 1259 3966 (40)
1304 3898 1471 3946 τοίνυν
1525 3894 1736 3956 ἐκείνοις
1786 3896 1878 3947 οὐκ

286 3979 346 4041 ἦν
373 3981 637 4054 ἐπίψογον,
666 3988 722 4035 τὸ
753 3986 982 4055 πάσχειν
1011 3979 1105 4035 διὰ
1144 3986 1294 4051 Θεὸν,
1326 3985 1524 4044 πάντως
1554 3980 1671 4036 οὐδ’
1710 3984 1879 4056 opim}

286 4070 435 4124 Οὕτω
489 4078 591 4132 τοῖς
645 4078 936 4145 προφήταις
984 4077 1295 4144 παρισὼσας
1342 4071 1547 4139 αύτούς,
1599 4069 1877 4131 ἀνέστησεν

284 4160 448 4212 αὐτῶν
478 4162 543 4212 τὰ
572 4166 890 4235 φρονήματα.

351 4249 503 4302 Βλέπε
544 4245 624 4317 δὲ,
656 4252 785 4322 μετὰ
828 4254 994 4310 πόσας
1039 4248 1239 4311 ἐντολὰς
1286 4253 1372 4303 τὸν
1407 4254 1740 4325 μακαρισμὸν
1785 4258 1877 4303 τοῦ

280 4334 518 4411 διωγμοῦ
572 4346 664 4391 τοῦ
703 4340 862 4391 ἕνεκεν
919 4336 1276 4407 δικαιοσύνης,
1331 4344 1421 4392 καὶ
1472 4343 1557 4392 τὸν
1609 4348 1700 4393 τοῦ
1750 4338 1878 4392 ὀνει-

1984 3194 2213 3245 omnes,
2232 3178 2328 3249 qui
2340 3179 2666 3250 discipulos
2679 3197 2818 3237 suos
2832 3186 3030 3237 essent
3053 3181 3357 3237 imitatur].
3375 3182 3465 3237 [ta
3479 3182 3633 3237 enim

1983 3267 2187 3339 inquit,
2216 3270 2514 3337 persecuti
2534 3276 2671 3324 sunt
2696 3270 3042 3338 prophetas,
3074 3270 3172 3341 qui
3202 3285 3302 3325 vos
3326 3284 3635 3339 praecesse-

1984 3362 2146 3411 runt.
2165 3359 2291 3421 Quo
2320 3357 2501 3412 modo
2523 3357 2605 3413 ita
2620 3359 2647 3413 ‘I
2664 3358 2987 3429 opprobrio
3014 3358 3285 3414 videlicet
3313 3358 3636 3415 afﬁcientes

1984 3450 2042 3502 et
2071 3451 2494 3518 persequentes
2536 3451 2593 3502 et
2627 3448 2888 3504 dicentes
2916 3464 3095 3503 omne
3135 3448 3359 3504 malum
3387 3447 3635 3504 verbum

1985 3535 2346 3604 mentiendo,
2385 3541 2629 3609 propter
2677 3541 2883 3593 Deum.
2934 3538 3093 3594 Sicut
3139 3539 3300 3594 enim
3337 3554 3444 3594 vos
3480 3554 3515 3593 a
3552 3553 3637 3593 me

1986 3626 2300 3682 mittemini
2332 3626 2699 3698 praedicaturi
2740 3642 3111 3699 quaecunque
3150 3642 3506 3699 prmcepero,
3556 3627 3639 3683 ita

1986 3718 2043 3770 et
2070 3714 2153 3769 illi
2180 3730 2216 3770 a
2245 3718 2362 3770 Deo
2392 3716 2557 3770 missi
2577 3719 2765 3771 erant.
2803 3716 3010 3772 Dicens
3036 3720 3238 3772 autem
3268 3733 3281 3771 :
3315 3716 3639 3786 Pr0pltetas

1988 3804 2088 3874 qui
2127 3818 2220 3859 vos
2260 3807 2698 3872 prwcesserunt,
2744 3804 3089 3860 manifestat
3131 3804 3298 3875 quod
3353 3804 3534 3859 etiam
3576 3803 3639 3858 hi

1989 3891 2449 3964 prophetabunt.
2488 3894 2543 3948 Si
2565 3907 2721 3962 ergo,
2742 3893 2956 3964 inquit,
2972 3908 3093 3949 non
3110 3898 3235 3948 erat
3263 3892 3375 3947 illis
3402 3892 3639 3947 indeco-

1987 3997 2122 4036 rum
2176 3982 2296 4053 pati
2352 3985 2585 4052 prepter
2639 3985 2845 4047 Deum,
2916 3997 3111 4053 neque
3160 3982 3411 4038 omnino
3446 3980 3637 4036 vobis.

1988 4073 2074 4126 Ita
2098 4069 2402 4141 prophetis
2432 4085 2534 4127 eos
2572 4070 2972 4143 adaequando,
3005 4075 3233 4127 mentes
3261 4070 3446 4126 erexit
3477 4069 3639 4141 ipso-

1989 4174 2145 4215 rum.

2059 4249 2321 4305 Observa
2337 4252 2539 4307 autem
2564 4252 2861 4322 postquot
2883 4252 3182 4322 praecepta
3212 4248 3476 4320 posuerit
3494 4247 3645 4304 bea-

1985 4338 2299 4395 titudinem
2327 4339 2643 4395 tolerandae
2671 4339 3118 4411 persecutionis,
3149 4354 3285 4411 quae
3314 4337 3381 4392 ﬁt
3401 4341 3644 4409 propter

278 4423 499 4499 δισμοῦ,
545 4432 634 4480 καὶ
690 4436 781 4488 τῆς
840 4425 1077 4493 διώξεως,
1130 4433 1220 4481 καὶ
1275 4438 1371 4489 τῆς
1426 4428 1739 4501 κακολογίας
1793 4433 1877 4482 τέ-

1990 4427 2292 4498 iustitiam,
2321 4432 2376 4484 et
2405 4444 2471 4484 ex
2483 4428 3042 4500 probrationis,quee
3071 4428 3137 4484 ﬁt
3155 4431 3397 4499 propter
3422 4442 3493 4482 ac
3514 4442 3643 4481 ma-

280 4518 438 4586 θεικε,
472 4514 666 4585 δηλῶν,
703 4519 783 4570 ὅτι
823 4523 930 4591 χρὴ
976 4519 1171 4578 πάσαις
1215 4526 1332 4579 ταῖς
1380 4518 1768 4592 προλαϐούσαις
1805 4516 1878 4570 ἐν·

274 4605 454 4668 τολαίς
498 4609 953 4678 συγκεκροτῆσθαι
1000 4610 1086 4659 τὸν
1136 4606 1204 4667 εἰς
1247 4610 1460 4668 τούτους
1515 4611 1629 4668 τοὺς
1676 4606 1879 4678 ἀγῶνας

277 4691 655 4768 ἀποδυόμενον.
690 4700 783 4749 Διά
835 4704 985 4750 τοῦτο
1031 4699 1132 4771 γὰρ
1185 4700 1274 4749 καὶ
1325 4696 1469 4760 τάξει
1505 4701 1609 4750 τινὶ
1657 4698 1876 4770 χρησά-

273 4806 425 4861 μενος
468 4790 682 4862 χρῦσῆν
727 4789 852 4860 ἡμῖν
903 4788 1078 4862 σειρὰν
1129 4786 1334 4859 ύφηνεν.
1384 4786 1442 4842 Ὀ
1487 4789 1577 4861 μὲν
1629 4788 1730 4861 γὰρ
1779 4805 1877 4842 τα-

1984 4516 2038 4572 le
2089 4517 2404 4583 dictorum,
2437 4517 2605 4589 quod
2643 4517 2926 4574 omnibus
2980 4516 3281 4589 praedictis
3323 4514 3643 4572 virtutibus

1986 4606 2364 4679 oporteatadj
2376 4610 2544 4662 utum
2556 4622 2681 4663 esse
2695 4623 2834 4664 eum
2845 4607 2950 4678 qui
2962 4606 3091 4662 haac
3103 4605 3419 4662 certamina
3432 4618 3640 4674 aggre-

1986 4695 2330 4753 ditur.Nam
2360 4696 2496 4753 ideo
2516 4711 2758 4769 quoque
2784 4701 2940 4752 certo
2970 4712 3110 4750 usus
3134 4695 3364 4759 ordine,
3390 4708 3641 4750 auream

1986 4784 2159 4843 nobis
2187 4790 2464 4843 catenam
2510 4786 2840 4843 contexuit.
2877 4784 2988 4850 Qui
3009 4784 3170 4840 enim
3217 4782 3422 4841 animo
3442 4781 3642 4837 humi-

1495 4966 1715 5037 Variaa
1758 4966 2084 5035 lectiones
2123 4974 2191 5035 et
2218 4974 2423 5035 notae.

347 5160 460 5247 (37)
500 5165 644 5247 ante
667 5164 797 5247 haec
812 5179 884 5220 ex
903 5163 1228 5247 Theophyl.
1245 5167 1385 5247 p.2_7
1417 5163 1465 5247 C_
1490 5163 1655 5247 addit
1678 5163 1871 5247 versio

275 5236 561 5321 Hentenii,
584 5251 720 5321 quae
742 5240 945 5321 tamen
966 5236 1083 5321 mei
1105 5236 1227 5321 nOn
1249 5237 1473 5321 habent
1495 5251 1514 5321 ξ
1530 5238 1638 5309 Πρὸ
1640 5255 1670 5321 5
1689 5239 1872 5321 πορόν-

276 5324 369 5395 τας
421 5312 536 5369 τούς
589 5304 906 5395 ἀποστόλους
961 5306 1300 5395 ἆπρτεὶνεται,
1351 5304 1587 5395 διεπινὺς,⁷
1632 5309 1713 5395 ὃῖι
1758 5304 1872 5395 ’μαξ-

276 5376 429 5433 λιστα
468 5387 568 5433 τῶν
618 5376 958 5434 διδασκάλων
994 5377 1134 5433 ἴδιον
1164 5384 1221 5433 τὸ
1269 5376 1638 5441 ὀνειδίζεσθαι.
1672 5376 1782 5432 Ἰνα
1813 5376 1872 5431 δε

1987 5167 2060 5237 μὴ
2082 5183 2134 5219 κ.
2167 5184 2223 5220 τ.
2257 5161 2305 5217 λ.

2044 5235 2154 5307 (38)Δ
2191 5232 2621 5307 Theophylact.
2662 5248 2720 5305 p.
2754 5230 2819 5289 27
2853 5232 2915 5290 C.

2080 5305 2167 5378 39)
2206 5306 2373 5378 Ῥῆμα
2394 5305 2617 5378 omittit

2053 5305 2144 5363 '39
2206 5306 2373 5378 Ῥῆμα
2394 5305 2617 5361 omittit
2653 5308 2717 5364 Β.

2053 5305 2441 5450 E40i01nclusa
2473 5377 2689 5434 omittit
2711 5381 2782 5434 Α.

349 5559 467 5632 (qq)
505 5557 1277 5633 Utinam—desiderabilia.
1307 5558 1456 5617 Cum
1481 5576 1552 5619 ea
1589 5574 1727 5633 quae
1773 5556 2059 5617 omnibus
2098 5556 2375 5615 videntur
2420 5555 2716 5629 fugienda,
2772 5555 3057 5615 omnibus
3085 5551 3239 5615 ﬁunt
3285 5555 3639 5629 expetenda,

284 5638 520 5705 propter
546 5632 936 5707 prasmiorum
956 5632 1454 5704 magnitudinem.
