4206 6310
549 299 652 359 199
1577 334 1584 340 ν
1675 331 1682 338 ι
1868 289 2210 350 EUTHYMII

2255 286 2586 349 ZIGABENI
3799 289 3907 347 200

545 428 617 483 lis
647 432 757 492 est,
813 427 1054 498 propria
1105 426 1327 494 lugebit
1385 428 1624 488 errata;
1657 423 1755 494 qui
1813 437 1952 477 vero
2007 420 2193 490 luget,

2242 421 2276 474 Α
2306 423 2495 489 πεινός,
2542 425 2632 473 καὶ
2686 422 2752 472 τὰ
2798 420 2963 473 οἰκεῖα
3009 421 3256 480 πενθήσει
3313 419 3429 492 (41)
3479 423 3903 493 παραπτώματα·

546 516 726 572 etiam
783 516 938 570 mitis
991 515 1143 570 erit:
1183 520 1239 570 et
1281 515 1380 584 qui
1434 516 1783 568 mansuetus
1840 516 1950 576 est,
2001 510 2197 580 justus

2307 511 2332 560 6
2383 506 2442 562 δὲ
2489 518 2656 561 ταῦτα
2701 512 2914 581 πενθῶν,
2957 515 3046 562 καὶ
3092 516 3255 584 πρᾶος
3294 511 3466 561 ἔσται’
3525 511 3550 560 6
3617 504 3676 560 δὲ
3720 513 3905 582 πρᾶος,

542 620 784 677 quoque
811 606 916 661 erit
954 604 1203 660 omnino
1232 621 1244 657 :
1268 603 1468 673 justus
1496 617 1652 665 vero,
1685 600 1864 655 etiam
1895 599 2199 654 miserebi-

2305 600 2509 660 πάντως
2540 602 2686 651 ἔσται
2722 605 2812 651 καὶ
2856 597 3079 659 δίκαιος·
3116 601 3141 651 6
3183 596 3241 652 δὲ
3272 595 3499 666 δίκαιος,
3544 602 3634 649 καὶ
3683 595 3903 654 ἐλεήσει·

542 698 650 749 tur.
694 694 792 749 His
844 698 1045 750 autem
1103 692 1386 748 omnibus
1441 705 1620 762 opere
1668 688 1958 761 perfectis,
2015 687 2195 743 etiam

2306 689 2332 738 6
2382 685 2440 740 δὲ
2491 696 2658 740 ταῦτα
2712 691 2881 741 πάντα
2936 691 3292 763 κατορθώσας,
3351 693 3440 740 καὶ
3509 686 3620 758 (42)
3675 688 3909 760 καθαρὸς

542 784 808 839 mundus
864 785 970 838 erit
1011 783 1210 848 corde,
1251 780 1383 835 talis
1434 796 1576 835 vero
1619 777 1908 850 paciﬁcus
1959 792 2197 850 quoque

2306 779 2453 828 ἔσται
2509 785 2571 850 τῇ
2632 775 2846 850 καρδίᾳ·
2893 780 2918 829 6
2967 775 3026 830 δὲ
3081 785 3332 844 τοιοῦτος,
3363 781 3453 828 καὶ
3511 776 3843 850 εἰρηνοποιός’
3881 777 3905 826 6

539 876 677 940 erit;
709 873 807 942 qui
860 877 1056 927 autem
1111 872 1229 926 huc
1261 886 1448 941 usque
1482 867 1741 940 profecit,
1803 867 1881 924 ad
1931 867 2197 940 pericula

2307 862 2366 918 δὲ
2413 869 2577 940 μέχρι
2625 869 2811 919 τούτου
2842 866 3130 941 προκόψας,
3163 871 3252 918 καὶ
3299 868 3428 940 πρὸς
3475 861 3746 924 κινδύνους
3797 883 3905 916 πα-

540 963 720 1020 etiam
748 961 1090 1024 exendetur,
1122 975 1191 1014 ac
1221 964 1428 1015 caetera
1453 974 1588 1030 quae
1611 961 1946 1028 sequuntur
1973 971 2196 1026 magno

2303 955 2605 1028 ρατάξεται,
2665 960 2754 1008 καὶ
2810 959 2875 1008 τὰ
2932 954 3043 1018 ἑξῆς
3099 957 3454 1012 ὑποστήσεται
3502 952 3902 1026 μεγαλοψύχως.

540 1052 746 1107 animo
793 1048 1083 1104 tolerabit.
1119 1048 1438 1118 Postquam
1490 1061 1632 1116 ergo
1679 1061 1817 1117 quae
1855 1050 2199 1117 opportuna

2306 1049 2628 1118 Παραινέσας
2657 1050 2827 1097 τοίνυν
2858 1045 2893 1096 ἃ
2921 1053 3202 1119 προσῆκεν,
3237 1043 3487 1096 ἀναπαύει
3536 1041 3688 1095 πάλιν
3719 1042 3907 1104 αὐτοὺς

541 1145 709 1194 erant
748 1136 1079 1205 admonuit,
1120 1152 1328 1192 rursus
1392 1135 1673 1192 laudibus
1728 1151 1829 1190 eos
1861 1138 2086 1190 recreat
2115 1134 2199 1188 di-

1066 1180 1079 1205 ,
1120 1152 1328 1192 rursus
1392 1135 1673 1192 laudibus
1728 1151 1829 1190 eos
1861 1138 2086 1190 recreat
2115 1134 2199 1188 di-
2304 1141 2412 1194 τοῖς
2435 1132 2727 1206 ἐγκωμίοις.

543 1243 703 1283 cens.

617 1318 775 1370 Vers.
793 1317 882 1372 13.
907 1316 1014 1371 Vos
1030 1345 1093 1354 ——
1111 1321 1310 1372 terra}.
1327 1316 1562 1369 Terram
1581 1313 1677 1369 hic
1699 1312 1975 1368 homines
1991 1311 2196 1384 appel-

2375 1312 2538 1385 Ὑμεῖς
2595 1345 2666 1355 —
2730 1322 2846 1384 γῆς.
2915 1320 3016 1372 Γῆν
3105 1313 3348 1382 ἐνταῦθα,
3429 1315 3550 1374 τοὺς
3609 1311 3906 1386 ἀνθρώπους

543 1403 701 1471 lavit,
733 1405 907 1476 quasi
933 1409 1141 1459 eterra
1171 1403 1482 1458 formatos.
1522 1405 1616 1458 Est
1641 1407 1838 1458 autem
1867 1405 2099 1457 tantum
2127 1416 2198 1456 ac

2306 1400 2560 1470 ἐκάλεσεν,
2619 1405 2689 1464 ὡς
2728 1401 2783 1454 ἐκ
2830 1411 2924 1474 γῆς
2979 1402 3322 1462 πλασθέντας.
3367 1400 3434 1454 ’⁸0
3481 1397 3541 1454 δὲ
3591 1400 3745 1472 λέγει,
3793 1419 3904 1453 τοι-

546 1494 594 1546 si
650 1493 916 1548 diceret:
957 1492 1241 1547 Homines
1294 1491 1354 1546 in
1403 1491 1660 1562 peccatis
1704 1489 2015 1562 putrefacti
2056 1493 2197 1544 sunt

2305 1497 2456 1544 οῦτόν
2513 1491 2675 1544 ἐστιν.
2739 1494 2804 1544 Οἱ
2860 1493 3124 1564 ἄνθρωποι
3199 1494 3380 1550 πάντες
3452 1496 3720 1548 σεσήπασι
3792 1496 3904 1551 ταῖς

543 1581 796 1652 corrupti
831 1581 908 1637 ab
938 1582 1190 1637 humore
1221 1579 1619 1636 aﬂ‘ectionum.
1661 1581 1775 1634 Vos
1818 1579 1998 1648 igitur
2022 1593 2058 1633 a
2103 1593 2196 1632 me

2307 1580 2607 1653 ἁμαρτίαις,
2691 1577 3063 1654 διαφθαρέντες
3126 1583 3226 1632 ύπό
3297 1587 3388 1640 τῆς
3459 1581 3740 1653 ὑγρότητος
3806 1587 3905 1629 τῶν

541 1670 708 1726 electi
726 1671 800 1726 ad
829 1670 1160 1729 curandam
1184 1669 1340 1725 hanc
1367 1669 1544 1725 totius
1571 1668 1779 1724 mundi
1800 1667 2192 1739 putredinem,

2306 1673 2502 1722 παθῶν·
2538 1672 2679 1742 ὑμεῖς
2714 1666 2822 1736 οὖν,
2865 1669 3149 1741 ἐκλεγέντες
3176 1669 3298 1744 παρ’
3343 1667 3466 1740 ἐμοῦ
3497 1671 3628 1742 πρὸς
3681 1668 3904 1739 ἰατρείαν

540 1760 680 1815 estis
703 1758 791 1814 sal
819 1763 1014 1815 terrae:
1039 1765 1278 1830 accepta
1311 1758 1524 1813 virtute
1550 1758 1628 1812 ad
1656 1755 2192 1825 conslringendum

2242 1776 2269 1830 3
2309 1767 2400 1822 τῆς
2431 1764 2766 1831 παγκοσμίου
2813 1762 3008 1820 ταύτης
3040 1755 3344 1824 σηπεδόνος,
3374 1757 3489 1809 ἐστέ
3527 1761 3585 1809 τὸ
3634 1756 3761 1818 ἅλας
3807 1764 3903 1808 τῶν

540 1848 702 1918 ipsos
733 1853 787 1902 et
817 1847 1270 1910 coarctandum,
1324 1852 1611 1918 praeterea
1642 1861 1710 1900 ac
1771 1844 2194 1910 occidendum,

2309 1847 2609 1920 ἀνθρώπων,
2644 1844 2867 1920 δύναμιν
2891 1847 3100 1919 λογικὴν
3153 1846 3206 1909 ἐξ
3251 1846 3375 1920 ἐμοῦ
3421 1844 3762 1918 λαμϐάνοντες
3791 1845 3902 1916 (43)

539 1951 763 1992 vermes
792 1935 1145 1998 invisibiles,
1199 1934 1311 1989 hoc
1341 1939 1446 1998 est,
1477 1938 1540 1987 ut
1572 1948 1677 2003 per
1705 1932 1922 1988 bonam
1953 1931 2194 2001 famam,

2310 1941 2516 2010 στύφειν
2558 1938 2741 1998 αὐτοὺς
2792 1942 2882 1989 καὶ
2929 1939 3278 2008 επισφίγγειν,
3308 1940 3398 1988 καὶ
3445 1934 3757 1987 ἀποκτείνειν

541 2021 859 2079 rationales
889 2021 1135 2078 affectus
1165 2038 1199 2076 a
1228 2021 1392 2093 gravi
1424 2025 1802 2092 peccatorum
1849 2020 2028 2076 odore
2059 2019 2200 2075 libe-

2307 2028 2428 2086 τούς
2489 2025 2743 2099 ἀοράτους
2807 2026 3097 2096 σκώληκας,
3159 2030 3292 2097 φημὶ
3361 2021 3429 2082 δή
3487 2028 3609 2085 τοὺς
3662 2022 3905 2095 ἐμπαθεῖς

545 2111 710 2168 retis.
2306 2113 2613 2185 λογισμούς,
2647 2113 2986 2167 ἀπαλλάττειν
3014 2111 3048 2166 δ
3052 2117 3074 2166 ε
3103 2121 3198 2174 τῆς
3225 2109 3500 2174 δυσωδίας
3531 2119 3631 2164 τῶν
3661 2111 3906 2184 ἁμαρτη-

2309 2205 2485 2276 μάτων
2494 2245 2506 2258 .

619 2291 660 2360 -ι-
703 2289 1008 2360 Prophetas
1049 2288 1125 2344 ad
1166 2304 1344 2345 unam
1399 2295 1634 2358 gentem
1685 2288 1847 2344 missi
1899 2297 2056 2354 sunt,
2100 2306 2202 2346 vos

2379 2295 2421 2363 -ι-
2461 2295 2526 2344 Οἱ
2557 2295 2646 2365 μὶν
2686 2300 2949 2366 προφῆται
2982 2291 3095 2363 (44)
3139 2291 3210 2352 εἰς
3248 2290 3296 2342 ἓν
3338 2292 3479 2352 ἔθνος
3511 2289 3898 2347 ἀπεστάλησαν·

549 2383 750 2433 autem
782 2375 869 2431 sal
900 2377 1040 2432 estis
1084 2377 1341 2432 universi
1372 2377 1559 2442 orbis,
1603 2392 1708 2449 per
1735 2377 2064 2434 doctrinam
2115 2393 2202 2434 ar-

2309 2383 2451 2454 ύμείς
2496 2379 2555 2435 δὲ
2582 2391 2674 2442 τῆς
2697 2390 2797 2453 γῆς
2828 2381 3034 2441 ἁπάσης
3059 2379 3174 2432 ἐστὲ
3202 2382 3260 2431 τὸ
3288 2378 3436 2448 ἅλας,
3465 2376 3558 2430 ὸιά
3588 2386 3685 2440 τῆς
3716 2375 3899 2431 διδασ-

549 2464 789 2536 guendo
819 2481 889 2522 ac
919 2465 1262 2534 stringendo
1294 2465 1638 2530 dissolutos,
1671 2481 1745 2521 ne
1775 2471 2022 2523 mternos
2061 2482 2203 2539 pro-

2308 2470 2486 2532 καλίας
2521 2473 2608 2523 καὶ
2656 2478 2755 2523 τῶν
2791 2469 3016 2542 ἐλέγχων
3068 2471 3346 2541 στύφοντες
3379 2471 3495 2528 τοὺς
3537 2470 3792 2539 χαύνους,
3825 2467 3905 2518 ἶνα

546 2554 772 2610 ducant
799 2570 1050 2610 vermes.
1077 2555 1208 2610 Non
1233 2570 1376 2624 ergo
1403 2555 1854 2611 mordacitatem
1885 2555 2202 2626 reprehen-

2308 2564 2380 2632 μὴ
2441 2564 2736 2632 γεννήσωσι
2791 2561 2914 2620 τοὺς
2972 2556 3342 2619 ἀτελευτήτους
3398 2556 3689 2617 σκώληκας.
3748 2555 3905 2608 Ὠστε

546 2643 784 2698 sionum
797 2642 1116 2712 abjiciatis,
1138 2643 1242 2697 sed
1258 2643 1650 2714 etopprobria
1673 2660 1742 2699 ac
1762 2645 2198 2714 persecutiones

2308 2653 2379 2721 μή
2438 2647 2762 2705 ἀποϐάλλητε
2815 2652 2910 2706 τήν
2979 2650 3305 2718 στυφνότητα
3355 2653 3453 2698 τῶν
3506 2643 3754 2716 ἐλέγχων,
3813 2643 3906 2696 κᾶν

545 2730 847 2786 sustinete.
906 2731 1048 2786 ldeo
1087 2731 1288 2786 subdit
1329 2750 1341 2789 :
1389 2731 1447 2786 Si
1497 2737 1688 2788 autem
1737 2732 1821 2787 sal
1872 2733 2198 2802 infamatus

2310 2734 2594 2796 διώκησθε.
2637 2741 2724 2790 Διό
2769 2755 2946 2809 φησιν·
2995 2735 3111 2788 Ἐὰν
3160 2732 3219 2787 δὲ
3261 2738 3321 2786 τό
3370 2735 3495 2796 ἅλας
3549 2736 3815 2806 μωρανθῇ,
3857 2733 3905 2784 ἐν

539 2818 724 2888 fuerit
742 2819 800 2871 in
831 2835 942 2889 quo
965 2821 1213 2874 salielur
1237 2819 1265 2872 7
1285 2820 1380 2874 Ad
1403 2820 1564 2874 nihil
1591 2822 1843 2889 amplius
1870 2823 2049 2888 valet,
2083 2822 2199 2877 nisi

2307 2833 2409 2880 τίνι
2449 2827 2793 2884 ἁλισθήσεται
2828 2844 2840 2894 ;
2874 2825 2957 2885 Εἰς
3002 2821 3152 2876 οὐδὲν
3188 2823 3367 2896 ἰσχύει
3419 2826 3514 2888 ἔτι,
3572 2823 3615 2874 εἰ
3647 2827 3717 2894 μή
3776 2819 3901 2893 βλη-

542 2913 607 2962 ut
657 2907 821 2977 [oras
865 2908 1239 2978 proﬁciatur,
1297 2909 1372 2964 ab
1426 2909 1753 2964 hominibus
1800 2910 2194 2966 conculcetur.

2310 2919 2458 2974 θῆναι
2506 2914 2620 2982 ἔξω,
2667 2920 2756 2967 καὶ
2803 2915 3220 2966 καταπατεῖσθαι
3282 2914 3381 2965 ύπό
3429 2921 3529 2964 τῶν
3589 2910 3889 2985 ἀνθρώπων.

543 2997 600 3052 Si
629 2996 788 3050 enim
821 2999 870 3049 is
901 2997 1003 3067 qui
1033 2996 1205 3052 docet
1227 2995 1552 3052 infatuatus
1583 2997 1776 3062 fuerit,
1795 2999 1908 3054 hoc
1936 3005 2039 3065 est,
2074 3016 2195 3055 non

2303 3005 2362 3057 Ὀ
2417 3008 2519 3078 γὰρ
2566 3000 2892 3065 διδάσκαλος
2935 3001 3019 3054 ἐὰν
3075 3003 3346 3075 μωρανθῇ,
3387 3005 3669 3071 τουτέστιν,
3724 3000 3766 3052 εἰ
3813 2999 3903 3052 ούκ

541 3085 734 3154 arguit
761 3100 830 3140 ac
864 3086 1114 3156 stringit.
1150 3086 1254 3141 sed
1285 3086 1581 3142 emollitus
1610 3092 1714 3151 est,
1753 3088 1814 3142 in
1861 3105 1984 3160 quo
2026 3089 2197 3144 salie-

2240 3125 2266 3180 3
2305 3094 2507 3166 ἐλέγχει
2535 3097 2626 3144 καὶ
2658 3095 2858 3164 στύφει,
2888 3091 3015 3143 ἀλλά
3033 3093 3308 3164 χαυνωθῇ,
3335 3089 3383 3142 ἐν
3411 3095 3510 3142 τίνι
3538 3089 3901 3156 ἁλισθήσεται,

543 3177 658 3238 tur,
691 3173 753 3228 id
784 3179 870 3229 est
900 3175 1223 3244 corrigetur
1251 3176 1278 3230 ?
1299 3178 1381 3230 Ex
1407 3191 1477 3231 eo
1516 3180 1783 3248 tempore
1833 3179 2009 3247 igitur
2038 3178 2197 3234 foras

2242 3173 2266 3180 α
2305 3187 2567 3249 τουτέστι,
2600 3177 3021 3256 διορθωθήσεται
3053 3197 3068 3248 ;
3105 3181 3232 3233 Ἀπὸ
3274 3184 3385 3232 τότε
3427 3179 3514 3232 οὖν
3546 3179 3639 3242 ἔξω
3670 3179 3903 3253 ῥίπτεται

544 3262 853 3335 projicitur
883 3279 920 3319 a
941 3263 1208 3333 magistri
1231 3264 1540 3334 dignitate,
1572 3270 1629 3322 et
1648 3266 2049 3334 conculcatur,
2080 3267 2196 3323 hoc

2305 3280 2396 3326 τοῦ
2449 3269 2484 3325 δ
2490 3267 2838 3324 ιδασκαλικοῦ
2890 3268 3187 3342 ἀξιώματος
3233 3274 3324 3322 κάἱ
3364 3276 3761 3338 καταπατεῖται,
3791 3287 3906 3320 του-

547 3356 653 3419 est,
681 3351 1020 3424 despicitur.

2305 3367 2469 3425 τέστι,
2501 3366 2898 3435 καταφρονεῖται
2909 3401 2921 3414 .

621 3442 780 3498 Vers.
821 3443 908 3497 13,
947 3440 1109 3507 Quod
1157 3442 1206 3496 si
1232 3474 1298 3482 —-
1343 3444 1605 3499 salielur.
1651 3443 1798 3500 Salis
1832 3443 2068 3500 fatuitas
2107 3449 2198 3501 est

2377 3452 2494 3504 Ἐὰν
2553 3481 2618 3490 -
2683 3447 3046 3506 ἁλισθήσεται.
3121 3451 3306 3522 Μωρία
3385 3446 3568 3506 ἆλάτός
3639 3448 3799 3514 ἐστιν,
3874 3447 3902 3504 ἡ

547 3528 821 3585 debilitas
871 3530 1279 3586 mordacitatis
1317 3531 1523 3602 ipsius.
1572 3531 1717 3587 Dicit
1765 3548 1954 3603 ergo:
2006 3533 2199 3589 Videte

2307 3540 2548 3593 ἀσθένεια
2609 3547 2701 3600 τῆς
2769 3543 3046 3600 ποιότητος
3109 3537 3288 3590 αὐτοῦ.
3361 3541 3516 3608 Λέγει
3582 3540 3774 3599 τοίνυν,
3829 3535 3908 3586 ὅτι

545 3616 720 3690 quale
774 3617 1144 3673 ministerium
1203 3618 1374 3674 vobis
1427 3620 1922 3676 committendum
1980 3627 2085 3686 est,
2144 3629 2201 3677 et

2307 3629 2538 3694 Βλέπετε,
2589 3629 2701 3680 οἰαν
2757 3623 3024 3679 διακονίαν
3083 3625 3477 3700 ἕγχειρίζεσθαι
3543 3623 3761 3690 μέλλετε,
3820 3627 3908 3674 καὶ

547 3705 886 3762 contendite
909 3722 983 3762 ne
1002 3707 1286 3763 laxemini
1309 3709 1841 3780 persecutionibus,
1867 3711 2199 3783 opprobriis

2309 3718 2643 3792 ἀγωνίζεσθε,
2677 3721 2748 3788 μή
2796 3717 3137 3788 χαυνωθῆναι
3183 3711 3460 3788 διωγμοῖς,
3493 3714 3523 3772 ἢ
3563 3709 3905 3784 ὀνειδισμοῖς,

545 3811 615 3851 ac
673 3795 1021 3862 maledictis,
1080 3802 1142 3853 ut
1188 3797 1541 3869 praedictum
1597 3803 1702 3868 est,
1754 3815 1946 3873 neque
1994 3801 2200 3858 utilem

2308 3810 2338 3869 ἣ
2373 3807 2728 3879 κακολογίαις,
2762 3808 2826 3865 ὡς
2872 3801 3292 3879 προδεδήλωται,
3339 3799 3470 3875 μηδ’
3501 3801 3773 3855 ἀποϐαλεῖν
3817 3804 3907 3858 τήν

543 3885 998 3942 mordacitatem
1048 3889 1358 3960 respuatis.
1415 3889 1476 3944 Si
1527 3889 1681 3946 enim
1730 3892 1825 3947 sal
1858 3891 2199 3958 infatuatus

2309 3897 2560 3970 ὠφέλιμον
2610 3899 2887 3952 ποιότητα.
2941 3893 3059 3945 Ἐὰν
3099 3894 3199 3968 γὰρ
3247 3891 3361 3964 (45)
3417 3896 3476 3944 τὸ
3533 3892 3659 3952 ἅλας
3703 3909 3908 3963 μωραν-

537 3975 748 4045 fuerit,
781 3992 894 4046 quo
919 3977 1170 4032 salielur
1203 3977 1372 4033 ?Hoc
1389 3982 1495 4041 est,
1530 3979 1577 4032 si
1611 3995 1719 4034 vos
1753 3979 1962 4035 molles
2011 3979 2198 4036 effecti

2313 3988 2399 4057 θῇ,
2469 3983 2519 4036 ἓν
2593 3988 2697 4035 τίνι
2771 3982 3137 4048 ἁλισθήσεται,
3215 3986 3499 4051 τουτέστιν,
3572 3980 3688 4032 Ἐὰν
3767 3980 3910 4050 ὑμεῖς

541 4064 784 4130 fueritis,
818 4069 920 4119 aut
956 4063 1156 4118 utilem
1189 4065 1644 4121 mordacitatem
1673 4065 2047 4137 neglexeritis
2075 4083 2200 4139 quo

2308 4073 2640 4145 χαυνωθῆτε,
2684 4072 2714 4131 ἢ
2764 4075 2857 4130 τὴν
2905 4071 3155 4143 ὠφέλιμον
3206 4075 3462 4128 ποιότητα
3507 4066 3820 4133 ἀποϐάλητε,
3859 4064 3907 4117 έν

544 4150 660 4205 alio
714 4150 835 4204 sale
866 4151 1176 4220 saliemini,
1218 4151 1337 4206 sive
1389 4151 1769 4222 condiemini,
1825 4156 1974 4210 sicut
2020 4155 2203 4218 habet

2311 4165 2412 4212 τίνι
2466 4159 2618 4232 ἑτέρῳ
2674 4159 2828 4212 ἅλατι
2884 4159 3256 4225 ἁλισθήσεσθε,
3306 4161 3475 4210 εῖτουν
3523 4156 3905 4231 ἀρτυθήσεσθε,

544 4240 769 4293 Marcus
799 4239 845 4271 ⁸³
873 4237 902 4293 ἳ
952 4240 1064 4292 Vos
1094 4237 1250 4293 enim
1299 4239 1385 4293 sal
1425 4239 1644 4296 electus
1682 4241 1846 4308 estis,
1895 4259 2005 4299 nec
2047 4242 2201 4299 alius

2311 4251 2379 4309 ὡς
2409 4249 2434 4298 6
2465 4249 2675 4320 Μάρκος
2705 4248 2826 4320 (46)
2874 4245 3029 4304 εἶπεν.
3086 4247 3252 4319 Ὑμεῖς
3296 4249 3397 4320 γάρ
3448 4245 3563 4299 ἐστε
3614 4248 3672 4298 τὸ
3712 4243 3907 4316 ἐκλεγεν

540 4324 798 4395 reliquus
829 4330 932 4380 est.
963 4328 1194 4390 Quanto
1225 4326 1404 4397 igitur
1441 4345 1563 4400 prae
1617 4330 1827 4386 cateris
1870 4331 1949 4388 ad
1995 4332 2201 4404 hujus-

2309 4336 2456 4407 ἅλας,
2514 4341 2604 4389 καὶ
2681 4337 2786 4409 οὐχ
2853 4336 3214 4390 ὑπολέλειπται
3285 4337 3473 4410 ἕτερον.
3527 4333 3674 4406 Ὀσῳ
3740 4339 3907 4386 τοίνυν

544 4411 714 4470 modi
737 4413 1128 4470 ministerium
1155 4415 1315 4472 electi
1339 4417 1496 4481 estis,
1523 4422 1684 4475 tanto
1710 4421 1964 4491 amplius
1996 4437 2201 4478 cavere

2243 4473 2279 4500 Π
2309 4427 2651 4500 προεκρίθητε
2696 4429 2900 4479 πάντων
2941 4426 3008 4486 εἰς
3053 4430 3147 4484 τήν
3190 4428 3436 4484 τοιαύτην
3469 4421 3756 4490 διακονίαν,
3789 4441 3904 4474 τοσ-

546 4501 790 4568 debetis,
823 4518 896 4558 ne
918 4501 996 4558 ob
1026 4504 1332 4576 propriam
1356 4473 1759 4564 mollitiem:
1797 4473 2198 4576 inutilitatem;

2943 4473 3007 4486 --ι
3801 4473 3838 4474 η

2246 4473 2441 4587 Βούτῳ
2493 4519 2774 4590 προσέχειν
2835 4514 3074 4587 ὀφείλετε,
3136 4515 3219 4567 ἵνα
3273 4519 3343 4587 μὴ
3408 4519 3496 4567 καὶ
3563 4521 3657 4575 τῆς
3715 4512 3907 4564 ἑαυτῶν

546 4595 604 4649 et
623 4591 1090 4663 putrefactorum
1107 4594 1522 4665 perditionem,
1548 4601 1613 4653 ut
1635 4597 1859 4654 dictum
1891 4604 1998 4665 est,
2031 4615 2202 4656 accu-

2309 4608 2657 4677 χαυνότητος,
2702 4609 2792 4656 καὶ
2849 4602 3238 4677 ἀνενεργησίας,
3286 4608 3376 4656 καὶ
3427 4611 3522 4666 τῆς
3560 4611 3660 4654 τῶν
3709 4620 3906 4673 σεσομ·

547 4679 668 4739 sari
698 4681 961 4753 possitis.

2308 4697 2490 4768 μένων,
2524 4696 2590 4754 ὡς
2618 4695 2839 4768 εἴρηται,
2874 4691 3130 4756 ἀπωλείας
3162 4691 3486 4753 ἀπαιτηθῆτε
3517 4689 3691 4750 δίκην.

615 4772 775 4830 Vers.
805 4772 901 4830 l3.
934 4771 1032 4828 Ad
1060 4804 1127 4815 —
1151 4774 1492 4834 hominibus.
1514 4775 1603 4833 Ad
1623 4776 1770 4835 nihil
1799 4777 2062 4851 amplius
2090 4781 2198 4837 uti-

2377 4781 2469 4846 Εἰς
2521 4813 2593 4825 --
2645 4781 2948 4858 ἀνθρώπων.
3006 4782 3094 4847 Εἰς
3174 4779 3324 4837 οὐδὲν
3414 4784 3490 4836 ἔτι
3563 4781 3901 4856 χρησιμεύει,

614 4951 661 4986 ⁸³
689 4952 860 5009 Marc.
893 4967 972 5020 ix,
1017 4954 1103 5009 50.

1751 5055 1972 5126 Variae
2001 5056 2331 5128 lectiones
2366 5067 2432 5126 et
2461 5067 2664 5128 notae.

617 5191 735 5278 ξιξ)
772 5189 1148 5278 Eumene
1175 5200 1235 5278 é-

2314 5275 2323 5278 _
2381 5200 2493 5274 (46)
2534 5199 2760 5278 Scilicet
2781 5201 3006 5278 marcus
3027 5195 3500 5278 habeticprlgsrg.
3533 5199 3647 5278 Sed
3667 5202 3911 5278 mulavit

619 5259 731 5404 (42)
776 5259 1141 5351 Καί,ὀιήὶιιίἰ
1170 5268 1239 5322 Α.
2308 5259 2568 5344 tempus,
2600 5277 2664 5328 ut
2694 5271 3071 5345 aequiparare
3094 5259 3302 5346 posset
3327 5272 3574 5330 Mattbmi
3594 5273 3906 5330 vocabulo.

643 5333 733 5404 43)
775 5341 997 5404 Δυναμιν
1035 5353 1242 5404 στυφειν
1277 5352 1398 5392 non
1438 5337 1712 5397 cohaeret.
1745 5341 1859 5398 Aut
1888 5357 2030 5404 ergo
2085 5350 2196 5404 τοῦ,
2312 5343 2425 5401 Sed
2452 5342 2803 5404 ἀρτυθήσεται
2832 5347 3032 5401 tamen
3059 5361 3133 5402 ex
3162 5344 3364 5404 aliquo
3392 5341 3618 5402 scholio
3649 5360 3906 5404 occupa-

643 5333 733 5419 4ζξ)
775 5337 997 5419 Δύναμιν
1035 5338 1242 5419 στύφειν
1277 5352 1398 5392 11οΠ
1433 5337 1712 5419 cohzeret.
1745 5341 1859 5398 Aut
1888 5357 2030 5414 ergo
2085 5350 2196 5410 τοῦ,

2312 5333 3032 5419 sed‘a’zprwrigcraiitamen
3059 5333 3136 5419 et;
3162 5344 3364 5419 aliquo
3392 5341 3618 5419 scholia
3649 5360 3909 5417 occupa-

550 5406 810 5484 autfrag
834 5406 1326 5484 interponendum
1349 5413 1487 5484 ante
1511 5413 1739 5484 στύφειν.
1955 5406 1987 5414 ⁷
2183 5406 2192 5410 ⁷
2310 5415 2393 5470 vit
2436 5406 2754 5472 nonnullos
2785 5416 2954 5473 Marci
3007 5406 3284 5483 codices:
3299 5415 3362 5473 in
3401 5415 3493 5472 his
3523 5431 3729 5473 meum
3772 5406 3912 5473 cum

625 5474 737 5624 (44)
769 5477 848 5530 Ex
875 5474 1300 5564 Theophylact.
1329 5494 1388 5552 p.
1421 5482 1487 5536 27
1521 5483 1580 5537 E.
1620 5474 1630 5484 '
2311 5485 2572 5554 scholiis,
2605 5503 2788 5559 quem
2817 5487 3054 5562 appello
3082 5487 3168 5544 12.

649 5547 738 5620 45)
781 5551 843 5602 Ai
867 5563 977 5621 pro
1005 5565 1106 5624 γαρ
1139 5555 1204 5604 Α.
2231 5606 2235 5609 ,

1005 5568 1106 5622 ’γαρ
1139 5568 1204 5604 Α·
2231 5606 2235 5609 .
