4206 6310
338 250 444 310 201

1351 252 1717 313 COMMENT.
1757 257 1826 313 IN
1860 256 2300 316 MATTH/EUM.
2342 291 2409 301 -
2449 260 2606 316 CAP.
2646 259 2719 318 V.

3605 268 3711 325 202

347 383 611 455 μωρανθεν
644 383 702 433 τὸ
737 376 971 437 δηλωθὲν
1005 379 1148 448 ἅλας,
1187 379 1229 433 εἰ
1266 384 1337 453 μὴ
1397 382 1469 443 εἰς
1505 385 1564 435 τὸ
1611 383 1826 458 ῥιφῆναι
1855 384 1936 447 ἐξα

2059 383 2131 441 lis
2153 388 2239 441 est
2265 386 2351 441 sal
2374 386 2719 451 infatuatus,
2745 387 2858 443 nisi
2907 392 2970 445 ut
2997 392 3163 446 extra.
3197 389 3569 451 Dominicam
3600 409 3707 451 au-

346 480 439 533 τῆς
466 477 785 532 Δεσποτικῆς
806 470 934 529 αύλῆ
946 489 987 539 ς,
1015 474 1105 523 καὶ
1133 474 1569 539 καταπατεῖσθαι,
1604 471 1764 526 ὅέστι
1794 494 1949 527 κατα-

348 561 648 635 φρονεῖσθαι
674 562 821 633 παρὰ
847 568 944 611 τῶν
978 559 1280 634 ἀνθρώπων.

416 648 584 721 Ὑμεῖς
626 680 692 689 --
750 653 974 721 κόσμου.
1046 655 1252 721 Κόσμον
1324 649 1475 701 πάλιν
1542 656 1663 712 τοὺς
1748 651 1795 703 ἐν
1875 660 1947 723 τῷ

343 743 524 809 κόσμῳ
578 735 714 790 εἶπεν
770 737 1089 811 ἀνθρώπους,
1141 738 1208 789 ὧν
1242 742 1618 792 σκοτισθέντων
1670 747 1742 810 τῷ
1808 744 1946 811 ζόφῳ

338 835 435 888 τῆς
485 826 700 893 πλάνης,
742 827 932 898 Ὑμεῖς,
985 832 1165 899 φησὶν,
1206 826 1465 899 ἐξελέγητε
1514 825 1642 881 εἶναι
1702 838 1806 903 φῶς
1858 831 1946 882 αύ-

334 925 460 985 τῶν,
503 918 639 969 ὥστε
686 916 928 988 φωτίζειν
986 919 1053 968 τὰ
1094 921 1303 988 ὄμματα
1343 926 1443 969 τῶν
1505 917 1690 990 ψυχῶν
1754 919 1941 986 αὐτῶν,

334 1011 470 1079 φωτὶ
537 1002 896 1067 διδασκαλίας
958 1010 1047 1058 καὶ
1110 1012 1237 1076 φωτὶ
1296 1011 1551 1077 γνώσεως,
1596 1015 1943 1082 χειραγωγεῖν

335 1095 529 1156 αὐτοὺς
559 1094 762 1154 ἐπὶτὴν
819 1097 977 1169 ορθὴν
1007 1093 1182 1167 τρίϐον
1223 1104 1318 1157 τῆς
1347 1096 1624 1156 εὐσεϐείας.
1676 1100 1775 1149 Δύο
1828 1102 1941 1149 τοί-

335 1205 427 1236 νυν
459 1181 731 1244 διακονίας
780 1182 1233 1257 ἐνεχειρίσθησαν,
1282 1204 1341 1237 το
1391 1185 1584 1246 ἁλίζειν
1628 1190 1716 1238 καὶ
1745 1189 1803 1237 τό
1840 1207 1943 1257 φω-

337 1274 527 1334 τίζειν,
563 1279 649 1326 Δεῖ
679 1275 777 1345 γὰρ
830 1283 1034 1349 πρῶτον
1082 1272 1445 1345 ἀπαλλαγῆναι
1484 1283 1574 1336 τῆς
1630 1272 1941 1344 σηπεδόνος,

338 1363 452 1416 εἶτα
491 1365 877 1421 σννετισθῆναι.

411 1453 487 1505 Οὐ
535 1483 601 1493 -
636 1456 866 1524 κειμένη.
926 1454 1020 1503 Διὰ
1072 1454 1273 1514 ταύτης
1321 1460 1415 1515 τῆς
1460 1453 1784 1528 παραϐολῆς,
1851 1458 1941 1506 καὶ

337 1549 436 1602 τῆς
490 1544 617 1613 μετὰ
664 1545 881 1611 ταύτην,
918 1541 989 1602 εἰς
1037 1539 1301 1614 ἀκρίϐειαν
1352 1547 1443 1594 καὶ
1494 1541 1773 1615 ἀσφάλειαν
1816 1542 1939 1616 βὶου

339 1634 554 1691 τούτους
606 1630 787 1703 ἐνὸγει,
858 1635 947 1683 καὶ
1020 1630 1326 1702 ἐναγωνίους
1391 1629 1518 1684 εἶναι
1586 1632 1793 1699 κελεύει,
1875 1634 1940 1693 ὧς

2059 475 2180 529 lam
2212 475 2573 547 projiciatur,
2610 480 2664 531 et
2694 476 3089 546 conculcetur,
3119 478 3233 536 hoc
3264 485 3368 546 est,
3423 481 3710 553 despicia-

2060 568 2152 619 tur
2184 564 2261 619 ab
2294 565 2657 619 hominibus.

2134 655 2288 707 Vers.
2319 654 2403 707 14.
2446 654 2641 708 Vos—
2684 655 2906 711 mundi.
2959 657 3247 714 Mundum
3295 674 3502 715 rursus
3558 660 3709 719 dixit

2054 741 2331 799 homines
2374 743 2434 798 in
2494 743 2725 800 mundo
2787 745 3169 803 habitantes:
3218 748 3431 819 quibus
3488 752 3705 807 erroris

2055 830 2306 901 caligine
2338 832 2691 899 obscuratis,
2752 833 2889 900 Vos,
2944 833 3152 908 inquit,
3206 836 3374 892 electi
3419 838 3577 905 estis,
3642 844 3705 896 ut

2054 920 2153 973 lux
2179 936 2385 976 eorum
2414 922 2562 986 sitis,
2606 928 2786 994 utque
2813 922 3020 979 oculos
3069 925 3404 981 animarum
3434 927 3701 999 ipsorum

2053 1010 2182 1065 luce
2220 1010 2505 1065 doctrinae
2533 1027 2601 1066 ac
2633 1011 2893 1068 scientiae
2922 1012 3281 1081 illuminetis,
3338 1020 3394 1070 et
3422 1016 3500 1073 ad
3530 1018 3703 1074 semi-

2055 1104 2144 1153 tas
2174 1104 2361 1154 rectas
2392 1099 2575 1155 divini
2600 1100 2794 1155 cultus
2826 1099 3152 1156 deducatis.
3186 1101 3322 1157 Ideo
3346 1119 3562 1176 nempe
3594 1105 3702 1161 mi-

2054 1188 2361 1243 nisterium
2392 1188 2641 1244 saliendi
2670 1204 2739 1244 ac
2768 1189 3148 1246 illuminandi
3187 1190 3272 1246 eis
3330 1193 3702 1248 commissum

2051 1280 2195 1331 erat.
2228 1277 2495 1332 Primum
2523 1277 2683 1334 enim
2712 1282 2946 1350 oportet
2985 1295 3022 1336 a
3064 1280 3379 1351 putredine
3435 1280 3695 1346 liberari,

2049 1364 2263 1421 deinde
2294 1367 2533 1421 erudiri.

2121 1454 2564 1512 Vers.14.Non
2612 1457 2916 1526 —posita.
2964 1460 3067 1513 Per
3116 1458 3273 1515 hanc
3325 1463 3698 1532 sequentem-

2048 1559 2165 1615 que
2192 1543 2538 1615 parabolam
2568 1544 2647 1599 ad
2691 1547 2820 1601 vita:
2863 1546 3287 1617 perfectionem
3314 1564 3385 1604 ac
3417 1548 3696 1606 munitio-

2048 1647 2184 1686 nem
2217 1632 2385 1704 ipsos
2419 1633 2645 1689 inducit
2675 1633 2807 1706 (rr),
2846 1639 2902 1690 et
2928 1636 3321 1692 certaminum
3376 1640 3693 1708 praefectos

341 1723 447 1773 ὑπὸ
501 1728 609 1782 τοῖς
655 1720 884 1773 ἁπάντων
941 1720 1219 1792 ὀφθαλμοῖς
1277 1728 1370 1773 τού
1423 1720 1605 1774 λοιποῦ
1652 1726 1934 1793 κειμένους,

2049 1737 2175 1777 esse
2196 1722 2384 1792 jubet,
2420 1727 2708 1794 tanquam
2751 1724 2863 1779 sub
2893 1724 3156 1780 omnium
3187 1725 3373 1781 oculis
3412 1726 3472 1782 in
3504 1733 3695 1799 poste-

340 1815 432 1862 καὶ
484 1809 535 1861 ἐν
584 1814 724 1882 μέσῳ
769 1819 840 1881 τῷ
898 1811 1094 1884 θεάτρῳ
1132 1819 1223 1870 τῆς
1268 1810 1567 1882 οἰκουμένης
1610 1810 1936 1884 ἀγωνιζομέ-

335 1917 474 1959 νους.
554 1899 629 1951 Ού
713 1895 949 1970 δύναται,
1016 1904 1167 1971 φησὶ,
1239 1899 1383 1960 πόλις
1456 1898 1713 1973 κρυϐῆναι
1768 1899 1934 1953 ἐπάνω

336 1991 489 2060 ὄρους
534 1991 742 2059 κειμένη
778 2009 791 2021 ο
854 1985 978 2041 οὐδὲ
1034 1990 1179 2060 ὑμεῖς
1236 1986 1466 2041 δύνασθε
1523 1988 1800 2061 κρυϐῆναι,
1851 1992 1934 2042 ἐπὶ

334 2084 428 2129 τοῦ
454 2076 617 2148 ὕψους
650 2085 740 2138 τῆς
772 2074 1126 2139 διδασκαλίας
1153 2079 1395 2140 τεθέντες.
1431 2082 1626 2131 Λοιπὸν
1656 2075 1744 2130 οὖν
1768 2098 1933 2151 προσ-

334 2170 489 2236 έκετε,
565 2175 678 2228 πῶς
742 2165 1073 2219 πολιτεύεσθε
1141 2172 1231 2218 καὶ
1282 2169 1488 2238 γίνεσθε
1558 2174 1664 2228 τοῖς
1722 2166 1935 2220 ἀποϐλέ-

328 2273 524 2307 πουσιν
558 2255 629 2317 εἰς
683 2255 817 2328 ὑμᾶς
872 2255 1144 2308 κάλλιστον
1192 2254 1488 2329 ἀρχέτυπον
1526 2262 1616 2309 καί
1675 2255 1793 2309 ϐίου
1843 2262 1932 2310 καὶ

325 2343 485 2416 λόγου
495 2386 507 2399 .

405 2430 641 2486 Ούδέ-
690 2441 800 2496 τοῖς
837 2433 887 2486 ἐν
934 2441 997 2506 τῇ
1048 2434 1214 2507 οἰκίᾳ,
1276 2430 1407 2486 Οὐδ’
1463 2433 1751 2487 ἀνάπτουσί
1806 2454 1932 2496 τινες

330 2523 546 2595 λύχνον,
592 2528 684 2575 καὶ
712 2526 780 2576 τὰ
835 2522 970 2586 ἑξῆς.
1022 2527 1219 2577 Λοιπὸν
1273 2521 1360 2574 οὖν
1409 2522 1524 2576 οὐδ’
1572 2527 1689 2596 ἐγὼ,
1731 2523 1933 2594 ἀνάψας

335 2613 472 2685 ὑμᾶς
509 2618 639 2684 φωτὶ
695 2615 1024 2684 θεογνωσίας,
1074 2612 1331 2685 βούλομαι
1384 2618 1518 2685 ὑμᾶς
1565 2616 1888 2687 κρύπτεσθαι
1917 2631 1928 2643 ·

334 2700 446 2753 ἀλλ’
502 2699 621 2754 ἰδού
670 2705 858 2774 τίθημι
906 2704 1039 2774 ὑμᾶς
1090 2702 1173 2755 ἐπὶ
1229 2706 1322 2761 τὴν
1374 2701 1615 2773 λυχνίαν,
1656 2702 1784 2774 λέγω
1844 2699 1931 2771 δὴ,

327 2790 414 2843 ἐπὶ
464 2794 551 2843 τόν
598 2791 800 2861 ὑψηλόν
843 2796 996 2844 τόπον
1036 2801 1127 2852 τῆς
1169 2788 1543 2859 διδασκαλίας,
1590 2794 1723 2845 ὥστε
1771 2795 1933 2864 φωτί-

327 2882 438 2941 ζειν
468 2883 664 2941 πάντας
694 2885 810 2941 τοὺς
837 2880 885 2932 ἐν
916 2889 978 2953 τῇ
1008 2882 1306 2953 οἰκουμένῃ.

404 2971 554 3021 Οὕτω
602 3001 670 3010 -
723 2974 807 3022 τὸν
864 2969 910 3021 ἐν
967 2978 1077 3032 τοῖς
1139 2971 1387 3043 ούρανοῖς.
1453 2970 1755 3044 [Λαμψάτω
1819 2970 1933 3043 (47)

2044 1826 2180 1866 rum
2213 1814 2542 1882 ponendos,
2576 1817 2632 1867 et
2656 1813 2717 1867 in
2766 1813 2965 1869 medio
2994 1813 3173 1884 hujus
3203 1815 3415 1870 mundi
3464 1816 3693 1873 theatro

2045 1905 2353 1957 certantes.
2383 1903 2513 1957 Non
2540 1908 2749 1970 potest,
2783 1901 2994 1974 inquit,
3049 1904 3249 1959 ciuitas
3280 1904 3557 1961 abscondi
3591 1923 3691 1961 su-

2044 2006 2147 2061 per
2167 1997 2408 2046 montem
2460 1992 2667 2061 posita.
2725 1993 2929 2063 Neque
2959 2008 3064 2047 vos
3118 1992 3401 2049 occultari
3450 1996 3694 2065 potestis

2042 2078 2103 2135 in
2144 2080 2427 2136 doctrinae
2454 2079 2765 2136 altitudine
2797 2079 3084 2138 collocati.
3132 2081 3445 2153 Reliquum
3476 2088 3562 2138 est
3589 2083 3694 2154 igi-

2045 2172 2156 2233 tur,
2190 2173 2255 2223 ut
2286 2168 2519 2223 solliciti
2552 2168 2698 2234 sitis,
2727 2169 3037 2241 quomodo
3068 2169 3429 2241 gubernatis,
3486 2175 3542 2227 et
3564 2170 3693 2227 aliis

2042 2256 2249 2314 oculos
2272 2257 2331 2312 in
2356 2274 2458 2313 vos
2488 2257 2831 2328 ﬁgentibus,
2885 2258 3181 2330 optimum
3211 2258 3336 2316 sitis
3384 2260 3693 2333 exemplar

2038 2348 2170 2404 vita:
2200 2363 2269 2402 ac
2300 2346 2605 2403 doctrinas.

2113 2437 2275 2492 Vers.
2310 2438 2394 2491 15.
2426 2438 2627 2507 Neque
2653 2467 2721 2476 —
2771 2438 2862 2508 qui
2892 2438 2953 2492 in
2981 2437 3144 2493 domo
3178 2442 3336 2493 sunt.
3392 2469 3462 2478 —
3484 2439 3688 2511 Neque

2042 2525 2300 2582 accendit
2326 2527 2629 2596 quisquam
2653 2526 2977 2595 lucernam,
3010 2530 3121 2582 etc.
3171 2528 3370 2583 Restat
3392 2526 3590 2597 igitur,
3624 2532 3688 2584 ut

2044 2630 2238 2685 neque
2271 2629 2382 2683 ego
2415 2631 2519 2669 vos
2552 2630 2619 2669 eo
2644 2614 2760 2669 ﬁne
2787 2614 2989 2670 divina
3022 2614 3269 2671 scientia
3298 2615 3688 2681 accenderim,

2044 2707 2109 2759 ut
2133 2703 2569 2759 absconderem
2596 2721 2607 2759 :
2637 2703 2744 2758 sed
2772 2720 2909 2759 ecce
2940 2720 3097 2774 pono
3123 2719 3228 2759 vos
3271 2720 3452 2776 super
3479 2706 3693 2761 cande-

2042 2792 2299 2859 labrum,
2331 2793 2445 2848 hoc
2476 2797 2580 2857 est,
2609 2808 2791 2863 super
2815 2793 3113 2848 excelsum
3155 2793 3439 2848 doctrinae
3471 2793 3690 2859 locum,

2045 2887 2335 2936 utomnes
2361 2882 2461 2952 qui
2498 2880 2561 2936 in
2606 2882 2787 2936 domo
2820 2890 2974 2947 sunt,
3009 2881 3374 2936 illuminetis.

2116 2971 2275 3025 Vers.
2307 2972 2394 3025 t6.
2428 2970 2523 3025 Sic
2549 3001 2613 3011 —
2642 2972 2744 3041 qui
2774 2972 2838 3025 in
2872 2970 3019 3025 catis
3045 2978 3142 3027 est.
3178 2971 3394 3026 Luceat
3421 2987 3565 3028 sane
3597 2971 3691 3027 di-

328 3056 421 3111 οὖν
449 3060 623 3128 εἰπὼν,
655 3059 714 3111 ού
744 3059 937 3112 κελεύει
969 3060 1255 3134 θεατριζειν
1299 3065 1392 3119 τὴν
1424 3063 1629 3135 ἀρετὴν,
1673 3059 1780 3112 ἀλλ’
1823 3060 1932 3131 (48)

2049 3075 2207 3125 cens,
2231 3076 2346 3115 non
2368 3060 2538 3130 jubet
2568 3064 2628 3115 ut
2658 3060 2718 3113 in
2757 3059 3166 3131 spectaculum
3199 3060 3380 3113 virtus
3408 3065 3687 3131 ponatur,

327 3148 644 3222 ἐργάζεσθαι
720 3149 900 3215 αὐτὴν,
968 3151 1205 3201 ειωθυῖαν
1280 3148 1363 3222 ἀφ’
1440 3150 1624 3210 ἑαυτῆς
1696 3150 1932 3221 λάμπειν,

328 3243 422 3290 καὶ
472 3238 660 3296 ἑαυτὴν
706 3234 1039 3309 δημοσιεύειν
1085 3240 1221 3289 κατὰ
1252 3243 1345 3296 τὴν
1388 3246 1478 3291 τοῦ
1522 3241 1688 3313 μύρου
1729 3237 1930 3311 φύσιν]

334 3330 430 3379 Διὰ
475 3335 627 3379 τοῦτο
677 3324 737 3379 δὲ
785 3328 899 3398 (49)
954 3326 1211 3398 λαμψάτω
1263 3329 1293 3385 ἡ
1337 3329 1629 3401 καθαρότης
1674 3337 1764 3380 τοῦ
1810 3329 1932 3402 βίου

330 3421 424 3468 καὶ
461 3416 616 3488 λόγου
666 3418 807 3488 ὑμῶν
860 3414 1071 3468 ἐνώπιον
1116 3425 1216 3468 τῶν
1268 3414 1569 3489 ἀνθρώπων,
1624 3417 1726 3489 ούχ
1775 3420 1933 3472 ἕνεκεν

332 3508 841 3581 ἁνθρωπαρεσκείας,
900 3504 1005 3557 ἀλλ’
1067 3506 1149 3557 ἵνα
1218 3502 1408 3557 ἴδωσιν
1470 3508 1611 3577 ὑμῶν
1672 3509 1739 3558 τὰ
1803 3509 1935 3561 καλὰ

331 3598 483 3667 ἔργα,
544 3597 612 3647 τὰ
672 3594 722 3646 ἐν
774 3594 997 3668 πράξεσι
1047 3599 1136 3646 καὶ
1187 3594 1382 3665 λόγοις,
1452 3600 1540 3647 καὶ
1598 3601 1935 3668 μιμήσωνται

332 3692 523 3738 ταῦτα.
565 3686 683 3738 Ἔτι
722 3680 781 3735 δὲ
818 3687 927 3750 καὶ,
964 3684 1045 3735 ἱνα
1095 3679 1367 3745 δοξάσωσι
1404 3686 1490 3735 τόν
1540 3688 1747 3758 Πατέρα
1792 3687 1933 3756 ὑμῶν

338 3776 427 3825 τόν
487 3772 535 3823 ἐν
595 3766 696 3833 τοῖς
756 3773 1009 3846 οὐρανοῖς,
1069 3775 1183 3830 ἦτοι
1253 3776 1340 3824 τόν
1416 3775 1564 3837 Θεὸν,
1639 3773 1785 3842 ᾧτινι
1842 3771 1935 3826 διὰ

339 3867 568 3923 πίστεως
630 3864 987 3928 υἱοθετήθητε,
1040 3865 1145 3913 υἱοὶ
1202 3865 1291 3933 μεν
1354 3862 1535 3930 αὐτοῦ,
1598 3857 1811 3934 ἀδελφοὶ
1875 3860 1933 3915 δε

339 3950 467 4023 ἐμοῦ
512 3956 792 4023 γενόμενοι.
843 3950 1163 4023 ’Υμνήσουσι
1198 3952 1294 4025 γὰρ
1347 3950 1523 4014 αὐτὸν,
1575 3954 1644 4011 ὡς
1687 3953 1933 4009 τοιαύτην

337 4039 676 4112 ἐντειλάμενον
758 4040 1037 4093 πολιτείαν.
1134 4045 1235 4093 Καὶ
1314 4044 1415 4111 μὴν
1504 4039 1657 4101 αὐτὸς
1738 4042 1933 4097 ταύτην

336 4129 634 4199 ἐνετείλατο,
700 4129 804 4183 ἁλλ’
852 4131 995 4182 εἴωθε
1051 4132 1117 4181 τὰ.
1173 4128 1356 4181 ἑαυτοῦ
1417 4131 1801 4202 κατορθώματα
1862 4137 1933 4180 τῶ

335 4224 505 4292 Πατρὶ
572 4219 816 4280 πολλάκις
868 4217 1181 4283 ἀνατιθέναι,
1254 4220 1319 4279 ὡς
1384 4222 1648 4291 προίόντες
1708 4218 1933 4289 εὑρήσο-

332 4328 446 4382 μεν,
499 4318 661 4382 τιμῶν
715 4310 783 4370 ὡς
833 4312 1057 4381 Πατέρα,
1101 4312 1193 4360 καὶ
1257 4308 1368 4379 οἶμα
1433 4304 1701 4376 δεικνύων,
1757 4308 1837 4358 ὅτι
1883 4306 1933 4359 ἓν

332 4399 489 4464 εἰσιν,
517 4401 690 4472 ὥσπερ
817 4401 988 4470 φύσει,
1016 4398 1151 4449 οὕτω
1180 4401 1270 4448 καὶ
1307 4403 1380 4467 τῷ
1414 4396 1681 4469 θελήματι.

406 4487 618 4560 [Ὺμῶη
667 4488 781 4560 (50)
830 4492 1009 4559 φησιν,
1064 4485 1415 4559 ἐργαζομένων
1457 4489 1524 4538 τὰ
1591 4484 1743 4554 καλὰ,
1801 4484 1934 4558 λαμ-

333 4578 488 4649 ψάτω
518 4581 576 4629 τὸ
609 4576 696 4629 ἀπ’
739 4576 905 4629 αὐτῶν
947 4584 1050 4650 φῶς
1080 4578 1244 4648 ὑμῶν,
1279 4577 1305 4627 ὅ
1334 4579 1442 4645 καὶ,
1486 4571 1711 4647 μηδενός
1761 4571 1936 4647 δημο-

338 4669 621 4734 σιεύοντος,
672 4669 843 4719 εἴωθεν
887 4666 1013 4718 αύτὸ
1071 4665 1222 4718 ἑαυτὸ
1272 4664 1597 4738 θριαμϐεύειν
1647 4663 1937 4717 ἀποπαλλό-

334 4777 486 4831 μενον
516 4765 616 4809 τῶν
645 4755 859 4828 καλῶν.]

408 4850 496 4905 Μὴ
551 4876 620 4886 -
659 4845 952 4919 πληρῶσαι.
1011 4841 1224 4903 Ἐπειδὴ
1281 4844 1495 4917 μείζονα
1546 4850 1644 4894 τῶν
1706 4840 1936 4894 παλαιῶν

2045 3150 2149 3203 sed
2178 3154 2239 3203 ut
2279 3149 2411 3220 ipsa
2443 3164 2617 3219 opere
2649 3147 3042 3218 compleatur,
3076 3164 3208 3219 quae
3238 3163 3341 3218 per
3399 3164 3460 3203 se
3499 3147 3691 3204 lucere

2044 3239 2208 3302 solet,
2246 3253 2312 3291 ac
2340 3235 2601 3307 seipsam
2632 3236 2919 3304 unguenti
2961 3252 3124 3290 more
3157 3234 3471 3305 propalare
3506 3255 3518 3293 :
3552 3236 3688 3292 ideo

2042 3325 2237 3380 luceat
2269 3325 2493 3396 puritas
2524 3324 2667 3379 vita:
2695 3340 2763 3379 ac
2791 3324 3081 3378 sermonis
3135 3324 3307 3377 vestri
3356 3340 3557 3379 coram
3585 3325 3691 3380 ho-

2043 3415 2325 3479 minibus,
2375 3430 2493 3469 non
2534 3414 2613 3468 ob
2666 3413 2930 3468 studium
2986 3411 3336 3467 hominibus
3391 3411 3687 3482 placendi,

2044 3505 2140 3560 sed
2190 3510 2251 3559 ut
2277 3504 2513 3560 videant
2543 3508 2724 3558 vestra
2749 3517 2930 3570 opera
2957 3501 3124 3565 bona,
3154 3517 3291 3573 qum
3312 3501 3595 3571 operibus
3623 3519 3691 3558 ac

2045 3594 2421 3649 sermonibus
2454 3592 2755 3648 imitentur
2799 3597 2855 3646 et
2902 3594 3189 3662 praeterea
3254 3596 3317 3644 ut
3364 3591 3691 3660 gloriﬁcent

2044 3686 2280 3738 Patrem
2311 3687 2563 3737 vestrum
2610 3682 2703 3750 qui
2756 3682 2816 3735 in
2856 3679 3012 3736 caelis
3064 3685 3167 3743 est,
3221 3679 3336 3734 hoc
3367 3683 3454 3735 est
3480 3679 3689 3746 Deum,

2043 3787 2079 3827 a
2106 3785 2227 3841 quo
2260 3784 2362 3840 per
2392 3769 2571 3823 ﬁdem
2601 3766 2857 3837 adeptati
2905 3766 3080 3836 estis;
3114 3765 3221 3820 ﬁlii
3274 3766 3509 3836 quidem
3540 3767 3689 3837 ejus,

2042 3858 2255 3914 fratres
2281 3863 2479 3911 autem
2502 3856 2615 3911 mei
2633 3854 2822 3910 eﬁ‘ecti
2853 3871 2865 3909 :
2896 3853 3148 3909 laudant
3186 3853 3343 3908 enim
3379 3853 3599 3925 ipsum,
3629 3859 3695 3910 ut

2043 3945 2513 4019 quihujusmodi
2544 3944 2810 4016 politiam
2862 3942 3250 3998 ordinaverit.
3303 3942 3433 4013 Ipse
3491 3946 3693 3999 tamen

2044 4037 2301 4093 Christus
2332 4036 2487 4090 hanc
2518 4034 2838 4099 constituit,
2869 4032 2974 4088 sed
3024 4032 3273 4105 propria
3319 4048 3502 4104 opera
3547 4032 3694 4089 solet

2043 4126 2196 4181 Patri
2225 4125 2560 4197 frequenter
2583 4123 2914 4187 attribuere,
2951 4124 3016 4177 ut
3068 4121 3130 4177 in
3174 4122 3561 4195 sequentibus
3586 4123 3696 4178 erit

2043 4216 2306 4272 invenire
2339 4232 2350 4270 :
2388 4215 2621 4269 Patrem
2653 4213 2922 4269 videlicet
2964 4211 3293 4279 honoraris,
3344 4216 3400 4268 et
3423 4211 3695 4269 similiter

2038 4306 2477 4374 demonstrans,
2508 4302 2671 4376 quod
2703 4319 2893 4359 unum
2920 4301 3040 4359 sint
3065 4302 3214 4358 sicut
3251 4305 3493 4366 natura,
3524 4301 3604 4358 ita
3630 4306 3690 4358 et

2043 4394 2371 4451 voluntate.

2116 4486 2156 4553 -ι-
2180 4482 2385 4545 Vobis,
2412 4480 2613 4554 inquit,
2650 4480 2802 4536 bona
2831 4496 3015 4553 opera
3063 4478 3440 4546 facientibus,
3496 4478 3695 4534 luceat

2046 4572 2119 4629 ab
2145 4571 2230 4628 eis
2257 4570 2360 4626 lux
2389 4576 2580 4626 vestra
2607 4585 2617 4623 :
2656 4586 2790 4642 quas
2817 4569 2982 4625 nullo
3000 4570 3176 4625 etiam
3204 4568 3565 4641 publicante,
3590 4583 3696 4639 per

2047 4662 2303 4733 seipsam
2335 4658 2709 4731 triumphare
2731 4658 2879 4713 solet
2918 4657 3039 4729 (ss),
3101 4673 3137 4711 a
3188 4656 3359 4713 bonis
3411 4656 3693 4728 operibus

2047 4750 2387 4823 prosiliens.

2122 4841 2281 4894 Vers.
2318 4839 2404 4892 17.
2435 4837 2521 4895 Ne
2561 4865 2631 4878 —
2655 4835 2733 4891 ad
2784 4832 3199 4902 complendum.
3259 4831 3405 4898 Quia
3458 4830 3693 4904 majora

1554 5017 1780 5090 Variae
1810 5015 2139 5087 lectiones
2172 5026 2237 5084 et
2274 5024 2481 5084 notae.

431 5224 521 5293 47)
552 5219 790 5293 Inclusa
818 5219 878 5276 in
906 5219 1402 5293 marg.ihabetAA.

431 5224 521 5293 47)
552 5223 790 5278 Inclusa
818 5223 878 5276 in
906 5235 1102 5290 marg.
1131 5223 1304 5276 habet
1331 5223 1402 5277 A.

408 5223 523 5367 E48)
548 5293 688 5348 Ἀλλ’
719 5292 1033 5369 ἐργάζεσθαι
1060 5292 1243 5361 αύτήν,
1274 5291 1495 5348 absunt
1515 5288 1581 5343 A.

412 5456 527 5529 (rr)
550 5455 743 5529 Malim
770 5454 851 5512 ad
870 5454 1051 5512 vitam
1077 5458 1247 5511 caute
1260 5467 1362 5510 seu
1379 5450 1703 5529 prudenter
1725 5461 1797 5529 ac
1815 5451 1964 5529 tuto,

342 5518 649 5602 agendam.
702 5527 1038 5599 Ἐναγωνίους
1071 5530 1273 5581 autem
1314 5518 1702 5585 reddiderim,
1740 5518 1938 5591 fortes,

626 5618 880 5676 PATIOL.
922 5615 1027 5673 Gn.
1070 5613 1307 5673 CXXIX.

2120 5212 2231 5284 (49)
2261 5205 2320 5265 δὲ
2344 5208 2646 5284 omittitA.

2120 5212 2209 5284 (49
2261 5212 2646 5267 itemittitA.

2120 5212 2231 5357 (soi
2263 5282 2497 5339 Inclusa
2557 5282 2751 5338 Codex
2799 5285 3041 5353 uterque
3092 5279 3275 5338 habet
3298 5279 3362 5338 in
3400 5277 3694 5352 margine.

2052 5446 2402 5503 constantes.

2125 5515 2221 5591 (ss)
2252 5517 2368 5572 Per
2390 5546 2458 5556 —
2478 5515 2646 5571 solet.
2678 5514 2749 5572 Se
2775 5513 2971 5586 ipsam
3003 5511 3319 5583 illustrare,
3341 5507 3699 5583 patefacere.

3385 5604 3416 5656 7
