4206 6310
576 305 680 362 203

572 521 963 580 Testamento,
990 515 1195 570 dicens
1222 530 1232 568 :
1256 512 1507 568 Audistis
1528 510 1686 582 quod
1707 511 1929 565 dictum
1959 514 2042 564 est
2065 506 2222 564 anti-

572 607 740 678 quis:
773 606 904 661 Non
936 604 1193 660 occides:
1221 602 1324 672 qui
1361 607 1555 656 autem
1595 600 1893 662 occiderit,
1950 612 2080 653 reus
2111 599 2222 652 emt

560 695 812 766 judicio.
833 695 961 764 Ego
983 699 1170 750 autem
1187 693 1317 746 dico
1334 691 1522 745 vobis:
1550 689 1745 744 Omnis
1758 688 1860 758 qui
1884 694 2091 742 temere
2103 686 2219 740 ira-

570 784 758 840 scitur
784 783 974 852 fratri
985 797 1107 846 suo,
1135 796 1268 836 reus
1282 780 1392 835 erit
1406 779 1635 848 judicio
1662 780 1730 841 9°,
1761 782 1896 840 etc.,
1922 781 1979 831 et
2003 775 2221 830 divinae

569 871 886 941 cujusdam
913 871 1283 940 caalestisque
1306 867 1520 939 politiae
1546 867 1700 920 viam
1726 866 1982 920 incidere
2000 864 2093 934 (tt)
2129 880 2222 918 vo-

570 959 761 1015 lebat:
822 975 894 1014 ne
937 958 1040 1031 qui
1103 963 1340 1030 propter
1389 957 1707 1012 novitatem
1759 956 2218 1025 suspicarentur,

569 1049 731 1119 quod
768 1064 928 1104 nova
981 1048 1268 1112 condens,
1322 1050 1521 1101 vetera
1576 1044 1902 1114 auferebat,
1963 1057 2220 1114 eumque

569 1136 935 1192 contrarium
956 1135 1072 1191 illis
1094 1151 1225 1192 esse
1247 1137 1523 1207 putarent
1549 1153 1560 1194 :
1586 1135 1843 1206 primum
1861 1132 1998 1188 huic
2022 1130 2220 1188 mede-

567 1229 664 1280 tur
691 1225 1028 1296 suspicioni.

641 1313 756 1368 Sed
785 1312 1103 1368 videamus
1142 1313 1450 1385 quomodo
1495 1313 1685 1384 legem
1740 1311 2118 1384 compleverit
2147 1326 2218 1366 ac

566 1402 910 1473 prophetas.
951 1402 1535 1473 Prophetasquidem
1562 1402 1901 1473 complevit,
1933 1399 2217 1456 omnibus

564 1505 696 1561 quae
716 1490 790 1546 de
819 1489 947 1562 ipso
979 1491 1334 1561 scripserunt
1377 1492 1703 1563 prophetae,
1737 1507 1916 1561 opere
1954 1488 2217 1561 comple-

564 1578 662 1634 tis.
696 1583 841 1635 Nam
856 1579 934 1635 ob
966 1579 1026 1634 id
1056 1595 1296 1651 quoque
1315 1579 1653 1650 frequenter
1667 1579 2020 1634 addiderunt
2041 1594 2216 1634 evan-

563 1667 824 1736 gelistaa:
861 1669 930 1723 Ut
966 1669 1354 1737 compteretur
1402 1669 1560 1739 quod
1586 1668 1808 1724 dictum
1841 1676 1929 1724 est
1948 1683 2216 1738 perpro-

557 1756 797 1824 phetam
810 1799 820 1810 .
835 1757 1051 1825 Legem
1067 1762 1266 1812 autem
1283 1772 1404 1812 uno
1419 1757 1662 1828 quidem
1679 1758 1883 1826 modo,
1897 1756 2214 1827 complevit
2240 1769 2280 1822 Β

558 1843 706 1899 nihil
731 1845 1222 1915 transgrediendo
1268 1861 1472 1900 eorum
1501 1862 1630 1917 qua:
1687 1846 1778 1900 lex
1805 1847 2088 1914 jusserat.
2121 1845 2213 1900 Di-

559 1938 724 1988 xerat
755 1933 910 1987 enim
945 1933 1109 2004 prius
1144 1933 1223 1988 ad
1247 1935 1536 1988 Joannem
1567 1951 1578 1986 :
1613 1935 1710 1989 Sic
1753 1935 1913 1990 decet
1938 1951 2036 1990 nos
2059 1951 2208 1992 com-

556 2020 722 2088 plere
734 2035 955 2076 omnem
968 2021 1323 2089 justitiam“
1353 2038 1366 2086 ;
1391 2021 1506 2076 alio
1524 2027 1722 2077 autem
1748 2024 1946 2084 modo,
1981 2023 2212 2079 addens

559 2107 664 2178 ipsi
697 2123 832 2178 qua
859 2110 1255 2178 praetermissa
1283 2115 1489 2165 erant:
1523 2110 1685 2182 quod
1732 2112 1910 2166 etiam
1943 2111 2034 2166 hic
2085 2129 2211 2169 ma-

558 2196 648 2264 gis
679 2211 1006 2266 congruum
1038 2201 1128 2252 est
1155 2197 1497 2268 intelligere.
1535 2200 1682 2254 Cum
1715 2201 1872 2254 enim
1931 2201 2023 2256 lex
2078 2217 2211 2273 pec-

557 2289 826 2340 catorum
855 2285 1002 2340 ﬁnes
1028 2286 1348 2357 prohibeat,
1403 2289 1666 2343 Christus
1720 2289 2010 2362 principia
2058 2307 2210 2363 qUn—

555 2389 669 2444 que
697 2375 887 2430 vetuit.
947 2375 1254 2447 Siquidem
1306 2376 1495 2432 caedes
1536 2377 1762 2433 fructus
1815 2384 1903 2435 est
1959 2382 2205 2452 peccati,

553 2461 722 2518 radix
752 2469 946 2519 autem
976 2465 1098 2534 ejus
1121 2470 1207 2522 est
1237 2465 1324 2522 ira
1357 2488 1368 2519 :
1403 2467 1514 2521 nisi
1565 2483 1704 2522 vero
1757 2467 1892 2540 quis
1943 2469 2205 2526 radicem

555 2551 880 2619 abstulerit,
924 2554 1292 2626 quandoque
1324 2555 1569 2610 tandem
1614 2556 1864 2612 fructum
1897 2559 2203 2628 producet.

551 2641 713 2695 Patet
733 2641 1197 2710 igiturmancum
1213 2643 1394 2699 fuisse
1418 2650 1804 2716 prazceptum,
1827 2649 1988 2718 quod
2010 2648 2205 2705 solum

553 2729 823 2782 occidere
849 2729 1110 2787 vetabat.
1145 2734 1262 2785 Hoc
1286 2739 1484 2787 autem
1545 2735 1806 2789 Christus
1861 2737 2200 2808 complevit,

551 2815 903 2886 praecipiens
956 2833 1075 2872 non
1130 2819 1321 2884 irasci,
1391 2822 1554 2892 quod
1604 2822 1663 2876 in
1717 2823 1846 2878 aliis
1894 2827 2202 2898 praeceptis

550 2903 932 2972 procedendo
963 2905 1158 2961 licebit
1188 2907 1477 2964 invenire.

625 2993 897 3062 thuare
918 2999 1085 3048 vetus
1143 2997 1229 3051 lex
1255 3002 1381 3052 erat
1436 2997 1837 3070 imperfecta?
1891 3003 2033 3068 Quia
2092 3005 2202 3059 He-

547 3079 697 3135 braei
743 3081 908 3137 durae
977 3084 1220 3140 cervicis
1270 3092 1456 3152 erant,
1535 3103 1643 3143 nec
1701 3091 1968 3148 ferebant
2028 3111 2199 3165 grave

549 3169 766 3240 jugum
799 3187 812 3225 :
845 3171 1190 3244 illositaque
1210 3174 1632 3234 velutiniantcs
1661 3178 1808 3235 lacte
1833 3184 2074 3251 potavit,
2095 3200 2200 3241 no-

549 3258 644 3313 bis
683 3263 881 3315 autem
949 3265 1240 3334 tanquam
1301 3265 1442 3320 viris
1494 3267 1751 3324 solidum
1792 3272 2072 3343 apposuit
2116 3275 2199 3328 ci-

546 3345 723 3402 bum.

619 3437 936 3501 Quomodo
951 3456 1090 3496 vero
1112 3441 1250 3498 alibi
1271 3443 1691 3502 dixitChristus
1726 3449 1973 3520 :Jugum
2000 3467 2192 3509 meum

542 3539 726 3580 suave
753 3532 856 3590 est,
886 3531 939 3582 et
962 3544 1106 3584 onus
1145 3545 1336 3586 meum
1394 3534 1513 3589 leve
1541 3537 1588 3569 θ’
1614 3535 1641 3588 ?
1673 3535 1822 3602 Quia
1877 3538 2001 3595 leve
2054 3542 2194 3598 facit

541 3611 658 3666 hoc
686 3611 961 3670 laborum
995 3621 1387 3675 remuneratio
1418 3637 1488 3676 ac
1519 3625 1900 3693 praemiorum
1956 3631 2190 3699 magni-

541 3700 706 3756 tudo.
734 3704 848 3758 Lex
878 3704 1040 3760 enim
1067 3723 1128 3761 se
1159 3709 1531 3766 servantibus
1557 3712 1717 3769 bona
1747 3718 1914 3772 terrze
1946 3721 2191 3790 promit-

538 3788 721 3846 tebat.
754 3790 1019 3850 Christus
1047 3800 1248 3854 autem
1277 3798 1440 3856 bona
1481 3802 1756 3860 coelestia.

610 4030 804 4122 fAlio
833 4032 1013 4089 etiam
1045 4038 1245 4103 modo,
1306 4055 1428 4096 non
1477 4042 1664 4108 solvit,
1718 4047 1815 4101 sed
1862 4049 2185 4122 complevit

531 4119 731 4190 potius
751 4119 936 4188 legem
970 4129 1263 4180 veterem:
1295 4143 1488 4198 neque
1511 4132 1668 4186 enim
1698 4119 2021 4206 Evangelio
2045 4155 2180 4195 con-

529 4205 714 4298 traria
744 4211 884 4269 erat,
919 4208 1022 4262 sed
1055 4212 1252 4280 potius
1304 4215 1403 4271 via
1461 4217 1537 4272 ad
1600 4219 1820 4290 ipsum,
1875 4205 1963 4282 iac
1988 4243 2179 4298 praeco

527 4291 788 4364 praevius
809 4296 1088 4352 etumbra
1110 4303 1442 4374 typusque;
1476 4307 1742 4364 veniente
1767 4318 1964 4371 autem
1989 4291 2179 4374 liven-

525 4380 713 4477 gelio,_
731 4382 1022 4454 completa
1039 4392 1210 4443 estac
1232 4393 1503 4459 cessavit,
1530 4395 1682 4452 sicut
1711 4415 1824 4456 nox
1861 4411 2174 4477 appetente

523 4469 652 4560 die,
671 4469 819 4524 sicut
846 4472 1050 4528 umbra
1090 4476 1306 4534 additis
1332 4481 1644 4541 coloribus.
1671 4469 1986 4560 Oportebat
2013 4499 2172 4554 enim
2209 4482 2255 4536 D

520 4557 918 4631 paedagogum
943 4568 1283 4638 prreceptori
1320 4574 1660 4632 concedere.

585 4863 633 4900 9°
662 4862 862 4923 Matth.
893 4882 950 4934 v,
985 4867 1074 4935 21,
1109 4869 1195 4927 22.
1274 4875 1317 4910 ⁹¹
1345 4875 1547 4938 Matth.
1571 4894 1660 4953 In,
1693 4885 1780 4942 15.

1876 288 2230 351 EUTHYMII
2269 288 2598 347 ZIGABENI

575 430 879 501 praecepta
907 425 1255 483 conditurus
1295 425 1416 479 erat
1445 422 1553 488 his,
1586 437 1720 494 quae
1747 424 1918 476 erant
1944 420 2004 475 in
2033 417 2207 473 Veter.

2331 415 2776 488 παραγγελμάτων
2838 415 3007 488 ἔμελλε
3075 419 3383 490 νόμογετεῖν,
3460 417 3618 489 λέγων

3836 291 3946 347 204

3667 435 3680 448 ’
3751 417 3939 472 Ἠκού-

2334 524 2458 557 σατε
2531 507 2607 557 ὅτι
2679 504 2857 580 ἐρρέθη
2931 512 3040 567 τοῖς
3115 505 3364 579 ἀρχαίοις
3413 527 3426 541 ο
3479 507 3553 560 Ού
3607 511 3868 580 φονεύσεις
3917 526 3933 539 ⁸

2332 593 2386 654 ὃς
2439 590 2488 645 δ’
2562 593 2621 645 ἂν
2676 598 2919 667 φονεύσῃ,
2989 598 3170 667 ἔνοχος
3224 599 3371 648 ἔσται
3423 604 3485 669 τῇ
3546 601 3714 669 κρίσει
3757 615 3770 628 ·

2333 679 2391 734 δὲ
2445 682 2575 754 λέγω
2631 685 2770 755 ύμῖν,
2833 687 2911 735 ὅτι
2965 690 3066 746 πᾶς
3128 687 3153 737 6
3203 685 3531 758 ὀργιζόμενος
3597 694 3669 758 τῷ
3724 683 3933 758 ἀδελφῷ

3829 596 3935 668 ἐγὼ

2331 771 2487 824 αὐτοῦ
2539 772 2672 839 εἰκῆ,
2723 775 2906 844 ἔνοχος
2956 776 3104 826 ἔσται
3155 783 3216 847 τῇ
3273 780 3464 850 κρίσει,
3504 781 3594 828 καὶ
3650 778 3716 828 τὰ
3771 775 3926 838 ἑξῆς·

2329 866 2418 912 καὶ
2491 864 2630 921 θείας
2681 865 2820 923 τινὸς
2887 868 2977 915 καὶ
3044 863 3284 938 οὐρανίου
3356 864 3618 928 πολιτείας
3692 865 3929 918 ἐϐούλετο

2328 956 2496 1019 τεμεῖν
2537 947 2681 1017 ὁδὸν,
2725 953 2808 1002 ἶνα
2853 958 2924 1024 μή
2977 972 3125 1022 τινες,
3172 950 3266 1005 διὰ
3311 957 3370 1006 τὸ
3409 954 3624 1023 ξενιςον,
3661 955 3928 1008 ὑπολάϐω-

2330 1057 2431 1103 σιν,
2493 1041 2574 1090 ὃτι
2628 1038 2848 1115 ἀναιρῶν
2909 1043 2975 1093 τὰ
3034 1040 3247 1109 παλαιὰ,
3327 1045 3590 1116 νομοθετεῖ
3657 1049 3762 1110 νέα,
3836 1050 3928 1098 καὶ

2325 1131 2613 1199 νομίσωσιν
2667 1129 2819 1181 αὐτὸν
2883 1130 3134 1201 ἀντίθεον,
3179 1133 3551 1206 προθεραπεύει
3598 1137 3692 1192 τήν
3745 1137 3927 1186 τοιαύ-

2325 1234 2418 1274 την
2460 1216 2740 1289 ὑπόληψιν.

2398 1305 2572 1372 Ἀλλὰ,
2622 1315 2731 1369 πῶς
2779 1305 3045 1382 ἐπλήρωσε
3096 1312 3182 1361 τὸν
3229 1313 3382 1382 νόμον
3421 1316 3511 1363 καὶ
3558 1315 3680 1373 τοὺς
3717 1319 3923 1388 προφή-

2325 1412 2433 1459 τας,
2485 1390 2698 1467 ἴδωμεν.
2740 1398 2874 1457 Τοὺς
2920 1403 3186 1470 προφήτας
3225 1401 3313 1469 μεν
3375 1399 3662 1475 ἐπλήρωσε,
3715 1401 3922 1477 πληρώ-

2326 1501 2422 1544 σας
2472 1484 2642 1554 ἔργοις
2701 1486 2891 1551 πάντα,
2947 1487 3047 1537 ὅσα
3101 1491 3218 1560 περὶ
3275 1485 3434 1539 αὐτοῦ
3477 1495 3865 1561 προεφήτευσαν
3903 1511 3917 1522 '

2325 1568 2411 1623 διὸ
2480 1576 2570 1624 καὶ
2623 1575 2739 1625 καθ’
2807 1574 3021 1626 ἕκαστον
3076 1583 3176 1626 τὼν
3233 1580 3684 1649 προφητευθέντων
3733 1586 3921 1655 προσέ-

2327 1662 2487 1718 θηκαν
2532 1663 2580 1713 οἱ
2635 1661 2996 1733 εὐαγγελισταὶ
3033 1668 3090 1716 τό
3121 1681 3132 1693 ·
3169 1686 3196 1714 ‹‹
3226 1663 3336 1717 Ἵνα
3377 1665 3624 1741 πληρωθῇ
3667 1672 3724 1720 τὸ
3765 1670 3920 1744 ῥηθὲν

2326 1745 2416 1801 διὰ
2461 1757 2553 1802 τοῦ
2605 1756 2873 1823 προφήτου
2906 1769 2918 1780 ·
2964 1773 2991 1802 ›ι
3041 1755 3126 1804 τὸν
3179 1750 3238 1805 δὲ
3277 1758 3429 1826 νόμον
3479 1755 3551 1807 ἐνι
3602 1758 3690 1828 μὲν
3743 1764 3919 1832 τρόπῳ

2323 1838 2675 1912 πεπλήρωκεν,
2769 1839 2816 1891 ἐν
2897 1849 2968 1911 τῷ
3058 1838 3224 1913 μηδὲν
3307 1849 3522 1916 νόμιμον
3595 1846 3912 1920 παραϐῆναι.

2323 1930 2509 2000 Εἲρηκε
2561 1933 2662 2002 γὰρ
2712 1933 2844 2003 πρὸς
2898 1933 2985 1982 τὸν
3043 1931 3300 1995 Ἰωάννην,
3369 1935 3450 1986 ὃτι
3509 1935 3654 1988 Οὕτω
3723 1941 3916 2011 πρέπον

2321 2014 2460 2068 ἐστὶν
2517 2019 2660 2089 ἡμῖν,
2726 2018 3002 2094 πληρῶσαι
3075 2027 3248 2073 πᾶσαν
3317 2018 3696 2083 δικαιοσύνην·
3757 2028 3913 2101 ἑτέρῳ

2322 2100 2400 2171 δὲ,
2433 2103 2480 2155 ἐν
2512 2113 2583 2175 τῷ
2617 2108 2923 2179 προσθεῖναι
2972 2107 3112 2179 αὐτῷ
3150 2111 3215 2161 τά
3261 2108 3521 2178 λείποντα,
3544 2114 3570 2164 ὃ
3607 2119 3696 2166 καὶ
3725 2116 3916 2188 μᾶλλον

2319 2189 2540 2244 ἐνταῦθα
2576 2201 2704 2246 νοεῖν
2753 2193 3024 2268 ἁρμόδιον.
3081 2204 3183 2250 Τοῦ
3213 2203 3370 2270 νόμου
3419 2203 3516 2276 γὰρ
3561 2205 3627 2254 τὰ
3655 2204 3774 2263 τέλη
3815 2216 3914 2260 τῶν

2319 2280 2706 2354 ἁμαρτημάτων
2764 2283 3065 2351 κωλύοντος,
3119 2288 3145 2338 6
3201 2292 3426 2360 Χριστὸς
3481 2295 3700 2354 καὶτὰς
3746 2294 3910 2368 ἀρχὰς

2318 2367 2589 2425 ἐκώλυσεν.
2630 2371 2688 2423 Ὀ
2721 2376 2864 2444 φόνος
2907 2377 2996 2445 μὲν
3046 2377 3147 2449 γὰρ
3193 2381 3390 2447 καρπός
3420 2376 3560 2431 ἐστιν
3613 2381 3864 2458 ἁμαρτίας
3890 2407 3902 2418 -

2315 2458 2439 2531 ῥίζα
2478 2456 2536 2512 δὲ
2583 2464 2775 2522 ταύτης
2827 2464 2856 2520 ἡ
2918 2462 3066 2536 ὀργή.
3126 2469 3222 2517 Καὶ
3271 2466 3314 2517 εἱ
3366 2471 3438 2538 μή
3493 2488 3574 2531 τις
3631 2456 3777 2545 ἀνέλῃ
3816 2478 3909 2532 τὴν

2313 2547 2487 2620 ῥίζαν,
2560 2553 2699 2602 ἔστιν
2753 2553 2835 2603 ὅτε
2898 2559 3304 2627 καρποφορήσει.
3380 2554 3647 2611 Δέδεικται
3717 2567 3909 2630 τοίνυν,

2315 2637 2391 2687 ὅτι
2451 2635 2660 2701 ἐλλιπὴς
2717 2636 2778 2696 ἦν
2837 2643 2865 2698 ἡ
2943 2645 3056 2714 περὶ
3131 2649 3223 2694 τοῦ
3287 2648 3359 2716 μὴ
3424 2651 3646 2717 φονεύειν
3711 2652 3906 2711 ἐντολή.

2317 2724 2671 2801 Ἀνεπλήρωσε
2724 2725 2782 2780 δε
2834 2732 3026 2787 ταύτην
3065 2733 3090 2782 6
3139 2735 3390 2805 Χριστὸς,
3442 2733 3780 2810 ἐντειλάμενος
3830 2748 3903 2812 μὴ

2313 2813 2639 2884 ὀργίζεσθαι.
2694 2824 2854 2870 Τοῦτο
2919 2815 2978 2871 δὲ
3026 2825 3115 2871 καὶ
3173 2819 3256 2873 ἐπὶ
3315 2831 3410 2874 τῶν
3478 2824 3637 2878 ἄλλων
3693 2826 3902 2882 ἐντολῶν

2314 2903 2547 2977 εὑρήσεις
2581 2912 2793 2978 προϊών.

2385 2996 2484 3044 Καὶ
2555 2990 2701 3045 διατί
2773 2993 2954 3056 ἀτελής
3010 2993 3070 3055 ἧν
3139 3000 3163 3049 6
3221 2999 3434 3062 παλαιὸς
3507 3008 3695 3076 νόμος;
3763 3011 3901 3060 Διότι

2243 3079 2771 3178 Οσκληροτράχηλοι
2841 3080 2974 3141 ἦσαν
3050 3088 3099 3138 οἱ
3155 3087 3401 3162 Ἑϐραῖοι,
3454 3096 3544 3144 καὶ
3608 3094 3701 3146 οὐκ
3766 3097 3903 3155 ἠνεί-

2309 3189 2470 3241 χοντο
2521 3171 2679 3241 ζυγὸν
2713 3170 2898 3246 βαρύν.
2949 3179 3130 3227 Τοίνυν
3179 3176 3402 3242 ἐκείνους
3438 3183 3547 3252 μὲν,
3585 3185 3650 3243 ὡς
3686 3190 3904 3249 νηπίους

2308 3257 2381 3318 εἰς
2439 3257 2644 3333 ἀρετὴν,
2695 3261 2831 3332 γάλα
2895 3261 3128 3317 ἐπότισεν
3171 3287 3184 3299 ο

2305 3353 2606 3422 προσήγαγε
2633 3353 2840 3425 στερεὰν
2871 3359 3086 3426 τροφήν.

2376 3440 2481 3492 Καὶ
2523 3447 2634 3500 πῶς
2676 3441 2700 3491 6
2750 3445 2978 3515 Χριστὸς
3022 3445 3220 3517 εἴρηκεν
3261 3444 3521 3518 ἀλλαχοῦ,
3574 3451 3654 3503 ὅτι
3708 3451 3765 3504 Ὀ
3806 3453 3900 3514 ζυ-

2302 3530 2394 3598 γός
2451 3547 2550 3599 μου
2607 3533 2869 3601 χρηστὸς,
2926 3536 3015 3583 καὶ
3081 3537 3137 3584 τὸ
3219 3539 3426 3607 φορτίον
3481 3557 3582 3609 μου
3639 3540 3896 3616 ἐλαφρὸν;

2303 3619 2444 3668 Διότι
2483 3615 2748 3692 ἐλαφρύνει
2789 3627 2965 3672 τοῦτον
3019 3623 3046 3678 ἡ
3108 3630 3206 3673 τῶν
3257 3628 3421 3676 πόνων
3467 3625 3757 3698 ἀντίδοσις,
3805 3636 3892 3683 καὶ

3230 3269 3352 3340 ἡμῖν
3403 3265 3480 3336 δὲ,
3540 3273 3605 3332 ὡς
3651 3270 3899 3349 ἀνδράσι,

2301 3706 2330 3762 ἠ
2388 3704 2728 3777 μεγαλειότης
2797 3717 2896 3759 τῶν
2962 3707 3215 3765 ἐπάθλων.
3277 3711 3334 3763 Ὀ
3407 3719 3560 3786 νόμος
3627 3721 3716 3789 μὲν
3791 3721 3888 3793 γὰρ

2297 3799 2406 3854 τοῖς
2457 3798 2801 3869 κατορθοῦσιν
2859 3797 3012 3849 αὐτὸν
3071 3800 3135 3850 τὰ
3192 3797 3366 3871 ἀγαθὰ
3415 3812 3511 3864 τῆς
3573 3815 3670 3876 γῆς
3729 3811 3891 3880 ἐτι-ηυγ-

2294 3881 2497 3953 γείλατο
2547 3880 2736 3938 δώσειν
2767 3903 2779 3915 -
2825 3887 2851 3938 6
2888 3882 2947 3939 δὲ
2971 3891 3222 3958 Χριστὸς,
3268 3892 3335 3943 τὰ
3376 3889 3548 3963 ἀγαθὰ
3591 3902 3682 3946 τοῦ
3729 3897 3892 3970 ούρα-

2293 3990 2402 4026 νου.

2368 4058 2603 4132 [Ἄλλως
2655 4063 2769 4135 (51)
2827 4083 2900 4135 τε,
2965 4065 3023 4117 ού
3083 4066 3377 4130 κατελυσεν,
3457 4068 3565 4121 ἀλλ’
3618 4071 3888 4148 ἐπλήρωσε

2290 4152 2376 4200 τὸν
2423 4149 2639 4203 παλαιὸν
2691 4156 2842 4225 νόμον
2895 4155 2921 4206 6
2974 4161 3222 4229 Χριστός.
3283 4153 3425 4210 Οὐδὲ
3469 4161 3570 4234 γὰρ
3628 4159 3886 4220 ἀντέκειτο

2289 4244 2361 4297 τῷ
2401 4239 2714 4313 Εύαγγελίῳ,
2745 4242 2934 4314 μᾶλλον
2973 4247 3063 4316 μεν
3098 4241 3185 4297 οὖν
3233 4243 3356 4309 ὁδὸς
3405 4244 3464 4306 ἦν
3500 4245 3650 4312 οὗτος
3698 4250 3782 4305 ἐπὶ
3825 4259 3883 4307 τὸ

2287 4325 2625 4399 Εὐαγγελιον,
2689 4336 2778 4383 καὶ
2833 4333 3154 4406 προκήρυξις
3209 4334 3384 4402 αὐτοῦ,
3440 4343 3530 4390 καὶ
3597 4343 3740 4407 σκιὰ,
3793 4349 3882 4397 καὶ

2284 4418 2462 4479 τύπος.
2542 4418 2804 4482 Ἐλθοντος
2893 4418 2952 4474 δὲ
3023 4429 3115 4475 τοῦ
3170 4423 3514 4496 Εύαγγελίου,
3607 4429 3877 4503 ἐπληρώθη

2285 4505 2453 4575 οὗτος,
2521 4514 2607 4560 καὶ
2666 4513 2948 4580 πέπαυται,
3020 4515 3089 4575 ὡς
3161 4512 3270 4579 νὺξ,
3345 4517 3542 4590 ἡμέρας
3610 4525 3876 4590 φανείσης,

2281 4597 2351 4657 ὡς
2406 4600 2550 4667 σκιὰ,
2609 4602 2904 4672 χρωμάτων
2961 4603 3074 4672 (5'2)
3141 4602 3534 4662 ἐπιϐληθέντων.
3584 4605 3729 4660 Ἔδει
3772 4613 3871 4684 γὰρ

2278 4689 2364 4738 τὸν
2425 4688 2540 4759 (53)
2605 4685 2947 4762 παιδαγωγὸν
3017 4699 3089 4762 τῷ
3162 4688 3474 4768 διδασκάλῳ
3551 4707 3873 4771 παραχωρῆ-

2277 4795 2388 4828 σαι.

1862 4891 1909 4926 ⁹²
1939 4895 2137 4955 Matth.
2177 4916 2256 4972 xx,
2312 4905 2402 4962 30.

1735 5039 1949 5111 Variae
1983 5046 2314 5124 lectiones
2351 5065 2417 5125 et
2447 5064 2648 5126 notae.

576 5184 686 5326 (Si;
729 5183 960 5244 Inclusa
987 5190 1046 5246 in
1077 5194 1349 5264 margine
1373 5197 1549 5256 habet
1578 5207 1642 5260 Α.

576 5254 663 5324 (52
720 5256 1061 5326 llentenius,
1105 5265 1409 5323 coloribus.
1445 5273 1615 5326 Recte

575 5254 686 5326 (52)
716 5256 1061 5337 llentenius,
1105 5254 1409 5323 colli-ibus.
1445 5254 1800 5350 Rect‘e‘ergo
1827 5294 2125 5363 γρωμάτων

575 5341 723 5363 πειθοῖ-ι
802 5345 912 5363 nun
981 5337 1269 5363 ..-u....'_--..
1374 5342 1460 5363 οε-
1527 5343 1537 5355 ‘
1608 5347 1636 5363 ο
1660 5349 1717 5363 μα
1850 5345 1869 5358 ν
2133 5337 2145 5362 ἳ

499 5339 748 5391 correxn,
802 5345 912 5400 pro
976 5339 1290 5405 χρημάτων.
1373 5342 1464 5396 Sic
1518 5339 2150 5437 ἐπιϐάλλειν

1139 5458 1811 5559 EeLCrzice‘eleganter,
1862 5490 2060 5559 τέμνειν
2095 5487 2242 5548 ὁδόν.

2264 5228 2501 5303 Gregor.
2531 5229 2800 5303 Nazianz.
2830 5246 2889 5303 p.
2927 5236 3012 5290 35.

2333 5299 2448 5369 (53)
2480 5301 2735 5373 Respicit
2767 5299 2891 5361 Cal.
2925 5321 3005 5370 ιιι,
3037 5305 3126 5361 24.

2273 5491 2392 5551 Sed
2417 5493 2577 5552 hunc
2607 5500 2847 5572 tropum
2875 5501 3061 5558 Latini
3098 5517 3222 5560 non
3291 5509 3424 5563 sunt
3466 5507 3697 5575 imitati,
3744 5509 3860 5566 nisi
