4206 6310
202 381 324 442 205
1244 388 1612 451 COMMENT.
1653 392 1721 449 IN
1759 395 2213 455 MATTH/EUM.
2265 432 2332 440 —
2371 401 2528 458 CAP.
2569 402 2635 459 V.
3483 416 3590 471 206

294 516 397 563 Καὶ
445 510 602 571 ἄλλως
647 507 706 563 δὲ
756 511 1086 587 πεπλήρωκεν
1143 515 1169 564 6
1224 518 1448 588 Χριστὸς
1499 520 1585 569 τὸν
1642 523 1815 591 νόμον,
1848 524 1895 577 Α

2000 521 2125 578 ΑΙίο
2175 539 2416 597 quoque
2463 527 2646 583 modo
2692 528 2952 585 Christus
3001 530 3193 604 legem
3240 535 3581 607 complevit,

216 603 283 652 τὰ
343 597 676 673 διατάγματα
730 604 916 653 τούτου
985 602 1227 674 φυλάξας,
1287 610 1376 657 καὶ
1424 610 1673 677 πέπαυκε,
1728 606 1820 660 δια

1932 614 2174 667 servatis
2200 615 2387 685 ipsius
2412 618 2737 689 praeceptis,
2763 618 3062 692 ﬁnemque
3086 597 3413 694 imposuit‘:
3439 626 3584 697 quia

212 697 309 742 τοῦ
391 690 582 742 τελείου
685 693 744 742 τὸ
823 690 988 751 ἀτελὲς
1068 692 1393 766 ἀποκρύψας.
1480 694 1633 752 Ὀθεν
1727 698 1820 749 οὐκ

1930 702 2229 757 abstracta
2262 703 2707 774 imperfectione
2743 690 2984 778 perfecit
3018 690 3193 782 (im).-
3217 713 3384 769 Unde
3433 690 3585 771 con-

213 785 531 832 ἁντίκεινται
599 788 706 841 τοῖς
769 788 861 832 τοῦ
924 786 1081 846 νόμου
1159 785 1225 834 τὰ
1314 791 1405 835 τοῦ
1477 786 1814 857 Εὑαγγελίου,

1932 790 2107 844 traria
2137 807 2256 844 non
2290 798 2426 847 sunt
2466 795 2811 864 evangelica
2852 805 3146 869 praecepta
3178 801 3271 855 his
3307 818 3442 873 quae
3488 803 3583 859 lex

210 868 342 921 ἀλλά
374 877 763 941 συμφωνοῦσιν.
822 870 881 921 Ὀ
919 873 1008 942 μὲν
1050 874 1151 945 γὰρ
1194 872 1483 945 προτέλειον
1534 871 1614 941 ἦν,
1656 879 1714 927 τὸ
1763 872 1821 928 δὲ

1922 877 2113 948 jussit,
2159 880 2264 933 sed
2291 896 2559 937 consona
2591 900 2603 937 :
2637 883 2728 939 lex
2759 884 2915 940 enim
2946 868 3183 943 initium
3214 868 3359 960 erat,
3394 893 3583 948 Evan-

202 957 483 1018 τελειότης.
518 958 541 1032 ]

1931 966 2151 1034 gelium
2183 984 2318 1024 vero
2354 970 2656 1041 perfectio.

276 1046 444 1120 Ἀμὴν
513 1079 584 1089 —-
665 1053 899 1120 γένηται.
973 1053 1044 1101 Τὸ
1110 1048 1291 1122 Ἀμὴν,
1371 1050 1635 1127 ἐπίρρημά
1708 1053 1821 1106 ἐστι

2002 1056 2161 1110 Vers.
2207 1058 2291 1111 18.
2324 1062 2513 1115 Amen
2552 1091 2623 1101 —
2659 1062 2832 1130 facta
2860 1063 2989 1118 sint.
3025 1064 3208 1121 Dictio
3238 1067 3441 1133 Amen,
3475 1067 3583 1123 ad-

204 1135 578 1209 βεϐαιωτικὸν,
638 1136 751 1190 ἀντὶ
802 1146 895 1191 τοῦ
953 1137 1175 1200 ἀληθῶς.
1241 1139 1299 1192 Ἠ
1370 1137 1429 1193 δὲ
1478 1150 1575 1193 τῶν
1640 1142 1820 1214 ἐφεξῆς

1929 1143 2201 1199 verbium
2222 1153 2306 1200 est
2323 1148 2830 1215 contirmativum,
2849 1152 3003 1207 idem
3028 1152 3394 1222 signiﬁcans,
3416 1156 3585 1227 quod

200 1226 382 1301 ῥητῶν
427 1224 653 1293 διάνοια,
687 1230 903 1285 τοιαύτη
948 1227 1108 1295 ἐστὶν,
1162 1230 1241 1280 ὅτι
1282 1228 1412 1290 Ἐως
1444 1232 1503 1282 ἄν
1551 1232 1576 1282 6
1622 1236 1819 1304 κόσμος

1931 1248 2086 1287 vere.
2119 1234 2456 1291 Intellectus
2480 1243 2681 1294 autem
2714 1255 2942 1307 eorum,
2971 1258 3101 1314 quas
3128 1243 3335 1299 ordine
3365 1224 3584 1300 dicun-

209 1312 437 1389 διαμένῃ
515 1317 688 1388 (τοῦτο
754 1319 853 1392 γὰρ
913 1314 1067 1375 δηλοί
1126 1322 1203 1369 τό·
1269 1318 1398 1380 Ἕως
1464 1317 1523 1370 ἂν
1588 1320 1816 1393 παρελθῃ

1931 1326 2040 1388 tur,
2076 1322 2168 1378 hic
2212 1330 2301 1380 est
2336 1343 2351 1378 :
2394 1327 2673 1390 Quandiu
2711 1312 3408 1401 mundus‘permanserit
3448 1334 3586 1404 (hoc

208 1407 236 1456 6
293 1406 508 1481 οὐρανὸς
568 1411 654 1458 καὶ
719 1408 748 1464 ἡ
809 1406 926 1478 γῆ),
984 1406 1043 1457 οὗ
1117 1412 1188 1477 μὴ
1252 1407 1481 1480 παρέλθῃ
1550 1407 1818 1462 ἀτέλεστον

1929 1410 2090 1465 enim
2120 1412 2362 1479 indicat,
2406 1415 2662 1472 dicendo
2702 1434 2713 1470 :
2760 1419 2941 1475 Donec
2983 1426 3238 1477 transeat
3286 1424 3487 1478 caelum
3530 1430 3580 1479 et

209 1491 338 1547 οὐδὲ
401 1498 459 1548 τὸ
510 1494 867 1548 εὐτελέστατον
933 1494 1194 1566 ἐπίταγμα
1245 1504 1337 1548 τοῦ
1391 1501 1571 1569 νόμου,
1617 1498 1706 1559 ἓως
1758 1498 1817 1551 ἂν

1931 1500 2128 1570 terra),
2183 1517 2570 1575 nequaquam
2637 1507 3110 1576 praetermittetur
3165 1510 3582 1581 imperfectum

209 1586 389 1637 πάντα
458 1586 522 1637 τὰ
592 1588 786 1656 νόμιμα
847 1589 1083 1657 γένηται,
1153 1589 1271 1643 ἤτοι
1333 1586 1579 1661 πληρωθῇ
1648 1589 1820 1662 ἔργοις

1928 1588 2016 1642 vel
2044 1589 2411 1647 levissimum
2442 1592 2585 1661 legis
2617 1602 3004 1666 praeceptum,
3038 1598 3226 1653 donec
3265 1601 3468 1656 omnia
3507 1601 3584 1656 le-

211 1674 341 1746 παρ’
391 1674 534 1744 ἐμοῦ.
586 1677 676 1726 Διά
720 1676 821 1745 γὰρ
866 1681 958 1725 τοῦ
1014 1673 1142 1725 ἰῶτα
1195 1680 1284 1726 καὶ
1334 1683 1428 1735 τῆς
1483 1681 1710 1747 κεραίας,
1761 1680 1818 1728 τὸ

1930 1677 2085 1745 galia
2113 1679 2290 1750 facta,
2321 1682 2442 1736 sive
2467 1699 2641 1754 opere
2669 1685 2966 1755 completa
2988 1686 3103 1741 sint
3126 1704 3160 1742 a
3186 1704 3301 1744 me.
3328 1689 3437 1743 Per
3459 1689 3584 1745 iota

214 1762 580 1814 εὐτελέστατον
661 1759 935 1819 ἐδήλωσεν,
1022 1762 1103 1815 Ἐν
1192 1766 1293 1836 γὰρ
1366 1772 1476 1824 ταῖς
1551 1772 1820 1840 γραμμαῖς

1930 1766 2234 1838 siquidem,
2272 1777 2370 1825 aut
2404 1771 2658 1841 apicem,
2687 1774 2851 1843 quod
2884 1773 3353 1844 abjectissimum
3384 1781 3475 1832 est
3509 1778 3583 1833 si-

214 1852 388 1902 ταῦτά
470 1852 597 1902 εἰσιν
679 1851 1028 1918 εὐτελέστατα,
1108 1855 1175 1913 ὡς
1270 1852 1634 1927 εὐχερέστερον
1721 1863 1875 1931 τῶνὶ

1929 1856 2227 1925 gniﬁcavit
2272 1874 2284 1911 :
2336 1859 2463 1917 hmo
2500 1860 2659 1915 enim
2712 1862 2774 1915 in
2824 1862 3028 1917 litteris
3065 1864 3371 1921 levissima
3423 1870 3579 1931 sunt,

212 1938 380 1990 ἄλλων
412 1938 873 2014 ἐγχαρασσόμενα.
928 1940 1081 1993 Ἔστι
1119 1937 1178 1992 δὲ
1221 1944 1277 1992 τὸ
1314 1944 1403 2013 μὲν
1447 1942 1573 1994 ἰῶτα
1601 1948 1816 2015 γραμμὴ

1929 1948 2216 2016 tanquam
2268 1963 2397 2017 quae
2446 1950 2670 2003 caeteris
2717 1950 2947 2005 facilius
2995 1953 3251 2007 describi
3311 1959 3579 2023 possunt.

213 2028 367 2103 ὀρθή·
407 2030 437 2085 ὴ
476 2025 535 2080 δὲ
582 2034 782 2101 κεραία,
822 2035 1036 2102 γραμμὴ
1081 2029 1302 2101 πλαγία.
1359 2038 1552 2103 Σχῆμα
1599 2028 1659 2082 δέ
1708 2030 1821 2083 ἐστι

1930 2035 2027 2087 Est
2070 2040 2271 2089 autem
2303 2034 2421 2092 iota
2452 2036 2604 2091 linea
2638 2046 2816 2102 recta,
2859 2054 3009 2109 apex
3056 2056 3197 2095 vero
3238 2040 3395 2096 linea
3438 2041 3584 2096 obli—

213 2116 544 2190 βεϐαιώσεως
620 2121 676 2169 τὸ
757 2118 939 2189 λέγειν,
1000 2121 1079 2170 ὅτι
1148 2118 1281 2181 Ἕως
1342 2121 1402 2170 οἶν
1485 2118 1713 2192 παρέλθῃ
1796 2120 1820 2169 6

1928 2137 2075 2193 qua.
2109 2124 2315 2178 Modus
2338 2141 2580 2196 quoque
2603 2127 3073 2182 conﬁrmationis
3103 2132 3190 2184 est
3211 2129 3407 2185 dicere
3435 2147 3447 2183 :
3474 2133 3585 2186 Do-

209 2207 433 2280 οὑρανὸς
484 2211 571 2258 καὶ
624 2209 653 2263 ἡ
708 2216 799 2278 γῆ,
865 2208 924 2258 οὐ
980 2212 1048 2271 μὴ
1106 2207 1243 2259 ἐάσω
1298 2204 1438 2263 τόδε.
1504 2211 1691 2280 Εῖρηκε
1764 2204 1822 2260 δὲ

1929 2228 2035 2265 nec
2066 2217 2317 2268 transeat
2350 2214 2556 2270 caelum
2596 2221 2648 2271 et
2691 2221 2863 2281 terra,
2915 2216 3025 2272 hoc
3063 2234 3181 2272 non
3224 2219 3580 2287 permittam.

203 2303 363 2348 τοῦτο
439 2297 464 2346 6
531 2299 777 2369 Χριστὸς,
848 2295 1090 2368 βεϐαιῶν,
1146 2298 1226 2348 ὅτι
1283 2297 1341 2350 οὐ
1408 2304 1677 2369 μεταποιεῖ
1735 2300 1821 2348 τὸν

1932 2300 2083 2354 Dixit
2114 2307 2312 2356 autem
2341 2302 2454 2357 hoc
2486 2303 2767 2369 Christus,
2803 2304 3168 2360 conﬁrmans
3193 2308 3357 2377 quod
3390 2307 3584 2376 legem

203 2390 383 2457 νόμον,
444 2387 515 2445 ὡς
562 2388 634 2458 μὴ
689 2382 970 2457 δυνάμενος
1028 2393 1212 2451 ποιεῖν,
1268 2388 1303 2437 ά
1362 2384 1547 2447 ἐκεῖνος
1612 2384 1822 2438 ἐντέλλε-

1928 2404 2051 2444 non
2093 2390 2426 2460 corrigeret,
2473 2396 2757 2463 tanquam
2788 2409 2909 2448 non
2950 2398 3159 2464 potens
3186 2412 3311 2466 quae
3338 2395 3439 2451 illa
3463 2396 3585 2467 jus-

207 2495 316 2528 ται.
351 2478 454 2527 Καὶ
483 2477 585 2547 γὰρ
617 2477 782 2549 μέχρι
815 2476 1033 2528 θανάτου
1065 2483 1243 2528 τοῦτον
1279 2474 1509 2538 ἐξετέλει.

1932 2482 2081 2533 serat
2102 2494 2281 2551 Opere
2304 2480 2600 2552 complere
2620 2503 2634 2550 ς
2660 2497 2803 2538 nam
2822 2498 3011 2554 usque
3028 2485 3106 2539 ad
3125 2490 3377 2540 mortem
3396 2484 3583 2557 ipsam

1931 2567 2273 2639 complevit.

285 2653 380 2714 ’Ὁς
426 2683 494 2694 -
545 2654 793 2727 οὐρανῶν.
855 2653 991 2725 [Τῶν
1047 2654 1164 2725 (54)
1211 2658 1548 2729 μικροτέρων,
1600 2655 1682 2705 ἵνα
1745 2658 1816 2725 μὴ

2002 2659 2165 2712 Vers.
2200 2659 2286 2712 19.
2319 2659 2667 2730 Quicunque
2688 2691 2756 2700 -—
2776 2660 3083 2719 eceteram.
3123 2663 3165 2731 Δρ
3193 2662 3273 2719 De
3300 2662 3575 2727 minimis,

212 2742 346 2811 λέγω
378 2751 477 2794 τῶν
506 2744 774 2816 μειζόνων,
808 2741 830 2815 ]

1930 2751 1994 2801 ut
2016 2761 2088 2800 ne
2115 2747 2315 2802 dicam
2346 2748 2419 2802 de
2446 2748 2800 2818 majoribus.

281 2833 519 2907 Ἐπείπερ
576 2829 635 2885 δὲ
684 2831 968 2894 ἀπήλλαξεν
1029 2832 1207 2885 ἐαυτον
1260 2841 1351 2893 τῆς
1401 2838 1626 2905 πονηρᾶς
1688 2833 1819 2883 ὑπο-

2001 2836 2323 2907 Postquam
2375 2838 2640 2907 seipsum
2690 2854 2877 2910 prava
2918 2838 3255 2909 suspicione
3287 2837 3577 2905 liberavit,

200 2922 355 2993 ψίας,
399 2925 573 2975 λοιπὸν
623 2920 842 2993 ἐκφοϐεῖ,
898 2928 987 2975 καὶ
1044 2921 1255 2980 ἀπειλὴν
1304 2924 1483 2981 τίθησι
1546 2921 1817 2994 μελίστην,

1929 2924 2208 2995 deinceps
2231 2930 2497 2990 exterret,
2522 2927 2837 2998 minasque
2860 2927 3027 2997 ponit
3046 2928 3341 2982 maximas
3366 2944 3473 2998 pro
3497 2928 3581 2983 fu-

204 3013 341 3083 ὑπὲρ
436 3019 530 3073 τῆς
608 3011 893 3083 μελλούσης
962 3013 1271 3083 νομοθεσίας
1367 3011 1545 3064 αὐτοῦ.
1638 3009 1820 3070 Ὀστις

1929 3017 2061 3069 tura
2083 3012 2450 3083 legislatione
2473 3031 2599 3069 sua.
2628 3015 2998 3086 Quicunque,
3025 3015 3228 3087 inquit,
3265 3032 3450 3070 unum
3478 3015 3584 3072 ho-

208 3098 462 3173 ἀθετήσῃ,
547 3106 697 3172 φησι,
777 3106 901 3173 μίαν
979 3109 1075 3151 τῶν
1150 3100 1361 3153 ἐντολῶν
1444 3104 1656 3170 τούτων,
1752 3100 1819 3149 ὧν

1928 3118 2060 3158 rum
2094 3109 2522 3173 praeceptorum
2553 3103 2854 3174 spreverit,
2890 3120 3021 3175 quae
3061 3120 3173 3173 ego
3213 3104 3582 3160 stabiliturus

206 3190 378 3263 μέλλω
434 3192 802 3262 νομοθετῆσαι,
870 3194 959 3242 καὶ
1028 3195 1099 3263 μὴ
1180 3195 1330 3262 μόνον
1390 3188 1636 3261 ἀθετὴσῃ,
1694 3187 1867 3286 ἀλλὰ(

1930 3208 2095 3246 sum:
2132 3208 2239 3245 nec
2268 3192 2454 3246 solum
2480 3192 2603 3262 ip:~e
2627 3192 2929 3263 spreverit,
2957 3192 3057 3246 sed
3082 3198 3138 3247 et
3159 3193 3285 3247 aliis
3306 3194 3579 3265 exemplo

207 3286 300 3331 καὶ
348 3280 536 3352 ἑτέροις
597 3277 896 3351 ὑπόδειγμα
952 3288 1184 3332 τοιοῦτον
1236 3284 1469 3351 γένηται·
1533 3278 1818 3349 ἐλαχίστας
1856 3277 1868 3286 ’

1929 3281 2043 3336 tale
2062 3280 2201 3351 quid
2224 3279 2477 3334 faciendi
2503 3280 2705 3335 fuerit:
2730 3280 2976 3335 minima
3000 3297 3135 3334 vero
3158 3282 3283 3335 limo
3310 3289 3580 3352 precepta

211 3366 274 3421 δε
336 3373 527 3429 ταύτας
570 3368 797 3438 ἐκάλεσε,
854 3376 1005 3421 τοῦτο
1058 3372 1168 3441 μὲν,
1218 3376 1609 3441 μετριοφρονῶν,
1665 3374 1818 3419 τοῦτο

1927 3370 2173 3434 vocavit,
2215 3368 2431 3439 partim
2473 3368 2716 3439 quidem
2756 3369 3066 3423 modestiae
3120 3385 3319 3434 causa,
3364 3372 3578 3439 partim

211 3453 291 3523 δὲ,
344 3459 427 3509 ἱνα
476 3463 547 3529 μὴ
600 3457 917 3532 ἐπαίρωνται
966 3460 1012 3508 οἱ
1067 3459 1431 3530 κατορθοῦντες
1484 3455 1662 3516 αὐτὰς
1709 3456 1819 3527 ἄμα

1926 3473 2067 3511 vero
2096 3473 2167 3511 ne
2196 3456 2613 3511 extollerentur
2641 3458 2743 3527 qui
2773 3474 2840 3512 ea
2864 3463 3199 3512 servarent:
3231 3457 3405 3512 simul
3437 3475 3580 3529 quo-

210 3546 269 3600 δὲ
316 3551 407 3600 καὶ
463 3544 727 3601 παιδεύων
778 3550 934 3619 ἡμᾶς,
983 3546 1309 3609 ἐξευτελίζειν
1367 3549 1432 3597 τὰ
1480 3546 1661 3615 οἰκεῖα,
1712 3544 1817 3597 ἐπεὶ

1926 3561 2041 3617 que
2072 3546 2289 3599 docens
2316 3562 2425 3599 nos
2453 3544 2687 3617 propria
2710 3552 3038 3611 attenuare,
3059 3548 3336 3618 quamvis
3359 3562 3577 3616 magna

206 3638 433 3710 μεγάλαι
480 3637 583 3689 εἰσὶ
631 3643 720 3688 καὶ
772 3636 990 3707 ὑψηλαί·
1041 3639 1065 3687 6
1116 3644 1351 3695 τοιοῦτος
1393 3632 1480 3686 οὖν
1536 3634 1816 3705 ἐλάχιστος

1926 3634 2043 3687 sint
2073 3640 2127 3689 et
2155 3634 2387 3689 excelsa
2413 3651 2427 3698 ;
2455 3634 2582 3688 talis
2613 3650 2754 3705 ergo
2786 3633 3063 3689 minimus
3098 3635 3426 3705 vocabitur,
3461 3635 3574 3691 hoc

208 3728 553 3794 κληθήσεται,
598 3732 887 3794 τουτέστιν,
938 3729 1161 3797 ἔσχατος
1202 3728 1424 3788 πάντων,
1474 3724 1811 3795 φαυλότατος,

1924 3727 2033 3789 est,
2068 3724 2335 3776 omnium
2362 3728 2714 3793 postremus,
2747 3722 3088 3789 vilissimus,
3116 3723 3571 3794 abjectissimus.

216 3814 607 3888 ἀπερριμμένος,
663 3818 688 3867 ὃ
744 3815 905 3882 ἐστιν,
963 3816 1032 3875 εἰς
1084 3819 1177 3872 τὴν
1226 3813 1439 3865 κόλασιν
1492 3811 1814 3884 taetaema-

1924 3811 2092 3874 Quod
2124 3812 2493 3864 tantumdem
2526 3811 2678 3864 valet
2708 3825 2772 3864 ac
2796 3810 2845 3863 si
2864 3811 3101 3874 diceret,
3128 3811 3186 3863 in
3214 3811 3573 3881 supplicium

215 3924 325 3958 ται.
386 3904 648 3956 Βασιλείαν
706 3902 765 3957 δὲ
822 3914 921 3956 τῶν
982 3904 1209 3979 οὖρανων
1265 3912 1351 3953 νῦν
1408 3907 1501 3961 τὴν
1569 3898 1811 3972 δευτέραν

1921 3900 2283 3970 projieietur.
2327 3900 2597 3966 Regnum
2642 3903 2840 3952 autem
2882 3897 3165 3953 caelorum
3205 3898 3319 3953 hoc
3349 3899 3409 3953 in
3441 3899 3571 3955 loco

215 3998 507 4065 παρουσίαν
555 3993 707 4045 αὐτοῦ
748 4013 925 4066 φησιν,
965 3992 1013 4045 ἐν
1111 3991 1355 4064 βασιλεὺς
1398 3987 1545 4049 οὗτος
1574 3988 1809 4041 ἁπάντων

1921 3987 2247 4042 secundum
2272 4003 2438 4041 suum
2460 3985 2601 4042 dicit
2621 3986 2957 4055 adventum,
2979 3985 3039 4042 in
3052 4002 3173 4058 quo
3187 4002 3288 4041 rex
3302 3987 3572 4044 omnium

218 4080 612 4154 ἀναφανήσεται.

587 4104 612 4137 ι.
1919 4073 2248 4147 apparebit.

283 4170 376 4235 ’ος
409 4204 479 4213 --
528 4172 775 4245 οὐρανῶν.
828 4171 965 4247 “Ope:
1014 4179 1119 4231 πῶς
1172 4168 1328 4235 εἶπεν,
1390 4171 1470 4222 ὅτι
1505 4172 1614 4242 χρὴ
1671 4174 1809 4241 πρῶ-

1992 4167 2146 4220 Vers.
2196 4166 2277 4219 19.
2314 4163 2425 4231 Qui
2453 4196 2522 4204 -—
2549 4165 2842 4221 caeterum.
2880 4163 3030 4222 Vide
3058 4164 3568 4236 quemadmodum

211 4280 295 4314 τον
352 4270 536 4332 ποιεῖν,
598 4263 710 4313 εἶτα
771 4257 1067 4324 διδάσκειν,
1133 4264 1221 4312 καὶ
1268 4262 1339 4332 μὴ
1402 4263 1555 4331 μόνον
1622 4264 1804 4324 ποιεῖν,

1917 4255 2127 4311 dixerit
2148 4259 2415 4326 oportere
2447 4254 2708 4325 primum
2743 4252 2956 4321 facere,
2990 4256 3046 4310 et
3074 4256 3282 4325 postea
3307 4253 3519 4310 docere
3554 4272 3565 4310 :

207 4351 335 4405 ἀλλὰ
399 4357 489 4404 καὶ
549 4348 846 4405 διδάσκειν.
902 4350 1101 4424 Ὠσπερ
1160 4353 1260 4422 γὰρ
1310 4351 1561 4421 μεμπτὸν,
1619 4351 1676 4399 τὸ
1732 4351 1802 4418 μὴ

1914 4360 2026 4400 nec
2070 4345 2260 4400 solum
2304 4344 2514 4408 facere,
2550 4343 2653 4399 sed
2694 4344 2873 4399 etiam
2911 4343 3143 4399 docere.
3177 4343 3569 4409 Quemadmo-

203 4449 370 4496 ποιεῖν
441 4444 553 4513 μεν,
613 4437 889 4492 διδάσκειν
952 4436 1029 4492 δέ’
1089 4439 1223 4490 οὕτω
1291 4437 1443 4490 πάλιν
1509 4435 1675 4496 ἀτελὲς
1747 4439 1805 4487 τὸ

1916 4434 2053 4490 dum
2087 4435 2245 4489 enim
2277 4432 2737 4504 reprehensibile
2763 4436 2851 4488 est
2875 4432 3088 4489 docere
3115 4438 3170 4488 et
3196 4448 3321 4488 non
3349 4432 3564 4500 facere,

200 4538 372 4585 ποιεῖν
402 4533 511 4602 μὲν,
546 4534 615 4602 μὴ
651 4526 926 4583 διδάσκειν
958 4525 1035 4582 δέ.
1086 4526 1264 4580 Τελεία
1318 4523 1375 4579 δὲ
1424 4526 1604 4599 ἀρετὴ,
1643 4528 1701 4577 τὸ
1732 4528 1801 4597 μὴ
1841 4582 1861 4602 r

1914 4524 2000 4580 ita
2029 4540 2261 4579 rursum
2299 4522 2705 4594 imperfectum
2738 4527 2824 4580 est
2853 4521 3045 4579 facere
3075 4526 3129 4578 et
3159 4537 3284 4578 non
3312 4521 3526 4579 docere
3553 4540 3566 4590 ;

205 4582 213 4585 ’
402 4582 412 4602 Α
498 4582 511 4599 7
546 4582 555 4602 Ι
603 4582 613 4588 ⁷
1457 4582 1467 4599 ε
1565 4582 1602 4595 “1
1732 4582 1741 4597 ι

200 4624 361 4693 μόνον
410 4619 575 4691 ἑαυτῷ
620 4621 985 4693 χρησιμεύειν,
1036 4616 1162 4669 ἀλλὰ
1208 4621 1298 4668 καὶ
1341 4622 1449 4677 τοῖς
1488 4615 1697 4690 ἑτέροις.
1739 4582 1861 4665 Σύί

1916 4612 2176 4685 perfecta
2213 4582 2411 4667 autem
2456 4611 2632 4667 virtus
2680 4615 2788 4676 est,
2832 4615 2898 4666 ut
2940 4627 3058 4667 non
3099 4610 3210 4666 soli
3258 4610 3369 4666 sibi
3410 4582 3569 4682 quis;

201 4707 267 4763 δὲ
311 4708 408 4761 οὐκ
463 4710 524 4760 ἄν
582 4708 742 4782 ὀρθῶς
790 4704 1039 4780 διδάξῃς,
1099 4707 1125 4758 ὅ
1186 4710 1257 4779 μὴ
1321 4710 1629 4774 πεποίηκας,
1695 4698 1806 4754 οὐδ’

1913 4703 2078 4774 piam
2117 4700 2272 4757 utilis
2314 4702 2406 4771 sit,
2449 4701 2551 4755 sed
2600 4704 2657 4756 et
2685 4700 2832 4755 aliis.
2865 4702 2948 4754 Tu
2996 4714 3137 4755 vero
3181 4713 3564 4771 nequaquam

200 4800 442 4873 εὐχερῶς
548 4802 737 4870 πείσῃς
816 4803 998 4866 ποιεῖν,
1086 4797 1111 4847 ὅ
1190 4799 1260 4867 μὴ
1347 4798 1412 4846 σὺ
1492 4796 1803 4853 πεποίηκας.

1912 4795 2069 4847 recte
2124 4789 2385 4855 docebis,
2456 4804 2586 4859 quae
2644 4801 2823 4858 opere
2875 4801 2998 4841 non
3048 4787 3394 4858 complesti;
3456 4803 3566 4843 nec

199 4891 480 4950 Ἀκούσεις
508 4889 629 4962 γὰρ’
661 4889 840 4960 Ἰατρὲ,
878 4888 1188 4959 θεράπευσον
1222 4888 1458 4940 σεαυτόν.

1916 4879 2081 4935 facile
2113 4879 2242 4935 aliis
2275 4875 2687 4949 persuadebis,
2723 4878 2785 4930 ut
2834 4874 3057 4930 faciant
3082 4874 3243 4945 quod
3275 4874 3403 4945 ipse
3441 4889 3565 4933 non

1915 4968 2125 5024 fecisti.
2168 4967 2386 5023 Audies
2417 4965 2577 5023 enim
2610 4981 2624 5021 :
2656 4964 2892 5029 Mediae,
2927 4978 3072 5020 cura
3113 4963 3354 5033 teipsum
3386 4963 3458 5020 ".

280 5073 431 5140 Λέγω
482 5097 552 5109 -
601 5065 846 5141 οὐρανῶν.
898 5067 1111 5118 Ἐκεῖνοι
1161 5067 1250 5136 μὲν
1298 5064 1398 5137 γὰρ
1440 5061 1498 5114 οὐ
1543 5065 1802 5128 ποιοῦσιν,

1983 5057 2145 5112 Vers.
2170 5057 2259 5113 ΞΟ.
2298 5058 2438 5111 Dico
2470 5086 2537 5096 -
2578 5055 2866 5111 caelorum.
2902 5052 2987 5110 Illi
3020 5053 3319 5127 siquidem
3348 5052 3565 5112 docent

283 5194 328 5229 9‘
368 5193 505 5250 Luc.
539 5210 614 5258 1v,
647 5194 735 5248 23.

1428 5288 1641 5357 Variae
1678 5285 2002 5355 lectiones
2046 5293 2109 5351 et
2150 5290 2352 5350 notia.

284 5439 393 5512 (54)
432 5438 671 5495 Inclusa
701 5436 760 5492 in
790 5450 981 5505 marg.
1012 5433 1191 5490 habet
1220 5436 1285 5489 Α.

288 5583 402 5653 (uu)
426 5584 571 5651 Quia
595 5580 953 5651 ——perfecit.
982 5576 1335 5653 Imperfecto
1360 5592 1460 5648 per
1487 5575 1802 5653 perfectum
1986 5570 2432 5653 (eiu-Quamuis.
2460 5598 2540 5653 ‘_—
2589 5568 2849 5649 excelsa:
2904 5564 3147 5653 Yidetur
3190 5564 3423 5649 legisse,
3462 5567 3564 5653 aut

217 5639 503 5727 superato.
535 5639 914 5727 Ἀπᾼοκρύπτειν
940 5639 1246 5727 notionem
1269 5639 1580 5727 sup‘erahdi
1600 5648 1801 5715 habet,

1915 5639 2225 5727 certe'ita‘
2266 5640 2614 5727 reddidisse,
2683 5639 2852 5727 aclsi
2912 5639 3133 5708 legerit,
3194 5639 3287 5687 xiv
3342 5639 3563 5710 μεγάλαι

216 5710 371 5801 quod
406 5710 533 5787 orto
563 5725 685 5782 sole
702 5710 936 5781 'caaterae
962 5722 1143 5777 stellae
1171 5710 1553 5778 evanescunt.
1786 5710 1795 5715 ’
1916 5714 2033 5784 ὦσι,
2067 5713 2233 5789 quod
2262 5714 2411 5772 mihi
2439 5712 2617 5771 valde
2643 5710 2950 5784 probatur.
