4206 6310
637 406 744 462 207

1989 385 2325 447 EUTHYMII
2367 383 2698 443 ZlGABENI

3912 375 4026 434 208

640 534 697 587 et
710 543 832 585 non
849 525 1091 590 faciunt,
1111 524 1296 581 vitam
1313 521 1582 578 viventes
1600 519 1892 576 doctrinae
1912 516 2300 580 contrariam:

2417 510 2544 565 ἀλλά
2585 515 2738 583 μόνον
2786 505 3162 574 διδάσκουσιν,
3215 503 3675 578 ἀντιφθεγγόμενον
3732 513 3795 578 τῇ
3849 501 4029 558 διδά-

639 633 750 674 vos
803 619 1004 671 autem
1056 618 1112 669 et
1151 611 1365 668 docere
1395 614 1452 666 et
1497 609 1690 665 facere
1721 607 1970 672 debetis,
2012 611 2077 662 ut
2113 605 2307 660 verbis

641 706 800 762 facta
837 702 1220 759 concordent.
1262 703 1375 755 Aut
1415 699 1594 755 etiam
1636 699 1804 754 aliter
1835 697 1946 752 hoc
1975 693 2301 766 intelliges;

644 795 729 851 Illi
751 793 994 867 quidem
1017 794 1400 864 peccatorum
1425 789 1574 844 fines
1595 789 1905 843 observant
1929 802 1941 840 :
1970 801 2077 840 vos
2103 787 2307 839 autem

640 882 937 956 principia
965 895 1212 953 quoque
1243 878 1560 934 observare
1586 876 1837 932 debetis.
1870 873 2108 930 Scribas
2140 887 2309 929 nam-

648 988 768 1046 que
825 976 882 1028 et
932 970 1262 1026 Phariswos
1317 968 1414 1024 hic
1470 972 1625 1023 recte
1683 971 2013 1038 operantes,
2073 967 2129 1019 et
2184 977 2307 1017 non

648 1059 1155 1131 transgredientes
1177 1058 1455 1130 accipito.
1487 1055 1777 1112 Justitiam
1797 1071 1936 1110 vero
1964 1051 2309 1124 simpliciter

655 1150 802 1206 dixit
827 1164 1070 1206 omnem
1097 1149 1396 1204 virtutem.

720 1325 1046 1385 Considera
1098 1328 1298 1382 autem
1359 1322 1667 1396 quomodo
1720 1326 1776 1377 et
1828 1336 1930 1392 per
1985 1319 2308 1392 praesentia

649 1417 854 1483 verba,
886 1419 944 1472 et
971 1429 1076 1487 per
1104 1429 1177 1470 ea
1205 1429 1342 1485 quae
1382 1413 1651 1485 superius
1682 1411 1840 1466 dicta
1871 1413 2026 1474 sunt,
2059 1423 2182 1464 non
2214 1424 2306 1464 ca-

645 1505 978 1565 lumnietur
1014 1503 1204 1574 legem
1244 1506 1524 1565 veterem,
1575 1502 1678 1556 sed
1728 1501 1920 1571 ipsam
1962 1497 2158 1570 potius
2206 1513 2306 1553 au-

649 1600 801 1667 geat.
830 1597 1042 1649 Verum
1075 1592 1124 1646 si
1154 1591 1254 1647 illa
1281 1589 1819 1663 irreprehensibilis
1846 1593 1954 1652 est,
1980 1603 2084 1642 cur
2110 1585 2308 1641 salvos

648 1701 771 1740 non
805 1683 946 1740 facit
976 1682 1110 1737 illos
1140 1681 1244 1754 qui
1283 1681 1476 1752 ipsam
1515 1683 1793 1734 servant?
1825 1680 2015 1747 Usque
2045 1675 2122 1731 ad
2148 1674 2308 1730 Chri-

651 1773 728 1830 sti
759 1772 1006 1845 quidem
1037 1771 1364 1827 adventum
1392 1768 1588 1824 salvos
1611 1784 1713 1822 eos
1740 1767 2013 1829 faciebat,
2037 1764 2135 1835 qui
2166 1779 2309 1835 gna-

2418 601 2608 672 σκαλὶᾳ
2649 603 2733 652 τὸν
2789 597 2904 670 βίόν
2953 600 3181 668 ἔχοντες·
3228 592 3377 667 ὑμεῖς
3435 592 3493 647 δε
3544 599 3633 648 καὶ
3684 601 3870 663 ποιεῖν,
3927 600 4028 647 καὶ

2417 687 2695 744 διδάσκειν
2739 687 2978 759 ὀφείλετε.
3035 686 3116 738 ἵνα
3183 681 3453 757 συνᾴδωσι
3494 687 3558 737 τά
3609 687 3734 758 ἔργα
3785 690 3890 744 τοῖς
3935 683 4027 736 λό-

2414 799 2545 852 γοις.
2597 777 2662 831 Ἥ
2725 781 2814 830 καὶ
2852 776 3034 848 ἑτέρως
3070 782 3222 828 τοῦτο
3268 779 3494 844 νοήσεις,
3545 775 3626 826 ὅτι
3673 774 3885 826 Ἐκεῖνοι
3921 776 4025 846 μὲν

2413 870 2480 920 τά
2533 866 2650 925 τέλη
2711 874 2810 918 τῶν
2869 865 3254 938 ἁμαρτημάτων
3316 865 3683 935 φυλάττουσιν
3754 864 3898 935 ὑμεῖς
3961 859 4027 915 δε

2415 959 2505 1009 καὶ
2556 958 2649 1016 τάς
2697 953 2868 1027 ἀρχὰς
2912 953 3181 1026 φυλάττειν
3235 953 3475 1025 ὀφείλετε,
3531 955 3634 1024 εἴγε
3684 950 4025 1026 Γράμματεῖς

2415 1050 2506 1099 καὶ
2555 1049 2872 1118 Φαρισαίους
2927 1041 3148 1096 ἐνταῦθα
3204 1046 3326 1105 τοὺς
3375 1043 3779 1115 κατορθοῦντας,
3809 1046 3900 1094 καὶ
3956 1041 4023 1094 οὐ

2413 1138 2534 1196 τοὺς
2592 1140 3013 1208 παρανομοῦντας
3077 1131 3272 1194 λάϐοις.
3340 1134 3683 1191 Δικαιοσύνην
3755 1126 3815 1184 δε
3879 1128 4022 1185 εἶπεν

2417 1223 2591 1285 ἁπλῶς
2619 1230 2791 1277 πᾶσαν
2816 1223 3020 1296 ἀρετήν.

2485 1312 2627 1387 ’Ὀρα
2683 1308 2762 1377 δὲ,
2815 1313 2951 1374 ὅπως
2993 1316 3084 1364 καὶ
3137 1307 3233 1364 διά
3277 1318 3378 1362 τῶν
3428 1314 3692 1384 παρόντων
3745 1310 4019 1384 ῥημάτων,

2413 1407 2504 1455 καὶ
2557 1399 2650 1455 διὰ
2699 1410 2798 1454 τῶν
2851 1402 3085 1476 ἀνωτέρω
3137 1401 3433 1474 εἰρημένων,
3497 1400 3556 1452 οῦ
3607 1396 3873 1453 διαϐάλλει
3921 1404 4022 1460 τὴν

2415 1491 2637 1544 παλαιὰν
2700 1492 3029 1563 νομοθεσίαν,
3101 1489 3206 1543 ἀλλ’
3275 1488 3513 1542 ἐπιτείνει
3573 1489 3763 1562 μᾶλλον
3823 1489 4013 1548 αὐτήν.

2419 1585 2518 1634 Καὶ
2561 1581 2605 1633 εἰ
2652 1577 2971 1642 ἀδιάωητός
3005 1578 3136 1645 ἐστι,
3175 1575 3321 1632 διατί
3363 1579 3421 1631 οῦ
3464 1582 3622 1642 σώζει
3662 1583 3783 1641 τοὺς
3826 1598 4020 1653 μετερ-

2416 1673 2668 1742 χομένους
2715 1671 2916 1736 minito;
2969 1673 3147 1743 Μέχρι
3192 1672 3282 1742 μὲν
3329 1677 3419 1728 τῆς
3477 1676 3569 1720 τοῦ
3623 1676 3857 1741 Χριστοῦ
3912 1689 4020 1721 πα-

2415 1765 2634 1834 ρουσίας
2688 1759 2849 1820 ἔσωζε
2905 1763 3024 1821 τοὺς
3078 1757 3308 1832 ἀκριϐεῖς
3359 1757 3590 1830 φύλακας
3643 1758 3827 1825 αὐτῆς,
3887 1761 4022 1829 μετά

647 1863 797 1918 viter
813 1862 1006 1933 ipsam
1030 1858 1450 1915 custodiebant
1476 1877 1486 1915 :
1523 1863 1726 1928 postea
1743 1870 1882 1910 vero
1905 1871 2043 1910 cum
2065 1853 2306 1910 infantia

2416 1857 2564 1901 τοῦτο
2597 1846 2678 1916 δέ,
2718 1856 2812 1910 τῆς
2838 1852 3151 1910 νηπιότητος
3196 1848 3263 1908 εἰς
3309 1845 3609 1922 άνδρότητα
3648 1845 4019 1922 προκοψάσης,

652 1951 710 2006 in
757 1949 984 2004 virilem
1007 1949 1135 2018 jam
1165 1946 1475 2018 profecerit
1505 1949 1754 2010 aetatem,
1785 1949 1841 1999 et
1865 1943 2102 2015 c0piosa
2124 1943 2309 2013 gratia.

652 2036 1002 2093 hominibus
1024 2035 1163 2091 data
1185 2035 1276 2099 sit,
1301 2034 1686 2106 maximaque
1707 2033 2010 2105 proposita
2032 2033 2143 2087 sint
2163 2048 2284 2104 prae

655 2127 777 2184 mia
794 2142 903 2198 pro
920 2125 1218 2182 bonorum
1245 2124 1628 2181 retributione
1650 2140 1896 2195 operum
1915 2123 2130 2195 (neque
2147 2123 2308 2179 enim

657 2217 917 2286 amplius
947 2215 1248 2288 possessio
1276 2219 1439 2270 terrae
1470 2214 1849 2286 promittitur,
1883 2217 1985 2268 aut
2013 2212 2307 2268 bonorum

656 2311 1051 2370 terrenorum,
1084 2319 1280 2376 neque
1307 2303 1850 2376 prolisfecunditas,
1873 2303 2166 2372 autlonga
2195 2302 2310 2359 vita

657 2411 763 2450 seu
791 2393 1042 2450 victoria
1067 2393 1142 2449 de
1167 2392 1441 2457 inimicis,
1471 2392 1573 2448 sed
1599 2391 1725 2447 caeli
1754 2391 2088 2456 haereditas,
2123 2391 2306 2448 bono-

653 2498 913 2554 rumque
937 2481 1283 2546 ccelestium,
1315 2486 1371 2536 et
1400 2481 1495 2537 Dei
1530 2481 1852 2552 adoptatio,
1883 2496 1951 2536 ac
1977 2480 2309 2536 fraternitas

655 2587 794 2627 cum
819 2570 1123 2640 Unigenito
1147 2572 1299 2639 ejus,
1321 2569 1570 2626 victoria
1592 2585 1832 2642 quoque
1854 2572 2061 2625 contra
2085 2568 2310 2624 daemo-

655 2677 786 2724 nes,
817 2664 874 2715 et
905 2659 1168 2732 perpetui
1187 2657 1357 2729 regni
1383 2657 1901 2728 communicatio):
1938 2658 2148 2713 merito
2165 2673 2310 2713 sane

654 2764 880 2819 magna
915 2749 1230 2818 exiguntur
1270 2748 1594 2804 certamina
1633 2747 1710 2802 ab
1749 2747 2032 2802 omnibus
2065 2746 2168 2818 qui
2203 2747 2312 2802 hu-

651 2837 920 2910 jusmodi
943 2837 1186 2909 praemia
1209 2835 1357 2892 forte
1382 2843 1521 2892 sunt
1552 2837 1848 2906 accepturi
1877 2852 1890 2901 ;
1923 2839 1977 2890 et
2003 2835 2095 2890 his
2126 2840 2312 2892 certa-

656 2927 922 2984 minibus
979 2925 1296 2998 supposita
1347 2929 1486 2981 sunt
1541 2924 1752 2979 Christi
1801 2927 2092 2996 przecepta
2151 2924 2306 2996 (xx),

655 3017 755 3088 qui
803 3016 1088 3088 praedicta
1143 3015 1416 3087 promisit
1458 3014 1706 3087 praemia
1757 3035 1768 3066 :
1832 3013 2309 3082 magnitudinem

655 3106 814 3162 enim
839 3105 1112 3161 laborum
1131 3103 1207 3159 ad
1226 3102 1704 3175 magnitudinem
1725 3103 2002 3174 opposuit
2023 3102 2310 3175 (yy)praa-

655 3196 939 3250 miorum.

727 3286 890 3340 Vers.
930 3287 1012 3338 2i.
1061 3281 1286 3338 Auditis
1328 3313 1396 3321 —
1443 3283 1506 3336 V.
1549 3285 1636 3336 2‘2.
1670 3282 1925 3351 judicio.
1974 3284 2016 3352 +
2056 3284 2117 3336 tn
2155 3281 2308 3338 libro

654 3373 837 3429 Exodi
870 3371 1085 3427 dicitur
1119 3387 1131 3425 :
1163 3371 1301 3426 Non
1335 3371 1554 3427 occides
1591 3371 1673 3436 9a;
1716 3377 1770 3425 et
1813 3377 1945 3442 post
1976 3370 2198 3426 multa:
2244 3371 2312 3427 Si

655 3462 784 3534 quis
806 3462 1063 3530 aliquem
1077 3459 1452 3528 percusserit,
1475 3466 1663 3514 morte
1678 3460 1981 3525 moriatur,
2007 3461 2054 3494 ’³
2073 3463 2181 3514 etc.

727 3552 1039 3619 Postquam
1057 3547 1239 3602 corda
1253 3547 1519 3618 ipsorum
1537 3547 1886 3602 beatitudini
1900 3548 2004 3601 bus
2021 3547 2313 3619 premolli-

654 3638 758 3704 vit,
789 3640 844 3691 et
875 3636 952 3692 ad
983 3636 1259 3691 virtutem
1290 3637 1540 3700 exacuit,
1577 3635 1806 3706 majora
1837 3636 2119 3706 deinceps
2144 3637 2311 3694 addit

655 3728 978 3800 praecepta.
1012 3725 1222 3797 Incipit
1245 3730 1443 3780 autem
1473 3725 1550 3780 ab
1580 3725 1910 3790 affectibus,
1940 3726 2037 3797 qui
2069 3730 2309 3782 natura-

651 3817 828 3873 liores
860 3819 1017 3881 sunt,
1049 3821 1194 3888 puta
1224 3814 1307 3871 ira
1336 3819 1392 3870 et
1423 3816 1920 3886 concupiscentia.
1960 3819 2023 3872 Et
2052 3815 2310 3886 primum

652 3907 727 3962 de
777 3905 864 3962 ira
913 3903 1168 3975 disserit,
1217 3903 1433 3960 deinde
1470 3905 1651 3960 etiam
1702 3904 1776 3960 de
1827 3905 2311 3976 concupiscentia

653 3998 882 4052 tractat.

726 4083 984 4152 Dignum
1005 4085 1090 4136 est
1111 4086 1312 4136 autem
1343 4085 1406 4136 ut
1426 4080 1824 4152 inquiramus,
1857 4098 2042 4154 quare
2080 4098 2201 4138 non
2232 4083 2309 4139 ab

653 4183 724 4224 eo
779 4166 998 4236 incepit
1053 4164 1214 4237 quod
1265 4165 1323 4218 in
1380 4165 1510 4234 lege
1559 4165 1819 4235 primum
1874 4172 1998 4221 erat
2049 4168 2308 4237 positum

641 4258 1040 4328 praeceptum.
1059 4252 1211 4318 Quia
1227 4268 1357 4306 cum
1378 4252 1521 4307 illud
1545 4253 1618 4307 dc
1634 4252 1933 4308 divinitate
1952 4253 2304 4326 loqueretur,

653 4342 965 4414 oportebat
995 4341 1239 4414 quidem
1273 4340 1414 4396 illud
1451 4343 1626 4396 etiam
1662 4341 1974 4412 complere,
2007 4348 2064 4398 et
2083 4344 2309 4416 aliquid

651 4432 727 4488 de
758 4433 847 4486 sui
877 4431 1065 4502 ipsius
1096 4429 1380 4501 dignitate
1415 4430 1724 4487 manifeste
1756 4431 1996 4486 addere.
2031 4434 2308 4492 Nondum

651 4525 850 4578 autem
869 4525 1100 4591 tempus
1126 4526 1274 4575 erat.
1302 4520 1527 4576 Etenim
1549 4521 1592 4574 si
1620 4520 1797 4576 etiam
1818 4526 1953 4592 post
1968 4521 2304 4581 doctrinam

649 4616 832 4682 atque
859 4610 1029 4680 signa
1048 4609 1405 4664 daemonium
1431 4609 1711 4665 dicebant
1737 4625 1872 4665 eum
1903 4611 2141 4680 habere,
2166 4629 2302 4670 cum

648 4705 852 4758 tamen
882 4699 1023 4755 nihil
1050 4699 1124 4754 de
1149 4699 1284 4770 ipsa
1308 4699 1625 4756 manifeste
1655 4699 1913 4755 diceret:
1943 4701 2113 4772 quid,
2141 4703 2304 4760 obse-

647 4804 770 4856 cro,
800 4803 922 4846 non
946 4787 1237 4843 dixissent
1259 4791 1436 4860 atque
1462 4786 1756 4856 fecissent,
1785 4789 1831 4843 si
1853 4793 1990 4845 ante
2014 4789 2144 4848 haec
2171 4809 2301 4850 om-

719 4968 768 5005 ”
799 4959 979 5025 Exod.
1011 4984 1106 5034 xx,
1147 4971 1231 5026 i3.
1343 4968 1392 5003 9‘
1423 4966 1607 5024 Exod.
1649 4985 1769 5036 xxx,
1804 4973 1888 5026 l2.

2415 1943 2505 1991 καὶ
2556 1938 2750 1998 πολλῆς
2812 1940 3036 2011 χάριτος
3085 1934 3332 1999 δοθείσης
3388 1945 3492 1998 τοῖς
3557 1935 3863 2011 ἀνθρώποις,
3927 1941 4022 1988 καὶ

2417 2026 2667 2100 μελίστων
2743 2025 2972 2080 ἐπάθλων
3043 2028 3383 2101 προτεθέντων
3450 2026 3519 2088 εἰς
3595 2023 3819 2098 ἀμοιϐὴν
3914 2034 4020 2078 τῶν

2417 2118 2850 2191 κατορθωμάτων·
2889 2116 3061 2168 οὐκέτι
3107 2119 3206 2189 γὰρ
3249 2115 3568 2189 κληρονομία
3615 2124 3731 2187 γῆς,
3783 2120 3873 2168 καὶ
3919 2124 4019 2168 τῶν

2419 2205 2473 2258 ἐκ
2501 2214 2597 2278 γῆς
2627 2205 2853 2277 ἀγαθῶν,
2899 2202 3023 2258 οὐδὲ
3051 2202 3396 2272 πολυπαιδία,
3428 2210 3517 2257 καὶ
3543 2214 3730 2281 γῆρας,
3760 2210 3850 2258 καὶ
3877 2212 4019 2258 νῖκαι

2417 2297 2536 2348 κατ’
2601 2294 2823 2371 ἐχθρῶν,
2910 2294 3015 2347 ἀλλ’
3083 2295 3302 2369 οῦρανοῦ
3367 2293 3689 2368 κληρονομία
3745 2299 3829 2346 καὶ
3910 2302 4012 2345 τῶν

2418 2385 2668 2458 οὐρανίων
2713 2383 2938 2456 ἀγαθῶν,
2987 2389 3077 2437 καὶ
3124 2385 3362 2437 υἱοθεσία
3415 2392 3571 2454 Θεοῦ,
3609 2388 3699 2437 καὶ
3734 2380 4014 2455 ἀδελφότης

2418 2477 2548 2547 πρός
2599 2476 2684 2525 τόν
2740 2480 3025 2545 Μονογενῆ,
3080 2478 3170 2526 καὶ
3216 2480 3356 2526 νῖκαι
3403 2476 3540 2526 κατά
3591 2470 3868 2546 δαιμόνων,
3925 2477 4019 2525 καὶ

2419 2568 2658 2615 κοινωνία
2711 2561 2984 2635 βασιλείας
3037 2561 3388 2621 ἀτελευτήτου·
3445 2563 3655 2626 εἰκότως
3710 2569 3799 2615 καὶ
3855 2563 4013 2635 μεγά-

2417 2652 2539 2714 λους
2597 2651 2798 2724 ἀγῶνας
2856 2651 3196 2705 ἀπαιτοῦνται
3255 2655 3442 2714 πάντες
3508 2655 3558 2705 οἱ
3608 2661 3707 2705 τῶν
3772 2655 4022 2705 τοιούτων

2419 2741 2648 2794 ἐπάθλων
2726 2749 2909 2814 τυχεῖν
2977 2741 3255 2813 μέλλοντες,
3319 2746 3409 2794 καὶ
3487 2739 3624 2803 οἳους
3690 2743 4023 2795 ὑποτίθενται

2963 2837 3218 2906 Χριστοῦ,
3293 2839 3385 2884 τοῦ
3441 2835 3530 2884 καὶ
3592 2833 3658 2884 τὰ
3717 2827 4022 2889 δηλωθέντα

2419 2918 2616 2971 ἐπαθλα
2668 2917 3131 2991 ἐπαγγειλαμένου,
3201 2922 3279 2972 Τὰ
3328 2925 3429 2996 γάρ
3481 2922 3670 2994 μεγέθη
3722 2928 3818 2973 τῶν
3871 2917 4014 2991 ἀγῶ-

2417 3027 2534 3073 νων,
2561 3011 2691 3081 πρός
2720 3006 2786 3060 τά
2814 3010 3004 3081 μεγέθη
3036 3016 3138 3061 τῶν
3159 3008 3392 3064 ἐπάθλων
3419 3009 3810 3082 ἐνομοθέτησεν.

2420 2833 2474 2883 αἱ
2530 2830 2727 2883 ἐντολαὶ
2791 2834 2884 2882 τοῦ

2489 3271 2781 3325 ’Πκοῦσατε
2809 3303 2877 3314 —-
2905 3276 3096 3348 κρίσει.
3134 3272 3263 3346 [Τῆς
3293 3271 3410 3345 (55)
3440 3269 3630 3340 βίϐλου
3660 3280 3751 3334 τῆς
3777 3269 4017 3336 Ἐξόδου·

2419 3361 2495 3412 Οῦ
2527 3363 2806 3434 φονεύσεις.
2863 3367 2964 3415 Καὶ
3002 3364 3134 3435 μετά
3169 3362 3350 3415 πολλά⁶
3393 3361 3508 3416 Ἐὰν
3535 3361 3742 3435 πατάξῃ
3782 3367 3859 3423 τίς
3882 3382 4019 3433 τινα,

2421 3453 2620 3523 θανάτῳ
2653 3453 3010 3518 θανατούσθω,
3043 3457 3133 3505 καὶ
3159 3454 3225 3504 τά
3253 3450 3390 3514 ἑξῆς.
3422 3450 3445 3524 ]

2492 3541 2863 3615 Προαπαλῦνας
2918 3544 3012 3604 τάς
3068 3538 3295 3614 καρδίας
3342 3541 3510 3593 αὐτῶν
3576 3539 3625 3593 ἐν
3681 3548 3792 3602 τοίς
3846 3560 4016 3612 μακα-

2417 3638 2648 3704 ρισμοίς,
2712 3637 2802 3684 καὶ
2855 3630 3159 3705 παραθήξας
3197 3631 3265 3692 εἰς
3299 3629 3506 3706 ἀρετὴν,
3567 3629 3785 3683 ἅπτεται
3837 3629 4015 3682 λοιπόν

2417 3725 2507 3773 καὶ
2559 3721 2807 3794 μειζόνων
2881 3719 3113 3774 ἐντολῶν.
3169 3720 3296 3774 Ἀπὸ
3364 3729 3464 3772 τῶν
3527 3723 3885 3794 φυσικωτέρων
3953 3715 4015 3771 δὲ

2418 3811 2644 3883 ἄρχεται
2707 3812 2905 3879 παθῶν,
2974 3811 3139 3882 θυμοῦ
3197 3808 3330 3881 λέγω
3393 3815 3483 3862 καὶ
3540 3809 3838 3882 ἐπιθυμίας.
3916 3813 4021 3863 Καὶ

2417 3907 2619 3974 πρῶτον
2675 3902 2764 3971 μὲν
2821 3904 2938 3972 περὶ
2985 3906 3077 3952 τοῦ
3137 3901 3303 3972 θυμοῦ
3370 3897 3686 3971 διαλέγεται,
3743 3897 3856 3952 εἶτα
3903 3894 4021 3951 διαο

2417 3987 2666 4060 λαμϐάνει
2695 3993 2781 4040 καὶ
2811 3992 2927 4063 περὶ
2950 3997 3046 4051 τῆς
3071 3987 3376 4062 ἐπιθυμίας.

2489 4076 2663 4140 Ἀξιον
2695 4075 2754 4130 δὲ
2799 4079 3048 4147 ζητῆσαι,
3085 4075 3231 4132 διατὶ
3260 4083 3330 4152 μὴ
3374 4078 3564 4153 ἤρξατο
3595 4077 3695 4130 ἀπὸ
3723 4085 3820 4140 τῆς
3866 4077 3918 4131 ἐν
3947 4086 4018 4150 τῷ

2417 4171 2554 4240 νόμῳ
2605 4173 2814 4240 πρώτης
2858 4173 3092 4241 κειμένης
3139 4168 3361 4230 ἐντολῆς.
3414 4171 3575 4236 Διότι,
3623 4172 3742 4241 περὶ
3780 4176 3872 4230 τῆς
3914 4170 4020 4220 θεό-

2417 4275 2573 4318 τητος
2602 4253 2783 4328 οὖσαν,
2829 4256 2932 4311 ἔδει
2969 4263 3059 4311 καὶ
3090 4258 3250 4316 αὐτὴν
3289 4256 3682 4332 ἀναπληρῶσαι,
3717 4262 3808 4310 καὶ
3853 4277 4017 4332 προσ-

2420 4347 2723 4420 θεῖναι
2771 4356 2995 4421 φανερῶς
3034 4352 3152 4424 περὶ
3191 4356 3283 4409 τῆς
3320 4347 3506 4400 ἑαυτοῦ
3547 4349 3813 4409 θεότητος.
3856 4351 4015 4400 Οὔπω

2418 4433 2477 4489 δὲ
2523 4440 2703 4512 καιρός
2751 4434 2830 4496 ἦν.
2877 4437 2938 4491 Εἰ
2979 4440 3079 4512 γὰρ
3123 4442 3212 4491 καὶ
3253 4439 3384 4511 μετὰ
3413 4443 3507 4495 τόν
3547 4433 3900 4490 διδασκαλίαν
3929 4440 4017 4488 καὶ

2413 4529 2480 4579 τά
2525 4534 2737 4600 σημεῖα,
2788 4523 3122 4600 δαιμονῶντα
3164 4527 3319 4580 αὐτὸν
3362 4527 3595 4593 ἐκάλουν,
3645 4531 3818 4580 καίτοι
3851 4521 4016 4599 μηδὲν

2414 4621 2531 4689 περὶ
2585 4617 2750 4679 αὐτῆς
2802 4621 3012 4692 φανερὸν
3059 4618 3282 4670 εἰπόνταο
3342 4622 3395 4670 τί
3446 4617 3541 4669 οῦκ
3597 4614 3657 4668 ἂν
3707 4620 3797 4668 καὶ
3854 4613 4012 4680 εἶπον,

2412 4711 2502 4758 καὶ
2547 4705 2817 4775 ἐποίησαν,
2873 4706 2917 4758 εἰ
2958 4711 3064 4780 πρὸ
3112 4709 3308 4759 τούτων
3341 4707 3576 4759 ἀπάντων
3620 4704 3934 4778 ἐπεχείρησέ
3962 4722 4014 4756 τι

2411 4803 2646 4849 τοιοῦτον
2695 4795 3058 4868 φθέγξασθαι;
3107 4800 3208 4848 Καὶ
3257 4792 3404 4849 διατί
3449 4800 3522 4869 μὴ
3567 4801 3789 4870 φανερῶς
3826 4791 4013 4864 ἔλεγεν,

1874 5147 2092 5218 Varia;
2121 5151 2450 5221 lectiones
2478 5161 2545 5221 et
2571 5160 2774 5222 notas.

715 5344 827 5415 (55)
866 5339 1095 5400 Inclusa
1114 5339 1178 5400 in
1205 5342 1473 5415 margine
1498 5344 1684 5404 habet
1708 5345 1899 5404 codex
1930 5350 2197 5421 uterque.

713 5522 846 5604 (re)
865 5522 936 5605 βε
958 5523 1116 5605 Mm
1137 5529 1460 5605 ρτλῒεερέαε
1478 5527 1543 5605 Et
1563 5526 1654 5605 cei
1667 5527 1902 5605 nsmodi
1922 5526 2297 5605 (certamine)

640 5595 995 5672 praecipiunt
1022 5595 1303 5672 mandata
1333 5596 1559 5654 Christi.
1589 5595 1685 5655 Est
1710 5595 1950 5657 uberior
1980 5595 2298 5672 explicatio

641 5665 734 5720 τοῦ
754 5665 1011 5741 μεγάλους
1043 5665 1270 5752 ἀγῶνας.

2478 5350 2594 5425 (56)
2633 5353 2949 5429 προσϐῆναι.
2987 5359 3049 5411 Δ.

2408 5529 2607 5658 t“ig/.3!)
2639 5531 2944 5604 Opposuit.
2983 5533 3092 5591 Pro
3122 5532 3539 5604 magnitudine
3563 5533 3759 5607 jussit,
3789 5535 4014 5594 consti-
