4206 6310
548 209 649 270 211

623 341 784 396 Vers.
813 336 904 394 22.
933 335 1274 408 Quicunque
1295 365 1360 376 —-
1377 333 1646 392 consilio.
1671 332 1948 405 Superius
1961 329 2206 403 quidem
2239 329 2286 382 Α

555 446 714 496 eum,
739 429 842 500 qui
864 433 1095 484 tantum
1119 427 1481 482 irascebatur
1499 422 1919 479 condemnavit
1945 437 1956 474 :
1982 419 2078 475 hic
2105 435 2208 474 au-

553 525 673 575 tem
711 533 869 582 eum,
897 517 997 588 qui
1044 516 1120 571 ad
1160 514 1340 570 verba
1376 528 1564 584 usque
1599 511 1882 583 procedit.
1929 512 2078 565 Raca
2109 524 2211 562 au-

553 613 674 664 tem
703 623 816 662 vox
859 611 948 661 est
981 604 1283 664 Hebraica.
1332 602 1488 656 idem
1533 600 1876 669 signiﬁcans
1925 596 2084 670 quod
2124 604 2207 651 tu.

557 699 704 754 Cum
757 695 915 751 enim
971 693 1241 748 irascitur
1291 691 1595 763 quispiam
1658 689 1716 744 in
1790 688 2057 750 alterum,
2140 700 2211 739 ex

553 783 794 840 nomine
816 784 1015 853 ipsum
1037 781 1245 835 nolens
1265 779 1586 851 appellare,
1607 778 1774 849 quasi
1801 775 2044 832 nomine
2062 773 2212 828 indi-

560 888 770 944 gnum,
827 871 957 926 loco
1018 868 1279 924 nominis
1330 867 1520 939 ponit,
1568 872 1651 931 tu,
1697 867 1759 920 in
1813 865 2052 935 signum
2111 863 2214 917 irae

556 967 614 1017 et
637 958 1117 1016 abominationis.
1154 957 1322 1011 Hunc
1354 959 1551 1010 autem
1579 952 2024 1017 condemnavit,
2060 949 2215 1005 velut

558 1063 942 1106 communem
1011 1051 1289 1102 naturam
1363 1043 1860 1100 abominantem:
1911 1046 1968 1097 et
2025 1041 2218 1096 senio-

556 1153 691 1193 rum
721 1136 922 1208 populi
953 1135 1218 1199 consilio,
1253 1150 1422 1189 reum
1453 1133 1652 1205 ipsum
1683 1131 2006 1192 constituit,
2036 1135 2102 1186 ut
2143 1131 2217 1186 ab

561 1227 647 1283 eis
674 1226 1044 1296 objurgetur.

633 1316 791 1371 Vers.
834 1315 922 1370 22.
965 1315 1311 1384 Quicunque
1341 1341 1404 1352 —-—
1433 1312 1606 1381 ignis.
1645 1310 1813 1365 Hunc
1846 1309 2037 1378 magis
2083 1323 2221 1363 con-

562 1404 887 1469 demnavit,
915 1407 1116 1475 utpote
1147 1401 1506 1457 auferentem
1539 1415 1574 1455 a
1593 1400 1768 1454 fratre
1792 1402 2075 1461 mentem,
2101 1412 2222 1468 qua

564 1493 641 1549 ab
661 1491 1105 1548 irrationalibus
1129 1490 1450 1546 distamus:
1475 1488 1567 1545 vel
1599 1489 1793 1559 potius
1827 1491 2117 1558 tanquam
2142 1486 2220 1540 in-

558 1581 854 1653 juriosum
885 1584 1092 1636 contra
1120 1580 1320 1634 ﬁdem.
1342 1577 1405 1634 Si
1430 1578 1588 1633 enim
1611 1577 1803 1632 ﬁdelis
1823 1575 1998 1631 frater
2023 1575 2223 1630 fatuus

563 1674 669 1740 est,
701 1670 877 1726 utille
902 1670 1062 1732 dicit,
1097 1669 1260 1724 fatua
1298 1671 1387 1723 est
1407 1667 1555 1722 ﬁdes
1583 1666 1732 1737 ejus.

637 1759 737 1814 Hic
754 1764 945 1814 autem
961 1756 1223 1829 primum
1251 1755 1664 1811 manifestatur
1688 1769 1903 1809 nomen
1932 1753 2223 1822 gehennae

564 1848 741 1918 ignis.
769 1850 928 1902 Hanc
967 1861 1109 1901 vero
1143 1845 1482 1913 gehennam
1503 1843 1700 1898 vocari
1727 1843 1927 1896 dicunt
1952 1842 2221 1914 quidam,

563 1936 742 2008 quasi
765 1950 995 2005 semper
1022 1941 1298 2004 γεννῶσαν,
1324 1932 1383 1986 id
1414 1937 1520 1996 est,
1575 1936 1960 1999 generantem
2000 1930 2222 1998 ignem.

569 2024 680 2079 Alii
702 2039 837 2078 vero
863 2022 1205 2077 [lebraicum
1228 2036 1448 2075 nomen
1473 2021 1690 2089 dicunt,
1719 2017 2067 2088 hujusmodi
2089 2034 2226 2088 sup-

569 2112 816 2184 plicium
839 2110 1205 2179 signiﬁcans.
1235 2109 1292 2164 Si
1317 2108 1497 2179 igitur
1516 2108 1626 2163 has
1655 2124 1790 2179 quae
1823 2123 1859 2162 a
1882 2106 2228 2161 nobisleves

566 2201 930 2273 judicantur,
958 2199 1205 2269 injurias
1225 2198 1303 2252 ita
1327 2197 1577 2269 punivit,
1601 2213 1720 2268 qua
1736 2196 2228 2251 condemnatione

573 2289 739 2358 digni
761 2305 991 2354 sumus,
1023 2287 1127 2359 qui
1154 2302 1364 2355 graves
1394 2290 1595 2341 contra
1623 2285 1832 2341 fratres
1865 2285 2231 2340 incessanter

573 2376 1317 2448 effundimus‘i’Easitaque
1331 2390 1466 2447 quae
1482 2375 1642 2430 leves
1668 2375 1962 2439 videntur,
1990 2378 2233 2446 pr0pter

579 2483 787 2537 graves
817 2466 1066 2538 punivit,
1105 2469 1166 2520 ut
1190 2465 1317 2520 illas
1345 2463 2019 2533 timendasjudicantes,
2052 2463 2233 2519 duca-

581 2572 717 2612 mus
749 2556 858 2612 has
901 2553 1437 2620 formidabiliores;
1475 2557 1600 2608 tum
1646 2553 1824 2607 etiam
1875 2552 2020 2623 quia
2053 2552 2232 2607 iratos

580 2661 694 2700 non
723 2659 962 2713 magna
979 2643 1172 2698 solum
1193 2642 1448 2714 injuriae,
1479 2641 1582 2696 sed
1611 2646 1666 2697 et
1687 2657 1878 2712 parvae
1899 2641 2234 2712 frequenter

582 2733 661 2790 ad
707 2733 900 2788 caedes
940 2737 1286 2804 provocant,
1330 2731 1482 2786 iram
1513 2730 1591 2786 ad
1648 2730 1918 2788 scintillas
1982 2731 2233 2784 modum

583 2821 997 2878 accendentes.

655 2912 816 2964 Vers.
844 2913 932 2965 23.
960 2909 1025 2965 Si
1061 2940 1129 2948 —
1159 2909 1226 2964 V.
1259 2912 1346 2964 24.
1381 2909 1596 2964 Munus
1629 2916 1816 2964 tuum.
1851 2908 2061 2964 Omnia
2102 2924 2236 2980 quae

1867 201 2216 262 EUTHYMII
2254 196 2584 257 ZIGABENI

3863 201 3988 256 212

2385 325 2477 386 ’ος
2521 357 2590 366 -
2633 320 2911 398 ωνεδρίῲ.
2962 322 3231 396 Ἀνωτέρω
3281 322 3370 396 μὶν
3398 323 3486 375 τὸν
3550 321 3739 396 ψιλῶς
3813 324 3988 400 ὀργι-

2997 411 3219 465 ἒνταῦθα
3283 409 3363 482 δὲ,
3442 416 3528 465 τὸν
3596 419 3697 466 καὶ
3786 419 3986 489 μέχρι

2315 507 2471 576 λόγου
2527 507 2796 578 προϊόντα.
2851 501 2922 555 Τὸ
2969 502 3107 577 ῥακά
3163 498 3241 569 δὲ,
3299 501 3542 561 Ἐϐραῑκή
3596 502 3722 556 ἐστι
3784 525 3983 576 φωνη,

2319 417 2528 487 ξόμενον
2585 417 2878 488 κατέκρινεν
2925 433 2939 446 ’

2321 591 2559 652 δηλοῦσα
2592 596 2672 657 τὸ,
2709 592 2795 647 σύ.
2833 593 2973 644 Ἐπεὶ
3011 592 3113 663 γὰρ
3161 591 3496 666 ὀργιζόμενός
3539 612 3620 655 τις
3661 596 3838 646 κατ-οἱ
3894 615 3988 646 τι-

2319 703 2400 744 νος
2433 682 2527 733 οῦκ
2568 681 2705 743 ἀξιοί
2734 680 2951 733 καλέσαι
2993 688 3172 733 τοῦτον
3211 679 3264 743 ἐξ
3294 680 3565 753 ὀνόματος,
3615 686 3687 744 ὡς
3730 681 3984 745 ἀνάξιον

2321 773 2569 843 ὀνόματος
2611 788 2624 801 ·
2683 769 2794 821 ἀντὶ
2863 769 3114 842 ὀνόματος
3185 767 3244 822 δὲ
3298 775 3358 822 τὸ
3421 774 3485 822 σὺ
3550 773 3812 837 τίθησιν,
3903 776 3986 833 εὶς

2322 857 2571 932 ἔνδειγμα
2616 867 2709 920 τῆς
2767 859 2924 931 ὀργῆς
2976 864 3067 912 καὶ
3122 856 3413 932 βδελύξεως
3455 877 3467 890 ·
3515 865 3810 934 κατέκρινε
3879 867 3983 914 καὶ

2323 952 2524 1016 τοῦτον,
2595 950 2661 1009 ὠς
2709 952 2804 1007 τὴν
2871 952 3048 1006 κοινὴν
3116 951 3270 1021 φύσιν
3329 946 3797 1023 βδελυσσόμενον,
3878 956 3982 1003 καὶ

2326 1043 2504 1111 ἔνοχον
2576 1038 2730 1090 αὐτὸν
2787 1046 2857 1108 τῷ
2924 1033 3180 1110 συνεδρίῳ
3247 1047 3345 1090 τῶν
3401 1039 3786 1113 πρεσϐῦτέρων
3874 1047 3981 1093 τοῦ

2325 1129 2451 1181 λαοῦ
2475 1132 2817 1197 κατέστησεν,
2839 1127 2912 1190 εἰς
2940 1130 3000 1179 τὸ
3029 1127 3152 1200 παρ’
3179 1127 3348 1180 αὐτῶν
3377 1127 3802 1201 ἐπιτιμηθῆναι.

2398 1306 2493 1368 ’ος
2547 1337 2615 1346 -
2666 1310 2856 1379 πυρός.
2938 1312 3130 1359 Τοῦτον
3201 1307 3434 1378 μεγάλως
3496 1312 3839 1384 κατέκρινεν,
3905 1312 3981 1370 ὡς

2331 1395 2702 1469 ἀφαιρούμενον
2755 1393 2857 1447 ἀπὸ
2920 1402 3014 1448 τοῦ
3063 1391 3288 1467 ἀδελφοῦ
3343 1400 3436 1454 τὴν
3485 1400 3771 1470 φρόνησιν,
3837 1399 3978 1450 καθ’

2333 1484 2392 1542 ἣν
2450 1492 2549 1535 τῶν
2597 1482 2795 1555 ἀλόγων
2849 1481 3180 1557 διαφέρομεν,
3235 1485 3265 1543 ἡ
3321 1484 3534 1556 μᾶλλον,
3583 1489 3652 1548 ὡς
3711 1487 3802 1549 εἰς
3865 1492 3977 1546 τὴν

2331 1577 2510 1626 πίστιν
2563 1572 2865 1648 ὑϐρίζοντα.
2912 1574 2973 1627 Εἰ
3022 1576 3125 1648 γὰρ
3175 1575 3201 1625 ό
3248 1577 3437 1636 πιστός
3489 1572 3713 1648 ἀδελφὸς
3770 1580 3979 1651 μωρὸς

2258 1683 2302 1738 Β
2332 1661 2494 1730 ἐστιν,
2526 1664 2596 1723 ὡς
2627 1662 2776 1722 οὗτός
2817 1682 2967 1734 φησι,
2997 1665 3150 1738 μωρά
3177 1668 3266 1715 καὶ
3295 1665 3325 1721 ἡ
3354 1668 3531 1724 πίστις
3557 1664 3744 1723 αὑτοῦ,

2407 1752 2655 1804 Ἐνταῦθα
2703 1748 2762 1804 δὲ
2805 1759 3009 1826 πρῶτον
3058 1750 3260 1825 ἐξέφηνε
3297 1755 3355 1804 τὸ
3405 1756 3566 1826 ὄνομα
3601 1762 3692 1814 τῆς
3728 1758 3978 1826 γεέννης

2332 1848 2424 1894 τοῦ
2497 1846 2681 1914 πυρός.
2758 1844 2959 1893 Γέενναν
3023 1838 3082 1894 δὲ
3149 1841 3419 1894 καλεῖσθαι
3492 1846 3686 1901 ταύτην
3756 1851 3971 1916 φασὶν,

2335 1931 2383 1981 οἱ
2435 1933 2544 2002 μὲν,
2598 1933 2662 1990 ὡς
2715 1929 2793 1983 ἀεὶ
2839 1939 3098 2002 γεννῶσαν
3154 1933 3213 1983 τὸ
3266 1939 3368 2006 πῦρ
3405 1949 3416 1960 ·
3469 1935 3516 1983 οἱ
3559 1929 3618 1984 δὲ
3665 1932 3971 2006 Ἐϐραῐκόν

2337 2023 2496 2091 ὄνομα
2546 2027 2697 2071 τοῦτο
2736 2019 2970 2091 λέγουσι,
3027 2017 3218 2077 δηλοῦν
3266 2024 3360 2078 τὴν
3413 2023 3654 2079 τοιαύτην
3699 2023 3965 2078 κόλασιν.

2336 2107 2396 2160 Εἰ
2452 2111 2622 2159 τοίνυν
2670 2111 2763 2170 τὰς
2816 2105 3076 2170 δοκούσας
3125 2110 3248 2182 παρ’
3320 2112 3443 2181 ἡμῖν
3494 2109 3711 2185 ἐλαφρὰς
3767 2111 3964 2184 ὕϐρεις

2339 2197 2497 2256 οὕτως
2536 2195 2769 2266 ἐκόλασε,
2813 2203 2967 2259 ποίας
3016 2197 3166 2270 ἐσμεν
3211 2198 3348 2260 ἄξιοι
3398 2196 3710 2271 καταδίκης,
3752 2203 3806 2252 οἱ
3856 2204 3961 2260 τὰς

2341 2284 2556 2357 βαρείας
2627 2287 2763 2338 κατά
2828 2294 2928 2337 τῶν
3015 2283 3246 2358 ἀδελφῶν
3325 2285 3548 2358 ἀφειδῶς
3629 2288 3952 2361 ἐκχέοντεςς

2341 2373 2612 2426 Ἐκόλασεν
2666 2370 2754 2426 οὖν
2806 2376 2896 2434 τὰς
2950 2371 3212 2435 δοκούσας
3264 2373 3498 2449 ἐλαφρὰς,
3562 2374 3656 2430 διὰ
3706 2380 3797 2439 τὰς
3853 2376 3962 2449 βα·

2341 2467 2501 2536 ρείας,
2563 2464 2645 2514 ἵνα
2690 2467 2886 2526 ταύτας
2942 2462 3160 2536 φοϐερὰς
3214 2469 3498 2531 κρίνοντες,
3553 2464 3744 2530 ἐκείνας
3795 2465 3964 2539 φοϐε-

2340 2554 2564 2626 ρωτέρας
2615 2555 2923 2624 νομίζωμεν.
2968 2550 3161 2613 ’Ἄλλως
3209 2572 3263 2604 τε
3301 2559 3410 2624 καὶ,
3469 2552 3607 2606 διότι
3645 2562 3750 2617 τοῖς
3797 2555 3965 2628 ὀργι-

2347 2643 2578 2712 ζομένοις
2616 2641 2675 2693 οῦ
2707 2645 2860 2713 μόνον
2901 2644 2955 2693 αἱ
2989 2641 3210 2713 μεγάλαι
3239 2642 3431 2715 ὕϐρεις,
3465 2642 3592 2694 ἀλλὰ
3634 2648 3722 2695 καὶ
3752 2646 3808 2694 αἱ
3850 2663 3963 2714 με-

2343 2735 2488 2802 ρικαὶ
2543 2731 2657 2803 (63)
2701 2735 2883 2802 φόνους
2923 2730 3233 2802 ἐξαρτύουσι
3269 2732 3530 2797 πολλάκις,
3593 2728 3746 2789 δίκην
3786 2750 3960 2783 σπιν-

2349 2820 2504 2891 θῆρος
2535 2817 2855 2881 ἐξάπτουσαι
2889 2824 2982 2878 την
3016 2820 3198 2895 ὀργήν.

2419 2906 2430 2925 ’
2455 2909 2556 2959 Εάν
2593 2939 2662 2948 -—-
2699 2905 2866 2982 δῶρόν
2909 2928 3023 2963 σου.
3067 2911 3265 2978 Πάντα,
3312 2911 3412 2963 ὅσα
3448 2929 3502 2962 τε
3542 2909 3773 2985 ἀνωτέρω
3813 2907 3956 2975 εἶπε,

584 2999 859 3070 superius
897 2999 1060 3064 dixit,
1105 3002 1158 3054 et
1193 3014 1322 3070 quae
1356 3014 1516 3054 nunc
1546 2998 1700 3062 dicit,
1733 3015 1989 3070 quaeque
2029 3003 2230 3070 postea

2346 3001 2436 3048 καὶ
2482 2998 2582 3048 ὅσα
2628 3004 2715 3047 νῦν
2762 2996 2914 3068 λέγει,
2966 3003 3056 3050 καὶ
3106 3000 3206 3051 ὅσα
3258 3002 3389 3071 μετά
3436 3008 3589 3052 τοῦτο
3643 2998 3761 3072 ἐρεῖ,
3822 3000 3961 3072 ὑπὲρ

584 3087 848 3143 dicturus
871 3091 976 3153 est,
1006 3087 1081 3142 de
1119 3086 1430 3142 dilectione
1479 3092 1635 3150 sunt,
1668 3103 1852 3158 quam
1911 3087 2240 3159 frequenter

585 3177 770 3250 ponit,
804 3192 874 3232 ac
913 3175 1312 3232 diversimode
1356 3175 1584 3239 laudat,
1638 3177 1786 3231 sicut
1815 3176 1875 3230 in
1921 3193 2239 3248 progressu

583 3266 798 3338 saepius
841 3265 1230 3322 inveniemus.
1279 3266 1428 3321 Cum
1468 3265 1627 3321 enim
1657 3271 1814 3320 esset
1841 3269 2010 3329 Deus,
2058 3266 2239 3321 nostri

583 3370 789 3412 amore
813 3355 994 3411 homo
1018 3355 1210 3411 factus
1241 3358 1345 3422 est,
1368 3355 1686 3425 omniaque
1715 3370 1950 3425 passus,
1987 3359 2111 3409 utet
2131 3371 2238 3409 nos

587 3446 798 3509 Deum,
829 3461 893 3499 ac
917 3460 1026 3499 nos
1070 3443 1328 3499 invicem
1369 3458 1735 3505 amaremus,
1766 3447 1822 3496 et
1855 3457 1960 3512 per
1980 3442 2241 3498 dilectio-

584 3549 723 3588 nem
749 3532 922 3586 nobis
947 3536 1155 3586 mutuo
1189 3530 1631 3597 colligaremur,
1683 3545 1994 3601 unumque
2031 3547 2240 3602 corpus

584 3621 977 3685 efﬁceremur,
1033 3624 1212 3690 caput
1270 3618 1561 3674 habentes
1613 3618 1928 3675 Christum.
1996 3619 2240 3692 Ideoque

583 3724 798 3782 pugnae
814 3724 1028 3764 nervos
1044 3707 1386 3780 praecidens,
1409 3723 1543 3780 quae
1574 3707 1947 3764 dilectionem
1972 3725 2242 3765 corrum-

585 3803 752 3871 punt,
781 3797 991 3854 aufert.
1022 3798 1343 3854 Considera
1368 3813 1510 3868 ergo
1543 3797 1768 3854 amoris
1793 3813 1935 3868 erga
1962 3798 2239 3854 homines

584 3887 1078 3959 magnitudinem.
1114 3887 1690 3959 Despicithonorem,
1718 3887 1823 3959 qui
1856 3887 1967 3942 sibi
2002 3888 2239 3943 exhibeo

583 3980 676 4030 tur
713 3990 834 4046 prae
866 3991 1071 4030 amore
1092 3990 1230 4042 erga
1261 3975 1521 4039 fratrem,
1550 3981 1784 4029 tantum
1823 3991 1942 4030 non
1994 3975 2232 4030 dicens:

583 4062 896 4118 Auferatur
936 4061 1182 4116 servitus
1222 4077 1374 4126 mea,
1408 4066 1468 4116 ut
1508 4068 1569 4116 tu
1607 4062 1768 4117 fratri
1802 4063 2238 4129 reconcilieris;

584 4165 728 4205 nam
779 4149 1136 4203 sacriﬁcium
1188 4149 1364 4204 etiam
1407 4153 1495 4204 est
1546 4165 1688 4219 erga
1737 4149 1977 4204 fratrem
2033 4167 2242 4205 recon-

583 4237 825 4303 ciliatio,
867 4252 1055 4307 neque
1085 4236 1246 4292 illam
1281 4237 1508 4308 absque
1537 4237 1650 4292 hac
1693 4239 1950 4310 suscipit.

656 4328 850 4381 Restat
879 4324 1074 4394 igitur,
1099 4332 1162 4380 ut
1187 4326 1308 4380 sive
1340 4324 1545 4381 laudes
1568 4327 1684 4382 Deo
1711 4328 1942 4394 reddas,
1983 4328 2101 4384 sive
2123 4345 2238 4383 ora-

584 4414 803 4470 tionem
834 4413 1154 4484 (siquidem
1201 4415 1382 4470 etiam
1413 4415 1538 4471 haec
1585 4416 1864 4472 sacrificia
1895 4419 2068 4486 sunt),
2119 4418 2240 4474 sive

585 4499 748 4558 aliud
779 4501 1203 4574 quodcunque,
1236 4520 1300 4557 ne
1333 4504 1601 4576 proferas
1631 4504 1749 4569 illa,
1779 4506 1947 4561 fratri
1987 4512 2082 4562 tuo
2106 4507 2236 4563 irre—

585 4589 951 4656 conciliatus,
987 4591 1180 4647 sciens
1206 4593 1368 4664 quod
1399 4592 1544 4648 nihil
1575 4593 1790 4648 horum
1828 4596 1898 4649 sit
1933 4602 2240 4668 susceptu-

581 4695 703 4745 rus,
737 4679 851 4734 nisi
887 4680 1047 4750 prius
1079 4681 1490 4736 reconcilieris.
1523 4684 1722 4738 Fertur
1775 4690 1975 4739 autem
2009 4685 2237 4739 indiﬂe-

580 4773 777 4823 renter
797 4783 1014 4832 sermo,
1029 4774 1083 4824 et
1103 4768 1180 4824 ad
1202 4785 1339 4826 eum
1356 4771 1456 4841 qui
1474 4769 1716 4826 affectus
1735 4777 1816 4826 est
1844 4772 1897 4825 in
1921 4773 2158 4841 injuria,
2183 4779 2238 4828 et

583 4857 662 4912 ad
692 4872 830 4912 eum
861 4857 961 4928 qui
1003 4857 1285 4928 injuriam
1310 4858 1612 4927 irrogavit.
1646 4862 1709 4914 Et
1734 4860 1779 4913 si
1806 4861 2047 4931 quidem
2084 4863 2234 4916 male

581 4959 793 5015 passus
832 4960 914 5009 es,
944 4946 1224 5016 injuriam
1255 4946 1336 5002 illi
1390 4947 1645 5016 remitte,
1696 4951 1752 5001 et
1787 4949 2018 5019 patiens
2066 4955 2229 5016 esto;

580 5033 747 5105 quod
761 5033 806 5088 si
828 5033 1111 5106 injuriam
1126 5034 1420 5107 irrogasti,
1442 5036 1776 5108 medereinj
1789 5037 1946 5104 uriae,
1968 5039 2234 5112 nihilque

2349 3085 2552 3156 ἀγάπης
2601 3085 2753 3154 εἰσὶν,
2809 3085 2870 3142 ἣν
2919 3087 3149 3158 μάλιστα
3193 3093 3311 3160 περὶ
3351 3088 3541 3140 πολλοῦ
3585 3091 3803 3158 τίθεται,
3864 3092 3960 3139 καὶ

2351 3171 2697 3248 διαφερόντως
2773 3173 2986 3240 ἐπαινεῖ,
3059 3179 3123 3236 ὡς
3202 3176 3250 3228 ἐν
3330 3177 3536 3240 πολλοῖς
3594 3176 3965 3250 προϐαίνοντες

2351 3264 2655 3336 εὑρήσομεν.
2717 3268 2847 3324 Θεὸς
2898 3267 2999 3338 γὰρ
3052 3265 3140 3331 ὡν,
3215 3267 3429 3337 ἀγαπῶν
3488 3269 3646 3339 ἡμᾶς,
3702 3267 3966 3338 ἓνηνθρὼ-

2349 3372 2504 3421 πησε,
2561 3357 2649 3405 καὶ
2678 3354 2849 3404 πάντα
2876 3355 3141 3422 πέπονθεν,
3194 3356 3274 3406 ἶνα
3305 3360 3394 3408 καὶ
3423 3356 3569 3427 ἡμεῖς
3621 3359 3707 3408 τὸν
3739 3361 3866 3408 Θεὸν
3909 3374 3965 3407 τε

2349 3447 2438 3492 καὶ
2487 3439 2697 3501 ἑαυτοὺς
2741 3440 3040 3514 ἀγαπῶμεν,
3089 3449 3178 3496 καὶ
3216 3441 3308 3496 διὰ
3359 3452 3450 3504 τῆς
3494 3447 3705 3516 ἀγάπης
3760 3441 3966 3498 συνδε-

2353 3531 2514 3601 θῶμεν
2589 3528 2846 3597 ἀλλήλοις,
2899 3536 2988 3584 καὶ
3065 3535 3328 3606 γενώμεθα
3385 3533 3434 3585 ἓν
3494 3542 3665 3606 σῶμα,
3727 3534 3964 3605 κεφαλὴν

2349 3621 2559 3691 ἔχοντες
2589 3622 2742 3671 αὺτὸν
2791 3623 2875 3672 τόν
2907 3624 3156 3695 Χριστόν,
3192 3625 3280 3674 Διὸ
3319 3626 3408 3674 καὶ
3446 3630 3648 3695 πρῶτον
3698 3626 3766 3674 τὰ
3793 3630 3963 3696 νεῦρα

2349 3717 2440 3768 τῆς
2496 3709 2677 3780 μάχης
2751 3710 3068 3781 ὑποτέμνων,
3126 3711 3192 3762 τὰ
3245 3711 3536 3783 λυμαντικά
3591 3720 3683 3773 τῆς
3742 3711 3964 3782 ἀγάπης

2351 3795 2616 3850 ἀπελαυνε.
2681 3802 2781 3850 Καὶ
2827 3799 2922 3871 ὅρα
2970 3799 3353 3870 φιλανθρωπίας
3405 3799 3712 3874 ὑπερϐολήν.
3774 3807 3968 3854 Κατα-

2351 3893 2524 3958 φρονεῐ
2567 3893 2664 3948 τῆς
2723 3888 2795 3947 εἰς
2851 3887 3006 3938 αὐτόν
3053 3895 3228 3960 τιμῆς,
3285 3891 3409 3962 ὑπὲρ
3465 3898 3557 3950 τῆς
3614 3890 3686 3951 εἰς
3735 3887 3968 3963 ἀδελφόν

2351 3974 2579 4045 ἀγάπης,
2653 3981 2936 4047 μονονουχὶ
3017 3975 3176 4049 λέγων
3222 3995 3234 4008 ·
3303 3978 3668 4050 Ἐγκοπτέσθω
3740 3981 3770 4037 ἡ
3859 3981 3963 4052 ἐμή

2349 4062 2580 4138 λατρεία,
2620 4063 2703 4115 ἵνα
2740 4068 2798 4115 οὐ
2832 4061 3116 4138 διαλλαγῇς
3154 4069 3284 4139 πρὸς
3313 4069 3396 4118 τόν
3433 4062 3650 4139 ἀδελφόν
3692 4087 3809 4122 σου.
3862 4073 3968 4122 Καὶ

2350 4153 2450 4224 γὰρ
2486 4154 2646 4204 θυσίὰ
2675 4152 2788 4204 ἐστὶ
2827 4158 2916 4206 καὶ
2947 4155 2977 4211 ἡ
3027 4157 3157 4229 πρὸς
3213 4159 3299 4207 τὸν
3354 4152 3570 4228 ἀδελφὸν
3623 4156 3964 4230 καταλλαγὴ,

2351 4246 2440 4292 καὶ
2472 4245 2636 4315 χωρὶς
2667 4242 2858 4303 ταῦτης
2886 4239 3010 4294 οὐδὲ
3041 4241 3234 4301 ἐκείνην
3265 4241 3643 4319 προσδέχεται.

2275 4373 2320 4427 D
2423 4335 2619 4383 Λοιπὸν
2654 4327 2761 4395 οὖν,
2795 4331 2888 4382 κᾶν
2927 4332 3082 4402 ὕμνον
3130 4335 3407 4406 προσάγῃς
3435 4339 3566 4404 Θεῷ,
3617 4333 3712 4386 κᾶν
3767 4336 3957 4407 εὐχήν,

2350 4424 2438 4471 καὶ
2492 4426 2657 4472 ταῦτα
2705 4423 2807 4494 γὰρ
2859 4423 3019 4472 θυσία
3071 4420 3183 4473 ἐστι
3216 4441 3228 4454 θ
3263 4420 3356 4474 κᾶν
3411 4425 3581 4475 ὁτιοῦν
3636 4425 3823 4498 ἕτερον,
3879 4428 3954 4496 μὴ

2349 4507 2734 4568 ἀκατάλλακτος
2785 4515 2951 4561 ταῦτα
3018 4513 3381 4585 προσαγάγῃς,
3434 4508 3606 4582 εἰδὼς,
3667 4515 3744 4565 ὅτι
3801 4510 3956 4565 οὐδὲν

2348 4593 2693 4669 προσδέξεται
2723 4600 2936 4656 τούτων,
2973 4599 3116 4671 εἰμὴ
3168 4608 3370 4672 πρῶτον
3422 4597 3726 4674 διαλλαγῇς.
3779 4598 3955 4652 Ἀδιο-

2346 4691 2536 4756 ρίστως
2596 4682 2654 4738 δὲ
2712 4690 2798 4738 καὶ
2853 4690 2979 4760 πρὸς
3032 4691 3117 4740 τόν
3168 4687 3502 4746 ἀδικήσαντα
3565 4692 3588 4741 ό
3643 4689 3810 4762 λόγος,
3861 4692 3954 4740 καὶ

2346 4779 2473 4846 πρός
2527 4777 2612 4826 τόν
2662 4783 2836 4836 κακῶς
2880 4779 3189 4830 πεπονθότα.
3257 4783 3356 4830 Καὶ
3414 4778 3458 4830 εἰ
3513 4783 3600 4832 μὲν
3648 4787 3820 4840 κακῶς
3860 4782 3947 4831 πέ-

2345 4865 2555 4933 πονθας,
2590 4865 2711 4935 ἄφες
2744 4863 2882 4936 αὐτῷ
2919 4869 3010 4922 τὴν
3044 4863 3275 4928 ἀδικίαν,
3325 4871 3414 4919 καὶ
3467 4872 3908 4939 συγγνωμόνησον
3940 4883 3952 4896 ·

2344 4953 2386 5004 εἰ
2441 4949 2500 5004 δὲ
2557 4949 2846 5021 ἠδίκησας,
2904 4955 3218 5028 θεράπευσον
3262 4960 3354 5014 τὴν
3404 4953 3638 5020 ἀδικίαν,
3695 4961 3786 5008 καὶ
3839 4957 3955 5029 (64)

2343 5038 2507 5112 μηδὲν
2588 5041 2847 5115 ἐλλείψης,
2923 5045 3026 5098 ὅσα
3105 5047 3232 5120 πρὸς
3307 5045 3630 5119 καταλλαγὴν
3689 5049 3952 5119 φέρουσιν.

1873 5245 2096 5314 νατὶω
2135 5246 2464 5315 lectiones
2522 5256 2587 5315 et
2629 5256 2832 5318 notae.

804 5464 1018 5540 μερικαὶ
1079 5477 1218 5544 non‘
1252 5467 1408 5544 recte
1467 5467 1791 5544 opponitur
1845 5479 1915 5521 τῶ
1991 5474 2230 5544 μεγάλαι.

573 5531 891 5586 Ilcntenius
919 5549 1144 5601 parva}.
1178 5535 1348 5593 Forte
1381 5531 1528 5608 ergo
1552 5531 1708 5609 'legit
1736 5547 1920 5615 μικραί

2418 5474 2952 5551 (ᾓιιηζορῌιξρηιίιιε
2986 5474 3112 5531 11820
3153 5475 3369 5550 scripta
3400 5482 3557 5545 sunt,
3613 5479 3951 5551 θεράπευσον-

2343 5562 2416 5616 μη
2426 5541 2517 5596 δεν
2537 5543 2739 5617 ἐλλείψῃ
2752 5567 2793 5615 ς,
2827 5548 2948 5602 ὅσα.
