4206 6310
308 308 421 366 913

316 431 566 497 Ἐδίδαξε
603 438 793 503 τοίνυν,
827 434 908 486 ὅτι
936 433 997 486 οὗ
1028 436 1056 493 ἡ
1111 436 1269 487 θυσία
1318 431 1390 486 δι’
1420 436 1616 508 ἔχθραν
1656 433 1913 508 ἀπρόσδε-
1945 437 1989 491 Α

318 544 457 588 κτος,
490 527 674 577 τούτου
711 528 797 575 καὶ
825 524 850 576 ὁ
883 521 1001 595 βίος
1029 523 1165 586 ἅπας
1196 520 1484 596 βδελυκτός
1513 524 1627 578 ἐστι
1663 534 1733 595 τῷ
1777 534 1909 597 Θεῷ.

388 776 525 827 Ἴσθι
556 806 624 814 -
654 770 967 847 κοδράντην.
1000 771 1316 846 [Ἀντίδικόν
1348 772 1463 845 (65)
1512 793 1639 834 τινες
1683 777 1740 826 τό
1798 795 1916 827 συν-

302 861 454 926 ειδὸς
500 863 736 935 λέγουσι,
777 866 846 924 ὡς
895 862 1232 935 ἀντικείμενον
1274 861 1351 915 ἀεὶ
1398 870 1470 934 τῷ
1510 872 1717 934 πονηρῷ
1773 865 1913 923 θελή-

293 973 461 1026 ματι,
497 958 588 1005 καὶ
636 959 963 1025 κατηγοροῦν
993 960 1084 1003 τοῦ
1136 957 1407 1014 πὸιοῦντος
1448 954 1507 1003 τό
1550 956 1707 1004 κακόν
1738 972 1749 984 ·
1791 950 1913 1006 ὁδόν

297 1037 390 1112 δὲ,
445 1045 533 1093 τὸν
589 1045 822 1116 παρόντα
884 1040 1022 1113 βίον,
1182 1046 1290 1114 χρὴ
1344 1040 1527 1093 εύνοεῖν
1584 1042 1698 1112 (66)
1753 1045 1913 1113 ἤγουν

297 1132 604 1202 πείθεσθαι,
667 1133 732 1183 τά
796 1134 886 1203 μὲν
948 1130 1079 1183 καλά
1135 1128 1477 1202 ἐπιτρέποντι,
1538 1130 1649 1201 (67)
1706 1139 1804 1182 τῶν
1855 1128 1914 1185 δὲ

303 1229 485 1272 κακῶν
512 1219 672 1294 ἀποτρ
681 1219 902 1292 ἐποντι.]

385 1308 582 1385 ’Ὠσπερ
646 1312 790 1362 εἴωθε
864 1313 1168 1384 προτρέπειν
1236 1308 1308 1369 εἰς
1375 1307 1581 1381 ἀρετὴν,
1642 1309 1698 1359 ού
1760 1314 1911 1380 μόνον

310 1397 416 1450 ἀπὸ
469 1408 566 1450 τῶν
623 1398 926 1471 μελλόντων,
978 1396 1106 1449 ἀλλά
1162 1402 1251 1449 καὶ
1319 1395 1420 1449 ἀπὸ
1474 1404 1572 1448 τῶν
1624 1402 1910 1470 παρόντων,

309 1490 482 1547 καθὼς
526 1487 575 1540 ἐν
627 1496 734 1547 τοῖς
782 1490 1150 1560 Μακαρισμοίς
1208 1486 1481 1558 εἰρήκαμεν
1516 1503 1527 1514 '
1568 1486 1702 1537 οὕτω
1759 1486 1911 1538 πάλιν

313 1579 487 1629 εἴωθεν
544 1576 845 1651 ἀποτρέπειν
903 1583 994 1635 τῆς
1064 1580 1270 1644 κακίας,
1333 1575 1391 1627 ού
1447 1579 1598 1646 μόνον
1656 1573 1757 1626 ἀπὸ
1812 1583 1910 1625 τῶν

315 1664 618 1737 μελλόντων,
666 1664 790 1717 ἀλλά
838 1669 926 1717 καὶ
977 1663 1076 1716 ἀπὸ
1122 1672 1222 1715 τῶν
1265 1668 1549 1738 παρόντων.
1587 1662 1911 1738 Ἀποτρέψας

315 1756 420 1826 γὰρ
477 1762 572 1814 τῆς
621 1756 834 1829 ἔχθρας,
885 1750 977 1805 διὰ
1033 1761 1126 1814 τῆς
1192 1753 1478 1825 μελλούσης
1540 1757 1767 1823 γεέννης,
1822 1759 1989 1847 tide

316 1841 597 1916 ἀποτρέπει
644 1846 835 1903 ταύτης
881 1848 970 1895 καὶ
1028 1842 1186 1914 φοϐεῖ,
1238 1847 1328 1894 καὶ
1382 1841 1475 1894 διὰ
1519 1848 1610 1893 τοῦ
1661 1846 1909 1914 παρόντος

314 1940 517 2007 κριτοῦ,
560 1937 649 1985 καὶ
702 1940 800 1983 τῶν
849 1933 1170 1989 καθεκάστην
1227 1935 1525 2004 γινομένων.
1582 1935 1745 1988 Φησὶν
1798 1928 1906 1994 οὖν,

312 2023 393 2073 ὅτι
428 2025 525 2074 Καὶ
560 2020 643 2073 ἐὰν
677 2021 783 2092 (68)
830 2021 901 2082 εὶς
948 2017 1292 2094 δικαστήριον
1342 2020 1616 2089 ἐλκυσθῇς,
1666 2020 1777 2070 ἰσθι
1821 2019 1908 2070 εύ-

310 2118 438 2163 νοῶν
468 2118 539 2179 τῷ
595 2107 852 2180 ἀκτιδίκῳ
902 2129 1015 2179 σου,
1050 2113 1305 2174 τουτέστι,
1366 2112 1510 2180 γένου
1561 2111 1730 2167 εὔνους
1768 2107 1908 2177 αύτῷ

312 2204 401 2251 καὶ
433 2198 590 2270 φίλος,
624 2198 671 2249 ἐν
702 2200 806 2269 ὅσῳ
855 2200 1134 2269 τυγχάνεις
1162 2196 1209 2249 ἐν
1240 2205 1301 2269 τῇ
1337 2194 1442 2267 ὀδῷ
1475 2196 1583 2269 μετ’
1628 2196 1808 2261 αὐτοῦ,
1842 2203 1903 2267 τῇ

308 2292 435 2364 πρὸς
475 2292 561 2339 τὸν
607 2284 868 2345 δικαστὴν
913 2289 1160 2361 φερούσῃ,
1217 2288 1242 2338 ὃ
1287 2285 1419 2351 ἐστι,
1474 2289 1572 2359 πρὸ
1620 2292 1710 2337 τοῦ
1750 2284 1907 2336 ἐλθεῖν

305 2378 375 2438 εἰς
407 2381 495 2429 τόν
550 2374 824 2433 δικαστήν.
856 2375 1063 2437 Ἔξεστι
1110 2378 1211 2448 γάρ
1258 2394 1345 2427 σοι
1382 2381 1670 2432 τηνικαῦτα
1716 2373 1906 2425 καταλ-

304 2467 551 2539 λαγῆναι,
613 2471 871 2538 χρήματα
929 2463 1377 2537 καταϐαλλομένῳ,
1431 2464 1558 2537 οἷπερ
1616 2464 1641 2513 ό
1702 2469 1907 2524 Λουκᾶς

308 2556 434 2627 (69)
475 2555 723 2629 ἐργασίαν
756 2553 1012 2621 ἐκάλεσεν,
1058 2556 1127 2614 ὡς
1154 2552 1492 2624 ἐργαζόμενα,
1526 2553 1551 2603 ὅ
1590 2550 1903 2623 βουλόμεθα,

310 2650 403 2697 καὶ
446 2643 662 2695 ἀνύοντα
691 2646 748 2695 τὸ
792 2638 1235 2714 σπουδαζόμενον,
1283 2648 1535 2716 Κρείσσον
1565 2643 1665 2715 γὰρ
1701 2641 1907 2712 ζημιω-

310 2737 485 2803 θῆναι,
544 2735 573 2793 ἣ
629 2729 973 2790 δικασθῆναι.
1022 2733 1313 2803 Ζημιωθεὶς
1367 2734 1456 2802 μὲν
1508 2732 1607 2802 γὰρ
1670 2726 1763 2781 διὰ
1814 2734 1906 2787 τὴν

299 2822 541 2895 ἀγάπην,
585 2826 707 2897 τρία
743 2818 1006 2894 κερδανεῖς
1053 2820 1323 2890 κάλλιστα,
1374 2823 1429 2871 τὸ
1477 2824 1547 2891 μὴ
1598 2818 1908 2876 ἐκϐληθῆναι

299 2920 369 2985 τῇ
416 2911 613 2984 φυλακῇ
667 2910 780 2983 ('70)
816 2952 830 2977 ,
883 2913 939 2961 τὸ
984 2914 1053 2981 μὴ
1090 2910 1421 2981 ζημιωθῆναι
1470 2911 1530 2960 τὰ
1562 2911 1785 2979 ἔσχατα,
1819 2913 1908 2960 καὶ

305 3006 370 3053 τὸ
403 3000 792 3070 καταλλαγῆναι
821 3007 892 3069 τῷ
924 2997 1099 3072 ἐχθρῷ
1135 3037 1146 3048 .
1199 2994 1466 3057 δικασθεὶς
1497 2994 1577 3061 δὲ,
1623 3001 1747 3069 τρία
1793 2997 1906 3048 τούν

297 3096 508 3143 ναντίον
557 3091 834 3160 ύποστὴσῃ
886 3090 951 3139 τὰ
1002 3089 1230 3138 κάκιστα
1287 3086 1419 3155 (71),
1478 3089 1535 3137 τὸ
1590 3084 1909 3157 ἐμϐληθῆναι

297 3189 367 3254 τῇ
428 3179 651 3251 φυλακῇ,
705 3181 763 3229 τό
815 3173 1102 3229 ἀποδοῦναι
1141 3179 1227 3228 τόν
1279 3178 1502 3247 ἔσχατον
1554 3172 1848 3247 κοδράντην
1889 3194 1902 3208 ·

301 3273 482 3323 ὅντινα
511 3271 738 3339 ἔσχατον
794 3266 975 3318 λεπτόν
1030 3267 1163 3318 εἶπεν
1222 3266 1246 3316 ό
1296 3270 1520 3330 Λουκᾶς,
1552 3267 1789 3315 τουτέστι
1819 3267 1908 3315 καὶ

302 3364 362 3413 τὸ
410 3359 716 3411 λεπτότατον
772 3351 929 3418 εἶδος,
981 3356 1047 3405 ὧν
1106 3351 1290 3406 δοῦναι
1345 3351 1737 3413 κατεδικάσθης
1769 3368 1786 3383 ·
1818 3356 1908 3403 καὶ

304 3453 503 3522 τρίτον,
536 3450 594 3498 τό
649 3441 788 3517 μηδὲ
842 3445 974 3495 οὕτω
1032 3442 1437 3514 καταλλαγῆναι.
1473 3442 1622 3503 Εἰκὸς
1668 3444 1788 3513 γὰρ,
1820 3444 1906 3492 τόν

303 3533 575 3589 ἀντίδικον
622 3530 972 3591 ὁπωσδήποτε
1021 3534 1379 3607 περιγενέσθαι
1426 3551 1542 3585 σου.
1581 3530 1699 3583 Εἰσὶ
1731 3526 1790 3582 δέ
1827 3549 1906 3581 τι-

1704 3621 1822 3691 ὅπερ
1882 3620 1907 3670 ό

1950 3143 1988 3197 C

306 3646 385 3686 νες
444 3624 773 3695 ἀναγωγικώς
832 3622 1195 3692 ἑρμηνεύοντες
1248 3624 1311 3673 τά
1378 3621 1620 3694 ῥηθέντα,

310 3719 683 3788 Χρυσόστομος
724 3710 844 3781 (72)
888 3713 970 3762 ἐπὶ
1018 3716 1109 3761 τοῦ
1162 3712 1416 3781 παρόντος
1463 3708 1556 3760 οὐκ
1599 3704 1902 3769 ἀπεδέξατο·

312 3806 845 3875 quantumcunque
880 3803 933 3854 te
957 3798 1159 3854 vicerit
1189 3798 1297 3867 (a).
1334 3799 1480 3853 Sunt
1508 3801 1707 3851 autem
1734 3795 2004 3868 quidam,

315 3889 480 3962 quod
513 3889 965 3959 Chrysostomus
998 3887 1077 3942 ad
1109 3902 1375 3958 praesens
1408 3900 1527 3940 non
1549 3885 1776 3955 recipit.

388 3979 671 4030 Ἠκούσατε
721 4008 789 4017 -
837 3976 885 4028 ἐν
940 3984 999 4048 τῇ
1073 3971 1272 4050 καρδία
1344 3975 1524 4031 αὐτοῦ,
1584 3978 1682 4026 Καὶ
1732 3973 1778 4024 ἐν
1834 3981 1905 4043 τῷ

310 4073 451 4141 νόμῳ
500 4069 631 4139 μετά
685 4071 761 4132 τὸ,
830 4066 905 4118 Ou’
968 4067 1247 4137 φονεύσεις,
1321 4066 1377 4115 τό
1446 4062 1520 4114 Ou’
1600 4064 1904 4134 μοιχεύσεις

310 4166 497 4210 κεῖται.
534 4159 728 4208 Λοιπὸν
760 4155 847 4207 οὖν
896 4154 1189 4226 ἁπαρτίσας
1234 4157 1327 4211 τὴν
1376 4156 1628 4225 προτέραν
1678 4150 1901 4221 ἐντολὴν,

307 4252 397 4299 καὶ
450 4245 534 4297 ἐπὶ
590 4249 683 4303 τὴν
740 4244 849 4314 μετ’
914 4242 1109 4300 ἐκείνην
1166 4246 1393 4316 πρόεισι,
1444 4249 1533 4294 καὶ
1598 4244 1685 4293 τὸν
1744 4242 1904 4313 θυμόν

302 4336 594 4409 ῥυθμίσας,
639 4329 969 4404 παιδαγωγεῖ
1007 4336 1093 4384 καὶ
1132 4335 1223 4389 τὴν
1260 4330 1558 4402 ἐπιθυμίαν.
1594 4328 1791 4404 ’Ὥσπερ
1847 4326 1905 4382 δὲ
1938 4307 1981 4361 D

305 4423 391 4477 ἐπὶ
428 4431 524 4483 τῆς
552 4426 808 4497 προτέρας
850 4420 1073 4487 ἐντολῆς,
1117 4421 1366 4492 προσθεὶς
1394 4422 1454 4471 τὸ
1486 4419 1619 4485 εἰκῆ,
1656 4415 1905 4473 διέστειλε

382 4601 430 4637 9°
456 4600 599 4656 Luc.
642 4615 737 4667 xu,
780 4603 872 4659 58.
958 4600 1005 4637 ⁹¹¹
1027 4597 1164 4656 ibid.
1202 4597 1290 4655 59.

1361 307 1725 365 COMMENT.
1767 310 1838 364 IN
1879 309 2305 367 MATTH/EUM.
2343 339 2411 349 —-
2441 309 2595 365 CAP.
2634 309 2708 364 V.

3500 308 3501 311 “
3582 305 3686 365 214

2022 436 2317 510 relinquas
2347 451 2556 491 eorum
2586 451 2721 507 quae
2752 435 2827 491 ad
2850 433 3400 491 reconciliationem
3426 430 3678 489 faciunt.

2022 527 2228 582 Docuit
2266 525 2460 597 igitur,
2502 525 2661 595 quod
2694 525 2861 594 cujus
2899 524 3258 579 sacriﬁcium
3297 526 3537 594 propter
3575 521 3684 576 ini-

2022 615 2310 671 micitiam
2336 630 2456 670 non
2490 614 2828 685 suscipitur,
2854 613 3028 685 hujus
3060 628 3302 686 quoque
3331 612 3450 669 vita
3484 611 3681 668 omnis

2022 696 2140 750 Deo
2167 700 2254 751 est
2285 693 2732 750 abominabilis.

2096 787 2253 840 Vers.
2285 784 2371 837 25.
2410 783 2547 839 Εειο
2581 814 2645 821 -
2674 782 2748 838 V.
2797 783 2883 836 26.
2931 783 3340 853 quadrantem.
3382 782 3423 851 νι-
3462 780 3678 836 Adver-

2022 872 2239 928 sarium
2274 872 2524 944 quidam
2562 870 2989 926 conscientiam
3030 872 3251 935 dicunt,
3282 870 3459 942 quasi
3500 870 3677 925 malae

2022 960 2309 1018 voluntati
2348 976 2580 1032 semper
2614 958 2955 1031 oppositam
3000 964 3055 1014 et
3098 963 3472 1014 accusantem
3514 974 3676 1025 eum,

2022 1050 2123 1121 qui
2154 1048 2307 1104 male
2337 1054 2650 1120 operatur;
2677 1047 2826 1102 viam
2849 1052 3069 1115 autem,
3098 1052 3451 1119 praesentem
3479 1047 3665 1102 vitam

2022 1138 2079 1192 in
2119 1154 2243 1211 qua
2269 1136 2632 1193 benevolum
2680 1152 2812 1191 esse
2851 1140 3079 1207 Oportet
3108 1136 3232 1190 sive
3278 1135 3675 1201 obedientem,

2020 1226 2275 1282 honesta
2304 1225 2669 1290 concedenti,
2700 1230 2757 1279 et
2787 1241 2823 1280 a
2855 1224 3026 1279 malis
3052 1224 3388 1280 deterrenti.

2096 1314 2607 1381 Quemadmodum
2638 1313 2714 1368 ad
2746 1314 3022 1369 virtutem
3041 1312 3339 1368 exhortari
3364 1313 3533 1376 solet,
3559 1328 3676 1368 non

2022 1404 2220 1459 solum
2251 1420 2353 1475 per
2383 1420 2452 1458 ea
2478 1421 2609 1474 quae
2636 1402 2829 1458 futura
2862 1406 3016 1466 sunt,
3048 1402 3151 1457 sed
3183 1402 3362 1457 etiam
3392 1418 3497 1474 per
3527 1417 3677 1473 prae-

2020 1495 2227 1561 sentia,
2257 1493 2404 1547 sicut
2426 1493 2483 1546 in
2510 1491 2977 1546 Beatitudinibus
2999 1490 3260 1545 diximus
3287 1508 3296 1544 :
3334 1491 3415 1547 ita
3436 1506 3675 1546 rursum

2020 1598 2057 1637 a
2086 1582 2246 1637 malo
2289 1581 2435 1637 solet
2473 1586 2753 1644 avertere,
2791 1596 2910 1635 non
2941 1596 3045 1650 per
3077 1579 3274 1635 futura
3307 1580 3525 1644 solum,
3569 1580 3677 1635 sed

2019 1671 2199 1727 etiam
2231 1686 2335 1742 per
2364 1670 2699 1742 praesentia.
2719 1670 3039 1740 Postquam
3066 1668 3226 1723 enim
3252 1668 3324 1723 ab
3345 1669 3484 1723 odio
3511 1684 3674 1723 revo-

2020 1760 2176 1815 cavit
2203 1774 2308 1830 per
2338 1760 2596 1814 futuram
2612 1758 2989 1829 gehennam:
3013 1773 3172 1812 nunc
3196 1757 3353 1812 idem
3370 1757 3674 1812 dissuadet

2020 1855 2075 1904 et
2104 1850 2327 1905 territat
2352 1865 2456 1919 per
2478 1854 2829 1919 praesentem
2855 1847 3142 1918 judicem,
3168 1852 3222 1902 et
3255 1863 3325 1902 ea
3355 1864 3490 1918 quas
3524 1863 3674 1919 quo—

2019 1938 2156 1993 tidie
2182 1937 2477 1993 accidunt.
2508 1936 2654 1991 Dicit
2675 1952 2811 2007 ergo
2836 1952 2846 1989 :
2887 1937 2942 1991 Si
2965 1936 3143 1991 etiam
3167 1935 3245 1991 ad
3275 1935 3534 1991 tribunal
3560 1943 3677 1991 tra-

2015 2026 2197 2095 haris,
2229 2033 2353 2082 esto
2382 2025 2695 2081 benevolus
2725 2041 2867 2094 erga
2894 2024 3296 2079 adversarium
3339 2029 3527 2088 tuum,
3561 2025 3675 2080 hoc

2017 2116 2367 2187 est,ﬁasipsi
2393 2115 2643 2181 amicus,
2670 2115 3148 2185 quandocumque
3174 2129 3304 2167 cum
3336 2113 3467 2184 ipso
3494 2112 3674 2168 fueris

2017 2206 2076 2260 in
2109 2205 2224 2270 via,
2256 2222 2391 2277 quae
2422 2211 2473 2259 te
2503 2205 2663 2259 ducit
2686 2203 2757 2257 ad
2780 2203 3046 2275 judicem
3080 2227 3090 2256 :
3130 2204 3482 2275 priusquam
3513 2203 3677 2258 vide-

2015 2294 2153 2348 licet
2193 2294 2264 2349 ad
2303 2294 2568 2362 judicem
2620 2294 2845 2356 venias,
2881 2296 3019 2348 tunc
3069 2291 3227 2346 enim
3260 2291 3367 2346 tibi
3406 2290 3540 2346 licet
3586 2306 3673 2346 re-

2017 2382 2313 2438 conciliari
2348 2381 2711 2436 eXSolvendo
2747 2382 3052 2452 pecunias,
3095 2396 3248 2451 quas
3298 2382 3486 2435 Lucas
3524 2378 3675 2453 ἐργα-

2020 2476 2157 2534 σίαν,
2190 2471 2249 2525 id
2282 2476 2386 2535 est,
2429 2486 2671 2541 operam
2723 2468 2866 2525 dixit
2894 2471 2961 2532 9⁵,
2992 2468 3134 2540 quia
3164 2475 3487 2538 operantur
3535 2484 3673 2539 quas

2016 2556 2313 2622 volumus,
2368 2573 2433 2612 ac
2475 2556 2783 2628 perﬁciunt
2838 2556 3004 2628 quod
3043 2561 3346 2627 optamus.
3391 2557 3567 2625 (Nam
3619 2558 3676 2611 et

2017 2647 2241 2721 ἐργασία
2268 2646 2344 2701 ab
2376 2645 2666 2720 ἐργάζομαι
2718 2646 2951 2711 dicitur,
2996 2645 3149 2700 sicut
3195 2660 3379 2716 opera
3418 2644 3496 2699 ab
3537 2659 3676 2715 ope-

2016 2736 2255 2806 rando.)
2313 2735 2511 2790 Melius
2567 2738 2654 2789 est
2699 2734 2858 2789 enim
2926 2733 3194 2788 debitum
3243 2734 3365 2788 sive
3419 2731 3675 2787 multam

2016 2824 2338 2891 exsolvere,
2354 2840 2537 2895 quam
2546 2825 2567 2895 j
2582 2823 2775 2877 udicio
2789 2821 3146 2877 contendere
3168 2838 3180 2887 ;
3205 2821 3487 2875 multatus
3515 2822 3676 2875 enim

2017 2914 2129 2970 tria
2155 2914 2416 2969 maxima
2451 2912 2666 2967 referes
2693 2910 3014 2966 commoda
3044 2926 3055 2964 :
3087 2915 3247 2982 puta,
3287 2910 3346 2964 in
3379 2925 3671 2965 carcerem

2018 3018 2138 3058 non
2168 3001 2516 3073 projicieris,
2558 3017 2663 3055 nec
2689 3000 2765 3055 ad
2796 3000 3071 3054 ultimum
3116 3014 3303 3070 poenae
3351 3003 3448 3053 aut
3481 2998 3675 3053 multa;

2017 3092 2241 3146 exactio
2269 3107 2304 3145 a
2336 3096 2386 3145 te
2421 3091 2537 3155 ﬁet,
2572 3090 2883 3145 etinimico
2910 3087 3407 3144 reconciliaberis.
3438 3086 3675 3142 Judicio

2019 3186 2217 3236 autem
2244 3178 2629 3246 contendens,
2650 3178 2801 3233 triae
2834 3178 3060 3232 diverso
3075 3178 3336 3249 pessima
3352 3175 3675 3230 sustinebis

2020 3268 2436 3323 incommoda:
2469 3266 2754 3333 videlicet,
2790 3267 2848 3321 in
2881 3281 3180 3321 carcerem
3223 3265 3578 3336 projicieris,
3604 3279 3675 3319 ac

2018 3355 2411 3412 novissimum
2481 3354 2694 3426 perdes
2756 3353 3175 3426 quadrantem,
3243 3368 3424 3424 quem
3484 3352 3677 3406 Lucas

2018 3448 2390 3517 postremum
2458 3445 2755 3499 minutum
2819 3442 2967 3498 dixit
3026 3444 3094 3507 9",
3155 3441 3269 3497 hoc
3306 3447 3414 3506 est,
3475 3441 3675 3495 minu-

2017 3533 2316 3590 tissimum
2347 3549 2535 3602 genus
2576 3548 2784 3587 eorum
2845 3532 2921 3587 ad
2970 3547 3106 3603 quae
3160 3529 3448 3585 solvenda
3494 3527 3674 3584 fueris

2019 3622 2453 3678 condemnatus
2484 3639 2494 3676 :
2526 3625 2581 3676 et
2611 3621 2867 3683 tertium,
2904 3619 3067 3692 quod
3098 3634 3207 3675 nec
3238 3619 3315 3674 ita
3337 3616 3678 3673 reconcilia-

2016 3710 2194 3766 beris.
2215 3710 2539 3765 Verisimile
2563 3714 2648 3764 est
2665 3709 2824 3764 enim
2850 3708 3262 3764 adversarium
3298 3721 3671 3778 permanere,

2028 3799 2131 3871 qui
2165 3814 2236 3855 ea
2261 3814 2397 3870 qum
2437 3799 2594 3853 dicta
2622 3802 2779 3862 sunt,
2819 3795 3147 3865 anagogice
3187 3796 3672 3871 interpretantur,

2087 3976 2247 4034 Vers.
2278 3979 2373 4032 27.
2415 3975 2693 4030 Audistis.
2730 4005 2797 4014 —
2821 3974 2998 4029 V.28.
3030 3974 3087 4027 in
3116 3972 3279 4028 corde
3307 3986 3421 4026 suo.
3446 3974 3507 4026 In
3538 3969 3671 4039 lege

2014 4080 2255 4136 quoque
2268 4069 2586 4136 postquam
2615 4064 2841 4118 dictum
2868 4066 2994 4117 est:
3028 4061 3157 4117 Non
3176 4059 3411 4125 occides,
3431 4059 3677 4130 ponitur

2014 4154 2194 4209 etiam
2230 4170 2240 4207 :
2283 4154 2413 4209 Non
2470 4153 2782 4208 committas
2822 4151 3197 4207 adulterium.
3251 4151 3451 4204 Restat
3488 4147 3667 4216 igitur

2014 4247 2078 4297 ut
2106 4247 2406 4313 postquam
2425 4242 2587 4313 prius
2609 4239 2862 4312 explevit
2892 4243 3279 4311 praeceptum,
3308 4239 3577 4292 transeat
3596 4233 3677 4290 ad

2015 4347 2306 4403 sequens;
2333 4336 2389 4385 et
2428 4336 2748 4402 postquam
2810 4330 2958 4385 iram
2992 4326 3263 4389 correxit,
3305 4324 3484 4381 etiam
3528 4338 3669 4379 con-

2015 4420 2446 4495 cupiscentiam
2491 4418 2852 4475 moderetur.
2915 4416 3076 4471 Sicut
3131 4419 3331 4471 autem
3377 4414 3438 4468 in
3488 4408 3677 4484 priori

1532 4776 1756 4847 Variae
1780 4775 2106 4846 lectiones
2134 4783 2198 4845 et
2234 4787 2434 4845 nota.

535 4977 879 5068 Inclus.a,‘in
912 4976 1185 5049 margine
1214 4975 1389 5033 habet
1419 4974 1612 5033 Codex
1644 4977 1906 5047 uterque.

382 5052 479 5125 (66
541 5052 767 5123 εύνομείν
800 5057 854 5103 Β.

384 5052 501 5195 (67;
540 5126 625 5179 Ita
669 5137 906 5195 quoque
952 5119 1287 5195 iHentenius
1351 5118 1586 5195 reperit.
1637 5116 1914 5195 Reddidit

315 5190 486 5271 enim
505 5190 868 5271 concedent)".
928 5194 1047 5271 Hoc
1087 5190 1479 5271 ideornonui,
1510 5205 1585 5245 ne
1610 5190 1745 5271 quis
1772 5207 1912 5271 rypo-

315 5270 515 5340 τρέπειν
533 5268 616 5318 ἐπὶ
641 5266 707 5317 τὰ
727 5264 857 5340 καλά
875 5264 1002 5340 conj
1013 5265 1205 5340 iceret.
1231 5262 1551 5337 Ἐπιτρέπειν
1574 5261 1716 5319 alibi
1737 5261 1913 5317 etiam

316 5336 495 5395 habet
518 5352 622 5411 pro
648 5336 911 5400 suadere,
935 5336 1167 5404 jubere.

387 5500 472 5568 (ιι)
499 5494 1133 5568 Verisimile—vicerit.
1168 5492 1489 5568 lientenius
1520 5493 1599 5568 ita
1634 5488 1912 5568 reddidit,

322 5560 821 5640 ac‘siirepererit,
880 5566 1008 5625 εἰκὸς
1054 5568 1154 5639 γὰρ
1213 5560 1476 5640 ἀντίδικον
1531 5561 1790 5640 διαμένειν
1825 5563 1913 5611 καὶ

322 5633 669 5700 ὁπωσδήποτε
734 5633 1134 5714 περιγενόμενόν’
1183 5655 1302 5691 σου.
1379 5635 1551 5701 Quod
1616 5633 1721 5689 etsi
1790 5645 1914 5688 non

2116 4976 2207 5031 68)
2239 4975 2319 5026 ὅτι
2345 4972 2428 5025 ἐὰν
2470 4975 2560 5024 καί
2588 4974 2653 5026 Α.

2115 5040 2203 5110 69)
2236 5047 2260 5097 ὁ
2294 5050 2521 5110 Λουκᾶς,
2551 5040 2758 5097 omittit
2786 5040 2851 5094 A.

2115 5104 2206 5186 '70)
2238 5119 2300 5171 In
2330 5104 2777 5186 ῒεΧῐιῖβληθῆναι
2800 5111 2869 5173 εἰς
2888 5109 3136 5184 φυλακήν.
3163 5106 3327 5165 Certe
3350 5104 3671 5180 ἐμϐληθῆναι

2020 5187 2365 5256 legendum,
2406 5191 2468 5241 ut
2506 5201 2664 5240 mox.

2116 5263 2173 5313 7i
2232 5261 2507 5314 ὑποστήση
2541 5257 2677 5308 κακά
2706 5257 2771 5309 Α.

2094 5258 2207 5402 liti
2236 5333 2404 5385 Tom.
2443 5315 2555 5391 νἸΙ,
2586 5343 2644 5399 p.
2674 5326 2771 5382 219

2118 5335 2181 5382 72

2443 5315 2555 5391 νἸΙ,
2586 5343 2644 5399 ρ.
2674 5326 2777 5382 219
2806 5324 2872 5382 C.

2022 5489 2287 5558 ineptum
2335 5492 2440 5551 est,
2475 5491 2675 5558 tamen
2700 5484 2865 5540 nulla
2893 5482 3061 5558 adest
3083 5495 3271 5558 causa
3316 5478 3531 5533 idonea
3560 5488 3667 5532 cur

2024 5553 2192 5614 lectio
2218 5575 2487 5613 meorum
2520 5557 2794 5612 codicum
2828 5553 3189 5611 sollicitatur.

2236 5333 2404 5385 Tom.
