4206 6310
493 297 597 356 215

1850 282 2194 343 EUTHYMII
2229 277 2560 338 ZIGABENI

3783 265 3916 322 216

497 425 798 499 ρτωοερίο
854 421 1102 487 addens,
1154 423 1386 482 temere,
1432 415 1697 474 distinxit
1730 415 1882 471 iram
1933 427 2153 485 Oppor-

2288 412 2356 467 ’ἠν
2407 407 2642 480 εὔκαιρον
2696 401 2856 476 ὀργὴν
2905 399 3007 454 ἀπὸ
3057 406 3154 461 τῆς
3206 395 3424 470 ἀκαίρου
3459 411 3471 426 ο
3507 394 3642 447 οὕτω
3672 389 3760 452 δὴ
3801 396 3917 446 καὶ

498 521 706 573 tunam
728 512 798 568 ab
820 511 1266 583 intempestiva;
1293 511 1374 564 ita
1403 512 1459 564 et
1487 508 1545 562 in
1578 505 1852 579 praesenti
1909 503 2152 570 addens,

498 605 579 662 ad
591 601 1144 671 concupiscendum,
1160 598 1429 654 distinxit
1444 600 1753 668 aspectum
1774 594 1896 649 sine
1920 592 2155 655 affectu,

501 690 580 746 ab
610 704 681 744 eo
710 687 810 758 qui
831 687 969 742 vitio
993 686 1264 742 afficitur.
1302 688 1499 756 Neque
1522 681 1680 736 enim
1705 679 2048 751 simpliciter
2074 677 2161 730 ὀὶ·

499 779 604 842 xit,
638 778 738 850 qui
768 777 920 831 videt
959 792 971 830 :
1006 774 1130 839 sed,
1173 774 1272 844 qui
1307 772 1457 827 videt
1499 771 1578 827 ad
1620 767 2157 839 concupiscendum,

500 867 616 924 hoc
643 865 850 937 estqui
879 863 1114 919 curiose
1141 862 1318 927 videt,
1348 865 1400 916 et
1425 876 1561 916 cum
1593 855 2156 927 animisegritudine,

501 957 674 1030 quasi
725 953 946 1010 coitum
991 950 1502 1023 concupiscendo:
1536 949 1673 1004 talis
1705 947 1866 1003 enim
1903 946 2030 1016 jam
2061 959 2163 999 cor

506 1060 686 1102 suum
714 1042 898 1099 animi
929 1040 1238 1097 affectione
1272 1038 1556 1111 implevit,
1578 1038 1831 1109 ideoque
1862 1035 2163 1090 voluntate

504 1133 862 1192 adulterium
894 1130 1213 1187 commisit.
1240 1127 1367 1196 Vel,
1393 1127 1497 1200 qui
1528 1127 1600 1182 ad
1621 1127 1735 1182 hoc
1756 1125 1912 1180 videt
1939 1129 2001 1179 ut
2032 1138 2164 1178 eon-

506 1223 793 1295 cupiscat.
846 1223 954 1277 Iste
987 1235 1206 1291 nempe
1237 1217 1613 1273 affectionum
1655 1213 2162 1287 perturbationem

507 1309 802 1384 quaesivit,
829 1314 883 1366 et
908 1309 986 1366 ad
1013 1305 1556 1379 concupiscentiam
1584 1303 1922 1373 transfugit,
1951 1319 2019 1357 ac
2047 1301 2162 1356 sei-

506 1416 686 1474 psum
722 1399 905 1456 animi
939 1395 1373 1470 perturbationi
1396 1393 1653 1451 tradidit.
1677 1393 1891 1459 Quodsi
1917 1405 2166 1462 corpore

508 1489 748 1548 alterius
799 1503 1044 1543 uxorem
1080 1501 1201 1541 non
1253 1483 1457 1554 tetigit,
1490 1487 1548 1538 at
1590 1483 1799 1538 saltem
1836 1479 2161 1537 voluntate.

511 1577 622 1644 Qui
661 1579 860 1633 autem
892 1576 952 1630 in
983 1573 1232 1630 transitu
1265 1572 1442 1637 videt,
1477 1575 1580 1628 aut
1613 1571 1728 1627 alia
1757 1569 2035 1643 quapiam
2069 1583 2167 1623 ne-

509 1666 803 1730 cessitate,
837 1661 1085 1720 crimine
1111 1665 1298 1719 vacat.
1333 1660 1622 1716 Mulierem
1668 1675 1808 1715 vero
1847 1658 2010 1725 dixit,
2047 1658 2166 1712 sive

2265 498 2348 550 ἐπὶ
2381 504 2470 556 τῆς
2498 497 2786 570 παρούσης,
2832 495 2890 543 τὸ
2938 494 3070 563 πρὸς
3115 492 3173 540 τὸ
3230 486 3556 558 ἐπιθυμῆσαι
3596 485 3913 556 προσθεὶς,

2267 585 2517 640 διέστειλε
2563 588 2657 642 τὴν
2722 581 2894 640 ἀπαθῆ
2958 578 3077 649 ὄψιν
3123 576 3222 630 ἀπὸ
3275 585 3368 638 τῆς
3421 573 3708 646 ἐμπαθοῦς.
3777 570 3915 622 Οὐκ

2269 673 2375 729 εἶπε
2437 677 2562 748 γὰρ,
2625 675 2704 724 ὃτι
2771 673 2797 722 ό
2856 668 3058 742 βλέπων
3133 665 3322 731 ἁπλῶς,
3383 663 3493 715 ἀλλ’
3563 664 3588 714 ὁ
3663 659 3914 733 βλέπων

2267 768 2394 840 πρὸς
2447 768 2506 816 τὸ
2577 761 2920 834 ἐπιθυμῆσαι,
2970 760 3253 826 τουτέστιν,
3313 755 3338 806 ὁ
3407 752 3609 827 βλέπων
3665 753 3911 826 περιέρ-

2267 873 2392 924 γως,
2437 853 2461 904 6
2508 850 2709 924 βλέπων
2738 848 2998 922 ἐμπαθῶς,
3029 849 3162 898 ὥστε
3206 845 3533 916 ἐπιθυμῆσαι
3561 844 3910 902 συνουσίας.

2267 941 2326 994 Ὀ
2357 949 2591 1001 τοιοῦτος
2640 942 2740 1013 γὰρ
2779 935 2884 998 ἤδη
2932 943 3023 990 τοῦ
3067 936 3263 995 πάθους
3312 932 3557 991 ἐνέπλησε
3595 935 3690 990 τὴν
3757 949 3913 1003 κοιρ-

2273 1027 2392 1083 δίαν
2452 1031 2658 1094 ἑαυτοῦ,
2705 1032 2794 1081 καὶ
2840 1027 3018 1080 λοιπὸν
3078 1034 3140 1098 τῇ
3196 1027 3497 1098 προαιρέσει
3537 1021 3910 1095 ἐμοίχευσεν.

2271 1119 2361 1186 ἾΙ,
2396 1121 2422 1172 ὁ
2454 1115 2549 1172 διὰ
2577 1126 2728 1171 τοῦτο
2771 1116 2995 1190 βλέπων,
3045 1117 3129 1168 ἶνα
3177 1113 3494 1185 ἐπιθυμήσῃ.
3537 1110 3595 1163 Ὀ
3637 1117 3914 1171 τοιοῦτος

2270 1211 2372 1283 γὰρ
2428 1208 2647 1270 ἐζήτησε
2698 1212 2756 1259 τό
2809 1209 2996 1270 πάθος,
3051 1209 3141 1256 καὶ
3203 1202 3532 1274 ηὐτομόλησε
3587 1202 3724 1274 πρὸς
3798 1202 3914 1256 τὴν

2273 1297 2571 1371 ἐπιθυμίαν,
2631 1302 2722 1349 καὶ
2770 1291 3101 1371 προδέδωκεν
3135 1292 3312 1346 ἑαυτὸν
3351 1300 3423 1361 τῷ
3473 1292 3647 1356 πάθει,
3696 1291 3806 1340 καὶ
3862 1287 3915 1340 εἰ

2273 1392 2362 1440 καὶ
2391 1391 2462 1460 μὴ
2523 1394 2596 1456 τῷ
2654 1391 2859 1458 σώματι
2889 1383 3060 1454 ἥψατο
3103 1390 3201 1443 τῆς
3240 1383 3504 1453 γυναικός,
3536 1378 3666 1431 ἀλλὰ
3705 1398 3779 1450 γε
3831 1385 3906 1450 τῇ

2272 1481 2592 1552 προαιρέσει.
2625 1475 2683 1528 Ὀ
2724 1471 2782 1527 δὲ
2809 1476 2944 1526 κατὰ
2985 1469 3215 1548 πάροδον
3245 1471 3466 1544 βλέπων,
3499 1470 3528 1528 ᾖ
3579 1470 3717 1520 κατά
3770 1487 3912 1520 τινα

2273 1571 2459 1639 χρείαν
2490 1565 2668 1631 ἄλλην,
2725 1563 3052 1635 ἀνέγκλητος.
3087 1567 3314 1614 Γυναῖκα
3358 1557 3416 1611 δὲ
3462 1566 3549 1609 νῦν
3597 1556 3758 1629 λέγει,
3799 1561 3908 1609 καὶ

2273 1660 2368 1714 τὴν
2403 1655 2712 1727 ἐζευγμένην
2745 1649 2919 1726 ἀνδρὶ,
2947 1655 3037 1704 καὶ
3061 1656 3155 1710 τὴν
3205 1648 3602 1720 απολελυμένην,
3634 1651 3726 1699 καὶ
3796 1650 3908 1705 τὴν

508 1771 635 1814 vu'o
688 1755 1095 1826 conjunctam,
1148 1752 1272 1806 sive
1317 1749 1394 1806 ab
1443 1765 1512 1806 eo
1545 1748 1822 1814 solutam,
1879 1748 2002 1802 sive
2050 1747 2169 1801 vir-

2288 1746 2550 1821 παρθένον,

511 1861 732 1918 ginem.

588 1933 744 1991 Scire
769 1935 971 1988 autem
999 1932 1232 2002 oportet
1251 1927 1598 1998 hujusmodi
1622 1932 1933 1998 praecepta,
1961 1925 2064 1980 etsi
2091 1924 2170 1980 ad

512 2025 677 2082 viros
709 2021 884 2092 dirigi
915 2020 1210 2083 videntur,
1244 2017 1521 2073 mulieres
1567 2033 1809 2089 quoque
1858 2015 2168 2086 respicere.

517 2112 827 2187 Siquidem
857 2112 946 2166 vir
971 2112 1150 2182 caput
1197 2112 1291 2163 est
1331 2105 1596 2162 mulieris
1625 2106 1691 2172 ⁸³,
1748 2111 1927 2176 caput
1971 2109 2170 2159 autem

517 2209 575 2261 et
625 2200 898 2257 membra
953 2199 1120 2254 unita
1184 2202 1338 2252 sunt.
1395 2195 1694 2251 Prohibuit
1755 2210 1892 2264 ergo
1968 2208 2173 2264 aspec-

516 2300 645 2348 tum
683 2289 1017 2354 curiosum;
1053 2303 1090 2344 a
1131 2286 1229 2343 tali
1282 2285 1444 2341 enim
1502 2284 1734 2340 affectio
1793 2284 1870 2340 ad
1910 2299 2012 2338 cor
2069 2282 2174 2337 de-

517 2380 682 2437 ﬂuit:
730 2378 895 2452 quod
945 2376 1044 2432 ubi
1101 2379 1366 2446 aegrotat,
1413 2373 1671 2430 incendit
1731 2377 1788 2429 et
1838 2389 2051 2444 corpus
2097 2372 2174 2427 ad

519 2469 762 2526 coitum.
797 2467 1000 2539 Itaque
1017 2463 1277 2521 radicem
1301 2462 1571 2527 abscidit,
1595 2477 1670 2518 ne
1697 2461 1988 2534 producto
2006 2475 2175 2516 ramo

519 2557 780 2614 fructum
809 2570 1048 2628 quoque
1077 2553 1356 2626 proferat.

591 2647 759 2702 Vers.
814 2647 904 2700 29.
949 2643 1014 2700 Si
1051 2673 1120 2684 —
1159 2643 1246 2698 30.
1300 2643 1461 2697 Vers.
1521 2642 1864 2712 gehennam,
1924 2643 2050 2696 Non
2103 2639 2178 2694 de

525 2734 793 2808 corporis
823 2733 1109 2789 membris
1129 2731 1422 2803 loquitur;
1451 2730 1553 2787 illa
1578 2731 1734 2786 enim
1750 2731 1924 2802 culpa
1944 2733 2171 2784 vacant.

527 2827 670 2880 Nam
701 2820 966 2892 corporis
995 2819 1266 2874 membra
1284 2818 1360 2874 ab
1388 2818 1590 2874 anima
1607 2819 1926 2884 ducuntur,
1959 2821 2013 2872 et
2035 2832 2181 2888 quo-

529 2907 1130 2981 cunqueillajusserit
1148 2909 1476 2961 moventur.
1504 2905 1614 2962 Sed
1647 2904 2180 2976 dextrumquidem

528 2998 772 3056 oculum
813 3001 991 3053 vocat
1019 2995 1304 3051 idoneum
1337 2994 1619 3060 amicum,
1667 2995 1768 3066 qui
1815 2994 1996 3049 instar
2026 2993 2181 3048 oculi

530 3092 800 3146 amatur:
827 3101 1078 3143 manum
1109 3090 1308 3142 autem
1330 3087 1621 3153 dextram,
1657 3084 1992 3140 ministrum
2022 3099 2178 3139 com-

528 3177 803 3244 modum,
834 3176 937 3249 qui
960 3175 1020 3231 in
1050 3173 1298 3231 modum
1333 3189 1549 3230 manus
1579 3174 1733 3230 utilis
1779 3178 1882 3239 est,
1916 3173 2037 3229 sive
2076 3172 2182 3228 viri

530 3267 665 3332 sint,
721 3266 838 3321 sive
892 3264 1190 3320 mulieres.
1255 3263 1403 3320 Dicit
1460 3263 1679 3334 igitur:
1725 3264 1778 3318 Si
1811 3263 1870 3317 hi
1918 3262 2024 3318 tibi
2068 3262 2185 3317 fue-

528 3355 648 3412 rint
676 3353 1051 3419 otl‘endiculo,
1086 3352 1348 3425 aliquam
1379 3351 1690 3408 aﬂ‘erentes
1720 3353 1930 3406 mentis
1962 3357 2186 3422 pertur-

530 3444 856 3509 bationem,
892 3459 1001 3499 nec
1028 3443 1111 3497 eis
1139 3458 1368 3513 parcas,
1401 3441 1505 3495 sed
1534 3447 1783 3510 amputa
1814 3441 1977 3511 ipsos
2009 3440 2188 3494 omni-

533 3549 664 3604 quoe
702 3531 985 3586 adversus
1017 3535 1072 3584 te
1107 3534 1195 3584 est
1223 3529 1555 3596 affectione,
1598 3535 1654 3583 et
1698 3528 1914 3599 projice
1964 3528 2074 3582 abs
2107 3533 2183 3584 te.

533 3623 733 3692 Neque
747 3617 1290 3688 dixit,Percute,sed
1305 3617 1984 3686 Amputa,manifestaus
1998 3619 2188 3674 omni-

533 3709 780 3765 modam
796 3705 1244 3779 separationem.
1265 3706 1472 3762 Dicens
1485 3722 1724 3779 quoque
1746 3709 2052 3776 :Amputa,
2067 3723 2188 3763 non

533 3797 617 3855 ibi
643 3797 996 3870 permansit;
1021 3796 1124 3851 sed
1146 3795 1388 3852 ulterius
1410 3811 1746 3852 sermonem
1777 3797 2057 3866 extendit,
2088 3797 2190 3852 ad-

535 3888 684 3944 dens
708 3903 721 3943 :
741 3887 818 3942 Et
839 3887 1068 3957 projice
1091 3886 1194 3942 abs
1227 3892 1296 3951 te,
1326 3901 1401 3942 ne
1455 3887 1515 3941 in
1546 3886 1819 3960 proximo
1876 3901 2190 3942 remanens

534 3977 640 4034 ﬁat
666 3991 876 4032 rursus
902 3974 1227 4031 familiaris.
1260 3974 1406 4042 Quia
1433 3979 1632 4030 autem
1656 3991 1781 4029 rem
1813 3976 2026 4031 duram
2043 3991 2190 4047 pra:-

537 4068 794 4136 ceperat,
835 4063 1068 4119 lucrum
1097 4061 1156 4116 in
1195 4066 1504 4132 posterum
1547 4062 1976 4119 demonstravit
2000 4063 2077 4118 ab
2121 4079 2190 4119 eo

537 4152 705 4226 quod
734 4151 872 4207 utile
902 4154 1008 4206 est.

608 4241 774 4296 Vers.
814 4240 902 4294 3t.
932 4239 1164 4295 Dictum
1182 4241 1263 4294 est
1304 4244 1500 4295 autem
1529 4269 1598 4281 —
1630 4239 1690 4296 V.
1723 4241 1809 4294 32.
1841 4240 2193 4300 adulterium

539 4327 858 4388 committit.
874 4329 1018 4383 Ecce
1049 4331 1104 4384 et
1131 4327 1296 4383 aliud
1311 4326 1786 4401 adulteriigenus
1800 4329 2190 4388 demonstrat.

535 4415 790 4476 Jubebat
808 4415 968 4472 enim
991 4415 1083 4471 lex
1110 4421 1302 4483 vetus,
1323 4421 1383 4473 ut
1405 4417 1948 4491 quomodocunque
1966 4421 2196 4478 odisset

537 4505 833 4578 quispiam
863 4519 1113 4561 uxorem
1142 4505 1469 4577 propriam,
1503 4523 1577 4563 ne
1607 4524 1740 4565 eam
1771 4510 2060 4577 retineret,
2090 4513 2194 4568 sed

537 4592 812 4666 datoipsi
841 4592 1035 4649 libello
1064 4594 1322 4666 repudii,
1355 4595 1690 4653 dimitteret.
1717 4598 1967 4655 Juliebat
1993 4607 2193 4656 autem

537 4683 790 4755 abjicere
822 4683 946 4739 sive
975 4684 1310 4754 repudiare,
1352 4701 1426 4742 ne
1452 4686 1788 4744 occiderent
1827 4704 1960 4743 eam
1993 4707 2006 4758 ;
2041 4707 2193 4762 azgre

536 4774 695 4830 enim
727 4771 1494 4841 reconciliabanturJudzci,
1520 4792 1639 4832 non
1680 4779 1858 4833 modo
1889 4794 2031 4848 erga
2053 4795 2194 4834 uxo-

535 4877 651 4925 res,
671 4861 777 4917 sed
807 4863 986 4917 etiam
1011 4877 1153 4932 erga
1181 4862 1356 4919 filios.
1384 4865 1548 4919 Unde
1576 4871 1631 4920 et
1655 4866 1918 4921 Christus
1941 4868 2194 4938 quadra-

535 4949 764 5018 gesimo
816 4949 1008 5021 capite
1081 4949 1230 5006 dixit
1285 4966 1389 5007 eos
1425 4969 1437 5008 :
1469 4953 1690 5024 Moyse:
1735 4961 1978 5024 propter
2028 4957 2194 5011 duri-

537 5037 682 5094 tiam
711 5036 891 5093 cordis
950 5038 1124 5093 vestri
1148 5041 1415 5108 permisit
1478 5043 1630 5098 vobis
1689 5045 2004 5112 repuditre
2057 5061 2194 5102 uxo-

534 5140 625 5181 res
682 5129 902 5182 vestras
951 5127 1018 5178 99.
1067 5125 1252 5182 Jussit
1313 5131 1512 5185 autem
1568 5131 1710 5188 dare
1768 5133 2028 5190 libellum
2108 5151 2194 5192 re-

536 5213 726 5287 pudii,
755 5229 830 5270 ne
856 5218 1067 5285 postea
1096 5214 1260 5271 alteri
1301 5217 1433 5288 jam
1484 5225 1734 5292 nuptam
1785 5222 1932 5288 viro,
1994 5229 2195 5296 posset

604 5339 651 5375 9°
681 5337 894 5410 Ephes.
937 5355 991 5409 v,
1028 5342 1116 5396 23.
1195 5341 1243 5377 9°
1273 5343 1474 5401 Matth.
1502 5362 1619 5410 XIX,
1654 5351 1705 5403 8.

2349 1944 2463 2015 Χρὴ
2517 1937 2577 1993 δε
2623 1942 2914 2012 γινώσκειν,
2947 1938 3028 1989 ὅτι
3074 1938 3141 1989 τὰ
3187 1941 3405 1988 τοιαῦτα
3448 1933 3899 2009 παραγγέλματα,

2281 2031 2325 2084 εἰ
2376 2033 2465 2081 καὶ
2515 2031 2648 2102 πρὸς
2686 2024 2884 2100 ἄνδρας
2925 2025 3284 2078 ἁποτείνεσθαι
3335 2020 3602 2091 δοκοῦσιν,
3661 2021 3792 2074 ἀλλά
3833 2043 3903 2095 γε

2279 2121 2526 2192 καὶπρὸς
2555 2125 2803 2190 γυναῖκας
2849 2118 3056 2190 ὁρῶσιν.
3105 2115 3163 2169 Ὁ
3208 2117 3309 2188 γὰρ
3360 2112 3488 2186 ἀνὴρ
3541 2112 3732 2185 κεφαλή
3793 2121 3904 2176 τῆς

2279 2211 2524 2281 γυναικός
2568 2206 2680 2259 ἐστι
2709 2222 2722 2235 ⁸
2756 2213 2816 2278 τῇ
2852 2203 2910 2257 δὲ
2960 2203 3150 2276 κεφαλῇ
3209 2208 3297 2255 καὶ
3336 2205 3401 2254 τὰ
3453 2201 3580 2274 μέλη
3638 2205 3890 2262 ἣνωνται.

2281 2297 2527 2350 Ἐκόλασε
2556 2300 2724 2348 τοίνυν
2770 2299 2862 2352 τὴν
2893 2299 3161 2368 περίεργον
3211 2293 3346 2358 θέαν,
3407 2288 3544 2344 διότι
3600 2294 3653 2343 ἐκ
3688 2293 3892 2350 ταύτης

2283 2385 2528 2461 καταρρεῖ
2553 2387 2714 2446 πάθος
2745 2383 2828 2436 ἐπὶ
2876 2387 2970 2441 τὴν
3020 2378 3245 2455 καρδίαν
3280 2399 3292 2410 ⁸
3326 2382 3458 2438 αὕτη
3512 2377 3571 2433 δὲ
3621 2383 3892 2450 παθοῦσα,

2283 2476 2559 2551 παροξύνει
2601 2477 2659 2527 τὸ
2708 2481 2860 2546 σῶμα
2906 2475 3033 2546 πρὸς
3086 2474 3388 2526 συνουσίαν.
3449 2469 3746 2544 Προανεῑλεν
3798 2468 3897 2521 οὖν

2285 2570 2379 2624 τὴν
2407 2566 2579 2640 ῥίζαν,
2622 2565 2704 2615 ἱνα
2729 2567 2800 2635 μὴ
2831 2558 3021 2624 κλάδος
3049 2565 3192 2634 φυεὶς
3220 2559 3394 2632 ἐνέγκῃ
3427 2563 3641 2634 καρπόν.

2357 2653 2417 2708 Εἰ
2470 2649 2528 2706 δὲ
2582 2684 2651 2692 —
2705 2655 2928 2723 γέενναν.
2986 2649 3063 2707 Οὐ
3125 2653 3244 2724 περὶ
3301 2648 3462 2722 μελῶν
3511 2652 3744 2720 σώματός
3790 2667 3900 2719 φη-

2292 2763 2373 2796 σιν
2400 2760 2412 2773 ⁸
2447 2741 2735 2814 ἀνέγκλητα
2779 2742 2880 2814 γὰρ
2931 2740 2998 2792 τὰ
3027 2738 3152 2812 μέλη
3184 2745 3276 2791 τοῦ
3333 2743 3567 2810 σώματος
3595 2754 3606 2765 ·
3637 2737 3738 2788 ύπό
3777 2737 3890 2808 γὰρ

2289 2840 2379 2893 τῆς
2407 2830 2593 2903 ψυχῆς
2623 2831 2860 2901 ἄγονται,
2891 2833 2980 2880 καὶ
3021 2831 3147 2902 πρὸς
3195 2827 3220 2880 ὃ
3270 2826 3329 2878 ἂν
3373 2827 3504 2884 αὕτη
3549 2824 3757 2898 κελεύσῃ
3804 2842 3892 2874 κιο

2290 2929 2497 2974 νοῦνται
2531 2936 2543 2949 ⁸
2587 2917 2692 2970 ἄλλ’
2725 2917 2986 2992 ὀφθαλμὸν
3037 2920 3127 2989 μὲν
3182 2913 3350 2979 δεξιὸν
3401 2915 3546 2968 καλεί
3591 2917 3677 2966 τόν
3733 2909 3894 2969 δίκην

2294 3009 2558 3083 ὀφθαλμοῦ
2598 3011 2934 3081 στεργόμενον
2975 3003 3145 3070 δεξιόν
3176 3005 3320 3080 φίλον
3349 3022 3361 3034 ·
3387 3013 3547 3077 χεῖρα
3589 3000 3648 3057 δὲ
3693 3000 3898 3072 δεξιὰν,

2293 3101 2380 3150 τὸν
2413 3094 2568 3156 δίκην
2598 3100 2779 3172 χειρὸς
2823 3099 3220 3171 χρησιμεύοντα
3267 3092 3434 3158 δεξιόν
3492 3095 3772 3167 ὗπηρέτην,
3802 3095 3902 3144 καὶ

2295 3190 2394 3240 εἴτε
2449 3183 2636 3259 ἄνδρες
2708 3182 2824 3250 εἷεν,
2884 3189 2983 3238 εἶτε
3045 3192 3298 3257 γυναῖκες.
3351 3187 3504 3255 Λέγει
3571 3188 3762 3248 τοίνυν,
3814 3183 3900 3235 ὅτι

2297 3275 2411 3328 Ἐὰν
2459 3276 2507 3326 οἱ
2549 3281 2776 3326 τοιοῦτοι
2837 3271 3232 3334 σκανδαλίζωσί
3286 3293 3342 3326 σε
3391 3275 3519 3346 πρὸς
3570 3271 3854 3344 ἐμπάθειαν
3889 3315 3905 3341 ,

2294 3360 2434 3436 μηδὲ
2461 3366 2652 3416 τούτων
2684 3368 2834 3436 φείσῃ
2871 3381 2883 3393 ’
2933 3362 3038 3414 ἀλλ’
3071 3361 3287 3433 ἔκκοψον
3319 3361 3507 3424 αύτούς
3547 3370 3642 3424 τῆς
3670 3365 3797 3436 πρὸς
3846 3365 3909 3414 σε

2301 3457 2554 3524 σχέσεως,
2585 3457 2674 3504 καὶ
2718 3452 2874 3526 ῥίψον
2914 3451 3088 3527 πόρῥω
3121 3471 3235 3504 σου.
3286 3457 3384 3504 Καὶ
3415 3451 3508 3503 ούκ
3540 3451 3670 3519 εἶπε,
3701 3450 3904 3522 meo»,

2298 3541 2428 3608 ἀλλ’,
2497 3541 2776 3613 Ἕκκοψον,
2833 3547 2926 3600 τὴν
2996 3541 3214 3599 παντελῆ
3289 3537 3554 3604 διάζευξιν
3632 3540 3900 3612 ἐμφήνας.

2301 3634 2400 3683 Καὶ
2458 3629 2630 3699 εἰπὼν,
2681 3630 2958 3702 Ἔκκοψον,
3010 3630 3103 3682 ούκ
3151 3632 3270 3687 ἔστη
3331 3634 3495 3702 μέχρι
3544 3632 3749 3694 τούτου,
3791 3629 3910 3682 ἀλλ’

2299 3719 2517 3772 ἐπέτεινε
2546 3723 2632 3772 τὸν
2661 3718 2826 3791 λόγον,
2879 3720 3123 3793 προσθεὶς
3170 3721 3249 3784 τό,
3311 3723 3412 3771 Καὶ
3447 3716 3574 3790 βάλε
3624 3717 3723 3770 ἀπὸ
3779 3726 3908 3784 σοῦ,

2300 3810 2382 3861 ἳνα
2426 3813 2496 3882 μὴ
2539 3808 2762 3867 πλησίον
2799 3809 3076 3880 τυγχάνων
3125 3808 3275 3871 αὖθις
3333 3808 3599 3879 οἰκειωθῇ,
3653 3807 3791 3859 Ἐπεὶ
3845 3804 3909 3860 δὲ

2301 3896 2570 3970 ἀποτόμως
2600 3895 2877 3962 ἐκέλευσεν,
2919 3893 3081 3960 ἔδειξε
3118 3896 3294 3950 λοιπὸν
3324 3900 3382 3950 τὸ
3427 3897 3649 3949 ἐντεῦθεν
3689 3891 3903 3970 κέρδος,

2301 3984 2402 4038 ἀπὸ
2432 3993 2524 4039 τοῦ
2558 3989 2928 4060 συμφέροντος.

2374 4244 2584 4321 Ἐρρέθη
2641 4240 2700 4296 δε
2755 4275 2822 4283 —
2874 4249 3158 4317 μοιχᾶται,
3209 4240 3351 4298 Ἰδού
3399 4247 3489 4296 καὶ
3545 4244 3712 4320 ἕτερον
3767 4241 3912 4306 εἶδος

2303 4339 2550 4409 μοιχείας
2603 4329 2858 4390 δείκνυσι.
2911 4337 3086 4407 Νόμος
3135 4336 3236 4407 γὰρ
3295 4335 3356 4392 ἧν
3408 4333 3630 4396 παλαιὸς
3690 4332 3912 4386 κελεύων

2303 4428 2390 4475 τὸν
2447 4418 2794 4480 ὁπωσδήποτε
2836 4429 3095 4494 μισοῦντα
3157 4427 3250 4480 τὴν
3319 4418 3458 4475 ἰδίαν
3525 4429 3766 4494 γυναῖκα,
3830 4425 3906 4494 μὴ

2303 4516 2568 4584 κατέχειν,
2601 4510 2705 4562 ἀλλ’
2736 4510 2992 4564 ἐκϐάλλειν
3038 4511 3223 4579 αὐτὴν,
3275 4509 3436 4564 δόντα
3489 4511 3620 4584 αὐτῇ
3679 4509 3912 4568 ἀποστάς

2309 4622 2440 4666 σιον,
2499 4603 2524 4653 ὃ
2581 4603 2716 4653 ἐστιν
2769 4603 3024 4675 ἔγγραφον
3089 4599 3383 4662 ἀπολύσεως
3429 4643 3443 4667 ,
3503 4603 3593 4653 κὰὶ
3653 4599 3908 4652 ἐκϐάλλειν

2304 4695 2392 4764 μὲν
2455 4690 2636 4756 αὐτὴν,
2695 4691 2776 4741 ἵνα
2840 4693 2912 4761 μὴ
2969 4693 3112 4762 φόνος
3169 4693 3401 4761 γένηται.
3451 4688 3908 4743 Δυσκατάλλακτοι

2303 4784 2404 4852 γὰρ
2468 4781 2601 4838 ἦσαν
2653 4775 2926 4842 Ἰουδαῖοι,
2983 4778 3042 4830 ού
3109 4782 3234 4852 πρὸς
3290 4781 3383 4842 τὰς
3433 4783 3662 4851 γαμετὰς
3733 4781 3910 4850 μόνον,

2307 4869 2433 4920 ἀλλὰ
2480 4873 2568 4920 καὶ
2615 4870 2745 4941 πρὸς
2791 4870 2854 4920 τὰ
2899 4871 3070 4922 τέκνα.
3127 4871 3212 4920 Διὸ
3247 4873 3336 4921 καὶ
3383 4870 3408 4920 ὁ
3456 4871 3681 4942 Χριστός
3734 4871 3911 4941 εἴρηκε

2306 4961 2430 5031 πρὸς
2486 4957 2674 5019 αύτούς
2727 4956 2774 5008 έν
2846 4964 2918 5028 τῷ
2989 4966 3400 5031 τεσσαρακοστῷ
3477 4956 3755 5030 κεφαλαίῳ,
3832 4959 3916 5009 ὅτι

2305 5055 2533 5109 Μωϋσῆς
2603 5048 2730 5123 πρὸς
2800 5050 2894 5105 τὴν
2964 5043 3386 5122 σκληροκαρδίαν
3468 5048 3610 5119 ύμῶν
3701 5045 3911 5119 ἐπέτρε-

2306 5137 2397 5208 ψεν
2456 5139 2576 5209 ύμῖν
2639 5134 2900 5190 ἁπολύσαι
2955 5139 3048 5199 τὰς
3123 5143 3372 5209 γυναῖκας
3445 5137 3586 5209 ὑμῶν
3631 5151 3642 5166 ⁸
3695 5130 3910 5189 διδόναι

2307 5222 2366 5278 δὲ
2424 5224 2767 5294 ἀποστάσιον,
2831 5227 2914 5281 ἵνα
2973 5226 3091 5300 (73)
3147 5229 3276 5301 μετὰ
3349 5233 3522 5294 τοῦτο,
3581 5226 3915 5300 γαμηθείσης

1779 5474 1996 5544 Variae
2036 5475 2364 5544 lectiones
2399 5483 2465 5545 et
2507 5487 2708 5544 notua.

601 5607 714 5682 (73)
741 5609 813 5681 μὴ
848 5606 1034 5684 addit,
1074 5614 1130 5670 et
1152 5624 1314 5681 mox,
1337 5614 1474 5686 post
1501 5610 1677 5687 ἀνδρί.
1711 5615 1927 5674 omittit
1956 5621 2024 5676 A.
