4206 6310
323 326 433 382 217

1326 322 1693 380 ΟΟΜΜΕΝΤ.
1736 321 1806 379 ΙΝ
1847 321 2288 380 ΜΑΤΤΗᾸΕΗΜ.
2330 353 2401 366 —-
2438 321 2597 381 CAP.
2645 320 2712 379 V.

3580 325 3686 381 218

329 454 488 514 αὐτῆς
517 453 664 525 ἑτέρῳ
696 448 869 526 ἀνδρὶ,
908 455 979 524 μή
1039 447 1241 524 δυνηθῇ
1295 450 1434 523 (74),
1469 455 1532 511 ὡς
1589 450 1785 511 οἰκείας
1836 470 1924 523 γυ-

2039 460 2239 507 rursu‘s
2268 450 2738 523 apprehendere,
2766 452 2941 523 quasi
2972 451 3291 525 propriam,
3314 455 3372 509 et
3401 450 3541 508 hinc
3573 450 3688 507 ori-

328 545 522 613 ναικός,
570 540 720 595 πάλιν
774 540 1235 613 ἐπιλαμϐάνεσθαι,
1287 544 1373 592 καὶ
1427 544 1674 612 γίνωνται
1724 543 1926 613 συγχύ-

330 654 433 694 σεις
454 638 539 684 καὶ
572 633 788 691 στάσεις
813 630 1056 684 ἐντεῦθεν.

393 723 450 775 '0
500 719 560 775 δὲ
611 723 842 795 Χριστός
892 728 1002 785 νῦν,
1034 722 1393 794 ἡμερωτέρους
1437 718 1627 781 αύτούς
1676 716 1770 771 διὰ
1824 727 1924 772 τῶν

320 811 681 885 προλαϐόντων
734 810 895 881 λόγων
966 814 1331 875 καταστήσας,
1390 810 1599 875 κελεύει,
1656 814 1725 881 μή
1793 808 1923 861 ἀπο-

315 901 452 954 λύειν
506 906 602 959 τήν
650 907 889 971 γυναῖκα,
943 901 1199 973 παρεκτὸς
1252 898 1406 971 λόγου
1470 903 1728 971 πορνείας,
1772 917 1922 951 τουτ-

316 991 453 1058 έστι,
528 986 669 1061 δίχα
744 991 913 1049 αἰτίας
982 993 1217 1061 πορνείας
1274 1006 1286 1019 ·
1360 992 1599 1061 πορνείαν
1678 987 1920 1051 ἐνταῦθα,

312 1084 410 1139 τήν
483 1082 727 1152 μοιχείαν
794 1077 1059 1150 ὀνομάσας
1116 1094 1126 1105 ·
1188 1076 1315 1129 ἀλλὰ
1368 1073 1498 1149 μηδ’
1550 1075 1922 1149 ἀπολελυμένην

317 1168 405 1241 ὑφ’
438 1168 607 1243 ἐτέρου
653 1163 842 1237 ἀνδρὸς
893 1172 1100 1238 γαμεῖν.
1140 1170 1282 1239 Δίχα
1326 1168 1426 1239 γὰρ
1481 1165 1638 1237 λόγου
1690 1170 1923 1240 πορνείας

322 1260 348 1309 6
397 1260 486 1330 μὲν
533 1256 797 1318 ἀπολύσας
844 1260 938 1315 τήν
990 1255 1199 1325 ἑαυτοῦ,
1240 1263 1379 1308 ποιεῖ
1426 1255 1587 1314 αὐτὴν
1633 1258 1921 1326 μοιχεύειν,

322 1347 745 1420 συμπλεκομένην
804 1344 958 1419 ἑτέρῳ
1017 1344 1173 1418 ἀνδρί
1218 1364 1230 1377 ο
1265 1346 1290 1397 6
1340 1341 1397 1397 δὲ
1446 1350 1699 1416 γαμήσας
1745 1343 1923 1397 ἀπολε-

320 1436 541 1509 λυμένην
588 1437 671 1508 ὑφ’
725 1435 918 1507 ἐτέρου,
973 1437 1213 1507 μοιχεύει
1264 1438 1356 1493 τήν
1409 1433 1697 1508 ἀλλοτρίαν.
1746 1441 1924 1487 Ταῦτα

324 1524 383 1580 δι
411 1527 784 1599 νομοθετήσας,
819 1530 1059 1597 σώφρονα
1087 1528 1176 1576 καὶ
1222 1528 1317 1582 τὴν
1359 1530 1585 1595 γυναῖκα
1624 1529 1919 1581 πεποίηκεν.

324 1618 631 1670 Ἀκούσασα
672 1617 794 1690 γὰρ,
845 1615 925 1666 ὃτι
995 1612 1340 1666 ἁπολυθεῖσαν
1391 1613 1552 1673 αὐτὴν
1610 1610 1780 1675 οὐδεὶς
1830 1632 1919 1684 γα-

326 1709 509 1777 μήσει,
565 1704 762 1778 στέρξει
814 1706 899 1755 τὸν
964 1703 1148 1755 οἰκεῖον
1201 1700 1390 1778 ἄνδρα,
1442 1708 1533 1755 καὶ
1581 1704 1907 1777 θεραπεύσει.

328 1794 483 1845 Οὕτω
513 1799 755 1865 μοιχείας
802 1791 1068 1844 ὑποϐαλὼν
1110 1790 1399 1864 ἐγκλήματι
1449 1796 1539 1843 καὶ
1586 1794 1673 1843 τὸν
1724 1790 1919 1862 ἀλόγως
1949 1808 1992 1864 Β

324 1880 639 1934 ἐκϐάλλοντα
686 1886 771 1938 τήν
821 1880 1002 1933 ἑαυτοῦ
1062 1887 1308 1952 γυναῖκα,
1370 1885 1459 1933 καὶ
1510 1883 1596 1932 τὸν
1652 1888 1920 1953 γαμοῦντα

320 1975 413 2030 τήν
488 1969 863 2042 ἀπολελυμένην
945 1970 1118 2044 ἑτέρῳ,
1197 1968 1474 2041 ἐπέσφιγξε
1542 1973 1635 2027 τήν
1714 1969 1919 2043 εἰρήνην

320 2066 419 2111 τῶν
469 2060 733 2129 συζύγων,
775 2062 864 2110 καὶ
920 2061 978 2110 τὸ
1038 2062 1108 2130 μὴ
1169 2060 1436 2130 μοιχεύειν
1489 2057 1677 2130 μᾶλλον
1725 2057 1919 2111 ἐπέτει-

319 2166 417 2201 νεν.
451 2146 507 2198 Ὀ
551 2149 649 2222 γὰρ
698 2151 768 2219 μὴ
816 2146 1092 2214 ἐκϐάλλων,
1128 2145 1253 2199 ἀλλὰ
1299 2152 1527 2219 στέργων
1573 2150 1667 2205 τὴν
1714 2146 1917 2213 ἑαυτοῦ,

317 2236 411 2288 ούκ
456 2234 515 2287 ἂν
566 2235 861 2308 ἐπιθυμήσῃ
912 2241 1002 2298 τής
1046 2235 1313 2308 ἀλλοτρίας
1347 2253 1359 2265 ·
1397 2240 1486 2288 καὶ
1534 2236 1559 2287 6
1611 2235 1923 2309 κωλυόμενος

313 2332 508 2397 γαμεῖν
546 2330 642 2384 τὴν
674 2324 1052 2397 ἀπολελυμένην
1083 2325 1255 2399 ἑτέρῳ,
1289 2326 1383 2377 ούκ
1430 2324 1489 2377 ἂν
1542 2325 1780 2398 ἀπολύσῃ
1829 2329 1922 2384 τήν

316 2414 503 2467 ἑαυτοῦ
514 2455 525 2467 .

390 2503 552 2556 Πάλιν
599 2533 669 2544 -
717 2502 865 2565 ὅλως.
916 2503 1007 2577 [T6
1062 2507 1184 2576 μὴν,
1237 2502 1350 2575 (75)
1405 2502 1516 2555 Ούκ
1573 2501 1921 2578 ἐπιορκήσεις,

324 2595 614 2665 γέγραπται
689 2589 738 2643 ἓν
816 2600 877 2665 τῇ
966 2591 1130 2664 βίϐλῳ
1194 2600 1285 2652 τῆς
1358 2589 1574 2655 Ἐξόδου
1633 2609 1646 2624 ’
1712 2595 1771 2644 τὸ
1843 2588 1922 2659 δε,

322 2677 646 2741 ’Δποδώσεις
714 2688 790 2750 τῷ
857 2686 1032 2755 Κυρίῳ
1112 2683 1232 2743 τοὺς
1305 2682 1491 2756 ὅρκους
1552 2700 1666 2743 σου,
1737 2680 1787 2732 ἐν
1856 2688 1917 2753 τῇ

318 2767 487 2841 βίϐλῳ
536 2776 631 2821 τοῦ
690 2774 1109 2845 Δευτερονομίου,
1159 2769 1291 2828 πλὴν
1347 2766 1420 2822 δι’
1472 2770 1649 2843 ἐτέρων
1694 2768 1871 2833 λέξεων
1905 2791 1917 2805 ·

318 2862 419 2911 Καὶ
450 2860 565 2930 (76)
613 2867 684 2929 τῷ
730 2858 941 2931 ὀνόματι
1000 2863 1194 2933 Κυρίου
1249 2858 1371 2931 ὁμῇ.
1404 2857 1573 2911 Τοῦτο
1629 2856 1688 2911 δὲ
1733 2864 1918 2933 προσέ·

315 2946 490 3017 ταξεν,
527 2948 611 2999 ἶνα
652 2952 724 3020 μή
774 2950 910 3000 κατά
956 2956 1054 2999 τῶν
1100 2944 1455 3019 ψευδωνύμων
1498 2950 1619 3000 θεῶν
1666 2947 1917 3020 ὀμνύωσι.

390 3039 463 3088 T6
493 3040 563 3107 μή
611 3036 825 3109 ὀμόσαι,
873 3041 959 3088 καὶ
1008 3039 1067 3088 τὸ
1098 3041 1167 3109 μὴ
1208 3035 1501 3095 ἀπαιτῆσαι
1531 3039 1679 3112 ὅρκον
1710 3056 1921 3090 συνεισ-

311 3124 452 3197 οἷγει.
503 3124 568 3176 Ὀ
619 3128 719 3200 γὰρ
778 3129 841 3177 σὺ
896 3127 1114 3197 φεύγεις,
1164 3134 1273 3188 πῶς
1330 3124 1534 3189 ἐπάξεις
1591 3134 1663 3197 τῷ
1717 3122 1919 3199 ἀδελφῷ
1952 3166 1993 3224 C

314 3233 435 3281 σου,
471 3216 610 3286 εἴπερ
643 3210 947 3286 φιλάδελφος
979 3210 1043 3283 εἶ,
1070 3219 1161 3267 καὶ
1193 3215 1251 3267 ού
1286 3215 1682 3290 φίλοχρήματος
1708 3214 1772 3287 ;]

384 3392 444 3445 Ὀ
471 3395 560 3464 μὲν
589 3392 807 3453 παλαιὸς
844 3396 996 3465 νόμος
1045 3398 1221 3465 φησὶν,
1271 3396 1351 3446 ὅτι
1401 3393 1511 3445 Ούκ
1569 3393 1919 3468 ἐπιορκήσεις,

312 3486 668 3555 προσενέγκῃς
698 3482 814 3552 (77)
847 3478 905 3535 δὲ
939 3491 1008 3552 τῷ
1054 3490 1167 3552 Θεῷ
1210 3487 1331 3544 τοὺς
1381 3484 1566 3554 ὅρκους
1609 3502 1723 3535 σου.
1756 3490 1919 3535 Τοῦτο

316 3569 376 3624 δὲ
423 3569 550 3637 εἷπε,
595 3570 750 3643 φόϐον
800 3579 889 3622 τοῦ
942 3577 1013 3643 μὴ
1070 3570 1384 3645 ἐπιορκῆσαι
1428 3572 1796 3647 ἐπικρεμαννύς
1847 3580 1919 3643 τῷ

314 3660 937 3732 ὀμνύοντι,γινωσκοντι,
990 3662 1070 3712 ὅτι
1122 3662 1309 3723 ὀΘεός
1358 3662 1513 3723 αὐτὸς
1568 3658 1784 3733 δέχεται
1833 3665 1919 3714 τὸν

320 3752 496 3820 ὅρκον,
549 3750 574 3800 6
620 3751 791 3801 πάντα
835 3754 1122 3820 γινώσκων.
1170 3749 1298 3821 Ἐγὼ
1357 3747 1415 3803 δῖε
1467 3750 1596 3822 λέγω
1655 3752 1794 3822 ὑμῖν,
1845 3756 1914 3813 μὴ

322 3837 522 3909 ὀμόσαι
565 3837 706 3899 ὅλως.
745 3837 802 3890 Ὀ
857 3840 946 3910 μεν
992 3840 1095 3912 γὰρ
1151 3839 1395 3912 εύορκῶν,
1447 3842 1572 3900 ἴσως
1620 3838 1920 3912 ἐπιορκήσει

321 3929 450 3980 ποτὲ
478 3925 565 3999 [τῇ
613 3928 723 3999 (78)
773 3929 1023 3999 συνηθείᾳ
1054 3936 1142 3980 τοῦ
1193 3927 1396 4001 ὀμνύειν
1430 3945 1441 3957 ·
1488 3930 1513 3980 6
1559 3925 1617 3981 δὲ
1656 3925 1921 4001 μηδέποτε

320 4016 541 4089 ὀμνύων,
604 4016 696 4069 ούκ
756 4017 1059 4091 ἐπιορκήσει
1109 4016 1276 4090 ποτέ].
1336 4016 1534 4079 ’Ἄλλως
1588 4037 1643 4071 τε
1699 4016 1778 4086 δε,
1831 4023 1920 4072 καὶ

318 4109 380 4159 τὸ
437 4109 525 4179 μὲν
573 4105 825 4178 ὀμνύοντα
881 4110 951 4179 μή
1008 4106 1285 4179 ἐπιορκεῖν,
1347 4106 1606 4159 εὐσέϐειαν
1662 4106 1733 4169 εἰς
1792 4110 1919 4161 Θεὸν

320 4192 560 4248 ἐπαίδευε
591 4211 603 4225 ⁸
636 4198 692 4247 τὸ
750 4191 810 4248 δι
847 4199 917 4266 μή
958 4194 1160 4267 ὀμνύειν
1209 4196 1357 4265 ὅλως,
1412 4196 1648 4249 ἐπιτείνει
1690 4196 1920 4270 μάλιστα

314 4290 413 4343 τὴν
468 4283 746 4339 εὐσέϐειαν.
806 4282 1020 4337 Κάκεῖνο
1076 4287 1166 4357 μὲν
1218 4292 1310 4347 τῆς
1363 4290 1523 4358 μέσης
1570 4291 1659 4338 καὶ
1717 4284 1920 4349 ἀτελοῦς

316 4371 378 4432 ἧν
433 4373 741 4447 φιλοσοφίας
798 4390 813 4405 ’
872 4380 1024 4427 τοῦτο
1078 4370 1139 4426 δὲ
1196 4382 1286 4434 τῆς
1358 4376 1522 4447 ἄκρας
1577 4379 1667 4427 καὶ
1732 4375 1921 4435 τελείας

314 4462 450 4517 ἔστί.

2034 545 2238 597 rentur
2261 540 2620 595 turbationes
2652 556 2721 595 ac
2745 541 3091 599 seditiones.

2106 717 2370 774 Christus
2421 734 2557 774 vero
2600 718 2890 789 praedictis
2940 720 3136 776 verbis
3178 720 3554 777 mansuetius
3589 735 3693 776 eos

2034 808 2371 873 instituens,
2399 807 2565 878 jubet
2593 824 2666 863 ne
2700 825 2945 864 uxorem
2994 810 3328 881 repudient,
3362 811 3471 865 nisi
3504 809 3692 882 stupri

2033 911 2234 951 causa.
2270 897 2554 966 Stuprum
2596 901 2795 952 autem
2827 903 3000 953 vocat
3028 898 3123 953 hic
3158 898 3548 968 adulterium;
3588 898 3691 953 sed

2034 1001 2229 1057 neque
2259 986 2570 1042 dimissam
2610 987 2895 1058 permittit
2932 987 3101 1043 alteri
3134 989 3259 1043 viro
3297 988 3544 1043 nubere.
3580 988 3689 1053 Qui

2036 1075 2210 1140 enim,
2237 1080 2403 1130 extra
2441 1075 2625 1146 stupri
2673 1092 2940 1141 causam,
2999 1092 3168 1131 suam
3227 1076 3523 1147 repudiat,
3555 1076 3691 1131 facit

2033 1179 2166 1219 eam
2194 1164 2526 1219 adulteram
2554 1180 2858 1231 esse,cum
2887 1165 3682 1221 alterivirocommisceatur.

2035 1255 2144 1320 Qui
2174 1269 2314 1310 vero
2346 1255 2424 1309 sic
2454 1255 2530 1309 ab
2562 1254 2743 1310 altero
2774 1256 3145 1325 repudiatam
3177 1255 3434 1320 duxerit,
3468 1253 3693 1309 adulte-

2031 1343 2184 1398 rium
2214 1359 2349 1398 cum
2384 1343 2573 1399 aliena
2615 1344 2948 1399 committit.
2986 1344 3084 1398 His
3114 1347 3311 1399 autem
3359 1343 3513 1397 datis
3546 1357 3695 1413 prae-

2031 1432 2234 1504 ceptis,
2269 1448 2515 1488 uxorem
2542 1432 2722 1487 etiam
2754 1432 3148 1488 cordatiorem
3177 1449 3246 1488 ac
3283 1431 3692 1487 modestiorem

2029 1520 2299 1576 reddidit.
2321 1521 2531 1577 Audito
2559 1520 2993 1592 namquequod
3010 1536 3070 1575 se
3086 1520 3458 1592 repudiatam
3484 1518 3685 1575 nullus

2030 1608 2089 1663 in
2120 1626 2363 1666 uxorem
2399 1610 2685 1665 ducturus
2717 1615 2821 1676 est,
2853 1610 3166 1682 proprium
3204 1609 3427 1665 amabit
3468 1609 3688 1672 virum,

2030 1698 2531 1769 eiqueinserviet:
2564 1704 2618 1755 et
2640 1699 2718 1755 ita
2741 1699 3005 1755 criminis
3034 1698 3309 1754 adulterii
3341 1700 3415 1754 ad
3431 1713 3693 1760 monens,

2029 1794 2151 1847 tam
2169 1804 2305 1843 eum
2331 1791 2429 1860 qui
2445 1790 2571 1845 sine
2598 1789 3101 1861 causapropriam
3124 1788 3396 1858 repudiat
3412 1802 3685 1857 uxorem,

2026 1893 2210 1949 quam
2243 1894 2401 1947 eum,
2456 1879 2557 1950 qui
2613 1879 2691 1934 ab
2745 1878 2861 1933 alio
2916 1878 3290 1949 repudiatam
3348 1877 3529 1943 ducit,
3588 1892 3690 1947 pa-

2026 1983 2155 2023 cem
2186 1967 2632 2038 conjunctorum
2661 1967 3032 2034 constrinxit,
3060 1967 3376 2037 magisque
3427 1981 3502 2021 ne
3528 1981 3693 2021 com-

2026 2055 2354 2112 mitteretur
2377 2056 2737 2111 adulterium
2762 2056 3007 2111 curavit.
3044 2055 3147 2120 Qui
3188 2054 3344 2109 enim
3372 2070 3541 2109 suam
3566 2069 3690 2109 non

2029 2144 2244 2215 abjicit,
2281 2144 2387 2200 sed
2419 2149 2573 2201 amat
2599 2145 2821 2217 potius,
2866 2144 3124 2199 alienam
3147 2159 3522 2216 nequaquam
3555 2158 3695 2199 con-

2029 2235 2291 2306 cupiscet
2319 2256 2329 2286 :
2365 2234 2635 2291 similiter
2664 2238 2717 2291 et
2732 2233 2926 2305 quiab
2956 2232 3071 2289 alio
3101 2233 3478 2305 repudiatam
3496 2233 3694 2306 prohi-

2027 2324 2200 2381 betur
2229 2323 2467 2388 ducere,
2502 2339 2664 2379 suam
2696 2339 2817 2379 non
2845 2322 3016 2379 facile
3043 2322 3402 2395 repudiabit.

2102 2505 2267 2557 Vers.
2319 2505 2405 2559 33.
2439 2504 2693 2558 Rursum
2722 2532 2791 2541 —
2824 2501 2984 2557 Vers.
3018 2502 3089 2557 34
3143 2501 3394 2557 omnino.
3446 2501 3480 2567 ’r
3534 2500 3686 2556 Illud

2028 2591 2294 2664 quidem,
2327 2591 2465 2647 Non
2493 2592 2779 2662 pejerabis
2812 2592 2853 2656 1,
2886 2592 2943 2646 in
2974 2591 3127 2647 libro
3158 2590 3345 2646 Exodi
3371 2589 3647 2646 scribitur
3675 2607 3687 2645 :

2028 2681 2141 2736 hoc
2154 2685 2376 2745 autem,
2395 2680 2615 2738 Reddas
2630 2681 2870 2737 Domino
2872 2683 3238 2751 juramenta
3269 2686 3369 2735 tua
3399 2682 3442 2748 ³,
3462 2681 3518 2734 in
3537 2679 3692 2735 libro

2029 2769 2495 2835 Deuteronomii,
2525 2770 2632 2825 sed
2666 2786 2771 2841 per
2795 2769 2912 2825 alia
2934 2769 3141 2825 verba.
3169 2768 3460 2840 Praecepit
3487 2772 3690 2824 autem

2029 2859 2164 2924 hoc,
2199 2876 2272 2915 ne
2315 2875 2419 2930 per
2448 2859 2581 2916 falsi
2605 2859 2872 2915 nominis
2904 2859 3048 2915 deos
3073 2858 3363 2929 jurarent.

2100 3040 2142 3108 1-
2173 3041 2298 3094 Non
2337 3038 2559 3107 jurare,
2615 3042 2671 3094 et
2716 3038 3125 3109 juramentum
3174 3052 3296 3093 non
3341 3038 3563 3108 petere,
3613 3035 3693 3092 ad

2031 3127 2187 3182 idem
2204 3126 2512 3183 inducunt.
2540 3126 2851 3193 Quomodo
2881 3127 3041 3181 enim
3064 3126 3139 3181 ad
3166 3126 3223 3181 id
3247 3126 3485 3197 quodtu
3506 3124 3688 3195 fugis,

2029 3216 2270 3272 fratrem
2304 3220 2468 3272 tuum
2502 3216 2769 3282 induces,
2805 3216 2851 3269 si
2885 3220 3083 3271 tamen
3118 3215 3309 3271 fratris
3336 3219 3567 3271 amator
3601 3230 3688 3279 es,

2029 3311 2086 3360 et
2114 3320 2236 3360 non
2271 3305 2465 3374 magis
2496 3304 2765 3376 pecuniae
2796 3303 2821 3356 'l

2100 3394 2535 3466 Vetusquidem
2559 3393 2647 3449 lex
2660 3393 2801 3449 dicit
2827 3393 2983 3449 :Non
2994 3393 3286 3463 pejerabz's
3317 3392 3550 3462 ;o/feres
3578 3407 3691 3449 au-

2031 3488 2142 3539 tem
2168 3484 2759 3552 Dominojuramenta
2777 3490 2895 3539 tua.
2913 3482 3084 3547 Quod
3112 3481 3277 3538 addit
3300 3488 3359 3537 ut
3379 3481 3602 3551 juranti
3623 3481 3692 3536 ti-

2031 3589 2257 3628 morem
2275 3572 2578 3637 incuteret,
2613 3588 2686 3626 ne
2714 3572 3021 3642 pejeraret,
3050 3571 3247 3626 sciens
3265 3574 3445 3626 Deum
3464 3570 3690 3641 ipsum,

2029 3663 2131 3734 qui
2171 3661 2372 3717 omnia
2398 3662 2578 3727 novit,
2609 3661 3022 3731 juramentum
3056 3660 3382 3732 suscipere.
3419 3661 3543 3730 Ego
3588 3675 3694 3715 au-

2030 3757 2141 3807 tem
2169 3751 2299 3806 dico
2332 3752 2487 3806 vobis
2521 3768 2537 3805 :
2564 3751 2655 3806 Ne
2672 3750 2882 3819 juretia
2912 3750 3165 3805 omnino.
3200 3748 3309 3817 Qui
3332 3750 3487 3804 enim
3521 3749 3693 3804 facile

2017 3840 2204 3911 jurat,
2234 3839 2565 3911 aliquando
2584 3840 2836 3894 fortasse
2859 3838 3151 3909 pejerabit
3176 3840 3254 3893 ob
3278 3837 3521 3908 jurandi
3549 3852 3693 3892 con-

2030 3929 2432 3983 suetudinem:
2466 3928 2563 3999 qui
2596 3932 2795 3982 autem
2823 3926 2986 3982 nullo
3012 3926 3192 3982 modo
3227 3928 3405 3996 jurat,
3441 3942 3562 3981 non
3591 3942 3695 3998 pe-

2025 4016 2244 4089 jerabit
2268 4033 2533 4088 unquam
2552 4060 2564 4073 .
2598 4016 2887 4072 Praeterea
2910 4031 3141 4087 quoque
3160 4016 3373 4086 jurans
3391 4016 3473 4070 ita
3493 4030 3568 4070 ne
3590 4031 3690 4086 pe-

2023 4108 2200 4178 jeres,
2233 4106 2458 4162 cultum
2486 4104 2756 4161 divinum
2780 4107 3093 4176 observas;
3123 4110 3182 4160 at
3201 4104 3366 4159 nullo
3397 4104 3580 4159 modo
3597 4104 3689 4173 ju-

2029 4211 2186 4265 rans,
2210 4196 2409 4267 ipsum
2437 4195 2694 4250 maxime
2725 4194 3021 4265 provehis,
3047 4199 3104 4249 et
3124 4193 3274 4251 illud
3303 4194 3688 4249 mediocriset

2028 4285 2379 4356 imperfectae
2410 4283 2800 4357 philosophiae
2821 4288 2926 4349 est,
2958 4284 3072 4340 hoc
3097 4288 3297 4340 autem
3331 4299 3583 4339 summae
3611 4298 3693 4339 ac

2030 4375 2331 4447 perfectae.

387 4558 535 4611 Μήτε
577 4583 647 4592 -
685 4550 964 4624 βασιλέως.
999 4551 1109 4605 Ἰνα
1172 4557 1243 4625 μή
1292 4556 1598 4625 νομίσωσιν,
1644 4555 1724 4606 ὅτι
1770 4557 1921 4626 μόνον

2103 4552 2262 4607 Vers.
2305 4556 2392 4609 ει.
2433 4553 2636 4623 Neque
2682 4582 2746 4593 -
2789 4555 2851 4607 V.
2898 4553 2986 4607 35.
3046 4552 3194 4622 regis
3242 4557 3340 4608 est.
3399 4555 3478 4607 Ne
3518 4555 3691 4623 puta-

313 4645 371 4696 τὸ
404 4643 540 4695 κατά
591 4648 724 4694 Θεοῦ
778 4640 980 4712 ὀμνύειν
1031 4640 1277 4709 ἐκώλυσε,
1323 4640 1453 4713 λέγω
1498 4638 1564 4701 δή
1613 4646 1693 4711 τὸ,
1726 4644 1800 4714 μὰ
1838 4646 1922 4694 τόν

314 4734 469 4801 Θεὸν,
500 4731 827 4803 προστίθησι
871 4728 1048 4782 λοιπὸν
1094 4734 1179 4783 καὶ
1231 4729 1391 4782 τᾶλλα
1438 4727 1552 4789 εἴδη
1596 4740 1697 4782 τῶν
1737 4733 1920 4805 ὅρκων,

315 4820 366 4873 ἐν
419 4821 497 4881 οἷς
555 4815 809 4872 Ἰουδαῖοι
881 4826 1168 4876 τηνικαῦτα
1229 4823 1447 4891 ὤμνυον.
1507 4818 1565 4871 Ὀ
1623 4822 1723 4894 γὰρ
1791 4821 1925 4872 κατὰ

316 4911 513 4962 τούτων
566 4906 787 4980 ὀμνύων,
845 4906 1022 4979 ὀμνύει
1073 4907 1225 4961 πάλιν
1277 4910 1409 4962 κατὰ
1478 4915 1591 4961 τού
1622 4913 1776 4974 Θεοῦ,
1833 4916 1941 4961 τοῦ.

394 5091 406 5123 ¹
443 5086 635 5145 Exod.
692 5103 784 5153 xx,
815 5088 868 5141 7.
946 5089 967 5122 ³
998 5089 1159 5143 Deut.
1187 5102 1347 5155 χχιιι,
1375 5086 1465 5155 '21,
1495 5089 1585 5146 23.

2031 4646 2161 4697 rent
2185 4641 2350 4714 quod
2381 4641 2665 4697 adversus
2682 4642 2866 4696 Deum
2890 4641 3081 4696 solum
3103 4642 3307 4713 jurare
3338 4640 3688 4712 prohiberet,

2032 4730 2307 4797 dicendo,
2366 4733 2441 4802 μά
2482 4733 2568 4782 τὸν
2622 4733 2772 4794 Θεὸν,
2813 4728 2874 4784 id
2922 4735 3008 4785 est
3060 4745 3161 4799 per
3181 4730 3386 4793 Deum,
3434 4728 3597 4783 addit
3636 4734 3691 4785 et

2035 4818 2182 4875 alias
2207 4819 2690 4890 juramentorum
2722 4817 2968 4889 species,
2997 4817 3215 4889 quibus
3241 4821 3381 4872 tunc
3397 4817 3583 4872 Judaei
3601 4818 3692 4889 ju-

2032 4909 2250 4966 rabant
2285 4909 2420 4981 :qui
2450 4908 2609 4964 enim
2648 4922 2753 4979 per
2781 4907 2909 4963 haec
2925 4907 3101 4978 jurat,
3129 4922 3336 4962 rursus
3365 4921 3470 4979 per
3500 4908 3689 4964 Deum

1538 5265 1765 5334 Variae
1796 5264 2122 5334 lectiones
2162 5272 2228 5333 et
2258 5274 2460 5333 notae.

394 5461 506 5534 (74)
548 5459 797 5534 δυνηθείη
828 5467 887 5534 7B.

394 5531 508 5605 (75)
547 5533 785 5590 Inclusa
822 5533 884 5605 in
914 5547 1105 5603 marg.
1134 5531 1315 5589 habet
1344 5536 1411 5589 A.

396 5603 505 5676 (76)
545 5610 634 5658 καὶ
664 5613 737 5676 τῷ
760 5635 831 5646 -
857 5603 956 5676 6μῇ
986 5604 1186 5660 omisit
1210 5604 1550 5676 Hentenius.
1575 5607 1793 5662 Notum
1820 5620 1919 5662 au-

326 5674 440 5733 tem
472 5674 580 5746 ésl,
603 5674 733 5735 hinc
756 5674 1142 5750 non‘reperiri
1180 5674 1437 5742 αύτολεξεί
1462 5676 1523 5733 in
1554 5678 1614 5733 ν.
1644 5678 1703 5732 Τ.

2099 5534 2376 5605 (78)Quae
2406 5534 2503 5591 hic
2523 5534 2894 5601 inclusimus,
2929 5534 3001 5591 ea
3021 5550 3093 5590 ex
3118 5534 3251 5591 cod.
3276 5537 3345 5604 A,
3375 5534 3539 5589 haud
3569 5534 3687 5589 du-

2101 5462 2213 5536 (77)
2244 5462 2919 5536 Aoristusrconjunctivi
2974 5478 3083 5535 pro
3137 5462 3333 5536 futuro
3355 5464 3685 5536 προσοίσεις.

2101 5462 2506 5664 (ἹἹΞΑοι-ἱειιιε
2557 5462 2919 5534 conjunctivi
2974 5478 3045 5535 pr

2099 5537 2194 5605 (78
2235 5536 2376 5600 Quae
2406 5534 2503 5591 hic
2523 5534 2894 5601 inclusimus,
2929 5549 3046 5591 eae

2027 5604 2123 5662 bie
2149 5621 2185 5663 o
2260 5606 2479 5682 duplex
2508 5609 2650 5675 ποτε,
2685 5605 3046 5664 exciderant.
