4206 6310
551 299 656 356 219

1863 298 2218 356 EUTHYMII
2250 299 2555 357 ZIGABEN
2561 301 2587 358 Ι

3808 302 3923 358 220

547 428 729 498 jurat,
787 425 892 498 qui
921 427 1043 482 haec
1093 425 1320 498 implet,
1384 425 1589 498 eisque
1641 426 2008 482 dominatur.
2059 429 2204 482 Nam

2320 427 2630 502 πληροῦντος
2656 425 2808 491 αὐτὰ,
2837 431 2926 480 καὶ
2981 425 3324 492 δεσπόζοντος
3353 429 3548 487 αὐτῶν.
3603 432 3764 501 Τίμια
3807 430 3918 504 γὰρ

550 515 681 571 haec
733 521 975 587 propter
1029 531 1162 570 eum
1213 517 1274 570 in
1325 515 1552 571 honore
1624 516 1936 580 habentur,
1978 519 2035 572 et
2090 532 2206 573 non

551 622 658 680 per
714 605 923 676 seipsa.
977 606 1121 660 Dicit
1169 609 1370 660 autem
1427 620 1532 674 per
1566 606 1954 678 prophetam:
1989 606 2207 663 Caelum

552 695 695 750 mihi
720 695 871 750 sedes
901 701 1006 760 est,
1041 702 1196 751 terra
1227 701 1424 751 autem
1467 695 1782 751 scabellum
1807 695 2021 764 pedum
2052 711 2209 751 meo-

553 800 684 839 rum
715 788 757 847 ³,
791 783 1181 839 manifestans
1235 799 1340 855 per
1385 783 1498 838 hoc
1530 785 1839 854 propheta,
1882 785 2046 855 quod
2083 801 2208 840 om-

552 874 656 929 nia
705 876 860 929 Deus
912 873 1168 944 impleat.
1233 873 1327 928 Ait
1377 872 1538 928 enim
1569 875 1818 929 :Nonne
1895 875 2098 930 caelum
2157 881 2209 930 et

553 969 775 1020 terram
801 979 906 1032 ego
934 963 1184 1032 impleo‘
1215 963 1242 1018 ἱ)
1287 962 1472 1018 David
1504 978 1748 1034 quoque
1786 961 1927 1017 dicit
1955 979 1968 1016 :
1999 964 2207 1019 Civitas

553 1055 699 1123 regis
724 1053 922 1122 magni
947 1055 994 1109 ⁵.

622 1142 783 1197 Vers.
830 1142 923 1204 37.
975 1141 1175 1212 Neque
1220 1171 1288 1180 —
1331 1142 1541 1209 facere.
1601 1144 1802 1212 Neque
1855 1140 2208 1196 vilissimum

552 1230 808 1302 ideoque
828 1230 1273 1300 paratissimum
1297 1230 1707 1301 juramentum
1730 1230 2045 1301 juraveris,
2074 1230 2208 1286 dico

555 1335 702 1375 sane
721 1335 815 1391 per
842 1320 1144 1391 proprium
1175 1327 1376 1391 caput,
1407 1335 1480 1374 ne
1506 1320 1683 1376 etiam
1717 1319 1794 1375 ad
1817 1320 2052 1391 majora
2079 1334 2209 1390 pro-

553 1409 752 1466 cedas.
786 1409 911 1464 Alio
943 1409 1385 1480 quoquemode.
1430 1412 1710 1465 Creatura
1731 1424 1996 1481 namque
2029 1408 2209 1464 etiam

555 1499 656 1554 Dei
673 1498 976 1571 possessio
994 1502 1082 1553 est
1108 1517 1120 1554 :
1143 1503 1447 1554 etrursum
1475 1513 1580 1570 per
1608 1501 1792 1553 Deum
1819 1498 1882 1553 ﬁt
1905 1498 2210 1568 juramen-

556 1592 702 1656 tum,
729 1588 832 1660 qui
860 1588 1060 1659 ipsum
1088 1589 1144 1643 in
1174 1604 1284 1644 sua
1312 1588 1491 1644 habet
1513 1591 1827 1659 potestate.
1867 1587 2021 1642 Licet
2049 1586 2210 1642 enim

553 1688 722 1733 tuum
736 1693 978 1749 quoque
1001 1678 1093 1743 sit,
1120 1693 1240 1732 non
1263 1682 1558 1734 esttamen
1581 1682 1750 1732 tuum
1773 1692 1921 1747 opus
1946 1675 2112 1748 quod
2139 1691 2210 1730 ex

2314 524 2482 568 ταῦτα
2515 516 2574 569 ού
2615 513 2689 569 δι’
2728 516 2906 580 ἑαυτά,
2952 515 3080 570 ἀλλά
3129 515 3204 571 δι’
3249 519 3423 571 αὐτόν.
3473 521 3797 593 Προφητικόν
3831 515 3915 584 δὲ,

2313 605 2372 659 Ὁ
2425 607 2635 680 οὐρανός
2697 625 2787 672 μοι
2847 607 3042 680 θρόνος,
3098 609 3128 666 ἡ
3191 604 3250 660 δὲ
3317 617 3385 680 γῆ
3460 604 3742 660 ὑποπόδιον
3811 617 3916 660 τῶν

2315 692 2493 748 ποδῶν
2523 715 2622 767 μου
2658 713 2670 724 ·
2721 691 2932 759 δηλοῦν,
2967 698 3044 748 ὃτι
3101 698 3126 748 6
3185 700 3314 758 Θεὸς
3369 699 3436 749 τὰ
3484 698 3655 749 πάντα
3701 695 3916 770 πληροῖ.

2318 789 2454 843 Φησὶ
2519 787 2617 859 γὰρ
2674 806 2687 818 ο
2741 784 2884 855 Οὐχὶ
2953 789 3040 837 τὸν
3112 785 3326 858 οὐρανὸν
3378 790 3467 837 καὶ
3522 790 3614 844 τὴν
3669 793 3764 856 γῆν
3813 784 3916 858 ἐγὼ

2315 873 2496 947 πληρῶ
2529 893 2542 941 ;
2579 878 2849 926 Δαυῑτικόν
2900 870 2959 926 δὲ
2997 891 3008 903 ·
3067 873 3125 928 Ἠ
3173 874 3320 937 πόλις
3367 882 3458 927 τοῦ
3515 873 3771 947 βασιλέως
3819 883 3914 928 τοῦ

2317 962 2540 1034 μεγάλου
2549 1005 2560 1018 .

2386 1143 2531 1198 Μήτε
2560 1169 2624 1181 —-
2667 1141 2912 1198 ποιῆσαι.
2949 1137 3103 1199 Μηδὲ
3152 1143 3238 1193 τὸν
3292 1139 3671 1207 εὐτελέστατον,
3702 1146 3792 1195 καὶ
3824 1138 3922 1195 διά

2316 1237 2468 1281 τοῦτο
2527 1234 2937 1303 προχειρότατον
2991 1231 3142 1303 ὅρκον
3201 1229 3420 1303 ὀμόσῃς,
3486 1235 3620 1302 φημὶ
3678 1227 3770 1298 δὴ,
3828 1235 3921 1284 τὸν

2316 1320 2452 1369 κατὰ
2509 1325 2600 1378 τῆς
2658 1315 2800 1378 ἰδίας
2849 1317 3094 1390 κεφαλῆς,
3153 1319 3235 1370 ἵνα
3299 1322 3370 1390 μὴ
3429 1323 3519 1370 καὶ
3575 1317 3647 1389 εἰς
3699 1318 3922 1390 μείζονα

2316 1405 2536 1481 προϐῇς.
2569 1405 2767 1467 ’Ἄλλως
2812 1425 2864 1458 τε
2913 1403 2990 1477 δὲ,
3028 1411 3118 1458 καὶ
3167 1407 3298 1464 αὕτη
3351 1411 3569 1479 κτίσμα,
3605 1411 3695 1459 καὶ
3740 1417 3924 1480 κτῆμα

2320 1503 2452 1550 Θεοῦ
2483 1495 2616 1564 ἐστι,
2648 1499 2737 1548 καὶ
2769 1494 2923 1548 πάλιν
2967 1497 3103 1547 κατά
3132 1503 3224 1548 τοῦ
3263 1502 3418 1560 Θεοῦ,
3461 1503 3552 1548 τοῦ
3592 1493 3924 1559 ἐξουσιάζονο

2317 1605 2400 1646 τος
2444 1585 2626 1650 αὐτῆς,
2671 1589 2870 1656 γίνεται
2914 1586 2940 1636 6
2989 1586 3160 1657 ὅρκος.
3192 1584 3253 1638 Εἰ
3285 1587 3382 1658 γάρ
3413 1588 3503 1636 καὶ
3534 1589 3598 1642 σή
3643 1583 3774 1652 ἐστι,
3809 1583 3922 1637 ἀλλ’

2319 1675 2376 1726 ού
2411 1678 2499 1726 σόν
2529 1674 2642 1747 (79)
2673 1679 2896 1745 ποίημα.
2933 1678 3034 1727 Καὶ
3082 1670 3262 1742 δῆλον,
3301 1671 3401 1725 ἀπὸ
3431 1680 3523 1725 τοῦ
3550 1677 3622 1746 μὴ
3656 1670 3925 1728 δύνασθαί

552 1782 621 1823 eo
653 1766 1043 1822 manifestum
1070 1773 1176 1830 est,
1204 1767 1345 1838 quia
1365 1782 1483 1822 non
1513 1771 1682 1838 potes
1713 1781 1901 1821 unum
1927 1764 2209 1837 capillum

2321 1783 2378 1816 σε
2402 1769 2525 1836 μίαν
2554 1767 2719 1838 τρίχα
2747 1771 2970 1822 ποιῆσαι
2993 1762 3179 1821 λευκὴν
3206 1763 3236 1821 ἢ
3265 1761 3525 1834 μέλαιναν.

550 1855 746 1911 album
767 1855 956 1911 facere
986 1855 1075 1910 vel
1101 1855 1360 1925 nigrum.

627 1945 788 1999 Vers.
833 1944 924 1998 3.6
983 1947 1066 1999 Sit
1099 1949 1291 2000 —est.
1353 1944 1456 2010 Sit,
1517 1944 1725 2015 inquit,
1769 1959 1967 1999 sermo
2022 1947 2212 1999 vester

556 2035 804 2105 quando
875 2033 1679 2106 afﬁrmatis:Est;quando
1750 2049 1892 2088 vero
1963 2032 2208 2102 negatis,

553 2121 688 2177 Non
723 2142 733 2173 :
763 2120 976 2192 hisque
1037 2122 1176 2176 solis
1228 2139 1330 2193 pro
1361 2122 1716 2192 juramentis
1770 2122 1847 2178 ad
1897 2121 2212 2177 conﬁrma-

555 2210 778 2264 tionem
821 2209 1088 2277 utamini,
1135 2214 1190 2264 et
1221 2210 1384 2265 nullo
1413 2210 1531 2265 alio
1561 2226 1745 2282 quam
1799 2211 1899 2265 Est
1953 2214 2009 2263 et
2047 2211 2207 2264 Non.

556 2298 728 2364 Quod
773 2303 979 2367 praeter
1021 2299 1152 2354 haec
1195 2299 1560 2369 adjungitur,
1602 2299 1740 2355 dicit
1777 2300 2207 2370 juramentum.

554 2389 613 2443 Si
675 2393 871 2442 autem
921 2387 1330 2458 juramentum
1372 2405 1405 2443 a
1448 2388 1693 2444 diabolo
1746 2394 1850 2454 est,
1901 2387 2210 2460 quomodo

552 2477 751 2549 ipsum
778 2476 872 2532 lex
910 2481 1078 2532 vetus
1113 2477 1488 2549 permittebat
1517 2477 1546 2532 ?
1569 2477 1717 2544 Quia
1766 2484 1821 2533 et
1853 2476 2209 2533 animalium

553 2565 846 2621 sacriﬁcia
875 2582 909 2620 a
937 2567 1098 2621 malo
1125 2567 1370 2638 quidem
1393 2571 1562 2622 erant
1591 2571 1646 2623 et
1685 2567 2035 2638 deceptione
2075 2565 2211 2622 ido-

551 2655 767 2720 lorum,
812 2670 882 2710 ea
935 2663 1134 2710 tamen
1193 2656 1462 2726 permisit
1508 2656 1600 2711 lex
1647 2661 1892 2728 propter
1947 2655 2210 2711 Hebraeo-

553 2759 688 2799 rum
710 2743 1132 2799 inﬁrmitatem.
1179 2744 1324 2799 Cum
1353 2745 1511 2800 enim
1569 2745 1843 2813 glutones
1893 2749 2094 2800 essent
2139 2759 2209 2799 ac

550 2832 828 2888 lurcones
878 2831 981 2903 (b),
1033 2833 1358 2904 idolothyta
1405 2834 1695 2889 amabant.
1757 2837 1821 2890 Et
1884 2833 2024 2888 item
2070 2849 2209 2888 cum

552 2925 749 2977 essent
776 2921 1084 2989 increduli,
1130 2922 1538 2992 juramentum
1578 2938 1816 2994 quoque
1856 2921 2204 2990 diligebant.

556 3013 627 3066 Ut
690 3017 890 3066 autem
960 3011 1241 3081 deinceps
1304 3027 1498 3082 neque
1556 3011 1725 3066 idolis
1783 3010 2204 3080 sacriﬁcarent,

2389 1941 2564 1995 ’Ἑστω
2601 1972 2669 1981 —
2712 1939 2873 1996 ἐστιν.
2923 1939 3120 2008 Ἔστω,
3172 1944 3352 2012 φησὶν,
3398 1941 3424 1992 6
3477 1939 3628 2012 λόγος
3681 1941 3844 2013 ὑμῶν,
3897 1945 3926 1994 ὅ

2322 2029 2680 2102 βεϐαιωτικός,
2723 2031 2805 2082 ὅτε
2852 2032 2942 2102 μὲν
2991 2031 3356 2095 κατατίθεσθε,
3402 2034 3486 2080 ναί
3522 2047 3533 2058 ’
3581 2030 3662 2082 ὅτε
3715 2026 3775 2082 δὲ
3826 2029 3922 2104 ἀρ-

2319 2121 2508 2184 νεῖσθε,
2565 2123 2644 2173 οῦ.
2702 2124 2802 2170 Καὶ
2858 2121 3062 2180 τούτοις
3113 2123 3286 2190 μόνοις
3359 2118 3430 2179 εἰς
3467 2117 3752 2190 βεϐαίωσιν
3807 2121 3924 2173 ἀντὶ

2319 2211 2482 2283 ὅρκων
2513 2209 2808 2283 χρήσασθε,
2858 2212 2943 2258 καὶ
2997 2204 3163 2279 μηδὲν
3206 2206 3354 2259 πλέον
3408 2214 3501 2259 τοῦ
3548 2212 3633 2261 ναὶ
3680 2212 3770 2260 καὶ
3827 2213 3911 2266 οὗ,

2320 2301 2577 2370 Περισσὸν
2623 2295 2682 2348 6‘s
2728 2298 2922 2348 τούτων
2978 2295 3114 2368 λέγει
3151 2299 3235 2347 τὸν
3284 2297 3456 2367 ὅρκον,
3509 2301 3611 2349 Καὶ
3646 2295 3690 2348 εἰ
3741 2295 3795 2348 ἐκ
3822 2304 3912 2348 τοῦ

2322 2374 2571 2440 διαϐόλου
2604 2388 2744 2439 ἐστὶν
2789 2386 2814 2436 6
2865 2387 3038 2460 ὅρκος,
3068 2393 3173 2445 πῶς
3203 2385 3228 2436 6
3284 2383 3505 2444 παλαιὸς
3558 2390 3714 2458 νόμος
3766 2385 3916 2438 αὑτὸν

2319 2475 2610 2550 ἐπέτρεψε;
2659 2478 2802 2527 Διότι
2849 2479 2938 2527 καὶ
2997 2477 3053 2526 άὶ
3107 2475 3395 2535 ζωοθυσίαι
3449 2473 3504 2526 ἐκ
3545 2483 3635 2527 τοῦ
3692 2484 3924 2551 πονηροῦ

2319 2568 2408 2639 μὲν
2464 2562 2620 2632 ἦσαν,
2679 2569 2769 2616 καὶ
2834 2572 2928 2626 τῆς
2997 2560 3270 2624 εἰδωλικῆς
3345 2562 3541 2626 πλάνης
3606 2564 3922 2636 ἐτύγχανον,

2319 2653 2561 2728 ἐπέτρεψε
2589 2650 2648 2707 δὲ
2690 2656 2828 2726 ὅμως
2864 2653 3025 2714 αύτάς
3065 2655 3091 2704 ό
3139 2657 3294 2726 νόμός
3326 2660 3628 2720 τηνικαῦτα,
3681 2650 3777 2705 διὰ
3824 2660 3923 2714 τὴν

2317 2752 2416 2796 τῶν
2455 2743 2702 2818 Ἑϐραίων
2758 2742 3043 2807 ἀσθένειαν,
3103 2747 3372 2814 οἰκονομίᾳ
3427 2749 3580 2814 σοφῇ.
3631 2741 3766 2794 Ἐπεὶ
3813 2745 3918 2816 γὰρ

2317 2833 2598 2905 λαίμαργοι
2646 2835 2736 2903 μὲν
2786 2836 2944 2899 ὄντες,
2978 2833 3194 2903 ἠγάπων
3225 2835 3283 2883 1'6
3319 2832 3594 2891 ζωοθυτείν
3630 2847 3642 2860 ·
3691 2829 3915 2893 ἀπειθεῖς

2321 2918 2378 2974 δὲ
2432 2923 2791 2993 τυγχάνοντες,
2825 2920 3028 2992 ἐφίλουν
3073 2925 3162 2972 τὸν
3212 2922 3382 2993 ὅρκον,
3434 2921 3516 2972 ἵνα
3566 2920 3739 2971 λοιπόν
3788 2923 3918 2990 μήτε

2315 3017 2422 3071 τοῖς
2474 3007 2708 3070 εἰδώλοις
2768 3012 2955 3077 θύωσι,
3013 3015 3145 3082 μήτε
3197 3011 3331 3062 κατὰ
3384 3006 3609 3061 εἰδώλων
3667 3008 3921 3080 ὀμνύωσι,

552 3115 748 3171 neque
805 3115 911 3170 per
956 3099 1118 3154 idola
1173 3099 1460 3169 jurarent,
1514 3099 1784 3170 permisit
1826 3100 2072 3172 quidem
2120 3098 2209 3153 lex

2321 3105 2661 3173 συνεχώρησε
2710 3101 2799 3170 μὲν
2848 3103 2938 3151 καὶ
2989 3102 3047 3151 1'6
3103 3101 3259 3165 θύειν,
3314 3103 3402 3151 καὶ
3463 3101 3522 3150 τὸ
3552 3098 3772 3170 ὀμνύειν,
3831 3101 3922 3149 καὶ

553 3189 888 3244 sacriﬁcare
919 3204 988 3245 ac
1031 3189 1250 3259 jurare,
1285 3192 1339 3244 et
1369 3190 1415 3243 si
1462 3190 1608 3262 quid
1640 3189 1807 3245 aliud
1864 3194 1950 3245 est
1981 3188 2162 3244 simile
2192 3206 2206 3247 :

554 3278 760 3332 omnia
788 3293 928 3332 vero
980 3277 1058 3332 ad
1105 3277 1285 3334 Deum
1322 3278 1631 3334 transtulit.
1679 3280 1967 3334 Futurum
2012 3282 2211 3333 autem

555 3373 682 3422 erat
721 3371 783 3421 ut
820 3382 1100 3422 successu
1155 3367 1440 3438 temporis
1488 3368 1662 3423 etiam
1700 3367 1824 3424 haec
1877 3367 2213 3423 sublimiori

552 3455 923 3524 legislatione
954 3459 1309 3527 amputaret.
1354 3457 1500 3520 Quia
1539 3462 1592 3510 et
1622 3456 1835 3512 lactere
1882 3455 2212 3510 infantibus

555 3542 802 3615 quidem
817 3542 952 3597 utile
966 3548 1071 3608 est,
1087 3542 1222 3597 viris
1236 3549 1436 3598 autem
1452 3544 1783 3599 admodum
1817 3546 2010 3615 ineptu
2022 3560 2108 3599 m:
2131 3543 2216 3598 id-

556 3648 746 3705 eoque
761 3633 1067 3688 infantium
1082 3649 1238 3690 more
1252 3635 1584 3691 viventibus
1601 3637 1676 3707 (c)
1690 3635 1801 3691 hoc
1816 3634 2212 3702 concedimus;

555 3722 753 3778 viriles
806 3736 946 3778 vero
989 3723 1067 3779 ab
1127 3739 1200 3779 eo
1269 3723 1628 3781 abducimus
1685 3741 1753 3781 ac
1801 3725 2212 3798 prohibemus.

557 3812 702 3879 Quid
725 3811 904 3882 igitur
928 3813 1248 3884 agendum,
1275 3814 1323 3870 si
1363 3815 1921 3886 quisjuramentum
1955 3819 2214 3887 expetat,

555 3906 679 3962 imo
703 3903 904 3973 jurare
951 3909 1127 3974 cogat
1166 3904 1194 3960 ?
1226 3903 1306 3960 Sit
1334 3905 1437 3960 tibi
1497 3906 1598 3960 Dei
1664 3906 1842 3960 timor
1879 3905 2211 3972 violentior,

554 4007 742 4066 quam
761 3991 886 4046 haec
917 3993 1274 4058 necessitas;
1303 3993 1623 4064 omniaque
1651 3994 1773 4063 pati
1798 3994 2213 4064 eligaspotius,

557 4095 745 4154 quam
788 4085 1153 4150 praeceptum
1208 4080 1566 4149 transgredi.
1625 4083 1685 4135 In
1718 4081 1882 4136 omni
1917 4081 2214 4152 siquidem

556 4172 857 4242 praecepto
886 4166 978 4221 vis
1005 4183 1072 4222 ac
1114 4167 1440 4222 violentum
1483 4167 1816 4238 periculum
1858 4168 1965 4224 tibi
1997 4168 2215 4239 saepius

557 4265 828 4316 occurret
859 4272 874 4314 :
907 4259 963 4308 et
988 4255 1101 4312 nisi
1133 4255 1356 4327 ubique
1382 4255 1697 4311 violentius
1742 4256 1922 4312 ducat
1951 4256 2216 4312 divinum

560 4353 941 4419 praeceptum,
977 4347 1181 4403 omnia
1210 4349 1324 4400 ate
1347 4360 1540 4401 vacua
1556 4349 1610 4400 et
1641 4344 1854 4400 infecta
1885 4345 2212 4402 discedent.

561 4442 625 4494 ln
691 4436 1077 4509 sequentibus
1153 4434 1304 4489 enim
1371 4435 1506 4489 dicit
1581 4435 1868 4490 Dominus
1903 4455 1914 4494 :
1949 4436 2214 4506 Regnum

562 4526 841 4583 caelorum
889 4525 996 4581 vim
1033 4523 1286 4594 patitur,
1340 4531 1390 4581 et
1441 4524 1684 4579 violenti
1711 4525 1957 4594 rapiunt
1993 4525 2143 4580 illud
2171 4527 2211 4581 ⁸.

633 4614 794 4671 Vers.
859 4617 945 4672 38.
997 4614 1263 4670 Audistis
1291 4645 1360 4654 —
1401 4613 1468 4670 V.
1502 4615 1588 4680 39,
1641 4615 1810 4673 malo.
1836 4614 2093 4680 Quidam
2122 4630 2214 4670 ve-

562 4703 671 4762 teri
691 4704 806 4775 legi
845 4705 1240 4775 indignantur,
1296 4703 1525 4775 jubenti
1568 4703 1810 4760 oculum
1869 4718 1979 4775 pro
2023 4703 2213 4775 oculo,

633 4884 784 4940 ’Isa.
817 4898 968 4953 wa,
1001 4883 1054 4939 i.
1134 4883 1390 4942 ‘Jerem.
1429 4898 1587 4950 xxiii,
1621 4885 1714 4940 24.

1801 4882 1822 4917 ⁵
1850 4881 2000 4939 Psal.
2028 4897 2200 4949 xnvu,
2228 4882 2291 4942 8.

2826 3187 2912 3240 ἐπὶ
2957 3189 3043 3239 τὸν
3094 3190 3220 3241 Θεὸν
3272 3184 3330 3240 δὲ
3378 3188 3549 3240 πάντα
3586 3191 3918 3259 μετέστησεν.

2320 3277 2534 3351 ”Εμ.ελλε
2576 3280 2699 3351 γὰρ,
2749 3284 2933 3352 καιροῦ
2982 3276 3274 3343 καλοῦντος,
3333 3275 3553 3346 ἐκκόψαι
3599 3281 3689 3328 καὶ
3733 3282 3920 3345 ταῦτα,

2323 3365 2396 3421 δι’
2453 3366 2778 3441 ὑψηλοτέρας
2838 3366 3164 3438 νομοθεσίας.
3221 3367 3361 3419 Ἐπεὶ
3423 3370 3512 3418 καὶ
3571 3369 3630 3418 τὸ
3681 3364 3921 3427 θηλάζειν

2321 3461 2528 3517 νηπίοις
2577 3459 2665 3528 μὲν
2713 3455 2994 3520 λυσιτελὲς,
3048 3451 3276 3528 ἀνδράσι
3326 3451 3385 3507 δὲ
3431 3460 3522 3507 καὶ
3573 3454 3686 3508 λίαν
3742 3453 3922 3508 ἀνεπι-

2322 3193 2364 3242 εἶ
2397 3208 2449 3240 τι
2497 3195 2731 3241 τοιοῦτον
2769 3205 2780 3216 ·

2323 3542 2552 3613 τηδειον,
2594 3549 2682 3597 καὶ
2729 3541 2822 3596 διὰ
2872 3553 3025 3597 τοῦτο
3079 3547 3398 3607 νηπιάζουσι
3447 3546 3536 3616 μὲν
3572 3547 3760 3596 τούτου
3814 3563 3918 3596 πα-

2323 3643 2686 3711 ραχωροῦμεν,
2722 3630 3097 3707 ἀνδρουμένους
3142 3630 3201 3686 δὲ
3237 3634 3413 3686 λοιπὸν
3455 3631 3720 3706 ἀπάγομεν
3762 3633 3921 3685 ἀῦτοῦ

2323 3729 2413 3776 καὶ
2469 3722 2748 3796 κωλύομεν.
2807 3727 2870 3775 Τί
2935 3718 3044 3791 οὖν,
3110 3722 3193 3774 ἐάν
3245 3743 3323 3784 τις
3367 3723 3517 3795 ὅρκον
3572 3720 3766 3794 ἀπαιτῇ
3831 3725 3922 3775 καὶ

2324 3813 2698 3885 καταναγκάζῃ
2734 3829 2746 3879 ;
2781 3809 2958 3866 ’Ἑστω
3005 3831 3084 3863 σοι
3130 3819 3225 3872 τῆς
3275 3810 3505 3884 ἀνάγκης
3534 3815 3726 3872 ταύτης
3763 3813 3789 3863 6
3831 3817 3922 3863 τοῦ

2325 3909 2459 3956 Θεοῦ
2513 3900 2668 3975 φόϐος
2735 3899 3156 3973 ἀναγκαιότερος,
3210 3905 3298 3953 καὶ
3365 3902 3532 3952 πάντα
3580 3902 3763 3953 παθεῖν
3812 3898 3925 3952 ἑλοῦ

2323 3991 2533 4064 μᾶλλον,
2599 3991 2628 4048 ἦ
2690 3988 2992 4063 παραϐῆναι
3047 3993 3141 4048 τὴν
3207 3988 3432 4048 ἐντολήν.
3496 3994 3596 4041 Καὶ
3667 3991 3768 4062 γὰρ
3846 3987 3926 4040 ἐπὶ

2323 4082 2496 4140 πάσης
2553 4078 2758 4140 ἐντολῆς
2823 4077 3066 4138 πολλάκις
3123 4077 3478 4137 ἀπαντήσεταί
3530 4096 3614 4130 σοι
3674 4075 3790 4149 βία,
3837 4082 3926 4129 καὶ

2327 4167 2577 4241 βιωτικὸς
2642 4163 2900 4233 κίνδυνος,
2959 4172 3049 4219 καὶ
3117 4167 3159 4220 εἰ
3217 4172 3288 4240 μη
3346 4173 3623 4238 πανταχοῦ
3695 4164 3924 4238 βιαιοτέ-

2324 4276 2418 4332 ραν
2446 4261 2665 4330 νομίσῃς
2703 4261 2797 4314 τήν
2830 4258 2968 4309 θείαν
3013 4255 3241 4325 ἐντολὴν,
3279 4257 3593 4328 οἰχήσονταί
3625 4274 3709 4308 σοι
3758 4261 3926 4308 πᾶσαι

2323 4351 2466 4399 κεναὶ
2513 4349 2602 4398 καὶ
2647 4347 2927 4419 ἄπρακτοι.
2977 4350 3179 4420 Προιὼν
3226 4349 3328 4422 γὰρ
3386 4341 3522 4398 εἶπεν
3552 4345 3577 4396 6
3610 4347 3814 4419 Κύριος,
3846 4346 3925 4396 ὅτι

2324 4439 2517 4494 Βιαστή
2574 4433 2714 4488 ἔστιν
2773 4438 2801 4493 ἡ
2866 4434 3113 4508 βασιλεία
3168 4442 3260 4487 τοῦ
3332 4441 3485 4499 Θεοῦ,
3549 4437 3639 4485 καὶ
3698 4431 3923 4506 βιασταὶ

2327 4524 2658 4600 ἁρπάζουσιν
2688 4525 2868 4582 αὐτήν,

2395 4616 2686 4667 Ἠκούσατε
2739 4645 2810 4655 -—
2857 4621 3084 4688 πονηρῷ.
3147 4615 3286 4676 Τινὲς
3341 4617 3630 4687 μέμφονται
3682 4620 3754 4684 τῷ
3825 4631 3922 4665 πα-

2327 4705 2454 4774 λαιῷ
2503 4708 2663 4777 νόμῳ,
2722 4703 2975 4757 κελεύοντι
3026 4703 3286 4776 ὀφθαλμὸν
3341 4702 3455 4756 ἀντὶ
3499 4701 3764 4775 ὀφθαλμοῦ
3831 4704 3919 4753 καὶ

2374 4884 2395 4919 ο
2425 4881 2633 4941 Matth.
2663 4897 2742 4949 x1,
2777 4882 2865 4941 12.

1759 5058 1986 5129 Variae
2046 5059 2377 5131 lectiones
2410 5071 2480 5132 et
2518 5070 2720 5130 notae.

636 5260 753 5332 (79)
786 5259 922 5328 ἐστί,
949 5256 1117 5314 addit
1145 5257 1211 5311 A.

635 5409 719 5480 (ὁ)
752 5408 997 5485 Duobus
1035 5407 1346 5485 vocabulis
1414 5409 1716 5485 expressit
1748 5409 2054 5485 λαίμαργοι.
2101 5413 2216 5468 Nec

561 5478 767 5538 tamen
793 5479 935 5534 mihi
989 5478 1295 5551 probabile
1347 5485 1449 5543 est,
1492 5478 1613 5534 duo
1639 5478 1922 5536 fuisse'in'
1953 5478 2207 5538 'Graaco.

564 5557 677 5610 Nec
747 5549 1081 5625 proximum
1135 5549 1380 5625 6:71-5:69);
1432 5551 1703 5608 sollicito.
1782 5554 2046 5620 Ἀπειθὴς,
2118 5555 2221 5625 qui

565 5623 1020 5697 difﬁcultersibi
1036 5623 1382 5694 persuaderi
1389 5625 1645 5694 patitur.
1671 5626 1799 5680 Non
1811 5639 1952 5696 ergo
1966 5623 2228 5696 opus—est

2331 5409 2518 5467 altero
2549 5409 2793 5469 ἄπιστοι.

2397 5481 2472 5553 (c)
2509 5481 2840 5552 Infantiam
2871 5499 3026 5540 more
3069 5483 3397 5540 viventibus
3444 5483 3554 5539 Sed
3591 5483 3936 5551 νηπιάζοντες

2326 5559 2383 5610 et
2412 5559 2588 5613 νήπιοι
2618 5569 2742 5610 non
2769 5553 3074 5612 differunt.
