4206 6310
317 313 423 370 221

1319 318 1690 377 COMMENT.
1741 319 1811 375 IN
1848 319 2293 380 MATTH/EUM.
2331 355 2400 366 —
2439 325 2597 385 CAP.
2648 325 2724 387 V.

3575 330 3680 384 222

325 437 518 493 ὀδόντα
562 441 677 492 οίντὶ
735 437 950 506 ὀδόντος
1001 443 1278 513 ἒκϐὰλλειν,
1310 450 1400 498 καὶ
1450 445 1735 519 ἀσυμαθιῖις
1787 449 1924 499 κατὰ

2053 464 2102 504 ιο
2133 449 2371 506 dentem
2399 467 2507 523 pro
2543 452 2713 510 dente
2745 448 2968 521 eruere,
3004 461 3060 514 et
3099 458 3224 513 sine
3266 455 3688 528 compassione

327 538 414 583 τοῦ
463 529 764 592 ἐκϐαλόντος
813 533 1075 607 ὀφθαλμὸν
1116 536 1145 593 ἢ
1179 532 1370 588 ὀδόντα
1407 539 1546 596 τινὸς
1590 541 1684 594 τὴν
1737 556 1920 588 ταυτο-

326 622 541 672 πὰθειαν
607 619 982 694 ἀποφηναμένῳ
1013 643 1025 655 ·
1056 627 1169 676 ἔστι
1219 622 1276 677 δὲ
1345 624 1578 696 μάλιστα
1630 625 1922 699 φιλάνθρω-

327 729 420 769 πος
472 709 623 771 οὗτος
659 712 684 760 6
726 715 902 773 νόμος.
957 720 1118 765 Τοῦτο
1164 717 1262 786 γὰρ
1319 713 1596 782 ἐκέλευσεν,
1655 716 1735 766 ἵνα
1785 715 1922 787 φόϐῳ

324 807 414 859 τῆς
490 801 874 862 ταυτοπαθείας
945 807 1016 874 μή
1098 808 1217 863 τοὺς
1294 802 1524 862 ἀλλήλων
1604 802 1924 856 ἐκκόπτωσιν

323 887 620 961 ὀφθαλμοὺς
685 895 775 943 καὶ
827 887 1044 953 ὀδόντας
1104 894 1153 943 οἱ
1204 895 1320 945 τότε
1375 893 1658 966 ἄνθρωποι,
1718 890 1926 967 σφόδρα

320 978 603 1038 λυττῶντες
647 979 714 1039 εἰς
762 981 854 1040 τὰς
907 979 1017 1032 κατ’
1064 979 1293 1039 ἀλληλὼν
1345 981 1563 1052 πληγάς.
1603 981 1661 1033 εΟ
1698 979 1756 1034 δὲ
1796 990 1923 1054 Χρι-

326 1069 452 1129 στὸς
519 1067 995 1142 φιλανθρωπότερον
1042 1073 1347 1142 νομοθετῶν,
1407 1071 1500 1122 οὐκ
1551 1070 1606 1122 ἐκ
1659 1081 1751 1133 τῆς
1794 1091 1926 1122 ταυ-

324 1159 601 1218 τοπαθείας
650 1156 956 1230 ἀνεχαίτισε
1008 1161 1074 1211 τὰ
1125 1167 1361 1224 τοιαῦτα,
1418 1159 1528 1211 ἀλλ’
1576 1159 1631 1212 ἐκ
1679 1169 1774 1221 τῆς
1810 1160 1923 1233 μελ-

330 1244 523 1306 λούσης
569 1246 848 1310 κολάσεως.
897 1248 1128 1322 Εἰρηκώς
1165 1252 1265 1322 γὰρ
1301 1252 1349 1301 ὲν
1397 1257 1502 1310 τοῖς
1552 1249 1923 1324 προλαϐοῦσιν,

333 1337 414 1388 ὅτι
452 1343 540 1397 Ὂς
579 1332 630 1388 δ’
677 1335 736 1388 ἂν
770 1340 885 1409 εἴπῃ
939 1345 1009 1408 τῷ
1059 1335 1263 1410 ἀδελφῷ
1315 1338 1690 1413 αὐτοῡ,Μωρε,
1746 1342 1927 1410 ἔνοχος

334 1427 485 1478 ἔσται
543 1425 614 1486 εἰς
686 1431 778 1484 τὴν
841 1431 1043 1498 γέενναν
1104 1434 1196 1479 τοῦ
1260 1431 1444 1500 πυρός,
1508 1424 1707 1480 δέδωκε
1775 1435 1924 1495 νοεῖν,

333 1517 414 1568 ὅτι
445 1517 470 1566 ὁ
501 1515 699 1578 πλήξας
749 1519 925 1587 μεῖζον
979 1519 1428 1588 τιμωρηθήσεται,
1475 1519 1500 1568 6
1547 1513 1606 1569 δὲ
1656 1523 1926 1591 πηρώσας,

336 1606 410 1656 ἔτι
435 1603 624 1658 πλεῖον.
655 1604 805 1657 Ὅθεν
859 1604 1089 1658 ἓκελευσε
1120 1611 1192 1676 μὴ
1240 1605 1547 1665 ἀντιστῆναι
1594 1614 1667 1658 τῶ
1698 1614 1925 1679 πονηρῷ.

1815 1692 1931 1747 ὁδε

337 1697 569 1768 Πονηρόν
619 1690 676 1746 δε
702 1701 807 1760 νῦν,
853 1697 982 1756 τινες
1031 1697 1120 1766 μὲν
1164 1698 1250 1746 τὸν
1284 1694 1549 1756 πλήξαντα
1584 1693 1722 1747 εἷπον
1759 1717 1770 1728 ·

2033 544 2240 595 contra
2283 557 2420 595 eum
2467 542 2569 612 qui
2611 543 2850 600 oculum
2906 551 3009 602 aut
3057 547 3296 603 dentem
3343 544 3690 616 quempiam

2034 628 2204 696 eruit,
2231 628 2505 684 eamdem
2531 631 2894 689 denuntianti
2913 635 3336 692 calamitatem.
3369 634 3463 690 Est
3486 635 3688 689 autem

2033 715 2159 771 haec
2191 716 2284 770 lex
2315 717 2543 773 homini
2578 721 2836 777 maxime
2867 723 3080 779 amica.
3113 724 3174 778 Id
3201 725 3360 779 enim
3386 724 3484 794 jus
3499 722 3589 786 sit,
3629 725 3692 776 ut

2035 805 2246 860 timore
2279 806 2488 862 similis
2539 808 2875 865 afﬂictionis
2910 817 3206 876 caverent,
3260 828 3335 867 ne
3368 812 3523 868 illius
3549 815 3695 866 tem-

2033 895 2195 964 poris
2221 895 2492 950 homines
2520 899 2622 968 qui
2653 899 2730 953 ad
2758 898 2966 970 plagas
2987 907 3192 955 mutuo
3214 901 3554 956 inferendas
3581 916 3690 956 an-

2033 982 2316 1039 helabant
2349 985 2552 1040 oculos
2580 992 2682 1041 aut
2716 987 2924 1043 dentes
2959 989 3071 1044 sibi
3104 990 3358 1045 invicem
3394 992 3685 1044 eruerent.

2039 1072 2295 1128 Christus
2333 1079 2529 1130 autem
2560 1076 2787 1132 homini
2825 1077 3274 1134 benevolentior
3300 1095 3487 1150 quam
3518 1078 3693 1146 legis-

2035 1161 2206 1225 lator,
2226 1162 2574 1232 hujusuzodi
2597 1165 2758 1221 mala
2781 1181 2900 1221 non
2925 1167 3137 1222 similis
3153 1173 3308 1222 metu
3323 1166 3662 1222 afﬂictionis
3679 1208 3692 1231 ,

2039 1250 2142 1305 sed
2164 1250 2369 1306 futura}
2385 1253 2784 1309 damnationis
2809 1254 3016 1310 timore
3038 1255 3339 1311 dissuasit.
3363 1256 3509 1309 Cum
3529 1253 3690 1310 enim

2039 1339 2099 1394 in
2127 1341 2595 1411 praecedentibus
2633 1343 2834 1399 dixerit
2864 1344 3026 1416 quod
3053 1345 3128 1416 (ἀ)
3157 1344 3501 1416 quicunque
3532 1343 3696 1398 dixe-

2040 1429 2109 1484 rit
2136 1429 2297 1486 fratri
2326 1447 2455 1494 suo,
2474 1433 2672 1496 Fatue,
2691 1447 2826 1487 reus
2849 1433 2955 1488 erit
2971 1433 3258 1504 gehennaa
3281 1432 3435 1503 ignis
3461 1449 3472 1486 :
3505 1430 3695 1487 mani-

2040 1517 2180 1572 feste
2203 1518 2394 1574 innuit
2423 1535 2562 1573 eum
2587 1521 2688 1591 qui
2717 1521 3066 1585 verberaret,
3105 1522 3238 1592 plus
3260 1539 3298 1593 q
3317 1538 3455 1578 nam
3479 1521 3700 1592 desipe-

2039 1621 2101 1660 re
2125 1607 2218 1678 (e),
2246 1607 2347 1678 qui
2367 1612 2559 1662 autem
2583 1608 2851 1664 membro
2874 1610 3192 1677 mutilaret,
3213 1611 3413 1667 adhuc
3436 1609 3696 1681 amplius

2040 1695 2135 1765 (Γ).
2185 1696 2344 1750 Unde
2377 1695 2551 1764 jussit
2582 1712 2702 1751 non
2749 1698 3020 1753 resistere
3066 1698 3244 1754 malo.
3293 1698 3508 1754 Malum
3555 1713 3690 1753 vero

341 1787 722 1854 Χρυσόστομος
751 1783 864 1853 (80)
897 1787 982 1834 τὸν
1023 1779 1265 1835 διάϐολον
1297 1787 1486 1858 εἴρηκε.
1519 1791 1682 1836 Τοῦτο
1713 1780 1773 1836 δὲ
1799 1781 1930 1836 εἶπεν

2053 1783 2287 1855 quidam
2313 1783 2409 1838 hic
2436 1784 2601 1840 illum
2627 1785 2924 1851 dixerunt,
2953 1787 3060 1859 qui
3085 1787 3480 1843 verberasset.
3514 1786 3696 1858 Chry-

342 1873 368 1922 6
429 1875 678 1943 Χριστός,
754 1868 1042 1940 διδάσκων,
1121 1874 1201 1924 ὅτι
1265 1874 1459 1925 ἐκείνου
1534 1873 1930 1947 παροξύναντος,

340 1967 510 2012 ταῦτα
559 1959 831 2033 ἐτολμήθη,
881 1967 970 2012 καὶ
1015 1961 1100 2014 ἐπὶ
1142 1970 1325 2014 τοῦτον
1376 1964 1624 2034 μεθιστὰς
1653 1965 1739 2014 τόν
1775 1964 1933 2034 θυμὸν

341 2058 432 2103 τοῦ
483 2052 810 2118 πεπονθότος,
853 2050 1188 2123 ἀγριούμενον
1237 2053 1372 2102 κατὰ
1418 2059 1510 2103 τοῦ
1562 2051 1929 2124 τολμήσαντος.

340 2143 404 2192 Τί
435 2135 520 2190 οὖν
549 2157 566 2209 ς
598 2139 671 2190 Οὐ
717 2136 800 2190 δεῖ
841 2138 1146 2199 ἀντιστῆναι
1194 2148 1265 2210 τῷ
1316 2137 1544 2211 διαϐόλῳ
1587 2157 1600 2207 ;
1633 2146 1736 2192 Ναί
1765 2158 1776 2170 '
1812 2140 1937 2192 ἀλλά

341 2233 413 2301 μὴ
462 2227 508 2279 ἐν
559 2236 630 2298 τῷ
673 2227 959 2300 ἀμύνεσθαι
1016 2233 1102 2280 τόν
1160 2226 1379 2301 ἀδελφόν
1411 2244 1426 2259 ⁹
1460 2233 1654 2286 ταύτην
1697 2232 1795 2303 γὰρ
1844 2235 1937 2288 τήν

341 2316 649 2369 ἀντίστασιν
721 2317 974 2370 ἐκώλυσεν
1007 2335 1018 2347 ’
1056 2317 1160 2370 ἀλλ’
1231 2317 1278 2369 ἐν
1336 2327 1408 2389 τῷ
1474 2321 1824 2392 μακροθυμεῖν
1886 2338 1939 2370 τε

337 2412 429 2459 καὶ
475 2408 762 2478 ὑπομένειν.
812 2407 886 2459 Οὐ
933 2411 1034 2481 γὰρ
1093 2409 1238 2479 θυμῷ
1290 2407 1560 2460 σϐέννυται
1613 2410 1791 2479 θυμὸς,
1840 2407 1940 2460 ὣσ-

341 2515 435 2569 περ
485 2493 608 2548 οὐδὲ
658 2501 806 2569 πυρὶ,
841 2504 943 2570 πῦρ
984 2514 995 2525 ·
1040 2495 1166 2549 ἀλλά
1213 2500 1277 2549 τά
1321 2496 1529 2550 ’ἐναντία
1563 2502 1794 2568 γίνονται
1842 2505 1939 2549 τῶν

346 2584 581 2637 ἐναντίων
620 2585 835 2657 ἰάματα.

418 2763 548 2816 Ἀλλ’
587 2793 656 2804 —-
707 2762 889 2822 οἴλλην,
959 2763 1180 2830 Κελεύει,
1259 2769 1330 2836 μὴ
1399 2768 1550 2836 μόνον
1613 2769 1684 2838 μὴ
1756 2764 1942 2838 ἀμύνε-

347 2854 494 2918 σθαι,
538 2851 666 2904 ἀλλά
713 2857 803 2904 καὶ
853 2851 1042 2924 μᾶλλον
1096 2852 1409 2925 ἐμπαρέχειν
1467 2853 1646 2906 ἑαυτὸν
1698 2861 1769 2925 τῷ
1823 2857 1942 2906 παί-

345 2962 475 3006 οντι,
538 2946 628 2994 καὶ
687 2939 779 2994 διὰ
835 2950 928 3003 τῆς
1002 2940 1328 3004 ἀνεξικακίας
1400 2948 1486 2994 καὶ
1549 2942 1946 3015 μεγαλοψυχίας

348 3030 672 3083 ἀναστέλλειν
730 3030 905 3085 αὐτόν.
978 3031 1176 3083 Βλέπων
1232 3034 1330 3104 γὰρ
1387 3039 1554 3084 ταῦτα
1613 3031 1822 3101 ἐκεῖνος,
1887 3031 1946 3083 οὐ

2043 1877 2340 1928 sostomus
2373 1889 2510 1928 vero
2531 1874 2842 1930 diabolum
2868 1876 3155 1946 intelligit.
3187 1879 3304 1932 Hoc
3326 1881 3520 1932 autem
3546 1875 3694 1932 dixit

2043 1961 2326 2032 Christus,
2360 1961 2581 2016 docens
2611 1963 2775 2034 quod
2812 1979 2882 2019 eo
2913 1964 3229 2033 instigante
3257 1964 3381 2019 haec
3413 1967 3702 2020 attentata

2045 2056 2202 2117 sunt,
2237 2056 2290 2106 et
2319 2051 2378 2106 in
2423 2051 2581 2106 hunc
2624 2052 2946 2108 transmisit
2972 2054 3123 2108 iram
3159 2053 3310 2123 ejus,
3345 2053 3442 2124 qui
3482 2052 3702 2122 injuria

2045 2138 2291 2194 affectus
2322 2142 2428 2202 est,
2475 2146 2890 2210 exasperatam
2930 2140 3219 2196 adversus
3247 2157 3386 2196 eum
3417 2140 3521 2212 qui
3575 2141 3702 2194 haec

2046 2244 2230 2283 ausus
2275 2227 2479 2282 fuerat.
2522 2228 2664 2293 Quid
2710 2244 2852 2297 ergo
2881 2229 2907 2283 ?
2939 2245 3128 2300 neque
3167 2229 3401 2284 diabolo
3432 2229 3700 2284 resistere

2044 2317 2239 2372 licebit
2277 2317 2304 2372 ?
2340 2318 2569 2389 Utique,
2617 2316 2723 2371 sed
2755 2333 2874 2372 non
2905 2317 3246 2374 ulciscendo
3281 2319 3454 2373 fratre
3491 2335 3504 2383 ;
3542 2318 3702 2373 hanc

2047 2407 2204 2461 enim
2242 2406 2634 2461 resistentiam
2677 2406 2997 2477 prohibuit,
3040 2406 3146 2461 scd
3189 2407 3248 2462 in
3301 2407 3584 2477 patiendo
3634 2421 3702 2461 ac

2047 2494 2635 2566 sustinendo.Neque
2667 2495 2825 2550 enim
2858 2511 2962 2566 per
2991 2496 3140 2550 iram
3171 2495 3533 2564 extinguitur
3562 2495 3651 2552 ira
3687 2511 3700 2551 :

2051 2584 2205 2639 sicut
2233 2599 2341 2638 nec
2372 2584 2526 2652 ignis
2557 2583 2706 2652 igni,
2741 2584 2846 2638 sed
2873 2585 3168 2640 contraria
3192 2583 3341 2640 ﬁunt
3370 2583 3680 2640 contrariis

2051 2672 2512 2728 medicamenta.

2122 2763 2278 2816 Vers.
2319 2762 2407 2816 39.
2452 2761 2560 2816 Sed
2588 2792 2656 2801 —
2713 2762 2980 2818 alteram.
3025 2761 3199 2818 Jubet
3241 2769 3302 2817 ut
3343 2768 3470 2817 non
3511 2759 3706 2816 solum

2052 2867 2173 2908 non
2206 2851 2594 2907 vindicemus.
2643 2852 2747 2906 sed
2779 2851 3005 2923 potius,
3039 2856 3103 2907 ut
3133 2867 3242 2906 nos
3273 2851 3434 2922 ipsos
3463 2849 3709 2906 czrdenti

2052 2941 2444 3014 praebeamus,
2478 2947 2534 2997 et
2562 2957 2660 3013 per
2691 2940 3013 3012 patientem
3043 2957 3113 2996 ac
3144 2940 3709 3011 magnanimitatem

2054 3031 2252 3102 ipsum
2284 3031 2667 3086 refrenemus.
2706 3031 2837 3085 Haec
2867 3029 3026 3084 enim
3058 3028 3153 3085 ille
3186 3029 3417 3093 videns,
3452 3043 3574 3084 non
3610 3044 3710 3084 so-

344 3125 502 3193 μόνον
548 3120 641 3172 οὐκ
672 3118 844 3182 ἐπάξει
886 3119 1091 3191 πληγὴν
1140 3117 1403 3195 δευτέραν,
1461 3119 1588 3173 ἀλλά
1627 3125 1718 3174 καὶ
1769 3120 1851 3173 ἐπὶ
1882 3128 1939 3193 τῇ

2053 3118 2179 3174 lum
2233 3134 2353 3174 non
2400 3117 2627 3187 inﬂiget
2664 3118 2901 3190 plagam
2943 3118 3210 3182 alteram,
3246 3117 3354 3173 sed
3397 3117 3471 3172 de
3515 3117 3710 3187 prima

344 3215 529 3284 πρώτῃ
598 3208 1030 3282 μεταμελήσεται,
1108 3215 1197 3262 καὶ
1249 3209 1702 3282 καταλλαγήσεται
1744 3231 1756 3243 ο
1801 3210 1947 3261 ἀντι-

348 3297 584 3373 δρῶντος
639 3295 699 3350 δέ
749 3317 865 3367 σου,
911 3297 1100 3369 μᾶλλον
1149 3297 1495 3370 ἐξαφθήσεται
1538 3304 1628 3351 καὶ
1682 3298 1948 3372 ἀγριωθή-

350 3407 516 3442 σεται.

423 3481 524 3529 Καὶ
580 3473 745 3546 διατί,
823 3474 1016 3528 πολλῶν
1080 3479 1233 3527 ὄντων
1309 3476 1470 3549 μελῶν
1523 3484 1615 3528 τοῦ
1686 3483 1946 3549 σώματος,

347 3571 468 3640 περὶ
514 3571 672 3638 μόνου
727 3572 819 3617 τοῦ
880 3564 1144 3636 ὀφθαλμοῦ
1198 3570 1285 3618 καὶ
1328 3573 1418 3617 τοῦ
1467 3562 1680 3628 ὀδόντος
1718 3563 1949 3618 διελαϐεν

350 3657 376 3707 6
433 3659 628 3728 νόμος;
672 3658 810 3706 Διότι
863 3656 1000 3706 κατά
1060 3657 1250 3706 τούτων
1316 3654 1548 3726 μάλιστα
1619 3663 1719 3707 τῶν
1784 3664 1950 3730 μερῶν

355 3745 598 3797 εἰώθασιν
646 3747 851 3814 ἐπάγειν
895 3745 989 3803 τὰς
1027 3742 1231 3814 πληγὰς
1275 3745 1323 3794 οἱ
1361 3748 1676 3817 μαχόμενοι,
1721 3747 1790 3806 ὡς
1821 3743 1947 3816 ἀφυ-

356 3832 558 3884 λάκτων
609 3837 696 3884 καὶ
740 3837 1036 3907 προχείρων
1110 3835 1198 3883 καὶ
1265 3829 1460 3906 ῥᾳδίως
1536 3833 1952 3907 τραυμάτιζομέ-

360 3941 477 3976 νων.
532 3919 589 3972 Ὀ
642 3917 689 3973 δ’
745 3921 825 3974 ἐπὶ
900 3924 1101 3982 τούτοις
1158 3925 1313 3993 νόμος
1384 3926 1473 3973 καὶ
1531 3919 1613 3973 ἐπὶ
1664 3922 1833 3973 πάντα
1886 3923 1952 3973 τὰ

357 4010 515 4062 λοιπά
543 4007 814 4062 ἐκτείνεται
863 4009 1010 4083 μέλη.
1056 4015 1156 4062 Καὶ
1187 4011 1217 4068 ἡ
1257 4006 1406 4072 δεξιά
1458 4006 1516 4062 δὲ
1573 4014 1768 4081 σιαγὼν
1822 4014 1951 4082 πρό-

357 4119 538 4172 χειρος
597 4099 666 4160 εἰς
749 4098 920 4173 ὕϐριν,
1003 4095 1448 4172 ἐπιτηδειότερον,
1493 4098 1823 4171 ἐμπίπτουσα
1887 4107 1948 4171 τῇ

359 4186 506 4259 δεξιᾷ
534 4193 680 4262 χειρὶ
727 4196 818 4240 τοῦ
866 4187 1192 4262 ὑϐρίζοντος.
1237 4193 1336 4240 Καὶ
1386 4190 1414 4246 ἡ
1450 4186 1533 4242 ἐπὶ
1579 4190 1741 4261 ταύτῃ
1775 4187 1948 4246 ἐντολὴ

355 4283 449 4331 καὶ
487 4276 570 4331 ἐπὶ
601 4279 664 4330 τὰ
690 4277 848 4330 λοιπά
878 4279 1063 4350 ὁμοίως
1093 4273 1286 4334 διήκει.

2055 3225 2297 3281 quoque
2328 3209 2632 3280 resipiscat
2654 3225 2721 3264 ac
2752 3207 3229 3264 reconciliabitur
3258 3225 3268 3262 :
3299 3207 3465 3279 quod
3495 3206 3543 3261 si
3595 3221 3713 3261 res-

2057 3299 2260 3364 titeris,
2289 3299 2638 3354 accendetur
2664 3299 2860 3368 magis
2887 3301 2944 3353 et
2973 3295 3442 3369 exasperabitur.

2129 3477 2320 3542 Quare
2351 3478 2565 3539 autem,
2601 3489 2738 3529 cum
2774 3471 2958 3530 multa
2992 3472 3107 3528 sint
3131 3472 3394 3544 corporis
3420 3471 3713 3538 membra,

2057 3566 2126 3621 de
2157 3565 2284 3621 solo
2315 3563 2490 3620 oculo
2521 3579 2590 3618 ac
2636 3564 2811 3618 dente
2858 3562 3130 3618 distinxit
3159 3562 3231 3633 (g)
3262 3562 3356 3616 lex
3387 3563 3415 3618 ‘2‘
3446 3561 3597 3627 Quia
3626 3561 3717 3616 his

2056 3654 2354 3728 praecipue
2377 3652 2648 3724 partibus
2676 3651 2867 3706 solent
2887 3658 3222 3723 pugnantes
3249 3651 3458 3722 plagas
3479 3651 3714 3715 inferre,

2057 3749 2259 3816 utpote
2290 3743 2486 3798 minus
2519 3742 2785 3804 servatis,
2831 3755 3087 3812 quasque
3119 3740 3311 3808 magis
3342 3740 3401 3794 in
3433 3744 3719 3810 promptu

2058 3839 2215 3900 sunt,
2248 3848 2318 3887 ac
2347 3830 2574 3886 facilius
2625 3828 3030 3883 vulnerantur.
3074 3829 3177 3883 Per
3222 3828 3348 3882 haec
3393 3833 3593 3883 autem
3641 3827 3720 3882 ad

2057 3927 2269 3977 caetera
2293 3935 2530 3992 quoque
2549 3917 2820 3973 membra
2844 3916 2938 3972 lex
2959 3916 3313 3971 extenditur.
3337 3917 3552 3971 Dextra
3574 3931 3721 3986 quo-

2057 4027 2173 4083 que
2204 4008 2443 4066 maxilla
2487 4006 2748 4063 maxime
2788 4005 3006 4062 idonea
3053 4009 3142 4060 est
3181 4005 3258 4060 ad
3304 4004 3720 4060 sustinendam

2057 4101 2340 4172 injuriam
2378 4113 2514 4170 quae
2560 4101 2616 4152 et
2645 4095 3023 4151 commodius
3062 4094 3340 4166 pulsatur
3370 4110 3550 4150 manu
3581 4094 3722 4149 dex-

2059 4196 2148 4245 tra
2185 4187 2464 4259 injuriam
2505 4185 2826 4254 irrogantis
2878 4201 2889 4238 :
2941 4188 2995 4240 et
3043 4184 3117 4240 de
3165 4184 3278 4240 hac
3327 4188 3410 4239 est
3459 4199 3718 4255 praecep-

2059 4286 2186 4336 tum
2212 4277 2374 4350 quod
2405 4275 2584 4331 etiam
2620 4273 2698 4330 ad
2725 4273 2954 4346 reliqua
2984 4273 3257 4329 membra
3288 4272 3554 4328 similiter
3591 4288 3719 4344 per-

2063 4367 2261 4436 tingit.

426 4461 531 4510 Ku‘t
578 4465 650 4527 τῷ
680 4486 749 4498 -
792 4457 1014 4528 ἱμάτιον.
1076 4455 1317 4508 Βουλεταί
1375 4475 1432 4507 σε
1481 4460 1576 4514 τὴν
1629 4454 1939 4517 ἀνεξικακίαπ

2133 4456 2296 4510 Vers.
2346 4455 2434 4510 40.
2476 4454 2551 4508 Ει
2577 4485 2645 4493 ——
2675 4453 2942 4522 pallium.
2982 4451 3117 4506 Vult
3147 4455 3209 4506 ut
3232 4450 3602 4507 tolerantiam
3647 4466 3715 4506 ac

348 4552 443 4599 xui.
474 4544 880 4618 μεγαλοψυχίαν
932 4547 1145 4615 ταύτην,
1200 4548 1269 4616 μή
1323 4548 1474 4616 μόνον
1515 4547 1600 4596 ἐπὶ
1629 4543 1839 4616 πληγῶν
1865 4549 1955 4596 καὶ

350 4635 571 4710 ὕϐρεων,
638 4634 768 4686 ἀλλὰ
847 4638 936 4686 καὶ
994 4632 1076 4686 ἐπὶ

351 4726 706 4798 παρέχεσθαι.
747 4723 806 4774 Ὀ
834 4725 934 4796 γὰρ
976 4727 1091 4798 περὶ
1123 4730 1214 4774 τοῦ
1245 4729 1472 4794 χιτῶνος
1508 4721 1678 4793 λόγος,
1730 4724 1794 4781 ὡς
1823 4741 1956 4793 προ-

349 4818 540 4886 χείρου
571 4813 642 4875 εἰς
671 4816 730 4864 τὸ
763 4811 1116 4887 ἀφαιρεῖσθαι,
1151 4817 1241 4864 καὶ
1270 4810 1353 4863 ἐπὶ
1383 4818 1551 4863 ταῦτα
1583 4807 1616 4862 δ
1623 4816 1780 4869 ιήκει.
1823 4815 1959 4868 Φησὶ

347 4905 475 4974 γὰρ,
529 4903 611 4955 ὃτι
653 4908 754 4974 Τῷ.
789 4901 979 4972 θέλοντί
1048 4920 1131 4954 σοι
1185 4898 1515 4954 δικάσασθαι
1566 4905 1655 4953 καὶ
1717 4903 1804 4951 τόν
1863 4921 1960 4971 χιε-

1155 4635 1430 4706 κτημάτων
1499 4639 1590 4684 καὶ
1667 4635 1955 4706 χρημάτων

350 4993 492 5044 τῶνά
550 5011 644 5042 σου
712 4989 902 5058 λαϐεῖν,
965 4991 1086 5063 ἄφες
1146 4990 1286 5061 αὐτῷ
1344 4996 1432 5043 καὶ
1490 4993 1546 5041 τό
1596 4991 1818 5062 ἱμάτιον,
1871 4993 1959 5041 καὶ

351 5086 570 5138 νίκησον
606 5085 695 5138 τήν
750 5080 908 5132 αὐτοῦ
967 5079 1276 5145 πλεονεξίαν,
1328 5083 1398 5152 μή
1455 5083 1608 5152 μόνον
1646 5086 1708 5150 τῇ
1741 5077 1961 5149 ἑκουσίῳ

2065 4543 2621 4614 magnanimitatem
2670 4542 2827 4597 hanc
2869 4556 2989 4596 non
3033 4539 3112 4596 ad
3158 4539 3369 4611 plagas
3417 4539 3611 4594 solum
3667 4541 3727 4593 et

2066 4634 2334 4704 injurias,
2388 4632 2491 4687 sed
2531 4631 2611 4687 ad
2657 4630 3072 4702 possessiones
3127 4644 3364 4699 quoque
3404 4627 3713 4698 praebeas:

2067 4722 2144 4779 ad
2179 4721 2297 4776 ista
2340 4735 2558 4791 nempe
2599 4716 2880 4790 pertingit
2925 4717 3104 4771 etiam
3142 4731 3360 4779 sermo,
3401 4715 3506 4785 qui
3549 4715 3614 4769 fit
3647 4715 3722 4769 de

2069 4811 2284 4874 tunica,
2304 4813 2505 4880 utpote
2530 4803 2927 4862 commodiori
2941 4809 3004 4859 ut
3017 4803 3342 4860 auferatur:
3364 4801 3507 4857 dicit
3529 4801 3689 4856 enim
3711 4816 3724 4854 :

2081 4899 2307 4956 Valenti
2353 4903 2402 4953 te
2452 4897 2514 4952 in
2550 4896 2658 4966 jus
2685 4895 2936 4960 trahere,
2979 4900 3245 4963 tuamque
3282 4890 3520 4960 auferre
3578 4889 3731 4946 tuni-

2068 5003 2215 5055 cam,
2229 4987 2532 5059 relinquas
2550 4985 2718 5042 etiam
2733 4989 2786 5040 et
2805 4981 3076 5051 pallium,
3097 4996 3166 5038 ac
3176 4981 3381 5036 vincas
3407 4977 3562 5035 illius
3587 4995 3727 5036 ava-

2073 5077 2121 5133 ri
2136 5078 2297 5142 tiam,
2324 5092 2442 5131 non
2462 5077 2693 5132 tantum
2708 5071 3053 5129 substantiae
3074 5086 3260 5144 quam
3277 5069 3728 5143 petitcessione,

1579 5256 1801 5326 Variae
1831 5255 2158 5324 lectiones
2195 5261 2262 5321 et
2300 5262 2502 5320 notae.

429 5377 546 5450 (80)
579 5379 619 5433 t.
659 5375 778 5442 vn,
805 5389 865 5447 ρ.
900 5375 1023 5430 234.

432 5530 729 5605 (d)_Miror,
761 5529 1141 5605 interpretem
1167 5530 1248 5605 ᾄτι
1273 5529 1630 5603 expressisse
1660 5545 1766 5602 per
1781 5529 1956 5602 quod,

366 5600 498 5660 cum
521 5603 580 5659 id
613 5603 672 5658 in
709 5600 933 5658 talibus
956 5600 1269 5658 redundet.

432 5679 503 5745 le)
547 5676 687 5733 Plus
711 5689 891 5746 quam
915 5673 1194 5744 desipere.
1217 5673 1509 5742 Severius,
1534 5673 1772 5743 gravius
1789 5673 1960 5744 puni-

2069 5534 2454 5671 tuZI/l)l.§ldhuc
2493 5595 2768 5671 amplius.
2803 5593 2993 5671 Etiam
3019 5593 3295 5671 gravius.

2140 5664 2224 5744 (ῥ’)
2255 5668 2532 5728 Distinxit
2554 5664 2886 5740 separatim
2912 5665 3060 5723 dixit
3089 5664 3378 5737 praecepit.
