4206 6310
521 315 628 372 223

1839 312 2192 370 EUTHYMII
2231 313 2565 375 ZlGABENI

3781 314 3910 370 224

523 456 734 497 verum
773 440 952 496 etiam
982 438 1265 496 addendo
1294 439 1460 513 quod
1489 455 1610 497 non
1642 439 1800 513 petit.
1835 441 1982 498 Cum
2021 439 2180 496 enim

2298 446 2675 517 παραχωρήσει
2702 447 2796 495 τοῦ
2827 445 3230 515 απαιτουμένου,
3263 441 3390 495 ἀλλὰ
3423 447 3512 496 καὶ
3557 449 3620 516 τῇ
3652 444 3908 516 προσθή-

523 530 652 587 hac
695 529 924 594 feceris,
973 528 1062 584 vel
1095 529 1388 602 relinquet
1431 529 1596 602 quod
1646 528 1906 601 petebat,
1955 533 2181 585 tantam

522 620 744 675 veritus
759 618 1150 675 Christianam
1166 623 1330 675 tuam
1347 617 1809 690 philosophiam,
1830 616 1921 674 vel
1934 633 2004 674 eo
2016 618 2180 690 quod

523 708 669 780 petit
711 708 932 773 ablato,
971 723 1089 763 non
1119 708 1361 778 attinget
1400 706 1565 779 quod
1607 722 1727 762 non
1763 705 2004 778 petebat
2031 722 2044 771 ;
2072 704 2183 760 fre-

523 801 770 870 quenter
783 803 982 853 autem
1006 796 1315 852 avaritiam
1341 811 1514 852 suam
1535 795 1870 865 redarguet.
1901 795 1959 852 Si
1983 801 2182 851 autem

524 903 662 943 cum
710 903 781 942 eo
825 887 900 942 ad
937 885 1234 957 judicium
1275 885 1522 957 quidem
1554 901 1674 940 non
1706 884 2048 948 accesseris,
2091 899 2183 938 ve-

522 992 658 1032 rum
707 977 762 1031 id
820 981 1053 1031 tantum
1108 974 1270 1046 quod
1309 975 1448 1045 petit
1499 973 1738 1029 dederis
1793 989 1804 1027 :
1864 972 2031 1045 quod
2079 972 2182 1028 tibi

523 1065 640 1136 ipsi
681 1064 878 1120 solum
926 1062 1061 1118 utile
1101 1069 1191 1118 est
1232 1063 1440 1119 fecisti.
1488 1063 1547 1118 Si
1597 1078 1737 1118 vero
1787 1061 2087 1118 addideris
2129 1065 2186 1116 et

524 1153 705 1218 aliud,
753 1153 1020 1209 animam
1060 1169 1300 1225 quoque
1331 1152 1486 1208 illius
1537 1152 1896 1216 lucrifecisti,
1939 1149 2185 1222 duplex-

524 1258 643 1316 que
694 1243 927 1298 bonum
958 1241 1272 1313 perfecisti.
1321 1245 1472 1297 Nam
1520 1247 1577 1297 et
1605 1239 1863 1298 tribunal
1892 1239 2181 1307 devitasti,

526 1336 585 1389 et
613 1331 931 1388 avaritiam
963 1331 1324 1387 convertisti.

597 1421 851 1476 Pallium
883 1420 1128 1492 quidem
1159 1425 1264 1489 est,
1298 1419 1464 1492 quod
1495 1435 1674 1492 super
1695 1419 1841 1476 alias
1865 1422 2059 1475 vestes
2083 1433 2185 1489 ge-

525 1515 778 1578 stamus,
811 1509 1013 1564 tunica
1042 1523 1186 1564 vero
1211 1524 1396 1580 quam
1429 1507 1694 1564 interius.
1731 1508 1956 1580 Saepius
1987 1510 2182 1563 autem

526 1602 552 1653 6
607 1603 774 1673 χιτὼν
829 1602 887 1651 τὸ
955 1601 1156 1670 ἱμάτιον
1222 1598 1435 1653 dicitur
1490 1615 1526 1655 a
1587 1597 1903 1662 contrario,
1969 1597 2028 1652 id
2077 1603 2182 1661 est,

525 1689 727 1748 tunica
751 1688 1020 1760 pallium,
1056 1703 1126 1742 ac
1155 1687 1406 1760 pallium
1439 1687 1660 1744 tunica.
1698 1686 2002 1744 Interdum
2035 1701 2185 1757 quo-

2290 551 2355 604 κη
2389 539 2478 584 τοῦ
2526 536 2596 603 μὴ
2641 531 3041 605 ἀπαιτούμενον
3087 539 3239 585 τοῦτο
3264 533 3366 606 γάρ
3410 551 3504 584 σου
3534 538 3832 596 ποιοῦντος,
3868 532 3903 590 ἢ

2289 620 2590 692 καταλείψει
2627 623 2686 674 τό
2745 620 3142 694 ἀπαιτούμενον,
3201 618 3470 682 αἰδεσθεὶς
3510 625 3604 680 τὴν
3642 620 3909 678 τηλικαύ-

2290 731 2384 769 την
2437 731 2532 764 σου
2591 709 2914 784 φιλοσοφίαν,
2964 712 2994 770 ἢ
3051 715 3110 763 τὸ
3158 709 3532 783 ἀπαιτούμενον
3590 714 3742 783 μόνον
3795 709 3906 762 λα-

2292 800 2414 866 ϐὼν,
2455 801 2560 872 ούχ
2589 799 2780 871 ἅψεται
2809 803 2898 872 μὲν
2938 807 3028 852 τοῦ
3077 805 3146 872 μὴ
3187 799 3588 872 ἀπαιτουμένων,
3619 804 3907 871 καταγνώ-

2293 909 2437 944 σεται
2469 887 2527 943 δὲ
2573 889 2736 943 πολλὰ
2781 898 2876 950 τῆς
2935 889 3120 942 ἑαυτοῦ
3175 889 3481 953 πλεονεξίας,
3546 893 3646 942 Καὶ
3691 889 3735 940 εἰ
3802 891 3907 960 μὶν

2291 982 2363 1050 μη
2400 975 2763 1051 συνδικασθῂς
2793 979 2952 1050 αύτῷ,
2995 978 3122 1031 ἀ).λὰ
3165 976 3364 1052 δώσης,
3397 982 3456 1031 τὸ
3498 985 3718 1031 σεαυτοῦ
3753 997 3908 1050 συμ-

2293 1071 2440 1140 φέρον
2497 1073 2650 1140 μόνον
2711 1066 2978 1128 ἐποίησας’
3038 1067 3083 1120 εἰ
3135 1064 3194 1120 δὲ
3250 1069 3579 1142 προσθήσης,
3649 1069 3907 1120 κάκείνου

2291 1161 2386 1216 τὴν
2429 1157 2610 1229 ψυχὴν
2659 1157 2946 1229 ὠφέλησας,
2989 1153 3329 1210 καὶδιπλοῦν
3384 1155 3578 1228 ἀγαθόν
3609 1159 3907 1231 κατώρθω-

2297 1266 2407 1313 σας,
2450 1246 2606 1308 αύτός
2633 1265 2687 1299 τε
2719 1243 3078 1320 δικαστηρίων
3133 1245 3461 1318 ἀπαλλαγεὶς,
3511 1250 3602 1298 καὶ
3653 1248 3740 1298 τόν
3772 1245 3906 1299 πλε-

2294 1340 2504 1394 ονέκτην
2535 1335 2800 1409 ἐντρέψας.

2363 1424 2586 1497 Ἰμάτιον
2652 1427 2741 1497 μεν
2799 1421 2886 1477 οὖν
2926 1423 3038 1477 ἔστι
3066 1427 3126 1477 τό
3171 1423 3292 1497 παρ’
3324 1425 3448 1496 ἡμῖν
3510 1422 3896 1496 ἑπανωφόριονο

2293 1518 2462 1586 χιτὼν
2513 1511 2592 1583 δε,
2642 1518 2699 1566 1'6
2761 1511 2925 1567 ἔνδον.
2984 1510 3310 1589 Ἀδιαφόρως
3353 1513 3468 1586 (81)
3523 1509 3582 1566 δὲ
3646 1511 3908 1576 πολλάκις

2292 1604 2498 1675 λέγεται
2547 1607 2636 1655 καὶ
2661 1604 2687 1655 6
2718 1609 2883 1674 χιτὼν
2925 1605 3150 1676 ἱμάτιον,
3200 1607 3289 1655 καὶ
3332 1605 3390 1655 τό
3435 1604 3638 1674 ἱμάτιον
3689 1608 3894 1674 χιτών.

2295 1693 2454 1748 Ἐστι
2507 1689 2566 1745 δὲ
2595 1694 2675 1745 ὅτε
2711 1697 2802 1745 καὶ
2847 1694 3018 1746 πὰντα
3062 1700 3299 1764 χιτῶνες,
3345 1696 3434 1745 καὶ
3473 1694 3641 1744 πάντα
3686 1693 3900 1764 ἱμάτια.

525 1795 638 1851 que
677 1778 873 1834 omnis
910 1777 1093 1833 vestis
1133 1793 1292 1832 nunc
1325 1779 1528 1849 ἱμάτιον
1569 1792 1730 1832 nunc
1769 1780 1958 1848 χιτὼν,
2005 1775 2185 1830 modo

2298 1782 2356 1836 Εἰ
2391 1777 2450 1835 δὲ
2493 1783 2519 1834 ό
2573 1788 2780 1844 Λουκᾶς
2833 1801 3010 1855 φησιν,
3061 1783 3140 1834 ὅτι
3187 1780 3313 1834 Ἀπὸ
3365 1788 3458 1833 τοῦ
3514 1785 3748 1852 αἴροντός
3798 1800 3901 1834 σου

523 1867 795 1941 pallium,
857 1866 1041 1922 modo
1090 1866 1294 1922 tunica
1339 1865 1691 1936 appellatur.
1739 1867 1802 1921 Et
1856 1864 1990 1920 licet
2029 1864 2186 1919 dicat

527 1959 714 2014 Lucas
766 1973 780 2011 :
821 1955 911 2010 Ab
950 1971 1014 2012 eo
1055 1955 1158 2026 qui
1205 1955 1404 2024 aufert
1451 1972 1485 2010 a
1537 1962 1590 2011 te
1621 1953 1900 2022 pallium,
1932 1959 1984 2010 et
2040 1953 2189 2009 tuni-

527 2061 654 2102 cam
686 2060 761 2101 ne
786 2043 1095 2114 prohibeas
1133 2045 1176 2109 ⁷,
1206 2041 1370 2100 nulla
1400 2047 1601 2100 tamen
1632 2047 1720 2099 est
1777 2041 2186 2099 contradictio.

527 2139 662 2192 Hzec
700 2135 859 2190 enim
904 2139 1155 2205 utraque
1208 2133 1353 2188 dixit
1401 2132 1664 2188 Christus
1719 2150 1734 2198 ;
1779 2131 1895 2188 hoc
1941 2132 2189 2205 quidem

527 2225 589 2282 in
640 2226 855 2291 monte,
904 2223 1066 2294 quod
1114 2237 1251 2277 vero
1301 2221 1465 2293 apud
1518 2223 1738 2277 Lucam
1797 2225 1904 2287 est,
1970 2221 2029 2276 in
2058 2220 2191 2277 loco

527 2311 868 2385 campestri.
903 2311 1056 2377 Quid
1095 2326 1236 2380 ergo
1267 2310 1296 2366 τ
1325 2310 1559 2367 nudum
1597 2314 1832 2382 oportet
1860 2309 2134 2366 incedere
2163 2309 2191 2367 *ἲ

521 2407 612 2459 An
677 2401 784 2458 tibi
854 2415 1148 2469 magnum
1227 2399 1478 2464 videtur,
1557 2404 1621 2456 ut
1695 2400 1774 2456 ob
1817 2399 2014 2456 fratris
2073 2398 2190 2455 uti-

524 2493 751 2549 litatem
783 2490 982 2546 nudus
1015 2488 1258 2546 incedas
1306 2490 1329 2545 ?
1377 2492 1573 2562 Neque
1614 2493 1814 2546 tamen
1844 2488 1923 2545 ad
1962 2493 2187 2546 tantam

528 2580 794 2655 impellet
822 2579 1327 2636 inhumanitatem
1371 2601 1383 2634 :
1426 2583 1593 2638 tuam
1646 2578 1828 2644 enim,
1855 2582 1918 2634 ut
1964 2578 2190 2634 dictum

531 2676 639 2736 est,
687 2669 990 2726 verebitur
1037 2667 1616 2738 magnanimitatem.

596 2761 765 2816 Vers.
818 2760 906 2814 41.
939 2759 1020 2814 Et
1065 2789 1134 2798 —
1180 2758 1310 2813 duo.
1351 2759 1526 2813 Vetus
1571 2756 1815 2829 quidem
1849 2759 2194 2812 Testamen-

524 2855 654 2907 tum
699 2849 872 2921 juxta
913 2847 1103 2903 solam
1145 2847 1490 2918 gravitatem
1540 2846 1664 2902 vitii
1711 2847 1941 2918 species
1985 2845 2192 2901 distin-

526 2954 736 3010 guens,
808 2937 964 2993 levia
1017 2936 1381 3008 praeteribat.
1437 2935 1700 2991 Christus
1764 2950 1904 2991 vero
1966 2935 2041 2991 de
2097 2935 2191 2990 his

525 3042 771 3102 quoque
809 3026 1001 3097 legem
1043 3025 1190 3091 tulit,
1233 3025 1521 3097 incipiens
1561 3039 1706 3080 sane
1747 3041 1782 3080 a
1821 3023 2101 3095 graviori,
2136 3027 2192 3080 et

525 3117 809 3174 desinens
840 3117 900 3172 in
941 3115 1022 3210 id,
1055 3113 1212 3210 quod
1253 3113 1453 3210 levius
1474 3119 1579 3170 est.
1619 3114 1863 3170 Gravius
1894 3113 2188 3210 siquidem
2224 3153 2264 3210 Ο

526 3212 615 3265 est
655 3205 809 3263 oculi
848 3210 949 3261 aut
986 3203 1182 3259 dentis
1221 3203 1639 3260 excussionem
1674 3203 1814 3275 pati,
1862 3218 2049 3276 quam
2081 3202 2190 3258 viae

525 3297 743 3353 ducem
773 3311 835 3351 se
865 3293 1154 3366 praebere,
1197 3297 1300 3348 aut
1357 3291 1560 3348 cibum
1601 3291 2053 3348 subministrare
2081 3291 2188 3364 (h),

524 3385 737 3441 deinde
781 3385 844 3440 in
879 3382 1185 3439 maxillam
1219 3381 1460 3452 injuria,
1487 3399 1620 3454 quae
1657 3381 1917 3437 maximo
1956 3380 2192 3436 ducitur

525 3473 864 3545 opprobrio,
893 3475 1104 3544 postea
1131 3471 1312 3525 vestis
1343 3469 1566 3525 ablatio
1602 3485 1613 3524 :
1648 3469 1741 3524 his
1768 3474 1968 3525 autem
1999 3469 2189 3524 levius

526 3568 616 3620 est
635 3563 893 3619 violenta
915 3560 1157 3616 coactio.
1185 3558 1712 3624 Quemadmodum
1745 3563 1946 3615 autem
1974 3559 2034 3614 in
2062 3558 2192 3614 aliis

526 3651 857 3708 vexationis
883 3648 1190 3720 speciebus
1237 3664 1375 3704 cum
1405 3647 1817 3704 additamenta
1847 3647 2046 3704 virtuti
2090 3663 2195 3704 va-

526 3756 663 3798 care
710 3740 881 3812 jussit
938 3755 952 3793 :
1013 3739 1098 3795 ita
1154 3741 1211 3794 et
1266 3737 1325 3793 in
1383 3738 1693 3794 coactione
1747 3737 1913 3808 jubet
1959 3737 2194 3793 vincere

524 3829 890 3888 desiderium
916 3829 1066 3901 ejus,
1090 3828 1194 3902 qui
1216 3843 1400 3902 prave
1431 3827 1572 3884 facit
1609 3826 1917 3898 injuriam,
1955 3826 2196 3900 patique

523 3919 783 3992 amplius
833 3935 1021 3992 quam
1065 3918 1161 3975 ille
1208 3917 1402 3975 facere
1444 3916 1708 3973 volebat.
1760 3917 2078 3988 Agnovisti
2134 3915 2196 3971 in

524 4024 776 4081 corpore
793 4007 1023 4080 patibili
1047 4007 1332 4062 insertam
1357 4005 1435 4060 ad
1451 4004 1794 4061 affectiones
1816 4005 2198 4061 immobilita-

527 4102 649 4155 tem
676 4097 704 4152 ?
737 4094 1133 4151 Considerasti
1165 4093 1500 4163 angelicam
1528 4092 1588 4148 in
1630 4092 1979 4147 hominibus
2010 4092 2198 4148 disse-

525 4187 821 4242 minatam
849 4182 1116 4255 politiam
1148 4181 1175 4236 ?
1208 4183 1334 4236 Non
1366 4180 1790 4251 concupiscere
1835 4181 1995 4235 enim
2022 4180 2198 4250 juxta

529 4271 799 4336 affectus,
850 4286 1047 4342 neque
1104 4268 1436 4324 secundum
1490 4267 1968 4340 perturbationes
1997 4268 2194 4339 irasci,

527 4361 773 4420 caelestis
801 4365 940 4416 sunt
963 4359 1202 4431 politiae,
1237 4358 1310 4414 de
1337 4357 1553 4430 quibus
1581 4373 1685 4429 per
1714 4357 1875 4412 dicta
1899 4363 2196 4429 praecepta

526 4448 796 4506 Christus
851 4449 1046 4518 legem
1102 4447 1276 4503 dedit.
1330 4447 1394 4502 In
1449 4462 1520 4503 eo
1583 4446 1747 4519 quod
1803 4446 1978 4516 jussit
2029 4447 2196 4504 fratri

2293 1875 2350 1925 1'6
2425 1871 2647 1944 ἱμάτιον,
2733 1876 2822 1924 καὶ
2904 1874 2991 1924 τόν
3057 1879 3262 1944 χιτῶνα
3330 1875 3402 1944 μὴ
3471 1869 3729 1944 κωλύσῃς,
3794 1870 3900 1922 ούκ

2294 1964 2435 2014 ἔστιν
2480 1959 2856 2032 ἐναντιολογία.
2923 1965 3022 2014 Καὶ
3055 1962 3209 2034 ἄμφω
3263 1963 3364 2035 γὰρ
3415 1961 3482 2012 τὰ
3517 1959 3654 2034 ῥητὰ
3685 1959 3819 2012 εἶπεν
3870 1959 3898 2011 6

2294 2054 2546 2124 Χριστὸς,
2593 2049 2750 2102 ἐκεῖνο
2799 2053 2910 2123 μεν,
2970 2049 3054 2102 ἐπὶ
3092 2057 3182 2103 τοῦ
3224 2051 3395 2123 ὄρους,
3433 2052 3490 2102 1'6
3533 2045 3612 2119 δὲ,
3643 2051 3788 2122 παρὰ
3821 2055 3898 2119 τῷ

2294 2146 2496 2210 Λουκᾶ,
2547 2138 2632 2192 ἐπὶ
2673 2143 2833 2192 τόπου
2886 2135 3124 2196 πεδινοῦ.
3154 2144 3218 2192 Τί
3255 2135 3342 2192 οὖν
3375 2141 3612 2211 ;γυμνόν
3673 2135 3755 2192 δεῖ
3809 2156 3900 2191 πε-

2295 2233 2480 2302 ριιέναι
2513 2245 2527 2296 ;
2559 2232 2695 2300 μέγα
2747 2231 2837 2298 μεν
2896 2224 3003 2295 οὖν,
3062 2231 3121 2280 τό
3190 2225 3264 2281 δι’
3323 2227 3562 2300 ὠφέλειαν
3601 2234 3695 2280 τοῦ
3748 2225 3897 2280 αδελ-

2296 2325 2392 2392 φοῦ
2429 2322 2682 2394 περιιέναι
2704 2321 2897 2390 γυμνόν
2933 2335 2946 2387 ;
2978 2317 3072 2369 ούκ
3110 2318 3171 2370 ἄν
3214 2314 3273 2371 δὲ
3301 2317 3367 2379 εἰς
3395 2319 3660 2375 τοσαύτην
3711 2315 3894 2376 ἐκεῖνος

2297 2409 2666 2482 απανθρωπίαν
2697 2406 2882 2480 ἐλάσῃ,
2917 2405 3270 2476 δυσωπηθεὶς,
3327 2409 3396 2469 ὡς
3426 2409 3651 2481 εἴρηται,
3682 2411 3768 2466 τὴν
3799 2410 3890 2464 σὴν

2297 2496 2698 2570 μεγαλοψυχίαν
2712 2540 2727 2555 .

2370 2761 2471 2811 Καὶ
2527 2757 2674 2817 ὅστις
2734 2787 2802 2796 -
2863 2752 2980 2812 δύο.
3045 2754 3103 2808 Ὀ
3154 2758 3243 2829 μεν
3296 2754 3516 2818 παλαιὸς
3566 2760 3721 2828 νόμος
3776 2759 3894 2829 περὶ

2297 2851 2454 2920 μόνου
2485 2846 2576 2898 τοῦ
2617 2844 2905 2920 βαρυτέρου
2941 2841 3112 2908 εἴδους
3171 2853 3266 2907 τῆς
3294 2851 3571 2906 κακώσεως
3613 2841 3884 2909 διαλαϐὼν,

2296 2939 2364 2990 τὰ
2414 2934 2606 3008 ἐλαφρὰ
2652 2931 3002 3009 παρέδραμεν·
3055 2936 3080 2987 6
3127 2930 3186 2988 δε
3216 2938 3449 3008 Χριστὸς
3494 2938 3583 2987 καὶ
3631 2939 3745 3010 περὶ
3768 2934 3882 2986 τού-

2297 3045 2395 3077 των
2423 3023 2807 3097 ἆνομοθέτησεν,
2837 3022 3120 3098 ἀρξάμενος
3160 3027 3249 3097 μὲν
3291 3023 3392 3078 ἀπὸ
3444 3032 3534 3077 τοῦ
3577 3023 3892 3099 βαρυτέρου,

2298 3113 2593 3176 καταλὴξας
2651 3110 2711 3166 δὲ
2775 3113 2846 3176 εἰς
2912 3116 2970 3165 τὸ
3047 3112 3401 3188 ἐλαφρότερον.
3456 3115 3747 3188 Βαρύτερον
3808 3115 3898 3185 μὶν

2298 3204 2399 3278 γὰρ
2454 3209 2552 3254 τῶν
2615 3201 2796 3268 ἄλλων,
2848 3203 2877 3260 ἠ
2934 3209 3026 3254 τοῦ
3081 3201 3346 3275 ὀφθαλμοῦ
3399 3207 3489 3256 καὶ
3539 3209 3630 3255 τοῦ
3681 3199 3896 3264 ὀδόντος

2301 3291 2491 3350 ἐκκοπή
2520 3311 2533 3325 ·
2561 3298 2652 3344 τοῦ
2727 3293 2817 3363 μεν
2894 3287 3234 3364 όδηγοῦντος,
3305 3299 3396 3344 τοῦ
3470 3288 3529 3345 δὲ
3599 3301 3662 3366 τῇ
3737 3299 3897 3365 τροφῇ

2303 3378 2668 3440 διακονοῦντος
2702 3399 2713 3412 ·
2745 3376 2856 3432 εἶτα
2902 3382 2932 3438 ἡ
2987 3385 3122 3433 κατὰ
3176 3389 3272 3441 τῆς
3327 3385 3568 3453 σιαγόνος
3620 3380 3788 3456 ὕϐρις,
3834 3383 3903 3444 ὡς

2303 3465 2779 3527 ἐπονειδιστοτάτη·
2864 3471 3040 3522 ἔπειτα
3081 3472 3112 3528 ἠ
3169 3477 3259 3523 τοῦ
3325 3479 3554 3542 χιτῶνος
3609 3469 3904 3545 ἀφαίρεσις⁶

2303 3559 2630 3633 ἐλαφρότερον
2681 3555 2739 3611 δε
2799 3561 3015 3626 τούτων,
3068 3560 3097 3617 ἡ
3157 3558 3432 3634 ἀγγαρεία.
3477 3558 3681 3636 Ὠσπερ
3732 3557 3791 3614 δὲ
3817 3559 3904 3613 ἰπὶ

2302 3657 2401 3701 τῶν
2455 3647 2614 3700 ἄλλων
2673 3644 2824 3701 εἰδῶν
2895 3657 2990 3710 τῆς
3061 3655 3340 3712 κακώσεως
3398 3653 3529 3721 μετὰ
3595 3651 3911 3722 προσθήκης

2304 3736 2591 3810 φιλοσοφεῖν
2649 3737 2923 3790 ἐκέλευσεν·
2989 3737 3123 3790 ούτω
3179 3743 3268 3790 καὶ
3325 3738 3410 3791 ἐπὶ
3448 3747 3538 3799 τῆς
3592 3737 3900 3813 ἀγγαρείας,

2305 3832 2394 3880 καὶ
2424 3826 2708 3899 ὑπερϐῆναι
2757 3835 2851 3886 τῆν
2909 3823 3094 3880 ἄδικον
3133 3835 3224 3880 τοῦ
3281 3835 3450 3888 κακῶς
3497 3835 3763 3889 ποιοῦντος
3794 3828 3911 3881 ἕπεο

2308 3919 2518 3990 θυμίαν,
2566 3921 2656 3968 καὶ
2697 3914 2847 3968 πλέον
2905 3917 3102 3982 παθεῖν,
3163 3917 3192 3975 ἣ
3237 3914 3419 3978 ἐκεῖνος
3464 3925 3688 3976 ποιῆσαι
3729 3915 3910 3990 βούλε-

2307 4025 2414 4060 ται.
2455 4001 2606 4066 Εἶδες
2657 4003 2706 4057 ἐν
2757 4010 2958 4077 σώματι
2987 4007 3206 4076 παθητῷ
3247 4010 3590 4079 φυτευομένην
3632 4005 3909 4059 ἀπάθειανο

2307 4098 2628 4154 κατενόησας
2718 4092 2996 4166 ἀγγελικὴν
3108 4095 3389 4160 πολιτείαν,
3481 4093 3530 4146 ἐν
3617 4093 3914 4167 ἀνθρώποις

2308 4186 2805 4255 κατασπειρομένην.
2874 4187 2942 4236 T6
3005 4185 3106 4258 γὰρ
3173 4188 3242 4256 μὴ
3309 4183 3573 4256 ἐπιθυμεῖν
3635 4182 3905 4256 ἐμπαθῶς,

2307 4267 2447 4342 μηδὲ
2489 4273 2783 4343 θυμοῦσθαι
2833 4273 2854 4345 Ι’
2914 4275 3053 4326 κατὰ
3105 4272 3215 4346 (82)
3274 4276 3454 4341 πάθος,
3513 4281 3606 4334 τῆς
3667 4273 3911 4348 ούρανίου

2306 4358 2566 4422 πολιτείας
2610 4360 2757 4427 εἰσὶν,
2810 4361 2844 4413 ἃ
2902 4357 2996 4415 διὰ
3043 4370 3141 4414 τῶν
3197 4361 3472 4435 εἰρημένων
3540 4362 3757 4414 ἐντολῶν
3801 4361 3910 4416 ἕνο-

2305 4451 2589 4522 μοθέτησεν
2642 4453 2667 4502 6
2720 4456 2947 4524 Χριστός
3100 4453 3181 4505 Ἐν
3240 4453 3330 4523 μεν
3381 4453 3481 4527 γὰρ
3536 4459 3609 4523 τῷ
3668 4451 3912 4506 κελεῦσαι

525 4545 746 4597 temere
772 4553 892 4593 non
915 4517 1111 4602 irasci,
1145 4551 1340 4608 neque
1370 4535 1484 4607 ipsi
1533 4517 1750 4601 dicere,
1787 4537 1969 4603 Raca,
2004 4551 2191 4609 neque

2304 4517 2374 4612 μὴ
2436 4517 2872 4613 ὀργίζεσθαι-τῷ
2930 4517 3136 4612 ἀδελφῷ
3197 4517 3329 4607 εἰκῆ,
3386 4517 3526 4614 μηδὲ
3563 4517 3725 4612 λέγειν
3769 4541 3910 4614 αύτῷ

530 4629 766 4685 fatuum
789 4627 951 4683 hunc
975 4625 1296 4698 appellare,
1317 4640 1530 4698 ,neque
1575 4626 1694 4682 Deo
1733 4641 1955 4681 munus
1980 4625 2192 4684 offerre

528 4722 667 4776 ante
697 4715 1236 4774 reconciliationem
1254 4730 1397 4786 erga
1425 4713 1692 4781 fratrem,
1729 4730 1800 4772 ac
1829 4714 2191 4772 benevolum

531 4825 658 4866 esse
707 4808 1047 4866 adversario
1086 4824 1100 4875 ;
1138 4805 1378 4864 aﬂ’ectui
1413 4805 1598 4864 animi
1645 4809 1932 4864 commoti
1976 4821 2190 4864 nervos

532 4897 880 4973 amputavit.
939 4899 1005 4956 In
1048 4913 1119 4956 eo
1171 4913 1274 4956 ver
1337 4896 1505 4970 quod
1554 4896 1840 4971 praecepit
1875 4895 2187 4954 mulierem

619 5077 639 5113 ⁷
671 5077 816 5134 Luc.
841 5076 922 5144 vi,
955 5080 1047 5133 29.

2301 4631 2475 4697 Ῥακὰ,
2517 4625 2656 4702 μηδὶ
2709 4629 2978 4702 ὀνομάζειν
3031 4637 3212 4683 τοῦτον
3262 4633 3453 4704 μωρὸν,
3514 4626 3655 4704 μηδὲ
3710 4634 3910 4706 προσά-

2300 4737 2406 4791 γειν
2445 4726 2558 4790 Θεῷ
2615 4721 2673 4771 τὸ
2733 4715 2901 4794 δῶρον
2944 4722 3044 4794 πρὸ
3100 4727 3192 4781 τῆς
3246 4719 3318 4780 εἰς
3375 4719 3484 4792 (83)
3541 4723 3625 4772 τόν
3691 4716 3906 4791 αδελφόν

2303 4802 2612 4880 διαλλαγῆς,
2669 4812 2759 4862 καὶ
2819 4807 3004 4862 εὐνοεῖν
3051 4815 3124 4881 τῷ
3183 4804 3458 4882 ἁντιδῑκῳ,
3513 4810 3579 4861 τὰ
3627 4816 3781 4884 νεῦρα
3815 4814 3906 4861 τοῦ

2303 4895 2568 4970 ἐμπαθοῦς
2620 4895 2829 4971 ἐξέκοψε
2875 4898 3060 4972 θυμοῦο
3124 4896 3174 4951 ἰν
3233 4893 3293 4952 δε
3339 4905 3413 4973 τῷ
3473 4897 3785 4975 προστάξαι,
3835 4900 3906 4971 μή

1880 5198 2109 5267 Variae
2139 5197 2467 5268 lectiones
2510 5207 2575 5268 et
2601 5206 2804 5268 notae.

610 5344 722 5416 (81)
754 5344 895 5410 Quae
934 5342 1214 5416 leguntur
1242 5341 1320 5416 ab
1353 5337 1760 5416 édtwpépwg‘ad
1787 5343 1958 5396 πάντα
1990 5344 2194 5415 ἱμάτια,

538 5411 1063 5486 θειἨοηιθηὶυείὶη
1109 5411 1382 5486 margine
1422 5411 1513 5467 sui
1550 5411 2105 5486 codicisgrepere'rat
2129 5429 2200 5472 ac

530 5489 817 5558 rejecerat
845 5485 924 5543 ad
952 5485 1132 5541 ﬁnem
1162 5484 1366 5540 scholii
1400 5489 1532 5556 post
1568 5483 1990 5558 μεγαλοψυχίαν.

2380 5342 2491 5487 ἱὸἳ)
2533 5341 2769 5424 Inclusa
2799 5343 3017 5401 omittit
3053 5346 3125 5400 A.
3216 5415 3220 5420 _

2402 5415 2493 5486 83)
2539 5414 2837 5480 Uettatius,
2870 5419 3015 5487 πρός.

2402 5415 2493 5486 83)
2539 5414 2837 5480 Usitatius,
2870 5419 3015 5492 πρός.

615 5665 701 5741 (Ιι)
735 5665 924 5734 Quam
950 5664 1055 5723 viae
1105 5694 1174 5706 —
1200 5661 1844 5722 subsmim'urare.Cum
1869 5662 1965 5721 ille
1991 5662 2248 5737 (oculus)
2276 5663 2412 5722 vitae
2443 5662 2568 5722 dux
2593 5663 2688 5733 sit,
2724 5663 2824 5722 hic
2851 5663 3048 5739 (Deus)
3081 5663 3502 5724 alimentorum
3529 5664 3810 5725 minister.
