4206 6310
383 349 491 406 225

1364 344 1740 407 COMMENT.
1788 346 1859 404 IN
1901 346 2353 408 MATTHAEUM.
2393 379 2459 391 --
2503 349 2665 408 CAP.
2714 348 2791 413 V.

3646 356 3756 412 226

388 477 593 550 βλέπειν
632 474 946 536 ἀκολαστοις
995 473 1275 546 ὀφθαλμοῖς
1333 481 1574 546 γυναῖκα,
1624 478 1713 527 καὶ
1766 474 1980 550 ἀποῤῥί-

2098 476 2327 532 lascivns
2358 476 2544 532 oculis
2591 492 2705 533 non
2736 479 3049 551 respicere,
3083 482 3141 535 et
3170 474 3427 551 abjicere
3472 495 3573 537 eos
3630 496 3753 537 eas-

383 566 482 639 ψαι
515 569 603 618 τὸν
633 562 1048 628 σκανδαλίζοντα
1096 569 1185 616 καὶ
1239 568 1331 622 τὴν
1371 560 1850 630 σκανδαλίζουσαν,
1898 569 1986 617 καὶ

384 662 455 729 μὴ
492 654 731 708 ἀπολύειν
772 653 965 726 ἀλόγως
1017 658 1105 712 τὴν
1141 649 1280 706 ἰδίαν
1329 660 1572 724 γυναῖκα,
1627 650 1765 725 μηδὲ
1801 662 1985 726 γαμεῖν

384 744 765 817 ἀπολελυμένην
826 744 997 816 ἑτέρῳ,
1056 750 1151 804 τῆς
1204 740 1468 814 ἐμπαθοῦς
1536 740 1815 815 ἐπιθυμίας
1878 742 1985 797 ἀνέ-

383 854 556 887 σπασε
586 836 681 895 τὰς
723 834 891 908 ῥίζας.
930 837 1030 886 Καὶ
1082 831 1234 884 πάλιν
1267 830 1315 883 ἐν
1368 834 1457 903 μὲν
1509 839 1579 901 τῷ
1618 830 1878 901 ἐπιτάξαι,
1910 838 1981 904 μὴ

379 922 587 994 ὀμνύειν
643 922 791 990 ὅλως,
850 926 944 981 την
998 925 1116 995 περὶ
1169 924 1233 973 τὰ
1284 925 1543 993 χρήματα
1597 925 1687 972 καὶ
1742 926 1987 994 κτήματα

376 1010 662 1084 ἐπιθυμίαν
707 1011 972 1074 ἐξήλασεν
1021 1009 1071 1063 ἰν
1110 1006 1168 1063 δε
1202 1017 1275 1079 τῷ
1324 1009 1669 1073 ἐντείλασθαι,
1714 1015 1785 1083 μὴ
1840 1009 1984 1063 ἀνθί-

380 1103 615 1155 στασθαι
640 1109 712 1172 τῷ
742 1108 973 1175 πονηρῷ,
1018 1103 1106 1152 καὶ
1150 1102 1382 1172 στρέφειν
1412 1102 1502 1151 καὶ
1546 1103 1639 1157 τὴν
1682 1098 1839 1157 ἄλλην
1872 1120 1985 1153 σια-

378 1193 526 1261 γόνα,
559 1194 649 1243 καὶ
690 1188 896 1261 ἀφιέναι
933 1193 1022 1241 καὶ
1073 1191 1129 1240 τό
1186 1189 1412 1260 ἱμάτιον,
1447 1192 1537 1239 καὶ
1595 1188 1808 1260 ὑπάγειν
1837 1188 1987 1261 μίλια

383 1276 508 1348 δύο,
537 1284 627 1332 τὸν
658 1278 725 1340 εἰς
748 1281 806 1331 τὸ
836 1277 1137 1351 ἀμύνασθαι
1165 1278 1325 1350 θυμὸν
1351 1276 1664 1333 κατέστειλε.

451 1376 534 1441 Τῷ
575 1369 808 1422 αἰτοῦντι
854 1399 924 1409 -
963 1363 1141 1421 δίδου.
1193 1366 1315 1419 Ὀτε
1368 1364 1426 1420 δὲ
1471 1368 1652 1419 ἰστατο
1691 1364 1773 1418 ἐπὶ
1824 1369 1983 1418 τόπου

380 1455 597 1512 πεδινοῦ
648 1455 949 1523 διδάσκων,
982 1462 1326 1533 φανερώτερον
1383 1453 1536 1526 εἶπεν,
1588 1458 1664 1509 ὅτι
1709 1460 1870 1507 Παντὶ
1910 1462 1983 1525 τῷ

382 1548 616 1600 αἰτοῦντί
665 1566 722 1600 σε
763 1543 942 1614 δίδου,
976 1548 1039 1606 ὡς
1080 1548 1105 1597 ό
1164 1552 1371 1606 Λουκᾶς
1422 1544 1637 1617 ἔγραψε.
1670 1544 1870 1597 Κελεύει
1902 1541 1981 1613 δε,

384 1642 454 1711 μή
490 1634 759 1711 διακρῖναι
783 1640 869 1688 τόν
899 1634 1047 1699 ἄξιον
1083 1633 1183 1687 ἀπὸ
1205 1642 1295 1687 τοῦ
1321 1633 1553 1697 ἀναξίου.

457 1727 542 1779 Ἐν
592 1728 698 1797 ὅσῳ
744 1728 842 1798 γὰρ
905 1724 1056 1790 αἰτεῖ,
1117 1720 1351 1795 δεόμενός
1399 1723 1561 1792 ἐστιν,
1617 1723 1723 1783 οἶος
1779 1721 1838 1773 ἂν
1894 1727 1983 1775 καὶ

2095 582 2211 638 que
2258 564 2358 638 qui
2406 571 2542 621 sunt
2590 566 2961 634 oﬂ‘endiculo,
3009 584 3203 641 neque
3267 569 3568 641 propriam
3626 570 3754 625 sine

2094 672 2277 711 causa
2299 656 2607 728 repudiare
2639 673 2903 724 uxorem,
2926 674 3114 731 neque
3153 661 3224 715 ab
3263 660 3446 716 altero
3478 661 3755 733 repudia-

2096 748 2218 801 tam
2276 746 2524 801 ducere:
2577 748 2910 815 aegrotantis
2967 749 3456 821 concupiscentiae
3519 750 3753 807 radices

2094 834 2329 889 avulsit.
2402 837 2656 907 Rursum
2711 836 2771 891 in
2825 852 2893 891 eo
2921 837 3086 908 quod
3129 839 3308 908 jussit
3350 840 3596 896 omnino
3630 855 3753 896 non

2088 922 2309 992 jurare,
2363 924 2743 995 cupiditatem
2774 926 2930 980 circa
2977 925 3313 982 affectiones
3356 944 3423 982 ac
3468 930 3752 1001 pecunias

2094 1010 2330 1082 expulit.
2361 1011 2767 1083 Priecipiendo
2800 1029 2938 1069 vero
2972 1030 3089 1069 non
3141 1016 3408 1071 resistere
3459 1018 3639 1086 malo,
3695 1023 3754 1075 et

2095 1099 2271 1155 aliam
2285 1116 2527 1172 quoque
2549 1100 2849 1157 maxillam
2869 1102 3196 1169 obvertere,
3214 1120 3283 1159 ac
3301 1104 3552 1176 pallium
3567 1108 3751 1163 etiam

2093 1189 2407 1260 dimittere,
2439 1189 2674 1261 duoque
2707 1190 2982 1249 milliaria
3024 1194 3221 1249 abire:
3264 1196 3534 1250 animum
3574 1196 3649 1251 ab
3673 1196 3754 1250 ul-

2094 1278 2377 1335 ciscendo
2416 1279 2732 1336 continuit.

2164 1369 2329 1423 Vers.
2358 1371 2447 1424 42.
2480 1368 2702 1425 Petenti
2732 1399 2797 1410 —
2829 1370 2990 1427 dato.
3026 1371 3277 1436 Quando
3324 1377 3475 1429 certe
3516 1374 3577 1429 in
3622 1374 3755 1431 loco

2091 1457 2406 1529 campestri
2444 1457 2664 1513 docens
2704 1458 2881 1523 stetit,
2940 1459 3309 1517 manifestius
3365 1462 3546 1518 dixit:
3583 1463 3756 1521 Omni

2092 1546 2188 1600 abs
2215 1552 2269 1601 te
2300 1548 2517 1616 petenti
2546 1546 2704 1613 dato,
2749 1547 2929 1603 veluti
2984 1549 3212 1621 scripsit
3273 1553 3455 1606 Lucas
3504 1554 3545 1607 ⁸.
3577 1554 3754 1610 Jubet

2092 1640 2293 1691 autem
2324 1650 2442 1690 non
2470 1634 2799 1705 dijudicare
2829 1638 3080 1707 dignum
3113 1637 3189 1693 ab
3228 1639 3487 1709 indigno.

2166 1726 2245 1778 Eo
2271 1724 2430 1779 enim
2478 1724 2642 1795 quod
2686 1724 2848 1796 petit,
2877 1725 3154 1797 indignus
3194 1732 3281 1783 est
3325 1729 3753 1801 qualiscunque

388 1819 489 1873 εἴη.
528 1817 667 1869 Ἐπεὶ
696 1820 783 1866 καὶ
821 1814 846 1864 ό
888 1816 1016 1874 Θεὸς
1075 1817 1245 1865 πάντα
1278 1814 1345 1865 τὰ
1397 1812 1508 1883 (84)
1560 1815 1685 1885 πρὸς
1726 1815 1980 1864 σύστασιν

2098 1812 2185 1867 sit.
2230 1816 2376 1869 Nam
2425 1818 2479 1868 et
2519 1814 2669 1868 Deus
2713 1814 2917 1869 omnia
2961 1815 3037 1870 ad
3086 1817 3221 1871 vitae
3265 1819 3752 1875 sustentationem

386 1911 480 1965 τῆς
537 1904 679 1965 ζωῆς
730 1908 890 1955 πᾶσιν
931 1902 1220 1976 ἀνθρώποις
1274 1903 1458 1973 ὁμοίως
1512 1900 1712 1967 ἀνῆκεν,
1773 1899 1982 1973 ἀγαθοῖς

383 2012 437 2046 τε
475 1997 565 2045 καὶ
590 1999 854 2065 πονηροῖς,
880 1999 1089 2052 πιστοῖς
1114 2010 1167 2043 τε
1196 1995 1283 2042 καὶ
1308 1989 1569 2052 ἀπίστοις.

460 2087 558 2135 Καὶ
604 2113 672 2125 -
720 2078 1234 2155 ἀποστραφῇς.”Νῦν
1431 2076 1571 2152 δίχα
1608 2083 1761 2131 τόκου
1810 2075 1981 2131 δανεί-

387 2172 492 2233 ζειν
548 2170 825 2224 ἐνετείλατο
859 2184 873 2200 ⁸
914 2172 997 2224 ὅτε
1053 2167 1134 2237 δὲ,
1188 2173 1253 2232 ὡς
1300 2172 1507 2241 ἔφαμεν,
1558 2165 1840 2221 ἐδίδασκεν
1899 2167 1982 2220 ἐπὶ

383 2266 545 2314 τόπου
613 2257 847 2326 πεδινοῦ,
921 2260 1225 2333 προσέταξε,
1281 2255 1419 2331 μηδὲ
1497 2262 1552 2311 τό
1625 2255 1982 2331 δανειζόμενον

383 2348 641 2403 ἀπαιτεῖν.
697 2350 814 2402 Ἐὰν
863 2352 963 2423 γὰρ
1011 2345 1302 2416 δανείζητε,
1354 2353 1504 2421 φησὶ,
1555 2348 1677 2421 παρ’
1726 2349 1793 2399 ὧν
1846 2347 1983 2400 ἐλπίο

384 2439 499 2500 ζετε
552 2438 849 2505 ἀπολαϐεῖν,
918 2444 1044 2491 ποία
1089 2440 1209 2511 ύμῖν
1258 2440 1417 2511 χάρις
1470 2436 1653 2504 ἔστίν;
1710 2437 1792 2498 Ὠς
1854 2434 1983 2489 εἶναι

384 2532 444 2581 τὸ
507 2531 595 2601 μεν
670 2531 796 2603 πρὸς
860 2527 1242 2601 ἀτελεστερους,
1300 2531 1357 2581 τό
1427 2524 1485 2580 δε
1550 2530 1677 2601 πρὸς
1740 2526 1981 2580 τελειοτέ-

384 2636 527 2692 ρους.

455 2797 745 2850 Ἠκούσατε
802 2826 871 2836 -
924 2797 1077 2868 ὑμᾶς.
1158 2796 1559 2871 Καταμαράνας,
1619 2798 1687 2857 ὡς
1756 2798 1977 2869 εἴρηται,

376 2888 468 2939 τὸν
515 2888 676 2958 θυμὸν
729 2891 818 2938 καὶ
870 2890 965 2945 τὴν
1008 2884 1309 2958 ἐπιθυμίαν,
1363 2892 1453 2939 καὶ
1504 2888 1695 2945 παντὸς
1745 2888 1980 2938 τοιούτου

378 2977 584 3037 πάθους
638 2973 936 3037 ἀπαλλάξας
992 2978 1080 3027 τὸν
1142 2977 1461 3047 πειθόμενον,
1520 2974 1694 3027 λοιπὸν
1751 2973 1981 3027 ἐκέλευσε

378 3068 471 3116 καὶ
540 3064 841 3135 εὐεργετεῖν,
913 3062 963 3117 ἄν
1024 3072 1096 3134 τῷ
1156 3060 1369 3116 διδόναι
1436 3071 1547 3124 τοῖς
1611 3063 1838 3129 αἰτοῦσι,
1890 3069 1980 3117 καὶ

381 3150 641 3215 δανείζειν
696 3162 800 3214 τοῖς
864 3156 1187 3228 χρῄζουσιν
1246 3149 1377 3221 εἶτα,
1442 3158 1655 3228 προῖὼν,
1721 3152 1978 3225 ἀνήγαγεν

376 3244 449 3304 εἰς
512 3247 607 3303 τὴν
662 3245 826 3317 ἄκραν
901 3241 1104 3317 ἀρετήν.
1178 3248 1404 3317 Κορωνὶς
1472 3246 1574 3316 γὰρ
1634 3246 1723 3295 καὶ
1777 3246 1975 3315 κορυφή

375 3336 560 3394 πάσης
588 3331 793 3407 ἀρετῆς,
825 3334 883 3384 τό
914 3330 1119 3404 ἀγαπᾷν
1142 3336 1259 3393 τοὺς
1292 3332 1537 3404 ἐχθρούς,
1582 3336 1672 3384 καὶ
1722 3333 1788 3383 τὰ
1844 3330 1975 3393 ἑξῆς.

383 3422 625 3493 Ἀγαπᾷν
656 3419 713 3474 δι
745 3422 953 3491 αύτούς,
1005 3421 1063 3473 ού
1108 3423 1237 3474 καθό
1270 3421 1399 3473 εἰσιν
1430 3420 1634 3496 ἐχθροὶ,
1680 3420 1808 3472 ἀλλά
1851 3421 1978 3472 καθό

380 3511 514 3564 εἰσιν
568 3513 854 3585 ἄνθρωποι.
914 3515 1012 3564 Καὶ
1083 3516 1153 3583 μὴ
1219 3515 1370 3583 μόνον
1428 3509 1655 3582 ἀγαπᾷν,
1710 3509 1839 3562 ἀλλά
1891 3514 1981 3562 καὶ

380 3602 792 3677 ύπερεύχεσθαι.
854 3607 937 3670 Τῷ
1005 3597 1064 3653 δε
1140 3598 1347 3672 ἀγαπᾷν
1416 3604 1531 3661 τοὺς
1587 3599 1807 3673 ἐχθρούς
1872 3600 1981 3652 ἔπε-

381 3710 468 3742 ται
497 3690 612 3763 (85)
648 3695 738 3743 καὶ
771 3689 952 3755 τᾶλλα,
994 3689 1123 3761 λέγω
1163 3686 1231 3747 δὴ
1260 3694 1318 3742 τὸ
1344 3689 1566 3757 εὐλογεῖν
1606 3693 1723 3750 τοὺς
1750 3708 1985 3764 καταρω-

388 3782 587 3850 μένους,
628 3785 715 3833 καὶ
753 3779 923 3841 καλῶς
951 3786 1113 3831 ποιεῖν
1152 3786 1260 3841 τοῖς
1290 3788 1532 3851 μισοῦσι,
1579 3783 1669 3831 καὶ
1728 3778 1981 3850 εύχεσθαι

389 3868 516 3942 ύπὶρ
560 3876 658 3919 τῶν
699 3868 1099 3943 ἐπηρεαζόντων.
1132 3875 1309 3920 Ταῦτα
1342 3870 1442 3940 γὰρ
1494 3869 1523 3925 ἡ
1572 3866 1737 3919 τελεία
1782 3866 1977 3937 ἀγάπη.

386 3961 571 4010 Σκόπει
602 3955 659 4010 δὲ
684 3963 772 4011 καί
812 3962 869 4011 τὸ
902 3958 1117 4010 ἔπαθλον
1152 3964 1248 4019 τῆς
1286 3956 1605 4018 τηλικαύτης
1629 3957 1744 4028 (86)
1771 3955 1975 4031 ἀρετῆς,

385 4048 452 4108 ὡς
520 4050 789 4119 μέγιστον.
863 4048 1003 4101 Ἐπεὶ
1076 4049 1177 4122 γάρ
1246 4050 1302 4098 τὸ
1367 4053 1597 4099 τοιοῦτον
1667 4047 1981 4119 κατόρθωμά

379 4137 559 4209 μεῖζον
588 4138 648 4195 ἧν
676 4140 891 4205 παντὸς,
936 4138 1147 4195 τίθησιν
1196 4136 1336 4206 αύτῷ
1384 4141 1473 4188 καὶ
1510 4138 1597 4187 τὸν
1628 4136 1745 4207 (87)
1788 4136 1979 4207 μισθόν

378 4227 595 4298 μείζονα
618 4231 828 4290 παντός.
854 4230 993 4280 Φπσὶ
1013 4228 1134 4299 γάρ’

2009 3204 2051 3262 C

447 4402 627 4465 Ὀπως
698 4436 763 4445 ——
823 4400 1060 4466 ἀδίκους.
1120 4408 1299 4476 Πατὴρ
1365 4405 1454 4475 μὲν
1529 4411 1628 4456 τῶν
1699 4402 1978 4479 ἀνθρώπων

378 4497 523 4547 ἱστὶν
553 4496 579 4547 ό
611 4498 760 4562 Θεὸς,
814 4496 883 4556 ὡς
935 4497 1161 4555 ποιητὴς
1213 4492 1380 4544 αύτών
1413 4510 1425 4521 ·
1471 4497 1698 4568 πατέρας
1737 4497 1840 4565 γὰρ
1896 4492 1977 4544 λέ-

2091 1902 2388 1972 aaqualiter
2436 1902 2714 1957 omnibus
2762 1903 3010 1959 contulit
3062 1904 3414 1973 hominibus,
3479 1908 3647 1963 bonis
3698 1912 3755 1964 et

2092 1990 2287 2058 malis,
2317 1990 2593 2045 ﬁdelibus
2632 1995 2687 2046 et
2716 1991 3073 2047 infidelibus.

2164 2079 2325 2135 Vers.
2353 2083 2440 2135 42.
2474 2080 2557 2135 Et
2595 2111 2663 2120 —
2692 2084 2997 2137 averseris.
3055 2084 3221 2138 Nunc
3250 2084 3493 2155 quidem
3527 2086 3753 2158 absque

2095 2167 2320 2224 faenore
2348 2170 2844 2240 mutuarejussit:
2888 2170 3134 2242 quando
3183 2176 3389 2238 autem,
3425 2173 3749 2230 sicutdixi-

2092 2274 2246 2321 mus,
2281 2258 2342 2312 in
2382 2257 2511 2313 loco
2556 2260 2871 2331 campestri
2925 2260 3193 2328 docebat,
3239 2262 3422 2331 jussit
3475 2278 3665 2335 neque
3693 2263 3752 2319 id

2092 2345 2253 2419 quod
2311 2349 2651 2402 mutuatum
2700 2351 2787 2402 est
2830 2352 3111 2419 repetere.
3168 2350 3225 2405 Si
3278 2350 3457 2421 enim,
3536 2351 3750 2422 inquit,

2094 2440 2371 2490 mutuum
2434 2434 2710 2490 dederitis
2758 2436 2847 2490 his
2906 2451 2942 2492 a
2984 2437 3204 2509 quibus
3262 2454 3367 2493 vos
3411 2446 3752 2511 recepturos

2094 2524 2362 2596 speratis,
2395 2540 2531 2596 quae
2556 2524 2727 2580 vobis
2762 2530 2848 2581 est
2878 2526 3069 2595 gratia
3100 2529 3121 2562 9
3153 2526 3180 2581 ?
3214 2527 3328 2583 Sed
3362 2527 3478 2584 hoc
3501 2529 3751 2600 quidem

2092 2613 2171 2669 ad
2228 2613 2696 2685 imperfectiores
2745 2614 3015 2684 dirigitur
3060 2615 3244 2682 ;illud
3276 2631 3412 2672 vero
3468 2619 3637 2673 Lucae
3677 2620 3753 2675 ad

2091 2701 2487 2774 perfectiores.

2162 2790 2325 2846 Vers.
2377 2792 2464 2846 43.
2497 2790 2782 2847 Audistis.
2826 2822 2896 2833 —
2925 2795 3079 2848 Vers.
3123 2793 3212 2848 44.
3255 2809 3371 2850 vos.
3405 2794 3752 2867 Postquam,

2092 2885 2155 2934 ut
2184 2879 2408 2935 dictum
2437 2884 2545 2946 est,
2580 2881 2729 2935 iram
2758 2896 2825 2937 ac
2867 2881 3410 2952 concupiscentiam
3471 2884 3753 2956 exstirpa-

2090 2968 2187 3034 vit,
2223 2969 2505 3041 omnique
2536 2969 2711 3024 simili
2733 2969 2943 3025 affectu
2976 2970 3088 3025 sibi
3142 2970 3484 3027 obedientes
3537 2972 3751 3030 libera-

2088 3057 2189 3118 vit.
2222 3056 2504 3129 deinceps
2534 3058 2712 3113 etiam
2758 3057 3099 3114 benefacere
3136 3058 3321 3129 jubet,
3355 3059 3556 3116 dando
3586 3061 3750 3118 vide-

2087 3145 2220 3203 licet
2240 3147 2597 3219 petentibus,
2618 3163 2687 3203 ac
2716 3147 3049 3203 mutuando
3076 3148 3493 3219 indigentibus.
3529 3151 3751 3208 Deinde

2088 3235 2483 3307 procedendo,
2512 3236 2591 3291 ad
2622 3240 2948 3291 extremam
2982 3237 3256 3308 perduxit
3286 3239 3581 3294 virtutem.
3617 3242 3754 3295 Om-

2087 3325 2177 3379 nis
2206 3324 2366 3381 enim
2426 3324 2650 3379 virtutis
2695 3325 2927 3380 coronis
2958 3341 3027 3379 ac
3069 3332 3267 3381 vertex
3321 3332 3426 3391 est,
3470 3326 3748 3385 inimicos

2088 3429 2311 3481 amare,
2340 3418 2394 3469 et
2421 3418 2627 3470 caetera
2656 3429 2790 3486 quae
2822 3419 3163 3486 sequuntur.
3198 3417 3434 3480 Amare,
3478 3417 3747 3488 inquam,

2088 3504 2397 3577 ipsos,non
2432 3508 2718 3575 quatenus
2753 3502 2968 3558 inimici
3002 3508 3163 3569 sunt,
3181 3505 3284 3559 sed
3314 3508 3610 3576 quatenus
3640 3506 3744 3561 ho-

2090 3594 2300 3649 mines.
2326 3596 2441 3649 Nec
2458 3593 2652 3649 solum
2666 3608 2885 3661 amare,
2901 3593 3005 3648 sed
3019 3597 3196 3665 etpro
3210 3594 3292 3648 eis
3308 3595 3642 3651 obsecrare.
3665 3596 3750 3650 Ad

2090 3699 2360 3739 amorem
2386 3687 2582 3738 autem
2616 3682 2995 3737 inimicorum
3025 3687 3473 3755 consequuntur
3507 3690 3563 3739 et
3591 3684 3711 3740 alia
3738 3701 3748 3739 :

2089 3772 2220 3827 dico
2246 3786 2408 3839 sane,
2449 3771 2602 3826 bene
2634 3770 2855 3842 precari
2893 3770 3340 3836 devoventibus,
3395 3788 3464 3828 ac
3513 3772 3754 3831 benefa-

2089 3876 2219 3916 cere
2274 3860 2365 3916 his
2413 3860 2515 3931 qui
2561 3859 2825 3923 oderunt,
2884 3863 2940 3914 et
2991 3875 3157 3914 orare
3212 3875 3322 3931 pro
3379 3860 3745 3919 laedentibus.

2089 3952 2240 4005 Nam
2291 3949 2417 4004 haec
2487 3947 2763 4020 perfectae
2824 3952 2955 4002 sunt
3006 3946 3358 4003 dilectionis.
3434 3950 3753 4007 Considera

2089 4055 2231 4095 vero
2263 4045 2319 4095 et
2367 4038 2683 4111 praemium
2730 4037 3077 4108 hujusmodi
3123 4038 3374 4094 virtutis.
3410 4039 3562 4104 Quia
3593 4042 3752 4096 enim

2088 4134 2211 4185 tam
2259 4128 2611 4201 praeclarum
2671 4126 2905 4183 facinus
2968 4126 3135 4183 omni
3176 4127 3290 4183 alio
3351 4130 3549 4199 majus
3606 4139 3751 4199 erat,

2088 4220 2405 4291 praemium
2442 4234 2682 4290 quoque
2713 4217 2877 4274 omni
2919 4217 3118 4289 majus
3176 4217 3281 4289 ipsi
3334 4218 3626 4290 rependit.
3661 4220 3756 4277 Ait

2090 4309 2251 4365 enim
2287 4325 2299 4363 :

2162 4398 2320 4454 Vers.
2354 4400 2442 4453 45.
2498 4396 2572 4453 Ut
2619 4426 2688 4438 —
2740 4397 3007 4465 injustas.
3064 4394 3233 4451 Pater
3282 4395 3531 4468 quidem
3557 4395 3753 4453 homi-

2088 4504 2235 4544 num
2266 4487 2419 4542 Deus
2466 4490 2554 4541 est
2599 4490 2887 4557 tanquam
2934 4485 3266 4556 plasmator
3328 4501 3538 4541 eorum
3588 4486 3755 4557 (nam

378 4602 538 4656 γομεν
594 4589 685 4636 καὶ
736 4587 852 4644 τούς
902 4586 1062 4659 ἔργων
1112 4589 1261 4635 τινῶν
1314 4583 1532 4642 ποιητάς
1564 4600 1575 4610 ·
1628 4585 1701 4633 ἔτι
1756 4578 1815 4634 δὲ
1867 4585 1976 4646 καὶ,

2098 4582 2287 4649 patres
2318 4591 2558 4648 quoque
2589 4556 2846 4630 dicimus
2883 4589 3125 4646 operum
3156 4574 3496 4645 aliquorum
3521 4556 3751 4646 poetas,

381 4675 453 4735 ὡς
504 4669 747 4745 κηδεμὼν
795 4677 885 4725 καὶ
940 4676 1225 4744 προνοητὴς
1277 4670 1441 4723 αὐτῶν
1484 4668 1672 4723 ’ἴδιον
1726 4673 1827 4743 γὰρ
1875 4690 1978 4723 πα-

378 4765 499 4838 τρὸς
544 4759 808 4820 κήδεσθαι
860 4767 952 4815 καὶ
1004 4762 1341 4836 προνοεῖσθαι
1369 4766 1461 4813 τοῦ
1512 4760 1703 4813 οἰκείου
1751 4755 1969 4821 παιδός,

376 4852 493 4904 Υἱοὶ
544 4848 601 4904 δι
632 4859 722 4904 τοῦ
772 4859 904 4905 Θεοῦ
943 4856 1173 4923 γίνονται
1220 4852 1269 4903 οἱ
1325 4852 1656 4923 όμοιούμενοι
1715 4849 1855 4919 αύτῷ
1904 4844 1977 4900 δι’

377 4938 583 5014 ἀρετῆς,
615 4943 838 4994 καθόσον
882 4940 1020 4995 ἐστὶν
1061 4940 1313 5015 ἀνθρώπῳ
1364 4937 1603 4993 δυνατόν.
1665 4934 1827 4993 Ἰδιον
1874 4939 1976 5012 γὰρ

375 5032 494 5085 υἱοῦ
546 5031 858 5105 ὁμοιοῦσθαι
923 5038 995 5104 τῷ
1073 5030 1244 5104 οἰκείῳ
1318 5034 1499 5104 πατρί.
1560 5035 1763 5100 Ὅπως,
1819 5031 1969 5099 φησὶ,

444 5210 467 5249 ⁸
495 5211 636 5269 Luc.
667 5226 743 5277 v1,
782 5212 870 5269 30.
947 5210 968 5246 ⁵
990 5208 1135 5266 Luc.
1168 5224 1247 5281 v1,
1283 5208 1383 5267 34.

2088 4667 2201 4723 hoc
2248 4670 2337 4721 est
2388 4664 2738 4735 effectores),
2785 4670 3075 4735 tanquam
3136 4664 3312 4718 etiam
3367 4664 3636 4734 provisor
3688 4682 3755 4721 ac

2087 4758 2440 4828 procurator
2460 4754 2770 4826 ipsorum:
2806 4752 2991 4823 patris
3019 4750 3313 4821 siquidem
3343 4752 3633 4823 proprium
3667 4757 3756 4811 est

2087 4845 2207 4901 ﬁlio
2250 4859 2359 4899 suo
2393 4841 2706 4915 providere
2743 4856 2811 4896 ac
2866 4855 3199 4912 procurare.
3246 4840 3371 4895 Filii
3421 4844 3617 4895 autem
3652 4842 3755 4899 Dei

2085 4935 2258 5001 ﬁunt,
2313 4932 2417 5005 qui
2468 4946 2571 5004 per
2611 4931 2886 4986 virtutem
2944 4920 3167 4984 similes
3227 4928 3342 5000 ipsi
3400 4928 3749 5001 efﬁciuntur,

2084 5027 2382 5098 quantum
2407 5026 2494 5078 est
2520 5020 2741 5078 homini
2781 5016 3065 5093 possibile
3100 5037 3113 5089 ;
3146 5032 3289 5077 nam
3321 5017 3429 5075 ﬁlii
3442 5019 3754 5093 proprium

1600 5326 1820 5400 Variae
1846 5322 2175 5397 lectiones
2208 5336 2275 5395 et
2305 5334 2507 5395 notae.

473 5533 561 5606 84)
602 5532 685 5600 τά,
719 5532 938 5606 omittit
971 5533 1042 5588 Α.
1082 5545 1223 5586 mox
1260 5526 1425 5606 deest
1452 5541 1695 5606 quoque
1723 5534 1840 5606 τῆς.

448 5532 561 5676 ἒ84)
602 5532 685 5600 τά,
719 5532 938 5590 omittit
971 5533 1042 5588 Α.
1082 5545 1223 5586 mox
1260 5532 1425 5585 deest
1452 5541 1695 5601 quoque
1723 5534 1840 5589 τῆς.

475 5608 581 5735 85%l
597 5605 850 5672 Correxi,
885 5606 1076 5670 ἕπεται,
1110 5618 1215 5673 pro
1264 5603 1457 5656 ἔπειτα.
1494 5603 1644 5658 Nam
1682 5604 1739 5657 et
1767 5600 1977 5655 liente-

448 5692 513 5734 us
582 5677 740 5735 abet.
773 5680 1232 5735 comeauuntur.

381 5675 513 5735 nius
537 5675 740 5747 habet,
773 5680 1232 5749 consequuntur.

2301 5526 2549 5585 τοιαύτης
2573 5524 2620 5577 Α
2634 5568 2647 5581 .

2186 5524 2252 5580 86
2301 5526 2549 5585 τοιαύτης
2573 5524 2647 5581 Α.

2160 5524 2277 5671 287;
2305 5600 2391 5649 τὸν
2421 5596 2590 5654 abest
2614 5596 2683 5653 Α.
