4206 6310
467 333 573 394 227

1783 322 2132 381 EUTHYMII
2170 322 2503 380 ZIGABENI

3725 327 3841 384 228

468 467 574 531 est,
608 479 711 518 suo
741 460 1055 517 assimilari
1083 458 1258 532 patri.
1305 459 1376 512 Ut
1399 455 1544 518 sitis,
1578 453 1785 524 inquit,
1820 451 1922 506 ﬁlii
1975 450 2075 505 Dei
2105 467 2118 506 :

2243 454 2450 521 γένησθε
2488 453 2593 505 υἱοὶ
2618 460 2708 505 τοῦ
2739 460 2893 521 Θεοῦ,
2943 453 3001 506 ού
3048 455 3219 527 φύσει,
3271 453 3378 506 ἀλλ’
3418 453 3683 520 ὁμοιώσει,
3739 451 3842 508 διὰ

471 568 592 608 non
622 555 854 615 natura,
879 550 981 604 sed
1010 547 1408 607 similitudine.
1435 542 1698 598 amando
1730 540 2122 595 videlicetini-

469 642 656 697 micos
707 643 975 695 vestros:
1025 637 1169 710 quia
1217 643 1270 690 et
1318 634 1411 689 ille
1449 649 1484 688 a
1540 630 1712 686 malis
1761 645 1831 684 ac
1881 629 2116 700 iniquis,

469 729 855 801 blasphemiis
887 734 1172 798 tanquam
1203 724 1416 796 jaculis
1450 723 1692 794 petitus,
1720 723 1776 775 et
1821 724 2125 774 contume-

469 820 551 875 lia
575 818 840 881 affectus,
884 816 1249 888 proprioque
1294 814 1522 868 honore
1579 809 1861 882 privatus,
1923 812 2120 862 tamen

471 907 551 962 ob
605 922 882 969 amorem,
937 919 1060 974 quo
1113 919 1214 957 eos
1263 899 1664 972 prosequitur,
1720 895 1906 950 solem
1947 908 2124 949 suum

471 995 607 1052 oriri
663 994 802 1050 facit
835 1009 1018 1065 super
1071 991 1262 1046 malos
1315 1005 1384 1044 ac
1425 987 1630 1052 bonos,
1677 990 1733 1041 et
1775 984 1926 1056 pluit
1955 998 2127 1054 super

468 1086 660 1156 justos
700 1099 768 1138 ac
815 1083 1091 1152 injustos.
1125 1085 1198 1134 At
1242 1084 1303 1134 tu
1340 1077 1586 1150 quidem
1617 1092 1653 1130 a
1684 1073 1989 1129 conservis
2021 1087 2128 1144 pa-

472 1172 640 1228 teris:
695 1171 789 1226 ille
833 1186 970 1226 vero
1023 1187 1056 1224 a
1109 1168 1322 1224 servis.
1396 1168 1462 1220 Et
1499 1170 1558 1219 tu
1615 1179 1760 1219 sane
1814 1176 2005 1232 pauca
2057 1174 2128 1215 ac

472 1260 709 1318 modica
731 1260 813 1315 eis
870 1257 1184 1330 praestabis
1243 1256 1436 1311 bona:
1489 1253 1581 1309 ille
1617 1257 1816 1308 autem
1868 1250 2129 1322 plurima

474 1367 539 1405 ac
596 1349 897 1414 maxima;
949 1354 1006 1403 et
1049 1352 1248 1402 tamen
1287 1343 1492 1400 tribuit
1548 1343 1650 1398 tibi
1709 1346 1773 1396 ut
1828 1339 1903 1396 ob
1955 1338 2128 1393 talem

471 1438 860 1495 imitationem
903 1436 1016 1508 ipsi
1059 1434 1267 1490 similis
1310 1431 1609 1496 efﬁciaris,
1669 1429 1913 1500 ejusque
1967 1426 2126 1482 ﬁlius

473 1525 827 1582 nomineris.

551 1617 652 1671 Per
709 1615 887 1670 solem
939 1628 1084 1668 sane
1133 1628 1201 1667 ac
1242 1609 1503 1681 pluviam
1569 1609 1770 1663 omnia
1824 1605 1902 1661 ad
1943 1605 2128 1660 vitam

474 1705 885 1762 convenientia
915 1701 1267 1771 signiﬁcavit
1300 1716 1313 1765 ;
1345 1699 1438 1753 his
1473 1697 1630 1754 enim
1664 1695 1868 1751 omnia
1899 1711 1931 1749 e
1980 1699 2130 1749 terra

2231 547 2324 591 τοῦ
2373 539 2578 612 ἀγαπᾷν
2631 546 2754 605 τοῦς
2822 542 3048 618 ἐχθρούς
3106 546 3266 616 ὑμῶν.
3329 545 3566 616 Ἐπείπερ
3621 543 3834 612 ἐκεῖνος,

2233 630 2332 680 ὑπὸ
2385 639 2483 681 τῶν
2522 640 2756 706 πονηρῶν
2787 638 2872 683 καὶ
2905 642 3002 684 τῶν
3042 634 3156 704 (87)
3209 629 3404 684 ἀδίκων
3445 631 3831 705 βλασφημίαις,

2235 718 2304 779 ὡς
2367 717 2563 790 βέλεσι,
2620 719 2952 792 βαλλόμενος,
3013 727 3102 774 καὶ
3179 720 3538 795 ὑϐριζόμενος,
3598 727 3686 774 καὶ
3743 731 3836 783 τῆς

2236 807 2429 869 οἰκείας
2481 818 2639 881 τιμῆς
2687 808 3148 884 ἀποστερούμενος,
3189 812 3329 882 ὅμως
3380 809 3591 882 ἀγαπῶν
3623 811 3830 877 αὐτοὺς,

2237 893 2494 949 ἀνατέλλει
2536 901 2623 950 τὸν
2668 899 2809 958 ἣλιον
2860 900 3019 952 αὐτοῦ
3068 899 3151 952 ἐπὶ
3181 903 3436 972 πονηροὺς
3467 903 3553 951 καὶ
3584 899 3830 971 ἀγαθοὺς,

2236 990 2325 1037 καὶ
2356 984 2545 1058 βρέχει
2593 987 2776 1049 ἐπίσης
2824 989 2905 1041 ἐπὶ
2959 986 3199 1050 δικαίους
3245 994 3335 1041 καὶ
3384 984 3601 1051 ἀδίκους
3631 1031 3643 1044 .
3679 989 3838 1042 Ἀλλά

2239 1078 2304 1126 σὺ
2360 1079 2450 1146 μὲν
2498 1080 2641 1149 παρά
2693 1087 2792 1130 τῶν
2845 1075 3142 1151 ὁμοδούλων
3189 1080 3416 1151 πάσχεις
3466 1087 3652 1139 κακῶς·
3711 1082 3837 1132 ἐκεῖ·

2237 1183 2316 1224 νος
2376 1161 2453 1230 δὲ,
2509 1169 2652 1239 ποιρά
2703 1176 2800 1219 τῶν
2855 1165 3074 1223 δούλων.
3133 1173 3232 1221 Καὶ
3288 1171 3353 1219 σὺ
3414 1170 3503 1240 μὲν
3554 1167 3703 1240 ὀλίγα
3747 1174 3839 1222 καὶ

2238 1256 2401 1326 μικρά
2453 1257 2662 1316 τούτους
2713 1256 3084 1330 εὐεργετήσεις·
3155 1256 3344 1318 ἐκεῖνος
3407 1253 3468 1309 δὲ
3532 1257 3696 1310 πολλά
3747 1264 3839 1310 καὶ

2238 1343 2456 1415 μεγάλοι.
2512 1350 2612 1398 Καὶ
2665 1347 2803 1418 ὅμως
2837 1342 3037 1400 δίδωσί
3069 1366 3154 1398 σοι
3189 1349 3362 1419 ὅμοιον
3395 1347 3507 1418 (88)
3553 1347 3692 1418 αὐτῷ
3740 1345 3837 1400 διὰ

2238 1439 2334 1493 τῆς
2401 1437 2649 1495 τοιαύτης
2704 1441 2974 1508 μιμήσεως
3039 1438 3301 1507 γενέσθαι,
3355 1441 3444 1488 καὶ
3503 1438 3612 1488 υἱὸν
3681 1435 3838 1489 αὐτοῦ

2239 1520 2610 1594 ὀνομάζεσθαι.

2315 1613 2406 1663 Διά
2460 1616 2634 1684 μέντοι
2690 1621 2781 1665 τοῦ
2837 1613 2985 1672 ἡλίου
3037 1618 3126 1666 καὶ
3177 1622 3269 1674 τῆς
3319 1613 3526 1688 βροχῆς
3563 1617 3732 1668 πάντα
3773 1617 3842 1668 τὰ

2239 1703 2365 1771 πρὸς
2394 1701 2532 1760 ζωὴν
2565 1699 2840 1760 ἐπιτήδεια
2867 1699 3155 1760 δεδήλωκε.
3187 1707 3279 1755 Διά
3319 1707 3513 1755 τούτων
3541 1707 3639 1776 γὰρ
3670 1706 3843 1756 πάντα

474 1799 853 1865 generantur,
904 1792 1254 1854 nutriuntur,
1306 1792 1618 1858 augentur,
1691 1800 1760 1840 ac
1818 1783 2132 1854 perficiun-

2243 1791 2307 1840 τά
2335 1787 2390 1840 ἐκ
2424 1798 2526 1861 γῆς
2549 1800 2843 1862 γεννῶνται,
2873 1796 2962 1843 καὶ
2991 1795 3282 1865 τρέφονται,
3328 1797 3415 1844 καὶ
3454 1792 3716 1860 αὔξονται,
3749 1797 3841 1845 καὶ

475 1892 586 1939 tur.

547 1978 742 2029 Potest
772 1986 1010 2043 quoque
1041 1974 1097 2024 et
1145 1967 1260 2022 alio
1303 1965 1485 2021 modo
1543 1964 1704 2018 dici:
1750 1966 1816 2019 Ut
1869 1961 1996 2017 sitis
2029 1961 2133 2016 ﬁlii

478 2063 599 2126 Dei,
627 2061 932 2117 assimilati
974 2056 1244 2113 videlicet
1270 2055 1410 2110 Filio
1451 2055 1598 2124 ejus,
1639 2054 1739 2125 qui
1788 2053 2132 2106 innumeras

480 2151 560 2207 ab
601 2149 854 2205 inimicis
908 2147 1026 2202 suis
1077 2160 1296 2216 passus
1341 2143 1612 2212 iniurias,
1658 2142 1817 2213 ipsos
1864 2140 2129 2204 amabat,

485 2245 542 2295 et
585 2236 873 2293 beneficia
896 2251 997 2290 eos
1035 2232 1309 2288 docendo
1343 2247 1412 2287 ac
1443 2229 1714 2286 sanando
1747 2227 2129 2298 conferebat;

482 2329 825 2398 linguarum
861 2325 1086 2394 sagittis
1116 2323 1351 2394 petitus,
1384 2327 1439 2377 et
1459 2320 1702 2376 tandem
1725 2319 1804 2374 ab
1835 2318 1918 2374 eis
1950 2319 2134 2373 cruci-

478 2419 640 2474 ﬁxus
678 2431 786 2488 pro
839 2415 922 2468 eis
973 2412 1180 2468 orabat
1210 2411 1412 2466 dicens
1446 2427 1458 2464 :
1493 2409 1682 2474 Pater,
1729 2407 1948 2463 dimitte
1990 2406 2131 2470 illis,

476 2523 583 2562 non
599 2506 753 2562 enim
772 2503 966 2560 sciunt
991 2502 1131 2573 quid
1148 2500 1376 2570 faciunt
1396 2502 1462 2552 ¹⁰.
1489 2498 1624 2552 Vult
1649 2497 1847 2569 itaque
1870 2496 2135 2552 Christus

479 2596 687 2652 amicis
708 2600 759 2648 te
786 2589 1155 2648 reconciliari
1176 2589 1336 2654 :Abi,
1361 2587 1735 2659 inquit,prius
1755 2585 2134 2642 reconciliare

476 2685 660 2754 fratri
700 2689 801 2737 tuo
836 2699 850 2742 ;
883 2680 1155 2736 inimicos
1199 2694 1341 2733 vero
1373 2677 1546 2748 jubet
1593 2675 1856 2745 diligere,
1905 2691 1975 2730 ac
2031 2689 2134 2745 pro

480 2775 564 2830 eis
592 2789 780 2836 orare,
806 2777 869 2826 ut
897 2769 1250 2842 praidictum
1278 2773 1386 2824 est.

551 2863 725 2919 Vers.
755 2864 843 2916 46.
865 2859 924 2914 Si
942 2859 1096 2915 enim
1125 2889 1170 2898 ο-
1205 2859 1278 2914 V.
1304 2857 1393 2912 47.
1417 2855 1680 2925 faciunt.
1703 2858 1827 2910 Non
1853 2854 2134 2909 estvirtus

480 2955 784 3008 amantem
809 2965 869 3003 se
892 2947 1227 3010 redamare,
1264 2945 1367 2999 88d
1398 2949 1621 2999 natura?
1644 2947 2131 2998 consentaneum.

480 3041 617 3095 Nam
658 3045 716 3095 et
735 3035 1033 3108 publicani
1063 3036 1170 3090 hoc
1195 3035 1446 3104 faciunt,
1497 3032 1659 3103 apud
1690 3048 1843 3103 quos
1873 3047 1948 3086 ne
1969 3031 2137 3086 vesti-

2241 1877 2569 1933 τελειοῦνται.

2313 1966 2466 2019 Ἔστι
2516 1966 2574 2021 δὲ
2622 1974 2711 2021 καὶ
2768 1970 2949 2044 ἑτέρως
2999 1971 3153 2022 εἰπεῖν
3188 1988 3199 1999 ·
3233 1970 3406 2032 ’⁷Οπως
3461 1974 3680 2042 γένησθε
3735 1975 3841 2024 υἱοὶ

2241 2065 2332 2108 τοῦ
2367 2062 2515 2126 Θεοῦ,
2551 2056 2599 2109 ἐν
2643 2067 2714 2129 τῷ
2759 2060 3076 2131 ὁμοιωθῆναι
3115 2068 3186 2130 τῷ
3225 2062 3330 2128 Υὶῷ
3381 2061 3558 2128 αὐτοῦ,
3598 2060 3648 2120 ὃς
3679 2066 3844 2134 μυρία

2245 2142 2390 2197 δεινά
2437 2150 2580 2221 παρὰ
2633 2156 2732 2198 τῶν
2792 2147 2994 2222 ἐχθρῶν
3054 2149 3210 2201 αὐτοῦ
3258 2151 3454 2219 παθὼν,
3510 2151 3694 2220 ἠγάπα
3753 2151 3841 2201 αὖ·

2242 2237 2359 2295 τοὺς
2405 2240 2496 2288 καὶ
2547 2235 2829 2312 εὐηργέτει,
2883 2235 3156 2290 διδάσκων
3208 2243 3297 2290 καὶ
3345 2240 3579 2310 ἰώμενος,
3633 2244 3722 2291 καὶ
3769 2243 3841 2291 τέ·

2242 2323 2328 2384 λος
2373 2325 2460 2376 ὑπ’
2511 2325 2677 2377 αὐτῶν
2730 2328 3070 2398 σταυρωθεὶς,
3120 2330 3318 2399 ηὔχετο
3365 2329 3490 2400 ὑπὲρ
3541 2327 3730 2396 αὐτῶν,
3762 2327 3834 2379 λέ-

2242 2435 2346 2485 γων
2378 2429 2390 2440 ⁶
2433 2417 2616 2489 Πάτερ,
2657 2416 2780 2487 ἄφες
2807 2415 2982 2477 αὐτοῖς
3021 2431 3033 2444 ⁸
3075 2416 3132 2468 ού
3171 2420 3270 2491 γὰρ
3311 2413 3494 2468 ὁῖδασι
3519 2436 3572 2468 τι
3597 2425 3832 2472 ποιοῦσι.

2244 2503 2488 2556 Βούλεταί
2520 2523 2577 2556 σε
2606 2508 2776 2556 τοίνυν
2804 2507 2828 2555 ὁ
2862 2509 3094 2578 Χριστὸς
3135 2513 3240 2567 τοῖς
3276 2505 3442 2578 φίλοις
3471 2509 3561 2577 μὲν
3593 2502 3629 2558 δ
3634 2505 3841 2558 ιαλλάτ-

2245 2593 2427 2645 τεσθαι
2460 2612 2473 2625 ·
2531 2592 2728 2666 ’Υπαγε
2773 2596 2896 2667 γὰρ,
2944 2599 3094 2665 φησὶ,
3153 2603 3355 2667 πρῶτον
3406 2591 3725 2667 διαλλάγηθι
3771 2603 3842 2667 τῷ

2246 2677 2450 2753 ἀδελφῷ
2503 2702 2596 2734 σου
2631 2700 2641 2710 ·
2703 2687 2825 2744 τοὺς
2876 2683 3101 2756 ἐχθροὺς
3132 2680 3191 2736 δὲ
3231 2682 3436 2756 ἀγαπᾷν
3467 2689 3557 2737 καὶ
3587 2686 3837 2756 εὔχεσθαι

2246 2770 2371 2844 ὑπὲρ
2403 2770 2591 2840 αὐτῶν,
2617 2775 2685 2833 ὡς
2709 2777 3030 2847 προείρηται.

2319 2859 2436 2911 Ἐἀν
2475 2863 2576 2933 γὰρ
2622 2891 2693 2902 --
2740 2869 3001 2915 ποιοῦσιν.
3057 2861 3168 2913 Οὐκ
3217 2865 3356 2915 ἔστιν
3412 2862 3564 2936 ἀρετὴ
3615 2865 3670 2914 τὸ
3711 2864 3832 2934 ἁγαο

2246 2954 2346 3018 πᾴν
2401 2953 2487 3000 τὸν
2551 2947 2852 3021 ἀγαπῶντα,
2921 2950 3049 3003 ἀ).λά
3109 2955 3303 3024 φύσεως
3378 2952 3677 3006 ἀκολουθία.
3737 2956 3837 3005 Καὶ

2246 3041 2347 3110 γὰρ
2403 3039 2585 3118 καὶξοί
2638 3039 2849 3091 τελῶναι
2900 3048 3052 3093 τοῦτο
3109 3049 3340 3110 ποιοῦσι,
3410 3041 3533 3115 παρ’
3603 3044 3676 3102 οἶς
3723 3038 3842 3093 οὐδὲ

481 3130 645 3201 gium
676 3127 919 3201 quidem
946 3130 1036 3180 est
1067 3125 1319 3181 virtutis.
1379 3125 1529 3179 Sunt
1559 3127 1754 3177 autem
1801 3120 2130 3193 publicani,

2245 3130 2393 3198 ἴχνος
2442 3126 2644 3200 ἀρετῆς.
2694 3128 2916 3180 Τελῶναι
2967 3125 3026 3182 δέ
3065 3130 3217 3198 εἰσιν,
3257 3134 3306 3182 οἱ
3353 3131 3623 3206 φορολογοι
3661 3136 3750 3183 καὶ
3796 3132 3843 3182 οἱ

481 3220 585 3292 qui
621 3216 930 3287 vectigalia
959 3214 1260 3285 colligunt,
1305 3229 1375 3270 ac
1415 3211 1806 3268 commerciar
1836 3211 1875 3265 ii
1915 3213 2002 3281 (ut
2053 3210 2136 3266 sic

480 3307 822 3380 loquamur)
850 3306 951 3378 qui
979 3304 1196 3360 scilicet
1219 3302 1518 3358 mercibus
1541 3302 1745 3356 vivunt
1765 3304 2139 3356 commutan-

481 3399 574 3454 dis
626 3399 708 3468 (ί).
760 3396 935 3450 Erant
975 3399 1176 3450 autem
1209 3392 1471 3448 maxime
1522 3390 1795 3455 infames,
1853 3389 1955 3459 qui
1984 3394 2138 3443 artes

477 3485 824 3558 hujusmodi
849 3482 1221 3546 exercebant,
1255 3486 1544 3551 tanquam
1575 3479 1798 3548 injusti,
1843 3477 2030 3542 avari,
2069 3491 2138 3530 ac

479 3573 773 3630 scelerati.
812 3572 972 3626 Unde
998 3576 1053 3625 et
1082 3569 1140 3624 in
1172 3568 1460 3632 doctrina,
1500 3582 1634 3638 quae
1658 3565 1718 3620 in
1739 3565 1870 3620 loco
1903 3579 2140 3635 campe-

479 3663 581 3720 stri
601 3662 744 3718 data
786 3665 890 3728 est,
916 3675 1021 3732 pro
1060 3657 1399 3729 publicanis
1445 3654 1594 3710 dixit
1651 3659 1991 3727 peccatores
2054 3654 2127 3708 ίί.

481 3754 628 3810 Cum
660 3755 860 3807 autem
908 3763 1103 3819 neque
1149 3746 1454 3818 diligentes
1484 3760 1594 3800 nos
1640 3744 1987 3812 diligamus,
2036 3741 2138 3798 sed

477 3841 854 3899 invideamus
878 3838 1076 3911 potius
1102 3837 1194 3892 his
1226 3836 1328 3908 qui
1352 3835 1526 3892 nobis
1550 3834 1702 3890 bene
1729 3834 1996 3904 cupiunt,
2017 3847 2140 3904 qua

479 3932 744 3997 tandem,
789 3930 1060 3992 obsecro,
1110 3926 1270 3997 digni
1322 3925 1546 3981 erimus
1609 3923 2134 3987 condemnatione,

481 4038 618 4077 cum
659 4035 842 4090 super
885 4017 1117 4072 Scribas
1149 4019 1203 4069 et
1237 4015 1561 4069 Pharisaaos
1603 4013 1664 4067 in
1691 4012 1922 4081 justitia
1952 4010 2140 4065 abun-

481 4110 625 4164 dare
647 4108 815 4178 jussi,
862 4105 1039 4159 etiam
1071 4101 1184 4157 illis
1215 4100 1520 4156 inferiores
1574 4115 1806 4163 sumus,
1842 4099 1945 4170 qui
1976 4097 2140 4168 apud

481 4213 585 4253 eos
613 4196 866 4250 infames
898 4196 1064 4248 erant
1094 4189 1122 4244 7

556 4287 694 4339 Vers
751 4284 838 4337 48.
876 4280 1059 4335 Erilis
1081 4310 1148 4317 —
1172 4282 1275 4334 est.
1299 4277 1408 4342 Qui
1444 4276 1757 4346 diligentes
1777 4291 1838 4330 se
1865 4274 2136 4346 diligunt,

481 4374 543 4430 hi
587 4377 734 4426 certe
779 4370 833 4424 in
881 4367 1193 4423 dilectione
1245 4365 1573 4436 imperfecti
1635 4370 1806 4434 sunt;
1843 4365 1945 4436 qui
2000 4379 2140 4420 vero

482 4463 664 4520 etiam
691 4459 955 4515 inimicos
983 4461 1203 4520 amant,
1231 4454 1295 4510 hi
1326 4469 1467 4510 sane
1498 4453 1737 4525 perfecti
1764 4458 1920 4509 sunt.

555 4553 692 4621 Cap.
727 4549 814 4616 VI,
871 4562 1024 4603 vers.
1054 4550 1100 4600 1.
1131 4517 1417 4602 Aitendite
1447 4517 1514 4583 -έ
1560 4543 1665 4614 qui
1696 4544 1759 4598 in
1819 4543 1977 4600 caelis
2035 4549 2135 4598 est.
2171 4517 2215 4569 D

481 4639 762 4700 Plantatis
798 4638 922 4710 jam
957 4633 1293 4702 virtutibus,
1335 4633 1487 4690 tollit
1515 4633 1798 4705 deinceps
1830 4633 2132 4698 aﬁectum,

482 4731 587 4808 qui
624 4731 706 4787 eis
751 4727 1093 4786 adnascitur
1143 4729 1198 4781 et
1236 4724 1519 4780 molestus
1566 4729 1673 4790 est,
1707 4727 1846 4797 puta
1896 4723 2139 4778 inanem

555 4859 604 4896 ¹⁰
624 4855 761 4913 Luc.
793 4869 948 4926 χχιιι,
975 4850 1064 4908 34.
1092 4851 1136 4887 ¹¹
1173 4851 1303 4908 Luc.
1339 4866 1412 4917 vn,
1435 4849 1525 4907 32.

582 5105 671 5174 87)
702 5112 812 5158 Τῶν
836 5101 1005 5157 abest
1033 5100 1098 5154 A.

582 5111 671 5174 87)
702 5112 812 5158 Τῶν
836 5111 1005 5157 abest
1033 5111 1098 5154 A.

558 5111 667 5247 #88)
693 5180 875 5248 ὅμοιος
902 5187 1043 5241 ergo
1079 5167 1742 5248 estinterpretationis.
1799 5166 1914 5224 Sed
1962 5167 2140 5239 Chry-

487 5241 794 5311 sosto'm'us
822 5246 881 5300 id
912 5243 1093 5298 textui
1120 5241 1332 5297 intulit.

559 5322 670 5396 (89)
697 5324 722 5372 ὁ
771 5318 1030 5390 φυτεύσας
1077 5313 1148 5368 A.
1189 5310 1482 5368 Articulus
1511 5309 1721 5368 abesse
1778 5315 1994 5383 potest.
2035 5317 2132 5364 Φυ-

2248 3219 2668 3291 κομμερκιάριοι.
2731 3215 2941 3292 Σφόδρα
2996 3215 3053 3271 δὲ
3112 3215 3439 3272 διεϐάλλοντο
3503 3223 3568 3271 τὰ
3634 3227 3847 3272 τοιαῦτα

2249 3302 2664 3378 ἐπιτηδεύματα,
2711 3310 2780 3369 ὡς
2831 3305 2996 3360 οῖδικα
3039 3312 3128 3360 καὶ
3180 3308 3512 3360 πλεονεκτικά
3556 3313 3646 3360 καὶ
3677 3307 3847 3380 ἀσυμ-

2247 3396 2410 3452 παθῆ.
2439 3395 2584 3447 Ἐπεὶ
2613 3401 2703 3448 καὶ
2746 3398 2793 3448 ἓν
2967 3396 3051 3449 ἐπὶ
3100 3405 3187 3450 τοῦ
3231 3394 3444 3450 πεδινοῦ
3483 3401 3640 3450 τόπου
3683 3394 3846 3450 διδα-

2253 3483 2461 3556 σκαλίᾳ,
2519 3483 2633 3536 ἀντὶ
2683 3493 2774 3538 τοῦ
2829 3486 3004 3558 εἰπεῖν,
3057 3489 3106 3538 οἱ
3171 3487 3400 3558 τελῶναι,
3449 3489 3498 3539 οὶ
3548 3487 3845 3562 ἀμαρτωλοὶ

2250 3570 2406 3625 εἶπεν.
2446 3571 2606 3625 ’Ὁταν
2639 3571 2698 3626 δὲ
2751 3571 2890 3648 μηδὲ
2922 3580 3040 3638 τοὺς
3098 3574 3402 3648 ἀγαπῶντας
3442 3575 3742 3648 ἀγαπῶμεν,
3798 3575 3845 3627 ἐν

2249 3670 2321 3733 τῷ
2354 3664 2550 3734 φθονεῖν
2591 3660 2961 3737 εὐδοκιμοῦσιν
3005 3664 3199 3736 αὐτοῖς,
3249 3672 3383 3727 τίνος
3421 3667 3515 3718 οὐκ
3562 3665 3621 3717 ἂν
3675 3669 3845 3738 εἴημεν

2250 3751 2388 3814 ἄξιοι
2464 3758 2837 3825 κατακρίσεως,
2921 3757 2968 3806 οἱ
3039 3758 3365 3827 περισσεύειν
3432 3764 3530 3808 τῶν
3598 3761 3847 3828 Γραμμα-

2250 3845 2372 3893 τέων
2425 3847 2515 3893 καὶ
2572 3848 2866 3915 Φαρισαίων
2933 3843 2982 3895 ἐν
3059 3840 3368 3917 δικαιοσύνη
3440 3843 3845 3915 κεκελευσμένοι,

2251 3929 2560 3993 ἐλλείποντες
2627 3935 2716 3982 καὶ
2783 3940 2881 3984 τῶν
2950 3932 3074 4005 παρ’
3144 3931 3352 3995 ἐκείνοις

2250 4018 2474 4071 τελωνῶν
2495 4038 2514 4092 ;

3433 3929 3467 3986 δ
3473 3930 3680 3990 ιαϐεϐλη
3686 3936 3846 4004 μένων

2319 4272 2541 4323 Ἕσεσθε
2571 4302 2636 4312 -
2669 4271 2829 4327 ἐστιν.
2863 4274 2928 4324 Οἱ
2957 4274 3046 4344 μὲν
3069 4270 3362 4344 ἀγαπῶντες
3389 4276 3508 4335 τοὺς
3541 4271 3850 4345 ἀγαπῶντας

2250 4361 2463 4429 αὐτούς,
2495 4359 2686 4423 ἀτελεῖς
2719 4361 2849 4414 εἰσιν
2881 4361 2949 4424 εἰς
2981 4360 3184 4433 ἀγάπην
3217 4381 3230 4395 ο
3270 4365 3319 4414 οἱ
3359 4359 3418 4414 δὲ
3446 4365 3568 4424 τοὺς
3598 4361 3844 4436 ἐχθροὺς,

2251 4452 2394 4503 οὗτοι
2418 4450 2619 4502 τέλειοι.

2323 4544 2614 4614 Προσέχετε
2662 4571 2730 4579 -—
2786 4548 2857 4611 τῷ
2939 4539 2986 4592 ἐν
3066 4547 3177 4603 τοῖς
3253 4541 3510 4616 οὐρανοῖς.
3584 4543 3847 4600 Φυτεύσας

2249 4627 2356 4688 ἤδη
2407 4633 2499 4691 τάς
2544 4628 2746 4704 ἀρετὰς,
2799 4629 2977 4682 λοιπὸν
3032 4629 3233 4705 ἀναιρεί
3281 4636 3368 4683 καὶ
3418 4634 3474 4682 τὸ
3519 4633 3848 4704 παραφυόμεο

2248 4739 2330 4772 νον
2379 4724 2469 4771 καὶ
2508 4717 2750 4792 ἐνοχλοῦν
2801 4718 2980 4780 αὐταῖς
3036 4721 3220 4784 πάθος,
3270 4719 3400 4791 λέγω
3457 4716 3524 4778 δὴ
3576 4724 3670 4778 τὴν
3713 4735 3843 4770 κενο-

1733 4942 1960 5013 Variae
1983 4941 2312 5010 lectiones
2358 4951 2422 5008 et
2468 4951 2667 5010 notae.

2245 5095 2433 5176 τεύσας
2485 5091 2615 5175 ἠδη,
2666 5093 2845 5176 ἱρῐΘΙΙ.
2893 5097 3238 5176 ,ᾁΛΧριστὸᾳ
3295 5095 3556 5176 Credidit
3629 5093 3847 5176 scriba,

2245 5165 2627 5307 zqgrgrigcipio
2658 5165 2866 5232 deesse
2889 5165 3145 5226 litteram
3187 5167 3613 5240 majusculam.
3659 5165 3853 5223 Pinxit

559 5447 626 5521 (ἰ)
661 5445 732 5501 Ut
755 5443 838 5498 sic
869 5470 938 5521 -έ
963 5435 1553 5520 commutandisiiaec
1583 5436 1777 5495 aliena
1802 5441 1957 5495 sunt.
1991 5436 2341 5510 Euthymius
2379 5435 2478 5493 hic
2506 5438 2736 5493 tantum
2773 5437 3106 5511 explicabat
3131 5437 3361 5507 τελῶναί,
3394 5437 3693 5496 vocabulo
3730 5451 3846 5492 sua

487 5511 656 5579 aetate
682 5517 991 5580 consueto,
1019 5511 1456 5569 commerciarii.
