4206 6310
275 288 390 345 229

1276 274 1649 338 COMMENT.
1699 277 1771 335 IN
1811 275 2260 336 MATTH/EUM-
2299 308 2369 321 —
2408 279 2573 337 CAP.
2622 280 2695 339 V.

3541 282 3647 338 230

286 411 489 481 δοξίαν,
520 411 579 470 ἣν
617 414 727 481 καὶ,
751 411 883 483 μετὰ
930 412 990 463 τὸ
1053 414 1307 481 φυτεῦσαι
1357 410 1422 459 τὰ
1476 408 1878 479 κατορθώματα,

2002 405 2265 476 gloriam,
2310 422 2498 478 quam
2545 408 2724 463 etiam
2771 407 2985 474 avellit,
3036 411 3354 479 postquam
3403 409 3646 478 egregia

288 502 516 572 ἀνασπᾷ,
581 498 720 553 διότι
773 500 831 551 ού
888 502 986 572 πρὸ
1065 500 1281 561 τούτων,
1351 495 1480 548 ἀλλὰ
1536 497 1664 567 μετὰ
1720 504 1887 548 ταῦτα

288 593 631 667 παραφύεται.
691 585 975 651 Κενοδοξία
1029 589 1151 660 γὰρ,
1204 589 1260 637 τὸ
1310 588 1433 659 πρὸς
1490 581 1739 647 ἐπίδειξιν
1803 582 1885 635 ἀν-

289 684 503 755 θρώπων
568 680 854 751 κατορθοῦν
932 696 1002 730 τι.
1076 680 1177 729 Καὶ
1244 676 1357 746 ὅρα,
1425 676 1579 725 πόθεν
1660 675 1885 746 ἄρχεται

286 766 494 821 διώκειν
554 767 715 825 αὐτὴν
748 783 762 797 ⁸
825 765 924 819 ἀπὸ
972 773 1063 825 τῆς
1111 764 1476 836 ἐλεημοσύνης,
1529 767 1618 814 καὶ
1671 770 1761 821 τῆς
1807 760 1885 812 εύ-

276 865 410 929 χῆς,
461 860 553 908 καὶ
604 864 700 917 τῆς
745 858 1006 915 νηστείας.
1060 857 1203 905 Διότι
1250 854 1450 911 τούτοις
1495 853 1728 922 μάλιστα
1782 856 1886 909 τοῖς

275 947 687 1020 κατορθώμασιν
789 943 1157 1016 ἐμφιλόχωρεῖ,
1240 941 1298 993 ⁷0
1384 948 1509 1011 γοῦν
1602 944 1885 1012 Φαρισαῖος

272 1037 623 1107 προσηύχετό
682 1053 736 1085 τε
790 1032 926 1104 (90),
1002 1027 1287 1093 κενοδόξως
1353 1027 1767 1100 ἐπιδεικνύμενος
1813 1035 1885 1077 τῶ

274 1123 495 1196 τελώνῃ,
545 1128 636 1175 καὶ
672 1122 958 1195 κομπάζων
994 1120 1128 1191 ἔλεγε
1162 1141 1173 1153 ·
1207 1120 1459 1176 Νηστεύω
1504 1114 1590 1179 δὶς
1640 1126 1736 1177 τῆς
1774 1115 1883 1187 (91)

280 1209 581 1284 ἑϐδομάδος
604 1229 616 1240 ·
659 1208 969 1264 ἀποδεκατῶ
998 1228 1098 1282 μου
1136 1227 1303 1261 παντα
1330 1208 1396 1259 τὰ
1424 1209 1753 1282 ὑπάρχοντα.

360 1305 654 1375 Προσέχετε
699 1296 758 1352 δὲ
806 1296 962 1363 εἶπεν,
1004 1297 1281 1370 ἐμφαίνων,
1330 1297 1409 1348 ὃτι
1446 1298 1504 1348 τὸ
1535 1298 1712 1367 θηρίον
1763 1300 1883 1346 τοῦ-

282 1409 345 1442 το
401 1389 682 1449 λεληθότως
736 1384 1137 1461 παρεισδύεται,
1199 1383 1354 1443 δίκην
1410 1384 1650 1437 κλέπτου.
1710 1383 1883 1437 Εἰπὼν

286 1475 367 1543 δε,
429 1483 743 1551 Προσέχετε,
821 1482 915 1534 τὴν
970 1475 1316 1548 ἐλεημοσύνην
1388 1476 1530 1546 ὑμῶν
1591 1479 1660 1546 μὴ
1722 1480 1884 1525 ποιεῖν

285 1569 580 1640 ἔμπροσθεν
638 1575 737 1618 τῶν
805 1564 1103 1639 ἀνθρώπων,
1179 1564 1271 1616 οὐκ
1327 1566 1453 1621 ἔστη
1534 1567 1698 1638 μέχρι
1769 1564 1886 1613 τού-

287 1675 405 1721 του,
441 1657 523 1707 ἶνα
560 1660 657 1727 μὴ,
687 1652 780 1707 διὰ
822 1658 882 1706 τὸ
934 1653 1139 1726 βλέπειν
1183 1654 1347 1717 τινὰς,
1390 1648 1746 1726 παραδράμῃς
1797 1653 1884 1702 τὸν

294 1740 535 1815 δεόμενον
569 1764 583 1777 ο

289 1840 404 1894 τοῖς
437 1854 449 1865 ·
480 1833 657 1903 λέγων,
712 1836 1020 1904 Προσέχετε,
1053 1834 1123 1903 μὴ
1171 1826 1262 1881 διὰ
1307 1837 1456 1881 τοῦτο
1507 1837 1671 1882 ποιεῖν
1723 1829 1885 1887 αὐτὴν

288 1920 504 1973 ἐνώπιον
543 1929 641 1971 τῶν
679 1919 977 1993 ἀνθρώπων,
1023 1916 1118 1970 διὰ
1163 1922 1221 1970 τὸ
1273 1920 1519 1977 θεαθῆναι
1571 1918 1768 1980 αὐτοῖς.
1827 1919 1887 1970 Εἰ

285 2011 391 2083 γὰρ
439 2014 509 2081 μὴ
553 2006 648 2061 διὰ
697 2016 848 2060 τοῦτο
890 2011 1084 2065 ταύτην
1131 2008 1244 2078 (92)
1290 2012 1549 2074 ποιήσετε,
1592 2004 1742 2060 ούδεν
1790 2028 1886 2059 κω-

286 2096 400 2149 λύει
449 2101 539 2149 καὶ
592 2100 879 2171 ἔμπροσθεν
934 2097 1098 2149 αὐτῶν
1171 2099 1366 2154 ταύτην
1412 2104 1596 2149 ποιεῖν.
1651 2096 1709 2149 Ὀ
1764 2116 1885 2149 σκο-

284 2191 383 2247 πὸς
425 2189 525 2259 γὰρ
578 2186 741 2247 αὐτῆς
774 2185 1085 2250 ἐξετάζεται,
1135 2186 1239 2257 οὐχ
1275 2188 1299 2237 ό
1334 2190 1539 2258 τρόπος.
1588 2186 1734 2240 Ἐστι
1784 2190 1884 2261 ’γὰρ

280 2282 376 2327 καὶ
436 2277 726 2348 ἔμπροσθεν
772 2283 869 2327 τῶν
925 2274 1204 2348 ἀνθρώπων
1260 2282 1529 2342 ποιοῦντα,
1588 2280 1659 2347 μὴ
1724 2283 1885 2328 ποιεῖν

278 2367 413 2437 πρὸς
454 2361 729 2430 ἐπίδειξιν,
770 2362 916 2436 [ὅταν
955 2365 1069 2433 (93)
1123 2384 1199 2424 τις
1248 2360 1341 2415 διὰ
1381 2370 1542 2435 μόνην
1589 2371 1711 2436 ποιῇ
1757 2383 1887 2435 συμ-

284 2454 507 2505 πάθειαν
537 2473 549 2485 ·
592 2457 683 2504 καὶ
735 2456 806 2523 μὴ
864 2454 1148 2524 ἔμπροσθεν
1188 2452 1357 2504 αὐτῶν
1403 2460 1671 2520 ποιοῦντα,
1723 2459 1886 2505 ποιεῖν

291 2544 426 2614 πρὸς
455 2537 768 2611 ἓπίδειξιν,]
804 2542 925 2592 ὅταν
959 2545 1029 2612 μὴ
1065 2537 1159 2592 διὰ
1202 2543 1396 2598 ταύτην
1428 2541 1541 2613 (94)
1580 2548 1725 2612 ποιῇ,
1761 2540 1888 2592 ἀλλὰ

294 2626 331 2682 δ
338 2634 393 2682 ιὰ
420 2633 477 2681 τὸ
503 2632 840 2704 κηρυχθῆναι
870 2630 970 2681 ύπό
1000 2637 1091 2681 τοῦ
1117 2628 1423 2691 ἐλεηθέντος.

366 2721 568 2772 Μισθόν
614 2716 694 2787 δὲ,
743 2724 919 2790 φησιν,
967 2718 1060 2770 ούκ
1098 2721 1246 2790 ἔχετε
1270 2723 1414 2792 παρὰ
1444 2726 1510 2789 τῷ
1562 2727 1695 2790 Θεῷ,
1749 2716 1887 2771 διότι

286 2812 435 2883 παρὰ
506 2807 798 2882 ἀνθρώποις
857 2808 1152 2867 ἐζητήσατε
1217 2809 1405 2878 μισθόν
1477 2816 1571 2869 τῆς
1644 2811 1888 2868 τοιαύτης

282 2896 656 2969 ἕλεημοσύνης,
720 2899 805 2948 τὸν
882 2897 1009 2969 ὑπερ
1082 2899 1272 2955 ταύτης
1351 2899 1574 2949 ἔπαινον.

288 2984 353 3039 δε
408 2988 619 3043 τιθησιν
677 2984 724 3036 ἐν
772 2993 881 3047 τοῖς
936 2985 1105 3057 λόγοις
1151 2988 1239 3037 τὸν
1294 2990 1499 3059 Πατέρα
1551 2990 1638 3037 τόν
1683 2986 1730 3038 ἐν
1780 2995 1889 3047 τοῖς

1651 2905 1887 2970 Συνεχῶς

1996 495 2287 567 plantavit
2316 496 2591 552 virtutum
2618 512 2801 568 opera
2830 518 2840 556 :
2877 514 2998 553 non
3022 499 3180 554 enim
3200 500 3362 571 prius
3378 499 3643 571 pullulat,

1997 585 2095 639 sed
2150 590 2282 656 post
2326 585 2475 657 ipsa.
2539 589 2633 642 Est
2703 603 2968 659 namque
3020 588 3212 643 inanis
3254 589 3439 656 gloria
3491 589 3645 645 bene

1996 674 2310 745 quippiam
2341 675 2566 745 Operari
2608 675 2685 730 ad
2723 675 3038 732 hominum
3077 679 3549 736 ostentationem.
3584 681 3646 735 Et

1997 762 2129 816 vide
2158 763 2317 818 unde
2354 779 2487 818 eam
2524 764 2767 834 incipiat
2797 766 3119 836 expellere;
3153 768 3229 821 ab
3271 769 3647 840 eleemosyna

1997 850 2283 914 videlicet,
2312 851 2576 908 oratione
2595 854 2733 924 etjej
2746 855 2884 908 unio
2902 873 2913 906 :
2928 854 3174 926 quiahis
3196 856 3453 912 maxime
3471 857 3645 913 bonis

1996 940 2271 1009 operibus
2302 940 2550 996 libenter
2581 942 2918 997 insidiatur.
2961 943 3121 999 Sicut
3154 944 3481 999 Pharisaeus
3506 961 3644 1001 cum

1995 1028 2158 1084 inani
2173 1030 2361 1099 gloria
2380 1030 2610 1096 orabat,
2632 1031 2834 1086 dicens
2862 1047 2873 1086 :
2900 1032 3119 1100 Jejuno
3148 1032 3229 1087 bis
3260 1034 3321 1088 in
3339 1033 3584 1090 Sabbato
3629 1052 3641 1089 :

1995 1118 2243 1175 decimas
2272 1119 2341 1175 do
2368 1121 2633 1176 omnium
2664 1136 2791 1192 qum
2817 1122 3082 1189 possideo
3114 1123 3180 1177 1³.

2064 1296 2212 1353 Dicit
2253 1300 2453 1353 autem
2487 1314 2501 1353 :
2547 1298 2867 1363 Attendite,
2910 1298 3219 1354 insinuans
3261 1300 3444 1355 feram
3492 1298 3648 1356 hanc

1993 1386 2241 1442 latenter
2286 1387 2345 1441 in
2394 1387 2642 1441 modum
2690 1387 2831 1442 furis
2881 1387 3152 1459 irrepere.
3207 1389 3415 1445 Dicens
3464 1405 3642 1446 vero:

1992 1476 2291 1531 Attendite
2319 1491 2391 1531 ne
2419 1477 2844 1545 elemosynam
2877 1484 3120 1532 vestram
3145 1480 3429 1547 praestratis
3451 1495 3646 1535 coram

1996 1565 2339 1631 hominibus,
2375 1580 2494 1619 non
2526 1564 2605 1619 ibi
2633 1566 2980 1636 permansit,
3008 1568 3176 1638 quasi
3210 1568 3379 1623 vellet
3408 1573 3471 1623 ut
3499 1568 3646 1623 indi-

1996 1658 2232 1723 gentem
2263 1657 2683 1724 praetereas,ne
2700 1655 2803 1726 qui
2822 1655 2935 1709 hoc
2968 1655 3225 1720 videant,
3260 1656 3363 1710 sed
3387 1657 3640 1712 addidit:

643 1742 768 1795 ἀλλὰ
813 1743 1122 1817 προσέθηκε,
1184 1744 1322 1813 Πρὸς
1367 1744 1426 1793 τό
1494 1742 1739 1799 θεαθῆναι
1796 1740 1884 1791 αύ-

2004 1744 2074 1799 Πι
2104 1742 2546 1811 conspz’ciamini
2570 1743 2644 1798 ab
2669 1743 2782 1809 eis;
2817 1760 2886 1798 ac
2916 1744 2960 1798 si
2984 1745 3198 1800 diceret
3227 1745 3543 1801 :Attendite
3573 1761 3645 1801 ne

1996 1838 2238 1905 propter
2274 1831 2389 1886 hoc
2428 1847 2561 1886 eam
2593 1847 2796 1887 coram
2853 1833 3199 1888 hominibus
3239 1834 3530 1899 tribuatis,
3584 1839 3647 1890 ut

1996 1920 2442 1992 conspiciamini
2472 1920 2549 1974 ab
2562 1920 2643 1975 eis
2674 1937 2685 1985 ;
2717 1921 2761 1975 si
2790 1920 2951 1976 enim
2973 1938 3094 1977 non
3114 1928 3353 1993 propter
3373 1923 3487 1978 hoc
3509 1939 3645 1978 eam

1996 2008 2294 2074 dederitis,
2320 2008 2465 2063 nihil
2480 2014 2638 2063 vetat
2658 2008 2834 2065 etiam
2854 2025 3055 2064 coram
3082 2010 3227 2081 ipsis
3246 2027 3379 2067 eam
3394 2012 3644 2067 tradere.

1998 2098 2152 2154 Finis
2183 2113 2440 2169 namque
2472 2098 2600 2167 ejus
2617 2098 2920 2169 quaeritur,
2946 2115 3066 2155 non
3091 2100 3324 2154 modus.
3351 2099 3649 2171 Contingit

1997 2188 2156 2243 enim
2226 2191 2282 2241 et
2337 2202 2538 2241 coram
2578 2185 2924 2241 hominibus
2978 2188 3336 2243 tribuentem
3394 2205 3516 2245 non
3573 2190 3647 2243 ad

1996 2276 2456 2332 ostentationem
2499 2275 2772 2346 praebere,
2822 2276 3067 2347 quando
3102 2279 3234 2348 quis
3278 2278 3403 2334 sola
3447 2284 3645 2333 motus

1997 2366 2417 2436 compassione
2482 2364 2706 2435 praebet
2739 2382 2752 2431 ;
2781 2372 2985 2419 etnon
3035 2366 3391 2422 tribuentem
3444 2383 3646 2422 coram

1995 2452 2350 2519 hominibus,
2372 2452 2445 2507 ad
2471 2454 2927 2509 ostentationem
2943 2453 3220 2521 tribuere,
3248 2456 3495 2527 quando
3525 2472 3647 2511 non

1995 2542 2272 2599 inductus
2302 2543 2721 2613 compassione
2747 2542 2988 2613 praebet,
3022 2544 3125 2598 sed
3146 2549 3205 2600 ut
3238 2561 3342 2616 pro
3373 2561 3647 2617 compas-

1996 2630 2117 2685 sivo
2149 2630 2503 2701 prmdicetur
2532 2631 2625 2701 (j).

2066 2719 2396 2785 Prmmium,
2430 2719 2640 2790 inquit,
2683 2735 2803 2774 non
2834 2720 3068 2775 habetis
3092 2720 3254 2792 apud
3281 2723 3485 2788 Deum,
3507 2723 3649 2793 quia

1997 2808 2155 2880 apud
2186 2809 2459 2863 homines
2487 2808 2617 2863 talis
2643 2808 2996 2881 eleemoynae
3031 2811 3339 2881 przemium
3374 2812 3646 2883 quaesivi-

1998 2899 2125 2962 stis,
2152 2903 2297 2969 puta
2323 2896 2560 2952 laudem
2589 2902 2819 2968 propter
2840 2898 3056 2969 ipsam.
3083 2900 3250 2955 Ponit
3273 2905 3470 2956 autem
3497 2918 3649 2956 sem-

1996 3003 2102 3059 per
2127 2987 2277 3042 inter
2303 2986 2418 3042 alia
2444 2986 2625 3041 verba
2653 2987 2874 3043 Patrem
2900 2990 3007 3058 qui
3031 2989 3093 3043 in
3125 2989 3282 3044 caelis
3306 2996 3403 3055 est,
3441 2990 3649 3045 admo-

287 3075 551 3150 οὐρανοῖς,
624 3073 872 3149 ἐντρέπων
956 3074 1164 3139 αύτούς,
1237 3076 1317 3126 ὄτι
1401 3079 1606 3150 Πατέρα
1685 3079 1886 3147 ἔχοντες

2002 3092 2143 3132 nens
2173 3077 2358 3148 ipsos,
2392 3080 2455 3130 ut
2485 3075 2720 3131 Patrem
2744 3076 2801 3130 in
2832 3076 2992 3131 ccelis
3016 3076 3324 3143 habentes,
3352 3084 3649 3135 terrenum

286 3165 551 3240 ούρανιον,
601 3168 762 3234 γήϊνα
819 3171 1086 3237 φρονοῦσι,
1140 3168 1230 3215 καὶ
1284 3164 1395 3235 ἅμα
1449 3166 1769 3237 παραθήγων
1824 3166 1890 3226 εἰς

285 3258 351 3307 τὸ
384 3253 751 3306 πολιτεύεσθαι
790 3251 950 3314 ἀξίως
977 3254 1210 3305 τοιούτου
1251 3257 1472 3328 Πατρός.

362 3342 524 3396 Ὀταν
580 3373 647 3382 -
704 3341 892 3394 αὐτῶν.
950 3342 1220 3394 Ἐπιτείνει
1289 3347 1382 3400 τὴν
1450 3343 1747 3419 ἀποτροπὴν
1800 3352 1890 3405 τῆς

289 3436 424 3505 πρὸς
502 3428 756 3494 ἐπίδειξιν
840 3430 1206 3503 ἐλεημοσύνης.
1293 3436 1379 3490 Μὴ
1470 3432 1731 3506 σαλπίσῃς
1808 3430 1887 3502 δὲ,

291 3520 408 3574 ἀντὶ
450 3529 561 3587 τοῦ,
593 3525 665 3592 μὴ
715 3516 1099 3593 δημοσιεύσης,
1161 3524 1281 3593 πρὸς
1336 3524 1395 3573 τὸ
1432 3524 1731 3593 γνωσθῆναι
1781 3531 1888 3584 τοῖς

289 3610 609 3682 ἀνθρώποις,
689 3610 756 3661 Οἱ
834 3611 936 3683 γὰρ
1014 3608 1351 3670 σαλπίζοντες
1410 3614 1538 3684 πρὸς
1605 3615 1664 3663 τὸ
1736 3610 1890 3664 ἀκου-

294 3701 492 3757 σθῆναι
522 3705 594 3767 τῷ
623 3697 807 3755 πλήθει
856 3697 1195 3757 σαλπίζουσι.
1243 3705 1378 3752 Φασι
1414 3696 1472 3751 δε
1513 3719 1660 3762 τινες,
1714 3702 1792 3752 ὅτι
1842 3704 1890 3752 οἱ

294 3789 578 3858 ὑποκριταὶ
624 3790 737 3837 τότε
788 3782 880 3838 δια
939 3786 1226 3857 σάλπιγγος
1278 3787 1587 3839 συνεκάλουν
1637 3792 1753 3848 τοὺς
1798 3786 1889 3841 δε-

302 3877 543 3944 σμένους.
616 3872 913 3947 Ὑποκριτὴς
970 3871 1031 3927 δέ
1101 3874 1261 3946 ἐστιν,
1320 3877 1345 3927 ό
1398 3876 1563 3949 ἕτερον
1643 3880 1733 3949 μὲν
1799 3879 1887 3947 ὢν,

296 3962 469 4035 ἕτερον
548 3959 606 4014 δὲ
683 3967 994 4036 φαινόμενος,
1063 3960 1136 4015 δι’
1204 3962 1528 4037 ἀνθρωπίνην
1593 3964 1885 4037 ἀρέσκειαν.

298 4049 553 4103 Κάκείνων
608 4053 705 4125 γὰρ
760 4056 819 4103 τὸ
892 4056 983 4124 μὲν
1036 4059 1362 4127 προσωπεῖον
1415 4052 1759 4126 ἐλεημοσύνης
1805 4052 1884 4113 ἦν’

293 4142 353 4190 τό
414 4134 474 4191 δὲ
526 4143 822 4213 πρόσωπον,
876 4137 1209 4213 δοξομανίας.
1268 4141 1559 4213 Ἀπέχουσι
1627 4141 1709 4209 δὲ,
1776 4143 1889 4197 ἀντὶ

289 4235 404 4299 τοῦ,
436 4230 563 4300 ἔχου
573 4247 646 4282 σι.

360 4324 458 4370 Σοῦ
490 4314 639 4369 δε-
672 4336 754 4370 σοι
784 4318 918 4390 (95).
952 4318 1141 4389 Εἰπὼν,
1172 4327 1282 4382 πῶς
1322 4316 1405 4372 δεῖ
1439 4324 1510 4393 μὴ
1552 4329 1736 4387 ποιεῖν,
1786 4321 1889 4375 λοι-

287 4408 384 4460 πὸν
418 4405 574 4478 λέγει,
606 4411 697 4459 καὶ
731 4414 840 4469 πῶς
880 4404 962 4459 δεῖ
990 4416 1178 4464 ποιεῖν,

362 4584 623 4636 Ἐνταῦθα
661 4580 742 4655 δὲ,
783 4581 877 4637 διὰ
922 4594 1017 4648 τῆς
1060 4584 1338 4662 ἀριστερᾶς
1380 4590 1581 4661 χειρὸς,
1632 4592 1752 4651 τοὺς
1800 4588 1887 4662 ἐγ-

286 4674 497 4747 γυτάτω
554 4680 644 4726 καὶ
715 4674 1056 4738 οἰκειοτάτους
1106 4675 1339 4749 ᾐνίξατο.
1393 4673 1558 4729 Οὐδὲν
1630 4680 1729 4752 γάρ
1804 4696 1889 4730 σοι

286 4770 380 4824 τῆς
427 4768 608 4838 χειρός
658 4782 752 4816 σου
810 4763 1080 4840 ἐγγύτερόν
1113 4784 1168 4819 τε
1224 4769 1313 4819 καὶ
1362 4766 1688 4840 οἰκειότερον.
1733 4763 1887 4825 Μηδὲ

360 4917 411 4951 ¹²
436 4915 585 4973 Luc.
615 4931 781 4984 xvnr,
818 4921 905 4978 l2.

1997 3163 2351 3236 despiciant,
2402 3164 2578 3218 simul
2630 3164 2810 3219 etiam
2856 3164 3132 3235 incitans,
3188 3171 3250 3221 ut
3304 3167 3649 3236 hujusmodi

1998 3257 2157 3309 Patre
2178 3253 2357 3321 digne
2387 3257 2827 3307 conversentur.

2068 3343 2227 3396 Vers.
2283 3343 2335 3395 2.
2399 3342 2543 3396 Cum
2575 3372 2643 3379 —
2676 3356 2866 3398 suam.
2923 3346 3111 3411 Auget
3167 3342 3643 3399 dehortationem

1996 3431 2381 3502 eleemosynaa
2427 3429 2505 3485 ad
2543 3429 3001 3486 ostentationem
3055 3432 3343 3501 prmstitae.
3376 3434 3461 3488 Ne
3506 3434 3649 3489 tuba

1996 3519 2270 3585 canas,id
2311 3524 2416 3585 est,
2450 3535 2524 3574 ne
2555 3519 2819 3590 publices
2853 3524 2914 3575 ut
2946 3520 3021 3576 ab
3062 3521 3409 3576 hominibus
3466 3538 3649 3591 agno-

1999 3614 2215 3665 scatur.
2259 3608 2366 3671 Qui
2414 3608 2571 3664 enim
2612 3608 2758 3664 tuba
2808 3614 3048 3672 canunt,
3086 3615 3148 3664 ut
3193 3626 3228 3665 a
3276 3610 3649 3667 multitudine

1997 3700 2337 3762 audiantur,
2372 3697 2706 3753 buccinant.
2728 3698 2971 3762 Quidam
2999 3704 3196 3755 autem
3228 3699 3451 3763 dicunt,
3485 3701 3650 3772 quod

1995 3787 2093 3843 illo
2115 3792 2382 3859 tempore
2410 3785 2738 3857 hypocritae
2770 3786 2911 3842 tuba
2938 3787 3354 3843 convocabant
3383 3788 3654 3858 indigen-

1998 3880 2104 3932 tes.
2120 3878 2428 3931 Estautem
2443 3875 2751 3946 hypocrita
2762 3875 2865 3946 qui
2888 3875 3039 3930 alius
3056 3881 3299 3947 apparet
3322 3884 3531 3948 propte
3546 3877 3653 3933 liu-

1998 3980 2244 4021 manam
2264 3964 2601 4020 comitatem
2626 3964 2729 4035 (Ir).
2760 3963 2963 4020 Vultus
2981 3964 3299 4036 siquidem,
3325 3970 3429 4021 aut
3453 3967 3652 4038 potius

1996 4055 2164 4111 larva
2186 4052 2443 4117 illorum,
2477 4052 2898 4108 misericordiae
2925 4058 3030 4119 est,
3063 4058 3279 4110 natura
3328 4070 3465 4110 vero
3518 4072 3651 4127 per-

1998 4159 2154 4199 sonae
2169 4143 2442 4197 insanam
2457 4141 2656 4211 gloriae
2671 4142 3074 4214 appetentiam
3096 4143 3334 4198 indicat.
3369 4146 3649 4214 lie/erunt

1996 4238 2218 4300 autem,
2250 4232 2365 4287 hoc
2385 4235 2494 4303 est,
2522 4230 2815 4295 auferunt,
2834 4231 3058 4287 habent
3085 4241 3419 4289 mercedem
3452 4250 3649 4289 suam.

2068 4322 2239 4379 Vers.
2270 4324 2329 4376 3.
2373 4322 2448 4375 Te
2477 4337 2604 4376 vero
2635 4350 2701 4360 -
2731 4320 2925 4376 reddet
2971 4320 3095 4377 tibi.
3131 4324 3452 4394 Postquam
3482 4323 3647 4393 dixit,

1919 4430 1965 4486 ι)
1996 4409 2302 4483 quomodo
2330 4413 2597 4480 oporteat
2624 4424 2747 4465 non
2764 4408 3050 4481 praebere,
3071 4426 3229 4465 nunc
3258 4410 3654 4483 dicitquomo-

1997 4500 2076 4555 do
2105 4503 2386 4571 praestare
2403 4502 2692 4569 oporteat.

2067 4589 2185 4646 Per
2201 4587 2499 4643 sinistram
2526 4593 2726 4643 autem
2757 4603 3027 4655 manum,
3048 4604 3149 4644 eos
3171 4589 3273 4660 qui
3294 4589 3354 4643 in
3386 4590 3651 4660 proximo

1999 4682 2137 4734 sunt
2155 4693 2223 4734 ac
2242 4676 2560 4735 familiares
2591 4676 2971 4745 signiﬁcavit:
2994 4676 3141 4732 nihil
3171 4677 3322 4731 enim
3346 4693 3529 4733 manu
3552 4683 3651 4736 tua

1996 4767 2245 4825 vicinius
2263 4783 2332 4824 ac
2344 4765 2689 4823 familiarius
2705 4770 2814 4822 est.
2842 4768 3038 4838 Neque
3066 4766 3147 4835 hi,
3168 4765 3381 4837 inquit,
3398 4765 3651 4823 dexterae

1512 5016 1735 5090 Varia:
1766 5017 2093 5089 lectiones
2127 5028 2191 5087 et
2222 5028 2428 5087 notae.

386 5156 478 5231 90)
502 5162 639 5227 τότε,
669 5175 779 5233 pro
810 5179 865 5214 τε
896 5162 962 5216 Α.

386 5236 478 5307 91)
498 5234 751 5307 Οξιδεεει
770 5233 1175 5307 interpretatio
1198 5234 1474 5307 vocabuli
1488 5242 1579 5288 τοῦ
1597 5234 1881 5292 Σαϐϐάτου.

289 5300 380 5377 Ita
407 5300 587 5377 etiam
618 5300 1097 5376 Chrysostftom.
1125 5307 1235 5369 νη,
1263 5324 1321 5377 ρ.
1345 5306 1468 5362 352.

364 5375 474 5447 (92)
500 5376 669 5432 Forte
694 5375 970 5435 ποιήσητε.

366 5500 428 5573 (ἱ)
453 5503 505 5557 Ρ
509 5518 575 5558 νο
587 5504 941 5579 συνηραεείυο
958 5505 1340 5574 praedicetur.
1361 5505 1451 5563 Ab
1471 5521 1563 5573 eo,
1588 5506 1760 5579 cujus
1782 5505 1889 5563 mi-

294 5579 481 5629 sertus
505 5579 609 5649 est,
643 5576 1019 5649 praedicetur.

2086 5165 2175 5236 93)
2205 5162 2439 5236 Inclusa
2476 5158 2841 5236 exciderunt,
2888 5159 2967 5219 ob
3006 5160 3230 5236 duplex
3275 5164 3417 5232 ὃταν,
3452 5165 3522 5220 Α.

2087 5234 2174 5306 9i)
2204 5235 2387 5290 intell.
2416 5239 2510 5292 τήν
2544 5234 2901 5306 συμπάθειαν.

2087 5305 2175 5377 95)
2220 5305 2679 5382 U_t_erque_meus
2724 5305 2786 5360 in
2817 5305 2931 5382 ﬁne
2960 5322 3169 5382 versus
3209 5308 3448 5382 omittit,
3488 5307 3537 5361 ἐν
3577 5319 3649 5382 τῷ

1994 5377 2208 5452 φανερῷ.
2253 5377 2573 5433 Hentenius
2618 5383 2819 5434 tamen
2873 5377 3155 5449 habebat,
3195 5379 3260 5434 in
3312 5377 3645 5450 propatulo.

2157 5165 2175 5377 ξ

2070 5503 2158 5579 (k)_
2183 5505 2430 5579 RrOpter
2456 5504 2765 5562 humanam
2791 5505 3133 5563 comitatem.
3150 5504 3355 5563 Studio
3373 5505 3650 5579 placendi

1995 5574 2366 5634 hominibus.
