4206 6310
615 305 715 364 231

1935 298 2293 364 EUTHYMII
2331 297 2662 360 ZIGABENI

3884 305 4009 363 232

620 438 733 491 tute
745 434 1184 505 eleemosynam
1203 437 1552 503 agnoscant.
1571 434 1682 486 Aut
1696 431 2172 503 perliyperbolen
2189 446 2250 486 es

2383 429 2546 500 οὗτοι,
2593 433 2742 502 φησὶ,
2788 433 3066 500 γνώτωσαν
3114 436 3203 489 τῆς
3247 423 3425 491 δεξιᾶς
3481 447 3575 482 σου
3632 433 3724 488 τὴν
3780 429 4001 504 ἐλεημο.

616 540 841 588 sermo,
876 539 1110 595 nempe,
1147 526 1209 578 Et
1241 522 1433 593 ipsam
1467 522 1764 576 sinistram
1797 521 2228 576 lateatdextera
2256 536 2268 574 :

613 628 720 684 per
739 613 904 684 quod
935 613 1346 668 manifestatur
1393 611 1716 684 plurimum
1747 615 2021 682 oportere
2067 610 2270 666 latere.

682 792 769 861 -ι--ι-
799 790 926 847 Alia
955 791 1133 846 etiam
1160 789 1408 853 ratione,
1437 789 1644 845 dextra
1670 788 1918 860 quidem
1949 792 2037 844 est
2065 789 2267 853 virtus,

610 879 847 936 sinistra
899 886 1100 936 autem
1146 878 1454 934 vitiositas.
1502 881 1580 933 Ne
1628 878 1809 947 igitur
1838 884 2047 934 noscat
2101 877 2272 932 vitio-

610 970 752 1024 sitas
783 969 940 1024 facta
992 969 1212 1024 virtutis
1253 984 1356 1039 per
1400 967 1912 1036 communionem,
1971 965 2077 1022 sed
2141 965 2269 1021 sine

613 1057 1041 1113 communione
1073 1057 1197 1112 vitii
1239 1057 1560 1112 honestum
1606 1061 1661 1112 et
1699 1056 1923 1112 bonum
1956 1055 2081 1111 ﬁat.

681 1149 1124 1218 Consequenter
1152 1162 1293 1202 vero
1324 1145 1571 1213 addidit,
1611 1145 1778 1217 quod
1804 1146 1991 1200 Deum
2042 1143 2266 1201 habeas

608 1243 1062 1307 conspectorem
1109 1251 1178 1292 ac
1224 1240 1455 1302 testem,
1498 1234 1602 1308 qui
1666 1250 1832 1290 more
1884 1234 2070 1306 patris
2125 1250 2267 1304 gau-

608 1324 708 1380 det
739 1325 948 1379 videns
963 1324 1124 1380 bona
1153 1325 1412 1380 ﬁliorum
1438 1339 1619 1396 opera
1644 1339 1656 1377 :
1678 1323 1954 1396 quodque
1986 1339 2106 1379 non
2139 1339 2266 1395 per-

607 1416 710 1470 des
760 1430 896 1486 quae
935 1413 1190 1483 dederis,
1247 1414 1353 1470 sed
1398 1413 1476 1470 ab
1534 1414 1665 1486 ipso
1718 1413 1964 1484 recipies
2017 1412 2265 1468 omnino

605 1503 1003 1575 eleemosynae
1056 1503 1398 1576 praemium.
1454 1503 1596 1561 Non
1653 1502 1800 1557 dixit
1855 1505 2056 1557 autem
2105 1501 2264 1557 unde

604 1591 799 1648 facere
848 1597 1136 1665 oporteat,
1192 1597 1336 1664 puta
1365 1590 1527 1664 quod
1559 1607 1589 1646 e
1615 1591 1785 1662 justis
1834 1590 2125 1646 sacculis:
2153 1589 2265 1646 hoc

603 1696 816 1752 nempe
867 1681 1150 1737 omnibus
1201 1686 1410 1737 notum
1460 1685 1602 1736 erat.
1661 1682 1948 1735 Praeterea
1991 1679 2264 1751 superius

2384 522 2565 578 σύνην.
2624 517 2693 570 ’Ἡ
2765 523 2855 571 καὶ
2925 519 3040 570 καθ’
3104 517 3390 592 ὑπερϐολὴν
3435 520 3460 570 ὁ
3515 516 3688 590 λόγος,
3743 520 3822 573 ὅτι
3890 527 4004 576 Καὶ

2380 609 2539 666 αὐτὴν
2583 607 2776 660 λαθέτω
2823 610 2852 665 η
2897 603 3047 669 δεξιά
3084 612 3178 666 τὴν
3223 606 3518 683 ἀριστερὰν,
3573 603 3645 660 δι’
3687 608 3747 660 οὗ
3787 605 4000 667 δηλοῦ-

2380 717 2468 750 ται
2495 700 2554 749 τὸ
2589 694 2696 749 δεῖν
2725 696 2836 748 λίαν
2874 695 3159 749 λανθάνειν.

2453 787 2576 857 [Καὶ
2626 787 2740 854 (96)
2777 785 2893 838 καθ’
2925 786 3092 860 ἕτερον
3126 781 3184 838 δὲ
3227 785 3399 856 λόγον,
3443 781 3592 848 δεξιὰ
3629 789 3739 859 μὶν,
3785 788 3816 846 ἡ
3856 786 3995 861 ἀρε-

2377 879 2464 939 τὴ,
2521 874 2772 948 ἀριστερά
2811 871 2890 944 δὲ,
2945 876 2976 932 ἡ
3028 878 3201 926 κακία.
3255 879 3340 933 Μὴ
3387 879 3569 945 γνώτω
3612 876 3699 928 οὖν
3748 878 3778 934 ἡ
3819 883 3996 930 κακία

2376 967 2470 1022 τὴν
2522 964 2708 1036 πρᾶξιν
2757 973 2848 1024 τῆς
2901 962 3110 1037 ἀρετῆς,
3172 959 3244 1016 δι’
3305 962 3590 1036 ἐπιμίξίας,
3645 963 3750 1017 ἀλλ’
3795 964 3992 1039 ἀμιγὲς

2376 1051 2678 1125 ἐνεργείσθω
2712 1057 2769 1104 τὸ
2791 1052 2966 1110 καλὸν.
3000 1051 3019 1124 ]

2445 1145 2514 1194 Τὸ
2547 1138 2606 1194 δε
2633 1141 2748 1204 ἑξῆς
2791 1143 3100 1214 προσέθηκε,
3147 1137 3440 1212 διδάσκων,
3493 1143 3574 1194 ὃτι
3624 1161 3679 1195 τε
3707 1146 3793 1195 τὸν
3849 1148 3986 1197 Θεὸν

2375 1232 2512 1301 ἔχεις
2565 1235 2868 1303 συνίστορα,
2934 1234 3021 1283 τὸν
3072 1227 3226 1289 δίκην
3289 1234 3488 1304 πατρὸς
3550 1236 3809 1306 χαίροντα
3859 1233 3986 1304 (97)

2377 1318 2580 1391 βλέπειν
2641 1322 2706 1372 τὰ
2761 1322 2830 1372 σὰ
2893 1321 3294 1394 κατορθώματα,
3347 1325 3439 1373 καὶ
3491 1321 3570 1373 ὅτι
3645 1320 3737 1372 οὐκ
3797 1320 3987 1374 ἀπολέ-

2377 1427 2503 1474 σεις,
2537 1407 2570 1459 ἃ
2601 1404 2788 1474 δίδως,
2828 1407 2957 1460 ἀλλά
2984 1409 3106 1483 παρ’
3153 1409 3312 1461 αὐτοῦ
3355 1411 3560 1470 πάντως
3600 1408 3849 1483 ἀπολήψῃ
3883 1414 3979 1463 τὸν

2373 1497 2499 1572 ὑπερ
2556 1505 2650 1558 τῆς
2708 1496 3056 1570 ἐλεημοσύνης
3107 1499 3335 1569 μισθόνο
3392 1497 3487 1550 οὐκ
3527 1495 3634 1551 εἶπε
3687 1495 3765 1566 δε,
3815 1501 3983 1553 πόθεν

2371 1589 2482 1660 χρὴ
2538 1593 2700 1638 ποιεῖν
2741 1585 3110 1659 ἐλεημοσύνην,
3171 1587 3276 1638 οἷον
3325 1588 3406 1638 ὅτι
3467 1585 3568 1638 ἀπὸ
3613 1583 3834 1640 δικαίων
3880 1593 3984 1641 πό-

2371 1694 2492 1750 ρων.
2555 1681 2695 1727 Πᾶσι
2745 1676 2846 1750 γὰρ
2908 1682 3059 1728 τοῦτο
3107 1680 3362 1750 γνώριμον
3409 1672 3491 1734 ἦν.
3545 1675 3744 1738 Ἀλλως
3786 1696 3841 1729 τε
3885 1681 3986 1730 καὶ

602 1786 840 1842 quoque
913 1770 1122 1827 beatos
1160 1771 1499 1843 praedicavit
1541 1772 1863 1826 esurientes
1904 1773 1958 1824 et
2003 1769 2250 1824 sitientes

2373 1762 2607 1836 ἀνωτέρω
2655 1767 2772 1824 τοὺς
2823 1772 3100 1826 πεινῶντας
3152 1769 3241 1818 καὶ
3297 1761 3565 1835 διψῶντας
3613 1769 3707 1823 τὴν
3762 1761 3983 1818 δικαιο-

596 1859 963 1930 justitiam“

674 1947 836 2002 Vers.
865 1949 917 2002 5.
960 1949 1038 2003 Et
1094 1965 1220 2003 cum
1251 1979 1319 1988 —
1347 1964 1538 2004 suam.
1599 1947 1963 2018 Angiportus
2018 1946 2259 2018 quidem

603 2040 740 2090 sunt
764 2036 874 2090 vici
898 2037 1156 2105 augusti,
1185 2053 1287 2107 per
1317 2053 1470 2108 quos
1496 2035 1672 2107 pauci
1695 2040 1948 2107 possunt
1968 2036 2256 2092 incedere.

603 2124 817 2180 Plateae
869 2141 1006 2181 vero
1036 2126 1146 2180 viae
1205 2125 1480 2197 publicae,
1532 2139 1643 2197 per
1681 2141 1834 2196 quas
1881 2125 2046 2181 multi
2081 2126 2257 2181 simul

601 2213 876 2270 incedere
928 2219 1199 2286 possunt,
1241 2216 1328 2285 -Η-
1379 2230 1532 2287 quas
1573 2230 1686 2271 nos
1724 2213 1960 2288 ἑξαέρους
1999 2215 2256 2288 appella-

601 2320 757 2371 mus,
799 2309 1088 2376 tanquam
1119 2303 1444 2360 subdiales.

671 2394 828 2447 Vers.
860 2395 920 2447 6.
968 2393 1053 2448 Tu
1082 2398 1268 2448 autem
1295 2424 1365 2432 —
1389 2393 1726 2462 propatulo.
1769 2392 2048 2449 Similiter
2077 2397 2133 2449 et
2161 2393 2256 2449 hic

597 2497 720 2537 cum
744 2481 1009 2549 dixisset,
1051 2483 1359 2553 quomodo
1404 2487 1688 2554 oporteat,
1713 2498 1835 2538 non
1868 2483 2082 2548 facere,
2113 2481 2258 2538 dicit

598 2571 780 2626 etiam
821 2587 944 2642 quo
973 2577 1146 2642 pacto
1175 2571 1368 2628 facere
1417 2577 1705 2644 oporteat,
1740 2578 1798 2628 et
1845 2571 1956 2628 hoc
1997 2572 2252 2628 docendi

595 2660 780 2716 modo
813 2661 1149 2732 frequenter
1178 2677 1323 2716 usus
1357 2665 1464 2716 est.
1499 2662 1669 2717 Patri
1725 2678 1863 2717 vero
1892 2669 1991 2716 tuo
2042 2663 2147 2734 qui
2173 2669 2253 2718 est

593 2749 655 2804 in
723 2751 974 2815 occulto,
1034 2749 1149 2804 hoc
1207 2754 1313 2815 est,
1381 2749 1673 2805 invisibili.
1738 2754 1996 2806 Rursum
2072 2751 2250 2806 etiam

594 2837 755 2898 dicit.
786 2837 950 2909 quod
989 2838 1100 2904 Qui
1134 2839 1286 2894 videt
1314 2841 1376 2894 in
1434 2839 1681 2904 occulto,
1728 2841 2010 2908 persolvet
2053 2840 2160 2896 tibi
2189 2842 2250 2896 in

591 2927 946 2995 propatulo:
963 2926 1374 2995 manifestans,
1396 2928 1560 2999 quod
1583 2927 2000 3000 sispectatores
2013 2929 2247 3002 quaeris,

594 3014 786 3070 habes
821 3031 928 3087 pro
977 3015 1260 3072 omnibus
1308 3017 1494 3072 Deum
1533 3016 1750 3088 ipsum.
1803 3019 1858 3072 Si
1893 3034 2032 3073 vero
2067 3025 2124 3074 et
2148 3019 2250 3074 ho-

2373 1856 2530 1911 σύνην
2558 1851 2755 1926 ἑμακάρ
2765 1871 2863 1906 ισε.

2442 1946 2540 1995 Καὶ
2605 1945 2725 1994 ὅταν
2801 1973 2870 1983 -
2942 1941 3129 1994 αὐτῶν.
3206 1947 3458 1995 Στενωποὶ
3538 1947 3628 2013 μέν
3704 1943 3836 1996 εἰσιν
3919 1945 3980 1997 αεὶ

2369 2036 2539 2084 στεναὶ
2586 2027 2724 2097 ὁδοὶ,
2765 2027 2837 2083 δι’
2882 2031 2948 2082 ὧν
2985 2030 3151 2102 ὀλίγοι
3196 2027 3536 2104 βαδιξουσιν,
3571 2031 3634 2093 ἃς
3681 2034 3826 2104 ἡμεῖς
3876 2031 3979 2106 ἐμ-

2367 2117 2548 2180 ϐόλους
2605 2119 2896 2191 καλοῦμεν·
2938 2119 3178 2172 πλατεῖαι
3215 2116 3293 2186 δὲ,
3352 2122 3408 2172 αἰ
3453 2119 3722 2196 λεωφόροι,
3775 2117 3848 2173 δι’
3901 2122 3972 2174 ὧν

2365 2207 2542 2261 πολλοὶ
2604 2207 2714 2280 ἅμα
2762 2206 2959 2280 βαίνειν
3017 2205 3289 2279 δύνανται,
3353 2206 3414 2271 ἃς
3466 2209 3580 2281 (98)
3628 2211 3777 2282 ἡμεῖς
3825 2209 3970 2274 ἐξαέ-

2363 2317 2488 2372 ρους
2521 2297 2752 2370 λέγομεν,
2781 2300 2845 2358 ὡς
2871 2299 3185 2371 ὑπαίθρους.

2437 2389 2502 2438 Σὺ
2576 2384 2636 2439 δὲ
2707 2417 2778 2428 --
2850 2395 3073 2460 φανερῷ.
3156 2386 3374 2460 Ὀμοίως
3442 2385 3712 2441 κάνταῦθα
3790 2388 3958 2458 εἰπὼν,

2361 2485 2473 2538 πῶς
2516 2473 2602 2529 δεῖ
2645 2480 2716 2549 μὴ
2762 2483 2946 2544 ποιεῖν,
2996 2475 3150 2548 λέγει,
3201 2482 3292 2529 καὶ
3346 2483 3454 2538 πῶς
3505 2473 3588 2529 δεῖ
3639 2484 3828 2543 ποιεῖν,
3873 2482 3962 2531 καὶ

2361 2568 2527 2637 τούτῳ
2581 2573 2654 2618 τῶ
2711 2570 2883 2638 τρόπῳ
2934 2565 3204 2637 πολλαχοῦ
3257 2575 3349 2627 τῆς
3405 2561 3762 2629 διδασκαλίας
3803 2567 3968 2621 αὐτοῦ

2361 2659 2640 2726 κέχρηται.
2699 2662 2782 2725 Τῷ
2839 2655 3006 2730 Πατρί
3064 2675 3158 2707 σου
3216 2651 3294 2723 δὲ,
3354 2663 3426 2708 τῶ
3497 2653 3546 2707 ἐν
3596 2664 3667 2727 τῷ
3723 2665 3964 2730 κρυπτῷ,

2361 2742 2474 2797 ἀντὶ
2542 2752 2653 2814 τοῦ,
2723 2753 2792 2815 τῷ
2845 2743 3069 2818 ἀοράτῳ.
3130 2744 3289 2796 Πάλιν
3348 2741 3409 2796 δε
3465 2747 3805 2819 προσέθηκεν,
3879 2749 3963 2799 ὅτι

2357 2832 2415 2884 Ὀ
2473 2831 2674 2905 βλέπων
2738 2831 2786 2884 ἐν
2838 2840 2909 2902 τῷ
2971 2841 3206 2906 κρυπτῷ,
3276 2829 3546 2886 ἀποδώσει
3613 2854 3693 2886 σοι
3767 2833 3816 2884 ἐν
3880 2843 3955 2903 τῷ

2359 2930 2576 2995 φανερῷ,
2635 2918 2827 2988 δηλῶν,
2882 2922 2981 2989 ὅτι,
3038 2921 3080 2974 εἰ
3135 2922 3310 2983 ζητεῖς
3375 2925 3582 2987 θεατὰς,
3641 2925 3776 2995 ἔχεις
3834 2920 3945 2974 ἀντὶ

2357 3013 2560 3063 πάντων
2605 3011 2760 3063 αὐτὸν
2804 3014 2890 3063 τὸν
2936 3014 3063 3063 Θεόν
3092 3030 3104 3042 ο
3140 3010 3184 3062 εἰ
3215 3007 3272 3064 δε
3325 3014 3414 3064 καὶ
3461 3010 3759 3085 ἀνθρώπους
3801 3011 3954 3072 θίλεις

593 3104 788 3161 mines
814 3105 1035 3161 habere
1058 3104 1228 3176 cupis
1241 3105 1759 3178 contemplatores,
1788 3105 2036 3163 habebis
2070 3108 2246 3163 etiam

2360 3101 2602 3172 θεωροὺς,
2662 3100 2790 3163 ἕξεις
2841 3105 2930 3152 καὶ
2978 3102 3190 3160 τούτους
3245 3099 3291 3152 ἐν
3341 3107 3414 3170 τῷ
3453 3109 3617 3174 καιρῷ
3669 3109 3764 3162 τῆς
3803 3098 3958 3174 amp-

592 3193 701 3249 hos
753 3197 1005 3265 tempore
1058 3195 1341 3266 praeconii
1400 3210 1470 3250 ac
1514 3193 1910 3251 retributionis
1973 3197 2242 3268 praemii:

591 3298 700 3337 nec
726 3283 914 3339 multo
959 3283 1173 3348 solum,
1217 3283 1318 3339 sed
1357 3300 1567 3340 omnes
1602 3300 1612 3340 :
1645 3300 1754 3339 nec
1803 3285 2076 3341 homines
2115 3291 2246 3341 tan-

590 3375 734 3442 tum,
762 3372 870 3427 sed
890 3372 1070 3428 etiam
1101 3373 1341 3442 angelos
1370 3378 1425 3428 et
1463 3372 1890 3443 anchangelos,
1919 3390 2245 3446 omnesque

588 3459 856 3515 caelestes
904 3461 1163 3515 virtutes.
1216 3462 1437 3526 Quodsi
1493 3477 1654 3516 nunc
1685 3461 2030 3516 manifestas
2083 3463 2246 3519 bona

587 3564 791 3619 opera,
827 3554 946 3615 tua,
980 3555 1036 3604 et
1067 3551 1382 3620 praemium
1426 3550 1592 3622 quod
1643 3550 2032 3622 exspectabas
2063 3568 2099 3608 a
2128 3552 2246 3608 Deo

588 3638 835 3709 perdis:
869 3644 926 3693 et
989 3639 1259 3694 homines
1303 3639 1415 3709 ipsi
1463 3643 1520 3694 te
1576 3639 2073 3696 condemnabunt
2121 3645 2244 3696 tan-

584 3743 770 3799 quam
796 3726 992 3783 inanis
1021 3727 1222 3798 gloriae
1274 3728 1685 3801 appetitorem.
1719 3728 1867 3784 Cum
1905 3745 2047 3800 ergo
2077 3729 2250 3792 liceat

584 3825 640 3874 et
693 3817 1028 3874 mercedem
1068 3819 1368 3875 bonorum
1421 3835 1674 3891 operum
1715 3819 1997 3891 accipere,
2041 3825 2097 3876 et
2143 3838 2248 3892 pu-

583 3907 734 3964 blice
787 3923 990 3964 coram
1037 3911 1120 3963 tot
1165 3909 1464 3980 tantisque
1486 3908 1821 3979 praedicari,
1853 3909 1899 3963 si
1932 3909 2246 3980 paululum

584 3997 902 4059 sustineas,
927 3998 1238 4067 quomodo
1271 4013 1392 4052 non
1434 3997 1685 4052 omnino
1720 3997 1968 4052 stultum
1999 4015 2070 4054 ac
2103 3999 2245 4055 irra-

581 4085 866 4141 tionabile
920 4085 1026 4138 erit
1066 4083 1329 4155 utrisque
1375 4085 1468 4139 his
1517 4085 1810 4149 excidere,
1860 4091 1914 4141 et
1963 4093 2246 4159 praesenti

583 4172 807 4229 theatro
829 4171 975 4226 illud
999 4178 1334 4242 permutare
1364 4172 1392 4228 ?

655 4261 759 4315 Hic
790 4266 991 4315 autem
1048 4276 1244 4316 sermo
1297 4277 1401 4333 per
1455 4276 1790 4333 anagogem
1851 4264 2240 4337 accipiendus

582 4355 691 4405 est.
745 4347 1094 4404 Cubiculum
1148 4349 1446 4422 siquidem
1507 4368 1681 4407 mene
1730 4357 1834 4417 est,
1914 4356 2240 4426 pulcherri-

579 4455 750 4495 mum
776 4437 1198 4508 cogitationum
1217 4439 1606 4496 domicilium.
1643 4443 1870 4498 Ostium
1897 4460 2038 4500 vero
2067 4446 2240 4502 sedes

579 4543 884 4594 sensuum,
906 4528 1132 4594 oculus,
1153 4531 1331 4593 auris,
1358 4535 1472 4586 etc.
1490 4571 1503 4594 ,
1519 4547 1624 4603 per
1639 4549 1770 4604 quae
1794 4533 1966 4590 malae
1985 4535 2239 4607 ingredi-

578 4621 754 4674 untur
764 4615 1314 4690 cogitationes,qua3
1330 4619 1610 4676 virtutum
1626 4622 1969 4693 praedantur
1981 4624 2236 4685 divitias.

649 4707 802 4774 Quid
824 4722 966 4777 ergo
996 4706 1024 4762 ?
1044 4723 1167 4764 non
1211 4713 1445 4781 oportet
1487 4709 1549 4766 in
1580 4712 1830 4768 ecclesia
1859 4728 2029 4769 orare
2059 4715 2088 4770 ?
2119 4715 2238 4772 Ma-

574 4796 729 4854 xime
777 4796 1046 4870 quidem,
1087 4797 1192 4854 sed
1221 4815 1344 4855 non
1394 4805 1455 4856 ut
1497 4816 1792 4873 appareas
1832 4801 2184 4860 hominibus
2217 4825 2230 4862 :

573 4887 688 4943 hoc
728 4888 886 4942 enim
937 4893 1228 4958 tanquam
1260 4887 1707 4961 hypocritarum
1752 4906 1908 4962 opus
1951 4893 2234 4949 condem-

573 4978 774 5032 navit:
801 4975 905 5031 sed
953 4980 1018 5032 ut
1060 4977 1164 5032 tibi
1203 4977 1315 5049 ipsi
1374 4979 1564 5034 Deum
1609 4979 1828 5036 reddas
1882 4983 2230 5054 propitium.

576 5064 864 5136 Contingit
927 5064 1089 5122 enim
1146 5065 1408 5139 aliquem
1469 5068 1622 5125 inter
1685 5068 1978 5142 plurimos
2034 5088 2226 5145 orare,

645 5206 921 5264 “Matth.
950 5221 1009 5275 v,
1039 5211 1092 5264 6.

2354 3189 2554 3263 ῥήσεώς
2591 3208 2643 3241 τε
2681 3194 2771 3241 καὶ
2817 3185 3268 3262 μισθαποδοσίας,
3313 3194 3403 3242 καὶ
3441 3189 3500 3241 οὐ
3547 3188 3780 3258 πολλοὺς,
3830 3188 3959 3242 ἀλλά

2358 3279 2574 3344 πάντας,
2623 3283 2713 3330 καὶ
2766 3278 2860 3330 οὐκ
2907 3278 3210 3352 ἀνθρώπους
3262 3281 3436 3350 μόνον,
3498 3275 3627 3330 ἀλλά
3669 3283 3758 3331 καὶ
3808 3276 3961 3350 ἀγγέ-

2356 3366 2496 3437 λους,
2548 3372 2638 3419 καὶ
2685 3366 3068 3441 ἀρχαγγέλους,
3110 3371 3198 3418 καὶ
3250 3369 3421 3428 πάσας
3477 3369 3571 3427 τὰς
3615 3365 3960 3442 ἑπουρανίους

2359 3453 2626 3528 δυνάμεις.
2673 3463 2779 3509 Νῦν
2825 3458 2924 3531 γὰρ
2965 3456 3007 3508 εἰ
3055 3463 3286 3528 φανεροῖς
3333 3458 3397 3509 τὰ
3425 3457 3806 3530 κατορθώματα
3836 3476 3955 3523 σου,

2356 3550 2446 3596 καὶ
2491 3548 2576 3596 τὸν
2625 3543 2726 3597 ἀπὸ
2758 3552 2891 3598 Θεοῦ
2931 3547 3118 3616 μισθὸν
3163 3544 3416 3615 ἀπόλλεις,
3466 3549 3556 3597 καὶ
3607 3547 3654 3597 οἱ
3693 3547 3955 3620 ἄνθρωποι

2356 3638 2776 3704 καταγνώσονταί
2816 3653 2930 3701 σου,
2983 3636 3053 3696 ὡς
3099 3630 3394 3696 κενοδόξου.
3435 3633 3593 3686 Ὀταν
3638 3631 3726 3686 οὖν
3763 3634 3954 3703 ἔξεστι,

2355 3727 2445 3774 καὶ⁸
2491 3724 2682 3794 μισθὸν
2720 3731 2820 3774 τῶν
2860 3724 3276 3796 κατορθωμάτων
3313 3721 3507 3791 λαϐεῖν,
3552 3728 3642 3775 καὶ
3691 3722 3955 3796 ἀνακηρυ-

2355 3813 2556 3883 χθῆναι
2621 3810 2668 3863 ἐν
2732 3819 2805 3882 τῷ
2854 3820 3072 3886 φανερῷ,
3127 3810 3339 3864 ἐνώπιον
3404 3814 3680 3880 τοσούτων,
3741 3811 3955 3885 ἀναμεί-

2353 3919 2512 3952 ναντα
2566 3903 2771 3974 μικρὸν,
2842 3909 2946 3961 πῶς
3002 3900 3060 3952 οὐ
3126 3903 3458 3953 παντάπασιν
3514 3899 3789 3972 ἀλόγιστον
3864 3907 3956 3955 καὶ

2353 3991 2545 4062 μωρὸν,
2623 3988 2923 4062 ἀμφοτέρων
2979 3992 3174 4041 τούτων
3234 3989 3482 4059 ἐκπεσεῖν,
3543 3994 3628 4042 καὶ
3691 3998 3781 4044 τοῦ
3837 3992 3956 4043 θεά-

2352 4096 2477 4152 τρου
2504 4077 2694 4131 ἐκείνου
2721 4081 2780 4130 τὸ
2808 4081 2972 4151 παρὸν
3004 4077 3326 4142 ἀλλάξασθαι
3373 4081 3583 4155 θέατρον
3612 4095 3625 4148 ;

2422 4277 2515 4333 Εἶη
2564 4271 2612 4328 δ’
2640 4274 2700 4327 ἆν
2742 4277 2879 4328 κατὰ
2928 4277 3013 4329 τὸν
3064 4284 3154 4337 τῆς
3195 4275 3468 4349 ἀναγωγῆς
3516 4276 3666 4349 λόγον
3717 4283 3946 4350 ταμιεῖον

2349 4367 2439 4436 μὲν
2497 4366 2522 4417 ὁ
2581 4373 2718 4430 νοῦς,
2776 4369 2835 4417 τὸ
2887 4365 3161 4418 κάλλιστον
3223 4369 3420 4438 οἴκημα
3472 4375 3571 4418 τῶν
3631 4369 3942 4439 νοημάτωνο

2351 4453 2502 4525 θύραι
2556 4450 2636 4521 δὲ,
2688 4457 2755 4506 τὰ
2807 4455 3150 4528 αἰσθητήρια,
3207 4455 3484 4528 ὀφθαλμοὶ,
3538 4457 3690 4522 ἀκοὴ,
3741 4461 3829 4508 καὶ
3883 4458 3947 4509 τὰ

2346 4539 2522 4609 λοιπὰ,
2555 4538 2636 4593 ’δι’
2692 4543 2758 4594 ὧν
2790 4543 3152 4619 εἰσερχόμενος
3184 4545 3209 4596 ὁ
3240 4548 3465 4621 πονηρὸς
3515 4545 3766 4618 λογισμὸς
3816 4545 3944 4617 συλᾲ

2349 4633 2432 4683 τὸν
2459 4631 2678 4684 πλοῦτον
2707 4640 2802 4694 τῆς
2834 4631 3036 4706 ἀρετῆς.

2416 4725 2480 4772 Τί
2530 4717 2736 4790 οὖν;ἓν
2783 4721 3036 4795 ἐκκλησίᾳ
3083 4723 3141 4776 οὗ
3196 4719 3282 4776 δεῖ
3332 4725 3770 4800 προσεύχεσθαι;
3819 4727 3933 4795 Σφό.

2347 4805 2451 4883 δρα
2497 4814 2624 4882 μέν’
2681 4810 2811 4863 ἀλλά
2870 4816 2966 4884 μὴ,
3028 4813 3166 4874 ὅπως
3219 4821 3383 4886 φανῇς
3433 4821 3543 4874 τοῖς
3614 4813 3932 4886 ἀνθρώποις·

2343 4906 2495 4951 τοῦτο
2551 4898 2649 4972 γάρ
2708 4907 2807 4952 τῶν
2869 4903 3160 4977 ὑποκριτῶν
3209 4907 3588 4978 κατηγόρησεν·
3646 4901 3752 4954 ἀλλ’
3807 4905 3940 4966 ὅπως

2343 4986 2484 5040 ἵλεων
2545 4997 2746 5061 σεαυτῷ
2797 4993 2884 5042 τὸν
2917 4994 3044 5044 Θεὸν
3095 4985 3346 5066 ποιήσηςῖ
3407 4991 3563 5044 Ἐστι
3609 4993 3706 5066 γὰρ
3753 4996 3842 5043 καὶ
3893 4989 3942 5042 ἐν

2338 5082 2480 5152 μέσῳ
2537 5077 2732 5132 πολλῶν
2794 5083 3215 5155 προσευχόμενον
3274 5100 3409 5154 τινα,
3471 5085 3541 5155 μὴ
3600 5079 3936 5157 ἁμαρτάνειν,

1780 5311 2004 5385 Variae
2051 5315 2375 5387 lectiones
2407 5327 2473 5386 et
2497 5324 2680 5388 notae
2701 5372 2717 5388 .

644 5446 1016 5532 (96)Inclusa
1054 5444 1115 5507 in
1169 5447 1438 5522 margine
1490 5451 1671 5512 habet
1721 5456 1788 5512 A.
1845 5457 2096 5514 Carebat
2153 5457 2224 5514 iis

574 5525 1071 5672 “(3331132511011
1093 5600 1250 5655 recte
1277 5597 1594 5657 cohaerent.
1616 5599 1932 5674 lnterpono
1957 5609 2051 5674 τῷ,
2065 5603 2228 5674 quod

2334 5460 2511 5550 facile
2535 5461 2843 5550 absorpsit
2863 5466 2953 5550 fat.
3050 5537 3092 5550 Ἀ
3374 5535 3385 5548 ο
3725 5540 3734 5550 ,
3829 5537 3839 5548 ,

2403 5534 2516 5608 (98)
2557 5535 2648 5592 Ab
2690 5534 2754 5599 of;
2804 5535 2883 5594 ad
2930 5537 3220 5613 ὑπαίθρους
3267 5535 3550 5594 omiserat
3597 5537 3937 5601 Hentenius.
