4206 6310
258 280 373 341 233

1232 275 1605 343 COMMENT.
1655 280 1723 341 IN
1766 282 2215 342 ΜΑΤΤΗιιΕΠΜ.
2257 316 2325 328 --
2363 286 2524 346 CAP.
2572 287 2669 346 VI.

3532 288 3636 352 9.34

273 411 424 485 [ὅταν
467 412 580 483 (99)
625 417 695 484 μὴ
753 414 882 486 πρὸς
932 408 1179 474 ἐπίδειξιν
1237 415 1624 485 προσεύχηταιο
1679 417 1769 464 καὶ
1816 414 1863 465 ἐν

1995 427 2087 468 1ec
2117 416 2320 469 tamen
2348 428 2615 485 peccare,
2644 413 2881 486 quando
2913 428 3030 471 non
3071 409 3151 471 ab
3174 418 3637 478 ostentationem

269 507 485 575 ταμιείῳ
556 501 895 574 κεκλεισμένῳ
955 506 1395 574 προσευχόμενον,
1464 502 1793 576 ἁμαρτάνειν,

269 592 391 645 ὅταν
445 591 732 643 τούναντίον
794 600 939 663 ποιῇ.
1001 598 1282 662 Πανταχοῦ
1336 594 1436 663 γὰρ
1497 594 1522 643 ὁ
1572 594 1701 651 Θεὸς
1780 594 1865 643 τὸν

271 684 463 733 σκοπὸν
516 679 743 741 ἐξετάζει
797 688 887 732 τού
939 684 1233 752 γινομένου.
1302 680 1610 753 ’Υποκριτὰς
1665 677 1723 733 δε
1775 685 1865 731 καὶ

266 773 478 831 τούτους
530 768 790 838 ἐκάλεσεν,
853 771 919 829 ὡς
972 776 1165 841 σχῆμα
1219 772 1308 841 μὲν
1366 772 1585 841 ἔχοντας
1643 788 1868 843 προσευ-

260 863 515 930 χομένου,
543 864 753 931 γνώμην
784 854 844 911 δέ
876 854 1208 930 δοξομανοῦς.

334 1038 770 1108 Προσευχόμενοι
832 1065 903 1075 -
969 1034 1177 1087 ἐθνικοί.
1252 1034 1593 1107 Βαττολογίαν
1652 1039 1739 1107 μὲν
1793 1035 1869 1087 λέ-

254 1144 366 1196 γει,
408 1128 501 1181 τὴν
558 1129 677 1199 περὶ
745 1131 843 1175 τῶν
908 1128 979 1195 μὴ
1038 1128 1408 1197 προσηκόντων
1470 1129 1701 1195 αἴτησιν,
1761 1120 1866 1176 οἷον

261 1217 387 1284 περὶ
438 1212 679 1276 πλούτου,
745 1219 865 1287 περὶ
946 1210 1125 1281 δόξης,
1197 1219 1314 1288 περὶ
1393 1210 1723 1279 δυναστείας,
1779 1219 1867 1265 καὶ

264 1309 370 1352 τῶν
412 1304 674 1364 τοιούτων,
733 1303 834 1353 ὅσα
876 1306 992 1354 οὔτε
1038 1302 1223 1374 ψυχὴν
1263 1302 1563 1374 ὠφελοῦσιν,
1616 1302 1730 1355 οὔτε
1771 1308 1869 1355 σώ-

267 1409 400 1461 ματι
467 1394 589 1464 πρὸς
645 1392 906 1443 σύστασίν
963 1394 1093 1442 εἰσιν
1151 1391 1427 1462 ἀναγκαῖα.
1493 1390 1754 1454 Ἐθνικούς
1811 1388 1871 1444 δέ

269 1498 424 1550 φησι,
482 1483 597 1540 τοὺς
644 1478 917 1541 ἀπίστους.
969 1479 1106 1533 Ἐπεὶ
1174 1477 1233 1533 δὲ
1283 1480 1426 1532 οὗτοι
1488 1481 1546 1532 ού
1599 1484 1750 1552 μόνον
1791 1480 1870 1532 αἰ-

269 1575 446 1634 τοῦσι,
487 1574 604 1641 περὶ
643 1577 743 1621 τῶν
791 1574 860 1641 μὴ
900 1574 1288 1643 προσηκόντων,
1337 1568 1464 1621 ἀλλὰ
1510 1574 1619 1635 καὶ,
1667 1572 1870 1643 μακρὰς

271 1660 575 1729 ποιούμενοι
627 1660 716 1718 τὰς
766 1657 847 1710 ἐπὶ
897 1666 1006 1720 τοῖς
1054 1661 1308 1719 τοιούτοις
1354 1658 1610 1726 αἰτήσεις,
1651 1655 1871 1711 δοκοῦσι

1977 506 2129 559 orat.
2188 502 2252 555 Et
2304 503 2593 571 contingit
2654 504 2712 558 in
2770 504 3040 560 cubiculo
3100 505 3303 561 clauso
3366 512 3635 564 orantem

1978 605 2243 661 peccare,
2300 606 2435 645 cum
2488 608 2516 644 e
2550 590 2786 647 diverso
2843 592 3065 651 fecerit.
3132 595 3283 650 Deus
3333 597 3493 652 enim
3526 598 3631 670 qui

1978 678 2200 749 ubique
2245 683 2352 747 est,
2404 679 2540 734 facti
2598 679 2837 735 discutit
2890 680 3090 737 finem.
3138 684 3490 756 Hypocritas
3532 702 3634 741 au-

1977 771 2085 822 tem
2139 771 2197 821 et
2254 768 2363 822 hos
2429 768 2677 837 vocavit,
2736 768 2970 825 forman
3038 772 3282 843 quidem
3336 775 3634 831 orantium

1976 856 2281 923 habentes,
2335 861 2596 912 mentem
2646 872 2782 914 vero
2832 858 3230 916 anhelantium
3284 862 3361 918 ad
3388 862 3633 920 inanem

1976 944 2256 1018 gloriam.

2048 1033 2210 1089 Vers.
2241 1036 2295 1087 7.
2352 1034 2602 1091 Oranles
2636 1064 2693 1077 -
2742 1034 2985 1093 ethnici.
3041 1037 3383 1110 Multiloquii
3426 1040 3633 1097 vituim

1979 1121 2295 1196 βαττολοσγία
2368 1125 2597 1188 dicitur,
2656 1141 2791 1180 cum
2851 1124 3122 1197 pluribus
3179 1126 3375 1183 verbis
3428 1129 3632 1199 petitio

1977 1212 2043 1267 ﬁt
2067 1212 2141 1268 de
2171 1213 2261 1268 his
2313 1230 2449 1285 quas
2481 1230 2598 1269 non
2630 1214 2991 1270 conveniunt
3021 1232 3037 1269 :
3068 1219 3214 1287 puta
3253 1215 3327 1272 de
3357 1216 3629 1285 divititis,

1979 1301 2186 1370 gloria,
2214 1306 2543 1373 potentatu,
2578 1302 2826 1374 aliisque
2857 1303 3178 1371 similibus,
3220 1322 3351 1376 qum
3382 1321 3491 1362 nec
3515 1306 3639 1363 ani-

1980 1405 2091 1445 mat
2132 1397 2400 1461 prosunt,
2438 1407 2547 1445 nec
2602 1391 2676 1446 ad
2707 1392 2972 1464 corporis
3002 1393 3444 1449 consistentiam
3498 1399 3638 1450 sunt

1979 1480 2331 1535 necessaria.
2401 1479 2679 1535 Ethnicos
2734 1496 2877 1536 vero
2937 1481 3075 1537 dicit
3148 1481 3437 1538 inﬁdeles.
3483 1483 3634 1548 Quia

1979 1572 2173 1623 autem
2205 1567 2265 1622 hi
2298 1582 2417 1624 non
2472 1567 2665 1623 solum
2712 1584 2783 1624 ea
2815 1573 3021 1640 petunt
3082 1585 3219 1640 quae
3274 1586 3396 1627 non
3427 1585 3639 1627 conve-

1981 1655 2175 1721 niunt,
2223 1655 2325 1710 sed
2358 1660 2413 1711 et
2458 1655 2673 1726 longas
2711 1656 2929 1712 faciunt
2959 1658 3033 1713 de
3078 1657 3428 1727 hujusmodi
3460 1660 3638 1715 rebus

274 1747 493 1813 πείθειν,
545 1745 592 1797 ἐν
630 1754 701 1816 τῷ
758 1746 1113 1819 μακρολογεῖν,
1156 1744 1420 1800 διαϐάλλει
1477 1752 1571 1805 τὴν
1623 1748 1871 1805 τοιαύτην

1995 1744 2309 1815 petitiones,
2370 1748 2650 1815 putantes
2711 1745 3033 1801 verborum
3090 1745 3465 1803 multitudine
3513 1763 3637 1819 per-

276 1834 452 1886 αὐτῶν
484 1834 743 1905 ὑπόληψιν
772 1835 1007 1907 εἰρηκώς.

349 2018 569 2065 Δοκοῦσι
623 2042 685 2053 -
751 2012 1274 2070 εἰσακουσθήσονται.
1345 2018 1566 2066 Δοκοῦσι
1616 2014 1725 2084 μὶν,
1781 2013 1874 2065 οὐκ

275 2100 445 2173 ὀρθῶς
476 2097 559 2156 δέ.

347 2193 433 2246 Μὴ
462 2186 548 2241 οὖν
580 2219 645 2230 --
684 2189 903 2249 αἰτῆσαι
933 2189 1111 2245 αὐτόν.
1144 2186 1293 2253 Οἵδε,
1327 2194 1473 2242 τίνων
1504 2193 1753 2265 χρῄζετε,
1786 2196 1874 2243 καὶ

265 2281 373 2351 πρό
422 2284 514 2330 τοῦ
566 2278 782 2336 αἰτῆσαι
832 2277 987 2330 αὐτὸν
1044 2278 1169 2340 ὅλως
1226 2283 1343 2352 περί
1399 2297 1557 2340 τινος.
1616 2284 1716 2332 Καὶ
1763 2278 1874 2332 λοι-

260 2371 389 2434 πὸν,
441 2366 500 2418 ού
549 2371 658 2440 χρὴ
703 2367 861 2419 αἰτεῖν
905 2368 972 2419 τὰ
1018 2370 1089 2441 μὴ
1126 2363 1389 2442 χρειώδη,
1433 2364 1562 2440 μηδ’
1594 2365 1872 2439 ἀναγκαῖα,

265 2456 449 2516 καθὼς
506 2454 803 2528 εἰρήκαμεν,
843 2457 964 2529 ὅπερ
1023 2454 1133 2508 ἐστὶ
1188 2454 1530 2528 βαττολογία,
1600 2456 1741 2509 Ἐπεὶ
1788 2462 1877 2509 καὶ

272 2547 446 2617 πατὴρ
496 2540 838 2618 δυσχεραίνει
892 2547 1028 2597 κατὰ
1084 2540 1288 2597 παίδων
1346 2544 1625 2597 αἰτούντων
1674 2547 1741 2597 τὰ
1803 2550 1873 2617 μὴ

319 2636 635 2703 ροσὴκοντα.
689 2638 787 2686 Καὶ
827 2632 871 2685 εἰ
912 2630 1073 2702 οἶδεν,
1118 2634 1186 2684 ὧν
1221 2634 1513 2706 χρῄζομεν,
1554 2632 1702 2686 διατί
1751 2634 1876 2696 ὅλως

275 2726 399 2791 περὶ
454 2724 646 2773 τούτων
692 2722 935 2795 αἰτοῦμεν
979 2722 1171 2787 αύτὸν;
1231 2724 1436 2782 Πάντως
1493 2723 1598 2793 οὐχ
1654 2724 1736 2774 ἵνα
1789 2719 1877 2775 δι-

273 2805 540 2881 δάξωμεν,
756 2818 839 2862 ἱνα
890 2808 1156 2883 δείξωμεν,
1209 2813 1288 2863 ὅτι
1346 2812 1503 2863 αὑτὸν
1550 2814 1738 2883 ἔχομεν
1789 2816 1877 2863 καὶ

266 2903 470 2971 τροφέα
524 2904 615 2952 καὶ
672 2904 955 2964 Δεσπότην,
1024 2905 1115 2952 καὶ
1182 2901 1282 2966 ἵνα,
1351 2899 1665 2973 ἀναρτῶντες
1721 2903 1878 2971 μόνου

270 2986 444 3038 αὑτοῦ
481 2992 575 3045 τὴν
624 2984 813 3041 ἐλπίδα
849 2995 939 3048 τῆς
984 2993 1230 3062 προνοίας
1265 2993 1353 3041 καὶ
1404 2993 1666 3062 σωτηρίας
1710 2990 1877 3061 ἡμῶν,

272 3076 689 3149 ἐπικάμπτωμεν
720 3077 1105 3152 εὐχερέστερον.

348 3165 440 3226 Ὠς
477 3168 568 3236 μὲν
606 3169 707 3237 γὰρ
762 3171 952 3240 πατὴρ,
1006 3172 1095 3217 καὶ
1140 3163 1278 3219 οἶδεν
1328 3166 1395 3216 ὧν
1447 3166 1737 3239 χρῃζομεν,
1791 3170 1881 3218 καὶ

276 3256 488 3325 ἕτοιμός
541 3253 654 3305 ἐστι
702 3259 950 3328 παρέχειν
1006 3257 1071 3307 τὰ
1125 3252 1388 3327 χρειώδη·
1446 3255 1594 3314 ζητεῖ
1630 3252 1689 3307 δὲ
1746 3259 1883 3327 ὅμως

276 3347 373 3394 καὶ
418 3346 511 3401 τὴν
540 3342 661 3417 παρ’
700 3340 845 3414 ἡμῶν
876 3346 1108 3409 αἴτησιν,
1143 3341 1235 3395 διὰ
1287 3346 1379 3406 τὰς
1430 3340 1752 3403 δηλωθείσας
1806 3343 1882 3394 αἰ-

278 3437 426 3493 τίας.
476 3438 655 3483 Ταῦτα
702 3427 945 3497 διδάξας,
990 3429 1338 3506 παραδίδωσι
1379 3437 1467 3484 καὶ
1500 3435 1655 3483 τύπον
1695 3432 1879 3503 εὐχῆς,

281 3520 391 3591 οὔχ
451 3521 533 3572 ἶνα
586 3524 780 3577 ταύτην
832 3525 991 3592 μόνον
1040 3525 1132 3579 τὴν
1194 3521 1359 3592 εὐχὴν
1422 3521 1717 3592 εὐχώμεθα,
1778 3518 1884 3572 ἀλλ’

283 3611 388 3675 ἵνα,
420 3612 611 3667 ταύτην
642 3612 848 3680 ἔχοντες
878 3614 1051 3681 πηγὴν
1083 3609 1244 3681 εὐχῆς
1274 3608 1329 3661 ἐκ
1358 3611 1549 3669 ταύτης
1579 3607 1887 3682 ἀῤῥυώμεθα

284 3701 379 3758 τὰς
409 3697 598 3758 ἐννοίας
627 3694 726 3748 τῶν
754 3698 944 3769 εύχῶν.

376 3870 558 3934 Οὕτως
588 3903 651 3913 --
681 3874 844 3945 ὑμεῖς.
879 3881 1033 3943 Πῶςς,

370 3962 537 4034 Πάτερ
606 3992 672 4001 -
740 3962 997 4036 ούρανοῖς,
1062 3962 1317 4020 Ἐκάο-την
1383 3961 1515 4024 λέξιν
1572 3960 1884 4024 ἐξεταστέον.

298 4049 499 4103 Κελεύει
545 4052 643 4124 γὰρ
696 4050 877 4122 λέγειν,
924 4055 1003 4118 τὸ,
1056 4053 1221 4126 Πάτερ
1277 4054 1389 4123 μὲν,
1436 4052 1518 4103 ἵνα
1567 4051 1641 4121 (1)
1696 4069 1885 4123 μιμνη-

293 4141 538 4210 σκώμεθα
601 4148 693 4201 τῆς
754 4138 944 4193 ἄνωθεν
1022 4140 1293 4211 εὐγενείας,
1364 4144 1454 4192 καὶ
1519 4140 1627 4200 οἵας
1688 4136 1888 4215 δωρεᾶς

290 4228 603 4299 ἠξιώθημεν,
661 4228 1037 4286 υἰοθετηθέντες
1090 4238 1161 4299 τῷ
1216 4237 1351 4299 Θεῷ,
1411 4234 1497 4281 καὶ
1573 4230 1654 4280 ἵνα
1706 4227 1768 4291 ἀξ
1819 4248 1887 4290 ως

289 4320 492 4390 Πατρός
545 4320 779 4368 τοίούτου
841 4320 1242 4388 πολιτευωμεθα·
1305 4318 1330 4368 ό
1386 4321 1487 4389 γὰρ
1551 4317 1750 4388 φαύλως
1799 4321 1888 4390 μὲν

287 4404 445 4479 βίων,
502 4409 707 4477 Πατέρα
759 4402 815 4457 δὲ
869 4406 1053 4458 ἐαύτοῦ
1106 4409 1191 4458 τὸν
1229 4409 1355 4460 Θεὸν
1393 4405 1680 4477 ὀνομάζων,
1735 4424 1891 4458 κατα-

284 4490 543 4564 ψεύδεται
598 4499 688 4546 καὶ
743 4501 834 4545 τοῦ
893 4502 1026 4548 Θεοῦ
1084 4499 1172 4547 καὶ
1229 4493 1432 4547 ἑαυτοῦ.
1492 4497 1561 4547 Τὸ
1603 4493 1660 4546 δὲ
1697 4494 1886 4566 Ἠμῶν,

284 4581 375 4633 ἱνα
438 4586 795 4652 γινώσκωμεν,
864 4584 945 4634 ὅτι
1006 4580 1218 4654 ἀδελφοὶ
1302 4581 1530 4639 ἀλλήλων
1596 4586 1645 4634 οἱ
1708 4588 1891 4635 πιστοὶ

286 4672 477 4731 πάντες
514 4673 686 4742 ἐσμὲν,
735 4679 917 4732 κοινῶς
966 4673 1347 4733 υἱοθετηθέντες
1380 4679 1451 4741 τῷ
1496 4670 1565 4724 ἐνὶ
1611 4676 1701 4723 καὶ
1753 4676 1890 4743 μόνῳ

288 4766 429 4829 Θεῷ,
472 4764 562 4811 καὶ
616 4759 699 4811 ἵνα
748 4768 897 4813 τοῦτο
946 4768 1183 4831 συνεχῶς
1231 4758 1613 4831 ὁμολογοῦντες,
1674 4765 1743 4832 μὴ
1774 4779 1893 4812 κατ-

287 4849 626 4921 επαιρώμεθα
686 4856 785 4899 τῶν
846 4858 1114 4915 ταπεινῶν,
1172 4844 1311 4921 μηδὲ
1382 4848 1504 4909 ὅλως
1561 4847 1783 4901 ἐναντίον
1842 4854 1892 4902 τι

1564 4940 1588 4953 κ

287 4938 431 4988 κατὰ
475 4944 575 4988 τῶν
639 4932 868 5009 ἀδελφῶν
916 4939 1060 5011 ἡμῶν
1112 4938 1141 4997 ἦ
1198 4936 1503 5010 μελετῶμεν,
1561 4940 1590 4994 ἤ
1647 4936 1889 5009 λέγωμεν,

1984 1832 2253 1898 suadere,
2308 1832 2462 1888 hanc
2525 1833 2793 1905 ipsorum
2874 1833 3223 1906 opinionem
3294 1834 3406 1893 hoc
3456 1836 3639 1892 modo

1984 1920 2367 1977 condemnat.

2056 2010 2218 2064 Vers.
2250 2015 2302 2064 7.
2345 2010 2568 2066 Putant
2610 2041 2674 2051 —
2708 2010 3060 2067 exaudiendi
3096 2012 3237 2067 sint.
3281 2012 3497 2069 Putant
3524 2012 3645 2084 qui-

1986 2096 2139 2161 dem,
2173 2102 2233 2154 at
2260 2113 2381 2153 non
2412 2102 2594 2155 recte.

2057 2187 2218 2242 Vers.
2250 2187 2302 2242 8.
2344 2188 2433 2244 Ne
2472 2202 2613 2259 ergo
2645 2216 2716 2230 -
2749 2189 2826 2245 ab
2866 2188 2976 2244 illo
3019 2188 3257 2258 petatis.
3313 2189 3481 2246 Novit
3505 2205 3644 2261 quae

1984 2276 2161 2333 vobis
2183 2276 2523 2347 expediant,
2551 2275 2905 2348 priusquam
2935 2278 3010 2333 ab
3034 2277 3134 2332 illo
3155 2277 3489 2351 quidquam
3520 2294 3648 2334 om-

1988 2364 2134 2420 nino
2162 2364 2396 2435 petatis.
2431 2363 2553 2419 Non
2602 2369 2833 2435 oportet
2886 2365 3088 2438 itaque
3127 2370 3342 2438 petere,
3380 2381 3510 2438 quae
3537 2381 3648 2421 nec

1991 2452 2153 2508 utilia
2196 2456 2335 2507 sunt
2368 2467 2477 2507 nec
2507 2452 2871 2515 necessaria,
2927 2453 3079 2508 sicut
3132 2454 3411 2517 diximus,
3478 2452 3645 2525 quod

1990 2547 2078 2597 est
2110 2541 2445 2612 batt010gias
2503 2541 2732 2596 vitium.
2786 2542 2934 2607 Quia
2984 2543 3140 2597 enim
3199 2548 3371 2615 pater
3422 2546 3524 2609 est,
3565 2543 3652 2597 in-

1990 2631 2273 2700 dignatur
2331 2632 2465 2685 tiliis
2517 2630 2851 2702 petentibus
2900 2648 3034 2702 quas
3088 2648 3207 2687 non
3268 2632 3644 2687 conveniunt.

1990 2720 2208 2775 Verum
2265 2719 2313 2774 si
2351 2720 2512 2775 novit
2556 2720 2777 2791 quibus
2825 2720 2999 2775 nobis
3040 2722 3112 2774 sit
3158 2735 3331 2791 Opus,
3374 2735 3478 2774 cur
3528 2719 3651 2775 haec

1989 2810 2234 2865 omnino
2266 2810 2342 2865 ab
2371 2825 2441 2864 eo
2484 2808 2863 2880 postulamus
2892 2810 2919 2864 ?
2948 2808 3121 2863 Plane
3179 2822 3303 2866 non
3358 2813 3420 2863 ut
3449 2808 3649 2880 ipsum

1990 2899 2341 2963 doceamus,
2367 2898 2472 2953 sed
2498 2901 2565 2952 ut
2589 2897 3096 2967 demonstremus,
3120 2897 3285 2970 quod
3308 2913 3447 2953 eum
3471 2897 3653 2953 habe-

1993 3004 2126 3043 mus
2155 2988 2540 3043 educatorem
2572 3002 2641 3041 ac
2677 2985 3018 3051 Dominum,
3050 2991 3227 3058 utque
3258 2986 3336 3041 ab
3358 2986 3490 3057 ipso
3523 2985 3652 3041 solo

1919 3112 1959 3168 C
1991 3076 2337 3148 pendentes,
2396 3075 2624 3130 facilius
2673 3091 2810 3129 eum
2863 3074 3178 3130 ﬂectamus
3230 3075 3332 3147 qui
3385 3090 3521 3145 spes
3568 3079 3655 3130 est

1992 3165 2200 3220 salutis
2232 3180 2300 3219 ac
2332 3162 2717 3235 providentiae
2742 3167 2985 3218 nostras.

2061 3256 2372 3324 Tanquam
2402 3257 2564 3322 pater
2592 3251 2748 3305 enim
2776 3256 2831 3305 et
2856 3251 3023 3305 novit
3066 3251 3280 3323 quibus
3302 3250 3471 3305 nobis
3501 3265 3655 3322 opus

1994 3343 2087 3408 sit,
2122 3346 2177 3396 et
2200 3342 2457 3396 tribuere
2508 3344 2751 3410 paratus
2805 3344 2893 3393 est
2957 3356 3091 3411 quas
3149 3340 3480 3396 necessaria
3514 3346 3656 3396 sunt

1993 3436 2096 3487 aut
2119 3430 2282 3486 utilia
2314 3446 2327 3496 ;
2361 3429 2544 3498 exigit
2588 3434 2807 3493 tamen,
2845 3432 2902 3481 ut
2933 3428 3012 3483 ob
3064 3428 3251 3483 dictas
3293 3443 3509 3483 causas
3539 3444 3651 3483 nos

1993 3520 2097 3576 illa
2169 3523 2455 3591 petamus.
2547 3519 2675 3572 Haec
2740 3522 3063 3588 postquam
3120 3516 3342 3583 docuit,
3426 3516 3649 3588 praebet

1994 3609 2175 3664 etiam
2242 3607 2492 3663 modum
2549 3605 2852 3672 orationis,
2936 3621 3061 3661 non
3136 3611 3199 3661 ut
3246 3606 3359 3661 hac
3421 3610 3652 3662 tantum

1996 3699 2254 3754 oratione
2284 3711 2611 3767 precemur,
2648 3694 2749 3749 sed
2783 3701 2846 3750 ut
2878 3695 3085 3751 habito
3131 3695 3416 3750 orationis
3465 3694 3647 3759 fonte,

2001 3787 2078 3842 ab
2102 3788 2236 3857 ipso
2264 3786 2669 3855 precationum
2699 3782 3151 3851 intelligentiam
3180 3782 3548 3838 hauriamus.

2068 3876 2227 3930 Vers.
2247 3876 2300 3930 9.
2342 3876 2440 3929 Sic
2469 3904 2529 3914 ——
2555 3888 2674 3929 vos.
2705 3874 2974 3936 Quonam
3003 3876 3185 3928 modo
3217 3872 3245 3927 ‘I

2066 3963 2231 4019 Vers.
2254 3965 2309 4017 9.
2338 3963 2591 4017 Pater—
2623 3962 2797 4015 caelis.
2833 3960 3088 4030 Singulae
3113 3960 3399 4015 dictiones
3426 3960 3650 4032 ponde-

1996 4053 2197 4109 randae
2240 4056 2391 4106 sunt.
2420 4050 2586 4105 lubet
2615 4052 2773 4105 enim
2804 4054 2865 4103 ut
2895 4049 3192 4116 dicamus,
3224 4049 3422 4117 Pater,
3455 4054 3521 4105 ut
3545 4065 3653 4103 csa-

1996 4142 2201 4199 lestem
2250 4141 2668 4211 cognationem
2722 4139 2799 4194 ad
2849 4140 3204 4193 memoriam
3276 4150 3650 4205 revocamus,

1997 4235 2055 4287 et
2091 4246 2213 4302 quo
2272 4244 2519 4285 munere
2566 4227 2763 4284 affecti
2818 4226 3027 4291 simus,
3060 4232 3209 4298 puta
3253 4226 3457 4283 divina
3509 4227 3655 4282 ado-

1998 4321 2224 4392 ptione,
2266 4323 2412 4373 etut
2462 4318 2634 4388 digne
2684 4317 2782 4371 tali
2838 4321 3004 4387 patre
3062 4332 3503 4371 conversemur.
3538 4317 3653 4381 Qui

1998 4408 2157 4463 enim
2182 4423 2359 4478 prave
2382 4406 2587 4461 vivens
2618 4405 2806 4459 Deum
2835 4410 3008 4459 vocat
3030 4406 3491 4469 Patrem,suum,
3523 4406 3655 4460 etin

2000 4499 2208 4561 Deum,
2227 4500 2288 4550 et
2309 4495 2369 4550 in
2394 4495 2655 4566 seipsum
2677 4493 2972 4549 mentitur.
2999 4493 3277 4547 Nostrum
3300 4498 3496 4548 autem
3515 4493 3658 4549 dici-

2001 4602 2137 4640 mus
2163 4585 2413 4652 Patrem,
2435 4587 2498 4638 ut
2528 4597 2927 4651 agnoscamus
2942 4581 3103 4651 quod
3136 4582 3339 4636 fratres
3362 4583 3513 4637 inter
3543 4598 3650 4638 nos

2002 4677 2211 4728 mutuo
2253 4673 2438 4727 simus
2460 4671 2660 4725 ﬁdeles
2691 4685 2903 4725 omnes
2939 4685 2950 4723 :
2986 4670 3383 4725 communiter
3404 4672 3483 4725 ab
3531 4687 3649 4726 uno

2001 4761 2250 4833 soloque
2296 4764 2411 4816 Deo
2443 4758 2729 4829 adoptati,
2784 4763 2839 4810 et
2872 4762 2932 4811 ut
2962 4758 3034 4809 de
3089 4757 3198 4811 hoc
3227 4758 3501 4812 continue
3535 4759 3651 4812 col-

2001 4849 2336 4922 loquentes,
2388 4847 2468 4903 ob
2499 4845 2751 4901 humilia
2782 4845 2844 4915 (t)
2900 4859 3018 4898 non
3048 4844 3429 4900 extollamur:
3463 4860 3658 4918 neque

2002 4939 2249 4996 omnino
2262 4937 2549 4993 adversus
2565 4933 2773 4990 fratres
2790 4938 3023 4989 nostros
3038 4933 3128 4990 vel
3140 4934 3473 5006 cogitemus
3489 4935 3659 5008 quid-

1562 5062 1778 5132 Variae
1806 5063 2131 5131 lectiones
2165 5073 2229 5132 et
2262 5064 2470 5131 nota-‘3'

311 5278 331 5289 η
366 5205 763 5289 (99)]ιω1ιιεεε
800 5205 1169 5264 exciderunt.
1208 5206 1271 5262 In
1314 5222 1498 5263 causa
1535 5204 1646 5262 fuit
1685 5204 1910 5279 duplex

304 5282 449 5340 ὅταν,
482 5282 552 5334 Α.

2092 5207 2168 5278 (1)
2211 5206 2293 5259 ἱνα
2323 5204 2834 5279 ἆναμιμνησκώμεθα
2854 5209 2918 5263 Α.

372 5402 437 5477 (t)
469 5402 905 5476 Cottoquentes,
935 5400 1001 5457 ob
1030 5400 1293 5458 humilia.
1318 5401 1696 5489 Proﬁtentes,
1723 5405 1929 5460 contra
1957 5400 2244 5459 humiles.

590 5493 834 5549 PATROL.
877 5489 983 5547 Gn.
1020 5490 1267 5548 CXXIX.
