4206 6310
616 288 723 345 235
1935 285 2286 343 EUTHYMII
2336 285 2660 343 ZIGABENI
3868 299 3991 353 236

609 414 797 487 piam,
824 410 919 469 vel
933 409 1270 482 loquamur,
1289 408 1385 467 vel
1399 408 1710 478 faciamus,
1731 410 1835 467 sed
1846 426 1955 483 pro
1976 411 2153 468 nobis
2171 412 2258 468 in-

2371 413 2397 471 ή
2477 410 2938 488 διαπραττώμεθα,
3014 418 3103 468 καὶ
3170 416 3253 469 ἵνα
3318 426 3500 482 κοινῶς
3570 422 3698 498 ὑπὲρ
3738 422 3987 482 άλλήλων

610 502 803 558 vicem
819 514 1145 572 precemur.

2371 501 2665 574 εὐχώμεθα.

682 590 934 645 Additur
959 593 1184 645 autem:
1211 588 1320 653 Qui
1338 603 1394 645 es
1422 588 1487 644 in
1518 586 1694 653 oculis,
1750 590 1813 642 ut
1858 587 2079 643 coelum
2111 602 2263 643 sem-

2438 594 2507 644 Τό
2540 588 2619 655 δὲ,
2648 590 2707 643 Ὁ
2761 590 2809 644 ἐν
2862 599 2969 656 τοῖς
3017 593 3271 668 οὐρανοῖς,
3313 597 3396 648 ἱνα
3451 602 3578 673 πρὸς
3627 603 3713 653 τὸν
3753 600 3985 675 οὐρανὸν

610 693 718 752 per
740 677 1186 749 prospiciamus,
1210 678 1409 733 audito
1434 677 1599 748 quod
1624 676 1703 731 ibi
1737 676 1809 731 sit
1840 676 2008 732 Pater
2028 681 2258 731 noster:

2371 682 2447 731 αεὶ
2522 676 2808 752 βλέπωμεν,
2893 680 3130 756 πατρίδα
3204 692 3384 738 τοῦτον
3452 689 3598 760 ἡμῶν
3677 689 3983 757 ἀκούοντες,

609 766 802 836 magis
830 772 1033 822 autem
1064 770 1129 821 ut
1156 764 1212 820 id
1242 765 1439 837 ipsum
1473 764 1746 820 dicamus
1776 780 1907 828 nos,
1946 781 2016 820 ac
2038 770 2263 821 terrena

2371 766 2556 839 μᾶλλον
2611 765 2670 821 δὲ
2711 769 2859 822 αὑτοὶ
2906 779 3057 824 τοῦτο
3105 772 3347 846 λέγοντες,
3396 781 3486 828 καὶ
3533 778 3614 830 ἵνα
3644 787 3742 830 τῶν
3776 783 3987 849 γηῖνων

609 855 1027 929 despiciamus,
1058 859 1116 910 et
1141 870 1211 911 eo
1254 854 1577 911 ascendere
1607 869 1713 926 per
1752 854 2030 909 virtutum
2072 854 2263 910 scalas

2371 866 2782 931 καταφρονῶμεν,
2848 859 2954 911 ἐκεῖ
3010 860 3323 926 σπεύδοντες
3386 863 3660 934 ἀναϐῆναι,
3723 864 3815 920 διὰ
3875 877 3985 931 τῆς

609 944 976 1011 festinemus,
1006 942 1109 999 ubi
1150 948 1238 999 est
1280 944 1451 1000 Pater
1493 949 1715 999 noster.
1770 944 2039 999 Dicentes
2069 947 2263 1000 autem

2371 954 2465 998 τῶν
2515 944 2703 1019 ἀρετῶν
2742 948 3009 1021 κλίμακος,
3054 952 3181 1003 ὃπου
3219 954 3244 1004 ὁ
3289 959 3471 1028 Πατήρ
3502 958 3647 1028 ἡμῶν
3693 956 3831 1014 ἔστι.
3892 956 3979 1012 Ἐν

610 1032 800 1091 Deum
853 1049 980 1090 esse
1025 1033 1087 1088 in
1117 1032 1270 1089 caelo
1316 1048 1703 1105 nequaquam
1746 1032 1945 1105 ipsum
2000 1032 2061 1088 in
2113 1032 2263 1089 coelo

2371 1035 2569 1110 οὐρανῷ
2624 1032 2683 1089 δι
2736 1040 2822 1089 τὸν
2876 1042 3004 1092 Θεὸν
3054 1036 3183 1093 εἶναι
3233 1040 3479 1114 λέγοντες,
3523 1045 3617 1097 οὐκ
3673 1044 3722 1097 ἐν
3770 1047 3978 1120 οὐρανῷ

610 1121 966 1178 conclusum
998 1120 1543 1177 circumscribimus
1577 1138 1588 1188 ;
1618 1136 1739 1177 non
1771 1122 1931 1177 enim
1953 1120 2083 1178 loco
2129 1120 2263 1193 capi

2371 1123 2525 1176 αὐτόν
2600 1124 2953 1197 συγκλείοντες
3030 1133 3435 1205 περιγράψομεν·
3511 1132 3791 1209 ἁχὼρητος
3866 1140 3975 1211 γὰρ

609 1215 715 1267 aut
739 1210 1143 1266 circumscribi
1164 1214 1376 1283 potest.
1437 1211 1583 1265 Nam
1611 1210 1833 1282 ubique
1888 1226 2019 1267 esse
2052 1209 2263 1266 dicitur

2371 1212 2485 1265 ἔστι
2537 1218 2627 1266 καὶ
2677 1213 3081 1290 ἀπερίγραπτος·
3140 1217 3266 1272 ἀλλὰ
3324 1232 3601 1295 πανταχοῦ
3653 1228 3741 1296 μὲν
3801 1222 3850 1278 εἶ

610 1299 786 1367 Deus,
839 1299 1091 1355 maxime
1144 1303 1349 1355 tamen
1381 1298 1441 1355 in
1470 1298 1615 1355 locis
1647 1299 2039 1369 dignioribus,
2095 1298 2262 1372 quod

2371 1302 2571 1373 λέγεται
2616 1304 2820 1371 ὀΘεός,
2873 1305 3106 1377 μάλιστα
3153 1305 3212 1361 δὲ
3262 1308 3310 1361 ἐν
3339 1314 3518 1375 τόποις
3553 1311 3733 1383 ἀξίοις,
3786 1312 3879 1368 διὰ
3915 1321 3977 1369 τὸ

609 1388 799 1461 ipsius
823 1388 1019 1458 magis
1060 1387 1461 1460 susceptibilia
1488 1387 1818 1445 videantur.
1860 1392 2102 1461 Propter
2150 1388 2263 1445 hoc

2371 1391 2559 1463 μᾶλλον
2624 1393 2811 1455 αὐτοὺς
2876 1390 3007 1447 εἶναι
3069 1393 3342 1461 δεκτικοὺς
3408 1401 3589 1457 αὐτοῦ.
3653 1406 3749 1456 Διά
3813 1412 3975 1459 τοῦτο

612 1477 792 1549 igitur
833 1477 897 1532 in
922 1476 1065 1533 coelo
1096 1492 1225 1533 esse
1252 1476 1481 1543 dicitur,
1514 1478 1658 1550 quia
1713 1477 1859 1533 illud
1891 1478 2263 1550 purissimum

2371 1485 2541 1533 τοίνυν
2589 1478 2638 1532 ἓν
2684 1490 2755 1553 τῷ
2803 1483 3003 1555 οὐρανώ
3059 1484 3265 1558 λέγομεν
3315 1496 3444 1542 εῖναι
3494 1497 3581 1544 τὸν
3627 1498 3775 1559 Θεὸν,
3830 1491 3983 1549 διότι

610 1570 717 1633 est,
748 1564 810 1621 in
838 1580 961 1638 quo
992 1569 1131 1621 sunt
1171 1569 1350 1634 astra,
1390 1565 1630 1622 virtutes
1660 1566 1762 1638 (m)
1795 1582 1865 1624 ac
1899 1570 2110 1623 turma:
2132 1582 2263 1624 san-

2371 1571 2739 1643 καθαρὼτατος
2803 1573 2829 1623 ό
2890 1576 3046 1635 τόπος
3105 1574 3308 1647 ἐκεῖνος,
3370 1583 3461 1631 καὶ
3515 1576 3654 1633 διότι
3718 1581 3767 1634 ἐν
3829 1585 3981 1656 αὐτῷ

610 1658 862 1726 ctorum,
894 1653 1121 1727 quibus
1142 1653 1320 1712 datur
1348 1654 1584 1727 requies
1606 1655 1721 1727 (η).

2373 1658 2505 1711 εἰσὶν
2566 1660 2622 1711 αἱ
2673 1658 2821 1712 (ialm
2874 1657 3141 1735 δυνάμεις,
3204 1670 3293 1718 καὶ
3341 1668 3389 1719 οἰ
3446 1663 3612 1742 δήμοι
3656 1679 3756 1723 τῶν
3809 1653 3983 1745 ἁγίων

2296 1770 2339 1825 Β
2375 1747 2453 1809 οἷς
2479 1746 2861 1802 ίπαναπαύεται
2872 1792 2885 1806 ,

680 1832 722 1900 σί-
778 1831 1234 1902 Cbrysostomus
1278 1846 1428 1887 sane
1502 1834 1690 1889 totam
1738 1832 1893 1888 hanc
1936 1833 2263 1890 orationem

2447 1836 2555 1910 [Ὁ
2599 1840 2681 1909 (2)
2723 1840 2812 1911 μὶν
2852 1843 3228 1927 Χ-ρυσόστομος
3271 1848 3396 1920 πρὸς
3433 1850 3520 1899 τὸν
3565 1850 3682 1901 Υἰὸν
3723 1848 3983 1927 ἀναφέρε-

612 1919 909 1990 traditam,
952 1920 1029 1975 ad
1060 1919 1275 1975 Filium
1306 1920 1503 1976 refert.
1542 1920 1845 1992 Siquidem
1899 1928 1955 1977 et
1978 1922 2075 1978 hic
2103 1925 2263 1979 Pater

2382 1927 2506 1978 σθαι
2560 1930 2654 1986 τήν
2731 1925 3122 2003 παραδοθεῖσαν
3199 1936 3393 1993 ταύτην
3472 1936 3592 1995 ὅλην
3662 1919 3984 2014 προσευὶήν

612 2011 816 2064 noster
843 2007 1076 2073 dicitur,
1113 2012 1410 2079 tanquam
1457 2013 1708 2072 creator,
1755 2009 2022 2081 provisor
2051 2016 2105 2067 et
2142 2026 2263 2068 ma-

2379 2017 2600 2102 ενέφηνε.
2648 2020 2867 2088 Λέγεται
2926 2022 3028 2093 γὰρ
3094 2027 3183 2074 καὶ
3251 2024 3396 2085 οὗτος
3452 2032 3626 2102 Πατὴρ
3681 2007 3984 2101 ήμῶν,Πὼς

614 2093 814 2165 gister.
847 2093 1017 2149 Juxta
1043 2094 1205 2149 hunc
1237 2099 1438 2150 autem
1485 2110 1818 2151 sermonem
1869 2096 1983 2153 dici
2028 2114 2263 2172 quoque

2380 2101 2727 2177 δημιουργὸς,
2786 2111 2875 2159 καὶ
2925 2105 3186 2183 κηδεμὼν,
3241 2117 3331 2165 καὶ
3387 2093 3831 2188 προνοητής,“καὶ
3884 2118 3982 2173 δι-

614 2182 827 2255 poterit
863 2187 920 2238 et
946 2181 1196 2254 Spiritus
1228 2187 1469 2239 sanctus
1517 2186 1682 2240 Pater
1712 2189 1937 2242 noster.
1985 2186 2189 2259 Itaque
2215 2195 2263 2244 et

2380 2188 2662 2253 δάσκαλος.
2719 2198 2865 2247 Κατὰ
2920 2207 3101 2251 τοῦτον
3153 2198 3211 2253 δε
3287 2207 3373 2255 τὸν
3444 2204 3591 2276 λόγον
3666 2207 3852 2279 λέγοιτ’
3914 2212 3978 2262 οἶν

616 2270 848 2344 proprie
896 2270 976 2328 ad
1006 2270 1264 2341 singulas
1293 2274 1600 2337 Personas,
1648 2278 1704 2329 et
1746 2276 2143 2332 communiter
2191 2276 2263 2333 ad

2380 2286 2556 2357 Πατὴρ
2605 2285 2769 2355 ήμῶν,
2821 2290 2910 2337 καὶ
2956 2290 3015 2339 τὸ
3054 2288 3201 2360 ἅγιον
3248 2297 3473 2365 Πνεῦμα.
3518 2299 3716 2348 Λοιπὸν
3756 2295 3842 2350 οὖν
3882 2306 3971 2353 καὶ

614 2358 829 2416 trinam
856 2375 1155 2433 unamque
1180 2361 1467 2417 Deitatem
1494 2360 1693 2417 referri
1717 2362 1844 2419 haec
1864 2371 2132 2436 possunt.

2381 2367 2560 2431 ἰδικῶς
2592 2375 2718 2445 πρὸς
2755 2374 2972 2427 ἕκαστον
3010 2380 3204 2431 τούτων
3248 2379 3506 2453 ἀναχθείη
3540 2385 3624 2450 ἄν,
3672 2392 3765 2440 καὶ
3790 2396 3967 2452 κοινῶς

2376 2462 2508 2534 πρὸς
2536 2465 2629 2519 τήν
2660 2460 2707 2512 ἓν
2737 2465 2939 2524 τούτοις
2965 2470 3089 2537 μίαν
3119 2472 3376 2527 Θεότητα.
3407 2470 3429 2545 ]

687 2538 851 2595 Vers.
931 2541 982 2594 9.
1072 2536 1486 2607 Sanctiﬁcetur
1557 2554 1763 2597 nomen
1839 2547 2025 2597 tuum.
2105 2541 2263 2599 San-

2448 2547 2778 2621 Ἃγιασθήτω
2906 2557 2964 2605 τό
3094 2559 3253 2629 ὄνομά
3367 2578 3460 2613 σου
3475 2605 3487 2617 .
3605 2560 3973 2635 Ἁγιασθήτω,

616 2626 921 2696 ctiﬁcetur,
980 2626 1097 2683 hoc
1155 2632 1259 2693 est,
1320 2626 1712 2699 gloriﬁcetur;
1762 2629 1810 2684 si
1870 2632 2030 2686 enim
2101 2631 2263 2703 juxta

2380 2636 2490 2691 ἀντὶ
2558 2646 2670 2711 τοῦ,
2737 2639 3080 2702 Δοξασθήτω.
3162 2645 3332 2719 Ἡμῶν
3408 2651 3511 2723 γὰρ
3567 2650 3975 2727 πολιτευομένων

616 2716 847 2771 virtutis
868 2731 1149 2772 normam
1189 2732 1632 2784 conversamur,
1690 2718 2053 2787 gloriﬁcatur
2120 2724 2263 2777 Deus

2380 2725 2643 2802 ἐναρέτως,
2725 2725 3005 2792 δοξάζεται
3069 2737 3214 2806 παρὰ
3269 2744 3368 2788 τῶν
3426 2740 3657 2812 ὁρώντων
3713 2744 3739 2793 ὁ
3820 2750 3973 2807 Θεὸς.

620 2802 700 2861 ab
720 2803 830 2869 bis,
858 2804 962 2876 qui
1018 2819 1128 2859 nos
1172 2805 1552 2877 conspiciunt
1586 2822 1597 2861 :
1630 2808 1869 2868 Luceat.
1923 2809 2115 2879 inquit
2161 2811 2263 2866 lus:

2381 2815 2653 2888 Λαμψάτω
2707 2820 2829 2891 γὰρ,
2882 2825 3032 2891 φησι,
3086 2802 3155 2874 τὸ-
3205 2833 3305 2896 φῶς
3353 2802 3493 2899 ὑμῶν
3538 2831 3819 2900 ἔμπροσθεν
3869 2802 3972 2882 τεόν

622 2896 811 2949 vestra
852 2906 1053 2948 coram
1082 2891 1432 2959 hominibus,
1466 2900 1531 2949 ut
1563 2894 1801 2950 videant
1845 2911 2024 2965 opera
2072 2905 2263 2955 vestra

2379 2902 2680 2975 ἀνθρώπων,
2757 2907 2894 2969 ὅπως
2959 2907 3118 2963 ἴδωσί
3177 2916 3244 2965 τὰ
3299 2915 3433 2967 καλὰ
3481 2919 3621 2989 ὑμῶν
3679 2920 3819 2991 ἔργα,
3877 2925 3964 2972 καὶ

625 2981 798 3047 bona,
821 2985 872 3035 et
909 2980 1231 3051 gloriﬁcent
1270 2982 1508 3038 Patrem
1558 2989 1825 3052 vestrum,
1875 2984 1979 3055 qui
2001 2986 2064 3041 in
2112 2987 2263 3044 caelis

2381 2988 2650 3055 δοξάσωσι
2715 2998 2802 3047 τὸν
2865 3002 3068 3073 Πατέρα
3121 3002 3263 3074 ὑμῶν
3319 3008 3409 3056 τὸν
3460 3004 3509 3057 ἐν
3556 3003 3667 3068 τοῖς
3715 3006 3971 3082 οὐρανοις.

621 3074 705 3127 est
749 3070 815 3124 1⁸.
875 3070 1024 3125 Cum
1064 3069 1244 3141 igitur
1300 3070 1362 3126 in
1423 3086 1485 3127 se
1548 3071 1871 3142 gloriosum
1922 3073 1998 3130 sit
2049 3091 2263 3133 nomen

852 3159 1203 3179 μιηερηιημ
1436 3177 1463 3179 _
1570 3178 1593 3179 η
2169 3167 2203 3179 ..

2381 3078 2761 3155 Δεδοξασμένον
2792 3086 2887 3138 οὔκ
2942 3088 3183 3163 ὑπάρχον
3212 3095 3271 3145 τὸ
3302 3096 3462 3167 ὄνομά
3510 3114 3626 3160 σου,
3670 3092 3977 3160 δοξασθήτω

620 3164 813 3228 tuum,
845 3159 1205 3231 gloriﬁcetur
1229 3159 1409 3218 etiam
1436 3177 1542 3234 per
1566 3167 1835 3220 nostram
1873 3167 2263 3225 conversatio-

2380 3175 2468 3223 καὶ
2495 3166 2589 3224 διὰ
2617 3180 2708 3234 τῆς
2735 3174 2997 3238 πολιτείας
3027 3179 3193 3250 ἡμῶν.

619 3262 782 3306 nem.

690 3339 855 3396 Vers.
878 3337 965 3394 10.
987 3338 1285 3396 Adveniat
1306 3369 1374 3380 —-
1399 3345 1586 3397 tuum.
1613 3341 1879 3414 Regnum
1906 3360 2067 3402 nunc
2096 3351 2263 3404 vocat

2429 3347 2666 3442 _’E10irw
2714 3382 2781 3392 —
2815 3371 2930 3408 σου.
2981 3355 3250 3411 Βασιλείαν
3301 3356 3360 3413 δε
3411 3368 3517 3434 νῦν,
3572 3368 3668 3423 τὴν
3727 3361 3977 3442 δευτέραν

622 3427 959 3484 secundum
1015 3427 1342 3484 adventum
1388 3427 1600 3501 ipsius,
1644 3430 1700 3485 in
1732 3447 1854 3503 quo
1893 3448 2032 3489 cum
2079 3435 2263 3492 multa

2379 3438 2538 3491 αὐτοῦ
2599 3445 2892 3513 παρουσίαν
2955 3450 3134 3517 φησὶν,
3208 3451 3272 3509 ὡς
3342 3454 3473 3522 μετά
3548 3453 3742 3516 πολλῆς
3819 3427 3981 3519 δόξης

621 3516 807 3587 gloria
835 3514 1163 3588 apparebit.
1198 3519 1313 3573 Hoc
1344 3522 1543 3572 autem
1573 3520 1898 3589 petendum
1928 3521 2177 3590 addidit,
2207 3528 2263 3581 ul

2378 3524 2643 3599 ἐσομένην.
2696 3536 2857 3584 Τοῦτο
2899 3529 2958 3586 δὲ
3001 3537 3313 3609 προσέταξεν
3358 3540 3537 3610 αἰτεῖν,
3578 3544 3660 3596 ῖνα
3695 3550 3979 3616 γινώσκον-

618 3604 782 3677 quod
808 3609 1064 3676 petimus
1090 3608 1499 3675 agnoscentes,
1551 3610 1861 3678 praeparati
1898 3609 1977 3666 ad
2006 3611 2058 3683 ej
2071 3627 2137 3665 us
2175 3627 2263 3669 oc-

2376 3634 2479 3685 τες,
2564 3617 2684 3693 ὅπερ
2755 3620 3017 3695 αἰτοῦμεν,
3088 3624 3478 3702 ἓμπαράσκευοι
3542 3635 3674 3706 πρὸς
3748 3635 3978 3695 ὑπαντήν

619 3708 859 3749 cursum
879 3708 985 3765 per
999 3694 1204 3751 omnia
1223 3694 1425 3750 simus.
1443 3694 1765 3768 Prmparari
1787 3698 1944 3754 enim
1966 3704 2263 3772 estoptare

2378 3704 2536 3758 αὐτοῦ
2593 3704 2685 3761 διὰ
2736 3715 2926 3774 παντὸς
2994 3716 3189 3786 εἴημεν.
3241 3719 3674 3793 Ἐμπαρασκεύου
3730 3725 3857 3798 γὰρ,
3913 3727 3975 3777 τὸ

617 3787 684 3841 ut
709 3782 903 3840 veniat
931 3782 1139 3840 Judex.

2378 3794 2552 3855 ζητεῖν
2583 3795 2741 3849 ἐλθεῖν
2767 3804 2854 3851 τὸν
2887 3782 3169 3861 δικαστήν,

688 3872 885 3929 Potest
904 3887 1143 3946 quoque
1171 3876 1227 3929 et
1266 3872 1384 3931 alio
1407 3874 1589 3931 modo
1620 3873 1735 3930 dici
1770 3891 1783 3931 :
1817 3877 2019 3934 Veniat
2049 3879 2124 3935 ad
2155 3895 2263 3936 nos

2642 3882 2701 3938 δὲ
2747 3892 2837 3940 καὶ
2887 3888 3063 3965 ἔτέρως
3111 3893 3288 3963 εἰπεῖν,
3342 3897 3422 3949 ὅτι
3470 3897 3684 3953 Ἐλθὲτω
3722 3900 3796 3973 ἐφ’
3834 3904 3981 3975 ἡμᾶς

613 3977 871 4033 regnum
912 3967 1104 4032 tuum,
1148 3962 1206 4017 id
1268 3968 1372 4033 est,
1404 3963 1637 4034 impera
1697 3968 1755 4021 tu
1804 3966 1993 4035 nobis,
2061 3971 2120 4023 et
2144 3984 2263 4025 non

2374 3974 2405 4030 ή
2457 3970 2705 4045 βασιλεία
2750 3994 2867 4046 σου,
2924 3984 3180 4053 τουτέστι,
3240 3981 3669 4061 βασιλευθείημεν
3722 3992 3821 4042 ὑπὸ
3877 4001 3978 4045 σοῦ

614 4049 888 4108 diabolus
922 4053 1028 4116 ;tu
1057 4049 1232 4141 nobis
1283 4050 1562 4117 suadeas,
1599 4067 1669 4107 ac
1696 4066 1800 4122 per
1844 4057 1945 4109 tua
1979 4056 2263 4116 mandata

2372 4065 2463 4113 καὶ
2535 4067 2607 4134 μή
2682 4064 2781 4117 ὑπό
2850 4074 2940 4119 τοῦ
3008 4067 3276 4139 διαϐόλου,
3350 4075 3440 4127 καί
3498 4080 3560 4128 σὺ
3616 4084 3826 4141 πείσαις
3883 4086 3977 4135 καὶ

616 4139 844 4211 iubeas,
872 4140 929 4193 et
950 4151 1069 4192 non
1092 4135 1209 4192 ille.

2375 4150 2659 4215 ὑποτάξαις
2696 4155 2835 4227 ἡμᾶς
2878 4163 2989 4219 τοῖς
3033 4166 3145 4223 σοῖς
3186 4166 3585 4237 προστάγμασι,
3618 4172 3707 4221 καὶ
3742 4173 3814 4241 μή
3847 4168 3977 4222 ἐκεῖ·

2371 4256 2470 4297 νος.

687 4313 847 4371 Vers.
878 4311 960 4367 10.
985 4312 1119 4368 Fiat
1143 4342 1211 4352 —
1234 4316 1413 4368 terra.
1449 4313 1570 4369 Fiat
1591 4313 1863 4373 voluntas
1893 4319 1991 4376 tua
2019 4318 2081 4376 in
2108 4324 2263 4380 terra

2444 4329 2715 4419 Γενηθήτω
2780 4364 2850 4375 -
2912 4343 3030 4408 γῆς.
3100 4341 3370 4399 Γενηθήτω
3447 4346 3504 4396 τὸ
3586 4345 3782 4419 θέλημά
3851 4367 3969 4419 σου,

616 4398 694 4458 ab
740 4399 1097 4467 hominibus,
1158 4400 1677 4472 quemadmodum
1731 4404 1791 4458 in
1839 4406 1990 4463 coelo
2068 4408 2131 4466 ﬁt
2186 4411 2263 4468 ab

615 4490 847 4560 angelis
880 4506 893 4556 ;
925 4488 998 4545 de
1018 4488 1235 4562 quibus
1251 4489 1395 4546 dixit
1421 4489 1608 4547 David
1637 4508 1651 4547 :
1678 4493 1946 4551 Mimstri
1967 4499 2109 4567 ejus,
2159 4503 2263 4573 qui

2689 4477 2732 4483 ι,
2793 4477 2903 4494 ,,,,
2957 4477 2960 4478 ν
3017 4477 3094 4500 ,η
3150 4477 3231 4481 ,Ψ
3301 4477 3600 4507 ----Γ.-,...-,
3652 4477 3720 4498 νυ,
3781 4477 3968 4509 ,........

2373 4503 2420 4556 ἐν
2485 4507 2705 4580 οὐρανῷ,
2760 4516 2905 4585 παρὰ
2960 4524 3059 4567 τῶν
3127 4516 3377 4591 ἀγγέλων,
3444 4529 3562 4598 περὶ
3619 4522 3687 4577 ὧν
3747 4525 3880 4579 εἶπεν
3942 4529 3968 4579 ὁ

612 4580 842 4652 faciunt
888 4579 1245 4636 voluntatem
1295 4579 1473 4648 ipsius
1525 4582 1571 4617 ¹⁸
1603 4613 1670 4623 -—
1716 4583 2010 4643 Adveniat
2060 4594 2262 4647 autem

2371 4591 2557 4687 Δαυὶδ·
2640 4605 2951 4677 Λειτουργοὶ
3033 4605 3215 4677 αὐτοῦ,
3299 4579 3560 4673 ποιοῦντιες
3637 4618 3695 4667 τὸ
3776 4615 3969 4687 θέλημα

614 4674 671 4727 et
692 4670 816 4739 ﬁat,
845 4668 986 4725 licet
1022 4683 1128 4741 per
1166 4667 1346 4726 verba
1374 4668 1647 4727 dicantur
1684 4672 2033 4745 imperativa
2079 4676 2260 4732 ἐλθέτω

2830 4667 2839 4677 ι
2870 4667 2883 4676 v
3199 4667 3212 4677 υ
3545 4667 3558 4673 ⁸
3814 4667 3821 4668 7
3878 4667 3905 4687 Ἀ
3962 4667 3965 4668 ν

2372 4683 2551 4737 αὐτοῦ.
2602 4688 2816 4763 Θίλημα
2860 4688 2919 4745 δε
2966 4701 3121 4764 Θεοῦ,
3167 4699 3222 4749 αἱ
3267 4696 3463 4753 ἐντολαὶ
3493 4702 3673 4759 αὐτοῦ.
3721 4704 3965 4757 Εὗκτικὸν

610 4763 669 4817 et
705 4759 993 4831 γενηθήτω,
1028 4762 1349 4815 sumuntur
1384 4762 1583 4817 tamen
1609 4776 1719 4833 pro
1753 4764 2050 4835 optativis.
2081 4765 2261 4840 Opta-

2371 4768 2432 4827 δι
2477 4779 2567 4828 καὶ
2616 4779 2698 4848 τὸ,
2742 4759 3116 4854 ’“Αγιασθήτω,ν
3163 4792 3252 4840 καὶ
3305 4793 3383 4857 τὸ,
3440 4793 3737 4852 Γενηθήτω.
3790 4796 3963 4865 Εὺχό-

608 4864 743 4908 mus
802 4848 962 4905 enim
1032 4863 1102 4905 ac
1157 4864 1477 4921 precamur
1542 4849 1692 4918 haec,
1750 4867 1816 4909 eo
1864 4855 2029 4925 quod
2083 4857 2258 4915 etiam

2371 4865 2502 4935 μεθα
2530 4867 2627 4939 γὰρ
2662 4848 2844 4942 ταῦτα,
2880 4867 2973 4925 διά
3019 4876 3079 4927 τὸ

2371 4419 2461 4509 καὶ
2512 4414 2597 4509 επὶ
2642 4428 2734 4483 τῆς
2786 4432 2903 4494 γῆς,
2950 4429 3095 4500 παρὰ
3142 4437 3240 4481 τῶν
3299 4429 3600 4507 ἀνθρώπων,
3651 4414 3720 4498 ὡς
3774 4414 3970 4509 γίνεται

3111 4877 3335 4951 χρῄζειν
3386 4883 3511 4956 πρὸς
3542 4888 3711 4939 ταῦτα
3753 4886 3841 4937 καὶ
3877 4890 3970 4947 τῆς

681 5030 730 5067 υ
757 5027 957 5086 Matth.
981 5042 1037 5098 v,
1072 5031 1156 5084 16.
1261 5029 1309 5065 1⁵
1339 5029 1494 5088 Psal.
1527 5044 1620 5100 cn,
1660 5030 1757 5094 21.

1830 5158 2051 5231 Variae
2095 5163 2418 5238 lectiones
2443 5178 2729 5241 etnotae.

683 5291 761 5366 (2)
787 5291 1017 5349 Inclusa
1041 5292 1101 5349 in
1133 5292 1408 5363 margine
1434 5293 1618 5353 habet
1646 5300 1714 5355 A.

681 5414 2263 5531 5332ιέῗρὲίξιθιιῖπῗιῖέῗξιῗῑρῗίίηὲἓᾷἷὲῗρῗᾶἓῗηξςέὶῖἒιίθδ
2373 5432 2984 5531 -..ς’ἑὶρἭιέξξίαίυν
3004 5449 3246 5522 “quies-
3280 5455 3342 5509 ιη
3372 5453 3595 5527 quibus
3621 5461 3947 5531 acauiescit

608 5488 1044 5578 potestatesqab
1074 5488 1239 5578 omn‘i
1262 5488 1923 5578 materiae—concretione
1966 5499 2188 5559 liberte.
2370 5488 2594 5578 quibus
2607 5488 3246 5578 iétiitﬁ'b'é'uéf’“”°'
3280 5488 3342 5509 ω
3372 5488 3595 5527 qum“
3621 5488 3968 5539 “qumc‘l’

607 5557 855 5631 Ᾰυνάμεις
888 5557 1057 5625 ἄϋλοι,
1090 5562 1228 5617 sunt
1257 5560 1471 5631 angeli'
