4206 6310
178 424 290 479 237

1147 412 1523 471 COMMENT.
1574 411 1644 467 IN
1688 407 2134 466 MATTHXEUM.
2181 440 2250 450 —
2290 409 2449 465 CAP.
2489 410 2583 466 VI.

3443 408 3547 466 238

186 551 335 624 παρά
366 550 479 601 θεοῦ
512 545 783 620 βοηθείας.
807 548 909 597 Καὶ
944 544 1008 595 τὰ
1036 541 1193 595 λοιπά
1218 538 1278 594 δὲ
1314 541 1542 615 ῥήματα,
1576 538 1787 591 εύκτικά

1912 534 1973 592 td
2016 551 2087 591 ea
2133 536 2336 593 divino
2379 536 2555 593 nobis
2598 551 2749 608 opus
2792 542 2881 595 est
2907 537 3144 596 auxilio.
3180 538 3272 596 Sic
3318 538 3551 613 reliqua

190 638 340 706 εἰσιν,
375 637 418 690 εἰ
443 640 533 688 καὶ
570 635 934 711 προστακτικὰ
964 628 1203 686 δοκοῦσι.

260 819 357 868 Τόν
408 816 565 886 ἄρτον
617 843 680 854 -
740 817 979 884 σήμερον.
1050 806 1238 875 Εἰδὼς,
1312 812 1404 866 τήν
1468 809 1557 880 μὲν
1638 806 1788 879 ἀγγε-

190 905 338 961 λικήν
392 906 549 975 φύσιν
615 898 882 976 ἀπροσδεῆ
943 908 1156 974 τροφῆς,
1206 902 1297 955 τήν
1349 895 1672 970 ἀνθρωπίνην
1731 893 1790 948 δὲ

181 996 378 1053 ταύτης
435 987 645 1055 ἐπιδεῆ,
712 989 1025 1064 προσέταξεν
1080 988 1339 1039 αἰτεῖσθαι
1390 989 1448 1037 τὸ
1512 986 1790 1057 ἀναγκαῖον

177 1091 279 1143 τῆς
336 1084 559 1152 φύσεως.
615 1079 805 1152 ’Ἄρτον
857 1076 916 1130 δὲ
972 1080 1118 1149 ἡμῶν
1166 1072 1318 1142 εἶπεν,
1372 1073 1484 1127 ἀντὶ
1532 1082 1644 1143 τοῦ,
1694 1078 1791 1126 Τὸν

181 1167 262 1223 δι’
326 1172 467 1240 ἡμᾶς
535 1172 823 1240 γενόμενον.
888 1166 1180 1219 Ἐπιούσιον
1252 1161 1311 1216 δὲ
1378 1168 1790 1236 προσηγόρευσε,

183 1262 279 1311 τὸν
317 1258 398 1309 ἐπὶ
435 1265 496 1329 τῇ
530 1257 687 1328 ούσίᾳ
738 1260 829 1307 καὶ
870 1255 1087 1326 ὑπάρξει
1115 1259 1204 1305 καὶ
1250 1255 1506 1305 συστάσει
1554 1260 1643 1303 τοῦ
1694 1256 1792 1303 σὼι

188 1366 358 1420 ματος
409 1342 722 1403 ἐπιτήδειον.
779 1343 847 1396 Ἦ
901 1346 1034 1395 κατά
1091 1346 1176 1393 τόν
1388 1345 1789 1415 Χρυσόστομον,

189 1434 457 1487 ἐπιούσιον
512 1430 637 1499 εἶπε,
695 1435 783 1485 τόν
837 1430 1108 1505 ἐφήμερον.
1168 1429 1269 1483 Ἕω
1319 1430 1395 1499 (3)
1452 1431 1551 1501 γὰρ
1605 1429 1791 1500 ὀνομά-

191 1523 349 1594 ζομεν
402 1527 490 1580 τήν
546 1524 763 1596 ἡμέραν.
826 1523 1125 1586 Προσέθηκε
1183 1517 1242 1571 δε
1293 1522 1382 1569 καὶ
1432 1521 1489 1570 τό
1548 1522 1787 1589 σήμερον,

193 1617 540 1684 φανερώτερον
607 1611 819 1681 ἀπάγων
872 1611 1012 1680 ἡμᾶς
1065 1616 1156 1660 τοῦ
1225 1612 1296 1679 μὴ
1358 1610 1435 1676 (’L)
1504 1606 1790 1679 φροντίζειν

193 1702 503 1771 περαιτέρω.
577 1698 817 1750 Βούλεται
876 1700 1000 1772 γὰρ,
1075 1701 1190 1757 τοὺς
1262 1699 1485 1757 πιστοὺς
1548 1694 1596 1746 ἐν
1678 1701 1791 1756 ταῖς

196 1787 391 1858 εὐχαῖς
436 1789 586 1861 ἄρτον
642 1792 790 1858 μόνον
834 1787 1015 1853 αἰτεῖν,
1055 1790 1145 1837 καὶ
1192 1793 1372 1837 τοῦτον
1419 1790 1642 1859 σήμερον
1691 1788 1790 1854 μό-

193 1896 307 1943 νον,
354 1880 443 1928 καὶ
489 1880 561 1948 μὴ
617 1894 732 1947 μερι
786 1881 873 1945 νᾷν
927 1879 1045 1947 περὶ
1118 1883 1210 1933 τῆς
1262 1873 1511 1934 ἐπιούσης
1578 1874 1790 1945 ἡμέρας,

196 1961 347 2016 διότι
402 1964 496 2015 οὐκ
552 1961 785 2035 οἴδαμεν,
841 1963 883 2015 εἰ
938 1968 1027 2015 καὶ
1088 1962 1137 2014 ἐν
1204 1962 1335 2033 αὐτῇ
1393 1962 1639 2033 ζήσομεν.
1694 1964 1794 2013 Καὶ

195 2052 381 2104 λοιπὸν
419 2056 654 2126 περιττόν
701 2051 814 2104 ἐστι
863 2058 1112 2126 μέριμνᾷν
1150 2055 1269 2123 περὶ
1319 2051 1401 2120 (5)
1443 2051 1657 2124 ἡμέρας,
1713 2049 1793 2117 ἧς,

195 2140 296 2193 ούκ
326 2137 561 2211 οἴδαμεν,
606 2141 649 2193 εἰ
689 2142 949 2213 φθάσομεν
994 2144 1051 2192 τὸ
1101 2136 1394 2210 διάστημα.
1425 2145 1588 2190 Τοῦτο
1621 2134 1679 2190 δε
1707 2141 1796 2188 καὶ

193 2234 420 2302 προῖὼν,
474 2225 567 2281 διά
625 2229 867 2281 πλειόνων
920 2229 1085 2299 λόγων
1142 2227 1369 2294 ἐπέταξε,
1425 2226 1580 2298 λέγων
1634 2243 1647 2255 ·
1708 2230 1793 2283 Μή

188 2323 554 2391 μεριμνήσητε
601 2317 674 2378 εἰς
724 2323 818 2376 τὸν
876 2320 1073 2389 αὔριον.
1140 2317 1291 2368 Οὕτω
1344 2319 1442 2388 γὰρ
1498 2315 1558 2365 ἂν
1610 2314 1798 2367 εὐστα-

187 2406 295 2468 λεῖς
365 2405 612 2479 ἐσόμεθα,
684 2406 831 2477 ὀλίγα
906 2410 995 2478 μεν
1051 2408 1339 2467 ὑπείκοντες
1402 2412 1471 2475 τῷ
1538 2403 1801 2475 ἀναγκαίῳ

192 2504 293 2557 τῆς
353 2498 575 2567 φύσεως,
649 2495 810 2547 τᾶλλα
885 2492 944 2547 δε
1010 2499 1310 2569 τρεπόμενοι
1364 2496 1489 2568 πρὸς
1554 2492 1802 2567 ἐργασίαν

199 2589 583 2656 πνευματικὴν.

284 2673 451 2744 [Εἰκὸς
493 2674 570 2745 (6)
631 2669 709 2743 δε,
769 2677 858 2725 καὶ
908 2676 995 2725 τὸν
1041 2680 1129 2732 τῆς
1174 2670 1363 2743 ψυχῆς
1408 2672 1562 2742 ἄρτον
1620 2670 1801 2725 αἰτεῖν.

206 2763 411 2835 Χρῄζει
465 2764 565 2835 γὰρ
637 2766 728 2813 καὶ
786 2761 916 2819 αὕτη
974 2769 1169 2833 τροφῆς
1221 2760 1514 2825 ἐπιουσίου,
1561 2759 1688 2829 λέγω
1739 2757 1803 2817 δή

199 2859 302 2913 τῆς
354 2852 545 2903 ἄνωθεν
604 2849 919 2923 ἐὈάμψεως,
975 2855 1065 2901 καὶ
1122 2850 1472 2922 ἐπιχορηγίας
1523 2858 1613 2908 τῆς
1670 2850 1805 2907 θείας

193 2939 491 3012 γνώσεως]

276 3034 384 3081 Καὶ
434 3060 502 3068 —
557 3030 726 3099 ήμῶν.
782 3029 1149 3100 Ἐπιστάμενος
1222 3030 1281 3079 τὸ
1346 3031 1476 3100 πρὸς
1550 3027 1803 3099 ἁμαρτίαν

197 3117 476 3171 εύόλισθον
530 3124 622 3178 τῆς
680 3119 883 3187 φύσεως
933 3119 1097 3188 ἡμῶν,
1159 3122 1247 3168 καὶ
1302 3120 1692 3190 προγινώσκων,
1724 3118 1804 3167 ὃτι

1895 641 2031 698 qua:
2071 630 2401 698 sequuntur
2447 625 2652 694 verba,
2700 627 2961 699 optativa
2993 632 3148 694 sunt,
3194 645 3550 702 quanquam

1894 715 2207 771 videantur
2225 715 2594 787 imperativa.

1966 806 2125 859 Vers.
2159 806 2241 859 tt.
2276 806 2491 861 Panem
2521 836 2589 844 ——
2616 804 2805 861 hodie.
2851 805 3052 862 Sciens
3091 806 3335 879 quidem
3375 814 3554 865 natu-

1897 908 2024 947 ram
2040 893 2371 960 angelicam
2387 910 2769 966 nequaquam
2782 895 2915 951 cibo
2927 896 3213 965 indigere,
3228 897 3552 953 humanam

1898 997 2038 1037 vero
2068 982 2247 1053 hujus
2298 998 2432 1037 esse
2470 982 2857 1052 indigentem,
2900 984 3075 1054 jussit
3120 984 3285 1057 quod
3326 992 3555 1041 naturai

1899 1071 2302 1126 necessarium
2328 1077 2414 1127 est
2442 1071 2573 1143 peti.
2608 1073 2834 1129 Panem
2864 1077 3065 1128 autem
3091 1080 3355 1129 nostrum
3385 1072 3556 1135 dixit,

1899 1158 2013 1214 hoc
2035 1165 2137 1231 est,
2164 1165 2405 1233 propter
2420 1176 2531 1216 nos
2550 1159 2875 1217 formatum
2902 1178 2914 1227 ;
2936 1162 3558 1230 supersubstantialem

1898 1264 2041 1304 vero
2056 1250 2394 1321 appellavit,
2410 1251 2553 1322 quia
2564 1250 2641 1306 ad
2655 1251 2921 1323 corporis
2938 1251 3360 1317 substantiam,
3380 1252 3560 1307 vitam

1900 1353 1971 1392 ac
2000 1340 2483 1394 constitutionem
2514 1340 2873 1395 conveniens
2903 1346 3009 1395 est.
3040 1340 3139 1396 Vel
3170 1342 3341 1412 juxta
3380 1341 3562 1413 Chry-

1900 1430 2222 1482 sostomum
2252 1428 2514 1479 ἐπιούσιον
2544 1428 2712 1493 dixit,
2746 1427 2809 1483 id
2838 1432 2947 1495 est,
2988 1430 3413 1500 quotidianum.
3447 1429 3561 1485 Ad-

1899 1515 1984 1570 dit
2004 1516 2201 1581 etiam,
2230 1517 2398 1571 hodie
2425 1533 2436 1570 :
2473 1533 2509 1573 a
2538 1533 2681 1573 cura
2708 1534 2817 1573 nos
2847 1518 3151 1574 abducens
3195 1519 3563 1591 insequentis

1898 1606 2201 1677 temporis.
2230 1605 2357 1660 Vult
2393 1605 2542 1660 enim
2576 1605 2778 1662 fideles
2814 1622 3031 1678 panem
3072 1612 3300 1664 tantum
3342 1614 3560 1680 petere,

1899 1699 1954 1749 et
1979 1694 2138 1748 hunc
2159 1698 2389 1749 tantum
2409 1693 2788 1759 hodiernum,
2814 1710 2921 1750 nec
2953 1696 3092 1766 angi
3114 1696 3188 1751 de
3228 1696 3563 1769 insequenti

1900 1782 2014 1848 die,
2047 1798 2184 1837 cum
2210 1797 2401 1853 neque
2424 1781 2683 1837 sciamus
2706 1798 2783 1837 an
2815 1784 3069 1838 etiamin
3099 1783 3230 1855 ipso
3266 1784 3562 1841 vivemus.

1820 1884 1870 1943 Β
1904 1870 2281 1942 Superﬂuum
2295 1871 2595 1941 estitaque
2609 1870 2923 1926 sollicitum
2939 1887 3065 1927 esse
3081 1872 3155 1927 de
3170 1872 3284 1937 die,
3300 1873 3377 1929 ad
3390 1874 3566 1944 cujus

1903 1960 2165 2031 spatium
2182 1964 2374 2013 utrum
2391 1959 3176 2029 pertingemusignoramus.
3193 1963 3310 2016 Hoc
3321 1977 3566 2033 quoque

1901 2064 1963 2121 in
1998 2048 2380 2120 sequentibus
2402 2047 2571 2118 jubet
2599 2046 2872 2119 pluribus
2904 2048 3119 2113 verbis,
3162 2049 3365 2105 dicens
3412 2050 3567 2105 inter

1906 2144 2153 2193 caetera:
2220 2136 2306 2193 Ne
2357 2136 2603 2192 solliciti
2649 2136 2772 2191 sitis
2824 2137 2888 2191 in
2956 2140 3273 2194 crastinum
3352 2139 3419 2191 η.
3482 2142 3568 2195 Ita

1910 2240 2123 2297 nempe
2172 2224 2428 2296 expediti
2467 2225 2706 2294 erimus,
2748 2240 2945 2296 pauca
2972 2231 3191 2281 naturae
3218 2226 3570 2297 [necessitati

1907 2314 2308 2379 concedendo,
2332 2310 2563 2386 reliqua
2578 2329 2719 2370 vero
2740 2312 2818 2369 ad
2839 2314 3248 2387 operationem
3288 2315 3568 2388 spiritua-

1908 2401 2027 2458 lem
2046 2402 2382 2458 tribuendo.

1983 2672 2246 2742 [Equum
2273 2671 2449 2727 etiam
2482 2674 2585 2736 est,
2606 2671 2818 2726 animae
2836 2684 3077 2744 quoque
3095 2686 3315 2744 panem
3338 2676 3561 2745 petere.

1914 2761 2141 2830 Indiget
2172 2762 2327 2814 enim
2361 2765 2415 2815 et
2460 2760 2591 2831 ipsa
2629 2760 3186 2831 supersubstantiali
3219 2761 3354 2816 cibo
3386 2778 3399 2816 :
3429 2761 3563 2817 dico

1915 2865 2061 2905 sane
2086 2847 2517 2904 illuminatione
2535 2847 2770 2912 caelesti,
2792 2853 2971 2919 utque
2998 2848 3200 2905 divina
3221 2848 3275 2904 ei
3306 2848 3563 2920 cognitio

1914 2938 2253 3010 praebeatur
2266 2981 2278 2992 .

1985 3029 2141 3082 Vers.
2197 3029 2275 3080 t2.
2331 3026 2404 3081 Et
2455 3056 2525 3065 —
2575 3026 2815 3081 nostris.
2860 3026 3057 3081 Sciens
3096 3041 3281 3097 quam
3334 3025 3561 3081 lubrica

1913 3120 2067 3171 esset
2088 3120 2298 3170 natura
2313 3119 2514 3169 nostra
2527 3114 2601 3169 ad
2618 3118 2925 3185 peccatum
2943 3130 2956 3179 ;
2974 3128 3309 3183 agnoscens
3321 3129 3562 3186 quoque

192 3212 291 3259 καὶ
344 3208 474 3278 μετά
528 3209 587 3257 τό
641 3204 855 3279 λουτρόν
908 3214 1005 3266 τῆς
1065 3204 1462 3276 παλιγγενεσίας
1502 3206 1802 3279 ἁμαρτήσο-

1913 3211 1969 3261 et
2007 3210 2140 3275 post
2165 3204 2626 3275 regenerationis
2654 3203 2981 3270 lavacrum,
3010 3219 3245 3258 rursum
3289 3220 3398 3259 nos
3433 3219 3562 3259 esse

192 3315 312 3367 μεν,
379 3294 573 3347 κελεύει
644 3293 958 3367 παρακαλεῖν
1034 3295 1160 3367 ὑπὲρ
1234 3302 1333 3344 τῶν
1393 3293 1802 3367 ἁμαρτημάτων,

194 3385 332 3457 οἷπερ
417 3383 739 3455 ὀφειλήματα
808 3382 1091 3454 ὠνόμασεν.
1169 3381 1453 3454 Ὀφείλημα
1526 3384 1646 3457 γὰρ,
1714 3386 1803 3433 καὶ

194 3475 258 3525 τό
309 3471 617 3545 ἁμάρτημα,
675 3473 745 3532 ὡς
807 3475 894 3523 καὶ
948 3470 1075 3522 αύτὸ
1142 3478 1321 3522 ποιοῦν
1388 3473 1669 3523 ὑπεύθυνον
1717 3470 1802 3522 τόν

196 3562 494 3634 ἄνθρωπον,
551 3562 723 3634 ὥσπερ
783 3564 872 3611 καὶ
923 3562 981 3610 τό
1034 3562 1211 3633 χρέος.
1274 3559 1689 3627 Παρακαλοῦντες
1745 3555 1803 3611 δὲ

196 3651 332 3723 ὑπὲρ
386 3647 614 3720 ἀφέσεως
670 3648 838 3701 αὐτῶν
867 3692 881 3717 ,
933 3647 1430 3719 ἀναμιμνησκόμεθά
1481 3667 1535 3700 τε
1582 3648 1747 3700 αὐτῶν
1786 3690 1800 3715 ,

822 3735 1223 3810 συντριϐόμεθα.
1292 3733 1541 3789 Διδάσκει
1597 3733 1655 3789 δὲ
1716 3743 1804 3788 καὶ

202 3831 422 3897 τρόπον,
476 3822 546 3877 δι’
591 3827 649 3877 οὗ
704 3824 913 3898 κάμψαι
961 3822 1298 3897 δυνησόμεθα
1348 3829 1433 3877 τὸν
1487 3829 1628 3890 Θεὸν,
1677 3829 1804 3897 φημὶ

199 3744 295 3790 καὶ
356 3741 742 3809 ταπεινούμενοι

206 3912 306 3979 δὴ,
362 3917 420 3966 τὸ
460 3919 550 3965 καὶ
588 3916 725 3985 ἡμᾶς
782 3922 1079 3989 συγχωρεῖν
1132 3921 1240 3974 τοῖς
1291 3914 1678 3987 ἁμαρτάνουσιν
1735 3914 1804 3974 εἰς

203 4005 349 4075 ἡμᾶς
381 4022 394 4035 ·
422 4006 637 4065 τούτους
680 4006 778 4077 γὰρ
832 4003 1093 4075 ὀφειλέτας
1151 3999 1258 4055 εἷπε
1286 4020 1299 4033 ·
1356 4008 1444 4055 καὶ
1501 4011 1651 4055 τοῦτο
1682 4021 1805 4077 προ-

204 4092 512 4160 ϐάλλεσθαι,
542 4089 651 4143 ἀντὶ
697 4094 867 4152 πάσης
917 4095 1199 4165 ἱκετηρίας,
1250 4093 1318 4153 ὡς
1366 4090 1623 4154 ἐξελέσθαι
1672 4093 1805 4163 ἡμᾶς

205 4176 512 4251 δυνάμενον.
546 4184 633 4232 Διό
667 4184 917 4254 καὶμετά
972 4185 1030 4233 τὸ
1078 4181 1354 4255 πληρῶσαι
1400 4185 1493 4238 τήν
1539 4177 1805 4233 διδασκα-

202 4268 325 4321 λίαν
369 4277 463 4329 τῆς
499 4269 686 4341 εὐχῆς,
717 4270 871 4322 πάλιν
902 4268 1310 4341 ἐπαναλαμϐάνει
1340 4272 1424 4321 τὸν
1476 4274 1593 4343 περὶ
1647 4270 1806 4321 αὐτοῦ

200 4357 372 4429 λόγον.
406 4364 515 4410 Νῦν
570 4356 629 4411 δε
680 4366 833 4410 τοῦτο
879 4360 1172 4432 προσέθηκε
1213 4366 1274 4431 τῇ
1321 4358 1477 4429 εύχῇ,
1528 4360 1609 4410 ἶνα
1655 4367 1806 4411 τοῦτο

202 4447 321 4499 καθ’
381 4446 610 4505 ἑκάστην
671 4450 797 4521 πρὸς
855 4451 981 4501 Θεὸν
1036 4447 1285 4519 λέγοντες,
1354 4445 1582 4517 ἀνάγκην
1634 4446 1807 4520 ἕξομεν

1912 3294 2265 3356 oﬁensuros,
2295 3292 2584 3363 jubetpro
2612 3292 2865 3362 peccatis
2880 3292 3208 3362 deprecari,
3230 3308 3365 3364 quae
3379 3293 3557 3347 etiam

1911 3382 2114 3437 debita
2185 3380 2560 3436 nominavit:
2610 3380 2875 3434 debitum
2922 3380 3082 3435 enim
3144 3387 3200 3436 et
3254 3389 3560 3452 peccatum

1912 3472 2088 3543 quasi
2132 3470 2342 3526 eadem
2382 3485 2497 3533 res,
2552 3468 2876 3524 obnoxium
2930 3469 3186 3524 reddunt
3227 3469 3556 3538 hominem,

1913 3562 2064 3615 sicut
2095 3564 2150 3615 et
2188 3576 2269 3614 aes
2300 3559 2585 3614 alienum.
2626 3558 3022 3630 Deprecantes
3048 3564 3247 3615 autem
3276 3574 3383 3629 pro
3406 3560 3561 3631 ipso-

1912 3664 2047 3704 rum
2067 3647 2439 3713 remissione,
2463 3647 2899 3702 reminiscimur
2920 3662 3148 3712 eorum,
3172 3653 3227 3703 et
3265 3647 3558 3704 humiliati

1914 3737 2296 3793 conterimur.
2347 3739 2524 3791 Docet
2552 3750 2793 3807 quoque
2818 3740 2874 3790 et
2906 3735 3178 3801 modum,
3219 3752 3341 3807 quo
3374 3738 3560 3792 Deum

1912 3824 2147 3881 ﬂectere
2213 3822 2519 3895 possimus
2565 3840 2578 3877 :
2634 3821 2768 3877 dico
2816 3837 2961 3877 sane
3030 3827 3093 3877 ut
3161 3828 3218 3877 et
3274 3838 3385 3878 nos
3442 3823 3557 3879 illis

1914 3914 2315 3983 ignoscamus,
2331 3911 2435 3983 qui
2460 3911 2517 3966 in
2537 3926 2646 3965 nos
2660 3915 3080 3982 peccaverunt:
3111 3926 3255 3966 nam
3278 3912 3389 3967 hos
3412 3912 3562 3968 dixit

1914 4002 2234 4057 debitores.
2262 4003 2322 4055 Et
2344 4002 2456 4055 hoc
2481 3998 2770 4071 jubetpro
2791 3999 2953 4055 omni
2972 3998 3163 4055 forma
3181 4000 3561 4071 supplicandi

1916 4089 2163 4162 proferri
2193 4107 2206 4145 :
2235 4096 2515 4160 tanquam
2537 4088 2596 4143 id
2620 4088 2811 4143 solum
2841 4094 3049 4159 potens
3063 4089 3139 4143 sit
3162 4104 3271 4144 nos
3287 4089 3558 4146 liberare.

1915 4181 2173 4251 Ideoque
2194 4176 2489 4248 completa
2502 4176 2573 4232 de
2596 4178 2858 4233 oratione
2873 4177 3159 4243 doctrina,
3180 4178 3387 4234 iterato
3400 4194 3563 4251 repe-

1915 4268 1982 4325 tit
2009 4268 2083 4323 de
2105 4268 2217 4323 hac
2246 4282 2307 4321 re
2356 4281 2715 4322 sermonem.
2757 4265 2924 4320 Nunc
2955 4271 3151 4321 autem
3181 4266 3409 4322 addidit
3432 4283 3566 4324 ora-

1916 4356 2082 4420 tioni,
2120 4362 2184 4411 ut
2209 4355 2380 4410 nobis
2406 4355 2518 4409 hoc
2531 4353 2794 4426 quotidie
2812 4356 2931 4409 Deo
2949 4355 3565 4423 dicentibus,necesse

1920 4446 1994 4502 sit
2023 4446 2134 4501 illis
2162 4444 2263 4515 qui
2292 4444 2351 4499 in
2394 4458 2507 4498 nos
2547 4443 2941 4514 deliquerunt,
2976 4443 3285 4513 ignoscere
3315 4446 3401 4514 -Η-
3442 4461 3566 4500 me-

205 4544 506 4609 συγχωρεῖν
550 4543 662 4597 τοῖς
715 4541 992 4589 πταίουσιν
1042 4537 1113 4597 εἰς
1168 4537 1319 4608 ἡμᾶς,
1373 4533 1693 4607 φοϐούμενοι,
1735 4538 1802 4609 (7]

1918 4534 2244 4597 tuentibus,
2273 4548 2348 4587 ne
2377 4531 2867 4598 condemnemur,
2898 4536 3185 4605 tanquam
3218 4534 3567 4589 mentientes

201 4629 277 4698 μὴ
326 4626 742 4698 κάτακριθῶμεν,
786 4628 856 4688 ὡς
894 4622 1228 4699 ψευδόμενοι,
1279 4627 1409 4699 πρὸς
1458 4622 1660 4684 ἀπάτην
1718 4635 1809 4679 τοῦ

204 4720 366 4769 Θεοῦ.

280 4813 331 4848 ³⁸
357 4812 557 4869 Matth.
590 4827 671 4879 v1,
693 4811 780 4868 34.

1920 4624 1999 4681 ad
2029 4622 2355 4681 fallendum
2382 4622 2589 4677 Deum.

1446 4882 1665 4953 Variae
1696 4885 2024 4954 lectiones
2047 4892 2111 4950 et
2142 4893 2343 4949 notae.

309 5025 387 5093 ε’)
410 5028 448 5080 t.
474 5023 588 5093 vn,
624 5039 683 5093 p.
710 5024 835 5079 251.

286 5025 387 5097 (2')
410 5028 448 5080 t.
474 5025 588 5093 VII,
624 5039 683 5096 p.
710 5025 835 5079 251.

286 5101 365 5167 (3)
394 5096 486 5151 Ab
516 5098 545 5153 ἡ
580 5096 692 5157 ἕως.
722 5096 904 5167 Μίιιοι·Δ
927 5094 1411 5167 autem,_h_omini
1438 5094 1639 5153 Graeco
1663 5096 1818 5153 hanc

212 5164 761 5238 interpretationem
779 5164 1090 5238 excidisse.
1116 5164 1280 5238 Multi
1296 5166 1371 5221 de
1387 5166 1502 5238 hoc
1523 5168 1819 5226 vocabulo

214 5235 407 5294 multa
421 5242 476 5293 et
494 5238 644 5294 mira
660 5238 955 5293 dixerunt.
980 5235 1171 5292 Finxit
1185 5236 1298 5292 hoc
1322 5237 1629 5294 Mattheus
1646 5239 1721 5294 ad
1740 5240 1821 5295 si-

217 5307 616 5382 mililtJdinietn
639 5316 731 5382 τοῦ
762 5310 1079 5382 περιούσιος.
1118 5308 1193 5362 De
1221 5308 1397 5382 οὐσία,
1421 5325 1611 5382 sensu
1638 5316 1819 5382 meta-

215 5381 479 5452 physico,
513 5380 609 5452 hic
640 5380 973 5452 plane'non
1020 5383 1109 5433 est
1156 5380 1564 5452 cogitandum,
1614 5382 1717 5437 sed
1749 5380 1820 5438 de

222 5451 403 5523 sensu
427 5451 722 5523 populari.
747 5452 817 5507 Ut
843 5451 1019 5523 igitur
1041 5451 1334 5523 περιούσιος
1361 5456 1449 5505 est
1468 5451 1695 5521 largus,
1724 5469 1819 5508 co.

220 5522 448 5604 pios’us,
469 5524 705 5604 deinde
720 5537 869 5604 vero
888 5522 1064 5603 etiam
1098 5522 1459 5604 praecipuus,
1485 5524 1772 5604 excellens
1807 5545 1818 5576 :

223 5592 311 5667 ita
344 5593 600 5667 ίπιούσιος
624 5600 714 5650 est
740 5592 1135 5667 sufﬁciens,_i.
1162 5608 1212 5647 e.
1246 5592 1817 5667 ἐπαρκής,χρειώὸ“ης.

221 5666 399 5721 Recte
428 5665 761 5725 scholiasta.
798 5680 981 5734 quem
1012 5662 1091 5718 ad
1119 5662 1425 5734 Lucam'p.
1460 5662 1583 5721 51'0"
1604 5666 1662 5721 in
1696 5681 1827 5721 mea

220 5739 293 5797 Ν.
331 5738 393 5794 Τ.
424 5737 678 5796 editione
706 5734 976 5803 laudavi,
1010 5734 1265 5807 explicat
1290 5735 1525 5809 αὐτάρκη
1559 5736 1829 5795 Christus

1923 5040 2043 5083 non
2074 5023 2193 5093 egit
2238 5037 2376 5078 cum
2426 5019 2869 5094 metaphysicis.
2906 5022 3056 5090 Ergo
3106 5020 3574 5094 Hieronymiana

1925 5091 2599 5168 supersubstantialitas,
2617 5091 2701 5148 uti
2721 5091 2981 5149 barbara
2997 5098 3101 5160 est,
3134 5094 3214 5150 ita
3231 5091 3468 5168 quoque
3491 5097 3569 5153 ab

1923 5169 2039 5225 hoc
2064 5166 2196 5221 loco
2222 5164 2438 5220 aliena.

1969 5183 2039 5224 00
2064 5180 2196 5221 lOCO
2222 5180 2438 5220 auena.

1997 5240 2071 5308 (i)
2105 5241 2199 5308 μή.
2232 5236 2401 5308 abest
2429 5240 2493 5308 A.

2000 5307 2075 5380 (ὅ)
2098 5307 2207 5373 τὴς,
2233 5307 2418 5380 addit
2437 5307 2504 5360 A.

2024 5376 2079 5450 6)
2132 5378 2362 5434 inclusa
2407 5378 2680 5447 legantur
2725 5376 2797 5450 in
2829 5391 3017 5447 marg.
3052 5380 3116 5434 A.
3168 5379 3362 5436 Codex
3394 5381 3435 5437 Β
3474 5380 3578 5437 ha-

1927 5449 2111 5523 bebat
2138 5451 2199 5505 in
2225 5450 2343 5504 ﬁne
2370 5449 2872 5523 interpretationis
2896 5465 3098 5523 versus
3130 5453 3209 5517 10,
3239 5456 3372 5523 post
3407 5469 3583 5510 voca-

1929 5521 2075 5604 bulu
2123 5525 2212 5602 κκὶ
2243 5524 2313 5593 μὴ
2365 5519 2571 5583 ἐκεῖνος.
2627 5524 2767 5586 N03,
2820 5520 3167 5578 Hentenium
3217 5519 3425 5593 secuti,
3484 5524 3580 5580 hic

1931 5609 2318 5650 mserunmus.

2005 5664 2079 5738 (7)
2109 5664 2155 5718 A
2185 5662 2493 5737 φοϐούμενοι
2533 5663 2611 5722 ad
2648 5671 2740 5717 τοῦ
2797 5669 2930 5717 Θεοῦ
2972 5663 3186 5720 omittit
3227 5664 3576 5723 Hentenius.
