4206 6310
685 365 792 444 239

690 616 870 658 omne
896 605 1219 668 certamen,
1261 599 1428 674 quod
1451 599 1745 656 daemonis
1771 597 1982 654 fraude
2011 599 2346 671 quomodo-

685 705 925 762 cunque
971 689 1148 746 nobis
1175 690 1486 746 inductum
1543 693 1652 753 est,
1683 705 1806 760 quo
1852 688 2068 744 animae
2129 694 2345 744 nostra:

683 779 965 836 fortitudo
1017 779 1463 852 comprobatur.
1507 779 1629 834 Hoc
1677 777 1878 850 itaque
1929 793 2205 833 sermone
2236 794 2346 833 nos

685 869 940 932 instruit,
1016 884 1091 924 ne
1147 868 1222 924 de
1292 867 1618 939 nobisipsis
1678 866 2078 931 conﬁdamus,
2151 881 2346 938 neque

683 956 993 1015 temerarie
1013 955 1439 1012 tentationibus
1465 971 1574 1011 nos
1600 954 1967 1024 ingeramus,
2004 953 2111 1010 sed
2150 969 2348 1026 prece.

685 1061 822 1101 mur
859 1060 934 1101 ne
966 1045 1026 1100 in
1083 1044 1472 1100 tentationem
1521 1042 1895 1099 inducamur.
1952 1043 2086 1098 Haec
2144 1049 2342 1098 autem

685 1133 934 1199 docens,
957 1148 1068 1188 nos
1087 1147 1327 1204 quoque
1344 1131 1568 1188 inducit
1593 1131 1671 1187 ad
1689 1130 2107 1187 imbecillitatis
2127 1134 2345 1186 nostrae

685 1223 1074 1295 agnitionem,
1122 1225 1179 1277 et
1238 1221 1597 1277 modestiam
1641 1220 1908 1292 apponit.
1964 1219 2140 1290 Atqui
2192 1221 2347 1275 Deus

685 1312 989 1368 neminem
1046 1314 1248 1375 tentat,
1313 1311 1464 1365 sicut
1529 1309 1722 1381 inquit
1773 1309 2033 1365 Jacobus
2105 1313 2348 1380 aposto-

684 1400 780 1456 lus
806 1402 872 1471 ‘7,
929 1399 1237 1473 quomodo
1282 1413 1424 1468 ergo
1479 1397 1622 1452 dicit
1666 1398 1804 1454 :Ne
1843 1413 1938 1453 nos
1987 1397 2236 1454 inducas
2287 1397 2346 1452 in

687 1495 782 1544 ten
793 1489 1069 1547 tationem
1083 1488 1111 1543 ?
1129 1487 1278 1543 illud
1294 1502 1457 1554 sane,
1472 1487 1555 1542 Ne
1567 1486 1812 1543 inducas
1827 1502 1952 1554 nos,
1971 1486 2346 1542 tantumdem

683 1576 862 1645 valet,
889 1592 958 1634 ac
989 1576 1040 1631 si
1080 1577 1300 1634 diceret
1330 1595 1342 1630 :
1374 1579 1454 1634 Ne
1481 1576 1790 1648 permittas
1812 1591 1922 1631 nos
1953 1575 2180 1631 induci.
2227 1578 2346 1632 Hoc

685 1670 886 1723 autem
931 1665 1246 1737 Scripturte
1294 1665 1523 1721 idioma
1569 1670 1674 1720 est.
1738 1668 1799 1720 ln
1843 1680 1914 1720 eo
1963 1665 2123 1720 enim
2180 1663 2346 1736 quod

683 1754 987 1826 permittit,
1028 1753 1457 1824 ipseinducere
1494 1753 1746 1809 videtur.
1780 1753 1985 1808 Omnis
2048 1752 2344 1823 siquidem

2016 383 2368 442 EUTHYMII
2409 372 2732 445 ZlGABENl

762 515 900 569 Vers
956 516 1038 569 13.
1088 513 1168 569 Et
1219 527 1294 570 ne
1340 542 1408 554 —
1470 509 1862 569 tentationem.
1940 509 2206 567 Tentatio
2254 515 2422 568 estA

3955 382 4080 452 21.0

2531 517 2632 566 Καὶ
2662 517 2732 585 μή
2775 543 2842 553 -
2873 515 3182 584 πειρασμόν.
3241 513 3533 587 Πειρασμός
3563 513 3696 582 ἐστι,
3749 521 3846 577 πᾶς
3895 515 4075 588 ἀγὼν,

2457 602 2512 665 ἐξ
2553 601 2791 677 ἐπηρείας
2834 609 2925 654 τοῦ
2975 598 3224 674 δαίμονος
3280 601 3621 662 ὁπωσδήποτε
3675 606 3799 676 ἡμῖν
3848 625 4081 678 προσα-

2455 695 2687 763 γόμενος,
2717 689 2791 743 δι’
2827 688 2885 744 οὗ
2922 688 3268 762 δοκιμάζεται
3307 694 3336 750 ἡ
3371 689 3586 767 ἀνδρεία
3627 694 3703 764 (8)
3737 702 3832 756 τῆς
3867 694 4082 767 ψυχῆς

2456 783 2623 853 ἡμῶν.
2679 777 2925 834 Παιδεύει
2973 785 3142 833 τοίνυν
3193 783 3332 853 ἡμᾶς
3391 783 3416 833 6
3470 781 3636 854 λόγος,
3703 787 3775 854 μὴ
3851 784 4077 859 θαρρεῖν

2457 872 2681 937 έαυτοῖς,
2725 866 3125 942 μηδ’ὲπιπηδᾲν
3173 878 3278 930 τοῖς
3309 878 3620 944 πειρασμοῖς
3649 873 3746 924 ὑπὸ
3793 874 4078 946 θρασύτη-

2457 978 2562 1020 τος.
2593 962 2662 1010 T6
2693 962 2794 1032 γὰρ
2833 961 3107 1030 εὔχεσθαι,
3141 963 3211 1030 μὴ
3251 958 3613 1030 εἰσενεχθῆναι
3643 960 3714 1024 εἰς
3743 966 4070 1035 πειρασμὸν,

2455 1049 2622 1099 ταῦτά
2651 1067 2705 1099 τε
2753 1043 3016 1117 παιδεύει,
3071 1051 3160 1099 καὶ
3208 1047 3281 1108 εἰς
3327 1046 3605 1119 ἐπίγνωσιν
3635 1051 3775 1122 ἡμᾶς
3804 1051 3923 1122 ἄγει
3971 1059 4074 1113 τῆς

2457 1134 2724 1198 ἀσθενείας
2749 1138 2914 1210 ἡμῶν,
2938 1141 3027 1188 καὶ
3057 1139 3500 1210 μετριοφροσύνην
3540 1135 3792 1196 ἐντίθησι.
3824 1144 3928 1193 Καὶ
3958 1146 4068 1212 μὴν

2457 1227 2482 1277 6
2517 1227 2647 1288 Θεὸς
2676 1222 2864 1278 ούδένα
2895 1225 3152 1298 πειράζει,
3183 1227 3354 1287 καθώς
3379 1231 3536 1298 φησίν
3564 1227 3806 1290 Ἰάκωϐος
3850 1229 3876 1280 ὁ
3923 1227 4068 1282 ἀπό-

2459 1314 2659 1376 στολος.
2693 1321 2810 1377 Πῶς
2845 1311 2933 1366 οὖν
2964 1312 3092 1383 εἶπε,
3139 1319 3224 1372 Μὴ
3259 1314 3552 1388 εἰσενέγκῃς
3600 1318 3734 1389 ἡμᾶς
3772 1317 3844 1378 εἰς
3875 1337 4070 1392 πειρα-

2459 1407 2589 1475 σμόν
2633 1419 2647 1469 ;
2697 1406 2766 1456 T6
2810 1409 2894 1460 Μὴ
2943 1403 3255 1476 εἰσενέγκῃς,
3311 1402 3425 1456 ἀντὶ
3484 1412 3598 1473 τοῦ,
3647 1410 3732 1464 Μὴ
3793 1425 4072 1479 παραχω-

2455 1497 2628 1565 ρὴσῃς
2681 1492 3061 1564 εἰσενεχθῆναι.
3116 1489 3337 1564 ’ἰδίωμα
3384 1489 3443 1545 δὲ
3496 1501 3646 1546 τοῦτο
3689 1502 3780 1556 τῆς
3832 1500 4069 1570 Γραφῆς.

2458 1580 2538 1634 Ἐν
2569 1588 2642 1652 τῷ
2686 1588 3023 1654 παραχωρεῖν
3070 1583 3190 1654 γὰρ,
3245 1581 3399 1644 αὐτὸς
3453 1584 3677 1653 εἰσάγειν
3727 1579 3892 1636 δοκεῖ.
3953 1591 4074 1647 Πᾶς

2455 1672 2546 1742 μὲν
2600 1673 2698 1743 γὰρ
2752 1673 3043 1742 πειρασμὸς
3097 1671 3197 1722 ὑπό
3256 1678 3347 1722 τοῦ
3407 1667 3654 1724 διαϐόλου
3709 1676 4068 1746 προσάγεται,

2456 1758 2561 1830 ούχ
2600 1760 2818 1812 ἅπτεται
2859 1755 2919 1810 δέ
2957 1778 3093 1821 τινος
3137 1756 3428 1832 ἀνθρώπου,
3468 1759 3510 1811 εἰ
3557 1765 3628 1832 μὴ
3682 1768 4068 1837 παραχωρήσῃ

685 1844 930 1900 tentatio
985 1858 1023 1896 a
1087 1841 1322 1897 diabolo
1376 1841 1739 1913 producitur.
1821 1843 2036 1895 Verum
2111 1840 2344 1896 nullum

2457 1850 2482 1900 6
2515 1853 2656 1909 Θεός.
2701 1844 2844 1903 Οὐδὲ
2876 1850 2977 1921 γὰρ
3017 1853 3242 1921 χοίρους
3269 1847 3475 1920 βλάψαι
3506 1845 3748 1918 δύναται,
3785 1855 3857 1922 μὴ
3892 1871 4072 1925 παρα-

687 1932 921 2001 attingit
941 1930 1409 2002 hominem,§nisi
1431 1929 1586 1985 Deus
1613 1929 1965 2002 permiserit,
1990 1945 2125 1985 cum
2153 1945 2346 2002 neque

686 2020 883 2092 porcis
937 2033 1151 2074 nocere
1213 2017 1490 2089 potuerit,
1560 2017 1672 2073 nisi
1745 2018 1878 2089 ipso
1949 2018 2344 2090 permittente,

688 2107 876 2164 veluti
964 2105 1334 2163 manifestius
1403 2105 1464 2160 in
1541 2121 1862 2178 progressu
1948 2105 2342 2162 inveniemus.

691 2196 920 2268 Saepius
950 2199 1152 2252 autem
1177 2193 1463 2263 permittit
1483 2194 1833 2250 tentationes
1863 2195 1924 2250 in
1974 2210 2086 2250 nos
2117 2195 2343 2261 induci,

690 2290 793 2342 aut
818 2289 1061 2357 propter
1106 2287 1348 2355 peccata
1384 2287 1605 2354 nostra,
1657 2287 1760 2338 aut
1801 2287 1864 2338 ut
1896 2283 2211 2339 manifesta
2245 2283 2348 2340 ﬁat

687 2375 906 2431 animae
948 2378 1170 2429 nostrae
1217 2371 1514 2438 fortitudo,
1573 2371 2082 2444 quemadmodum
2144 2371 2348 2428 docuit

686 2463 878 2535 ipsius
901 2461 1014 2518 Job
1034 2461 1298 2517 historia.
1324 2460 1500 2516 Jubet
1518 2475 1660 2530 ergo
1691 2474 1802 2515 nos
1826 2459 2071 2532 quidem
2093 2460 2342 2532 precari,

687 2566 765 2608 ne
789 2551 850 2606 in
881 2550 1263 2606 tentationem
1309 2549 1666 2604 inducamur
1699 2565 1712 2613 ;
1744 2547 1871 2621 ipse
1903 2564 2039 2604 vero
2094 2565 2230 2604 cum
2273 2548 2347 2604 sit

690 2639 1032 2696 animarum
1051 2642 1389 2694 nostrarum
1403 2637 1766 2703 moderator,
1782 2637 2079 2693 interdum
2095 2636 2346 2710 quidem

690 2727 986 2800 permittit,
1019 2725 1383 2798 quandoque
1430 2741 1572 2782 vero
1618 2725 1910 2796 prohibet,
1957 2726 2128 2797 juxta
2183 2724 2348 2797 quod

693 2820 1014 2886 utrumque
1061 2814 1386 2886 expediens
1458 2817 1571 2870 est.
1631 2813 1824 2881 Quare
1907 2829 2029 2869 non
2085 2813 2347 2869 inductis

693 2903 942 2976 quidem
981 2901 1524 2971 tentationibus,ab
1555 2901 1626 2956 iis
1669 2917 1876 2958 cavere
1901 2901 2191 2959 debemus
2223 2902 2300 2974 (ο)
2331 2919 2342 2958 :

693 2992 795 3050 ubi
823 2996 1024 3050 autem
1060 2991 1318 3047 inductae
1372 2994 1529 3054 sunt,
1569 2991 1815 3047 viriliter
1852 2991 2348 3049 contrastandum

693 3085 804 3152 est,
835 3085 900 3138 ut
929 3084 986 3138 et
1032 3079 1339 3138 modestiae
1378 3082 1434 3138 et
1467 3078 1826 3136 fortitudinis
1861 3080 2163 3153 specimen
2201 3095 2348 3152 prae-

691 3171 970 3229 beamus.
2353 3229 2362 3242 ,

764 3263 923 3317 Vers.
960 3261 1048 3316 t3.
1085 3259 1205 3316 Sed
1230 3289 1296 3299 —
1350 3275 1388 3316 a
1415 3259 1566 3316 malo
1593 3258 1811 3315 Malum
1852 3258 2100 3330 quidem
2139 3259 2254 3316 hoc
2285 3259 2358 3315 in‘

689 3348 819 3406 loco
857 3347 1165 3404 diabolum
1194 3347 1543 3418 nominavit,
1570 3362 1693 3402 non
1725 3346 1891 3419 quod
1913 3351 2126 3403 natura
2152 3347 2348 3403 malus

694 3439 768 3494 sit
789 3437 893 3492 sed
918 3436 1240 3493 voluntate.
1267 3439 1370 3491 Per
1393 3436 1880 3491 antonomasiam
1897 3440 2098 3491 autem
2119 3435 2345 3491 malum

693 3541 833 3582 eum
880 3524 1221 3596 appellavit,
1280 3527 1572 3594 tanquam
1629 3525 1690 3577 in
1753 3527 2019 3600 extremo
2084 3523 2346 3596 positum

693 3613 954 3668 malitiae.
987 3615 1048 3667 In
1080 3626 1150 3667 eo
1191 3627 1330 3667 vero
1375 3609 1542 3682 quod
1583 3626 1692 3666 nos
1725 3612 1950 3682 precari
1973 3611 2143 3682 jubet
2167 3618 2230 3669 ut
2269 3613 2347 3670 ab

694 3717 765 3758 eo
795 3700 1123 3766 liberemur,
1157 3699 1416 3755 ostendit
1447 3701 1611 3771 quod
1639 3700 2072 3756 atrocissimum
2103 3717 2171 3756 ac
2205 3703 2349 3757 irre-

690 3789 1059 3848 conciliabile
1111 3793 1316 3845 contra
1360 3803 1470 3844 nos
1522 3794 1688 3858 gerat
1743 3788 1965 3844 bellum
2007 3789 2347 3863 ;nobisque

689 3879 894 3936 divino
914 3879 986 3934 sit
1015 3893 1170 3950 Opus
1203 3876 1440 3933 auxilio.
1464 3877 1668 3934 Solum
1689 3881 1768 3950 (ρ)
1798 3883 1989 3934 autem
2014 3879 2344 3951 explicavit,

689 3971 756 4024 ut
781 3967 858 4023 ab
885 3983 954 4022 eo
1001 3966 1238 4023 liberari
1296 3981 1618 4036 precemur,
1681 3965 1904 4022 docens
1960 3967 2156 4022 omnis
2203 3967 2347 4024 mali

688 4055 851 4112 hunc
881 4069 1008 4110 esse
1029 4069 1275 4108 causam
1307 4068 1317 4108 :
1341 4058 1396 4108 et
1422 4053 1503 4109 ita
1531 4053 1728 4108 solum
1752 4058 1958 4111 contra
1989 4071 2127 4110 eum
2156 4055 2348 4111 inimi-

689 4143 886 4199 citiam
911 4141 1187 4198 convenit
1215 4156 1505 4206 exercere,
1539 4145 1594 4197 et
1618 4156 1740 4197 non
1763 4146 1970 4198 contra
1992 4157 2094 4198 eos
2133 4143 2233 4214 qui
2275 4159 2347 4199 ex

688 4229 1191 4288 inconsiderantia
1205 4228 1282 4286 ab
1301 4244 1371 4285 eo
1387 4229 1611 4286 inducti
1643 4235 1800 4298 sunt,
1823 4230 2118 4302 nobisque
2133 4247 2346 4289 nocue-

688 4324 863 4378 runt:
897 4334 1148 4393 quorum
1181 4318 1444 4376 misereri
1479 4319 1680 4392 potius
1707 4323 1957 4391 oportet,
1984 4324 2048 4376 ut
2077 4324 2238 4394 pote,
2267 4321 2344 4377 ab

689 4425 762 4466 eo
791 4413 1222 4480 superatorum.

759 4497 886 4554 Alio
911 4513 1154 4570 quoque
1172 4495 1354 4552 modo
1369 4510 1696 4567 possumus
1714 4497 2044 4568 anagogice
2061 4498 2343 4571 interpre-

687 4587 799 4646 tari
827 4586 1101 4660 quaedam
1118 4586 1177 4641 in
1193 4584 1501 4642 Dominica
1513 4587 1800 4654 oratione,
1824 4590 1886 4642 ut
1911 4603 2132 4644 nomen
2157 4588 2343 4645 Patris
2373 4573 2418 4630 Ῑ)

687 4677 763 4734 sit
794 4675 992 4733 Filius.
1022 4675 1249 4732 Nomen
1267 4675 1447 4740 enim,
1473 4675 1603 4746 ejus
1629 4675 1801 4747 cujus
1832 4681 1921 4731 est
1950 4691 2190 4742 nomen,
2243 4676 2344 4733 de-

687 4766 1032 4826 clarativum
1064 4769 1153 4822 est
1184 4781 1197 4833 ;
1244 4769 1300 4822 et
1338 4763 1423 4822 ita
1450 4763 1632 4821 Filius
1680 4763 1915 4822 Patrem
1973 4765 2337 4823 manifestat.

764 4947 806 4982 ¹⁷
835 4948 952 5004 Jac.
988 4963 1023 5014 ι,
1063 4947 1125 5001 13

2455 1945 2753 2011 χωροῦντος
2809 1937 2987 1988 αὑτοῦ.
3058 1941 3159 1990 Καὶ
3225 1945 3376 1990 τοῦτο
3444 1943 3703 2010 προϊόντες
3773 1940 4069 2012 εὑρήσομεν

2457 2032 2820 2102 φανερώτερον.
2901 2032 3222 2100 Παραχωρεῐ
3296 2023 3354 2079 δὲ
3435 2026 3683 2089 πολλάκις
3770 2026 4069 2099 ἐπάγεσθαι

2456 2117 2580 2188 ἡμῖν
2632 2119 2752 2177 τοὺς
2809 2119 3150 2190 πειρασμούς,
3219 2115 3248 2174 ἦ
3319 2118 3445 2190 πρὸς
3498 2116 3575 2186 (9)
3631 2117 3890 2190 κάθαρσιν
3965 2127 4066 2170 τῶν

2457 2203 2720 2277 ἁμαρτιῶν
2787 2206 2954 2276 ἡμῶν,
3013 2205 3042 2263 ἣ
3107 2205 3239 2277 πρὸς
3303 2208 3588 2278 φανέρωσιν
3654 2214 3749 2267 τῆς
3818 2205 4066 2277 ψυχικῆς

2457 2290 2700 2366 ἀνδρείας
2729 2292 2842 2364 (10)
2887 2295 3055 2364 ἡμῶν,
3112 2295 3176 2352 ὡς
3235 2294 3264 2351 ἡ
3327 2297 3597 2357 κατά-τὸν
3648 2293 3765 2348 Ἰὼϐ
3817 2291 4058 2357 ἐδίδαξεν

2459 2384 2686 2455 ἱστορία.
2737 2381 2936 2435 Κελεύει
2985 2377 3094 2446 οὖν,
3155 2383 3410 2453 εὔχεσθαι
3466 2385 3577 2454 μεν,
3635 2388 3707 2455 μὴ
3759 2383 4055 2454 εἰσενεχθῆ-

2455 2491 2541 2524 ναι
2569 2471 2638 2532 εἰς
2676 2473 2988 2545 πειρασμὸν,
3023 2467 3118 2522 διὰ
3145 2473 3240 2532 τὰς
3271 2470 3504 2546 ἀνωτέρω
3547 2473 3800 2546 ῥηθείσας
3837 2472 4015 2534 αἰτίας
4046 2492 4062 2504 ·

2457 2560 2614 2620 αὐτὸς
2655 2556 2732 2624 δε,
2767 2559 3036 2631 οἰκονόμος
3085 2559 3152 2610 ὢν
3207 2568 3306 2611 τῶν
3360 2562 3617 2632 ἡμετέρων
3671 2560 3883 2633 ψυχῶν,
3940 2566 4068 2616 ποτε

2457 2650 2546 2720 μὲν
2576 2654 2907 2722 παραχωρεῖ,
2967 2650 3090 2700 ποτε
3123 2644 3180 2700 δε
3232 2648 3438 2717 κωλύει,
3492 2652 3621 2723 πρὸς
3674 2653 3732 2702 τὸ
3774 2655 4062 2726 συμφέρον,

2457 2735 2690 2809 ἑκάτερα.
2757 2739 2851 2788 Διὰ
2911 2744 3084 2803 τοῦτο,
3150 2741 3221 2809 μὴ
3281 2735 3604 2810 ἐπαγομένων
3657 2743 3745 2811 μὲν
3792 2748 3890 2792 τῶν
3950 2761 4062 2794 πειο

2455 2833 2694 2900 ρασμῶν,
2723 2829 3070 2900 παραιτητέον
3126 2826 3335 2894 αὐτοὺς,
3373 2827 3694 2900 ἐπαγομένων
3723 2824 3796 2894 δὲ,
3832 2825 4060 2899 ἀνδρισο

2456 2918 2585 2980 τέον,
2639 2915 2720 2966 ἱνα
2768 2919 2858 2966 καὶ
2901 2918 2960 2966 τὸ
3003 2919 3230 2988 μέτριον,
3280 2920 3369 2968 καὶ
3407 2919 3464 2969 τὸ
3512 2924 3732 2988 γενναῖον
3772 2911 4049 2977 ὶπιδειξώ-

2455 3005 2610 3074 μεθα.

2526 3251 2682 3306 Ἀλλά
2737 3284 2806 3293 -
2859 3253 2959 3308 ἀπὸ
3037 3263 3128 3309 τοῦ
3197 3263 3446 3332 πονηροῦ.
3517 3258 3746 3333 Πονηρόν
3810 3252 4058 3328 ἐνταῦθα,

2455 3344 2540 3393 τόν
2591 3337 2832 3395 διάϐολον
2887 3344 3172 3416 ὠνόμασεν,
3208 3346 3313 3417 ούχ
3349 3349 3413 3408 ὡς
3461 3349 3612 3418 φύσει
3657 3351 3904 3422 πονηρόν,
3946 3347 4058 3400 ἀλλ’

2455 3433 2520 3491 ὡς
2576 3437 2897 3506 προαιρέσει.
2973 3434 3098 3487 Κατ’
3166 3434 3420 3509 ἐξαίρετον
3481 3431 3540 3488 δε
3605 3440 3826 3509 πονηρόν
3899 3436 4058 3488 αὐτὸν

2453 3517 2709 3586 έκάλεσεν,
2789 3523 2858 3582 ὡς
2931 3524 3048 3574 καθ’
3117 3523 3400 3596 ὑπερϐολὴν
3477 3530 3718 3599 πονηρόν.
3779 3525 4061 3589 Ἐπιτάξας

2457 3603 2514 3660 δε
2540 3609 2663 3681 ἡμῖν
2705 3612 2959 3681 εὔχεσθαι
3007 3613 3268 3685 ῥυσθῆναι
3325 3611 3414 3664 ἀπ’
3471 3613 3650 3680 αὐτοῦ,
3701 3611 3916 3680 ἔδειξεν,
3980 3618 4059 3666 ότι

2454 3695 2718 3750 άσπονδον
2773 3705 2861 3751 καὶ
2925 3698 3221 3774 βαρύτατον
3274 3702 3387 3772 ἔχει
3439 3703 3554 3754 καθ’
3613 3705 3756 3775 ἡμῶν
3811 3703 4056 3774 πόλεμον,

2453 3791 2542 3839 καὶ
2571 3792 2730 3861 χρεία
2777 3795 2872 3848 τῆς
2927 3791 3117 3842 ἀνωθεν
3169 3796 3497 3862 συμμαχίας.
3545 3793 3815 3863 Εὔχεσθαι
3870 3788 3929 3844 δὲ
3969 3794 4063 3868 ρυ-

2455 3877 2644 3934 σθῆναι
2676 3875 2764 3928 ἀπ’
2820 3877 2978 3930 αὐτοῦ
3031 3883 3189 3950 μόνου
3236 3881 3347 3949 (Η)
3396 3875 3706 3953 διωρίσατο,
3756 3877 4059 3950 διδάσκων,

2453 3963 2534 4016 ὃτι
2575 3968 2727 4037 μόνος
2775 3965 2923 4028 οὗτος
2969 3975 3132 4020 κακοῦ
3186 3971 3377 4029 παντὸς
3435 3971 3599 4031 αἴτιός
3656 3967 3789 4038 ἐστι,
3844 3974 3937 4023 καὶ
3979 3974 4061 4024 ὅτι

2451 4056 2576 4127 πρὸς
2603 4057 2754 4125 μόνον
2791 4062 2970 4107 τοῦτον
2999 4054 3292 4131 ἔχθραίνείν
3343 4061 3476 4130 χρὴ,
3506 4063 3595 4110 καὶ
3645 4063 3715 4130 μὴ
3769 4061 3895 4130 πρὸς
3936 4064 4061 4120 τοὺς

2452 4140 2505 4205 ἐξ
2557 4139 2853 4218 ἀφροσύνης
2923 4145 3251 4217 πειθομένους
3325 4145 3484 4217 αύτῷ,
3558 4150 3646 4198 καὶ
3725 4145 4060 4218 βλάπτοντας

2452 4231 2610 4301 ἡμᾶς,
2673 4231 2763 4293 ούς
2817 4231 3008 4304 μᾶλλον
3061 4231 3210 4286 ἐλεεῖν
3261 4242 3545 4308 προσῆκον,
3616 4236 3681 4295 ὡς
3738 4237 4057 4298 ἡττηθέντας

2453 4318 2637 4372 αὐτοῦ.

2525 4495 2663 4568 [Ἔτι
2715 4498 2828 4572 (l2)
2867 4503 2958 4552 καὶ
3015 4506 3107 4551 τοῦ
3158 4499 3309 4572 ἁγίου
3365 4499 3610 4573 Μαξίμου
3660 4500 3730 4564 εἰς
3775 4504 3830 4554 τὸ
3881 4501 4054 4574 Ἀγτα-

2457 4589 2634 4645 σθήτω
2663 4589 2720 4640 τὸ
2751 4589 2911 4661 ὄνομά
2945 4607 3059 4654 σου,
3118 4593 3208 4640 καὶ
3259 4591 3326 4641 τά
3373 4589 3510 4651 ἑξῆς.
3567 4595 3768 4662 Ὀνομα
3821 4594 3910 4662 μεν
3963 4589 4050 4644 οὖν

2454 4683 2545 4729 τοῦ
2596 4679 2821 4750 Πατρός,
2854 4678 2879 4728 6
2908 4678 3048 4738 Υἱός.
3084 4678 3327 4751 Καθάπερ
3385 4680 3483 4750 γὰρ
3538 4681 3596 4730 τὸ
3646 4682 3803 4752 ὄνομα
3834 4675 4053 4736 δηλωτι·

2454 4769 2542 4818 κόν
2592 4763 2706 4819 ἐστι
2741 4771 2836 4827 τῆς
2882 4767 3104 4837 φύσεως,
3163 4765 3222 4826 ἧς
3274 4768 3410 4818 ἔστιν
3455 4770 3614 4839 ὄνομα
3643 4784 3654 4797 ·
3697 4771 3826 4821 οὕτω
3870 4771 3959 4819 καὶ
4023 4772 4050 4822 ό

1902 5066 2116 5140 Variae
2147 5069 2474 5141 lectiones
2505 5079 2572 5139 et
2611 5080 2814 5142 notae.

782 5265 836 5409 8;
868 5261 1061 5339 άνδρία
1099 5270 1162 5320 Α.

782 5343 810 5394 9
871 5339 1162 5409 καθαίρεσιτ

780 5339 834 5409 9)
871 5339 1178 5410 καθαίρεσιν
1206 5340 1267 5389 Α.

790 5403 871 5482 l0)
903 5403 1121 5482 ἀνδρίας

790 5410 850 5462 10
903 5409 1121 5482 ἀνδρίας
1151 5409 1222 5461 Α.

788 5409 872 5551 lt;
898 5482 1079 5550 μόνου,
1111 5476 1281 5534 abest
1306 5475 1373 5531 Α.

753 5603 835 5753 8)
863 5603 954 5659 Ab
978 5603 1048 5659 iis
1076 5618 1276 5660 cavere
1304 5601 1595 5684 debemus.
1630 5601 2031 5684 Deprecandae
2061 5604 2217 5658 sunt.

823 5678 842 5750 )
867 5675 1088 5743 Solum,
1112 5681 1224 5735 etc.
1266 5675 1514 5742 Deﬁnnt,
1545 5679 1826 5746 praecepit
1855 5677 2062 5734 autem
2079 5688 2217 5747 prec

2517 5266 2628 5337 (12)
2669 5263 2906 5337 Inclusa
2946 5265 3007 5321 in
3036 5264 3304 5337 margine
3329 5266 3516 5325 habet
3557 5273 3623 5325 A.
3659 5270 3880 5327 Eadem
3913 5288 4050 5329 cum

2517 5284 2628 5337 (12)
2670 5284 2906 5322 inciusa
2946 5284 3007 5321 in
3036 5284 3164 5322 mar
3208 5284 3304 5322 ine
3330 5284 3516 5325 nanet
3557 5284 3623 5325 Α.
3659 5284 3880 5327 nauem
3913 5288 4050 5329 cum

2446 5335 2566 5395 alio
2597 5335 2794 5414 Indice
2827 5337 3149 5414 exhibebat
3166 5284 3498 5414 ﬁentenius
3545 5348 3683 5412 post
3710 5343 4050 5414 explicatio-

2443 5423 2584 5485 nem
2607 5409 2791 5485 partis
2815 5409 3038 5485 ultimae
3049 5424 3269 5485 _versus
3295 5414 3378 5468 l3.
3406 5411 3525 5470 Nos
3547 5409 3689 5485 ergo
3717 5409 4052 5475 versionem
4103 5451 4105 5477 i

2444 5479 2635 5552 ipsius
2666 5479 2778 5536 huc
2812 5479 3251 5538 transtulimus.

823 5678 842 5750 )
867 5675 1088 5743 Solum,
1112 5681 1224 5735 etc.
1266 5673 1514 5742 Deﬁniit,
1545 5671 1826 5746 praecepit
1855 5677 2062 5734 autem
2079 5672 2315 5747 precari
2343 5671 2426 5732 ab
2451 5671 2554 5732 illo
2578 5672 2708 5732 solo
2739 5673 3006 5733 liberari.
