4206 6310
249 297 359 355 241

1251 296 1620 354 COMMENT.
1663 298 1733 354 IN
1770 297 2214 356 MATTH/EUM.
2255 328 2325 341 —
2366 298 2523 354 CAP.
2562 298 2655 355 VI.

3528 302 3635 359 242

253 428 382 489 Υἱὸς
439 422 729 486 δηλωτικὸς
782 430 874 476 τοῦ
928 428 1155 497 Πατρός.
1216 424 1460 477 Βασιλεία
1510 422 1568 478 δε
1602 427 1660 477 τὸ
1718 426 1852 498 ἇγιοπ

1977 428 2247 496 Regnum
2273 430 2470 481 autem
2502 425 2742 497 Spiritus
2766 428 3008 482 sanctus
3032 424 3278 491 dicatur,
3304 425 3383 482 ob
3408 425 3634 484 divino-

261 518 377 588 (13)
419 523 645 587 Πνεῦμα,
692 511 786 567 διὰ
823 516 910 566 τὸν
965 513 1183 566 πλοῦτον
1234 523 1333 565 τῶν
1395 516 1539 567 θείων
1589 518 1863 589 χαρισμά-

260 626 379 658 των.
410 606 549 658 Ἐπεί
605 600 719 656 δεό
774 606 1003 678 Χριστὸς
1058 603 1249 675 κεφαλή
1302 603 1445 655 ἐστιν
1500 606 1663 675 ήμῶν,
1716 604 1861 677 ἅγια.

263 698 483 767 ζομένων
542 694 707 763 ἡμῶν,
764 700 863 743 τῶν
914 691 1077 763 μελῶν
1121 691 1298 759 αὐτοῦ,
1357 687 1429 743 δι’
1489 692 1715 763 ἁγνείας,
1769 693 1862 744 αύ-

258 786 345 843 τός
382 782 682 853 ἁγιάζεται,
718 786 807 832 καὶ
859 780 1191 851 ἁγιασθείσιν
1248 780 1489 852 ἐπιφοιτᾶ
1543 785 1601 833 τό
1657 788 1864 853 Πνεῦμα

253 876 312 924 τό
368 870 544 941 άγιον,
614 868 830 941 Θέλημα
885 866 944 921 δὲ
1002 876 1092 920 τοῦ
1149 873 1351 942 Πατρός
1413 867 1460 920 ἐν
1516 870 1770 942 οὐρανοῖς,
1828 873 1857 931 ή

250 959 436 1030 λογική
514 966 614 1010 τῶν
694 956 1009 1032 ἐπουρανίων
1086 956 1275 1019 τάξεων
1360 957 1587 1030 λατρεία.
1675 960 1863 1031 Εῗρηκε

242 1050 352 1122 γὰρ
412 1051 504 1099 καὶ
541 1049 673 1120 πρὸς
731 1049 817 1098 τὸν
874 1042 1060 1099 Δαυῖδ·
1113 1050 1175 1099 Τί
1226 1049 1326 1118 γάρ
1380 1066 1470 1119 μοι
1524 1048 1755 1119 ὑπάρχει
1810 1050 1860 1097 ἓν

246 1145 325 1207 τῷ
378 1137 578 1209 οὐρανῷ
629 1139 775 1211 παρὰ
830 1145 930 1188 τῶν
992 1134 1239 1208 ἀγγέλων,
1297 1132 1445 1188 οὐδὲν
1488 1137 1675 1210 ἕτερον,
1730 1136 1860 1195 πλήν

248 1234 345 1286 τῆς
392 1225 606 1297 λογικῆς
646 1225 884 1295 λατρείας
940 1224 1220 1283 δηλονότι·
1278 1229 1366 1277 καὶ
1421 1227 1565 1299 παρὰ
1619 1232 1713 1277 σοῦ
1768 1233 1861 1278 τοῦ

254 1314 553 1387 ἀνθρώπου,
612 1320 663 1367 τί
718 1314 954 1373 ἠθέλησα
1009 1314 1089 1365 ἐπὶ
1148 1321 1243 1374 τῆς
1299 1321 1436 1385 γής;
1496 1310 1645 1366 οὐδὲν
1696 1316 1858 1389 ἕτερον

254 1405 287 1460 ἥ
324 1406 537 1461 ταύτην.
599 1403 743 1462 Αὕτη
795 1406 897 1478 γὰρ
938 1406 995 1454 τὸ
1056 1402 1334 1473 ἀναγκαῖον
1386 1408 1475 1455 καὶ
1535 1406 1860 1477 προηγούμε-

252 1511 363 1546 νον.
418 1495 617 1563 Λογική
672 1489 731 1545 δε
783 1492 996 1565 λατρεία
1042 1497 1255 1567 κυρίως,
1303 1494 1362 1543 τὸ
1408 1496 1583 1544 τείνειν
1614 1495 1699 1544 τὸν
1743 1500 1858 1544 νοῦν

254 1583 385 1655 πρὸς
450 1584 536 1633 τὸν
592 1584 742 1647 Θεὸν,
800 1590 872 1651 τῷ
932 1600 985 1633 τε
1046 1583 1177 1634 κατὰ
1233 1583 1409 1633 παθῶν
1457 1586 1546 1632 καὶ
1600 1578 1858 1653 δαιμόνων

259 1671 411 1741 θυμῷ
466 1673 813 1743 νευρούμενον,
885 1675 972 1722 καὶ
1028 1678 1090 1742 τῇ
1143 1668 1393 1742 ἐπιθυμίᾳ
1439 1679 1537 1721 τῶν
1595 1672 1698 1722 ἄνω
1753 1691 1857 1723 πυ-

1973 530 2107 570 rum
2159 516 2459 571 donorum
2503 515 2757 571 divitias.
2809 515 2961 581 Quia
3008 516 3188 587 igitur
3235 514 3500 573 Christus
3544 519 3632 573 est

1973 612 2151 676 caput
2190 609 2482 670 nostrum,
2533 604 2703 659 nobis
2744 605 2848 676 qui
2893 606 3168 661 membra
3215 606 3343 676 ejus
3393 622 3628 671 sumus,

1973 709 2079 763 per
2108 693 2241 748 vitae
2268 692 2587 764 puritatem
2620 693 2998 749 sanctiﬁcatis
3024 698 3080 749 et
3103 694 3230 765 jam
3263 694 3391 767 ipse
3418 695 3631 751 sancti-

1971 780 2220 846 ﬁcatur;
2275 782 2377 836 ubi
2427 797 2566 837 vero
2615 782 2961 837 sanctiﬁcati
3011 798 3238 849 sumus,
3277 784 3503 840 accedit
3551 784 3631 840 ad

1970 884 2081 924 nos
2125 869 2371 941 Spiritus
2414 876 2673 925 sanctus.
2711 869 2997 925 Voluntas
3032 876 3234 926 autem
3270 872 3455 927 Patris
3494 888 3630 945 quae

1969 956 2038 1012 ﬁt
2092 958 2153 1012 in
2207 957 2386 1023 caelis,
2447 963 2534 1013 est
2596 958 2901 1013 rationalis
2958 958 3288 1013 ccelestium
3338 960 3627 1017 virtutum

1971 1046 2185 1102 cultus.
2230 1046 2382 1102 Dixit
2408 1047 2567 1102 enim
2601 1052 2655 1102 et
2686 1046 2763 1102 ad
2792 1046 2980 1101 David
3013 1066 3024 1105 :
3067 1046 3225 1113 Quid
3256 1048 3405 1104 mihi
3441 1056 3522 1105 est
3563 1050 3627 1105 in

1971 1138 2135 1203 caelo,
2154 1137 2227 1191 ab
2245 1135 2473 1207 angelis
2498 1134 2813 1191 videlicet?
2836 1151 3031 1208 neque
3055 1136 3213 1191 enim
3238 1135 3402 1190 aliud
3419 1141 3632 1208 praeter

1968 1224 2321 1280 rationalem
2385 1224 2648 1291 cultum;
2700 1228 2757 1280 et
2796 1240 2831 1280 a
2880 1228 2935 1280 te
2982 1224 3225 1280 homine
3273 1225 3414 1295 quid
3466 1225 3632 1281 volui

1968 1328 2142 1382 super
2160 1320 2378 1369 terram
2396 1314 2441 1349 ³⁸
2458 1313 2486 1367 ‘I
2503 1313 2653 1368 Nihil
2672 1312 2834 1369 aliud
2854 1316 3068 1384 praeter
3082 1313 3362 1369 eumdem
3379 1313 3628 1381 cultum,

1969 1402 2074 1472 qui
2088 1402 2243 1458 estid
2257 1402 2421 1473 quod
2436 1402 2843 1457 necessarium
2857 1402 3195 1469 est,caeteris
3209 1418 3626 1474 praeemmens.

1968 1490 2294 1546 Rationalis
2348 1494 2551 1547 autem
2604 1490 2797 1546 cultus
2841 1494 2946 1556 est,
2994 1495 3256 1545 mentem
3305 1491 3385 1547 ad
3439 1492 3629 1548 Deum

1969 1579 2207 1634 tendere
2225 1579 2539 1645 intensam,
2556 1594 2626 1633 ac
2650 1594 3048 1651 supernorum
3070 1579 3359 1636 desiderio
3378 1595 3629 1636 succen-

1969 1682 2119 1737 sam,
2137 1682 2274 1722 cum
2298 1667 2482 1722 animi
2503 1667 2733 1739 impetu
2759 1667 3049 1723 adversus
3083 1668 3294 1723 mentis
3320 1668 3628 1740 perturba-

253 1760 528 1832 ρούμενον.
579 1758 638 1811 Ὀ
711 1757 758 1811 δ’
830 1760 979 1830 ἄρτος
1058 1761 1202 1831 ἡμῶν
1261 1754 1571 1819 διπλοῦς·ὀ
1642 1762 1730 1831 μὲν
1792 1767 1852 1833 τῇ

1968 1756 2155 1811 tiones
2178 1771 2247 1812 ac
2275 1756 2605 1811 daemones.
2642 1756 2815 1811 Panis
2845 1772 2986 1813 vero
3012 1760 3214 1811 noster
3242 1756 3465 1828 duplex
3493 1761 3582 1812 est
3609 1778 3622 1811 :

254 1845 419 1917 οὐσίᾳ
476 1855 572 1908 τῆς
641 1848 825 1919 ψυχῆς
878 1844 1194 1913 ἐπιτήδειος,
1250 1848 1275 1899 6
1333 1852 1636 1918 γνωστικὸς,
1719 1850 1859 1910 ὅστις

252 1932 662 2007 ἐπιχορηγεῖται
716 1939 848 1988 κατὰ
898 1941 986 1995 τὴν
1038 1944 1137 1988 τῶν
1180 1933 1476 2008 δεχομένων
1526 1933 1747 2009 δύναμιν
1777 1956 1789 1967 ·
1832 1940 1857 1991 6

256 2017 338 2090 δὲ,
380 2030 442 2094 τῇ
504 2023 659 2095 ούσίᾳ
708 2032 798 2077 τοῦ
853 2029 1094 2096 σώματος
1150 2021 1426 2098 ἁρμόδιος,
1478 2025 1502 2076 6
1556 2024 1806 2087 αἰσθητός
1844 2045 1856 2057 ·

250 2115 344 2162 καὶ
375 2112 400 2161 6
451 2114 540 2183 μεν
597 2114 809 2178 ἄνωθεν,
855 2115 880 2165 6
929 2110 987 2166 δὲ
1033 2115 1259 2165 κάτωθεν
1318 2116 1695 2185 παρεχόμενος.
1756 2117 1857 2166 Καὶ

249 2200 275 2250 ό
308 2204 597 2273 πειρᾶσμὸς
653 2199 711 2254 δὲ
744 2199 919 2264 διττός
945 2220 957 2233 ⁸
993 2204 1018 2254 6
1075 2205 1165 2274 μὲν
1219 2198 1474 2268 ἑνήδονος,
1513 2203 1538 2253 6
1570 2198 1629 2254 δὲ
1682 2199 1856 2254 ἐνόδυ-

243 2306 333 2347 νος
365 2308 377 2321 ·
431 2290 576 2341 καὶό
616 2293 706 2362 μεν
760 2291 998 2353 ἑκούσιος
1058 2296 1147 2343 καὶ
1197 2296 1450 2363 γεννήτωρ
1504 2291 1700 2361 παθῶν,
1736 2291 1760 2340 6
1798 2286 1857 2342 δὲ

243 2373 515 2444 ἀκούσιος,
571 2382 661 2430 καὶ
710 2378 984 2454 ἁναιρέτης
1030 2381 1233 2435 παθῶν,
1290 2382 1388 2431 Τὸν
1445 2380 1533 2450 μεν
1573 2378 1659 2429 οὖν
1713 2376 1856 2429 ἐκού-

250 2483 364 2516 σιον
414 2468 611 2537 φεύγειν
658 2473 766 2540 χρή
796 2485 807 2496 ·
837 2472 924 2520 τὸν
974 2466 1025 2520 δ’
1080 2467 1324 2519 ἀκούσιον
1384 2465 1711 2538 ἀπεύχεσθαι
1767 2469 1855 2538 μὲν

254 2549 352 2604 διὰ
412 2559 503 2611 τήν
562 2554 829 2608 ἀσθένειαν
886 2559 1054 2628 ἡμῶν,
1108 2555 1383 2608 ἐπελθόντα
1454 2553 1512 2607 δὲ
1590 2556 1857 2627 ὑπομένειν

250 2647 513 2714 γενναίως,
558 2646 626 2706 ὡς
680 2646 1050 2719 καθαρτήριον.
1112 2644 1265 2697 ’Ἐστι
1315 2641 1372 2696 δὲ
1426 2647 1516 2695 καὶ
1569 2642 1689 2695 ἄλλο
1742 2662 1856 2695 πει·

246 2739 465 2803 ρασμῶν
508 2728 669 2800 εἶδος,
724 2736 783 2785 τὸ
839 2730 1275 2806 δοκιμαστήριον.
1312 2732 1439 2786 Ἀπὸ
1483 2737 1573 2783 τοῦ
1627 2735 1857 2801 πονηροῦ

246 2815 308 2871 δὲ
333 2820 362 2878 ἦ
398 2828 491 2873 τοῦ
521 2817 790 2893 δαίμονος,
828 2822 855 2880 ἢ
887 2830 978 2875 τοῦ
1018 2820 1383 2895 πράγματος.]

1967 1860 2122 1898 unus
2169 1844 2413 1916 quidem
2455 1858 2755 1912 congruus
2796 1844 3143 1900 substantite
3195 1844 3434 1911 animae,
3478 1847 3627 1916 puta

1970 1932 2237 1997 scientia,
2273 1937 2327 1988 et
2358 1932 2484 1987 haec
2524 1931 2819 2004 praebetur
2854 1932 3020 2002 juxta
3058 1932 3470 2004 recipientium
3508 1933 3625 1989 vir-

1968 2025 2185 2087 tutem;
2229 2020 2381 2076 alius
2420 2036 2557 2076 vero
2598 2024 2823 2075 naturae
2866 2020 3151 2092 corporis,
3200 2018 3496 2075 sensibilis
3536 2020 3626 2076 vi-

1966 2108 2196 2164 delicet.
2242 2109 2308 2164 Et
2350 2108 2444 2164 ille
2490 2108 2736 2180 quidem
2781 2122 3039 2180 superne
3087 2108 3476 2173 ministratur,
3526 2108 3624 2165 hic

1966 2201 2166 2252 autem
2215 2196 2463 2252 inferne.
2505 2196 2771 2253 Tentatio
2809 2212 3051 2269 quoque
3097 2196 3321 2269 duplex
3358 2202 3465 2267 est,
3519 2212 3624 2254 vo-

1963 2284 2205 2355 luptatis
2243 2284 2509 2340 videlicet
2547 2300 2616 2339 ac
2652 2283 2895 2349 doloris,
2937 2287 2993 2339 et
3031 2283 3131 2341 illa
3167 2283 3412 2356 quidem
3452 2288 3624 2341 natu-

1965 2372 2102 2429 ralis
2134 2377 2240 2439 est,
2269 2388 2338 2428 ac
2365 2372 2881 2444 perturbationum
2913 2372 3254 2428 innatarum
3281 2392 3292 2430 :
3326 2373 3455 2428 haec
3481 2388 3621 2430 vero

1966 2460 2365 2517 involuntaria
2390 2465 2496 2525 est,
2526 2464 2581 2516 et
2608 2459 3122 2532 perturbationum
3149 2463 3379 2516 naturae
3411 2460 3623 2517 adver-

1966 2549 2248 2604 santium.
2280 2549 2686 2605 Voluntariam
2715 2548 2893 2619 igitur
2934 2548 3138 2618 fugere
3168 2552 3422 2620 oportet,
3452 2550 3621 2606 invo-

1964 2637 2285 2694 luntariam
2322 2654 2459 2693 vero
2497 2638 2757 2693 devitare
2791 2636 3038 2709 quidem
3074 2642 3317 2709 propter
3345 2643 3619 2695 nostram

1964 2726 2470 2797 imbecillitatem;
2516 2730 2577 2782 at
2619 2725 2721 2781 ubi
2772 2725 3023 2795 venerit,
3066 2728 3356 2797 tanquam
3404 2742 3617 2798 purga-

1963 2815 2148 2871 tivam
2203 2814 2449 2871 viriliter
2504 2813 2811 2870 sustinere.
2870 2816 2968 2870 Est
3032 2829 3275 2886 quoque
3337 2817 3393 2871 et
3454 2813 3621 2872 aliud

1966 2904 2358 2960 tentationum
2398 2919 2610 2974 genus,
2653 2903 2963 2959 sumendae
3000 2902 3275 2959 videlicet
3313 2904 3618 2975 experien-

1965 2992 2085 3050 tim.
2138 2994 2184 3047 Α
2226 2992 2386 3048 malo
2429 2996 2649 3059 autem,
2698 2992 2969 3047 diemone
3017 2990 3239 3048 scilicet
3285 2991 3377 3047 vel
3414 3008 3616 3064 opere.

319 3070 443 3125 Ὅτι
481 3104 545 3113 -
596 3074 781 3146 Ἀμήν.
843 3073 1252 3149 Ἀκροτελεύτιον
1298 3080 1394 3135 τῆς
1440 3073 1626 3145 εὐχῆς,
1670 3070 1852 3143 εὐγνω-

2033 3082 2198 3139 Vers.
2248 3083 2325 3137 t3.
2352 3082 2503 3150 Quia
2532 3112 2599 3121 —
2621 3082 2831 3138 Amen.
2868 3083 3143 3137 Extrema
3168 3080 3448 3137 orationis
3480 3097 3618 3152 pars

242 3166 453 3237 μοσύνη
537 3171 636 3214 τῶν
697 3163 1007 3235 εὐχομένων,
1077 3168 1168 3215 καὶ
1229 3161 1455 3234 εὐφημία
1524 3168 1614 3213 τοῦ
1692 3165 1845 3217 Θεοῦ,

242 3261 463 3308 Νοείται
509 3254 610 3325 *γάρ
639 3265 651 3276 ⁸
690 3251 1141 3325 Πληρωθήτωσαν,
1198 3250 1233 3303 ἀ
1272 3251 1557 3323 ηὐξάμεθα,
1609 3247 1749 3302 διότι
1786 3252 1850 3301 σύ

246 3342 505 3402 Βασιλεύς
555 3343 722 3413 ἡμῶν,
776 3346 864 3393 καὶ
915 3337 1136 3401 δυνατὸς
1185 3340 1253 3402 εἰς
1298 3341 1454 3407 ἅπαν,
1499 3343 1590 3391 καὶ
1635 3334 1849 3400 δεδοξα-

251 3435 437 3504 σμένος
486 3429 584 3483 ἀεί.
640 3437 804 3482 Τοῦτο
862 3433 962 3502 γὰρ
1006 3426 1159 3487 δηλοῖ
1196 3431 1275 3495 τὸ,
1330 3429 1416 3490 Εἰς
1472 3431 1595 3489 τοὺς
1641 3427 1846 3487 αἰῶνας.

248 3525 377 3594 Περὶ
409 3516 469 3572 δε
493 3526 585 3571 τοῦ
608 3520 793 3591 Ἀμήν,
829 3517 1061 3591 ἀνωτέρω
1100 3521 1321 3591 εἴρηται.

315 3698 437 3752 Ἐὰν
479 3728 546 3737 —
604 3699 765 3770 ὑμῶν.
832 3694 1189 3762 Ἐπανέλαϐεν,
1270 3697 1335 3755 ὡς
1396 3694 1690 3767 εἰρήκαμεν,
1758 3696 1845 3746 τὸν

247 3793 373 3863 περὶ
439 3789 621 3839 τούτου
674 3786 842 3857 λόγον,
907 3785 998 3837 καί
1052 3784 1293 3837 πλατύνει
1348 3790 1548 3850 τοῦτον,
1620 3780 1844 3851 δεικνύς,

251 3877 338 3928 ὅτι
393 3872 843 3949 περισπούδαστόν
924 3876 1035 3926 ἐστι
1088 3881 1201 3944 Θεῷ
1262 3875 1321 3925 τὸ
1394 3878 1621 3925 τοιοῦτον
1675 3874 1841 3945 ἔργον.

255 3968 358 4018 Καὶ
412 3966 507 4036 ὅρα
560 3983 647 4035 μοι
704 3963 1083 4036 φιλανθρωπίας
1141 3960 1445 4026 ὑπερϐολήν.
1503 3960 1669 4032 Ἠμάς
1710 3965 1848 4012 ποιεῖ

251 4058 468 4129 κυρίους
545 4061 634 4112 τῆς
717 4059 817 4103 τῶν
902 4051 1288 4123 ἁμαρτημάτων
1369 4051 1513 4121 ἡμῶν
1597 4047 1841 4121 ἀφέσεως,

254 4143 389 4198 Ἀλλ’
458 4144 583 4203 ἴσως
645 4140 792 4216 ἐρεῖς,
871 4142 951 4192 ὅτι
1002 4139 1164 4192 πολλὰ
1219 4142 1302 4190 καὶ
1355 4138 1555 4210 μεγάλα
1609 4137 1847 4210 πεπλημ-

249 4233 465 4305 μέληκεν
510 4232 535 4283 ό
576 4227 843 4289 ἀδικήσας
873 4243 885 4258 ⁸
932 4227 1057 4280 ἆλλὰ
1109 4231 1173 4280 σὺ
1221 4227 1427 4279 πλείονα
1460 4231 1551 4278 καὶ
1596 4228 1834 4299 μείζονα,

251 4325 352 4374 Καὶ
383 4322 407 4372 6
438 4323 528 4392 μεν
559 4319 631 4380 εἰς
659 4322 746 4370 τόν
775 4314 1082 4389 ὁμόδουλον,
1114 4319 1178 4368 σὺ
1212 4313 1269 4368 δὲ
1316 4316 1387 4376 εἰς
1433 4318 1518 4366 τὸν
1560 4320 1841 4373 Δεσπότην.

247 4415 350 4464 Καὶ
407 4413 471 4461 σὺ
511 4411 623 4481 μεν,
685 4404 921 4479 δεόμενος
976 4404 1220 4478 ἀφέσεως,
1272 4402 1531 4476 ἀφήσεις·
1576 4406 1601 4455 ό
1633 4401 1691 4457 δὲ
1721 4408 1845 4465 Θεὸς

241 4504 315 4572 μὴ
372 4495 632 4569 δεόμενος.
668 4496 726 4549 Εἰ
777 4500 944 4548 τοίνυν
1000 4493 1238 4566 ἀφήσεις,
1302 4496 1516 4544 σεαυτόν
1554 4491 1842 4567 ἠλευθέρω-

245 4608 366 4649 σας.
398 4586 660 4648 ’Ἑσϐεσας
687 4588 775 4658 μὲν
801 4588 901 4659 γὰρ
941 4587 1027 4635 τὸν
1087 4585 1265 4654 θυμὸν,
1311 4581 1581 4641 ἀπήλασας
1634 4577 1693 4633 δὲ
1750 4585 1842 4639 τὴν

239 4680 622 4751 μνησικακίαν,
720 4674 992 4744 εἰσήγαγες
1095 4667 1153 4723 δε
1252 4674 1346 4728 τήν
1436 4669 1839 4741 φιλανθρωπίαν,

243 4767 461 4826 ἱλέωσας
494 4761 552 4817 δε
604 4765 690 4815 τὸν
748 4765 895 4827 Θεὸν,
944 4759 1355 4837 ἓπραγματεύσω
1405 4754 1463 4810 δὲ
1513 4762 1601 4816 τὴν
1650 4757 1841 4809 οἰκείαν

1872 4463 1914 4515 D

240 4858 454 4929 ἄφεσιν.

315 5045 456 5091 Οταν
508 5066 576 5076 -
640 5034 990 5094 νηστεύοντες.
1072 5032 1443 5099 Νηστεύοντες,
1524 5032 1596 5101 μὴ
1669 5027 1843 5086 ἐπιτη-

245 5124 421 5181 δεύετε
456 5132 549 5185 τήν
604 5125 1034 5198 σκυθρωπότητα,
1074 5122 1305 5194 καθάπερ
1364 5120 1413 5172 οἱ
1459 5114 1846 5180 σπουδάζοντες

317 5306 365 5343 ¹³
390 5304 540 5363 Psal.
573 5318 749 5371 Lxxu,
779 5303 873 5362 25.

1964 3174 2069 3237 est,
2094 3186 2300 3226 eorum
2330 3172 2433 3242 qui
2463 3174 2635 3226 orant
2665 3170 2849 3225 animi
2871 3168 3191 3238 gratitude,
3224 3172 3404 3240 utque
3429 3169 3617 3228 Deum

1959 3260 2336 3317 benedicant.
2393 3259 2485 3315 Sic
2538 3273 2681 3328 ergo
2732 3258 3132 3327 intelligitur:
3191 3258 3617 3328 Compleantur

1957 3349 2089 3405 haec
2134 3365 2266 3421 quae
2309 3347 2680 3421 postulamus
2717 3364 2731 3413 ;
2792 3350 2857 3401 tu
2904 3346 3064 3401 enim
3114 3348 3234 3401 Rex
3281 3352 3480 3401 noster
3529 3362 3614 3416 es,

1957 3441 2170 3508 potens
2199 3437 2275 3493 ad
2307 3453 2379 3493 ea
2410 3434 2793 3504 conferenda,
2825 3449 3180 3505 semperque
3203 3433 3518 3504 gloriosus.
3553 3425 3616 3490 Et

1956 3527 2071 3583 hoc
2108 3527 2326 3582 indicat
2363 3525 2530 3598 quod
2568 3524 2824 3589 additur,
2859 3525 2922 3579 in
2962 3524 3195 3579 saecula.
3238 3524 3317 3579 De
3356 3522 3613 3579 dictione

1954 3614 2144 3671 Amen
2172 3614 2440 3686 superius
2471 3612 2697 3668 dictum
2726 3614 2837 3667 est.

2027 3705 2188 3757 Vers.
2236 3705 2319 3757 14.
2359 3701 2417 3756 Si
2455 3731 2524 3742 —
2576 3702 2738 3756 Vers.
2800 3699 2887 3753 15.
2946 3703 3163 3754 vestra.
3228 3698 3477 3764 lteravit,
3541 3701 3609 3754 ut

1956 3791 2237 3860 diximus,
2282 3789 2355 3844 de
2392 3789 2507 3844 hac
2544 3804 2607 3843 re
2648 3801 2987 3842 sermonem
3020 3786 3341 3857 ipsumque
3381 3785 3613 3851 dilatat,

1956 3878 2275 3935 ostendens
2295 3875 2640 3946 hujusmodi
2673 3889 2826 3945 opus
2852 3888 2981 3928 esse
3011 3876 3130 3928 Deo
3159 3873 3421 3928 maxime
3447 3889 3613 3929 acce-

1955 3965 2198 4039 ptabile.
2232 3962 2558 4019 Considera
2577 3962 2753 4018 etiam
2778 3960 2946 4027 mihi,
2975 3960 3246 4025 obsecro,
3271 3960 3613 4018 humanita-

1955 4054 2029 4111 tis
2047 4050 2617 4123 magnitudinem.ln
2634 4052 2841 4105 nostra
2855 4048 3458 4120 constituitpotestate
3475 4063 3611 4120 pec-

1955 4146 2227 4199 catorum
2274 4145 2618 4196 nostrorum
2663 4136 3107 4193 remissionem.
3161 4138 3233 4191 At
3287 4135 3446 4190 dices
3498 4136 3616 4192 for-

1954 4231 2151 4296 tassis,
2204 4229 2369 4301 quod
2432 4227 2492 4282 in
2561 4225 2763 4281 multis
2829 4224 3207 4297 delinquens,
3274 4223 3495 4294 injuria
3554 4228 3613 4281 te

1955 4318 2233 4376 effecerit.
2282 4320 2493 4373 Verum
2554 4320 2615 4371 tu
2664 4314 2725 4370 in
2780 4313 3052 4386 pluribus
3101 4316 3158 4368 et
3209 4311 3540 4384 majoribus
3594 4330 3608 4370 :

1955 4412 2010 4465 et
2059 4408 2153 4463 ille
2209 4405 2449 4478 quidem
2511 4404 2572 4459 in
2633 4417 3010 4468 conservum,
3071 4404 3133 4455 tu
3188 4415 3331 4456 vero
3387 4399 3449 4455 in
3502 4401 3614 4456 Do-

1952 4496 2227 4560 minum;
2279 4498 2343 4550 tu
2392 4492 2671 4562 indigens
2720 4490 3072 4546 remissione
3121 4489 3404 4555 remittes,
3457 4490 3612 4544 Deus

1952 4599 2094 4641 vero
2123 4581 2347 4639 nullius
2380 4580 2647 4650 indigens
2687 4583 2795 4635 est.
2840 4578 2895 4635 Si
2934 4578 3135 4649 itaque
3174 4576 3485 4646 remiseris,
3529 4580 3611 4632 te-

1950 4674 2143 4745 ipsum
2178 4669 2441 4726 liberasti
2475 4687 2487 4720 :
2522 4668 2670 4723 iram
2705 4667 2999 4738 siquidem
3035 4663 3377 4729 exstinxisti,
3423 4663 3611 4720 malo-

1951 4777 2085 4816 rum
2117 4757 2469 4815 memoriam
2524 4754 2816 4827 expulisti,
2856 4752 3289 4822 benignitatem
3341 4750 3605 4818 induisti,

1952 4853 2140 4905 Deum
2163 4847 2265 4903 tibi
2282 4845 2608 4918 propitium
2625 4840 2937 4897 reddidisti
2956 4839 3383 4912 propriamque
3400 4836 3605 4894 remis-

1954 4940 2183 4993 sionem
2218 4932 2569 5007 procurasti.

2024 5026 2186 5082 Vers.
2228 5028 2317 5082 16.
2362 5024 2508 5080 Cum
2551 5050 2619 5061 —
2650 5021 2955 5090 jejunare.
3001 5015 3078 5072 Ne
3118 5014 3385 5072 tetricam
3434 5013 3608 5073 tristi-

1955 5114 2100 5173 tiam
2125 5112 2431 5179 affectetis,
2462 5107 2625 5166 velut
2647 5107 2709 5165 hi
2738 5106 2843 5180 qui
2870 5105 2949 5165 ob
2976 5104 3222 5164 laudem
3246 5103 3601 5174 humanam,

1471 5393 1687 5463 Variae
1723 5391 2054 5462 lectiones
2095 5396 2162 5458 et
2198 5394 2381 5455 notae

322 5602 433 5677 (13)
462 5600 608 5659 Vide
637 5614 776 5674 quae
805 5596 927 5654 dixi
951 5596 1012 5653 in
1032 5593 1170 5652 edit.
1204 5550 1349 5651 Novi
1376 5587 1731 5649 Testamenti
1756 5587 1835 5645 ad
1866 5588 2004 5645 Luc.
2032 5600 2095 5659 p.
2124 5586 2249 5653 507,
2280 5587 2423 5641 nota
2454 5582 2539 5637 11.
