4206 6310
554 273 661 331 243
1876 264 2225 322 EUTHYMII

2340 261 2597 320 GABENI
3810 251 3928 306 244

555 397 853 472 pallorem
895 398 1257 468 procurant;
1318 393 1613 453 occultant
1665 393 1822 451 enim
1878 393 2210 450 naturalem

2340 390 2527 463 ὒχρίᾴν
2572 384 2645 440 δι’
2685 383 3009 452 ἀνθρωπίνην
3071 382 3360 455 ἀρέσκειαν.
3417 380 3759 452 Ἀφανίζουσι
3811 377 3926 447 γάρ

560 466 819 545 formam
852 466 1052 542 ﬁctitio
1087 484 1326 558 pallore.

2340 476 2469 532 ιῦτοι
2511 480 2569 531 τό
2623 477 2842 548 φυσικόν
2881 469 3040 538 εἶδος,
3097 468 3192 524 διὰ
3246 479 3336 532 τῆς
3387 467 3703 521 ἐπίπλαστον
3743 466 3928 538 ὠχρό-

631 669 794 722 Vers.
828 666 914 720 16.
957 664 1144 720 Amen
1173 695 1242 704 —
1269 678 1458 720 suam.
1487 663 1769 736 Superius
1795 661 1868 718 de
1890 662 2005 719 hoc
2035 660 2213 718 nobis

559 753 784 811 dictum
815 757 925 810 est.

631 846 791 899 Vers.
837 843 927 900 17.
984 844 1069 897 Tu
1127 850 1319 898 autem
1376 873 1445 882 -—
1491 843 1648 898 lava.
1692 838 2218 909 Quemadmodum

565 931 808 1005 quando
853 932 997 986 dixit
1039 949 1052 986 :
1100 931 1166 986 Si
1206 937 1403 987 autem
1454 931 1654 988 oculus
1694 936 1827 986 tuus
1863 929 2074 985 dexter
2113 928 2218 983 tibi

561 1021 734 1092 fuerit
778 1019 1147 1090 o/Iendiculo,
1187 1034 1320 1074 erue
1352 1035 1481 1075 eum
1515 1037 1528 1086 ;
1557 1024 1611 1075 et
1650 1020 1701 1074 si
1733 1019 1973 1074 dextera
2005 1032 2218 1074 manus

569 1114 678 1164 tua
709 1108 816 1163 tibi
841 1109 1031 1177 fuerit
1062 1107 1429 1176 offendicula,
1473 1113 1713 1178 amputa
1739 1121 1866 1162 eam
1893 1108 1960 1172 ¹⁹,
1993 1121 2115 1161 non
2146 1105 2219 1161 de

567 1196 832 1267 corporis
866 1195 1239 1251 mutilatione
1266 1195 1500 1251 locutus
1539 1200 1644 1259 est,
1676 1195 1858 1250 veluti
1897 1211 1968 1250 eo
1998 1195 2057 1250 in
2088 1194 2219 1250 loco

567 1283 1011 1340 declaravimus
1039 1306 1052 1338 :
1083 1284 1164 1340 ita
1194 1299 1388 1356 neque
1417 1300 1577 1340 nunc
1611 1283 1950 1355 simpliciter
1980 1284 2119 1353 ungi
2152 1299 2221 1339 ac

568 1373 759 1429 lavari
808 1372 1000 1443 jubet.
1057 1375 1256 1444 Neque
1309 1373 1468 1428 enim
1523 1372 1652 1445 ipse
1707 1373 1822 1428 hoc
1875 1371 2027 1436 fecit,
2082 1389 2220 1428 cum

569 1461 975 1534 quadraginta
1003 1461 1207 1516 diebus
1241 1461 1538 1532 jejunaret
1572 1478 1586 1525 ;
1627 1461 1729 1517 sed
1769 1477 1874 1533 per
1903 1461 2029 1516 haec
2061 1460 2224 1516 aliud

570 1549 887 1622 quidpiam
919 1549 1206 1605 admonet
1237 1567 1250 1604 :
1287 1549 1582 1606 occultare
1621 1549 1894 1606 videlicet
1923 1566 2056 1606 eam
2087 1566 2224 1622 quae

565 1637 864 1709 jejunium
893 1637 1274 1708 consequitur
1305 1637 1618 1702 tristitiam,
1652 1653 1789 1692 cum
1821 1637 2016 1694 alacer
2046 1654 2116 1693 ac
2149 1637 2226 1693 fe-

2321 587 2496 628 τητος.

2399 656 2564 728 Ἀμὴν
2617 684 2686 694 -
2747 651 2933 706 αὐτῶν.
3001 652 3221 723 Εἵρηταί
3290 649 3414 720 ἡμῖν
3495 644 3726 720 ἀνωτέρω
3800 647 3932 719 περὶ

2326 748 2531 800 τούτου.

2398 838 2464 886 Σύ
2506 830 2565 886 δὲ
2599 862 2658 871 -
2713 829 2884 902 νίψαι.
2935 835 3156 903 Ὥσπερ,
3197 827 3277 879 ὅτε
3306 823 3439 878 εἶπεν
3473 843 3486 856 ο
3539 822 3648 895 (Ut)
3682 821 3742 874 Εἰ
3789 817 3851 873 δι
3900 820 3928 872 ό

2327 923 2588 996 ὀφθαλμός
2683 939 2776 972 σου
2848 921 2874 970 ὁ
2962 913 3127 980 δεξιὸς
3208 911 3554 975 σκανδαλίζει
3638 931 3712 980 σε,
3791 908 3932 972 ἔξελε

2326 1013 2480 1065 αύτόν
2511 1028 2523 1040 ’
2567 1014 2656 1062 καὶ
2724 1008 2766 1060 εἰ
2817 1009 2848 1065 ἠ
2912 1003 3058 1068 δεξιά
3117 1023 3210 1056 σου
3275 1007 3397 1074 χεὶρ
3448 996 3784 1060 σκανδαλίζει
3846 1016 3929 1064 σε,

2328 1099 2546 1171 ἓκκοψόν
2604 1097 2766 1156 αύτήν
2799 1113 2810 1126 ’
2847 1095 2906 1148 ού
2963 1098 3076 1169 περὶ
3116 1092 3558 1167 ἁκρωτηριασμοῦ
3604 1095 3695 1141 τοῦ
3752 1091 3932 1159 σώμα-

2327 1209 2411 1250 τος
2462 1188 2648 1260 ἔλεγεν,
2703 1190 2768 1246 ὡς
2827 1183 2875 1236 ἐν
2921 1184 3129 1242 ἐκείνοις
3183 1189 3289 1241 τοῖς
3345 1181 3523 1248 ῥητοῖς
3598 1179 3932 1252 ἡρμηνεύσα-

2329 1295 2452 1351 μεν⁶
2485 1276 2648 1337 οὕτως
2673 1271 2796 1327 οὐδὲ
2826 1281 2913 1324 νῦν
2957 1271 3132 1332 ἁπλῶς
3176 1269 3475 1341 ἀλείφεσθαι
3519 1271 3608 1318 καὶ
3653 1265 3933 1317 νίπτεσθαι

2328 1367 2536 1420 κελεύει.
2595 1360 2736 1416 Ούδὲ
2774 1364 2874 1435 γὰρ
2921 1360 3077 1422 αὐτὸς
3124 1366 3273 1411 τοῦτο
3323 1361 3596 1420 πεποίηκε,
3639 1356 3933 1413 νηστεύσας

2330 1457 2528 1528 ἡμέρας
2578 1453 2991 1520 τεσσαράκοντα.
3039 1448 3195 1501 Ἀλλά
3264 1443 3358 1499 διὰ
3414 1447 3605 1497 τούτων
3654 1444 3819 1517 ἓτέρόν
3880 1461 3935 1493 τι

2333 1549 2595 1618 παραινεῖ,
2649 1541 2780 1611 λέγω
2857 1535 2947 1604 δὴ,
3002 1541 3057 1589 τὸ
3112 1534 3489 1608 συγκαλύπτειν
3549 1536 3642 1590 τὴν
3691 1530 3791 1582 ἀπὸ
3838 1537 3936 1590 τῆς

2331 1636 2567 1692 νηστείας
2652 1632 2996 1700 στυγνότητα,
3076 1624 3123 1677 ἐν
3200 1625 3271 1694 τῷ
3347 1623 3620 1694 φαίνεσθαι
3709 1615 3938 1692 φαιδρὸν

572 1728 760 1782 stivus
799 1741 1113 1798 appareas.
1158 1729 1304 1782 Nam
1345 1727 1488 1798 quia
1525 1727 1687 1798 apud
1726 1734 1946 1782 veteres
1987 1727 2223 1799 signum

2340 1726 2422 1774 καὶ
2450 1724 2725 1793 χαρίεντα.
2789 1717 2928 1770 Ἐπεὶ
2959 1717 3059 1789 γὰρ
3094 1714 3236 1788 παρά
3291 1719 3400 1773 τοῖς
3447 1709 3680 1769 παλαιοῖς
3718 1715 3940 1776 σημεῖον

573 1819 700 1870 erat
729 1814 962 1886 laetitiae,
995 1819 1176 1886 caput
1208 1819 1456 1871 unctum
1497 1830 1628 1871 esse
1657 1815 1807 1885 oleo,
1843 1815 2056 1872 faciem
2086 1831 2224 1872 vero

577 1919 738 1976 aqua
754 1905 940 1959 lotam
961 1904 1068 1958 :ab
1094 1903 1207 1960 hoc
1228 1903 1434 1973 gaudii
1452 1903 1691 1974 signum
1711 1905 2084 1970 adhortatur,
2103 1921 2226 1974 quo

576 1998 634 2047 et
653 1991 930 2048 homines
953 1991 1132 2048 lateat
1156 1992 1320 2064 quod
1342 1993 1600 2064 jejunes,
1629 1999 1684 2048 et
1705 1993 1916 2064 jejunii
1940 1993 2224 2061 laborem,

578 2080 882 2138 auferente
914 2079 1169 2138 dolorem
1196 2081 1396 2139 laetitia
1427 2081 1656 2140 alleves.

654 2333 780 2389 Alio
801 2347 1044 2405 quoque
1065 2332 1279 2388 modo:
1307 2334 1620 2405 lmpingua
1641 2334 1850 2406 capitis
1867 2335 1948 2390 tui
1972 2339 2233 2390 mentem

583 2421 978 2494 eleemosynm
1004 2421 1135 2478 oleo
1167 2439 1178 2476 :
1207 2421 1420 2478 faciem
1449 2439 1588 2478 vero
1615 2427 1801 2490 tuam,
1829 2423 2235 2495 lacrymarum

585 2527 748 2584 aqua
764 2511 1006 2567 abluito.
1031 2511 1192 2568 Unde
1209 2516 1265 2568 et
1280 2511 1420 2567 alibi
1441 2512 1655 2585 saepius
1675 2529 1782 2586 per
1802 2529 1873 2569 ea
1893 2530 2028 2586 qua:
2052 2513 2239 2585 ponit,

585 2601 937 2657 adhortatur
993 2599 1072 2656 ad
1124 2599 1287 2667 alia;
1345 2601 1641 2657 instruens
1692 2618 1820 2668 nos,
1877 2618 1952 2658 ne
2003 2617 2240 2674 semper

586 2689 649 2744 in
687 2689 998 2761 praeceptis
1026 2688 1088 2744 id
1128 2692 1358 2744 tantum
1403 2690 1802 2755 attendamus,
1847 2691 2011 2762 quod
2047 2691 2239 2762 prima

587 2777 738 2834 facie
767 2780 1036 2849 apparet,
1065 2777 1168 2832 sed
1199 2781 1257 2832 et
1287 2791 1500 2832 sensus
1531 2793 1773 2851 quoque
1802 2779 2069 2850 ipsorum
2103 2794 2235 2850 per-

588 2871 940 2922 scrutemur.

663 2954 830 3011 Vers.
854 2957 940 3011 18.
957 2954 1046 3010 Ne
1060 2983 1128 2993 —
1141 2953 1345 3010 reddet
1363 2953 1487 3012 tibi.
1513 2954 1596 3009 Ad
1617 2955 2024 3027 spectaculum
2041 2955 2238 3012 homi-

2333 1815 2505 1882 χαρᾶς
2564 1804 2649 1874 ἦν,
2708 1808 2765 1857 τό
2839 1803 3140 1875 ἀλείφεσθαι
3195 1803 3285 1874 μὲν
3337 1800 3488 1869 ἐλαίῳ
3544 1802 3638 1856 τὴν
3687 1795 3940 1868 κεφαλὴν,

2333 1898 2608 1950 νίπτεσθαι
2648 1890 2706 1947 δὲ
2767 1890 2927 1947 ὕδατι
2964 1894 3022 1944 τὸ
3061 1893 3336 1964 πρόσωπόν
3363 1906 3374 1918 ·
3428 1887 3604 1939 λοιπὸν
3654 1891 3741 1938 καὶ
3780 1885 3946 1948 αὐτὸς

2337 1983 2431 2040 διὰ
2466 1991 2555 2036 τοῦ
2587 1987 2805 2056 σημείου
2857 1989 2952 2042 τῆς
3009 1985 3181 2052 χαρᾶς
3233 1983 3476 2051 παραινεῖ
3518 1980 3723 2048 χαίρειν
3762 1979 3812 2026 ἓν
3866 1982 3945 2045 τῷ

2335 2076 2625 2136 νηστεύειν,
2684 2074 2767 2123 ἶνα
2813 2075 2903 2122 καὶ
2973 2073 3094 2130 τοὺς
3151 2066 3449 2140 ἀνθρώπους
3509 2061 3785 2135 διαλάθης,
3850 2068 3946 2116 καὶ

2338 2165 2424 2215 τόν
2472 2165 2623 2213 πόνον
2677 2167 2771 2220 τῆς
2821 2161 3070 2218 νηστείας
3116 2159 3393 2228 κουφίσης,
3443 2161 3540 2214 τῆς
3592 2149 3788 2213 ἡδονῆς
3844 2157 3941 2211 τὴν

2342 2247 2532 2307 ὀδύνην
2576 2251 2977 2322 ύφαιρουμένης.

2416 2343 2518 2392 Καὶ
2558 2337 2674 2389 καθ’
2715 2338 2882 2412 ἕτερον
2920 2332 2978 2388 δὲ
3022 2339 3210 2408 τρόπον
3241 2351 3252 2362 ’
3286 2337 3463 2385 Πίαινε
3513 2333 3603 2402 μὲν
3642 2333 3729 2381 τὸν
3773 2327 3815 2380 ὶν
3864 2335 3925 2400 τῇ

2343 2427 2533 2499 κεφαλῇ
2575 2445 2668 2478 σου
2708 2433 2845 2491 νοῦν,
2876 2432 2946 2495 τῷ
2977 2422 3127 2494 ἐλαίῳ
3158 2425 3248 2482 τῆς
3279 2419 3624 2492 ἐλεημοσύνης
3655 2435 3667 2446 °
3701 2415 3849 2488 νίψαι
3878 2413 3939 2470 δὲ

2344 2519 2401 2568 τό
2457 2516 2734 2588 πρόσωπόν
2795 2531 2910 2577 σου,
2975 2520 3045 2582 τῷ
3114 2506 3274 2562 ὕδατι
3343 2515 3445 2559 τῶν
3501 2502 3766 2580 δακρύων.
3840 2509 3945 2557 Καὶ

2346 2602 2395 2656 ἓν
2429 2603 2634 2664 πολλοῖς
2665 2599 2723 2655 δὲ
2765 2599 2934 2660 ἄλλοις
2974 2595 3050 2650 δι’
3097 2597 3276 2672 ἑτέρων
3325 2597 3472 2670 ἕτερα
3513 2601 3769 2667 παραινεῖ,
3814 2614 3944 2646 παι-

2347 2689 2510 2745 δεύων
2558 2694 2714 2764 ἡμεῖς,
2769 2693 2841 2762 μὴ
2902 2694 2973 2757 τῷ
3040 2689 3329 2758 φαινομένῳ
3383 2689 3520 2756 μόνῳ
3573 2691 3672 2736 τῶν
3729 2681 3942 2734 ἐντολῶν

2347 2780 2424 2833 ἀεὶ
2492 2783 2791 2854 προσέχειν,
2880 2775 3008 2828 ἀλλὰ
3083 2779 3173 2827 καὶ
3250 2776 3342 2835 τὰς
3439 2770 3670 2832 διανοίας
3768 2771 3938 2823 αὐτῶν

2346 2869 2441 2942 ἀκρ
2451 2868 2699 2940 ιϐολογεῖν
2714 2912 2726 2924 ,

2414 2956 2592 3019 Ὀπως
2643 2960 2714 3028 μὴ
2772 2987 2842 2995 -
2899 2949 3165 3007 ἀποδώσει
3216 2971 3321 3006 σοι.
3375 2953 3444 3003 T6
3488 2952 3590 3024 γὰρ
3656 2947 3930 3018 θεατρίζιιν

591 3041 770 3100 nibus
796 3056 1093 3114 exponere
1123 3057 1277 3107 eam,
1299 3057 1432 3114 quae
1459 3057 1528 3098 ex
1551 3043 1780 3115 jejunio
1811 3044 2082 3115 provenit
2107 3059 2233 3100 mo-

2345 3054 2454 3108 τοῖς
2516 3045 2807 3120 ἀνθρώποις
2864 3048 2958 3101 τὴν
3013 3041 3114 3094 ἀπὸ
3187 3048 3277 3101 τῆς
3326 3044 3570 3100 νηστείας
3620 3041 3938 3108 κακουχίαν,

592 3132 842 3201 lestiam,
873 3130 1211 3202 cupiditatis
1238 3130 1438 3200 gloriae
1477 3147 1626 3204 opus
1656 3137 1760 3188 est.
1800 3134 1880 3188 De
1917 3133 2009 3189 his
2039 3138 2238 3190 autem

591 3236 726 3294 qum
755 3222 1102 3292 sequuntur,
1128 3219 1256 3289 jam
1287 3219 1511 3276 dictum
1541 3225 1646 3277 est.

665 3310 829 3364 Vers.
875 3309 970 3365 19.
1016 3309 1106 3366 Ne
1147 3339 1216 3349 —
1255 3310 1410 3364 Vers.
1460 3314 1529 3365 20
1567 3311 1874 3381 furantur.
1914 3309 2240 3380 Allegorice

594 3401 794 3454 autem
842 3397 999 3453 tinea
1037 3401 1092 3453 et
1134 3397 1436 3468 corruptio
1485 3397 1780 3468 signiﬁcat
1824 3399 2132 3454 inductam
2179 3399 2240 3453 in

596 3486 796 3540 animo
817 3485 1182 3556 opinionem,
1205 3501 1340 3557 quae
1359 3485 1608 3541 latenter
1628 3486 1884 3541 corrodit
1903 3487 2066 3544 bona
2085 3487 2242 3543 circa

595 3589 724 3644 qum
753 3573 886 3643 ipsa
914 3579 1181 3628 versatur
1209 3590 1222 3638 ;
1257 3573 1414 3628 fures
1442 3577 1642 3628 autem
1670 3574 2090 3645 perfodientes,
2119 3575 2242 3632 lau-

594 3659 703 3716 des
731 3665 886 3724 sunt,
915 3676 1051 3732 quia
1082 3661 1444 3717 extrinsecus
1475 3661 2019 3731 subingrediuntur,
2051 3665 2242 3738 perfo-

593 3747 822 3805 dientes
857 3746 1009 3805 levia
1042 3749 1364 3822 proposita,
1397 3755 1452 3806 et
1481 3751 1867 3823 compilantes
1904 3755 2241 3812 reconditas

592 3837 874 3894 virtutum
913 3837 1143 3895 divitias
1157 3883 1169 3895 .

664 3927 861 3998 Ejecta
883 3927 1011 3998 jam
1041 3927 1235 3984 inanis
1272 3928 1476 3998 glorias
1508 3929 1873 4002 aegritudine,
1905 3936 2240 4004 opportune

591 4015 874 4087 deinceps
903 4015 1096 4084 legem
1129 4016 1204 4071 de
1235 4017 1436 4089 inopia
1465 4019 1686 4073 statuit.
1721 4017 1871 4074 Nihil
1901 4020 2060 4074 enim
2091 4021 2240 4076 adeo

590 4102 932 4158 divitiarum
961 4101 1189 4157 inducit
1219 4117 1508 4168 amorem,
1539 4104 2053 4174 quemadmodum
2084 4123 2240 4164 vana

591 4189 801 4260 gloria.
837 4188 922 4242 Ob
949 4189 1106 4244 hanc
1136 4187 1430 4258 siquidem
1455 4196 1508 4245 et
1539 4192 1974 4262 mancipiorum
2008 4209 2238 4264 greges,

591 4283 647 4332 et
669 4275 1082 4331 cunuchorum
1105 4275 1399 4342 examina,
1429 4283 1484 4334 et
1514 4293 1703 4350 equos
1726 4295 1873 4335 auro
1896 4281 2239 4349 adornatos,

589 4380 660 4420 ac
689 4379 926 4419 mensas
957 4369 1289 4433 argenteas,
1317 4381 1680 4439 omnemque
1700 4368 1919 4425 fastum
1940 4370 2121 4427 alium
2148 4387 2245 4427 ex-

589 4451 853 4522 cogitant
873 4451 1178 4508 homines:
1209 4469 1330 4509 non
1353 4455 1430 4511 ad
1457 4457 1888 4524 necessitatem,
1913 4459 2016 4516 sed
2043 4462 2120 4518 ad
2151 4477 2239 4518 os-
2273 4428 2318 4482 D

587 4541 992 4598 tentationem.

659 4629 810 4697 Quia
840 4645 978 4685 vero
1011 4645 1132 4686 non
1174 4631 1341 4689 facile
1380 4634 1759 4706 reciperetur,
1802 4637 1848 4691 si
1878 4638 2132 4708 junctim
2166 4639 2240 4695 de

584 4718 993 4790 despiciendis
1048 4719 1429 4778 facultatibus
1475 4723 1846 4790 admoneret,
1898 4725 2033 4782 ideo
2080 4726 2241 4784 hunc

583 4811 644 4867 in
694 4811 893 4880 partes
939 4808 1127 4866 secuit
1174 4825 1534 4868 sermonem.
1580 4811 1647 4869 Et
1687 4813 1947 4886 primum
1992 4814 2239 4887 quidem

654 4986 700 5024 ιο
724 4987 927 5046 Matth.
959 5003 1016 5056 ν,
1052 4991 1236 5061 29,30.

2348 3132 2644 3210 φιλοδοξίας
2705 3135 2852 3208 ἔργον
2901 3133 3037 3186 ἐστί.
3089 3135 3215 3204 Περὶ
3272 3127 3331 3184 δὲ
3379 3137 3478 3181 τῶν
3536 3128 3657 3190 ἑξῆς
3706 3125 3942 3200 ἀνωτέρω

2346 3229 2568 3300 εἴρηται.

2417 3317 2503 3370 Μὴ
2557 3342 2628 3354 --
2678 3312 2978 3364 κλέπτουσι.
3050 3308 3169 3382 [Σὴς
3230 3308 3342 3379 (15)
3403 3309 3493 3380 μὲν
3571 3310 3660 3357 καὶ
3739 3303 3946 3378 βρῶσις

2345 3402 2528 3456 νοοῖντ’
2579 3401 2660 3468 ἂν,
2710 3405 2798 3452 καί
2845 3402 2875 3457 ἡ
2933 3398 3258 3470 ἐντικτομίνη
3304 3404 3364 3469 τῇ
3403 3395 3556 3467 ψυχῇ
3611 3396 3802 3460 οἴησις,
3860 3391 3947 3465 βι-

2349 3490 2662 3565 ϐρώσκουσα
2729 3489 2988 3560 λαθραίως
3052 3488 3136 3552 τὰ,
3197 3485 3270 3557 ἐφ’
3332 3485 3409 3545 οἷς
3465 3487 3710 3550 συνέστη,
3772 3480 3944 3533 καλοί·

2348 3580 2562 3632 κλέπται
2637 3575 2695 3631 δὲ
2749 3574 3132 3650 διορύσσοντες,
3187 3576 3234 3626 οἱ
3283 3573 3462 3635 ἔξωθεν
3519 3570 3948 3643 ἕπεισερχόμενοι

2349 3671 2568 3734 ἔπαινοι,
2650 3663 3019 3740 διορύσσοντες
3102 3666 3169 3715 τὰ
3232 3669 3400 3734 κοῦφα
3460 3664 3782 3734 φρονήματα,
3855 3663 3947 3712 καὶ

2350 3755 2603 3817 συλῶντες
2689 3757 2777 3806 τὸν
2853 3751 3484 3826 ἐναποτεθησαυρισμένον
3552 3748 3772 3802 πλοῦτον
3847 3756 3948 3810 τῆς

2347 3844 2590 3920 αρετῆς⁶]

2422 3931 2674 3988 Ἐκϐαλὼν
2706 3927 2765 3984 δὲ
2792 3926 2900 3989 ἤδη
2933 3932 2990 3982 τὸ
3020 3936 3113 3990 τῆς
3150 3924 3450 3989 κενοδοξίας
3484 3931 3711 3998 νόσημα,
3759 3925 3945 3978 λοιπὸν

2349 4023 2600 4096 εὐκαίρως
2653 4024 2771 4093 περὶ
2821 4018 3184 4090 ἁκτημοσύνης
3231 4017 3509 4088 νομοθετεῖ.
3559 4019 3657 4067 Καὶ
3702 4016 3804 4086 γὰρ
3855 4013 3945 4066 ού-

2351 4107 2435 4163 δεν
2477 4110 2610 4162 οὕτω
2649 4107 3040 4180 παρασκευάζει
3095 4107 3382 4180 χρημάτων
3436 4101 3574 4176 ἐρᾴν,
3631 4106 3698 4164 ὡς
3726 4105 3756 4160 ἡ
3794 4121 3948 4154 κενο-

2350 4195 2519 4260 δοξία.
2576 4199 2668 4249 Διά
2719 4199 2914 4253 ταύτην
2980 4197 3080 4268 γὰρ
3141 4199 3230 4246 καὶ
3283 4195 3375 4253 τὰς
3440 4200 3539 4244 τῶν
3597 4187 3946 4266 ἀνδραπόδων

2351 4284 2553 4357 ἀγελας,
2615 4290 2701 4336 καὶ
2775 4288 2859 4336 τὸν
2919 4282 3074 4355 ἐσμὸν
3121 4292 3219 4334 τῶν
3300 4281 3580 4352 εὐνούχων,
3662 4284 3751 4331 καὶ
3824 4284 3946 4342 τοὺς

2350 4382 2810 4448 χρυσοφοροῦντας
2860 4376 3066 4436 ἵππους,
3097 4377 3186 4423 καὶ
3241 4373 3334 4431 τὰς
3378 4368 3611 4444 ἀργυρᾶς
3665 4372 3943 4442 τραπέζας,

2349 4467 2438 4514 καὶ
2469 4467 2562 4520 τὴν
2603 4461 2759 4519 ἄλλην
2809 4463 3017 4512 ἅπασαν
3068 4460 3180 4531 (16)
3228 4463 3516 4530 φαντασίαν
3561 4459 3856 4509 ἐπινοοῦσιν
3896 4460 3945 4510 οἱ

2349 4552 2629 4625 ἄνθρωποι,
2659 4550 2717 4602 ού
2753 4551 2885 4602 κατά
2911 4553 3096 4620 χρείαν
3128 4546 3256 4599 ἀλλά
3291 4544 3364 4599 δι’
3388 4543 3658 4608 ἐπίδειξιν.

2423 4639 2562 4693 Ἐπεὶ
2607 4636 2665 4691 δὲ
2704 4639 2797 4690 οὐκ
2845 4635 2905 4696 ἦν
2954 4633 3358 4710 εύπαραδεκτον,
3414 4637 3473 4687 τό
3529 4633 3714 4707 ἀθρόον
3753 4654 3943 4707 παραι-

2347 4731 2495 4782 νέσαι
2527 4745 2538 4756 ·
2570 4731 2688 4802 περὶ
2722 4735 2812 4786 τῆς
2849 4725 3139 4800 ὑπεροψίας
3173 4733 3273 4776 τῶν
3303 4724 3619 4796 χρημάτων,
3670 4729 3940 4795 σοφώτατα

2345 4820 2654 4891 κατεμέρισε
2705 4818 2791 4868 τὸν
2830 4819 2948 4888 περὶ
2991 4817 3187 4875 ταύτης
3239 4816 3408 4884 λόγον,
3467 4815 3556 4863 καὶ
3609 4820 3810 4885 πρῶτον
3853 4814 3945 4917 μὶν

1808 5144 2031 5213 Variae
2069 5145 2399 5215 lectiones
2435 5155 2501 5213 et
2532 5153 2731 5212 notae.

674 5337 763 5409 14)
803 5341 924 5409 καί,
940 5351 1049 5409 pro
1077 5332 1138 5409 δέ
1167 5335 1235 5392 Β.

674 5339 741 5392 14
803 5341 913 5405 καί,
940 5351 1049 5409 pro
1077 5337 1138 5388 δέ
1167 5337 1235 5392 Β.

649 5337 763 5481 Etsi
809 5407 1043 5464 Inclusa
1092 5408 1152 5463 in
1201 5407 1472 5478 margine
1518 5408 1700 5466 habet
1750 5413 1822 5466 A.
1885 5409 2027 5466 Vide
2086 5427 2226 5466 mox

574 5483 868 5622 1106:93136
893 5549 1092 5606 omnis
1124 5549 1356 5621 generis
1381 5549 1544 5623 luxu,
1576 5552 2022 5622 magnificentia
2049 5555 2104 5610 et
2133 5567 2225 5640 ar-

2334 5340 2612 5412 rogantia
2639 5337 2874 5412 dicitur.
2904 5335 2998 5412 §ic
3026 5334 3194 5403 Diog.
3224 5335 3408 5391 Laért.
3433 5337 3704 5412 inillione,
3728 5351 3788 5406 p.
3819 5336 3942 5412 139.

2337 5407 2504 5482 Sm'pe
2544 5411 2624 5466 ita
2664 5410 2846 5465 habet
2893 5407 3306 5482 Chry'sostom.
3362 5413 3432 5482 ι,
3465 5411 3575 5478 Vll,
3630 5422 3766 5480 pag.
3815 5407 3938 5482 144.

2333 5483 2391 5538 C.
2435 5478 2598 5548 l51.;
2653 5485 2783 5547 Vlll,
2836 5482 2956 5536 163.
3007 5482 3066 5535 C.
3125 5479 3354 5534 Confer.
3406 5481 3600 5536 Actor.
3632 5478 3792 5546 ‘xxv,
3854 5478 3924 5531 23
