4206 6310
209 353 327 408 245
1199 346 1572 407 COMMENT.
1620 348 1691 403 IN
1731 348 2178 406 MATTHZEUM.
2221 380 2288 393 —
2329 351 2486 407 CAP.
2529 353 2622 410 VI.
3489 359 3631 439 246.

218 485 333 531 εἶπε
401 492 414 506 ·
479 474 739 546 Μακάριοι
794 474 843 525 οἱ
898 471 1160 545 ίλεήμονες
1216 489 1229 503 ·
1294 475 1466 526 ἔπειτα
1501 490 1514 505 ⁸
1553 474 1693 528 Ἴσθι
1745 477 1879 533 εύ-ἐ

1941 477 2087 534 dixit
2122 494 2133 533 :
2165 478 2332 535 Beati
2352 479 2740 537 misericordes
2791 482 2858 536 ³ο.
2911 481 3130 538 Deinde
3159 497 3181 538 .·
3207 483 3364 545 Esto,
3399 483 3592 556 inquit

215 574 348 620 νοῶν
405 574 478 636 τῷ
535 560 783 634 ἀντιδίκῳ
823 581 910 614 σον
954 579 965 590 '
999 559 1108 615 εἶτα
1162 579 1175 592 ⁸
1238 564 1352 616 Ἐάν
1403 583 1484 625 τις
1543 585 1626 617 σοι
1699 566 1828 618 θέλει

1940 566 2238 624 benevolus
2261 569 2598 626 adversario
2623 575 2722 626 tuo
2743 573 2812 626 ²¹.
2833 571 3223 628 Postmodum
3250 574 3357 633 ait:
3379 574 3444 630 Si
3467 575 3588 646 quis

216 656 332 726 (17)
396 657 662 728 κριθῆναι,
736 655 824 702 καὶ
891 654 976 702 τὸν
1041 652 1245 723 χιτῶνά
1312 672 1406 704 σου
1477 653 1666 724 λαϐεῖν,
1733 652 1826 717 δός

1939 663 2126 713 tecum
2147 657 2366 727 judicio
2401 660 2653 716 voluerit
2687 662 3050 726 contendere,
3085 669 3138 717 et
3165 663 3409 731 auferre
3430 665 3584 720 tuni-

213 745 354 814 αύτῷ
385 748 478 794 xui
529 745 586 795 τὸ
643 742 846 813 ἱμάτιον
881 761 893 774 ο
930 740 1217 793 τελευταῖον
1270 738 1349 806 δὲ,
1387 745 1444 793 τὸ
1487 747 1662 815 μεῖζον
1702 743 1826 796 ἐκεί-

1937 761 2062 802 cam
2087 753 2270 810 tuam,
2294 747 2432 802 dato
2450 748 2556 818 ipsi
2575 747 2886 818 etpallium
2901 751 2967 803 ”.
2987 748 3251 806 Tandem
3271 767 3410 808 vero
3421 752 3587 825 quod

209 853 305 883 νων
382 833 596 883 πάντων
653 830 932 901 ἐπήγαγεν.
999 831 1078 883 Ἐν
1155 829 1360 890 ἐκείνοις
1417 835 1506 903 μὲν
1587 835 1688 905 γὰρ
1737 838 1825 884 καὶ

1935 835 2026 889 his
2056 835 2340 890 omnibus
2381 836 2577 906 majus
2631 843 2738 900 est,
2767 836 2987 893 intulit.
3041 838 3106 892 In
3136 838 3245 893 illis
3277 840 3491 895 etenim
3531 843 3587 898 et

204 922 512 994 ἐλεουμένου
575 919 834 992 ἐμνήσθη,
897 923 988 970 καί
1043 917 1334 984 ἁντιὸὶκου,
1417 924 1506 972 καὶ
1581 923 1825 994 κριθῆναί

1934 924 2353 979 misericordiae
2365 940 2721 996 pauperum,
2736 931 2789 980 et
2805 926 3150 992 adversarii,
3166 933 3220 982 et
3233 927 3348 983 litis
3365 930 3420 984 in
3432 930 3589 1000 judi-

203 1030 289 1063 σοι
316 1010 605 1083 μέλλοντος
636 1023 649 1040 ·
688 1007 908 1060 ἐνταῦθα
933 1004 992 1060 δὲ
1045 1004 1194 1060 οὐδὲν
1227 1015 1460 1061 τοιοῦτον
1507 1011 1626 1075 θεὶς,
1663 1011 1822 1069 αὐτὴν

1935 1012 2025 1068 cio
2063 1012 2425 1069 imminentis
2451 1013 2585 1070 fecit
2615 1014 2975 1069 mentionem
3005 1031 3017 1068 :
3061 1014 3153 1070 hic
3179 1021 3377 1072 autem
3420 1017 3585 1074 nullo

195 1101 321 1152 καθ’
370 1098 574 1156 ἑαυτῆν
614 1097 953 1169 ἐνομοθετησε
998 1101 1092 1155 τὴν
1136 1105 1234 1148 τῶν
1296 1100 1584 1172 χρημάτων
1639 1100 1822 1174 ὑπερο-

1934 1101 2109 1156 simili
2131 1102 2350 1172 posito,
2371 1101 2570 1174 ipsum
2589 1118 2693 1174 per
2713 1118 2776 1158 se
2793 1102 3072 1158 stabilivit
3095 1102 3442 1159 facultatum
3456 1121 3587 1160 con-

198 1190 352 1260 ψίαν,
389 1184 627 1253 δεικνύς,
655 1187 735 1238 ὅτι
765 1186 823 1238 ού
883 1183 956 1238 δι’
997 1185 1212 1246 ἐκείνους
1255 1195 1525 1256 τοσοῦτον,
1563 1189 1682 1240 ὅσον
1731 1186 1824 1241 διὰ

1933 1195 2247 1263 temptum,
2297 1191 2622 1248 ostendens
2679 1191 2838 1264 quod
2867 1207 3063 1263 neque
3107 1190 3207 1247 illa
3249 1196 3495 1264 propter
3523 1208 3586 1249 se

207 1282 266 1331 σε
293 1285 468 1330 ταῦτα
522 1275 859 1350 προσέταξεν,
919 1276 1020 1344 ἵνα,
1069 1274 1168 1326 κᾶν
1217 1273 1404 1348 μηδεὶς
1463 1275 1663 1328 ἐκείνων
1719 1276 1820 1329 ἐνο-

1932 1283 2165 1336 tantum
2207 1281 2487 1352 jusserat,
2522 1281 2642 1337 imo
2695 1296 3046 1353 quanquam
3105 1281 3304 1336 nullus
3349 1281 3587 1338 illorum

207 1366 343 1438 χλῇ,
373 1371 440 1418 σὺ
473 1373 803 1440 καταφρονῇς
833 1373 930 1416 τῶν
959 1369 1132 1429 ὄντων,
1163 1369 1250 1417 καὶ
1283 1361 1531 1438 διανέμῃς
1559 1366 1693 1418 αὐτὰ
1718 1375 1822 1428 τοῖς

1931 1369 2032 1424 tibi
2057 1369 2341 1425 molestus
2377 1371 2470 1435 sit,
2499 1375 2557 1425 tu
2585 1375 2782 1426 tamen
2818 1385 2887 1425 ea
2916 1386 3046 1442 quae
3078 1369 3286 1426 mundi
3322 1375 3463 1427 sunt
3487 1371 3586 1427 de-

210 1459 450 1513 πένησιν.
1932 1460 2144 1531 spicies
2181 1476 2192 1514 :
2227 1460 2479 1531 ipsaque
2510 1459 2882 1532 pauperibus
2911 1460 3228 1516 distribues
3258 1461 3360 1533 (q).

282 1544 446 1596 Ὠστε
497 1540 557 1596 δὲ
592 1543 715 1617 ῥᾷον
769 1550 968 1606 πεῖσαι,
997 1538 1246 1595 διδάσκει
1287 1547 1378 1601 τήν
1409 1562 1463 1596 τε
1494 1543 1696 1616 βλάϐην
1729 1551 1820 1596 τοῦ

2004 1549 2174 1612 Quod
2205 1552 2267 1603 ut
2297 1547 2528 1603 facilius
2569 1548 2947 1619 persuadeat,
2981 1549 3270 1605 damnum
3301 1549 3581 1617 ostendit,

218 1634 564 1707 θησαυρίζειν
616 1633 700 1686 ἐπὶ
758 1640 848 1692 τῆς
885 1640 1002 1703 γῆς,
1064 1638 1153 1684 xui
1209 1637 1302 1691 τὴν
1333 1633 1572 1704 ὠφέλειαν
1612 1641 1702 1685 τοῦ
1733 1636 1820 1691 θη-

1930 1636 2096 1708 quod
2155 1652 2190 1691 a
2254 1637 2671 1692 thesaurorum
2731 1637 3134 1694 reconditione
3189 1639 3471 1709 provenit,
3529 1644 3586 1697 et

222 1723 495 1795 σαυρίζειν
563 1721 610 1772 ἓν
663 1721 881 1795 οὐρανῷ·
940 1727 1087 1774 Ἔστι
1118 1718 1176 1773 δὲ
1210 1726 1308 1783 σὴς
1358 1724 1448 1794 μὲν
1487 1724 1512 1772 ό
1575 1721 1820 1794 ἐγγεννῶ-

1931 1725 2250 1781 commoda
2269 1741 2403 1797 qua).
2424 1741 2495 1780 ex
2525 1741 2733 1782 eorum
2757 1727 2815 1781 in
2837 1726 2997 1782 coelis
3017 1727 3465 1784 coacervatione
3496 1744 3583 1784 se-

219 1831 371 1884 μενος
415 1810 624 1871 πολλοῖς
667 1819 764 1862 τῶν
823 1809 1108 1884 χρημλτων
1168 1810 1393 1872 σκώληξ·
1431 1809 1633 1885 βρῶσις
1680 1809 1815 1878 δεμ,
1855 1831 1880 1886 ξ

1930 1819 2234 1886 quuntur;
2265 1819 2363 1874 σὴς
2395 1818 2594 1870 autem
2642 1814 2828 1887 (quod
2873 1831 2984 1871 nos
3029 1816 3246 1872 tineam
3277 1816 3580 1890 vertimus)

222 1900 383 1971 σῆψις
411 1905 503 1951 καὶ
545 1903 692 1960 ῖωσις
720 1903 808 1950 καὶ
856 1899 970 1951 καθ’
1024 1899 1212 1956 ἑαυτὴν
1259 1903 1476 1958 τοιαύτη
1524 1897 1809 1974 διαφθορά,

1930 1918 2194 1958 vermem
2249 1902 2559 1971 signiﬁcat,
2605 1904 2708 1974 qui
2751 1903 3048 1976 plerisque
3095 1904 3582 1976 possessionibus

218 1995 282 2043 Τί
321 1986 408 2041 οὖν
441 2007 453 2056 ;
483 1991 542 2040 τὸ
590 1993 825 2060 χρυσίον
871 1991 969 2048 σὴς
1018 1986 1255 2060 ἀφανίζει
1285 2007 1296 2056 ;
1330 1989 1392 2040 Εἰ
1442 1994 1530 2041 καὶ
1581 1995 1651 2061 μὴ
1710 1995 1816 2054 σὴς,

1928 1990 2269 2046 innascitur.
2307 1989 2509 2064 βρῶσις
2563 2005 2702 2047 vero
2741 1992 2926 2063 (quod
2976 2007 3081 2046 nos
3137 1994 3581 2062 corruptionem

218 2077 346 2131 ἀλλὰ
391 2078 626 2130 κλέπται.
680 2082 743 2129 Ti
797 2073 856 2129 δε
886 2093 898 2143 ;
933 2079 1116 2139 πάντες
1155 2077 1450 2143 συλῶνται;
1486 2078 1544 2132 Εἰ
1607 2083 1695 2130 καὶ
1745 2083 1815 2151 μὴ

1929 2080 2213 2144 diximus)
2243 2079 2539 2150 signiﬁcat
2590 2080 3110 2152 putrefactionem,
3145 2081 3220 2136 ad
3247 2079 3581 2151 rubiginem

215 2171 418 2229 πάντες,
472 2164 579 2217 ἀλλ’
641 2168 690 2217 οἱ
746 2164 971 2225 πλείους.
1023 2163 1250 2224 Ἀδηλον
1304 2163 1383 2229 δὲ,
1443 2171 1576 2228 τίνες
1633 2167 1819 2220 οἶσυλοι

1928 2168 2341 2233 mutationem,
2374 2183 2738 2240 omnemque
2767 2169 3112 2241 hujusmodi
3147 2185 3185 2225 a
3228 2169 3430 2240 seipso
3456 2184 3580 2226 cor-

209 2255 449 2329 μενοῦσι.
490 2256 568 2309 Τὰ
621 2261 746 2325 γοῦν
795 2251 1140 2326 διανεμόμενα
1167 2262 1275 2316 τοῖς
1317 2259 1524 2317 πένησι,
1585 2264 1694 2316 πῶς
1732 2259 1821 2314 θη-

1928 2257 2264 2329 ruptionem
2304 2256 2544 2312 indicat.
2581 2258 2728 2322 Quid
2756 2273 2896 2328 ergo
2923 2258 2951 2312 ?
2982 2258 3162 2314 etiam
3203 2273 3418 2315 aurum
3450 2273 3579 2330 per-

206 2349 556 2420 σαυριζονται
601 2361 614 2410 ;
666 2346 714 2395 ἐν
777 2351 848 2413 τῷ
877 2344 1095 2416 οὐρανῷ.
1156 2351 1270 2405 Πῶς
1310 2362 1322 2412 ;
1361 2343 1408 2395 ἓν
1461 2353 1534 2416 τῷ
1587 2348 1820 2416 ταμιεύε-

1930 2347 2075 2401 dunt
2131 2346 2416 2401 vermes?
2469 2347 2580 2401 Etsi
2627 2361 2750 2402 non
2807 2362 3055 2412 vermes,
3108 2350 3361 2403 attamen
3393 2347 3573 2402 fures.

204 2435 326 2486 σθαι
366 2432 472 2485 ἐκεῖ
504 2435 612 2494 τὰς
644 2429 939 2493 ἀντιδόσεις
987 2435 1178 2484 τούτων
1218 2438 1306 2485 xui
1354 2437 1446 2493 τὰς
1493 2433 1731 2506 ἀμοιϐὰς,
1764 2436 1820 2486 ui'

1930 2436 2146 2491 Omnes
2181 2435 2356 2506 igitur
2385 2435 2709 2505 spoliantur
2738 2435 2766 2490 ?
2793 2435 3038 2490 Plurimi
3067 2450 3239 2491 sane.
3277 2436 3575 2491 Incertum

208 2521 589 2595 συλλεγόμεναι
635 2527 725 2574 καὶ
757 2524 1202 2597 θησαυριζόμεναι
1259 2523 1601 2594 φυλάττονται
1649 2525 1816 2596 ἀσφα-

1928 2527 2016 2580 est
2046 2527 2263 2589 autem,
2305 2523 2409 2596 qui
2453 2523 2789 2579 aviolentia
2819 2524 2923 2579 tuti
2965 2527 3381 2595 permaneant.
3432 2524 3574 2590 Quas

211 2609 303 2672 λῶς
332 2611 466 2682 (l8).
1926 2629 2068 2668 vero
2098 2612 2461 2685 pauperibus
2510 2611 2961 2684 distribuuntur,
2986 2628 3256 2684 quonam
3305 2615 3483 2684 pacto
3513 2611 3576 2670 in

211 2700 353 2756 coelo
383 2699 806 2756 reconduntur
833 2699 861 2755 ?
889 2701 1014 2765 Quo
1045 2704 1220 2771 pacto
1250 2701 1279 2752 ‘?
1305 2703 1367 2756 ln
1398 2716 1469 2757 eo
1499 2701 1660 2773 quod
1693 2701 1908 2758 horum
1933 2702 2347 2759 retributiones
2375 2716 2445 2757 ac
2478 2702 2990 2759 remunerationes
3037 2701 3119 2757 ibi
3149 2705 3523 2774 reponuntur
3557 2718 3572 2758 :

209 2805 332 2861 quae
358 2795 572 2846 autem
606 2788 686 2844 ibi
712 2789 969 2860 reposita
987 2794 1123 2844 sunt
1155 2793 1210 2845 et
1231 2789 1495 2856 collecta,
1531 2806 1736 2846 secura
1759 2795 2130 2862 permanent.

271 2876 397 2931 Εἶτα
447 2878 643 2948 ἑποίγει
671 2883 762 2930 καὶ
794 2877 956 2953 ἕτερον
1006 2877 1279 2950 λογισμόν,
1328 2881 1516 2931 πείθων
1571 2883 1658 2931 καὶ
1712 2878 1811 2932 ἀπό

1997 2881 2217 2937 Deinde
2257 2883 2314 2936 et
2342 2880 2523 2936 aliam
2577 2879 2805 2936 inducit
2842 2879 3400 2949 considerationem,
3441 2894 3573 2952 quae

203 2971 386 3020 τούτου
418 2968 690 3038 μάλιστα.

1924 2972 2001 3028 ab
2031 2971 2145 3027 hoc
2175 2971 2434 3026 maxime
2461 2969 2786 3034 abstrahat,
2819 2970 3022 3026 dicens
3061 2992 3071 3022 :

273 3057 291 3072 ⁷
323 3065 465 3110 Οπου
510 3087 592 3098 —
640 3058 669 3114 ἡ
720 3052 917 3128 καρδία
963 3057 1126 3124 ὑμῶν.
1179 3053 1412 3131 Καρδίαν
1452 3053 1692 3120 ἐνταῦθα,
1723 3059 1810 3109 τὸν
1851 3070 1891 3126 C

1995 3063 2157 3118 Vers.
2204 3062 2293 3114 2t.
2340 3059 2540 3115 Ubi—
2577 3074 2681 3115 cor
2704 3064 2979 3115 vestrum.
3027 3061 3139 3115 Cor
3175 3058 3236 3114 in
3286 3059 3402 3115 hoc
3441 3057 3571 3114 loco

202 3154 316 3198 νοῦν
366 3146 590 3199 ἐκάλεσε
633 3165 644 3178 ·
677 3145 811 3216 λέγει
870 3142 946 3210 δὲ,
1011 3147 1090 3197 ὅτι
1141 3148 1242 3202 Καὶ
1297 3151 1339 3198 εὶ
1396 3143 1560 3219 μηδὲν
1617 3149 1810 3198 τούτων

1923 3153 2180 3205 mentem
2213 3148 2488 3219 appellat.
2523 3147 2667 3202 Dicit
2702 3152 2921 3213 autem,
2952 3147 3117 3220 quod
3156 3147 3234 3218 (ν)
3267 3147 3380 3202 Etsi
3424 3145 3568 3202 nihil

206 3240 431 3306 γίνηται,
473 3238 707 3304 πάντως,
765 3236 891 3286 ὅπου
936 3235 1078 3286 εστὶν
1135 3237 1160 3286 ό
1207 3237 1468 3308 θησαυρὸς
1507 3237 1668 3308 ὑμῶν,
1710 3234 1812 3287 ἐκεῖ

1919 3239 2137 3295 horum
2159 3237 2348 3302 fuerit,
2374 3239 2620 3293 omnino
2646 3242 2844 3292 tamen
2875 3237 2978 3292 ubi
3010 3240 3096 3292 est
3135 3237 3448 3292 thesaurus
3473 3251 3567 3291 ve-

213 3324 356 3376 ὃσται
399 3331 487 3378 xui
517 3327 548 3376 ὁ
585 3331 702 3385 νοῦς
756 3324 920 3395 ὑμῶν,
983 3328 1083 3376 Καὶ
1130 3324 1188 3376 ού
1235 3327 1399 3398 μικρὰ
1434 3333 1585 3377 τοῦτο
1637 3323 1806 3397 βλάϐη

1919 3333 2056 3395 ster,
2071 3327 2149 3382 ibi
2170 3326 2338 3382 eritet
2357 3341 2523 3381 mens
2543 3330 2755 3381 vestra.
2776 3329 2974 3397 Neque
2987 3340 3237 3396 parvum
3277 3324 3338 3379 id
3357 3323 3567 3380 animae

212 3421 297 3473 τῆς
323 3414 524 3485 ψυχῆς,
565 3416 627 3464 τὸ
667 3412 1045 3487 προσῆλῶσθαι
1073 3417 1158 3465 τόν
1188 3421 1304 3465 νοῦν
1339 3414 1503 3474 αὐτῆς
1562 3412 1681 3478 ἐκεῖ,
1723 3432 1810 3484 με·

1917 3417 2346 3473 documentum
2393 3419 2500 3484 est,
2533 3419 2793 3470 mentem
2832 3413 3102 3469 videlicet
3145 3428 3318 3469 suam
3349 3412 3434 3467 ibi
3473 3427 3569 3468 ca-

217 3511 463 3575 ριμνῶντα
510 3500 699 3556 διόλου
755 3506 873 3575 περὶ
928 3509 1023 3563 τῆς
1082 3510 1173 3553 τοῦ
1232 3504 1499 3575 θησαυροῦ
1554 3502 1806 3574 φυλακῆς,

1917 3510 2076 3578 ptam
2107 3521 2258 3570 esse,
2288 3508 2343 3560 et
2377 3505 2532 3560 circa
2559 3504 2820 3560 thesauri
2852 3502 3180 3559 custodiam
3209 3500 3568 3558 multimoda

218 3597 300 3645 xui
340 3601 397 3664 τῇ
437 3595 661 3664 τοιαύτη
720 3587 992 3663 τυραννίδι
1037 3588 1574 3664 καταδεδουλωμένον,
1619 3595 1804 3662 καὶμὴ

1916 3611 2058 3650 cura
2087 3595 2377 3663 distringi,
2411 3593 2631 3665 talique
2684 3592 3015 3663 subjectam
3059 3607 3191 3646 esse
3238 3589 3560 3662 tyrannidi,

220 3681 474 3752 τολμῶντα
503 3679 792 3754 μεταϐῆναι
821 3683 951 3755 πρὸς
982 3680 1154 3754 ἑτέραν
1177 3683 1387 3732 ἔννοιαν·

1915 3699 2110 3755 neque
2141 3683 2360 3739 audere
2392 3682 2471 3737 ad
2495 3682 2679 3738 aliam
2707 3680 2957 3737 transire
2987 3679 3429 3750 cogitationem.

289 3769 345 3820 Ὀ
399 3769 592 3841 λύχνος
656 3800 716 3809 -
765 3772 1022 3820 σκοτεινὸν
1075 3772 1246 3824 ἕσται.
1313 3772 1524 3841 Λύχνος
1569 3767 1731 3835 ὶστὶν,
1780 3769 1806 3820 ὁ

1987 3773 2154 3827 Vers.
2181 3776 2268 3826 22.
2302 3772 2572 3825 Lucerna
2601 3800 2668 3809 —-
2708 3771 2868 3825 Vers.
2904 3773 2991 3824 23.
3032 3768 3399 3824 tenebrosum
3428 3767 3562 3825 erit.

229 3863 452 3930 φωστὴρ·
503 3858 669 3910 Εἰπὼν
719 3854 778 3909 δὲ
837 3861 954 3930 περὶ
1004 3865 1097 3919 τῆς
1161 3857 1372 3929 ἀγενοῦς
1435 3854 1669 3916 δουλείας
1715 3862 1806 3908 τοῦ

1912 3861 2176 3916 Lucerna
2192 3863 2280 3915 est
2297 3859 2618 3914 luminare.
2639 3858 2970 3928 Postquam
2988 3871 3126 3926 ergo
3148 3855 3293 3910 dixit
3311 3855 3386 3910 de
3412 3854 3565 3910 indi-

227 3952 332 4013 νοῦ,
384 3947 431 4006 ὃς
477 3945 616 3998 ἐστιν
671 3946 932 4018 ὀφθαλμὸς
968 3955 1060 4006 τῆς
1111 3946 1312 4018 ψυχῆς,
1365 3945 1607 4019 βούλεται
1638 3942 1806 4008 δεῖξαι

1914 3965 2034 4020 gna
2062 3949 2339 4004 servitute
2371 3945 2603 4011 mentis,
2639 3959 2774 4017 quas
2803 3943 3016 4000 oculus
3057 3947 3145 3998 est
3176 3941 3410 4011 animae,
3434 3941 3563 3996 vult

230 4040 574 4110 φανερώτερον,
613 4037 691 4086 ότι
748 4038 778 4093 ἠ
834 4037 1048 4092 τοιαύτη
1105 4032 1313 4088 δουλεία
1363 4043 1454 4088 τοῦ
1511 4043 1620 4103 νοῦ,
1664 4034 1800 4106 λύμη

1912 4037 2323 4094 demonstrare
2360 4033 2726 4088 manifestius
2754 4031 2915 4103 quod
2962 4029 3300 4100 hujusmodi
3351 4029 3559 4085 mentis

228 4130 314 4183 τῆς
364 4123 540 4194 ψυχῆς
610 4123 767 4176 ἐστιν.
849 4122 1115 4196 Λαμϐάνει
1179 4121 1238 4177 δὲ
1295 4121 1653 4198 παράδειγμα,
1717 4127 1802 4175 τὸν

1913 4125 2162 4182 servitus
2191 4123 2370 4195 pestis
2400 4123 2473 4179 sit
2501 4122 2738 4178 animae.
2779 4119 2973 4175 Sumit
2993 4123 3192 4175 autem
3219 4118 3558 4190 exemplum

226 4209 468 4283 ὀφθαλμὸν
497 4220 589 4265 τοῦ
640 4218 900 4284 σώματος,
941 4217 1030 4264 καὶ
1082 4211 1181 4265 ἀπὸ
1239 4215 1420 4266 τούτου
1478 4211 1677 4266 δίδωσι
1714 4217 1803 4264 καὶ

1911 4215 1990 4271 ab
2014 4214 2189 4270 oculo
2216 4227 2523 4285 corporeo,
2548 4227 2584 4268 a
2603 4225 2745 4283 quo,
2777 4213 2832 4266 et
2856 4224 2992 4280 quae
3016 4207 3175 4263 illius
3203 4211 3360 4272 sunt,
3386 4207 3559 4263 nobis

222 4301 282 4350 τά
309 4302 489 4353 ἐκείνου
510 4307 660 4354 νοεῖν.

1911 4305 2015 4360 dat
2033 4303 2377 4372 intelligere.

284 4394 679 4464 Παρατηρητὲον
729 4386 788 4440 δὲ
835 4396 942 4458 νῦν,
988 4391 1069 4441 ὅτι
1129 4390 1318 4443 ἁπλοῦν
1371 4394 1458 4463 μὲν
1501 4390 1656 4462 λέγει,
1716 4393 1799 4441 τὸν
1833 4419 1876 4473 D

1982 4392 2434 4448 Observandum
2457 4393 2656 4447 autem
2686 4387 2803 4452 hic,
2835 4386 2998 4459 quod
3032 4384 3276 4457 simplex
3299 4384 3561 4456 appellat

213 4478 348 4548 ὑγιᾶ·
401 4482 626 4554 πονηρὸν
686 4475 764 4542 δὲ,
821 4482 904 4529 τόν
962 4484 1188 4554 νοσερόν.
1233 4485 1368 4537 Φησὶ
1409 4477 1486 4546 δὲ,
1551 4481 1630 4531 ὅτι
1683 4478 1797 4531 Ἐὰν

1909 4481 1968 4537 id
1998 4480 2164 4553 quod
2191 4495 2403 4535 sanum
2435 4484 2522 4534 est
2555 4495 2569 4544 ;
2602 4476 2829 4533 malum
2855 4491 2996 4531 vero
3053 4473 3214 4546 quod
3244 4477 3552 4543 aegrotum.

208 4569 340 4638 μένό
380 4567 644 4640 ὀφθαλμός
675 4586 770 4619 σου
802 4568 952 4638 ὑγιὴς
1003 4573 1101 4640 εἴη,
1151 4570 1260 4622 ὅλον
1288 4573 1344 4621 τὸ
1388 4571 1539 4641 σῶμά
1593 4588 1686 4621 σου
1713 4587 1798 4620 πε·-

1911 4570 2058 4626 Dicit
2087 4585 2228 4639 ergo
2262 4586 2274 4624 :
2307 4569 2363 4625 Si
2391 4567 2599 4624 oculus
2618 4571 2748 4622 tuus
2779 4580 2958 4620 sanus
2983 4563 3175 4628 fuerit,
3209 4566 3398 4617 totum
3431 4576 3557 4617 cor-

209 4661 522 4728 φωττσμένον
601 4659 765 4719 ἔσται,
846 4661 1188 4733 φωτιζόμενον
1262 4662 1360 4712 ὑπὸ
1426 4665 1515 4711 τοῦ
1607 4658 1795 4710 οἰκείου

1907 4674 2020 4730 pus
2047 4662 2215 4714 tuum
2239 4656 2642 4712 illuminatum
2667 4653 2793 4718 erit,
2825 4667 2860 4708 a
2892 4650 3133 4723 proprio
3163 4648 3432 4705 videlicet
3461 4646 3553 4703 lu-

275 4834 321 4869 ²⁰
343 4833 556 4892 Matth.
590 4849 643 4903 ν,
676 4839 729 4890 7.
806 4833 850 4870 ²¹
880 4832 1032 4891 ibid.
1073 4833 1160 4890 25.
1195 4835 1241 4870 ”
1272 4832 1398 4889 ibid
1422 4831 1512 4887 40.

1406 5005 1632 5075 Varias
1672 5004 1998 5073 lectiones
2040 5013 2105 5072 et
2148 5013 2347 5074 notae.

306 5205 390 5276 t7)
429 5206 546 5276 θέλῃ
589 5205 653 5263 Β.
834 5275 843 5276 ί
970 5275 977 5276 ί
1245 5271 1264 5276 _
1390 5274 1397 5276 Α
1788 5275 1791 5276 ν
1909 5203 2051 5258 Nam
2102 5201 2231 5258 haec
2276 5199 2523 5273 quidem
2575 5197 2701 5258 sine
2729 5197 2852 5258 ullo
2903 5195 3090 5257 dubio
3131 5192 3555 5268 conjungenda

306 5205 390 5276 t7)
429 5206 546 5264 θέλη
589 5205 653 5263 Β.
1909 5204 2051 5258 Nam

281 5204 390 5348 £18)
429 5265 582 5334 Male
620 5278 770 5334 inter
823 5275 1064 5349 ἀσφαλῶς
1108 5271 1330 5349 etaim
1387 5274 1800 5349 interseruerat
1908 5276 2066 5330 sunt.

223 5342 530 5404 Hentenius
564 5342 914 5421 superioraj
934 5363 1064 5420 quae
1089 5347 1135 5401 A
1182 5345 1245 5402 in
1296 5346 1566 5418 margine
1594 5343 1795 5402 habet.

297 5521 368 5594 (q)
400 5525 731 5601 Ostendam,
751 5534 759 5542 '
783 5541 846 5601 se
877 5540 998 5601 non
1050 5530 1175 5582 tam
1215 5523 1451 5601 illorum
1482 5529 1798 5601 quam__t_ua
1905 5538 2017 5601 que
2038 5522 2328 5601 ditribuas
2352 5521 2574 5601 egenis:
2673 5521 2697 5601 ι’
2862 5590 2878 5601 .
2904 5589 2943 5601 υ
2971 5589 3006 5601 Π

230 5585 394 5648 causa
419 5597 538 5670 haec
563 5585 928 5670 praecepisse,
960 5598 1038 5653 ita
1067 5596 1411 5670 ut,_e_tiamsi
1441 5585 1638 5651 nullus
1664 5595 1798 5651 illo-
1922 5585 1938 5596 ’
1979 5595 2057 5667 (r)
2077 5594 2175 5650 Hic
2204 5585 2420 5651 rursus
2440 5595 2520 5647 ὅτι
2543 5593 2758 5651 frustra
2776 5589 3034 5648 reddidit
3054 5585 3230 5660 quod.

228 5675 355 5720 rum
370 5668 643 5728 molestus
657 5668 1029 5740 sit,tutameu
1049 5668 1283 5725 divitias
1304 5673 1654 5725 contemnas
1675 5683 1796 5725 cas-
