4206 6310
548 321 655 380 247
1566 362 1575 372 .
1871 311 2220 369 EUTHYMII
2269 310 2603 370 ZIGABENI
3812 313 3932 370 2‘3

551 444 988 507 minariilucem
1008 442 1248 502 habens
1275 459 1289 508 ;
1323 442 1589 499 siautem
1621 440 1830 496 oculus
1863 443 2000 496 tuus
2027 454 2208 510 aegro-

2317 443 2656 510 φωταγωγοῦο
2683 435 2768 488 ἐάν
2801 433 2860 489 δὲ
2896 438 2921 490 6
2952 436 3208 511 ὀφθαλμός
3241 458 3334 492 σου
3366 443 3580 514 νοσερός
3609 445 3830 509 εἴη,ὄλον
3863 452 3932 500 τὸ

550 542 646 593 tus
665 535 854 606 fuerit,
881 538 1069 590 totum
1091 548 1310 604 corpus
1331 536 1492 588 tuum
1525 530 1902 586 tenebrosum
1925 531 2050 596 erit,
2084 545 2205 586 non

2321 529 2472 599 σῶμά
2506 545 2598 578 σου
2615 524 2978 598 ἐσκοτισμένον
2993 529 3240 599 ἐσται,μὴ
3263 530 3606 602 φωτιζόμενον
3624 533 3708 584 ὑπ’
3731 535 3925 589 αὑτοῦ.

548 625 782 682 habens
831 623 909 679 ab
961 623 1090 695 ipso
1122 621 1337 677 lucem.
1384 621 1469 676 Ita
1516 618 1695 689 igitur
1737 623 1793 674 et
1833 634 2023 683 mens,
2073 635 2208 690 quae

2319 616 2477 669 Οὔπω
2503 620 2674 668 τοίνυν
2706 621 2795 667 καὶ
2823 617 2847 666 6
2880 615 3136 688 ὀφθαλμὸς
3171 625 3265 679 τῆς
3293 617 3448 689 φυχῆ
3462 640 3499 688 ς,
3553 621 3579 671 6
3611 628 3746 690 νοῦς,
3797 620 3933 675 δου-

550 713 761 770 oculus
782 718 870 769 est
893 711 1132 775 animos,
1157 709 1375 766 defossi
1393 707 1651 764 thesauri
1674 707 2058 762 sollicitudini
2093 723 2211 762 ser-

2316 703 2471 756 λεύων
2510 712 2571 776 τῇ
2608 701 2848 778 φροντίδι
2877 713 2968 756 τοῦ
2999 712 3456 779 κατορωρυγμένου
3482 710 3598 780 (19)
3624 712 3927 786 θησαυροῦ,

552 803 746 868 viens,
771 805 996 871 aegrota
1027 804 1114 855 est
1143 815 1155 864 ;
1192 799 1327 870 ipsa
1343 797 1501 853 enim
1534 796 1864 851 sollicitudo
1893 796 2208 852 inﬁrmitas

2317 798 2522 866 νοσερός
2565 792 2678 845 ἐστι
2713 811 2723 822 ·
2753 798 2902 855 νόσος
2927 796 3028 869 γὰρ
3069 797 3098 854 ἡ
3149 798 3366 856 τοιαύτη
3400 802 3606 873 φροντίς
3639 816 3651 830 ⁸
3680 805 3769 854 καὶ
3810 801 3930 854 λοε-

553 897 664 957 est,
693 897 750 948 et
777 890 912 946 ideo
949 889 1271 944 obscurata
1307 889 1395 942 est
1425 886 1651 942 anima.

1382 889 1395 940 t
1425 886 1651 942 anima.
2319 886 2435 947 πόν,
2468 882 2778 936 ἐσκότισται
2802 885 2832 941 ἡ
2866 883 3043 954 ψυχή.

626 981 794 1037 Vers.
827 983 915 1035 23.
937 979 1006 1035 Si
1027 992 1158 1048 ergo
1179 1007 1248 1016 —
1269 980 1508 1047 quantae
1531 975 1558 1030 ?
1583 975 1641 1030 Si
1659 989 1801 1044 ergo
1826 973 2028 1030 lumen
2049 975 2211 1046 quod

2391 972 2451 1026 Εἰ
2479 971 2564 1024 οὖν
2596 1002 2664 1013 -
2702 976 2886 1027 πόσον.
2931 975 2990 1025 Εἰ
3019 969 3106 1025 οὖν
3131 976 3188 1025 τό
3221 982 3325 1046 φῶς
3356 978 3414 1027 τό
3444 974 3492 1027 ἐν
3525 981 3627 1047 σοὶ,
3665 979 3691 1030 ὃ
3720 978 3864 1032 ἐστιν
3901 983 3929 1034 ὁ

553 1070 617 1126 in
649 1074 701 1126 te
731 1072 840 1132 est,
871 1068 984 1122 hoc
1015 1072 1124 1129 est,
1161 1079 1351 1129 mens,
1402 1080 1538 1136 quia
1568 1062 1650 1118 ad
1675 1064 1790 1118 hoc
1847 1063 1990 1120 data
2018 1069 2122 1129 est,
2152 1067 2214 1120 ut

2319 1068 2453 1127 νοῦς,
2494 1063 2519 1113 6
2552 1057 2810 1134 δωρηθεὶς
2833 1061 2899 1122 εἰς
2925 1067 2984 1114 τὸ
3010 1063 3249 1134 φωτίζειν
3261 1069 3348 1116 καὶ
3367 1061 3576 1137 ὁδηγεῖν
3599 1071 3692 1127 τὴν
3711 1068 3926 1141 ψυχήν,

559 1158 826 1215 animam
853 1155 1205 1210 illuminaret
1236 1170 1305 1210 ac
1346 1156 1594 1223 regeret,
1626 1152 1878 1208 tenebrae
1914 1157 2072 1217 sunt,
2104 1153 2216 1208 hoc

2326 1155 2502 1211 σκότος
2532 1151 2668 1217 ἐστὶ,
2695 1155 2982 1218 τουτέστιν,
3016 1151 3338 1218 ἐσκότισται,
3366 1153 3542 1207 λοιπὸν
3599 1159 3658 1208 τὸ
3715 1163 3927 1227 σκότος,

561 1251 668 1313 est,
715 1244 1107 1302 obtenebrata
1158 1248 1267 1308 est,
1301 1242 1580 1308 tenebras
1649 1257 1788 1312 quae
1840 1241 1919 1297 ab
1959 1241 2217 1298 affectio-

2323 1243 2382 1292 τό
2445 1238 2544 1292 ἀπὸ
2610 1248 2707 1292 τῶν
2751 1243 2950 1304 παθῶν,
3010 1245 3172 1294 πόσον
3229 1245 3396 1314 ἔσται,
3468 1245 3536 1305 εἰς
3570 1248 3627 1297 τὸ
3664 1249 3929 1308 σκοτίζειν

557 1336 738 1392 nibus
754 1334 1098 1406 procedunt,
1115 1337 1357 1404 quantaa
1372 1335 1510 1386 sunt
1522 1329 1599 1386 ad
1613 1332 1879 1385 animam
1895 1330 2218 1386 obscuran-

2324 1333 2418 1388 τὴν
2447 1328 2654 1400 ψυχὴν,
2722 1332 3084 1392 σκοτισθέντος
3115 1330 3206 1384 τοῦ
3259 1332 3610 1395 ἀνατέλλοντος
3650 1336 3762 1408 (20)
3800 1338 3932 1391 αὐτὸ

561 1425 726 1492 dam,
754 1424 882 1496 ipso
912 1422 1138 1479 lumine
1169 1420 1334 1493 quod
1357 1419 1437 1475 illi
1464 1419 1762 1475 oriebatur
1779 1418 2169 1476 obtenebrato
2190 1420 2217 1474 ?
2328 1422 2499 1490 φωτός
2540 1435 2554 1485 ;

631 1513 796 1570 Vers.
853 1515 939 1567 24.
972 1513 1154 1567 Nemo
1205 1512 1641 1566 —contemnet.
1694 1507 1882 1563 Aliam
1937 1514 2220 1580 praeterea

2399 1503 2592 1567 Οὐδεὶς
2649 1538 2717 1547 -
2765 1513 3172 1582 καταφρονήσει.
3240 1510 3352 1563 Ἐτι
3395 1516 3485 1564 καὶ
3538 1513 3704 1586 ἕτερον
3748 1513 3934 1588 ἐπάγει

566 1600 1102 1660 considerationem
1149 1597 1392 1655 adducit
1418 1595 1981 1660 formidabiliorem,
2019 1602 2077 1654 ut
2109 1597 2222 1653 for-

2328 1596 2580 1668 λογισμόν
2640 1595 3001 1672 φοϐερώτερον,
3079 1599 3146 1659 εἰς
3207 1599 3553 1674 ἰσχυροτέραν
3623 1601 3937 1678 ἀπότροπὴν

561 1690 720 1747 tibus
737 1689 816 1746 ab
839 1705 1040 1746 amore
1075 1686 1484 1760 temporalium
1519 1701 1716 1741 rerum
1737 1691 2095 1751 avertamur,
2129 1703 2220 1743 os-

2327 1693 2420 1746 τῆς
2472 1685 2916 1757 φιλοχρηματίας,
2981 1684 3246 1758 δεικνύων,
3299 1690 3380 1740 ὅτι
3428 1690 3560 1749 αὕτη
3597 1697 3686 1744 καί
3720 1701 3812 1754 τῆς
3841 1703 3938 1747 τοῦ

563 1779 813 1836 tendens
845 1778 1008 1834 hunc
1029 1778 1132 1833 Dei
1164 1775 1456 1849 expellere
1505 1774 1862 1841 servitutem,
1913 1780 1968 1830 et
1993 1774 2051 1830 in
2079 1775 2222 1830 divi-

2276 1797 2300 1850 3
2335 1781 2468 1826 Θεοῦ
2519 1770 2754 1834 δουλείας
2785 1778 2918 1847 ἡμᾶς
2969 1773 3219 1843 ἐκϐάλλει,
3281 1782 3369 1830 καὶ
3407 1786 3480 1848 τῷ
3517 1779 3720 1852 πλούτῳ
3767 1803 3937 1835 κατα-

561 1869 780 1925 tiarum
809 1867 1091 1923 reducere
1129 1865 1493 1921 servitutem.
1529 1861 1886 1933 Simpliciter
1916 1869 2128 1928 autem,
2169 1867 2222 1919 et

2335 1858 2532 1916 δουλοῖ.
2581 1862 2776 1924 Ἀπλῶς
2805 1860 2884 1929 δὲ,
2938 1869 3026 1916 καὶ
3057 1863 3353 1938 ἂνωνύμως,
3410 1863 3506 1920 δύο
3559 1874 3766 1942 κυρίους
3797 1871 3941 1944 λέγει

565 1956 797 2028 absque
837 1956 1080 2012 nomine
1135 1953 1398 2026 primum
1437 1951 1590 2008 duos
1647 1951 1786 2006 dicit
1831 1951 2116 2015 dominos,
2167 1958 2226 2006 ut

2334 1959 2559 2025 πρῶτον,
2617 1953 2700 2004 ἵνα
2751 1951 2881 2025 λάϐῃ
2936 1954 3414 2026 συνομολογοῦντας
3440 1961 3561 2019 τοὺς
3588 1956 3852 2031 ἀκροατὰς
3871 1972 3939 2036 τῇ

568 2043 868 2102 auditores
917 2043 1058 2100 dicti
1101 2042 1410 2099 veritatem
1462 2044 1632 2110 cogat
1670 2039 1958 2095 conﬁteri.
2011 2040 2226 2096 Deinde

2337 2039 2550 2112 ἀληθείᾳ
2598 2048 2691 2093 τοῦ
2745 2040 3021 2104 λεχθέντος
3052 2059 3065 2073 ⁸
3111 2042 3222 2095 εἶτα
3285 2046 3497 2103 τίθησιν
3537 2046 3788 2120 ὀνομαστὶ
3846 2058 3941 2106 καὶ

567 2132 925 2190 nominatim
951 2131 1080 2189 illos
1109 2131 1296 2204 ponit,
1318 2131 1392 2186 de
1417 2129 1640 2202 quibus
1662 2134 1789 2184 erat
1818 2143 2036 2184 sermo.
2068 2128 2227 2185 Duos

2335 2129 2545 2196 αὐτοὺς,
2604 2134 2722 2202 περὶ
2775 2130 2843 2180 ὧν
2889 2133 2914 2182 ὁ
2953 2131 3097 2203 λόγος
3162 2147 3174 2158 ·
3231 2129 3328 2185 δύο
3377 2129 3436 2186 δὲ
3487 2141 3702 2210 κυρίους
3751 2146 3935 2210 φησὶν,

567 2236 709 2278 vero
733 2221 1012 2278 dominos
1055 2221 1213 2286 dicit,
1243 2217 1543 2276 contraria
1563 2217 1863 2289 jubentes.
1889 2217 2227 2274 Adhaerebit

2338 2217 2540 2270 ἐναντία
2623 2221 3008 2280 ἐπιτάττοντας.
3106 2221 3377 2285 Ανθέξεται
3457 2219 3536 2290 δὲ,
3623 2223 3736 2278 ἀντὶ
3818 2239 3928 2299 τοῦ,

577 2314 798 2376 autem,
836 2310 951 2366 hoc
981 2316 1089 2377 est,
1122 2308 1374 2366 Parebit.

1006 2316 1089 2377 est,
1122 2308 1374 2366 Parebit.
2335 2306 2667 2360 ’Υπακούσευ

640 2400 799 2455 Vers.
838 2401 922 2456 24.
951 2399 1086 2455 Non
1124 2429 1194 2441 -
1249 2411 1608 2453 mammonae.
1666 2398 1812 2452 Ecce
1871 2395 2226 2452 nominatim

2412 2396 2487 2448 Οῦ
2517 2427 2586 2438 —
2616 2403 2856 2468 μαμωνᾶ.
2886 2395 3026 2450 Ἰδοὺ
3047 2401 3137 2450 καὶ
3159 2399 3409 2471 ὀνομαστὶ
3423 2403 3542 2461 τούς
3558 2400 3807 2476 ῥηθέντας
3837 2404 3933 2460 δύο

570 2502 814 2561 quoque
828 2486 982 2544 duos
1009 2487 1326 2560 praedictos
1355 2486 1634 2542 dominos
1672 2485 2022 2542 manifestat.
2052 2488 2230 2542 Mam-

2340 2490 2553 2559 κυρίους
2585 2483 2838 2544 ἐδήλωσε.
2887 2492 3146 2558 Μαμωνᾶς
3167 2484 3226 2540 δὲ
3245 2489 3366 2561 παρ’
3396 2488 3677 2559 Ἑϐραίοις,
3711 2494 3738 2544 6
3776 2493 3936 2546 πλοῦ-

571 2587 758 2634 mona
786 2583 986 2634 autem
1028 2576 1105 2633 ab
1157 2575 1416 2631 Hebreeis
1462 2574 1681 2630 divitiae
1729 2574 2028 2642 dicuntur,
2077 2590 2225 2646 quas

2336 2593 2441 2641 τος,
2475 2575 2526 2626 ὃν
2575 2579 2664 2626 καὶ
2715 2576 2894 2648 κύριον
2932 2580 3349 2648 προσηγόρευσε,
3396 2574 3487 2629 διὰ
3541 2582 3634 2637 τὴν
3666 2578 3940 2634 ἀσθένειαν

573 2664 748 2721 etiam
773 2665 1088 2722 dominum
1115 2663 1456 2736 appellavit,
1496 2668 1736 2734 propter
1763 2662 2227 2718 imbecillitatem

2336 2671 2435 2715 τῶν
2466 2663 2555 2715 ὑπ’
2584 2663 2745 2716 αὐτοῦ
2790 2668 3180 2740 κυριευομένων.
3231 2667 3296 2720 Τί
3350 2664 3436 2718 οὖν
3463 2685 3476 2734 ;
3517 2667 3620 2738 οὐχ
3651 2669 3676 2718 6
3700 2667 3940 2741 Ἃϐραὰμ

576 2750 815 2808 illorum
847 2753 949 2826 qui
977 2767 1184 2808 earum
1217 2750 1507 2806 sustinent
1547 2749 1902 2805 dominium.
1939 2750 2086 2814 Quid
2126 2750 2228 2819 igi-

2335 2751 2586 2813 πλούσιος
2611 2748 2670 2810 ἦν
2703 2771 2716 2820 ;
2759 2752 2862 2823 οὐχ
2893 2755 2917 2804 6
2943 2752 3060 2806 Ἰὼϐ
3089 2759 3179 2806 καὶ
3211 2757 3258 2806 οἱ
3317 2756 3430 2807 κατ’
3483 2754 3699 2818 ἐκείνους
3731 2800 3743 2823 ,
3775 2763 3886 2809 Ναί
3919 2775 3931 2786 ·

575 2843 690 2906 tur,
722 2857 917 2898 nonne
965 2839 1265 2896 Abraham
1317 2838 1484 2893 dives
1513 2843 1637 2894 erat
1666 2839 1692 2894 ?
1723 2853 1920 2894 nonne
1944 2837 2072 2904 Job,
2108 2837 2229 2894 alii-

2335 2840 2576 2893 πλούσιοι
2604 2844 2694 2912 μὲν
2731 2838 2885 2907 ἦσαν,
2921 2841 3026 2893 ἀλλ’
3049 2843 3107 2894 ού
3139 2851 3209 2913 τῷ
3243 2843 3446 2916 πλούτῳ
3474 2841 3730 2898 ἐδούλευον
3769 2862 3782 2873 ·
3818 2844 3929 2895 ἀλλ’

576 2947 693 3004 que
725 2929 946 2985 similes
979 2929 1006 2984 ?
1040 2927 1252 3000 Utique
1277 2926 1493 2982 divites
1524 2926 1768 2999 quidem
1801 2932 1989 2990 erant,
2026 2931 2085 2983 at
2108 2943 2230 2983 non

2337 2930 2598 3003 ἐκυρίευον
2645 2929 2792 2982 αὐτοὶ
2848 2934 3054 2997 τούτου,
3095 2936 3184 2984 καὶ
3220 2932 3287 2993 εἰς
3330 2937 3441 2994 τοὺς
3475 2931 3745 3007 δεομένους
3774 2934 3929 2986 αὐτὸν

577 3018 937 3082 serviebant,
967 3016 1072 3072 sed
1101 3015 1573 3072 dominabantur
1602 3015 1833 3079 divitiis,
1891 3020 1946 3072 et
1971 3015 2137 3087 ipsas
2169 3015 2230 3070 in
2341 3017 2640 3077 ἀνήλισκον.

578 3123 797 3180 egenos
825 3104 1230 3163 insumebant.
2270 3153 2309 3207 Ο

647 3197 781 3253 Νοη
827 3194 1067 3264 potestis
1113 3195 1232 3251 Deo
1295 3193 1513 3250 servire
1563 3201 1614 3250 et
1671 3207 2029 3263 mammonae,
2088 3192 2231 3264 quia
2271 3189 2308 3207 υ

2282 3189 2309 3207 ⁵⁸
2412 3193 2487 3246 Ού
2519 3189 2747 3246 δύνασθε
2795 3191 2855 3247 δὲ
2907 3202 3021 3265 Θεῷ
3063 3193 3324 3248 δουλεύειν
3350 3201 3440 3250 καὶ
3464 3203 3705 3270 μαμωνᾶ’
3741 3194 3885 3251 διότι
3916 3201 3943 3251 6

580 3287 734 3342 Deus
766 3299 886 3340 non
918 3284 1096 3340 modo
1130 3282 1300 3356 jubet
1331 3282 1409 3339 ab
1440 3281 1646 3339 alienis
1686 3281 1999 3346 abstinere,
2042 3281 2146 3337 sed
2177 3285 2234 3337 et

2341 3285 2430 3355 μὲν
2445 3285 2575 3344 Θεὸς
2597 3283 2875 3352 ἐπιτάττει,
2903 3289 2974 3357 μὴ
3007 3289 3160 3356 μόνον
3186 3285 3480 3357 ἀπέχεσθαι
3510 3296 3609 3338 τῶν
3639 3286 3942 3362 ἀλλοτρίων,

577 3373 820 3448 propria
835 3373 1085 3444 elargiri.
1127 3374 1468 3429 Mammona
1498 3387 1637 3427 vero
1673 3371 2036 3426 contrarium
2070 3387 2082 3426 :
2111 3385 2231 3426 non

2342 3371 2470 3424 ἀλλά
2498 3376 2587 3424 καὶ
2616 3381 2714 3425 τῶν
2750 3372 2949 3426 οἰκείων
2999 3371 3364 3446 μεταδιδόναι,
3395 3377 3420 3427 6
3453 3373 3512 3428 δέ
3550 3383 3796 3448 μαμωνᾶς
3820 3379 3943 3430 τοῦ·

577 3462 758 3519 modo
797 3460 1068 3516 videlicet
1105 3460 1350 3534 propria
1378 3474 1502 3515 non
1561 3457 1818 3526 elargiri,
1868 3458 1973 3513 sed
2005 3473 2114 3514 nec
2155 3459 2233 3514 ab

2341 3464 2564 3527 ναντίον,
2598 3465 2668 3533 μὴ
2712 3467 2865 3533 μόνον
2914 3467 2984 3533 μὴ
3022 3460 3382 3535 μετοδιδόναι,
3417 3472 3516 3516 τῶν
3551 3471 3780 3531 σικείων,
3814 3465 3945 3519 ἀλλὰ

579 3549 785 3605 alienis
829 3547 1125 3604 abstinere
1177 3553 1232 3603 et
1282 3545 1377 3601 ille
1415 3546 1705 3600 Dominus
1750 3550 2015 3600 ventrem
2063 3545 2236 3617 jubet

2344 3546 2483 3620 μηδὲ
2511 3558 2612 3602 τῶν
2644 3548 2918 3626 ἀλλοτρίων
2941 3550 3233 3624 ἀπέχεσθαι
3266 3567 3278 3578 ·
3318 3557 3407 3605 καὶ
3429 3554 3454 3604 6
3466 3556 3557 3625 μὶν
3587 3554 3702 3625 (21)
3733 3563 3943 3629 κρατεῖν

578 3635 902 3706 astringere
925 3653 940 3705 ;
965 3635 1074 3692 iste
1094 3650 1230 3690 vero
1251 3634 1427 3690 ventri
1450 3632 1756 3703 indulgere
1777 3650 1790 3700 ;
1811 3633 1906 3689 illc
1927 3635 2232 3690 continen-

2343 3641 2594 3713 γαστρὸς,
2628 3641 2653 3690 ό
2681 3635 2740 3691 δέ
2779 3638 2970 3711 ἐφιέναι
2997 3642 3197 3713 γαστρί
3229 3658 3240 3670 ·
3283 3646 3373 3694 καὶ
3412 3643 3438 3694 6
3475 3645 3565 3714 μὲν
3594 3641 3889 3719 σωφρονεῖν,
3916 3647 3943 3697 6

577 3729 696 3781 tem
723 3739 874 3788 esse,
906 3721 1006 3779 hic
1037 3726 1232 3780 autem
1256 3722 1538 3788 scortari,
1558 3721 1794 3794 aliaque
1815 3723 2050 3779 similia.

1513 3763 1538 3788 ,λ
1558 3721 1794 3794 aliaque
1815 3723 2050 3779 similia.
2346 3725 2406 3780 δὲ
2439 3730 2700 3800 πορνεύειν
2729 3733 2817 3780 καὶ
2847 3730 2914 3780 τὰ
2940 3736 3174 3782 τοιαῦτα.

648 3813 810 3870 Vers.
856 3816 942 3868 25.
995 3812 1306 3884 Propterea
1361 3842 1430 3853 —
1487 3811 1850 3868 induamini.
1909 3811 2234 3884 Postquam

2417 3819 2524 3870 Λιὰ
2571 3847 2639 3856 -
2697 3813 3014 3875 ἐνδύσησθε.
3083 3818 3421 3880 ’Δποστήσας
3472 3827 3565 3872 τοῦ
3609 3822 3951 3895 θησαυρίζειν

574 3901 775 3959 locum
807 3901 1063 3960 absolvit
1115 3904 1183 3957 de
1214 3917 1337 3958 non
1379 3901 1761 3958 recondenda
1795 3916 1978 3972 super
2015 3905 2235 3957 terram

2345 3903 2430 3956 ἐπὶ
2455 3911 2545 3964 τῆς
2573 3912 2640 3975 γῆ
2654 3926 2694 3974 ς,
2725 3909 2811 3957 καὶ
2837 3911 3020 3968 πείσας
3060 3903 3319 3979 διανέμειν
3351 3911 3415 3960 τὰ
3452 3913 3736 3981 πρυσόντα,
3790 3906 3825 3962 δ
3831 3908 3951 3963 ιὸοί-

575 3991 870 4056 thesauro,
903 3995 959 4044 et
987 4006 1059 4046 ea
1099 4007 1236 4062 quas
1292 3994 1633 4060 supersunt,
1696 3990 2063 4060 pauperibus
2120 3989 2236 4044 dis-

2349 4011 2463 4046 σκει
2486 3992 2684 4060 λοιπόν,
2713 3991 2851 4065 μηδὲ
2878 3999 2995 4066 περὶ
3025 4005 3117 4057 τῆς
3139 3997 3428 4068 ἀναγκαίας
3457 4002 3640 4071 χρείας
3669 4005 3948 4072 μεριμνᾷν,

575 4079 829 4136 tribuere
869 4079 1070 4142 suasit,
1109 4077 1276 4132 docet
1309 4077 1590 4147 deinceps
1622 4077 1696 4132 de
1753 4078 2091 4132 necessario
2121 4094 2236 4133 usu

2348 4085 2485 4139 Φησὶ
2527 4084 2628 4154 γάρ
2658 4099 2670 4111 ⁸
2705 4087 2790 4141 Μὴ
2848 4090 3126 4158 μεριμνᾶτε
3154 4092 3215 4157 τῇ
3258 4084 3412 4157 ψυχῇ
3467 4086 3627 4156 ὑμῶν,
3679 4090 3948 4158 τουτέστι,

578 4181 702 4222 non
754 4180 883 4222 esse
926 4163 1262 4219 sollicitum.
1307 4164 1400 4219 Ait
1450 4163 1648 4219 enim:
1697 4165 1787 4220 Ne
1837 4165 1963 4220 sitis
1999 4165 2239 4221 solliciti

2348 4173 2432 4227 Μὴ
2489 4177 2765 4241 μεριμνᾶτε
2815 4168 2909 4224 διὰ
2971 4177 3064 4230 τὴν
3121 4173 3307 4244 ψυχὴν
3360 4176 3524 4246 ἡμῶν,
3585 4179 3635 4227 τί
3680 4179 3881 4247 φάγητε
3916 4180 3947 4236 ἦ

580 4253 797 4311 anima:
839 4258 1062 4320 vestrae,
1094 4251 1155 4307 id
1203 4256 1310 4317 est,
1361 4256 1601 4322 propter
1657 4252 1921 4308 animam
1969 4258 2236 4321 vestram,

2348 4264 2399 4306 τί
2456 4261 2626 4314 πίητε.
2676 4259 2734 4312 Εἰ
2779 4263 2880 4333 γὰρ
2936 4266 3026 4312 καὶ
3085 4263 3114 4320 ἠ
3179 4261 3334 4334 ψυχὴ
3406 4263 3521 4316 οὗτε
3586 4263 3765 4331 ἐσθίει,
3832 4266 3953 4319 οὔτε

580 4339 933 4413 quidedatis,
958 4339 1210 4412 autquid
1226 4339 1451 4397 bibatis.
1469 4341 1825 4412 Quanquam
1850 4342 2012 4398 enim
2037 4343 2241 4400 anima

2347 4348 2482 4397 πίνει
2517 4362 2528 4373 ·
2564 4344 2669 4398 ἀλλ’
2720 4345 2805 4400 οὖν
2838 4346 2931 4402 διὰ
2978 4354 3066 4408 τὴν
3107 4350 3294 4422 ψυχὴν
3330 4351 3570 4405 ἐσθίουσι
3590 4356 3679 4405 καὶ
3709 4358 3950 4407 πίνουσιν

581 4444 776 4499 neque
807 4428 966 4494 edat,
1005 4443 1200 4501 neque
1230 4427 1418 4498 bibat,
1449 4434 1693 4500 propter
1741 4430 2004 4486 animam
2037 4435 2239 4488 tamen

2290 4500 2312 4515 ‘
2350 4433 2398 4485 οἰ
2450 4435 2733 4508 ἄνθρωποι,
2791 4443 2862 4510 μὴ
2931 4435 3226 4511 δυναμνην
3292 4439 3502 4493 ἐνοικεῖν
3549 4447 3757 4514 σώματι
3821 4448 3951 4515 μήτε

583 4516 767 4573 edunt
793 4533 859 4573 ac
903 4500 1118 4574 bibunt
1155 4517 1429 4573 homines
1478 4533 1608 4588 quae
1659 4534 1877 4590 corpus
1905 4520 2241 4577 inhabitare

2278 4500 2316 4553 Β
2350 4527 2635 4596 τρεφομένῳ
2656 4531 2788 4596 μήτε
2812 4530 3032 4594 πίνοντι,
3079 4532 3269 4601 μέχρις
3319 4530 3381 4582 οἶν
3433 4529 3523 4581 καὶ
3567 4539 3718 4584 τοῦτο
3745 4530 3939 4606 ἀφθαρ-

583 4620 705 4663 non
719 4610 928 4677 potest,
947 4606 1113 4678 quod
1133 4621 1252 4663 non
1266 4607 1541 4671 comedit,
1558 4607 1798 4673 etbibit,
1828 4607 2016 4666 donec
2042 4609 2242 4680 ipsum
2350 4613 2579 4671 τισθείη.

586 4709 828 4768 quoque
853 4710 1072 4767 corpus
1103 4695 1545 4766 incorruptibile
1576 4696 1886 4753 reddatur.

656 4782 786 4840 Alio
807 4798 1049 4857 quoque
1080 4784 1262 4842 modo
1290 4783 1352 4840 id
1377 4785 1569 4856 aptari
1593 4787 1663 4857 (s)
1694 4789 1904 4858 potest,
1933 4787 2242 4858 quodcum

2422 4788 2568 4862 [Καὶ
2622 4789 2731 4862 (22)
2775 4792 2892 4846 καθ’
2946 4794 3113 4868 ἕτερον
3163 4791 3436 4868 δὲτρόπον
3477 4794 3831 4869 ἐρμηνευτέον,
3872 4815 3951 4850 οτι

586 4870 860 4930 homines
889 4871 1188 4930 interdum
1213 4872 1276 4929 in
1307 4873 1512 4930 anima
1532 4873 1691 4931 anxii
1715 4873 1853 4941 sint,
1881 4873 2244 4947 quandoque

2353 4876 2466 4930 ἐπεὶ
2521 4883 2642 4932 ποτέ
2684 4882 2773 4952 μὲν
2824 4879 2871 4933 ἐν
2920 4889 2982 4955 τῇ
3034 4882 3187 4955 ψυχῇ
3229 4892 3546 4956 μεριμνῶσιν
3594 4887 3642 4938 οἱ
3680 4888 3949 4960 ἔνθρωποι,

1821 5078 2044 5148 Variae
2068 5079 2402 5148 lectiones
2447 5091 2510 5148 et
2548 5090 2725 5150 notae

665 5290 1212 5433 ({9g’xarwpuypivou
1249 5302 1312 5349 A.
1808 5375 1817 5386 '
2359 5303 2533 5362 detur
2561 5303 2771 5376 legisse
2795 5282 3106 5380 interpres.

668 5363 757 5432 (20
788 5364 1178 5427 αναστελλοντος
1218 5371 1284 5422 Α.
1319 5367 1484 5424 Male.
1536 5369 1646 5426 Pro
1698 5370 1822 5426 αύτο
1880 5376 2078 5429 autem
2122 5387 2251 5428 cor-
2429 5375 2541 5433 (‘21)
2582 5375 2682 5427 ἀπὸ
2713 5386 2884 5430 κοινοῦ
2914 5384 2970 5432 τὸ
3001 5382 3106 5432 ἑπιτ

628 5434 639 5445 .
668 5363 1178 5445 (20)ᾁναστὶλλέοντος
1319 5367 1484 5445 Male.
1536 5369 1662 5445 Pro_
1698 5370 1822 5426 αύτό
1880 5376 2078 5429 autem
2122 5387 2251 5445 cor-

1615 5386 1662 5445 o_
1698 5370 1822 5426 αύτό
1880 5376 2078 5429 autem
2122 5387 2251 5445 cor-
2429 5375 2541 5444 (‘21)
2582 5363 2682 5427 ὰῖτό
2713 5363 2973 5432 “sese;
2994 5363 3276 5436 ἐπιτάττει.

595 5434 910 5504 rigendum
939 5434 1174 5492 videtur
1203 5437 1356 5511 αὐτῇ,
1399 5440 1435 5495 i.
1469 5456 1522 5501 e.
1545 5450 1607 5514 τῇ
1634 5441 1787 5516 ψυχῇ
1821 5447 2013 5516 Atque
2047 5445 2127 5501 ita
2155 5444 2245 5499 vi-
2428 5434 2540 5519 ('22)
2586 5447 2817 5505 Inclusa
2857 5451 2916 5506 in
2960 5453 3228 5524 margine
3261 5434 3461 5509 habet.
3494 5453 3564 5508 A.

672 5611 746 5689 (s)
770 5611 1007 5682 Aptari.
1036 5613 1342 5690 Explicari.
