4206 6310
309 353 419 409 249

1273 351 1634 408 ΟΟΜΝΕΝΤ.
1686 351 1757 406 ΙΝ
1808 348 2252 406 MATTH/EUM.
2296 379 2361 391 —
2404 348 2559 406 CAP.
2600 348 2696 404 VI.

3564 348 3670 404 950

312 483 394 532 ὅτε
422 480 555 530 κατὰ
582 482 698 529 νοῦν
742 480 892 547 μόνον
938 477 1292 550 φροντίζουσι,
1323 480 1447 530 ποτε
1498 474 1556 530 δὲ
1604 477 1654 529 ἐν
1684 485 1755 547 τῷ
1791 482 1900 529 σώ-

2034 480 2206 532 Lutem
2240 475 2365 531 sola
2396 478 2592 530 mente
2624 473 2851 531 solliciti
2908 474 3000 547 (t),
3038 476 3400 547 quandoque
3442 490 3579 532 vero
3612 476 3673 531 in

312 588 457 641 ματι,
494 568 576 619 ὅτε
629 571 994 618 κατατείνουσι
1043 567 1157 635 (23)
1206 574 1358 618 τοῦτο
1403 570 1530 640 πρὸς
1580 574 1765 623 κτῆσιν
1813 573 1901 617 τοῦ

315 652 742 727 σπουδαζομένων
778 698 791 721 ,
839 660 928 707 καὶ
984 659 1171 715 ταύτης
1219 654 1459 716 κάκείνης
1508 664 1597 715 τῆς
1654 660 1904 728 μερίμνης

313 744 524 815 ἀπάγων
554 744 744 805 αύτούς
778 746 802 795 6
829 747 1037 817 Κύριος,
1064 741 1167 795 εἷπε
1202 761 1213 773 ⁸
1250 749 1331 801 Μὴ
1360 751 1656 817 μεριμνᾶτε,
1682 750 1805 815 μήτε
1841 752 1899 815 τῇ

307 833 461 905 ψυχῇ
511 834 672 903 ὑμῶν,
741 839 870 905 μήτε
920 842 991 904 τῷ
1046 839 1269 905 σώματι,
1327 837 1439 905 περὶ
1499 831 1763 905 βρώσεως,
1817 837 1906 884 καὶ

308 925 526 983 πόσεως,
556 927 644 973 καὶ
676 918 975 993 ἐνδύματος.
1004 922 1025 995 ]

377 1010 527 1081 Ούχὶ
558 1042 626 1050 -
657 1007 940 1083 ἐνδύματος
974 1030 986 1080 ;
1018 1016 1181 1063 Τοῦτο
1239 1009 1345 1063 εἶπε
1399 1007 1590 1081 δηλῶν,
1646 1012 1726 1063 ὅτι
1777 1012 1802 1062 6
1849 1014 1908 1063 τὸ

300 1097 479 1150 πλεῖον
513 1095 639 1159 δούς
673 1102 818 1172 ἡμῖν,
849 1104 937 1152 xui
968 1102 1027 1151 τὸ
1067 1099 1271 1152 ἔλαττον
1320 1095 1502 1153 δώσει.
1532 1099 1708 1153 Πλεῖον
1740 1096 1817 1164 δὲ,
1851 1102 1908 1151 τὸ

306 1188 485 1259 μεῖξον
515 1187 665 1260 λέγει.

386 1366 700 1438 Ἐμϐλέψατε
746 1398 815 1408 --
861 1367 1013 1420 αύτά.
1068 1374 1178 1421 Ἵνα
1224 1372 1295 1440 μή
1348 1387 1421 1428 τις
1478 1370 1615 1441 εἴπῃ,
1678 1370 1757 1420 ὅτι
1813 1373 1911 1422 Καὶ

312 1464 427 1518 πῶς
474 1459 578 1529 ἄρα
624 1458 915 1529 ζησόμεθα,
948 1464 1019 1529 μὴ
1066 1466 1405 1531 μεριμνῶντες
1442 1462 1559 1531 περὶ
1606 1467 1703 1509 τῶν
1752 1458 1909 1529 ἀναγ-

311 1550 473 1597 καίων
510 1562 522 1611 ;
554 1545 661 1597 λύει
692 1552 784 1604 τὴν
816 1550 1061 1603 τοιαύτην
1098 1545 1357 1598 ἀντίθεσιν
1396 1545 1495 1598 ἀπὸ
1523 1554 1613 1598 τοῦ
1655 1545 1914 1621 παραδεί-

315 1654 519 1705 γματος
558 1644 656 1686 τῶν
699 1644 939 1688 πετεινῶν
976 1633 1011 1686 ἆ
1039 1640 1109 1707 μὴ
1148 1644 1472 1707 μεριμνῶντα
1512 1640 1680 1709 τρέφει
1710 1637 1734 1687 6
1767 1641 1907 1696 Θεὸς.

319 1725 605 1795 Δυνάμενος
650 1721 707 1776 δε
753 1723 806 1786 ἐξ
850 1723 1129 1796 ἀνθρώπων
1189 1723 1404 1795 ἐνεγκεῖν
1450 1729 1508 1775 τὸ
1559 1722 1911 1797 παράδειγμα,

2011 580 2253 635 corpore
2286 582 2300 618 :
2332 563 2655 635 aliquando
2682 568 2733 618 et
2762 564 2845 635 (ιι)
2874 564 2950 619 ad
2972 567 3405 636 possessiones,
3434 580 3584 635 quas
3613 564 3674 619 in

2014 655 2217 709 animo
2258 654 2501 716 habent,
2536 654 2647 707 hoc
2679 654 3002 708 extendunt
3035 671 3046 707 :
3097 660 3150 709 et
3183 654 3258 710 ab
3316 655 3449 719 hac,
3508 660 3563 708 et
3593 653 3671 708 ab

2014 734 2115 796 illa
2140 756 2298 807 cura,
2346 741 2636 796 Dominus
2693 740 2825 796 illos
2876 741 3255 807 abstrahens,
3312 742 3462 797 dixit
3518 758 3528 796 :
3589 743 3674 797 Νε

2015 832 2189 887 anxii
2216 832 2361 895 sitis,
2396 845 2588 901 neque
2636 829 2695 885 in
2737 830 2940 886 anima
2980 836 3196 894 vestra,
3229 847 3422 902 neque
3450 832 3510 887 in
3543 847 3673 887 cor-

2014 936 2177 993 pore,
2214 919 2286 974 de
2313 918 2447 974 cibo
2478 924 2530 973 et
2563 925 2726 989 potu,
2772 934 2842 973 ac
2874 920 3240 975 vestimento.

2087 1008 2249 1064 Vers.
2281 1008 2368 1062 25.
2402 1008 2613 1064 Nonne
2635 1038 2704 1047 —-
2734 1009 3141 1063 vestimentum
3168 1008 3194 1061 ?
3224 1008 3342 1063 Hoc
3376 1007 3526 1063 dixit
3553 1023 3675 1064 ma—

2018 1098 2335 1161 nifestans,
2378 1096 2545 1169 quod
2598 1097 2646 1152 is
2698 1096 2818 1167 qui,
2861 1097 3021 1168 quod
3073 1096 3333 1167 amplius
3372 1101 3477 1163 est,
3528 1112 3676 1167 pras-

2020 1192 2132 1245 stat
2178 1187 2370 1251 nobis,
2408 1188 2610 1258 utique
2650 1192 2705 1242 et
2756 1187 2921 1258 quod
2974 1186 3176 1242 minus
3223 1190 3315 1241 est
3364 1186 3673 1257 prestabit,

2018 1276 2160 1331 Plus
2186 1281 2385 1331 autem
2415 1274 2578 1339 dixit,
2604 1274 2717 1329 hoc
2748 1278 2850 1339 est,
2881 1273 3213 1344 pretiosius.

2090 1366 2251 1419 Vers.
2297 1365 2384 1417 26.
2417 1363 2675 1432 Aspicite
2707 1393 2768 1402 —-
2801 1362 2924 1418 illa.
2977 1364 3057 1416 Ne
3098 1362 3231 1433 quis
3262 1361 3420 1417 dicat
3453 1378 3465 1417 :
3511 1364 3669 1427 Quo-

2021 1452 2200 1508 modo
2224 1462 2422 1508 autem
2445 1453 2735 1515 vivemus,
2760 1452 2834 1506 de
2859 1451 3038 1506 rebus
3071 1452 3418 1507 necessariis
3444 1467 3558 1507 non
3580 1468 3679 1508 cu-

2019 1546 2212 1598 rantes
2235 1540 2824 1611 ?Solvithujusmodi
2849 1540 3245 1609 objectionem
3286 1540 3364 1595 ab
3404 1540 3679 1611 exemplo

2022 1630 2244 1694 avium,
2280 1646 2424 1701 quas
2455 1645 2592 1685 cum
2640 1628 2784 1684 nihil
2818 1628 3082 1685 sollicitae
3106 1629 3241 1693 sint,
3275 1630 3468 1700 pascit
3500 1631 3675 1684 Deus.

2024 1720 2223 1775 Posset
2254 1723 2451 1774 autem
2477 1722 2532 1772 et
2560 1717 2637 1774 ab
2665 1717 3011 1773 hominibus
3042 1720 3387 1789 exemplum
3422 1732 3676 1783 sumere,

322 1816 414 1863 xui
465 1812 621 1863 εἰπεῖν
670 1816 756 1865 τὸν
810 1812 1004 1879 Ἠλίαν,
1057 1817 1145 1864 καὶ
1201 1816 1285 1864 τὸν
1336 1813 1594 1880 Ἰωάννην,
1652 1818 1740 1864 καὶ
1800 1817 1914 1874 τοὺς

2034 1813 2079 1863 at
2127 1808 2342 1873 dicere,
2384 1808 2543 1879 quod
2578 1806 2732 1863 Elias
2777 1812 2830 1861 et
2861 1805 3146 1872 Joannes,
3180 1806 3401 1877 aliique
3432 1806 3678 1873 similes,

320 1901 438 1951 κατ’
470 1901 678 1966 αὐτούς,
721 1903 832 1954 ὅσοι
862 1899 1027 1973 μηδὲν
1074 1908 1303 1953 τοιοῦτον
1343 1900 1687 1976 ἐμερίμνησαν
1722 1920 1732 1930 ·
1767 1909 1915 1953 τοῦτο

319 1991 409 2060 μεν
441 1990 536 2040 ούκ
561 1988 817 2056 ἐποίησεν,
866 1990 965 2043 ἀπὸ
996 1999 1094 2042 τῶν
1139 2000 1378 2043 πετεινῶν
1427 1987 1485 2043 δὲ
1528 1990 1715 2063 μᾶλλον
1765 1990 1912 2042 ἐπεσ-

318 2082 502 2150 τόμισε
533 2082 623 2135 τὴν
651 2079 918 2153 εἰρημένην
966 2078 1244 2141 ἀντίθεσιν,
1279 2079 1729 2153 ἐντρεπτικωτερον
1757 2081 1915 2131 καθα·

317 2166 565 2237 ψάμενος,
600 2172 688 2219 xui
721 2168 964 2243 περιελὼν
995 2174 1168 2219 πᾶσαν
1197 2172 1472 2241 πρόφασιν.

393 2260 493 2307 Καὶ
538 2258 639 2328 ’γὰρ
705 2261 797 2308 καὶ
843 2258 871 2313 ἡ
932 2256 1128 2308 παλαιὰ
1180 2262 1378 2330 Γραφὴ,
1436 2255 1724 2328 βουλομένη
1790 2275 1918 2327 σφο-

314 2340 563 2416 δρότερον
605 2346 923 2397 καθικέσθαι
968 2354 1068 2396 τῶν
1101 2344 1403 2419 ἀνθρώπων,
1446 2348 1575 2418 πρὸς
1628 2349 1713 2401 τὴν
1743 2343 1916 2415 μέλισ-

316 2451 414 2484 σαν
474 2432 667 2495 αύτοὺς
730 2437 938 2505 πέμπει,
1009 2438 1096 2485 καὶ
1162 2437 1293 2506 πρὸς
1352 2437 1439 2485 τὸν
1504 2436 1773 2506 μύρμηκα,
1829 2437 1918 2484 καὶ

317 2524 445 2593 πρὸς
498 2520 629 2573 οὖλα
682 2521 810 2581 ζῶα.
865 2524 941 2573 Tu
996 2527 1085 2593 μὲν
1134 2519 1220 2573 οὖν
1264 2524 1489 2587 πετεινὰ,
1539 2525 1919 2593 μείναντα,ὡς

322 2608 376 2671 ἐξ
422 2608 599 2683 ἀρχῆς
657 2608 904 2681 ἐγένοντο,
961 2610 1241 2682 εὐποροῦσι
1292 2617 1381 2662 καὶ
1432 2620 1525 2671 τῆς
1576 2612 1709 2662 κατὰ
1763 2613 1917 2681 φύσιν

318 2704 551 2769 τροφῆς·
598 2699 623 2749 6
657 2694 715 2750 δὲ
759 2700 1023 2771 ἄνθρωπος
1058 2744 1070 2767 ,
1121 2700 1390 2769 ἐκτραπεὶς
1446 2698 1737 2773 ἐστέρηται.
1779 2698 1916 2756 Πλὴν

319 2787 447 2858 οἱπερ
481 2788 510 2843 ἡ
548 2785 649 2839 ἀπὸ
682 2787 794 2858 (24)
842 2795 933 2839 τοῦ
964 2794 1097 2839 Θεοῦ
1145 2786 1483 2861 ἀλλοτρίωσις
1518 2787 1706 2859 ἀφεῖλε,
1752 2796 1919 2839 ταῦτα

313 2874 471 2926 πάλιν
512 2877 541 2933 ἡ
584 2879 715 2947 πρὸς
766 2875 921 2927 αὑτὸν
957 2876 1213 2937 οἰκείωσις
1246 2872 1569 2929 ἀποδίδωσι.
1619 2878 1714 2929 Διά
1765 2884 1915 2929 τοῦτο

312 2964 607 3037 προσέταξε
639 3008 653 3031 ,
684 2968 755 3036 μὴ
790 2971 1036 3037 μεριμνᾴν
1068 2970 1183 3036 περὶ
1228 2968 1417 3016 τούτων
1452 3009 1467 3033 ,
1519 2964 1644 3016 ἀλλὰ
1678 2970 1792 3038 περὶ
1824 2972 1915 3018 τοῦ

317 3052 653 3111 οἱκειωθῆναι
684 3060 818 3122 Θεῷ.

390 3140 515 3213 Ούχ
544 3171 613 3181 —-
666 3141 832 3193 αὐτῶν
868 3159 881 3207 ;

311 3238 416 3282 τῶν
488 3239 725 3282 πετεινῶν
788 3230 946 3302 ἐστε,
1006 3236 1106 3283 Καὶ
1163 3231 1206 3282 εἰ
1262 3233 1326 3283 τὰ
1403 3236 1619 3304 χείρονα
1673 3235 1836 3304 τρέφει
1891 3232 1916 3281 6

317 3323 448 3381 Θεὸς
483 3362 496 3384 ,
548 3318 717 3389 πολλῷ
772 3319 959 3390 μᾶλλον
1016 3324 1136 3382 τοὺς
1186 3326 1491 3393 κρείττονας,
1544 3319 1603 3371 ⁸0
1645 3322 1746 3392 γὰρ
1802 3316 1915 3371 δια-

315 3408 522 3468 πλασας
576 3411 698 3480 ἡμῖν
761 3417 933 3481 σῶμα,
985 3407 1220 3480 δεόμενον
1273 3418 1484 3483 τροφῆς,
1543 3409 1750 3482 παρέξει
1796 3410 1918 3461 ποίν-

315 3516 417 3558 τως
448 3502 535 3548 καὶ
583 3500 676 3553 τὴν
728 3502 920 3568 τροφὴν
963 3498 1143 3550 αὐτοῦ.
1178 3502 1239 3549 Τί
1269 3494 1353 3549 οὖν
1386 3515 1399 3563 ;
1432 3498 1489 3549 ού
1523 3494 1607 3549 δεῖ
1637 3502 1861 3572 σπείρειν
1901 3516 1915 3565 ;

318 3586 434 3637 Ούκ
484 3583 608 3649 εἶπε,
661 3590 745 3643 Μὴ
808 3591 1060 3659 σπείρετε,
1117 3585 1261 3652 ἀλλὰ,
1317 3591 1401 3643 Μὴ
1458 3592 1748 3659 μεριμνᾶτε.
1809 3589 1918 3642 Τῶν

314 3673 520 3726 τελείων
566 3678 655 3745 ‘us'v
683 3677 805 3747 γὰρ,
863 3678 921 3726 τὸ
972 3671 1111 3747 μηδὲ
1149 3680 1395 3746 σπείρειν,
1450 3674 1554 3726 ἀλλ’
1605 3674 1920 3746 ἐργάζεσθαι

321 3768 486 3834 μόνην
536 3768 628 3821 τὴν
676 3763 878 3835 βρῶσιν
909 3768 1002 3821 τὴν
1052 3768 1121 3835 μὴ
1156 3762 1527 3835 ἀπολλυμένην,
1567 3763 1696 3834 λέγω
1728 3760 1794 3821 δὴ
1836 3766 1921 3825 τὰς

326 3849 534 3923 ἀρετὰς,
589 3854 653 3913 ὡς
706 3854 754 3904 οἱ
804 3851 1107 3921 ἀπόστολοι,
1160 3857 1246 3904 καὶ
1319 3854 1366 3903 οἱ
1423 3852 1779 3923 μιμησάμενοι
1833 3853 1919 3903 τὸν

330 3939 453 4012 βίον
502 3939 682 4010 αὐτῶν,
734 3946 822 3993 xui
874 3946 1045 4004 ζητεῖν
1078 3940 1177 3993 ἀπὸ
1218 3948 1307 3993 τοῦ
1337 3942 1449 4010 (25)
1491 3948 1622 3993 Θεοῦ
1667 3945 1759 3998 τὴν
1802 3959 1922 4013 τρο-

328 4033 429 4100 φήν
472 4046 484 4057 ·
519 4032 613 4081 Τὸν
642 4031 795 4103 ἄρτον
845 4033 967 4104 γὰρ,
1019 4036 1169 4102 φησὶ,
1216 4033 1302 4083 τὸν
1339 4028 1602 4081 ἐπιούσιον
1658 4025 1750 4088 δὸς
1797 4029 1922 4100 ἡμῖν

327 4123 554 4191 σήμερον
589 4140 600 4150 ·
634 4127 732 4170 τῶν
781 4124 953 4191 μέσων
1003 4118 1078 4183 δε,
1131 4122 1189 4170 τὸ
1238 4124 1464 4190 σπείρειν
1509 4121 1619 4185 μὲν,
1652 4122 1723 4189 μὴ
1771 4136 1923 4192 φρον-

320 4210 485 4269 τίζειν
519 4203 595 4273 δὲ,
630 4216 738 4269 πῶς
769 4207 827 4259 ἂν
859 4211 995 4280 φύσῃ
1031 4212 1088 4259 τὸ
1132 4212 1359 4280 σπέρμα,
1412 4212 1501 4259 xui
1532 4207 1643 4279 (9.6)
1684 4210 1921 4259 κατατεί-

318 4315 423 4349 νειν
452 4295 666 4356 ἑαυτοὺς
702 4297 849 4357 ὅλους
894 4297 963 4358 εἰς
993 4300 1084 4358 τὰς
1127 4299 1370 4358 τοιαύτας
1410 4301 1681 4370 μερίμνας,
1724 4298 1786 4355 ὡς
1833 4292 1926 4347 διὰ

317 4389 517 4446 ταύτας
549 4384 748 4457 ἀμελεῖν
778 4394 871 4447 τῆς
914 4385 1120 4457 ψυχῆς.
1166 4388 1260 4437 Διά
1288 4392 1439 4436 τοῦτο
1483 4389 1651 4436 τοίνυν
1689 4388 1744 4435 τὸ
1780 4389 1924 4436 σπεί-

2024 1896 2167 1952 nihil
2220 1896 2331 1951 tale
2380 1896 2687 1950 curabant.
2731 1894 2946 1949 Verum
2998 1894 3057 1948 id
3098 1910 3218 1949 non
3258 1894 3413 1959 fecit,
3465 1895 3569 1951 sed
3604 1895 3681 1950 ab

2025 1985 2232 2042 avibus
2277 1982 2475 2054 potius
2508 1983 2729 2037 dictam
2782 1983 3058 2053 repressit
3095 1982 3515 2052 objectionem,
3556 1999 3683 2037 om-

2024 2089 2163 2128 nem
2187 2076 2534 2144 praatextum
2560 2088 2571 2125 :
2600 2071 2811 2141 majori
2831 2071 3176 2127 confusione
3200 2086 3456 2141 arguens
3485 2087 3554 2127 ac
3580 2070 3685 2127 tol-

2028 2161 2174 2218 lens.

2096 2252 2245 2305 Nam
2295 2253 2351 2305 et
2396 2251 2566 2305 vetus
2611 2247 2936 2320 Scriptura,
2988 2247 3193 2304 volens
3231 2247 3506 2305 homines
3557 2263 3681 2304 am-

2026 2340 2182 2412 plius
2206 2354 2333 2394 sese
2354 2338 2608 2411 dejicere
2624 2338 2701 2408 (υ)
2722 2337 2798 2391 ad
2816 2352 2993 2408 apem
3011 2353 3080 2391 ac
3094 2336 3425 2402 formicam,
3444 2340 3681 2394 caetera-

2025 2444 2141 2501 que
2172 2427 2504 2483 animantia
2536 2426 2725 2482 mittit.
2760 2427 2911 2481 Aves
2942 2441 3080 2496 ergo
3107 2425 3319 2481 eodem
3352 2429 3527 2491 statu,
3560 2442 3685 2497 quo

2028 2532 2063 2573 a
2094 2514 2658 2588 principiofuerunt,
2694 2518 3135 2585 permanentes,
3166 2513 3295 2569 cibo
3318 2514 3416 2584 qui
3447 2515 3530 2570 eis
3554 2515 3681 2585 jux-

2027 2610 2085 2662 ta
2140 2609 2423 2660 naturam
2472 2604 2767 2669 convenit,
2816 2602 2996 2659 etiam
3059 2603 3371 2659 abundant
3435 2623 3447 2659 :
3499 2604 3682 2660 homo

2026 2708 2166 2750 vero
2214 2709 2250 2748 a
2297 2693 2415 2748 Deo
2458 2707 2729 2755 aversus,
2797 2707 2867 2747 eo
2910 2692 3199 2763 privatur.
3260 2693 3682 2748 Verumtamen

2025 2798 2160 2853 quas
2190 2780 2435 2837 abstulit
2474 2780 2759 2837 alienatio
2800 2796 2833 2836 a
2872 2780 3014 2850 Deo,
3044 2780 3171 2835 haec
3209 2796 3448 2835 rursum
3488 2781 3688 2837 reddit

2024 2871 2299 2927 reversio.
2326 2870 2502 2925 Jubet
2532 2869 2732 2941 itaque
2765 2884 2838 2924 ne
2858 2868 3074 2925 horum
3099 2884 3305 2925 curam
3337 2869 3683 2936 habeamus,

2031 2960 2136 3016 sed
2167 2960 2245 3016 ad
2275 2961 2460 3015 Deum
2486 2958 2773 3031 peculiari
2800 2957 2981 3014 modo
3020 2964 3406 3014 revertamur.

2099 3050 2263 3105 Vers.
2290 3050 2498 3106 Nonne
2526 3080 2594 3088 —
2630 3048 2737 3104 illa
2762 3049 2789 3102 φ
2828 3051 3033 3104 Nonne
3065 3064 3171 3103 vos
3202 3048 3378 3117 longe
3408 3047 3683 3104 meliores

932 3142 1052 3212 Ούχ
1101 3143 1245 3214 ὑμεῖς
1292 3146 1557 3214 κρείττους
1607 3144 1741 3194 κατά
1788 3141 1915 3195 πολὺ

2034 3137 2162 3194 estis
2190 3137 2401 3193 avibus
2429 3137 2456 3191 ‘P
2491 3138 2711 3204 Quodsi
2740 3136 2951 3193 viliora
2988 3136 3089 3192 alit
3118 3138 3295 3202 Deus,
3330 3138 3517 3193 multo
3561 3153 3689 3195 ma-

2028 3227 2118 3297 gis
2153 3242 2253 3282 eos
2281 3226 2385 3297 qui
2415 3226 2688 3281 meliores
2721 3230 2874 3281 sunt.
2928 3226 3039 3291 Qui
3069 3226 3228 3280 enim
3276 3241 3497 3297 corpus
3550 3226 3687 3283 cibo

2024 3315 2301 3384 indigens
2332 3313 2499 3370 vobis
2538 3313 2782 3385 aptavit,
2829 3313 3010 3384 ipsius
3063 3329 3301 3385 quoque
3334 3314 3683 3374 alimentum

2027 3403 2262 3459 omnino
2280 3401 2577 3474 prebebit.
2595 3401 2745 3468 Quid
2763 3400 3143 3472 ergo?neque
3157 3402 3449 3459 seminare
3462 3402 3686 3460 licitum

2027 3492 2134 3549 erit
2164 3493 2192 3549 7
2223 3494 2347 3547 Non
2375 3491 2539 3557 dixit,
2574 3494 2654 3547 Ne
2683 3490 3005 3556 seminetis,
3040 3491 3163 3557 sed,
3207 3492 3297 3547 Ne
3323 3491 3562 3547 solliciti
3596 3494 3671 3548 si-

2030 3582 2117 3639 tis.
2162 3579 2555 3636 Perfectorum
2604 3580 2898 3652 siquidem
2932 3583 3021 3635 est
3066 3595 3191 3636 non
3230 3580 3545 3647 seminare,
3588 3583 3692 3639 sed

2029 3670 2264 3742 operari
2294 3669 2497 3737 cibum,
2533 3669 2639 3741 qui
2679 3684 2798 3725 non
2832 3668 2979 3741 perit
3015 3686 3027 3724 :
3060 3669 3195 3725 dico
3244 3685 3387 3725 sane
3419 3670 3689 3737 virtutes,

2030 3759 2175 3814 sicut
2204 3758 2473 3829 apostoli,
2508 3758 2845 3828 horumque
2878 3758 3061 3813 vitam
3098 3758 3422 3821 imitantes,
3474 3773 3544 3814 ac
3594 3775 3693 3830 pe-

2030 3852 2151 3903 tere
2176 3862 2212 3903 a
2244 3847 2361 3901 Deo
2389 3845 2758 3901 alimentum.
2790 3848 3028 3907 Panem,
3054 3846 3269 3917 inquit,
3296 3852 3566 3902 nostrum
3596 3863 3696 3903 su-

2026 3934 2573 4007 persubstanlialem
2594 3935 2669 3989 da
2686 3934 2844 3989 nobis
2868 3934 3034 3989 hodie
3050 3936 3120 3991 ".
3145 3934 3531 3991 Mediocrium
3551 3952 3691 3992 vero

2031 4030 2117 4080 est
2139 4024 2432 4079 seminare
2456 4022 2720 4094 quidem,
2755 4028 2814 4077 at
2836 4037 2958 4078 non
2984 4023 3194 4078 anxios
3213 4038 3363 4092 esse,
3383 4028 3438 4079 et
3464 4024 3693 4095 seipsos

2033 4119 2184 4175 totos
2216 4115 2275 4169 in
2315 4113 2659 4185 hujusmodi
2692 4128 2870 4169 curas
2901 4113 3176 4184 dejicere,
3211 4118 3280 4169 ut
3311 4114 3389 4169 ob
3428 4114 3539 4171 has
3570 4116 3695 4170 ani-

2035 4224 2147 4264 mae
2169 4222 2375 4263 curam
2400 4206 2725 4278 negligant.
2750 4206 3008 4279 Ideoque
3027 4209 3320 4263 seminare
3347 4223 3538 4280 neque
3565 4223 3695 4279 pro-

2034 4297 2241 4362 hibuit,
2272 4311 2465 4368 neque
2498 4296 2811 4364 concessit,
2844 4296 2947 4351 sed
2983 4296 3041 4351 in
3083 4296 3558 4369 uniuscujusque
3592 4313 3698 4353 vo-

2036 4386 2261 4442 luntate
2290 4385 2430 4441 illud
2459 4385 2938 4457 reliquit.Neque
2969 4385 3125 4441 enim
3164 4386 3227 4441 id
3257 4387 3328 4442 de
3359 4386 3573 4441 avibus
3604 4387 3697 4442 di-

314 4495 427 4549 ρειν
474 4478 591 4526 οὔτε
636 4473 887 4527 ἐκώλυσεν
921 4478 1039 4526 οὔτε
1078 4474 1368 4545 ἐπέτρεψεν,
1406 4473 1515 4525 ἀλλ’
1546 4472 1629 4525 ἐπὶ
1671 4482 1729 4545 τῇ
1774 4472 1916 4524 Exue--

2036 4475 2138 4540 xit,
2166 4480 2229 4529 ut
2258 4474 2548 4529 seminare
2578 4473 2934 4543 prohiberet,
2968 4474 3071 4528 sed
3099 4473 3159 4529 id
3187 4478 3410 4531 tantum
3444 4475 3696 4531 demon-

316 4583 413 4615 του
446 4566 745 4637 προαιρέσει
775 4570 928 4615 τοῦτο
949 4563 1331 4616 καταλέλοιπεν.
1362 4563 1422 4614 Εἰ
1451 4565 1552 4635 γὰρ
1578 4566 1665 4613 καὶ
1686 4566 1802 4636 περὶ
1827 4570 1925 4614 τῶν

2039 4567 2217 4618 strare
2249 4563 2445 4631 voluit,
2474 4562 2639 4634 quod
2670 4563 2799 4619 illas
2832 4564 2986 4618 Deus
3022 4562 3160 4619 alat.

320 4661 568 4705 πετεινῶν
604 4649 761 4721 εἶπεν,
794 4655 873 4705 ὃτι
913 4654 971 4705 ού
1016 4658 1339 4726 σπείρουσιν,
1385 4650 1492 4703 ἀλλ’
1536 4652 1631 4703 οὐκ
1679 4650 1786 4703 εἷπε
1827 4659 2001 4721 τοῦτο,
2032 4651 2241 4704 κωλύων
2280 4655 2339 4705 τὸ
2386 4655 2631 4723 σπείρειν,
2666 4650 2795 4704 ἀλλὰ
2830 4656 2982 4723 μόνον
3024 4647 3193 4713 δεῖξαι
3239 4650 3567 4723 βουλόμενος,
3617 4654 3695 4706 ὅτι

321 4745 348 4795 6
383 4745 519 4802 Θεὸς
542 4746 712 4813 τρέφει
740 4741 891 4796 αὑτά.

394 4868 443 4903 ³³
501 4864 709 4922 Matth.
742 4870 909 4934 v1,ll.

1569 4961 1786 5029 Variae
1815 4960 2145 5028 lectiones
2179 4967 2243 5030 et
2275 4968 2472 5029 notae.

400 5106 517 5177 (23)
540 5105 745 5179 ἀμέτρῳ
767 5105 1039 5177 φιλοπονίᾳ
1062 5105 1189 5179 Non
1216 5104 1365 5176 cepit
1391 5104 1516 5179 vim
1545 5101 1820 5179 vocabuli
1848 5103 1931 5157 in-

329 5175 584 5255 terpres;
617 5175 937 5255 ᾕάτᾳτιίνειν
985 5175 1074 5232 est
1119 5175 1507 5255 idemLIquod
1558 5176 1933 5255 κατατρύχειν,

328 5245 530 5305 nimiis
560 5248 870 5304 laboribus
921 5263 1156 5311 vexare,
1207 5245 1475 5317 afﬂigere
1526 5261 1594 5302 ac
1626 5245 1801 5317 quasi
1831 5261 1934 5301 ex-

329 5320 572 5376 tendere
606 5324 662 5375 et
688 5324 934 5375 atterere
960 5334 1197 5391 corpus.

406 5462 473 5533 (t)
515 5460 876 5533 Quandoque
905 5492 969 5501 --
991 5460 1251 5517 solliciti.
1289 5458 1537 5524 Quando
1580 5456 1708 5515 sola
1737 5461 1935 5514 mente

342 5532 478 5588 sunt
509 5532 762 5588 solliciti.

432 5605 494 5675 u)
522 5604 867 5675 Aliquando
897 5610 969 5659 et.
1005 5603 1282 5668 Quando.

434 5672 491 5747 v)
514 5672 785 5746 Amplius
806 5690 921 5733 sese
932 5675 1199 5747 dejicere.
1212 5672 1420 5731 Acrius
1433 5688 1692 5731 monere.
1711 5673 1792 5730 Ita
1810 5672 1938 5729 Cin-

2114 5103 2225 5174 (24)
2255 5102 2355 5174 ἀπὸ
2388 5107 2513 5155 Θεοῦ
2545 5102 2610 5155 Α.

2115 5173 2230 5243 (25)
2264 5173 2363 5225 ἀπὸ
2400 5180 2531 5226 Θεοῦ
2556 5174 2623 5228 Α.

2089 5241 2222 5332 ,(26)
2278 5244 2481 5301 Malim
2535 5241 2693 5316 μηδέ,
2750 5243 2877 5299 loco
2956 5249 3064 5299 καί.
3134 5245 3267 5313 Aut,
3341 5244 3441 5299 ἀπὸ
3517 5257 3698 5301 κοινοῦ

2046 5335 2105 5367 το
2147 5336 2241 5388 μη.

2043 5471 2254 5533 namus
2295 5457 2446 5533 dixit
2480 5474 2544 5533 _p.
2596 5460 2685 5533 Si,
2728 5459 3070 5533 Πικροτάτοις
3126 5458 3286 5533 αύτοῦ
3319 5461 3580 5533 Δκαθίκετο
3618 5461 3699 5513 λό-

2042 5548 2175 5603 νοις.
2212 5531 2275 5583 Et
2306 5526 2601 5603 [Eschines
2643 5531 2801 5587 Socr.
2830 5526 2934 5586 .111.
2966 5533 3052 5600 15,
3097 5532 3162 5581 τὰ
3194 5526 3455 5603 δυνάμενα
3492 5533 3701 5584 καθικέ-

2046 5602 2171 5653 σθαι
2199 5608 2289 5661 τῆς
2319 5600 2472 5675 ψυχῆ
2486 5623 2523 5663 ς.
