4206 6310
541 349 641 406 251
1851 334 2198 392 EUTHYMII
2250 334 2558 392 ZIGABEN
2566 336 2585 391 Ι
3790 345 3912 400 252

603 475 750 529 Nam
783 470 926 544 quid
947 469 1053 527 tibi
1077 468 1357 543 proderit,
1391 467 1439 524 si
1464 471 1522 523 te
1552 466 1634 522 ita
1664 464 1823 521 curis
1854 462 2139 520 conﬁcias
2164 463 2193 520 ‘t
2225 462 2264 516 Α

2252 471 2272 516 ι
2374 463 2437 518 Τί
2503 469 2628 534 γοῦν
2703 465 3005 538 ὠφελήσεις,
3092 467 3253 530 οὕτως
3324 466 3690 540 ἐπιτεταμένως
3755 489 3913 545 μερι-

533 566 895 636 Quanquam
920 561 1082 618 enim
1113 565 1176 618 tu
1193 559 1405 618 millies
1436 557 1705 614 studium
1732 553 2038 622 adhibeas,
2072 569 2192 610 non

2302 560 2485 624 μνῶν;
2525 553 2638 624 (27)
2690 553 2795 608 Κᾶν
2837 559 2938 629 γὰρ
2986 561 3151 631 μυρία
3211 553 3542 631 σπουδάσης,
3598 558 3657 609 οὐ
3706 555 3911 622 δώσεις

532 652 707 708 dabis
723 657 922 708 tamen
942 651 1206 724 pluviam
1226 654 1326 707 aut
1337 645 1861 717 solem,ﬂatusque
1878 649 2193 700 ventorum

2302 642 2467 711 ὑετὸν,
2522 639 2647 695 οὐδε
2699 644 2861 710 ἣλιον,
2918 641 3041 698 οὐδὲ
3094 648 3255 708 πνοὰς
3310 645 3529 720 ἀνέμων,
3576 648 3649 708 οἷς
3695 649 3720 699 6
3771 654 3907 702 σπό-

528 741 744 813 quibus
783 756 988 796 semen
1026 740 1283 797 fructum
1326 736 1607 810 proferat.
1654 738 1800 791 Nam
1857 734 1981 790 haec
2029 732 2189 789 solus

2300 750 2386 805 ρος
2437 740 2763 806 καρπογονεῖ,
2803 740 2981 787 Ταῦτα
3027 738 3128 808 γὰρ
3183 737 3207 787 6
3256 738 3386 798 Θεὸς
3441 741 3589 809 μόνος
3644 733 3905 794 δίδωσιν.

535 832 686 886 Deus
713 829 932 887 tribuit.
966 832 1051 886 lta
1081 843 1224 899 ergo
1250 831 1306 885 et
1331 827 1406 883 de
1433 832 1598 898 potu,
1635 827 1691 881 et
1719 823 1794 880 de
1820 821 2188 890 indumento,

2303 821 2485 882 Ούτως
2534 819 2622 875 οὖν
2664 827 2754 875 xui
2799 821 2884 876 ἐπὶ
2922 828 3172 897 πόματος,
3213 829 3304 878 καὶ
3335 823 3419 878 ἐπὶ
3464 821 3773 898 ἐνδύματος,
3810 831 3905 880 καὶ

530 919 781 991 aliisque
822 917 1140 974 similibus.

1032 934 1140 974 ius.
2301 918 2400 961 τῶν
2429 913 2693 963 τοιούτων.

603 1007 916 1073 Quomodo
949 1010 1150 1063 autem
1181 1008 1377 1078 potest
1405 1003 1712 1076 quispiam
1743 1001 1938 1058 vivere
1974 998 2078 1072 qui
2111 1005 2192 1056 ta-

2375 1004 2473 1052 Kui
2527 1009 2632 1061 πῶς
2680 997 2903 1054 δύναταί
2954 1021 3035 1064 τις
3089 1003 3205 1076 ζῇν,
3257 1007 3330 1076 μὴ
3381 1012 3637 1078 μεριμνῶν
3685 1006 3752 1057 τὰ
3790 1024 3906 1058 τοι-

529 1096 613 1152 lia
641 1112 764 1153 non
793 1100 960 1152 curat
984 1096 1012 1150 ?
1038 1094 1352 1162 Quomodo
1381 1094 1410 1149 ?
1439 1093 1596 1149 Sicut
1624 1090 1890 1164 praedicti
1914 1089 2190 1146 vivebant

2303 1094 2478 1156 αῦτα;
2530 1096 2644 1152 Πῶς
2692 1107 2705 1156 ;
2759 1090 2846 1152 Ὠς
2883 1092 3010 1152 ἔζων
3057 1094 3106 1144 οὶ
3154 1089 3470 1155 δηλωθέντες
3524 1093 3687 1164 ἅγιοι.
3745 1091 3909 1153 Μηδὶ

533 1185 748 1242 sancti.
773 1188 968 1257 Neque
994 1184 1154 1240 enim
1182 1182 1487 1256 propriam
1515 1179 1984 1238 imbecillitatem
2016 1178 2194 1235 facia-

2300 1179 2402 1250 γὰρ
2454 1182 2549 1236 τὴν
2603 1178 2790 1231 ἑαυτῶν
2854 1177 3139 1248 ἀσθένειαν,
3185 1189 3411 1254 ποιῶμεν
3459 1177 3754 1255 ἀδυναμίαν
3813 1192 3909 1245 τῆς

529 1291 665 1330 mus
686 1275 962 1347 praecepti
983 1272 1538 1346 impossibilitatem.
1572 1270 1728 1326 Nihil
1758 1269 2052 1340 siquidem
2083 1268 2190 1324 im-

2301 1265 2527 1327 ἐντο).ῆς.
2556 1263 2722 1320 Οὐδὲν
2768 1270 2870 1344 γὰρ
2923 1265 3177 1322 ἀδύνατον
3230 1272 3255 1322 6
3309 1273 3435 1332 Θεὸς
3483 1269 3735 1334 ἐπέταξεν.
3774 1269 3909 1326 Οἵδε

529 1364 817 1437 possibile
843 1364 1121 1436 praecepit
1153 1364 1305 1419 Deus
1342 1380 1356 1430 ;
1393 1361 1556 1418 novit
1588 1361 1749 1416 enim
1777 1358 2190 1432 possibilitatis

2299 1357 2397 1428 γὰρ
2443 1359 2501 1408 τὸ
2557 1361 2740 1432 μέτρον
2775 1366 2870 1420 τῆς
2935 1357 3262 1433 ἀνθρωπίνης
3311 1356 3598 1432 δυνάμεως,
3633 1361 3690 1412 οὐ
3743 1366 3905 1434 μόνον

527 1455 810 1510 humanae
842 1469 1195 1519 mensuram,
1231 1469 1353 1509 non
1392 1451 1582 1508 solum
1615 1457 1677 1505 ut
1707 1453 1938 1506 creator
1977 1448 2186 1520 ipsius,

2299 1446 2369 1506 ὡς
2415 1441 2743 1520 δημιουργός
2787 1447 2963 1515 αὐτῆς,
3023 1446 3149 1500 ἁ)λά
3203 1453 3294 1501 xui
3345 1451 3410 1509 ὡς
3461 1445 3662 1512 ὑποδύς
3709 1451 3903 1510 αὐτήν.

531 1543 638 1599 sed
679 1549 972 1615 tanquam
1011 1544 1060 1598 is
1084 1558 1349 1615 quoque,
1391 1540 1497 1614 qui
1528 1555 1661 1597 eam
1689 1539 1751 1595 in
1791 1555 1851 1595 se
1905 1538 2184 1610 suscepit.

2299 1532 2437 1588 Ἀλλ’
2467 1533 2674 1596 ἐκείνοις
2699 1538 2788 1607 μεν
2825 1535 3048 1608 εὐχερὴς
3097 1537 3158 1594 ἧν
3184 1539 3214 1594 ἡ
3257 1535 3450 1604 ἐντολὴ,
3480 1539 3548 1598 ὡς
3576 1541 3902 1614 χωρισθεῖσι

527 1635 737 1689 Verum
776 1631 885 1688 illis
927 1632 1169 1705 quidem
1210 1630 1378 1688 facile
1422 1634 1548 1687 erat
1591 1634 1972 1701 praeceptum,
2013 1625 2188 1699 quasi

2297 1625 2497 1696 κόσμου
2529 1628 2614 1675 xui
2663 1626 2837 1685 πάσης
2877 1632 3179 1698 σωματικῆς
3213 1630 3468 1698 σχέσεως·
3514 1628 3639 1699 ἡμῖν
3679 1623 3738 1680 δε
3768 1624 3901 1681 ἀδύ-

526 1722 818 1794 separatis
847 1737 884 1779 a
915 1721 1162 1787 mundo,
1195 1720 1479 1792 omnique
1499 1717 1704 1775 habitu
1733 1731 2020 1788 corporeo
2045 1732 2058 1771 :
2085 1730 2187 1770 no-

2297 1731 2448 1772 νατος
2475 1717 2728 1784 φαίνεται,
2751 1709 2846 1765 διὰ
2869 1717 2928 1765 τὸ
2951 1718 3023 1786 μὴ
3058 1712 3466 1772 ἀποσπασθῆναι
3492 1715 3680 1770 αὐτῶν.
3710 1721 3899 1790 Τρέφει

525 1812 618 1868 bis
644 1817 844 1869 autem
865 1811 1238 1884 impossibile
1253 1811 1504 1873 videtur,
1533 1824 1604 1865 eo
1633 1807 1799 1881 quod
1821 1807 1898 1863 ab
1923 1807 2048 1878 ipso
2066 1821 2186 1862 non

2237 1813 2262 1868 3
2301 1797 2360 1853 δε
2408 1804 2475 1854 τὰ
2523 1804 2726 1854 πετεινὰ
2775 1804 2801 1854 ό
2853 1805 2992 1873 Θεὸς,
3039 1801 3197 1865 ἐνθεὶς
3241 1803 3420 1866 αὐτοῖς
3480 1812 3688 1876 γνῶσιν,
3741 1808 3898 1860 πόθεν

527 1918 738 1958 sumus
797 1901 1010 1958 avulsi.
1069 1905 1223 1956 Aves
1277 1915 1415 1955 vero
1462 1898 1647 1954 nutrit
1691 1899 1868 1963 Deus,
1929 1895 2188 1952 imittens

1279 1915 1415 1955 vero
1462 1898 1647 1954 nutrit
1691 1899 1868 1963 Deus,
1929 1895 2188 1952 imittens
2301 1889 2585 1954 συλλέξωσι
2611 1895 2699 1950 τὴν
2727 1897 2940 1967 τροφήν.

527 1991 644 2049 illis
710 1990 1048 2048 naturalem
1125 1989 1474 2044 instinctum
1547 1986 1709 2042 unde
1766 1985 1966 2042 cibum
2029 1985 2190 2042 colli-

525 2082 760 2223 8836.18.
806 2168 896 2222 27.
953 2167 1085 2235 Quis
1124 2165 1325 2224 autem
1371 2195 1442 2208 —
1479 2163 1716 2221 unum?
1762 2162 1987 2220 Nullus.
2031 2162 2186 2220 Sicut

2369 2162 2461 2220 Τίς
2487 2154 2548 2211 δι
2575 2188 2644 2200 --
2672 2159 2759 2212 ἕνα
2787 2178 2800 2224 ;
2847 2155 3057 2222 Οὐδείς.
3088 2158 3288 2235 Ὠσπερ
3337 2155 3424 2212 οὖν
3464 2156 3742 2227 ἀδύνατον,
3776 2181 3900 2214 κατ-

527 2271 670 2327 ergo
695 2256 830 2324 hoc,
867 2255 1065 2312 studio
1109 2259 1302 2312 vestro
1327 2254 1571 2326 assequi
1609 2268 1727 2308 non
1773 2252 2020 2325 potestis
2055 2269 2068 2306 :
2106 2251 2188 2309 ita

2298 2249 2592 2321 ορθωθῆναι
2641 2255 2794 2301 τοῦτο
2847 2245 2941 2301 διὰ
3003 2245 3244 2310 σπουδῆς
3291 2251 3562 2322 ἡμετέρας·
3611 2250 3750 2304 οὕτω
3807 2256 3893 2304 καὶ

526 2361 636 2402 nec
667 2345 870 2402 cibum
901 2359 1284 2416 congregare,
1325 2343 1438 2400 nisi
1491 2343 1604 2399 Deo
1641 2347 1957 2399 annuente.
1992 2344 2187 2408 Quan-

2297 2340 2354 2389 τὸ
2393 2344 2700 2409 συναγαγεῖν
2740 2341 2953 2413 τροφὴν,
3007 2337 3050 2390 εἰ
3096 2342 3168 2410 μὴ
3221 2339 3246 2390 6
3285 2341 3413 2400 Θεὸς
3468 2336 3732 2412 ἐπινεύσῃ.
3792 2339 3886 2394 Κᾶν

524 2450 710 2507 quam
723 2434 882 2490 enim
898 2432 1108 2490 millies
1124 2433 1388 2490 studium
1401 2432 1541 2489 adhi
1552 2430 1974 2501 beamus,nihil
1985 2435 2185 2489 tamen

2293 2428 2393 2500 γὰρ
2443 2432 2607 2500 μυρία
2665 2423 3070 2499 σπουδάσωμεν,
3115 2423 3265 2480 οὐδὲν
3319 2426 3591 2500 ἁνύσομεν,
3621 2424 3762 2500 δίχα
3805 2437 3886 2489 τῆς

523 2523 749 2596 absque
777 2523 907 2595 ejus
929 2523 1307 2593 provndentia
1335 2521 1741 2594 proﬁciemus.

1095 2523 1307 2580 idenlia
1335 2521 1741 2594 proﬁciemus.
2293 2521 2539 2589 προνοίας
2576 2515 2756 2572 αὐτοῦ,

594 2614 660 2669 Ει
700 2617 856 2668 certe
898 2627 1094 2684 neque
1123 2611 1396 2684 palmun,
1448 2626 1642 2682 neque
1675 2609 1931 2681 digitum
1961 2609 2184 2668 addere

2367 2606 2490 2676 [Καὶ
2546 2603 2658 2677 (28)
2719 2609 2822 2677 μὴν
2893 2601 3018 2658 οὐδε
3084 2607 3374 2678 σπιθαμὴν,
3425 2602 3550 2658 οὐδε
3607 2602 3881 2660 δάκτυλον.

521 2705 735 2772 potest.
761 2700 914 2757 Dixit
933 2706 1135 2757 tamen
1153 2699 1439 2766 cubitum,
1467 2699 1611 2771 quia
1635 2699 1874 2771 proprie
1897 2713 2182 2756 mensura

2294 2697 2489 2747 Λοιπὸν
2539 2691 2628 2746 οὖν
2685 2702 2868 2766 πῆχυν
2921 2691 3048 2764 εἷπε,
3106 2691 3247 2748 διότι
3302 2699 3491 2769 κυρίως
3550 2699 3733 2768 μέτρον
3788 2702 3881 2747 τῶν

523 2793 761 2844 staturas
792 2793 881 2845 est
910 2788 1164 2844 cubitus.

2292 2781 2503 2840 ἡλικιῶν
2524 2783 2550 2835 ὀ
2576 2784 2760 2855 πῆχύς
2789 2781 2948 2857 ἔστα]

593 2878 755 2932 Vers.
785 2875 872 2932 28.
911 2877 985 2931 Et
1029 2876 1103 2932 de
1130 2905 1199 2918 —
1223 2891 1402 2948 neque
1454 2880 1617 2932 nent.
1680 2873 1822 2931 Lilia
1872 2874 1987 2931 hoc
2048 2874 2180 2930 loco

2364 2875 2464 2924 Καὶ
2506 2877 2623 2944 περὶ
2656 2903 2726 2912 -
2752 2869 2875 2925 οὐδὲ
2902 2874 3066 2932 νήθει.
3121 2876 3282 2948 Κρίνα
3309 2879 3416 2942 νῦν,
3447 2875 3618 2926 πάντα
3644 2875 3707 2926 τὰ
3746 2873 3867 2930 ἄνθη

521 2964 699 3021 ﬂores
731 2979 941 3020 omnes
982 2964 1336 3030 nominavit,
1387 2963 1552 3036 quod
1581 2979 1654 3019 ex
1693 2979 1763 3020 eo
1795 2961 2180 3020 manifestum

2291 2958 2546 3032 ὠνόμασε.
2583 2965 2683 3014 Καὶ
2707 2968 2858 3014 τοῦτο
2891 2957 3070 3030 δῆλον,
3118 2960 3218 3014 ἀπὸ
3266 2969 3358 3015 τοῦ
3389 2963 3566 3028 εἰπεῖν,
3600 2965 3678 3016 ὅτι
3719 2961 3806 3024 Ὠς
3829 2962 3874 3015 ἓν

523 3059 630 3120 est,
663 3053 807 3126 quia
831 3054 978 3110 dixit
1007 3071 1020 3110 :
1050 3053 1214 3110 Sicut
1244 3069 1426 3109 unum
1449 3053 1656 3109 horum
1695 3053 1764 3107 ³⁸.
1800 3053 1945 3108 Cum
1977 3056 2178 3110 autem

2287 3049 2502 3104 τούτων.
2552 3049 2740 3113 Ὀντος
2787 3047 2847 3104 δὲ
2891 3058 2983 3104 τοῦ
3036 3052 3193 3124 λόγου
3242 3057 3361 3126 περὶ
3419 3048 3725 3125 ἐνδύματος,
3780 3060 3881 3112 πῶς

521 3147 676 3200 esset
704 3159 900 3199 sermo
931 3143 1006 3200 de
1034 3143 1408 3204 indumento,
1436 3142 1740 3215 quomodo
1765 3141 1903 3198 facit
1933 3143 2180 3199 mentio-

2221 3165 2254 3221 α
2285 3134 2422 3208 λέγει
2449 3143 2567 3211 περὶ
2597 3139 2863 3202 αὐξήσεως
2896 3160 2911 3208 ;
2949 3145 3091 3194 Διότι
3120 3145 3178 3194 τό
3210 3141 3411 3204 αὐξάνει
3439 3144 3570 3216 πρός
3596 3145 3662 3194 τὰ
3688 3142 3882 3195 πέταλα

521 3247 660 3288 nem
680 3232 755 3288 de
779 3237 1082 3288 cremento
1107 3232 1136 3287 τι
1157 3232 1304 3298 Quia
1329 3231 1660 3288 dictionem.
1677 3231 1863 3297 illam,
1894 3239 2172 3298 crescant,

2286 3225 2453 3280 αὐτῶν
2503 3231 2721 3300 εἷρηκεν,
2766 3229 2919 3283 ἅτινα
2969 3227 3168 3304 ἐνδυμα
3228 3231 3430 3302 ἑκάστῳ
3481 3233 3672 3284 τούτων
3722 3230 3878 3285 ἐστί·

521 3328 762 3395 propter
789 3321 932 3378 folia
969 3321 1114 3378 dixit
1155 3337 1362 3377 eorum
1411 3337 1546 3394 quac
1592 3321 1811 3377 horum
1852 3321 2175 3393 unicuique

2287 3318 2640 3388 Καταμάθετε,
2686 3318 2866 3391 λέγων,
2895 3322 2962 3372 τὰ
3006 3325 3159 3394 κρίνα
3205 3328 3296 3372 τοῦ
3340 3319 3523 3392 ἀγροῦ,
3572 3329 3684 3382 πῶς
3713 3320 3881 3384 αὐξά-

519 3417 656 3466 sunt
683 3411 1121 3468 indumentum.
1168 3410 1561 3478 Considerate,
1596 3409 1805 3482 inquit,
1860 3409 1976 3465 lilia
2022 3410 2169 3482 agri,

2283 3424 2434 3458 νουσι
2475 3409 2610 3460 κατὰ
2655 3410 2721 3460 τὰ
2763 3407 2977 3481 πέταλα,
3028 3409 3157 3483 οἷπερ
3199 3414 3319 3462 ὅσον
3363 3408 3589 3476 αὐξάνει,
3631 3417 3881 3463 τοσοῦτον

517 3498 824 3570 quomodo
840 3503 1106 3556 crescant
1127 3498 1375 3563 infoliis,
1399 3514 1535 3570 quas
1556 3502 1849 3569 quantum
1876 3503 2168 3564 crescunt,
2284 3493 2514 3568 ὡρατζει.

519 3590 754 3642 tantum
783 3586 1063 3642 decorem
1087 3586 1429 3642 ostendunt.

590 3676 754 3734 Vere.
801 3675 891 3730 29.
940 3677 1080 3732 Dico
1125 3706 1194 3718 —
1235 3678 1394 3732 Vers.
1437 3676 1526 3733 30.
1593 3676 1701 3733 Vos
1744 3679 1773 3732 ?
1811 3677 2004 3743 Quare
2048 3692 2172 3734 non

2355 3679 2505 3747 Λέγω
2535 3706 2603 3716 --
2645 3677 2796 3749 ὑμᾶς.
2847 3681 2995 3730 Διατί
3051 3677 3146 3730 οὐκ
3197 3677 3298 3731 ἀπὸ
3346 3686 3446 3731 τῶν
3491 3687 3728 3732 πετεινῶν
3780 3682 3883 3733 πά-

515 3779 758 3821 rursum
788 3780 823 3822 a
853 3764 1192 3822 volucribus
1221 3764 1391 3822 duxit
1416 3765 1779 3838 exemplum.
1809 3771 1913 3823 aut
1937 3765 2016 3823 ab
2040 3766 2172 3823 aliis

2281 3763 2358 3816 λιν
2411 3769 2572 3837 ἤγαγε
2623 3763 2988 3841 παράδειγμα,
3051 3767 3081 3826 ἦ
3140 3772 3229 3821 καὶ
3287 3766 3387 3820 ὄιπό
3446 3769 3590 3829 ζώων
3645 3768 3808 3821 ἄλλων
3865 3787 3877 3838 ;

516 3853 882 3911 animalibus
907 3855 936 3910 ι
966 3855 1198 3912 Poterat
1223 3855 1380 3912 enim
1410 3855 1593 3912 multa
1623 3870 1845 3928 ponere
1885 3857 2170 3915 adornata

2282 3852 2412 3926 Εἶχε
2461 3857 2563 3928 γὰρ
2612 3855 2768 3908 εἰπεῖν
2823 3855 2987 3909 πολλὰ
3039 3857 3496 3930 κεκαλλωπισμένα
3549 3863 3637 3911 καὶ
3693 3862 3881 3933 ὡραιό-

517 3958 587 4001 ac
623 3943 1026 4015 pulcherrima
1062 3943 1090 4000 7
1121 3945 1267 4011 Quia
1292 3946 1421 4001 vult
1449 3945 1543 4001 hic
1569 3950 1625 4001 et
1660 3945 1944 4002 vilitatem
1974 3945 2168 4003 herba

2278 3963 2428 4000 τατα.
2484 3949 2624 3996 Διότι
2674 3944 2918 4017 βούλεται
2971 3943 3234 3999 κάνταῦθα
3299 3943 3487 4013 δεῖξαι,
3547 3953 3641 4006 τήν
3694 3966 3748 4000 τε
3797 3950 3878 4003 εὐ-

513 4033 838 4098 ostendere,
870 4049 1006 4104 quae
1046 4033 1129 4088 sic
1171 4050 1206 4090 a
1242 4035 1362 4089 Deo
1404 4033 1746 4105 adornatur,
1796 4041 1854 4091 et
1890 4035 2166 4093 decorem

2279 4031 2471 4086 τέλειαν
2535 4041 2628 4085 τοῦ
2684 4037 2880 4108 χόρτου
2947 4041 3038 4086 τοῦ
3091 4033 3533 4096 καλλωπισθέντος
3594 4036 3757 4099 οὕτως
3826 4038 3880 4091 ἐκ

514 4121 971 4192 pulchritudinis
999 4120 1152 4175 adeo
1179 4120 1280 4176 vili
1308 4121 1510 4177 herbae
1527 4121 1701 4178 datae.
1738 4126 1801 4178 Et
1832 4127 1972 4179 nota
2001 4125 2166 4195 quod

2281 4129 2437 4190 Θεοῦ,
2489 4127 2579 4174 καὶ
2618 4127 2711 4180 τὴν
2764 4122 3060 4198 ὡραιότητα
3107 4131 3198 4176 τοῦ
3239 4120 3474 4185 δοθέντος
3529 4124 3745 4188 κάλλους
3804 4136 3877 4200 τῷ

513 4207 772 4264 liliorum
803 4206 1115 4276 adaugens
1140 4205 1446 4272 vilitatem,
1474 4207 1727 4264 herbam
1756 4211 1818 4266 in
1852 4225 2167 4281 progressu

2280 4209 2440 4272 οὕτως
2469 4210 2810 4284 εὐτελεστάτῳ
2850 4217 3052 4288 χόρτῳ.
3107 4217 3292 4266 Σκόπει
3342 4217 3465 4290 γὰρ,
3511 4215 3592 4267 ὅτι
3643 4219 3737 4274 τὴν
3785 4222 3877 4292 μὲν

516 4311 588 4352 ea
627 4296 858 4350 vocavit
891 4311 903 4350 :
938 4295 1250 4368 magisque
1275 4311 1414 4352 cum
1445 4295 1612 4353 addit
1643 4314 1656 4350 :
1693 4297 1833 4364 Quae
1863 4297 2030 4354 hodie
2067 4303 2161 4368 est,

2281 4298 2527 4351 εὐτέλειαν
2575 4307 2676 4351 τῶν
2742 4306 2929 4376 κρίνων
2977 4299 3257 4372 ἐπιτείνων,
3307 4307 3497 4376 χόρτον
3551 4303 3683 4356 αὐτὰ
3739 4325 3875 4379 προ-

514 4390 570 4441 et
591 4399 724 4439 cras
744 4383 803 4439 in
820 4383 1116 4440 clibanum
1140 4384 1404 4440 mittitur
1433 4404 1454 4441 :
1479 4401 1614 4456 quas
1638 4386 1821 4443 ambo
1847 4387 1919 4444 ad
1945 4403 2166 4459 augen-

2281 4393 2368 4441 ἰὼν
2426 4387 2651 4457 ἐκάλεσε,
2718 4395 2808 4442 καὶ
2873 4394 2948 4443 ἔτι
3019 4391 3230 4464 μᾶλλον,
3291 4397 3516 4466 Σήμερον
3581 4395 3705 4447 ὄντα
3783 4403 3873 4450 καὶ

514 4473 654 4529 dam
681 4472 962 4529 vilitatem
991 4472 1146 4530 dicta
1165 4478 1322 4530 sunt.
1351 4475 1632 4531 Decorem
1651 4491 1894 4549 quoque
1911 4477 2157 4548 pulchri-

2212 4519 2240 4574 )
2275 4483 2454 4551 αὔριον
2503 4479 2570 4539 εἰς
2638 4478 2876 4532 κλίϐανον
2925 4478 3262 4552 βαλλόμενον,
3310 4480 3345 4533 ἃ
3395 4488 3484 4535 καὶ
3547 4484 3700 4556 οἶμφω
3745 4490 3873 4558 πρὸς

513 4561 734 4618 tudinis
771 4562 1035 4634 ipsorum
1081 4562 1348 4620 similiter
1387 4564 1787 4635 ampliﬁcans,
1843 4581 1964 4622 non
2019 4567 2165 4626 dixit

2211 4561 2237 4574 ί
2274 4567 2511 4622 ἐπίτασιν
2564 4576 2658 4630 τῆς
2715 4568 2965 4630 εὐτελείας
3016 4571 3238 4645 εἴρηται.
3294 4575 3398 4629 Τὴν
3457 4567 3516 4624 δε
3573 4575 3872 4646 ὡραιότητα

512 4650 872 4723 simpliciter,
905 4652 1070 4724 quod
1091 4668 1163 4709 ea
1182 4653 1334 4709 Deus
1365 4652 1594 4718 vestiat,
1629 4653 1737 4709 sed
1767 4655 1925 4726 quod
1953 4655 2037 4712 sic
2072 4671 2162 4713 ve-

2271 4664 2362 4710 τοῦ
2436 4657 2649 4718 κάλλους
2707 4657 2872 4709 αὐτῶν
2947 4658 3133 4730 ὁμοίως
3213 4658 3488 4730 ἐπιτείνων,
3570 4660 3663 4712 οὐκ
3736 4659 3869 4716 εἶπεν

509 4739 669 4797 stiat.
703 4743 851 4798 Nam
873 4740 1072 4808 dictio,
1099 4742 1204 4811 sic,
1235 4741 1348 4800 hoc
1372 4741 1497 4801 loco
1524 4746 1894 4801 crementum
1918 4742 2164 4804 denotat

2270 4746 2459 4814 ἁπλῶς,
2509 4748 2590 4799 ὃτι
2653 4745 3004 4820 ἀμφιέννυσιν,
3060 4745 3166 4799 ἀλλ’
3213 4750 3293 4801 ὅτι
3325 4751 3489 4811 οὕτως
3540 4747 3861 4822 ἀμφιέννυσι.

511 4827 986 4902 pulchritudinis.

2267 4839 2337 4890 Τό
2379 4838 2480 4912 γὰρ
2513 4839 2674 4898 οὕτως
2719 4835 2940 4890 ἐνταῦθα
2986 4835 3228 4890 ἐπίτασιν
3259 4835 3490 4911 ἐμφαίνει
3541 4845 3637 4900 τῆς
3683 4841 3869 4915 ὡραιό-

2268 4945 2330 4986 τη
2337 4945 2440 4988 τος.

582 5006 999 5067 Studimonem
1055 5013 1260 5069 autem
1315 5010 1540 5083 posuit,
1572 5013 1861 5085 tanquam
1899 5010 2157 5085 pulchri-

2337 5018 2435 5070 Τὸν
2488 5014 2791 5089 Σολομῶντα
2843 5011 2902 5070 δί
2949 5017 3191 5087 τέθεικεν,
3259 5017 3324 5078 ὡς
3389 5016 3506 5091 (29)
3573 5016 3866 5093 φιλόκαλον,

582 5183 632 5220 ³⁸
659 5183 858 5243 Matth.
885 5199 968 5256 γι,
1002 5186 1092 5241 29.

1735 5314 1951 5385 Variae
1981 5314 2310 5387 lectiones
2345 5329 2410 5387 et
2451 5328 2657 5387 notas.

513 5596 613 5650 σῃς
644 5591 823 5660 supra
855 5577 1065 5660 scripto
1093 5597 1125 5629 α
1147 5578 1351 5660 litterae
1376 5601 1454 5660 -ῃ,
1497 5577 1568 5638 ἱ.’
1588 5598 1642 5660 e;
1672 5577 2018 5660 ert-audcich
2044 5588 2158 5642 Aut

2337 5577 2450 5660 (29)
2479 5577 2779 5660 φιλόκαλχρν
2812 5589 2882 5646 Β.
2934 5577 3007 5645 Ιιῖ
3028 5593 3072 5644 Α
3117 5605 3328 5649 rasura
3377 5591 3672 5650 sublatum
3718 5593 3863 5651 alte-

583 5504 694 5575 (27)
737 5505 784 5562 B
815 5503 996 5560 habet
1022 5509 1130 5571 καί,
1173 5521 1282 5577 pro
1313 5508 1426 5574 xc‘c‘v,
1470 5511 1526 5564 et
1551 5509 1731 5582 paulo
1749 5515 1882 5582 post
1914 5511 2155 5568 σπουδαί.

592 5597 613 5638 ς
644 5591 823 5659 supra
855 5577 1065 5659 scripto
1093 5597 1125 5629 α
1147 5578 1351 5659 litterae
1376 5601 1454 5659 -ῃ,
1497 5579 1538 5638 i.
1588 5598 1642 5659 e,
1672 5580 2018 5659 σπουδάσας,
2044 5588 2158 5642 Aut

1749 5515 1882 5582 post
1914 5511 2155 5568 σπουδά-
2358 5519 2426 5571 28
2477 5515 2727 5582 Inclusa,
2758 5517 2817 5572 in
2839 5517 3107 5587 margine
3136 5517 3318 5575 habet
3342 5519 3407 5575 A.

1746 5580 2018 5659 τουδιίσαςἱ
2044 5588 2158 5642 Aut
2337 5516 2450 5659 ἓρρζ
2479 5587 2779 5659 φιλόκαλλον
2812 5589 2882 5646 Β.
2934 5590 2996 5645 In
3028 5593 3072 5644 Α
3117 5605 3328 5649 rasura
3377 5609 3404 5648 s

583 5516 694 5575 (27)
737 5516 784 5562 15
815 5516 996 5560 minet
1022 5516 1130 5571 καί,
1173 5521 1282 5577 pro
1313 5516 1426 5574 xciv,
1470 5516 1526 5564 et
1551 5516 1731 5582 paulo
1749 5516 1882 5582 post
1914 5516 2155 5568 σπουδά-

513 5596 613 5650 σῃς
644 5591 823 5646 supra
855 5577 1065 5702 scripto
1093 5597 1125 5629 α
1147 5578 1351 5635 litterae
1376 5601 1454 5666 wip,
1497 5579 1538 5638 i.
1588 5598 1637 5636 e.
1685 5580 2012 5646 σπουδάσας.
2044 5588 2158 5642 Aut

511 5663 650 5720 ergo
691 5653 779 5700 xui
816 5667 950 5701 σπου
995 5668 1150 5720 ασας,
1199 5658 1297 5707 aut
1325 5671 1420 5704 xuv
1471 5650 1782 5728 σπουδάσῃς
1808 5655 2152 5726 legendum.

815 5516 996 5560 habet
1022 5516 1130 5571 xui,
1173 5521 1282 5577 pro
1313 5516 1426 5574 xciv,
1470 5516 1526 5564 et
1551 5516 1731 5582 paulo
1749 5516 1882 5582 post
1914 5516 2155 5568 σπουδά-
2358 5519 2426 5571 28

813 5596 823 5632 L
855 5577 1065 5702 scripto
1093 5597 1125 5629 α
1147 5578 1351 5635 litterae
1376 5601 1454 5666 wip,
1497 5579 1538 5638 i.
1588 5598 1637 5636 e.
1670 5580 2012 5669 ρπουδάσας.
2044 5588 2158 5642 Aut
2337 5516 2456 5710 E29:

816 5667 950 5701 σπου
995 5668 1150 5720 ασας,
1199 5658 1297 5707 aut
1325 5671 1420 5704 xuv
1471 5650 1782 5728 σπουδασῃς
1808 5655 2152 5726 legendum.
2267 5673 2401 5715 rum
2461 5701 2474 5717 .
