4206 6310
308 260 416 317 253

1283 257 1648 315 COMMENT.
1694 256 1761 311 IN
1800 254 2250 312 MATTHIEUM.
2287 285 2356 295 —
2394 253 2551 310 CAP.
2594 253 2687 311 VI.

3562 254 3665 309 254

312 394 403 442 καὶ
451 389 606 458 σοφόν
657 384 975 437 ἐπινοεῖσθαι
1039 383 1459 455 καλλωπισμούς.
1524 382 1770 443 κλίϐανος
1852 378 1912 435 δέ

2027 381 2111 437 nis
2137 362 2489 445 amatorem,
2517 384 2574 436 et
2602 379 2680 436 ad
2722 380 2887 439 illam
2915 380 3403 451 cognoscendam
3429 379 3665 452 sapien-

315 477 444 542 ἔστι,
498 478 555 527 τὸ
613 474 876 526 ὀπτανεῖον
903 481 1001 525 τῶν
1052 474 1240 546 ἄρτων.
1300 476 1369 525 Τὸ
1421 470 1480 525 δὲ
1525 472 1679 544 ’Υμᾶς
1727 470 1908 543 ἐμφαν·

315 570 454 621 τικὸν
506 571 665 635 τιμῆς
724 568 935 619 νόησον.
994 566 1130 619 Φησὶ
1193 564 1293 635 γὰρ
1354 560 1769 635 ἐρωτηματικῶς,
1828 562 1909 611 ὄτι

314 656 389 708 Ού
441 652 609 723 πολλῷ
663 651 853 723 μᾶλλον
911 652 1065 721 ὑμᾶς,
1135 655 1193 702 τό
1260 654 1429 722 τίμιον
1478 649 1636 701 αὐτοῦ
1686 656 1903 720 κτῆμα;

312 744 390 804 οἷς
445 750 599 813 σῶμα
652 745 741 791 καὶ
790 739 972 811 ψυχὴν
1019 744 1108 791 καὶ
1159 747 1275 791 νούν
1332 741 1641 810 ἐχαρίσατο,
1703 734 1774 789 δι’
1820 737 1907 799 οὖς

308 834 395 883 τὸν
426 835 624 902 κόσμον
654 829 890 897 ἐποίησε,
925 825 998 881 δι’
1039 836 1122 889 οῦς
1154 832 1424 900 προφήτας
1453 826 1666 900 ἰπεμψε,
1700 823 1775 879 δι’
1820 826 1907 889 οὖς

304 924 396 972 καὶ
424 923 512 971 τόν
541 927 787 992 μονογενῆ
828 917 988 971 αὐτοῦ
1017 920 1135 970 Υίόν
1162 914 1426 979 ἐξέδωκεν.

381 1169 772 1240 Ὀλιγόπιστοι.
869 1164 1273 1223 Ἐπιπληκτικόν
1365 1184 1474 1217 εστι
1556 1171 1728 1218 τοῦτο.
1814 1168 1910 1217 Καὶ

306 1262 412 1332 γὰρ
472 1253 758 1318 ἀποδείξας
812 1256 837 1307 ὃ
892 1253 1145 1318 ἐϐούλετο,
1209 1253 1385 1306 λοιπὸν
1454 1252 1753 1311 ἐπιπλήττει
1818 1253 1908 1305 αύ-

308 1354 450 1417 τούς,
508 1346 873 1417 όλιγοπίστους
945 1343 1231 1415 ὀνομάζων,
1292 1346 1361 1403 ὡς
1428 1348 1499 1415 μὴ
1572 1345 1908 1403 πιστεύοντας

313 1433 669 1501 ἀδιστάκτως,
714 1436 795 1485 ὅτι
848 1436 1113 1506 φροντίσει
1159 1431 1323 1484 αὐτῶν
1380 1432 1404 1482 ὁ
1458 1434 1606 1501 Θεὸς,
1666 1436 1753 1483 καὶ
1816 1428 1909 1483 διὰ

311 1533 465 1577 τοῦτο
547 1531 913 1596 μεριμνῶντας.
1020 1521 1198 1582 Οὕτως
1290 1519 1587 1583 ἐπιπλήξας,
1686 1519 1908 1593 ἐντρέπει

312 1616 547 1681 τούτους,
578 1618 666 1664 καὶ
713 1610 1130 1682 εὐπειθεστέρους
1175 1616 1329 1665 ποιεῖ.
1367 1605 1675 1663 Ἐπαίδευσε
1718 1606 1776 1661 δὲ
1816 1605 1910 1661 διὰ

316 1710 410 1755 τοῦ
462 1703 697 1776 ῥηθέντος
746 1695 1183 1771 παραδείγματος,
1238 1705 1326 1750 καὶ
1382 1702 1439 1750 τὸ
1488 1703 1556 1770 μὴ
1599 1702 1735 1770 μέγα
1792 1717 1910 1771 φρο-
1947 1732 1987 1785 Β

316 1798 419 1843 νεῖν
467 1792 547 1842 ἐπὶ
602 1797 661 1861 τῇ
714 1787 1011 1859 πολυτελείᾳ
1061 1795 1158 1839 τῶν
1216 1789 1451 1859 ἱματίων,
1504 1786 1570 1837 ὧν
1625 1789 1909 1861 ὡραιότερα

314 1885 405 1932 καὶ
456 1878 695 1930 καλλίονα
745 1879 810 1928 τὰ
855 1877 983 1933 οἶνθη
1029 1884 1120 1927 τοῦ
1167 1880 1387 1949 χόρτου.
1435 1875 1632 1951 ’Ὠσπερ
1683 1872 1741 1928 δε
1784 1875 1910 1927 ἀνω-

318 1972 445 2041 τέρω
492 1970 607 2040 περὶ
651 1973 747 2017 τῶν
791 1973 1029 2017 πετεινῶν
1089 1964 1262 2031 εἰπὼν,
1324 1966 1403 2017 ὅτι
1472 1964 1531 2016 ού
1583 1969 1906 2037 σπείρουσιν,

316 2057 409 2109 ούκ
466 2054 690 2107 ἐκώλυσε
766 2058 823 2106 τὸ
896 2058 1142 2128 σπείρειν,
1217 2057 1287 2115 ὡς
1369 2052 1532 2106 ἐκεῖσε
1611 2053 1904 2128 εἰρήκαμεν·

316 2145 480 2207 οὓτως
534 2139 648 2196 οὐδ’
706 2141 926 2194 ἐνταῦθα
971 2146 1029 2194 τὸ
1086 2148 1271 2212 κοπιᾴν
1340 2146 1429 2194 καὶ
1480 2144 1651 2199 νήθειν
1725 2140 1909 2193 ἐκώλυ-

315 2254 422 2304 σεν,
471 2231 579 2284 ἀλλ’
609 2228 742 2284 εἶπεν
792 2232 946 2297 οὕτω,
981 2228 1148 2294 δεῖξαι
1189 2236 1341 2302 μόνον
1388 2230 1560 2299 θέλων,
1614 2232 1695 2283 όιιι
1723 2232 1748 2282 ὁ
1781 2234 1908 2293 Θεὸς

309 2323 449 2376 αὐτὰ
480 2321 808 2393 ἀμφιέννυσι.

387 2416 490 2464 Καὶ
554 2406 701 2462 διατί
756 2404 1001 2461 τοσοῦτον
1057 2407 1241 2470 κάλλος
1290 2415 1400 2470 τοῖς
1470 2407 1649 2461 ἄνθεσι
1714 2412 1910 2483 περιτί-

317 2504 490 2566 θεικε;
523 2499 636 2570 (30)
681 2502 822 2551 Διότι
872 2496 1112 2570 βούλεταί
1162 2516 1217 2549 σε
1262 2503 1351 2550 καὶ
1404 2497 1503 2549 ἀπὸ
1557 2500 1740 2550 τούτου
1786 2518 1910 2570 μαν-

322 2591 489 2642 θάνειν
528 2591 586 2640 τὸ
628 2589 843 2660 μέγεθος
896 2593 991 2649 τῆς
1041 2586 1200 2637 αὐτοῦ
1248 2590 1432 2658 σοφίας
1474 2591 1563 2638 καὶ
1620 2583 1908 2659 δυνάμεως,

319 2678 381 2732 Εἰ
426 2682 593 2730 τοίνυν
648 2679 716 2729 τὰ
768 2672 861 2727 διὰ
920 2678 976 2727 σε
1012 2680 1257 2746 γενόμενα
1302 2680 1454 2749 κρίνα
1490 2675 1767 2748 φιλοτίμως
1812 2674 1909 2729 ἕνέ-

317 2765 469 2833 δυσε,
528 2774 637 2827 πῶς
684 2764 778 2817 ούκ
824 2760 1031 2817 ενδύσει
1086 2763 1319 2835 μάλιστά
1366 2784 1440 2829 σε,
1503 2761 1576 2816 δι’
1635 2768 1687 2816 ὅν
1746 2763 1912 2818 ἐκεῖνα

308 2860 601 2921 πεποίηκε;
685 2856 1005 2926 Δημιουργὸς
1063 2848 1122 2905 δὲ
1190 2858 1280 2905 καὶ
1346 2859 1634 2927 προνοητὴς
1708 2856 1910 2907 πάντων

312 2946 472 3006 αὐτὸς
533 2944 622 3009 ὢν,
685 2944 823 3015 ὅμως
878 2950 949 3012 τῷ
1016 2946 1180 3015 Πατρὶ
1246 2946 1337 3000 τήν
1407 2939 1757 3015 δημιουργίαν
1822 2947 1912 2996 καὶ

308 3039 558 3109 πρόνοιαν
604 3033 807 3085 πάντων
852 3029 1151 3096 ἀνατίθησι,
1195 3027 1440 3083 δεικνύων
1489 3051 1543 3083 τε
1590 3032 1812 3084 ἐντεῦθεν
1852 3036 1909 3084 τὸ

305 3128 440 3198 πρὸς
488 3122 644 3174 αὐτὸν
679 3122 979 3192 ὁμόγνωμὸν
1024 3139 1078 3172 τε
1120 3124 1210 3172 καὶ
1256 3116 1605 3192 ὁμοδύναμον,
1651 3126 1740 3172 καὶ
1792 3122 1909 3193 (31)

310 3210 457 3266 διότι
503 3209 647 3263 οὓπω
688 3212 870 3283 καιρὸς
918 3205 999 3273 ἦν,
1051 3208 1340 3278 ἐκκαλύψαι
1387 3217 1611 3283 φανερῶς
1648 3214 1767 3283 περὶ
1815 3218 1910 3271 τῆς

312 3301 497 3353 ἑαυτοῦ
552 3301 806 3365 θεότητος,
861 3299 928 3359 ὡς
986 3300 1383 3369 ἡρμηνεύσαμεν
1445 3298 1782 3370 ἐξηγούμενοι
1827 3304 1905 3351 τό·

314 3390 601 3442 Ἠκούσατε
669 3388 749 3439 ότι
818 3385 994 3461 ἐρρέθη
1064 3393 1168 3446 τοῖς
1241 3385 1505 3459 ἀρχαίοις·
1589 3386 1666 3443 Οὐ
1742 3391 1912 3461 φονεύ-

317 3496 446 3540 σεις.

384 3570 471 3625 Μὴ
530 3595 595 3606 -
657 3563 1070 3638 περιϐαλώμεθα.
1126 3562 1567 3635 Ἐπαναλαμϐάνει
1619 3564 1771 3615 πάλιν
1824 3567 1911 3616 τὸν

314 3661 436 3729 περὶ
482 3662 573 3708 τοῦ
620 3658 690 3726 μή
742 3653 854 3724 (32)
908 3658 1158 3727 μεριμνᾲν
1205 3652 1382 3724 λόγον,
1429 3649 1522 3705 διὰ
1571 3657 1627 3705 τὸ
1681 3655 1771 3713 τῆς
1827 3672 1911 3726 με·

316 3751 505 3819 ρίμνης
559 3743 728 3816 βίαιόν
776 3762 829 3796 τε
874 3748 964 3795 καὶ
1014 3740 1469 3799 δυσαπάλλακτον,
1514 3745 1580 3795 Σύ
1631 3739 1689 3794 δε
1746 3741 1912 3800 ἐννόη-

322 3853 435 3899 σον,
485 3836 566 3885 ὄτι
618 3834 665 3885 οἱ
708 3832 1058 3893 κελευσθέντες
1116 3827 1254 3903 μηδε
1300 3835 1418 3903 περὶ
1461 3839 1559 3882 τῶν
1618 3829 1910 3902 ἀναγκαίων

319 3926 588 4000 μεριμνᾷν,
660 3926 775 3973 τίνα
872 3924 1180 3992 συγγνώμην
1274 3919 1468 3992 ἕξομεν,
1573 3928 1911 3992 μεριμνῶντες

319 4017 410 4063 καὶ
439 4016 555 4083 περὶ
578 4019 674 4063 τῶν
704 4010 798 4063 οὐκ
829 4008 1123 4080 ἀναγκαίων
1148 4025 1160 4074 ;

388 4102 568 4153 Πάντα
612 4131 681 4140 —
719 4097 973 4160 ἐπιζητεῖ.
1027 4105 1096 4152 To
1153 4097 1442 4163 Ἐπιζητεῖ,
1492 4097 1605 4150 ἀντὶ
1636 4105 1747 4165 τοῦ,
1810 4106 1911 4152 Με-

312 4198 561 4263 ριμνῶσι,
611 4194 824 4245 νόησον,
872 4191 948 4241 Τὰ
996 4189 1111 4245 ἔθνη
1156 4189 1280 4261 γὰρ,
1322 4186 1515 4259 ἀλόγων
1567 4185 1742 4255 δίκην,
1783 4192 1913 4263 πρὸς

311 4284 473 4351 μόνην
515 4276 769 4350 βλέπουσι
795 4281 887 4335 τὴν
919 4273 1242 4349 φιληδονίαν.
1292 4275 1452 4328 Ὅταν
1508 4273 1566 4330 δε
1616 4278 1728 4349 (33)
1773 4275 1912 4350 μηδὲ

310 4376 409 4420 τῶν
463 4366 671 4420 ἐθνικῶν
725 4368 1097 4440 ύπερτερῶμεν,
1165 4368 1213 4417 οἱ
1260 4374 1359 4417 τῶν
1416 4371 1762 4439 Γραμματέων
1823 4373 1913 4419 καὶ
1946 4424 1991 4478 D

315 4465 342 4478 ι
459 4476 502 4478 _,
533 4461 541 4471 σ
591 4477 594 4478 ,
676 4457 695 4478 τ’
714 4462 947 4478 -----,-ε
1041 4461 1152 4478 -..ς-
1233 4453 1430 4478 3----μτ-
1508 4455 1639 4478 .λ-μ--“.
1657 4475 1683 4478 ,ξ
1719 4475 1744 4478 _
1771 4460 1817 4478 ,:,
1845 4474 1884 4478 -_

309 4461 613 4533 Φαρισαίων
675 4457 965 4531 ὑπερτερεῖν
1038 4461 1152 4515 ταῖς
1229 4453 1431 4528 ἀρεταῖς
1508 4455 1909 4528 κεκελευσμένοι,

308 4552 465 4606 ποίας
492 4544 587 4597 οὐκ
610 4546 671 4596 ἄν
702 4548 873 4616 εἴημεν
901 4542 1160 4603 κολάσεως
1186 4541 1321 4606 ἆξιοι
1346 4560 1360 4609 ;

389 4720 524 4777 Οἵδε
577 4754 644 4764 -
714 4722 975 4780 ἁπάντων.
1040 4721 1421 4795 Καθαψάμενος
1482 4722 1649 4774 αὐτῶν
1726 4723 1913 4784 ἱκανῶς

306 4812 705 4891 παραθαρῥύνει
767 4811 918 4866 πάλιν
1004 4811 1269 4885 ἑτέρωθεν.
1354 4810 1539 4888 Ἔργον
1597 4813 1695 4886 γὰρ
1756 4807 1911 4863 διδαο

2017 476 2156 526 tem.
2177 470 2460 525 Clibanus
2482 483 2620 524 vero
2636 468 2802 524 locus
2821 469 2999 525 estad
3017 469 3401 541 coquendum
3418 483 3663 540 panem.

2016 559 2373 623 Pronomen,
2418 558 2545 621 Vos,
2598 562 2659 612 ut
2710 558 2953 613 honoris
2983 558 3522 615 demonstrativum
3572 557 3665 620 sit,

2018 647 2288 717 accipito.
2322 647 2473 702 Nam
2513 646 2769 702 amantis
2802 662 2966 702 more
3010 646 3292 719 loquitur,
3324 662 3394 703 ac
3425 647 3476 701 si
3501 645 3665 702 dicat

2015 735 2102 807 (α’)
2130 752 2148 789 :
2175 738 2380 790 Nonne
2407 735 2582 805 longe
2600 736 2787 807 magis
2806 751 2935 800 vos,
2955 735 3057 806 qui
3079 743 3221 791 estis
3250 736 3513 808 pretiosa
3532 735 3661 806 ejus

2016 822 2316 896 possessio
2347 822 2456 893 (y),
2484 823 2706 895 quibus
2749 838 2988 894 corpus,
3033 824 3320 889 animam,
3381 838 3450 878 ac
3499 837 3664 878 men-

2016 915 2135 969 tem
2162 911 2343 981 gratis
2373 911 2637 976 contulit,
2668 916 2910 983 propter
2939 927 3089 982 quos
3115 912 3412 967 mundum
3442 910 3664 968 forma-

2016 1001 2118 1065 vit,
2148 1005 2389 1072 propter
2430 1016 2585 1072 quos
2639 1000 2959 1072 prophetas
2990 1000 3157 1064 misit,
3211 1006 3455 1071 propter
3509 1015 3663 1071 quos

2020 1089 2388 1159 unigenitum
2412 1104 2653 1161 quoque
2683 1089 2889 1145 Filium
2913 1104 3091 1144 suum
3132 1088 3370 1145 tradidit
3399 1089 3427 1143 ‘t

2090 1177 2249 1233 Vers.
2275 1183 2368 1234 30.
2410 1178 2456 1233 0
2492 1178 2747 1234 homines
2802 1178 3039 1233 modicae
3088 1178 3247 1245 ﬁdei.
3282 1209 3349 1217 —-
3383 1178 3661 1248 Increpa-

2018 1266 2200 1321 tivum
2234 1267 2485 1323 esthoc.
2523 1270 2842 1339 Postquam
2869 1266 3020 1321 enim
3060 1266 3343 1329 ostendit,
3380 1265 3547 1337 quod
3570 1282 3671 1321 vo-

2015 1354 2193 1419 lebat,
2249 1355 2533 1428 deinceps
2590 1356 2754 1427 ipsos
2800 1355 3081 1426 objurgat
3138 1371 3354 1426 parum
3418 1354 3671 1411 ﬁdentes

2016 1443 2308 1514 appelans
2341 1460 2353 1498 :
2388 1448 2589 1516 utpote
2615 1444 2719 1516 qui
2737 1459 2859 1499 non
2877 1443 3107 1515 absque
3135 1443 3525 1515 ambiguitate
3547 1459 3673 1499 cre-

2016 1532 2239 1597 derent,
2270 1532 2434 1603 quod
2465 1532 2618 1588 Deus
2648 1532 2917 1603 ipsorum
2943 1548 3143 1587 curam
3186 1532 3455 1598 haberet,
3488 1537 3546 1587 et
3586 1532 3671 1587 id-

2018 1622 2173 1677 circo
2200 1621 2431 1677 solliciti
2456 1627 2668 1678 essent.
2697 1623 2783 1678 Ita
2812 1622 3166 1693 objurgans,
3191 1638 3293 1678 eos
3332 1620 3669 1689 confundit,

2018 1726 2086 1766 ac
2116 1709 2458 1766 ﬁdentiores
2512 1710 2730 1766 reddit.
2788 1711 2995 1767 Docuit
3023 1726 3266 1783 quoque
3287 1710 3444 1766 dicto
3474 1726 3673 1766 exem-

2018 1799 2118 1871 plo
2147 1814 2269 1854 non
2312 1798 2666 1854 insolescere
2697 1799 2771 1855 de
2796 1799 3075 1871 pretiosis
3107 1798 3388 1864 vestibus,
3449 1797 3671 1870 quibus

2017 1887 2195 1957 longe
2218 1887 2595 1959 pretiosiores
2620 1893 2777 1951 sunt,
2804 1888 3117 1959 magisque
3130 1888 3327 1943 decari
3344 1886 3672 1943 herbarum

2018 1976 2223 2033 ﬂores.
2261 1976 2786 2042 Quemadmodum
2816 1982 3015 2032 autem
3042 1976 3337 2047 superius,
3370 1976 3444 2031 de
3460 1973 3671 2032 avibus

2018 2064 2255 2130 diceret,
2286 2064 2451 2137 quod
2476 2080 2599 2121 non
2631 2064 2946 2130 seminent,
2983 2079 3099 2119 non
3126 2063 3431 2135 prohibuit
3503 2062 3674 2118 semi-

2019 2168 2180 2219 nare,
2210 2152 2595 2209 sicutibidem
2612 2153 2874 2210 diximus
2899 2170 2911 2207 :
2941 2154 3022 2209 ita
3036 2168 3226 2225 neque
3252 2152 3347 2207 hic
3360 2151 3668 2222 {laborare,

2020 2246 2123 2300 aut
2152 2259 2291 2299 nere
2319 2243 2458 2309 ;sed
2487 2242 2811 2299 italocutus
2842 2248 2951 2309 est,
2978 2241 3182 2298 volens
3210 2246 3441 2297 tantum
3483 2246 3673 2297 osten-

2020 2330 2180 2397 dere,
2213 2331 2379 2403 quod
2420 2333 2574 2386 Deus
2607 2330 2707 2386 illa
2734 2330 2957 2386 vestiat.

2092 2421 2285 2485 Quare
2315 2425 2516 2476 autem
2546 2424 2711 2475 tanto
2739 2418 2953 2475 decore
2985 2418 3164 2474 ﬂores
3192 2416 3495 2473 amicivit?
3524 2416 3675 2482 Quia

2022 2508 2161 2575 vult,
2211 2513 2272 2565 ut
2301 2524 2373 2564 ex
2402 2508 2515 2564 hoc
2568 2508 2764 2563 discas
2810 2507 3115 2579 sapientiae
3142 2523 3212 2563 ac
3240 2507 3517 2578 potentiae
3549 2520 3674 2561 sua:

2022 2596 2525 2667 magnitudinem.
2555 2597 2611 2651 Si
2644 2612 2785 2667 ergo
2821 2595 2965 2663 lilia,
2996 2612 3135 2668 qua:
3174 2600 3416 2667 propter
3443 2599 3496 2651 te
3518 2594 3675 2651 facta

2023 2691 2177 2752 sunt,
2209 2687 2463 2757 pretiose
2489 2684 2703 2754 induit,
2734 2684 3045 2757 quomodo
3094 2700 3215 2740 non
3246 2683 3435 2739 multo
3480 2682 3674 2751 magis

2022 2780 2076 2830 te
2115 2774 2339 2838 vestiet,
2366 2778 2606 2846 propter
2625 2790 2809 2845 quem
2834 2773 2933 2830 illa
2962 2772 3238 2829 formavit
3270 2774 3298 2829 ?
3321 2774 3385 2827 Et
3409 2770 3544 2826 licet
3587 2770 3674 2827 Fi-

2020 2862 2138 2918 lius
2167 2863 2293 2934 ipse
2316 2864 2589 2919 omnium
2602 2863 2915 2919 sitcreator
2940 2878 3010 2918 ac
3025 2863 3319 2934 provisor,
3346 2860 3425 2916 ad
3442 2861 3673 2917 Patrem

2023 2957 2241 3019 tamen,
2270 2952 2633 3009 creationem
2655 2967 2725 3007 ac
2753 2950 3189 3023 providentiam
3220 2950 3395 3006 refert
3426 2965 3437 3003 :
3461 2954 3669 3005 osten-

2020 3040 2169 3096 dens
2194 3041 2333 3096 hinc
2352 3039 2629 3096 eamdem
2656 3056 2795 3095 cum
2826 3039 2926 3095 illo
2957 3039 3074 3094 sibi
3105 3054 3234 3095 esse
3268 3037 3581 3093 scientiam
3602 3052 3674 3093 ac

2021 3128 2455 3201 providentiam
2487 3128 2581 3200 (z).
2612 3130 2887 3184 Nondum
2909 3128 3070 3184 enim
3088 3133 3324 3197 tempus
3350 3130 3475 3181 erat
3502 3140 3675 3181 suam

2021 3216 2330 3273 manifeste
2342 3218 2615 3287 detegere
2636 3217 3002 3273 divinitatem
3013 3256 3026 3282 ,
3043 3216 3303 3288 quemad
3313 3214 3451 3270 mod
3462 3230 3562 3269 um
3576 3214 3674 3268 de-

2020 3305 2401 3371 claravimus,
2424 3310 2789 3376 exponentes
2812 3309 3043 3377 partem
3069 3304 3169 3360 illa
3194 3321 3207 3359 :
3239 3302 3502 3359 Audistis
3521 3302 3675 3373 quod

2019 3395 2248 3453 dictum
2276 3394 2351 3449 sit
2381 3394 2630 3465 antiquis
2664 3410 2675 3449 :
2708 3395 2840 3451 Non
2870 3394 3110 3450 occides.

2093 3485 2254 3539 Vers.
2286 3487 2372 3539 3t.
2407 3483 2490 3540 Ne
2511 3514 2581 3525 —
2627 3483 2952 3553 opem'emur
2973 3487 3001 3537 ?
3056 3485 3311 3538 Rursum
3344 3479 3578 3537 iteravit
3600 3479 3677 3536 de

2021 3572 2414 3629 sollicitudine
2444 3588 2807 3634 sermonem.
2834 3576 3078 3644 propter
3102 3587 3259 3627 curae
3306 3569 3678 3634 violentiam,

2021 3676 2156 3731 qua:
2181 3661 2275 3715 vix
2301 3660 2480 3731 abjici
2532 3666 2741 3732 potest.
2772 3663 2853 3716 Tu
2898 3675 3038 3716 vero
3070 3659 3403 3723 considera,
3428 3658 3591 3729 quod
3628 3657 3679 3713 si

2020 3748 2195 3804 nobis
2221 3748 2459 3818 jussum
2490 3753 2598 3811 est,
2650 3763 2724 3802 ne
2754 3747 2829 3803 de
2878 3747 3057 3802 rebus
3099 3748 3278 3803 etiam
3322 3745 3678 3801 necessariis

2022 3838 2209 3893 simus
2261 3835 2511 3904 solliciti,
2568 3852 2755 3907 quam
2808 3835 3178 3908 sperabimus
3228 3836 3486 3899 veniam,
3537 3850 3679 3889 cum

2022 3925 2098 3981 de
2144 3924 2237 3980 his
2288 3924 2467 3981 etiam
2508 3940 2637 3996 quas
2680 3923 3017 3980 necessaria
3060 3939 3184 3980 non
3233 3929 3372 3980 sunt
3409 3922 3565 3979 anxii
3604 3922 3675 3977 si-

2024 4029 2158 4071 mus
2187 4013 2215 4069 ?

2095 4106 2233 4159 Vers
2264 4103 2352 4159 32.
2376 4102 2587 4158 Omnia
2613 4132 2681 4142 —
2708 4102 3043 4174 inquirunt.
3072 4100 3402 4174 lnquirunt,
3433 4099 3548 4156 hoc
3568 4104 3675 4164 est,

2023 4192 2251 4250 solliciti
2294 4196 2431 4248 sunt
2472 4191 2547 4247 de
2572 4190 2684 4247 his.
2732 4191 3051 4247 Considera
3080 4207 3093 4245 :
3118 4192 3328 4246 Gentes
3365 4189 3682 4245 irrationa-

2022 4281 2169 4337 lium
2222 4296 2406 4346 more,
2471 4279 2597 4335 solo
2648 4285 2962 4335 moventur
3002 4278 3381 4349 voluptatum
3452 4294 3676 4334 amore.

2022 4368 2275 4436 Quando
2292 4383 2433 4437 ergo
2464 4383 2657 4440 neque
2674 4367 2952 4438 gentibus
2976 4368 3410 4438 praestantiores
3449 4382 3677 4431 sumus,

2022 4458 2240 4530 quibus
2256 4457 2496 4528 jussum
2519 4461 2623 4521 est,
2655 4463 2717 4511 ut
2739 4460 2795 4511 et
2826 4456 3043 4513 Scribis
3081 4461 3136 4511 et
3162 4454 3471 4511 Pharisaais
3502 4453 3681 4511 virtu-

2024 4552 2077 4601 te
2111 4546 2298 4600 simus
2346 4544 2787 4609 eminentiores,
2829 4560 2951 4616 quo
2996 4542 3287 4614 supplicio
3335 4540 3504 4611 digni
3556 4557 3682 4599 non

2023 4634 2245 4691 erimus
2272 4632 2301 4687 ?

2095 4725 2259 4779 Vers.
2308 4723 2395 4778 32.
2438 4720 2552 4776 Scit
2577 4750 2644 4761 —
2674 4719 2967 4776 omnibus.
2999 4722 3322 4791 Postquam
3347 4717 3488 4773 satis
3517 4717 3680 4789 ipsos

2024 4810 2327 4885 corripuit,
2360 4824 2563 4867 rursus
2588 4807 2831 4866 aliunde
2852 4822 2954 4865 eos
2995 4805 3365 4865 adhortatur.
3396 4808 3495 4863 Est
3518 4804 3681 4863 enim

1541 4987 1767 5057 Variae
1803 4987 2132 5057 lectiones
2164 4999 2229 5055 et
2254 4994 2456 5055 notae.

409 5135 501 5207 30)
542 5135 863 5207 περιτίθεται
895 5141 956 5189 Α.

409 5138 480 5191 30
542 5135 863 5207 περιτίθεται
895 5141 956 5189 Α.

384 5134 503 5279 ξ31ζ
544 5210 657 5275 καὶ,
689 5206 858 5262 abest
890 5206 963 5260 Α.

390 5386 477 5456 (1')
508 5348 782 5440 Anianti:
820 5397 971 5456 more
1001 5380 1274 5456 -—_dicat.
1308 5382 1633 5456 interrogat
1653 5378 1811 5435 enim
1832 5379 1918 5436 di-

322 5450 479 5528 cens.
508 5451 1053 5528 Interpresvidetur
1082 5452 1291 5528 legisse
1324 5450 1595 5528 ἐρωτικῶς.

394 5526 479 5598 (y)
494 5521 787 5601 possessio.
808 5524 1047 5580 Videtur
1060 5521 1201 5594 ergo
1222 5521 1532 5579 Hentenius
1554 5521 1732 5579 etiam
1755 5536 1920 5593 repe-

2099 5129 2214 5201 (32)
2245 5133 2340 5201 μή,
2366 5128 2537 5185 abest
2566 5130 2631 5201 A_.

2100 5196 2209 5273 (33)
2242 5196 2340 5273 μή,
2372 5216 2482 5273 pro
2503 5196 2643 5272 μηδέ
2674 5203 2735 5254 Α.

2027 5378 2172 5433 risse
2229 5385 2431 5449 afﬁrm.
2458 5375 2653 5431 Malim
2672 5378 2873 5431 tamen
2900 5379 3117 5447 κτίσμα.
3150 5373 3352 5449 Iacob.
3389 5379 3441 5428 1.
3500 5376 3581 5430 18.

2098 5450 2175 5518 (z)
2224 5445 2525 5503 Sciéntiam
2577 5463 2645 5504 ac
2704 5445 3165 5517 providentiam.
3222 5445 3599 5502 Voluntatem
3630 5449 3688 5501 et

2026 5523 2406 5591 potestatem.
