4206 6310
531 296 638 352 255

1861 291 2153 350 EUTHYM
2162 294 2207 350 ΙΙ
2248 292 2579 353 ZIGABENI

3803 304 3924 360 256

529 421 910 495 praeceptoris
961 418 1250 488 ofﬁcium,
1298 422 1356 475 et
1390 417 1713 488 objurgare
1768 416 1913 474 dum
1934 419 2185 493 expedit,

2309 420 2467 474 κοίλου
2519 425 2609 475 καὶ
2653 421 2997 495 ἐπιπλήττειν,
3042 425 3090 477 ἐν
3137 422 3216 489 οἷς
3255 429 3382 499 χρὴ,
3422 430 3514 479 καὶ
3560 428 3908 502 παρακαλεῖν,

530 517 587 568 et
616 510 932 575 consolari,
954 526 1026 566 ac
1051 510 1329 582 utrinque
1348 508 1626 563 excitare.
1643 508 1772 563 Non
1793 507 1942 563 dixit
1957 513 2159 566 autem
2182 527 2194 565 :

527 600 651 659 Scit
672 602 848 667 Deus,
869 600 994 667 sed,
1020 598 1138 656 Scit
1158 601 1334 654 Pater
1354 603 1568 662 vester;
1603 611 1727 668 quo
1752 596 2068 653 maximam
2095 598 2201 655 ha-

527 691 711 747 beant
724 690 805 745 ﬂd
814 691 1028 747 nciam.
1046 690 1129 744 Ex
1146 703 1263 760 quo
1276 686 1439 743 enim
1456 689 1624 743 Pater
1650 687 1758 750 est,
1776 686 1980 743 ettalis
1999 687 2195 746 Pater,

524 778 679 836 ﬁlios
708 779 1009 850 despicere
1051 791 1175 833 non
1222 775 1455 848 poterit,
1489 779 1546 831 et
1574 774 1699 846 pati
1739 778 1806 830 ut
1863 790 2065 832 rerum
2086 788 2196 832 ‘ne-

530 868 927 926 cessariarum
975 864 1310 935 indigentia
1333 862 1635 927 deﬁciant,
1664 879 1804 919 cum
1843 880 2041 937 neque
2082 870 2201 922 ter-

534 958 656 1014 reni
684 960 885 1029 patres
914 955 973 1011 id
1005 954 1359 1011 sustineant.
1391 954 1457 1007 Et
1483 952 1628 1024 quia
1650 952 1936 1009 omnibus
1968 955 2060 1010 bis
2091 955 2202 1015 scit

526 1063 635 1105 vos
667 1045 954 1115 indigere,
983 1043 1151 1100 dabit
1183 1042 1407 1115 utique.
1445 1044 1571 1097 Non
1601 1045 1742 1097 sunt
1786 1042 1949 1098 enim
1993 1059 2199 1116 super-

528 1134 654 1191 ﬂua
683 1133 876 1197 edere,
904 1132 1121 1200 bibere,
1152 1136 1256 1187 aut
1286 1129 1509 1196 vestiri,
1547 1134 1609 1185 ut
1633 1129 1824 1201 possit
1867 1131 2193 1202 negligere,

530 1224 636 1280 sed
662 1222 897 1295 corpori
956 1221 1139 1288 utilia,
1192 1224 1370 1293 atque
1417 1224 1647 1276 naturae
1696 1219 1890 1292 ipsius
1927 1236 2199 1279 necesse-

529 1314 638 1370 ria.
672 1314 875 1385 Itaque
905 1327 1090 1384 quam
1115 1310 1215 1367 tibi
1273 1309 1579 1366 existimas
1609 1324 1745 1365 esse
1801 1325 2050 1367 causam
2089 1310 2198 1367 sol-

527 1401 875 1465 licitudinis,
910 1400 1104 1470 magis
1132 1414 1317 1455 causa
1342 1401 1432 1454 est
1458 1398 1822 1454 securitatis.
1855 1399 2007 1464 Quia
2035 1400 2196 1455 enim

527 1492 653 1547 haec
681 1489 1019 1546 necessaria
1051 1492 1208 1554 sunt,
1249 1486 1385 1543 ideo
1437 1486 1632 1556 magis
1684 1486 1988 1544 conﬁdere
2015 1502 2197 1560 opor‘

524 1582 622 1637 tet.
648 1580 790 1645 Quis
822 1578 971 1636 enim
1017 1582 1205 1651 pater,
1237 1577 1417 1635 etiam
1445 1576 1796 1634 necessaria
1840 1576 1980 1633 ﬁliis
2010 1577 2197 1634 dene-

526 1668 693 1740 gabit
719 1670 747 1725 ‘I

590 1759 750 1814 Vers.
805 1761 892 1814 33.
941 1755 1196 1825 Quaerite
1245 1787 1315 1796 —
1356 1754 1541 1812 vobis.
1585 1754 1857 1810 Primum
1898 1755 2013 1811 hoc
2086 1759 2194 1817 est.
2234 1772 2276 1826 Β

522 1852 659 1903 ante
688 1862 761 1903 ea
780 1862 911 1918 quae
933 1844 1169 1918 corpori
1195 1848 1334 1901 sunt
1364 1844 1704 1901 necessaria
1734 1858 1746 1897 :
1783 1843 1875 1899 vel
1894 1844 2198 1917 praecipue

522 1935 651 1991 sive
683 1935 961 1991 maxime.
992 1937 1263 2003 Regnum
1287 1947 1424 1988 vero
1451 1933 1554 1988 Dei
1574 1936 1748 1989 vocat
1773 1932 1868 1988 hic
1894 1932 2197 1992 bonorum

520 2026 877 2079 aeternorum
904 2020 1246 2076 fruitionem
1274 2036 1287 2086 ;
1318 2020 1614 2091 justitiam
1646 2023 1851 2076 autem
1882 2021 2034 2091 ejus,
2082 2021 2195 2079 hoc

520 2115 609 2167 est
629 2109 1115 2182 justiﬁcationem
1146 2124 1283 2181 quae
1315 2124 1351 2165 a
1379 2109 1498 2164 Deo
1553 2113 1663 2175 est,
1700 2112 1763 2164 ut
1788 2124 1895 2164 vos
1921 2108 2051 2181 ipse
2073 2110 2197 2181 jus“

521 2199 721 2266 tiﬁcet,
754 2197 845 2255 vel
869 2198 1280 2271 operationem
1323 2197 1587 2269 justitiae,
1623 2197 1747 2253 sive
1788 2196 2014 2253 virtutis
2065 2198 2193 2255 uni-

519 2288 785 2355 versalis,
822 2303 928 2359 per
974 2302 1160 2359 quam
1204 2286 1620 2359 justiﬁcamur.
1650 2286 1713 2341 Si
1743 2286 1906 2343 enim
1945 2286 2067 2343 haec
2091 2302 2192 2360 pe-

520 2378 724 2434 tieritis
788 2393 925 2450 quae
974 2381 1112 2433 sunt
1165 2378 1384 2434 animus
1455 2376 1823 2443 necessaria,
1880 2376 2059 2433 etiam
2114 2392 2185 2435 ea

521 2466 691 2524 dabit
741 2470 798 2523 et
846 2465 1101 2540 adjiciet,
1144 2481 1281 2540 quae
1339 2466 1574 2540 corpori
1628 2465 1969 2522 necessaria
2023 2471 2184 2523 sunt.

522 2559 672 2614 Nam
704 2556 979 2627 superius
1004 2571 1268 2628 quoque,
1301 2555 1405 2611 ubi
1430 2555 1630 2611 docuit
1669 2554 1980 2628 quomodo
2014 2570 2187 2613 orare

519 2647 810 2718 oporteat,
855 2645 1120 2717 primum
1171 2644 1421 2717 quidem
1467 2644 1662 2701 dicere
1707 2643 2031 2716 praecepit:
2079 2645 2187 2701 Pa-

519 2740 611 2791 ter
655 2739 879 2800 noster,
948 2734 1055 2804 qui
1091 2749 1148 2790 es
1193 2734 1252 2788 in
1311 2734 1495 2798 catis,
1545 2733 1938 2802 sancti/iretur
1979 2749 2184 2790 nomen

522 2828 691 2879 tuum
724 2839 736 2875 :
764 2821 1033 2880 adveniat
1078 2836 1331 2892 regnum
1378 2828 1585 2878 tuum:
1615 2822 1723 2891 ﬁat
1762 2821 2029 2878 voluntas
2077 2828 2184 2880 tua

514 2912 672 2968 sicut
699 2912 761 2967 in
789 2913 931 2968 caelo
955 2915 1005 2966 et
1032 2911 1097 2966 in
1128 2917 1309 2966 terra.
1365 2908 1585 2965 Deinde
1614 2924 1757 2966 vero
1787 2925 1806 2966 :
1834 2909 2054 2967 Panem
2080 2926 2179 2968 no-

518 3006 707 3056 strum
738 2998 1365 3070 supersubstantialem
1391 2996 1466 3055 da
1496 2997 1650 3053 nobis
1675 2997 1842 3054 hodie
1864 2999 1938 3055 ’⁸.
1979 3001 2180 3072 Neque

2309 516 2399 565 καὶ
2446 511 2800 585 ἀμφοτέρωθεν
2854 510 3142 589 διεγείρειν.
3194 515 3306 568 Ούκ
3354 512 3462 569 εἶπε
3502 514 3580 584 δέ,
3625 518 3705 570 ὅτι
3755 514 3917 572 Οἶδεν

2310 601 2335 653 6
2381 603 2528 667 Θεὸς,
2592 600 2697 654 ἀλλ’
2753 603 2832 654 ὅτι
2889 600 3044 656 Οἶδεν
3101 605 3127 656 6
3184 609 3366 680 Πατὴρ
3422 606 3584 677 ὑμῶν,
3631 608 3766 659 ὥστε
3812 610 3918 680 μοί⁹

2308 689 2465 742 λιστα
2518 689 2719 765 θαῤῥεῖν
2772 692 2980 754 αὐτούς.
3039 691 3174 745 Ἐπεὶ
3239 696 3337 768 γὰρ
3393 698 3569 768 Πατήρ
3627 693 3758 764 ἐστι,
3822 701 3917 750 καὶ

2312 784 2491 852 Πατήρ
2541 787 2790 848 τοιοῦτος,
2838 780 2897 833 οὐ
2956 777 3238 839 δυνήσεται
3283 778 3539 857 περιιδεῖν
3587 787 3703 846 τοὺς
3761 787 3915 848 υἱοὺς

2311 865 2482 940 ἐνδείᾳ
2566 877 2666 921 τῶν
2748 867 3041 941 ἀναγκαίων
3139 866 3611 944 διαφθειρομένους,

2310 952 2435 1009 οὐδὲ
2504 954 2816 1030 ἀνθρώπινοι
2887 962 3100 1033 πατέρες
3171 966 3326 1012 τοῦτο
3388 963 3723 1033 ὑπομένουσι.

3712 875 3916 947 ὅτουγε

3810 968 3915 1018 Καὶ

2309 1043 2422 1098 ἐπεὶ
2484 1042 2622 1098 οἶδεν
2702 1047 2781 1098 ὅτι
2845 1052 3074 1122 χρήζετε
3143 1053 3336 1101 τούτων
3414 1049 3673 1121 ἁπάντων,
3741 1048 3913 1106 δώσει

2310 1135 2530 1195 πάντως.
2572 1134 2647 1187 Ού
2676 1138 2776 1210 γὰρ
2822 1139 3062 1209 περιττὸν
3093 1140 3150 1189 τὸ
3182 1137 3373 1191 ἐσθίειν
3402 1144 3491 1192 καὶ
3519 1144 3682 1193 πίνειν
3714 1146 3803 1194 καὶ
3836 1141 3913 1195 ἓν·

2314 1219 2686 1297 διδύσκεσθαι,
2729 1223 2812 1277 ἳνα
2849 1229 2937 1278 καὶ
2978 1223 3203 1301 παρίδῃ·
3246 1226 3375 1280 ἀλλά
3415 1232 3668 1303 χρήσιμα
3695 1236 3767 1300 τῷ
3802 1235 3909 1282 σώο

2312 1331 2458 1385 ματι,
2514 1318 2604 1365 καὶ
2652 1311 2907 1385 ἀναγκαῖα
2961 1323 3023 1387 τῇ
3070 1318 3251 1367 τούτου
3309 1319 3479 1389 φύσει.
3529 1317 3708 1385 Ὥστε,
3764 1319 3793 1371 ὅ
3832 1338 3917 1371 νο-

2311 1401 2483 1474 μιζεις
2530 1405 2694 1454 αἴτιον
2743 1399 2872 1456 εἶναί
2929 1424 3013 1457 σοι
3063 1413 3158 1468 τῆς
3203 1410 3474 1479 μερίμνης,
3521 1413 3674 1459 τοῦτο
3716 1407 3914 1480 μᾶλλον

2312 1488 2450 1543 ἔστιν
2507 1493 2671 1543 αἰτιον
2736 1501 2831 1555 τῆς
2896 1492 3216 1568 ἀμεριμνίας,
3285 1494 3426 1548 Ἐπεὶ
3485 1499 3583 1571 φάρ
3649 1494 3915 1568 ἀναγκαῖα

2310 1586 2494 1649 ταῦτα,
2529 1576 2623 1632 διὰ
2663 1588 2815 1633 τοῦτο
2840 1581 3071 1654 μάλιστα
3097 1587 3207 1658 χρὴ
3244 1582 3463 1658 θαρρεῖν.
3500 1590 3649 1645 Ποῖος
3676 1587 3776 1659 γὰρ
3811 1606 3913 1639 πα-

2309 1672 2407 1742 τὴρ
2457 1666 2686 1732 ἀνέξεται
2726 1673 2861 1742 μηκε
2887 1672 2955 1723 τὰ
3001 1671 3261 1743 ἀναγκαῖα
3287 1680 3538 1748 χορηγεῖν
3570 1679 3675 1734 τοῖς
3709 1679 3871 1728 παισί
3895 1694 3910 1744 ;

2380 1765 2591 1816 Ζητείτε
2648 1790 2717 1798 -
2779 1760 2919 1832 ύμῖν.
2994 1766 3225 1835 Πρῶτον,
3290 1763 3403 1814 ἀντὶ
3474 1768 3586 1835 τοῦ,
3644 1766 3744 1836 πρὸ
3806 1773 3912 1817 τῶν

2310 1845 2603 1919 ἀναγκαίων
2676 1856 2768 1900 τοῦ
2840 1854 3099 1921 σώματος,
3157 1853 3187 1908 ἧ
3249 1847 3364 1903 ἀντὶ
3425 1858 3537 1919 τοῦ,
3611 1849 3909 1926 ἐξαιρέτως,

2306 1940 2396 1988 καὶ
2448 1935 2700 2008 μάλιστα.
2785 1936 3057 1990 Βασιλείαν
3127 1934 3186 1991 δε
3254 1946 3387 1993 Θεοῦ
3446 1939 3581 2012 λέγει
3635 1947 3742 2010 νῦν,
3810 1947 3911 2001 τήν

2308 2023 2594 2077 ἀπόλαυσιν
2659 2034 2759 2077 τῶν
2839 2025 3057 2078 αἰωνίων
3128 2025 3355 2099 ἀγαθῶν.
3438 2031 3779 2088 Δικαιοσύνην
3849 2027 3913 2085 δὲ

2306 2112 2485 2182 αὐτοῦ,
2535 2117 2629 2172 τὴν
2679 2110 2959 2167 δικαίωσιν
3003 2118 3099 2174 τὴν
3142 2114 3262 2191 παρ’
3307 2124 3490 2188 αυτοῦ,
3519 2120 3604 2169 ἵνα
3638 2113 3907 2193 δικαιώσῃ

2303 2202 2440 2274 ὑμᾶς
2475 2201 2649 2265 αὐτὸς·
2704 2201 2758 2275 [ἤ
2808 2208 2903 2260 τήν
2954 2204 3072 2275 (34)
3117 2207 3442 2280 κατόρθωσιν
3491 2214 3586 2268 τῆς
3628 2202 3910 2260 δικαίοσύο

2300 2310 2408 2357 νης,
2463 2294 2579 2350 ἤτοι
2607 2300 2698 2352 τῆς
2727 2292 2949 2345 καθόλου
3003 2291 3210 2367 ἀρετῆς,
3248 2290 3306 2346 δί
3352 2294 3413 2353 ἣν
3465 2291 3663 2347 δίκαιοι
3699 2299 3909 2369 γινόμε-

2304 2381 2385 2433 θα.
2412 2377 2435 2453 ]
2470 2380 2530 2433 Εἰ
2557 2383 2658 2455 γὰρ
2690 2386 2804 2456 περὶ
2838 2384 3032 2434 τούτων
3062 2382 3271 2454 αἰτεῖτε,
3301 2387 3456 2436 ὄντων
3485 2381 3782 2456 ἀναγκαίων
3813 2394 3909 2448 τῆς

2304 2467 2512 2541 ψυχῆς,
2544 2471 2712 2522 ταῦτά
2740 2489 2795 2522 τε
2839 2469 3022 2539 δώσει,
3065 2476 3155 2523 καὶ
3194 2475 3490 2546 προσθήσει
3519 2477 3608 2525 ακὶ
3633 2475 3701 2526 τὰ
3747 2475 3908 2548 ἀναγ-

2296 2563 2422 2610 καῖα
2445 2565 2536 2610 τοῦ
2570 2563 2830 2631 σώματος.
2876 2563 2977 2612 Καὶ
3004 2562 3106 2636 γὰρ
3136 2566 3226 2613 καὶ
3257 2560 3446 2627 ὀπίσω,
3482 2559 3529 2613 ἔν
3561 2559 3633 2623 οἷς
3665 2559 3901 2632 ἐδίδαξε,

2294 2654 2404 2709 πῶς
2445 2644 2526 2700 δεῖ
2542 2650 2815 2720 εὑχεσθαι,
2848 2657 3049 2723 πρῶτον
3073 2652 3164 2722 μὲν
3195 2646 3302 2703 εἷπε
3330 2649 3513 2723 λέγειν,
3543 2653 3713 2726 Πάτερ
3746 2655 3896 2726 ήμῶν

2296 2736 2321 2787 ὁ
2384 2734 2432 2787 ἐν
2498 2743 2608 2799 τοῖς
2681 2737 2937 2811 οὐρανοῖς,
3020 2738 3327 2810 ἁγιασθήτω
3397 2742 3456 2792 τὸ
3531 2739 3693 2813 ὄνομα
3775 2761 3892 2808 σου,

2294 2822 2474 2877 ἐλθέτω
2545 2827 2575 2885 ἡ
2659 2825 2907 2899 βασιλεία
2975 2846 3091 2894 σου,
3168 2829 3438 2900 γενηθήτω
3551 2832 3611 2881 τό
3696 2828 3891 2902 θέλημά

2299 2932 2415 2983 σον,
2470 2917 2540 2976 ὡς
2590 2914 2640 2967 ἐν
2694 2914 2893 2991 οὐρανῷ
2952 2920 3042 2968 καὶ
3103 2914 3186 2969 ἐπὶ
3255 2924 3348 2979 τῆς
3403 2923 3527 2989 γῆς·
3577 2921 3749 2972 ἔπειτα
3796 2914 3875 2991 δί,

2289 3005 2388 3057 Τὸν
2442 3002 2595 3077 ἆρτον
2653 3005 2799 3077 ἡμῶν
2851 3008 2937 3057 τὸν
2989 3003 3251 3057 ἐπιούσιον
3311 3001 3401 3067 δὸς
3453 3007 3578 3080 ἡμῖν
3648 3012 3890 3081 σήμερον.

520 3088 680 3145 enim
699 3087 777 3145 ad
802 3089 915 3144 hoc
932 3087 1069 3144 facti
1093 3103 1325 3159 sumus,
1347 3091 1412 3143 ut
1437 3087 1689 3145 edamus
1708 3091 1764 3143 et
1793 3086 2077 3144 bibamus
2109 3103 2179 3146 ac

2296 3092 2369 3150 Ού
2420 3095 2521 3168 γὰρ
2573 3089 2668 3146 διὰ
2738 3099 2891 3146 τοῦτο
2960 3098 3262 3167 γεγόναμεν,
3320 3094 3403 3146 ἵνα
3457 3093 3729 3169 ἐσθίωμεν,
3800 3116 3893 3150 και
3978 3143 3993 3151 -

515 3179 879 3238 vestiamur:
913 3176 1019 3234 sed
1049 3180 1114 3234 ut
1137 3178 1254 3233 Deo
1271 3176 1732 3249 complacentes,
1768 3177 2000 3233 aeternis
2021 3176 2179 3235 frua-

518 3282 657 3323 mur
684 3266 881 3323 bonis.

588 3357 655 3411 Et
678 3355 757 3412 ad
783 3355 899 3411 hoc
948 3355 1209 3412 maxime
1256 3355 1535 3412 convenit
1584 3355 1779 3412 vivere
1811 3355 1956 3429 (aa),
1989 3354 2171 3428 idque

523 3442 722 3513 magis
746 3443 1068 3514 postulare.
1088 3444 1208 3500 Nisi
1232 3444 1393 3499 enim
1417 3443 1532 3499 hoc
1560 3444 1926 3515 petierimus,
1949 3460 2173 3516 nequa-

519 3547 708 3604 quam
738 3529 909 3587 dabit
941 3549 952 3583 :
986 3546 1059 3587 ea
1079 3546 1216 3588 vero
1238 3546 1373 3603 quae
1399 3532 1635 3604 corpori
1656 3531 1997 3588 necessaria
2013 3538 2173 3603 sunt,

518 3625 575 3678 et
602 3622 887 3692 petentes,
920 3622 977 3676 et
1018 3634 1142 3675 non
1174 3625 1439 3692 petentes
1482 3620 1866 3694 accipiemus,
1931 3627 2175 3694 propter

517 3708 785 3782 corporis
803 3710 1325 3777 sustentationem,
1345 3710 1869 3785 quemadmodum
1895 3716 1952 3768 et
1968 3717 2173 3784 gentes

513 3798 852 3856 incredulae.
904 3800 1058 3857 Nam
1118 3799 1339 3858 idcirco
1383 3800 1531 3858 dixit
1561 3817 1575 3857 :
1603 3801 1998 3872 Adjicientur.
2045 3804 2173 3859 Non

514 3904 656 3960 ergo
684 3889 761 3946 de
785 3889 898 3947 hoc
928 3889 1247 3947 sollicitum
1299 3906 1427 3947 esse
1457 3895 1704 3964 oportet,
1762 3891 1931 3963 quod
1992 3892 2174 3949 etiam

514 3977 745 4050 absque
766 3977 1156 4034 sollicitudine
1169 3995 1382 4034 sumus
1399 3979 1721 4051 accepturi,
1751 3979 1857 4035 sed
1886 3979 1961 4036 de
1988 3979 2173 4037 altero

512 4067 696 4141 priori
745 4082 817 4123 ac
867 4067 1101 4139 potiori.
1150 4069 1365 4123 Verum
1388 4068 1436 4122 si
1464 4082 1537 4123 ea
1591 4083 1723 4138 quae
1768 4069 2001 4140 corpori
2035 4072 2175 4127 sunt

513 4155 867 4221 necessaria,
913 4154 1087 4210 nobis
1130 4154 1309 4211 etiam
1348 4170 1471 4210 non
1530 4154 1874 4227 petentibus
1926 4156 2170 4228 praebet,

512 4257 699 4316 quare
712 4256 853 4310 ergo
865 4241 1063 4312 jussit,
1082 4246 1147 4298 ut
1168 4256 1389 4314 panem
1406 4247 1677 4314 petemus
1713 4259 1923 4315 supers
1933 4244 2175 4301 ubstan-

512 4329 714 4388 tialem
744 4331 773 4386 ?
804 4332 930 4387 Non
960 4328 1142 4387 aliam
1168 4330 1248 4387 ob
1278 4346 1550 4399 causam,
1579 4346 1767 4405 quam
1794 4337 1856 4389 ut
1886 4332 1986 4389 tali
2031 4334 2175 4407 peti-

513 4419 675 4477 tione
705 4418 1000 4475 fateamur
1027 4419 1226 4492 ipsum
1270 4435 1421 4489 esse,
1468 4421 1575 4493 qui
1624 4435 1737 4477 nos
1791 4421 1957 4482 alat:
1991 4426 2172 4495 utque

511 4509 629 4565 hoc
657 4507 1023 4574 conﬁtentes,
1075 4508 1177 4567 tali
1206 4508 1394 4567 animi
1438 4509 1798 4582 gratitudine
1845 4511 2170 4569 familiares

513 4596 854 4655 efﬁciamur.

578 4689 736 4744 Vers.
769 4686 856 4743 34.
918 4688 1094 4745 Ne—
1143 4689 1242 4745 sui
1288 4688 1491 4761 ipsius.
1552 4691 1699 4747 Cum
1732 4690 2004 4763 superius
2034 4690 2170 4747 sim-

509 4775 742 4850 pliciter
764 4775 1008 4834 dixisset
1030 4794 1043 4833 :
1076 4777 1160 4835 Ne
1172 4777 1410 4835 soliiciti
1425 4779 1571 4847 silis,
1598 4779 1913 4837 videbatur
1935 4779 2167 4836 univer-

508 4866 709 4923 saliter
737 4882 978 4924 omnem
994 4882 1203 4924 eorum
1215 4884 1353 4942 quae
1379 4866 1616 4942 corpori
1646 4869 1979 4926 necessaria
2006 4873 2163 4937 sunt,

507 4958 854 5028 amputasse
904 4971 1130 5015 curam.
1184 4960 1391 5030 itaque
1418 4956 1791 5015 manifestius
1836 4956 1933 5014 hic
1970 4956 2162 5027 docet,

585 5132 632 5169 ³⁸
670 5130 868 5190 Matth.
896 5149 974 5206 v1,
1005 5134 1152 5190 9-11.

2288 3184 2536 3255 πινῶμέν,
2587 3186 2674 3234 καὶ
2742 3178 3066 3255 ὢδυὼμεθα,
3125 3182 3232 3235 ἀλλ’
3292 3186 3377 3237 ἵνα
3447 3184 3893 3261 εὐαρεστήσαντες

2289 3270 2451 3342 αὐτῷ,
2488 3278 2586 3323 τῶν
2618 3270 2834 3323 αἰωνίων
2866 3269 3238 3346 ἀπολαύσωμεν
3264 3274 3492 3345 ἀγαθῶν.

2360 3362 2456 3412 Διὰ
2498 3366 2652 3412 τοῦτο
2706 3358 2940 3433 μάλιστα
2993 3364 3102 3435 χρὴ
3156 3361 3329 3422 ζητεῖν
3377 3365 3467 3414 καὶ
3519 3362 3645 3437 ὑπὲρ
3703 3364 3891 3416 τούτου

2286 3448 2475 3521 μᾶλλον
2521 3449 2699 3505 αἰτεῖν.
2749 3455 2914 3502 Τοῦτο
2967 3452 3056 3521 μὲν
3104 3452 3205 3522 γὰρ
3248 3447 3332 3501 ἐὰν
3379 3454 3451 3523 μὴ
3514 3450 3775 3524 ζητῶμεν,
3831 3451 3890 3504 ού

2289 3533 2470 3590 δώσει·
2517 3540 2585 3590 τὰ
2633 3533 2683 3590 δ’
2743 3535 3004 3609 ἀναγκαῖα
3032 3545 3124 3591 τοῦ
3158 3543 3411 3611 σώματος,
3468 3544 3556 3591 καὶ
3604 3540 3886 3609 αἰτοῦντες,

2286 3630 2376 3679 καὶ
2431 3630 2503 3699 μὴ
2572 3626 2834 3689 αἰτοῦντες
2896 3625 3239 3700 λαμϐάνομεν,
3302 3624 3394 3680 διὰ
3462 3632 3556 3686 τήν
3628 3630 3888 3682 σύστασιν

2285 3722 2376 3769 τοῦ
2435 3721 2695 3788 σώματος,
2758 3717 2824 3777 ὡς
2876 3720 2965 3768 καὶ
3014 3718 3081 3767 τὰ
3134 3714 3335 3769 ἄπιστα
3388 3718 3535 3776 ἔθνη.
3583 3721 3678 3770 Διά
3732 3725 3883 3772 τοῦτο

2284 3806 2385 3880 γὰρ
2449 3801 2604 3875 εἶπεν,
2679 3804 2759 3857 ὅτι
2833 3805 3276 3878 Προστεθήσεται.
3346 3803 3507 3858 *Ωστε
3587 3806 3692 3878 οὐχ
3759 3808 3884 3882 ὑπὲρ

2284 3895 2470 3946 τούτου
2522 3897 2631 3967 χρή
2687 3898 2959 3966 μεριμνᾷν,
3014 3893 3041 3945 ὅ
3090 3897 3180 3945 καὶ
3236 3897 3308 3966 μή
3359 3894 3698 3969 μεριμνῶντες
3747 3894 3886 3967 λαμ-

2285 3981 2523 4055 ϐάνομεν,
2595 3980 2699 4033 ἀλλ’
2774 3983 2901 4055 ὑπὲρ
2974 3979 3186 4035 ἐκείνου.
3255 3986 3355 4039 Καὶ
3408 3982 3452 4035 εἰ
3490 3986 3575 4045 ,τὰ
3627 3982 3888 4056 ἀναγκαῖα

2282 4078 2374 4124 τοῦ
2444 4076 2684 4143 σώματος
2750 4075 2993 4145 παρέχει,
3050 4074 3140 4122 καὶ
3207 4074 3279 4144 μὴ
3359 4071 3635 4125 αἰτούντων
3714 4074 3884 4145 ἡμῶν,

2285 4156 2431 4212 διατί
2501 4159 2788 4234 προσέταξε
2847 4159 3018 4220 ζητεῖν
3087 4163 3174 4212 τόν
3233 4161 3388 4234 ἄρτον
3440 4163 3528 4212 τόν
3578 4162 3880 4235 ἐπιούσιον,

2284 4247 2514 4312 Πάντως,
2570 4253 2655 4300 ῖνα
2707 4244 2801 4301 διὰ
2868 4255 2962 4311 τῆς
3009 4250 3252 4310 τοιαύτης
3322 4249 3573 4310 αἰτήσεως
3627 4249 3883 4323 ὁμολογῶ-

2281 4354 2392 4408 μεν,
2456 4336 2537 4388 ὃτι
2591 4335 2742 4398 αύτὸς
2798 4335 2941 4390 ἔστιν
3001 4338 3025 4390 ό
3082 4340 3274 4411 τρέφων
3322 4340 3482 4411 ἡμᾶς,
3536 4342 3626 4390 καί
3693 4339 3799 4412 οὐχ
3848 4341 3879 4399 ἡ

2284 4421 2492 4485 σπουδὴ
2548 4427 2714 4499 ἡμῶν,
2773 4430 2862 4479 καὶ
2918 4428 3005 4478 ἵνα
3059 4433 3210 4479 τοῦτο
3269 4427 3433 4488 οὕτως
3497 4427 3879 4501 ὁμολογοῦντες,

2280 4512 2582 4589 οἰκειότεροι
2639 4515 2905 4586 γινῳμεθα
2957 4510 3052 4566 διὰ
3115 4513 3224 4586 (35)
3286 4519 3381 4574 τὸν
3450 4517 3871 4590 εὐγνωμοσύνην.

2349 4695 2436 4750 Μὴ
2489 4721 2558 4732 -
2627 4689 2833 4753 ἑαυτῆς.
2897 4692 3104 4745 Ὀπίσω
3174 4691 3327 4745 εἰπών
3388 4692 3582 4764 ἁπλῶς,
3660 4695 3742 4747 ὅτι
3792 4697 3874 4752 Μὴ

2277 4785 2649 4854 μεριμνήσητε,
2709 4775 2879 4833 ἐδόκει
2953 4779 3208 4843 παντελῶς
3276 4780 3538 4835 ἐκκόπτειν
3618 4786 3720 4842 τὴν
3784 4784 3873 4855 μέ-

2275 4889 2461 4943 ριμναν
2537 4876 2637 4922 τῶν
2709 4867 2999 4941 ἀναγκαίων
3058 4877 3151 4922 τοῦ
3224 4876 3481 4944 σώματος’
3554 4871 3733 4925 λοιπόν
3791 4870 3879 4924 οὖν

2275 4956 2495 5012 ἐνταῦθα
2549 4953 2801 5011 διδάσκει
2852 4963 3214 5034 φανερώτερον,
3267 4961 3349 5014 ὅτι
3390 4965 3480 5020 τήν
3680 4960 3766 5015 ἐπί
3813 4968 3877 5035 τῇ

1712 5233 1939 5303 Variae
1967 5232 2293 5302 lectiones
2326 5239 2394 5301 et
2430 5242 2632 5301 notae.

581 5371 954 5444 (34llnclusa
1000 5371 1213 5428 omittit
1250 5374 1307 5429 Β.
1342 5373 1562 5431 Eadem
1589 5373 1649 5432 in
1687 5376 1961 5444 margine
2012 5375 2171 5433 inve-

509 5443 677 5500 nerat
706 5443 1045 5500 Hentenius.
1070 5445 1222 5515 Ergo
1253 5445 1311 5501 in
1341 5446 1459 5501 fine
1482 5446 1665 5517 hujus
1686 5443 1895 5505 scholii
1926 5447 2170 5505 addide-

2277 5379 2389 5434 rat.
2423 5376 2851 5434 Revocavimus
2879 5391 3022 5448 ergo
3051 5376 3132 5435 ad
3160 5393 3339 5435 suum
3364 5377 3590 5436 locum.

2351 5447 2464 5521 (35)
2501 5457 2590 5510 τῆς
2619 5447 3040 5523 εὐγνωμοσύνης.
3076 5454 3144 5506 Α.

587 5618 709 5701 (αα)
735 5618 812 5676 Et
849 5619 931 5679 ad
954 5620 1064 5680 hoc
1087 5653 1156 5664 —
1176 5625 1397 5684 vivere.
1436 5624 1759 5698 Propterea
1785 5624 1900 5683 hoc
1924 5624 2186 5685 maxime
2214 5629 2447 5701 oportet
2471 5640 2758 5701 quaerere.
