4206 6310
350 368 455 432 257
1371 357 1738 417 ΟΟΜΜΕΝΤ.
1784 354 1851 413 ΙΝ
1892 354 1989 411 MA

2102 350 2335 409 H/EUM.
2380 381 2444 390 —
2485 349 2641 406 CAP.
2683 346 2803 403 VII.
3614 344 3717 397 258

356 500 610 571 ἕνεστώση
661 496 833 568 ἡμέρᾳ
876 496 1164 565 συγχωρεῖ,
1216 494 1284 554 ὡς
1332 489 1635 560 ἀναγκαίαν,
1695 479 1787 537 διὰ
1858 486 1989 540 τηνλ

2107 478 2222 535 uod
2256 492 2389 533 eam
2430 490 2594 540 sane,
2634 490 2770 545 quae
2802 472 2875 527 de
2908 468 3191 528 hodierno
3234 471 3330 527 die
3370 475 3480 535 est,
3511 486 3719 526 curam

2058 566 2377 639 permittat,
2396 570 2676 635 tanquam
2700 566 2939 633 propter
2962 562 3224 633 corporis
3245 560 3719 616 imbecillitatem

2060 655 2466 712 necessariam
2497 669 2509 707 :
2540 668 2675 708 eam
2706 666 2841 707 vero
2873 667 3009 723 quae
3050 651 3124 705 de
3159 650 3418 706 crastino
3448 654 3557 713 est,
3595 654 3724 704 tan-

2061 760 2245 816 quam
2280 741 2643 814 superﬂuam
2670 741 2946 809 denegat.
2976 740 3278 795 Crastinus
3315 740 3475 795 enim
3494 740 3642 803 dies,
3667 741 3724 793 et

2061 837 2193 905 ipse
2222 848 2427 888 rursus
2459 831 2550 885 sui
2581 829 2769 901 ipsius
2811 845 3017 884 curam
3053 828 3320 895 habebit,
3360 828 3484 884 sive
3514 844 3721 885 eorum

2063 921 2287 994 quibus
2317 921 2376 975 in
2412 920 2542 991 ipso
2573 934 2728 990 opus
2781 918 2886 973 erit
2919 917 3162 973 homini.
3214 918 3468 982 Quidam
3523 921 3725 974 autem

2065 1010 2287 1076 dicunt,
2330 1008 2603 1080 superius
2630 1006 2870 1078 quidem
2894 1021 3135 1061 omnem
3163 1005 3570 1060 universaliter
3602 1020 3727 1060 am-

2067 1105 2307 1171 putasse
2351 1112 2575 1159 curam,
2628 1094 2809 1167 idque
2839 1094 2915 1149 ad
2966 1093 3340 1164 perfectiores
3384 1093 3576 1164 dirigi.
3626 1093 3726 1148 Hic

2071 1191 2271 1245 autem
2290 1202 2423 1242 eam
2448 1184 2792 1248 concedere,
2820 1198 2952 1255 quae
2982 1182 3285 1255 praesentis
3317 1188 3401 1238 est
3424 1181 3561 1247 diei,
3594 1196 3729 1253 pro-

2072 1280 2202 1349 pter
2232 1275 2583 1331 imbecilles.

2148 1366 2307 1420 Vers.
2336 1364 2429 1421 34.
2470 1362 2707 1432 Sufﬁcit
2739 1393 2806 1401 —
2831 1376 3022 1419 suum.
3055 1359 3271 1416 Malum
3300 1360 3396 1418 hic
3429 1365 3591 1416 vocat
3630 1375 3735 1415 cu-

2074 1471 2228 1521 ram,
2259 1454 2551 1509 miseriam
2578 1457 2632 1507 et
2662 1451 3015 1507 calamitates
3049 1466 3184 1522 quas
3216 1450 3482 1522 undique
3530 1464 3736 1519 prove-

2077 1544 2269 1607 niunt,
2304 1542 2537 1615 ipsique
2570 1540 2890 1603 sufficiunt,
2931 1556 3040 1595 nec
3074 1544 3298 1611 oportet
3324 1538 3441 1593 diei
3475 1539 3735 1594 crastino

2081 1633 2249 1689 etiam
2281 1631 2502 1687 addere
2534 1629 3007 1694 sollicitudinem,
3038 1628 3357 1699 ipsumque
3384 1643 3734 1697 aggravare,

2082 1738 2221 1777 cum
2240 1721 2298 1775 id
2334 1719 2508 1775 nobis
2539 1718 2678 1774 utile
2708 1733 2840 1773 esse
2871 1732 2993 1773 non
3035 1716 3221 1787 possit
3245 1716 3321 1772 ad
3353 1731 3593 1787 operam
3624 1716 3740 1787 spi-

383 1805 628 1878 ἐργασίαν
681 1802 1050 1871 πνευματικήν.
1109 1801 1280 1849 Κακία
1308 1799 1406 1869 γὰρ
1474 1794 1697 1865 λέγεται,
1751 1794 1810 1845 οὐ
1872 1794 1971 1866 μό-

2102 1810 2375 1867 itualem.
2412 1808 2632 1863 Dicitur
2663 1808 2821 1862 enim
2872 1806 3100 1861 malum
3130 1811 3187 1860 et
3233 1805 3399 1876 quod
3440 1805 3537 1860 hic
3581 1810 3741 1857 κακία

382 1912 465 1944 νον
514 1892 543 1947 ἡ
601 1892 843 1961 πονηρία,
886 1886 1013 1938 ἀλλὰ
1077 1890 1167 1936 καὶ
1215 1887 1279 1935 τὰ
1324 1884 1565 1956 ῥηθέντα.
1607 1887 1707 1936 Καὶ
1736 1886 1833 1957 γὰρ
1886 1888 1974 1935 καὶ

2102 1900 2318 1963 iicitur,
2333 1912 2453 1953 non
2484 1896 2678 1951 solum
2709 1895 2943 1957 vitium,
2971 1898 3076 1948 sed
3107 1898 3163 1948 et
3184 1909 3255 1949 ea
3284 1909 3420 1964 quae
3452 1895 3633 1949 modo
3657 1895 3742 1949 di-

2086 1992 2183 2043 cta
2214 1989 2377 2041 sunt.
2407 1983 2719 2056 Siquidem
2750 1982 2808 2037 in
2840 1981 2967 2037 aliis
3000 1996 3237 2052 quoque
3278 1981 3427 2036 locis
3448 1981 3662 2036 dicitur
3686 1987 3742 2037 et

2088 2079 2267 2139 κακία,
2319 2074 2429 2135 ira.
2488 2072 2609 2127 sive
2660 2070 2965 2140 ﬂagellum
2995 2085 3031 2125 a
3090 2069 3743 2125 Deoincitatum:Non

2088 2170 2189 2227 est,
2212 2162 2422 2234 inquit,
2460 2164 2703 2230 malum,
2746 2159 2905 2230 quod
2961 2158 3244 2214 Dominus
3298 2174 3415 2214 non
3438 2160 3645 2228 fecerit
3674 2161 3741 2214 ³⁵.

2092 2256 2157 2308 Et
2188 2268 2391 2307 rursus
2427 2268 2437 2303 :
2471 2250 2606 2320 Ego,
2648 2249 2746 2313 ait,
2790 2248 3013 2318 faciens
3052 2262 3253 2315 pacem
3292 2254 3347 2304 et
3381 2264 3582 2304 creans
3624 2264 3747 2304 ma-

2094 2340 2213 2397 lum
2244 2342 2311 2406 ’7,
2368 2340 2480 2395 hoc
2526 2343 2630 2405 est,
2666 2338 2876 2402 fames,
2911 2340 3104 2408 pestes
3142 2352 3212 2392 ac
3248 2336 3481 2391 similia.
3534 2338 3749 2393 Tristia

2094 2428 2253 2486 enim
2304 2432 2360 2485 et
2388 2427 2772 2484 afﬂictionem
2824 2424 3149 2490 aﬂ‘erentia,
3207 2426 3626 2481 consuevimus
3661 2426 3745 2479 di-

2095 2534 2224 2575 cere
2252 2517 2432 2573 mala.

2169 2609 2311 2678 Cap.
2333 2606 2447 2672 VII,
2470 2620 2619 2661 vers.
2643 2606 2695 2658 1.
2713 2601 3333 2672 Nolite—judicemini.
3364 2605 3405 2673 -ι-
3423 2602 3751 2675 Οἰοὶιϐῒηγο

2099 2700 2402 2752 sostomus
2462 2695 2523 2749 in
2580 2693 2945 2765 expositione
3008 2692 3279 2763 Epistolae
3337 2692 3417 2748 ad
3474 2693 3751 2748 Hebraeos

2100 2784 2289 2840 illud:
2327 2784 2525 2840 Nolite
2556 2783 2835 2852 judicare
2881 2796 2951 2836 ne
2994 2779 3348 2851 judicemini
3390 2782 3460 2847 ³⁸,
3515 2782 3588 2836 de
3636 2783 3754 2837 vita

2100 2874 2231 2939 diei,
2303 2888 2426 2929 non
2489 2872 2563 2927 de
2594 2871 2738 2928 ﬁde.
2770 2870 3047 2925 Similiter
3101 2873 3158 2924 et
3204 2870 3350 2925 illud
3405 2887 3418 2925 :
3469 2871 3756 2937 Quaecun-

2099 2978 2207 3035 que
2252 2961 2522 3018 dixerint
2570 2959 2726 3017 vobis
2756 2966 2822 3015 ut
2868 2958 3117 3025 servetis,
3167 2966 3402 3016 servate
3447 2966 3499 3015 et
3547 2961 3752 3029 facite,

2102 3055 2148 3088 ³ο
2178 3053 2446 3117 verbum,
2474 3055 2544 3105 ut
2593 3049 2854 3113 servetis,
2888 3048 2961 3104 de
3004 3047 3280 3119 operibus
3318 3064 3467 3114 esse,
3520 3064 3643 3105 non
3682 3049 3757 3105 de

2030 3184 2070 3239 Ο
2100 3141 2243 3239 ﬁde.

2175 3232 2204 3284 J
2213 3229 2474 3285 udicium
2499 3228 2614 3284 hoc
2640 3227 2771 3283 loco
2809 3242 2919 3298 pro
2951 3226 3447 3282 condemnatione
3483 3227 3756 3299 accipito.

359 590 622 642 ἀσθένειαν
673 593 763 637 τοῦ
823 589 1058 655 σώματος
1116 587 1207 638 τὴν
1268 577 1325 632 δὲ
1377 586 1470 639 τῆς
1524 580 1700 647 αὔριον
1752 574 1949 643 ἀπαγο-

358 680 512 755 ρεύει,
573 679 642 735 ὡς
702 677 971 745 περιττήν.
1012 670 1069 722 Ἠ
1124 673 1221 744 γὰρ
1272 672 1448 740 αὔριον
1488 668 1657 739 ἡμέρα
1709 663 1805 724 ἔξει
1860 665 1950 711 καὶ

360 767 488 822 αὐτὴ
544 763 700 817 πάλιν
750 766 843 819 τὴν
901 764 1149 833 μέριμναν
1201 766 1299 809 τῶν
1362 756 1567 819 ἑαυτῆς,
1636 756 1816 821 ἤγουν,
1885 748 1951 799 ὧν

358 854 408 907 εν
442 852 575 924 αὐτῇ
610 850 806 925 χρηζει
855 850 879 899 ὁ
925 849 1213 921 ἄνθρωπος,
1263 847 1402 904 Τινὲς
1450 840 1510 895 δέ
1558 861 1733 913 φασιν,
1784 839 1953 891 ὀπίσω

357 961 449 1016 μεν
492 923 752 1000 παντελῶς
789 936 1010 1007 ἐκκόψαι
1065 941 1159 992 τὴν
1218 938 1487 1008 μέριμναν,
1548 928 1641 983 διὰ
1692 932 1809 989 τοὺς
1863 923 1955 979 δυ-

354 1034 547 1090 νατούς
572 1047 585 1059 ⁸
619 1026 841 1080 ἐνταῦθα
880 1023 959 1093 δὲ,
1008 1031 1362 1097 συγχωρῆσαι
1396 1026 1488 1081 τὴν
1527 1028 1617 1080 τῆς
1668 1018 1959 1077 ἐνεστώσης

358 1122 578 1193 ἡμέρας,
617 1114 710 1170 διὰ
739 1119 856 1175 τοὺς
886 1113 1295 1187 ἀσθενεστέρους.

440 1356 679 1431 Ἀρκετὸν
718 1387 787 1397 -
839 1352 1018 1414 αὐτῆς.
1090 1354 1286 1406 Κακίαν
1357 1348 1577 1401 ἐνταῦθα
1642 1345 1796 1419 λέγει,
1871 1349 1963 1404 τὴν

373 1453 643 1523 μέριμναν,
709 1449 794 1499 τὸν
876 1448 1055 1507 κόπον,
1134 1444 1226 1501 τὰς
1288 1438 1642 1510 ἐπιγινομένοις
1723 1437 1967 1491 ἑκάστοτε

376 1538 666 1611 συμφορὰς,
715 1534 843 1607 οἷπερ
896 1531 1144 1606 ἀρκοῦσιν
1194 1529 1345 1600 αὐτῇ,
1398 1533 1487 1579 καὶ
1537 1527 1594 1578 οὐ
1644 1532 1753 1599 χρὴ
1803 1547 1966 1600 προσ-

380 1629 539 1679 θεῖναι
595 1630 683 1676 καὶ
739 1627 832 1680 τήν
890 1625 1141 1694 μέριμναν
1193 1627 1289 1679 τῆς
1348 1620 1546 1690 αὔριον,
1602 1621 1691 1668 καὶ
1740 1616 1969 1668 καταϐα-

380 1719 544 1789 ρύνειν
588 1713 769 1780 αὐτὴν,
820 1713 883 1770 ὡς
914 1714 985 1781 μὴ
1030 1705 1289 1760 δύνασθαι
1329 1708 1674 1778 χρησιμεύειν
1725 1707 1851 1777 ἡμῖν
1904 1705 1971 1765 εἰς

383 1980 430 2032 ἓν
470 1978 637 2037 ἄλλοις
692 1979 893 2050 εἴρηται
945 1978 1123 2038 κακία,
1179 1975 1207 2031 η
1274 1971 1516 2033 θεήλατος
1568 1971 1695 2045 ὀργὴ
1750 1976 1839 2023 καὶ
1878 1973 1975 2043 μά-

385 2066 519 2129 στιξ.
580 2064 689 2117 Οὐκ
746 2067 857 2118 ἔστι
916 2066 1038 2137 γὰρ,
1093 2067 1244 2134 φησὶ,
1312 2065 1473 2113 κακία
1535 2059 1582 2112 ἐν
1666 2060 1829 2125 πόλει,
1916 2060 1975 2117 ἣν

386 2159 571 2230 Κύριος
621 2154 715 2205 οὐκ
769 2152 1000 2209 ἐποίησε.
1036 2156 1135 2203 Καὶ
1180 2150 1329 2211 αὖθις
1362 2164 1375 2178 ’
1412 2150 1564 2219 Ἐγὼ,
1618 2153 1766 2220 φησὶ,
1818 2156 1977 2200 ποιῶν

384 2244 591 2317 εἰρήνην
652 2247 742 2294 καὶ
800 2241 992 2301 κτίζων
1063 2243 1218 2307 κακὰ,
1284 2238 1397 2290 ἀντὶ
1462 2246 1573 2304 τοῦ,

1651 2239 1803 2309 λιμού
1814 2259 1834 2299 ς
1891 2242 1979 2289 καὶ

379 2333 593 2405 λοιμοὺς
650 2335 741 2382 καὶ
795 2333 861 2381 τὰ
926 2337 1160 2382 τοιαῦτα.
1221 2332 1321 2380 Καὶ
1374 2328 1471 2401 γὰρ
1537 2326 1783 2398 εἰώθαμεν
1846 2328 1982 2378 κακὰ

382 2420 677 2493 ὀνομλίζειν,
710 2423 800 2472 καὶ
829 2421 895 2471 τὰ
916 2417 1126 2492 λυπηρὰ
1166 2422 1254 2469 καὶ
1291 2417 1583 2474 κακωτικά.

460 2601 543 2655 Μὴ
580 2627 648 2637 -
678 2597 912 2671 κριθῆτε.
969 2592 1158 2667 [Φησιν
1197 2595 1311 2665 (36)
1345 2595 1369 2644 ό
1405 2596 1807 2667 Χρυσόστομος,
1841 2591 1887 2644 ἐν
1918 2600 1979 2664 τῇ

390 2685 632 2758 ὶρμηνείᾳ
690 2693 786 2757 τῇς
842 2686 967 2757 πρὸς
1022 2682 1291 2757 Ἑϐραίους
1347 2681 1673 2747 Ἐπιστολῆς,
1736 2684 1816 2733 ὅτι
1882 2685 1980 2733 τό·

388 2780 473 2833 Μὴ
534 2779 747 2848 κρίνετε,
806 2774 888 2825 ἱνα
947 2778 1016 2844 μή
1080 2774 1314 2847 κριθῆτε,
1369 2768 1654 2844 περὶβίου
1716 2769 1875 2837 ἐστὶν,
1927 2768 1985 2821 οὐ

385 2868 505 2937 περὶ
571 2867 815 2923 πίστεως.
870 2860 1087 2933 Ὁμοίως
1151 2857 1209 2913 δὲ
1276 2864 1365 2912 καὶ
1412 2864 1491 2931 τὸ,
1557 2862 1734 2912 Πάντα
1778 2860 1878 2911 ὅσα
1928 2858 1987 2910 ἆν

384 2952 608 3023 λέγωσιν
637 2952 757 3023 ὑμῖν
802 2956 986 3019 ποιεῖν,
1038 2955 1256 3005 ποιεῖτε.
1302 2952 1371 3002 T6
1420 2950 1545 3022 γὰρ,
1595 2954 1779 3016 ποιεῖν,
1828 2950 1987 3020 ἔργων

394 3038 556 3107 ἐστὶν,
591 3038 700 3092 ἀλλ’
729 3039 786 3091 οὐ
817 3037 1105 3111 πίστεως.]

468 3224 655 3297 Κρίσιν
700 3214 758 3273 δὲ
810 3216 1048 3291 ἔνταῦθα,
1084 3222 1175 3279 τὴν
1206 3219 1515 3295 κατάκρισιν
1540 3223 1747 3278 νόησον.
1787 3221 1991 3279 Ταύτην

391 3313 494 3384 γὰρ
550 3310 899 3383 ἑφερμηνεύων
932 3312 956 3361 ό
1004 3315 1211 3371 Λουκᾶς
1268 3306 1408 3361 εἰπε·
1444 3314 1529 3367 Μὴ
1589 3305 1990 3375 καταδικάζετε,

396 3405 488 3453 καὶ
539 3400 598 3452 οὐ
647 3404 717 3471 μὴ
772 3395 1224 3456 καταδικασθῆτε.
1270 3402 1369 3450 Καὶ
1423 3398 1465 3449 εἰ
1515 3402 1586 3469 μὴ
1646 3394 1994 3450 καταδικάσει

398 3506 475 3549 τις
532 3492 619 3540 τὸν
669 3488 1049 3562 ἁμαρτάνοντα,
1109 3483 1213 3539 οἷον
1258 3489 1440 3558 ἄρχων
1485 3488 1575 3559 μεν
1630 3490 1713 3538 τόν
1769 3484 1996 3559 ἀρχόμε-

400 3599 507 3647 νον,
550 3582 719 3650 πατὴρ
776 3574 835 3629 δὲ
892 3581 972 3629 τὸν
1035 3579 1167 3646 υἱόν,
1224 3573 1486 3637 δεσπότης
1542 3572 1601 3628 δὲ
1652 3579 1734 3628 τόν
1789 3572 1994 3641 δοῦλον,

404 3664 653 3719 ἐπιδώσει
696 3668 897 3727 πάντως
928 3667 957 3723 ἠ
1000 3669 1176 3731 κακία,
1219 3670 1307 3717 καὶ
1350 3667 1497 3717 ἔσται
1540 3668 1829 3736 σύγχυσις,
1860 3664 1994 3716 Ἀλλ’

412 3756 470 3808 οὗ
502 3761 612 3829 περὶ
654 3758 851 3817 ταύτης
900 3764 988 3815 τῆς
1035 3760 1389 3828 κατακρίσεως
1440 3754 1575 3825 λέγει
1626 3762 1732 3819 νῦν,
1784 3761 1879 3815 τῆς
1922 3773 2000 3825 φι-

411 3844 634 3915 λαγάθου
690 3849 779 3896 καὶ
838 3840 1188 3917 διορθωτικῆς
1231 3859 1243 3872 ’
1299 3848 1491 3915 προῖὼν
1547 3846 1645 3915 γὰρ
1704 3842 1997 3908 ἐνετείλατο,

411 3940 499 3988 καὶ
530 3934 754 4005 ἐλέγχειν
796 3933 950 4002 οὕτω,
1006 3938 1093 3984 καί
1153 3929 1361 4004 δεσμεῖν
1393 3950 1403 3960 ·
1437 3931 1632 4002 ’Υπαγε
1674 3935 1796 4005 γὰρ,
1852 3936 2002 4003 φησὶ,

411 4030 501 4079 καὶ
567 4022 765 4094 ἔλεγξον
825 4022 978 4074 αὐτόν
1013 4039 1023 4049 ·
1080 4027 1169 4074 καὶ
1228 4018 1379 4082 αὖθις
1417 4039 1429 4052 ⁸
1491 4028 1631 4074 Ὅσα
1690 4020 1749 4072 ἆν
1805 4018 2007 4080 δήσητε

410 4113 496 4166 ἐπὶ
548 4119 644 4173 τῆς
693 4120 814 4182 γῆς,
874 4113 1021 4163 ἔσται
1084 4106 1335 4182 δεδεμένα
1379 4110 1429 4162 ἐν
1486 4119 1557 4181 τῷ
1624 4110 1845 4185 οὐρανῷ.
1900 4117 2006 4164 Νῦν

413 4198 471 4253 δὲ
500 4201 526 4252 ό
556 4200 709 4271 λόγος
757 4200 815 4251 οὐ
853 4203 978 4273 πρὸς
1028 4200 1140 4270 (37)
1195 4202 1315 4259 τοὺς
1366 4201 1630 4273 ἄρχοντάς
1675 4201 1835 4268 ἐστιν,
1882 4198 2009 4252 ἀλλὰ

409 4291 547 4361 πρὸς
600 4290 721 4349 τοὺς
770 4284 1113 4360 ἀρχομένους,
1159 4294 1421 4360 παραινῶν
1460 4290 1531 4358 μὴ
1586 4286 1699 4339 ἀντὶ
1750 4294 1842 4339 τοῦ
1888 4286 2009 4360 βλί-

412 4397 529 4432 πειν
590 4378 656 4428 τὰ
696 4375 876 4439 οἰκεῖα,
924 4379 1013 4427 καὶ
1056 4371 1431 4434 καταδικάζειν
1486 4374 1721 4443 ἑαυτοὺς,
1772 4378 1894 4451 ὁρᾲν
1947 4381 2013 4430 τὰ

415 4465 681 4539 ἀλλότρια,
712 4469 802 4517 καὶ
828 4469 1152 4536 κατακρίνειν
1194 4463 1419 4537 ἐτέρους,

493 4559 631 4611 Φησὶ
686 4556 783 4626 γὰρ
840 4558 929 4606 καὶ
982 4552 1176 4613 Παῦλος
1210 4554 1235 4603 ό
1286 4551 1591 4622 ἀπόστολος,
1647 4555 1727 4606 ὄτι
1777 4554 1836 4606 Εἰ
1884 4553 2015 4630 ἐκρί-
2047 4533 2093 4587 D

1658 4640 1813 4695 ’Ἐστι
1872 4641 1930 4697 δὲ
1992 4646 2016 4697 ὁ

420 4732 577 4804 λόγος
605 4737 694 4783 καὶ
741 4734 871 4805 πρὸς
917 4734 1032 4791 τοὺς
1087 4729 1284 4802 μεγάλα
1334 4733 1424 4802 μὲν
1476 4729 1879 4805 ἁμαρτάνοντας,
1929 4753 2019 4785 κα-

420 4825 759 4893 τακρίνοντας
790 4816 847 4872 δε
887 4824 1007 4880 τοὺς
1058 4821 1223 4892 μικρὰ
1267 4818 1663 4891 σφαλλομένους.
1711 4824 1865 4891 Λέγει
1916 4826 2015 4896 γὰρ

422 4663 571 4716 νομεν
650 4643 878 4707 ἑαυτοὺς,
954 4642 1047 4694 οὐκ
1116 4640 1176 4692 ἆν
1260 4640 1578 4713 ἐκρινόμεθα.

2106 3320 2201 3375 Sic
2232 3318 2390 3373 enim
2422 3318 2840 3387 interpretatur
2879 3315 3091 3381 Lucas,
3122 3314 3326 3369 dicens
3359 3333 3371 3370 :
3404 3316 3597 3371 Nolite
3626 3332 3761 3372 con-

2104 3409 2393 3471 demnare,
2447 3410 2503 3462 et
2558 3420 2676 3460 non
2712 3402 3247 3460 condemnabimini
3278 3404 3352 3458 ³ο.
3387 3406 3599 3459 Verum
3642 3405 3760 3459 nisi

2106 3495 2469 3553 condemnet
2502 3493 2631 3565 quis
2680 3508 2817 3547 eum
2863 3493 2965 3564 qui
3018 3492 3297 3562 peccavit,
3334 3491 3505 3547 veluti
3554 3493 3601 3547 is
3659 3494 3761 3564 qui

2106 3586 2315 3655 praeest
2333 3579 2655 3646 subditum,
2673 3583 2839 3651 pater
2853 3578 3056 3644 ﬁlium,
3075 3578 3467 3633 autdominus
3487 3595 3722 3634 servum
3746 3597 3759 3632 :

2110 3670 2490 3740 augebuntur
2519 3668 2765 3724 omnino
2793 3668 2955 3732 vitia,
2990 3668 3215 3739 eritque
3245 3683 3439 3722 rerum
3468 3668 3761 3723 confusio.

2113 3761 2223 3817 Sed
2246 3760 2341 3814 hic
2372 3774 2493 3813 non
2524 3757 2786 3828 loquitur
2802 3757 2875 3812 de
2896 3756 3234 3827 hujusmodi
3261 3758 3765 3813 condemnatione

2112 3865 2249 3921 qua:
2271 3847 2499 3902 bonum
2532 3850 2713 3909 amat,
2736 3850 2791 3901 et
2820 3845 2979 3916 quod
3006 3860 3259 3915 pravum
3296 3849 3385 3899 est
3413 3847 3670 3916 corrigit.
3705 3850 3769 3902 ln

2115 3935 2502 4009 sequentibus
2525 3934 2683 3990 enim
2709 3932 3071 4004 jubetetiam
3097 3948 3341 4003 arguere
3360 3935 3473 3991 hoc
3499 3936 3683 3991 modo
3698 3952 3768 3991 ac

2116 4025 2337 4094 ligare:
2380 4023 2509 4087 Abi,
2543 4022 2755 4094 inquit,
2794 4026 2845 4079 et
2897 4037 3078 4093 argue
3121 4038 3245 4078 eum
3277 4024 3318 4059 ³¹
3357 4028 3451 4087 ;et
3489 4040 3763 4079 rursum:

2120 4114 2482 4184 Quaecunque
2534 4112 2853 4182 tz‘gaveritis
2909 4126 3089 4180 super
3118 4117 3325 4167 terram
3357 4120 3529 4168 erunt
3581 4113 3774 4183 ligata

2117 4201 2175 4257 in
2218 4201 2351 4258 caelo
2383 4203 2448 4254 ³³.
2486 4200 2587 4255 Hic
2626 4205 2827 4255 autem
2858 4216 3055 4256 sermo
3087 4216 3209 4255 non
3240 4201 3315 4256 ad
3349 4217 3446 4256 eos
3480 4202 3582 4273 qui
3626 4218 3775 4273 prae-

2120 4294 2257 4347 sunt
2314 4290 2605 4359 dirigitur,
2648 4289 2753 4346 sed
2805 4290 2883 4346 ad
2939 4289 3209 4345 subditos
3239 4306 3250 4343 :
3277 4306 3521 4345 monens
3566 4306 3634 4346 ne
3669 4293 3773 4364 qui

2120 4380 2364 4453 propria
2393 4378 2613 4434 debent
2642 4378 2952 4449 inspicere,
2985 4394 3054 4434 ac
3077 4378 3302 4450 seipsos
3333 4379 3778 4451 dijudicare,in-

2123 4470 2379 4541 spiciant
2408 4468 2621 4534 aliena,
2649 4484 2718 4524 ac
2758 4468 2838 4539 dij
2853 4468 3085 4523 udicent
3106 4468 3275 4524 alios.

2196 4561 2339 4613 Nam
2371 4562 2426 4612 et
2453 4557 2669 4612 Paulus
2693 4557 2999 4628 apostolus
3029 4557 3167 4611 dicit
3200 4572 3212 4610 :
3238 4557 3305 4611 Si
3320 4574 3419 4613 nos
3440 4559 3596 4627 ipsos
3621 4560 3781 4629 diju-

2124 4649 2467 4709 dicaremus,
2497 4662 2871 4718 nequaquam
2903 4646 3369 4715 dijudicaremur
3399 4651 3468 4700 ³³.
3502 4649 3781 4717 Dirigitur

2126 4753 2367 4809 quoque
2393 4752 2589 4790 sermo
2624 4740 2681 4789 et
2710 4735 2787 4789 ad
2820 4751 2921 4789 eos
2949 4735 3048 4805 qui
3079 4750 3214 4789 cum
3246 4735 3307 4789 in
3339 4736 3667 4805 majoribus
3698 4738 3784 4792 of-

2127 4826 2392 4895 fendant,
2436 4824 2838 4880 condemnant
2861 4838 2964 4878 eos
3010 4823 3113 4894 qui
3153 4824 3211 4878 in
3242 4825 3443 4895 parvis
3480 4824 3779 4882 labuntur.

425 4908 648 4982 ἓφεξῆς’
681 4914 741 4961 Τί
804 4908 1011 4981 βλέπεις
1069 4912 1126 4961 τό
1183 4910 1379 4981 κάρφος
1434 4910 1491 4960 τὸ
1546 4906 1594 4960 ἐν
1650 4917 1723 4980 τῷ
1778 4908 1989 4983 ὀφθαλμι

2131 4914 2279 4970 Dicit
2320 4913 2478 4968 enim
2527 4913 2726 4969 statim
2776 4912 2838 4967 in
2882 4910 3270 4983 sequentibus
3303 4929 3316 4967 :
3352 4912 3500 4979 Quid
3539 4914 3783 4983 inspicis

425 5005 522 5052 τοῦ
553 4994 776 5071 ἀδελφοῦ
831 5017 946 5067 σου⁹
986 5002 1078 5057 τὴν
1140 4993 1199 5051 δὲ
1240 4996 1289 5050 ἐν
1332 5005 1404 5069 τῷ
1451 5005 1526 5068 σῷ
1578 4996 1824 5071 ὀφθαλμῷ
1866 4994 2022 5053 δοκὸν

2130 5004 2416 5074 festucam
2455 5003 2517 5058 in
2570 5002 2740 5059 oculo
2764 5002 2974 5071 fratris
3009 5000 3112 5071 tui,
3158 5002 3384 5059 trabem
3421 5011 3612 5061 autem
3655 5020 3784 5076 qua

503 5179 1022 5259 1°‘_A-rnqs_11‘l,‘_6._
1057 5177 1138 5259 ⁸³⁷
1200 5166 1500 5259 Isa.nxi.v,
1559 5178 1614 5233 7.
1690 5178 1738 5214 ³⁸
1769 5178 1974 5239 Matth.

2102 5180 2267 5253 111,3.
2346 5182 2393 5217 ³³
2423 5179 2575 5239 ibid.
2633 5180 2686 5237 7.
2764 5180 2811 5216 ⁸ο
2843 5181 2979 5238 Luc.
3004 5196 3084 5251 v1,
3117 5186 3205 5242 37.
3264 5150 3328 5223 ⁷³³
3357 5185 3565 5246 Matth.
3626 5203 3786 5259 xvm,

436 5248 522 5307 15.
552 5251 598 5286 ³³
627 5249 774 5307 ibid.
808 5252 891 5306 18.
921 5249 967 5285 ³³
1001 5250 1023 5305 I
1053 5246 1187 5306 Cor.
1209 5264 1292 5315 χι,
1326 5250 1415 5305 31.

1630 5393 1854 5465 Variae
1889 5395 2221 5465 lectiones
2270 5406 2335 5465 et
2372 5406 2572 5466 notae.

512 5588 622 5663 (36)
654 5588 890 5663 Inclusa
917 5586 977 5663 in
1002 5589 1269 5663 margine
1293 5589 1471 5663 habet
1492 5593 1556 5663 Α,
1586 5591 1804 5647 Eadem
1828 5588 1890 5648 in
1909 5591 2027 5649 ﬁne

447 5660 622 5735 hujus
644 5661 844 5719 scholii
862 5660 1514 5732 adjeceratHentenius,
1534 5662 1743 5719 itidem
1768 5678 1843 5720 ex
1874 5679 2032 5723 mar-

2137 5593 2273 5666 gine
2304 5594 2395 5650 sui
2424 5595 2665 5652 codicis.

2209 5667 2325 5739 (37)
2356 5672 2493 5735 τοίς,
2532 5667 2710 5725 abest
2744 5668 2812 5725 A.
2840 5666 2927 5723 Ita
2953 5679 3196 5739 quoque
3224 5669 3409 5738 paulo
3437 5674 3595 5743 post.
