4206 6310
473 265 579 325 259

1786 264 2130 329 EUTHYMII
2183 266 2516 332 ZIGABANI

3729 287 3842 343 260

468 392 535 448 in
573 394 737 450 oculo
759 399 856 452 tuo
881 401 974 462 est,
1021 411 1139 452 non
1193 395 1524 453 considera:
1552 395 1599 429 “
1629 394 1658 448 ?
1686 398 1886 470 Κάρφος
1916 402 2108 454 autem

2235 400 2293 452 οὐ
2350 410 2649 473 κατανοεῖςς
2710 407 2824 459 ἔστι
2883 403 2941 460 δὲ
2997 427 3212 483 καρφος,
3273 409 3600 483 ἀπόσπασμα
3676 411 3841 474 ξύλου

468 481 656 554 (quod
681 485 1162 558 vertitinterpres
1191 486 1477 556 festucam
1523 487 1626 542 aut
1650 484 1942 559 stipulam)
1992 503 2124 559 pro—

469 573 750 644 prieligni
769 576 1061 646 particula
1090 576 1449 632 brevissima
1474 579 1582 641 est,
1615 579 1671 631 et
1695 574 1941 648 pulchre
1969 575 2128 633 trabi

469 665 812 733 opponitur.

540 750 704 806 Vers.
733 754 793 810 2.
818 753 940 820 Quo
965 783 1034 795 -—
1053 753 1480 824 judicabimini.
1505 753 1729 809 Eadem
1766 753 2127 810 condemna-

467 840 643 906 tione,
669 857 792 913 qua
807 841 1242 898 condemnabis
1261 841 1519 908 fratrem,
1546 841 2044 898 condemnaberis
2071 847 2128 898 et

467 933 528 983 tu
564 929 712 984 :hoc
741 935 849 997 est,
880 931 934 985 Si
956 929 1147 986 levem
1180 932 1307 1000 ejus
1335 931 1573 1002 lapsum
1599 930 2124 1002 curioseinquisie-

464 1017 567 1083 ris,
600 1018 779 1073 etiam
801 1023 857 1073 et
885 1022 948 1073 tu
986 1019 1509 1087 condemnaberis,
1543 1024 1599 1074 et
1625 1018 1781 1074 levia
1805 1024 1997 1074 errata
2026 1026 2127 1075 tua

467 1105 643 1161 anxie
682 1105 1106 1179 disquirentur,
1162 1123 1231 1162 ac
1278 1112 1538 1179 tempore
1583 1107 1878 1164 tremendi
1920 1108 2122 1178 judicii

466 1192 1050 1250 condemnabuntur.

538 1284 696 1337 Vers.
743 1282 796 1336 2.
853 1285 930 1339 Ει
960 1283 1217 1340 —vobis.
1277 1287 1342 1340 Et
1382 1298 1660 1340 mensura
1715 1299 1838 1356 qua
1886 1285 2123 1341 curiosa

467 1370 778 1427 exactione
802 1372 1045 1440 metiris,
1074 1378 1216 1444 puta
1245 1372 1412 1444 quod
1439 1379 1553 1428 tua;
1583 1372 1849 1429 utilitatis
1881 1372 2116 1428 debuis-

463 1464 550 1514 set
578 1458 799 1515 habere
825 1463 1180 1531 respectum,
1209 1466 1312 1516 aut
1335 1475 1544 1516 cavere
1567 1477 1641 1516 ne
1663 1465 1718 1516 te
1761 1460 2115 1520 offenderet:

461 1547 669 1603 eadem
700 1563 982 1604 mensura
1002 1549 1383 1604 remetientur
1400 1554 1453 1604 et
1481 1548 1580 1604 tibi
1609 1555 1774 1604 tuam
1805 1565 2118 1605 conversa-

462 1637 702 1692 tionem.
734 1637 863 1693 Vult
883 1642 1084 1693 autem
1115 1653 1331 1704 sermo,
1359 1638 1524 1710 quod
1544 1642 1834 1710 quantam
1891 1639 2118 1710 expetis

2238 489 2598 565 βραχύτατον.

2307 737 2390 789 Ἐν
2444 760 2482 810 ῳ
2522 769 2590 778 -
2643 742 2978 811 κριθήσεσθε.
3033 742 3111 796 Ἐν
3142 744 3278 816 ᾗτινι
3334 743 3596 821 καταδίκῃ
3662 770 3837 804 κατα-

2237 822 2471 886 δικάζεις
2527 831 2613 879 τὸν
2671 826 2909 901 ἀδελφὸν,
2962 831 3012 883 ἐν
3059 836 3220 906 ταύτῃ
3281 837 3504 909 κριθήσῃ
3563 844 3653 890 καὶ
3716 843 3784 890 σύ
3812 854 3830 871 ⁸

2233 919 2523 975 τουτέστιν,
2565 922 2625 969 Εἰ
2653 921 2712 969 τὸ
2759 918 2939 972 λεπτὸν
2989 920 3148 973 αὑτοῦ
3197 923 3408 995 σφάλμα
3463 925 3835 1000 πολυπραγμο·

2233 1011 2330 1063 νεῖς
2377 1009 2466 1056 καὶ
2516 1012 2862 1079 κατακρίνεις,
2895 1012 2985 1060 καὶ
3019 1012 3086 1061 τά
3131 1010 3292 1064 λεπτά
3328 1015 3396 1064 τὰ
3449 1017 3519 1067 σά
3565 1016 3836 1092 πολυπρα-

2233 1094 2656 1163 γμονηθὴσονται
2715 1101 2804 1148 καὶ
2872 1101 3352 1170 κατακριθήσονται
3415 1100 3463 1153 ἐν
3521 1113 3686 1178 καιρῷ
3740 1114 3835 1168 τῆς

2235 1178 2453 1255 φοϐερᾶς
2484 1187 2723 1255 κρίσεως.

2306 1275 2406 1323 Καὶ
2452 1303 2517 1313 -
2565 1273 2704 1344 ύμῖν.
2761 1279 2858 1327 Καὶ
2911 1274 2960 1327 ἐν
3093 1281 3262 1350 μέτρῳ
3323 1277 3591 1355 ἀκριϐείας
3629 1291 3837 1357 μετρεῖς

2231 1357 2368 1429 αύτῷ
2406 1364 2500 1418 τὴν
2547 1360 2827 1428 πολιτείαν,
2881 1365 3006 1433 οἷον,
3060 1368 3138 1418 ὅτι
3191 1372 3346 1420 τόσον
3408 1369 3585 1442 ὤφειλε
3641 1378 3834 1447 προσέ-

2228 1465 2347 1518 χειν
2377 1447 2492 1519 (38)
2517 1467 2527 1477 ·
2564 1448 2611 1500 ἓν
2646 1453 2805 1522 τούτῳ
2853 1455 3238 1527 μετρηθήσεται
3267 1461 3356 1508 καὶ
3398 1463 3482 1510 σοὶ
3511 1460 3540 1516 ἡ
3587 1464 3652 1518 σὴ
3684 1460 3836 1513 πολι-

2229 1540 2359 1589 τεία.
2398 1537 2556 1594 Δηλοῖ
2587 1535 2645 1590 δὲ
2684 1541 2708 1590 6
2749 1539 2918 1611 λόγος,
2962 1544 3042 1594 ὅτι
3068 1542 3236 1601 Ὀσην
3277 1545 3541 1619 ἀκρίϐειαν
3590 1546 3833 1613 ἀπαιτεῖς

2229 1624 2402 1689 αὐτὸν,
2439 1629 2701 1684 τοσαύτην
2738 1627 3081 1704 ἀπαιτηθὴσῃ
3122 1637 3210 1684 καὶ
3255 1638 3319 1685 σὺ
3359 1638 3500 1710 παρὰ
3537 1645 3627 1688 τοῦ
3667 1646 3828 1694 Θεοῦ.

458 1724 539 1780 ob
594 1741 665 1781 eo
698 1727 1090 1790 exactionem,
1137 1732 1366 1783 tantam
1419 1732 1474 1782 et
1527 1729 1681 1782 Deus
1711 1731 1944 1798 expetet
1975 1731 2108 1783 ate.

2231 1719 2340 1786 Χρὴ
2403 1711 2463 1767 δὲ
2519 1720 2819 1788 προσέχειν,
2881 1720 2960 1772 ὅτι
3022 1723 3192 1796 ὥσπερ
3253 1721 3336 1775 ἕάν
3397 1725 3542 1797 ἡμεῖς
3598 1724 3832 1799 ἀφίωμεν

461 1815 773 1870 Advertere
801 1820 986 1871 autem
1017 1820 1260 1886 Oportet,
1296 1815 1460 1888 quod
1512 1815 2036 1888 quemadmodum
2066 1816 2114 1870 si

455 1903 862 1958 remiserimus
889 1903 1256 1959 debitoribus
1281 1905 1518 1970 nostris,
1555 1905 1811 1960 remittet
1832 1903 2010 1960 nobis
2060 1909 2116 1960 et

459 1991 727 2060 Deus,ita
744 1991 793 2046 si
819 1991 1058 2048 fratrem
1087 2007 1210 2047 non
1252 1992 1877 2059 condemnaverimus,
1919 2003 2114 2064 neque

458 2081 608 2134 Deus
625 2094 731 2134 nos
749 2079 1194 2137 condemnabit.
1230 2082 1273 2137 Ο
1302 2080 1658 2137 admiranda
1677 2085 2114 2152 praeceptorum

454 2166 660 2232 virtus,
691 2182 827 2238 quae
851 2166 1047 2223 facilia
1071 2168 1316 2240 quidem
1358 2175 1500 2224 sunt
1529 2169 1608 2226 ad
1638 2169 2112 2238 exsequendum,

455 2269 744 2325 magnam
773 2261 966 2312 tamen
1000 2257 1173 2312 nobis
1199 2257 1509 2314 conciliant
1537 2257 1780 2314 salutem
1813 2257 1827 2313 ι

527 2344 679 2410 Quid
705 2344 883 2414 igitur
908 2344 936 2399 i’
964 2345 1013 2400 si
1044 2345 1222 2402 frater
1243 2346 1571 2403 fornicatus
1603 2345 1774 2403 fuerit
1822 2349 1927 2402 aut
1950 2343 2117 2402 aliud

451 2433 568 2492 tale
597 2434 912 2506 quidpiam
953 2435 1288 2508 deliquerit,
1328 2451 1406 2492 an
1434 2437 1594 2492 hunc
1633 2451 1754 2491 non
1795 2435 2112 2518 corrigam,

453 2521 560 2578 sed
590 2523 798 2579 tacebo
827 2525 854 2580 ?
885 2525 1120 2594 Corrige
1147 2540 1290 2580 sane
1313 2525 1644 2586 salubriter,
1688 2529 1746 2580 et
1787 2522 1964 2596 quasi
1992 2540 2115 2578 me-

453 2610 637 2666 dicus.
705 2611 908 2683 Neque
961 2599 1122 2668 enim
1185 2612 1330 2668 dixit
1366 2628 1378 2666 :
1411 2632 1435 2662 α
1470 2615 1548 2667 Ne
1588 2611 1872 2668 cohibeas
1928 2610 2115 2666 delin-

450 2705 756 2773 quentem,
783 2721 813 2754 »
836 2702 959 2767 sed,
1001 2703 1087 2758 Ne
1119 2703 1376 2771 judices.
1417 2701 1572 2757 Dixit
1610 2705 1812 2756 autem
1865 2705 1921 2756 et
1969 2700 2116 2756 Pau-

451 2790 546 2845 lus
575 2807 587 2843 :
619 2791 705 2845 Tu
723 2790 1064 2860 curjudicas
1075 2791 1333 2860 fratrem
1351 2793 1534 2854 tuum,
1558 2797 1658 2844 aut
1675 2796 1740 2844 tu
1765 2804 1872 2844 cur
1889 2789 2115 2858 spernis

445 2879 701 2948 fratrem
715 2887 879 2935 tuum
895 2879 1224 2934 "?Etcerte
1237 2891 1359 2933 non
1372 2876 1670 2932 subditum
1685 2875 2109 2944 condemnare,

449 2967 668 3023 animae
697 2972 786 3022 est
812 2967 1186 3037 pharisaicae,
1219 2972 1274 3022 et
1300 2965 1566 3038 seipsum
1583 2965 1983 3037 justiﬁcantis.

2228 1810 2334 1862 τοῖς
2396 1802 2674 1874 ὀφειλέταις
2729 1806 2895 1877 ἡμῶν,
2977 1807 3167 1880 ἀφίησι
3247 1817 3337 1864 καὶ
3391 1814 3418 1865 ὁ
3476 1817 3607 1876 Θεὸς
3657 1816 3825 1887 ἡμῖν·

2227 1890 2385 1951 οὕτως
2460 1890 2544 1943 ἐὰν
2610 1895 2757 1965 ἡμεῖς
2817 1895 2876 1947 ού
2954 1903 3336 1972 κατακρίνωμεν
3415 1905 3500 1953 τὸν
3582 1900 3828 1976 ἀδελφὸν,

2227 1977 2351 2031 οὐδὲ
2397 1981 2423 2030 ὁ
2477 1985 2604 2043 Θεὸς
2665 1985 2820 2054 ἡμᾶς.
2871 1983 2940 2036 ’.Ω
2985 1987 3291 2058 θαυμαστῆς
3349 1989 3560 2042 ἐντολῶν
3606 1988 3827 2059 δυάδος,

2224 2065 2423 2142 ῥαδίων
2463 2072 2553 2140 μὲν
2594 2070 2666 2131 εἰς
2701 2075 2760 2123 τὸ
2813 2076 3225 2146 κατορθωθῆναι,
3263 2077 3494 2149 μεγάλης
3545 2076 3604 2132 δὲ
3657 2099 3831 2140 σωτη-

2225 2162 2345 2231 ρίας
2372 2157 2628 2230 προξένων
2653 2159 2665 2211 l

2297 2343 2360 2390 Τί
2391 2335 2516 2405 οὖνς
2549 2338 2632 2392 ἐὰν
2664 2342 2690 2392 ὁ
2721 2337 2940 2413 ἀδελφὸς
2972 2346 3212 2418 πορνεύῃ,
3246 2346 3276 2404 ἢ
3309 2353 3541 2399 τοιοῦτον
3593 2349 3719 2402 ἄλλο
3776 2371 3832 2404 τι

2225 2427 2497 2501 πλημμελῇ
2523 2447 2539 2500 ;
2599 2433 2811 2502 πότερον
2863 2430 2922 2482 ού
2981 2429 3258 2506 διορθώσω
3317 2442 3518 2504 τοῦτον,
3569 2437 3699 2491 ἀλλά
3749 2460 3831 2493 σι-

2224 2521 2417 2587 γήσω;
2478 2520 2769 2590 Διόρθωσον
2821 2521 2911 2591 μεν
2991 2519 3250 2593 ἰατρικῶς³
3307 2525 3372 2584 ὡς
3432 2521 3650 2598 ἀδελφόν
3679 2543 3694 2558 ’
3749 2533 3824 2600 μὴ

2225 2608 2502 2678 κατάκρινε
2533 2603 2591 2659 δὲ
2622 2605 2881 2679 ἀπεχθῶς,
2919 2611 2988 2670 ὡς
3031 2615 3399 2684 μεμισημένον.
3455 2614 3530 2666 Ού
3560 2619 3662 2688 γὰρ
3692 2614 3819 2683 εἷπε,

2225 2700 2310 2754 Μὴ
2369 2698 2577 2768 παύσῃς
2619 2697 3018 2768 ἁμαρτάνοντα·
3062 2697 3208 2765 ἀλλὰ,
3260 2706 3345 2760 Μὴ
3414 2707 3616 2777 κρίνῃς.
3683 2712 3815 2762 Φησι

2222 2786 2324 2856 γάρ
2351 2789 2439 2836 καὶ
2469 2786 2666 2844 Παῦλος
2690 2803 2701 2815 ·
2746 2789 2811 2836 Σύ
2864 2791 2945 2848 τίς
2998 2783 3045 2838 εἶ
3071 2788 3096 2838 ὁ
3133 2793 3318 2860 κρίνων
3373 2787 3634 2867 ἀλλότριον
3683 2793 3810 2846 οἰκέ-

2222 2892 2316 2931 την
2343 2890 2355 2939 ;
2385 2881 2457 2943 τῷ
2491 2870 2611 2944 ἰδίῳ
2639 2879 2801 2947 κυρίῳ
2840 2880 3021 2934 στήκει
3051 2878 3080 2935 ἦ
3127 2883 3325 2933 πίπτει.
3370 2881 3471 2933 Καὶ
3500 2882 3650 2934 πάλιν
3679 2900 3690 2912 ⁸
3747 2888 3814 2936 Σύ

2225 2961 2284 3015 δε
2330 2967 2382 3013 τί
2439 2965 2631 3032 κρίνεις
2680 2965 2767 3014 τὸν
2819 2960 3036 3037 ἀδελφὸν
3075 2982 3208 3031 σου;
3241 2967 3270 3025 ἣ
3313 2973 3402 3021 καὶ
3461 2974 3548 3035 σὺ,
3580 2977 3632 3023 τί
3675 2971 3820 3036 ἐξου-

450 3056 606 3115 θενεῖς
647 3059 732 3107 τὸν
765 3052 982 3127 ἀδελφόν
1020 3074 1113 3108 σου
1145 3072 1158 3123 ;
1196 3060 1294 3108 Καὶ
1343 3059 1496 3115 ὅντως
1548 3057 1606 3107 1'6
1641 3060 1966 3128 κατακρίνειν
2019 3057 2106 3106 τὸν
2151 3055 2222 3126 μὴ
2261 3050 2588 3119 ὑπεξούσιον,
2623 3050 2806 3122 ψυχῆς
2837 3051 2949 3105 ἔστι
2997 3063 3333 3126 φαρισαῐκῆς,
3371 3063 3459 3110 καὶ
3500 3056 3822 3122 δικαιουσης

450 3144 651 3203 ἑαυτήν.

522 3233 680 3289 Vers.
723 3237 774 3290 3.
811 3234 966 3301 Quid
1005 3238 1202 3291 autem
1229 3264 1294 3275 —
1355 3234 1684 3291 consideras
1714 3235 1742 3289 Υ
1767 3233 1876 3290 Per
1929 3233 2108 3289 festu-

2289 3231 2351 3284 Τί
2381 3226 2440 3282 δὲ
2470 3259 2536 3269 -
2566 3235 2833 3291 κατανοεῖς
2864 3246 2876 3294 ;
2908 3232 3002 3282 Διά
3064 3239 3154 3284 τοῦ
3183 3234 3414 3306 κάρφους
3441 3239 3552 3308 μὲν,
3606 3241 3664 3290 τὸ
3705 3237 3821 3292 ἐλά-

447 3337 578 3376 cam
617 3327 932 3394 peccatum
988 3323 1305 3378 minimum
1358 3322 1639 3378 indicavit
1669 3339 1683 3388 ;
1716 3338 1824 3393 per
1875 3321 2104 3377 trabem

447 3425 583 3464 vero
615 3409 970 3464 maximum.
1001 3411 1097 3465 Est
1115 3409 1275 3464 enim
1299 3410 1461 3465 trabs
1487 3410 1718 3479 lignum
1750 3409 2102 3478 oblongum.

448 3497 579 3552 Vult
609 3501 806 3552 autem
825 3497 1024 3552 dicere
1059 3514 1072 3551 :
1097 3497 1412 3562 Quomodo
1442 3497 1679 3568 lapsum
1706 3496 2104 3552 minimumin

445 3584 650 3641 anima
680 3584 873 3639 fratris
900 3585 985 3640 tui
1011 3591 1184 3640 acute
1206 3584 1531 3656 conspicis,
1552 3585 1976 3656 gravissimum
2008 3601 2106 3641 ve-

442 3690 511 3730 ro
554 3673 616 3730 in
664 3679 767 3730 tua
807 3690 926 3731 non
956 3674 1200 3731 intueris
1227 3673 1256 3730 7
1286 3675 1549 3749 Quisque
1593 3677 1754 3731 enim
1813 3691 1953 3748 quae
1993 3691 2104 3732 sua

444 3769 582 3820 sunt
611 3764 804 3835 magis
833 3763 1012 3831 videt,
1063 3780 1248 3837 quam
1279 3780 1350 3821 ea
1397 3781 1527 3838 quae
1557 3765 1796 3822 alterius
1839 3781 1852 3820 :
1887 3769 1944 3821 et
1971 3781 2098 3822 ma-

436 3853 572 3924 jora
617 3854 812 3926 magis
844 3854 1021 3919 videt,
1053 3871 1237 3926 quam
1265 3871 1337 3910 ea
1365 3871 1502 3927 quas
1535 3855 1767 3910 minora
1797 3859 1956 3910 sunt.

513 3942 678 3998 Vers.
705 3945 760 3998 4.
779 3943 887 3997 Aut
915 3972 982 3981 —
1013 3949 1132 3998 tuo.
1165 3945 1319 4007 Sive,
1347 3943 1656 4015 quomodo
1685 3942 1937 3998 tentabis
1962 3957 2094 3996 eum

441 4045 668 4095 curare,
702 4046 840 4086 cum
882 4029 1004 4100 ipse
1047 4030 1306 4085 maxime
1357 4030 1628 4099 indigeas
1679 4028 1867 4084 salute
1896 4029 1923 4083 Τ
1953 4031 2098 4084 Ecce

439 4118 600 4174 enim
633 4117 798 4173 trabs
827 4117 889 4172 in
918 4115 1094 4172 oculo
1115 4123 1217 4172 tuo
1247 4121 1362 4173 est.

514 4206 673 4260 Vers.
726 4205 785 4261 5.
852 4206 1408 4274 Hypocrita—lui.
1462 4203 1847 4278 Hypocritam
1903 4203 2095 4260 nomi-

438 4293 604 4350 navit
655 4292 852 4362 talem,
898 4299 1100 4365 utpote
1143 4293 1356 4350 medici
1397 4310 1618 4350 munus
1665 4292 2089 4359 vindicantem,

438 4382 646 4452 aegroti
678 4397 820 4436 vero
849 4381 1047 4437 locum
1077 4383 1448 4450 retinentem,
1481 4382 1592 4449 vel,
1626 4388 1911 4454 tanquam
1944 4398 2093 4455 prae-

433 4478 596 4528 textu
626 4471 1007 4527 correctionis
1048 4471 1311 4527 alienum
1364 4473 1603 4545 lapsum
1659 4472 1890 4528 curiose
1919 4472 2089 4529 inda-

435 4565 700 4632 gantem,
733 4559 837 4616 sed
869 4560 928 4616 id
961 4561 1269 4633 proposito
1308 4560 1756 4618 condemnandi
1787 4568 2086 4631 agentem.

2218 4570 2382 4632 τκοπῷ
2454 4557 2512 4613 δε
2568 4566 2920 4634 κοτακρίσεῶς

435 4651 491 4709 Si
524 4650 685 4706 enim
735 4649 984 4706 curandi
1008 4649 1202 4706 fratris
1251 4649 1550 4706 desiderio
1591 4650 1706 4706 hoc
1757 4650 1905 4722 agis,
1946 4666 2090 4707 cura

433 4739 602 4809 prius
632 4740 907 4812 teipsum,
967 4739 1069 4812 qui
1114 4738 1250 4812 plus
1293 4739 1388 4795 illo
1426 4739 1727 4812 deliquisti
1769 4755 1784 4806 ;
1824 4738 1986 4812 quod
2041 4738 2090 4794 si

431 4829 812 4901 temetipsum
842 4827 1124 4901 despicis,
1160 4828 1531 4885 manifestum
1564 4833 1672 4896 est,
1699 4828 1866 4900 quod
1893 4843 2090 4900 neque

431 4919 604 4976 illum
634 4933 804 4974 amas
833 4934 846 4984 ;
880 4917 1072 4988 magis
1101 4918 1263 4973 enim
1309 4917 1571 4989 seipsum
1611 4917 1864 4990 quisque
1902 4921 2085 4983 amat,

432 5022 618 5081 quam
641 5005 902 5063 fratrem.
933 5010 1134 5078 Itaque
1151 5021 1271 5063 non
1288 5006 1366 5063 ad
1393 5004 1864 5072 emendandum,
1892 5005 1998 5062 sed
2010 5005 2090 5063 ad

513 5186 560 5221 “
586 5183 782 5242 Matth.
820 5199 914 5240 vn.
949 5187 1004 5242 3.
1082 5183 1128 5220 ³⁸
1156 5185 1326 5240 Rom.
1357 5199 1474 5252 x1v,
1507 5183 1666 5252 4,10.

2216 3337 2408 3390 χιστον
2456 3317 2741 3391 ἁμάρτημα
2796 3316 2996 3391 ἐνέφῃνε
3032 3335 3045 3350 ⁸
3098 3317 3192 3373 διὰ
3237 3331 3332 3384 τῆς
3381 3320 3542 3377 δοκοῦ
3607 3323 3686 3394 δε,
3751 3332 3810 3381 τὸ

2215 3411 2498 3478 μέγιστον’
2556 3405 2704 3467 ξύλον
2754 3409 2855 3480 γὰρ
2901 3404 3150 3480 ἐπίμηκες
3199 3411 3229 3467 ἠ
3283 3407 3458 3472 δοκὸς.
3518 3418 3672 3484 Λέγει
3726 3412 3806 3483 δὲ,

2215 3498 2295 3548 ὅτι
2339 3499 2485 3548 Διατί
2535 3499 2592 3547 τὸ
2621 3498 2709 3566 μὲν
2741 3493 2789 3545 ἐν
2840 3503 2898 3567 τῇ
2949 3495 3103 3569 ψυχῇ
3151 3506 3242 3550 τοῦ
3291 3496 3514 3572 ἀδελφοῦ
3567 3521 3660 3554 σου
3701 3502 3812 3556 ἐλα-

2215 3590 2463 3658 φρότατον
2497 3583 2707 3655 σφάλμα
2737 3582 2939 3656 βλέπεις
2971 3584 3120 3648 ὀξέως
3152 3605 3163 3616 ·
3197 3591 3253 3639 1'6
3277 3584 3337 3640 δὲ
3370 3587 3418 3640 ἓν
3445 3597 3506 3661 τῇ
3544 3599 3609 3662 σῇ
3645 3590 3810 3667 βαρύ-

2211 3694 2358 3727 τατον
2406 3674 2511 3744 οὐχ
2559 3675 2719 3748 ὀρᾴς;
2761 3679 2869 3734 Πᾶς
2919 3677 3017 3748 γὰρ
3059 3677 3124 3727 τά
3170 3675 3355 3729 ἑαυτοῦ
3411 3677 3599 3750 μᾶλλον
3646 3677 3804 3748 οἶδεν,

2211 3764 2241 3822 ἢ
2293 3766 2357 3815 τά
2410 3762 2600 3835 ἑτέρου,
2664 3765 2750 3813 καὶ
2819 3764 2882 3813 τὸ
2937 3766 3100 3834 μείζω
3158 3762 3338 3836 βλέπει
3394 3766 3606 3838 μᾶλλον,
3659 3768 3689 3826 ἦ
3741 3772 3809 3822 τά

2211 3850 2401 3904 ἐλάττω
2414 3896 2426 3908 ,

2277 3940 2346 3992 Ἦ
2374 3970 2442 3980 —
2473 3946 2588 3993 σοῦ.
2623 3937 2690 3992 Ἦ
2737 3947 2845 4002 πῶς
2897 3938 3251 4016 ἐπιχειρήσεις
3311 3943 3580 4017 ἰατρεῦσαι
3625 3945 3800 4017 αὐτὸν,

2206 4029 2365 4088 αὐτὸς
2412 4027 2640 4099 μάλιστα
2685 4025 2919 4100 δεόμενος
2969 4029 3224 4103 ἰατρείαςς
3259 4027 3398 4085 Ἰδοὺ
3427 4036 3528 4108 γάρ
3569 4037 3598 4093 ἡ
3649 4032 3806 4098 δοκὸς

2207 4114 2254 4167 ἓν
2291 4125 2362 4186 τῷ
2393 4115 2638 4189 ὀφθαλμῷ
2674 4135 2766 4169 σου
2800 4117 2962 4172 ἐστίν.

2273 4203 2552 4278 Ὑποκριτά
2635 4236 2704 4247 -
2785 4225 2899 4260 σου.
2982 4206 3312 4282 Ὑποκριτὴν,
3392 4213 3480 4263 τὸν
3573 4220 3803 4267 τοιοῦτον

2205 4293 2490 4367 ὠνόμασεν,
2534 4297 2602 4356 ὡς
2662 4295 2840 4370 ἰατροῦ
2881 4316 2969 4368 μεν
3022 4297 3167 4360 τάξιν
3222 4299 3541 4371 ἁρπάζοντα,
3595 4311 3803 4356 νοσοῦνο

2203 4401 2285 4443 τος
2337 4381 2395 4436 δὲ
2443 4389 2597 4436 τόπον
2656 4383 2912 4455 ἐπέχοντα
2942 4403 2953 4416 ⁸
3016 4387 3044 4445 ἦ
3088 4389 3159 4448 ὡς
3213 4391 3468 4462 προφάσει
3521 4394 3610 4463 μὲν
3658 4388 3804 4468 διορ-

2205 4474 2406 4532 θώσεως
2479 4475 2537 4524 τὸ
2615 4471 2878 4547 ἀλλότριον
2963 4473 3176 4546 σφάλμα
3248 4477 3799 4553 πολυπραγμονοῦντα,

3001 4572 3155 4616 τοῦτο
3239 4574 3512 4624 παιοῦντα.
3591 4569 3654 4622 Εἰ
3704 4573 3798 4646 γὰρ

2199 4647 2486 4722 κηδόμενος
2552 4656 2645 4701 τοῦ
2716 4645 2942 4722 ἀδελφοῦ
3006 4671 3100 4704 σου
3155 4661 3308 4706 τοῦτο
3358 4663 3541 4724 ποιεῖς,
3601 4645 3797 4732 πρῶτον

2198 4735 2368 4797 κήδου
2421 4745 2659 4809 σεαυτοῦ,
2716 4739 2893 4811 μεῖζον
2948 4738 3143 4794 ἐκείνου
3192 4742 3603 4817 πλημμελήσας·
3657 4749 3701 4799 εἰ
3744 4745 3802 4801 δε

2199 4835 2419 4880 σεαυτοῦ
2467 4834 2826 4902 καταφρονεῖς,
2867 4825 3155 4902 πρόδηλον,
3199 4834 3266 4894 ὡς
3317 4830 3434 4886 οὐδ’
3482 4833 3667 4888 ἐκεῖνον
3719 4856 3800 4910 φι-

2196 4916 2318 4980 λεῖς.
2363 4922 2468 4978 Ιιᾶς
2515 4920 2617 4992 γὰρ
2677 4917 2856 4971 ἑαυτὸν
2901 4917 3034 4990 φιλεῖ
3076 4919 3288 4992 μᾶλλον,
3336 4923 3366 4981 ἦ
3418 4926 3505 4975 τὸν
3557 4921 3796 4997 ἀδελφόν.

2201 5011 2303 5059 Καὶ
2355 5005 2536 5059 λοιπὸν
2565 5009 2624 5060 οὐ
2679 5002 3062 5081 διορθούμενος,
3103 5007 3230 5063 ἀλλά
3258 5016 3579 5088 κατακρίνων
3609 5011 3802 5088 ἐκπομ-

1640 5309 1866 5379 Variae
1894 5310 2223 5378 lectiones
2250 5318 2318 5378 et
2348 5320 2552 5379 notae.

507 5451 623 5527 (38)
653 5453 782 5527 πρὸς
806 5456 900 5511 τὴν
943 5450 1129 5506 ἑαυτοῦ
1183 5450 1438 5506 πολιτείαν
1485 5457 1576 5505 καὶ
1635 5450 1771 5526 ϐίον.
1828 5452 2108 5510 Henteniu

2218 5452 2421 5526 luplici
2480 5453 2650 5512 modo
2692 5454 2969 5524 reddidit,
3023 5472 3133 5515 nec
3181 5460 3383 5517 tamen
3449 5460 3797 5519 sententiam

432 5530 736 5586 assecutus
762 5530 872 5583 est.
