4206 6310
290 273 393 329 261

1254 271 1620 331 COMMENT.
1661 273 1735 330 IN
1774 268 2216 330 MATTH/EUM.
2257 303 2328 317 —
2366 276 2525 331 CAP.
2568 274 2689 333 VII.

3553 290 3658 342 262

292 399 460 458 πευεις
508 399 640 467 (39).
689 396 861 472 Ὀρᾷς,
913 398 1005 451 οὐκ
1058 398 1282 453 ἐκώλυσε
1330 402 1623 474 θεραπεύειν
1668 400 1887 474 ἐτέρους,

2020 399 2529 456 :ondemnandum
2559 402 2898 460 convitiaris
2948 406 3087 478 (ὁὸ),
3122 408 3293 465 Vides
3318 423 3462 480 ergo
3491 411 3658 483 quod

297 485 339 538 εἰ
393 492 576 538 τοῦτου
646 489 854 549 πάντως
924 487 1207 561 έπιθυμεῖς·
1268 488 1372 542 ἀλλ’
1442 488 1671 542 ἐκέλευσε
1748 491 1891 562 θερα-

297 578 463 627 πεύειν
515 579 731 628 σεαυτὸν
802 579 903 651 πρὸ
961 575 1182 632 ἐκείνων,
1242 583 1355 651 Χρὴ
1409 580 1510 653 γάρ
1575 582 1661 631 τὸν
1721 579 1892 652 ἰατρὸν

297 666 566 733 ὑγιαίνειν.
637 671 817 718 Ταῦτα
860 661 919 718 δὲ
974 671 1064 718 καὶ
1119 670 1183 719 τὰ
1226 674 1445 719 τοιαῦτα
1484 669 1889 739 νενομοθέτηκεν,

295 752 388 804 οὐκ
444 751 767 828 ἀνατρέπων,
813 756 877 815 ὡς
925 758 1144 828 εἴρηται,
1210 759 1268 808 τὸ
1335 752 1579 831 διορθοῦν
1627 756 1892 817 ἀλλήλους·

294 838 401 892 ἀλλ’
507 840 831 895 ἀναστεῆιλων
919 846 977 895 τὸ
1070 853 1168 896 τῶν
1242 844 1440 897 οὶκείων
1512 846 1896 918 ἁμαρτημάτων

291 928 516 1002 ἀμελεῖν.
569 932 741 991 Λιπλῆ
776 934 877 1005 γὰρ
936 930 1225 997 καταδίκη,
1281 937 1339 985 τὸ
1370 937 1457 986 τὸν
1510 934 1753 1006 μεγάλοις
1782 934 1897 987 ἆτο-

286 1023 533 1092 πήμασιν
590 1021 895 1091 ὑπεύθυνον,
950 1020 1202 1084 ἐξετάζειν
1262 1025 1329 1075 τὰ
1383 1022 1563 1097 ἐτέρων
1616 1023 1895 1097 ἐλάχιστα.

364 1202 450 1257 Μὴ
492 1230 561 1239 —
613 1203 834 1274 χοίρων.
886 1198 1067 1273 Ἀγιον
1120 1204 1209 1254 καὶ
1264 1207 1592 1275 μαργαρίτας
1646 1204 1898 1278 ὠνόμασε,

288 1290 350 1339 τὸ
408 1294 703 1363 μυστήριον
760 1296 852 1351 τῆς
930 1294 1155 1353 πίστεως
1211 1292 1377 1363 ἡμῶν·
1456 1294 1608 1363 ἅγιον
1662 1296 1775 1365 μὲν,
1832 1296 1901 1356 ὡς

296 1377 448 1429 θεῖονο
499 1382 832 1451 μαργαρίτας
868 1374 947 1446 δὲ,
981 1374 1074 1431 διὰ
1102 1381 1169 1431 τὰ
1197 1381 1245 1432 ἓν
1277 1380 1417 1432 αὐτῶ
1446 1386 1598 1453 τίμια
1624 1378 1894 1454 δόγματα.

298 1465 401 1518 Καὶ
450 1465 627 1532 πάλιν,
701 1469 855 1527 κύνας
910 1470 999 1539 μὲν
1052 1473 1142 1520 καὶ
1216 1474 1428 1543 χοίρους
1504 1469 1618 1542 (40)
1675 1470 1905 1528 ἐκάλεσεν

296 1559 419 1617 τοὺς
468 1553 707 1616 ἀνιάτους
745 1554 792 1607 ἐν
844 1552 1150 1629 δυσσεϐεἰᾳ·
1208 1562 1363 1619 κύνας
1416 1561 1528 1631 μὲν,
1579 1561 1644 1619 ὡς
1680 1560 1911 1631 καθυλαξ

300 1651 548 1705 κτοῡντας
576 1652 668 1697 τοῦ
692 1652 948 1719 Χριστοῦ³
975 1650 1197 1720 χοίρους
1225 1643 1302 1712 δι,
1336 1622 1500 1707 ὡς’τῶ
1530 1646 1773 1723 βορϐόρῳ
1811 1622 1911 1702 των

2001 488 2149 545 alios
2170 505 2377 545 curare
2410 505 2531 545 non
2568 491 2893 562 prohibuit,
2930 495 2979 550 si
3002 495 3063 550 id
3086 497 3334 554 omnino
3360 498 3465 554 tibi
3491 500 3659 556 cordi

2001 582 2092 633 est
2112 596 2125 646 ;
2146 577 2252 633 sed
2273 578 2602 647 admonuit,
2633 584 2697 636 ut
2722 585 2774 638 te
2804 581 2973 654 prius
3009 601 3198 653 cures,
3222 586 3451 658 deinde,
3472 587 3605 644 illos
3634 606 3648 656 ;

2003 667 2305 723 medicum
2328 683 2593 740 namque
2625 685 2843 728 sanum
2875 688 3006 729 esse
3022 681 3272 747 oportet.
3308 676 3443 733 Haec
3474 682 3655 750 atque

2005 755 2220 811 similia
2251 758 2468 822 statuit,
2501 773 2623 813 non
2656 766 2954 829 avertens,
2988 764 3299 821 utdictum
3321 772 3425 831 est,
3461 782 3497 822 a
3524 784 3659 824 mu-

2007 847 2110 899 tua
2147 845 2530 911 correctione,
2584 847 2690 902 sed
2721 850 3099 921 propriorum
3148 853 3501 911 delictorum
3550 872 3652 912 ne-

2008 932 2357 1003 gligentiam
2400 933 2749 1005 reprimens.
2781 938 3006 1009 Duplex
3048 940 3207 996 enim
3237 944 3658 1001 condemnatio

2008 1020 2175 1076 illum
2223 1026 2544 1092 exspectat,
2590 1023 2695 1095 qui
2747 1040 2885 1080 cum
2925 1028 3159 1097 magnis
3203 1045 3342 1086 reus
3392 1036 3660 1089 teneatur

2010 1108 2209 1175 malis,
2248 1109 2401 1165 levia
2430 1110 2685 1167 aliorum
2724 1119 2917 1169 errata
2947 1116 3178 1172 curiose
3215 1123 3529 1175 scrutatur.

2082 1199 2248 1264 Vers,
2275 1200 2328 1252 6.
2353 1199 2445 1275 Ne
2474 1230 2540 1240 —
2557 1216 2778 1271 porcos.
2797 1202 3082 1261 Sanctum
3100 1211 3158 1261 et
3183 1209 3542 1277 margaritas
3560 1226 3661 1267 vo-

2016 1288 2171 1344 cavit
2198 1287 2338 1343 ﬁdei
2402 1293 2622 1345 nostra;
2663 1293 3011 1362 mysterium
3039 1309 3051 1348 :
3078 1301 3350 1351 sanctum
3390 1298 3658 1370 quidem,

2018 1380 2222 1448 utpote
2247 1376 2546 1445 divinum;
2570 1380 2924 1449 margaritas
2944 1398 3106 1452 vero,
3135 1391 3375 1457 propter
3400 1388 3663 1459 pretiosa

2019 1480 2155 1537 quae
2176 1464 2238 1519 in
2268 1479 2339 1519 eo
2360 1465 2667 1521 recondita
2692 1473 2830 1523 sunt
2853 1467 3157 1541 dogmata.
3192 1474 3259 1528 Et
3289 1488 3539 1542 rursum,
3563 1492 3660 1535 ca-

2020 1568 2127 1609 nes
2147 1558 2199 1608 et
2228 1568 2444 1624 porcos
2487 1554 2816 1611 nominavit
2867 1572 2969 1612 eos
2998 1559 3101 1629 qui
3132 1559 3556 1620 immedicabili
3582 1570 3664 1622 te-

2019 1641 2585 1712 nenturimpietate;
2617 1658 2797 1699 canes
2818 1645 3083 1716 quidem,
3115 1654 3401 1720 tanquam
3435 1653 3663 1711 Christo

302 1736 480 1787 παθῶν
538 1730 1057 1806 ἑγκαλινδουμένους.
1117 1734 1317 1788 Κελεύει
1368 1741 1558 1803 τοίνυν,
1612 1743 1684 1809 μή
1738 1757 1900 1813 παρα-

2020 1730 2386 1787 oblatrantes
2420 1749 2432 1798 ;
2465 1745 2683 1802 porcos
2721 1748 2883 1802 vero,
2927 1736 3103 1807 quari
3143 1740 3664 1808 perturbationum

305 1820 519 1875 διδόναι
572 1830 676 1883 τοίς
730 1826 981 1885 τοιούτοις
1034 1826 1091 1875 1'6
1148 1830 1441 1897 μυστήριον
1488 1833 1586 1877 τῶν
1634 1822 1907 1898 δογμάτων

300 1920 393 1973 τῆς
430 1916 672 1973 πίστεως.
714 1916 795 1969 Μὴ
824 1910 1021 1984 βάλητε
1055 1908 1135 1978 δὲ,
1179 1911 1292 1965 ἀντὶ
1317 1921 1429 1980 τοῦ,
1468 1918 1552 1973 Μὴ
1594 1915 1707 1986 (41)
1734 1935 1904 1988 παρα-

305 2002 486 2061 θῆσθε.
520 1999 745 2063 Ἀνάξιοι
796 2002 898 2074 γάρ
949 2001 1054 2053 εἰσι
1106 2003 1354 2064 τοιαύτης
1408 2004 1544 2076 ἱερᾶς
1575 2002 1894 2076 ἀκροάσεως,

302 2085 431 2142 Εἶτα
458 2090 782 2161 προστίθησι
805 2093 895 2141 καὶ
923 2089 1115 2145 αἰτίαν.

372 2183 589 2237 Μήποτε
654 2210 702 2218 -
797 2180 951 2251 ὑμᾶς.
1038 2184 1279 2253 Κρεῐττόν
1351 2180 1512 2248 ἐστιν,
1587 2181 1904 2253 ἀγνοηθῆναι

298 2277 469 2321 ταῦτα
496 2269 619 2341 παρ’
675 2268 864 2333 αὐτῶν,
915 2269 944 2327 ἡ
1004 2270 1378 2341 γνωρισθῆναι,
1433 2275 1635 2342 μήποτε
1691 2273 1904 2345 ὑποκρι-

297 2359 467 2418 θέντες
527 2357 822 2423 ἐπιείκειαν,
891 2361 981 2409 καὶ
1036 2359 1286 2429 μαθόντες
1371 2358 1506 2411 αὐτὰ
1559 2359 1682 2434 παρ’
1734 2362 1899 2433 ἡμῶν,

298 2445 758 2519 ἔμπαροινήσωσιν
814 2445 990 2508 αὐτοῖς
1048 2450 1139 2498 καὶ
1202 2442 1523 2523 διασύρωσι.
1585 2455 1748 2502 Τοῦτο
1803 2452 1901 2525 γὰρ

303 2530 460 2591 δηλοί
482 2537 541 2587 τὸ
596 2540 1047 2593 Καταπατήσωσι.
1096 2531 1273 2596 Πόδας
1320 2532 1379 2588 δε
1425 2536 1593 2589 αὐτῶν
1629 2536 1782 2608 λέγει,
1810 2542 1903 2597 τὴν

305 2620 556 2675 ἀπιστίαν
613 2623 801 2690 αὐτῶν,
879 2620 950 2675 δι’
996 2625 1058 2684 ἧς
1130 2621 1452 2697 βαδίζουσιν
1508 2625 1577 2686 εἰς
1631 2624 1900 2682 ἀπώλειαν.

302 2708 426 2766 Εἶτα
476 2717 779 2785 στραφέντες
833 2711 933 2764 ἀπὸ
991 2722 1083 2774 τῆς
1145 2712 1465 2766 ἐπιπλάστου
1515 2712 1787 2777 ἐπιεικείας
1833 2715 1905 2776 εἰς

300 2803 521 2876 φανερὰν
581 2800 895 2870 ἐναντίωσιν,
948 2801 1179 2876 ῥήξωσιν
1235 2804 1394 2874 ὑμᾶς,
1450 2808 1712 2872 τουτέστι,
1745 2823 1904 2879 προσ-

297 2888 553 2961 ϐάλωσιν,
612 2888 914 2943 ἀντιστῶσι.
980 2895 1063 2948 Μὴ
1118 2887 1393 2961 δυνάμενοι
1448 2911 1549 2966 γαρ
1615 2893 1903 2965 θεοπρεπῶς

298 2986 432 3032 νοεῖν
481 2983 546 3032 τὰ
600 2981 712 3032 θεῖα
776 2976 1041 3051 δόγματα,
1097 2982 1492 3053 προσάπτουσιν
1541 2981 1720 3043 αὐτοῖς
1766 2980 1904 3054 ἐμπά

2016 1819 2075 1874 lu
2086 1818 2490 1887 tojobvolutos.
2506 1821 2531 1873 J
2540 1819 2866 1891 ubetigitur
2877 1838 2950 1878 ne
2962 1823 3182 1880 talibus
3195 1827 3505 1884 tradamus
3519 1831 3663 1901 dog-

2015 1914 2247 1963 matum
2276 1906 2416 1962 ﬁdei
2445 1908 2749 1978 mysteria.
2782 1910 2869 1966 Ne
2921 1912 3251 1982 proﬁciatis
3283 1922 3504 1982 autem,
3549 1918 3665 1974 hoc

2014 2000 2119 2051 est.
2143 1998 2222 2051 Ne
2251 1997 2591 2068 apponatis.
2626 1996 2859 2066 lndigni
2885 2003 3025 2055 sunt
3048 2001 3208 2057 enim
3247 2004 3351 2075 qui
3382 2005 3523 2062 talia
3561 2022 3667 2063 au-

2013 2084 2197 2140 diant.
2232 2083 2450 2139 Deinde
2483 2084 2653 2139 addit
2676 2090 2732 2140 et
2761 2101 3030 2143 causam.

2088 2175 2240 2229 Vers.
2276 2176 2327 2228 6.
2360 2173 2449 2229 Ne
2500 2174 2735 2245 quando
2760 2206 2828 2214 -—
2857 2192 2973 2233 vos.
3002 2178 3201 2235 Melius
3249 2182 3407 2238 enim
3434 2189 3521 2240 est
3562 2200 3666 2241 eos

2011 2262 2140 2318 haec
2176 2261 2470 2333 ignorare,
2503 2278 2689 2334 quam
2721 2278 3101 2333 cognoscere,
3134 2284 3210 2325 ne
3231 2271 3477 2342 quando
3506 2279 3667 2345 post-

2011 2366 2197 2423 quam
2229 2350 2507 2407 simulata
2535 2351 2827 2422 probitate
2865 2369 2901 2409 a
2930 2354 3096 2411 vobis
3125 2372 3196 2413 ea
3219 2359 3550 2430 didicerint,
3579 2362 3667 2417 lu-

2012 2440 2207 2496 dibrio
2235 2440 2500 2497 habeant
2520 2456 2591 2496 ac
2610 2441 2926 2499 detrahant
2956 2444 3120 2515 ipsis.
3152 2447 3214 2502 Id
3244 2449 3403 2505 enim
3441 2450 3668 2509 indicat

2012 2528 2178 2601 quod
2201 2528 2440 2584 additur
2471 2546 2485 2595 ;
2521 2529 3088 2588 Conculcent.Pedes
3114 2550 3256 2591 vero
3288 2537 3556 2609 ipsorum
3572 2542 3663 2596 di-

2013 2618 2089 2672 cit
2111 2616 2522 2672 inﬁdelitatem
2542 2633 2773 2686 eorum,
2793 2634 2915 2690 qua
2939 2621 3017 2676 ad
3044 2623 3439 2693 perditionem
3470 2628 3667 2698 gradi-

2014 2710 2214 2761 untur.
2248 2704 2469 2761 Deinde
2499 2706 2769 2762 conversi
2808 2724 2845 2762 a
2875 2707 3013 2764 ﬁcta
3035 2710 3329 2781 probitate
3356 2714 3435 2769 ad
3476 2719 3665 2772 mani-

2013 2793 2225 2850 festam
2250 2795 2729 2866 repugnantiam,
2757 2795 3016 2853 lacerent
3038 2814 3164 2864 vos,
3214 2800 3327 2857 hoc
3375 2809 3462 2859 est
3482 2804 3667 2877 impe-

2013 2887 2142 2940 tum
2176 2882 2396 2939 faciant
2424 2899 2494 2939 ac
2515 2883 2795 2940 resistant
2818 2885 3017 2942 vobis.
3050 2890 3170 2943 Non
3199 2894 3467 2961 potentes
3499 2910 3664 2951 nam-

2013 2987 2131 3044 que
2154 2971 2357 3027 divina
2380 2972 2689 3042 dogmata,
2716 2989 2890 3030 sacra
2918 2976 3198 3046 quadam,
3225 2983 3292 3035 ut
3318 2980 3510 3047 docet,
3540 2999 3667 3040 ma-

302 3070 467 3139 θειαν,
517 3068 785 3123 κάντεῦθεν
833 3069 1180 3142 ὀπλιζὸμενὸι,
1232 3066 1551 3142 κωμῳδοῦσι
1608 3074 1698 3145 μὲν
1747 3071 1900 3140 αὐτὰ,

2020 3061 2216 3132 iestate
2248 3060 2569 3131 intelligere
2590 3060 2837 3118 affectus
2857 3063 3160 3121 humanos
3183 3066 3295 3122 illis
3316 3071 3659 3137 attribuunt,

292 3159 745 3233 προσαράσσουσι
776 3155 811 3212 δ
813 3162 835 3211 ‘s
863 3159 1011 3231 ἡμῖν.

371 3335 572 3392 Αἰτεῖτε
647 3366 703 3378 -
756 3336 900 3409 ὑμῖν.
954 3332 1163 3394 Ἐπειδὴ
1224 3335 1425 3408 μεγάλα
1476 3338 1593 3390 τινὰ
1646 3341 1736 3389 καὶ
1782 3340 1905 3390 θαυ-

304 3429 486 3500 μαστὰ
538 3424 845 3499 προσέταξε,

301 3535 430 3591 ρους
456 3516 696 3587 γίνεσθαι
749 3517 870 3575 τοὺς
916 3515 1170 3586 μαθητὰς,
1227 3517 1538 3587 ομοιοῦσθαι
1568 3511 1627 3567 δε
1673 3523 1744 3587 τῷ
1773 3520 1899 3587 Θεῷ,

303 3602 589 3678 διακρίνειν
622 3600 682 3656 δὲ
735 3606 852 3663 τοὺς
898 3601 1159 3668 ἀναξίους,
1191 3605 1273 3655 ἳνα
1322 3608 1393 3675 μὴ
1429 3600 1555 3677 δόξῃ
1608 3604 1816 3676 χαλεπὰ
1839 3606 1903 3656 τὰ

303 3694 710 3768 προστάγματα,
774 3694 967 3745 τέθεικε
1017 3696 1107 3764 μὲν
1167 3692 1372 3753 ἱκανοὺς
1430 3695 1733 3764 λογισμοὺς,
1790 3698 1905 3745 πεί-

314 3783 613 3845 θοντας,ὃτι
658 3778 824 3856 ῥᾴδια
871 3788 1052 3833 ταῦτα·
1085 3780 1318 3853 μάλιστα
1370 3776 1429 3833 δὲ
1476 3782 1768 3855 προσέθηκε
1810 3785 1902 3839 τὴν

924 3426 1128 3477 πάντων
1192 3427 1283 3497 μὶν
1336 3433 1436 3478 τῶν
1483 3428 1662 3479 παθῶν
1716 3425 1905 3480 ἀνωτέ-

307 3866 571 3945 κορωνίδα
607 3879 702 3933 τῆς
747 3869 999 3940 εὐκολίας,
1043 3873 1175 3942 φημὶ
1202 3866 1295 3935 δὴ,
1334 3873 1428 3927 τὴν
1475 3867 1575 3921 ἀπὸ
1605 3876 1704 3920 τῶν
1730 3868 1902 3941 εὖχῷν

311 3964 623 4033 συμμαχίαν
635 4003 649 4016 .

378 4054 493 4125 Χρὴ
520 4053 620 4123 γὰρ
647 4052 718 4122 μή
752 4053 904 4122 μόνον
952 4044 1271 4109 σπουδάζειν
1304 4052 1425 4111 τοὺς
1472 4046 1898 4120 ἀγωνιζομένους,

305 4137 437 4191 ἀλλὰ
476 4144 565 4191 καὶ
629 4143 722 4197 τὴν
770 4140 959 4191 ἄνωθεν
1029 4136 1388 4190 ἐπικαλεῖσθαι
1462 4136 1731 4209 βοήθειαν.
1802 4141 1903 4190 Καὶ

301 4231 505 4290 πάντως
553 4227 683 4296 ἣξει,
760 4232 849 4280 καὶ
902 4225 1181 4301 παρέσται,
1236 4230 1321 4279 καὶ
1386 4224 1755 4298 συνεφάψεται,
1813 4229 1903 4277 καὶ

300 4320 475 4371 πάντα
502 4321 713 4375 ποιήσει
736 4312 919 4391 ῥᾴδια,
975 4318 1069 4368 Διὰ
1120 4322 1273 4368 τοῦτο
1310 4319 1400 4367 καὶ
1448 4315 1608 4367 αἰτεῖν
1649 4313 1898 4385 ἐκέλευσε,

2014 3154 2070 3206 et
2095 3148 2233 3204 inde
2264 3152 2497 3214 armati,
2530 3149 2626 3205 illa
2653 3150 2901 3223 quidem
2925 3153 3264 3224 suggillant,
3296 3171 3405 3212 vos
3465 3165 3665 3218 autem

2013 3237 2302 3307 afﬂigunt.

2085 3328 2248 3382 Vcrs.
2272 3330 2323 3381 7.
2366 3326 2557 3383 Petita
2579 3356 2650 3368 —
2678 3327 2858 3383 vobis.
2896 3328 3221 3402 Postquam
3249 3348 3473 3403 magna
3498 3351 3664 3408 quae-

2013 3415 2157 3472 dam
2184 3421 2239 3471 et
2269 3416 2629 3472 admiranda
2648 3416 2933 3487 jusserat,
2964 3424 3109 3491 puta
3130 3425 3191 3476 ut
3219 3421 3495 3494 discipuli
3523 3441 3667 3483 cun-

2013 3505 2124 3561 ctis
2163 3504 2352 3561 animi
2388 3503 2703 3561 affectibus
2724 3507 3059 3577 superiores
3089 3507 3303 3575 effecti,
3343 3511 3465 3568 Deo
3488 3514 3548 3569 in
3580 3515 3666 3570 di-

2008 3593 2352 3665 judicandis
2378 3593 2573 3663 dignis
2599 3593 3025 3665 assimilentur,
3043 3596 3154 3668 (cc)
3176 3599 3320 3654 nein
3348 3604 3553 3670 gravia
3576 3606 3668 3661 vi-

2013 3683 2267 3737 deantur
2307 3682 2611 3746 mandata,
2644 3688 2815 3755 aptas
2857 3684 3088 3740 addidit
3136 3688 3662 3761 considerationes,

2013 3786 2147 3843 quin
2174 3771 2304 3825 haec
2336 3786 2465 3825 esse
2504 3769 2707 3825 facilia
2736 3776 3157 3842 persuadeant.
3193 3777 3441 3833 Maxime
3464 3787 3665 3837 autem

2011 3858 2307 3914 facilitatis
2346 3859 2626 3930 apposuit
2675 3859 3021 3915 coronidem
3066 3862 3188 3917 sive
3226 3864 3459 3935 apicem
3489 3884 3503 3922 :
3530 3868 3665 3925 dico

2012 3963 2178 4016 sane,
2210 3947 2375 4019 quod
2400 3947 2478 4003 ab
2509 3946 2886 4003 orationibus
2917 3953 3006 4005 est
3028 3951 3340 4007 auxilium.

2083 4038 2382 4092 Certantes
2406 4035 2564 4092 enim
2595 4052 2717 4091 non
2749 4041 2981 4093 tantum
3006 4043 3273 4109 satagere
3296 4048 3543 4114 oportet,
3568 4062 3666 4104 ve-

2011 4140 2146 4181 rum
2163 4126 2341 4181 etiam
2357 4140 2615 4197 superne
2631 4124 2919 4182 auxilium
2934 4142 3180 4198 poscere
3202 4145 3213 4183 :
3234 4131 3397 4202 quod
3416 4136 3666 4194 omnino

2010 4214 2228 4280 veniet,
2257 4221 2313 4270 et
2335 4214 2544 4281 aderit,
2564 4230 2633 4271 ac
2658 4214 2989 4287 adjuvabit,
3010 4217 3336 4291 omniaque
3356 4221 3667 4283 reddelfa-

2013 4302 2145 4359 cilia
2180 4318 2195 4357 :
2217 4302 2475 4375 ideoque
2499 4302 2681 4360 etiam
2706 4308 2905 4376 petere
2924 4304 3125 4375 jussit,
3152 4312 3208 4362 et
3232 4309 3399 4379 quod
3424 4311 3667 4371 dabitur

298 4412 394 4459 καὶ
432 4411 528 4464 τὴν
559 4402 711 4457 δόσιν
749 4406 1030 4477 ὑπέσχετο.
1065 4403 1204 4462 Πλὴν
1234 4408 1305 4476 μὴ
1338 4402 1507 4463 ἁπλῶς
1544 4402 1721 4468 αἰτεῖν,
1777 4400 1900 4455 ἀλλὰ

2020 4390 2305 4463 promisit,
2339 4407 2461 4448 non
2517 4396 2718 4448 tamen
2769 4397 3072 4465 utcunque
3104 4400 3321 4467 petere,
3378 4399 3485 4455 sed
3524 4418 3664 4461 cum

298 4495 415 4570 μετ’
472 4494 721 4567 ἐπιμονῆς
779 4499 869 4547 καὶ
934 4494 1182 4556 εὐτονίας.
1253 4500 1412 4546 Τοῦτο
1467 4494 1565 4567 γὰρ
1626 4488 1781 4549 δηλοῖ
1845 4494 1904 4544 τὸ

307 4590 537 4649 ζητεῖτε.
571 4588 672 4636 Καὶ
720 4588 792 4656 μὴ
846 4587 999 4656 μόνον
1037 4582 1147 4656 μετ’
1214 4581 1459 4654 ἐπιμονῆς
1508 4585 1598 4633 καὶ
1651 4580 1900 4649 εὐτονίας,

305 4673 441 4726 ἁ).λά
466 4677 557 4725 καὶ
616 4675 744 4745 μετὰ
797 4674 1108 4746 θερμότητος
1155 4675 1245 4724 καὶ
1294 4666 1677 4744 σφοδρότητος.
1740 4674 1903 4722 Τοῦτο

298 4766 409 4838 γὰρ
433 4760 701 4836 βούλεται,
722 4766 778 4816 τό
802 4765 1027 4836 κρούετε.

377 4946 488 5004 Πᾶς
539 4971 607 4983 -
659 4939 1013 5013 ἀνοιγήσεται.
1079 4937 1101 5012 [
1151 4938 1210 4992 Ὁ
1267 4938 1384 5011 (42)
1446 4939 1615 5011 χωρὶς
1700 4936 1902 4998 πάθους

2012 4481 2452 4552 perseverantia
2477 4486 2531 4537 et
2558 4481 2935 4540 assiduitate.
2964 4484 3111 4539 Nam
3149 4483 3263 4540 hoc
3295 4488 3660 4558 manifestat,

2013 4568 2176 4640 quod
2199 4569 2436 4626 additur
2468 4589 2480 4625 :
2517 4570 2794 4637 Quaerite.
2826 4574 2941 4627 Nec
2993 4571 3187 4628 solum
3214 4589 3352 4630 cum
3390 4592 3666 4648 perseve-

2012 4658 2206 4715 rantia
2236 4658 2675 4724 etassiduitate,
2704 4659 2807 4714 sed
2838 4660 3011 4715 etiam
3041 4675 3178 4715 cum
3211 4660 3439 4720 fervore
3465 4683 3537 4723 ac
3570 4685 3665 4725 ve-

2010 4745 2337 4805 hementia.
2358 4748 2420 4804 Id
2440 4747 2602 4804 enim
2627 4746 2850 4804 indicat
2878 4747 3044 4819 quod
3065 4749 3193 4820 subj
3204 4751 3386 4822 ungit,
3409 4753 3613 4811 dicens
3637 4769 3655 4821 :

2010 4833 2271 4895 Pulsate.

2081 4932 2246 4987 Vers.
2288 4931 2319 4984 8
2358 4927 2552 4986 Omnis
2576 4957 2646 4968 —
2692 4926 2997 4998 aperietur
3024 4925 3072 4995 ‘1'
3102 4928 3210 4994 Qui
3266 4930 3498 5006 absque
3536 4934 3660 4994 ani.

1534 5115 1751 5187 Varias
1778 5112 2108 5184 lectiones
2140 5118 2206 5178 et
2234 5116 2437 5178 notae.

376 5263 491 5410 $39)
529 5263 714 5324 intell.
741 5266 809 5320 τὰ
834 5262 1111 5339 σφάλματα
1130 5268 1221 5318 τοῦ
1247 5257 1473 5336 ἀδελφοῦ
1502 5279 1616 5317 σου.

402 5342 492 5410 40)
531 5339 786 5410 ὠνόμασε.
812 5343 874 5393 Α.
1255 5408 1263 5410 _
1489 5405 1527 5410 __

381 5339 479 5410 (40
531 5339 786 5412 ὠνόμασε.
812 5343 874 5393 Α.

381 5344 494 5482 (4i;
535 5414 679 5478 lmo,
712 5413 874 5482 παραε

410 5535 487 5603 bb)
521 5534 905 5594 Conviciam's.
938 5533 1245 5592 Patefacis.
1282 5532 1579 5603 divulgas.

384 5535 486 5680 Eoo)
513 5608 621 5667 Deo
643 5638 713 5649 —
742 5605 1165 5665 assimilentur.
1193 5602 1528 5663 Assimilari
1556 5618 1579 5663 ε

535 5405 679 5478 lmo,
712 5412 1002 5483 παραθῆτε.
1030 5412 1144 5466 Nec
1173 5408 1333 5465 enim
1370 5405 1571 5464 medio
1599 5407 1688 5462 est
1714 5418 1893 5477 Opus.

2012 5255 2201 5332 Atque
2226 5254 2307 5332 ita
2325 5253 2524 5332 etiam
2559 5249 2891 5332 respondet
2911 5259 2983 5332 τρε»
3010 5251 3227 5332 βάλητε.

2084 5323 2196 5400 (12)
2225 5326 2457 5383 Inclusa
2484 5326 2545 5381 in
2575 5323 2848 5396 margine
2875 5323 3063 5384 habet
3090 5329 3163 5384 A.

409 5597 486 5680 cc)
513 5608 621 5667 Deo
643 5638 713 5649 —
742 5605 1165 5665 assimilentur.
1193 5597 1528 5663 Assimilari
1556 5605 1758 5663 autem
1786 5600 1907 5657 Deo
1927 5601 1983 5659 et
2016 5597 2097 5672 dij
2110 5597 2349 5658 udicare
2376 5598 2675 5674 indignos.
