4206 6310
568 298 675 357 263
1680 328 1685 333 -
1874 295 2220 357 EUTHYMII
2274 294 2629 357 ZAGABENI
3835 292 3952 351 εει

572 427 657 482 mi
678 424 1034 496 mgritudina
1050 425 1360 498 quidpiam
1389 424 1467 482 ad
1494 423 1646 481 bene
1667 424 2040 497 operandum
2064 426 2224 499 petit,

2289 427 2494 481 ιαίτῶν
2551 425 2601 478 ἐν
2792 431 3054 500 πρακτικῇ
3119 424 3413 498 φιλοσοφίᾳ,
3473 420 3719 495 λαμϐάνει
3776 422 3950 494 χάριν

572 515 827 585 gratiam
858 515 1069 587 accipit
1096 515 1330 571 virtutis
1358 515 1438 572 ad
1460 514 1867 587 operationem
1904 520 2227 590 praecepto-

2340 512 2609 587 δυνάμεως
2674 515 2747 575 εἰς
2812 514 2999 587 πρᾶξιν
3058 523 3157 565 τῶν
3235 512 3465 565 ἐντολῶν
3531 517 3620 564 καὶ
3673 512 3699 562 ὁ
3769 513 3949 571 ζητῶν

570 619 728 659 rum.
755 605 819 658 Et
835 604 939 675 qui
954 602 1187 675 absque
1204 604 1391 659 animi
1405 603 1873 676 perturbatione,
1890 606 2105 678 quaerit
2128 604 2229 661 ali-

2339 602 2551 665 ἀπαθῶς
2594 602 2735 675 ἒντῇ
2797 610 2992 674 φυσικῇ
3060 604 3267 677 θεωρίᾳ,
3319 602 3530 675 εὑρήσει
3572 604 3665 659 τὴν
3723 597 3771 650 ἓν
3831 604 3952 658 τοῖς

571 693 716 767 quid
746 693 807 749 in
832 699 1060 750 naturae
1092 692 1518 766 speculatione,
1543 693 1768 750 invenit
1795 709 1995 750 rerum
2018 695 2228 751 verita-

2338 687 2486 743 οὖσιν
2526 690 2788 749 ἀλήθειαν·
2840 697 2930 743 καὶ
2978 700 3048 742 τῶ
3105 693 3341 763 κρούοντι
3390 688 3600 751 ἀπαθῶς
3656 693 3748 746 τὴν
3779 689 3950 760 θύραν

571 787 711 839 tem.
744 782 1036 839 Praeterea
1059 782 1164 854 qui
1193 782 1397 838 animo
1442 796 1564 837 non
1608 788 1938 847 commoto,
1967 782 2227 838 scientiae

2337 788 2430 840 τῆς
2473 784 2713 850 γνώσεως
2770 779 2818 832 ἐν
2867 787 2929 851 τῇ
2982 779 3248 851 θεολογικῇ
3307 782 3676 851 μυσταγωγίᾳ,
3731 778 3955 846 ἀνοιγή-

565 872 816 943 januam
829 872 1032 944 pulsat
1067 871 1127 925 in
1150 870 1485 942 theologica
1506 871 1844 945 disciplina,
1868 871 2164 943 aperietur
2175 870 2226 926 ei

2343 886 2492 920 σεται
2547 870 2577 926 ἡ
2624 876 2821 939 γνῶσις
2868 876 2967 920 τῶν
3039 866 3344 942 ἆποκρύφων
3394 870 3716 941 μυστηρίων.
3800 864 3861 916 Ὀ
3886 861 3951 916 δὲ

571 961 834 1031 cognitio
864 959 1309 1016 reconditorum
1331 961 1774 1031 mysteriorum.
1803 960 1914 1028 Qui
1940 977 2083 1017 vero
2107 960 2231 1017 ani-

2339 958 2467 1029 μετά
2516 975 2655 1019 τινος
2711 957 2912 1019 πάθους
2965 955 3137 1023 αἰτῶν,
3199 957 3226 1015 ἢ
3285 956 3477 1023 ζητῶν,
3526 956 3554 1015 ἠ
3600 957 3820 1028 κρούων,
3852 952 3954 1005 οὔκ

574 1068 696 1116 mo,
723 1051 931 1123 aliqua
957 1049 1270 1107 aﬂectione
1299 1050 1646 1122 perturbato
1676 1052 1841 1123 petit,
1883 1052 2100 1125 quaerit
2129 1054 2233 1108 aut

2340 1045 2679 1109 ίπιτεύξεται.
2734 1045 2931 1099 Αἰτεῖτε
2984 1047 3105 1120 γὰρ,
3167 1050 3318 1115 φησὶ,
3376 1049 3468 1098 καὶ
3526 1046 3583 1098 ού
3639 1042 3950 1117 ὶαμϐάνετε,

573 1140 790 1215 pulsat,
823 1154 947 1195 non
996 1142 1412 1211 consequetur.
1455 1140 1668 1196 Petitis
1698 1141 1872 1207 enim,
1933 1140 2147 1213 inquit,
2177 1147 2230 1198 et

1364 1155 1412 1195 r.
1455 1140 1668 1196 Petitis
1698 1141 1872 1207 enim,
1933 1140 2147 1213 inquit,
2177 1147 2230 1198 et
2344 1130 2487 1187 διότι
2515 1143 2687 1197 κακῶς
2727 1134 3024 1208 αἰτιῑσθε.]

573 1244 693 1285 ηοη
722 1228 1012 1298 accipitis,
1042 1243 1104 1284 eo
1124 1229 1279 1299 quod
1300 1230 1457 1285 male
1479 1230 1686 1299 petatis
1705 1231 1774 1286 ³⁸.

648 1320 780 1373 Haec
804 1317 864 1373 in
894 1317 1410 1374 conﬁrmationem
1437 1318 1860 1390 promissionis
1875 1317 2138 1375 addidit:
2169 1322 2233 1374 ut

2412 1320 2588 1367 Ταῦτα
2615 1309 2675 1366 δε
2703 1314 3022 1387 προσέθηκεν
3045 1311 3118 1375 εἰς
3148 1310 3435 1386 βεϐαίωσιν
3465 1320 3560 1373 τῆς
3582 1313 3954 1383 ὑποσχέσεως,

578 1407 770 1463 sinon
819 1407 1018 1463 statim
1058 1408 1379 1479 acceperis,
1411 1422 1486 1463 ne
1515 1407 1790 1473 desistas,
1826 1407 1931 1463 sed
1959 1422 2229 1479 perseve-

2346 1410 2447 1467 ῖνα,
2475 1402 2518 1455 εἰ
2547 1408 2618 1475 μὴ
2650 1406 2953 1475 παραυτίκα
2979 1399 3165 1474 λάϐῃς,
3195 1405 3267 1472 μὴ
3311 1399 3562 1474 ἀποστῇς,
3598 1398 3702 1453 ἀλλ’
3736 1403 3954 1472 επιμεί-

575 1512 673 1553 res
734 1512 805 1553 ac
831 1495 1184 1553 incalescas.
1216 1498 1354 1553 Ideo
1383 1497 1543 1553 enim
1571 1512 1693 1554 non
1720 1497 1921 1554 statim
1938 1496 2042 1553 dat
2068 1495 2235 1569 quod

2342 1511 2434 1564 νης
2490 1495 2580 1541 καὶ
2636 1492 2944 1564 θερμανθῇς.
3003 1492 3097 1542 Διὰ
3135 1497 3288 1541 τοῦτο
3333 1492 3430 1562 ’γὰρ
3489 1490 3751 1551 αἰτοῦντος
3810 1490 3948 1561 (43),

574 1586 746 1659 petis,
779 1590 842 1642 ut
871 1601 1101 1657 quaeras
1134 1601 1149 1652 ;
1182 1590 1239 1642 et
1282 1585 1505 1642 idcirco
1536 1601 1657 1642 non
1689 1587 1885 1643 statim
1931 1586 2120 1658 aperit
2142 1585 2235 1657 ja-

2345 1579 2439 1631 ούκ
2491 1578 2644 1640 εὐθὺς
2692 1575 2943 1643 δίδωσιν,
3021 1580 3104 1631 ἵνα
3177 1578 3437 1639 ζητησης·
3500 1582 3590 1630 καὶ
3647 1574 3740 1630 διὰ
3795 1586 3956 1630 τοῦτο

577 1690 760 1731 uuam
787 1679 853 1730 ut
900 1674 1126 1747 pulses.
1163 1674 1336 1747 Apud
1388 1675 1664 1732 homines
1703 1676 1885 1740 enim,
1932 1674 1980 1730 si
2011 1688 2233 1744 urgens

2346 1668 2441 1720 οὐκ
2499 1669 2681 1729 εὐθέως
2744 1666 2940 1738 ἀνοίγει
2990 1673 3083 1725 τὴν
3142 1668 3319 1740 θύραν,
3382 1668 3466 1719 ἵνα
3511 1669 3759 1741 κρούσῃς.
3829 1665 3957 1719 Ἐπὶ

574 1765 957 1837 petitionibus
978 1765 1242 1829 insistas,
1270 1780 1376 1820 eos
1404 1764 1481 1820 ad
1511 1765 1663 1821 iram
1688 1780 1986 1837 provocas
2018 1780 2031 1818 :
2073 1761 2235 1836 apud

2299 1760 2435 1830 ςμεν
2483 1758 2582 1832 ’γὰρ
2632 1755 2934 1825 ἀνθρώπων,
3011 1755 3094 1807 ἐὰν
3160 1754 3429 1828 ἐπιμείνης
3494 1755 3782 1829 ἐγκείμενος
3834 1764 3960 1817 ταῖς

577 1854 764 1909 Deum
792 1867 952 1915 vero,
998 1852 1194 1923 potius
1233 1868 1374 1907 eum
1424 1852 1639 1918 irritas,
1691 1852 1810 1907 nisi
1848 1851 1965 1907 hoc
2027 1850 2234 1906 facias.

2347 1846 2616 1911 αἰτήσεσι,
2684 1844 3024 1918 παροργίζεις
3099 1843 3306 1907 αύτούς·
3359 1843 3444 1897 ἐπὶ
3499 1841 3559 1898 δὲ
3623 1852 3715 1898 τοῦ
3795 1852 3956 1913 Θεοῦ,

579 1943 727 1996 Nam
774 1940 1019 2010 exquirit
1075 1956 1108 1996 a
1139 1944 1191 1994 te
1222 1939 1639 1995 assiduitatem
1670 1943 1726 1996 et
1759 1938 2195 1995 vehementiam
2216 1956 2234 2008 ;

2348 1934 2537 2007 μᾶλλον
2601 1938 3030 2008 παραπικραίνεις
3077 1933 3252 1997 αὐτὸν,
3305 1932 3387 1985 ἐὰν
3452 1939 3524 2007 μὴ
3572 1942 3724 1987 τοῦτο
3770 1943 3954 2008 ποιῇς,

578 2032 755 2100 teque
786 2027 907 2084 vult
935 2031 1379 2097 perseveranter
1404 2026 1584 2083 simul
1607 2043 1678 2084 ac
1695 2026 1991 2083 ferventer
2017 2030 2236 2098 petere.

2348 2024 2627 2094 Δοκιμάζει
2658 2025 2759 2097 γάρ
2806 2042 2900 2075 σου
2932 2027 3026 2080 τὴν
3057 2023 3284 2075 εύτονίαν
3313 2027 3404 2075 καὶ
3451 2027 3545 2081 τὴν
3595 2020 3957 2097 σφοδρότητα,

582 2116 694 2183 Qui
721 2115 883 2173 enim
912 2116 1073 2189 petit,
1103 2131 1214 2172 nec
1245 2116 1476 2188 accipit,
1506 2120 1611 2172 aut
1657 2116 1905 2188 indigne
1936 2115 2104 2189 petit,
2137 2118 2241 2172 aut

2349 2116 2439 2164 καὶ
2485 2110 2732 2183 βούλεταί
2799 2129 2855 2163 σε
2908 2111 3066 2163 αἰτεῖν
3116 2110 3369 2183 ἐπιμὸνως
3415 2111 3526 2185 ἅμα
3587 2116 3676 2166 καὶ
3732 2115 3958 2187 θερμῶς,

579 2220 703 2263 non
729 2208 1085 2278 perseverat,
1105 2208 1206 2262 aut
1226 2204 1417 2277 tepide
1437 2205 1600 2278 petit.
1622 2207 1770 2263 Nam
1788 2205 1898 2262 tria
1911 2203 2038 2262 hasc
2069 2218 2239 2276 opor-

2349 2204 2440 2252 καὶ
2470 2201 2677 2262 πάντως
2711 2196 2962 2256 δίδωσιν,
3001 2199 3059 2252 Ὀ
3110 2203 3209 2274 γὰρ
3262 2200 3488 2263 αἰτήσας
3524 2206 3615 2253 καὶ
3652 2205 3725 2273 μὴ
3755 2200 3956 2271 λαϐὼν,

583 2297 662 2353 tet
693 2309 1067 2352 concurrere.

2350 2288 2380 2347 ἠ
2429 2286 2649 2351 ἀναξίως
2678 2292 2887 2354 ἧτησεν,
2921 2289 2952 2347 ἦ
2986 2288 3079 2341 ούκ
3120 2287 3396 2361 ἕπέμεινεν,
3439 2289 3467 2348 ᾖ
3501 2289 3736 2365 χλιαρῶς
3767 2294 3958 2350 ἧτησε.

2351 2383 2438 2430 Δεῖ
2466 2381 2569 2451 γὰρ
2598 2373 2915 2453 συνδραμεῖν
2936 2380 3003 2431 τὰ
3031 2379 3171 2451 τρία.

570 2490 579 2519 λ
653 2476 885 2530 Vers.9.
914 2474 1333 2546 Anquisquam
1363 2474 1505 2530 -V.
1528 2473 1614 2529 10.
1644 2471 1790 2530 Illi?
1815 2470 1981 2529 Ponit
1999 2487 2231 2529 rursum

2420 2464 2439 2485 ⁴
2463 2473 2504 2519 Η
2535 2472 2617 2528 τίς
2645 2494 2715 2508 --
2767 2468 2940 2533 αύτῶς
2973 2469 3166 2525 Τίθησι
3195 2467 3346 2519 πάλιν
3395 2466 3645 2541 λογισμὸν
3699 2467 3963 2545 ἀνθρωπί-

582 2563 1122 2621 considerationem
1152 2564 1291 2621 facit
1311 2562 1562 2619 humani
1602 2580 1616 2618 :
1646 2566 1703 2619 et
1728 2561 1806 2619 ab
1838 2561 2112 2635 exemplo
2134 2577 2241 2619 au-

2349 2575 2438 2608 νου
2486 2558 2811 2629 πράγματος,
2869 2559 2959 2607 καὶ
3021 2554 3120 2607 ἀπὸ
3168 2552 3596 2629 παραδείγματος
3647 2556 3817 2629 ἐνάγει
3870 2564 3960 2613 τὸν

583 2654 834 2709 ditorem
867 2652 1114 2718 inducit,
1144 2662 1208 2709 ut
1247 2652 1342 2707 his
1384 2668 1519 2725 quas
1545 2651 1706 2708 dicta
1756 2656 1894 2708 sunt
1928 2650 2237 2708 assentiat.

2350 2646 2612 2718 ἀκροατὴν
2664 2644 2736 2706 εἰς
2786 2647 2843 2696 τὸ
2897 2642 3121 2718 θαρῥεῖν,
3172 2649 3290 2718 περὶ
3347 2645 3415 2696 ὧν
3466 2648 3658 2721 εἴρηκε.
3720 2651 3835 2721 Χρὴ
3898 2645 3960 2702 δὲ

586 2744 829 2813 Oportet
856 2745 1055 2797 autem
1103 2745 1159 2798 et
1204 2745 1501 2814 petentem
1547 2740 1738 2797 ﬁlium
1770 2755 1920 2807 esse,
1970 2744 2242 2811 etpetere

2350 2736 2438 2785 τὸν
2492 2732 2751 2797 αἰτοῦντα,
2815 2736 2905 2784 καὶ
2970 2734 3081 2784 υἱὸν
3135 2730 3282 2798 εἶναι,
3344 2738 3435 2785 καί
3481 2734 3641 2787 αἰτεῖν
3696 2734 3820 2809 άπερ
3881 2747 3956 2789 τῶ

587 2846 725 2902 quas
745 2834 974 2902 patrem
988 2830 1233 2902 quidem
1248 2829 1411 2894 dare,
1439 2828 1629 2885 ﬁlium
1645 2834 1843 2886 autem
1856 2828 2126 2901 accipere
2143 2827 2241 2884 de-

2352 2827 2512 2894 πατρὶ
2550 2825 2639 2894 μεν
2672 2825 2851 2895 πρέπει
2883 2818 3086 2888 δοῦναι,
3118 2830 3191 2874 τῶ
3237 2826 3333 2874 υίῶ
3360 2819 3418 2875 δὲ
3464 2828 3704 2900 συμφέρει
3739 2822 3934 2881 λαϐεῖν,

587 2924 739 2975 ceat.

662 3010 828 3065 Vers.
862 3008 949 3064 11.
981 3007 1047 3064 Si
1060 3037 1125 3048 —
1155 3006 1226 3062 ab
1247 3022 1311 3063 eo
1337 3010 1366 3063 ἲ
1398 3006 1577 3063 Malos
1603 3006 1770 3080 ipsos
1796 3005 1962 3077 dixit,
1982 3020 2106 3062 non
2137 3005 2243 3062 hu-

2428 2991 2488 3043 Εἰ
2517 3021 2580 3031 -
2614 2990 2807 3058 αύτόν;
2842 2993 3101 3064 Πωηρούς
3147 2989 3337 3053 αύτούς
3366 2989 3522 3058 εἶπεν,
3573 2991 3632 3044 ού
3667 2988 3950 3045 διαϐάλλων

588 3112 836 3154 manam
854 3095 1284 3154 calumniando
1300 3100 1600 3164 naturam,
1622 3076 1727 3153 sed
1751 3095 1828 3153 ad
1849 3094 2245 3153 diﬂ’erentiam

2298 3084 2449 3165 37m
2482 3077 2807 3154 ἀνθρωπίνην
2854 3082 3029 3152 φύσιν,
3084 3078 3211 3132 ἀλλὰ
3252 3082 3379 3153 πρὸς
3422 3076 3825 3139 ἂντιδιαστολην
3863 3089 3959 3142 τῆς

587 3187 869 3245 bonitatis
887 3187 1106 3243 divinae
1128 3204 1142 3253 ;
1163 3186 1434 3243 humana
1453 3200 1715 3258 namque
1742 3184 1983 3242 bonitas
2006 3184 2084 3241 ad
2104 3184 2248 3240 diVi-

2357 3166 2679 3239 ἁγαθότητος
2738 3175 2827 3220 τοῦ
2882 3175 3033 3221 Θεοῦ.
3066 3167 3123 3220 Ἦ
3167 3171 3265 3244 γὰρ
3325 3166 3617 3242 ἀνθρωπίνη
3671 3168 3959 3242 ἀγαθότης,

584 3291 751 3346 nam,
772 3276 999 3332 malitia
1027 3291 1155 3331 esse
1174 3275 1405 3331 videtur
1427 3292 1442 3341 ;
1469 3253 1755 3345 tantaque
1778 3279 1869 3330 est
1885 3274 2099 3330 harum
2132 3272 2245 3328 dis-

2356 3259 2483 3330 πρὸς
2513 3260 2606 3314 τὴν
2639 3258 2799 3323 θείαν,
2830 3261 2991 3309 κακία
3043 3253 3206 3323 δοκεῖ,
3240 3261 3329 3309 καὶ
3383 3265 3631 3310 τοσοῦτον
3677 3257 3865 3331 ἀμφοῖν
3904 3262 3963 3311 τὸ

584 3365 808 3435 tinctio,
828 3370 1123 3438 quantum
1137 3363 1323 3420 homo
1336 3362 1533 3420 differt
1550 3364 1732 3420 aDeo.
1750 3362 2076 3419 Considera
2088 3376 2245 3425 vero,

2358 3341 2630 3417 διάφορον,
2681 3346 2802 3397 ὅσον
2854 3344 3125 3418 ἀνθρώπου
3172 3349 3303 3421 πρὸς
3357 3350 3505 3401 Θεὸν.
3537 3346 3556 3361 ⁷
3587 3354 3701 3421 Ορα
3738 3343 3801 3400 δε
3852 3355 3965 3407 πῶς

587 3433 897 3527 quomodo
916 3469 1073 3509 nunc
1092 3453 1340 3525 quidem
1359 3452 1702 3507 exhortatur
1723 3451 1801 3507 ad
1828 3450 2091 3505 studiose
2110 3464 2248 3521 ope-

2355 3436 2480 3486 ποτε
2509 3436 2599 3504 μὲν
2658 3438 3000 3506 προτρέπεται
3068 3433 3383 3506 ἐργάξεσθαι
3435 3439 3528 3494 τὴν
3586 3434 3785 3508 ἀρετήν,
3838 3440 3966 3489 ποτε

587 3542 870 3606 randum,
890 3558 1051 3597 nunc
1068 3546 1269 3597 autem
1291 3556 1460 3597 orare
1481 3539 1767 3594 admouet
1795 3554 1807 3593 :
1828 3553 2067 3594 rursum
2089 3552 2248 3592 nunc

2358 3518 2419 3574 δε
2442 3529 2685 3594 παραινεῖ
2734 3525 3007 3594 εὔχεσθαι.
3047 3528 3145 3575 Καὶ
3182 3531 3269 3574 νῦν
3468 3523 3556 3576 ἀπ’
3588 3521 3779 3577 ἐκείνου
3829 3529 3965 3599 πρὸς

589 3630 669 3686 ab
697 3630 811 3685 hoc
842 3629 919 3685 ad
945 3629 1089 3685 illud
1112 3629 1378 3699 transire,
1400 3643 1561 3684 nunc
1584 3642 1725 3683 vero
1743 3625 1821 3683 ab
1843 3626 1939 3682 illo
1962 3626 2040 3682 ad
2068 3626 2246 3682 istud.

2356 3618 2507 3663 τοῦτο
2565 3609 2880 3682 μεταϐαίην
2958 3619 3045 3662 νῦν
3101 3608 3160 3664 δε
3208 3610 3310 3665 ἀπό
3366 3614 3548 3665 τούτου
3622 3616 3749 3688 πρὸς
3800 3612 3963 3668 ὶκεῖνο

590 3723 709 3776 Hoc
740 3724 940 3776 autem
972 3718 1112 3776 facit
1136 3696 1381 3788 docens,
1409 3716 1576 3791 quod
1607 3732 1801 3791 neque
1833 3714 1906 3773 de
1922 3716 2049 3773 solo
2081 3717 2244 3773 bono

2356 3707 2673 3774 μεταχωρεῖ.
2729 3707 2894 3753 Τοῦτο
2938 3696 2996 3752 δε
3031 3707 3188 3767 ποιεῖ,
3249 3696 3541 3768 διδάσκων,
3594 3705 3672 3754 ὅτι
3725 3706 3841 3756 οὔτε
3894 3712 3958 3777 τῇ

590 3825 770 3882 opere
798 3825 1041 3866 securos
1068 3824 1199 3864 esse
1226 3812 1519 3881 oporteat,
1544 3823 1739 3880 neque
1766 3822 2005 3863 rursum
2026 3806 2101 3863 de
2120 3805 2251 3862 sola

2357 3788 2524 3861 οἰκείᾳ
2554 3784 2761 3861 σπουδῇ
2822 3793 3078 3864 προσήκει
3106 3794 3239 3862 μόνῃ
3292 3788 3515 3864 θαρρεῖν,
3570 3794 3687 3843 οὔτε
3714 3795 3845 3865 μόνη
3893 3801 3961 3866 τῇ

589 3877 877 3964 oratione,
913 3900 1018 3954 sed
1052 3902 1108 3954 et
1136 3877 1285 3970 (Ῑιιιιε⁷
1303 3903 1509 3953 nostra
1548 3877 1686 3953 sunt
1738 3895 2138 3961 conferamus,
2194 3900 2250 3950 et

2359 3878 2490 3950 εὐχῇ
2524 3877 2699 3943 πάλιν,
2732 3877 2860 3929 α).λὰ
2910 3883 3001 3930 καὶ
3059 3880 3126 3929 τὰ
3171 3878 3295 3952 παρ’
3342 3878 3537 3931 ἑαυτῶν
3586 3885 3964 3954 συνεισφέρειν,

592 3987 824 4043 ccalitus
858 3986 1150 4044 auxilium
1205 3985 1613 4056 imploremus.
1665 3984 1798 4039 Haec
1837 3984 1987 4038 enirn
2041 3987 2250 4039 mutuo

2358 3972 2448 4019 καὶ
2486 3971 2578 4024 τὴν
2625 3967 2815 4019 ἄνωθεν
2863 3965 3220 4020 ἐπικαλεῖσθαι
3276 3965 3544 4040 βοήθειαν.
3597 3968 3675 4021 Δι’
3728 3968 3968 4029 ἀλλήλων

568 4074 814 4131 auxilio
854 4073 1205 4143 pugnantia,
1246 4055 1606 4143 prosperum
1654 4071 1965 4127 habebunt
2022 4087 2227 4127 succes

1869 4075 1965 4127 um
2022 4087 2252 4127 succes-
2357 4058 2459 4130 ’γὰρ
2488 4062 2655 4108 ταῦτα
2686 4055 3108 4129 συμμαχούμενα
3135 4058 3530 4130 κατορθοῦνται.

597 4179 753 4217 sum.

666 4232 827 4287 Vers.
864 4232 949 4287 l2.
982 4230 1184 4286 Omnia
1215 4259 1283 4271 -
1328 4228 1488 4298 ipsis.
1530 4228 1746 4285 Omnia
1782 4243 1919 4301 qua:
1970 4230 2139 4301 prius
2179 4229 2253 4286 de

2436 4235 2611 4286 Πάντα
2667 4264 2731 4275 —-
2788 4234 2985 4296 αὐτοῖς.
3065 4234 3199 4288 Ὀσα
3245 4241 3361 4310 περὶ
3429 4234 3637 4309 ἀγάπης
3691 4237 3967 4312 προλαϐὼν

594 4319 909 4376 dilectione
940 4322 1245 4389 statuerat,
1283 4316 1451 4373 brevi
1485 4331 1646 4372 nunc
1675 4317 1858 4374 verbo
1898 4319 2249 4375 summatim

2362 4322 2720 4395 ἐνομοθέτησε,
2758 4327 2927 4376 πάντα
2982 4331 3069 4375 νῦν
3113 4326 3163 4377 ἐν
3216 4334 3287 4377 τῶ
3346 4325 3547 4399 βραχεῖ
3597 4330 3762 4400 τούτῳ
3825 4328 3966 4400 λόγῳ

597 4404 848 4477 collegit,
874 4421 946 4463 ac
964 4388 1261 4463 succincte
1282 4406 1504 4472 docuit,
1521 4421 1753 4477 ponens
1772 4421 1898 4462 rem
1920 4404 2157 4463 facilem
2182 4422 2253 4464 ac

2306 4469 2331 4491 Ἰ
2363 4410 2862 4485 ἀνεκεῳα).αιῶσατο,
2943 4418 3035 4466 καὶ
3108 4419 3372 4486 συντόμως
3454 4412 3666 4479 ἐδίδαξε
3741 4423 3967 4491 πρᾶγμα

566 4548 569 4551 .
588 4495 984 4570 justissimam
1001 4512 1013 4549 :
1032 4494 1252 4566 Omnia,
1272 4494 1480 4567 inquit,
1508 4509 1863 4567 quaecunque
1880 4495 2168 4553 volueritis
2190 4512 2227 4553 ιι

2516 4469 2525 4485 ⁸
2850 4469 2861 4479 ’
3268 4472 3275 4486 ι
3358 4469 3371 4476 ’
3624 4469 3635 4479 ·
3783 4469 3792 4489 ι
3859 4469 3905 4491 ειν
3937 4469 3964 4472 η

2303 4469 2545 4577 )ῥᾴδιον
2600 4521 2653 4554 τε
2704 4507 2792 4553 καὶ
2836 4498 3189 4569 δικαιότατον,
3252 4505 3424 4569 εἰπὼν,
3477 4508 3554 4557 ὅτι
3610 4507 3803 4571 Πάντα,
3859 4508 3964 4560 ὅσα

593 4583 841 4659 faciant
859 4585 1010 4642 vobis
1034 4584 1313 4649 homines,
1340 4590 1394 4640 et
1428 4600 1526 4641 vos
1538 4584 1730 4654 facite
1748 4585 1910 4654 ipsis.
1937 4584 2024 4641 Ita
2053 4592 2252 4643 autem

2361 4590 2422 4643 ἂν
2483 4590 2677 4655 θέλητε,
2756 4591 2838 4643 ἵνα
2893 4600 3112 4644 ποιῶσιν
3183 4594 3303 4665 ὑμῖν
3381 4594 3429 4645 οἱ
3498 4594 3787 4667 ἄνθρωποι,
3866 4601 3959 4650 καὶ

597 4675 729 4733 Ιιωο
753 4674 895 4748 ipsis
924 4675 1117 4739 facite,
1152 4673 1304 4730 sicut
1328 4672 1500 4729 vultis
1534 4677 1595 4728 ut
1625 4671 1739 4745 ipsi
1802 4673 1974 4729 vobis
2012 4673 2251 4731 faciant.

2360 4681 2510 4752 ὑμεῖς
2561 4686 2773 4748 ποιεῖτε,
2820 4678 3018 4742 αὐτοῖς.
3089 4681 3240 4733 Ούτω
3293 4677 3353 4734 δὲ
3402 4681 3580 4744 αὐτοῖς
3630 4691 3793 4737 ταῦτα
3845 4702 3959 4736 ποι-

570 4768 666 4831 :Et
691 4765 807 4823 hoc
834 4764 996 4822 idem
1018 4768 1126 4833 est,
1167 4762 1333 4836 quod
1364 4778 1568 4820 amare
1599 4763 1944 4835 proximum
1999 4762 2153 4820 sicut
2192 4779 2231 4818 St

2362 4775 2482 4839 εἴτε,
2539 4769 2607 4828 ὡς
2674 4767 2837 4821 θέλετε
2900 4767 3122 4831 ἐκείνους
3184 4770 3304 4842 (44)
3355 4778 3523 4824 ταῦτα
3601 4779 3765 4826 ποιεῖν
3812 4773 3957 4845 ὑμῖν,

599 4857 821 4930 ipsum.
855 4854 995 4911 Ideo
1032 4854 1214 4910 etiam
1252 4852 1541 4908 subdidit.
1620 4921 1626 4927 .
2198 4888 2203 4895 .

2363 4859 2484 4929 ὅπερ
2528 4855 2717 4908 ταύτόν
2757 4854 2888 4928 ἔστι,
2933 4857 3004 4929 τῷ
3045 4856 3249 4931 ἀγαπᾷν
3297 4862 3383 4912 τὸν
3438 4860 3680 4928 πλησίον,
3729 4864 3792 4923 ὡς
3848 4861 3968 4915 ἔαυ-

2364 4946 2592 4997 τόνη-Διό
2612 4949 2706 4999 καὶ
2738 4943 3018 5018 ἐπήγαγεν.
3255 4986 3259 4991 .
3323 4983 3337 4992 .
3392 4982 3410 4997 ,ι
3745 4994 3748 4998 .

679 5036 835 5091 Vers.
866 5035 950 5089 12.
989 5034 1079 5089 Ita
1111 5063 1174 5073 —
1194 5029 1523 5103 prophetae.
1574 5032 1663 5087 Ita
1707 5028 1802 5086 lex
1824 5032 1989 5087 vetus
2015 5033 2070 5087 et
2124 5044 2259 5103 pro-

2435 5032 2614 5094 Οὕτως
2659 5062 2730 5075 -—
2778 5042 3060 5111 npopiirat.
3121 5035 3273 5090 Οὕτω
3329 5036 3443 5113 (45)
3494 5034 3841 5114 διαλαμϐάνει
3877 5045 3972 5097 καὶ

681 5213 730 5249 ³⁸
755 5211 883 5269 Jac.
914 5224 993 5279 1v,
1023 5209 1079 5292 3_.
1782 5278 1797 5287 ~

1056 5302 1075 5381 ί
1109 5300 1115 5305 ’
1296 5306 1299 5309 ’
1830 5304 2051 5378 Varias
2089 5307 2416 5379 lectiones
2448 5317 2514 5379 et
2542 5320 2750 5381 notas.

709 5481 774 5537 43
826 5476 1014 5533 Intell.
1043 5495 1159 5532 σου.
2371 5480 2550 5537 etiam
2577 5485 2715 5538 ante
2744 5498 3073 5542 consonam
3130 5486 3412 5559 reperitur
3441 5485 3623 5551 οὕτως.
3670 5488 3818 5545 Euth
3871 5491 3981 5550 mii

682 5477 800 5698 ita;
819 5547 1104 5638 xéxstvo‘ug.
1139 5556 1200 5604 Α.
1325 5620 1335 5631 ⁸
1408 5621 1428 5637 ν
1791 5620 1804 5633 θ
2370 5567 2512 5623 ergo
2524 5506 3980 5638 interpretatiovindicatlectionem,quamhabent

709 5623 799 5696 45)
828 5621 939 5680 Pro
975 5641 1160 5684 ουτως.
1198 5619 1341 5678 dedi
1371 5640 1526 5676 ουτω.
1563 5620 1629 5678 In
1659 5620 1960 5693 plerisque
1974 5620 2155 5679 codd.
2369 5638 2584 5683 omnes
2599 5625 3405 5698 probicodices.Ejusautem
3418 5631 3741 5691 auctoritas
3758 5646 3830 5692 eo
3842 5649 3981 5694 ma-

819 5554 1104 5633 ξὰκείνοήυς.
1139 5556 1234 5633 Α..
1298 5619 1335 5633 ν
1408 5621 1428 5633 _
1563 5620 1584 5633 .
1701 5620 1717 5633 ‘
1791 5620 1804 5633 θ
2067 5620 2084 5633 _
2110 5621 2127 5633 _
2370 5582 2371 5595 ι

2370 5567 2512 5623 ergo
2524 5554 2927 5633 interpretatio
2938 5554 3731 5633 vindicat—lectionem,qu
3742 5554 3979 5622 habent

709 5619 799 5696 45)
828 5621 939 5680 Pro
975 5622 1160 5684 οὕτως.
1198 5619 1341 5678 dedi
1371 5621 1526 5676 οὕτω.
1563 5620 1629 5678 In
1659 5620 1960 5693 plerisque
1974 5620 2155 5679 codd.
2369 5619 2584 5683 omnes
2599 5619 3194 5702 probicodices.Ejus
3204 5634 3405 5690 autem
3418 5619 3741 5691 auctoritas
3758 5646 3830 5692 eo
3842 5619 3983 5694 ma;
