4206 6310
267 298 380 355 265

276 424 304 475 ὁ
336 422 553 483 παλαιὸς
607 425 776 494 νόμος,
827 427 916 475 καὶ⁵
971 423 1020 475 οἱ
1067 429 1349 496 προφῆται.
1376 421 1435 474 '0
1456 424 1544 494 μεν
1566 424 1673 497 γὰρ
1712 425 1868 493 νόμος
1900 421 1943 475 Α

279 516 457 583 φησίν·
510 512 828 582 Ἀγαπήσεις
886 513 974 564 τὸν
1034 510 1254 567 πλησὶον
1323 529 1438 577 σου,
1499 511 1563 569 ὡς
1631 514 1864 562 σεᾶυτόνν

279 602 328 653 οἱ
378 609 641 672 προφῆται
700 596 759 651 δέ
792 598 943 651 παλιν
1000 598 1162 651 πολλά
1200 603 1317 673 περὶ
1379 596 1716 670 φιλαδελφῖας
1766 607 1870 659 τοῖς

278 686 559 748 Ἰουδαίοις
616 693 933 761 παρῄνεσαν.
994 687 1148 741 Ἀλλά
1203 692 1289 738 καὶ
1344 690 1474 761 πρὸς
1523 691 1611 738 τόν
1660 690 1869 759 νομικὸν

277 778 491 850 ὕστερον
523 778 634 847 (46)
671 779 696 829 ό
739 780 988 848 Χριστὸς,
1042 774 1458 850 ἐπερωτήσαντα,
1522 780 1649 827 ποία
1702 775 1871 833 ἐντολὴ

275 865 476 938 μεγάλη
537 863 585 916 ἓν
638 873 710 934 τῷ
757 869 916 936 νόμῳ,
953 864 1267 937 ἀποκριθεὶς,
1300 868 1417 936 περί
1445 883 1497 915 τε
1522 873 1610 923 τῆς
1650 864 1717 924 εἰς
1744 867 1871 917 Θεὸν

274 954 505 1025 ἀγάπης,
536 958 627 1005 καὶ
663 957 781 1026 περὶ
818 960 913 1013 τῆς
938 953 1010 1014 εἰς
1056 956 1142 1003 τὸν
1190 953 1430 1017 πλησίον,
1480 951 1739 1023 ἐπήνεγκε,
1792 956 1873 1004 ὅτι

271 1043 363 1098 Ἐν
417 1045 639 1103 ταύταις
678 1048 789 1101 ταῖς
835 1038 992 1093 δυσὶν
1034 1040 1256 1103 ἐντολαῖς
1297 1036 1323 1092 ό
1368 1059 1517 1112 νομός
1560 1040 1669 1102 ὅλος
1708 1042 1797 1093 κάὶ
1826 1041 1875 1090 οἱ

270 1139 564 1206 προφῆται,
590 1135 893 1203 κρέμανται,
922 1133 1183 1198 τουτέστι,
1206 1138 1305 1181 τῶν
1339 1126 1437 1180 δύο
1464 1132 1657 1181 τούτων
1686 1128 1873 1200 μᾶλλον

278 1218 641 1294 ἐκκρέμανται,
671 1224 790 1293 περὶ
826 1226 924 1270 τῶν
977 1215 1074 1270 δύο
1114 1220 1307 1270 τούτων
1362 1213 1705 1291 διαφερόντως
1753 1215 1872 1269 δια-

275 1307 628 1381 λαμϐάνουσι,
670 1312 760 1358 καί
791 1309 1175 1380 προηγούμενον
1225 1308 1418 1358 σκοπόν
1472 1308 1661 1375 ἔχουσι
1720 1302 1874 1358 διδοί-

281 1397 368 1459 ξαι
430 1400 550 1457 τοὺς
610 1394 911 1469 ἀνθρώπους
966 1393 1171 1465 ἀγαπᾷν
1205 1396 1295 1466 μεν
1350 1398 1437 1445 τὸν
1479 1396 1626 1458 Θεὸν,
1691 1412 1739 1445 εν
1802 1402 1873 1464 τῷ

282 1483 531 1538 εὐσεϐεῖν⁸
558 1482 764 1555 ἀγαπᾷν
795 1480 964 1536 δίκαι
990 1481 1238 1544 ἀλλείλους
1267 1479 1314 1533 ἐν
1333 1489 1404 1552 τῷ
1451 1486 1523 1554 μή
1557 1478 1757 1535 ἀδικεῖν
1788 1486 1874 1534 τὸν

280 1573 514 1627 πλνσίον.

357 1661 515 1714 Ἐστι
546 1657 604 1713 δὲ
634 1664 723 1712 καὶ
761 1659 945 1734 ἑτέρως
997 1658 1172 1726 εἰπεῖν,
1213 1659 1294 1711 ὅτι
1322 1658 1434 1720 ὅλος
1464 1658 1489 1710 ὁ
1539 1662 1691 1732 νόμος
1717 1664 1806 1712 καὶ
1826 1662 1874 1712 οἱ

286 1758 557 1823 προφῆται.
576 1751 667 1809 τὰς
696 1745 792 1801 δύο
821 1747 1026 1808 ἐντολὰς
1061 1750 1252 1807 ταύτας
1279 1752 1555 1805 κέκτηνται
1582 1747 1753 1821 ῥίζαν,
1785 1752 1875 1800 καὶ
1904 1767 1948 1822 B

287 1840 481 1903 αἰτίαν,
513 1842 596 1890 καὶ
622 1836 872 1910 ἀφορμήν.

360 1926 623 1981 Εἱσέλθετε
684 1956 752 1966 -
836 1924 1023 1986 πύλης.
1084 1928 1266 1982 Στενὴν
1331 1924 1496 1982 πύλὴν
1558 1924 1720 1988 καλεῖ,
1780 1928 1873 1983 τὴν

287 2018 517 2075 ἄσκησιν
573 2022 671 2068 τῶν
723 2014 931 2087 ἀρετῶν
992 2012 1157 2071 πύλην
1188 2016 1301 2085 μὲν,
1348 2015 1417 2073 ὡς
1469 2013 1783 2083 εἰσάγουσαν
1809 2013 1874 2074 εἰς

285 2111 380 2164 τήν
411 2106 548 2165 ζωήν
578 2107 667 2161 τὴν
713 2103 935 2154 αἰώνιον*
988 2107 1159 2160 στενὴν
1220 2098 1298 2167 δὲ,
1332 2103 1401 2162 ὡς
1444 2102 1875 2172 παρασκευάζου-

288 2214 384 2247 σαν
414 2197 531 2252 τοὺς
559 2192 955 2267 εἰσερχομένους
1018 2196 1209 2256 πονεῖν,
1267 2194 1356 2241 καὶ
1406 2185 1606 2263 ἱδροῦν,
1651 2194 1738 2240 καὶ
1770 2191 1874 2242 θλί-

282 2283 489 2347 ϐεσθαι,
544 2286 731 2353 μέχρις
775 2278 834 2331 ἂν
876 2276 1143 2343 διελθωσι,
1201 2282 1287 2330 καὶ
1346 2280 1416 2339 ὡς
1470 2281 1541 2349 μὴ
1592 2283 1875 2351 χωροῦσαν

278 2374 405 2432 τούς
459 2376 651 2441 παχεῖς
690 2375 800 2429 ταῖς
844 2368 1141 2440 ἁμαρτίαις,
1202 2363 1295 2419 διὰ
1336 2370 1428 2424 τὴν
1479 2365 1765 2422 λεπτότητα
1786 2373 1877 2425 τῆς

281 2457 553 2534 ἀκριϐείας
617 2457 799 2527 αὐτῆς,
844 2457 938 2517 ἕως
994 2454 1054 2507 ἂν
1109 2454 1403 2509 ἀπόθωνται
1452 2457 1511 2507 τὸ
1561 2456 1739 2526 πάχος
1787 2461 1878 2515 τῆς

288 2546 567 2621 ἁμαρτίας.

359 2731 480 2779 ’Θτι
507 2755 571 2766 -
604 2724 787 2784 αὐτῆς.
830 2722 989 2775 Πάλιν
1020 2721 1256 2794 ὠνόμασε
1291 2720 1457 2778 πύλην
1496 2724 1587 2773 καὶ
1617 2717 1761 2785 ὁδὸν,
1786 2723 1878 2777 τὴν

286 2810 613 2887 φιληδονίαν·
636 2812 801 2869 πύλην
950 2814 1041 2862 καὶ
1071 2807 1216 2876 ὁδόν,
1245 2812 1313 2871 ὡς
1356 2809 1662 2881 ἀπάγουσσν
1693 2809 1761 2868 εἰς
1786 2812 1879 2865 τὴν

280 2903 523 2955 κόλασιν·
559 2903 751 2957 ταύτην
797 2901 898 2972 γάρ
938 2908 1024 2951 νῦν
1072 2898 1325 2951 ἀπωλειαν
1354 2896 1513 2968 λέγει·
1558 2895 1799 2949 πλατεῖαν
1823 2892 1881 2948 δὲ

284 2996 382 3043 καὶ
448 2990 765 3062 εὐρύχωρον,
826 2990 896 3049 ὡς
941 2984 1144 3060 μηδένα
1194 2991 1345 3039 πόνον
1382 2985 1720 3059 παρέχουσαν
1777 2992 1881 3045 τοῖς

282 3082 674 3153 εἰσερχομένοις
729 3073 802 3128 δι’
833 3076 1012 3140 αὐτῆς,
1068 3073 1246 3129 διὰτὸ
1304 3074 1541 3127 ἀόοιστον
1592 3078 1754 3136 αὐτῆς
1791 3077 1881 3125 καὶ

279 3170 466 3222 ἄνετον
491 3171 580 3218 καὶ
607 3164 845 3238 ἀπαρατὴ
853 3183 1028 3238 ρητον.

356 3347 423 3400 Τί
460 3346 612 3401 στενὴ
646 3373 707 3381 -—
739 3342 897 3402 ζωήν.
942 3344 1011 3394 Τὸ
1054 3345 1127 3409 τί,
1160 3338 1273 3392 ἀντὶ
1314 3339 1425 3411 (4-7)
1456 3346 1549 3391 τοῦ
1596 3339 1751 3391 πάνυ.
1784 3344 1883 3391 Με-

287 3433 499 3505 γαλύνει
525 3433 628 3503 γὰρ
669 3435 761 3488 τὴν
817 3435 1100 3488 στενότητα
1130 3433 1216 3481 καί
1256 3431 1313 3480 τὸ
1343 3427 1570 3503 θλιϐερόν
1593 3427 1722 3486 αὐτῆ
1735 3446 1774 3493 ς,
1801 3428 1885 3479 ἱνα

290 3523 656 3596 προμαθόντες
682 3519 814 3572 αύτά
845 3516 879 3571 δ
884 3520 1185 3592 ιεγερθῶμεν
1211 3518 1284 3579 εἰς
1314 3515 1513 3588 ἀγῶνας
1559 3521 1647 3567 καὶ
1683 3534 1884 3590 παρασ-

287 3611 625 3680 κευασθῶμεν
652 3607 718 3668 εἰς
749 3609 1010 3676 ὑπομονὴν
1048 3610 1138 3659 καὶ
1161 3609 1434 3679 καρτερίαν
1463 3613 1563 3657 τῶν
1584 3608 1777 3660 πόνων.
1814 3607 1883 3656 Τό

288 3701 395 3773 γὰρ
457 3701 879 3771 προεγνωσμένου
940 3700 1031 3747 καὶ
1095 3690 1586 3768 προσδεδοκημένον
1632 3692 1884 3765 λυπηρόν,

298 3787 663 3860 εὐχερέστερον
698 3790 787 3837 καὶ
832 3788 1139 3858 κουφότερον
1183 3783 1328 3835 εἴωθε
1365 3785 1731 3855 προσπίπτειν.
1763 3786 1884 3832 Βου-

295 3874 504 3946 λόμενος
532 3877 618 3946 μὲν
659 3869 746 3925 οὖν
785 3872 1090 3945 ἐναγωνίους
1120 3876 1209 3923 καὶ
1238 3873 1569 3943 καρτερικοὺς
1598 3865 1725 3920 εἶναι
1767 3872 1889 3930 τοὺς

298 3964 550 4036 μαθητὰς,
604 3958 837 4020 ἐδήλωσε
877 3965 935 4013 τὸ
996 3963 1318 4032 στενόχωρον
1369 3962 1459 4010 καὶ
1506 3953 1770 4010 ἐπώδυνον
1798 3965 1889 4018 τῆς

296 4052 534 4127 εἰρημένη
548 4071 568 4112 ς
596 4046 747 4103 ὀδοῦ.

365 4227 834 4300 Παραμυθοῦμενος
885 4220 944 4277 δε
986 4227 1080 4283 την
1132 4222 1355 4276 ἐντεῦθεν
1399 4222 1766 4289 κακοπάθειαν,
1798 4227 1888 4275 καὶ

296 4315 557 4388 κουφίζων
588 4318 645 4366 τό
692 4311 929 4367 ἐπίπονον
954 4312 1137 4378 αὐτῆς,
1179 4308 1410 4377 ἐδίδαξε,
1438 4319 1537 4364 ποῦ
1564 4310 1773 4382 ἀπάγει,
1811 4312 1889 4364 ὅτι

290 4406 364 4467 είς
396 4409 492 4463 τὴν
524 4403 684 4468 ζωὴν,
733 4398 944 4460 δηλαδὴ
995 4406 1088 4460 τὴν
1118 4400 1341 4452 αἰώνιον·
1379 4402 1480 4465 ἵνα,
1532 4402 1649 4452 ὅταν
1687 4398 1887 4471 βλέπων

288 4495 361 4554 εἰς
382 4497 502 4553 τούς
533 4495 736 4556 πόνους,
775 4491 1018 4562 ἰλιγγιᾷς,
1061 4487 1352 4559 ἀποϐλέψας
1382 4489 1447 4549 εἰς
1467 4491 1525 4540 τό
1551 4488 1690 4549 τέλος
1721 4488 1888 4541 αὐτῶν

288 4580 642 4654 παροξυνθῇς,
672 4586 788 4641 ταῖς
824 4586 912 4640 τῆς
965 4575 1274 4638 ἀντιδόσεως
1323 4576 1494 4630 ἐλπίσι
1535 4579 1885 4653 νευρούμενος.

292 4669 374 4722 Ou’
426 4671 591 4741 μικρά
647 4664 706 4721 δὲ
748 4672 1068 4741 παρηγορία,
1120 4671 1209 4719 καὶ
1290 4668 1348 4718 τὸ
1410 4666 1626 4719 καλέσαι
1692 4668 1888 4723 ταύτην

286 4756 463 4816 πύλην
493 4762 583 4809 καὶ
607 4753 748 4812 ὁδόν.
784 4762 883 4811 Καὶ
926 4757 1079 4829 ἄμφω
1118 4759 1220 4831 γὰρ
1260 4751 1671 4830 παροδευόμενά,
1712 4759 1801 4807 καὶ
1830 4753 1887 4806 ού

284 4850 506 4924 μόνιμο.

1920 4468 1965 4521 D

369 5115 412 5150 ⁸⁷
446 5113 636 5174 Lavit.
666 5129 776 5185 nx,
812 5114 879 5171 18
955 5114 1001 5151 ³⁸
1028 5112 1232 5172 Matth.
1278 5126 1418 5179 xxu,
1448 5108 1535 5177 36,
1566 5108 1655 5166 40.

1236 294 1603 355 COMMENT.
1642 295 1713 353 IN
1751 292 2202 355 MATTH/EUM.
2252 328 2320 339 —-
2359 297 2514 355 CAP.
2554 298 2674 355 VII.

3523 303 3628 360 266

1978 420 2165 493 phetae
2208 420 2624 479 determinant.
2664 422 2775 480 Lex
2833 422 3130 497 siquidem
3171 425 3352 482 dicit:
3402 425 3628 498 Diliges

1977 512 2317 579 proximum
2342 517 2493 565 tuum
2512 512 2660 567 sicut
2681 519 2734 569 te
2757 514 2948 582 ipsum
2978 516 3045 568 ³⁷.
3066 515 3368 586 Prophetas
3386 531 3627 589 quoque

1980 598 2166 652 multa
2195 598 2269 652 de
2296 599 2554 655 fraterno
2585 616 2786 655 amore
2833 602 3067 658 Iudaeos
3117 604 3404 660 exhortati
3443 610 3581 661 sunt
3610 624 3623 674 ;

1980 685 2085 740 sed
2112 690 2170 740 et
2204 686 2466 742 Christus
2517 688 2577 743 in
2608 690 2996 760 sequentibus
3043 691 3427 762 interroganti
3456 693 3629 763 legis-

1980 775 2191 845 perito,
2212 776 2377 847 quod
2394 782 2547 833 esset
2573 778 2924 834 mandatum
2953 795 3238 850 magnum
3269 783 3328 837 in
3358 782 3628 852 lege,ubi

1981 862 2056 916 de
2079 863 2176 916 Dei
2198 878 2266 918 ac
2283 864 2537 935 proximi
2557 881 2761 921 amore
2782 868 3210 938 respondisset,
3237 869 3499 926 subdidit
3528 887 3539 925 :
3563 870 3629 925 In

1986 950 2076 1005 his
2105 949 2315 1006 duobus
2358 953 2654 1009 mandatis
2692 955 2957 1011 universa
3011 956 3109 1011 lea:
3139 958 3353 1025 pendet
3398 963 3453 1013 et
3481 973 3620 1027 pro-

1980 1037 2169 1109 pheta:
2192 1041 2239 1074 ³⁸
2266 1039 2380 1095 hoc
2411 1046 2515 1105 est,
2540 1042 2629 1097 his
2659 1042 2894 1098 duobus
2924 1044 3118 1113 magis
3140 1059 3408 1116 appensa
3457 1049 3627 1101 sunt:

1985 1126 2139 1181 circa
2164 1126 2291 1182 haec
2320 1129 2442 1184 duo
2468 1131 2661 1200 magis
2686 1131 2916 1203 egregie
2956 1136 3207 1187 tractant
3244 1148 3315 1188 ac
3346 1136 3626 1189 narrant:

1982 1213 2044 1269 id
2070 1229 2178 1285 pro
2210 1231 2386 1287 scopo
2416 1217 2727 1285 habentes,
2767 1224 2829 1275 ut
2859 1219 3132 1276 homines
3165 1220 3421 1278 doceant
3445 1224 3632 1276 Deum

1984 1302 2233 1359 colendo
2263 1320 2487 1370 amare,
2528 1322 2598 1363 ac
2628 1323 2690 1363 se
2719 1308 2997 1380 invicem,
3030 1308 3091 1365 in
3138 1308 3302 1366 nullo
3334 1308 3498 1367 alteri
3530 1324 3634 1365 no-

1984 1390 2198 1449 cendo.

2053 1662 2249 1715 Potest
2275 1674 2516 1732 quoque
2555 1663 2614 1716 et
2641 1660 2756 1716 alio
2808 1661 2990 1718 modo
3051 1660 3185 1728 dici,
3234 1663 3397 1735 quod
3436 1664 3634 1721 omnis

1983 1747 2072 1803 lex
2112 1763 2182 1803 ac
2224 1748 2531 1819 prophetae
2574 1748 2702 1804 haec
2731 1749 2853 1805 duo
2883 1756 3183 1822 praecepta
3225 1750 3451 1809 habent
3496 1758 3632 1811 tan-

1981 1850 2163 1907 quam
2191 1835 2476 1903 radicem,
2499 1852 2749 1893 causam
2772 1842 2827 1892 et
2850 1847 3295 1907 argumentum.

2056 1926 2213 1978 Vers.
2250 1923 2331 1978 13.
2379 1924 2606 1980 Intrate
2642 1955 2713 1966 —
2735 1932 2975 1995 portam.
3024 1927 3354 1998 Angustam
3395 1932 3633 1999 portam

1981 2015 2153 2067 vocat
2217 2011 2503 2066 virtutum
2568 2014 2996 2083 operationem.
3066 2017 3304 2071 Portam
3364 2016 3629 2087 quidem,

1981 2104 2274 2171 tanquam
2303 2099 2381 2155 ad
2423 2103 2608 2156 vitam
2649 2105 2926 2157 aeternam
2980 2102 3452 2161 introducentem
3483 2121 3497 2172 ;
3532 2121 3635 2161 an-

1983 2193 2221 2258 gustam
2252 2203 2408 2254 vero;
2456 2194 2523 2245 ut
2574 2205 2709 2261 quae
2750 2189 3151 2261 ingredientes
3208 2197 3506 2264 praeparet
3556 2194 3635 2249 ad

1982 2276 2221 2332 labores
2282 2292 2353 2332 ac
2410 2276 2761 2333 afﬂictiones
2812 2283 3004 2335 donec
3055 2282 3130 2335 ad
3204 2280 3388 2336 ﬁnem
3432 2296 3636 2353 perve-

1986 2366 2170 2421 niant.
2196 2364 2345 2431 Quia
2376 2364 2526 2421 enim
2554 2371 2718 2422 arcta
2747 2370 2834 2422 est
2877 2367 2956 2423 ob
2983 2383 3157 2423 suam
3182 2367 3628 2440 perfectionem,

1985 2452 2262 2509 dicuntur
2324 2453 2483 2509 illam
2540 2469 2663 2509 non
2732 2470 2913 2527 posse
2974 2455 3223 2526 ingredi,
3288 2456 3389 2528 qui
3444 2457 3636 2514 crassi

1987 2546 2127 2597 sunt
2152 2541 2429 2612 peccatis,
2476 2542 2663 2598 donec
2715 2547 3097 2615 peccatorum
3129 2560 3165 2601 a
3213 2560 3274 2601 se
3326 2545 3633 2618 pinguedi-

1985 2645 2123 2686 nem
2154 2628 2468 2700 expellant.

2058 2721 2216 2774 Vers.
2251 2718 2335 2772 13.
2373 2718 2518 2785 Quia
2559 2750 2629 2761 —
2667 2734 2817 2777 eam.
2852 2719 3129 2777 Similiter
3169 2722 3330 2778 viam
3388 2737 3457 2778 ac
3502 2738 3639 2794 por-

1987 2811 2112 2863 tam
2154 2806 2479 2863 nominavit
2532 2808 2899 2880 voluptatum
2936 2825 3203 2865 amorem
3258 2814 3545 2883 tanquam
3575 2812 3638 2867 in

1992 2896 2354 2969 supplicium
2385 2895 2820 2953 abducentem:
2854 2898 2917 2953 id
2965 2898 3125 2953 enim
3177 2903 3349 2955 vocat
3374 2899 3473 2955 hic
3512 2916 3639 2973 per-

1990 2984 2294 3040 ditionem.
2357 2986 2558 3041 Latam
2594 2990 2792 3041 autem
2838 2989 2894 3042 et
2940 2989 3287 3059 spatiosam,
3320 2989 3464 3061 quia
3510 2989 3640 3045 nul-

1989 3072 2115 3129 lum
2145 3073 2372 3144 praebet
2393 3073 2661 3129 laborem
2692 3074 3161 3144 ingredientibus
3186 3092 3289 3145 per
3309 3092 3466 3142 eam,
3500 3094 3639 3134 cum

1988 3161 2305 3231 indulgens
2324 3162 2414 3227 sit,
2434 3162 2598 3217 nullo
2620 3162 2829 3219 clausa
2845 3164 3116 3232 termino,
3135 3165 3298 3221 nullo
3324 3165 3641 3224 observata

1989 3250 2256 3306 custode.

2059 3338 2218 3393 Vers.
2272 3341 2352 3393 14.
2411 3338 2597 3404 Quam
2627 3346 2880 3408 angusta
2933 3371 3001 3380 —
3047 3340 3250 3397 vitam.
3309 3345 3400 3407 Τὸ,
3433 3357 3637 3414 quam,

1989 3441 2098 3499 pro
2127 3427 2299 3482 valde
2332 3426 2595 3497 ponitur.
2638 3428 2968 3497 Exaggerat
2998 3428 3156 3483 enim
3185 3429 3528 3500 angustiam
3568 3446 3640 3487 ac

1991 3514 2470 3570 constrictionem
2486 3514 2694 3586 ipsius,
2720 3515 2888 3571 uthis
2914 3516 3209 3586 congnitis
3232 3517 3310 3572 ad
3342 3521 3645 3574 certamen

1992 3604 2336 3668 excitemur,
2355 3608 2411 3659 et
2430 3619 2824 3675 praeparemur
2854 3604 2931 3660 ad
2955 3604 3231 3661 laborum
3264 3605 3646 3663 tolerantiam

1994 3706 2063 3745 ac
2108 3691 2527 3747 constantiam.
2579 3692 2730 3748 Nam
2771 3692 2937 3762 quod
2991 3707 3062 3747 ex
3113 3709 3176 3748 se
3230 3693 3390 3749 triste
3445 3698 3555 3761 est,
3595 3694 3646 3749 si

1992 3778 2421 3851 praecognitum
2453 3778 2622 3833 fuerit
2650 3794 2721 3834 ac
2744 3780 3217 3851 praecogitatum,
3252 3781 3358 3835 ubi
3385 3781 3650 3852 contige-

1994 3868 2085 3932 rit,
2117 3865 2348 3922 facilius
2384 3882 2453 3922 ac
2500 3866 2691 3921 levius
2720 3866 2954 3922 tolerari
3004 3867 3172 3923 solet.
3206 3867 3416 3924 Volens
3446 3864 3648 3941 itaque

1995 3954 2341 4025 discipulos,
2369 3954 2763 4010 certaminum
2782 3955 3137 4028 prtevalidos
3163 3957 3288 4012 ﬁeri
3314 3957 3646 4030 praefectos,

1996 4042 2399 4107 manifestavit
2418 4043 2577 4098 viam
2595 4043 2937 4114 praedictam
2959 4059 3086 4099 esse
3107 4049 3426 4117 angustam
3455 4061 3525 4104 ac
3544 4047 3649 4104 do‘

1992 4131 2112 4188 lore
2140 4130 2402 4203 plenam.

2068 4220 2325 4292 Cupiens
2355 4224 2556 4276 autem
2578 4235 2679 4276 eos
2713 4221 3029 4291 consolari,
3074 4221 3153 4279 ob
3182 4237 3317 4279 eam
3345 4234 3481 4297 quae
3511 4219 3652 4283 inde

1995 4309 2263 4381 sequitur
2306 4306 2727 4365 aﬂlictionem:
2782 4314 2841 4365 et
2878 4309 3165 4367 allevians
3227 4314 3393 4384 quod
3457 4315 3519 4370 in
3579 4331 3652 4372 ea

1993 4397 2365 4454 laboriosum
2417 4401 2526 4462 est,
2590 4398 2927 4456 manifestat
2955 4415 3077 4471 quo
3152 4401 3340 4469 ducat,
3384 4408 3524 4474 puta
3572 4404 3654 4460 ad

1995 4488 2203 4557 vitam,
2245 4486 2518 4544 videlicet
2574 4491 2876 4555 aeternam,
2934 4494 2997 4545 ut
3053 4491 3199 4545 dum
3238 4491 3379 4546 visis
3438 4492 3651 4548 labori.

1993 4575 2110 4630 bus
2162 4574 2444 4642 anxiaris,
2505 4576 2561 4630 in
2607 4575 2783 4632 ﬁnem
2838 4577 3101 4648 ipsorum
3168 4578 3490 4649 respiciens
3554 4596 3655 4636 ex-

1996 4664 2214 4732 citeris,
2315 4664 2538 4720 viribus
2624 4680 2661 4720 a
2747 4681 2853 4736 spe
2920 4666 3317 4721 retributionis
3412 4668 3650 4723 additis.

1994 4752 2199 4825 Neque
2274 4754 2522 4809 minima
2597 4754 2922 4809 consolatio
2989 4757 3099 4819 est,
3168 4769 3379 4811 vocare
3457 4756 3655 4827 ipsam

1995 4846 2235 4915 portam
2264 4857 2334 4900 ac
2364 4842 2525 4899 viam
2560 4858 2573 4896 :
2601 4844 2816 4898 neutra
2860 4840 3155 4913 siquidem
3186 4850 3517 4915 permanet,
3551 4845 3656 4901 sed

1997 4931 2232 4989 transit.

1514 5231 1742 5305 Variae
1779 5233 2108 5303 lectiones
2152 5242 2217 5301 et
2241 5241 2443 5301 notae.

298 5433 398 5508 jor
425 5438 513 5508 est
550 5431 663 5508 hoc
704 5434 861 5508 loco,
902 5431 1066 5508 quod
1097 5448 1134 5491 a
1163 5432 1577 5508 Chrysostomo
1609 5431 1900 5508 dissentit,

300 5504 575 5582 quietive;
604 5506 825 5562 intulit.
859 5508 916 5582 t._
948 5504 1063 5572 VII,
1087 5521 1151 5582 rp.
1191 5504 1293 5563 291'
1329 5523 1344 5575 ;
1372 5505 1486 5571 VII,
1513 5520 1573 5578 p.
1608 5505 1734 5562 451.

370 5578 482 5653 (46)
513 5580 541 5632 ὀ
570 5582 829 5652 Χριστός,
865 5576 1038 5634 abest
1065 5576 1132 5631 Ᾰ.

512 5667 766 5725 ΡΑτηοι..
811 5665 929 5723 Gn.
972 5663 1236 5724 CXXIX.

2009 5431 2120 5502 (47)
2186 5433 2255 5484 Τὸ
2330 5434 2383 5483 τί
2453 5429 2649 5502 possit
2728 5430 2901 5489 etiam
2980 5430 3163 5504 accipi

3248 5447 3362 5505 pro
3444 5432 3529 5500 ὡς,
3594 5433 3659 5493 ὡς

2013 5506 2186 5573 στενή,
2217 5517 2404 5576 quam
2433 5505 2713 5574 angusta.

3342 5663 3381 5719 9
