4206 6310
544 213 646 268 267
1858 204 2218 266 EUTHYMII
2252 203 2580 263 ZIGABENI
3480 162 3485 167 ’
3791 197 3904 253 268

614 335 779 390 Vers.
826 338 909 390 14.
959 335 1039 390 Et
1077 364 1144 374 -—
1192 348 1343 391 eam.
1403 333 1491 390 Ibi
1536 331 1784 405 quidem
1837 330 2008 387 multi
2047 332 2195 402 quia
2226 334 2273 386 Α

2243 334 2273 385 λ
2382 335 2482 382 Καὶ
2510 360 2572 369 -
2603 328 2780 387 αύτήν.
2812 328 2946 381 Ἐκεῖ
2964 331 3054 401 μὲν
3082 327 3283 397 πολλοὶ,
3310 323 3404 379 διὰ
3424 328 3480 378 τό
3510 321 3615 382 ἡδύ
3651 326 3742 374 καὶ
3768 322 3904 373 ἄπο-

537 424 805 497 jucunda
860 426 946 479 est
998 426 1054 480 et
1097 424 1221 479 sine
1264 422 1506 480 labore:
1574 420 1671 477 hic
1730 424 1929 477 autem
1990 422 2190 491 pauci,

2302 437 2404 472 νον·
2434 418 2653 471 ἐνταῦθα
2676 415 2733 470 δὲ
2764 418 2945 489 ὀλίγοι,
2982 415 3075 471 διὰ
3132 420 3191 470 τό
3240 419 3422 489 πικρὸν
3455 419 3543 466 καὶ
3579 412 3897 485 ἐπίμοχθον.

544 512 689 584 quia
718 511 971 567 difﬁcilis
1015 518 1106 568 est
1143 528 1213 569 ac
1261 511 1580 567 laboriosa.
1632 509 1792 566 Scire
1825 513 2024 565 autem
2057 524 2191 564 con-

2304 513 2566 582 Προσὴκει
2599 503 2657 559 δὲ
2684 512 2979 577 γινώσκειν,
3006 508 3084 558 ὅτι
3113 513 3199 557 νῦν
3232 508 3321 577 μὲν
3350 507 3530 562 στενὴν
3553 506 3643 553 καὶ
3691 499 3905 571 τεθλιμ-

542 601 719 666 venit,
768 601 933 673 quod
997 617 1157 657 nunc
1218 606 1532 671 angustam
1589 614 1659 655 ac
1721 598 1981 654 strictam
2032 596 2192 652 viam

2301 601 2455 668 μένην
2481 600 2573 653 τὴν
2603 594 2767 653 πύλην
2796 601 2886 647 καὶ
2924 600 3016 653 τὴν
3046 592 3168 646 όὸὀν
3214 602 3303 653 τῆς
3350 596 3558 644 αἰωνίου
3592 591 3724 651 ζωῆς
3755 592 3903 659 εἴρη-

543 688 794 745 coelestis
842 690 974 745 vitae
1044 689 1207 757 dixit,
1249 694 1484 761 pr0pter
1534 688 1960 759 temporariam
2002 685 2191 756 ipsius

2300 705 2377 749 κε,
2423 682 2515 737 διά
2566 688 2659 742 τὴν
2704 688 3025 757 πύοσκαιρον
3056 684 3218 745 αὐτῆς
3241 682 3608 734 κακοπάθειαν·
3654 673 3902 749 ἀλλαχοῦ

544 776 968 846 aﬂlictionem;
1011 777 1153 833 alibi
1193 793 1335 834 vero
1365 793 1549 833 suave
1591 776 1732 832 dicit
1765 776 1981 846 jugum
2022 788 2191 828 man-

2302 770 2361 827 δὲ
2380 777 2619 848 χρηστόν
2663 774 2795 845 λέγει
2842 777 2927 825 τόν
2968 773 3125 844 ζυγόν
3178 780 3278 824 ⁸⁷’ῶν
3332 770 3541 823 ἐντολῶν
3598 769 3757 820 αύτοῡ
3804 770 3901 817 καὶ

542 867 824 923 datorum
866 881 1134 935 suorum,
1184 869 1241 921 et
1269 881 1423 921 onus
1474 870 1911 937 praeceptorum
1944 877 2193 917 suorum

2300 867 2358 915 τὸ
2390 868 2594 937 φορτίον
2624 871 2723 914 τῶν
2778 861 3138 935 ἐπιταγμάτων
3182 860 3340 913 αὐτοῦ
3383 858 3618 931 ἐλαφρόν,
3663 852 3757 908 διά
3798 859 3900 911 τήν

540 954 669 1011 leve
712 956 782 1020 ⁸⁸,
839 953 918 1010 01)
970 968 1141 1026 spem
1189 959 1551 1011 aeternorum
1604 953 1918 1009 bonorum.
2002 950 2193 1007 Virtus

2299 955 2473 1024 χαρὰν
2531 947 2625 1012 τῆς
2666 947 2870 1011 ἐλπίδος
2920 959 3020 1003 τῶν
3059 950 3277 1002 αἰωνίων
3337 947 3571 1020 ἀγαθῶν.
3622 945 3679 997 Ἠ
3732 942 3894 1016 ἁρετὴ

542 1042 702 1097 enim
745 1042 941 1111 gravis
991 1041 1237 1113 quidem
1287 1046 1374 1097 est
1445 1048 1688 1114 propter
1749 1040 2016 1097 laborum
2068 1053 2193 1094 mo-

2298 1044 2397 1113 γάρ
2455 1039 2642 1114 βαρεῖα
2689 1044 2778 1112 μεν
2831 1038 2961 1105 ἐστι,
3028 1036 3120 1091 διά
3166 1042 3224 1091 τό
3279 1039 3503 1109 ἐπαχθὲς
3554 1042 3653 1087 τῶν
3700 1038 3894 1085 πόνων·

540 1130 793 1194 lestiam,
826 1130 969 1186 levis
1000 1136 1193 1187 autem
1232 1135 1475 1203 propter
1510 1130 1952 1187 retributionem
1986 1145 1999 1183 :
2062 1141 2190 1182 sen-

2300 1129 2491 1202 ἐλαφρὰ
2521 1126 2598 1195 δὲ,
2631 1125 2723 1181 διὰ
2764 1133 2857 1186 τὴν
2906 1125 3195 1195 ἀντίδοσιν,
3243 1132 3331 1179 καὶ
3378 1130 3472 1184 τὴν
3521 1124 3772 1181 αἴσθησιν
3801 1128 3900 1181 τῆς

544 1234 795 1289 sumque
820 1218 1045 1275 doloris
1083 1219 1313 1290 mitigat
1341 1235 1411 1277 ac
1442 1222 1719 1276 extenuat
1768 1217 1947 1275 futuri
1974 1231 2193 1289 exspe-

2302 1215 2623 1293 δριμύτητος
2652 1218 2865 1290 πραΰνει
2890 1222 2979 1270 καὶ
3008 1216 3193 1270 λεαίνει
3230 1218 3260 1275 ἡ
3306 1211 3605 1289 προσδοκία
3644 1219 3739 1273 τῆς
3777 1209 3899 1283 μελ-

544 1306 722 1363 ctatio
748 1306 974 1377 gaudii.

2300 1306 2498 1367 λούσης
2525 1313 2717 1382 χαρᾶς.

615 1394 778 1451 Vers.
815 1400 907 1454 15.
944 1396 1239 1453 Cavete—
1284 1411 1546 1466 rapaces.
1607 1397 1925 1468 Postquam
1977 1394 2052 1450 de
2097 1393 2195 1451 via

2374 1399 2669 1470 Προσέχετε
2731 1427 2799 1438 -
2864 1396 3110 1470 ἅρπαγες.
3176 1395 3347 1448 Εἰπὼν
3406 1398 3524 1468 περὶ
3581 1400 3673 1453 τῆς
3740 1386 3896 1454 ὁδοῦ,

545 1482 709 1548 dixit,
753 1483 919 1540 addit
958 1488 1015 1540 et
1066 1484 1140 1539 de
1181 1483 1273 1539 his
1325 1500 1460 1555 quae
1491 1498 1597 1555 per
1637 1483 1798 1539 viam
1848 1482 1910 1538 in
1962 1482 2193 1538 insidiis

2300 1486 2623 1557 προστίθησι
2649 1488 2738 1535 καὶ
2762 1488 2879 1557 περὶ
2903 1490 2999 1535 τῶν
3026 1482 3452 1536 ἐπιϐουλευόντων
3470 1482 3601 1532 κατά
3620 1483 3714 1536 τὴν
3745 1475 3897 1546 ὁδὸν,

542 1575 848 1643 ponuntur
909 1574 974 1628 ut
1011 1572 1351 1628 attentiores
1402 1587 1472 1627 ac
1528 1570 1931 1642 vigilantiores
1984 1570 2190 1626 simus.

2302 1573 2387 1625 ⁶ὶνα
2450 1578 2917 1645 προσεκτικώτεροι
2995 1578 3083 1626 καὶ
3152 1572 3521 1644 νηφαλεώτεροι
3578 1566 3728 1640 ὦμεν·
3785 1566 3900 1618 ἀλλ’

544 1661 612 1715 Et
658 1661 717 1717 in
743 1661 1213 1732 praecedentibus
1242 1661 1509 1734 quidem,
1549 1661 1624 1717 de
1654 1661 1906 1717 canibus
1944 1676 2013 1717 ac
2068 1676 2196 1732 por-

2242 1684 2267 1738 Β
2304 1662 2473 1716 ὀπίσω
2525 1663 2615 1733 μὶν
2663 1665 2780 1733 περὶ
2840 1669 3003 1712 κυνῶν
3042 1665 3131 1713 καὶ
3159 1664 3355 1733 χοίρων
3387 1656 3643 1720 ἐδίδαξεν·
3673 1655 3903 1708 ἐνταῦθα

544 1749 627 1805 cis
679 1749 882 1806 docuit
915 1766 929 1816 ;
960 1749 1055 1805 hic
1106 1766 1247 1806 vero
1295 1748 1459 1806 aliud
1521 1765 1763 1822 quoque
1807 1765 1994 1820 genus
2045 1749 2196 1821 peri-

2306 1748 2365 1804 δε
2404 1752 2570 1822 ἕτερον
2602 1747 2742 1811 εἶδος
2770 1749 3130 1825 χαλεπώτερον
3175 1750 3391 1821 εἰσάγει,
3440 1751 3499 1800 τό
3549 1755 3652 1800 τῶν
3701 1745 3897 1811 λύκων,

545 1838 803 1895 culosius
849 1837 1096 1903 inducit,
1153 1839 1436 1911 luporum
1503 1838 1777 1894 videlicet
1827 1838 2004 1894 ovina
2042 1836 2194 1909 pelle

2304 1848 2403 1892 τῶν
2434 1837 2912 1911 ίπικεκαλυμμένων
2950 1846 3061 1900 ταῖς
3090 1847 3189 1891 τῶν
3237 1838 3510 1913 προϐάτων
3538 1833 3738 1909 δοραῖς
3774 1837 3901 1887 ὅσον

545 1930 939 1982 contectorum
972 1946 984 1985 :
1016 1927 1160 1998 quia
1187 1927 1271 1982 illi
1312 1930 1465 1983 certe
1519 1926 1842 1995 manifesti,
1901 1926 1960 1982 hi
1995 1930 2195 1983 autem

2306 1933 2487 1982 ἐκεῖνοι
2515 1931 2625 2001 μὲν,
2651 1933 2860 2004 φανεροί
2890 1928 3041 1995 εἰσιν,
3072 1928 3213 1981 οὗτοι
3246 1925 3304 1981 δὲ
3341 1932 3564 2001 κρυπτοὶ
3592 1930 3681 1978 καὶ
3708 1924 3904 1977 λανθά-

549 2015 882 2071 absconditi
910 2019 1042 2071 sunt
1070 2019 1126 2070 et
1158 2015 1390 2071 occulti.

828 2015 882 2070 ἱίὶ
910 2019 1042 2071 sunt
1070 2019 1126 2070 et
1158 2015 1390 2071 occulti.
2305 2037 2489 2078 νοντες¹

622 2104 833 2159 Dicunt
852 2119 993 2175 ergo
1021 2104 1263 2175 quidam
1287 2103 1397 2160 hos
1427 2119 1553 2159 esse
1585 2103 1928 2174 prodigiosa
1960 2107 2015 2159 et
2045 2103 2198 2159 falsa

2378 2110 2511 2159 Φασὶ
2543 2103 2602 2158 δέ
2630 2125 2779 2173 τινες,
2814 2110 3030 2168 τούτους
3059 2105 3187 2159 εἶναι
3215 2105 3583 2181 τερατολόγους
3599 2110 3688 2158 καὶ
3716 2104 3905 2167 ἀθέους

548 2191 879 2263 loquentes,
933 2207 1003 2247 ac
1057 2191 1332 2247 homines
1381 2192 1676 2263 quosdam
1731 2192 1857 2248 sine
1908 2193 2049 2259 Deo,
2096 2198 2199 2263 qui

2306 2197 2443 2253 τινὰς
2470 2192 2785 2267 ἀνθρώπους,
2812 2199 3104 2269 περιιόντας
3128 2200 3214 2247 καὶ
3236 2194 3630 2256 ἀποπλανῶντας
3655 2195 3898 2257 πολλούς·

549 2279 816 2337 fallendo
859 2279 1165 2353 plurimos,
1209 2280 1645 2349 obambulant;
1679 2281 2016 2352 nuncupari
2057 2296 2199 2337 vero

2309 2282 2662 2355 ὀνομασθῆναι
2686 2280 2744 2335 δὲ
2772 2280 3209 2358 ψευδοπροφήτας
3229 2287 3340 2356 μὶν,
3367 2286 3435 2346 ὡς
3466 2285 3906 2358 ὑποκρινομένους

552 2368 735 2427 falsos
776 2369 1115 2441 prophetas,
1150 2374 1350 2440 utpote
1402 2369 1601 2426 futura
1644 2369 2088 2425 subindicantes
2128 2386 2199 2426 ac

2308 2376 2397 2424 καὶ
2420 2371 2684 2445 προλέγειν
2724 2374 2789 2424 τὰ
2834 2371 3096 2444 μέλλοντα·
3123 2371 3435 2445 ἐρχομένους
3469 2369 3524 2424 δε
3564 2371 3612 2423 ἐν
3639 2369 3906 2445 ἐνδύμασι

549 2458 939 2531 praedicentes
963 2476 976 2524 ;
1009 2458 1204 2514 venire
1235 2463 1436 2515 autem
1486 2458 1548 2513 in
1578 2457 1940 2514 vestimentis
1970 2459 2195 2524 ovium,

2306 2459 2597 2533 προϐάτων,
2657 2462 2745 2525 ὡς,
2788 2460 2836 2512 ἐν
2879 2466 3125 2533 σχήματι
3175 2460 3445 2536 προϐάτων
3497 2460 3734 2532 λογικῶν,
3791 2470 3908 2523 ταῖς

550 2551 839 2619 tanquam
891 2547 953 2603 in
984 2547 1179 2619 ﬁgura
1226 2546 1607 2603 rationalium
1648 2548 1874 2617 ovium,
1920 2564 2053 2620 quas
2085 2547 2197 2603 sub

2303 2554 2396 2602 τοῦ
2458 2554 2693 2622 Χριστοῦ
2743 2554 2986 2621 ποίμναις
3049 2554 3521 2623 προσερχομένους·
3588 2549 3775 2612 λύκους
3844 2548 3907 2604 δε

552 2636 781 2693 Christo
830 2640 1067 2707 pastore
1110 2636 1479 2709 procedunt;
1529 2652 1661 2692 esse
1704 2653 1846 2693 vero
1890 2637 2066 2709 lupos
2106 2653 2197 2693 ra-

2307 2639 2563 2711 ἅρπαγας,
2617 2642 2680 2699 ὡς
2733 2640 2901 2712 ἠρέμα
2950 2644 3039 2692 καὶ
3098 2639 3383 2702 λεληθότως
3434 2642 3526 2701 τάς
3573 2638 3753 2711 ψυχάς
3799 2648 3902 2691 τῶν

550 2740 756 2798 paces,
796 2725 913 2781 hoc
942 2729 1049 2793 est,
1080 2724 1256 2780 tacite
1294 2728 1350 2781 et
1375 2724 1643 2781 clanculo
1674 2724 2038 2796 simplicium
2077 2727 2199 2783 ani-

2309 2729 2668 2802 ἁπλουστέρων
2696 2728 3076 2795 ἐξαπατῶντας,
3105 2733 3193 2781 καὶ
3219 2730 3619 2802 ὑφαρπάζοντας
3654 2728 3715 2787 εἰς
3753 2727 3894 2779 ἀπῶ-

552 2829 685 2871 mas
723 2812 1008 2879 fallentes,
1043 2815 1101 2868 et
1124 2813 1184 2867 in
1215 2812 1607 2882 perditionem
1639 2812 2057 2885 subripientes.
2308 2818 2465 2871 λειαν.

624 2902 1079 2973 Chrysostomus
1095 2905 1295 2956 autem
1323 2900 1435 2957 hoc
1464 2900 1606 2956 dicit
1642 2917 1773 2957 esse
1814 2901 2197 2966 Christianos,

2379 2905 2437 2957 Ὀ
2492 2902 2550 2958 δε
2596 2909 2971 2978 Χρυσόστομος
3031 2903 3140 2977 (48)
3190 2907 3406 2968 τούτους
3460 2905 3594 2976 λέγει
3645 2913 3894 2979 Χριστιαο

552 2990 733 3046 vitam
760 2989 1003 3061 quidem
1030 2988 1316 3046 habentes
1345 2989 1623 3045 nocivam
1652 3006 1722 3046 ac
1778 2990 2197 3062 perniciosam,

2241 3036 2277 3090 Ο
2310 2998 2446 3060 νούς,
2477 2994 2593 3067 βίον
2632 2997 2722 3066 μὲν
2776 2997 2995 3065 ἔχοντας
3047 2997 3267 3067 πονηρόν
3322 2999 3412 3047 καὶ
3461 2993 3734 3066 βλαϐερόν,
3777 2995 3902 3047 ύπο-

554 3076 902 3135 simulantes
930 3082 1130 3134 autem
1156 3077 1487 3135 bonitatem
1518 3094 1588 3135 ac
1617 3080 1911 3151 pietatem,
1941 3096 2201 3152 quorum

2244 3076 2277 3090 υ
2312 3087 2638 3157 κρινομένους
2684 3079 2741 3135 δε
2786 3082 3005 3134 ἀκακίαν
3051 3088 3141 3135 καὶ
3183 3082 3468 3150 εὐλάϐειαν,
3524 3084 3593 3134 ὧν
3623 3086 3677 3135 αἱ
3702 3084 3905 3156 ὁμιλίαι

553 3167 851 3239 colloquia
903 3172 1295 3239 corrumpunt
1342 3183 1539 3224 mores
1585 3167 1799 3225 bonos.
1850 3168 2202 3240 Exprimens

2313 3174 2609 3246 φθείρουσιν
2637 3173 2739 3230 ἤθη
2766 3173 3005 3245 χρηστά.
3031 3171 3317 3244 Ἐμφαίνων
3341 3169 3400 3225 δε
3420 3175 3477 3225 τό
3504 3169 3753 3247 διάφορον
3784 3177 3904 3225 τού-

550 3257 754 3328 itaque
787 3256 1043 3312 Christus
1084 3255 1481 3313 differentiam
1530 3272 1566 3313 a
1611 3257 1911 3330 praedictis
1952 3256 2202 3313 canibus

2310 3280 2410 3313 των
2437 3280 2490 3313 τε
2518 3265 2607 3312 καὶ
2626 3258 2722 3313 τῶν
2754 3265 3133 3334 προειρημένων
3164 3269 3327 3313 κυνῶν
3348 3266 3436 3315 καὶ
3456 3265 3655 3334 χοίρὼν
3681 3264 3706 3315 ό
3735 3268 3908 3337 Χρισ-

552 3360 625 3403 ac
654 3346 870 3416 porcis,
908 3344 1084 3415 jussit
1136 3344 1254 3400 illis
1307 3345 1555 3417 quidem
1611 3346 1864 3417 mystica
1917 3346 2203 3415 dogmata

2310 3354 2414 3415 τὸς,
2451 3348 2659 3411 ἐκείνοις
2699 3353 2808 3421 μεν,
2864 3354 2936 3423 μὴ
2976 3353 3374 3403 καταπιστεύειν
3404 3354 3637 3425 μυστικά
3659 3348 3910 3426 δόγματα

551 3448 677 3489 non
717 3432 1092 3496 concredere,
1152 3432 1227 3487 ab
1255 3433 1347 3487 his
1392 3437 1593 3488 autem
1643 3448 1851 3489 cavere
1906 3449 1982 3489 ne
2008 3433 2201 3505 perni-

2309 3438 2638 3511 προσίταξεν·
2670 3438 2770 3491 ἀπὸ
2808 3442 2998 3491 τούτων
3039 3435 3099 3492 δε
3135 3444 3437 3515 προσέχειν,
3477 3442 3611 3493 ὥστε
3651 3446 3723 3513 μὴ
3751 3461 3909 3513 μετα-

555 3518 707 3575 ciem
772 3519 1036 3589 ipsorum
1129 3520 1552 3590 participcmus,
1625 3525 1915 3593 tanquam
1967 3538 2005 3578 a
2064 3522 2201 3580 feris

2309 3526 2481 3580 λαϐεῖν
2514 3526 2649 3599 λύμη
2661 3548 2702 3593 ς,
2727 3530 2795 3589 ὡς
2820 3526 2921 3580 ἀπὸ
2953 3530 3143 3601 θηρίων
3170 3528 3399 3587 ἰοϐόλων.
3423 3529 3535 3583 Ἰνα
3566 3526 3624 3582 δε
3645 3534 3717 3602 μὴ
3745 3532 3908 3602 θορυ-

553 3605 884 3664 venenatis.
948 3610 1028 3664 Ne
1106 3608 1417 3665 turbentur
1470 3614 1671 3666 autem
1742 3612 2066 3678 auditores,
2130 3628 2200 3669 eo

2313 3617 2543 3675 ϐηθῶσιν
2570 3619 2617 3669 οἱ
2670 3616 2922 3692 ἀκροαταὶ
2981 3615 3075 3670 διὰ
3102 3623 3158 3671 τὸ
3192 3615 3628 3689 δυσδιάγνωστον
3675 3628 3774 3670 τῶν
3823 3618 3912 3671 ἀν-

554 3694 715 3769 quod
757 3712 874 3753 non
919 3697 1086 3755 facile
1136 3702 1567 3770 cognoscantur
1616 3700 1962 3772 hujusmodi
2011 3700 2202 3758 homi-

2313 3709 2550 3781 θρωπων,
2625 3703 2875 3759 διδάσκει
2934 3712 3024 3759 καὶ
3087 3715 3195 3770 πῶς
3253 3707 3441 3769 αύτούς
3506 3706 3909 3780 ἐπιγνώσονται,

550 3801 679 3852 nes,
733 3784 905 3844 docet
957 3787 1135 3845 etiam
1192 3804 1315 3861 quo
1378 3792 1557 3861 pacto
1608 3789 1769 3862 ipsos
1814 3795 2196 3863 cognoscant,
2310 3796 2486 3867 λέγων’

551 3874 757 3931 dicens
785 3899 796 3931 :

622 3972 781 4028 Vers.
824 3974 909 4029 16.
941 3975 989 4028 Α
1012 3974 1309 4041 fructibus
1339 4004 1408 4016 --
1436 3990 1547 4031 eos.
1584 3976 1960 4045 Quanquam,
1988 3977 2198 4049 inquit,

2386 3973 2515 4028 Ἀπὸ
2574 3981 2672 4025 τῶν
2727 3982 2936 4047 καρπῶν
2985 4005 3052 4014 —
3114 3973 3322 4036 αύτούς.
3392 3974 3451 4028 Εἰ
3506 3980 3596 4028 καὶ
3662 3971 3909 4045 δοκοῦσι,

549 4058 732 4116 latere
788 4060 1121 4126 videantur,
1186 4066 1451 4115 attamen
1506 4061 1675 4117 facile
1733 4068 2074 4134 arguantur.
2122 4068 2205 4121 Ea

2314 4066 2463 4133 φησὶ,
2525 4064 2805 4129 λανθάνειν,
2876 4060 2980 4114 ἀλλ’
3043 4064 3177 4136 ὅμως
3241 4061 3435 4137 ρᾳδίως
3473 4062 3907 4137 ἐλεγχθήσονται.

551 4146 713 4200 enim
736 4146 831 4201 via
878 4162 994 4216 qua
1030 4162 1195 4202 meos
1227 4146 1545 4218 discipulos
1589 4148 1861 4205 incedere
1898 4151 2070 4220 jussi,
2122 4152 2205 4208 la-

2312 4152 2538 4207 Τοιαύτη
2566 4151 2666 4221 γὰρ
2768 4146 2912 4217 ὁδός,
2943 4152 3004 4209 ἧν
3048 4149 3289 4204 ἐκέλευσα
3332 4148 3575 4224 βαδίζειν
3612 4156 3733 4215 τοὺς
3760 4151 3913 4224 ἐμοὺς

551 4232 789 4288 boriosa
835 4238 921 4289 est
964 4249 1035 4288 ac
1072 4233 1347 4303 difﬁcilis,
1406 4250 1515 4289 nec
1572 4240 1826 4307 possunt
1871 4237 2203 4310 hypocrita:

2313 4239 2565 4310 μαθητὰς,
2608 4238 2846 4300 ἐπίπονος
2903 4245 2991 4292 καὶ
3036 4236 3412 4313 δυσπρόσιτος,
3446 4243 3513 4303 ὡς
3541 4246 3612 4313 μὴ
3644 4239 3911 4301 δύνασθαι

550 4335 655 4393 per
684 4334 818 4376 eam
847 4321 1141 4378 incedere.
1175 4323 1696 4388 Quemadmodum
1737 4325 1896 4381 enim
1930 4325 2094 4383 bona
2134 4343 2204 4384 ac

2246 4384 2281 4406 Π
2313 4330 2431 4388 τοὺς
2478 4329 2762 4402 ύποκριτάς
2812 4325 3057 4401 βαδίζειν
3106 4326 3180 4381 δι’
3234 4337 3412 4393 αυτῆς·
3464 4338 3641 4405 Ωσπερ
3696 4334 3797 4406 γὰρ
3848 4337 3907 4386 τὸ

551 4424 843 4482 generosa
863 4409 1062 4478 arbor,
1094 4426 1216 4467 non
1247 4427 1283 4468 a
1340 4410 1612 4483 ﬂoribus,
1652 4413 1752 4469 sed
1797 4430 1833 4471 a
1880 4414 2074 4472 fructu
2104 4432 2201 4473 co-

2247 4409 2282 4438 ”
2314 4415 2508 4488 ἀγαθόν
2552 4413 2786 4492 δένδρον,
2818 4421 3003 4486 εἶτουν,
3064 4421 3121 4471 τό
3161 4419 3374 4491 εὐγενὲς,
3424 4420 3518 4472 οὐκ
3576 4418 3630 4472 ἐκ
3688 4430 3788 4474 τῶν
3820 4420 3908 4473 ἂν-

551 4496 856 4570 gnoscitur
888 4515 899 4553 :
933 4499 1016 4555 ita
1039 4515 1181 4556 sane
1212 4505 1268 4556 et
1302 4500 1413 4557 hos
1444 4517 1566 4557 non
1598 4517 1634 4558 a
1667 4504 2062 4572 sermonibus,
2096 4505 2203 4562 sed

2315 4508 2457 4571 θέων,
2504 4504 2611 4558 ἀλλ’
2672 4505 2772 4558 ἀπὸ
2820 4515 2918 4558 τῶν
2971 4515 3180 4580 καρπῶν
3230 4508 3562 4583 γνωρίζεται·
3606 4510 3766 4571 οὕτως
3804 4512 3908 4583 ἄρα

551 4586 631 4643 ab
669 4587 952 4659 operibus
1004 4605 1213 4646 eorum
1254 4605 1715 4661 cognoscemus.
1758 4595 1837 4649 De
1885 4594 2107 4665 quibus
2146 4600 2203 4653 et

2311 4600 2401 4648 καὶ
2440 4599 2676 4662 τούτους,
2733 4595 2825 4647 ούκ
2863 4594 2917 4647 ἐκ
2976 4605 3076 4648 τῶν
3127 4596 3311 4668 λόγων,
3370 4598 3475 4650 ἀλλ’
3510 4596 3610 4651 ἀπό
3650 4608 3748 4651 τῶν
3790 4600 3900 4670 (49)

555 4675 777 4733 Paulus
802 4678 1115 4751 apostolus
1164 4680 1325 4751 dixit,
1375 4680 1527 4752 quod
1567 4697 1673 4754 per
1727 4682 1933 4738 dulces
1980 4699 2201 4742 sermo-

2312 4688 2472 4757 ἔργων
2516 4684 2909 4757 πίιγνωσόμεθα
2946 4685 3079 4758 (50).
3136 4692 3262 4761 Περὶ
3301 4687 3368 4738 ὧν
3428 4692 3516 4741 καὶ
3564 4690 3590 4741 ό
3618 4688 3904 4751 ἀπόστολος

549 4781 657 4823 nes
687 4765 995 4841 decipiunt
1040 4768 1217 4826 corda
1255 4768 1619 4843 simplicium
1675 4772 1741 4827 ‘0.
1775 4772 1993 4830 Deinde
2031 4773 2202 4845 ponit

2312 4773 2512 4837 Παῦλος
2569 4774 2754 4847 ἔλεγεν,
2798 4776 2875 4827 ὅτι
2932 4782 2995 4848 τῇ
3063 4775 3427 4850 χρηστολογίᾳ
3454 4778 3573 4850 (51)
3608 4777 3912 4841 ἐξαπατῶσι

623 4944 669 4980 ³ο
700 4944 894 5001 Matth.
919 4960 1000 5011 x1,
1030 4948 1117 5001 30.
1198 4946 1246 4983 ⁴⁰
1272 4945 1442 5004 Rom.
1467 4963 1578 5016 xvn,
1614 4950 1703 5006 18.

1788 5074 2010 5145 Variae
2049 5077 2371 5147 lectiones
2404 5087 2690 5149 etnotae.

757 5261 942 5358 Idm;
959 5261 1445 5358 V‘ilztpilgtiiil‘u
1647 5350 1666 5358 ω
1755 5345 1794 5358 ἢ
1938 5343 1949 5355 ο
2035 5344 2045 5353 ι
2391 5277 2501 5358 (51)
2532 5277 2898 5358 Euthymiug
2916 5280 3377 5358 e_280,t1_t_multis
3402 5284 3688 5358 exemplis
3710 5285 3920 5344 doceri

617 5336 732 5403 (49)
765 5338 945 5420 Etiam
998 5336 1447 5420 llic:lege_batur
1491 5350 1723 5420 x_ap_7ra?w.
1755 5343 2047 5417 Rescripsi
2096 5360 2207 5416 ego
2316 5336 2652 5420 potes't,non
2670 5336 2741 5404 ἐκ
2771 5336 3920 5415 οοόἱοὶιῖυὲΝ,ΤεεῑέίὼὲιῖίὶἓῖᾹ-Ῑιῆἶέιῖᾶξ

547 5408 729 5501 εργτέχ,
762 5408 1190 5501 utillentneuni‘us
1223 5408 1401 5463 etiam
1433 5408 1634 5467 habet.
1959 5408 1975 5417 ’
2132 5408 2164 5416 ⁷
2315 5408 2453 5501 i‘um
2482 5408 2788 5501 sacrarum
2815 5421 3295 5501 loca_laudat,_sed
3311 5408 3921 5501 egcodicibusvtfhri

619 5475 730 5550 (50)
761 5478 1069 5549 γνωσόμεθα
1094 5483 1156 5534 Α.

2320 5491 2591 5547 sostomi.
2622 5475 2719 5549 ua"
2734 5475 2896 5550 enim
2914 5475 3213 5566 ‘Cii'riéa‘si‘.
3228 5475 3295 5553 ἰἷ
3315 5475 3462 5569 VII;
3473 5475 3713 5569 $7565.
3734 5475 3914 5559 ῑῐὶὲῖιι
