4206 6310
194 449 289 506 269

201 579 282 636 τὰς
333 572 558 650 καρδίας
587 582 687 626 τῶν
724 573 948 628 ἀκάκων.
991 571 1122 630 Εἶτα
1163 577 1344 632 τίθησι
1377 578 1465 626 καὶ
1512 572 1783 644 λογισμὸν,
1819 575 1864 627 Α

203 665 294 717 ἀπὸ
357 660 802 738 παραδείγματος,
859 664 930 723 εἰς
1004 663 1372 738 εύχερεστέραν
1429 662 1594 713 αύτών
1671 658 1788 713 διά-

200 773 400 826 γνωσιν.

265 848 346 899 Μή
381 861 433 892 τι
463 870 532 881 -
577 842 760 906 σύκα;
807 846 892 898 Μή
953 861 1023 907 τι,
1073 839 1186 891 ἀντὶ
1225 848 1336 892 τοῦ.
1388 839 1545 912 Ἀρα,
1602 838 1788 913 ἐρωτη-

194 939 444 1003 ματικώς,
477 934 630 1000 Λέγει
682 932 802 1002 γὰρ,
836 931 916 980 ὅτι
944 928 1080 1001 Ἀρα
1135 937 1396 1001 τρυγῶσιν
1451 929 1499 978 οἰ
1531 930 1792 999 ἄνθρωποι

194 1018 294 1071 ἀπὸ
325 1019 562 1071 ἀκανθῶν
597 1019 858 1090 σταφυλήν
888 1035 902 1084 ;
935 1023 1024 1069 καὶ
1053 1021 1120 1069 τὰ
1171 1017 1254 1079 ἐξῆ
1268 1038 1305 1077 ς.
1344 1014 1499 1078 Εἶδος
1531 1014 1589 1068 δὲ
1638 1017 1792 1067 άκάν-

195 1110 291 1170 θης
321 1109 434 1160 ἐστὶ
458 1112 547 1158 καὶ
577 1108 691 1177 (52)
732 1109 759 1164 ἡ
795 1106 1044 1180 τρίϐολος.

268 1197 449 1256 Ούτως
481 1227 549 1236 -
603 1204 758 1248 ποιεῖ.
808 1195 1106 1269 Ἐρωτὴσας
1158 1201 1377 1268 πρᾶγμα
1418 1196 1562 1266 παρὰ
1618 1196 1792 1265 φύσιν,

193 1290 288 1337 καὶ
336 1282 428 1337 διὰ
465 1293 617 1337 τοῦτο
676 1281 953 1350 ἀδύνατον,
1014 1283 1213 1355 ἐπάγει.
1277 1285 1356 1335 ὅτι
1408 1284 1580 1356 ῶσπερ
1640 1281 1796 1334 ἐκεῖνο

196 1376 436 1446 γενέσθαι
484 1374 576 1425 ούκ
616 1370 908 1445 ἐνδέχεται,
943 1370 1035 1425 διὰ
1082 1376 1140 1424 τὸ
1191 1371 1318 1424 εἶναι
1365 1373 1454 1431 τὰς
1505 1375 1596 1442 μὲν
1639 1369 1797 1421 ἀκάν-

205 1465 294 1522 θας
350 1467 439 1514 καὶ
482 1461 748 1535 τριϐόλους
800 1465 1025 1536 σαπρᾶς,
1086 1464 1112 1512 6
1157 1460 1314 1529 ἐστιν,
1369 1460 1672 1533 ἀχρήστους
1729 1459 1800 1519 εἰς

200 1557 556 1625 καρποφορίαν
589 1547 868 1621 ἐδώδιμον·
902 1555 995 1607 τὴν
1029 1548 1086 1602 δὲ
1142 1549 1404 1621 σταφυλὴν
1436 1568 1522 1599 και
1553 1550 1618 1598 τὰ
1663 1550 1801 1598 σύκα

204 1644 330 1712 πρὸς
385 1639 581 1712 βρῶσιν
640 1635 933 1696 ἐπιτήδεια·
981 1639 1113 1690 οὕτω
1172 1639 1283 1708 (53)
1325 1643 1412 1688 xui
1447 1643 1551 1689 Πᾶν
1586 1633 1799 1708 δένδρον

205 1726 423 1798 ἀγαθὸν,
457 1731 681 1800 καρπούς
729 1727 918 1788 καλούς
965 1733 1120 1793 ποιεῖ,
1171 1732 1259 1778 καὶ
1306 1730 1370 1778 τά
1418 1725 1554 1787 ἑξῆς.
1599 1728 1798 1796 Σαπρὸν

205 1820 309 1890 γὰρ
355 1816 549 1887 λέγεται
588 1817 643 1867 ού
700 1821 851 1886 μόνον
903 1819 958 1866 τὸ
1024 1820 1362 1886 σεσημμένον,
1425 1814 1550 1865 ἀλλὰ
1605 1819 1694 1864 καὶ
1743 1817 1800 1864 τὸ

203 1906 500 1976 ἄχρηστον.
542 1910 693 1976 Λέγει
741 1902 799 1957 δὲ
827 1912 914 1955 νῦν
959 1902 1154 1976 δένδρα
1187 1906 1382 1975 σαπρὰ,
1417 1908 1536 1964 τούς
1564 1921 1802 1974 προειρη-
1830 1936 1868 1988 Β

201 1999 390 2057 μένους
419 1996 718 2065 ὑποκριτὰς,
746 1994 812 2044 ὧν
857 1996 906 2045 οὶ
945 1998 1155 2064 καρποὶ,
1189 1996 1478 2060 τουτέστιν,
1508 1994 1562 2043 αἱ
1595 1990 1802 2064 πράξεις

199 2082 348 2144 ἄξιαι
376 2091 469 2142 τῆς
500 2082 664 2135 αύτῶν
696 2087 938 2156 σαπρίας.

1187 446 1550 505 COMMENT.
1593 446 1663 502 IN
1704 443 2133 502 MATTH/EUM.
2170 473 2237 482 —
2268 441 2424 498 CAP.
2465 440 2592 498 VII.

3437 443 3541 498 270

1898 570 2074 626 etiam
2105 567 2648 624 considerationem
2675 566 2752 624 ab
2804 567 3095 640 exemplo,
3137 570 3201 625 ut
3223 566 3284 623 hi
3312 566 3543 625 facilius

1899 659 2348 729 dignoscantur.

1971 836 2132 890 Vers.
2157 835 2226 892 16
2256 835 2554 905 Numquid
2583 863 2649 876 —
2674 835 2818 905 ﬁcus
2843 834 2871 889 ?
2900 839 2985 893 Μή
3027 855 3098 902 τι,
3130 835 3452 909 numquid,
3483 837 3548 894 id

1900 927 2005 988 est,
2040 928 2260 988 utrum,
2295 924 2478 980 modo
2501 923 2944 993 interrogativo.
2966 924 3110 980 Dicit
3130 939 3270 994 ergo
3303 927 3548 984 :Utrum

1902 1011 2190 1080 colligunt
2215 1011 2489 1067 homines
2510 1011 2584 1066 de
2615 1011 2800 1083 spinis
2822 1027 3003 1068 uvam
3029 1012 3057 1065 ?
3085 1016 3194 1068 etc.
3229 1015 3324 1068 Est
3348 1016 3548 1069 autem

1903 1106 1960 1155 et
1991 1099 2243 1156 tribulus
2274 1101 2583 1172 spinarum
2615 1115 2830 1169 genus.

1975 1192 2112 1244 Vers
2141 1191 2226 1244 17.
2261 1189 2354 1245 Sic
2382 1221 2451 1229 —
2471 1190 2637 1259 facit.
2693 1190 2798 1245 Ubi
2840 1205 2967 1246 rem
2998 1193 3214 1262 praeter
3248 1194 3550 1256 naturam,

1904 1278 2186 1350 factuque
2216 1279 2652 1350 impossibilem
2684 1279 3125 1349 interrogasset,
3146 1280 3348 1337 subdit
3388 1280 3556 1353 quod

1905 1365 2058 1421 sicut
2082 1365 2227 1422 illud
2253 1366 2381 1422 ﬁeri
2429 1381 2552 1422 non
2579 1370 2789 1437 potest,
2843 1383 2914 1422 eo
2944 1367 3106 1439 quod
3135 1369 3324 1440 spinae
3355 1385 3428 1426 ac
3457 1370 3556 1425 tri-

1905 1454 2033 1510 buli
2061 1455 2297 1510 inutilia
2357 1455 2492 1520 sint,
2533 1455 2648 1510 hoc
2707 1459 2816 1519 est,
2871 1456 3074 1525 inepta
3112 1457 3189 1512 ad
3245 1457 3559 1514 ferendum

1908 1541 2168 1598 fructum
2225 1543 2328 1613 qui
2387 1543 2458 1598 sit
2491 1547 2666 1614 aptus
2695 1543 2821 1598 esui
2856 1560 2869 1609 ;
2902 1559 3018 1599 uva
3065 1548 3264 1600 autem
3296 1561 3366 1601 ac
3407 1546 3559 1602 ﬁcus

1911 1630 1989 1685 ad
2034 1631 2236 1686 cibum
2283 1632 2644 1686 conveniunt
2682 1648 2695 1697 ;
2753 1631 2833 1687 ita
2861 1647 3104 1704 quoque
3151 1638 3331 1689 onmis
3384 1636 3564 1691 arbor

1914 1718 2060 1773 bona
2110 1719 2340 1787 fructus
2369 1718 2542 1773 bonos
2598 1719 2774 1787 facit,
2829 1725 2940 1775 etc.
2997 1724 3196 1791 Σαπρόν
3261 1721 3392 1791 (pro
3438 1737 3562 1794 quo

1912 1807 2164 1874 Vulgata
2185 1807 2365 1862 editio
2393 1807 2576 1862 habet
2625 1809 2869 1873 malum,
2921 1813 2978 1862 et
3007 1809 3206 1878 potius
3236 1811 3566 1866 marcidum

1914 1895 2207 1964 signiﬁcat
2237 1899 2340 1950 aut
2366 1894 2708 1967 patricium)
2733 1911 2855 1950 non
2909 1895 3102 1950 solum
3130 1896 3343 1952 dicitur
3385 1899 3568 1970 putri-

1913 1984 2082 2048 dum,
2140 1998 2346 2038 verum
2401 1983 2577 2040 etiam
2663 1983 2963 2055 quidquid
3017 1984 3299 2040 vitiosum
3363 1991 3419 2041 et
3481 1987 3569 2042 in-

1916 2071 2074 2128 utile.
2107 2073 2274 2126 Nunc
2324 2085 2465 2141 ergo
2521 2075 2698 2128 vocat
2727 2071 2974 2128 arbores
3020 2072 3320 2130 marcidas
3352 2079 3455 2131 aut
3483 2076 3567 2131 vi-

195 2171 383 2227 tiosas
413 2172 724 2242 praedictos
763 2170 1130 2242 hypocritas,
1163 2185 1422 2243 quorum
1455 2169 1700 2231 fructus,
1742 2166 1856 2221 hoc
1885 2163 1991 2226 est,
2024 2159 2292 2216 actiones
2323 2159 2589 2232 aequales
2611 2164 2756 2216 sunt
2784 2176 2844 2216 m
2865 2161 3137 2218 arcedini
3174 2166 3276 2218 aut
3299 2161 3580 2221 inutilitat

191 2259 487 2330 ipsorum.

268 2348 348 2402 Ού
376 2378 446 2388 —
474 2353 658 2401 ποιεῖν.
707 2353 817 2400 Ἵνα
862 2351 932 2419 μὴ
967 2346 1197 2420 ὑπολάϐῃ
1236 2367 1329 2417 τις,
1380 2348 1458 2399 ὅτι
1490 2343 1712 2398 δύναται
1740 2346 1798 2396 τὸ

193 2435 397 2506 ἀγαθὸν
431 2432 648 2510 δένδρον
679 2441 769 2488 xui.
815 2440 1043 2510 καρπούς
1094 2440 1370 2509 πονηροὺς,
1417 2440 1597 2505 ἤγουν,
1627 2434 1799 2507 ἀχρή-

203 2544 360 2584 στους
389 2533 552 2577 ποιεῖν
582 2569 598 2594 ,
631 2529 720 2576 καί
759 2529 816 2576 τὸ
851 2528 1048 2597 σαπρὸν
1087 2525 1293 2594 καλούς,
1337 2522 1687 2596 ἀποφαίνεται,
1725 2525 1805 2574 ὅτι

204 2613 264 2664 οὐ
299 2610 534 2668 δύναται.

284 2706 384 2753 Καὶ
421 2710 527 2763 πῶς
553 2703 577 2751 ὁ
606 2703 694 2773 μὲν
739 2699 926 2767 Δαυῖδ,
962 2700 1154 2772 ἂγαθόν
1198 2699 1412 2774 δένδρον
1460 2703 1547 2770 ὡν,
1579 2705 1807 2775 καρπούς

202 2795 460 2863 πονηρούς
507 2789 737 2857 ἐποίησε,
797 2796 1035 2862 μοιχείαν
1087 2796 1178 2843 καὶ
1234 2795 1380 2862 φόνον
1421 2809 1434 2857 ;
1481 2793 1505 2841 6
1562 2787 1620 2842 δὲ
1674 2797 1813 2841 Παύ-

200 2879 310 2948 λος,
356 2875 573 2952 δένδρον
625 2883 820 2952 σαπρὸν
869 2882 1143 2951 ὑπάρχων,
1186 2880 1376 2940 καλούς
1409 2883 1638 2953 καρπούς
1669 2883 1812 2950 ἤνεγ-

198 2988 282 3036 κε,
347 2976 530 3029 σκεῦος
587 2967 799 3038 ἐκλογῆς
872 2976 944 3038 τῷ
1002 2976 1218 3042 Χριστῷ
1275 2973 1589 3040 γενόμενος;
1648 2975 1812 3044 Ιιῶς;

200 3062 354 3110 Διὸτι
405 3056 814 3128 μετεϐλήθησαν,
848 3059 873 3108 6
922 3061 1032 3128 μὲν,
1085 3056 1185 3108 ἀπὸ
1234 3065 1328 3118 τῆς
1386 3057 1569 3128 ἀρετῆς
1623 3058 1692 3117 εἰς
1723 3076 1816 3108 κα-

197 3150 341 3198 κίαν·
402 3144 427 3195 ὀ
490 3141 566 3208 δὲ,
603 3144 703 3196 ἀπὸ
754 3154 848 3206 τῆς
902 3151 1084 3205 κακίας
1137 3145 1208 3206 εἰς
1258 3144 1457 3217 ἀρετήν.
1509 3146 1639 3205 Ἕως
1698 3141 1812 3196 δ’ἆν
1853 3169 1892 3224 C

201 3233 455 3306 ἐνέμενον,
481 3234 507 3284 6
539 3231 706 3285 Δαυῐδ
735 3236 822 3304 μὲν
861 3241 920 3305 τῇ
957 3231 1136 3305 ἀρετῇ,
1171 3235 1196 3284 6
1224 3230 1282 3285 δὲ
1314 3233 1514 3295 Παῦλος
1539 3243 1599 3306 τῇ
1629 3239 1808 3305 κακίᾳ,

204 3322 306 3374 οὐκ
337 3319 599 3381 ἠδύναντο
630 3325 858 3394 καρπούς
896 3326 1158 3382 τοιούτους
1193 3330 1378 3378 ποιεῖν.
1411 3322 1570 3375 Ὠστε
1591 3326 1647 3375 τὸ
1679 3319 1811 3374 ἀδύ-

202 3430 357 3463 νατον
385 3410 471 3463 ἐπὶ
500 3418 601 3462 τῶν
633 3409 994 3482 ἀμεταϐλήτων
1026 3415 1214 3485 εἴρηκε.

284 3675 394 3721 Πᾶν
444 3698 511 3709 -
569 3667 836 3740 βάλλεται.
892 3665 1102 3727 Ἐπειδὴ
1165 3669 1399 3730 κολάζειν
1462 3672 1550 3741 μὲν
1632 3669 1816 3730 αύτούς

213 3758 277 3808 οὐ
337 3757 639 3830 προσέταξε,
693 3761 972 3832 προσέχειν
1025 3754 1083 3809 δὲ
1138 3763 1289 3829 μόνον
1345 3757 1428 3810 ἀπ’
1481 3758 1666 3826 αὐτῶν,
1705 3759 1815 3827 (54)

211 3843 485 3918 ἐπήρτησε
531 3849 724 3906 τούτοις
780 3850 872 3903 τήν
939 3843 1318 3917 ἀφειδεστάτην
1375 3847 1590 3918 ἐκτομὴν
1621 3855 1711 3906 τῆς
1744 3845 1818 3896 ἐν-

214 3934 395 3986 ταῡθα
439 3933 592 3996 ζωῆς,
629 3939 717 3985 καὶ
765 3938 858 3991 τὴν
904 3942 993 3986 τοῦ
1052 3933 1307 3986 ἀσϐέστου
1366 3938 1527 4009 πυρὸς
1580 3933 1814 4002 κόλασιν,

213 4024 353 4093 ὁμοῦ
396 4026 508 4081 τούς
537 4026 626 4094 μὲν
659 4022 1096 4095 ἑπηρεαζομένους
1139 4023 1225 4075 ὑπ’
1271 4024 1437 4076 αὐτῶν
1483 4025 1819 4096 παραμυθού-

213 4129 388 4183 μενος,
417 4110 631 4170 ἐκείνους
663 4107 720 4163 δὲ
751 4109 996 4182 ἐκφοϐῶν.

285 4285 483 4360 ’Ἄραγε
534 4316 592 4326 —
656 4285 864 4346 αύτούς.
922 4288 1079 4336 Τουτὶ
1136 4286 1193 4334 τὸ
1251 4280 1402 4354 Ἀρα,
1455 4279 1816 4336 ἀποδεικτικὸν

209 4373 375 4442 ἐστιν,
416 4373 533 4425 ἀντὶ
565 4381 674 4439 τοῦ,
730 4376 958 4434 Πάντως.
1017 4377 1133 4432 Gai;
1179 4373 1277 4442 γὰρ
1323 4370 1601 4442 λογισμούς
1649 4393 1821 4446 παρα-

208 4460 540 4534 δειγμάτων,
598 4468 686 4514 καὶ
751 4457 1050 4530 ἀποδείξας,
1126 4463 1204 4511 ὅτι
1275 4458 1645 4529 ἐπιγνωσονται
1701 4465 1818 4522 τοὺς

203 4556 506 4618 τοιούτους,
567 4549 766 4622 ἐπάγει,
837 4553 915 4602 ὅτι
985 4552 1208 4619 Πάντως,
1281 4551 1348 4609 ὡς
1423 4545 1815 4620 ἀποδέδεικται,

205 4641 551 4711 πίε-γνώσεσθε
613 4640 822 4705 αύτούς,
883 4638 982 4692 ἀπὸ
1039 4648 1137 4692 τῶν
1185 4637 1388 4710 φαύλων
1450 4638 1680 4709 πράξεων
1723 4637 1815 4688 αύ-

205 4738 316 4782 τῶν
329 4773 342 4786 ,

291 4935 337 4970 ⁸¹
370 4937 498 4992 Act.
526 4948 602 5000 ιχ,
642 4934 726 4987 15.

1977 2338 2136 2392 Vers.
2187 2341 2267 2392 18.
2309 2339 2432 2393 Νοη
2471 2367 2540 2378 -
2572 2338 2795 2407 facere.
2847 2340 2927 2393 Ne
2965 2338 3101 2410 quis
3153 2339 3555 2412 suspicaretur

1907 2425 2073 2496 quod
2098 2430 2300 2496 posset
2324 2425 2488 2482 bona
2512 2426 2688 2483 arbor
2702 2426 2895 2483 malos
2926 2426 3151 2482 fructus
3180 2433 3283 2484 aut
3318 2429 3555 2486 inutiles

1909 2513 2265 2586 producere,
2313 2519 2369 2570 et
2425 2515 2606 2570 arbor
2651 2515 2861 2571 vitiosa
2912 2515 3158 2572 bonos:
3213 2518 3577 2584 manifestat,

1916 2602 2081 2674 quod
2110 2602 2224 2657 hoc
2257 2602 2384 2658 ﬁeri
2412 2619 2534 2659 non
2566 2605 2774 2675 possit.

1991 2692 2204 2745 Verum
2237 2691 2440 2761 David,
2477 2709 2612 2746 cum
2638 2693 2802 2748 bona
2829 2696 2982 2748 esset
3033 2692 3226 2758 arbor,
3260 2695 3569 2766 quomodo

1922 2778 2147 2834 fructus
2173 2781 2368 2835 malos
2415 2780 2719 2851 produxit,
2754 2781 3111 2837 adulterium
3175 2784 3448 2840 videlicet
3505 2801 3576 2841 ac

1923 2867 2357 2923 homicidium?
2389 2869 2605 2924 Paulus
2637 2875 2848 2933 autem,
2881 2886 3020 2924 cum
3049 2871 3267 2927 vitiosa
3299 2877 3457 2929 esset
3486 2889 3578 2929 ur-

1923 2955 2050 3021 bor,
2076 2954 2303 3010 fructus
2333 2956 2526 3012 bonos
2545 2956 2807 3027 protulit,
2827 2956 3067 3012 effectus
3084 2959 3311 3015 Christo
3334 2977 3436 3016 vas
3459 2962 3577 3018 ele-

1925 3048 2086 3099 ctum
2114 3045 2155 3079 ⁴¹
2181 3043 2208 3098 ?
2240 3045 2556 3110 Quomodo
2581 3045 2608 3099 ?
2625 3044 2778 3111 Quia
2798 3046 3006 3101 mutati
3029 3052 3185 3113 sunt,
3211 3048 3309 3103 hic
3329 3049 3578 3120 quidem

1924 3147 1958 3186 a
1990 3133 2277 3202 pravitate
2331 3134 2408 3188 ad
2462 3134 2762 3198 virtutem,
2823 3134 2918 3188 ille
2975 3149 3114 3190 vero
3164 3152 3200 3191 a
3251 3137 3467 3192 virtute
3498 3139 3579 3194 ad

1923 3221 2298 3290 pravitatem.
2319 3224 2510 3276 Donec
2551 3227 2749 3276 autem
2765 3227 3114 3278 manserunt
3129 3223 3314 3278 David
3332 3225 3580 3296 quidem

1925 3307 1989 3363 in
2009 3308 2242 3373 virtute,
2304 3309 2518 3364 Paulus
2547 3325 2689 3365 vero
2733 3310 2794 3364 in
2849 3311 3154 3381 pravitate,
3207 3327 3328 3367 non
3363 3318 3576 3385 potue-

1922 3399 2068 3456 runt
2112 3398 2449 3470 hujusmodi
2505 3398 2730 3454 fructus
2785 3399 3138 3470 producere.
3207 3401 3358 3457 Dixit
3437 3418 3580 3473 ergo

1923 3486 2040 3541 hoc
2069 3502 2198 3543 esse
2225 3486 2592 3559 impossibile
2623 3487 2687 3542 in
2717 3487 2805 3543 his
2825 3488 2928 3560 qui
2954 3488 3251 3547 immutati
3269 3505 3584 3562 permane-

1923 3578 2072 3630 rent.

1999 3665 2156 3717 Vers.
2190 3663 2278 3719 19.
2305 3663 2507 3719 Omnis
2535 3694 2604 3703 —
2624 3664 2900 3720 mittitur.
2931 3665 3063 3721 Illos
3093 3666 3342 3738 quidem
3371 3669 3586 3739 punire

1924 3766 2048 3806 non
2103 3751 2300 3820 jussit,
2334 3751 2442 3806 sed
2472 3755 2704 3808 tantum
2731 3752 2810 3807 ab
2843 3753 2924 3807 eis
2954 3768 3180 3810 cavere.
3206 3755 3350 3826 Ipsis
3382 3760 3587 3814 tamen

1926 3842 2154 3895 metum
2212 3838 2458 3896 incussit
2522 3840 2913 3896 atrocissima
2975 3856 3046 3896 ex
3100 3842 3215 3898 hac
3261 3844 3383 3901 vita
3437 3846 3586 3902 exci-

1927 3927 2115 3983 sionis
2172 3927 2598 3998 impendentis,
2644 3944 2716 3985 ac
2761 3929 3036 4000 supplicii
3087 3930 3243 4000 ignis
3307 3933 3589 3990 inexstin-

1927 4015 2218 4085 guibilis;
2268 4015 2446 4071 simul
2501 4017 2746 4089 quidem
2821 4016 2952 4074 illos
2997 4020 3101 4090 qui
3151 4020 3307 4076 male
3361 4021 3439 4079 ab
3501 4023 3589 4079 eis

1927 4104 2299 4175 accipiuntur
2358 4105 2750 4172 consolando,
2806 4113 2862 4161 et
2934 4107 3111 4163 simul
3158 4108 3324 4181 ipsos
3406 4116 3590 4168 exter-

1928 4192 2134 4248 rendo.

2001 4284 2160 4338 Vers.
2192 4283 2282 4336 20.
2313 4282 2614 4354 Itaque—
2664 4298 2777 4339 eos.
2831 4283 3051 4358 Ἀραγε,
3099 4287 3315 4357 itaque,
3363 4288 3587 4359 utique,

1927 4387 2091 4439 sane,
2147 4372 2630 4428 conﬁrmativum
2661 4378 2767 4434 est,
2801 4389 2871 4429 ac
2900 4375 2948 4428 si
2974 4375 3287 4445 diceretur,
3311 4380 3578 4437 omnino.

1853 4491 1897 4544 Ι)
1932 4459 2141 4514 Positis
2191 4460 2351 4515 enim
2395 4461 2808 4531 exemplorum
2858 4462 3458 4532 considerationibus,
3518 4483 3589 4524 ac

1929 4548 2340 4604 demonstrato
2387 4550 2697 4620 quomodo
2749 4549 2897 4605 tales
2921 4553 3316 4619 cognoscendi
3361 4560 3587 4620 essent,

1929 4636 2132 4692 subdit
2174 4652 2186 4691 :
2239 4637 2494 4694 Omnino
2539 4638 2692 4693 sicut
2739 4639 2907 4709 prius
2956 4638 3420 4697 demonstratum
3478 4647 3587 4706 est,

1929 4726 2302 4794 cognoscetis
2334 4726 2499 4797 ipsos
2531 4741 2567 4782 a
2596 4726 2794 4797 pravis
2815 4726 3149 4782 actionibus
3175 4743 3404 4783 eorum.

1447 5026 1672 5097 Varias
1699 5027 2030 5097 lectiones
2059 5037 2124 5095 et
2154 5039 2357 5097 notat.

216 5229 498 5286 convenit
510 5228 570 5285 in
581 5225 1830 5300 Theophyactum.SimiliterChrysostomus

214 5300 529 5357 multoties
554 5297 836 5371 exprimit
860 5300 1170 5368 Origenem
1199 5300 1259 5355 in
1303 5297 1678 5371 recensendis
1702 5297 1831 5371 istis

215 5371 390 5436 locis,
409 5387 546 5442 cum
571 5368 696 5442 ejus
715 5371 981 5442 sequitur
999 5369 1564 5442 interpretationem.
1587 5368 1832 5440 Cyrillus

219 5443 372 5497 item
392 5441 570 5497 modo
590 5441 660 5497 ex
679 5441 952 5510 Origene,
970 5441 1150 5497 modo
1164 5457 1234 5496 ex
1253 5441 1681 5512 Chrysostomo
1695 5454 1835 5512 pen-

216 5512 552 5576 det.Quam
578 5513 891 5583 diligentes
915 5519 1112 5566 autem
1136 5513 1250 5568 sint
1272 5510 1556 5580 Origenes
1581 5518 1635 5568 et
1657 5510 1835 5580 Chry-

217 5588 527 5640 sostomus
548 5585 611 5640 in
635 5583 909 5639 notandis
942 5583 1088 5638 locis
1122 5584 1473 5639 Litterarum
1505 5597 1832 5644 sacrarum,

214 5656 409 5712 etiam
443 5660 590 5720 tum,
624 5671 762 5710 cum
794 5655 935 5709 data
965 5669 1151 5725 opera
1184 5654 1381 5710 locum
1428 5653 1748 5725 explicant,
1781 5651 1838 5705 id

210 5730 448 5784 norunt
468 5741 702 5791 omnes,
722 5726 826 5797 qui
848 5724 1158 5788 diligenter
1179 5725 1255 5780 ad
1281 5725 1412 5780 illos
1436 5724 1835 5797 attenderunt,

209 5799 462 5860 Vanum
483 5813 627 5870 ergo
653 5795 916 5870 pr6fecto
933 5797 1198 5853 studium
1217 5812 1424 5854 eorum
1448 5796 1553 5870 qui
1572 5812 1642 5852 ex
1665 5795 1841 5852 Patri-

1939 5225 2053 5281 bus
2084 5229 2290 5301 contra
2323 5224 2569 5301 codices
2601 5222 2668 5281 N.
2697 5226 3055 5301 Testamenti
3098 5223 3424 5301 disputant.
3477 5231 3592 5289 Sed

1941 5297 2209 5373 nonnulli
2234 5297 2616 5373 negligentia
2643 5302 2700 5353 et
2727 5297 2961 5373 levitate
3005 5297 3240 5356 Patrum
3265 5317 3375 5373 pro
3401 5305 3593 5360 muni-

1942 5370 2158 5495 mentis
2187 5369 2364 5442 atque
2397 5371 2578 5425 armis
2603 5369 2919 5442 impietatis
2943 5376 2999 5427 et
3027 5369 3305 5443 nequitiae
3337 5373 3592 5433 abutun-

1971 5455 2057 5494 ur.

1971 5455 2057 5494 ur.

2018 5510 2128 5653 f2)
2162 5511 2274 5566 Sic.
2313 5511 2515 5593 Vulgo,
2554 5513 2579 5564 6
2609 5511 2862 5585 τρίϐολος.

2045 5583 2130 5653 53)
2165 5583 2353 5638 Etiam
2384 5583 2479 5638 hic
2507 5591 2628 5640 erat
2661 5585 2842 5646 οὕτως.

2045 5583 2130 5646 53)
2165 5583 2353 5638 Etiam
2384 5583 2479 5638 hic
2507 5583 2842 5646 erat'oﬁmg.

2020 5583 2106 5653 (53
2165 5583 2353 5638 Etiam
2384 5583 2479 5638 hic
2507 5583 2842 5646 erat'oﬁmg.

1949 5583 2131 5780 28(75’ii
2174 5658 2254 5712 lta
2307 5653 2529 5727 ἐπκρτᾴν
2580 5655 2732 5728 φόϐον
2789 5658 2910 5723 τινί,
2967 5650 3271 5712 Eschines
3296 5659 3496 5714 orator
3531 5673 3593 5729 p.
