4206 6310
669 380 769 434 271
1984 376 2330 436 EUTHYMII
2369 376 2699 435 ZIGABENI

3925 375 4040 429 272

743 502 905 556 Vers.
933 501 1021 554 21.
1045 501 1177 558 Νοη
1206 500 1390 572 —qui
1407 500 1470 557 in
1493 500 1644 557 caelis
1668 507 1771 558 est.
1803 500 1943 557 Vide
1977 503 2124 574 quid
2166 518 2325 559 nunc

2508 504 2583 555 Ού
2624 535 2691 543 -
2744 509 2835 553 τοῦ
2887 500 2935 552 ἐν
2983 507 3091 561 τοῖς
3137 500 3390 573 ούρανοῖς.
3442 500 3577 576 Ὀρα
3620 505 3672 552 τί
3730 500 3867 571 λέγει
3919 507 4039 565 νῦν,

667 590 846 647 dicat.
874 591 1003 646 Non
1023 590 1225 646 omnis
1252 591 1355 662 qui
1386 591 1573 648 credit
1599 591 1662 647 in
1692 607 1807 656 me,
1850 591 2218 662 ingredietur
2248 594 2326 648 ad

666 680 963 736 bonorum
990 680 1329 737 caelestium
1360 680 1725 748 fruitionem,
1755 680 1868 737 nisi
1907 682 2085 738 etiam
2125 681 2327 737 fecerit

668 784 804 841 quae
846 768 1024 836 dico;
1073 768 1155 825 ita
1206 769 1434 842 quippe
1474 769 1697 825 addidit
1751 772 1937 827 Lucas
1988 772 2053 824 ⁸³.
2128 772 2325 841 Neque

666 858 831 914 enim
862 858 990 915 sola
1025 858 1173 915 ﬁdes
1218 859 1296 914 ad
1345 860 1598 916 salutem
1648 858 1888 924 sufﬁcit,
1934 860 2049 915 nisi
2096 864 2150 915 et
2208 860 2325 914 vita

666 947 786 1004 ﬁde
829 947 1013 1017 digna
1062 948 1471 1019 adjungatur;
1508 964 1697 1019 neque
1726 949 1847 1004 vita
1896 948 2083 1003 solum
2126 947 2325 1003 virtuti

667 1035 1014 1099 conformis,
1074 1037 1121 1091 si
1178 1052 1301 1093 non
1354 1036 1535 1093 etiam
1591 1037 1709 1092 ﬁde
1756 1037 2163 1103 ditescamus;
2217 1036 2324 1093 sed

666 1128 990 1196 utrumque
1038 1124 1216 1180 simul
1250 1125 1541 1196 adjunxit,
1603 1130 1666 1181 ut
1711 1142 1835 1183 non
1892 1130 2198 1198 separetur
2244 1124 2324 1181 al-

668 1218 862 1271 terum
891 1214 969 1271 ab
996 1214 1197 1271 altero.
1240 1218 1381 1271 Nam
1407 1216 1607 1287 ipsum
1634 1216 1935 1288 appellare
1976 1214 2319 1281 Dominum,

666 1303 809 1360 ﬁdei
835 1307 1064 1360 tantum
1093 1308 1198 1360 est.
1254 1304 1569 1371 Quomodo
1619 1309 1818 1361 autem
1849 1320 1971 1361 non
2004 1304 2170 1360 dixit.
2205 1303 2322 1360 Sed

666 1392 774 1464 qui
800 1391 937 1449 facit
952 1392 1315 1450 voluntatem
1339 1410 1537 1451 meam
1565 1393 1592 1447 ?
1612 1397 1679 1449 Ut
1707 1396 1940 1450 Patrem
1962 1394 2319 1450 honoraret:

668 1486 725 1538 et
790 1482 931 1553 quia
1003 1497 1126 1537 non
1197 1482 1317 1538 alia
1363 1486 1451 1538 est
1513 1483 1699 1538 Patris
1768 1482 2046 1539 voluntas
2110 1481 2189 1538 ab
2250 1497 2323 1539 ea

666 1586 797 1642 quae
827 1570 954 1626 Filii
970 1574 1056 1627 est
1087 1588 1101 1637 ;
1122 1570 1396 1627 voluntas
1418 1574 1619 1628 autem
1642 1571 1854 1636 Patris,
1879 1570 2001 1627 Filii
2024 1575 2323 1643 praecepta

668 1663 825 1715 sunt.

735 1750 896 1805 Vers.
956 1752 1042 1804 22.
1096 1748 1277 1805 Multi
1330 1780 1401 1791 —
1461 1750 1622 1807 Vers.
1687 1754 1752 1806 23
1808 1750 2199 1821 iniquitatem.
2255 1750 2321 1803 In

2435 593 2512 643 ὅτι
2560 592 2634 643 Ού
2686 598 2788 652 πᾶς
2827 593 2851 642 6
2904 593 3160 643 πιστεύων
3196 590 3267 651 εἰς
3320 589 3408 663 ἐμὲ
3459 589 3801 643 εἰσελεύσεται
3837 588 3905 649 εἰς
3938 593 4042 646 τὴν

2436 679 2724 733 ἀπόλαυσιν
2770 688 2870 732 τῶν
2935 680 3183 753 οὐρανίων
3236 678 3460 750 ἀγαθῶν,
3522 679 3564 731 εἰ
3617 683 3687 750 μὴ
3746 683 3835 731 καὶ
3893 685 4044 730 ποιεῖ

2433 768 2467 819 ἆ
2525 769 2675 839 λέγω.
2735 769 2885 821 Ούτω
2936 772 3034 841 γὰρ
3110 770 3427 841 προσέθηκεν
3504 769 3528 819 6
3606 773 3831 828 Λουκᾶς.
3896 768 4045 818 Οὔτε

2432 860 2530 930 γὰρ
2585 863 2761 917 πίστις
2810 863 2962 928 μόνον
3021 855 3167 930 ἀρκεῖ
3211 860 3340 929 πρὸς
3390 860 3674 926 σωτηρίαν,
3726 855 3769 907 εἰ
3813 860 3887 927 μὴ
3939 860 4042 907 καὶ

2435 945 2552 1018 βίος
2604 946 2748 1009 ἄξιος
2795 956 2888 1008 τῆς
2935 951 3151 1007 πίστεως
3204 950 3504 1020 πρόσεστιν,
3545 948 3662 999 οὔτε
3711 943 3828 1016 βίος
3875 948 4040 1016 μόνον

2433 1034 2684 1109 ἐνάρετος,
2744 1036 2786 1088 εἰ
2838 1040 2909 1107 μὴ
2975 1041 3063 1087 καὶ
3123 1040 3301 1088 πίστιν
3353 1034 3581 1088 πλουτεῖ.
3645 1039 3903 1109 Προσήκει
3976 1031 4040 1087 δε

2431 1122 2696 1199 ἀμφότερα
2751 1124 3135 1195 συζευχθῆναι,
3194 1128 3281 1176 καὶ
3342 1128 3413 1196 μὴ
3461 1122 3829 1195 ἀπολειφθῆναι
3886 1124 4037 1174 θατέ-

2430 1232 2525 1288 ρου
2579 1215 2807 1287 θάτερον.
2863 1218 2932 1266 T6
2983 1216 3082 1288 γὰρ
3140 1213 3408 1285 ὀνομάζειν
3462 1213 3616 1265 αὐτὸν
3676 1215 3883 1286 Κύριον,
3940 1216 4037 1263 πί-

2433 1321 2588 1363 στεως
2617 1306 2777 1375 μόνης
2807 1301 2941 1357 έστί.
2985 1306 3085 1355 Καὶ
3127 1311 3235 1363 πῶς
3263 1302 3356 1353 οῦκ
3382 1298 3517 1354 εἶπεν
3569 1318 3580 1331 ·
3634 1299 3762 1354 Ἀλλ’
3794 1301 3820 1351 6
3866 1309 4037 1353 ποιῶν

2429 1395 2487 1444 τὸ
2520 1391 2718 1464 θελημα
2762 1395 2821 1443 τὸ
2861 1390 3025 1463 ἐμόν;
3074 1393 3169 1443 Διά
3220 1394 3277 1443 τὸ
3330 1396 3486 1462 τιμᾷν
3537 1392 3623 1442 τὸν
3682 1392 3910 1462 Πατέρα,
3941 1394 4040 1441 καὶ

2433 1476 2526 1533 διὰ
2560 1485 2618 1533 τὸ
2649 1486 2720 1553 μὴ
2766 1482 2935 1555 ἕτερον
2979 1476 3108 1532 εἶναι
3154 1483 3211 1533 τὸ
3241 1487 3335 1532 τοῦ
3384 1481 3590 1554 Πατρὸς
3638 1478 3852 1550 θέλημα,
3885 1482 4042 1553 παρὰ

2430 1572 2489 1621 τὸ
2520 1577 2611 1623 τοῦ
2640 1572 2781 1624 Υὶοῦ.
2829 1569 3035 1641 Θέλημα
3084 1565 3143 1622 δὲ
3192 1576 3285 1621 τοῦ
3330 1571 3551 1643 Πατρός,
3603 1570 3657 1619 αἱ
3698 1566 3897 1620 ἐντολαὶ
3942 1576 4041 1620 τοῦ

2432 1660 2579 1714 Υἱοῦ.

2504 1745 2686 1799 Πολλοὶ
2741 1744 2973 1818 ἀνομίαν,
3021 1745 3144 1803 ’Ὁτι
3190 1748 3279 1817 μὲν
3336 1744 3546 1805 κόλασις
3602 1740 3867 1807 ἐκδέξεται
3918 1749 4042 1807 τοὺς

664 1837 1133 1910 praecedentibus
1172 1839 1416 1911 quidem
1448 1839 1723 1896 docendo
1745 1840 1957 1905 innuit,
1991 1840 2157 1911 quod
2187 1854 2321 1911 pec-

2435 1833 2783 1907 ἁμαρτωλοὺς,
2811 1833 3080 1907 προλαϐὼν
3116 1830 3328 1895 ἐδίδαξε
3358 1849 3371 1863 ⁸
3402 1841 3489 1885 νῦν
3535 1829 3594 1885 δι
3644 1832 3797 1904 λέγει,
3826 1839 3923 1886 καὶ
3957 1841 4042 1896 τίς

668 1931 897 1984 catores
943 1931 1323 1999 excepturum
1383 1927 1458 1984 sit
1510 1927 1920 2000 supplicium:
1962 1942 2124 1983 nunc
2175 1943 2320 1984 vero

666 2017 931 2089 apertius
961 2016 1023 2072 id
1065 2016 1230 2075 dicit.
1264 2017 1406 2083 Quis
1457 2020 1547 2071 est
1591 2021 1792 2073 autem
1850 2016 1954 2088 qui
1983 2016 2157 2087 punit
2212 2014 2321 2072 im-

668 2106 822 2179 pios,
877 2104 991 2161 nisi
1040 2106 1167 2177 ipse
1198 2107 1225 2163 ?
1283 2106 1398 2162 Sed
1446 2121 1583 2161 cum
1623 2111 1801 2162 antea
1843 2106 2087 2161 dixisset
2128 2123 2141 2161 :
2193 2106 2321 2161 Non

668 2197 866 2251 omnis
890 2194 996 2268 qui
1026 2195 1214 2251 credit
1242 2194 1303 2251 in
1333 2210 1430 2251 me
1483 2194 1850 2265 ingredietur
1900 2209 2157 2265 regnum
2205 2209 2322 2249 coe-

667 2284 882 2351 lorum,
914 2283 1029 2339 nisi
1060 2289 1119 2340 et
1146 2284 1326 2339 vitam
1361 2283 1729 2355 condignam
1749 2283 1973 2339 habere
2004 2282 2317 2349 curaverit,

667 2387 834 2429 nunc
876 2376 931 2428 et
976 2371 1138 2428 aliud
1195 2372 1361 2443 quod
1401 2372 1734 2429 mirabilius
1774 2376 1880 2439 est,
1934 2371 2118 2439 addit,
2155 2372 2323 2443 quod

666 2477 864 2534 neque
894 2461 1067 2530 signa
1105 2464 1160 2516 et
1191 2460 1484 2518 miracula
1520 2461 1781 2527 edentes,
1832 2476 1902 2517 eo
1923 2476 2109 2531 regno
2157 2460 2322 2531 digni

667 2550 1072 2615 habebuntur,
1096 2548 1208 2604 nisi
1238 2550 1416 2606 etiam
1439 2553 1496 2606 et
1526 2550 1649 2607 vita
1674 2549 2137 2623 correspondeat
2159 2549 2320 2606 ﬁdei.

678 2642 823 2696 Ecce
847 2639 1005 2695 enim
1037 2641 1094 2694 et
1137 2637 1199 2695 hi
1255 2638 1443 2695 multa
1473 2638 1614 2696 talia
1658 2639 1887 2711 operati
1933 2638 2187 2705 fuerant,
2220 2637 2325 2694 ab-

670 2726 949 2797 jicientur
980 2729 1203 2795 tamen,
1230 2742 1300 2783 eo
1326 2726 1491 2799 quod
1515 2727 1697 2784 vitam
1731 2743 1904 2783 suam
1934 2727 2321 2797 neglexerint.

677 2814 857 2885 Multi,
890 2814 1100 2888 inquit,
1139 2816 1213 2872 ab
1262 2832 1333 2871 eo
1355 2816 1519 2887 quod
1570 2820 1795 2872 rectum
1825 2819 1915 2872 est
1961 2815 2321 2881 excidentes,

676 2903 806 2960 hinc
836 2908 891 2961 et
912 2904 1011 2962 illa
1056 2904 1199 2961 mihi
1228 2904 1443 2961 dicent.
1503 2904 1674 2959 Illum
1714 2903 1959 2977 quidem
2005 2904 2187 2971 diem,
2240 2904 2326 2960 di-

677 2994 760 3051 xit
788 2993 946 3050 diem
972 2993 1182 3067 judicii
1207 3014 1219 3049 :
1252 3008 1467 3064 nempe
1484 2999 1790 3062 cognitum
1805 2997 1861 3049 et
1890 2996 2322 3065 exspectatum.

678 3089 825 3141 tum.
874 3082 1129 3139 Virtutes
1172 3084 1374 3140 autem
1439 3081 1769 3139 nominavit
1822 3082 1996 3153 signa
2048 3086 2105 3139 et
2170 3080 2477 3139 miracula.
2536 3078 2863 3147 Conﬁtebor
2916 3092 3061 3132 sane
3113 3078 3193 3133 eis
3239 3076 3352 3133 hoc
3410 3082 3519 3142 est,

677 3190 800 3231 808.

2432 1927 2578 1976 ἔσται
2608 1925 2633 1974 6
2662 1922 2913 1989 κολάζων,
2948 1924 3031 1974 ὅτι
3058 1922 3229 1982 αὐτος.
3260 1924 3432 1974 Εἰπὼν
3455 1918 3535 1985 δὲ,
3558 1922 3638 1972 ὅτι
3662 1921 3736 1973 Oi}
3757 1928 3859 1983 πᾶς
3893 1924 3921 1974 ὅ
3953 1944 4041 1975 πι-

2435 2016 2627 2065 στεύων
2658 2012 2731 2072 εἰς
2781 2011 2866 2083 έμε
2910 2011 3253 2064 εἰσελεύσεται
3292 2010 3357 2071 εἰς
3386 2014 3479 2068 τὴν
3513 2009 3783 2081 βασιλείαν
3813 2019 3919 2062 τῶν
3948 2012 4036 2063 ού-

2432 2112 2619 2177 ρανῶν,
2648 2102 2690 2154 εἰ
2721 2106 2790 2172 μὴ
2825 2106 2914 2153 καὶ
2956 2100 3076 2173 βίου
3106 2106 3397 2173 κρείττονος
3422 2100 3782 2173 ἐπιμελήσεται
3812 2122 3825 2134 ·
3857 2122 4037 2175 παρα-

2434 2188 2707 2264 δοξότερον
2738 2193 2813 2243 ἔτι
2843 2194 3018 2261 φησὶν,
3049 2192 3131 2243 ὅτι
3158 2187 3299 2242 Οῦδε
3345 2191 3394 2241 οἱ
3439 2195 3631 2261 σημεῖα
3655 2194 3743 2241 καὶ
3788 2191 4039 2263 θαύματα

2432 2286 2697 2341 ποιοῦντες
2770 2278 3152 2341 ἀξιωθήσονται
3229 2287 3319 2338 τῆς
3399 2281 3644 2338 τοιαύτης
3733 2277 4034 2351 βασίλείας,

2434 2368 2517 2421 ἐάν
2559 2368 2763 2431 ἀνάξιον
2796 2365 2912 2439 βίον
2943 2370 3166 2439 ἔχωσιν.
3204 2363 3347 2420 Ἰδού
3378 2368 3479 2439 γὰρ
3511 2370 3600 2418 καὶ
3650 2366 3816 2429 οὗτοι,
3872 2369 4037 2421 πολλά

2432 2466 2651 2512 τοιαῦτα
2722 2462 3055 2522 ποιήσαντες,
3139 2458 3272 2527 ὅμως
3348 2454 3865 2527 ἀποπεμφθησονται,
3944 2456 4039 2511 διὰ

2434 2551 2519 2600 τὸν
2580 2546 2894 2619 ἠμελημένον
2964 2543 3081 2618 βίον
3148 2545 3331 2598 αὐτῶν.
3402 2543 3610 2611 Πολλοὶ,
3671 2549 3846 2616 φησὶν,
3890 2544 4034 2598 έκπί-

2434 2655 2642 2697 πτοντες
2672 2633 2849 2709 ἐροῦσί
2876 2652 2965 2705 μοι
2994 2629 3123 2685 τάδε
3169 2637 3259 2685 καὶ
3287 2628 3417 2685 τάδε
3456 2632 3567 2703 (55)
3603 2650 3615 2663 '
3664 2633 3860 2705 ἡμέραν
3916 2635 4037 2705 (56)

2439 2721 2525 2778 οὖν
2556 2724 2750 2782 ἐκείνην
2782 2726 2887 2776 εἰπε
2918 2722 3078 2793 (56'),
3118 2726 3213 2780 τὴν
3258 2730 3350 2783 τῆς
3384 2726 3625 2793 κρίσεως,
3682 2724 3749 2783 ὡς
3777 2721 4039 2794 ἐγνωσμέ.

2434 2833 2525 2870 νην
2582 2817 2671 2865 καὶ
2744 2808 3265 2886 προσδεδόκημένην.
3338 2812 3585 2881 Δυνάμεις
3643 2808 3699 2863 δὲ
3768 2811 4034 2882 ὠνομασε,

2436 2904 2501 2955 τά
2553 2908 2745 2973 σημεῖα
2790 2904 2878 2952 καὶ
2922 2902 2986 2951 τὰ
3017 2902 3279 2962 θαύματα.
3336 2903 3405 2952 T6
3456 2896 3515 2952 δε
3557 2898 3885 2972 Ὁμολογήσω
3934 2901 4029 2951 αὐ-

2439 2997 2563 3055 τοῖς,
2602 2988 2711 3041 ἀντὶ
2735 2996 2827 3041 τοῦ
2870 2988 3342 3062 Ἀποκριθήσομαι.

3601 3076 4030 3133 Condemnabo

749 3263 898 3318 Cum
916 3262 1117 3319 autem
1139 3259 1317 3316 etiam
1332 3274 1437 3332 per
1456 3274 1678 3317 nomen
1694 3259 2325 3332 ejus'multafecissent,

2516 3262 2616 3312 Καὶ
2662 3253 2840 3316 ἐπειδή
2897 3255 2945 3309 ἕν
3001 3265 3072 3329 τῷ
3124 3255 3336 3331 ὀνόματι
3380 3255 3539 3311 αὐτοῦ
3578 3257 3747 3311 πάντα
3801 3254 4037 3332 ἐποίουν,

677 3351 987 3424 quomodo
1010 3366 1112 3406 eos
1125 3350 1359 3421 ignorat
1374 3349 1400 3403 Ἰ
1414 3350 1562 3415 Quia
1574 3352 1758 3405 vitam
1776 3350 2085 3406 habebant
2106 3355 2338 3405 contra-

678 3441 851 3495 riam.
887 3438 1044 3494 Scire
1071 3438 1228 3493 enim
1258 3442 1507 3508 oportet,
1535 3439 1699 3508 quod
1727 3439 1889 3508 apud
1910 3440 2093 3493 Deum
2115 3438 2337 3508 duplex

680 3532 766 3583 est
796 3526 1040 3581 scientia
1074 3544 1085 3583 :
1115 3540 1233 3581 una
1250 3525 1496 3596 quidem
1523 3525 1837 3590 naturalis,
1863 3541 1979 3596 qua
2008 3526 2213 3581 omnia
2234 3542 2341 3587 no-

678 3616 778 3678 vit,
812 3616 1008 3683 utpote
1037 3612 1309 3669 omnium
1332 3617 1684 3685 conspector
1719 3615 2114 3687 omniumque
2144 3616 2335 3688 prius-

679 3717 866 3776 quam
896 3701 1104 3759 ﬁerent
1134 3703 1404 3773 cognitor
1431 3720 1448 3773 ;
1483 3702 1669 3760 altera
1687 3719 1827 3760 vero
1851 3703 2043 3776 magis
2073 3706 2339 3780 peculia-

676 3793 782 3863 ris,
805 3808 928 3866 qua
954 3792 1113 3849 solos
1157 3792 1350 3863 justos
1380 3794 1702 3864 cognoscit.
1734 3794 1930 3859 Novit,
1964 3794 2178 3866 inquit,
2226 3796 2337 3851 Do-

676 3885 871 3941 minus
884 3883 1397 3953 viamjustorum‘3
1410 3901 1430 3948 ;
1445 3887 1527 3940 et:
1551 3882 1863 3954 Cognoscit
1891 3885 2175 3940 Dominus
2211 3885 2335 3941 via:

674 3970 1052 4029 innocentum
1076 3974 1121 4007 ⁸⁸
1151 3989 1164 4038 ;
1198 3976 1279 4027 et:
1304 3973 1483 4029 Novit
1497 3972 1781 4027 Dominus
1806 3974 1912 4043 qui
1933 3979 2071 4029 sunt
2101 3975 2229 4042 ejus
2261 3975 2331 4029 ⁸⁵.

676 4064 787 4117 Eos
820 4064 1020 4119 autem
1047 4060 1151 4130 qui
1175 4060 1361 4116 vitam
1384 4060 1612 4115 habent
1639 4063 2133 4129 contaminatam,
2162 4062 2331 4131 igno-

675 4163 809 4204 rare
870 4163 935 4202 se
986 4146 1244 4212 simulat,
1286 4150 1492 4218 utpote
1542 4148 1879 4217 cognitione
1934 4164 2045 4205 sua
2088 4150 2331 4219 indigne

676 4238 1121 4291 conversantes.

745 4322 1158 4394 Alibiquoque
1176 4327 1354 4392 negat
1373 4322 1523 4391 illos,
1551 4328 1616 4380 ut
1640 4325 1743 4398 qui
1760 4340 1896 4380 eum
1926 4325 2208 4398 operibus
2230 4342 2329 4383 ne-

646 4482 647 4485 ,
675 4417 982 4481 gaverunt.
1017 4411 1167 4467 Dixit
1191 4412 1345 4467 enim
1378 4428 1481 4485 per
1508 4414 1861 4485 prophetam
1887 4431 1898 4468 :
1924 4415 2180 4487 Papulus
2232 4415 2327 4473 hic

677 4500 846 4556 labiis
858 4516 947 4557 me
968 4500 1243 4569 honorat,
1263 4516 1365 4557 cor
1376 4508 1569 4558 autem
1580 4517 1782 4559 eorum
1807 4504 1972 4575 longe
1990 4510 2074 4561 est
2090 4519 2125 4560 α
2145 4520 2237 4561 me
2252 4506 2321 4561 ⁸⁸.

2442 3356 2552 3409 πῶς
2581 3346 2753 3419 ἀγνοεῖ
2802 3347 2986 3407 αύτούς
3019 3366 3032 3411 ;
3067 3352 3205 3399 Διότι
3259 3346 3375 3420 βίον
3424 3344 3568 3419 εἶχον
3620 3346 3862 3404 ἐναντίον.
3918 3354 4038 3423 Χρὴ

2443 3438 2540 3511 γὰρ
2594 3442 2886 3507 γινώσκειν,
2939 3438 3019 3488 ὅτι
3068 3433 3216 3495 διττή
3272 3435 3410 3488 ἐστιν
3452 3438 3483 3495 ἡ
3529 3446 3720 3508 γνῶσις
3769 3440 3913 3511 παρὰ
3966 3446 4043 3508 τῷ

2447 3532 2560 3595 Θεῷ
2594 3542 2605 3555 ⁸
2639 3527 2669 3583 ἡ
2702 3528 2810 3597 μὲν,
2860 3527 2995 3577 κατὰ
3032 3524 3224 3597 ¹φύσιν,
3267 3525 3383 3577 καθ’
3440 3525 3500 3584 ἣν
3556 3522 3668 3578 οἶδε
3718 3528 3909 3594 πάντα,
3969 3530 4043 3589 ὡς

2445 3618 2829 3679 παντεπόπτης,
2889 3618 2977 3665 καὶ
3030 3616 3099 3675 ὡς
3152 3615 3320 3666 πάντα
3376 3610 3548 3683 εἰδὼς,
3618 3618 3742 3687 πρὶν
3789 3619 4044 3685 γενέσεως

2446 3705 2613 3757 αὐτῶν
2644 3722 2654 3733 ·
2688 3705 2717 3761 ἡ
2753 3699 2829 3773 δὲ,
2877 3702 2987 3755 κατ’
3040 3703 3299 3755 οἰκείωσιν
3340 3747 3355 3773 ,
3400 3703 3514 3755 καθ’
3569 3701 3630 3761 ἢν
3687 3700 3797 3756 οἶδε
3851 3708 4043 3776 μόνους

2442 3799 2558 3856 τοὺς
2616 3791 2874 3855 δικαίους.
2930 3792 3070 3861 Ὀτι,
3126 3798 3272 3865 φησὶ.
3323 3799 3569 3865 γινώσκει
3638 3796 3827 3868 Κύριος
3910 3792 4044 3848 ὁδὸν

2444 3882 2661 3938 δικαίων
2717 3899 2729 3911 '
2789 3887 2877 3935 καὶ
2929 3899 2943 3914 ⁸
3003 3887 3251 3934 Γινώσκει
3304 3886 3491 3955 Κύριος
3560 3886 3653 3945 τὰς
3726 3879 3881 3944 ὁδοὺς
3938 3895 4045 3939 τῶν

2442 3974 2666 4046 ἀμώμων
2728 3990 2739 4001 ·
2790 3976 2880 4023 καί
2923 3990 2936 4002 ⁸
2990 3970 3159 4043 Ἔγνω
3222 3974 3412 4047 Κύριος
3467 3975 3584 4032 τοὺς
3652 3976 3794 4032 ὄντας
3838 3973 4032 4031 αύτοῦ.

2438 4066 2571 4122 Τοὺς
2609 4058 2667 4114 δὲ
2726 4060 2843 4134 βίον
2902 4064 3116 4133 ἔχοντας
3193 4058 3563 4135 διεφθαρμένον
3617 4060 3815 4133 ἀγνοεῖν
3870 4082 4045 4137 προσ-

2437 4158 2682 4220 ποιεῖται,
2743 4152 2807 4211 ὡς
2879 4150 3342 4223 πολιτευσαμένους
3422 4148 3640 4212 ἀναξίως
3709 4158 3802 4213 τῆς
3872 4151 4042 4205 αὐτοῦ

2434 4244 2688 4312 γνώσεως.

2508 4333 2608 4381 Καὶ
2655 4328 2833 4402 ἑτέρως
2890 4324 2949 4381 δὲ
2999 4327 3227 4404 ἀρνεῖται
3275 4328 3482 4393 αὐτοὺς,
3524 4329 3593 4389 ὡς
3644 4326 4040 4403 ἀρνησαμένους

2434 4417 2586 4470 αῦτόν
2639 4425 2749 4480 τοῖς
2804 4420 2993 4492 ἔργοις.
3054 4420 3240 4491 Εἶρηκε
3285 4416 3386 4491 γάρ
3456 4414 3548 4470 διὰ
3599 4426 3691 4470 τοῦ
3740 4423 4032 4493 προφήτου,

2433 4508 2509 4560 ὅτι
2554 4505 2613 4559 εΟ
2664 4506 2783 4567 λαός
2834 4506 2983 4567 οὗτος
3051 4513 3160 4568 τοῖς
3227 4505 3431 4578 χείλεσί
3495 4526 3558 4578 με
3631 4513 3780 4579 τιμᾷ,
3846 4515 3908 4579 τῇ
3973 4505 4035 4560 δε

671 4587 781 4658 Qui
808 4589 968 4645 enim
997 4594 1296 4662 praecepta
1320 4590 1509 4662 ipsius
1542 4591 1787 4664 spernit,
1832 4593 2033 4665 ipsum
2060 4595 2317 4666 spernit:

2435 4590 2630 4668 καρδίᾳ
2691 4594 2866 4669 πόῥρω
2937 4593 3125 4666 ἀπέχει
3194 4593 3281 4646 ἀπ’
3360 4592 3505 4667 ἐμοῦ.
3561 4593 3620 4646 Ὀ
3671 4597 3772 4669 γὰρ
3836 4593 4032 4646 ἀθετῶν

669 4677 806 4734 ideo
837 4693 1079 4751 quoque
1099 4678 1314 4735 merito
1346 4679 1660 4751 spernitur.

739 4858 947 4913 Verum
970 4857 1017 4913 si
1047 4857 1278 4930 indigni
1295 4861 1481 4924 erant,
1512 4858 1819 4930 quomodo
1838 4857 1899 4914 in
1926 4858 2010 4913 eis
2032 4860 2320 4928 operaba-

668 4950 761 5004 tur
793 4946 1037 5018 Spiritus
1061 4952 1301 5004 sanctus
1331 4946 1358 5000 7
1395 4946 1650 5003 Omnino
1672 4951 1913 5019 propter
1943 4947 2064 5005 duo
2092 4948 2319 5006 ﬁebant

662 5034 777 5091 ista
809 5037 986 5105 :puta
1008 5034 1286 5105 utgratiae
1314 5035 1745 5093 Deiliberalitas
1759 5035 1941 5093 etiam
1954 5036 2014 5093 in
2029 5036 2317 5108 indignos

735 5208 780 5242 ⁸³
804 5208 938 5262 Luc.
968 5222 1046 5277 v1,
1076 5207 1165 5263 46.
1280 5209 1325 5245 ⁸³
1356 5208 1511 5267 Psal.
1544 5211 1594 5277 1,
1614 5212 1668 5267 6.

1781 5212 1827 5247 ⁸⁸
1854 5211 2006 5267 Psal.
2040 5228 2227 5281 xxxw,
2262 5213 2348 5270 18.

2430 4681 2634 4745 ἐντολὰς
2704 4680 2885 4746 αὐτοῦ,
2960 4681 3115 4733 αὐτὸν
3187 4679 3356 4735 ἀθετεῖ
3430 4678 3517 4735 διὸ
3589 4688 3681 4735 καὶ
3768 4681 4031 4735 ἀθετεῖται

2432 4769 2674 4833 δικαίως.

2501 4864 2603 4912 Καὶ
2662 4858 2769 4911 ἐπεὶ
2828 4856 3027 4920 ἀνάξιοι
3080 4858 3234 4923 ἦσαν,
3294 4866 3405 4921 πῶς
3460 4857 3743 4932 ἐνήργησεν
3815 4856 3882 4919 εἰς
3937 4856 4037 4910 αῦ-

2426 4951 2544 5009 τούς
2573 4950 2631 5000 τὸ
2680 4954 2890 5020 Πνεῦμα
2938 4951 2996 4999 τό
3040 4946 3186 5019 ἅγιον
3230 4951 3489 5015 ;Πάντως
3550 4944 3643 5001 διὰ
3708 4944 3807 5000 δύο
3840 4954 4034 5015 ταῦτα,

2429 5039 2511 5090 ἶνα
2538 5036 2652 5110 (57)
2710 5033 2769 5090 di
2819 5038 2849 5095 ἡ
2908 5035 3177 5108 φιλοτιμία
3220 5043 3315 5099 τῆς
3347 5038 3568 5110 χάριτος
3618 5043 3709 5090 τοῦ
3760 5041 3889 5091 θεοῦ
3924 5032 4037 5090 δει-

2462 5212 2509 5248 ⁸⁵
2544 5210 2592 5266 ΙΙ
2620 5210 2764 5268 Tim.
2790 5227 2850 5279 ιι,
2882 5212 2970 5266 19.
3082 5212 3130 5248 ⁸⁸
3153 5211 3267 5270 Isa.
3300 5227 3498 5281 xxxix,
3528 5213 3620 5271 15.

1867 5388 2093 5458 Variae
2120 5389 2450 5460 lectiones
2490 5401 2557 5460 et
2583 5401 2784 5461 notae.

750 5583 841 5644 55)
875 5587 963 5637 καὶ
993 5578 1121 5637 τάδε
1150 5585 1364 5644 omittit
1400 5584 1468 5642 Β.

750 5583 819 5637 55
875 5587 963 5637 καὶ
993 5581 1121 5637 τάδε
1150 5600 1248 5641 om

729 5581 841 5730 E56;
869 5659 962 5729 μέν
982 5656 1148 5715 addit
1185 5659 1252 5715 Α.

2517 5588 2622 5662 ὅὸέ)
2663 5589 2823 5662 Idem
2850 5584 3022 5662 εἰπών.

2517 5589 2622 5662 ὅδ’)
2663 5589 2823 5645 Idem
2850 5589 3022 5643 εἰπών.

2490 5589 2603 5738 ἒὸη
2642 5660 2838 5719 Malim
2858 5680 2935 5730 τε,
2965 5661 3099 5723 1000
3124 5658 3205 5717 δέ·
