4206 6310
226 321 336 379 2'13

1176 320 1556 379 COMMENT.
1606 318 1675 375 ΙΝ
1714 314 2163 373 MATTH/EUM.
2205 343 2269 356 --
2313 313 2475 372 CAP.
2522 316 2644 374 VII.

3483 320 3588 375 274

231 451 416 522 χθείη,
464 452 687 522 χεομένη
723 453 812 503 καὶ
855 449 927 512 εἰς
964 453 1085 512 τοὺς
1131 448 1389 518 ἀναξίους,
1431 451 1521 500 καὶ
1553 447 1636 499 ἶνα
1663 447 1812 520 ἕτεροι

1937 442 2195 499 diffundi
2220 441 2766 515 demonstraretur;
2795 444 2849 498 et
2870 444 2935 498 ut
2965 446 3071 514 per
3101 441 3302 516 ipsum
3327 443 3457 501 aliis
3488 444 3589 502 be-

235 536 309 592 δι’
363 538 526 590 αὐτῶν
583 538 933 610 ὠφεληθῶσιν,
985 540 1099 591 ὅσοι
1151 554 1205 591 τε
1260 539 1382 612 παρ’
1436 537 1600 589 αὐτῶν
1649 534 1823 609 ἐθερα-

232 629 465 689 πεύοντο,
515 631 605 681 καὶ
653 630 769 680 ὅσοι
819 626 1087 700 βλέποντες
1142 629 1229 688 τὰς
1298 629 1540 688 τοιαύτας
1596 626 1825 697 θαυματ-

231 721 460 791 ουργίας,
521 715 789 770 ἐπίστευον
840 725 912 788 τῷ
960 723 1203 793 Χριστῷ.
1264 716 1339 769 Οὐ
1394 722 1502 790 χρὴ
1556 715 1642 767 οὖν
1702 716 1823 766 θαυ-

227 806 413 879 μάζειν
467 805 652 868 αὐτοὺς
724 808 1266 881 θαυματουργοῦντας.
1327 803 1495 859 Οὐδὲν
1544 808 1645 879 γὰρ
1698 804 1821 879 παρ’

224 896 418 947 ἑαυτῶν
479 894 801 967 εἰσήνεγκαν,
863 895 991 949 ἀλλὰ
1038 898 1125 948 τὸν
1179 899 1329 965 Θεὸν,
1384 897 1471 947 τὸν
1529 891 1818 959 δεδωκότα,

215 986 481 1047 τοιούτοις
538 979 690 1037 οὖσιν
748 985 939 1051 αὐτοῖς,
997 990 1090 1044 τὴν
1139 988 1322 1058 χάριν.
1387 991 1631 1046 Τοιοῦτος
1681 980 1741 1041 ἧν
1795 984 1820 1035 ὸ

211 1074 287 1125 τὰ
346 1068 601 1146 δαιμόνια
668 1071 942 1143 ἐκϐάλλων,
1016 1078 1108 1127 καὶ
1160 1079 1231 1147 μὴ
1307 1075 1374 1125 ὢν
1453 1073 1562 1146 μετ’
1638 1073 1815 1126 αὐτοῦ.

208 1168 468 1223 Τοιοῦτος
523 1162 586 1221 ἦν
640 1167 730 1216 καὶ
773 1163 799 1214 6
842 1158 1109 1237 προδότης
1165 1159 1390 1225 Ἰούδας.
1439 1161 1666 1225 Ἀνάξιοι
1717 1169 1817 1233 γὰρ

210 1252 383 1317 ὄντες,
430 1250 609 1304 ἔλαϐον
666 1255 999 1325 χαρίσματα.
1044 1256 1145 1305 Καὶ
1184 1252 1235 1305 ἄν
1288 1260 1350 1324 τῇ
1410 1251 1615 1322 Παλαιᾷ
1655 1248 1714 1303 δὲ
1749 1251 1820 1311 εἰς

210 1340 444 1403 πολλοὺς
506 1340 747 1404 ἀναξίους
802 1342 832 1400 ἡ
884 1343 994 1394 θεία
1057 1344 1216 1415 χάρις
1256 1340 1561 1415 ἐνήργησεν,
1614 1342 1697 1392 ἶνα
1744 1337 1818 1393 δι’

214 1429 392 1481 αὐτῶν
444 1429 629 1491 ἄλλους
689 1430 1024 1505 εὐεργετήσῃ.
1079 1430 1215 1484 Ἀλλ’
1285 1430 1429 1483 οὗτοι
1488 1435 1577 1503 μέν
1636 1431 1820 1490 πάντες

214 1522 403 1571 πίστιν
444 1520 569 1580 τέως
602 1524 679 1589 si}
694 1537 765 1584 ον,
807 1519 852 1571 εἰ
900 1524 991 1571 καὶ
1029 1517 1152 1592 βίου
1194 1516 1327 1577 ἦσαν
1371 1523 1813 1591 κατεγνῶσμένου.

220 1605 440 1677 Βαλαὰμ
484 1603 543 1659 δὲ
569 1610 659 1658 καὶ
704 1611 923 1668 πίστεως
969 1612 1055 1660 καὶ
1118 1608 1375 1669 πολιτείας
1414 1607 1631 1683 ἀρίστης
1675 1606 1817 1659 ἀλλό-

1932 532 2212 588 neﬁcium
2240 531 2623 597 conferretur,
2650 533 2751 604 qui
2784 530 3055 588 videlicet
3074 533 3152 589 ab
3178 533 3263 589 eis
3294 534 3588 593 curaban-

1930 623 2045 690 tur,
2104 622 2197 677 vel
2264 622 2363 692 qui
2433 636 2621 691 opera
2700 620 2799 676 illa
2866 621 3223 679 admiranda
3292 623 3586 681 intuentes

1931 710 2256 766 credebant
2298 711 2356 765 in
2409 708 2726 765 Christum.
2778 713 2906 766 Non
2952 725 3096 781 ergo
3152 727 3254 769 eos
3302 713 3586 773 admirari

1930 802 2183 870 oportet,
2224 799 2325 871 qui
2374 798 2669 855 miracula
2706 798 3135 871 operabantur,
3182 817 3373 873 neque
3425 805 3587 861 enim

1929 888 2268 961 quidquam
2299 904 2335 944 a
2360 903 2421 944 se
2470 889 2617 960 ipsis
2646 888 3031 945 conferebant
3061 906 3074 955 ;
3106 892 3210 946 sed
3238 895 3444 960 Deum,
3482 895 3586 967 qui

1931 993 2062 1032 cum
2094 977 2175 1033 illi
2223 977 2367 1033 tales
2405 981 2621 1043 essent,
2649 977 2904 1049 gratiam
2935 982 3137 1034 tamen
3171 979 3283 1036 illis
3312 982 3587 1051 praestite-

1926 1070 2038 1125 rat.
2070 1067 2223 1124 Talis
2254 1071 2396 1133 erat,
2430 1067 2534 1139 qui
2571 1066 2873 1124 diemonia
2920 1067 3210 1138 ejiciebat,
3241 1084 3351 1125 nec
3380 1074 3585 1128 tamen

1927 1156 2121 1223 ipsum
2177 1155 2583 1227 sequebatur;
2617 1154 2752 1213 talis
2783 1159 2908 1212 erat
2954 1160 3012 1213 et
3047 1155 3235 1213 Judas
3282 1158 3576 1230 proditor.

1926 1246 2077 1302 Nam
2090 1244 2221 1301 licet
2240 1245 2469 1315 indigni
2482 1248 2691 1310 essent,
2714 1245 2968 1315 gratiam
2984 1248 3185 1302 tamen
3207 1256 3581 1320 acceperant.

1926 1335 1988 1388 In
2041 1334 2228 1390 Veteri
2256 1350 2499 1406 quoque
2555 1336 2930 1391 Testamento
2969 1336 3031 1390 in
3062 1335 3264 1391 multis
3316 1337 3584 1407 indignis

1928 1422 2117 1491 gratia
2136 1422 2514 1493 operabatur,
2544 1425 2729 1494 utper
2753 1439 2855 1478 eos
2888 1423 3017 1479 aliis
3046 1424 3406 1481 beneﬁcium
3437 1441 3587 1498 prae-

1927 1514 2126 1566 staret.
2179 1511 2291 1566 Sed
2326 1510 2388 1567 hi
2436 1511 2683 1582 quidem
2745 1510 2927 1566 ﬁdem
2972 1512 3210 1569 interim
3256 1514 3581 1584 habebant,

1925 1613 2281 1669 quanquam
2340 1598 2460 1654 vita
2507 1598 3006 1671 reprehensibiles
3054 1606 3272 1658 essent.
3339 1604 3584 1660 Balaam

218 1712 368 1767 τριος
419 1695 506 1762 ὢν,
566 1700 938 1768 προεφήτευσε.
998 1701 1098 1749 Καὶ
1136 1704 1207 1767 τῷ
1265 1702 1448 1770 Φαραὼ
1491 1694 1569 1761 δὲ,
1601 1701 1689 1749 καὶ
1745 1704 1812 1767 τῷ

1926 1690 2126 1742 autem
2174 1686 2516 1743 cumafide
2574 1691 2630 1742 et
2683 1689 3135 1745 conversatione
3204 1690 3367 1747 bona
3433 1695 3585 1748 esset

218 1780 729 1857 Ναϐουχοδονόσορ,
770 1788 860 1835 καὶ
903 1792 973 1854 τῷ
1015 1787 1112 1854 υἱῷ
1144 1785 1301 1837 αὐτοῦ
1349 1785 1642 1857 Βαλτάσαρ,
1695 1783 1817 1837 ἀσε-

219 1869 345 1924 ϐέσι
394 1878 479 1925 καὶ
526 1874 981 1947 παρανομωτάτοις
1034 1870 1198 1939 οὖσιν,
1253 1871 1442 1936 ἔδειξεν
1499 1875 1523 1925 6
1577 1877 1707 1935 Θεὸς
1752 1876 1819 1926 τὰ

216 1961 473 2033 μέλλοντα
527 1958 620 2015 διὰ
658 1966 752 2021 τὴν
804 1962 983 2035 ἑτέρων
1034 1962 1355 2035 οἰκονομίαν.
1424 1967 1524 2015 Καὶ
1581 1968 1634 2015 τί
1685 1962 1817 2034 λέγω

215 2055 344 2124 περὶ
398 2049 713 2125 ἁνθρώπων;
754 2050 844 2112 Εἰς
888 2055 981 2109 τὴν
1032 2054 1143 2103 ὄνον
1190 2058 1281 2103 τοῦ
1336 2050 1548 2123 Βαλαὰμ
1589 2053 1619 2109 ἡ
1658 2052 1817 2123 χάρις

214 2143 289 2193 τὰ
370 2140 556 2202 εαυτῆς
642 2136 961 2208 ἐπεδείξατο,
1042 2144 1211 2211 φωνην
1287 2138 1607 2214 ἀνθρωπίνην
1682 2138 1812 2212 αὐτῇ

213 2225 594 2305 δωρησαμένη,
666 2232 786 2303 ηρὸς
832 2232 890 2281 τὸ
945 2232 1212 2282 συνετίσαι
1271 2231 1356 2281 τὸν
1415 2227 1667 2287 ἐπιϐάτην
1726 2228 1815 2281 αὖ·

206 2326 325 2380 τῆς.

285 2406 433 2461 Ἐπεὶ
515 2412 709 2475 τοίνυν,
796 2408 951 2482 ὀρθοῦ
1034 2406 1155 2480 βίου
1223 2411 1293 2479 μή
1368 2412 1638 2480 παρόντος,
1700 2406 1816 2460 οὔτε

208 2500 391 2556 πίστις
430 2500 546 2549 οὔτε
596 2499 838 2569 θαύματα
898 2500 1080 2559 σώζειν
1147 2492 1418 2561 δύνανται,
1461 2495 1582 2569 βίου
1627 2496 1815 2568 μᾶλλον

218 2583 553 2656 ἐπιμελητέον
634 2586 779 2657 ἡμῖν.
856 2588 932 2638 Τὰ
1000 2583 1059 2638 δε
1147 2588 1406 2657 θαύματα,
1483 2589 1819 2657 παρεχόμενα

215 2675 315 2745 μὲν
356 2670 681 2738 ἀποδεκτέον,
737 2678 808 2747 μή
866 2679 1231 2748 παρεχομένων
1273 2671 1331 2726 δὲ
1381 2678 1451 2746 μὴ
1506 2673 1815 2747 ἀθυμητέον.

218 2768 265 2814 Ο
340 2764 440 2835 γὰρ
516 2765 765 2839 ἐνάρετος,
850 2767 939 2815 καὶ
1008 2769 1077 2835 μὴ
1144 2765 1572 2835 θαυματουργῶν,
1660 2760 1816 2815 οὐδὲν

210 2849 443 2904 ἐντεῦθεν
501 2851 814 2910 ἠλάττωται.
878 2856 979 2904 Καί
1028 2854 1129 2924 γὰρ
1188 2853 1213 2902 ὸ
1269 2855 1359 2924 μὲν
1420 2850 1613 2923 ἀγαθὸς
1676 2851 1813 2923 βίος,

1924 1774 2610 1847 alienus,prophetabat.
2626 1777 2779 1842 Quin
2800 1781 2856 1833 et
2876 1777 3165 1835 Pharaoni
3192 1783 3249 1836 et
3278 1779 3584 1837 Nabucho-

1924 1862 2188 1919 donosor
2202 1867 2258 1918 et
2278 1862 2398 1919 ﬁlio
2413 1864 2539 1934 ejus
2567 1864 2845 1930 Baltasar,
2872 1880 3011 1920 cum
3033 1871 3227 1922 essent
3242 1867 3584 1939 impiissimi

1927 1966 1997 2007 ac
2022 1951 2483 2017 sceleratissimi,
2532 1953 2697 2010 Deus
2726 1952 2928 2009 futura
2959 1954 3411 2022 demonstravit,
3448 1972 3584 2028 pro-

1925 2043 2057 2112 pter
2068 2039 2319 2095 aliorum
2333 2040 2843 2110 gubernationem.
2865 2042 2977 2097 Sed
2989 2042 3138 2114 quid
3152 2043 3225 2098 de
3239 2043 3583 2101 hominibus

1926 2128 2077 2198 dico,
2105 2144 2244 2184 cum
2268 2132 2324 2184 et
2353 2129 2413 2184 in
2440 2129 2613 2186 asina
2630 2129 2870 2186 Balaam
2899 2146 3074 2187 suam
3091 2131 3585 2191 demonstraverit

1925 2218 2219 2282 virtutem,
2246 2233 2390 2274 voce
2419 2219 2688 2276 humana
2716 2219 2831 2292 ipsi
2861 2220 3093 2287 collata,
3137 2225 3200 2279 ut
3234 2236 3369 2280 eam
3401 2223 3583 2296 ipsius

1928 2322 2210 2363 ascensor
2238 2306 2634 2378 intelligeret?

1998 2404 2146 2469 Quia
2184 2420 2326 2475 ergo
2355 2412 2518 2462 recta
2546 2406 2644 2463 via
2668 2405 3000 2479 deﬁciente,
3034 2422 3230 2481 neque
3279 2408 3450 2475 ﬁdes,
3478 2425 3585 2469 ne-

1926 2507 2043 2564 que
2072 2491 2361 2549 miracula
2392 2493 2595 2550 salvos
2639 2494 2831 2550 facere
2854 2499 3123 2566 possunt,
3160 2495 3338 2552 nobis
3367 2497 3442 2554 de
3460 2500 3585 2557 vita

1927 2580 2121 2653 magis
2153 2582 2487 2637 curandum
2501 2585 2590 2637 est
2618 2582 2813 2654 :quod
2835 2583 2883 2638 si
2914 2583 3107 2640 facere
3125 2601 3369 2657 quoque
3408 2587 3584 2657 signa

1927 2669 2115 2734 detur,
2192 2670 2635 2741 suscipiendum
2686 2674 2813 2738 est;
2868 2672 2917 2727 si
2967 2678 3163 2729 autem
3222 2690 3346 2731 non
3391 2676 3580 2744 detur,

1928 2759 2296 2816 constristari
2337 2774 2461 2815 non
2491 2763 2743 2831 oportet.
2771 2762 2920 2817 Nam
2960 2760 3063 2833 qui
3103 2761 3312 2818 virtute
3364 2765 3582 2835 praedi-

1928 2854 2019 2902 tus
2050 2852 2160 2915 est,
2185 2848 2294 2903 etsi
2336 2848 2621 2905 miracula
2647 2863 2770 2905 non
2796 2849 2953 2915 edat,
3006 2849 3152 2905 nihil
3198 2850 3335 2907 inde
3362 2853 3585 2925 patitur

203 2942 425 3002 πάντως
474 2941 633 3001 σώζει
668 2943 755 2992 τὸν
806 2944 993 2993 πιστόν
1024 2958 1034 2969 ·
1077 2943 1141 2993 τὰ
1191 2942 1434 3012 θαύματα
1478 2938 1536 2993 δὲ
1594 2941 1652 2993 οὐ
1691 2942 1812 2993 πάν-

1926 2936 2283 3002 detrimenti,
2328 2937 2491 2993 bona
2533 2937 2833 3010 siquidem
2880 2939 3002 2996 vita
3037 2938 3279 2996 ﬁdelem
3304 2968 3305 2971 η
3334 2943 3583 3000 omnino

206 3048 336 3089 τως.
408 3033 505 3081 Καὶ
573 3035 661 3081 τοῦ
741 3032 831 3100 μεν
886 3032 1122 3101 ἕναρέτου
1203 3028 1323 3100 βίου
1400 3028 1617 3101 ἀμοιϐὰς
1691 3031 1814 3101 ἡμῖν

204 3124 487 3193 χροωστεί
548 3121 709 3178 Θεὸς·
770 3125 870 3168 τῶν
926 3114 984 3170 δὲ
1060 3119 1334 3188 θαυμάτων
1404 3120 1554 3190 ἡμεῖς
1625 3118 1814 3191 μᾶλλον

207 3207 383 3277 αὐτῷ.
440 3207 545 3267 Τὰς
585 3206 755 3267 αἰτίας
802 3201 879 3269 δὲ,
936 3202 1007 3257 δι’
1057 3205 1119 3268 ἃς
1162 3210 1274 3259 οὔτε
1312 3213 1445 3259 πᾶσι
1492 3215 1597 3268 τοῖς
1645 3207 1815 3279 ἁγίοις

207 3301 439 3369 παρέχει
466 3299 563 3353 τὴν
610 3297 770 3367 χάριν
799 3302 899 3346 τῶν
957 3296 1233 3368 θαυμάτων
1263 3296 1289 3347 6
1320 3300 1463 3361 Θεὸς,
1518 3298 1635 3348 οὔτε
1680 3303 1814 3349 πᾶσι

208 3390 321 3445 τοὶς
387 3383 640 3447 ἀναξίοις,
711 3388 866 3456 μόνος
922 3384 1073 3445 αὐτὸς
1137 3380 1281 3437 οἶδεν
1337 3384 1515 3460 ὀρθῶς,
1572 3386 1597 3436 ό
1648 3387 1813 3437 πάντα

210 3476 349 3525 κατὰ
385 3471 538 3546 λόγον
566 3481 724 3525 ποιῶν
737 3516 749 3529 .

285 3656 397 3711 Πᾶς
446 3681 513 3691 -
568 3670 815 3724 φρονιμῳ.
875 3652 1200 3724 Ἀπαρτίσας
1271 3655 1363 3709 τὴν
1436 3648 1811 3717 διδασκαλίαν,

208 3739 393 3791 λοιπὸν
441 3738 827 3814 παραθαῤῥύνει
885 3743 1002 3801 τοὺς
1043 3741 1299 3811 μαθητὰς,
1356 3740 1428 3800 εἰς
1474 3743 1531 3791 τὸ
1583 3735 1813 3811 βαδίσαι

209 3830 311 3884 τὴν
387 3833 559 3885 στενήν
626 3833 716 3880 καὶ
785 3827 1126 3900 τεθλιμμένην
1185 3825 1327 3897 ὁδὸν,
1398 3829 1814 3900 ὑπισχνούμενος

211 3917 459 3985 γενέσθαι
516 3916 684 3978 αὐτοῖς
739 3917 1003 3990 ἀρκοῦσαν
1062 3916 1364 3988 ἀσφάλειαν,
1427 3921 1521 3975 τὴν
1585 3916 1812 3989 φυλακὴν

210 4011 316 4055 τῶν
368 4004 571 4057 ἐντολῶν
603 4006 782 4060 αὐτοῦ.
836 4012 962 4074 Πᾶς,
1018 4011 1199 4077 φησιν,
1243 4008 1267 4057 6
1318 4005 1515 4057 ἁκούων
1546 4026 1646 4077 μου
1693 4012 1815 4070 τοὺς

209 4092 394 4164 λόγους
434 4097 663 4161 τούτους,
706 4099 824 4153 ἤτοι
876 4098 965 4155 τὰς
1022 4094 1246 4160 ἐντολάς,
1279 4094 1341 4156 ἂς
1392 4092 1631 4157 ἓπέταξα.
1690 4098 1816 4150 Τινὰ

1925 3026 2155 3083 salvum
2198 3026 2357 3091 facit,
2393 3026 2681 3083 miracula
2710 3042 2845 3083 vero
2884 3042 3009 3084 non
3061 3044 3317 3101 semper.
3345 3030 3583 3088 Praeter-

1923 3130 1995 3170 ea
2021 3115 2199 3170 bonas
2230 3116 2363 3171 vitae
2381 3115 2930 3172 remunerationem
2977 3116 3156 3173 nobis
3188 3118 3365 3175 debet
3388 3119 3540 3175 Deus
3565 3136 3579 3188 ;

1922 3203 2349 3260 miraculorum
2401 3206 2621 3270 autem,
2665 3219 2777 3261 nos
2832 3205 3032 3277 potius
3074 3205 3191 3277 ipsi
3266 3206 3580 3266 debemus.

1924 3294 2145 3348 Causas
2194 3307 2333 3348 vero
2376 3296 2611 3364 propter
2636 3307 2804 3363 quas,
2854 3308 3050 3365 neque
3096 3296 3315 3351 sanctis
3386 3298 3579 3352 omni-

1921 3379 2038 3436 bus
2068 3379 2296 3451 praebet
2322 3379 2477 3435 Deus
2526 3380 2779 3450 gratiam
2822 3380 3272 3449 miraculorum,
3325 3398 3519 3456 neque
3546 3399 3577 3441 θ

1921 3469 2156 3525 diverso
2186 3468 2469 3526 omnibus
2509 3468 2794 3538 indignis,
2846 3470 3008 3527 solus
3062 3471 3184 3543 ipse
3228 3472 3407 3539 novit,
3437 3474 3580 3546 quia

1921 3558 2122 3615 omnia
2151 3558 2170 3629 j
2182 3562 2313 3614 usta
2339 3557 2570 3613 ratione
2601 3557 2757 3614 facit.

1992 3659 2155 3713 Vers.
2208 3660 2295 3712 24.
2343 3656 2546 3712 Omnis
2575 3687 2643 3696 —
2668 3656 2970 3726 prudenti.
3017 3656 3263 3731 Expleta
3304 3658 3577 3719 doctrina

1922 3744 2273 3801 adhortatur
2311 3744 2588 3815 deinceps
2628 3744 2972 3816 discipulos,
3016 3751 3081 3803 ut
3120 3762 3225 3818 per
3274 3748 3437 3805 viam
3468 3765 3578 3806 an-

1923 3835 2157 3904 gustam
2209 3835 2267 3888 et
2319 3831 2579 3888 strictam
2637 3832 2983 3901 gradiantur
3015 3837 3403 3906 :promittens
3460 3836 3575 3893 illis

1924 3920 2316 3977 sufﬁcientem
2338 3918 2541 3975 adfore
2569 3919 3197 3993 securitatem,nempe
3214 3922 3411 3995 ipsam
3429 3940 3575 3996 prte-

1923 4014 2231 4083 ceptorum
2262 4009 2761 4067 observationem.
2814 4011 3038 4079 Omnis,
3075 4011 3283 4083 inquit,
3338 4013 3439 4086 qui
3469 4030 3575 4071 au-

1924 4099 2010 4155 dit
2037 4099 2149 4156 hos
2182 4113 2489 4155 sermones
2528 4114 2708 4169 meos,
2741 4098 2863 4155 sive
2909 4100 3037 4156 haec
3066 4116 3196 4173 quze
3221 4101 3377 4173 jussi
3422 4118 3573 4175 prae-

210 4187 301 4257 μεν
347 4180 435 4236 οὖν
495 4192 595 4235 τῶν
650 4183 764 4256 (58)
810 4182 1157 4258 ἀντιγράφων,
1204 4183 1624 4256 Ὀμοιωθήσεται
1690 4189 1812 4260 ’γρά-

1926 4193 2095 4261 cepta
2122 4209 2134 4244 :
2161 4187 2447 4261 quaedam
2474 4186 2766 4261 siquidem
2784 4189 3148 4262 exemplaria
3167 4174 3569 4263 ὁμοιωθήσεται,

1458 4310 1679 4379 Variae
1705 4312 2030 4381 lectiones
2056 4322 2121 4379 et
2141 4322 2341 4380 notae.

276 4450 395 4523 (58)
418 4449 659 4506 Discant
671 4448 787 4523 hoc
803 4447 944 4523 loco,
952 4448 1129 4523 crisin
1141 4450 1283 4505 Novi
1294 4450 1801 4523 Testamenti,qui,

204 4518 309 4578 ubi
332 4518 662 4594 atmpgcpagy
681 4518 745 4594 ﬁt
767 4520 1007 4594 mentio,
1024 4519 1252 4594 ubique
1268 4522 1532 4594 cogitant
1551 4523 1625 4576 de
1646 4518 1803 4577 codi-

204 4593 379 4649 cibus
405 4591 475 4663 Ν,
488 4591 957 4663 ’Τέλῼυάυεφοᾱὶ
976 4606 1114 4661 ergo
1147 4591 1382 4663 codices
1420 4594 1803 4663 ὁμοιωθήσεται

204 4614 379 4649 CIDUS
405 4614 471 4648 Ν.
516 4614 1114 4673 1._l:.uJusmumergo
1147 4614 1382 4671 (ξυαιοθε
1420 4614 1795 4718 οὕοιωσησεται

201 4662 732 4720 Ιιεὼθοιῖεοιιιοθῑ
778 4661 1201 4734 (ῖὶιισδξεοειοιῑιιἶ
1243 4668 1391 4718 tom.
1490 4665 1556 4733 Il,
1610 4681 1663 4734 p.
1700 4669 1795 4720 301

204 4735 323 4791 bis.
355 4734 511 4799 Quid
558 4738 757 4790 autem
798 4733 1152 4804 Euthymius
1182 4733 1210 4788 ?
1238 4737 1390 4789 Num
1419 4733 1799 4801 examinavit,

206 4806 545 4888 quaelectio
570 4819 676 4876 per
696 4804 929 4888 codices
954 4807 1017 4888 .
1047 4805 1805 4888 Testamentiﬂprgt’erenda

206 4874 280 4932 sit
296 4876 325 4931 ?
349 4874 581 4931 Minime
594 4891 754 4930 vero.
776 4874 886 4931 Sed
910 4880 1209 4948 utramque
1226 4874 1485 4948 admittit.
1510 4877 1805 4948 Theophyg

206 4949 422 5013 lactus,
477 4948 579 5019 qui
606 4947 1083 5019 etiamtractavit
1116 4946 1363 5019 codices
1384 4946 1806 5019 Chrysostomi

207 5020 269 5075 in
300 5022 463 5074 textu
496 5017 567 5074 οι
610 5018 671 5073 in
708 5017 975 5089 ischoliroi,
1025 5018 1268 5089 ὁμοιώσω
1306 5017 1679 5088 ὴιώθῐίριιεζ.
1712 5019 1803 5071 41.

210 5091 354 5156 Quae
404 5090 565 5145 crisis
592 5092 679 5145 est
704 5088 765 5144 h.
798 5088 837 5143 1.
884 5088 1192 5144 Wetstenii
1216 5089 1244 5143 7
1286 5096 1365 5144 Ex
1412 5104 1587 5144 versu
1626 5089 1693 5143 26
1724 5090 1809 5144 in-

209 5160 359 5232 quit.
383 5163 555 5217 Recte
576 5159 867 5232 protecto.
898 5162 1044 5216 Nam
1063 5160 1519 5232 Cbrysostomus
1539 5164 1595 5215 et
1614 5161 1806 5216 caeteri

212 5230 559 5304 interpretes
579 5230 792 5304 millies
812 5230 1044 5286 diversa
1059 5230 1196 5304 loca
1215 5230 1607 5304 confundunt.
1627 5232 1808 5304 Unde

213 5302 413 5374 autem
435 5302 496 5358 in
516 5302 852 5374 versionem
872 5304 1083 5374 Syram
1105 5306 1162 5357 et
1182 5302 1489 5374 Vulgatam
1504 5302 1664 5358 venit
1680 5302 1708 5357 ‘f
1726 5304 1806 5359 Ac

216 5373 265 5428 si
294 5372 412 5430 ista:
431 5373 735 5430 versiones
756 5388 877 5429 non
902 5372 1125 5445 centies
1149 5388 1217 5428 ac
1244 5372 1454 5445 saipius
1476 5388 1547 5429 ex
1569 5374 1808 5430 scholiis

214 5445 431 5501 Grmcis
455 5448 656 5501 essent
685 5449 996 5515 corrupta,
1012 5444 1069 5499 Si
1096 5448 1295 5501 autem
1318 5444 1519 5515 postea
1541 5445 1809 5515 Origenis

214 5516 692 5573 Commentarius
709 5515 785 5571 ad
798 5515 953 5571 hunc
965 5514 1166 5571 locum
1180 5531 1251 5572 ex
1263 5514 1629 5572 bibliothecis
1644 5514 1805 5571 erue-

211 5592 331 5660 tur,
379 5592 436 5647 et
481 5588 579 5646 ille
636 5601 881 5663 quoque
932 5586 1352 5663 comprobabit
1402 5588 1806 5663 ὁμοιωθήσεται,

1913 4452 2129 4508 scilicet
2152 4457 2295 4509 tunc
2321 4453 2639 4508 accesseris
2664 4452 2744 4509 ad
2769 4452 2993 4511 fontem
3043 4454 3281 4513 erroris.
3324 4458 3403 4511 Ex
3433 4458 3566 4514 cod.

1913 4525 2099 4598 Wetst
2112 4568 2124 4580 .
2152 4529 2197 4588 l,
2215 4523 2960 4598 propemodumsuspicor,
2976 4527 3056 4582 ita
3068 4526 3229 4598 illum
3245 4527 3567 4598 scripsisse.

1913 4596 2050 4660 Quis
2080 4610 2215 4668 vero
2247 4595 2341 4650 hic
2373 4611 2443 4650 ex
2474 4595 2795 4668 editoribus
2829 4600 2893 4651 N.
2923 4599 2981 4652 Τ.
3024 4613 3091 4651 ex
3136 4595 3568 4668 Chrysostomo

1912 4665 2539 4739 ῌΟῐᾶνὶίὸμοιωθήσεται
2559 4666 2586 4719 ?
2612 4666 3145 4738 Dixeritquispiam
3177 4685 3189 4722 :
3226 4665 3335 4723 Sed
3357 4684 3569 4739 parum

1911 4737 2191 4809 interest,
2229 4743 2425 4792 utrum
2485 4739 2744 4809 ὁμοιώσω,
2778 4737 3289 4809 οηίόμοιωθήσεται
3338 4737 3570 4807 legatur

1914 4806 2130 4862 Criticae
2158 4823 2340 4863 sacrae
2374 4806 2719 4862 sine'dubio
2773 4806 3033 4863 interest.
3085 4808 3197 4865 Sed
3251 4806 3567 4878 theologiae

1913 4878 2269 4946 dogmaticce
2294 4880 2388 4934 hic
2420 4894 2636 4950 parum
2673 4879 2949 4950 interest._
2988 4878 3171 4946 Igitur
3200 4880 3377 4934 etiam
3406 4880 3566 4936 hunc

1913 4950 2113 5004 locum
2145 4951 2386 5020 arripui.
2414 4948 2466 5005 Si
2500 4950 2660 5004 enim
2704 4949 2777 5003 de
2822 4948 3052 5006 Christo
3084 4955 3303 5019 ageret,
3335 4950 3566 5009 silentio

1913 5022 2442 5094 praetermisissem.
2472 5021 2742 5094 Sedame
2781 5020 3097 5094 impetrare
3114 5037 3382 5094 nequeo,
3421 5023 3567 5094 quin

1914 5090 2037 5146 duo
2084 5092 2305 5147 inedita
2356 5093 2433 5147 ad
2500 5092 2659 5147 hunc
2714 5090 2915 5147 locum
2967 5092 3192 5149 scholia
3225 5090 3312 5149 'ex
3362 5090 3568 5151 codice

1917 5162 2452 5232 Mosquensie.fol.
2478 5161 2833 5229 63,addam.
2886 5163 3145 5220 Alterum
3187 5164 3374 5221 Photii
3401 5169 3487 5220 est
3514 5170 3570 5224 et

1916 5232 2177 5306 defendit
2224 5232 2541 5306 lectionem
2587 5232 2892 5306 vulgatam
2927 5234 3214 5302 ;a1terum
3274 5236 3565 5306 Origenis,

1915 5304 2322 5379 quodineptas
2339 5305 2467 5375 ejus
2493 5304 2936 5379 explicationes,
2958 5322 3027 5379 ex
3044 5304 3443 5379 parallelisnio
3461 5322 3569 5365 seu

1916 5375 1985 5432 ex
2012 5392 2135 5430 sum
2166 5375 2351 5432 aetatis
2382 5375 2821 5431 concordantiis
2849 5375 3129 5435 declarat.

1990 5452 2206 5521 Φωντίου·
2264 5451 2579 5521 ξημείωσαι,
2638 5448 2718 5499 ὅτι
2765 5450 2821 5501 τὸ
2871 5452 2959 5521 μὲν
3011 5450 3252 5520 γενέσθαι
3294 5452 3567 5521 φρόνιμον,

1917 5517 2011 5570 οὐκ
2062 5520 2201 5570 ἔστιν
2249 5517 2366 5591 ἄνευ
2394 5526 2487 5580 τῆς
2532 5526 2621 5571 τοῦ
2654 5525 2787 5591 Θεοῦ
2839 5517 3111 5591 συνεργίας
3152 5539 3242 5571 και
3284 5517 3566 5591 ἐπιπνοίας,

1916 5593 2004 5643 Διὸ
2062 5608 2239 5664 φησιν.
2311 5589 2584 5665 Ὀμοιώσω
2667 5589 2821 5644 αὐτὸν
2903 5588 3059 5665 ἀνδρὶ
3137 5593 3389 5663 φρονίμῳ,
3457 5589 3571 5645 ἀντί
