4206 6310
240 338 355 393 277

1225 337 1598 396 COMMENT.
1647 337 1720 393 IN
1759 335 2207 396 MATTHEUM-
2246 367 2317 381 -
2354 338 2519 399 CAP.
2565 342 2691 402 VII.

3501 351 3607 406 278

246 461 438 529 λοντες,
489 461 546 514 ού
602 460 851 516 δυνανται
914 463 1219 517 καταϐαλεῖν
1295 469 1383 517 καὶ
1448 462 1701 517 διαλῦσαι
1753 467 1836 522 τὴν

1954 465 2225 531 nitantes,
2277 481 2401 523 non
2452 471 2767 539 potuerunt
2821 471 3072 544 dejicere
3123 476 3226 532 aut
3282 474 3607 536 dissolvere

250 548 531 624 οἰκοδομὴν
608 552 773 614 αὐτῆς
844 596 858 619 ,

251 640 335 695 ἐπὶ
397 646 583 715 πέτραν
640 685 654 708 ,

250 748 357 785 ται.

321 822 420 871 Καὶ
486 820 582 893 ὅρα
637 839 727 893 μοι
782 824 899 883 τοὺς
966 820 1287 883 ἀποστόλους
1357 820 1554 887 εὐθέως,
1630 820 1704 893 ἔφ’
1758 822 1846 884 οὓς

242 906 430 960 πολλαὶ
486 911 576 979 μὲν
626 908 897 962 ἐπιϐουλαὶ
944 912 1206 982 χεθεῖσαι,
1261 913 1442 984 μυρίοι
1487 906 1545 963 δε
1597 919 1847 983 χειμῶνες

241 1006 527 1070 συμφορῶν
584 997 1014 1073 καταρῥαγέντες,
1086 999 1178 1052 οὐκ
1243 1002 1481 1071 ἴσχυσαν
1540 1000 1846 1074 περιτρέψαι

236 1088 328 1137 τόν
382 1088 584 1161 πύργον
618 1096 713 1150 τῆς
757 1087 940 1160 ψυχῆς
991 1088 1179 1144 αύτῶν.
1234 1087 1384 1155 ἀλλὰ,
1439 1096 1538 1139 τῶν
1595 1089 1843 1159 σωμάτων

237 1175 421 1237 αὐτοῖς
452 1172 890 1251 διαφθειρομένων
925 1219 940 1236 .
968 1182 1292 1250 μεμενήκασι
1338 1180 1433 1237 τὰς
1475 1182 1680 1250 γνώμας
1728 1180 1843 1228 ἁναὶυ

234 1262 398 1317 λωτοι
427 1270 511 1317 καὶ
548 1265 821 1325 ἀήττητοι.

949 550 1089 606 διότι
1168 554 1526 626 τεθεμελίωται
1621 554 1845 629 στερρῶς

728 646 888 715 ἤγουν
947 684 961 710 ,
1013 642 1097 697 ἰπὶ
1150 641 1430 716 ἀσφάλειαν
1477 682 1493 707 ,
1562 646 1630 705 ὡς
1709 646 1846 718 εἴρη-

316 1358 420 1406 Καὶ
450 1385 515 1395 —
569 1363 747 1428 μωρῷ.
804 1352 1016 1414 Ἐπειδὴ
1069 1375 1195 1417 τινες
1242 1363 1341 1408 τῶν
1390 1354 1651 1430 ἀκροατῶν
1700 1354 1842 1425 ἔμελ-

235 1439 327 1494 λον
372 1440 592 1495 ἐπαινεῖν
644 1445 736 1515 μεν
796 1446 860 1495 τὰ
912 1444 1176 1517 εἰρημένα,
1226 1448 1297 1515 μὴ
1352 1450 1515 1495 ποιεῖν
1568 1439 1627 1495 δὲ
1685 1442 1836 1508 αὐτὰ,

238 1530 754 1604 προκαταλαμϐάνων
820 1531 1024 1604 ἐκφοϐεῖ
1087 1535 1299 1594 τούτους
1368 1529 1460 1585 διὰ
1521 1529 1838 1604 παραϐολῆς.

242 1618 416 1691 Ἔργα
455 1616 513 1672 δε
561 1625 808 1693 φρονίμου
857 1627 946 1674 καὶ
988 1629 1165 1695 μωροῦ
1214 1622 1336 1686 θεὶς,
1378 1628 1468 1673 τοῦ
1510 1623 1599 1693 μὲν
1633 1623 1837 1685 συνετὰ,

244 1714 341 1759 τοῦ
397 1705 454 1761 δὲ
520 1711 717 1781 μάταια
784 1751 798 1775 ,
860 1709 1216 1785 ἀμφοτέρωθεν
1286 1710 1668 1770 κατασκευάζει
1733 1716 1844 1771 τοῖς

1953 570 2109 623 eam,
2134 556 2274 628 quia
2294 556 2545 613 fundata
2570 562 2697 614 erat
2716 560 2965 618 ﬁrmiter
2990 577 3171 635 super
3197 568 3450 637 petram,
3482 566 3604 625 sive

1954 661 2137 718 super
2174 646 2551 712 soliditatem,
2582 652 2646 703 ut
2676 648 2904 708 dictum
2942 655 3051 708 est.

2026 822 2238 879 Statim
2277 823 2476 896 itaque
2529 827 2833 897 apostolos
2862 828 3009 884 mihi
3056 830 3300 898 intuere,
3334 832 3395 889 in
3449 849 3604 907 quos

1952 910 2216 983 plurimae
2243 911 2620 970 deﬂuxerunt
2639 914 2891 984 insidiae,
2925 932 2995 972 ac
3019 917 3343 975 innumerae
3368 922 3607 979 calami-

1952 1004 2142 1057 tatum
2193 1000 2421 1057 hiemes
2454 1001 2803 1058 deciderunt
2846 1020 2858 1059 :
2892 1016 3013 1060 nec
3032 1005 3349 1064 valuerunt
3378 1011 3605 1067 anima-

1952 1105 2083 1144 rum
2134 1105 2341 1145 eorum
2396 1091 2607 1147 turrim
2661 1096 2941 1155 evertere,
2999 1094 3105 1150 sed
3154 1096 3402 1167 perditis
3448 1101 3604 1153 certe

1952 1179 2303 1251 corporibus
2321 1179 2523 1237 animo
2535 1186 3001 1253 permanserunt
3018 1182 3512 1257 inexpugnabiles
3530 1200 3602 1243 ac

1951 1267 2410 1339 insuperabiles.

2020 1356 2183 1412 Vers.
2206 1357 2291 1413 26.
2308 1358 2387 1413 Et
2404 1359 2828 1429 —fatuo.Quia
2841 1361 3115 1419 nonnulli
3131 1362 3607 1421 auditorumlauo

1951 1444 2147 1501 daturi
2188 1449 2354 1502 erant
2394 1462 2529 1518 quae
2560 1447 2811 1515 dixerat,
2861 1466 2971 1506 nec
3010 1454 3213 1507 tamen
3243 1468 3314 1508 ea
3342 1451 3555 1509 facturi
3587 1466 3603 1511 :

1950 1547 2057 1605 per
2078 1533 2450 1606 {parabolam
2495 1537 2603 1591 bos
2647 1537 3031 1608 anticipando
3073 1539 3344 1597 deterret.
3390 1542 3607 1599 Positis

1952 1626 2152 1679 autem
2183 1623 2490 1694 prudentis
2522 1628 2701 1696 atque
2734 1625 2878 1683 fatui
2910 1628 3193 1699 operibus
3241 1646 3255 1684 :
3292 1629 3447 1686 illius
3477 1632 3607 1702 qui-

1951 1711 2091 1767 dem
2154 1711 2371 1768 rationi
2415 1714 2691 1769 consonis
2750 1718 2808 1771 et
2848 1715 3138 1783 honestis,
3179 1717 3362 1789 hujus
3403 1723 3607 1776 autem

244 1799 511 1869 μαθηταῖς
555 1803 648 1856 τὴν
695 1804 978 1873 σωτηρίαν,
1027 1796 1119 1852 διά
1147 1818 1201 1852 τε
1242 1806 1333 1851 τοῦ
1389 1799 1548 1859 ζήλου
1596 1806 1691 1859 τῆς
1720 1817 1836 1849 συν-

1954 1800 2119 1856 vanis
2145 1817 2158 1855 :
2183 1800 2463 1873 utrinque
2488 1802 2921 1875 discipulorum
2935 1805 3310 1863 conﬁrmavit
3330 1808 3605 1873 salutem,

244 1891 424 1953 ἐσεως,
478 1892 565 1939 καὶ
611 1895 703 1939 τοῦ
748 1892 934 1961 μίσους
986 1895 1080 1950 τῆς
1132 1891 1528 1960 ματαιοπονίας.
1577 1893 1740 1940 Τοῦτο
1784 1883 1843 1939 δὲ

239 1975 486 2037 πολλάκις
545 1984 682 2029 ποιεῖ
730 2019 744 2041 ,

239 2068 518 2136 μιμήσεως
569 2073 669 2118 τῶν
736 2065 927 2130 καλῶν,
976 2069 1065 2118 καὶ
1118 2065 1218 2117 ἀπὸ
1278 2070 1469 2137 μίσους
1520 2073 1620 2117 τῶν
1666 2069 1842 2137 χειρό-

793 1980 1088 2050 προτρέπων
1150 1977 1219 2038 εἰς
1296 1976 1480 2050 ἀρετὴν
1535 2018 1549 2043 ,
1629 1974 1727 2028 ἀπό
1788 1994 1843 2028 τε

239 2174 371 2211 νων,

311 2241 498 2305 Ὅστις
548 2276 617 2285 -—
670 2247 842 2302 ἔπεσε,
904 2248 1125 2306 Δικαίως
1175 2248 1346 2317 μωρόν
1402 2243 1557 2295 αὐτόν
1612 2242 1837 2296 ἐκάλεσε.

227 2336 299 2384 Τί
357 2335 460 2405 γὰρ
518 2331 851 2406 ἀνοητότερον
922 2340 1015 2385 τοῦ
1075 2334 1338 2395 κτίζοντος
1394 2332 1560 2384 οἰκίαν
1614 2331 1697 2384 ἐπὶ
1753 2335 1841 2389 τὴν

230 2422 430 2493 ἅμμον,
494 2427 584 2474 καὶ
638 2424 727 2474 τὸν
779 2425 868 2495 μὲν
920 2426 1071 2474 πόνον
1128 2424 1488 2494 ὑπομένοντος,
1544 2428 1639 2481 τῆς
1680 2416 1739 2472 δε
1770 2419 1846 2471 ἐν·

235 2511 417 2563 τεῡθεν
468 2508 801 2571 ἀπολαύσεως
867 2508 1330 2584 ἀποστερουμένου.
1391 2516 1555 2562 Τοῦτο
1606 2506 1664 2560 δὲ
1714 2507 1845 2581 βού-

239 2598 389 2651 λεται
433 2608 520 2652 νῦν
564 2600 737 2666 εἰπεῖν,
796 2602 871 2652 ὅτι
932 2606 1039 2663 Πᾶς
1089 2602 1115 2652 ὁ
1159 2602 1338 2673 μαθὼν
1368 2602 1457 2661 τὰς
1487 2598 1692 2660 ἐντολάς
1720 2618 1842 2671 μου,

242 2693 336 2741 καὶ
382 2694 454 2762 μὴ
505 2688 587 2741 ἐπὶ
648 2692 886 2754 ταύταις,
948 2691 1018 2751 ὡς
1078 2692 1161 2741 ἐπὶ
1218 2688 1428 2759 θεμελίῳ
1490 2687 1701 2761 στεῤῥῷ,
1756 2690 1845 2748 τὰς

242 2777 431 2830 ἑαυτοῦ
482 2778 694 2852 πράξεις
750 2774 1059 2850 οἰκοδομῶν,
1116 2782 1374 2843 τουτέστι,
1426 2781 1497 2848 μὴ
1564 2780 1631 2837 ὡς
1690 2775 1845 2828 αὗται

236 2874 559 2939 παραινοῦσι
602 2867 1011 2940 πολιτεύόμενος,
1066 2865 1170 2919 ἀλλ’
1214 2866 1386 2941 ἑτέραν
1417 2862 1539 2918 ὁδὸν
1580 2862 1843 2937 βαδίζων,

235 2960 412 3029 μωρός
461 2954 591 3021 ἐστι,
644 2958 812 3029 μάτην
870 2957 1097 3027 κάμνων.
1158 2959 1431 3015 Παντοίοις
1502 2957 1602 3026 ’γὰρ
1670 2972 1847 3025 πειρα-

236 3052 399 3116 σμοῖς
446 3043 496 3096 ἐν
546 3053 710 3118 καιρῷ
765 3046 1115 3119 περιστάσεως
1156 3043 1404 3103 εύάλωτος
1433 3040 1652 3113 γίνεταί.
1703 3041 1845 3094 Ἐπεὶ

1951 1890 2009 1944 et
2036 1902 2144 1959 per
2170 1888 2361 1944 zelum
2387 1890 2725 1960 prudentiae,
2754 1896 2810 1947 et
2834 1905 2940 1963 per
2964 1893 3171 1949 odium
3196 1895 3336 1950 vani
3359 1895 3603 1951 laboris.

1949 1977 2067 2032 Hoc
2105 1980 2306 2032 autem
2340 1976 2680 2049 frequenter
2715 1978 2856 2035 facit
2899 1996 2913 2034 :
2946 1980 3021 2036 ad
3063 1981 3341 2038 virtutem
3392 1982 3607 2039 adhor-

1950 2068 2103 2129 tans,
2145 2068 2203 2122 et
2241 2065 2315 2121 ab
2351 2065 2683 2123 imitatione
2725 2067 3045 2139 bonorum,
3081 2072 3137 2125 et
3181 2069 3255 2126 ab
3304 2070 3440 2128 odio
3474 2087 3607 2130 ma-

1948 2152 2167 2210 lorum.

2020 2244 2177 2298 Vers.
2210 2242 2297 2299 26.
2334 2243 2447 2310 Qui
2474 2275 2542 2285 —
2572 2246 2730 2301 Vers.
2762 2244 2849 2301 2'7.
2880 2245 3100 2303 cecidit.
3133 2247 3337 2305 Merito
3359 2250 3606 2309 stultum

1950 2330 2115 2387 illum
2138 2332 2493 2389 nominavit.
2518 2333 2669 2398 Quid
2694 2333 2856 2390 enim
2879 2335 3259 2406 insipientius
3287 2352 3357 2394 eo
3375 2339 3481 2409 qui
3501 2338 3606 2395 do-

1951 2436 2121 2475 mum
2143 2436 2316 2477 suam
2340 2437 2518 2493 super
2535 2436 2782 2478 arenam
2803 2422 3081 2490 aediﬁcat,
3100 2427 3157 2480 et
3172 2440 3311 2480 cum
3331 2425 3605 2484 laborem

1954 2509 2257 2575 sustineat,
2316 2510 2583 2581 privatur
2639 2515 2841 2567 tamen
2868 2510 3063 2568 fructu
3104 2528 3289 2584 quem
3318 2514 3457 2571 inde
3488 2516 3605 2573 col-

1952 2597 2130 2668 ligere
2159 2600 2431 2671 oportuit
2455 2601 2484 2656 Ἰ
2530 2602 2630 2656 Est
2658 2616 2800 2671 ergo
2828 2602 3227 2669 tantumdem,
3270 2619 3341 2659 ac
3372 2604 3421 2659 si
3450 2605 3608 2662 dice-

1952 2690 2040 2743 ret
2089 2705 2102 2743 :
2139 2688 2342 2744 Omnis
2380 2688 2479 2761 qui
2511 2692 2833 2762 postquam
2870 2693 3171 2763 praecepta
3210 2706 3345 2749 mea
3374 2692 3602 2761 didicit,

1954 2791 2132 2848 super
2187 2791 2258 2833 ea
2320 2777 2502 2849 quasi
2557 2792 2739 2850 super
2793 2777 3054 2834 solidum
3116 2778 3605 2851 fundamentum,

1954 2880 2095 2922 suas
2128 2865 2391 2923 actiones
2430 2879 2552 2923 non
2584 2866 2850 2938 tediﬁcat,
2882 2867 2998 2923 hoc
3027 2871 3116 2924 est
3143 2883 3266 2925 non
3297 2884 3607 2929 conversa-

1954 2957 2048 3011 tur
2071 2954 2245 3025 juxta
2279 2954 2339 3011 id
2385 2955 2551 3027 quod
2582 2955 2682 3010 illa
2712 2955 3061 3020 admonent,
3097 2956 3203 3013 sed
3233 2957 3349 3014 alia
3388 2957 3608 3016 incedit

1953 3043 2072 3112 via,
2103 3044 2317 3099 stultus
2344 3048 2433 3100 est
2462 3048 2519 3099 et
2568 3059 2723 3100 vane
2767 3043 3024 3109 laborat,
3086 3045 3203 3100 hoc
3261 3050 3370 3115 est,
3424 3047 3605 3103 variis

231 3131 295 3186 δὲ
345 3135 372 3185 ό
423 3142 651 3194 τοιοῦτος
708 3130 780 3186 δι’
826 3130 976 3184 οὐδὲν
1020 3133 1188 3204 ἕτερον
1238 3135 1562 3205 παρατρέχει
1605 3132 1701 3191 τὰς
1752 3137 1836 3182 τοῦ

1955 3132 2397 3196 tentationibus,
2433 3131 2769 3189 aﬂlictionis
2801 3137 3069 3204 tempore
3099 3132 3269 3189 facile
3299 3134 3607 3205 superabi-

224 3230 470 3295 Σωτῆρος
524 3221 741 3289 ἐντολὰς,
782 3222 812 3280 ἦ
860 3218 952 3273 διὰ
980 3225 1140 3290 μόνην
1179 3224 1267 3278 τὴν
1307 3224 1486 3277 στενὴν
1518 3223 1607 3270 καὶ
1639 3219 1847 3291 τεθλιμ,

227 3317 386 3385 μένην
415 3308 543 3364 ὁδὸν
591 3311 778 3378 αὐτῶν,
829 3313 905 3367 εἴη
947 3309 1007 3361 ἂν
1059 3310 1226 3381 ἄμμος
1258 3310 1286 3366 ἡ
1323 3305 1621 3381 φιληδονία,
1675 3306 1751 3379 ἐφ’
1782 3308 1844 3366 ἣν

232 3398 509 3473 οἰκοδομεῖ
559 3404 651 3458 τὴν
702 3400 881 3452 ἑαυτοῦ
933 3398 1220 3452 πολιτείαν.
1261 3400 1347 3450 Διό
1396 3402 1486 3449 καὶ
1547 3415 1843 3490 πειρασμοῦ

228 3488 663 3564 προσϐάλλοντος,
726 3493 905 3541 πίπτει
958 3487 1024 3547 εἰς
1088 3488 1327 3560 ἄρνησιν,
1386 3491 1457 3558 μὴ
1542 3490 1702 3557 φέρων
1740 3487 1840 3561 τὴ,

228 3584 466 3653 πικρίαν,
497 3575 583 3631 οἶα
629 3582 701 3651 μή
755 3578 1139 3649 συνειθισμένος
1185 3579 1357 3637 πόνοις
1395 3578 1484 3626 καὶ
1533 3574 1836 3647 σκληραγω.

230 3686 391 3737 γιαις.

310 3846 415 3895 Καὶ
460 3873 523 3882 --
564 3842 784 3915 μεγάλη.
842 3841 1054 3901 Πάντως
1118 3839 1337 3912 μεγάλη.
1403 3843 1503 3892 Καὶ
1582 3841 1683 3911 γὰρ
1738 3837 1831 3890 ούκ

233 3930 341 3983 ἀπὸ
395 3927 550 3993 δόξης
592 3934 875 3995 πέπτωκεν,
937 3926 1053 3982 οὐδ’
1097 3932 1196 3981 ἀπὸ
1244 3928 1487 3991 πλούτου,
1518 3932 1609 3980 καὶ
1656 3928 1832 3979 τοιαύ-

232 4038 327 4078 της
378 4018 529 4078 ἄλλης
586 4017 913 4091 ἀνθρωπίνης
965 4017 1262 4091 εύημερίας,
1312 4014 1420 4067 ἀλλ’
1475 4014 1575 4066 ἀπό
1613 4023 1705 4075 τῆς
1758 4014 1830 4075 εἰς

232 4110 464 4181 Χριστὸν
516 4126 755 4167 πιστεως.
814 4106 874 4157 Ὀ
924 4108 1014 4178 μὶν
1070 4108 1172 4179 γὰρ
1229 4104 1468 4173 ἀπιστος,
1522 4103 1579 4155 ού
1628 4119 1824 4156 πιπτει”

229 4203 398 4248 κεῖται
450 4197 553 4268 γὰρ
609 4192 701 4246 διὰ
739 4197 924 4254 παντὸς
952 4198 1000 4245 ἐν
1058 4200 1130 4262 τῷ
1187 4191 1360 4265 βόθρῳ
1408 4199 1499 4252 τῆς
1544 4190 1759 4253 πλάνης
1802 4191 1828 4242 ὁ

231 4281 290 4336 δε
336 4286 529 4344 ταύτης
567 4284 888 4357 ὑπεραρθεὶς,
941 4287 1029 4335 καὶ
1084 4279 1331 4353 ἀναχθεὶς
1383 4285 1466 4333 ἐπὶ
1521 4284 1580 4332 τὸ
1624 4289 1714 4341 τῆς
1744 4285 1828 4333 πί-

227 4390 391 4433 στεως
414 4371 568 4443 ὕψος,
602 4368 710 4424 εἶτα
736 4370 1079 4445 μετακλιθεὶς,
1112 4370 1262 4431 οὗτος
1286 4374 1482 4435 πίπτει,
1523 4375 1611 4421 καὶ
1650 4368 1831 4422 ἐκπίπ-

222 4480 299 4514 τει
330 4469 425 4521 τῆς
450 4461 662 4513 αἰωνίου
693 4461 847 4521 ζωῆς,

296 4554 403 4602 Καὶ
455 4578 524 4591 -
582 4549 767 4604 αὐτοῦ.
845 4547 997 4610 ’Ἐθος
1067 4547 1210 4600 ἐστὶν
1258 4545 1544 4621 Ἑϐραίοις,
1614 4546 1663 4599 ἐν
1719 4553 1831 4607 ταῖς

221 4638 424 4714 ἀρχαῖς
468 4637 716 4700 πολλάκις
764 4646 864 4689 τῶν
918 4634 1216 4708 διηγήσεων
1274 4635 1444 4695 ἁπλῶς
1499 4638 1695 4688 τιθέναι
1746 4638 1828 4701 τὸ,

215 4729 474 4798 Ἐγένετο.
532 4731 597 4779 Σύ
655 4724 715 4780 δέ
764 4747 854 4799 μοι
908 4728 1176 4798 θαύμασον
1228 4728 1287 4776 τό
1341 4724 1561 4797 φλὴκοον
1611 4733 1714 4776 τῶν
1778 4730 1829 4777 ὅ·

219 4817 390 4889 χλων,
426 4821 516 4868 καὶ
545 4819 603 4868 τό
628 4818 930 4889 καρτερικὸν
950 4813 999 4866 ἐν
1024 4822 1138 4876 ταῖς
1168 4812 1500 4887 ἀκροάσεσιν.
1531 4812 1705 4889 Ἀχρι
1725 4815 1831 4885 γὰρ

223 4905 595 4981 συνεπλήρωσε
671 4909 793 4967 τοὺς
866 4904 1049 4975 λόγους
1118 4911 1207 4964 τῆς
1269 4899 1640 4968 διδασκαλίας,
1698 4909 1833 4976 παρ’

222 4999 400 5065 έμενον
444 4991 610 5055 ἡδέως
664 4993 949 5054 ἀκούοντες.
1001 4992 1403 5055 Ἐξεπλήσσοντο
1450 4988 1527 5056 δὲ,
1578 4994 1647 5053 ὡς
1686 4990 1826 5043 ἐλεύ-

227 5088 367 5156 θεροι
416 5086 601 5154 φθόνου
630 5089 720 5136 καὶ
753 5087 1027 5155 πονηρίας.
1069 5080 1195 5136 Εἶτα
1240 5081 1376 5152 λέγει
1406 5084 1496 5132 καὶ
1532 5085 1626 5139 τὴν
1655 5080 1826 5133 αἰτίαν

224 5180 285 5229 τῆ
300 5194 319 5233 ς
349 5171 652 5234 ἓκπλήξεως.

299 5260 397 5313 Ἢν
464 5292 519 5300 -
569 5269 911 5335 γραμματεῖς.
967 5259 1063 5312 Ἦν
1114 5256 1386 5312 διδάσκων
1430 5261 1559 5330 μετὰ
1614 5258 1822 5333 παρῥη-

232 5353 367 5413 σίας,
421 5354 509 5402 καὶ
538 5348 596 5401 ού
627 5349 740 5421 μεθ’
789 5348 1100 5411 ὑποστολῆς,
1157 5351 1221 5408 ὡς
1277 5349 1326 5399 οἱ
1370 5353 1713 5419 Γραμματεῖς.
1761 5349 1819 5401 Ἠ

232 5434 375 5490 διότι
418 5439 463 5489 οἱ
502 5444 830 5513 Γραμματεῖς
869 5441 957 5510 μὲν
1007 5436 1077 5496 εἰς
1124 5440 1210 5487 τὸν
1257 5441 1409 5507 νόμον
1451 5456 1540 5487 και
1594 5436 1658 5496 εἰς
1708 5440 1823 5498 τούς

228 5530 499 5599 προφήτας
542 5525 777 5600 ἀνέφερον
829 5524 864 5578 ἂ
918 5522 1225 5590 ἐδίδασκον,
1280 5526 1383 5577 οἷον
1440 5526 1519 5577 ὃτι
1566 5525 1625 5578 Ὀ
1674 5529 1824 5597 νόμος

226 5613 423 5669 κελεύει
491 5612 637 5683 τάδε,
705 5619 796 5669 καὶ
854 5617 903 5669 οἱ
964 5621 1228 5690 προφῆται
1282 5609 1410 5667 τάδε
1466 5618 1639 5686 φασίν·
1689 5616 1715 5666 ό
1766 5610 1825 5668 δε

1954 3222 2066 3275 tur.
2110 3221 2254 3275 Cum
2289 3225 2491 3276 autem
2529 3220 2662 3276 talis
2702 3220 2781 3276 ob
2822 3220 2985 3276 aliud
3023 3220 3165 3275 nihil
3195 3216 3607 3292 praetermittat

1956 3306 2164 3363 salutis
2205 3312 2526 3380 praecepta,
2572 3323 2759 3380 quam
2807 3311 3052 3380 propter
3085 3307 3246 3364 viam
3287 3312 3511 3365 arctam
3546 3313 3604 3366 et

1952 3401 2291 3465 angustam,
2325 3396 2430 3452 erit
2460 3410 2602 3453 sane
2655 3411 2833 3452 arena
2872 3396 3245 3469 voluptatum
3274 3412 3464 3465 amor,
3507 3413 3603 3457 su-

1950 3499 2258 3557 perquam
2282 3500 2455 3539 suam
2480 3484 2729 3541 aediﬁcat
2757 3486 3269 3542 conversationem
3298 3501 3310 3540 :
3345 3485 3601 3557 ideoque

1947 3573 2259 3642 ingruente
2286 3575 2626 3641 tentatione,
2654 3574 2715 3629 in
2745 3574 3131 3645 negationem
3161 3574 3336 3639 cadit,
3369 3589 3492 3631 non
3521 3575 3602 3631 fe-

1942 3677 2080 3717 rens
2119 3662 2525 3727 acerbitatem,
2552 3678 2623 3719 eo
2655 3663 2820 3735 quod
2857 3663 3161 3721 laboribus
3190 3662 3472 3736 durisque
3510 3680 3601 3722 as-

1942 3749 2293 3821 peritatibus
2339 3764 2460 3805 non
2499 3750 2572 3805 sit
2603 3754 2899 3806 assuetus.

2013 3840 2174 3894 Vers.
2215 3841 2304 3895 27.
2346 3839 2425 3894 Et
2474 3869 2543 3879 —
2593 3853 2834 3908 magna.
2872 3839 3087 3908 Magna
3130 3839 3354 3912 utique.
3395 3842 3597 3913 Neque

1939 3927 2095 3983 enim
2137 3927 2215 3983 ab
2252 3928 2479 3983 honore
2528 3927 2742 3982 excidit
2771 3930 2876 3983 aut
2906 3927 3139 3994 divitiis,
3197 3943 3303 3984 seu
3334 3928 3450 3984 alia
3487 3928 3598 3985 hu-

1934 4016 2202 4089 jusmodi
2230 4016 2499 4072 humana
2526 4016 2911 4088 prosperitate
2940 4033 2954 4071 :
2983 4016 3091 4072 sed
3119 4032 3157 4074 a
3191 4015 3310 4072 ﬁde
3338 4016 3400 4073 in
3431 4016 3596 4074 Chri-

1939 4110 2119 4162 stum.
2186 4108 2334 4161 Nam
2399 4104 2503 4177 qui
2569 4104 2830 4160 inﬁdelis
2884 4107 2989 4173 est,
3048 4120 3170 4161 non
3231 4105 3406 4171 cadit,
3489 4107 3595 4162 sed

1933 4197 2091 4268 jacet
2118 4195 2353 4268 penitus
2402 4195 2462 4251 in
2497 4194 2671 4251 fovea
2710 4195 2971 4261 erroris;
3020 4196 3123 4267 qui
3174 4210 3316 4252 vero
3357 4197 3431 4252 ab
3476 4196 3593 4253 hac

1938 4289 2258 4353 extractus,
2285 4288 2340 4341 et
2362 4285 2441 4341 ad
2476 4283 2617 4340 ﬁdei
2645 4283 3017 4341 altitudinem
3042 4283 3401 4351 sublevatus,
3427 4289 3590 4358 post-

1939 4388 2012 4431 ea
2040 4376 2355 4430 revocatur
2386 4391 2399 4432 :
2432 4372 2528 4429 hic
2557 4372 2733 4438 cadit,
2764 4376 2821 4430 et
2850 4387 2887 4430 a
2929 4372 3054 4430 vita
3092 4372 3305 4430 excidit
3343 4376 3588 4433 aeterna.

2012 4552 2167 4608 Vers.
2199 4552 2287 4608 28.
2323 4551 2405 4607 Et
2435 4579 2507 4596 —
2533 4550 2745 4621 ipsius.
2798 4550 3029 4609 Habent
3054 4550 3281 4608 Hebraei
3311 4567 3420 4624 pro
3450 4567 3589 4610 con-

1941 4640 2248 4696 suetudine
2274 4640 2334 4696 in
2361 4640 2654 4713 principio
2687 4640 2943 4711 alicujus
2972 4640 3331 4696 narrationis
3361 4641 3588 4713 simpli-

1941 4728 2082 4784 citer
2110 4744 2331 4801 ponere
2388 4745 2400 4783 :
2428 4730 2507 4784 Et
2543 4730 2774 4797 factum
2814 4733 2917 4784 est.
2948 4731 3027 4783 Tu
3058 4730 3257 4784 autem
3285 4727 3584 4785 admirare

1940 4817 2085 4872 mihi
2107 4817 2415 4874 turbarum
2438 4817 2824 4873 attentionem
2850 4831 2920 4873 ac
2945 4816 3317 4873 tolerantiam
3338 4816 3399 4871 in
3421 4816 3584 4872 audi-

1940 4905 2094 4962 endo
2141 4923 2153 4962 :
2195 4922 2330 4978 quae
2373 4905 2565 4961 donec
2613 4904 3053 4977 complerentur
3106 4904 3581 4962 omnia-doctri-

1936 5009 2031 5049 nae
2096 4994 2295 5064 verba,
2372 4994 2623 5050 libenter
2692 4993 3177 5066 perseverabant.
3255 4993 3582 5066 Obstupue-

1933 5085 2073 5138 runt
2097 5097 2259 5147 vero,
2300 5087 2592 5155 tanquam
2621 5082 2699 5139 ab
2742 5082 2970 5138 invidia
3009 5098 3080 5138 ac
3115 5080 3343 5140 malitia
3381 5082 3576 5142 alieni.

1934 5170 2153 5227 Deinde
2180 5186 2431 5227 causam
2456 5185 2692 5242 quoque
2718 5170 2889 5242 ponit
2918 5170 3200 5243 stuporis.

2002 5260 2163 5315 Vers.
2196 5259 2285 5314 29.
2328 5260 2475 5316 Erat
2514 5289 2585 5301 ——
2621 5258 2861 5315 Scriba.
2908 5260 3170 5317 Docebat
3209 5274 3347 5316 cum
3392 5259 3579 5319 incre-

1930 5347 2116 5421 pandi
2137 5347 2377 5414 ﬁducia,
2411 5352 2467 5405 et
2498 5363 2621 5404 non
2651 5363 2790 5404 cum
2836 5352 3018 5415 metu,
3060 5347 3579 5421 quemadmodum

1932 5436 2170 5493 Scribae.
2208 5436 2323 5502 Vel,
2358 5437 2499 5509 quia
2530 5436 2749 5493 Scriba;
2788 5452 2825 5494 a
2851 5436 2984 5508 lege
3031 5441 3087 5493 et
3114 5435 3419 5508 prophetis
3450 5452 3581 5508 pro-

1929 5524 2194 5582 ferebant
2222 5540 2295 5582 ea
2334 5542 2472 5599 quae
2512 5526 2829 5593 docebant,
2870 5528 3070 5599 utpote
3101 5524 3362 5579 dicentes
3399 5542 3412 5581 :
3446 5528 3581 5584 Haec

1929 5614 2103 5671 Jubet
2139 5614 2234 5670 lex
2275 5632 2288 5671 :
2336 5615 2450 5673 ista
2490 5614 2696 5673 dicunt
2723 5613 3028 5688 prophetae
3060 5629 3076 5680 ;
3124 5610 3392 5668 Christus
3438 5627 3581 5671 vero
