4206 6310
548 319 655 375 279

1847 304 2204 362 EUTHYMII
2241 303 2569 363 ZIGABENI

3801 310 3916 368 280

551 446 800 516 accepta
845 457 884 499 a
927 439 1129 511 seipso
1183 433 1550 499 auctoritate,
1590 430 1866 499 docebat,
1897 446 1969 487 ac
2002 430 2198 500 legem

2320 435 2534 507 Χριστὸς
2593 433 2678 507 ἀφ’
2737 434 2939 506 ἑαυτοῦ,
2994 437 3110 488 κατ’
3182 435 3419 500 ἐξουσίαν
3475 431 3745 502 ἐδίδασκε,
3811 441 3911 490 καὶ

551 533 792 601 ferebat,
852 533 907 588 et
965 527 1247 586 continue
1307 523 1568 580 addebat
1601 537 1614 575 :
1647 522 1775 592 Ego
1827 525 2018 577 autem
2073 520 2197 575 dico

552 623 734 687 vobis,
768 624 826 677 et
847 624 1140 690 tanquam
1172 614 1352 672 futuri
1377 612 1562 685 judex
1589 609 1804 675 saeculi,
1855 609 2032 665 bonis
2071 608 2199 681 qui-

550 712 690 768 dem
702 708 1084 783 promittebat
1094 700 1553 772 salutem,malis
1564 714 1702 756 vero
1715 697 2200 755 comminabatur

550 799 915 874 supplicium
927 838 942 854 .

1011 883 1164 942 CAP.
1198 882 1290 938 VI.
1321 879 1407 936 De
1438 878 1692 949 leproso.

619 977 772 1034 CAP.
821 975 972 1031 VIII.
1036 975 1201 1028 Vers.
1262 971 1314 1026 1.
1375 969 1519 1025 Cum
1571 972 1768 1024 autem
1824 963 2201 1022 descendisset

548 1068 857 1124 —multw.
885 1058 1436 1121 Adoctrinatransit
1452 1057 1528 1114 ad
1546 1056 1854 1113 miracula.
1872 1054 2022 1121 Quia
2040 1053 2200 1110 enim

546 1163 839 1229 tanquam
868 1151 1278 1210 auctoritatem
1317 1147 1549 1203 habens
1592 1145 1868 1210 docebat,
1914 1159 1989 1199 ne
2015 1143 2201 1215 jacta-

546 1244 793 1302 bundus
817 1257 946 1298 esse
969 1243 1209 1313 putetur
1233 1240 1290 1293 et
1314 1251 1623 1302 arrogans,
1651 1233 1932 1306 operibus
1957 1245 2201 1304 quoque

550 1349 727 1391 suam
775 1330 1031 1390 ostendit
1069 1329 1444 1400 potestatem,
1497 1328 1554 1380 et
1601 1337 1908 1379 sermones
1964 1336 2027 1376 re
2069 1321 2202 1393 ipsa

549 1422 885 1482 conﬁrmat-
935 1417 1256 1476 Considera
1281 1415 1461 1472 etiam
1503 1413 1816 1470 turbarum
1846 1409 2201 1466 benevolen-

548 1500 693 1569 tiam
720 1528 733 1568 :
765 1510 878 1582 ipsi
922 1506 1216 1581 siquidem
1243 1504 1574 1561 doctrinam
1605 1501 1926 1557 sublimem
1961 1499 2063 1571 (ee)
2097 1513 2200 1555 au-

546 1601 714 1659 ribus
744 1596 1149 1672 percipiebant
1179 1598 1233 1651 et
1263 1591 1730 1655 admirabantur,
1771 1587 2096 1645 credebant
2128 1602 2199 1642 ac

547 1689 976 1765 sequebantur.
1018 1685 1323 1756 Principes
1351 1685 1551 1739 autem
1583 1681 1854 1752 ipsorum
1886 1681 1945 1734 et
1979 1677 2199 1734 Scribis

2311 521 2616 595 ἐνομοθέτει,
2646 529 2735 577 καὶ
2767 535 3002 597 συνεχῶς
3047 528 3344 598 προσετίθει
3389 528 3467 576 τό·
3526 523 3661 596 Ἐγὼ
3693 526 3810 598 (63)
3845 523 3914 579 δε

2309 609 2440 683 λέγω
2476 613 2615 683 ὑμῖν⁹
2667 618 2756 665 καὶ
2802 616 2871 674 ὡς
2904 619 3089 688 κριτὴς
3118 622 3209 667 τοῦ
3255 615 3515 688 μέλλοντος
3545 616 3746 681 αἰῶνος,
3795 621 3911 676 τοῖς

2311 703 2402 772 μεν
2437 700 2651 771 ἀγαθοῖς
2697 702 3031 775 ἐπηγγέλλετο
3085 709 3360 779 σωτηρίαν·
3408 713 3513 766 τοίς
3543 711 3789 778 πονηροῖς
3844 700 3913 757 δε

2312 791 2342 848 ἡ
2354 789 2508 842 πείλει
2545 789 2778 849 κόλασιν.

2705 887 2856 939 ΚΕΦ.
2895 903 2958 946 ς’.
2995 885 3119 956 Περὶ
3165 887 3257 935 τοῦ
3303 881 3512 958 λεπροῦ.

2387 968 2683 1022 Καταϐάντι
2727 967 2786 1023 δε
2837 969 2977 1041 αύτῷ
3033 1002 3100 1012 -
3154 970 3356 1028 πολλοί.
3407 970 3542 1025 Ἀπὸ
3601 977 3697 1033 τῆς
3749 965 3913 1023 διδα-

2317 1056 2549 1122 σκαλίας,
2612 1056 2696 1112 ἐπὶ
2749 1061 2816 1111 τὰ
2873 1061 3116 1131 θαύματα
3185 1059 3495 1133 μεταϐαίνει.
3564 1058 3706 1113 Ἐπεὶ
3777 1057 3908 1132 γὰρ,

2314 1146 2384 1205 ὡς
2439 1145 2672 1209 ἐξουσίαν
2725 1151 2860 1220 ἔχων
2905 1145 3204 1215 ἐδίδασκεν,
3259 1149 3342 1201 ἳνα
3395 1152 3466 1220 μὴ
3520 1149 3742 1220 νομισθῇ
3778 1167 3911 1220 κομ·

2312 1237 2496 1298 ποίζειν
2557 1241 2646 1288 καὶ
2703 1235 3122 1305 ἀλαζονεύεσθαι,
3188 1234 3421 1290 δείκνυσι
3497 1241 3591 1296 τὴν
3665 1235 3911 1300 ἐξουσίαν

2314 1323 2471 1376 αὐτοῦ
2513 1329 2603 1377 καὶ
2655 1324 2700 1377 ἐν
2755 1333 2860 1386 τοῖς
2915 1329 3108 1399 ἔργοις,
3147 1331 3237 1379 καὶ
3288 1325 3496 1399 βεϐαιοῖ
3549 1329 3671 1386 τοὺς
3720 1325 3912 1396 λόγους

2313 1411 2414 1465 ἀπὸ
2466 1423 2563 1466 τῶν
2630 1414 2878 1489 πράξεων.
2935 1420 3118 1469 Σκόπει
3174 1413 3232 1468 δε
3293 1420 3383 1468 καὶ
3429 1419 3522 1474 τὴν
3579 1422 3678 1467 τῶν
3734 1414 3912 1486 ὄχλων

2313 1501 2727 1575 εὐγνωμοσύνην,
2769 1505 2847 1556 ὅτι
2884 1505 3033 1557 αὐτοὶ
3081 1508 3188 1576 μὲν,
3251 1504 3432 1575 ψιλούς
3477 1504 3663 1574 λόγους
3718 1504 3913 1562 ἠνωτι-

2315 1593 2547 1663 σάμενοι,
2579 1597 2668 1645 καὶ
2716 1591 3014 1665 ἐθαύμασαν
3059 1598 3148 1645 καὶ
3203 1591 3520 1650 ἐπείσθησαν
3568 1597 3657 1644 καὶ
3689 1591 3913 1650 ἠκολού-

2317 1683 2502 1739 θησαν·
2536 1683 2584 1734 οἱ
2639 1683 2891 1753 ἄρχοντες
2941 1678 3000 1734 δὲ
3039 1682 3205 1735 αὐτῶν
3233 1686 3324 1734 καὶ
3355 1684 3404 1734 οἱ
3458 1688 3786 1755 Γραμματεῖς
3821 1686 3918 1734 καὶ

547 1775 1070 1853 promulgantibus
1089 1787 1332 1846 quoque
1355 1771 1630 1827 virtutem
1645 1767 1771 1840 ejus
1789 1767 1994 1838 signis,
2016 1765 2201 1822 offen-

2320 1777 2408 1821 τῶν
2439 1774 2662 1843 σημείων
2689 1770 3138 1845 ἀνακηρυττόντων
3164 1775 3257 1829 τὴν
3279 1770 3436 1823 αὐτοῦ
3458 1767 3700 1842 δύναμιν,
3727 1769 3918 1822 ἐσκαν-

548 1869 840 1926 debantur
865 1881 935 1923 ac
960 1862 1367 1920 irritabantur.

613 1956 785 2022 ,Vers.
815 1957 870 2011 2.
909 1953 989 2008 Et
1033 1966 1162 2008 ecce
1212 1979 1282 1990 —
1342 1946 1656 2004 mundare.
1715 1947 1846 2001 Non
1891 1943 2033 2000 dixit
2086 1961 2100 1999 :
2144 1944 2200 2002 Si

551 2045 742 2100 Deum
764 2038 1132 2096 invocaveris
1163 2055 1176 2096 :
1214 2035 1343 2100 sed,
1374 2034 1434 2089 Si
1457 2034 1558 2098 vis,
1583 2033 1747 2105 quod
1778 2034 2201 2102 argumentum

552 2135 639 2190 est
658 2129 1006 2187 indubitatae
1018 2126 1176 2182 ﬁdei.
1205 2125 1351 2180 Cum
1375 2123 1537 2180 enim
1553 2122 1819 2179 audisset
1837 2121 1911 2178 de
1931 2121 2204 2178 doctrina

555 2237 628 2280 ac
661 2218 928 2294 potentia
967 2216 1114 2288 ejus,
1165 2213 1415 2270 credidit
1455 2213 1644 2268 Deum
1679 2226 1810 2268 esse
1855 2210 1963 2282 qui
1999 2210 2205 2267 omnia

551 2312 771 2386 posset.
827 2305 959 2363 ldeo
1015 2303 1195 2360 etiam
1253 2317 1392 2357 cum
1447 2300 1674 2356 fervore
1726 2299 1998 2356 accessit.
2055 2301 2204 2356 Nam

551 2397 716 2473 quod
740 2394 1085 2468 simpliciter
1126 2391 1268 2449 dixit
1304 2389 1616 2447 Matthaaus
1649 2405 1662 2444 :
1705 2388 2037 2454 Adorabat,
2077 2403 2203 2444 ma-

552 2487 823 2547 nifestius
852 2485 930 2542 ait
953 2484 1184 2541 Marcus
1219 2497 1231 2537 :
1267 2480 1516 2538 Genibus
1545 2481 1894 2552 provolutus
1917 2480 1984 2534 ‘3.
2019 2480 2206 2536 Lucas

552 2593 693 2635 vero
719 2575 1008 2639 similiter,
1047 2571 1214 2645 quod
1240 2570 1499 2642 procidit
1521 2569 1585 2626 in
1613 2569 1824 2641 faciem
1853 2573 1908 2626 et
1933 2568 2207 2639 depreca-

562 2668 741 2725 batur
769 2663 1032 2735 ipsum".

629 2755 798 2808 Vers.
830 2753 883 2806 3.
915 2751 996 2806 Et
1029 2777 1099 2792 —-
1139 2749 1309 2818 lepra
1349 2749 1497 2818 ejus.
1541 2746 1756 2803 Volens
1796 2761 1944 2803 sane
1991 2746 2212 2819 leprosi

561 2840 919 2898 conﬁrmare
962 2835 1277 2909 judicium,
1322 2837 1483 2908 quod
1529 2837 1686 2891 recte
1733 2835 2014 2908 opinatus
2061 2839 2213 2892 esset

560 2930 758 3002 ipsum
804 2943 934 2984 esse
979 2926 1168 2981 Deum
1220 2923 1715 2995 omnipotentem,
1761 2923 2071 2996 turbisque
2117 2939 2213 2980 os-

561 3017 803 3076 tendere
827 3013 1159 3089 potentiam
1189 3028 1385 3078 suam,
1416 3012 1570 3068 sicut
1590 3011 1874 3082 diximus,
1902 3013 2016 3068 ait:
2059 3013 2210 3078 Volo.

2314 1855 2349 1911 δ
2353 1858 2588 1920 αλίζοντο
2618 1865 2708 1912 καὶ
2733 1861 3020 1934 ἠγρίαινον.

2385 1952 2486 2000 Καὶ
2526 1945 2642 2000 ἰδού
2677 1979 2738 1989 -
2775 1950 3086 2020 καθαρίσαι.
3149 1947 3259 2000 Οὐκ
3307 1946 3462 2012 εἶπεν,
3512 1947 3628 2000 Ἐὰν
3672 1965 3919 2021 παρακα-

2311 2033 2465 2107 λέσης
2517 2039 2602 2088 τὸν
2659 2039 2787 2089 Θεὸν
2846 2035 2972 2106 ἀλλ’,
3028 2035 3140 2089 Ἐὰν
3216 2035 3382 2107 θέλῃς,
3439 2036 3561 2108 ὅπερ
3639 2031 3920 2098 ἀπόδειξίς

2315 2122 2453 2175 ἐστιν
2499 2121 2820 2177 ἁδιστοίκτου
2870 2129 3116 2186 πίστεως,
3177 2126 3368 2178 Μαθὼν
3398 2126 3499 2198 γὰρ
3548 2127 3666 2196 περὶ
3697 2132 3791 2184 τῆς
3826 2120 3918 2176 δι-

2317 2209 2611 2276 δασκαλίας
2645 2217 2732 2266 καὶ
2762 2210 3030 2286 δυνάμεως
3061 2213 3238 2279 αὐτοῦ,
3287 2212 3612 2281 ἐπίστευσεν,
3661 2211 3742 2264 ὃτι
3782 2215 3919 2274 Θεὸς

2315 2300 2460 2362 οὗτός
2513 2301 2625 2354 ἐστι
2676 2299 3092 2375 παντοδύναμος.
3147 2304 3233 2354 Διὸ
3288 2306 3378 2353 καὶ
3419 2302 3551 2372 μετὰ
3590 2302 3916 2374 θερμότητος

2315 2391 2630 2464 προσῆλθεν.
2690 2392 2748 2444 Ὀ
2804 2395 2892 2464 μεν
2939 2395 3038 2465 γὰρ
3093 2393 3357 2450 Ματθαῖος
3413 2389 3588 2450 ἁπλῶς
3627 2385 3781 2454 εἶπεν,
3835 2392 3919 2443 ὅτι

2319 2483 2649 2556 Προσεκύνει·
2682 2482 2707 2532 ὁ
2747 2477 2806 2533 δὲ
2835 2482 3061 2553 Μάρκος,
3096 2484 3462 2553 φανερώτερον,
3514 2479 3592 2530 ὅτι
3619 2487 3916 2548 γονυπετῶν

2318 2571 2400 2628 ἧνο
2423 2574 2513 2622 καὶ
2544 2572 2569 2621 ό
2599 2575 2800 2631 Λουκᾶς
2830 2565 2908 2633 δὲ,
2953 2570 3158 2642 ὁμοίως,
3186 2569 3264 2620 ὅτι
3293 2571 3468 2621 Πεσὼν
3499 2564 3584 2620 ἐπὶ
3635 2570 3916 2645 πρόσωπον

2320 2655 2504 2718 ἐδεήθη
2537 2659 2718 2715 αὑτοῦ.

2389 2753 2491 2801 Καὶ
2547 2777 2614 2790 —-
2671 2749 2830 2800 αὐτοῦ
2887 2751 2916 2807 ἡ
2975 2749 3156 2822 λέπρα.
3226 2748 3530 2820 Βουλόμενος
3614 2747 3913 2801 ἕπιϐεϐαιῶ-

2321 2855 2412 2888 σαι
2463 2839 2550 2908 μεν
2602 2841 2692 2889 καὶ
2739 2843 2830 2888 τοῦ
2877 2836 3064 2910 λεπροῦ
3110 2843 3203 2895 τὴν
3255 2833 3562 2908 διάγνωσιν,
3613 2835 3689 2889 ὃτι
3741 2833 3908 2909 ὀρθῶς

2320 2924 2587 2989 ὑπέλαϐεν,
2643 2922 2771 2978 εἶναι
2810 2925 2962 2978 αὐτὸν
3029 2929 3157 2979 Θεὸν
3215 2928 3386 2979 πάντα
3451 2922 3748 2998 δυνάμενον·
3800 2927 3906 2976 επι-

2323 3011 2492 3077 δεῖξαι
2523 3011 2581 3066 δὲ
2617 3019 2708 3066 καὶ
2749 3022 2857 3076 τοὶς
2904 3013 3086 3086 ὄχλοις
3116 3019 3209 3073 τὴν
3259 3014 3496 3078 ἐξουσίαν
3532 3015 3715 3084 αὐτοῦ,
3745 3016 3914 3074 καθὼς

560 3107 867 3165 mundare.
895 3105 997 3162 Hic
1021 3107 1224 3161 autem
1269 3123 1282 3158 :
1319 3103 1480 3169 Volo,
1515 3101 1896 3174 benignitatis
1922 3102 2209 3160 indicium

2324 3102 2618 3178 εἰρήκαμεν,
2650 3099 2777 3172 εἶπε,
2831 3103 2987 3170 Θέλω,
3015 3105 3388 3178 καθαρίσθητι.
3421 3103 3674 3158 Ἐνταῦθα
3722 3099 3802 3171 δὲ,
3855 3105 3913 3154 τὸ

563 3199 694 3265 est;
723 3196 1026 3255 Mundare
1052 3208 1190 3252 vero
1223 3191 1527 3267 potentiae.

635 3377 783 3433 Cum
811 3377 1013 3433 autem
1041 3373 1204 3430 hunc
1231 3371 1413 3429 verbo
1451 3374 1712 3441 sanaret,
1752 3386 1938 3444 quam
1969 3373 2048 3429 ob
2079 3387 2213 3430 cau-

564 3479 694 3522 sam
726 3479 914 3521 manu
942 3478 1186 3536 quoque
1215 3464 1453 3518 extenta
1489 3460 1677 3531 tetigit
1707 3475 1845 3516 eum
1875 3461 1904 3516 γ
1945 3460 2093 3527 Quia
2121 3460 2216 3516 lex

563 3556 690 3610 erat
703 3567 832 3623 quas
843 3551 1141 3622 leprosum
1157 3553 1401 3620 tangere
1414 3547 2012 3620 prohibebat.Volens
2024 3552 2216 3604 autem

567 3640 830 3697 Christus
841 3637 1147 3696 ostendere
1163 3636 1326 3712 quod
1346 3639 1636 3708 tanquam
1655 3636 1810 3692 Deus
1827 3651 2010 3710 supra
2024 3637 2214 3709 legem

566 3734 723 3787 esset
762 3729 928 3800 (nam
966 3728 1096 3784 haec
1139 3726 1424 3797 adversus
1460 3724 1660 3782 nudos
1687 3724 1963 3783 homines
2000 3730 2217 3784 statuta

565 3818 733 3892 erat),
776 3817 1056 3876 audacter
1095 3816 1302 3888 tetigit,
1348 3831 1459 3872 nec
1505 3815 1662 3872 ullus
1701 3829 1732 3872 e
1775 3815 1952 3874 turba
1987 3820 2215 3874 contra-

563 3908 730 3969 dixit.
754 3909 834 3964 Ex
862 3905 1188 3979 praamissis
1219 3906 1380 3964 enim
1410 3905 1552 3962 certi
1581 3908 1768 3972 erant,
1799 3904 1967 3978 quod
2011 3905 2218 3963 omnia

564 3997 827 4068 legitime
873 3995 1111 4052 faceret.
1154 3993 1343 4052 Simul
1385 3993 1562 4049 etiam
1611 3993 1885 4059 docebat,
1918 4009 2041 4050 non
2071 3994 2218 4051 abo-

567 4082 921 4143 minandam
965 4096 1099 4137 esse
1147 4079 1520 4153 corporalem
1573 4079 1805 4150 lepram
1855 4096 2064 4136 eorum
2114 4082 2218 4153 qui

567 4172 840 4244 ejusdem
853 4168 1258 4238 suntgeneris.
1275 4167 1474 4224 Solam
1488 4181 1751 4237 namque
1762 4166 1987 4240 lepram
2002 4169 2219 4224 animae

569 4257 847 4317 convenit
873 4255 1186 4322 exsecrari,
1219 4271 1357 4329 quas
1388 4259 1475 4310 est
1498 4259 1831 4328 peccatum.
1863 4258 1990 4311 Non
2021 4257 2219 4314 solum

572 4347 734 4425 enim
757 4359 976 4402 manus
1005 4344 1194 4416 ipsius
1220 4344 1622 4416 impuritatem
1645 4359 1768 4400 non
1809 4345 2104 4401 contraxit
2142 4346 2218 4403 ad

571 4437 915 4494 contactum
981 4433 1247 4505 corporis
1309 4431 1552 4505 leprosi,
1620 4433 1768 4506 quin
1822 4433 2018 4506 potius
2073 4434 2215 4490 illud

571 4521 938 4583 emundavit.
956 4521 1106 4588 Quia
1118 4521 1295 4592 igitur
1309 4521 1750 4595 pulchritudine
1767 4523 1985 4578 animae
2003 4529 2220 4580 nostris

569 4615 738 4686 lepra
756 4611 984 4669 deletur
1000 4609 1229 4683 peccati
1247 4610 1374 4683 (ff),
1398 4609 1757 4668 accedamus
1782 4610 1861 4667 ad
1881 4626 2221 4670 sermonem

567 4703 1005 4778 praeceptorum
1049 4698 1275 4767 Christi,
1318 4703 1384 4758 ut
1426 4705 1750 4773 postquam
1787 4715 1902 4757 nos
1947 4700 2218 4772 tetigerit,

570 4793 766 4868 ipsam
805 4790 1115 4848 emundet.

641 4882 802 4938 Vers.
850 4881 903 4937 3.
943 4881 1024 4937 Et
1059 4908 1130 4924 -
1165 4878 1400 4937 dixeris.
1455 4879 1732 4952 Praecepit
1778 4882 1841 4936 ut
1897 4882 2130 4945 taceret,
2167 4883 2223 4937 et

573 4973 701 5043 ipse
719 4969 958 5029 laudem
971 4969 1205 5042 fugiens
1228 4967 1394 5042 apud
1414 4967 1708 5035 homines,
1729 4970 1785 5025 et
1805 4983 1906 5025 eos
1923 4968 2220 5026 instruens

646 5120 693 5156 “
729 5121 902 5177 Marc.
930 5124 950 5176 ‘1
980 5121 1067 5186 40,
1143 5120 1190 5156 ⁸⁸
1231 5121 1366 5177 Luc.
1393 5134 1454 5188 γ,
1493 5121 1581 5176 12.

2325 3193 2434 3264 μὲν,
2465 3190 2626 3259 Θέλω,
2650 3191 3030 3266 φιλανθρωπίας
3057 3190 3194 3245 ἐστὶν
3229 3189 3511 3255 ἀπόδειξις·
3537 3195 3594 3245 τὸ
3629 3188 3708 3258 δε,
3743 3192 3919 3245 Καθα-

2323 3281 2559 3354 ρίσθητι,
2585 3277 2873 3352 δυνάμεως.

2398 3373 2498 3422 Καὶ
2536 3367 2642 3422 ἐπεὶ
2688 3367 2825 3441 λόγῳ
2881 3369 3066 3422 ἰάσατο
3117 3376 3317 3438 τοῦτον,
3369 3373 3500 3430 τίνος
3555 3370 3714 3422 ἕνεκεν
3764 3367 3924 3421 ἐκτεί-

2323 3477 2414 3518 νας
2459 3460 2550 3514 τὴν
2597 3464 2756 3532 χεῖρα
2802 3457 2974 3528 ἥψατο
3021 3457 3231 3524 αὐτοῦς
3287 3461 3429 3510 Διότι
3475 3460 3630 3530 νόμος
3677 3456 3764 3525 ἧν,
3822 3476 3923 3508 κω-

2323 3544 2454 3597 λύων
2489 3545 2746 3599 ἅπτεσθαι
2783 3545 2990 3619 λεπροῦ.
3035 3545 3205 3610 Δεῖξαι
3259 3543 3318 3599 δε
3352 3544 3657 3618 βουλόμενος
3703 3546 3730 3597 ὁ
3791 3553 3922 3618 Χρι-

2327 3637 2466 3699 στὸς,
2519 3636 2596 3687 ὅτι
2642 3637 2706 3695 ὡς
2739 3639 2864 3695 Θεὸς
2920 3637 3217 3708 ὑπέρκειται
3262 3643 3353 3687 τοῦ
3404 3639 3582 3707 νόμου·
3638 3637 3773 3687 κατὰ
3817 3635 3920 3705 γὰρ

2323 3732 2422 3776 τῶν
2460 3723 2624 3795 ψιλῶν
2677 3723 2956 3798 ἀνθρώπων
3010 3724 3154 3784 οὗτος
3200 3726 3584 3796 νενομοθέτητο⁶
3629 3721 3922 3797 θαρῥαλέως

2325 3813 2520 3884 ἥψατο,
2559 3817 2648 3865 καὶ
2680 3809 2853 3874 οὐδεὶς
2898 3811 3126 3865 ἀντεῖπεν
3163 3811 3266 3866 ἀπὸ
3319 3821 3418 3864 τῶν
3467 3816 3637 3883 ὄχλων
3666 3829 3678 3842 ·
3729 3810 3928 3869 πεπλη-

2323 3907 2609 3976 ροφόρηντο
2664 3905 2762 3976 γὰρ
2817 3901 2870 3954 ἐκ
2917 3911 3015 3954 τῶν
3055 3901 3432 3974 προλαϐόντων,
3482 3903 3563 3954 ὅτι
3605 3903 3740 3953 κατὰ
3769 3901 3925 3972 λόγον

2324 3994 2494 4045 πάντα
2530 3999 2685 4060 ποιεῖ,
2729 3996 2818 4044 καὶ
2866 3991 2976 4064 ἅμα
3005 3987 3236 4057 ἐδίδαξε,
3278 3995 3349 4063 μὴ
3406 3987 3788 4064 βδελύττεσθαι
3830 3994 3927 4047 τὴν

2329 4084 2632 4151 σωματικὴν
2686 4079 2873 4155 λέπραν
2921 4088 3020 4132 τῶν
3076 4080 3362 4152 ὁμοφύλων.
3418 4083 3531 4150 Χρὴ
3604 4080 3703 4151 γὰρ
3760 4081 3925 4148 μόνην

2329 4166 2600 4238 φοϐεῖσθαι
2645 4171 2738 4226 τὴν
2787 4169 2898 4240 (64)
2947 4168 3205 4240 ψυχικὴν,
3255 4171 3367 4228 ἣτις
3417 4166 3557 4219 ἐστὶν
3605 4169 3635 4224 ἡ
3673 4166 3923 4240 ἁμαρτία.

2332 4261 2432 4308 Καὶ
2472 4258 2573 4330 γὰρ
2623 4256 2681 4308 ού
2729 4261 2880 4328 μόνον
2933 4257 2990 4309 ού
3048 4255 3316 4329 μετελαϐε)
3363 4254 3687 4330 ἀκαθαρσίας
3719 4257 3750 4313 ἡ
3808 4257 3924 4307 τού-

2329 4363 2420 4396 του
2468 4349 2610 4416 χεὶρ,
2665 4343 2901 4418 ἁψαμένη
2955 4353 3047 4398 τοῦ
3089 4346 3277 4418 λεπροῦ
3337 4351 3598 4417 σώματος,
3651 4342 3778 4395 ἀλλὰ
3834 4347 3924 4395 καὶ

2329 4432 2517 4507 μᾶλλον
2566 4431 2843 4506 ἐκαθάρισε
2872 4441 3046 4490 τοῦτο.
3107 4434 3243 4486 Ἐπεὶ
3293 4437 3461 4485 τοίνυν
3505 4437 3595 4484 καὶ
3641 4439 3713 4502 τῷ
3751 4431 3923 4484 κάλλει

2329 4531 2422 4583 τῆς
2449 4520 2635 4594 ψυχῆς
2687 4524 2832 4595 ἡμῶν
2879 4525 2908 4582 ἠ
2958 4523 3121 4597 λέπρα
3175 4531 3271 4584 τῆς
3319 4521 3577 4596 ἁμαρτίας
3617 4519 3922 4592 ἐλυμήνατο,

2329 4612 2689 4685 προσέλθωμεν
2732 4619 2804 4681 τῷ
2834 4611 2968 4683 λόγῳ
3016 4619 3115 4664 τῶν
3145 4609 3356 4662 ἐντολῶν
3386 4618 3478 4662 τοῦ
3533 4615 3787 4684 Χριστοῦ,
3839 4611 3922 4660 καὶ

2331 4700 2591 4773 ἁψάμενος
2611 4703 2640 4760 ἠ
2648 4709 2755 4774 μῶν
2785 4702 3057 4774 καθαρίσει
3086 4702 3299 4757 ταύτην.
3733 4705 3740 4712 ‘

2406 4883 2504 4932 Καὶ
2541 4908 2610 4921 -—
2657 4881 2822 4951 εἴπης.
2872 4876 3219 4951 Παρήγγειλεν
3259 4876 3399 4948 αὐτῷ
3455 4880 3628 4947 σιγᾷν⁹
3671 4872 3821 4935 αὐτός
3871 4892 3926 4926 τε

2334 4971 2532 5040 φεύγων
2584 4971 2670 5020 τὸν
2715 4969 2859 5042 παρὰ
2909 4975 3008 5020 τῶν
3064 4965 3343 5040 ἀνθρώπων
3397 4967 3622 5033 ἔπαινον,
3679 4967 3769 5016 καὶ
3811 4982 3928 5016 παι-

1849 5216 2070 5285 Variaa
2094 5216 2423 5286 lectiones
2460 5225 2520 5285 el
2549 5223 2751 5284 notae.

644 5387 760 5459 (63)
795 5383 872 5456 δέ,
912 5383 1128 5442 omittit
1160 5387 1225 5440 A.

641 5535 744 5610 (ce)
772 5532 1465 5610 Qoqtringmsublimem.
1498 5533 1634 5610 Sola
1665 5535 1869 5592 verba.

643 5605 749 5684 (ff)
774 5605 1225 5665 Pulchritudine
1240 5634 1309 5646 —
1316 5605 1557 5676 peccati.
1578 5605 1724 5662 Cum
1742 5622 1883 5678 ergo
1899 5606 2222 5679 pulchriut-

2408 5387 2522 5458 (64)
2562 5386 2650 5442 Ita
2679 5385 2928 5454 correxi,
2961 5382 3091 5442 loco
3120 5384 3327 5458 ψυχήν.

2329 5535 2703 5664 giniitnentis
2756 5538 2972 5592 nostrae
3025 5532 3189 5608 lepra
3234 5533 3457 5612 peccati
3506 5533 3936 5592 detrimentosa

2357 5623 2488 5664 ueri
2521 5647 2534 5663 .

2357 5623 2534 5664 uerlt.
