4206 6310
316 348 421 403 281

324 471 485 526 δεύων
568 477 686 533 τοὺς
764 473 1175 547 εὐεργετοῦντας,
1248 481 1419 546 μισεῖν
1493 475 1553 525 τό
1625 471 1910 543 φιλότιμον*
1946 472 1991 526 Α

324 568 492 615 καίτοι
546 570 724 634 σαφῶς
777 562 1072 634 ἐγίνωσκεν,
1124 564 1204 615 ὅτι
1260 563 1318 615 ού
1364 568 1597 634 σιγήσει,
1647 560 1775 613 ἀλλὰ
1825 565 1914 613 καὶ

324 660 517 724 τρανῶς
576 650 886 725 ἀνακηρύξει
950 656 1035 704 τὸν
1102 652 1389 725 εὐεργέτην
1477 653 1609 720 ὅμως
1694 654 1753 702 τό
1843 650 1915 700 οἰ-

322 748 453 792 κεῖον
513 747 655 793 ποιεῖ
702 740 793 792 καί
846 740 1214 814 παραγγεῧλει.
1244 745 1356 814 Χρή
1411 742 1512 811 γὰρ
1547 743 1634 791 τὸν
1659 742 1748 810 μὲν
1775 738 1915 811 εὐερ-

317 835 567 899 γετοῦντα
660 829 1033 904 παραγγέλλειν
1119 834 1292 900 σιγᾷν,
1385 824 1479 881 δ’ιά
1543 828 1915 900 μετριοφροσύ-

313 933 426 974 νην·
451 920 539 970 τὸν
570 914 631 971 ὁὶ
659 918 1078 993 εὐεργετούμενον
1114 921 1387 993 κηρύττειν
1419 915 1492 970 ὁι⁹
1522 916 1914 988 εὐγνωμοσύνην

314 1004 456 1078 (65).

391 1181 528 1236 Ἀλλ’
593 1210 662 1227 -ι
717 1187 965 1243 Μωῦσῆς.
1028 1180 1277 1235 Ἐκέλευεν
1320 1184 1345 1235 ό
1394 1185 1569 1255 νόμος,
1626 1185 1713 1234 τόν
1754 1182 1915 1234 καθα-

310 1272 571 1345 ρισθέντα
616 1270 797 1345 λεπρόν
842 1275 913 1343 μὴ
947 1277 1051 1331 τοῖς
1097 1270 1281 1323 ἑάυτοῦ
1319 1274 1579 1323 πιστεύειν
1611 1270 1911 1342 ὀφθαλμοῖς,

312 1358 449 1411 ἀλλὰ
476 1366 587 1421 τοῖς
616 1366 707 1411 τοῦ
742 1360 906 1430 ἱερέως
930 1358 1193 1412 ἀναθεῖναι
1212 1363 1306 1417 τὴν
1334 1364 1510 1432 κρίσιν
1539 1366 1631 1410 τοῦ
1659 1361 1914 1430 καθαρισ-

313 1455 439 1520 μοῦ,
474 1447 566 1499 καί
594 1452 665 1519 μὴ
697 1449 944 1522 πρότερον
971 1446 1285 1521 ἀναμιγῆναι
1329 1455 1438 1510 τοῖς
1475 1450 1743 1519 καθαροῖς,
1778 1449 1911 1519 εἰμὴ

316 1537 614 1609 ἐμφανισθῇ
646 1540 830 1608 τούτῳ,
876 1537 966 1589 καί
997 1539 1140 1609 παρά
1182 1540 1367 1589 τούτου
1396 1537 1616 1609 λογισθῇ
1654 1539 1907 1610 καθαρός’

320 1622 435 1677 εἶτα
490 1626 772 1699 προσάγειν
825 1620 993 1697 δῶρον
1036 1627 1162 1697 ὑπὲρ
1214 1624 1514 1697 ἐξιλασμοῦ,
1568 1627 1735 1684 καθὼς
1770 1623 1817 1675 ἐν
1849 1631 1910 1695 τῇ

326 1712 492 1785 βίϐλῳ
544 1721 636 1765 τοῦ
675 1720 950 1766 Λευίτικοῦ
992 1718 1303 1786 γέγραπται.
1357 1721 1471 1776 Πῶς
1519 1711 1605 1766 οὖν
1636 1710 1791 1777 εἶπεν,
1833 1714 1915 1764 ὃτι

321 1810 388 1856 '0
413 1804 692 1877 προσέταξε
722 1811 948 1864 Μωῦσῆς
981 1821 994 1870 ;
1046 1806 1071 1856 ὁ
1103 1809 1227 1864 Θεὸς
1274 1807 1371 1876 γὰρ
1424 1812 1576 1856 τοῦτο
1608 1803 1908 1878 προσέταξε.
1948 1820 1997 1878 Β

322 1897 469 1944 Διότι
506 1894 782 1964 νομοθέτης
829 1892 1033 1963 λέγεται
1079 1897 1169 1945 καὶ
1199 1894 1224 1943 ό
1254 1899 1505 1957 Μωῦσῆς,
1562 1896 1630 1954 ὡς
1684 1892 1912 1966 γράψας,

322 1982 426 2034 ὃσα
482 1982 506 2032 ὁ
560 1984 688 2042 Θεός
761 1980 1114 2053 ἐνομοθέτησε.
1169 1986 1274 2039 Τὴν
1339 1984 1428 2053 μὲν
1492 1979 1579 2033 οὖν
1646 1983 1917 2055 θεραπείαν

323 2070 482 2131 αύτός
524 2068 825 2141 εἰργάσατο,
872 2075 966 2128 την
1020 2068 1338 2142 δοκιμασίαν
1373 2067 1430 2122 δε
1460 2072 1651 2130 ταύτης
1696 2068 1768 2141 τῷ
1801 2077 1922 2142 ιερεί

319 2158 675 2233 παρέπεμψεν,
724 2160 807 2211 ἵνα
871 2164 944 2232 μὴ
988 2154 1116 2222 δόξη
1158 2162 1216 2210 τό
1247 2166 1348 2210 τῶν
1380 2161 1547 2234 ἱερέων
1599 2159 1919 2231 ὑφαρπάζειν

319 2246 557 2319 ἀξίωμα.

394 2428 489 2489 Είς
524 2457 588 2467 -
620 2427 816 2489 αὐτοῖς.
868 2425 955 2488 Εἰς
1012 2426 1227 2498 ἔλεγχον
1266 2426 1454 2489 αὐτῶν,
1506 2430 1639 2499 φημὶ
1688 2424 1780 2492 δὴ,
1820 2434 1919 2479 τῶν

325 2516 517 2588 ἱερέων.
582 2519 876 2591 Μαρτύριον
905 2519 1005 2588 γὰρ
1044 2523 1150 2581 νῦν,
1198 2519 1285 2567 τὸν
1336 2515 1548 2587 ἔλεγχον
1592 2516 1746 2587 λέγει,
1777 2516 1919 2568 Ἐπεὶ

325 2606 428 2676 γὰρ
463 2605 605 2657 οὗτοι
656 2606 953 2679 παράνομον
1007 2605 1160 2656 αὐτόν
1216 2604 1502 2675 ὠνόμαζον,
1552 2609 1811 2678 παρῄνεσε
1848 2602 1919 2675 τῷ

328 2694 697 2768 καθαρισθέντι
722 2694 889 2766 λεπρῷ
932 2703 1163 2766 τηρῆσαι
1191 2698 1278 2745 τόν
1332 2698 1503 2765 νόμον,
1546 2699 1635 2745 καὶ
1672 2702 1915 2759 ποιῆσαι,

326 2784 428 2834 ὅσα
458 2781 645 2843 ἐκεῖνος
674 2783 979 2857 προσέταξε.
1009 2789 1172 2835 Τοῦτο
1203 2779 1262 2835 δε
1291 2801 1576 2856 παρηνεσεν
1607 2782 1677 2843 εἰς
1702 2781 1917 2852 ἔλεγχον

321 2871 516 2925 αὐτῶν.
546 2878 662 2933 Πῶς
693 2873 796 2944 γὰρ
846 2870 906 2923 ἂν
962 2876 1222 2945 παρῄνεσε
1268 2880 1501 2944 τηρῆσαι
1546 2875 1632 2923 τόν
1661 2876 1836 2944 νόμον,
1875 2870 1917 2923 εἰ

321 2962 622 3034 παράνομος
654 2956 715 3019 ἦν
746 2981 760 3029 ;

396 3141 511 3211 Χρὴ
571 3140 630 3191 d's
664 3145 999 3211 παρατηρεῖν,
1058 3146 1168 3200 πῶς
1223 3140 1346 3190 ποτε
1397 3140 1485 3209 μὲν
1529 3136 1781 3212 παραλύει
1829 3141 1915 3189 τόν
1953 3172 1994 3229 C

315 3232 499 3299 νόμον,
553 3222 810 3279 ὁδοποιῶν
859 3234 921 3300 τῇ
978 3229 1108 3299 μετὰ
1162 3228 1377 3279 θάνατον
1434 3226 1595 3279 αὐτοῦ
1641 3226 1918 3299 φιλοσοφῐᾳ

317 3320 411 3368 καὶ
479 3314 714 3387 πολιτείᾳ
755 3324 854 3368 τῶν
914 3321 1262 3389 Χριστιανῶν,
1320 3319 1409 3367 καὶ
1454 3319 1919 3387 προοιμιαζόμενος

320 3409 420 3462 τήν
477 3402 563 3456 ἐπὶ
616 3405 813 3467 ταύτης
868 3403 1157 3456 ἀνάπαυσιν
1213 3412 1305 3455 τοῦ
1357 3403 1581 3456 παλαιοῦ
1628 3409 1715 3456 καὶ
1768 3422 1920 3476 γεγη-

325 3496 551 3565 ρακότος
597 3496 777 3564 νόμου·
832 3496 956 3545 ποτε
1004 3489 1064 3545 δε
1116 3491 1351 3564 φυλάττει
1410 3500 1610 3558 τοῦτον,
1660 3511 1923 3563 συγκατα-

331 3580 521 3633 ϐαίνων
542 3588 604 3653 τῇ
644 3580 881 3654 ἀσθενείᾳ
909 3590 1008 3633 τῶν
1040 3577 1329 3646 Ἰουδαίων,
1366 3583 1448 3633 ἵνα
1484 3586 1556 3654 μὴ
1594 3578 1918 3654 σκανδαλίσῃ

329 3670 541 3732 αὐτούς.

654 3763 801 3813 ΚΕΦ.
833 3758 902 3814 Ζ’.
933 3763 1060 3833 Περὶ
1091 3767 1183 3811 τοῦ
1207 3760 1600 3832 ἑκατοντάρχον.

404 3846 698 3899 Εἰσελθόντι
727 3844 786 3900 δε
813 3847 954 3918 αὐτῷ
984 3879 1052 3889 -
1085 3846 1521 3921 βασανιζόμενος.
1554 3876 1618 3890 --
1653 3846 1921 3915 Βέϐληται,

340 3931 456 3985 ἀντὶ
487 3942 599 3999 τοῦ,
630 3933 921 4009 Ἐῤῥιπται.

405 4027 504 4075 Καὶ
531 4052 596 4063 -
618 4023 792 4076 αὐτόν.
818 4029 967 4076 Διατί
996 4028 1067 4095 μὴ
1100 4023 1304 4084 κληθεὶς
1330 4024 1401 4086 εἰς
1428 4029 1522 4082 τήν
1563 4024 1752 4093 οἰκίαν,
1782 4026 1923 4077 αύτε-

333 4110 619 4183 πάγγελτος
648 4111 806 4165 ἐλθεῖν
854 4113 989 4185 λέγει
1018 4129 1031 4179 ;
1065 4117 1205 4166 Διότι
1265 4118 1496 4185 προέγνω
1543 4115 1695 4167 αὐτὸν
1739 4133 1925 4167 πεπισ-

332 4206 573 4265 τευκότα,
608 4202 687 4253 ὅτι
713 4205 842 4262 Θεός
864 4200 994 4271 ἐστι,
1046 4206 1134 4253 καὶ
1167 4201 1343 4253 λοιπὸν
1367 4202 1586 4261 ἠθέλησε
1615 4208 1709 4261 τὴν
1734 4203 1924 4262 πολλὴν

331 4288 493 4341 αὐτοῦ
545 4293 722 4342 πίστιν
774 4289 1155 4362 ἐκκαλυφθῆναι
1186 4294 1276 4343 καὶ
1304 4297 1414 4353 τοῖς
1442 4289 1807 4359 ἀκολουθοῦσι,
1835 4297 1925 4345 καὶ

325 4381 568 4453 πρόσχες
593 4386 701 4441 τοῖς
728 4377 864 4441 ἑξῆς.

402 4558 508 4608 Καὶ
550 4585 618 4595 -
663 4574 782 4626 μου·
826 4585 894 4597 -
934 4558 1043 4608 Οὔκ
1100 4556 1225 4628 εἰμι,
1279 4562 1457 4628 φησὶν,
1516 4559 1677 4625 ἄξιος,
1735 4556 1829 4612 διὰ
1866 4563 1923 4612 τό
1960 4520 2006 4574 D

330 4640 469 4696 εἷναί
502 4660 560 4695 σε
592 4645 701 4695 θεόν
751 4660 763 4674 ·
812 4642 921 4695 ἀλλ’
956 4646 1025 4705 ὡς
1066 4642 1477 4715 παντοδύναμος,
1526 4646 1635 4700 εἰπέ
1703 4648 1750 4699 ἐν
1789 4649 1924 4720 λόγῳ

324 4731 493 4803 ψιλῷ,
526 4730 551 4782 ὃ
580 4729 774 4803 βούλει,
802 4737 893 4784 καὶ
931 4732 1123 4785 αὐτίκα
1169 4735 1194 4785 ό
1235 4733 1387 4805 λόγος
1442 4738 1589 4806 ἔργον
1617 4741 1918 4806 γενήσεται.

324 4820 487 4895 Ὀρᾷς
534 4822 743 4892 μέγεθος
796 4826 1040 4883 πίστεως.
1101 4824 1197 4874 Διά
1231 4830 1385 4874 τοῦτο
1432 4828 1600 4876 τοίνυν
1640 4826 1664 4875 ό
1698 4830 1928 4899 Χριστὸς

327 4905 489 4978 εἶπεν,
580 4909 661 4959 ὃτι
753 4909 887 4980 Ἐγὼ
972 4908 1127 4962 ἐλθὼν
1216 4913 1519 4985 θεραπεύσω
1609 4912 1784 4979 αὐτόν,
1847 4922 1928 4965 ἱνα

326 5000 447 5070 εῖπῃ
501 4996 526 5048 ὁ
576 4996 974 5070 ἑκατόνταρχος,
1035 5000 1131 5065 ὅτι,
1190 5003 1299 5052 Οὔκ
1349 5000 1456 5073 εἰμι
1510 5001 1671 5068 ἄξιος,
1725 5007 1811 5056 καὶ
1863 5006 1928 5056 τά

328 5086 465 5152 ἑξῆς,
532 5090 622 5138 καὶ
672 5087 807 5139 οὕτω
878 5090 1141 5162 φανερωθῇ
1200 5095 1360 5142 πᾶσιν
1426 5092 1455 5149 ἡ
1521 5091 1681 5150 πολλὴ
1747 5096 1928 5156 πίστις

328 5172 512 5228 αὐτοῦ.
552 5174 612 5227 Εἰ
644 5176 746 5248 γὰρ
794 5179 864 5248 μὴ
908 5176 934 5227 ό
963 5179 1196 5249 Χριστὸς
1238 5176 1395 5231 ἐκεῖνο
1440 5177 1593 5245 εἶπεν,
1641 5180 1735 5233 οὐκ
1786 5183 1847 5233 ἄν
1901 5183 1926 5234 ό

332 5261 711 5337 ἑκατόνταρχος
745 5271 896 5317 τοῦτο
954 5268 1144 5339 εἴρηκε,
1212 5270 1302 5320 καὶ
1368 5270 1569 5330 πάντως
1630 5269 1806 5323 ἔλαθεν
1866 5272 1927 5323 ἄν

334 5353 449 5413 τοὺς
506 5351 776 5426 ἑπομένους
813 5355 844 5412 ἡ
874 5356 1103 5414 τοσαύτη
1160 5363 1249 5409 τοῦ
1292 5353 1482 5432 ἀνδρὸς
1537 5362 1741 5422 πίστις.
1806 5364 1927 5413 Σκό-

1297 346 1666 403 COMMENT.
1719 345 1788 400 IN
1828 342 2271 400 MATTHEUM.
2310 374 2379 383 —
2417 342 2577 400 CAP.
2627 341 2781 399 VIII.

3577 343 3681 397 282

2021 469 2126 542 qui
2159 467 2453 524 beneﬁcia
2490 466 2551 521 in
2586 466 2818 538 aliquen
2846 465 3178 533 conferunt,
3210 468 3276 523 ut
3296 465 3681 524 ambitionem

2022 560 2418 614 exsecrentur.
2502 556 2678 627 Atqui
2758 557 3065 613 manifeste
3124 556 3348 613 sciebat
3394 556 3675 621 Christus,

2022 647 2183 719 quod
2213 646 2497 701 taciturus
2518 659 2633 699 non
2661 649 2836 710 esset,
2871 645 2979 701 sed
3001 645 3436 702 benefactorem
3474 645 3681 717 palam

2021 736 2498 808 praedicaturus;
2553 738 2815 791 attamen
2844 735 3010 807 quod
3053 752 3228 790 suum
3274 741 3397 791 este
3452 734 3593 791 facit
3624 739 3681 791 et

2021 823 2309 895 praecipit.
2353 824 2594 894 Oportet
2645 823 2804 878 enim
2848 839 2951 879 eos
3000 824 3104 895 qui
3151 824 3439 879 beneﬁcia
3478 823 3681 880 confe—

2022 916 2178 979 runt,
2226 912 2532 967 modestia:
2591 927 2777 967 causa
2814 912 3133 983 praecipere
3186 912 3528 979 silentium;
3577 928 3679 969 eos

2020 1017 2183 1068 vero,
2207 1001 2312 1073 qui
2336 999 2629 1056 beneﬁcio
2657 1004 2797 1056 sunt
2840 999 3053 1066 affecti,
3086 1001 3411 1072 prmdicare
3443 1006 3682 1073 propter

2024 1089 2472 1161 gratitudinem.

2092 1180 2257 1235 Vers.
2297 1178 2478 1235 4.Sed
2517 1178 2818 1235 —Moses.
2861 1177 3042 1234 Jussit
3097 1176 3207 1242 lex,
3262 1192 3337 1233 ne
3390 1176 3439 1232 is
3489 1177 3595 1249 qui
3644 1192 3680 1233 a

2020 1266 2185 1339 lepra
2232 1266 2558 1322 mundatus
2595 1271 2749 1322 esset
2806 1266 3092 1338 suiipsius
3139 1265 3325 1321 oculis
3395 1266 3679 1334 crederet,

2023 1356 2127 1411 sed
2153 1355 2339 1410 oculis
2370 1354 2698 1411 sacerdotis
2723 1355 3017 1425 judicium
3054 1355 3495 1411 emendationis
3523 1370 3683 1410 com-

2023 1444 2297 1511 mitteret,
2329 1458 2519 1515 neque
2548 1444 2715 1515 prius
2753 1444 2843 1498 his
2869 1445 2971 1516 qui
3026 1444 3237 1499 mundi
3277 1448 3475 1500 essent
3522 1459 3683 1500 com-

2025 1532 2390 1597 misceretur,
2421 1548 2607 1603 quam
2652 1548 2716 1586 se
2769 1531 2847 1586 illi
2878 1532 3332 1595 manifestasset,
3387 1536 3444 1587 et
3484 1532 3562 1587 ab
3613 1549 3682 1589 eo

2024 1620 2510 1675 fuissetmundus
2529 1620 2834 1690 judicatus
2861 1640 2877 1691 ;
2907 1620 3122 1675 deinde
3142 1637 3364 1676 munus
3388 1636 3495 1692 pro
3523 1622 3681 1692 puri-

2025 1709 2299 1765 ﬁcatione
2318 1709 2659 1774 adduceret,
2695 1710 2843 1764 sicut
2864 1709 2923 1764 in
2949 1708 3099 1764 libro
3135 1710 3369 1764 Levitici
3403 1709 3681 1780 scriptum

2028 1803 2134 1854 est.
2181 1798 2489 1863 Quomodo
2542 1814 2683 1869 ergo
2724 1798 2911 1854 dicit:
2965 1800 3166 1854 Munus
3219 1800 3377 1869 quod
3404 1798 3683 1868 praecepit

2026 1889 2223 1949 Moses,
2259 1903 2398 1941 cum
2431 1887 2488 1942 id
2526 1887 2768 1957 jusserit
2797 1890 2950 1942 Deus
2978 1888 3006 1942 ’ἰ
3036 1887 3188 1951 Quia
3218 1888 3406 1942 Moses
3452 1887 3683 1956 legisla-

2028 1982 2120 2033 tor
2144 1975 2377 2045 dicitur,
2419 1978 2621 2047 utpote
2651 1975 2755 2047 qui
2786 1975 3045 2046 scripsit,
3089 1992 3224 2047 quae
3257 1978 3409 2031 Deus
3465 1980 3682 2031 statue-

1982 2072 1983 2075 “
2029 2071 2136 2121 rat.
2172 2066 2498 2122 Sanitatem
2546 2065 2749 2136 itaque
2796 2065 2922 2137 ipse
2980 2068 3260 2135 operatus
3305 2068 3411 2132 est,
3464 2079 3681 2136 appro-

2028 2154 2328 2211 bationem
2379 2169 2522 2209 vero
2584 2152 2796 2225 ipsius,
2861 2153 3154 2209 sacerdoti
3219 2152 3535 2218 commisit,
3606 2167 3681 2207 ne

2029 2243 2407 2300 sacerdotum
2460 2258 2678 2297 munus
2731 2242 2840 2297 sibi
2896 2242 3145 2298 latenter
3210 2257 3414 2313 rapere
3456 2240 3682 2298 videre-

2028 2336 2144 2388 tur.

2099 2422 2264 2477 Vers.
2290 2424 2340 2476 4.
2373 2422 2437 2476 In
2459 2451 2527 2460 —
2555 2419 2700 2475 illis.
2734 2419 2820 2475 Ad
2876 2419 3365 2489 redargutionem
3392 2418 3628 2474 illorum
3664 2438 3676 2487 ;

2029 2510 2160 2565 dico
2205 2523 2349 2565 sane
2400 2506 2833 2564 sarcerdotum.
2900 2509 3046 2562 Nam
3091 2509 3394 2581 μαρτύριον,
3452 2506 3511 2561 id
3568 2511 3679 2571 est,

2030 2597 2457 2664 testimonium,
2490 2599 2663 2652 vocat
2691 2594 3181 2666 redargutionem.
3228 2596 3375 2660 Quia
3408 2595 3568 2650 enim
3599 2594 3679 2649 illi

2028 2690 2531 2757 transgressorem
2562 2684 2709 2754 legis
2740 2699 2875 2739 eum
2929 2683 3246 2739 dicebant:
3282 2683 3676 2740 emundatum

2024 2775 2319 2846 leprosum
2357 2775 2640 2829 admonet
2677 2776 2743 2829 ut
2789 2775 3054 2828 servaret
3098 2772 3316 2842 legem,
3364 2775 3422 2827 et
3466 2771 3681 2826 faceret

2025 2878 2398 2936 quaecunque
2427 2862 2518 2917 lex
2543 2867 2926 2934 praceperat.
2971 2860 3093 2916 Hoc
3124 2865 3323 2915 autem
3374 2858 3452 2915 ad
3483 2859 3679 2915 redar-

2025 2952 2331 3023 gutionem
2360 2950 2596 3006 illorum
2624 2952 2922 3006 admonet.
2952 2952 3100 3005 Nam
3148 2948 3457 3021 quomodo
3483 2948 3679 3018 legem

2024 3056 2261 3097 servare
2287 3039 2655 3095 admoneret.
2689 3039 2739 3094 si
2772 3038 2918 3108 legis
2946 3042 3313 3109 trangressor
3335 3041 3507 3092 esset.

2096 3128 2543 3186 Observandum
2572 3143 2714 3183 vero
2749 3143 2870 3199 quo
2901 3132 3075 3198 pacto
3105 3126 3404 3182 interdum
3432 3125 3679 3197 quidem

2024 3220 2216 3289 legem
2266 3216 2449 3283 solvit,
2505 3216 2667 3272 viam
2724 3216 2993 3286 aperiens
3053 3214 3449 3286 philosophiae
3503 3218 3680 3285 atque

2028 3305 2460 3363 conversationi
2487 3305 2848 3370 Christianas,
2873 3320 3053 3374 quam
3073 3310 3207 3375 post
3232 3308 3483 3359 mortem
3512 3317 3682 3358 suam

2028 3396 2227 3466 vigere
2256 3393 2589 3466 oportebat,
2631 3408 2701 3449 ac
2746 3408 3090 3464 praeparans
3134 3391 3528 3447 cessationem
3566 3387 3683 3459 legi

2029 3484 2227 3549 veteri,
2258 3483 2507 3556 jamque
2538 3482 2863 3538 senescenti
2888 3498 2902 3548 ;
2933 3480 3299 3553 quandoque
3328 3495 3471 3536 vero
3517 3478 3682 3534 illam

2033 3579 2248 3639 servat,
2281 3572 2577 3627 demitens
2609 3586 2671 3626 se
2697 3570 2776 3627 ad
2806 3569 3273 3626 imbecillitatem
3308 3568 3680 3632 Judaaorum,

2031 3676 2108 3718 ne
2132 3677 2234 3719 eos
2257 3659 2599 3718 offenderet.

2456 3756 2613 3811 CAP.
2650 3755 2768 3810 VII.
2797 3756 2881 3813 De
2906 3755 3259 3811 centurione.

2102 3856 2260 3909 Vers.
2296 3858 2352 3910 5.
2384 3853 2438 3909 6.
2472 3852 2621 3908 Cum
2651 3858 2847 3909 autem
2865 3853 3164 3922 ingressus
3191 3857 3334 3907 esset
3356 3882 3425 3890 —-
3454 3850 3688 3907 discru-

2033 3944 2245 4001 ciatur.
2277 3944 2467 4007 Jacet,
2508 3941 2623 3998 hoc
2654 3945 2761 4005 est,
2793 3941 3093 4013 projectus
3125 3945 3231 3996 est.

2104 4032 2267 4087 Vers.
2296 4035 2349 4086 7.
2385 4031 2469 4086 Ει
2520 4060 2588 4071 -
2620 4044 2770 4086 eum.
2816 4030 3005 4094 Quare
3036 4044 3158 4084 non
3203 4033 3453 4084 vocatus
3491 4028 3552 4083 in
3585 4027 3689 4083 do-

2033 4136 2224 4185 mum,
2249 4135 2356 4175 sua
2380 4122 2589 4191 sponte
2608 4122 2930 4175 venturum
2958 4133 3021 4172 se
3052 4118 3241 4173 dicit?
3290 4118 3439 4183 Quia
3465 4132 3688 4189 praeco-

2036 4210 2240 4280 gnovit
2271 4209 2438 4264 illum
2461 4208 2587 4279 jam
2629 4208 2868 4263 credere
2899 4207 3063 4279 quod
3113 4208 3262 4262 Deus
3292 4210 3448 4262 esset
3480 4222 3491 4260 :
3528 4210 3584 4261 et
3609 4204 3692 4262 ita

2034 4297 2222 4355 voluit
2261 4312 2549 4367 magnam
2589 4296 2719 4368 ejus
2766 4294 2948 4351 ﬁdem
2995 4295 3087 4351 his
3120 4296 3300 4353 etiam
3349 4295 3453 4367 qui
3482 4309 3688 4367 seque-

2033 4387 2273 4453 bantur,
2325 4386 2620 4455 detegere.
2669 4384 2912 4441 lntende
2943 4399 3084 4455 ergo
3124 4385 3198 4440 iis
3243 4400 3378 4458 quae
3432 4390 3689 4457 sequun-

2037 4479 2148 4532 tur.

2108 4564 2271 4619 Vers.
2297 4563 2351 4618 8.
2404 4564 2481 4619 Et
2513 4577 2777 4619 —meus.
2818 4565 2947 4618 Non
2992 4578 3150 4629 sum,
3181 4562 3391 4633 inquit,
3445 4561 3690 4630 dignus,

2036 4652 2179 4724 quia
2195 4656 2258 4706 tu
2273 4651 2423 4707 Deus
2445 4667 2509 4705 es
2531 4670 2543 4706 :
2564 4651 2668 4706 sed
2686 4655 2977 4723 tanquam
2997 4650 3377 4720 omnipotens
3399 4650 3494 4704 dic
3524 4649 3691 4705 nudo

2034 4740 2220 4796 verbo
2251 4740 2416 4812 quod
2436 4740 2539 4802 vis,
2570 4744 2624 4794 et
2640 4738 2831 4809 ipsum
2854 4752 3097 4809 quoque
3125 4737 3375 4792 verbum
3394 4752 3551 4807 opus
3568 4737 3691 4795 ﬁet.

2034 4828 2210 4884 Vides
2238 4827 2375 4883 ﬁdei
2410 4825 2919 4897 magnitudinem?
2940 4826 3177 4895 Propter
3215 4826 3329 4880 hoc
3359 4839 3500 4893 ergo
3544 4824 3695 4881 dixit

2034 4917 2296 4973 Christus
2324 4933 2337 4972 :
2364 4916 2486 4987 Ego
2517 4917 2742 4973 veniam
2777 4920 2829 4970 et
2856 4913 3071 4971 curabo
3106 4928 3251 4984 eum,
3278 4918 3342 4968 ut
3366 4912 3524 4969 dicat
3562 4928 3694 4968 cen-

2034 5005 2186 5061 turio
2222 5006 2385 5062 :Non
2406 5022 2534 5062 sum
2587 5004 2823 5074 dignus,
2886 5007 3018 5067 etc.,
3054 5007 3109 5057 et
3160 5002 3240 5059 ita
3283 5001 3693 5060 manifestetur

2034 5095 2319 5151 omnibus
2371 5109 2597 5165 magna
2651 5092 2805 5149 ﬁdes
2861 5093 3010 5164 ejus.
3071 5092 3190 5148 Nisi
3236 5093 3396 5149 enim
3427 5092 3690 5150 Christus

2032 5181 2179 5238 illud
2204 5182 2468 5252 dixisset,
2500 5196 2888 5254 nequaquam
2914 5181 3030 5237 hoc
3052 5182 3317 5238 centurio
3354 5182 3693 5255 respondis-

2034 5276 2122 5327 set
2143 5276 2200 5329 et
2221 5288 2321 5329 eos
2342 5272 2445 5345 qui
2470 5270 2874 5344 sequebantur
2902 5271 3151 5328 omnino
3171 5270 3435 5329 latuisset
3463 5276 3694 5344 quanta

2036 5364 2161 5418 erat
2188 5360 2298 5418 viri
2320 5360 2490 5417 ﬁdes.
2514 5360 2658 5418 Vide
2689 5375 2927 5433 quoque
2971 5360 3332 5418 centurionis
3349 5360 3536 5418 verba
3562 5376 3692 5432 quas

1555 5536 1774 5605 Variae
1805 5537 2133 5605 lectiones
2166 5547 2230 5604 et
2273 5544 2478 5605 nota.

415 5671 526 5744 (65)
567 5671 933 5747 εὐγνωμοσύνη
944 5692 983 5735 ς.
1012 5673 1080 5731 Α.
