4206 6310
475 323 581 379 283

1779 324 2131 381 EUTYHMII
2169 325 2499 383 ZIGABENI

3727 332 3833 389 284

477 451 805 522 sequuntur
843 448 922 506 ad
950 448 1011 505 id
1038 448 1281 512 directa,
1310 448 1473 521 quod
1524 449 1689 506 nudo
1718 450 1901 507 etiam
1942 451 2120 507 verbo

2232 471 2317 504 πει
2348 448 2407 504 δὲ
2447 455 2535 503 καὶ
2559 452 2623 503 τὰ
2654 449 2831 523 ἑφεξῆς
2886 458 2978 505 τοῦ
3018 451 3403 528 ἑκατοντάρχου
3444 455 3675 529 ῥήματα,
3707 475 3832 509 κατ-

478 554 695 595 sanare
725 542 940 609 posset.

544 626 708 681 Vers.
755 627 807 680 9.
844 626 998 681 Nam
1046 630 1103 681 et
1131 656 1200 666 —
1229 630 1285 682 et
1325 626 1500 695 facit.
1553 626 1642 682 Ab
1692 627 1958 699 exemplo
1996 627 2126 698 ejus

474 714 637 787 quod
656 714 812 769 circa
831 729 892 769 se
926 714 1329 784 contingebat,
1365 715 1771 782 conﬁrmabat,
1804 716 1971 789 quod
1999 716 2124 772 solo

474 804 650 859 etiam
669 802 849 859 verbo
868 818 1081 859 sanare
1101 806 1323 874 posset.
1346 806 1662 876 Postquam
1681 805 1839 860 enim
1862 805 2122 861 dixerat:

470 892 579 947 Die
606 892 800 959 verbo,
842 892 1151 962 subjunxit
1176 909 1188 947 :
1229 893 1380 949 Nam
1411 898 1465 949 et
1494 908 1597 963 ego
1645 894 1803 949 homo
1832 909 1985 962 sum,
2014 895 2124 949 sub

470 980 630 1037 ducis
652 981 945 1037 exercitus
972 987 1261 1049 potestate
1281 982 1652 1045 constitutus,
1677 982 1899 1039 habens
1911 982 2017 1038 sub
2035 998 2125 1039 me

470 1070 686 1126 milites
716 1075 769 1126 et
796 1085 1006 1135 servos,
1027 1075 1078 1125 et
1106 1070 1265 1141 quod
1282 1070 1487 1141 cuique
1512 1070 1663 1135 dico,
1698 1072 1747 1127 is
1775 1072 2124 1127 incunctan-

472 1165 562 1216 ter
581 1159 685 1215 hoc
711 1157 873 1227 facit.
907 1158 1039 1213 Haec
1069 1163 1270 1214 autem
1296 1157 1553 1225 dicebat,
1587 1160 1930 1225 ostendens,
1957 1160 2123 1232 quod

473 1247 530 1304 Si
551 1261 659 1316 ego
680 1246 866 1303 homo
894 1246 1057 1302 alteri
1107 1246 1410 1318 subjectus
1439 1247 1519 1303 ob
1550 1246 1854 1304 modicam
1906 1249 2122 1321 princi-

469 1339 645 1409 patus
680 1334 1051 1405 dignitatem,
1085 1335 1211 1391 solo
1236 1335 1420 1392 verbo
1473 1340 1684 1407 potens
1738 1353 1893 1403 sum,
1938 1338 2121 1395 multo

469 1424 659 1494 magis
689 1431 765 1488 tu,
800 1424 903 1495 qui
930 1424 1083 1479 Deus
1106 1440 1187 1487 es,
1214 1423 1457 1479 inﬁnitae
1497 1425 1808 1496 potestatis
1837 1442 1906 1482 ac
1935 1426 2124 1497 digni-

470 1514 627 1571 tatis.
648 1514 854 1585 Itaque
868 1514 917 1568 si
937 1513 1153 1569 dixeris
1175 1513 1346 1569 morti
1372 1518 1432 1569 ut
1450 1513 1641 1581 abeat,
1666 1514 1886 1582 abibit;
1914 1516 1963 1571 si
1981 1532 2123 1573 vero

468 1606 534 1659 ut
558 1602 765 1668 veniat,
807 1601 1019 1658 veniet.
1052 1601 1253 1673 Neque
1293 1602 1452 1657 enim
1507 1602 1844 1674 simpliciter
1882 1604 2124 1663 subdita

469 1695 575 1757 est,
597 1706 808 1747 verum
839 1691 1017 1747 etiam
1034 1690 1265 1754 ancilla,
1302 1706 1437 1763 quas
1465 1692 1760 1763 majorem
1785 1692 1964 1750 habet
1991 1695 2123 1750 sub-

463 1779 811 1852 jectionem.

540 1869 705 1923 Vers.
735 1868 818 1922 10.
847 1868 976 1923 Hoc
1004 1868 1211 1923 audito
1254 1898 1322 1907 —
1348 1868 1565 1925 inveni.
1617 1869 1958 1925 Admiratus
2010 1874 2115 1926 est.

469 1956 616 2011 Cum
644 1957 803 2011 enim
834 1971 1029 2027 neque
1058 1956 1320 2012 Israelita
1355 1961 1529 2023 esset,
1559 1972 1753 2029 neque
1789 1958 2121 2030 Scripturas

470 2060 602 2116 qua:
635 2043 709 2098 de
742 2044 871 2114 ipso
910 2049 1077 2099 erant
1115 2043 1370 2113 legisset,
1402 2044 1554 2101 adeo
1598 2045 1774 2102 facile
1825 2046 2119 2103 credebat.

473 2136 588 2189 Nec
619 2131 814 2187 solum
848 2131 1180 2188 admiratus
1206 2136 1311 2198 est,
1344 2149 1545 2189 verum
1572 2135 1751 2190 etiam
1782 2134 1966 2190 ﬁdem
1998 2136 2123 2207 ejus

472 2220 765 2293 praeconio
795 2220 1206 2291 promulgavit,
1247 2225 1313 2277 ut
1351 2222 1449 2277 alii
1495 2222 1657 2279 hunc
1707 2222 2120 2279 imitarentur:

474 2310 676 2380 Neque
690 2313 847 2366 inter
864 2309 1186 2375 Israelitas,
1215 2309 1431 2383 inquit,
1455 2314 1682 2367 tantam
1707 2312 1904 2367 inveni
1927 2313 2121 2384 ﬁdem,

476 2397 581 2470 qui
611 2398 874 2470 quotidie
906 2398 1345 2470 Scripturarum
1382 2399 1587 2471 legunt
1608 2402 1962 2468 testimonia,
1996 2417 2126 2474 quae

478 2486 552 2543 de
569 2502 666 2543 me
685 2486 1022 2559 loquuntur.
1040 2488 1104 2544 In
1122 2488 1595 2561 pracedentibus
1620 2498 1821 2547 autem
1841 2490 2122 2558 diximus,

481 2577 638 2647 quod
668 2577 852 2634 Amen
907 2577 1068 2643 dico;
1101 2578 1475 2635 tantumdem
1520 2582 1611 2635 est
1640 2594 1710 2635 ac
1760 2579 1808 2635 si
1848 2580 2076 2637 dicatur
2108 2597 2120 2637 :

480 2664 626 2721 Vere
672 2681 738 2720 ac
766 2666 1014 2722 ﬁrmiter
1038 2666 1169 2723 dico
1195 2682 1210 2733 ;
1241 2682 1437 2739 neque
1472 2683 1628 2741 opus
1691 2674 1779 2725 est
1824 2669 1938 2726 hoc
1967 2669 2126 2726 dein-

481 2768 621 2825 ceps
642 2753 1026 2825 interpretari.

551 2844 718 2897 Vers.
746 2844 999 2899 1LDico
1027 2874 1095 2883 —
1118 2844 1448 2900 Abraham.
1479 2846 1641 2901 Multi
1668 2845 1839 2913 tales,
1866 2846 1981 2903 hoc
2016 2852 2123 2917 est,

480 2944 512 2985 ο
542 2929 839 3000 gentibus.
891 2932 989 2984 Per
1031 2931 1235 2988 Oriens
1288 2947 1427 2988 vero
1466 2938 1522 2988 et
1560 2934 1866 2999 Occidens,
1921 2937 2127 2994 omnia

477 3017 612 3074 loca
639 3018 818 3074 totius
844 3020 1101 3075 universi
1138 3020 1515 3091 signiﬁcavit.
1546 3023 1795 3079 Venient
1823 3028 2020 3081 autem
2048 3026 2125 3081 ad

481 3123 576 3163 me
610 3106 879 3202 videlicet
915 3124 1021 3180 per
1057 3109 1257 3202 tidem.
1314 3112 1601 3202 Praeterea
1640 3112 2017 3202 accumbent,
2060 3114 2123 3170 id
2157 3147 2195 3202 ρ

479 3200 589 3262 est,
619 3196 1007 3269 requiescent.
1040 3198 1343 3255 Abraham
1373 3216 1510 3255 vero
1552 3200 1611 3256 in
1637 3200 1901 3257 medium
1936 3203 2123 3259 addu-

475 3284 579 3353 xit,
597 3302 718 3357 quo
744 3287 1009 3344 maxime
1036 3288 1273 3344 Judaaos
1297 3289 1614 3357 morderet,
1645 3289 1989 3363 adoptando
2016 3293 2125 3349 sci-

474 3372 607 3430 licet
638 3375 752 3446 ipsi
792 3375 1095 3432 Abraham
1140 3393 1240 3433 eos
1283 3378 1387 3450 qui
1444 3396 1477 3434 a
1508 3379 1785 3448 gentibus
1842 3381 2122 3452 procede-

478 3466 626 3518 rent.
651 3463 823 3520 Sinus
858 3464 998 3520 item
1020 3464 1346 3533 Abraham,
1371 3466 1880 3539 dixitrequiemac
1898 3469 2121 3526 fruitio-

474 3566 603 3606 nem
612 3551 935 3622 justorum,
956 3556 1349 3626 mutuamque
1365 3555 1706 3612 societatem
1729 3561 1785 3613 et
1807 3572 2121 3614 conversa-

472 3639 718 3706 tionem,
757 3656 893 3712 quas
914 3656 1162 3711 regnum
1183 3646 1273 3698 est
1298 3642 1607 3699 caelorum.

547 3728 693 3793 Quia
717 3733 917 3785 autem
941 3730 1068 3801 jam
1091 3730 1416 3788 credebant
1440 3731 1743 3790 Abraham
1769 3733 1830 3790 in
1861 3732 2119 3791 ineffabi-

473 3816 631 3872 libus
656 3817 871 3888 degere
887 3818 1082 3886 bonis,
1102 3835 1210 3893 pro
1235 3835 1422 3891 regno
1435 3822 1719 3879 caelorum
1751 3822 1914 3879 sinus
1934 3823 2118 3880 Abra-

471 3905 615 3961 ham
642 3908 859 3977 posuit,
896 3912 1185 3981 tanquam
1214 3925 1341 3965 rem
1365 3910 1656 3968 notiorem
1676 3930 1695 3983 ς
1724 3911 1903 3968 simul
1937 3913 2117 3969 etiam

473 4012 547 4051 ne
576 3995 671 4051 his
699 3998 1029 4053 contrarius
1067 4014 1196 4054 esse
1224 3999 1534 4067 videretur,
1566 4001 1669 4072 qui
1696 4002 1756 4056 in
1795 4001 1984 4057 Veteri
2014 4004 2117 4057 Te-

473 4089 767 4140 stamento
791 4085 1065 4141 virtutem
1094 4086 1297 4141 sectati
1320 4094 1473 4142 sunt.
1508 4090 1653 4143 Nam
1683 4089 1786 4159 qui
1818 4089 2114 4145 Abraham

470 4173 552 4229 ita
581 4173 940 4239 honorabat,
972 4178 1039 4229 ut
1067 4172 1243 4229 etiam
1273 4174 1437 4228 sinus
1472 4175 1628 4230 illius
1658 4176 1922 4247 requiem
1954 4181 2117 4233 aeter-

470 4276 614 4317 nam
634 4261 988 4329 nominaret,
1009 4267 1174 4318 omni
1189 4261 1290 4334 huj
1303 4263 1538 4321 usmodi
1560 4265 1897 4338 suspicione
1915 4281 2116 4322 carere

471 4348 746 4405 debebat.

2233 540 2608 610 ασκευάζοντα,
2645 542 2723 592 ὅτι
2756 546 2844 592 καὶ
2874 540 2930 592 ἐκ
2962 540 3118 611 ψιλοῦ
3145 542 3301 613 λόγου
3335 539 3578 599 δύναται.

2306 634 2405 681 Καὶ
2452 632 2552 703 γὰρ
2610 660 2678 669 -
2759 635 2849 681 καὶ
2906 637 3060 682 ποιεῖ.
3119 632 3245 685 ’Δπό
3298 640 3389 684 τοῦ
3464 632 3581 686 καθ’
3648 634 3828 687 ἑαυτὸν

2231 714 2615 790 ὑποδείγματος
2669 720 3068 785 κατασκευάζει,
3127 722 3207 773 ὅτι
3235 726 3323 773 καὶ
3378 721 3513 794 λόγῳ
3570 727 3708 795 μόνῳ
3736 720 3829 776 δύ-

2231 827 2408 864 ναται.
2474 808 2708 879 Εὶρηκὼς
2763 811 2884 880 γὰρ,
2949 810 3028 860 ὅτι
3085 809 3207 862 Εἰπὲ
3261 809 3419 882 λόγῳ,
3481 817 3827 886 προσεπήγα-

2229 916 2337 968 γεν,
2402 897 2481 949 ὅτι
2537 898 2640 951 Καὶ
2687 899 2783 971 γὰρ
2834 896 2934 967 ἐγὼ
2991 899 3261 969 ἄνθρωπός
3311 900 3416 970 εἰμι
3455 901 3553 953 ὑπὸ
3592 900 3829 964 ἐξουσίαν

2231 990 2322 1036 τοῦ
2423 992 2742 1058 στρατηγοῦ,
2814 988 2949 1056 ἔχων
3033 986 3117 1039 ὑπ’
3199 986 3417 1059 ἐμαυτόν
3504 997 3832 1064 στρατιώτας

2230 1076 2319 1124 καὶ
2395 1069 2627 1134 δούλους·
2704 1079 2792 1127 καὶ
2856 1074 2881 1126 ὃ
2947 1075 3077 1147 λέγω
3158 1075 3378 1148 ἑκάστῳ,
3448 1076 3832 1154 ὼαντιρῥήτως

2230 1167 2381 1213 τοῦτο
2446 1170 2602 1219 ποιεῖ.
2656 1170 2833 1215 Ταῦτα
2900 1160 2959 1216 δε
3038 1164 3211 1231 εἰπὼν,
3274 1164 3520 1238 ἐνέφηνεν,
3576 1170 3656 1219 ὅτι
3710 1167 3830 1221 Ἐὰν

2231 1249 2329 1321 ἐγὼ
2361 1252 2630 1324 ἄνθρωπος
2682 1252 3007 1319 ὑπεξούσιος,
3065 1250 3159 1306 διὰ
3204 1258 3299 1310 τὴν
3348 1254 3526 1326 ὀλίγην
3562 1257 3829 1330 ὑπεροχὴν

2229 1347 2325 1401 τῆς
2364 1338 2559 1413 ἀρχῆς,
2619 1341 2751 1412 λόγῳ
2803 1346 2941 1413 μόνῳ
2993 1338 3242 1414 δύναμαι.
3292 1342 3461 1414 μολλῷ
3508 1344 3696 1397 πᾶλλον
3738 1350 3825 1413 σὺ,

2231 1431 2359 1490 Θεὸς
2408 1429 2474 1479 ὢν
2531 1429 2898 1493 παντεξούσιος
2953 1435 3043 1482 καὶ
3082 1436 3466 1504 πανυπίροχος.
3509 1438 3598 1486 καὶ
3626 1433 3824 1502 λοιπόν,

2232 1516 2393 1588 εἰμὲν
2434 1521 2578 1591 εἴπης
2637 1521 2952 1591 πορευθῆναι
3001 1522 3085 1571 τόν
3136 1522 3373 1589 θάνατον,
3430 1524 3826 1594 πορευθήσεται,

2232 1605 2274 1656 εἰ
2331 1602 2390 1658 δὲ
2437 1606 2616 1673 ἐλθεῖν,
2667 1606 2947 1662 ἐλεύσεται.
3010 1612 3103 1661 Καὶ
3153 1611 3254 1682 γὰρ
3309 1609 3414 1681 οὐχ
3467 1609 3641 1673 ἁπλῶς
3687 1610 3827 1665 ἔστιν

2231 1694 2475 1763 ὑπήκοος,
2510 1694 2638 1748 ἀλλὰ
2666 1700 2755 1748 καὶ
2803 1693 3007 1761 δοῦλος,
3042 1697 3067 1750 ὃ
3097 1698 3335 1769 μείζονος
3381 1697 3521 1751 ἔστιν
3558 1700 3816 1762 ὑπακοῆς.

2302 1869 2560 1933 Ἀκούσας
2644 1902 2710 1912 --
2779 1871 2946 1946 εὖρον.
3036 1872 3379 1946 Ἐθαύμασεν,
3451 1875 3531 1928 ὅτι
3597 1879 3669 1947 μὴ
3760 1876 3828 1927 ὢν

2232 1960 2582 2034 ’ῐσραηλίτης,
2630 1957 2769 2033 μηδὲ
2822 1964 2915 2022 τὰς
2943 1966 3061 2035 περὶ
3116 1962 3273 2015 αὐτοῦ
3318 1966 3523 2036 Γραφας
3570 1972 3669 2015 τῶν
3703 1963 3831 2017 Ἰου-

2233 2044 2394 2100 δαίων
2439 2046 2609 2111 εἰδὼς,
2666 2047 2865 2123 ῥᾳδίως
2918 2049 3211 2105 ἐπίστευσε.
3268 2056 3357 2103 καὶ
3387 2052 3445 2104 οὗ
3484 2056 3635 2124 μόνον
3683 2051 3832 2105 ioue-

2231 2156 2416 2209 μασεν,
2465 2136 2594 2189 ἀλλὰ
2650 2144 2737 2191 καὶ
2796 2138 3073 2211 ἀνεκήρυξε
3124 2145 3218 2199 τὴν
3280 2145 3459 2193 πίστιν
3511 2141 3688 2207 αὑτοῦ,
3750 2144 3833 2195 ἱνα

2232 2230 2320 2277 καὶ
2368 2226 2512 2277 ἄλλοι
2568 2235 2747 2279 τοῦτον
2804 2227 3132 2290 ζηλώσωσιν.
3178 2226 3317 2282 Οὐδὲ
3373 2232 3423 2281 ἓν
3480 2237 3589 2291 τοῖς
3619 2231 3831 2303 Ἰσραη-

2230 2312 2618 2386 λίταις,φησὶν,
2676 2316 2818 2387 εὖρον
2876 2320 3138 2375 τοσαύτην
3191 2322 3391 2382 πίστιν,
3442 2326 3551 2379 τοῖς
3580 2317 3833 2391 ἀναγινώ-

2235 2422 2451 2456 σκουσιν
2535 2404 2779 2457 ἑκάστοτε
2856 2407 2945 2467 τὰς
3023 2410 3136 2481 περὶ
3191 2406 3313 2479 ἐμοῦ
3383 2413 3675 2482 μαρτυρίας
3730 2417 3829 2461 τῶν

2234 2498 2465 2566 Γραφῶν.
2531 2498 2844 2566 Ιιροείρηται
2893 2490 2951 2547 δὲ
3009 2496 3154 2567 ἡμῖν,
3222 2498 3303 2550 ὅτι
3343 2499 3421 2561 τὸ,
3462 2497 3627 2568 Ἀμὴν
3674 2496 3828 2569 λέγω,

2235 2583 2348 2633 ἀντὶ
2386 2589 2499 2645 τοῦ,
2548 2582 2781 2645 Ἀληθῶς
2819 2588 2910 2635 καὶ⁵
2961 2582 3181 2655 βεϐαίως
3236 2584 3385 2657 λέγω,
3419 2588 3659 2641 τέθειται.
3728 2591 3830 2640 Καὶ

2234 2670 2324 2722 οὐκ
2350 2672 2425 2723 ἔτι
2448 2676 2557 2745 χρὴ
2580 2679 2731 2724 τοῦτο
2762 2668 3133 2746 διερμηνεύειν.

2304 2850 2454 2918 Λέγω
2510 2878 2579 2888 -
2623 2846 2878 2922 Ἀϐραάμ.
2922 2847 3108 2900 Πολλοὶ
3157 2855 3400 2915 τοιοῦτοι,
3452 2853 3735 2919 τουτέστιν,
3775 2850 3828 2913 ἐξ

2233 2933 2411 2990 ἐθνῶν.
2480 2938 2574 2988 Διὰ
2624 2933 2681 2988 de
2731 2944 2820 2996 τῆς
2880 2937 3151 2997 Ἀνατολῆς
3180 2942 3268 2989 καὶ
3323 2938 3434 3010 (66)
3488 2947 3581 2999 τῆς
3611 2940 3826 3005 Δύσεως,

2234 3026 2402 3076 πάντα
2438 3028 2589 3077 τόπον
2644 3034 2737 3087 τῆς
2799 3025 3099 3097 οἰκουμένης
3161 3023 3438 3085 ἐδήλωσεν.
3498 3026 3718 3089 Ἠξουσι
3774 3023 3832 3080 δε

2232 3116 2360 3185 πρός
2415 3132 2497 3184 με,
2582 3110 2675 3165 διὰ
2737 3118 2981 3175 πίστεως.
3048 3114 3513 3173 Ἀνακλιθὴσονται
3570 3112 3647 3182 δὲ,
3716 3114 3830 3169 ἀντὶ

2230 3209 2341 3267 τοῦ,
2400 3202 2835 3257 Ἀναπαύσονται.
2890 3206 2987 3255 Τόν
3029 3202 3264 3276 Ἀϐραὰμ
3318 3200 3376 3256 δὲ
3435 3204 3507 3265 εἰς
3557 3207 3615 3256 τὸ
3672 3208 3830 3276 μέσον

2232 3294 2441 3362 ἤγαγεν,
2507 3292 2587 3342 ῖνα
2634 3291 2866 3363 μάλιστα
2903 3292 3210 3363 καθάψηται
3262 3301 3359 3344 τῶν
3417 3289 3713 3355 Ἰουδαίων⁹
3768 3295 3832 3355 ὡς

2231 3380 2472 3431 υἱοθετῶν
2502 3379 2641 3451 αὐτῷ
2681 3383 2796 3441 τοὺς
2831 3380 2886 3444 ἐξ
2941 3380 3112 3434 ἐθνῶν.
3151 3380 3382 3442 Κόλπους
3417 3378 3475 3434 δὲ
3504 3389 3593 3433 τοῦ
3635 3380 3830 3453 Ἀϐρα-

2231 3471 2304 3540 ὰμ
2361 3468 2617 3541 ὠνόμασε,
2669 3473 2789 3539 ⁵τὴν
2874 3468 3165 3522 ἀνάπαυσιν
3242 3474 3332 3522 καὶ
3385 3468 3670 3523 ἀπόλαυσιν
3730 3478 3827 3523 τῶν

2231 3554 2465 3623 δικαίων,
2535 3562 2624 3609 καὶ
2671 3562 2764 3616 τὴν
2817 3562 2940 3631 πρὸς
3005 3558 3194 3621 αὐτοὺς
3237 3561 3502 3611 κοινωνίαν
3559 3563 3649 3611 καὶ
3709 3577 3827 3611 συν-

2231 3643 2521 3718 διαγωγήν,
2555 3649 2671 3709 ἣτις
2696 3645 2837 3699 ἔστὶν
2868 3649 2897 3705 ἠ
2934 3645 3179 3719 βασιλεία
3206 3656 3305 3699 τῶν
3327 3647 3572 3720 οὐρανῶν.

2299 3731 2513 3793 Ἐπειδὴ
2597 3738 2696 3809 γὰρ
2779 3733 3046 3788 ἐπίστευον
3124 3735 3173 3787 ἐν
3251 3736 3564 3811 ἀπορρήτοις
3614 3734 3828 3808 ἀγαθοῖς

2230 3821 2431 3896 διάγειν
2469 3827 2556 3876 τόν
2623 3823 2878 3899 Ἀϐραὰμ,
2937 3824 3051 3877 ἀντὶ
3100 3825 3215 3897 (67)
3241 3828 3353 3887 ’τῆς
3412 3824 3675 3898 βασιλείας
3728 3833 3825 3877 τῶν

2228 3913 2471 3985 οὐρανῶν,
2535 3916 2656 3975 τοὺς
2704 3912 2924 3975 κόλπους
2980 3921 3070 3965 τοῦ
3122 3912 3361 3988 Ἀϐραὰμ
3407 3916 3578 3982 ἔθηκε,
3619 3910 3712 3965 διὰ
3767 3917 3826 3966 τό

2226 4007 2630 4077 γνωριμώτερον·
2692 4001 2803 4073 ἅμα
2855 3999 2913 4054 δὲ
2964 4006 3078 4069 καὶ,
3155 4003 3237 4055 ἵνα
3292 4007 3363 4074 μὴ
3408 3998 3536 4073 δόξῃ
3605 4000 3827 4063 ἐναντίος

2225 4098 2285 4162 τῇ
2319 4090 2517 4159 παλαιᾴ
2572 4090 2804 4161 πολιτείᾳ
2858 4098 2958 4142 τῶν
3018 4090 3295 4165 φιλαρέτων
3363 4087 3588 4163 ἀνδρῶν,
3635 4089 3691 4142 Ὀ
3721 4093 3823 4164 γὰρ

2226 4179 2360 4230 οὕτω
2416 4178 2694 4250 θαυμάζων
2751 4181 2836 4231 τόν
2896 4178 3150 4253 Ἅϐραόμ,
3199 4182 3263 4239 ὡς
3318 4184 3406 4232 καὶ
3451 4183 3571 4241 τοὺς
3632 4178 3824 4231 ἐκείνου

2228 4266 2463 4331 κόλπους,
2525 4265 2815 4319 ἀνάπαυσιν
2862 4267 3066 4321 αἰώνιον
3128 4266 3417 4341 ὀνομάζειν,
3474 4266 3620 4331 ἐκτὸς
3679 4272 3823 4339 γίνε-

2224 4374 2312 4407 ται
2339 4358 2587 4416 τοιαύτης
2608 4355 2871 4418 ὑπονοίας.

545 4437 793 4505 Quidam
823 4436 1026 4495 dicunt
1047 4439 1213 4512 quod
1242 4439 1395 4497 sicut
1420 4442 1702 4515 quaedam
1728 4442 2117 4516 profundiora

2293 4444 2453 4517 [Φασὶ
2536 4445 2648 4516 (68)
2700 4441 2760 4498 δέ
2823 4464 2971 4512 τινες,
3027 4447 3107 4499 ὃτι
3152 4447 3383 4519 καθάπερ
3451 4449 3568 4499 τινὰ
3621 4444 3819 4516 πελάγη

1682 4620 1907 4692 Varia:
1945 4622 2273 4692 lectiones
2304 4631 2368 4691 et
2406 4630 2608 4690 notae.

538 4815 647 4886 (66)
672 4821 765 4878 τῆς
790 4814 1002 4871 omittit
1030 4817 1096 4872 A.

542 4887 651 4959 (67)
666 4888 883 4961 Parum
897 4887 990 4961 hic
1009 4889 1265 4961 attentus
1287 4887 1393 4945 fuit
1413 4888 1755 4961 Euthymius
1784 4889 1862 4946 ad
1888 4893 2111 4947 textum

469 4959 789 5032 Evangelii,
810 4959 915 5032 sed
933 4963 1091 5013 totus
1113 4960 1419 5032 peadetex
1451 4959 1894 5031 Chrysostomo,
1928 4976 2110 5032 quem

469 4974 789 5038 evangelii,
810 4974 915 5013 sea
933 4974 1419 5083 towsgpeauetex
1451 4974 1894 5043 unrysostomo,
1928 4976 2110 5043 quem

467 5030 599 5085 Vide
652 5036 710 5100 t.
750 5030 861 5092 VII,
917 5047 970 5100 ρ.
1031 5034 1154 5100 20,
1213 5032 1275 5089 C.
1326 5032 1448 5086 361.
1510 5033 1662 5097 Quin
1730 5049 1851 5086 imo
1898 5037 2111 5089 omittit

467 5100 649 5174 etiam
701 5098 1156 5174 ’I_qaa‘cx,“laxcb6,
1211 5118 1348 5174 quas
1394 5110 1615 5174 tamen“
1648 5102 2111 5174 Chrysostomus

464 5170 662 5245 habet.
700 5170 1181 5245 _Chrxsostomus
1232 5170 1309 5228 ad
1371 5188 1432 5228 se
1496 5173 1649 5245 redit
1715 5170 1779 5245 p.'
1828 5174 1952 5240 315,
2008 5174 2111 5230 ubi

468 5240 665 5316 solum
692 5238 739 5292 ἓν
764 5238 990 5316 rigata.
1030 5261 1075 5295 τ.
1106 5241 1333 5315 οὐρανῶν
1371 5244 1604 5316 omittit.
1641 5238 2110 5316 Th'eophyl'actus

465 5313 527 5368 in
601 5317 763 5366 textu
800 5311 952 5367 nihil
990 5311 1198 5367 mutat.
1258 5316 1323 5367 In
1364 5315 1588 5369 scholio
1633 5311 1829 5371 autem
1866 5311 1940 5370 de
1982 5315 2111 5371 solo

466 5382 975 5457 Abrahamodicit
993 5401 1052 5457 p_.
1086 5384 1174 5439 43.
1213 5383 1536 5457 Vulgatum
1562 5386 1727 5441 etiam
1752 5386 2111 5457 propagavit

467 5452 711 5542 Cyril._t.
763 5453 854 5519 IV,
904 5471 958 5525 p.
994 5452 1135 5510 7440.
1202 5452 1442 5510 omissis
1497 5461 1696 5513 tamen
1739 5452 1789 5509 ἕν
1845 5452 1906 5530 τῇ
2057 5477 2106 5513 τ.

467 5544 708 5584 ουρανων.
769 5524 1085 5584 Quomodo
1126 5530 1322 5581 autem
1371 5527 1837 5584 Chrvsostomus
1877 5531 1951 5584 de
1976 5532 2106 5584 atus

462 5524 708 5599 οὖρανῷν.
769 5524 1085 5599 Quomodo
1126 5530 1322 5581 autem
1371 5527 1837 5599 Chrysostomus
1877 5524 2110 5585 delatus

466 5594 554 5654 est
608 5596 673 5659 εἰς
748 5599 865 5658 τοὺς
933 5594 1151 5660 κόλπους
1210 5605 1301 5649 τοῦ
1376 5594 1669 5672 Ἅϐραᾶμῖ
1734 5598 1959 5656 Scilicet,
2005 5615 2111 5674 per

2222 4820 2391 4874 Lucas
2421 4818 2727 4874 Lazarum.
2761 4819 2908 4890 Nam
2942 4832 3084 4890 pag.
3123 4820 3247 4883 209,
3273 4816 3376 4890 ubi
3408 4817 3674 4890 primum
3694 4818 3822 4874 haec

2219 4894 2452 4955 tractat,
2484 4896 2805 4961 utrumque
2828 4888 3030 4961 locum
3050 4888 3259 4961 junxit,
3294 4888 3457 4944 hunc
3488 4889 3735 4945 Matthaei
3766 4892 3824 4945 et

2221 4963 2390 5016 Lucas
2420 4977 2537 5025 xvx,
2565 4964 2653 5015 22.
2682 4960 2946 5016 Haerebat
2968 4960 3109 5028 ergo
3140 4960 3338 5016 adhuc
3361 4960 3413 5015 ei
3440 4961 3500 5015 in
3529 4961 3823 5016 memoria

2220 5030 2383 5087 locus
2430 5034 2615 5087 Lucae.
2650 5034 2797 5087 Nam
2845 5032 3140 5102 correctio
3179 5047 3238 5102 p.
3273 5035 3396 5095 3l5,
3428 5031 3594 5102 baud
3639 5030 3822 5086 dubie

2221 5102 2488 5184 profecta
2513 5108 2600 5184 est
2622 5117 2657 5157 a
2679 5101 2908 5184 scribis,
2934 5102 3173 5184 calamo
3184 5101 3621 5184 :excipienti'bus
3643 5102 3824 5184 Chry-

2221 5172 2469 5245 sostomi
2496 5173 2746 5229 dicentis
2767 5173 2971 5245 verba.
3002 5172 3304 5245 Scholium
3326 5172 3733 5245 Anepigraphi
3760 5172 3823 5228 in

2219 5244 2525 5299 codicibus
2557 5244 3031 5316 Mosquensibus,
3054 5244 3218 5316 quod
3239 5243 3473 5316 incipit,
3490 5243 3693 5309 Πολλοὶ,
3727 5262 3826 5315 φη-

2222 5321 2325 5381 σὶν,
2371 5317 2459 5381 ὡς,
2522 5314 2720 5370 servat
2765 5314 3091 5386 vulgatam'
3136 5314 3449 5372 lectionem
3505 5314 3822 5386 integram.

2220 5388 2406 5443 Etiam
2438 5386 2719 5458 Origenes
2748 5385 2835 5451 ιν,
2880 5401 2936 5457 ρ.
2964 5390 3095 5458 210,
3137 5390 3260 5458 258.

2290 5459 2401 5528 (68)
2434 5455 2667 5512 Inclusa
2692 5456 2753 5528 in
2786 5455 3054 5527 margine
3079 5457 3262 5513 habet
3290 5459 3353 5513 Α.
3384 5455 3705 5514 Hentenius
3730 5471 3823 5513 ea-

2217 5527 2356 5586 dem
2384 5527 2449 5584 in
2474 5527 2769 5603 principio
2798 5528 3007 5585 scholii
3029 5528 3285 5586 exhibet.
