4206 6310
307 228 415 284 285

1292 233 1662 291 COMMENT.
1703 234 1773 289 IN
1816 233 2251 292 MATTH/EUM.
2284 265 2352 275 —
2384 232 2547 292 CAP.
2585 232 2738 291 VIII.

3565 232 3671 289 286

314 362 407 407 τῶν
460 353 761 425 θαλασσῶν,
827 355 1009 410 κόλποι
1050 353 1245 411 τοιοίδε
1284 362 1314 416 ἤ
1351 355 1547 411 τοιοίδε
1608 359 1913 432 ὠνομάσθη-

2029 360 2208 416 maris
2236 359 2389 425 loca,
2434 363 2535 415 aut
2579 374 2755 414 curva
2788 358 2987 416 littora
3023 358 3170 415 tales
3207 357 3301 415 vel
3330 357 3477 415 tales
3507 357 3673 414 sinus

323 463 411 496 σαν
441 459 457 473 ⁸
502 444 669 506 οὕτως
710 447 814 519 ἄρα
860 450 948 497 καὶ
982 448 1048 498 τὰ
1091 446 1289 518 πελάγη
1328 455 1425 499 τῶν
1472 447 1822 514 ἀπολαύσεων,
1866 447 1914 500 ἐν

318 534 399 594 αἶς
442 532 585 585 ἐστιν
631 535 657 585 ό
710 533 966 607 Ἀϐραὰμ,
1017 534 1198 587 κόλποι
1240 532 1331 588 τοῦ
1388 536 1631 609 Ἀϐραὰμ
1689 536 1913 595 ἐκλήθη-

318 641 437 674 σαν.
502 621 590 683 Ὠς
638 621 1017 697 ἐπισημότερον
1078 621 1137 676 δὲ
1193 626 1395 677 πάντων
1463 626 1585 700 παρ’
1655 625 1916 699 Ἑϐραίοις

313 715 465 772 ὄντος
531 718 625 763 τοῦ
685 710 942 784 Ἀϐραὰμ,
1000 708 1177 773 ὶὸικῶς
1242 720 1333 765 τοῦ
1406 712 1643 789 Ἀϐραὰμ
1706 717 1914 775 τούτους

312 799 603 872 ὠνόμασεν.
638 798 660 872 ]

387 890 457 940 Οἱ
506 884 565 941 δὲ
610 891 711 943 οἱοὶ
758 920 824 930 -
873 886 1121 946 ὀδόντων.
1177 890 1475 943 Βασιλλείαν
1519 898 1626 957 νῦν,
1661 894 1747 944 τὸν
1786 894 1913 945 Θεὸν

311 984 529 1049 νοοῦμεν
559 994 570 1006 ·
600 979 743 1039 υἱοὺς
783 974 842 1030 δε
871 978 1051 1047 αὐτοῦ,
1094 982 1216 1040 τοὺς
1258 979 1601 1053 Ἰσραηλίτας.
1642 985 1761 1042 Υἱός
1788 984 1911 1053 γὰρ,

317 1071 473 1138 φησὶ,
522 1070 849 1140 πρωτότοκός
895 1086 995 1138 μου
1051 1067 1283 1141 Ἰσραήλ.
1338 1067 1406 1121 Ἦ
1466 1068 1736 1141 βασιλείαν
1801 1073 1912 1140 μὲν,

322 1158 417 1212 την
460 1154 660 1207 αἰώνιον
704 1154 1034 1207 ἀνάπαυσιν·
1068 1158 1209 1217 υἱοὺς
1244 1153 1303 1209 δὲ
1350 1158 1530 1228 αὐτῆς,
1579 1166 1668 1210 νῦν
1714 1158 1917 1216 κληθῆ-

328 1262 414 1294 ναι
442 1246 559 1303 τοὺς
601 1240 912 1310 Ἰουδαίους,
965 1246 1033 1305 ὡς
1060 1242 1465 1318 προσδοκῶντας
1508 1254 1681 1307 τοῦτο,
1728 1244 1820 1298 διὰ
1858 1250 1915 1298 τὸ

328 1328 456 1382 εἶναι
502 1334 708 1404 σπέρμα
755 1340 847 1385 τοῦ
892 1332 1145 1406 Ἀϐραάμ.
1199 1336 1264 1387 Οἱ
1295 1331 1561 1396 δοκοῦντες
1606 1332 1683 1406 δὲ,
1736 1339 1913 1407 φησὶν,

326 1415 455 1471 εἶναι
507 1420 615 1472 υἱοὶ
678 1429 775 1482 τῆς
832 1420 1125 1493 βασιλείας,
1182 1421 1591 1481 ἐκϐληθήσονται
1667 1420 1757 1476 διὰ
1823 1428 1916 1482 τὴν

320 1506 575 1560 ἀπιστίαν
624 1508 812 1563 αὐτῶν.
865 1514 935 1562 Τό
994 1507 1054 1563 δὲ
1111 1509 1581 1574 Ἐκϐληθήσονται,
1642 1510 1754 1564 ἀντὶ
1801 1519 1915 1579 τοῦ,

322 1597 789 1655 Ἀπελαθήσονται.
841 1602 1022 1659 Σκότος
1077 1596 1135 1651 δὲ
1180 1603 1239 1651 τό
1292 1599 1552 1674 ἐξώτερον,
1599 1604 1751 1659 τόπος
1803 1600 1916 1653 ἐστὶ

320 1685 585 1749 κολάσεως
622 1686 966 1758 χαλεπωτάτη
978 1707 999 1748 ς
1010 1731 1023 1744 .

391 1780 573 1826 Ταῦτα
629 1771 688 1826 δε
738 1776 844 1828 εἷπε
890 1776 1245 1829 καταστέλλων
1297 1779 1387 1848 μὲν
1443 1782 1532 1829 καὶ
1601 1780 1689 1829 τόν
1761 1783 1915 1847 τῦφον

322 1869 423 1913 τῶν
474 1859 764 1933 Ἰουδαίων,
825 1863 1266 1936 ἀλαζονευομένων
1324 1864 1406 1917 ἐπὶ
1478 1874 1548 1935 τῷ
1598 1865 1723 1917 εἶναι
1773 1869 1918 1936 γένος

319 1957 411 2002 τοῦ
449 1949 719 2025 Ἀϐραάμο
763 1961 1073 2026 παρηγορῶν
1124 1951 1183 2005 δε
1225 1958 1314 2005 καὶ
1355 1957 1475 2015 τοὺς
1517 1952 1569 2015 ἐξ
1613 1953 1786 2017 ἐθνῶν,
1828 1956 1917 2004 καὶ

322 2041 451 2113 πρὸς
497 2043 591 2097 τὴν
639 2040 706 2099 εἰς
754 2040 906 2093 αὐτὸν
948 2045 1128 2093 πίστιν
1176 2040 1517 2113 ἐφελκόμενος.
1576 2040 1917 2093 Ἠκολούθουν

321 2130 425 2201 γὰρ
487 2127 628 2197 αύτῷ
680 2127 858 2180 πολὶοὶ
914 2134 1003 2180 καὶ
1060 2128 1161 2181 ἀπό
1206 2138 1303 2180 τῶν
1365 2128 1418 2191 ἐξ
1477 2128 1650 2193 ἐθνῶν,
1692 2126 1797 2181 διὰ
1853 2132 1918 2181 τὰ

327 2222 540 2287 σημεῖα.
599 2221 700 2270 Καὶ
742 2220 944 2277 τούτοις
993 2214 1071 2284 δὲ,
1126 2216 1379 2279 κάκείνοις
1427 2217 1597 2270 πλέκει
1642 2222 1735 2275 τὴν
1790 2218 1917 2290 ὠφέ-

322 2303 481 2369 λειαν,
553 2305 636 2356 ἵνα
712 2310 844 2376 μήτε
917 2305 1062 2358 οὗτοι
1143 2305 1403 2380 θαῤῥῶσιν
1481 2306 1712 2374 ἑστῶτες,
1787 2310 1917 2378 μήτε

324 2391 507 2446 ἐκεῖνοι
538 2391 992 2465 ἀπογινώσκωσιν,
1020 2396 1088 2457 ὡς
1117 2399 1359 2467 κείμενοι.

396 2486 671 2554 Θεώρησον
715 2478 797 2551 δε,
838 2483 919 2535 ὃτι
961 2484 987 2534 ὁ
1027 2486 1116 2555 μεν
1168 2482 1549 2555 ἑκατόνταρχος
1594 2482 1742 2555 λόγον
1791 2481 1917 2542 ἐξὴ-

330 2588 517 2627 τησεν’
574 2571 601 2623 6
650 2566 709 2623 δὲ
754 2570 954 2642 λεπρὸς,
1015 2571 1207 2643 θέλημα
1260 2577 1432 2641 μόνον,
1482 2573 1508 2623 ὁ
1564 2573 1742 2644 μεῖζόν
1780 2569 1917 2623 ἐστιν

329 2657 402 2720 εἰς
427 2663 626 2714 πίστιν.
679 2665 797 2721 Πῶς
843 2657 930 2711 οὖν
975 2658 1282 2731 ἐθαυμάσθη
1322 2660 1510 2732 μᾶλλον
1541 2661 1566 2712 6
1614 2660 1920 2731 ἑκατόνταρ-

322 2765 462 2819 χος;
504 2751 645 2800 Διότι
686 2748 713 2799 ό
886 2747 1089 2821 λεπρὸς,
1136 2745 1393 2809 Ἰουδαῖος
1434 2750 1522 2817 ὢν,
1573 2751 1810 2821 ἔμπειρος
1856 2744 1918 2804 ἦν

321 2844 423 2887 τῶν
481 2840 597 2909 περὶ
665 2842 757 2888 τοῦ
813 2843 1048 2910 Χριστοῦ
1123 2847 1495 2911 μαρτυρουσῶν
1557 2836 1767 2908 βίϐλων,
1826 2840 1916 2888 καὶ

322 2923 517 2981 πολλὴν
548 2924 769 2977 ἐντεῦθεν
806 2923 944 2996 εἶχεν
992 2924 1259 2998 εὐχέρειαν
1309 2926 1379 2986 εἰς
1426 2929 1484 2978 τό
1536 2934 1819 2978 πιστεῦσαι
1844 2942 1855 2954 ’
1892 2926 1917 2976 ὁ

330 3008 390 3063 δὲ
445 3011 838 3086 ἑκατόνταρχος,
896 3011 1092 3073 ἐθνικὸς
1147 3015 1423 3087 ὑπάρχων,
1477 3014 1736 3075 παντελῶς
1785 3013 1915 3086 ἀμύ·

330 3119 453 3161 ητος
506 3104 692 3153 τούτων
752 3098 832 3172 ἦν,
889 3106 977 3154 καὶ
1040 3099 1327 3174 οὐδαμόθεν
1380 3102 1586 3156 ἄλλοθεν
1659 3101 1914 3173 ὠδηγήθη

324 3192 459 3261 πρὸς
500 3194 592 3247 τὴν
636 3195 835 3259 πίστιν,
887 3190 916 3248 ἣ
969 3188 1069 3243 ἀπὸ
1123 3195 1286 3262 μόνης
1331 3196 1537 3263 γνώμης
1589 3191 1772 3265 ὀρθῆς.
1831 3196 1917 3245 Διό

322 3283 416 3329 καὶ
462 3278 735 3350 ὑπερετίθη
793 3286 893 3330 τῶν
942 3281 1329 3331 πιστευσάντων
1388 3279 1440 3343 ἐξ
1492 3280 1725 3353 Ἰσραήλ.
1777 3280 1919 3333 Ἐπεὶ

324 3363 387 3419 δὲ
422 3369 482 3417 τό
510 3372 628 3440 περὶ
666 3375 761 3428 τῆς
806 3366 1192 3439 ἀντεισαογωγῆς
1234 3377 1332 3419 tim
1382 3368 1436 3431 ἐξ
1474 3367 1627 3421 ἐθνῶν
1666 3374 1754 3421 καὶ
1785 3368 1919 3421 ἀπο-

322 3454 485 3516 ϐολῆς
530 3464 626 3506 τῶν
659 3452 946 3523 Ἰουδαίων,
996 3455 1259 3528 ἀπόφασις
1289 3454 1367 3523 ἦν,
1414 3456 1621 3530 βεϐαιοῖ
1648 3466 1796 3509 τοῦτο
1828 3456 1922 3511 διὰ

326 3548 570 3615 σημείου.
598 3548 781 3596 Σκόπει
809 3547 933 3616 γάρ,

398 3636 499 3685 Καὶ
552 3628 685 3684 εἶπεν
742 3663 809 3673 —
857 3652 960 3686 σοι.
1028 3630 1259 3696 Ἐδειξεν
1312 3635 1339 3686 ό
1396 3638 1617 3707 Χριστὸς
1671 3634 1917 3703 ἐντεῦθεν,

324 3723 401 3773 ὅτι
487 3719 688 3793 μεγάλα
768 3720 1112 3791 συμϐάλλεται
1189 3725 1320 3794 πρὸς
1395 3725 1816 3796 θαυματουργίαν
1884 3727 1914 3783 ἡ

322 3815 505 3871 πίστις
551 3816 642 3861 τοῦ
695 3806 936 3881 δεομένου
1003 3809 1190 3872 αὐτῆς.
1246 3810 1330 3871 Ὠς
1380 3811 1710 3879 ἐπίστευσας,
1766 3818 1914 3884 φησὶ,

321 3900 705 3970 γενηθήτωσοι,
757 3902 1047 3963 τουτέστιν,
1110 3903 1329 3972 Επείπερ
1375 3899 1704 3969 ἐπίστευσας,
1758 3898 1919 3954 δύνα-

328 3990 452 4040 σθαί
493 4006 577 4059 με,
622 3990 712 4038 καὶ
756 3990 825 4045 μὴ
879 3984 1087 4039 ἐλθόντα
1138 3988 1210 4049 εἰς
1265 3992 1350 4040 τόν
1407 3986 1545 4041 οἶκόν
1592 4009 1708 4057 σου,
1770 3992 1920 4064 θερα-

320 4084 518 4130 πεῦσαι
545 4078 634 4128 τόν
664 4076 965 4147 πάσχοντα,
994 4078 1261 4147 γενηθήτω
1287 4078 1467 4138 οὕτως.

399 4170 500 4218 Καὶ
568 4163 689 4221 ἰάθη
751 4194 816 4207 --
886 4163 1072 4236 ἐκείνῃ.
1156 4164 1355 4240 Ὠσπερ
1422 4165 1503 4218 ἐπὶ
1579 4175 1671 4220 τοῦ
1730 4168 1920 4242 λεπροῦ

322 4250 460 4307 εἶπεν
509 4254 534 4304 6
578 4252 962 4324 εύαγγελιστῆς,
1009 4255 1090 4306 ὃτι
1143 4254 1326 4316 εὐθέως
1373 4254 1695 4328 ἐκαθαρίσθη
1725 4274 1736 4287 ·
1786 4257 1919 4309 οὕτω

321 4347 415 4395 καὶ
439 4349 544 4413 νῦν,
589 4343 669 4393 ὅτι
712 4341 831 4399 ἰάθη
862 4340 910 4393 ἐν
958 4350 1019 4414 τῇ
1053 4344 1162 4417 ὥρᾳ
1196 4344 1386 4416 ἐκείνῃ,
1440 4346 1617 4399 Ταῦτα
1649 4342 1706 4397 δὲ
1752 4365 1919 4419 προσ-

324 4433 526 4498 έθηκεν,
584 4429 655 4490 εἰς
708 4429 929 4493 αὔξησιν
972 4438 1068 4482 τῶν
1094 4414 1103 4417 -
1128 4414 1424 4502 θαυμάτων.
1485 4434 1559 4485 Ού
1609 4439 1761 4506 μόνον
1792 4414 1917 4510 λγάρ
1954 4414 1997 4467 D

328 4514 485 4567 ἐτέλει
540 4514 834 4587 παράδοξα,
905 4517 1032 4570 ἀλλά
1097 4524 1186 4572 καὶ
1234 4519 1281 4571 ἐν
1344 4519 1659 4595 βραχυτάτη
1734 4530 1918 4596 καιροῦ

330 4603 465 4675 ῥοπῇ
498 4606 585 4660 τὴν
614 4603 801 4656 οἰκείαν
839 4603 1060 4679 δύναμιν
1099 4604 1448 4660 ἐπεδείκνυτο.
1493 4615 1628 4663 Φασὶ
1663 4607 1721 4662 δὲ
1763 4630 1914 4675 τινες,

330 4690 506 4761 ἕτερον
558 4686 686 4742 εἶναι
741 4696 821 4744 τὸν
890 4694 1271 4768 ἑκατόνταρχον
1317 4704 1521 4766 τοῦτον,
1595 4704 1684 4751 καὶ
1751 4700 1917 4771 ἕτερον

324 4781 415 4830 τόν
446 4782 590 4851 παρά
622 4788 693 4850 τῷ
740 4786 917 4855 Λουκᾴ
947 4784 1058 4856 (69)
1090 4790 1549 4858 μνημονευόμενον.
1592 4789 1787 4839 Τούτου
1827 4791 1917 4859 μὲν

394 4957 444 4993 ⁵ο
474 4957 656 5014 Exod.
687 4974 766 5024 1v,
799 4962 890 5016 22.
1005 4960 1049 4997 ⁶¹
1082 4961 1220 5017 Luc.
1252 4976 1353 5027 v11,
1385 4965 1417 5018 2
1448 4978 1621 5035 seqq.

2024 448 2307 521 appellati
2326 452 2464 504 sunt
2491 464 2503 502 :
2528 447 2609 504 ita
2640 463 2781 503 sane
2811 453 2867 504 et
2892 448 3076 504 abditi
3102 448 3447 504 fruitionum
3471 463 3672 503 reces-

2024 555 2146 609 sus,
2180 542 2241 593 in
2270 537 2491 609 quibus
2523 541 2610 592 est
2640 537 2966 603 Abraham,
3001 538 3164 593 sinus
3194 538 3495 593 Abraham
3528 536 3670 593 dicti

2023 634 2177 682 sunt.
2209 630 2356 683 Nam
2386 626 2528 698 quia
2558 625 2849 696 insignior
2878 629 3004 682 erat
3032 626 3335 682 Abraham
3365 627 3529 698 apud
3560 629 3668 682 He-

2021 715 2232 779 braeos,
2259 714 2394 771 ideo
2416 730 2516 769 eos
2533 714 2772 786 proprie
2792 713 2978 786 ipsius
3000 715 3299 771 Abraham
3318 715 3666 771 nominavit.

2093 806 2254 860 Vers.
2291 805 2378 858 12.
2405 804 2551 860 Filii
2577 810 2773 860 autem
2804 835 2872 843 —
2896 804 3174 860 dentium.
3212 806 3478 877 Regnum
3508 819 3671 861 nunc

2024 896 2209 949 Deum
2250 892 2632 963 intelligimus
2675 908 2688 947 :
2730 891 2878 947 ﬁlios
2926 896 3124 947 autem
3173 893 3321 963 ejus,
3362 894 3665 949 Israelitas.

2022 982 2238 1047 Filius,
2280 981 2492 1054 inquit,
2536 980 2967 1052 primogenitus
3003 996 3155 1036 meus
3188 981 3380 1038 Israel
3417 983 3500 1050 5°;
3553 980 3667 1047 vel,

2024 1086 2277 1141 regnum
2326 1070 2593 1142 quidem,
2644 1074 2928 1126 aeternam
2972 1070 3281 1141 requiem:
3339 1069 3491 1125 ﬁlios
3530 1085 3672 1126 vero

2026 1160 2157 1231 ejus
2184 1159 2385 1215 vocari
2411 1174 2572 1215 nunc
2592 1158 2849 1225 Judaeos,
2875 1163 3163 1231 tanquam
3183 1158 3298 1213 hoc
3324 1158 3676 1214 existiman-

2028 1252 2111 1304 tes
2142 1249 2285 1320 (gg),
2318 1263 2389 1305 eo
2417 1247 2584 1320 quod
2612 1262 2818 1303 semen
2844 1251 3043 1303 essent
3066 1247 3386 1303 Abraham.
3422 1246 3549 1313 Qui,
3586 1246 3674 1302 iu-

2025 1337 2174 1409 quit,
2231 1352 2358 1393 sese
2413 1340 2626 1408 putant
2673 1351 2804 1391 esse
2857 1334 3031 1401 ﬁlios,
3085 1337 3383 1407 ejicientur
3433 1339 3677 1407 propter

2026 1441 2199 1482 suam
2226 1426 2713 1481 incredulitatem.
2739 1425 3079 1495 Ejicientur
3103 1430 3324 1491 autem,
3358 1424 3528 1490 idest,
3563 1427 3675 1480 Ex-

2026 1514 2339 1588 pellantur.
2414 1514 2690 1570 Tenebrae
2744 1529 2886 1570 vero
2951 1513 3286 1580 exteriores,
3358 1513 3525 1569 locus
3588 1516 3676 1570 est

2026 1602 2298 1675 supplicii
2328 1602 2711 1658 miserrimus.

2027 1780 2161 1834 Haec
2199 1781 2397 1833 autem
2429 1776 2594 1842 dixit,
2625 1776 2847 1833 fastum
2887 1777 3291 1849 comprimens
3327 1776 3675 1833 Judaaorum

2026 1866 2131 1937 qui
2153 1880 2283 1921 sese
2296 1864 2621 1936 jactabant,
2641 1864 2806 1936 quod
2823 1880 2855 1919 e
2876 1879 3090 1934 genere
3109 1869 3309 1920 essent
3324 1864 3629 1920 Abraham
3659 1881 3673 1919 :

2027 1959 2084 2010 et
2107 1953 2419 2010 consolans
2456 1968 2559 2008 eos
2600 1953 2704 2025 qui
2740 1967 2770 2007 e
2800 1952 3077 2022 gentibus
3120 1957 3310 2018 erant,
3352 1952 3677 2008 attrahens-

2026 2058 2143 2115 que
2182 2043 2255 2097 ad
2297 2056 2469 2097 suam
2504 2040 2707 2096 ﬁdem.
2752 2044 2899 2096 Nam
2938 2040 3109 2096 multi
3152 2055 3389 2113 quoque
3428 2038 3678 2110 gentiles

2025 2134 2267 2202 propter
2299 2132 2472 2198 signa
2504 2128 2910 2200 sequebantur
2948 2144 3106 2184 eum.
3151 2131 3217 2184 Et
3253 2128 3341 2183 his
3380 2132 3580 2185 autem
3619 2131 3678 2184 et

2024 2219 2136 2276 illis
2196 2217 2507 2274 utilitatem
2572 2216 2953 2289 procumbat,
3017 2232 3092 2272 ne
3151 2216 3228 2272 illi
3286 2216 3672 2282 conﬁderent,

2025 2308 2199 2381 quasi
2230 2311 2471 2372 stantes,
2510 2320 2705 2378 neque
2734 2305 2792 2361 hi
2828 2305 3233 2376 desperarent,
3275 2304 3447 2376 quasi
3478 2304 3677 2375 jacen-

2025 2401 2129 2454 tes.

2097 2483 2414 2541 Considera
2438 2498 2579 2539 vero
2603 2483 2768 2555 quod
2793 2481 3057 2538 centurio
3081 2481 3333 2538 verbum
3360 2480 3627 2553 exposcit
3653 2497 3668 2537 :

2024 2573 2296 2647 leprosus
2334 2578 2534 2629 autem
2571 2571 2760 2628 solam
2792 2570 3183 2637 voluntatem,
3225 2570 3390 2643 quod
3428 2569 3673 2641 majoris

2026 2667 2112 2720 est
2132 2662 2291 2718 ﬁdei.
2317 2663 2508 2727 Quare
2534 2676 2675 2731 ergo
2700 2660 2892 2730 magis
2913 2658 3295 2716 admirationi
3318 2659 3557 2715 habitus
3582 2662 3675 2715 est

2027 2751 2328 2810 centurio?
2349 2750 2498 2814 Quia
2514 2750 2805 2823 leprosus,
2823 2765 2960 2804 cum
2984 2754 3134 2805 esset
3152 2748 3412 2813 Judaeus,
3427 2751 3675 2804 noverat

2024 2842 2221 2908 libros,
2250 2841 2353 2914 qui
2382 2841 2455 2896 de
2480 2839 2708 2895 Christo
2729 2838 3205 2903 testiﬁcabantur,
3233 2841 3293 2892 et
3319 2836 3459 2892 inde
3486 2836 3675 2894 multa

2025 2930 2306 2992 habebat,
2338 2928 2560 3001 quibus
2590 2926 2757 2983 facile
2785 2925 2863 2980 ad
2891 2925 3071 2980 ﬁdem
3105 2924 3497 2980 induceretur.
3529 2925 3672 2978 Cen-

2027 3019 2174 3076 turio
2203 3034 2341 3073 vero
2372 3032 2508 3072 cum
2540 3015 2810 3071 ethnicus
2850 3018 3024 3078 esset,
3069 3029 3104 3069 a
3135 3013 3299 3069 nullo
3330 3012 3568 3068 aliunde
3596 3011 3677 3067 ad

2026 3108 2207 3163 ﬁdem
2238 3105 2588 3170 ducebatur,
2620 3118 2807 3175 quam
2838 3118 2873 3159 a
2912 3102 3039 3157 sola
3072 3106 3231 3157 recta
3263 3106 3457 3156 mente
3492 3118 3503 3152 :
3538 3100 3675 3156 ideo

2028 3196 2205 3251 etiam
2231 3193 2583 3266 praepositus
2604 3195 2690 3247 est
2705 3190 3074 3246 credentibus
3090 3205 3162 3244 ex
3182 3188 3375 3245 Israel.
3399 3187 3545 3243 Cum
3572 3203 3676 3244 διι-

2026 3289 2147 3341 tem
2174 3284 2248 3338 de
2273 3281 2707 3337 iutroductione
2734 3278 3001 3349 gentium
3028 3283 3085 3334 et
3109 3278 3424 3348 rejectione
3448 3277 3676 3331 Judazo-

2025 3389 2160 3428 rum
2188 3374 2342 3427 facta
2372 3371 2445 3425 sit
2474 3370 2716 3434 mentio,
2749 3366 3063 3425 conﬁrmat
3090 3367 3246 3424 hanc
3276 3382 3383 3439 per
3411 3366 3671 3437 signum.

2026 3461 2171 3519 Vide
2201 3475 2343 3530 ergo
2372 3458 2519 3532 quid
2546 3462 2852 3530 sequatur.

2100 3637 2268 3693 Vers.
2317 3639 2396 3691 l3.
2431 3636 2505 3689 Et
2536 3634 2617 3689 ait
2649 3664 2718 3675 ——
2749 3633 2880 3689 tibi.
2922 3633 3070 3689 Hinc
3102 3633 3362 3690 ostendit
3388 3633 3676 3704 Christus,

2029 3727 2183 3800 quod
2219 3724 2539 3796 plurimum
2570 3722 2833 3777 conferat
2862 3722 2939 3777 ad
2971 3722 3241 3777 miraculi
3270 3722 3678 3793 operationem

2030 3815 2173 3870 ﬁdes
2202 3810 2575 3882 deprecantis
2604 3809 2755 3881 (hh).
2788 3809 2956 3864 Sicut
2986 3809 3307 3873 credidisti,
3336 3809 3549 3880 inquit,
3573 3812 3678 3878 ﬁat

2031 3903 2172 3969 tibi;
2212 3901 2326 3956 hoc
2360 3905 2467 3963 est,
2508 3898 2657 3963 Quia
2696 3897 2993 3953 credidisti
3034 3913 3128 3954 me
3169 3913 3350 3969 posse
3385 3902 3677 3967 aagrotum

2029 4005 2252 4056 curare,
2308 3987 2441 4044 licet
2495 3986 2747 4043 domum
2804 3990 2971 4041 tuam
3028 4001 3150 4042 non
3204 3985 3527 4055 ingrediar,
3597 3985 3679 4042 ita

2028 4079 2156 4136 ﬁat.

2099 4168 2264 4225 Vers.
2312 4169 2394 4221 13.
2436 4165 2516 4221 Et
2554 4171 2796 4220 sanatus
2836 4194 2907 4205 —
2943 4163 3075 4220 illa.
3122 4162 3278 4219 Sicut
3323 4163 3398 4219 de
3437 4162 3679 4234 leproso

2029 4257 2171 4314 dixit
2192 4255 2577 4327 evangelista,
2604 4254 2770 4327 quod
2790 4253 3099 4311 confestim
3120 4253 3450 4310 mundatus
3473 4258 3575 4321 est,
3600 4253 3683 4310 ita

2030 4352 2085 4404 et
2114 4361 2274 4402 nunc
2304 4345 2469 4416 quod
2500 4348 2745 4401 sanatus
2775 4348 2863 4399 est
2900 4343 2959 4399 in
2990 4342 3091 4399 illa
3117 4342 3287 4400 hora.
3322 4346 3454 4398 Haec
3483 4346 3680 4399 autem

2030 4438 2106 4493 ad
2132 4439 2524 4505 augmentum
2551 4432 2782 4489 addidit
2811 4432 3259 4489 miraculorum.
3294 4435 3493 4505 Neque
3520 4433 3681 4488 enim

2029 4523 2223 4579 solum
2241 4521 2594 4579 admiranda
2616 4524 2893 4594 operatus
2919 4526 3027 4585 est,
3054 4520 3155 4576 sed
3183 4519 3361 4576 etiam
3385 4520 3445 4574 in
3463 4518 3683 4575 brevis-

2029 4612 2180 4667 simo
2204 4611 2487 4683 temporis
2519 4614 2821 4665 momento
2841 4625 3012 4664 suam
3031 4608 3457 4663 demonstravit
3476 4612 3682 4679 poten-

2029 4699 2193 4758 tiam.
2229 4699 2483 4765 Quidam
2511 4701 2702 4752 autem
2733 4697 2937 4752 dicunt
2971 4695 3155 4751 alium
3187 4709 3318 4749 eese
3346 4694 3507 4749 hunc
3538 4709 3681 4749 cen—

2027 4788 2342 4853 turionem,
2384 4792 2441 4843 et
2471 4785 2655 4842 alium
2701 4800 2838 4840 eum
2880 4783 2954 4839 de
2992 4797 3114 4854 quo
3158 4782 3319 4853 apud
3353 4781 3564 4838 Lucam
3597 4784 3672 4839 ⁸³.

1563 5113 1790 5183 Variae
1821 5114 2148 5183 lectiones
2181 5125 2245 5183 et
2285 5123 2464 5183 notae

392 5254 504 5327 (69)
538 5260 629 5307 τοῦ
659 5259 859 5312 Λουκᾶ.
892 5258 958 5315 Α.
994 5258 1321 5330 Utrumque
1350 5257 1552 5315 locum
1579 5258 1804 5316 habere
1832 5262 2048 5333 potest.

394 5432 517 5578 ξας)
545 5433 987 5492 Existimanles.
1020 5437 1453 5506 Exspectantes.

421 5504 521 5578 hh)
555 5504 958 5578 Deprecantis.
991 5506 1185 5578 Αὐτῆς,
1211 5507 1250 5565 i.
1282 5524 1333 5564 e.
1355 5516 1449 5574 τῆς

421 5504 521 5578 hh)
555 5504 958 5579 Deprecantis.
991 5504 1185 5579 Αὐτῆς,
1211 5507 1250 5565 i.
1282 5524 1333 5564 e.
1355 5516 1449 5574 τῆς
1477 5509 1919 5587 θαυματουργίας,

2029 5438 2281 5493 fortasse
2322 5437 2382 5493 in
2426 5452 2535 5493 suo
2575 5434 2778 5493 codice
2816 5450 2940 5491 non
2982 5433 3289 5491 invenerat
3327 5434 3683 5497 Hentenius,

2030 5509 2229 5566 Redde
2254 5509 2396 5579 ﬁdes
2436 5510 2578 5581 ejus,
2619 5508 2725 5579 qui
2764 5522 2832 5566 ea
2861 5505 3299 5579 (θαυματουργία)
3323 5511 3470 5576 eget.
