4206 6310
503 344 608 399 287

1810 337 2146 395 EUTHYMII
2186 335 2489 392 ZIGABEN
2495 336 2515 391 Ι

3722 334 3842 394 288

402 528 407 535 ,
474 469 660 539 Hujus
691 467 989 541 siquidem
1015 466 1172 522 ﬁlius
1202 469 1325 522 erat
1348 465 1729 538 paralyticus,
1758 465 1895 521 ilius
1925 467 2124 521 autem

2243 465 2360 535 γὰρ,
2416 470 2535 523 παῖς
2598 460 2658 521 ἧν
2729 459 3174 535 παραλελυμένος⁵
3228 457 3415 513 ἐκείνου
3466 456 3547 527 δε,
3616 456 3837 525 δοῦλος.

473 574 702 614 servus.
740 561 801 612 Et
829 558 926 613 hic
965 558 1123 612 venit
1154 556 1233 612 ad
1262 559 1501 621 Jesum;
1534 556 1629 611 ille
1673 570 1815 613 vero
1861 556 2124 627 primum

473 647 718 719 quidem
750 646 913 701 misit
943 647 1203 701 seniores
1246 647 1606 709 Iudaeorum,
1653 645 1868 700 deinde
1900 644 2126 700 amicos

474 752 637 791 suos.
654 738 937 791 Prteterea
962 736 1069 791 iste
1094 751 1212 791 non
1238 735 1429 791 solum
1454 734 1513 789 in
1538 734 1787 789 domum
1807 750 1979 789 suam
2003 749 2125 789 non

471 825 703 881 vocavit
730 825 1047 890 Christum,
1073 825 1177 879 sed
1194 828 1250 879 et
1264 824 1463 879 venire
1481 822 1777 878 volentem
1800 822 2121 894 prohibuit.

472 914 570 971 Ille
602 919 801 972 autem
832 915 1093 986 primum
1138 913 1379 986 quidem
1424 928 1530 984 per
1564 912 1828 968 seniores
1872 912 2124 979 vocavit,

472 1005 859 1077 postmodum
890 1019 1030 1058 vero
1069 1019 1175 1075 per
1213 1002 1439 1058 amicos
1480 1001 1806 1074 prohibuit.
1844 1002 1990 1056 Cum
2022 1016 2126 1057 au-

470 1098 595 1149 tem
622 1092 975 1164 hujusmodi
1014 1092 1197 1146 insint
1221 1090 1614 1155 diversitates,
1660 1090 1953 1146 accedunt
1981 1106 2127 1163 quo-

473 1198 591 1254 que
605 1186 660 1237 et
678 1180 872 1236 multa:
892 1180 1326 1235 similitudines.
1343 1180 1538 1235 Ambo
1552 1180 1710 1235 enim
1726 1180 2125 1244 centuriones,

474 1275 531 1326 et
552 1272 925 1341 Capernaum
947 1273 1409 1333 commorantes,
1432 1272 1488 1324 et
1507 1284 1615 1341 pro
1637 1268 1965 1340 paralytico
1986 1284 2128 1324 mua-

473 1362 669 1414 rentes
683 1359 902 1423 animo,
920 1358 1316 1429 eamdemque
1337 1356 1515 1411 ﬁdem
1531 1357 1651 1411 suis
1667 1356 1865 1412 verbis
1883 1357 2129 1412 demon-
2172 1348 2175 1351 ’

478 1450 751 1511 strantes,
795 1448 848 1500 et
888 1446 1103 1517 mquali
1151 1443 1434 1499 beneﬁcio
1488 1443 1701 1500 aﬂ‘ecti.
1744 1444 1890 1500 Dicit
1927 1448 2129 1501 autem

477 1534 942 1606 Chrysostomus
968 1533 1248 1589 eumdem
1275 1548 1400 1589 esse
1429 1538 1485 1588 et
1514 1534 1675 1604 apud
1702 1533 2047 1589 Matthaaum
2072 1538 2131 1589 et

477 1623 639 1696 apud
682 1625 923 1678 Lucam.
982 1622 1289 1693 Siquidem
1345 1621 1536 1677 Lucas
1588 1621 1903 1690 diligentiae
1941 1638 2130 1677 causa

475 1713 680 1769 omnia
710 1709 1001 1765 minutula
1032 1713 1344 1765 exsecutus
1382 1715 1490 1773 est,
1527 1713 1733 1780 praeter
1761 1708 2129 1765 centurionis

2237 557 2337 604 Καὶ
2390 552 2538 612 οὗτος
2594 554 2683 624 μὲν
2727 547 2847 608 ἦλθε
2894 553 3018 623 πρὸς
3073 552 3158 600 τὸν
3212 553 3441 622 Χριστόν
3473 565 3485 579 ·
3534 547 3724 611 ἐκεῖνος
3774 548 3843 604 δὲ

2234 639 2445 713 ἔπεμψε,
2522 648 2724 715 πρῶτον
2782 642 2870 711 μὲν
2934 636 3311 711 πρεσϐυτέρους
3376 645 3473 689 τῶν
3533 635 3840 707 Ἰουδαίων,

2235 728 2345 781 εἶτα
2384 728 2561 801 φίλους
2591 729 2768 780 αὐτοῦ.
2822 732 2922 780 Καὶ
2951 723 3095 787 οὗτος
3120 730 3209 799 μὲν
3258 727 3316 778 ού
3361 730 3512 798 μόνον
3560 727 3654 779 οὐκ
3699 726 3838 779 ἑκά-

2233 818 2348 870 λεσε
2394 822 2479 870 τὸν
2534 821 2760 893 Χριστόν
2820 817 2891 877 εἰς
2942 821 3033 874 τὴν
3084 815 3269 868 ἑαυτοῦ
3316 815 3505 882 οἰκίαν,
3558 815 3686 867 ἀλλὰ
3739 821 3841 869 καὶ

2237 906 2544 979 βουλόμενον
2597 906 2753 959 ﬁeri;
2808 904 3058 958 ἐκώλυσεν
3086 920 3099 935 °
3138 905 3323 965 ἐκεῖνος
3373 900 3431 956 δὲ
3485 912 3685 976 πρῶτον
3737 908 3838 977 μεν

2235 994 2467 1049 ἐκάλεσεν
2515 995 2669 1048 αὐτὸν
2718 992 2813 1047 διὰ
2856 1002 2954 1046 τῶν
3001 992 3376 1068 πρεσϐυτέρων,
3420 990 3531 1045 εἶτα
3581 989 3675 1046 διὰ
3728 1001 3840 1046 τῶν

2236 1084 2390 1157 φίλων
2422 1083 2692 1137 ἐκώλυσεν.
2726 1082 2973 1156 Ἔχοντες
3002 1078 3061 1135 δὲ
3088 1085 3334 1143 τοιαύτας
3374 1079 3647 1156 διαφορᾶς,
3692 1084 3843 1155 ὅμως

2234 1175 2426 1244 ἔχουσι
2476 1178 2563 1225 καὶ
2622 1172 2812 1235 πολλὰς
2879 1174 3231 1244 ὁμοιότητας·
3292 1170 3670 1246 ἑκατόνταρχοι
3725 1173 3841 1246 γὰρ

2235 1262 2409 1333 ἄμφω,
2456 1266 2545 1313 καὶ
2592 1260 2640 1313 έν
2681 1264 3023 1335 Καπερναοὺμ
3071 1260 3343 1324 οἰκοῦντες,
3390 1264 3481 1312 καὶ
3526 1258 3609 1312 ἐπὶ
3652 1279 3844 1334 παρα-

2234 1349 2427 1421 λυτικῷ
2476 1349 2782 1422 θλιϐόμενοι,
2820 1353 2910 1401 καὶ
2960 1353 3054 1407 τὴν
3108 1348 3267 1407 αὐτὴν
3324 1351 3501 1401 πίστιν
3553 1352 3680 1420 μετὰ
3734 1356 3845 1400 τῶν

2237 1438 2400 1492 αὐτῶν
2446 1439 2608 1510 λόγων
2656 1435 3084 1509 ἐπιδεικνύμενοι,
3140 1442 3230 1489 καὶ
3277 1444 3376 1489 τῶν
3417 1440 3545 1489 ἴσων
3595 1436 3848 1509 ἀξιούμε-

2235 1547 2329 1579 νοι.
2365 1532 2501 1586 Φησὶ
2532 1524 2591 1580 δι
2620 1529 2645 1579 6
2678 1526 3205 1601 Χρυσόστόμοςσο),
3238 1527 3318 1578 ὅτι
3351 1527 3375 1577 ό
3404 1525 3559 1587 αὐτός
3580 1524 3714 1595 ἐστι,
3750 1530 3846 1579 καὶ

2236 1619 2380 1691 παρὰ
2420 1625 2492 1688 τῷ
2534 1618 2787 1686 Ματθαίῳ
2829 1620 2919 1667 καὶ
2966 1617 3109 1687 παρὰ
3146 1622 3216 1685 τῷ
3264 1620 3462 1684 Λουκᾷ,
3516 1619 3616 1667 Καὶ
3653 1617 3761 1689 γὰρ
3818 1616 3847 1667 ὁ

2237 1709 2327 1777 μὲν
2394 1711 2623 1771 Λουκᾶς,
2697 1704 2962 1779 ἀκριϐείας
3022 1705 3201 1771 ἕνεκεν,
3275 1705 3445 1755 πάντα
3511 1702 3849 1778 λεπτομερῶς

473 1799 855 1874 praesentiam
888 1816 905 1853 :
936 1799 1240 1855 Matthaeus
1269 1812 1411 1853 vero
1449 1798 1754 1853 brevitatis
1794 1797 2007 1866 gratia,
2042 1813 2128 1853 se-

2243 1792 2540 1865 ᾶπήγγειλε,
2585 1793 2717 1851 πλὴν
2766 1801 2859 1855 τῆς
2914 1800 3005 1844 τοῦ
3054 1792 3441 1867 ἑκατοντάρχου
3499 1797 3801 1865 παρουσίας
3830 1810 3843 1822 ·

474 1890 715 1944 niorum
759 1892 937 1959 atque
987 1886 1318 1941 amicorum
1364 1885 1685 1941 missiones
1732 1886 2127 1957 praetermisit,

476 1977 656 2049 quasi
689 1991 813 2031 non
854 1974 1260 2039 necessarias;
1302 1973 1489 2029 solam
1529 1977 1731 2029 autem
1770 1973 2131 2029 centurionis

476 2065 679 2128 ﬁdem,
729 2069 786 2118 et
822 2062 1066 2117 laudem
1106 2077 1291 2130 quam
1330 2064 1573 2133 propter
1614 2076 1748 2118 eam
1780 2062 2127 2133 promeruit,

477 2157 533 2208 et
563 2150 919 2207 miraculum
958 2149 1018 2204 in
1060 2148 1388 2221 paralytico
1427 2150 1647 2205 factum
1687 2152 1889 2222 aperte
1918 2150 2131 2206 descri-

477 2241 617 2313 psit.

552 2326 793 2396 Oportet
820 2326 1022 2377 tamen
1049 2338 1149 2378 eas
1171 2337 1307 2394 quas
1343 2321 1640 2393 videntur,
1672 2325 1736 2378 ut
1763 2321 1990 2378 dictum
2024 2326 2130 2389 est,

482 2410 710 2469 solvere
740 2411 1131 2468 diversitates.
1162 2412 1287 2472 παῖς
1316 2412 1448 2484 (pro
1477 2427 1599 2485 quo
1624 2410 1721 2468 hic
1746 2428 2001 2485 puerum
2029 2413 2134 2469 ha-

478 2502 709 2574 bemus)
773 2502 986 2557 dicitur
1045 2517 1169 2558 non
1229 2501 1424 2558 solum
1488 2500 1668 2569 ﬁlius,
1736 2501 1842 2558 sed
1902 2507 1958 2558 et
2018 2518 2135 2558 ser-

479 2607 613 2647 vus.
686 2590 951 2647 Habebat
1007 2591 1187 2656 enim,
1246 2590 1459 2662 inquit,
1533 2587 1732 2653 παῖδας
1796 2594 1882 2644 καὶ
1948 2589 2133 2645 παιδί-

482 2699 634 2748 σκας,
665 2680 781 2737 hoc
811 2683 920 2744 est,
966 2694 1163 2735 servos
1213 2681 1273 2737 et
1320 2680 1571 2736 ancillas
1602 2681 1669 2733 ⁸³.
1717 2681 1887 2746 Quod
1931 2686 2132 2738 autem

479 2768 784 2825 Matthaaus
835 2766 980 2821 dixit
1027 2767 1349 2822 accessisse
1398 2769 1803 2824 centurionem
1852 2769 1932 2825 ad
1976 2770 2134 2827 Chri-

483 2860 667 2923 stum,
711 2855 898 2910 Lucas
941 2870 1083 2910 vero
1131 2854 1366 2910 misisse
1409 2855 1486 2911 ad
1528 2856 1726 2927 ipsum
1769 2857 2031 2913 seniores
2079 2863 2136 2914 et

479 2943 867 3017 postmodum
922 2942 1171 3013 amicos,
1225 2946 1459 3014 oportet
1512 2944 1836 3015 intelligere
1887 2951 1943 3002 et
1996 2947 2131 3015 hoc,

481 3037 539 3089 et
582 3032 726 3087 illud
790 3032 1014 3089 factum
1079 3031 1279 3088 fuisse.
1351 3032 1615 3087 Primum
1678 3034 1924 3106 quidem
1976 3035 2136 3091 misit

2239 1885 2265 1934 6
2298 1879 2355 1935 δὲ
2399 1884 2687 1952 Ματθαίος,
2741 1887 3013 1953 συντομίας
3064 1882 3246 1953 χάριν,
3277 1883 3371 1942 τὰς
3416 1882 3504 1952 μὲν
3544 1880 3656 1951 (71)
3707 1879 3841 1934 ἁπο-

2242 1970 2429 2031 στολάς
2479 1980 2579 2023 τῶν
2632 1970 2989 2045 πρεσϐυτέρων
3046 1975 3136 2022 καὶ
3189 1977 3288 2022 τῶν
3342 1968 3497 2041 φίλων
3534 1969 3843 2043 παρέλιπεν,

2240 2062 2305 2119 ὡς
2348 2059 2441 2111 ούκ
2489 2058 2793 2131 ἀναγκαίας,
2840 2064 2999 2131 μόνην
3040 2055 3099 2111 δε
3136 2061 3231 2117 τὴν
3276 2062 3454 2111 πίστιν
3495 2065 3585 2110 τοῦ
3629 2058 3847 2111 ἕκατον-

2240 2150 2469 2221 τάρχου,
2508 2151 2713 2200 καὶτὸν
2766 2144 2857 2201 διὰ
2887 2150 3080 2206 ταύτην
3124 2149 3348 2215 ἔπαινον,
3403 2150 3491 2200 καὶ
3528 2150 3587 2199 τό
3632 2145 3716 2200 ἰπὶ
3765 2155 3844 2201 τῶ

2240 2237 2576 2310 παραλυτικῷ
2608 2239 2784 2310 θαῦμα
2823 2246 2999 2310 σαφῶς
3034 2236 3311 2310 ἀνέγραψε.

2311 2330 2425 2399 Χρὴ
2487 2323 2545 2380 δε
2594 2322 2845 2379 διαλύσαι
2900 2331 2991 2379 καὶ
3026 2329 3113 2386 τὰς
3156 2322 3438 2391 δοκούσας,
3492 2328 3562 2387 ὡς
3609 2328 3846 2399 εἴρηται,

2243 2412 2518 2490 διαφοράς.
2570 2412 2749 2469 Παῖδα
2793 2414 3023 2488 λέγομεν,
3074 2414 3133 2467 οὐ
3178 2419 3331 2487 μόνον
3385 2417 3471 2467 τὸν
3523 2416 3653 2485 υἱὸν,
3711 2414 3850 2469 ἀλλὰ

2240 2508 2446 2558 καὶτὸν
2478 2501 2681 2557 δοῦλον.
2733 2500 2863 2576 Εἶχε
2898 2506 3023 2579 γὰρ,
3070 2508 3217 2575 φησι,
3261 2499 3467 2566 Παῖδας
3512 2508 3602 2556 καὶ
3647 2501 3843 2557 παιδί-

2244 2614 2394 2659 σκας,
2451 2592 2583 2665 ἀντὶ,
2635 2592 2857 2655 Δούλους
2898 2597 2988 2645 καὶ
3038 2589 3247 2653 δούλας.
3284 2591 3424 2645 Ἐπεὶ
3467 2589 3528 2645 δε
3568 2593 3845 2655 Ματθαῗος

2241 2686 2330 2754 μὲν
2378 2682 2536 2753 λέγει,
2581 2683 2963 2756 παραγενέσθαι
3007 2684 3095 2734 τὸν
3150 2681 3529 2754 ἑκατόνταρχον
3575 2684 3703 2756 πρὸς
3746 2686 3841 2735 τὸν

2244 2775 2467 2845 Χριστόν
2493 2788 2504 2800 ⁶
2556 2770 2760 2841 πέμψαι
2817 2767 2875 2824 δε
2921 2774 3048 2842 πρὸς
3086 2769 3240 2822 ἁύτόν
3284 2772 3309 2822 6
3348 2775 3553 2831 Λουκᾶς
3609 2768 3832 2844 πρεσϐυ-

2240 2863 2435 2931 τέρους,
2482 2855 2593 2911 εἶτα
2635 2860 2809 2930 φίλους
2841 2876 2853 2888 ·
2886 2864 2997 2932 χρὴ
3072 2866 3221 2923 νοεῖν,
3278 2861 3359 2912 ὅτι
3400 2863 3490 2910 καὶ
3544 2866 3693 2910 τοῦτο
3737 2855 3831 2909 κάο

2241 2943 2376 2999 κεῖνο
2440 2951 2637 3018 γέγονε.
2712 2954 2922 3022 Πρῶτον
2973 2949 3063 3019 μὶν
3131 2950 3233 3020 γὰρ
3296 2946 3491 3019 ἔπεμψε
3538 2949 3660 3008 τοὺς
3712 2964 3830 3019 πρε-

2246 3033 2541 3109 σϐυτέρους,
2588 3035 2899 3108 παρακαλῶν
2946 3035 3101 3088 αὐτὸν
3145 3035 3302 3089 ἐλθεῖν
3334 3052 3347 3065 ’
3377 3034 3488 3088 εἶτα
3516 3036 3716 3107 μαθὼν,
3751 3035 3835 3087 ὅτι

484 3122 749 3177 seniores
799 3121 1188 3193 deprecantes
1239 3120 1441 3193 ipsum
1489 3126 1553 3176 ut
1602 3125 1846 3179 veniret.
1914 3123 2134 3179 Deinde

2244 3126 2478 3196 ἔρχεται,
2536 3129 2625 3176 καὶ
2676 3122 2854 3177 ἑαυτὸν
2924 3129 3103 3198 κρίνας
3157 3122 3362 3187 ἀνάξιον
3418 3131 3512 3185 τῆς
3560 3120 3838 3195 ὑποδοχῆς

484 3211 673 3267 sciens
702 3227 840 3267 eum
870 3212 1088 3277 venire,
1120 3213 1177 3266 et
1203 3226 1330 3266 sese
1358 3210 1672 3281 indignum
1698 3212 1977 3283 judicans
2007 3213 2135 3284 ejus

483 3300 879 3373 susceptione,
926 3316 1165 3357 rursum
1211 3300 1440 3357 amicos
1480 3301 1661 3367 misit,
1698 3301 2025 3373 prohibens
2061 3318 2138 3359 ne

484 3389 723 3455 veniret,
743 3405 813 3445 ac
834 3389 1178 3459 signiﬁcans
1198 3405 1333 3461 quae
1360 3389 1506 3445 dixit
1525 3393 1732 3448 Lucas.
1750 3391 2137 3449 Postmodum

483 3494 623 3533 cum
649 3478 1011 3549 paralyticus
1035 3478 1448 3533 vehementius
1474 3478 1895 3535 dissolveretur
1921 3481 2005 3552 (ίι)
2034 3482 2136 3537 do-

484 3566 709 3622 loribus
750 3566 988 3638 (etenim
1027 3566 1175 3621 sicut
1217 3567 1400 3622 Lucas
1443 3566 1613 3631 dixit,
1661 3572 1785 3623 erat
1816 3569 1943 3639 jam
1983 3570 2138 3640 jam-

485 3670 603 3727 que
648 3655 1010 3721 moriturus),
1054 3669 1177 3710 non
1217 3654 1412 3710 ferens
1450 3656 1737 3721 centurio,
1780 3658 2038 3714 cucurrit
2084 3662 2142 3715 et

484 3744 613 3816 ipse
638 3747 772 3815 post
798 3743 1041 3810 amicos,
1075 3759 1325 3815 sperans
1354 3760 1461 3817 per
1486 3745 1743 3817 seipsum
1773 3746 2051 3803 obnixius
2078 3762 2141 3803 se

484 3832 965 3905 deprecaturum.
1007 3836 1329 3906 Postquam
1367 3838 1567 3891 autem
1609 3835 1787 3891 amici
1826 3836 2143 3893 nuntiave-

485 3926 623 3979 rant
660 3938 795 3994 quae
836 3922 920 3977 eis
956 3926 1339 3995 praeceperat,
1376 3923 1523 3979 dum
1561 3924 1948 3996 responderet
1983 3924 2143 3980 Chri-

487 4013 615 4065 stus
648 4026 782 4082 quaa
816 4010 1050 4082 scripsit
1083 4012 1291 4077 Lucas,
1343 4012 1539 4066 statim
1571 4013 1913 4083 supervenit
1939 4018 2140 4068 centu-

486 4098 597 4163 rio,
631 4104 683 4152 et
710 4098 1066 4169 priusquam
1093 4097 1300 4153 amicis
1342 4098 1711 4163 occurrisset,
1739 4100 1867 4153 viso
1894 4098 2141 4165 Christo,

486 4185 714 4241 fervore
754 4200 1041 4239 accensus
1080 4188 1186 4248 est,
1234 4188 1289 4239 et
1328 4199 1531 4239 rursus
1574 4185 1749 4257 quasi
1787 4186 1865 4241 ab
1900 4186 2145 4244 exordio

488 4272 847 4328 obsecrabat
885 4288 1040 4338 eum,
1085 4272 1288 4327 dicens
1331 4287 1343 4326 :
1385 4273 1652 4339 Domine,
1684 4288 1837 4342 puer
1864 4289 2023 4330 meus
2047 4277 2143 4345 ja-

489 4366 577 4418 cet
631 4361 695 4417 in
753 4360 923 4417 domo
976 4361 1375 4431 paralyticus,
1435 4366 1545 4417 etc.
1610 4362 1832 4420 Deinde
1886 4363 2147 4421 Christus

488 4449 696 4507 volens
743 4450 1003 4523 amplius
1051 4450 1421 4507 manifestari
1463 4451 1643 4509 ﬁdem
1694 4453 1843 4524 ejus,
1896 4470 2143 4527 respon-
2178 4483 2223 4538 ο

490 4539 575 4596 dit
610 4562 622 4597 :
660 4541 790 4612 Ego
830 4541 1055 4599 veniam
1096 4547 1149 4598 et
1185 4540 1405 4598 curabo
1448 4558 1599 4599 eum.
1644 4546 1899 4600 Rursum
1944 4544 2146 4600 subin-

490 4629 621 4687 tulit
664 4631 929 4686 centurio
964 4647 974 4685 :
1022 4631 1286 4702 Domine,
1329 4647 1449 4687 non
1488 4648 1615 4689 sum
1656 4633 1893 4703 dignus,
1937 4640 1999 4689 ut
2038 4634 2146 4690 sub

489 4726 708 4776 tectum
737 4735 926 4776 meum
956 4720 1162 4787 intres,
1195 4725 1250 4776 et
1280 4719 1395 4777 alia
1421 4737 1555 4793 quae
1583 4727 1934 4794 sequuntur,
1968 4722 2144 4779 veluti

487 4811 789 4867 Matthaeus
820 4810 1190 4883 conscripsit.
1238 4809 1613 4868 Manifestum
1657 4816 1746 4868 est
1784 4826 1948 4882 ergo,
1981 4812 2145 4885 quod

561 4988 607 5020 ⁵³
639 4988 779 5042 Gen.
813 5002 952 5053 xxx,
983 4986 1072 5041 43.

2245 3212 2427 3278 αὐτοῦ,
2500 3211 2830 3266 ἐπαπέστειλε
2913 3214 3033 3275 τούς
3117 3213 3315 3285 φίλους,
3387 3212 3593 3265 κωλύων
3678 3212 3839 3265 αὑτὸν

2244 3306 2334 3354 καὶ
2370 3304 2597 3374 μηνύων,
2632 3304 2732 3354 ὅσα
2772 3305 2927 3375 φησὶν
2957 3304 2983 3354 ό
3013 3307 3221 3363 Λουκᾶς
3244 3318 3258 3332 ο
3316 3303 3490 3354 ἔπειτα
3541 3307 3632 3353 τοῦ
3673 3320 3845 3375 παρα-

2244 3390 2456 3444 λυτικοῦ
2496 3388 2841 3466 σφοδρότερον
2883 3392 3256 3453 καταταθέντος
3296 3397 3413 3451 ταῖς
3456 3385 3699 3452 ὀδύναις·
3750 3393 3846 3442 καὶ

2246 3482 2367 3553 γὰρ,
2419 3482 2487 3543 ὡς
2535 3482 2560 3532 6
2610 3486 2817 3542 Λουκᾶς
2870 3480 2982 3552 (72)
3034 3477 3187 3551 εἶπεν,
3238 3478 3407 3551 ἔμελλε
3456 3478 3727 3549 τελευτᾷν·
3772 3482 3848 3550 μὴ

2249 3574 2409 3642 φέρων
2453 3571 2478 3621 ό
2523 3569 2925 3642 ἑκατόνταρχος,
2971 3566 3164 3641 ἔδραμε
3205 3572 3295 3619 καὶ
3336 3567 3489 3629 αύτός
3538 3566 3705 3619 ὀπίσω
3746 3575 3850 3619 τῶν

2250 3658 2423 3729 φίλων,
2485 3656 2702 3719 ἐλπίζων
2760 3655 2833 3709 δι’
2887 3657 3071 3710 ἑαυτοῦ
3134 3656 3324 3729 μᾶλλον
3387 3659 3682 3708 ἱκετεῦσαι·
3737 3654 3853 3708 ἐπεὶ

2251 3744 2310 3800 δε
2358 3749 2408 3799 οἶ
2462 3766 2516 3800 τε
2577 3746 2714 3819 φῦιοι
2762 3745 3102 3818 ἀπήγγειλαν,
3159 3748 3261 3798 ὅσα
3316 3744 3774 3818 παρηγγελθησαν,
3826 3745 3852 3796 ὅ

2247 3856 2300 3889 τε
2344 3839 2569 3911 Χριστὸς
2622 3833 2775 3904 εἶπεν,
2830 3836 2930 3887 ὅσα
2976 3836 3002 3886 6
3042 3840 3251 3898 Λουκᾶς
3308 3834 3565 3907 ἔγραψεν·
3617 3832 3859 3885 έπικατέ-

2249 3924 2399 3979 λαϐεν
2450 3926 2595 3986 εὐθὺς
2642 3926 2667 3976 6
2726 3923 3125 3997 ἑκατόνταρχος,
3180 3928 3269 3978 καὶ
3314 3927 3415 3995 πρὸ
3467 3929 3556 3975 τοῦ
3615 3920 3855 3992 ἐντυχεῖν

2251 4022 2356 4074 τοῖς
2418 4014 2598 4086 φίλοις,
2648 4011 2772 4065 ἰδὼν
2846 4015 2933 4065 τὸν
2992 4014 3224 4085 Χριστὸν
3281 4016 3372 4064 καὶ
3436 4006 3851 4083 διαθερμανθεὶς,

2256 4105 2508 4154 ἱκέτευσεν
2570 4101 2723 4153 αὐτόν
2790 4099 2843 4163 ἐξ
2919 4100 3114 4176 ἀρχῆς,
3178 4100 3351 4167 εἰπὼν,
3410 4102 3586 4173 Κύριε,
3645 4099 3670 4150 6
3726 4105 3857 4160 παῖς

2253 4209 2352 4261 μου
2417 4188 2666 4261 βέϐληται
2728 4187 2778 4241 ἐν
2844 4197 2905 4262 τῇ
2981 4189 3119 4259 οἰκίᾳ
3187 4187 3549 4263 παραλυτικὸς,
3623 4190 3713 4239 καὶ
3784 4189 3857 4240 τὰ

2255 4278 2370 4340 ἑξῆς
2403 4295 2414 4307 ·
2468 4275 2581 4330 εἶτα
2636 4280 2661 4330 ό
2718 4282 2967 4353 Χριστὸς,
3028 4276 3179 4330 θέλων
3232 4275 3490 4329 έπιπλεῐον
3557 4283 3857 4348 φανερῶσαι

2253 4371 2347 4425 τὴν
2404 4371 2583 4419 πίστιν
2640 4367 2818 4421 αὐτοῦ.
2890 4365 3195 4441 ἁπεκρίνατο
3225 4382 3237 4395 ’
3285 4366 3414 4437 Ἐγὼ
3465 4363 3617 4417 έλθὼν
3690 4366 3850 4437 θερα-

2254 4458 2430 4508 πεύσω
2475 4455 2627 4509 αὐτόν
2658 4475 2668 4487 ·
2713 4458 2888 4508 ἔπειτα
2929 4454 3081 4507 πάλιν
3126 4456 3151 4506 6
3194 4453 3579 4527 ἑκατόνταρχος
3604 4469 3616 4482 ⁸
3671 4456 3851 4527 Κύριε,

2255 4544 2347 4597 οὐκ
2413 4544 2519 4617 εἰμί
2577 4547 2765 4610 ἱκανὸς,
2823 4546 2905 4595 ἱνα
2956 4562 3054 4615 μου
3104 4544 3204 4594 ύπὸ
3263 4546 3356 4601 τὴν
3430 4545 3617 4613 στέγην
3693 4540 3851 4593 εἰσέλ-

2257 4637 2372 4707 θῃς,
2417 4640 2505 4686 καὶ
2549 4636 2613 4686 τὰ
2659 4634 2833 4698 λοιπὰ,
2880 4634 3049 4694 καθὼς
3089 4632 3115 4682 ό
3159 4632 3420 4691 Ματθαίος
3464 4628 3846 4702 συνεγράψατο.

2257 4723 2413 4782 Δῆλον
2464 4720 2570 4777 οὖν.
2621 4725 2700 4775 ὅτι
2752 4725 2817 4774 τὰ
2866 4725 2956 4793 μὲν
3006 4722 3142 4793 ἄχρι
3197 4727 3287 4772 τοῦ
3334 4718 3492 4771 έλθείν
3531 4722 3617 4771 τόν
3673 4719 3845 4770 ἑκατόν

2256 4832 2477 4887 ταρχον,
2519 4809 2653 4864 εἶπεν
2692 4813 2716 4863 6
2767 4816 2975 4872 Λουκᾶς
3004 4828 3015 4839 ’
3065 4811 3130 4861 τὰ
3174 4806 3232 4862 δὲ
3276 4808 3496 4861 ἐντεῦθεν
3543 4804 3777 4871 ἐδίδαξεν
3822 4807 3846 4858 ὁ

1472 5084 1687 5153 Variae
1726 5085 2053 5154 lectiones
2096 5096 2163 5154 et
2201 5096 2402 5155 notae.

492 5279 672 5405 20ςέο)
702 5277 870 5333 Τοω.
908 5278 1014 5343 Vll,
1047 5292 1107 5348 p.
1139 5279 1261 5334 315.
1290 5278 1435 5335 Vide
1466 5281 1746 5338 eumdem
1782 5287 1819 5338 t.
1854 5284 1967 5349 Vit,
2000 5300 2141 5357 pag.

562 5419 676 5492 (Ἠ)
707 5424 805 5477 τήτ
835 5423 929 5491 μέυ
958 5418 1249 5476 ἀποστολήν
1278 5421 1339 5474 Β.

2322 5283 2438 5355 (72)
2486 5288 2693 5346 Λουκᾶς
2750 5278 2828 5355 δέ,
2888 5280 3096 5349 addit;
3147 5295 3288 5337 mox
3343 5275 3402 5333 δέ
3457 5283 3513 5335 et
3560 5280 3587 5332 6
3646 5283 3849 5339 Λουκᾶς

2248 5356 2466 5413 omittit
2490 5356 2555 5411 A.

561 5570 649 5643 (ii)
676 5570 1126 5653 Dissolveretylr.
1158 5571 1547 5629 Cruciaretur.
1583 5573 1904 5649 Aliquoties
1933 5578 1993 5634 in
2022 5577 2139 5636 hoc
2176 5578 2472 5637 vocabulo
2512 5575 2761 5635 offendit
2789 5575 3096 5648 interpres.
3131 5572 3236 5631 Vix
3266 5586 3407 5645 ergo
3438 5574 3643 5645 putem
3674 5570 3843 5628 illum

489 5640 785 5703 invenisse
824 5640 1212 5705 καταλυθέντος.
