4206 6310
388 343 497 399 289

1371 332 1725 398 COMMENT.
1768 338 1836 395 IN
1877 320 2313 395 MATTHAEUM.
2355 366 2422 376 —
2454 314 2610 393 CAP.
2644 306 2792 391 Vin.

3651 312 3757 393 2'96

392 471 685 536 Ματθαῖος,
742 472 831 520 καὶ
881 468 931 520 ἐν
979 466 1187 527 ἐκείνοις
1236 468 1358 540 γὰρ,
1428 471 1517 517 καὶ
1548 464 1595 517 ἐν
1630 467 1831 527 τούτοις
1884 466 1913 523 ἣ
1943 482 1998 515 τε

2119 477 2177 517 ea
2204 476 2341 533 quae
2393 458 2767 528 contigerunt
2795 459 3148 533 priusquam
3192 460 3419 517 veniret
3465 462 3757 528 centurio,

392 563 579 619 πίστις
643 565 735 610 τοῦ
776 558 1163 631 ἑκατοντάρχου
1216 552 1499 620 δείκνυται,
1554 558 1642 605 καὶ
1691 556 1720 612 ἡ
1757 556 1995 624 θαυματ-

394 653 589 722 ουργία
638 654 729 699 τοῦ
780 646 973 705 Ἰησοῦ.
1022 647 1159 699 Ἐπεὶ
1219 642 1278 698 δε
1314 647 1339 697 6
1388 649 1597 705 Λουκᾶς
1652 646 1870 717 εἴρηκεν,
1916 644 1996 693 ὅτι

395 736 811 812 ὑποστρέψαντες
880 738 928 788 οἱ
977 737 1307 808 πεμφθέντες,
1359 734 1502 808 εὗρον
1554 736 1638 785 τὸν
1683 731 1996 784 ἀσθενοῦντα

398 823 583 879 δοῦλον
635 828 953 897 ὑγιαίνοντα·
1010 829 1118 899 χρὴ
1167 823 1505 896 λογίσασθαι,
1556 823 1635 873 ὅτι
1684 823 1708 872 6
1755 824 1843 891 μὲν
1884 819 1996 871 ἐκα-

394 922 690 992 τὸνταρχος
738 911 845 973 ἤδη
907 914 1253 988 πληροφορίαν
1296 916 1413 986 περὶ
1463 920 1559 971 τῆς
1615 911 1787 982 ὑγείας
1834 908 1992 960 αὑτοῦ

394 1005 580 1071 λαϐὼν,
618 1004 985 1076 σχολαιότερον
1031 998 1289 1062 ἐϐάδιζεν·
1336 1003 1515 1053 ἐκεῖνοι
1551 996 1609 1052 δὲ
1641 995 1993 1051 δυσπιστοῦν-

398 1113 476 1155 τες
504 1090 851 1169 προέδραμον,
882 1091 1188 1165 γλιχόμενοι
1223 1092 1420 1164 μαθεῖν,
1466 1089 1510 1141 εἰ
1544 1089 1739 1160 ὑγίανε.

648 1348 796 1398 ΚΕΦ.
829 1342 915 1397 Η¹.
956 1344 1082 1415 Περὶ
1111 1348 1205 1403 τῆς
1240 1341 1487 1413 πενθερᾶς
1525 1343 1740 1409 Πέτρου.

476 1436 575 1485 Καὶ
606 1430 759 1484 ἐλθὼν
813 1461 885 1471 —
936 1430 1093 1482 αύτῶ.
1132 1428 1191 1481 Ὀ
1244 1426 1304 1481 δι
1353 1430 1567 1503 Μάρκος
1612 1433 1702 1481 καὶ
1731 1429 1756 1479 ό
1786 1433 1993 1488 Λουκᾶς

400 1517 561 1586 εἷπον,
619 1524 709 1573 καὶ
755 1521 907 1572 πόθεν
961 1519 1110 1578 ἦλθεν
1164 1518 1287 1585 ἐκεῖ,
1341 1519 1421 1570 ὅτι
1468 1517 1569 1571 ἀπὸ
1616 1526 1710 1579 τῆς
1765 1536 1995 1588 συναγω-

399 1617 496 1681 γῆς
523 1618 623 1662 τῶν
666 1605 962 1674 Ἰουδαίων,
994 1607 1044 1661 ίν
1106 1608 1138 1666 ἧ
1183 1604 1455 1674 ἐδίδασκε,
1516 1605 1782 1659 Σαϐϐάτου
1823 1610 1985 1666 ὄντος.

400 1701 704 1773 Προσέθηκε
763 1695 821 1750 δε
883 1699 908 1749 ὁ
972 1698 1205 1770 Μάρκος,
1275 1698 1354 1748 ὅτι
1419 1699 1548 1769 μετὰ
1607 1694 1854 1748 Ἰακώϐου
1908 1700 1997 1746 καὶ

398 1789 640 1841 Ἰωάννού
690 1783 863 1845 ἦλθεν.
939 1786 1090 1848 Εἰκὸς
1142 1789 1265 1861 γὰρ,
1341 1788 1428 1837 τὸν
1478 1788 1689 1860 Πέτρον,
1770 1786 2072 1866 μαθόνταΒ

398 1882 577 1943 τοῦτο,
642 1872 984 1949 προδραμεῖν.
1060 1880 1160 1928 Καὶ
1207 1877 1418 1947 Μάρκος
1485 1876 1575 1948 μὲν
1640 1878 1729 1926 καὶ
1795 1880 2001 1936 Λουκᾶς

400 1984 579 2037 φασιν,
636 1966 717 2016 ὅτι
770 1965 1125 2038 παρεκάλεσαν
1178 1965 1333 2016 αὑτὸν
1386 1965 1434 2015 οἱ
1485 1965 1719 2035 μαθηταὶ
1760 1967 1878 2036 περὶ
1907 1971 1999 2024 τῆς

398 2053 789 2125 κατακειμένης’
846 2054 871 2105 ὁ
928 2054 1198 2114 Ματθαῖος
1270 2048 1329 2105 δὲ
1380 2056 1469 2104 καὶ
1530 2059 1682 2104 τοῦτο
1734 2049 1996 2122 ἐσίγησεν.

400 2142 518 2198 Ούκ
545 2144 659 2194 ἔστι
707 2138 767 2194 δε
806 2148 961 2194 τοῦτο
1024 2137 1329 2213 διαφωνίας·
1382 2139 1509 2192 ἀλλά
1546 2143 1605 2192 τό
1658 2142 1747 2211 μὲν
1778 2142 1998 2209 ἐκείνων,

401 2228 691 2305 ἀκριϐείας·
732 2233 791 2282 τό
832 2227 892 2283 δε
920 2232 1125 2296 τούτου,
1188 2234 1482 2302 συντομίας.
1527 2229 1747 2287 Εἰσῆλθε
1801 2226 1858 2281 δὲ
1885 2248 2001 2301 τρο-

403 2328 502 2392 φῆς
586 2319 1023 2391 μεταληψόμενος,
1084 2314 1191 2377 ἤδη
1282 2325 1373 2370 τοῦ
1438 2324 1623 2392 καιροῦ
1700 2317 1998 2389 καλοῦντος.

403 2409 710 2482 Ἐγερθεῖσα
737 2411 838 2481 γὰρ
866 2409 895 2467 ἡ
928 2412 1133 2481 κειμένη
1166 2404 1401 2465 διηκόνει
1422 2407 1559 2459 αὑτῶ

480 2680 548 2731 Σύ
590 2672 649 2730 δέ
699 2695 790 2749 μοι
848 2677 1115 2749 θαύμασον
1174 2680 1267 2736 τὴν
1323 2673 1715 2748 συγκατάϐασιν
1768 2681 1860 2726 τοῦ
1918 2681 2002 2727 Δε-

410 2772 631 2834 σπότου,
688 2774 799 2827 πῶς
867 2766 961 2817 ούκ
1014 2764 1306 2828 ἀπηξίωσεν
1372 2763 1615 2817 εἰσελθεῖν
1685 2763 1755 2824 εἰς
1812 2762 2006 2835 φαύλην

406 2855 578 2907 οὲκίαν
620 2854 819 2919 ἁλιέως,
875 2855 985 2926 ἅμα
1011 2857 1101 2926 μὲν
1152 2863 1313 2926 τιμῶν
1362 2857 1449 2905 τόν
1501 2854 1761 2926 μαθητὴν,
1789 2852 1898 2923 ἅμα
1949 2848 2007 2903 δὲ

412 2939 684 2996 διδάσκων
736 2924 920 3013 ἡμᾶς,
954 2924 1025 3015 μη
1096 2924 1400 3005 κενοδοξεῖν·
1468 2924 1755 3013 εΛψάμενος
1803 2936 1862 2993 δε
1912 2947 2006 3002 τῆς

412 3035 588 3106 χειρὸς
633 3031 809 3099 αὐτῆς,
862 3031 921 3083 ού
973 3036 1124 3104 μόνον
1181 3034 1266 3084 τὸν
1317 3034 1535 3106 πυρετὸν
1587 3029 1816 3094 ἔσϐεσεν,
1880 3027 2008 3081 ἀλλά

411 3125 503 3172 καὶ
574 3123 804 3196 καθαρὰν
875 3120 1021 3183 εὐθὺς
1089 3119 1351 3173 ἀπέδωκεν
1426 3120 1552 3177 αύτῆ
1639 3124 1732 3177 τὴν
1808 3120 2005 3190 ὑγείαν.

412 3210 637 3284 Ἠγέρθη
671 3212 796 3283 γὰρ,
827 3214 917 3262 καὶ
969 3210 1155 3262 αὐτίκα
1204 3206 1452 3266 διηκόνει.
1511 3213 1693 3261 Καίτοι
1749 3209 1880 3279 μετά
1915 3210 2009 3264 τὴν

413 3297 718 3369 ἀπαλλαγὴν
796 3306 888 3350 τοῦ
942 3305 1187 3370 πυρετοῦ,
1250 3297 1437 3350 πολλοῦ
1501 3293 1584 3349 δεῖ
1653 3300 1849 3371 χρόνου
1905 3302 2010 3355 τοῖς

413 3389 723 3460 κάμνουσιν,
795 3389 927 3449 ᾧστε
982 3391 1075 3445 τὴν
1134 3392 1386 3459 προτέραν
1438 3387 1614 3457 ὑγείαν
1662 3385 1778 3456 (75)
1830 3383 2008 3436 ἐπανα-

415 3475 609 3531 λαϐεῖν.
654 3480 753 3529 Καὶ
814 3475 894 3529 ἐπὶ
969 3485 1065 3537 τῆς
1135 3475 1402 3537 θαλάσσης
1470 3471 1548 3540 δε,
1606 3474 1665 3526 ού
1711 3478 1862 3547 μόνον
1916 3478 2009 3531 την

423 3565 584 3629 ζάλην
637 3568 873 3630 ἔστησεν,
932 3564 1059 3617 αλλά
1108 3568 1195 3616 καὶ
1248 3567 1334 3616 τόν
1412 3564 1563 3616 σάλον
1615 3571 1714 3614 τῶν
1771 3561 2012 3635 κυμάτων

420 3655 638 3708 ἔπαυσε.
690 3659 872 3708 Καίτοι
931 3655 1062 3727 μετὰ
1115 3657 1208 3712 τὴν
1243 3652 1400 3715 ζάλην
1451 3656 1587 3724 μένει
1628 3656 1791 3726 μέχρι
1824 3650 2012 3703 πολλοῦ

417 3745 488 3796 τά
536 3739 709 3795 ύδατα
761 3742 1090 3815 σαλευόμενα.
1157 3742 1308 3794 Ούτω
1359 3743 1458 3813 γὰρ
1515 3736 1652 3792 οἶδεν
1710 3742 1735 3791 6
1786 3741 2013 3813 Χριστός

418 3834 552 3906 ὁμοῦ
605 3837 693 3885 καὶ
739 3835 795 3884 τὸ
844 3830 1084 3902 ἐνοχλοῦν
1135 3826 1300 3883 δεινὸν
1347 3829 1501 3899 λύειν,
1550 3833 1639 3881 καὶ
1687 3832 1783 3886 τὴν
1834 3832 2015 3901 προτέ-

415 3942 513 3997 ραν
542 3916 859 3975 ἀποδιδόναι
888 3922 1234 3973 κατάστασιν.

2044 3163 2084 3218 C

599 4033 749 4085 ΚΕΦ.
779 4028 862 4083 6'.
909 4029 1035 4101 Περὶ
1066 4034 1163 4079 τῶν
1191 4024 1429 4079 ἰαθέντων
1464 4022 1565 4077 ἀπὸ
1593 4023 1838 4077 ποικίλων

1119 4134 1303 4170 νοσων.

486 4225 680 4298 Ὀψίας
711 4256 779 4266 ——
808 4224 959 4296 λόγω.
1015 4222 1201 4293 Ὀψίαν
1228 4221 1364 4294 (74),
1408 4224 1465 4274 τὸ
1498 4222 1633 4283 τέλος
1672 4229 1769 4284 τῆς
1820 4223 2017 4295 ἡμέρας

419 4317 680 4388 ὠνόμασε.
732 4317 819 4367 Διό
865 4318 953 4366 καὶ
990 4314 1251 4386 όΜάρκος
1302 4315 1387 4363 καὶ
1430 4313 1456 4363 ό
1484 4318 1690 4372 Λουκᾶς
1720 4312 2015 4384 προστεθεί-

419 4424 593 4472 κασιν,
654 4404 732 4457 ὅτι
774 4400 896 4455 Ὀτε
928 4399 1020 4454 ἔδυ
1066 4402 1091 4452 6
1144 4400 1307 4466 ἣλιος,
1359 4406 1700 4475 φανερώτερον
1748 4397 2017 4458 δηλώσαν-

2106 549 2405 622 scripserit
2451 551 2657 613 Lucas,
2711 553 2766 603 et
2818 549 2956 605 inde
3009 549 3336 619 Mattheeus,
3397 566 3531 622 quae
3559 554 3761 607 secuta

2106 645 2243 694 sunt
2272 638 2556 693 docuerit.
2586 638 2737 693 Nam
2766 641 2822 692 et
2850 637 2911 693 in
2942 638 3055 703 his,
3075 644 3131 693 et
3155 639 3215 694 in
3244 638 3357 695 illis
3383 639 3531 695 ﬁdes
3561 656 3760 696 mons-

2106 731 2294 783 tratur
2347 726 2712 781 centurionis
2767 742 2837 781 ac
2897 727 3168 783 miraculi
3217 729 3485 800 operatio
3536 747 3572 786 a
3621 730 3762 785 Jesu

2105 817 2283 872 facta.
2334 815 2505 881 Quod
2532 820 2734 871 autem
2781 814 2971 871 Lucas
2997 816 3163 881 dixit,
3197 816 3361 887 quod
3397 819 3616 874 reversi
3657 818 3761 891 qui

2104 905 2275 959 missi
2302 904 2554 969 fuerant,
2578 903 2933 959 invenerunt
2969 908 3357 975 aegrotantem
3388 922 3625 962 servum
3665 923 3763 963 sa-

2104 992 2271 1049 nitati
2314 993 2672 1060 restitutum,
2722 992 3091 1062 perpendere
3127 998 3375 1064 oportet,
3421 996 3588 1066 quod
3629 1011 3764 1052 cen.

2102 1083 2251 1138 turio
2270 1087 2463 1138 certus
2473 1081 2601 1152 jam
2629 1081 2703 1136 de
2723 1080 2914 1137 salute
2940 1080 3118 1149 illius,
3145 1082 3370 1137 tardior
3395 1098 3465 1138 ac
3503 1086 3764 1141 securior

2100 1172 2540 1237 revertebatur;
2575 1170 2654 1226 illi
2683 1176 2872 1227 autem
2904 1170 3222 1226 difﬁculter
3262 1170 3587 1240 credentes,
3604 1190 3764 1247 pras-

2103 1263 2491 1316 cucurrerunt
2529 1259 2678 1315 scire
2718 1259 3021 1331 cupientes
3052 1274 3129 1314 an
3148 1274 3330 1315 sanus
3351 1266 3522 1317 esset.

2488 1348 2636 1404 CAP.
2672 1348 2807 1403 VIII.
2830 1349 2917 1404 De
2944 1363 3118 1404 socru
3140 1349 3331 1405 Petri.

2176 1439 2339 1493 Vers.
2380 1437 2589 1507 14,15.
2641 1438 2897 1507 Cumque
2941 1436 3191 1493 venisset
3243 1469 3311 1477 —
3342 1440 3415 1495 ei.
3462 1442 3689 1497 Marcus
3715 1443 3762 1476 ⁵⁸

2104 1529 2305 1584 autem
2332 1530 2388 1582 et
2412 1526 2604 1582 Lucas
2630 1527 2674 1561 ⁵³
2703 1524 2985 1580 dixerunt
3003 1525 3183 1582 etiam
3214 1527 3373 1582 unde
3421 1527 3559 1584 illuc
3590 1545 3762 1585 vene-

2104 1620 2213 1686 rat,
2242 1613 2509 1670 videlicet
2543 1630 2579 1670 a
2601 1629 2912 1686 synagoga
2956 1613 3318 1679 Judaeorum,
3361 1616 3421 1671 in
3463 1633 3586 1688 qua
3614 1618 3764 1675 Sab-

2109 1703 2248 1759 bato
2278 1701 2581 1759 docuerat.
2614 1701 2852 1757 Addidit
2881 1717 3123 1774 quoque
3147 1703 3404 1769 Marcus,
3432 1705 3597 1777 quod
3624 1722 3764 1763 cum

2106 1790 2329 1847 Iacobo
2359 1793 2416 1846 et
2443 1790 2670 1846 Joanne
2719 1791 2962 1846 venerit.
2993 1791 3325 1848 Verisimile
3355 1797 3444 1849 est
3469 1794 3629 1850 enim
3660 1795 3762 1850 Pe-

2108 1883 2286 1945 trum,
2312 1895 2446 1934 cum
2473 1879 2588 1934 hoc
2624 1877 2952 1945 didicisset,
2976 1880 3446 1949 praecucurrisse.
3481 1884 3765 1939 Praeterea

2108 1971 2335 2025 Marcus
2368 1972 2422 2024 et
2446 1970 2632 2023 Lucas
2658 1966 2889 2037 dicunt,
2912 1968 3079 2039 quod
3100 1968 3378 2040 discipuli
3398 1976 3764 2039 rogaverunt

2108 2055 2276 2112 illum
2303 2072 2412 2128 pro
2443 2071 2514 2112 ea
2534 2072 2670 2128 quae
2716 2055 2778 2111 in
2827 2055 2978 2112 lecto
3005 2056 3424 2114 decumbebat.
3452 2059 3766 2117 Matthaeus

2108 2161 2252 2201 vero
2283 2145 2460 2201 etiam
2489 2146 2604 2200 hoc
2646 2144 2846 2200 tacuit.
2891 2148 3018 2201 Non
3068 2149 3155 2201 est
3186 2150 3387 2202 autem
3434 2146 3550 2203 hoc
3575 2148 3765 2204 disso-

2110 2234 2327 2290 nantiae
2355 2234 2609 2304 signum,
2645 2233 2750 2289 sed
2798 2233 2965 2305 quod
3006 2233 3087 2289 illi
3118 2234 3403 2302 fecerunt,
3438 2236 3762 2307 diligentiae

2111 2322 2239 2389 fuit,
2273 2323 2437 2396 quod
2464 2326 2659 2378 autem
2689 2322 2805 2388 hic,
2838 2323 3165 2381 brevitatis.
3204 2324 3514 2393 Ingressus
3542 2331 3631 2381 est
3659 2342 3767 2382 au-

2113 2416 2232 2468 tem
2259 2411 2376 2467 cibi
2425 2411 2694 2468 sumendi
2747 2427 2951 2481 causa,
2986 2416 3231 2467 vocante
3269 2413 3397 2482 jam
3436 2414 3604 2471 hora.
3663 2416 3768 2472 Illa

2112 2514 2255 2555 vero
2281 2514 2416 2572 qua:
2442 2500 2501 2555 in
2522 2498 2671 2555 lecto
2694 2498 3104 2564 decumbebat,
3125 2500 3376 2557 surrexit
3399 2505 3454 2557 et
3476 2502 3768 2559 ministra-

2113 2587 2220 2644 bat
2240 2588 2310 2643 ei.

2185 2679 2270 2732 Tu
2298 2691 2535 2749 quoque
2564 2676 2710 2732 mihi
2741 2676 3058 2746 admirare,
3086 2680 3383 2749 quantum
3414 2694 3540 2736 sese
3565 2680 3769 2736 Domi-

2116 2780 2229 2822 nus
2251 2765 2546 2836 dejecerit.
2594 2768 2723 2821 Non
2753 2764 3115 2834 dedignatus
3139 2770 3229 2821 est
3251 2766 3420 2823 vilem
3443 2768 3767 2839 piscatoris

2114 2853 2365 2910 domum
2384 2853 2613 2923 ingredi
2637 2872 2650 2909 :
2680 2854 2818 2910 hinc
2838 2853 3085 2926 quidem
3112 2858 3167 2910 et
3191 2854 3548 2927 discipulum
3573 2857 3769 2914 hono-

2117 2958 2277 3013 rans,
2311 2946 2367 2999 et
2392 2942 2569 2998 simul
2598 2942 2822 2998 docens
2850 2958 2959 2998 nos
2996 2958 3069 2998 ne
3095 2959 3268 2999 vanae
3300 2944 3502 3015 glorise
3532 2947 3768 3003 studea-

2115 3048 2274 3088 mus.
2305 3030 2454 3087 Cum
2481 3037 2680 3087 autem
2705 3046 2880 3087 manu
2903 3031 3387 3103 illamtetigisset,
3414 3049 3536 3090 non
3572 3036 3768 3090 solum

2115 3120 2330 3176 febrim
2361 3119 2659 3181 exstinxit,
2690 3135 2899 3175 verum
2923 3121 3103 3175 etiam
3128 3121 3423 3191 integram
3455 3124 3505 3177 ei
3536 3124 3771 3180 tradidit

2118 3210 2455 3265 sanitatem.
2487 3207 2750 3264 Surrexit
2768 3208 2946 3272 enim,
2978 3211 3035 3263 et
3063 3209 3347 3264 continuo
3374 3210 3770 3268 ministrabat.

2117 3296 2290 3369 Atqui
2318 3296 2519 3352 ablata
2544 3297 2722 3351 etiam
2750 3296 2918 3360 febri,
2944 3296 3358 3352 laborantibus
3376 3298 3558 3368 longo
3613 3316 3771 3372 Opus

2119 3390 2207 3443 est
2243 3390 2551 3458 temporet,
2600 3390 2665 3442 ut
2708 3385 2967 3457 priorem
3009 3386 3299 3457 recipiant
3332 3387 3663 3444 sanitatem.
3707 3391 3773 3446 In

2120 3475 2272 3532 mari
2301 3490 2540 3547 quoque
2560 3489 2683 3531 non
2713 3474 2909 3531 solum
2936 3479 3341 3545 tempestatem
3371 3476 3617 3543 sedavit,
3667 3478 3774 3534 sed

2121 3564 2299 3622 etiam
2316 3563 2601 3619 ﬂuctuum
2618 3563 3087 3620 commotionem
3112 3563 3397 3630 cohibuit,
3414 3581 3551 3621 cum
3568 3570 3774 3622 tamen

2122 3657 2258 3725 post
2285 3656 2698 3725 tempestatem
2726 3651 2950 3708 diutius
3001 3659 3246 3710 maneat
3287 3670 3584 3726 aquarum
3613 3672 3777 3712 com-

2122 3740 2330 3796 motio.
2355 3744 2441 3796 Ita
2462 3740 2620 3795 enim
2636 3741 2801 3796 novit
2827 3741 3118 3806 Christus,
3140 3742 3320 3797 simul
3339 3747 3394 3798 et
3415 3744 3580 3813 quod
3608 3744 3776 3813 aegri-

2125 3827 2329 3883 tudine
2358 3828 2636 3885 aﬂectum
2663 3833 2751 3885 est
2780 3827 3026 3900 solvere,
3059 3832 3118 3885 et
3158 3828 3220 3884 in
3266 3830 3526 3901 priorem
3553 3835 3776 3888 statum

2122 3931 2433 3989 reponere.

2196 4023 2359 4082 CAP.
2401 4024 2488 4079 IX.
2534 4024 2619 4080 De
2644 4024 2868 4080 curatis
2902 4038 2940 4081 α
2968 4024 3147 4080 variis
3187 4025 3657 4094 inﬁrmitatibus.

2195 4222 2338 4277 Vers
2362 4221 2446 4276 16.
2486 4220 2741 4290 Vespera
2770 4250 2837 4261 —-
2856 4220 3055 4277 verbo.
3088 4223 3412 4294 Vesperam
3437 4221 3619 4278 ﬁnem
3660 4221 3777 4279 diei

2125 4310 2473 4366 nominavit.
2506 4309 2642 4365 Ideo
2691 4309 2919 4364 Marcus
2947 4310 2994 4345 ⁵⁸
3026 4316 3081 4365 et
3102 4312 3290 4367 Lucas
3322 4312 3368 4347 ⁵⁸
3413 4312 3778 4367 mentionem

2125 4413 2366 4471 quoque
2392 4398 2654 4452 fecerunt
2684 4397 2759 4452 de
2789 4414 3008 4453 occasu
3066 4398 3229 4465 solis,
3280 4398 3652 4456 manifestius
3680 4399 3780 4456 de-

421 4513 497 4554 τες
519 4497 606 4545 τόν
652 4496 851 4567 καιρόν*
887 4492 912 4542 ό
956 4493 1045 4562 μὲν
1080 4492 1182 4564 γάρ
1234 4485 1495 4562 δημώδης
1548 4487 1706 4559 ὄχλος
1750 4486 2007 4560 ἀναμείνας

2127 4491 2525 4543 monstrantes
2557 4490 2812 4558 tempus.
2842 4487 3153 4559 Popularis
3178 4489 3337 4544 enim
3367 4489 3541 4544 turba
3570 4505 3781 4561 exspe—

426 4587 518 4640 τὴν
544 4578 695 4633 δύσιν
721 4587 814 4633 τοῦ
843 4580 1014 4646 ἠλὶου,
1060 4575 1154 4631 διὰ
1176 4582 1267 4637 τὴν
1298 4585 1389 4629 τοῦ
1419 4575 1685 4629 Σαϐϐάτου
1715 4582 2019 4650 παρατήρη-

432 4688 534 4737 σιν,
568 4669 699 4720 ούτω
722 4673 839 4730 τοὺς
862 4670 1171 4741 πάσχοντας
1200 4671 1553 4741 προσήγαγεν·
1592 4667 1641 4717 οἱ
1674 4662 1733 4717 δὲ
1762 4667 2014 4737 μαθηταί,

425 4763 516 4810 καὶ
561 4761 659 4832 πρὸ
711 4768 805 4820 τῆς
855 4766 947 4811 τοῦ
977 4758 1125 4816 ἡλίου
1172 4753 1392 4821 δύσεως,
1442 4753 1796 4829 παρεκάλεσαν
1841 4752 2014 4820 αύτόν,

425 4844 680 4899 ἰάσασθαι
731 4852 824 4905 τὴν
875 4850 1266 4922 πυρέσσουσαν,
1306 4843 1396 4896 οἷτε
1442 4848 1531 4895 καὶ
1577 4846 1825 4916 πρότερον
1871 4838 2016 4894 ίδόν-

419 4953 501 4998 τες
564 4935 722 4988 αὑτὸν
785 4933 1197 5008 ἀπαρατηρήτως
1253 4932 1300 4984 ἐν
1351 4930 1599 4984 Σαϐϐάτω
1649 4931 2012 5004 θεραπεύοντα,

415 5028 507 5077 καὶ
551 5026 907 5097 μεμαθηκότες
961 5020 1069 5082 ἤδη
1150 5022 1273 5096 παρ’
1327 5019 1508 5089 αὑτοῦ,
1565 5022 1726 5071 ποίων
1779 5020 1869 5091 μεν
1937 5020 2018 5089 έρ-

412 5132 518 5185 γων
573 5111 868 5185 ἀπέχεσθαι
921 5111 1234 5188 προσέταξεν
1290 5111 1316 5163 ό
1368 5114 1486 5185 περὶ
1538 5114 1634 5170 τῆς
1686 5105 1867 5182 ἀργίας
1923 5110 2017 5159 τού⁸

411 5199 681 5256 Σαϐϐάτου
705 5207 881 5277 νόμος,
905 5206 1032 5257 ποῖα
1057 5197 1117 5254 δε
1145 5202 1373 5274 μετιέναι
1390 5202 1762 5273 παρεχώρησε.

488 5328 536 5364 ⁵³
564 5329 720 5388 Marc
758 5343 796 5394 ι,
828 5328 916 5387 29.
1032 5327 1079 5363 ⁵⁸
1110 5326 1244 5384 Luc.
1277 5341 1350 5395 iv,
1386 5323 1475 5381 38.
1588 5323 1637 5361 ⁸⁵
1662 5323 1841 5391 Marc,
1875 5337 1915 5379 ι.
1944 5322 2037 5379 32.

2127 4580 2285 4632 ctato
2316 4575 2454 4631 solis
2479 4590 2702 4631 occasu
2731 4580 2973 4648 propter
2996 4576 3243 4632 Sabbati
3269 4577 3777 4645 observationem,

2127 4664 2352 4721 morbis
2405 4668 2547 4719 tunc
2585 4663 2930 4719 laborantes
2959 4663 3213 4719 adduxit
3254 4681 3267 4730 ;
3305 4665 3583 4736 discipuli
3637 4680 3780 4722 vero

2127 4755 2306 4809 etiam
2333 4756 2469 4808 ante
2492 4751 2635 4806 solis
2682 4766 2967 4807 occasum
2998 4751 3299 4823 deprecati
3330 4756 3464 4806 sunt
3490 4767 3628 4807 eum
3668 4768 3780 4824 pro

2129 4842 2317 4898 salute
2343 4838 2755 4905 febricitantis,
2780 4844 2842 4895 ut
2880 4840 2984 4911 qui
3023 4840 3288 4911 primum
3319 4839 3593 4896 viderant
3638 4858 3781 4899 eum

2131 4930 2257 4985 sine
2282 4928 2513 4985 delectu
2545 4927 2808 4985 Sabbato
2836 4934 3166 4993 curantem,
3201 4944 3270 4984 ac
3292 4927 3624 4987 didicerant
3652 4930 3780 5002 jam

2130 5017 2207 5075 ab
2228 5017 2348 5082 illo,
2402 5032 2439 5073 a
2467 5016 2689 5089 quibus
2718 5016 3004 5089 operibus
3060 5017 3358 5075 abstinere
3382 5016 3620 5091 juberet
3660 5018 3778 5091 lex,

2128 5121 2265 5180 quae
2294 5105 2369 5162 de
2407 5104 2653 5163 Sabbati
2673 5106 2871 5179 quiete
2901 5108 3121 5166 statuta
3150 5111 3296 5179 erat,
3343 5110 3399 5165 et
3444 5106 3611 5182 quali
3640 5123 3782 5184 agas

2130 5194 2297 5268 gredi
2322 5194 2712 5268 permitteret.

2150 5322 2198 5359 δε
2226 5323 2363 5379 Luc.
2390 5336 2465 5387 1v,
2496 5320 2590 5378 40.

1618 5475 1845 5549 Variae
1871 5475 2195 5546 lectiones
2226 5483 2292 5543 et
2329 5483 2531 5543 notae.

491 5635 606 5711 (73)
638 5627 959 5709 παραλαϐεῖν
998 5633 1061 5684 A.

2204 5618 2321 5693 (τι)
2346 5617 2505 5692 ὀψίας
2526 5619 2597 5675 Α.
