4206 6310
496 346 602 400 287

1804 338 2139 395 EUTHYMII
2179 336 2509 393 ZIGABENI

3712 333 3817 394 288

396 528 401 537 ,
467 470 654 541 Hujus
684 468 983 541 siquidem
1008 467 1166 523 ﬁlius
1196 470 1319 523 erat
1342 465 1723 539 paralyticus,
1752 465 1889 521 ilius
1918 468 2119 521 autem

2238 465 2353 536 γὰρ,
2410 470 2529 523 παῖς
2591 460 2651 521 ἦν
2723 459 3168 534 παραλελυμένος·
3221 457 3409 512 ἐκείνου
3460 456 3542 526 δὲ,
3610 456 3814 524 δοῦλος.

467 575 696 616 servus.
732 562 795 614 Et
822 559 920 614 hic
958 559 1117 613 venit
1148 557 1227 613 ad
1256 560 1495 623 Jesum;
1528 556 1623 611 ille
1667 570 1809 613 vero
1855 557 2118 627 primum

466 648 711 720 quidem
744 647 906 703 misit
936 648 1198 702 seniores
1240 647 1600 711 Iudaeorum,
1647 645 1862 700 deinde
1893 644 2120 701 amicos

468 754 630 793 suos.
646 738 931 793 Praeterea
955 737 1063 792 iste
1087 752 1205 791 non
1231 736 1423 791 solum
1448 735 1507 789 in
1531 735 1781 790 domum
1801 750 1973 789 suam
1996 749 2119 789 non

464 826 698 883 vocavit
723 826 1041 891 Christum,
1067 825 1171 879 sed
1188 829 1244 879 et
1257 825 1457 880 venire
1474 823 1771 878 volentem
1794 822 2115 895 prohibuit.

465 916 564 972 Ille
596 920 796 973 autem
826 916 1087 987 primum
1132 914 1373 986 quidem
1418 929 1525 985 per
1559 912 1822 968 seniores
1866 912 2117 980 vocavit,

465 1006 853 1078 postmodum
884 1021 1024 1059 vero
1063 1020 1169 1076 per
1207 1003 1434 1059 amicos
1474 1002 1800 1075 prohibuit.
1838 1002 1985 1057 Cum
2016 1017 2120 1057 au-

465 1099 587 1151 tem
615 1093 968 1165 hujusmodi
1007 1092 1191 1147 insint
1214 1092 1608 1156 diversitates,
1654 1090 1946 1147 accedunt
1974 1107 2120 1163 quo-

467 1199 585 1255 que
598 1187 654 1239 et
670 1182 866 1237 multae
886 1181 1320 1237 similitudines.
1337 1181 1531 1236 Ambo
1546 1180 1705 1235 enim
1720 1181 2119 1245 centuriones,

468 1276 525 1327 et
546 1273 919 1343 Capernaum
941 1274 1403 1334 commorantes,
1426 1274 1481 1324 et
1500 1285 1609 1341 pro
1630 1269 1959 1341 paralytico
1979 1284 2121 1325 moe-

467 1363 663 1415 rentes
677 1359 895 1424 animo,
914 1358 1311 1429 eamdemque
1331 1356 1509 1412 ﬁdem
1525 1358 1645 1412 suis
1660 1358 1858 1413 verbis
1877 1357 2123 1413 demon-
2164 1346 2171 1353 ’

472 1450 745 1513 strantes,
788 1449 842 1501 et
882 1446 1098 1518 aequali
1145 1444 1428 1501 beneﬁcio
1482 1444 1695 1501 affecti.
1738 1445 1885 1501 Dicit
1922 1448 2123 1502 autem

471 1536 936 1607 Chrysostomus
963 1534 1243 1590 eumdem
1270 1550 1395 1590 esse
1423 1538 1479 1589 et
1508 1534 1670 1604 apud
1697 1534 2042 1589 Matthaeum
2067 1538 2125 1589 et

470 1624 633 1697 apud
675 1626 917 1680 Lucam.
976 1622 1283 1694 Siquidem
1339 1622 1530 1677 Lucas
1583 1621 1897 1691 diligentiae
1936 1638 2124 1678 causa

470 1714 674 1770 omnia
704 1710 996 1767 minutula
1026 1714 1339 1766 exsecutus
1377 1715 1485 1774 est,
1521 1713 1727 1781 praeter
1755 1709 2123 1765 centurionis

2231 557 2331 604 Καὶ
2383 552 2531 612 οὗτος
2587 555 2676 624 μὲν
2720 547 2841 608 ἦλθε
2888 553 3011 623 πρὸς
3066 552 3152 599 τόν
3205 553 3435 623 Χριστόν
3466 565 3478 579 ·
3527 547 3715 610 ἐκεῖνος
3759 547 3819 603 δὲ

2228 639 2438 713 ἔπεμψε,
2516 648 2717 715 πρῶτον
2775 642 2864 712 μὶν
2928 636 3305 711 πρεσϐυτέρους
3369 645 3467 689 τῶν
3526 634 3818 707 Ἰουδαίων,

2229 729 2339 782 εἶτα
2378 728 2554 801 φίλους
2585 728 2762 781 αὐτοῦ.
2816 732 2917 781 Καὶ
2945 723 3089 787 οὗτος
3114 730 3203 799 μεν
3251 727 3310 778 οὗ
3355 730 3505 798 μόνον
3554 726 3647 778 οὐκ
3694 725 3816 778 ἐκά-

2227 819 2341 871 λεσε
2388 822 2473 870 τόν
2526 821 2754 893 Χριστόν
2814 817 2885 878 εἰς
2936 820 3028 874 τὴν
3078 815 3263 868 ἑαυτοῦ
3310 815 3499 882 οἰκίαν,
3552 814 3680 867 ἀλλὰ
3729 821 3819 868 καὶ

2231 906 2537 980 βουλόμενον
2591 906 2747 959 ἐλθεῖν
2801 904 3052 958 ἐκώλυσεν
3080 920 3093 935 ⁸
3132 905 3317 965 ἐκεῖνος
3366 900 3425 956 δὲ
3479 912 3680 976 πρῶτον
3727 906 3816 976 μὶν

2229 995 2461 1049 ἐκάλεσεν
2509 995 2663 1048 αὐτόν
2712 992 2806 1047 διὰ
2851 1002 2948 1047 τῶν
2996 992 3370 1068 πρεσϐυτέρων,
3414 989 3525 1045 εἶτα
3575 989 3669 1045 διὰ
3719 1000 3818 1045 τῶν

2230 1084 2384 1157 φίλων
2416 1084 2686 1137 ἐκώλυσεν.
2720 1083 2967 1156 Ἔχοντες
2996 1078 3055 1136 δὲ
3082 1085 3328 1143 τοιαύτας
3368 1078 3641 1155 διαφορὰς,
3686 1083 3821 1154 ὅμως

2228 1175 2420 1245 ἔχουσι
2470 1178 2557 1226 καὶ
2616 1172 2806 1235 πολλὰς
2874 1174 3225 1244 ὁμοιότητας·
3286 1170 3663 1246 ἑκατόνταρχοι
3716 1172 3819 1246 γὰρ

2229 1263 2403 1334 ἄμφω,
2450 1266 2539 1314 καὶ
2586 1261 2633 1314 έν
2675 1264 3017 1335 Καπερναοὺμ
3066 1260 3337 1324 οἰκοῦντες,
3385 1264 3475 1312 καὶ
3520 1258 3603 1312 ἐπί
3646 1279 3822 1333 παρα-

2229 1350 2421 1422 λυτικῷ
2470 1350 2777 1423 θλιϐόμενοι,
2815 1354 2904 1402 καὶ
2954 1354 3048 1407 τὴν
3102 1348 3261 1407 αὐτὴν
3317 1352 3495 1400 πίστιν
3547 1351 3674 1420 μετὰ
3724 1356 3823 1400 τῶν

2232 1439 2394 1493 αὐτῶν
2440 1440 2602 1511 λόγων
2650 1435 3078 1509 ἐπιδεικνύμενοι,
3134 1441 3224 1489 καὶ
3270 1444 3370 1489 τῶν
3412 1440 3539 1489 ῖσων
3589 1436 3827 1509 ἀξιούμε·

2229 1548 2324 1580 νοι.
2359 1532 2495 1587 Φησὶ
2527 1525 2585 1580 δὲ
2614 1529 2639 1579 6
2672 1528 3047 1602 Χρυσόστόμος
3066 1526 3200 1598 (70),
3233 1527 3312 1578 ὅτι
3345 1527 3368 1578 6
3399 1525 3553 1587 αὐτὸς
3574 1524 3707 1595 ἑστι,
3738 1530 3824 1578 xui

2230 1619 2374 1692 παρὰ
2415 1625 2487 1689 τῷ
2528 1618 2781 1687 Ματθαίῳ
2824 1621 2914 1667 καὶ
2960 1617 3103 1687 παρὰ
3140 1622 3210 1685 τῷ
3258 1619 3456 1684 Λουκᾷ.
3510 1618 3610 1667 Καὶ
3647 1617 3748 1689 γὰρ
3798 1616 3825 1667 6

2232 1709 2321 1778 μὲν
2388 1711 2617 1771 Λουκᾶς,
2691 1703 2957 1779 ἀκριϐείας
3016 1705 3196 1771 ἕνεκεν,
3269 1705 3440 1755 πάντα
3506 1702 3827 1777 λεπτομερῶς

467 1800 850 1875 praesentiam
883 1817 900 1855 :
930 1800 1235 1856 Matthaeus
1264 1813 1405 1855 vero
1444 1798 1748 1854 brevitatis
1789 1798 2002 1867 gratia,
2037 1814 2123 1853 se-

2238 1792 2534 1866 ἇιπήγγειλε,
2579 1793 2712 1852 πλην
2760 1801 2854 1855 τῆς
2909 1800 3000 1845 τοῦ
3049 1792 3435 1867 ἑκατοντάρχου
3494 1796 3783 1864 παρουσίας
3810 1809 3821 1821 ·

468 1892 710 1945 niorum
753 1893 932 1960 atque
982 1888 1313 1943 amicorum
1359 1886 1680 1942 missiones
1727 1887 2122 1958 praetermisit,

470 1978 651 2051 quasi
684 1992 807 2032 non
848 1975 1255 2041 necessarias;
1297 1975 1484 2030 solam
1524 1978 1726 2030 autem
1765 1974 2125 2031 centurionis

470 2066 675 2130 ﬁdem,
723 2071 781 2119 et
817 2063 1061 2118 laudem
1101 2078 1286 2131 quam
1325 2066 1568 2134 propter
1609 2078 1744 2119 eam
1775 2063 2122 2134 promeruit,

472 2159 528 2210 et
557 2151 914 2208 miraculum
953 2150 1012 2205 in
1055 2149 1383 2222 paralytico
1422 2151 1642 2206 factum
1682 2154 1883 2223 aperte
1913 2150 2126 2206 descri-

472 2242 612 2315 psit.

547 2327 788 2397 Oportet
816 2327 1017 2379 tamen
1045 2339 1145 2379 eas
1167 2338 1302 2395 quae
1338 2322 1635 2393 videntur,
1667 2326 1731 2379 ut
1757 2322 1986 2379 dictum
2019 2327 2125 2390 est,

477 2412 705 2470 solvere
735 2412 1127 2469 diversitates.
1158 2413 1283 2473 παῖς
1312 2411 1443 2485 (pro
1472 2428 1594 2485 quo
1619 2411 1717 2469 hic
1740 2428 1996 2485 puerum
2024 2414 2129 2469 ha-

472 2503 704 2575 bemus)
769 2503 981 2558 dicitur
1041 2518 1164 2559 non
1224 2502 1419 2558 solum
1482 2501 1663 2569 ﬁlius,
1731 2501 1837 2557 sed
1897 2507 1953 2558 et
2013 2519 2130 2558 ser-

474 2608 607 2648 vus.
681 2592 946 2648 Habebat
1003 2591 1183 2657 enim,
1241 2591 1455 2662 inquit,
1528 2587 1728 2653 παῖδας
1791 2595 1877 2645 καὶ
1943 2589 2128 2645 παιδί-

477 2700 629 2749 σκας,
661 2681 775 2738 hoc
806 2684 915 2745 est,
962 2695 1158 2736 servos
1208 2682 1268 2739 et
1316 2680 1566 2736 ancillas
1597 2682 1665 2734 ⁸³.
1712 2681 1883 2746 Quod
1927 2686 2127 2738 autem

474 2769 779 2826 Mattbaeus
830 2768 976 2823 dixit
1022 2768 1344 2823 accessisse
1393 2770 1798 2825 centurionem
1848 2770 1927 2825 ad
1971 2769 2129 2827 Chri-

478 2862 662 2926 stum,
706 2857 893 2912 Lucas
936 2872 1079 2911 vero
1127 2856 1362 2911 misisse
1404 2857 1482 2912 ad
1524 2856 1722 2928 ipsum
1764 2858 2027 2914 seniores
2074 2863 2131 2916 et

474 2945 863 3019 postmodum
917 2944 1167 3014 amicos,
1221 2947 1454 3016 oportet
1508 2945 1831 3016 intelligere
1883 2952 1940 3003 et
1991 2948 2126 3016 hoc,

476 3039 534 3091 et
577 3033 722 3089 illud
784 3034 1010 3090 factum
1074 3033 1275 3089 fuisse.
1346 3034 1610 3089 Primum
1674 3035 1919 3106 quidem
1971 3036 2131 3093 misit

2234 1886 2259 1935 6
2292 1880 2351 1935 δὲ
2392 1885 2682 1953 Ματθαῑος,
2736 1886 3008 1954 συντομίας
3059 1882 3241 1953 χάριν,
3271 1884 3365 1942 τὰς
3411 1882 3498 1952 μὲν
3539 1880 3650 1951 (7i)
3701 1879 3821 1933 ἁπο-

2237 1971 2423 2032 στολάς
2474 1980 2573 2023 τῶν
2627 1970 2984 2045 πρεσϐυτέρων
3041 1974 3131 2022 καὶ
3184 1978 3283 2021 τῶν
3337 1968 3492 2041 φίλων
3529 1968 3821 2043 παρέλιπεν,

2235 2062 2299 2120 ὡς
2342 2060 2435 2112 ούκ
2483 2059 2788 2131 ἀναγκαίας,
2835 2064 2994 2132 μόνην
3035 2055 3095 2111 δε
3131 2061 3225 2117 τὴν
3270 2062 3449 2111 πίστιν
3490 2064 3579 2110 τοῦ
3623 2057 3827 2110 ἕκατον-

2234 2151 2463 2221 τάρχου,
2503 2152 2708 2201 καὶτὸν
2761 2145 2852 2201 διὰ
2882 2150 3075 2207 ταύτην
3120 2149 3343 2215 ἔπαινον,
3398 2150 3486 2199 καὶ
3523 2149 3581 2199 τό
3627 2145 3711 2199 ἰπὶ
3752 2154 3825 2199 τῶ

2235 2238 2571 2311 παραλυτικῷ
2603 2239 2778 2310 θαῦμα
2817 2246 2994 2310 σαφῶς
3029 2236 3305 2310 ἀνέγραψε.

2306 2331 2419 2400 Χρὴ
2481 2323 2539 2380 δε
2588 2322 2840 2379 διαλύσαι
2894 2328 3108 2386 καὶτὰς
3152 2321 3433 2391 δοκούσας,
3487 2327 3557 2386 ὡς
3603 2328 3828 2399 εἴρηται,

2238 2413 2513 2491 διαφοράς.
2565 2412 2743 2469 Παῖδα
2788 2414 3018 2488 λέγομεν,
3069 2414 3128 2467 οὐ
3172 2419 3326 2487 μόνον
3379 2417 3466 2467 τὸν
3518 2416 3648 2485 υἱὸν,
3705 2413 3833 2468 ἀλλὰ

2236 2507 2441 2557 καὶτὸν
2472 2500 2676 2557 δοῦλον.
2728 2500 2858 2576 Εἶχε
2893 2506 3018 2579 γὰρ,
3065 2508 3213 2575 φησι,
3256 2500 3461 2565 Παῖδας
3507 2508 3597 2556 καὶ
3641 2500 3829 2557 παιδί-

2240 2613 2389 2659 σκας,
2446 2592 2578 2664 ἀντὶ,
2630 2592 2851 2655 Δούλους
2893 2598 2983 2645 καὶ
3034 2589 3241 2653 δούλας.
3279 2591 3418 2645 Ἐπεὶ
3462 2589 3522 2645 δὲ
3563 2593 3830 2654 Ματθαῖος

2236 2686 2325 2755 μὲν
2373 2682 2531 2754 λέγει,
2576 2683 2959 2756 παραγενέσθαι
3002 2684 3089 2733 τὸν
3145 2681 3524 2755 ἑκατόνταρχον
3569 2684 3697 2755 πρὸς
3741 2685 3828 2734 τόν

2239 2775 2462 2846 Χριστόν
2488 2788 2499 2799 ·
2550 2770 2755 2842 πέμψαι
2812 2767 2871 2823 δε
2916 2774 3043 2842 πρὸς
3081 2769 3235 2823 αὐτὸν
3279 2772 3304 2821 6
3344 2775 3547 2830 Λουκᾶς
3602 2767 3822 2844 πρεσϐυο

2235 2864 2430 2931 τέρους,
2478 2856 2588 2912 εἶτα
2630 2860 2804 2931 φίλους
2836 2877 2848 2889 ·
2882 2864 2991 2931 χρὴ
3068 2866 3216 2922 νοεῖν,
3273 2860 3353 2911 ὅτι
3394 2862 3485 2910 καὶ
3538 2864 3688 2910 τοῦτο
3732 2854 3822 2907 κᾶ-

2236 2944 2371 2999 κεῖνο
2435 2952 2632 3019 γέγονε.
2707 2955 2917 3022 Πρῶτον
2968 2949 3058 3020 μὲν
3126 2949 3227 3020 γὰρ
3291 2946 3486 3019 ἔπεμψε
3533 2948 3654 3007 τοὺς
3705 2963 3822 3019 πρεο

2241 3034 2535 3110 σϐυτέρους,
2583 3036 2895 3109 παρακαλῶν
2942 3035 3096 3088 αὐτὸν
3140 3035 3297 3089 ἐλθεῖν
3329 3051 3342 3065 ⁸
3372 3033 3483 3088 εἶτα
3511 3036 3711 3106 μαθὼν,
3746 3034 3827 3086 ὅτι

479 3123 745 3179 seniores
794 3123 1184 3194 deprecantes
1234 3122 1436 3195 ipsum
1484 3127 1549 3178 ut
1598 3126 1842 3180 veniret.
1908 3124 2129 3180 Deinde

2239 3126 2473 3197 ἔρχεται,
2530 3129 2620 3177 καὶ
2671 3123 2849 3177 ἑαυτὸν
2919 3129 3098 3197 κρίνας
3152 3122 3357 3187 ἀνάξιον
3413 3130 3507 3184 τῆς
3554 3119 3828 3194 ὑποδοχῆς

478 3213 669 3269 sciens
698 3228 835 3269 eum
865 3213 1083 3277 venire,
1116 3214 1173 3267 et
1198 3227 1325 3267 sese
1354 3211 1668 3281 indignum
1694 3213 1972 3285 judicans
2002 3214 2130 3285 ejus

479 3302 874 3374 susceptione,
921 3317 1160 3357 rursum
1206 3301 1436 3357 amicos
1476 3302 1657 3368 misit,
1693 3302 2021 3374 prohibens
2057 3318 2133 3360 ne

478 3391 718 3457 veniret,
739 3406 807 3447 ac
829 3390 1173 3462 signiﬁcans
1193 3406 1329 3462 quas
1356 3390 1502 3447 dixit
1521 3394 1727 3449 Lucas.
1746 3391 2133 3450 Postmodum

478 3496 617 3535 cum
644 3479 1006 3551 paralyticus
1031 3479 1444 3535 vehementius
1470 3479 1891 3536 dissolveretur
1917 3481 2002 3552 (ἰῆ
2030 3481 2132 3537 do-

479 3568 705 3624 loribus
745 3568 983 3639 (etenim
1022 3568 1171 3623 sicut
1212 3568 1396 3623 Lucas
1439 3567 1609 3632 dixit,
1656 3572 1782 3623 erat
1812 3569 1939 3639 jam
1979 3570 2133 3640 jam-

481 3671 598 3729 que
643 3656 1006 3723 moriturus),
1050 3670 1172 3711 non
1213 3655 1408 3711 ferens
1447 3656 1733 3722 centurio,
1776 3658 2033 3714 cucurrit
2080 3661 2137 3715 et

480 3746 608 3817 ipse
633 3748 768 3817 post
794 3745 1037 3811 amicos,
1071 3760 1321 3816 sperans
1351 3760 1456 3818 per
1481 3746 1739 3817 seipsum
1769 3746 2047 3803 obnixius
2074 3762 2136 3803 se

480 3834 961 3906 deprecaturum.
1003 3837 1326 3907 Postquam
1363 3839 1564 3891 autem
1605 3835 1784 3891 amici
1821 3836 2138 3892 nuntiave-

480 3928 618 3980 rant
655 3939 791 3995 qute
832 3923 915 3979 eis
952 3926 1335 3996 praeceperat,
1372 3924 1519 3980 dum
1556 3924 1944 3996 responderet
1979 3924 2139 3981 Chri-

484 4015 611 4067 stus
643 4027 778 4083 quae
811 4012 1046 4083 scripsit
1078 4014 1288 4079 Lucas,
1339 4012 1535 4067 statim
1566 4013 1909 4083 supervenit
1935 4018 2136 4069 centu-

481 4100 593 4165 rio,
626 4105 679 4154 et
706 4099 1061 4170 priusquam
1089 4098 1296 4154 amicis
1338 4100 1706 4164 occurrisset,
1735 4100 1863 4155 viso
1890 4099 2137 4167 Christo,

482 4187 710 4243 fervore
750 4202 1037 4242 accensus
1076 4189 1181 4249 est,
1230 4190 1285 4241 et
1323 4201 1527 4240 rursus
1570 4186 1745 4258 quasi
1783 4187 1861 4243 ab
1896 4187 2140 4245 exordio

483 4274 843 4331 obsecrabat
881 4290 1037 4340 eum,
1081 4273 1284 4329 dicens
1327 4289 1339 4328 :
1382 4275 1647 4341 Domine,
1680 4290 1832 4344 puer
1859 4290 2019 4332 meus
2042 4278 2138 4346 ja-

485 4370 573 4421 cet
626 4364 691 4419 in
748 4363 919 4420 domo
972 4362 1371 4434 paralyticus,
1431 4367 1541 4419 etc.
1605 4364 1828 4422 Deinde
1881 4365 2142 4423 Christus

484 4452 692 4510 volens
739 4452 999 4525 amplius
1047 4452 1417 4509 manifestari
1459 4453 1640 4511 ﬁdem
1690 4455 1839 4526 ejus,
1892 4472 2138 4528 respon-
2174 4485 2218 4540 ι)

486 4542 571 4599 dit
606 4566 619 4600 :
657 4544 786 4615 Ego
826 4543 1052 4601 veniam
1092 4548 1144 4600 et
1181 4543 1401 4600 curabo
1445 4560 1595 4601 eum.
1640 4548 1895 4602 Rursum
1939 4546 2141 4603 subin-

487 4632 617 4690 tulit
660 4634 926 4689 centurio
960 4650 971 4687 :
1017 4632 1283 4705 Domine,
1326 4649 1445 4689 non
1485 4650 1612 4691 sum
1652 4635 1888 4705 dignus,
1933 4641 1995 4691 ut
2034 4637 2141 4692 sub

486 4729 703 4779 tectum
732 4738 923 4779 meum
952 4722 1158 4789 intres,
1191 4727 1247 4779 et
1276 4721 1392 4779 alia
1417 4739 1552 4796 quae
1580 4729 1929 4796 sequuntur,
1963 4724 2140 4781 veluti

483 4813 785 4870 Mattheeus
816 4813 1186 4885 conscripsit.
1234 4812 1609 4870 Manifestum
1653 4818 1742 4869 est
1780 4828 1943 4883 ergo,
1976 4814 2141 4886 quod

556 4990 603 5023 ⁸³
635 4990 775 5044 Gen.
808 5005 949 5055 xxx,
979 4989 1068 5043 43.

2240 3214 2422 3279 αὐτοῦ,
2495 3212 2825 3266 ἒπαπέστειλε
2908 3213 3028 3274 τούς
3112 3211 3309 3285 φίλους,
3382 3211 3589 3264 κωλύων
3673 3210 3829 3263 αὐτόν

2239 3307 2329 3355 καὶ
2365 3305 2592 3374 μηνύων,
2626 3303 2727 3355 ὅσα
2767 3305 2921 3374 φησὶν
2953 3303 2978 3354 ό
3008 3306 3253 3363 Λουκᾶς·
3311 3302 3485 3353 ἔπειτα
3536 3306 3627 3352 τοῦ
3668 3318 3833 3374 παρα-

2240 3391 2451 3444 λυτικοῦ
2491 3387 2836 3466 σφοδρότερον
2878 3392 3251 3451 καταταθέντος
3290 3396 3408 3450 ταῖς
3451 3383 3694 3451 ὀδύναις·
3744 3392 3835 3440 καὶ

2241 3483 2363 3553 γὰρ,
2414 3482 2482 3543 ὡς
2530 3482 2556 3531 6
2605 3486 2812 3542 Λουκᾶς
2866 3480 2977 3551 (72)
3029 3476 3182 3550 εἶπεν,
3233 3478 3402 3550 ἔμελλε
3451 3477 3722 3548 τελευτᾷν·
3767 3481 3836 3548 μὴ

2244 3574 2404 3641 φέρων
2448 3570 2473 3620 6
2519 3568 2920 3642 ἑκατόνταρχος,
2966 3565 3160 3641 ἔδραμε
3200 3570 3290 3619 καὶ
3331 3566 3485 3628 αὐτὸς
3532 3565 3700 3619 ὀπίσω
3741 3573 3838 3617 τῶν

2245 3657 2419 3729 φίλων,
2480 3656 2698 3718 ἐλπίζων
2755 3654 2829 3709 δι’
2882 3657 3066 3710 ἑαυτοῦ
3129 3656 3319 3729 μᾶλλον
3382 3658 3677 3707 ἱκετεῦσαι*
3732 3652 3840 3707 ἐπεὶ

2246 3744 2305 3800 δὲ
2354 3748 2403 3799 οἶ
2457 3766 2511 3799 τε
2573 3746 2710 3819 φίλοι
2758 3744 3097 3817 ἀπήγγειλαν,
3154 3747 3256 3797 ὅσα
3310 3743 3769 3817 παρηγγέλθησαν,
3815 3742 3840 3793 ὅ

2243 3856 2296 3889 τε
2339 3839 2564 3911 Χριστός
2617 3832 2771 3903 εἶπεν,
2826 3836 2926 3887 ὃσα
2972 3835 2997 3885 6
3037 3839 3246 3897 Λουκᾶς
3303 3832 3523 3906 ἔγραψεν
3549 3849 3560 3861 ·
3612 3830 3846 3884 ἐπικατέ-

2245 3924 2394 3978 λαϐεν
2446 3925 2591 3985 εὐθὺς
2638 3925 2663 3975 6
2721 3922 3120 3996 ἑκατόνταρχος,
3174 3927 3264 3977 καὶ
3309 3926 3410 3994 πρὸ
3462 3928 3551 3973 τοῦ
3610 3918 3843 3992 ἐντυχεῖν

2246 4022 2351 4075 τοῖς
2413 4013 2593 4085 φῧςοις,
2643 4010 2768 4064 ἰὸὼν
2842 4014 2928 4065 τόν
2988 4014 3220 4085 Χριστόν
3277 4015 3367 4063 καὶ
3431 4005 3840 4083 διαθερμανθεὶς,

2250 4105 2503 4155 ἱκέτευσεν
2566 4100 2718 4152 αὐτόν
2786 4099 2839 4163 ἐξ
2915 4098 3110 4175 ἀρχῆς,
3173 4099 3346 4166 εἰπὼν,
3406 4100 3582 4172 Κύριε,
3640 4098 3666 4149 6
3721 4103 3847 4157 παῖς

2248 4209 2347 4263 μου
2412 4188 2661 4262 βέϐληται
2724 4187 2773 4240 ἐν
2839 4197 2901 4261 τῇ
2976 4188 3115 4259 οἰκίᾳ
3182 4186 3544 4261 παραλυτικός,
3619 4189 3708 4237 καὶ
3780 4187 3847 4237 τὰ

2250 4279 2365 4342 ἑξῆς
2397 4296 2409 4309 ⁸
2463 4277 2576 4331 εἶτα
2632 4280 2657 4330 6
2713 4281 2962 4352 Χριστὸς,
3024 4276 3175 4330 θέλων
3228 4274 3485 4328 ἓπιπλεῖον
3552 4281 3847 4347 φανερῶσαι

2248 4373 2342 4427 τὴν
2398 4372 2578 4421 πίστιν
2636 4366 2814 4420 αὐτοῦ.
2885 4364 3191 4440 ἀπεκρίνατο
3221 4382 3232 4394 ’
3281 4365 3409 4435 Ἐγὼ
3460 4362 3613 4416 ἐλθὼν
3686 4365 3842 4435 θερα-

2249 4461 2425 4511 πεύσω
2470 4457 2622 4510 αὐτόν
2653 4475 2664 4487 ·
2708 4457 2885 4507 ἔπειτα
2924 4453 3077 4507 πάλιν
3121 4454 3147 4505 6
3190 4452 3611 4526 ἑκατόνταρχος·
3666 4454 3844 4526 Κύριε,

2250 4547 2343 4599 οὐκ
2408 4545 2514 4618 εἰμί
2573 4547 2760 4608 ἱκανός,
2819 4545 2901 4595 ἱνα
2952 4562 3050 4615 μου
3100 4543 3200 4594 ὑπό
3258 4545 3352 4599 τὴν
3425 4544 3613 4612 στέγην
3690 4538 3845 4592 εἰσέλ-

2252 4640 2367 4709 θῃς,
2413 4641 2501 4687 καὶ
2544 4636 2608 4686 τὰ
2655 4633 2828 4698 λοιπὰ,
2876 4634 3044 4693 καθὼς
3085 4631 3111 4682 6
3154 4631 3416 4689 Mureuio;
3460 4628 3841 4701 συνεγράψατο.

2252 4724 2409 4783 Δῆλον
2460 4720 2565 4777 οὖν.
2616 4724 2695 4775 ὅτι
2747 4724 2812 4774 τὰ
2862 4725 2952 4793 μὲν
3001 4721 3138 4793 ἄχρι
3192 4726 3283 4771 τοῦ
3329 4717 3487 4770 ἐλθεῖν
3527 4721 3613 4770 τὸν
3669 4718 3841 4769 ἑκατόν

2251 4833 2473 4887 ταρχον,
2514 4810 2648 4864 εἶπεν
2688 4813 2712 4863 6
2762 4816 2971 4871 Λουκᾶς
2999 4827 3011 4839 ·
3060 4811 3127 4861 τὰ
3170 4805 3228 4861 δὲ
3271 4807 3492 4860 ἐντεῦθεν
3540 4802 3774 4870 ἐδίδαξεν
3818 4806 3842 4857 6

1468 5084 1684 5153 Variae
1722 5085 2049 5153 lectiones
2093 5096 2159 5154 et
2197 5096 2398 5155 notaa.

488 5281 668 5408 20(4'70)
698 5280 866 5336 Tom.
903 5280 1010 5345 VII,
1044 5294 1103 5350 p.
1135 5280 1258 5335 315.
1287 5279 1431 5336 Vide
1462 5281 1742 5339 eumdem
1778 5287 1815 5338 t.
1851 5284 1962 5348 Vll,
1995 5300 2137 5357 pag.

558 5421 672 5495 (Ἠ)
702 5426 801 5478 τὴτ
831 5425 926 5493 μέν
954 5420 1246 5478 ἀποστολήν
1274 5422 1335 5476 Β.

2318 5283 2433 5355 (72)
2482 5288 2689 5345 Λουκᾶς
2745 5278 2823 5354 δέ,
2884 5280 3092 5348 addit;
3144 5295 3284 5337 mox
3339 5275 3399 5333 δέ
3453 5283 3509 5335 et
3556 5279 3583 5331 6
3641 5282 3845 5338 Λουκᾶς

2244 5356 2462 5413 omittit
2486 5356 2550 5410 A.

557 5573 645 5647 (ii)
672 5571 1123 5654 pz‘ssolveretar.
1155 5573 1544 5631 Cruciaretur.
1580 5574 1900 5651 Aliquoties
1929 5578 1989 5635 in
2019 5578 2135 5636 hoc
2172 5576 2468 5636 vocabulo
2508 5574 2756 5633 offendit
2784 5573 3093 5647 interpres.
3127 5572 3231 5631 Vix
3262 5586 3403 5645 ergo
3435 5574 3639 5644 putem
3670 5569 3840 5628 illum

486 5642 795 5715 inve-uisse
821 5642 1209 5707 καταλυθέντος.
