4206 6310
393 358 500 413 289

1373 348 1727 413 COMMENT.
1770 351 1838 409 IN
1880 348 2316 410 MATTHIEUM.
2357 381 2425 390 —
2456 330 2613 407 CAP.
2645 322 2794 405 Vin.

3653 332 3759 407 296

396 486 687 549 Ματθαῖος,
745 487 834 535 καὶ
884 482 933 535 έν
981 480 1190 541 ἐκείνοις
1238 483 1360 555 γὰρ,
1430 486 1519 533 καὶ
1550 479 1597 531 έν
1632 481 1833 541 τούτοις
1886 480 1916 537 ἦ
1945 496 2000 530 τε

2122 491 2179 532 3a
2207 490 2343 548 quae
2395 472 2769 543 contigerunt
2798 474 3149 548 priusquam
3194 475 3421 531 veniret
3467 477 3759 543 centurio,

396 578 581 634 πίστις
645 579 738 624 τοῦ
778 571 1165 645 ἑκατοντάρχου
1218 566 1501 634 δείκνυται,
1557 573 1645 620 καὶ
1693 570 1722 627 ἡ
1759 571 1997 640 θαυματ-

398 668 591 736 ουργία
641 668 732 714 τοῦ
782 660 976 719 Ἰησοῦ.
1025 661 1161 713 Ἐπεὶ
1222 656 1280 712 δι
1316 661 1341 711 6
1390 664 1599 719 Λουκᾶς
1654 661 1872 733 εἴρηκεν,
1919 659 1998 707 ὃτι

398 750 814 826 ὑποστρέψαντες
882 752 930 803 οἱ
980 752 1309 822 πεμφθέντες,
1361 749 1505 823 εὖρον
1556 751 1641 800 τὸν
1685 745 1997 799 ἀσθενοῦντα

401 838 586 893 δοῦλον
638 843 955 910 ὑγιαίνοντα·
1012 843 1120 913 χρὴ
1169 837 1507 910 λογίσασθαι,
1559 839 1638 888 ὄτι
1686 838 1710 886 6
1758 839 1846 906 μὲν
1886 834 1998 886 ἐκα-

398 936 693 1006 τόνταρχος
740 925 848 987 ἤδη
909 928 1256 1003 πληροφορίαν
1298 931 1416 1000 περὶ
1466 935 1562 986 τῆς
1617 926 1790 996 ὑγείας
1836 922 1994 975 αὑτοῦ

398 1019 583 1085 λαϐὼν,
620 1018 987 1090 σχολαιὸτερον
1033 1013 1291 1076 ἐϐάδιζενο
1338 1018 1518 1067 ἐκεῖνοι
1554 1011 1611 1066 δὲ
1643 1010 1995 1065 δυσπιστοῦν-

402 1128 478 1170 τες
506 1104 854 1183 προέδραμον,
884 1105 1190 1179 γλιχόμενοι
1225 1106 1423 1178 μαθεῖν,
1469 1104 1512 1156 εἰ
1547 1104 1742 1175 ὑγίανε.

652 1362 798 1413 ΚΕΦ.
831 1357 918 1413 Η’.
958 1358 1084 1429 Περὶ
1114 1362 1208 1417 τῆς
1242 1356 1490 1428 πενθερᾶς
1528 1357 1743 1423 Πέτρου.

480 1450 577 1499 Καὶ
608 1445 761 1498 ἐλθὼν
816 1476 888 1486 -
938 1445 1095 1497 αὑτῶ.
1135 1443 1193 1495 Ὀ
1247 1440 1307 1495 6':
1356 1445 1569 1518 Μάρκος
1614 1444 1758 1495 καὶὸ
1789 1448 1995 1503 Λουκᾶς

404 1532 564 1601 εἶπον,
622 1539 711 1587 καὶ
757 1536 909 1587 πόθεν
962 1534 1113 1593 ἦλθεν
1167 1532 1289 1599 ἐκεῖ,
1344 1533 1424 1585 ὅτι
1471 1531 1571 1585 ἀπὸ
1619 1540 1713 1593 τῆς
1768 1550 1998 1602 συναγω-

402 1632 497 1697 γῆς
525 1632 625 1677 τῶν
667 1620 964 1689 Ἰουδαίων,
996 1622 1047 1675 έν
1109 1623 1141 1680 ἦ
1186 1619 1458 1689 ἐδίδασκε,
1518 1619 1785 1674 Σαϐϐάτου
1826 1624 1988 1680 ὄντος.

405 1716 707 1787 Προσέθηκε
765 1709 824 1765 6's
885 1714 910 1764 6
975 1714 1207 1785 Μάρκος,
1277 1713 1357 1763 ὅτι
1422 1713 1551 1783 μετὰ
1610 1708 1857 1763 Ἰακώϐου
1910 1714 1999 1761 καὶ

402 1804 642 1856 Ἰωάννού
692 1799 865 1861 ἦλθεν.
942 1800 1093 1862 Εἰκὸς
1145 1804 1267 1875 γὰρ,
1344 1803 1430 1851 τὸν
1480 1803 1692 1874 Πέτρον,
1773 1801 2002 1872 μαθόντα
2032 1825 2074 1880 Β

402 1896 579 1958 τοῦτο,
644 1887 986 1964 προδραμεῖν.
1062 1894 1162 1942 Καὶ
1209 1891 1421 1962 Μάρκος
1488 1891 1577 1962 μὶν
1642 1893 1731 1940 καὶ
1798 1895 2004 1950 Λουκᾶς

404 1999 581 2051 φασιν,
638 1980 719 2031 ὃτι
772 1980 1127 2053 παρεκάλεσαν
1180 1980 1336 2030 αὑτὸν
1388 1980 1437 2030 οἱ
1488 1979 1722 2049 μαθηταὶ
1763 1982 1880 2049 περὶ
1909 1986 2001 2038 τῆς

402 2067 791 2139 κατακειμένης⁹
848 2069 874 2119 6
930 2070 1201 2129 Ματθαῖος
1273 2063 1332 2119 6's
1382 2071 1472 2118 καὶ
1533 2074 1685 2117 τοῦτο
1737 2064 1999 2136 ἐσίγησεν.

404 2156 519 2213 Οὑκ
547 2159 661 2208 ἔστι
710 2153 769 2209 δὲ
809 2163 963 2209 τοῦτο
1026 2152 1331 2228 διαφωνίας·
1384 2153 1512 2206 ἀλλά
1548 2157 1607 2206 τό
1661 2156 1750 2226 μὲν
1780 2156 2000 2223 ἐκείνων,

406 2243 693 2319 ἀκριϐείας’
734 2248 793 2297 τὸ
834 2241 894 2297 δὲ
922 2248 1128 2311 τούτου,
1191 2248 1484 2316 συντομίας.
1531 2243 1749 2301 Εἰσῆλθε
1804 2240 1860 2294 δὲ
1887 2262 2004 2315 τρο-

408 2342 505 2406 φῆς
587 2333 1025 2406 μεταληψόμενος,
1087 2329 1194 2392 ἤδη
1284 2339 1375 2384 τοῦ
1440 2338 1626 2406 καιροῦ
1703 2331 2001 2404 καλοῦντος.

409 2423 713 2497 Ἐγερθεῑσα
739 2425 840 2495 γὰρ
868 2424 897 2481 ἡ
931 2426 1135 2496 κειμένη
1169 2418 1403 2479 διηκόνει
1424 2420 1561 2473 αὑτῶ

484 2695 550 2745 Σύ
591 2686 652 2745 δέ
700 2709 791 2764 μοι
850 2692 1118 2763 θαύμασον
1176 2695 1269 2750 τὴν
1325 2688 1717 2762 συγκατάϐασιν
1771 2695 1863 2740 τοῦ
1921 2694 2005 2741 Δε-

414 2786 633 2848 σπότου,
690 2789 801 2842 πῶς
868 2780 963 2832 οὑκ
1016 2779 1308 2843 ἀπηξίωσεν
1375 2779 1616 2832 εἰσελθεῖν
1687 2777 1757 2838 εἰς
1815 2776 2008 2849 φαύλην

410 2869 581 2922 οἶκίαν
622 2868 821 2934 ἁλιέως,
877 2869 987 2941 ἅμα
1012 2872 1102 2941 μὲν
1154 2877 1316 2941 τιμῶν
1365 2872 1452 2920 τόν
1504 2868 1763 2940 μαθητὴν,
1792 2866 1901 2938 ἅμα
1952 2862 2010 2918 δε

416 2954 686 3010 διδάσκων
739 2940 919 3028 ἡμᾶς,
956 2940 1027 3030 μη
1099 2940 1402 3019 κενοδοξεῖν⁸
1470 2940 1758 3028 ’Δψάμενος
1806 2950 1864 3007 6':
1915 2962 2009 3016 τῆς

415 3049 589 3121 χειρὸς
635 3047 811 3114 αὑτῆς,
864 3046 923 3098 ού
975 3050 1126 3119 μόνον
1183 3050 1268 3098 τὸν
1320 3048 1537 3121 πυρετὸν
1589 3043 1819 3109 ἔσϐεσεν,
1882 3042 2010 3095 ἀλλά

413 3140 503 3187 καὶ
575 3138 806 3211 καθαρὰν
877 3136 1024 3198 εὐθὺς
1091 3134 1353 3188 ἀπέδωκεν
1428 3134 1555 3191 αύτῆ
1642 3138 1734 3192 τὴν
1810 3134 2006 3205 ὑγείαν.

416 3224 639 3299 Ἠγέρθη
673 3227 797 3298 γὰρ,
830 3229 919 3277 καὶ
970 3224 1157 3276 αὐτίκα
1206 3221 1455 3281 διηκόνει.
1513 3227 1696 3276 Καίτοι
1751 3223 1882 3293 μετά
1917 3224 2011 3278 τὴν

416 3312 720 3384 ἀπαλλαγὴν
798 3320 890 3365 τοῦ
944 3320 1189 3385 πυρετοῦ,
1252 3312 1440 3364 πολλοῦ
1503 3308 1587 3363 δεῖ
1656 3314 1851 3385 χρόνου
1907 3315 2012 3369 τοῖς

417 3404 725 3475 κάμνουσιν,
797 3404 929 3463 ᾤστε
984 3406 1077 3460 τὴν
1137 3406 1389 3473 προτέραν
1440 3402 1616 3472 ὑγείαν
1664 3399 1779 3470 (75)
1832 3398 2011 3451 ἓπανα·

419 3490 611 3545 λαϐεῖν.
656 3496 755 3544 Καὶ
816 3489 896 3543 ἐπὶ
972 3499 1067 3551 τῆς
1137 3490 1404 3551 θαλάσσης
1472 3486 1551 3555 δε,
1608 3488 1667 3540 ού
1714 3492 1865 3560 μόνον
1918 3492 2011 3545 τὴν

427 3580 587 3644 ζάλην
639 3582 875 3644 ἔστησεν,
933 3578 1061 3631 αλλά
1110 3582 1196 3631 καὶ
1250 3581 1337 3631 τὸν
1414 3578 1566 3630 σάλον
1618 3586 1717 3629 τῶν
1774 3576 2015 3650 κυμάτων

2046 3178 2087 3233 C

424 3670 640 3723 ἔπαυσε.
692 3674 873 3722 Καίτοι
933 3670 1064 3741 μετά
1117 3672 1210 3726 τὴν
1245 3667 1402 3730 ζάλην
1454 3670 1589 3738 μένει
1631 3670 1794 3741 μέχρι
1827 3665 2015 3718 πολλοῦ

422 3760 491 3811 τά
538 3754 711 3810 ὑδατα
762 3757 1092 3830 σαλευόμενα.
1160 3756 1310 3808 Οὑτω
1362 3758 1459 3828 γὰρ
1517 3751 1655 3807 οἶδεν
1713 3756 1738 3806 6
1788 3756 2016 3826 Χριστὸς

423 3848 554 3920 ὁμοῦ
608 3852 695 3899 καὶ
741 3850 797 3898 1'6
846 3844 1086 3917 ἐνοχλοῦν
1137 3841 1302 3898 δεινὸν
1348 3844 1503 3913 λύειν,
1552 3847 1642 3895 καὶ
1690 3846 1786 3901 τὴν
1837 3846 2017 3916 προτέ-

419 3956 516 4011 ραν
544 3931 861 3989 ἀποδιδόναι
890 3936 1213 3986 κατάστασιν
1224 3974 1236 3988 .

601 4048 751 4100 ΚΕΦ.
780 4042 864 4097 8’.
911 4044 1038 4115 Περὶ
1070 4048 1166 4093 τῶν
1194 4039 1431 4093 ίαθέντων
1467 4037 1567 4091 ἀπὸ
1596 4037 1840 4092 ποικίλων

1122 4147 1304 4185 νοσων.

488 4240 681 4313 Ὀψίας
713 4271 780 4281 -
810 4239 961 4310 λόγω.
1017 4236 1203 4307 Ὀψίαν
1231 4236 1366 4309 (74),
1410 4238 1468 4287 τὸ
1500 4236 1634 4297 τέλος
1675 4243 1771 4298 τῆς
1822 4237 2019 4310 ἡμέρας

421 4332 681 4403 ὠνόμασε.
734 4332 821 4382 Διό
866 4333 955 4380 καὶ
992 4329 1017 4379 6
1046 4329 1253 4400 Μάρκος
1305 4330 1390 4377 καὶ
1433 4327 1458 4377 6
1487 4332 1692 4386 Λουκᾶς
1722 4327 2018 4399 προστεθεί-

420 4438 595 4486 κασιν,
655 4418 733 4471 ὅτι
775 4416 898 4470 Ὀτε
930 4413 1022 4469 ἔδυ
1068 4417 1093 4467 ό
1147 4414 1309 4480 ἣλιος,
1361 4420 1702 4490 φανερώτερον
1751 4411 2019 4472 δηλώσαν-

423 4528 498 4569 τες
520 4512 607 4560 τόν
654 4511 852 4582 καιρόν’
888 4506 914 4557 ό
958 4507 1046 4576 μεν
1082 4507 1184 4579 γὰρ
1237 4499 1497 4576 δημώδης
1550 4502 1709 4573 ὄχλος
1752 4501 2020 4575 ἀναμείνας
2051 4526 2096 4582 D

426 4602 519 4654 τὴν
545 4593 698 4648 δύσιν
725 4602 816 4647 τοῦ
844 4594 1016 4660 ἠλὶου,
1062 4589 1097 4645 δ
1103 4595 1155 4645 ιά
1178 4597 1269 4651 τὴν
1300 4600 1391 4644 τοῦ
1422 4590 1687 4643 Σαϐϐάτου
1717 4596 2021 4665 παρατήρη-

433 4703 535 4751 σιν,
570 4683 702 4734 οὑτω
725 4687 841 4743 τούς
864 4685 1172 4755 πάσχοντας
1203 4685 1555 4756 προσήγαγεν⁸
1594 4682 1643 4731 οἱ
1677 4676 1735 4731 δε
1764 4681 2015 4751 μαθηταί,

428 4777 517 4825 καὶ
564 4775 662 4847 πρὸ
714 4781 808 4833 τῆς
857 4780 949 4825 τοῦ
979 4772 1127 4831 ἡλίου
1174 4767 1394 4836 δύσεως,
1444 4767 1797 4843 παρεκάλεσαν
1843 4767 2015 4834 αὑτὸν,

428 4858 682 4913 ἰάσασθαι
732 4865 827 4919 τὴν
878 4864 1268 4936 πυρέσσουσαν,
1308 4858 1398 4910 οἶτε
1444 4862 1533 4909 καὶ
1580 4860 1827 4931 πρότερον
1873 4852 2017 4908 ἰδόν-

421 4967 503 5012 τες
567 4949 723 5001 αύτόν
787 4947 1198 5023 ἀπαρατηρήτως
1255 4946 1303 4998 ἐν
1353 4944 1601 4999 Σαϐϐάτω
1652 4946 2014 5018 θεραπεύοντα,

418 5042 509 5091 καὶ
553 5040 909 5111 μεμαθηκότες
964 5035 1071 5096 ἤδη
1152 5036 1275 5111 παρ’
1328 5034 1510 5103 αὑτοῦ,
1568 5036 1728 5085 ποίων
1781 5035 1870 5105 μεν
1939 5034 2020 5104 ἔρ-

415 5146 521 5199 γων
575 5125 871 5199 ἀπέχεσθαι
924 5125 1236 5202 προσέταξεν
1292 5125 1318 5177 ό
1370 5128 1488 5199 περὶ
1540 5129 1636 5184 τῆς
1688 5120 1869 5197 ἀργίας
1926 5126 2019 5174 τοῦ

416 5213 683 5270 Σαϐϐάτου
707 5221 884 5291 νόμος,
907 5221 1035 5271 ποῖα
1059 5211 1119 5269 6‘:
1148 5216 1375 5288 μετιέναι
1392 5217 1765 5288 παρεχώρησε.

490 5342 538 5377 ⁵³
566 5343 721 5403 Marc
759 5358 798 5409 ι,
830 5343 918 5401 29.
1034 5341 1081 5377 ⁵⁸
1112 5340 1246 5398 Luc.
1279 5355 1352 5409 ιν,
1388 5337 1478 5395 38.
1591 5338 1639 5375 ⁸⁵
1664 5338 1844 5405 Marc,
1877 5352 1917 5394 ι.
1946 5336 2040 5394 32.

2108 563 2408 636 scripserit
2452 565 2659 627 Lucas,
2713 568 2769 617 et
2820 563 2959 619 inde
3010 564 3337 634 Matthaaus,
3399 581 3533 637 quae
3561 569 3763 622 secuta

2108 659 2245 708 sunt
2274 652 2559 708 docuerit.
2590 652 2739 707 Nam
2768 655 2825 707 et
2852 652 2913 707 in
2943 653 3057 717 his,
3077 658 3133 708 et
3156 653 3217 708 in
3246 653 3359 709 illis
3384 653 3533 710 fides
3564 670 3763 710 mons-

2108 746 2296 797 tratur
2349 740 2715 797 centurionis
2769 756 2839 796 ac
2900 742 3169 797 miraculi
3220 743 3488 814 operatio
3539 761 3575 800 a
3624 744 3764 800 Jesu

2107 832 2286 886 facta.
2336 829 2508 896 Quod
2534 835 2737 885 autem
2783 829 2973 885 Lucas
2999 830 3166 895 dixit,
3199 831 3364 902 quod
3399 833 3618 889 reversi
3660 832 3762 905 qui

2105 920 2277 975 missi
2304 919 2555 984 fuerant,
2580 918 2935 974 invenerunt
2971 924 3359 989 aegrotantem
3391 936 3627 976 servum
3668 938 3766 978 sa-

2106 1006 2273 1064 nitati
2316 1007 2674 1075 restitutum,
2724 1007 3093 1078 perpendere
3129 1012 3377 1078 oportet,
3424 1011 3590 1080 quod
3631 1025 3767 1066 cen-

2106 1098 2254 1153 turio
2272 1102 2465 1152 certus
2475 1096 2603 1167 jam
2631 1095 2706 1151 de
2725 1095 2916 1151 salute
2942 1095 3120 1164 illius,
3147 1096 3372 1151 tardior
3398 1112 3467 1151 ac
3505 1100 3766 1155 securior

2102 1186 2542 1251 revertebatur;
2576 1185 2657 1241 illi
2685 1191 2875 1241 autem
2906 1184 3224 1241 difﬁculter
3264 1185 3590 1255 credentes,
3607 1204 3767 1261 prte-

2105 1278 2494 1331 cucurrerunt
2531 1274 2680 1329 scire
2720 1274 3023 1345 cupientes
3054 1289 3132 1328 an
3150 1288 3332 1329 sanus
3354 1281 3525 1331 esset.

2490 1363 2639 1418 CAP.
2672 1362 2809 1417 VIII.
2832 1364 2919 1418 De
2946 1378 3120 1418 socru
3142 1363 3332 1419 Petri.

2178 1454 2341 1507 Vers.
2383 1451 2471 1521 14,
2504 1452 2591 1507 15.
2644 1452 2899 1522 Cumque
2942 1451 3192 1508 venisset
3245 1483 3313 1492 —
3344 1454 3417 1510 ei.
3465 1456 3691 1511 Marcus
3717 1456 3764 1490 ⁵³

2108 1544 2308 1599 autem
2335 1544 2391 1596 et
2415 1540 2606 1596 Lucas
2633 1541 2677 1575 ⁵³
2706 1539 2987 1595 dixerunt
3005 1540 3185 1596 etiam
3216 1541 3376 1597 unde
3424 1541 3561 1599 illuc
3592 1559 3764 1600 vene-

2106 1634 2215 1701 rat,
2246 1628 2511 1684 videlicet
2545 1645 2582 1684 a
2603 1643 2915 1700 synagoga
2959 1628 3320 1693 Judaeorum,
3363 1631 3425 1685 in
3465 1647 3589 1703 qua
3616 1633 3766 1689 Sab-

2112 1718 2251 1774 bato
2280 1716 2584 1773 docuerat.
2617 1715 2855 1771 Addidit
2884 1732 3125 1789 quoque
3150 1717 3407 1783 Marcus,
3434 1720 3599 1791 quod
3626 1736 3766 1777 cum

2109 1805 2332 1862 Jacobo
2361 1808 2419 1860 et
2445 1804 2673 1860 Joanne
2721 1805 2964 1860 venerit.
2996 1805 3327 1862 Verisimile
3358 1812 3447 1863 est
3473 1808 3631 1864 enim
3662 1809 3764 1865 Pe-

2111 1897 2289 1959 trum,
2314 1909 2448 1948 cum
2477 1893 2591 1948 hoc
2627 1892 2954 1958 didicisset,
2979 1895 3449 1964 praecucurrisse.
3484 1898 3767 1954 Praeterea

2111 1985 2337 2039 Marcus
2370 1986 2424 2037 et
2450 1984 2634 2036 Lucas
2660 1980 2891 2050 dicunt,
2915 1981 3081 2053 quod
3103 1982 3381 2053 discipuli
3401 1990 3767 2054 rogaverunt

2110 2070 2279 2126 illum
2306 2086 2415 2142 pro
2446 2085 2516 2125 ea
2537 2086 2673 2141 quae
2718 2069 2779 2124 in
2830 2069 2981 2125 lecto
3007 2070 3427 2127 decumbebat.
3454 2073 3768 2131 Matthteus

2111 2175 2255 2215 vero
2286 2159 2463 2215 etiam
2492 2159 2606 2214 hoc
2648 2158 2847 2214 tacuit.
2893 2161 3020 2214 Non
3071 2163 3157 2214 est
3188 2164 3390 2216 autem
3437 2160 3553 2217 hoc
3577 2163 3769 2218 disso-

2113 2248 2330 2304 nantize
2357 2248 2612 2318 signum,
2647 2247 2752 2303 sed
2800 2247 2967 2320 quod
3009 2248 3088 2303 illi
3120 2248 3406 2316 fecerunt,
3441 2250 3765 2321 diligentiae

2114 2336 2242 2403 fuit,
2275 2337 2439 2409 quod
2466 2340 2662 2392 autem
2691 2336 2807 2402 hic,
2841 2336 3167 2395 brevitatis.
3206 2338 3517 2407 Ingressus
3544 2346 3633 2395 est
3662 2356 3770 2396 au-

2115 2430 2234 2483 tem
2262 2425 2379 2481 cibi
2428 2424 2697 2481 sumendi
2750 2440 2953 2495 causa,
2989 2430 3233 2482 vocante
3272 2426 3401 2497 jam
3438 2428 3607 2485 hora.
3666 2430 3770 2486 Illa

2115 2528 2257 2570 vero
2283 2529 2419 2586 quae
2445 2515 2504 2568 in
2524 2512 2674 2569 lecto
2696 2512 3107 2578 decumbebat,
3128 2515 3379 2571 surrexit
3401 2520 3457 2571 et
3479 2516 3770 2573 ministra-

2116 2601 2223 2658 bat
2242 2602 2313 2657 ei.

2188 2693 2272 2746 Tu
2301 2705 2537 2763 quoque
2567 2690 2712 2746 mihi
2743 2690 3061 2759 admirare,
3089 2695 3386 2763 quantum
3417 2709 3542 2749 sese
3568 2694 3771 2750 Domi-

2118 2794 2231 2836 nus
2253 2779 2549 2850 dejecerit.
2597 2782 2725 2835 Non
2756 2778 3118 2849 dedignatus
3141 2785 3231 2835 est
3255 2781 3423 2837 vilem
3446 2783 3770 2854 piscatoris

2117 2867 2367 2924 domum
2386 2868 2616 2937 ingredi
2640 2887 2652 2924 :
2683 2868 2821 2924 hinc
2842 2868 3088 2940 quidem
3114 2873 3169 2925 et
3194 2868 3551 2942 discipulum
3576 2871 3771 2928 hono-

2118 2973 2280 3027 rans,
2313 2961 2370 3013 et
2395 2956 2571 3012 simul
2600 2956 2825 3012 docens
2852 2972 2961 3013 nos
2998 2973 3072 3012 ne
3098 2973 3269 3013 vanae
3302 2958 3505 3029 glorite
3535 2961 3771 3017 studea-

2117 3063 2277 3103 mus.
2307 3044 2457 3102 Cum
2484 3051 2682 3102 autem
2708 3061 2882 3102 manu
2906 3045 3390 3117 illamtetigisset,
3416 3064 3538 3105 non
3574 3049 3771 3105 solum

2118 3134 2333 3191 febrim
2364 3134 2662 3196 exstinxit,
2692 3150 2902 3190 verum
2925 3135 3105 3190 etiam
3130 3135 3425 3205 integram
3457 3138 3508 3192 ei
3540 3138 3773 3194 tradidit

2121 3224 2458 3279 sanitatem.
2489 3222 2753 3278 Surrexit
2771 3222 2949 3287 enim,
2981 3226 3037 3277 et
3066 3223 3350 3279 continuo
3377 3225 3773 3283 ministrabat.

2120 3311 2293 3383 Atqui
2321 3311 2522 3367 ablata
2546 3312 2725 3366 etiam
2753 3311 2921 3375 febri,
2948 3310 3360 3367 laborantibus
3380 3312 3560 3382 longo
3616 3331 3774 3387 opus

2122 3405 2210 3458 est
2246 3404 2554 3473 temporet,
2603 3404 2667 3456 ut
2710 3399 2971 3471 priorem
3012 3400 3301 3471 recipiant
3335 3402 3666 3459 sanitatem.
3710 3406 3775 3460 In

2122 3490 2275 3547 mari
2304 3505 2544 3562 quoque
2562 3504 2686 3546 non
2716 3488 2912 3545 solum
2939 3493 3344 3560 tempestatem
3374 3490 3619 3558 sedavit,
3670 3493 3777 3549 sed

2124 3579 2301 3636 etiam
2318 3577 2604 3633 ﬂuctuum
2621 3578 3089 3634 commotionem
3115 3578 3399 3644 cohibuit,
3417 3596 3554 3635 cum
3570 3584 3776 3637 tamen

2124 3671 2260 3740 post
2289 3671 2701 3739 tempestatem
2729 3666 2953 3723 diutius
3004 3672 3248 3724 maneat
3289 3684 3587 3740 aquarum
3616 3686 3779 3726 com-

2125 3754 2334 3810 motio.
2358 3758 2445 3811 Ita
2465 3754 2623 3810 enim
2640 3756 2803 3810 novit
2830 3755 3120 3820 Christus,
3142 3756 3322 3811 simul
3342 3761 3397 3811 et
3418 3758 3582 3827 quod
3610 3759 3778 3827 aegri-

2127 3842 2331 3898 tudine
2361 3842 2640 3899 allectum
2666 3847 2754 3899 est
2783 3841 3028 3914 solvere,
3061 3846 3121 3899 et
3160 3842 3222 3899 in
3269 3845 3528 3915 priorem
3556 3849 3779 3903 statum

2125 3944 2436 4003 reponere.

2199 4038 2362 4096 CAP.
2404 4038 2491 4094 IX.
2536 4038 2623 4094 De
2647 4037 2871 4095 curatis
2905 4052 2942 4095 a
2971 4038 3150 4095 variis
3190 4039 3659 4108 inﬁrmitatibus.

2198 4236 2341 4291 Vers
2364 4236 2449 4291 16.
2489 4234 2743 4304 Vespera
2772 4265 2839 4274 —
2858 4235 3058 4291 verbo.
3091 4237 3415 4309 Vesperam
3440 4236 3622 4292 ﬁnem
3662 4236 3779 4293 diei

2127 4324 2476 4381 nominavit.
2508 4323 2645 4378 Ideo
2693 4323 2922 4379 Marcus
2950 4324 2997 4359 ⁵⁸
3028 4330 3083 4379 et
3106 4326 3292 4381 Lucas
3324 4327 3371 4361 ⁵⁸
3416 4326 3781 4382 mentionem

2127 4427 2368 4485 quoque
2396 4412 2656 4466 fecerunt
2687 4411 2761 4467 de
2792 4427 3011 4468 occasu
3068 4412 3232 4479 solis,
3282 4413 3655 4470 manifestius
3682 4413 3783 4471 de-

2129 4506 2527 4557 monstrantes
2559 4504 2815 4572 tempus.
2845 4501 3155 4573 Popularis
3180 4503 3339 4559 enim
3369 4504 3543 4559 turba
3572 4520 3784 4576 exspe-

2128 4595 2287 4647 ctato
2318 4589 2456 4645 solis
2481 4605 2704 4645 occasu
2733 4594 2975 4662 propter
2998 4590 3245 4646 Sabbati
3271 4591 3778 4659 observationem,

2128 4678 2355 4735 morbis
2407 4683 2549 4734 tunc
2588 4678 2932 4733 laborantes
2962 4678 3215 4734 adduxit
3256 4695 3269 4745 ;
3308 4679 3585 4750 discipuli
3639 4696 3782 4737 vero

2129 4770 2308 4824 etiam
2335 4771 2471 4822 ante
2494 4766 2637 4821 solis
2684 4781 2969 4821 occasum
3000 4766 3302 4837 deprecati
3333 4771 3467 4821 sunt
3493 4781 3631 4822 eum
3671 4783 3782 4839 pro

2131 4857 2320 4913 salute
2345 4853 2758 4920 febricitantis,
2782 4859 2845 4910 ut
2883 4855 2986 4926 qui
3026 4855 3291 4927 primum
3321 4854 3596 4910 viderant
3641 4872 3783 4914 eum

2133 4945 2259 5001 sine
2284 4943 2515 5000 delectu
2547 4942 2810 5000 Sabbato
2838 4948 3168 5008 curantem,
3204 4958 3273 4999 ac
3294 4941 3627 5001 didicerant
3654 4945 3782 5017 jam

2132 5032 2209 5090 ab
2230 5032 2350 5097 illo,
2404 5048 2441 5088 a
2469 5031 2692 5104 quibus
2720 5031 3007 5103 operibus
3062 5032 3361 5090 abstinere
3384 5030 3623 5106 juberet
3663 5033 3780 5105 lex,

2131 5136 2266 5195 quae
2295 5121 2371 5177 de
2410 5119 2655 5178 Sabbati
2675 5120 2873 5194 quiete
2904 5123 3123 5181 statuta
3152 5126 3299 5194 erat,
3345 5125 3402 5180 et
3447 5121 3614 5196 quali
3643 5138 3784 5198 agag

2132 5209 2299 5283 gredi
2323 5208 2714 5283 permitteret.

2152 5337 2199 5374 ⁵⁵
2228 5338 2366 5394 Luc.
2392 5352 2466 5402 1v,
2499 5335 2592 5393 40.

1621 5490 1847 5564 Variae
1873 5489 2197 5561 lectiones
2228 5498 2294 5557 et
2331 5498 2533 5558 notae.

492 5650 608 5726 (73)
639 5641 960 5723 παραλαϐεῖν
1002 5648 1063 5699 Δ.

2205 5632 2323 5707 (τι)
2348 5631 2507 5707 ὀψίας
2528 5634 2599 5690 Α.
