4206 6310
496 398 594 468 29i

501 629 659 682 tenta
710 639 895 680 manu
941 625 1129 686 curat,
1174 625 1240 676 ut
1292 621 1351 675 in
1409 635 1584 676 socru
1630 619 2145 685 Petri;interdum

499 717 696 769 autem
722 711 905 768 verbo
946 711 1217 783 loquens,
1250 714 1312 765 ut
1348 708 1407 764 in
1429 723 1616 780 puero
1669 707 2050 772 centurionis,
2089 710 2147 763 et

496 803 556 858 in
586 801 677 857 his
705 800 1089 858 damoniacis
1114 816 1126 853 :
1154 798 1523 870 quandoque
1550 801 1870 868 utrumque
1896 795 2140 862 faciens,

498 897 563 948 ut
616 892 678 947 in
709 891 968 963 leproso.
1037 887 1304 944 Ostendit
1355 887 1514 942 enim
1555 901 1620 941 se
1672 885 2144 957 omnipotentem

495 995 644 1036 esse.

570 1071 729 1125 Vers.
787 1070 873 1124 16.
917 1068 997 1123 Et
1052 1097 1122 1107 -—
1171 1065 1336 1122 Vers.
1372 1065 1458 1119 17.
1512 1063 1800 1120 Ρονιαυίι.
1851 1063 1960 1119 Per
2015 1061 2142 1118 lan-

499 1174 715 1230 guores
766 1162 824 1224 et
874 1155 1115 1212 morbos
1168 1153 1262 1209 hic
1285 1152 1434 1208 mihi
1482 1151 1742 1223 intellige
1786 1151 2140 1222 languorum

497 1265 568 1306 ac
601 1247 945 1304 morborum
968 1250 1180 1300 reatus.
1202 1243 1350 1298 Cum
1371 1241 1532 1298 enim
1552 1241 1870 1311 languores
1888 1256 1958 1298 ac
1993 1240 2142 1296 mul-

496 1342 589 1394 tos
619 1337 911 1409 patientes
963 1334 1202 1390 morbos
1251 1331 1496 1397 curavit,
1528 1330 1590 1386 in
1636 1330 1900 1402 seipsum
1933 1345 2142 1386 eorum

493 1431 714 1483 reatum
751 1422 1048 1480 transtulit
1078 1440 1093 1492 ;_
1125 1421 1259 1477 dico
1301 1435 1444 1476 sane
1486 1418 1724 1475 labores
1750 1424 1808 1474 et
1865 1422 2137 1476 mortem.

493 1515 632 1572 Ideo
661 1515 838 1570 etiam
859 1512 1078 1568 multos
1092 1507 1661 1582 perpessuslabores
1689 1512 1956 1580 tempore
1985 1523 2144 1563 acer-

492 1604 587 1660 ba
619 1602 920 1660 Passionis
944 1605 1211 1657 mortuus
1227 1603 1335 1654 est.
1360 1597 1474 1655 Sed
1501 1598 1810 1654 Matthaus
1839 1597 1914 1653 de
1935 1612 2144 1669 corpo-

491 1692 716 1749 ratibus
740 1688 1133 1761 languoribus
1160 1702 1230 1743 ac
1258 1686 1486 1742 morbis
1517 1686 1924 1758 metaphorico
1958 1685 2143 1742 verbo

492 1781 752 1854 loquitur
784 1797 798 1846 ;
825 1780 1009 1835 Isaias
1040 1777 1515 1848 verolanguores
1540 1780 1595 1831 et
1625 1774 1870 1831 morbos
1899 1780 2145 1845 peccata

1811 385 2161 461 EUTHYMII
2198 386 2534 466 ZIGABENI

574 535 838 593 Observa
858 548 1100 606 quoque
1130 547 1254 604 quo
1278 535 1454 604 pacto
1475 529 1772 586 interdum
1794 529 2038 603 quidem
2051 546 2137 586 ex-

2327 537 2539 604 Παρατή
2546 552 2611 605 ρη
2621 552 2710 586 σον
2769 532 2804 588 δ
2806 538 2847 605 ε,

3741 417 3849 480 292

2932 545 3040 600 πῶς
3123 543 3244 594 ποτε
3299 545 3390 615 μεν
3465 544 3695 600 ἐκτείνων
3752 553 3847 610 τὴν

2253 626 2412 693 χεῖρα
2469 623 2754 694 θεραπεύει,
2824 627 2891 687 ὡς
2943 625 3026 679 ἐπὶ
3060 636 3147 690 τῆς
3192 638 3283 683 τοῦ
3338 637 3530 707 Πέτρου
3578 639 3843 712 πενθέρᾶς·

2253 712 2376 760 ποτὲ
2429 705 2488 761 δὲ
2551 709 2702 782 λόγον
2762 711 2939 784 λέγων,
2969 718 3033 776 ὡς
3083 716 3167 770 ἐπὶ
3223 727 3315 772 τοῦ
3368 719 3554 785 παιδός
3603 733 3694 778 τοῦ
3732 725 3847 780 ἐκαο

2252 798 2564 868 τοντάρχου,
2640 806 2729 853 καὶ
2793 799 2876 854 ἐπὶ
2945 812 3044 855 τῶν
3120 802 3560 882 δαιμονιζομένων
3631 817 3844 868 τούτων·

2252 888 2374 936 ποτὲ
2451 883 2508 938 δὲ
2555 893 2643 939 καὶ
2701 887 2963 964 ἀμφότερα
3017 903 3198 964 ποιῶν,
3252 899 3316 957 ὡς
3358 897 3440 952 ἐπὶ
3493 908 3584 953 τοῦ
3636 902 3844 977 λεπροῦ.

2252 977 2488 1026 Δείκνυσι
2517 979 2639 1048 γὰρ,
2673 978 2750 1029 ὅτι
2779 977 3173 1054 παντοδύναμός
3203 983 3332 1042 ἐστι.

2325 1067 2424 1114 Καὶ
2482 1094 2548 1105 --
2604 1064 2908 1120 ἐϐάστασεν·
2980 1069 3270 1134 Ἀσθενείας
3337 1080 3425 1129 καὶ
3497 1083 3682 1142 νόσους
3747 1085 3851 1134 νόει

2251 1169 2341 1221 μοι
2396 1159 2504 1221 νῦν,
2561 1155 2649 1215 τὰς
2713 1164 2811 1207 τῶν
2888 1155 3158 1212 ἀσθενειῶν
3231 1167 3320 1217 καὶ
3392 1170 3556 1219 νόσων
3627 1168 3847 1241 ὀφειλάς.

2249 1245 2360 1292 Τῶν
2415 1243 2516 1316 γὰρ
2594 1241 2866 1297 ἀσθενειῶν
2952 1252 3042 1300 καὶ
3092 1254 3256 1302 νόσων
3325 1251 3664 1328 ἐλευθερώσας
3728 1263 3853 1322 τοὺς

2251 1331 2576 1400 πάσχοντας,
2631 1330 2706 1404 ἐφ’
2760 1333 2939 1387 ἑαυτὸν
2993 1342 3278 1408 μετέστησε
3332 1346 3390 1396 τὸ
3445 1349 3600 1416 χρέος
3656 1346 3845 1415 αὐτῶν,

2251 1415 2382 1488 λέγω
2442 1415 2534 1484 δὴ,
2594 1424 2714 1483 τοὺς
2771 1427 2955 1484 πόνους
3007 1431 3096 1479 καὶ
3150 1432 3238 1480 τόν
3302 1431 3537 1486 θάνατον.
3598 1438 3684 1488 Διὸ
3735 1442 3848 1504 καὶ,

2252 1505 2472 1568 πολλοὺς
2521 1513 2711 1572 πόνους
2759 1513 2994 1574 ὑποστὰς
3053 1513 3101 1566 ἐν
3158 1526 3231 1569 τῶ
3295 1528 3460 1592 καιρῷ
3508 1529 3600 1576 τοῦ
3648 1523 3846 1598 ἀχράν-

2253 1614 2344 1646 του
2401 1598 2619 1664 πάθους,
2679 1598 2943 1657 ἀπέθανεν.
3021 1604 3175 1658 Ἀλλά
3238 1611 3504 1673 Ματθαῖος
3583 1615 3672 1684 μὶν
3728 1619 3848 1688 περὶ

2257 1695 2564 1756 σωματικῶν
2621 1688 2894 1744 ἀσθενειῶν
2959 1700 3047 1746 καὶ
3122 1701 3285 1748 νόσων
3365 1695 3492 1769 εἶπε,
3549 1701 3848 1773 μεταλαϐὼν

2253 1776 2310 1824 τό
2347 1774 2524 1848 ῥητόν·
2585 1776 2800 1840 Ἠσαίας
2872 1778 2932 1833 δε
3007 1781 3268 1846 ἀσθενείας
3345 1791 3436 1839 καὶ
3491 1793 3696 1855 νόσους,
3755 1793 3852 1853 τὰς

495 1871 830 1943 appellavit,
884 1883 1020 1940 qua
1063 1867 1325 1921 Christus
1383 1879 1617 1920 sumere
1658 1879 1729 1919 ac
1774 1869 2009 1951 portare
2058 1863 2137 1919 di-

2255 1861 2511 1938 ἀμαρτίας
2561 1866 2842 1938 ὠνόμασεν,
2896 1869 2955 1931 ἃς
3023 1872 3049 1922 ὁ
3107 1877 3335 1945 Χριστὸς
3391 1875 3560 1928 λαϐεῖν
3613 1884 3702 1931 καὶ
3746 1878 3850 1951 βα-

494 1961 644 2014 citur
671 1960 732 2012 in
787 1957 1034 2013 modum
1077 1954 1348 2008 victima.
1388 1955 1534 2007 Nam
1581 1950 1806 2007 animal
1829 1950 1996 2022 quod
2034 1967 2143 2023 pro

493 2046 754 2121 peccatis
779 2045 857 2101 ad
870 2044 1165 2100 victimam
1193 2040 1654 2114 producebatur,
1690 2039 2142 2112 quodammodo

494 2139 740 2210 peccata
763 2132 1036 2190 omnium
1057 2131 1116 2186 in
1151 2131 1416 2201 seipsum
1445 2127 1813 2199 suscipiebat
1837 2143 1907 2184 ac
1937 2131 2142 2201 porta-

492 2225 618 2290 bat,
643 2228 699 2280 et
717 2221 1010 2296 populum
1031 2219 1272 2291 quidem
1302 2217 1398 2274 his
1425 2216 1737 2283 liberabat,
1770 2216 1972 2290 ipsum
1999 2232 2142 2273 vero

493 2317 738 2387 propter
763 2311 888 2366 hac
907 2307 1318 2382 jugulabatur.
1349 2306 1594 2362 Pulchre
1618 2309 1818 2362 autem
1840 2305 2143 2378 propheti-

493 2417 633 2457 cum
689 2399 916 2456 dictum
971 2394 1399 2466 transsumpsit
1458 2393 1840 2464 evangelista.
1896 2393 2140 2449 Plurimi

493 2489 788 2563 siquidem
810 2487 1128 2557 languores
1150 2500 1219 2540 ac
1242 2483 1435 2539 morbi
1457 2481 1797 2554 corporales
1824 2498 1860 2539 a
1883 2482 2141 2554 peccatis

492 2580 781 2643 oriuntur,
815 2576 969 2631 sicut
1006 2575 1065 2630 in
1096 2587 1419 2646 progressu
1458 2571 1843 2627 docebimur:
1877 2571 2139 2644 nihilque

497 2672 660 2730 vetat,
678 2667 805 2722 hac
833 2679 1070 2738 quoque
1097 2661 1298 2718 vocari
1318 2665 1579 2732 peccata.

562 2757 722 2811 Vers.
750 2754 838 2808 18.
869 2753 1011 2809 Cum
1038 2757 1233 2807 autem
1263 2749 1501 2805 vidisset
1521 2779 1589 2790 —
1612 2748 1676 2804 in
1697 2747 2041 2805 ulteriorem
2060 2748 2140 2803 ri-

490 2859 654 2915 pam.
691 2842 872 2897 Jussit
898 2841 1012 2896 hoc
1049 2837 1378 2909 discipulis.
1426 2836 1610 2892 Simul
1635 2835 1875 2908 quidem
1917 2851 1990 2891 ne
2017 2835 2139 2908 glo-

490 2935 592 2990 ria
623 2930 879 3002 cupidus
904 2928 1218 2996 videretur,
1249 2924 1428 2980 simul
1460 2924 1640 2981 etiam
1672 2928 1735 2980 ut
1778 2924 2011 2980 invidia
2038 2927 2138 2982 Ju-

490 3022 761 3078 daorum
809 3016 1159 3074 mederetur.
1213 3015 1499 3070 Praeterea
1538 3013 1838 3070 instruens
1883 3029 2015 3082 nos,
2074 3017 2138 3071 ut

490 3107 872 3169 admirationi
895 3105 1105 3163 haberi
1134 3103 1458 3174 fugiamus.

524 3236 673 3293 CAP.
704 3236 764 3289 X.
791 3233 868 3288 De
893 3246 954 3288 eo
984 3229 1079 3287 cui
1105 3243 1224 3285 non
1261 3227 1528 3298 permisit
1558 3232 1624 3283 ut
1650 3242 1710 3284 se
1737 3234 2098 3300 sequeretur.
2167 3223 2208 3279 C

560 3415 711 3469 Vers.
766 3412 854 3469 19.
887 3411 968 3467 Et
995 3440 1062 3450 —
1093 3407 1257 3466 ieris.
1302 3405 1406 3462 Hic
1435 3404 1662 3475 Scriba,
1688 3420 1826 3462 cum
1863 3406 2134 3478 pecunia

488 3502 702 3561 avidus
731 3504 903 3564 esset,
936 3495 1357 3568 suspicabatur
1379 3495 1577 3550 Jesum
1611 3509 1684 3549 ex
1713 3493 2017 3550 miraculis
2048 3494 2133 3550 di-

485 3591 660 3648 vitias
672 3589 888 3645 multas
901 3586 1194 3656 colligere,
1209 3589 1265 3640 et
1275 3581 1574 3654 sperabat,
1588 3582 1753 3654 quod
1769 3581 1817 3637 si
1829 3581 1889 3638 in
1903 3597 2134 3638 morem

485 3677 756 3750 discipuli
771 3675 933 3731 illum
951 3675 1317 3747 sequeretur,
1333 3670 1604 3743 copiosas
1619 3668 1970 3726 collecturus
1981 3675 2135 3727 esset

479 3767 732 3825 divitias.
758 3763 1021 3823 Christus
1043 3775 1183 3832 ergo
1205 3759 1444 3832 cognito
1469 3759 1613 3831 quid
1625 3758 1819 3827 vellet,
1839 3760 1918 3817 ad
1938 3759 2130 3816 inten-

483 3861 611 3915 tum
637 3856 765 3927 ejus
795 3853 1134 3925 respondet.
1169 3853 1235 3907 Et
1261 3849 1398 3908 vide
1426 3849 1574 3922 quid
1604 3848 1783 3906 dicat.

555 3949 720 4002 Vers.
747 3946 835 4000 20.
864 3944 1026 3999 Et—
1070 3941 1338 3998 reclinet.
1384 3941 1451 3994 Et
1488 3937 1794 4010 vulpibus,
1827 3937 2038 4012 inquit,
2074 3943 2133 3997 et

481 4034 824 4092 volucribus
857 4029 988 4086 cali
1010 4045 1146 4085 sum
1173 4027 1491 4100 pauperior
1523 4045 1538 4082 :
1565 4041 1760 4098 neque
1793 4027 1951 4082 enim
1973 4044 2130 4084 rece-

478 4122 789 4196 ptaculum
819 4117 1032 4181 habeo,
1064 4130 1174 4170 nec
1203 4118 1499 4185 quantum
1545 4113 1805 4168 sufﬁciat
1834 4114 1912 4168 ad
1955 4120 2130 4186 caput

482 4214 714 4268 tantum
746 4203 1183 4262 reclinandum.
1205 4200 1371 4256 Tales
1403 4204 1604 4255 autem
1625 4215 1754 4256 esse
1784 4200 1912 4256 volo
1942 4207 1999 4258 et
2026 4217 2129 4258 eos

477 4297 584 4371 qui
601 4311 693 4350 me
707 4294 1054 4364 sequuntur.
1079 4289 1282 4360 Itaque
1302 4285 1524 4342 frustra
1537 4287 1873 4358 suspicatus
1897 4304 1977 4355 es,
2000 4290 2128 4346 etin

477 4399 700 4442 vanum
721 4378 996 4454 sperasti.
1027 4380 1093 4433 Et
1110 4377 1220 4432 hoc
1244 4380 1418 4448 pacto
1439 4374 1753 4447 dupliciter
1773 4375 1937 4432 illum
1952 4377 2123 4449 juvit,

478 4479 535 4532 et
559 4467 997 4529 manifestando
1027 4467 1189 4539 quod
1218 4464 1433 4522 anima
1465 4463 1620 4520 illius
1645 4481 1867 4522 arcana
1898 4473 2122 4539 nosset,

476 4560 704 4620 etillum
735 4573 856 4615 non
881 4555 1191 4613 manifeste
1205 4555 1535 4625 arguendo,
1556 4555 1787 4628 sedipsi
1809 4555 2126 4629 solirepre-
2158 4554 2203 4609 D

474 4650 828 4710 hensionem
859 4646 1203 4721 aperiendo,
1245 4648 1390 4700 utet
1416 4644 1708 4717 pudorem
1738 4645 2039 4717 effugeret,
2071 4651 2126 4704 et

475 4742 525 4798 si
550 4739 717 4797 vellet
741 4737 1150 4806 corrigeretur.
1185 4736 1305 4791 Hoc
1334 4737 1535 4790 autem
1576 4732 1852 4800 dicendo,
1883 4751 2002 4791 non
2030 4752 2126 4792 ve-

474 4831 585 4888 tuit
611 4845 672 4886 se
701 4826 890 4902 sequi,
924 4825 1030 4882 sed
1054 4824 1257 4881 docuit
1281 4823 1447 4896 quod
1479 4839 1740 4895 sequens
1769 4839 1893 4880 non
1922 4823 2125 4880 inven-

475 4925 643 4979 turus
668 4921 827 4976 esset
853 4916 1085 4972 lucrum
1121 4912 1281 4987 quod
1313 4912 1643 4984 quarebat.
1687 4911 1979 4969 Caterum
2026 4913 2122 4970 ille

473 5006 827 5078 intelligens,
869 5001 1036 5077 quod
1069 5001 1342 5072 cognitus
1389 5004 1567 5066 esset,
1619 5016 1688 5058 ac
1719 4999 1944 5057 intento
1975 5000 2124 5058 frus-

473 5100 686 5161 tratus,
718 5093 899 5150 siluit.

547 5183 804 5251 Quidam
846 5196 989 5238 vero
1039 5179 1262 5248 dicunt,
1302 5177 1464 5252 quod
1508 5192 1932 5250 pragnoscens
1981 5194 2121 5237 eum

476 5275 763 5342 Christus,
781 5285 904 5327 non
919 5269 1112 5326 solum
1129 5264 1728 5341 pecuniarum‘amori
1745 5269 2117 5337 servientem,

474 5364 582 5423 sed
606 5363 738 5419 aliis
765 5376 1002 5433 quoque
1023 5357 1354 5426 affectibus,
1379 5359 1710 5430 anagogice
1726 5359 2119 5432 responderit,

475 5453 677 5525 vulpes
692 5466 762 5506 ac
773 5448 1041 5506 volucres
1054 5446 1352 5519 appellans
1365 5448 1656 5504 damones
1669 5448 2122 5521 propterdolum

472 5542 732 5607 illorum,
762 5541 819 5596 et
834 5537 998 5611 quod
1015 5535 1344 5594 seminibus
1356 5552 1426 5594 ac
1445 5537 1730 5594 fructibus
1747 5538 2016 5594 virtutem
2036 5539 2124 5595 in-

475 5630 806 5700 sidiendur,
825 5644 894 5688 ac
907 5627 958 5684 si
979 5627 1196 5685 diceret
1211 5643 1224 5682 :
1239 5626 1550 5684 Damones
1568 5626 1807 5699 quidem
1826 5625 2028 5685 foveas
2052 5643 2123 5685 ac

2254 1954 2450 2004 στάσαι
2498 1953 2716 2025 λέγεται,
2777 1953 2930 2016 δίκην
2982 1961 3225 2032 θύματος.
3276 1966 3346 2015 Τὸ
3403 1966 3501 2038 γὰρ
3552 1966 3619 2027 εἰς
3663 1969 3849 2020 θυσίαν

2252 2047 2639 2115 προσαγόμενον
2708 2048 2836 2106 ζῶον
2901 2049 3026 2123 ὑπὲρ
3078 2049 3345 2126 ἁμαρτιῶν
3397 2061 3488 2106 τοῦ
3539 2054 3684 2126 λαοῦ,
3730 2061 3850 2130 τρό-

2251 2149 2345 2182 πον
2411 2133 2528 2183 τινὰ
2577 2134 2665 2193 τὰς
2714 2133 2970 2208 ἁμαρτίας
3017 2140 3218 2190 πάντων
3263 2141 3332 2201 εἰς
3388 2141 3536 2195 ἑαυτό
3597 2143 3851 2218 ἐλάμϐανε

2251 2223 2338 2271 καὶ
2375 2217 2649 2283 ἐϐάσταζε.
2709 2227 2809 2275 Καί
2862 2228 2944 2276 τὸν
2989 2228 3080 2298 μὲν
3137 2226 3258 2280 λαὸν
3308 2228 3580 2306 ἠλευθέρου
3631 2217 3846 2301 τούτων,

2253 2307 2378 2360 αύτό
2440 2303 2500 2361 δὲ
2553 2306 2646 2362 διὰ
2693 2315 2884 2373 ταύτας
2930 2312 3200 2386 ἐσφάζετο.
3257 2317 3435 2380 Καλῶς
3487 2303 3548 2373 δὲ
3607 2321 3849 2394 μετέλαϐε

2250 2400 2309 2449 τό
2365 2402 2682 2471 προφητικὸν
2737 2400 2894 2474 ῥητὸν
2947 2403 2974 2453 ὁ
3027 2402 3415 2476 εύαγγελιστὴς.
3476 2413 3578 2462 Καὶ
3629 2413 3731 2486 γὰρ
3791 2417 3846 2464 αἱ

2251 2485 2456 2548 πλείους
2533 2496 2632 2539 τῶν
2703 2499 3014 2559 σωματικῶν
3093 2491 3366 2546 ἀσθενειῶν
3440 2503 3528 2549 καὶ
3582 2503 3746 2551 νόσων
3795 2499 3848 2563 ἐξ

2251 2574 2516 2650 ἁμαρτιῶν
2571 2579 2802 2648 φύονται,
2899 2583 3072 2642 καθὼς
3134 2584 3480 2656 μαθησόμεθα
3546 2586 3846 2660 προϐαίνον-

2249 2683 2348 2724 τες.
2387 2669 2486 2717 Καὶ
2542 2662 2692 2718 οὐδέν
2748 2667 2933 2720 κωλύει
2961 2668 3129 2722 καλεῖν
3176 2675 3266 2723 καὶ
3310 2675 3500 2735 ταύτας
3551 2675 3832 2751 ἁμαρτίας.

2319 2749 2468 2806 Ἰδὼν
2522 2750 2580 2806 δε
2634 2786 2702 2794 -
2754 2755 2820 2816 εἰς
2848 2759 2904 2808 τὸ
2965 2762 3148 2830 πέραν.
3219 2760 3482 2816 Ἐκὲλευσε
3534 2749 3686 2818 τοῦτο
3733 2774 3840 2828 τοῖς

2247 2843 2528 2914 μαθηταῖς,
2579 2843 2689 2915 ἅμα
2735 2847 2845 2915 μὲν,
2900 2847 2982 2897 ἵνα
3008 2851 3078 2918 μὴ
3127 2843 3254 2921 δόξῃ
3311 2849 3680 2921 φιλενδείκτης,
3730 2855 3839 2928 ἅμα

2251 2927 2308 2983 δε
2341 2932 2630 3005 θεραπεύων
2660 2935 2746 2985 τὸν
2800 2936 2980 3006 φθόνον
3033 2944 3130 2987 τῶν
3180 2936 3469 3008 Ἰουδαίων,
3507 2941 3617 3014 οἶμα
3667 2940 3724 2996 δὲ
3753 2948 3840 2996 καὶ

2248 3021 2386 3092 ἡμᾶς
2412 3017 2696 3089 παιδεύων,
2729 3025 2929 3094 φεύγειν
2962 3026 3018 3076 τὸ
3050 3022 3451 3084 ἀποϐἥπεσθαι.

2455 3205 2598 3253 ΚΕΦ.
2627 3198 2681 3253 ι’.
2714 3203 2837 3273 Περὶ
2857 3209 2948 3253 τοῦ
2977 3206 3048 3274 μὴ
3078 3200 3474 3279 ἐπιτρεπομένου
3499 3207 3619 3262 ἀκο-

2945 3290 3166 3347 λουθεῐν.

2318 3416 2419 3465 Καὶ
2476 3443 2542 3453 -
2584 3410 2816 3486 ἀπέρχῃ.
2863 3413 3028 3476 Οὗτος
3057 3416 3082 3467 ὁ
3139 3422 3498 3491 Γραμματεὺς,
3536 3421 3844 3498 φιλάργυρος

2243 3501 2330 3567 ὢν,
2391 3501 2745 3572 ὑπώπτευσεν,
2798 3505 2878 3554 ὅτι
2930 3501 3031 3556 ἀπὸ
3115 3512 3213 3556 τῶν
3263 3507 3537 3579 θαυμάτων
3584 3518 3844 3585 χρήματα

2241 3588 2406 3642 πολλά
2463 3588 2695 3662 συλλέγει
2734 3592 2760 3642 ό
2815 3591 3039 3658 Ἰησοῦς,
3095 3598 3186 3646 καὶ
3235 3594 3469 3663 ἤλπισεν,
3511 3599 3611 3666 ὅτι,
3667 3599 3750 3653 ἐὰν
3776 3605 3840 3664 ὡς

2243 3679 2315 3739 εἷς
2358 3687 2458 3730 τῶν
2506 3679 2751 3750 μαθητῶν
2806 3677 3136 3754 ἀκολουθήσῃ
3199 3682 3357 3749 αὑτῶ,
3411 3685 3639 3750 συλλέξει
3684 3689 3839 3743 πλοῦ-

2239 3785 2325 3819 τον
2372 3769 2566 3823 ἱκανόν,
2628 3766 2686 3818 Ὀ
2718 3763 2776 3820 δὲ
2814 3771 3065 3840 Χριστὸς,
3122 3773 3273 3842 γνοὺς
3329 3771 3355 3824 ὃ
3386 3771 3652 3846 βούλεται,
3708 3781 3839 3854 πρὸς

2239 3858 2327 3908 τὸν
2361 3858 2553 3908 σκοπὸν
2584 3855 2744 3908 αὑτοῦ
2777 3854 3127 3929 ἀποκρίνεται,
3158 3864 3248 3911 καί
3277 3861 3373 3932 ὅρα
3394 3867 3446 3914 τί
3471 3879 3620 3936 φησι*

2313 3949 2413 3996 Καὶ
2463 3975 2534 3987 —
2603 3943 2772 4017 κλίνη.
2851 3949 2952 3998 Καὶ
3007 3954 3106 3997 τῶν
3184 3945 3476 4017 ἀλωπέκων,
3532 3958 3682 4024 φησὶ,
3748 3960 3837 4010 καὶ

2237 4041 2337 4085 τῶν
2369 4031 2550 4100 ὀρνέων
2581 4037 2879 4106 πενέστερός
2923 4033 3047 4106 εἰμι’
3109 4032 3232 4088 οὑδὲ
3281 4039 3379 4110 γὰρ
3434 4041 3543 4111 ἔχω
3595 4051 3840 4116 καταγώ-

2236 4140 2371 4193 γιον,
2413 4118 2527 4173 ούδ’
2589 4122 2709 4173 ὅσον
2765 4120 3031 4174 ἀνακλῖναι
3083 4128 3236 4196 μόνον
3289 4130 3377 4184 τὴν
3425 4129 3668 4201 κεφαλήν.
3724 4135 3842 4189 Tot-

2238 4211 2420 4269 ούτους
2479 4205 2537 4261 δὲ
2616 4207 2895 4280 βούλομαι,
2953 4215 3044 4264 καὶ
3116 4216 3238 4275 τούς
3312 4213 3462 4287 ἐμούς
3525 4215 3838 4285 ἀκολούθους

2237 4295 2386 4363 εἶναι,
2457 4301 2542 4350 καὶ
2609 4297 2786 4351 λοιπὸν
2872 4301 3043 4372 μάτην
3099 4301 3364 4369 ὑπέλαϐες,
3429 4310 3518 4358 καὶ
3578 4308 3646 4370 είς
3696 4313 3836 4364 κενόν

2237 4386 2479 4447 ἤλπισας.
2515 4387 2664 4438 Οὕτω
2723 4385 2916 4448 διπλῶς
2968 4389 3119 4441 αὑτὸν
3175 4391 3424 4463 ὠφέλησε,
3468 4390 3715 4460 δηλώσας
3759 4417 3832 4464 τε,

2235 4477 2316 4528 ὅτι
2373 4472 2482 4529 οἶδε
2519 4478 2583 4528 τὰ
2635 4475 2904 4550 ἀπόρρητα
2955 4487 3050 4540 τῆς
3113 4477 3301 4552 ψυχῆς
3356 4481 3540 4553 αὑτοῦ,
3592 4490 3681 4538 καὶ
3742 4487 3836 4539 ούκ

2237 4563 2439 4636 ἐλέγξας
2497 4572 2742 4636 φανερῶς,
2811 4564 2919 4617 ἀλλ’
2971 4566 3110 4638 αύτῷ
3154 4574 3292 4640 μόνῳ
3341 4573 3428 4623 τόν
3480 4573 3694 4646 ἔλεγχον
3749 4575 3834 4648 ἐμ-

2237 4652 2423 4719 ϐαλὼν,
2483 4655 2617 4704 ὥστε
2669 4657 2757 4705 καὶ
2815 4658 2907 4712 τὴν
2977 4655 3240 4727 αἰσχύνην
3297 4656 3554 4732 ἐκφυγεῖν,
3609 4667 3719 4732 καὶ,
3784 4663 3828 4715 εἰ

2237 4740 2498 4814 βούλοιτο,
2552 4737 2920 4816 διορθωθῆναι.
2995 4749 3159 4797 Τοῦτο
3218 4741 3277 4798 δε
3333 4747 3508 4816 εἰπὼν,
3565 4751 3658 4802 ούκ
3707 4749 3827 4802 ἐκὼο

2232 4828 2384 4883 λυσεν
2435 4829 2588 4882 αὑτὸν
2643 4828 2960 4896 ἀκολουθεῖν,
3006 4829 3112 4884 ἀλλ’
3171 4830 3431 4902 ἐδίδαξεν,
3491 4838 3572 4890 ὅτι
3620 4836 3828 4892 ἀκολου-

2237 4921 2357 4983 θῶν,
2415 4917 2520 4990 ούχ
2564 4918 2772 4990 εὑρήσει
2827 4915 3035 4994 κέρδος,
3110 4921 3216 4974 οἷον
3268 4922 3434 4984 ζητεῖ.
3494 4929 3690 4980 Λοιπὸν
3743 4924 3831 4981 οὖν

2233 5005 2420 5069 ἐκεῖνος
2482 5011 2648 5072 συνεὶς
2717 5008 2797 5061 ὅτι
2875 5004 3188 5080 διεγνώσθη,
3269 5017 3359 5065 καὶ
3411 5012 3694 5088 ἀποτυχὼν
3740 5024 3831 5072 τοῦ

2235 5103 2452 5164 σκοποῦ,
2488 5096 2752 5168 σεσίγηκε.

2301 5187 2446 5247 Τινὲς
2477 5181 2537 5238 δέ
2588 5205 2764 5258 φασιν,
2797 5188 2878 5239 ὅτι
2915 5194 3285 5261 προγινώσκων
3334 5191 3488 5245 αὑτὸν
3523 5193 3548 5245 ό
3580 5199 3831 5270 Χριστός,

2233 5273 2292 5327 ού
2346 5277 2497 5347 μόνον
2552 5273 2868 5350 φιλαργυρίᾳ
2929 5273 3331 5352 δεδουλωμένον,
3408 5280 3536 5335 ἀλλὰ
3579 5288 3670 5337 καὶ
3731 5284 3836 5338 ἐτέ-

2232 5381 2341 5436 ροις
2417 5365 2656 5431 πάθεσιν,
2742 5363 3073 5438 ἀναγωγικῶς
3151 5362 3483 5443 ἀπεκρίνατο,
3569 5369 3834 5438 ἀλώπεκας

2233 5457 2322 5504 καὶ
2379 5456 2602 5525 πετεινὰ,
2665 5457 2785 5516 τοὺς
2862 5450 3116 5528 δαίμονᾶς
3181 5459 3461 5531 ὀνομάσας,
3523 5457 3615 5512 διά
3674 5481 3727 5514 τε
3773 5466 3833 5516 τό

2234 5536 2441 5615 δολερὸν
2490 5541 2678 5608 αὐτῶν,
2738 5546 2825 5595 καὶ
2873 5540 2966 5596 διὰ
3016 5547 3074 5598 τὸ
3129 5544 3472 5600 ἐπιϐουλεύειν
3524 5556 3628 5610 τοῖς
3677 5555 3830 5625 σπέρ-

2231 5649 2365 5703 μασι
2411 5634 2502 5683 καὶ
2553 5639 2774 5708 καρποῖς
2816 5639 2910 5696 τῆς
2976 5631 3183 5707 ἀρετῆςο
3265 5638 3454 5690 ὡσανεὶ
3508 5636 3689 5711 λέγων,
3751 5642 3830 5696 ὅτι
