4206 6310
312 304 415 360 293

1284 290 1647 358 COMMENT.
1688 288 1763 353 IN
1804 277 2245 352 MATTILEU’M.
2285 322 2353 334 —
2392 292 2552 350 CAP.
2585 293 2735 349 VIII.

3556 277 3663 350 294

314 431 378 482 Οἱ
415 430 505 501 μὲν
546 424 785 501 δαίμονες
823 430 1039 499 ἔχουσιν
1087 425 1135 478 ἓν
1187 432 1271 479 σοὶ
1318 425 1540 497 φῶλεοὺς
1594 428 1683 476 καὶ
1736 442 1904 475 κατα-

2031 421 2189 476 ]ἰᾶοε
2222 419 2282 474 in
2309 420 2366 474 te
2394 416 2617 474 habent
2640 433 2785 489 ;ego
2812 421 3010 475 autem
3034 432 3228 491 neque
3248 417 3663 475 brevissimam

316 518 615 577 σκηνώσεις’
689 518 788 588 ἐγὼ
846 513 904 568 δὲ
964 513 1088 568 οὐδὲ
1143 514 1402 588 βραχείαν
1478 512 1770 565 ἀνάπαυσιν
1828 512 1903 564 εὐ-

314 612 475 682 ρίσκω
511 607 658 677 παρά
692 613 755 677 τῇ
926 600 1103 676 ψυχῇ.
1153 602 1339 656 Φωλεοὶ
1395 598 1453 654 δὲ
1504 606 1594 653 καὶ
1640 620 1904 658 κατασκη-

315 699 492 754 νώσεις
541 700 641 745 τῶν
700 689 980 765 δαιμόνων,
1042 695 1107 744 τά
1175 693 1338 758 πάθη,
1398 691 1469 750 οἷς
1533 689 1905 762 ἐγκρύπτονται

318 787 403 835 καὶ
432 781 852 834 ἐναναπαύονται·
902 783 1021 833 Υὶον
1071 776 1130 833 δε
1182 778 1452 855 ἀνθρώπου
1504 778 1647 829 καλεῖ
1703 777 1902 843 ἑαυτὸν,

322 868 560 942 βεϐαιῶν,
603 871 684 921 ὃτι
716 871 852 921 κατὰ
885 868 1125 928 ἀλήθειαν
1159 872 1508 942 σεσάρκωται,
1550 871 1639 918 καὶ
1679 865 1735 917 ού
1771 865 1906 916 κατά

323 963 618 1031 φαντασίαν,
671 957 740 1019 ὡς
782 977 908 1019 τινες
952 956 1331 1030 ὑπελάμϐανον.
1392 955 1692 1030 Ἄνθρωπον
1724 950 1782 1006 δὲ
1818 960 1905 1004 νῦν

321 1046 470 1118 λέγει,
492 1051 584 1105 τὴν
601 1050 803 1120 μητέρα
833 1046 1013 1098 αὑτοῦ·
1044 1044 1349 1121 Ἀνθρωπος
1371 1047 1472 1119 ’γὰρ
1499 1043 1719 1115 λέγεται,
1749 1042 1853 1113 ούχ
1880 1043 1905 1093 ό

329 1134 448 1209 ἀνὴρ
483 1140 649 1206 μόνον.
681 1134 806 1187 ἄλλά
834 1136 973 1193 καὶὴ
1006 1140 1135 1207 ’γυνή
1165 1135 1301 1206 (75).

396 1222 595 1296 Ἕτερος
620 1253 687 1265 --
715 1227 923 1297 Πατέρα
950 1243 1071 1295 μου.
1098 1228 1190 1284 Τίς
1218 1226 1305 1294 μὲν
1336 1220 1397 1281 ἦν
1428 1222 1573 1282 οὗτος
1601 1222 1627 1273 6
1648 1222 1900 1294 μαθητὴς,

331 1312 418 1364 οὐκ
443 1308 692 1368 ἐδήλωσεν
723 1314 749 1364 6
770 1311 1161 1384 εύαγγελιστής.
1192 1311 1375 1373 Ὀστις
1406 1307 1464 1364 δε
1483 1316 1573 1364 καὶ
1606 1308 1687 1377 ἦν,
1721 1309 1907 1379 εὐγνω-

324 1404 629 1470 μονέστατος
673 1398 754 1459 ἦν.
802 1409 914 1475 Ορα
964 1404 1088 1476 γὰρ,
1134 1403 1232 1466 ὅτι,
1272 1405 1444 1453 καίτοι
1475 1407 1568 1452 τοῦ
1603 1402 1907 1472 πράγματος

324 1484 528 1540 δικαίου
581 1494 671 1541 καὶ
725 1489 1009 1562 ἀναγκαίου
1066 1487 1358 1555 δοκοῦντος,
1418 1492 1555 1562 ὅμως
1612 1488 1742 1541 αἰτεῖ
1790 1490 1907 1560 περὶ

317 1578 520 1644 τούτου,
575 1582 647 1649 μὴ
716 1578 937 1640 θελήσας
998 1577 1229 1631 ἀπελθεῖν
1287 1577 1370 1649 ἀφ’
1432 1577 1637 1629 ἑαυτοῦ·
1702 1580 1760 1628 τὸ
1827 1572 1905 1643 δὲ,

318 1671 547 1737 Πρῶτον,
601 1667 730 1737 εἶπε,
763 1664 955 1737 δηλῶν,
1002 1669 1082 1720 ὅτι
1128 1670 1303 1719 ἔπειτα
1345 1666 1690 1724 ἀκολουθήσει
1716 1684 1910 1718 παντα-

310 1760 436 1825 χοῦ.

385 1843 457 1897 Ὀ
514 1841 574 1898 δε
620 1845 829 1906 Ἰησοῦς
892 1875 961 1887 --
1010 1848 1130 1906 τοὺς
1205 1844 1394 1897 ἑαυτῶν
1459 1846 1686 1917 νεκρούς.
1757 1844 1909 1896 Ἐκώ-

314 1931 461 1986 λνσεν
510 1933 685 2000 αὐτὸν,
737 1933 796 1985 ού
836 1932 1042 1986 κωλύων
1083 1937 1140 1986 τὸ
1179 1939 1334 2005 τιμᾷν
1390 1937 1506 1993 τοὺς
1549 1940 1733 2004 γονεῖς,
1784 1932 1911 1984 ἀλλά

316 2018 616 2087 διδάσκων,
686 2024 766 2075 ὅτι
828 2026 938 2095 χρὴ
1001 2026 1088 2075 τὸν
1162 2021 1416 2094 ἐφιέμενον
1480 2031 1577 2073 τῶν
1639 2022 1908 2097 οὐρανίων,

314 2116 384 2183 μὴ
466 2110 802 2183 ἀποστρέφειν
856 2110 923 2171 εἰς
977 2113 1042 2163 τὰ
1100 2116 1278 2182 γήῐνα,
1351 2106 1481 2182 μηδ’
1541 2109 1910 2182 ἀπολιμπάνειν

316 2202 402 2271 μὲν
454 2202 521 2251 τά
578 2202 778 2273 ζωηρά,
826 2196 1194 2274 παλινδρομεῖν
1242 2196 1301 2251 δε
1355 2200 1428 2261 εὶς
1486 2202 1551 2251 τά
1604 2202 1907 2271 νεκρωτικά,

316 2285 456 2361 μηδὲ
525 2296 658 2341 Θεοῦ
720 2294 977 2361 προτιμᾷν
1040 2295 1225 2359 γονεῖς.
1300 2289 1580 2359 Ἐγίνωσκε
1643 2291 1765 2363 γὰρ,
1834 2289 1913 2339 ὅτι

319 2377 555 2447 θάψουσι
592 2384 771 2429 τοῦτον
810 2376 972 2447 ἄλλοι,
1018 2380 1109 2428 καὶ
1148 2376 1243 2428 οὐκ
1292 2376 1448 2441 εἰκός,
1491 2384 1669 2429 τοῦτον
1705 2376 1912 2430 ἀπολει-

321 2468 510 2537 φθῆναι
556 2473 657 2516 τῶν
698 2464 1122 2537 ἀναγκαιοτέρων.
1172 2463 1333 2537 Οἶμαι
1378 2462 1457 2534 δε,
1508 2467 1588 2517 ὃτι
1634 2470 1724 2518 καὶ
1784 2467 1914 2518 ἄπι-

329 2572 443 2617 στος
502 2550 564 2611 ἦν
617 2555 644 2606 ό
695 2552 1018 2614 τελευτήσας.
1072 2557 1158 2606 Διὸ
1206 2559 1295 2606 καὶ
1360 2550 1513 2607 εἶπεν·
1573 2553 1731 2626 Ἀφες
1794 2559 1916 2615 τοὺς

329 2646 553 2715 νεκροὺς,
627 2646 886 2708 τουτέστι,
953 2648 1354 2716 Παραχώρησον
1421 2651 1525 2703 τοῖς
1606 2648 1915 2719 νενεκρωμέ-

329 2750 427 2792 νοις
501 2731 570 2792 εἰς
638 2735 835 2797 πίστιν,
904 2729 1069 2801 θάψαι
1134 2735 1249 2791 τοὺς
1312 2737 1669 2805 προσήκοντας
1740 2733 1918 2795 αὐτοῖς

327 2823 554 2895 νεκροὺς.
622 2819 680 2872 Ὀ
744 2822 842 2895 γὰρ
905 2823 1075 2892 νεκρὸς
1138 2820 1306 2886 οὗτος,
1370 2819 1463 2872 οὐκ
1523 2823 1635 2873 ἔστι
1689 2824 1780 2882 σὸς
1839 2840 1917 2873 νε-

325 2912 474 2980 κρὸς,
540 2904 678 2960 διότι
739 2908 832 2960 οὐκ
898 2910 1009 2960 ἔστι
1059 2912 1204 2981 μερὶς
1266 2916 1435 2978 πιστῷ
1500 2912 1631 2980 μετά
1672 2908 1914 2965 ἀπίστου.

331 3000 399 3047 Σὺ
448 2992 532 3063 δε,
580 2997 621 3047 εἰ
677 2997 977 3068 θαυμάζεις,
1026 3005 1133 3057 πῶς
1170 2997 1264 3048 ούκ
1316 2996 1629 3069 αὐθαιρέτως
1673 2997 1915 3067 ἀπῆλθεν,

332 3084 438 3136 ἀλλ’
467 3085 722 3157 ᾑτῆσατο,
772 3087 1056 3156 θαύμασον,
1092 3090 1177 3137 καὶ
1208 3093 1314 3147 πῶς
1341 3085 1589 3147 κωλυθεὶς
1621 3089 1827 3159 ἔμεινεν.
1860 3088 1921 3141 Εἰ

329 3170 385 3226 δ’
412 3173 601 3226 ἐκεῖνον
631 3170 746 3227 οὐδ’
773 3172 856 3226 ἐπὶ
886 3177 1069 3248 μικρὸν
1101 3172 1335 3245 ἀφῆκενό
1361 3175 1921 3249 Χριστόςάπολειφθῆ-

324 3282 409 3315 ναι
428 3270 533 3323 τῶς
561 3258 914 3324 διδασκαλίας
938 3262 1118 3330 αὐτοῦ,
1148 3267 1283 3324 τίνος
1306 3261 1366 3314 ἂν
1397 3266 1569 3336 εἴημεν
1596 3267 1740 3336 ἡμεῖς
1761 3265 1918 3337 ἄξιοι,

320 3354 409 3404 τόν
471 3350 681 3404 ἅπαντα
731 3355 921 3425 χρόνον
996 3349 1336 3423 ἀφιστάμενοι
1396 3360 1496 3403 τῶν
1557 3350 1764 3405 ἐντολῶν
1830 3354 1922 3406 αύ-

319 3446 435 3495 τοῦ.

584 3532 730 3582 ΚΕΦ.
770 3532 859 3582 1A.
902 3531 1026 3600 Περὶ
1062 3535 1165 3589 τῶς
1203 3526 1545 3601 ἐπιτιμήσεως
1577 3536 1677 3581 τῶν

1004 3613 1217 3668 ύδάτωυ
1229 3660 1241 3671 .

397 3710 507 3760 Καὶ
537 3702 751 3777 ἐμϐάντι
780 3734 847 3745 —
891 3706 940 3756 οἱ
977 3705 1211 3776 μαθηταὶ
1242 3704 1421 3757 αὐτοῦ·
1456 3709 1583 3767 Τούς
1617 3709 1706 3778 μὲν
1737 3708 1930 3779 ὄχλους

319 3804 551 3869 πορῆκε,
596 3790 690 3845 διὰ
718 3795 806 3852 τὰς
835 3792 1216 3867 προῤῥηθείσας
1240 3793 1428 3854 αἰτίας*
1458 3798 1578 3856 τούς
1605 3793 1664 3847 δὲ
1692 3799 1929 3868 μαθητὰς

318 3880 613 3958 παρέλαϐε,
658 3877 752 3933 διὰ
780 3884 839 3933 τό
865 3881 1044 3952 μελλον
1082 3880 1129 3932 ἐν
1159 3889 1221 3954 τῇ
1253 3881 1491 3955 θαλάσσῃ
1522 3886 1762 3955 γενέσθαι
1798 3887 1929 3937 θαύ-

323 3992 423 4046 μα.
472 3972 617 4023 Ἐπεὶ
673 3971 776 4044 γὰρ
830 3977 929 4021 τῶν
983 3968 1152 4041 ὄχλων
1215 3970 1662 4044 εύεργετουμὲνων,
1723 3972 1771 4024 ἓν
1858 3982 1929 4045 τῷ

328 4060 715 4133 θεραπεύεσθαι
772 4060 863 4118 τὰς
928 4056 1191 4120 ἀσθενείας
1242 4059 1333 4110 καὶ
1385 4064 1567 4121 νόσους
1632 4061 1820 4131 αὐτῶν,
1882 4064 1932 4114 οἱ

327 4151 571 4223 μαθηταὶ
596 4145 812 4200 ἐδόκουν
847 4150 1011 4219 μένειν
1043 4145 1449 4219 ἀνευεργέτητοι,
1479 4148 1656 4201 λοιπὸν
1686 4150 1933 4224 εὐεργετεῖ

326 4241 424 4290 καὶ
490 4239 727 4303 τούτους,
804 4240 895 4287 καὶ
960 4240 1359 4311 παραχωρήσας
1423 4236 1661 4308 ἐμπεσεῖν
1743 4241 1933 4301 αύτούς

2013 507 2282 580 requiem
2301 506 2461 578 apud
2476 505 2740 562 animam
2764 511 2927 563 tuam
2944 508 3204 565 invenio.
3222 509 3427 564 Foveae
3441 523 3578 564 vero
3595 523 3665 564 ac

2014 595 2139 652 nidi
2169 594 2536 660 daemonum,
2567 594 2904 652 affectiones
2930 601 3088 662 sunt,
3123 596 3184 652 in
3221 598 3436 669 quibus
3466 597 3664 655 occul-

2015 689 2213 741 tantur
2232 700 2300 739 ac
2329 683 2733 755 requiescunt.
2771 682 2982 740 Filium
2998 692 3198 741 autem
3220 686 3484 742 hominis
3514 688 3668 759 seip-

2017 788 2153 827 sum
2166 777 2353 836 vocat,
2374 770 2738 828 conﬁrmans
2750 772 2915 843 quod
2934 789 3071 829 vere
3088 778 3143 829 et
3155 790 3275 830 non
3294 775 3666 846 phantastice

2016 861 2093 917 sit
2115 862 2481 927 incarnatus,
2498 864 2560 916 ut
2582 860 2830 933 quidam
2849 862 3336 934 suspicabantur:
3356 864 3665 920 hominem

2015 949 2217 1007 dicens
2253 964 2416 1005 nunc
2462 953 2715 1005 matrem
2755 966 2951 1006 suam.
2983 951 3132 1007 Nam
3158 952 3448 1026 ἄνθρωπος,
3478 952 3540 1008 id
3579 957 3668 1009 est

2013 1039 2218 1106 homo,
2286 1041 2528 1095 vocatur
2590 1052 2715 1094 non
2780 1042 3011 1095 tantum
3093 1040 3199 1107 vir,
3262 1041 3367 1097 sed
3419 1045 3477 1098 et
3540 1056 3667 1097 mu-

2012 1126 2138 1184 lier.

2086 1218 2245 1273 Vers.
2275 1220 2335 1271 2t
2352 1258 2363 1270 .
2383 1216 2555 1272 Alius
2576 1243 2643 1254 —
2662 1220 2896 1285 patrem
2917 1232 3129 1274 meum.
3151 1217 3293 1284 Quis
3315 1222 3469 1275 certe
3494 1217 3669 1275 fuerit

2013 1305 2111 1361 hic
2140 1304 2490 1376 discipulus,
2514 1320 2636 1361 non
2656 1304 3016 1376 signiﬁcavit
3048 1306 3441 1377 evangelista:
3462 1322 3669 1364 verum

2015 1392 2291 1466 quisquis
2328 1393 2517 1464 fuerit,
2559 1394 2956 1467 probissimus
2982 1400 3124 1452 erat.
3140 1396 3284 1452 Vide
3332 1397 3482 1453 enim
3508 1397 3670 1471 quod

2015 1481 2078 1538 id
2108 1498 2172 1537 re
2201 1482 2371 1538 etiam
2401 1497 2535 1553 quae
2562 1483 2721 1552 justa
2746 1499 2816 1539 ac
2846 1484 3178 1541 necessaria
3208 1485 3539 1554 videbatur,
3568 1502 3671 1559 po-

2018 1570 2196 1627 stulat
2222 1574 2288 1626 ut
2318 1570 2430 1626 sibi
2465 1571 2656 1640 liceat,
2711 1570 2921 1628 nolens
2948 1589 3059 1629 sua
3082 1572 3274 1645 ipsius
3322 1579 3670 1631 auctoritate

2020 1659 2366 1717 abscedere.
2428 1660 2573 1715 Dicit
2601 1665 2822 1727 autem,
2856 1662 3039 1729 Prius,
3072 1662 3461 1720 manifestans
3508 1664 3671 1736 quod

1945 1778 1985 1832 Β
2019 1746 2411 1821 postmodum
2431 1748 2646 1819 quovis
2686 1756 3051 1820 sequeretur.

2090 1836 2255 1892 Vers.
2273 1840 2361 1891 22.
2393 1836 2556 1891 Iesus
2576 1844 2772 1893 autem
2800 1868 2866 1878 —
2896 1845 3158 1894 mortuos
3182 1854 3329 1896 suos.
3366 1840 3674 1897 Pronibuit

2018 1940 2179 1991 eum,
2209 1940 2329 1981 non
2388 1929 2590 1981 vetans
2634 1925 2933 1983 honorare
2986 1934 3284 1999 parentes,
3316 1929 3420 1984 sed
3451 1930 3671 1985 docens

2018 2015 2294 2086 oportere
2322 2028 2459 2068 eum
2478 2014 2576 2086 qui
2606 2013 2868 2072 cmlestia
2895 2016 3133 2088 appetit,
3171 2032 3294 2074 non
3316 2018 3577 2074 converti
3595 2018 3675 2076 ad

2021 2107 2253 2159 terrena
2285 2116 2297 2155 :
2332 2116 2527 2174 neque
2558 2101 2767 2158 vividis
2782 2104 3014 2171 relictis,
3045 2104 3122 2161 ad
3150 2106 3450 2163 mortifera
3474 2122 3676 2163 recur-

2018 2206 2170 2256 rere,
2195 2194 2299 2246 aut
2328 2206 2511 2262 supra
2536 2191 2716 2247 Deum
2761 2192 3058 2249 honorare
3111 2200 3404 2266 parentes.
3441 2195 3677 2252 Sciebat

2022 2280 2173 2336 enim
2202 2279 2366 2352 quod
2390 2279 2487 2335 alii
2511 2279 2684 2336 illum
2710 2286 2910 2338 essent
2936 2283 3219 2353 sepulturi
3248 2303 3266 2355 ;
3299 2300 3408 2341 nec
3434 2301 3676 2356 aequum

2022 2373 2167 2432 erat,
2203 2374 2267 2423 ut
2291 2368 2367 2424 ab
2394 2368 2489 2423 his
2533 2385 2663 2440 quae
2704 2370 2897 2440 magis
2923 2373 3257 2429 necessaria
3301 2379 3484 2439 erant,
3519 2390 3677 2429 rece-

2023 2457 2208 2513 deret.
2236 2457 2454 2528 Opinor
2491 2462 2690 2514 autem
2722 2474 2859 2514 eum
2900 2460 3003 2531 qui
3058 2465 3322 2517 mortuus
3377 2468 3501 2517 erat
3548 2461 3677 2517 inﬁ-

2024 2545 2219 2601 delem
2256 2544 2458 2609 fuisse,
2507 2545 2756 2618 ideoque
2803 2546 3025 2604 dixisse
3061 2549 3362 2605 Christum
3396 2551 3678 2607 :Dimitte

2023 2639 2302 2699 mortuos,
2326 2633 2442 2689 hoc
2472 2638 2580 2699 est,
2612 2636 2833 2691 Recede
2859 2637 2932 2691 ab
2975 2637 3064 2691 his
3093 2638 3196 2709 qui
3225 2638 3281 2693 in
3312 2638 3427 2694 ﬁde
3466 2639 3679 2694 mortui

2026 2726 2185 2789 sunt,
2202 2726 2264 2777 ut
2273 2722 2555 2791 sepeliant
2567 2731 2847 2790 mortuos,
2862 2725 2961 2795 qui
2975 2725 3135 2797 ipsos
3148 2727 3519 2797 contingunt.
3535 2728 3677 2783 Nam

2024 2811 2120 2867 hic
2144 2816 2432 2875 mortuus,
2462 2826 2585 2867 non
2615 2817 2701 2868 est
2753 2816 2883 2867 tuus
2938 2820 3240 2870 mortuus:
3274 2831 3468 2888 neque
3516 2814 3678 2871 enim

2027 2898 2191 2954 ﬁdeli
2221 2914 2361 2970 pars
2386 2903 2476 2955 est
2503 2916 2632 2955 cum
2670 2899 2892 2957 inﬁdeli
2913 2902 2981 2954 ⁵⁷.
3013 2902 3101 2957 Tu
3121 2918 3259 2958 vero
3292 2904 3339 2958 si
3366 2903 3681 2959 admiraris

2027 3002 2150 3059 quo
2167 2987 2351 3043 modo
2377 3002 2497 3043 non
2511 3004 2620 3046 sua
2646 2995 2856 3060 sponte
2876 2990 3105 3061 abierit,
3126 2993 3230 3048 sed
3243 2993 3447 3065 petivit
3484 2997 3549 3048 ut
3569 2992 3681 3048 sibi

2028 3076 2261 3133 liceret:
2285 3077 2584 3134 admirare
2613 3080 2791 3135 etiam
2814 3095 2937 3152 quo
2963 3082 3145 3137 modo
3169 3082 3506 3152 prohibitus
3520 3098 3684 3138 man-

2032 3166 2188 3221 serit.
2219 3165 2388 3231 Quod
2450 3165 2499 3221 si
2526 3166 2695 3222 illum
2733 3183 2928 3240 neque
2967 3168 3045 3225 ad
3093 3169 3394 3225 modicum
3453 3169 3685 3225 dimisit

2033 3253 2301 3309 Christus
2334 3258 2397 3309 ut
2417 3255 2855 3313 asuadoctrina
2881 3257 3223 3325 discederet,
3240 3275 3361 3331 qua
3386 3258 3681 3331 pcena(jj)

2033 3342 2200 3412 digni
2230 3342 2470 3409 erimus,
2500 3343 2603 3416 qui
2631 3345 2797 3401 omni
2846 3351 3116 3418 tempore
3156 3362 3192 3403 a
3215 3348 3531 3420 praeceptis
3555 3347 3685 3418 ejus

2032 3430 2416 3488 discedimus.

2284 3521 2431 3577 CAP.
2461 3524 2545 3579 XI.
2580 3522 2665 3581 De
2692 3524 3095 3596 inerepatione
3122 3541 3435 3599 aquarum.

2108 3696 2276 3754 Vers.
2324 3698 2413 3754 23.
2467 3700 2726 3772 Cumque
2770 3703 3219 3761 ascendisset—
3249 3704 3525 3773 discipuli
3577 3705 3689 3759 sui.

2036 3784 2260 3840 Turbas
2298 3786 2541 3858 quidem
2568 3794 2812 3861 propter
2839 3806 3058 3847 causas
3097 3793 3408 3863 praedictas
3449 3792 3691 3868 dimisit,

2038 3874 2358 3945 discipulos
2387 3880 2588 3933 autem
2620 3894 2761 3933 suos
2793 3881 3136 3952 assumpsit,
3180 3886 3411 3953 pr0pter
3440 3882 3694 3939 miracu-

2038 3963 2164 4018 lum
2192 3964 2442 4035 quodin
2478 3967 2628 4022 mari
2657 3966 2917 4023 facturus
2948 3973 3092 4026 erat.
3127 3972 3274 4026 Cum
3309 3971 3469 4027 enim
3509 3972 3697 4028 turbis

2040 4051 2331 4109 beneﬁcia
2342 4054 2703 4123 contulisset,
2721 4058 2993 4114 sanando
3012 4059 3332 4129 languores
3363 4077 3429 4116 ac
3454 4062 3697 4118 morbos

2042 4156 2268 4213 eorum,
2298 4143 2653 4201 videbantur
2669 4146 2945 4218 discipuli
2970 4148 3136 4206 nullo
3158 4150 3358 4219 a/fectz'
3386 4149 3694 4208 beneficio.

2042 4232 2109 4286 Et
2138 4230 2197 4285 in
2223 4231 2334 4287 hos
2362 4231 2564 4305 itaque
2592 4250 2764 4292 suam
2795 4241 3023 4293 exercet
3074 4237 3572 4311 muniﬁcentiam,
3628 4257 3699 4297 ac

331 4326 407 4387 εἰς
522 4321 762 4377 κίνδυνον
862 4332 1312 4396 καταποντισμοῦ,
1410 4326 1723 4400 παραδόξως
1820 4329 1917 4402 ῥυέ·

2041 4322 2364 4392 postquam
2395 4338 2497 4378 eos
2522 4324 2788 4395 permisit
2815 4326 2877 4381 in
2919 4325 3315 4384 demersionis
3367 4329 3697 4401 periculum

330 4432 448 4466 ται.
1965 4474 2008 4489 ἢ
2041 4408 2321 4475 incidere,
2350 4410 2597 4468 demum
2626 4414 2977 4471 mirabiliter
3007 4416 3198 4489 eripit.

414 4504 517 4552 Καὶ
586 4530 655 4541 --
724 4501 985 4573 κυμάτων.
1075 4500 1241 4563 Οὗτος
1329 4504 1419 4573 μὲν
1503 4506 1717 4576 σεισμὸν
1805 4501 1912 4557 εἷπε

2123 4497 2284 4553 Vers.
2308 4474 2311 4475 ν
2336 4501 2424 4555 24.
2469 4501 2543 4557 Et
2574 4533 2644 4543 -—
2679 4503 2977 4572 ﬂuctibus.
3026 4474 3133 4559 Hic
3178 4505 3433 4577 quidem,
3466 4511 3701 4566 motum

338 4588 559 4657 Μάρκος
602 4584 661 4639 δε
709 4593 798 4640 καὶ
824 4594 1032 4650 Λουκᾶς.
1092 4588 1321 4641 λαιλαπα
1368 4588 1553 4662 ἀνέμου
1594 4596 1774 4663 φασίν·
1823 4594 1935 4644 ἔστι

346 4670 410 4726 δε
441 4674 641 4730 ταύτόν.
699 4681 795 4728 Καὶ
840 4680 1054 4749 σεισμὸς
1095 4679 1196 4751 γὰρ
1246 4682 1337 4730 καὶ
1388 4678 1603 4749 λαΐλαψ,
1653 4680 1679 4730 ό
1732 4676 1935 4732 κλύδων

338 4761 563 4833 ἐκλήθη,
614 4761 707 4817 διὰ
753 4768 809 4817 τό
860 4771 1012 4818 σείειν
1077 4769 1168 4818 καὶ
1243 4770 1547 4840 συστρέφειν
1601 4772 1690 4819 καί
1742 4766 1936 4841 ἀναμο-

412 4944 464 4980 ⁵⁷
494 4943 539 5000 ll
567 4945 695 5002 Cor.
723 4961 805 5017 v1,
850 4949 934 5004 15.
1011 4945 1059 4983 ⁸⁸
1089 4948 1259 5005 Marc.
1292 4952 1369 5016 iv,
1397 4949 1462 5004 35
1484 4964 1499 5016 ;
1525 4949 1660 5004 Luc.
1677 4947 1795 5016 Vill,
1825 4947 1918 5003 23.

2046 4592 2207 4648 dixit.
2262 4591 2493 4647 Marcus
2544 4596 2741 4647 autem
2793 4596 2850 4648 et
2901 4594 3108 4659 Lucas,
3151 4594 3478 4664 procellam
3544 4596 3704 4652 dixe-

2045 4684 2185 4737 runt
2209 4681 2276 4735 ⁵³.
2324 4678 2495 4736 Maris
2528 4679 2688 4734 enim
2736 4684 3077 4751 tempestas,
3112 4686 3168 4737 et
3218 4687 3439 4749 motus,
3482 4687 3539 4739 et
3567 4698 3701 4755 pro-

2048 4769 2197 4827 cella
2223 4768 2384 4827 dicta
2412 4777 2516 4836 est,
2550 4782 2620 4825 eo
2649 4768 2815 4841 quod
2836 4784 3022 4840 aquas
3042 4775 3423 4829 commoveat
3454 4786 3523 4829 ac
3568 4787 3702 4830 con-

1560 5126 1786 5199 Variae
1813 5126 2142 5197 lectiones
2174 5135 2239 5195 et
2258 5134 2461 5195 notae.

410 5318 528 5400 (75)
559 5316 662 5400 Hic
686 5323 857 5383 addit
882 5321 1206 5382 Hentenius
1227 5339 1299 5381 ex
1315 5323 1582 5400 margine
1611 5324 1702 5382 sui
1726 5324 1949 5400 codicis

341 5396 743 5455 huiczV'olebat
768 5402 1065 5463 autem,ut
1086 5396 1418 5468 postposita
1441 5396 1789 5467 hujusmodi
1819 5412 1944 5468 spe,

345 5473 782 5543 sequeretur.At
810 5467 907 5525 ille
935 5467 1118 5525 simul
1136 5472 1197 5523 ut
1211 5467 1753 5541 audivit,tanquam
1776 5467 1949 5541 pecu-

417 5596 513 5669 (ᾖ)
541 5597 746 5654 Ρωηα.
775 5596 947 5652 Forte
971 5598 1222 5669 τιμωρίας
1260 5592 1574 5650 invenerit,

2051 5324 2160 5401 piae
2189 5328 2425 5401 amator
2452 5320 2758 5380 abscessit.
2791 5322 2930 5401 llis;
2945 5322 3160 5401 similia
3188 5324 3370 5401 habet
3401 5326 3703 5401 TheOphy-

2052 5396 2486 5474 lact.“p._44§
2544 5401 2723 5474 Ταῦτα
2779 5392 2848 5474 δὲ.
2892 5394 3054 5474 ξλεοχεν
3120 5398 3262 5449 ὡσὰν
3335 5402 3489 5474 πείσῃ
3551 5392 3708 5453 αὐτόν

2053 5463 2436 5542 eammeam
2464 5465 2758 5521 ἀκολουθεῖν
2784 5484 2798 5500 ο
2826 5469 2852 5520 ό
2893 5463 2952 5521 δε
2976 5463 3260 5543 ἀναχωρεῖ.
