4206 6310
569 289 674 369 2ρέ
1460 367 1465 369 _
1881 308 2230 365 EUTHYMII

2271 297 2605 368 ZIGABENI
3828 308 3934 366 296

570 437 777 495 turbet.
805 437 1070 493 Rursum
1087 436 1395 493 Mattheus
1421 439 1476 492 et
1501 438 1730 493 Marcus
1751 434 1811 490 in
1833 433 1980 490 mari
2008 448 2223 490 navem

2335 434 2538 504 χλεύειν
2569 435 2635 485 τὰ
2662 430 2854 489 ὕδατα.
2885 437 2986 487 Καὶ
3016 430 3169 496 αὖθις
3195 436 3463 497 Mareade;
3491 435 3582 506 μὲν
3611 437 3700 486 καὶ
3721 440 3936 508 Μαρκος

568 527 1000 600 periclitantem
1023 541 1155 582 esse
1200 526 1446 591 dicunt;
1490 527 1674 580 Lucas
1712 539 1852 579 vero
1895 523 1956 578 in
1991 528 2223 594 stagno.

568 620 768 688 Neque
794 619 878 670 est
905 615 1329 681 contradictio;
1358 630 1500 670 nam
1539 619 1594 668 et
1621 613 1737 678 hic,
1772 617 1828 667 et
1854 611 1949 666 ille
1973 611 2229 666 Tiberia-

569 707 700 760 dem
742 704 1257 775 significant,quae
1287 708 1499 758 natura
1534 701 1781 774 quidem
1808 705 2076 770 stagnum
2105 704 2223 771 est;

568 795 680 850 situ
695 809 835 848 vero
863 809 1048 861 mare,
1069 797 1300 863 propter
1319 790 1819 861 magnitudinem.
1836 790 1998 844 Unde
2023 792 2228 844 eteam

569 882 930 954 quandoque
962 886 1266 950 stagnum,
1300 879 1597 935 interdum
1619 883 1822 934 autem
1850 893 2013 932 mare
2039 877 2229 931 nomi-

569 976 740 1027 nant.
780 972 958 1026 Facta
988 977 1094 1035 est,
1129 970 1342 1040 inquit,
1373 971 1711 1040 tempestas,
1744 971 1807 1022 ut
1850 965 2120 1022 videlicet
2148 965 2230 1020 fa-

570 1065 694 1116 stus
720 1059 1210 1131 comprimeretur
1239 1057 1697 1129 discipulorum.
1745 1055 2231 1124 lmaginabantur

568 1147 728 1204 enim
751 1163 969 1218 magna
999 1147 1073 1202 de
1099 1146 1326 1218 seipsis,
1357 1149 1561 1217 utpote
1591 1145 1694 1217 qui
1720 1144 1946 1200 caeteris
1961 1143 2230 1198 dimissis

570 1235 680 1292 soli
707 1236 822 1308 ipsi
835 1252 972 1291 cum
987 1238 1351 1308 praeceptore
1374 1233 1623 1304 ingressi
1636 1237 1862 1288 essent:
1896 1237 1950 1287 et
1969 1235 2032 1288 ut
2054 1230 2229 1302 quasi

569 1324 731 1382 orbis
768 1323 1022 1388 athletae,
1056 1323 1321 1396 periculo
1352 1322 1813 1378 exercitarentur
1847 1320 1924 1377 ad
1955 1321 2226 1389 timores,

569 1419 626 1470 et
651 1417 935 1486 tanquam
947 1412 1159 1468 mundi
1184 1411 1612 1482 gubernatores
1643 1409 1717 1465 ad
1737 1409 2030 1482 procellas
2046 1411 2226 1466 tenta-

571 1503 824 1560 tionum.

637 1592 800 1648 Vers.
833 1594 926 1646 2L.
988 1591 1112 1660 Ipse
1163 1605 1296 1647 vero
1351 1589 1694 1645 dormiebat.
1754 1587 1990 1645 Marcus
2047 1587 2226 1643 etiam

564 1680 765 1737 locum
802 1679 1075 1751 designat
1099 1680 1159 1734 in
1181 1694 1298 1752 quo
1327 1677 1679 1734 dormiebat.
1714 1677 1867 1734 Dixit
1885 1676 2045 1732 enim
2058 1675 2226 1748 quod

563 1774 690 1826 erat
714 1769 774 1824 in
812 1767 997 1840 puppi
1021 1783 1198 1839 super
1217 1766 1475 1824 cervical
1499 1765 1804 1822 dormiens
1832 1767 1908 1819 δ’.
1949 1768 2085 1821 Erat
2115 1780 2226 1820 au-

565 1864 686 1914 tem
715 1857 964 1914 cervical
1001 1857 1146 1912 illud
1202 1856 1490 1926 ligneum,
1532 1855 1591 1912 in
1624 1854 1809 1926 puppi
1837 1852 2222 1910 fabricatum.

568 1946 910 2003 Dormiebat
959 1961 1100 2000 vero
1182 1943 1634 2015 dispensatorie,
1707 1947 1770 1997 ut
1846 1942 2228 1998 vehementer

567 2035 1024 2090 timerent.Nam
1040 2033 1087 2086 si
1116 2032 1442 2102 vigilasset,
1475 2035 1579 2087 aut
1599 2030 1760 2086 nullo
1791 2029 1974 2086 modo
1999 2029 2227 2085 timuis-

570 2126 716 2192 sent,
747 2125 849 2176 aut
875 2136 1091 2192 parum
1135 2119 1316 2175 territi
1365 2119 1640 2174 fuissent.
1674 2117 1997 2190 Oportebat
2025 2122 2226 2174 autem

569 2226 672 2267 eos
702 2225 994 2280 magnum
1020 2208 1248 2264 timoris
1289 2224 1536 2262 sensum
1576 2208 1902 2279 concipere,
1935 2212 2000 2262 ut
2047 2207 2225 2262 etiam

569 2300 646 2354 ad
674 2313 960 2368 magnum
985 2297 1260 2370 potentia:
1286 2296 1442 2352 illius
1471 2311 1716 2352 sensum
1746 2298 2141 2368 pervenirent,
2171 2298 2228 2350 et

566 2389 855 2460 majorem
896 2387 970 2443 de
1002 2402 1074 2443 eo
1105 2385 1282 2442 ﬁdem
1317 2385 1720 2457 conciperent.

639 2478 799 2533 Vers.
854 2480 946 2533 35.
1009 2477 1182 2531 Et—
1231 2472 1544 2544 perimus?
1579 2476 1800 2530 Marcus
1846 2487 1990 2530 vero
2037 2471 2222 2528 dicit:

567 2569 926 2637 Praeceptor,
955 2581 1075 2622 non
1091 2563 1294 2621 esttibi
1315 2579 1474 2620 cura:
1488 2563 1632 2634 quod
1636 2563 1896 2633 perimus
1917 2563 1965 2598 °°
1985 2561 2012 2615 ?
2040 2563 2228 2616 Lucas

569 2658 772 2710 autem
799 2655 841 2690 ⁶¹
875 2653 1272 2721 :Prceceptor,
1303 2657 1656 2721 praceptor,
1683 2650 1942 2720 perimus
1974 2647 2226 2715 Quidam

568 2757 788 2814 nempe
816 2741 952 2804 hoc,
984 2739 1235 2812 quidam
1264 2739 1413 2795 illud
1442 2738 1726 2795 dicebant
1755 2756 1769 2807 ;
1803 2741 1859 2794 et
1887 2735 1988 2793 alii
2019 2752 2223 2801 unum,

571 2829 669 2886 alii
701 2828 864 2884 aliud
896 2828 1018 2898 (lck)
1055 2843 1068 2893 ;
1097 2831 1201 2884 aut
1229 2829 1400 2883 etiam
1428 2842 1642 2882 omnes
1681 2826 1904 2882 omnia.

642 2920 704 2972 V.
736 2917 831 2972 26.
861 2917 939 2971 Et
964 2918 1050 2974 ait
1078 2945 1150 2957 —
1175 2915 1418 2973 modica?
1443 2914 1586 2985 ﬁdei
1599 2913 1904 2972 homines?
1933 2912 2227 2970 Timorem

571 3005 831 3078 primum
847 3005 1062 3062 anima:
1078 3019 1286 3060 eorum
1301 3003 1496 3072 solvit,
1512 3002 1836 3059 ostendens
1849 3001 2007 3074 quod
2020 3001 2227 3058 animae

569 3094 943 3150 imbecillitas
957 3094 1231 3150 timorem
1254 3108 1501 3149 causare
1523 3091 1913 3148 consueverit.
1937 3090 2227 3148 Modicam

570 3189 770 3240 autem
796 3199 1004 3240 eorum
1017 3183 1198 3238 ﬁdem
1230 3181 1704 3254 impropreravit,
1729 3179 2228 3252 nempeimperfe-

570 3277 728 3328 ctam
741 3271 1024 3328 ﬁduciam
1039 3273 1095 3327 in
1113 3288 1240 3328 eum
1253 3269 1882 3343 habitam.Sperabant
1894 3271 2052 3326 enim
2064 3269 2226 3342 quod

569 3376 673 3418 eos
699 3377 928 3417 servare
985 3365 1209 3433 posset,
1258 3358 1358 3416 sed
1395 3359 1666 3431 vigilans,
1699 3375 1822 3416 non
1851 3364 2056 3417 autem
2093 3358 2227 3416 dor-

570 3450 794 3505 miens.
829 3449 968 3505 Ideo
989 3463 1234 3520 quoque
1268 3447 1523 3504 excitant
1541 3447 1730 3502 illum.

641 3539 813 3594 Vers.
839 3540 930 3592 26.
950 3537 1112 3592 Tunc
1145 3567 1212 3577 —
1237 3551 1480 3605 magna.
1519 3535 1862 3608 Ἐπετίμησε,
1877 3535 2225 3607 increpavit,

569 3626 686 3682 hoc
715 3629 821 3690 est,
854 3624 1188 3697 imperavit.
1221 3623 1368 3680 Dicit
1395 3623 1539 3679 enim
1585 3627 1830 3690 Marcus,
1863 3625 2028 3697 quod
2050 3625 2230 3681 etiam

572 3713 785 3770 dixerit
819 3712 1011 3769 mari:
1051 3714 1217 3778 Tace,
1252 3711 1567 3769 obmutesce
1597 3714 1665 3768 θ’.

637 3806 796 3859 Vers.
855 3806 945 3858 27.
991 3803 1266 3859 Homines
1311 3808 1504 3859 autem
1535 3833 1602 3843 —
1640 3802 1692 3859 ei
1721 3803 1751 3856 l’
1774 3802 1967 3859 Lucas
2027 3808 2231 3860 autem

561 3892 890 3964 discipulos
921 3892 1035 3948 hoc
1061 3891 1281 3948 dixisse
1307 3892 1389 3947 ait
1411 3891 1455 3926 ⁵³
1485 3907 1499 3953 ;
1530 3891 1831 3948 Matthaeus
1872 3906 2012 3948 vero
2039 3891 2232 3951 homi.

561 3997 667 4037 nes
680 3981 1092 4046 turbasvocat,
1134 3981 1289 4036 sicut
1301 3980 1384 4034 ait
1400 3978 1892 4051 Chrysostomus.
1919 3979 2231 4052 Siquidem

562 4069 878 4126 verisimile
929 4073 1034 4131 est,
1077 4071 1134 4122 et
1188 4069 1371 4138 ipsas,
1433 4069 1635 4124 audito
1667 4085 1702 4123 a
1758 4069 2059 4138 discipulis
2109 4069 2230 4126 hoc

564 4157 876 4222 miraculo,
907 4154 1178 4209 similiter
1205 4154 1534 4210 admiratas
1583 4169 1738 4223 esse,
1773 4159 1830 4211 et
1857 4156 2078 4226 pariter
2101 4157 2230 4214 haec

564 4244 805 4300 dixisse.
832 4243 1002 4309 Quod
1017 4242 1063 4296 si
1084 4242 1356 4314 discipuli
1383 4241 2032 4315 propterimperfectam
2047 4243 2230 4302 ﬁdem

529 4363 541 4380 ι
567 4347 754 4401 suam,
788 4332 961 4405 quasi
989 4331 1295 4387 hominem
1327 4331 1526 4386 adhuc
1556 4331 1728 4389 illum
1751 4332 2228 4400 admirabantur,

565 4419 754 4476 multo
771 4419 964 4489 magis
1000 4418 1209 4474 turbae.
1241 4421 1391 4476 Nam
1412 4419 1496 4475 uti
1525 4420 1764 4490 navigio
1791 4422 1868 4478 ad
1891 4423 2231 4480 transfreta-

565 4509 816 4575 tionem,
845 4524 910 4564 ac
941 4508 1221 4574 dormire,
1256 4508 1554 4565 hominem
1579 4509 1741 4566 hunc
1770 4511 2182 4582 praedicabant
2215 4527 2230 4564 :

569 4597 909 4655 obedientia
931 4601 1129 4654 autem
1161 4602 1458 4654 ventorum
1477 4613 1546 4654 ac
1559 4598 1768 4666 maris,
1783 4615 2001 4656 novam
2015 4617 2094 4673 qu
2105 4618 2231 4658 am-

564 4686 709 4744 dam
763 4687 890 4760 ejus
929 4691 1208 4744 naturam
1235 4686 1579 4743 testabatur.
1622 4687 1758 4744 Ideo
1783 4688 1965 4744 etiam
1995 4695 2231 4748 contur-

563 4777 683 4834 bat1
716 4777 992 4834 dicebant
1021 4793 1033 4832 :
1066 4777 1269 4845 Qualis
1300 4780 1382 4834 est
1414 4777 1507 4834 hic
1536 4777 1564 4835 ?
1593 4777 1774 4848 Magis
1805 4782 2004 4834 autem
2040 4779 2097 4836 in
2126 4781 2230 4837 ad-

563 4869 943 4924 mirationem
968 4866 1258 4922 duxithoc
1275 4865 1652 4934 miraculum,
1677 4882 1862 4939 quam
1884 4869 2229 4939 praeceden-

637 4994 684 5027 ⁵⁸
706 4995 879 5049 Marc.
908 5007 985 5058 1v,
1019 4992 1106 5048 39.
1184 4993 1232 5028 ⁸ο
1261 4990 1408 5047 ibid.
1486 4992 1507 5027 ⁶
1549 4993 1686 5048 Luc.
1723 5006 1844 5062 vui,
1871 4994 1959 5051 24.

2039 4996 2085 5031 ⁶²
2112 4998 2288 5054 Marc.
2339 5013 2415 5065 ιν,
2468 4998 2561 5054 39.

2337 521 2384 573 ἐν
2435 521 2662 594 θαλάσσῃ
2714 519 3135 582 κλυδωνισθῆναι
3178 526 3235 576 τὸ
3283 520 3456 576 πλοῖον
3498 523 3758 595 λέγοῦσιν,
3791 529 3933 576 Λου-

2337 617 2432 671 κᾶς
2498 607 2557 663 δε
2622 609 2669 662 ἐν
2725 611 2901 684 λίμνη.
2965 617 3062 665 Καὶ
3127 613 3221 664 οὐκ
3279 612 3762 684 ἔναντιοφωνοῡσιν·
3834 617 3933 670 τὴν

2337 696 2623 774 Τιϐεριάδα
2672 703 2770 772 γὰρ
2843 705 2932 752 καὶ
2983 701 3126 752 οὗτοι
3181 699 3412 762 κάκεῖνος
3475 698 3749 766 δηλοῦσιν,
3812 704 3934 762 ἣτις

2340 791 2490 859 φύσει
2512 792 2600 859 μέν
2628 775 2943 859 ἐστιδλίμνη,
2997 791 3131 841 θέσει
3181 786 3240 841 δὲ
3279 790 3538 859 θάλασσα,
3587 786 3681 842 διὰ
3733 792 3794 842 τὸ
3837 793 3934 862 μέ·-

2337 879 2503 947 γεθος.
2535 875 2692 929 Ὅθετ
2721 882 2811 929 καὶ
2842 881 2968 930 ποτε
2995 875 3053 931 δὲ
3077 878 3344 930 θάλασσαν
3376 878 3538 936 αὐτὴν
3561 878 3928 951 ὀνομάζουσιν.

2343 966 2569 1036 Ἐγένετο
2624 963 2686 1018 δὲ
2730 967 2756 1018 6
2813 963 3041 1032 κλύδων,
3089 974 3170 1019 ῑνα
3209 986 3264 1019 τε
3313 966 3547 1038 συσταλῇ
3597 971 3654 1018 τό
3694 971 3936 1040 φρόνημα

2339 1062 2437 1106 τῶν
2473 1056 2736 1126 μαθητῶν·
2769 1053 3163 1126 ἐφαντάσθησαν
3194 1059 3294 1128 γὰρ
3327 1055 3526 1128 μεγάλα
3557 1061 3676 1128 περὶ
3716 1054 3933 1124 ἑαυτῶν,

2339 1144 2424 1195 οἷα
2469 1151 2568 1194 τῶν
2611 1147 2700 1215 μὲν
2743 1143 2904 1195 ἄλλων
2957 1143 3410 1216 ἀποπεμφθέντων,
3469 1143 3632 1197 αὐτῶν
3680 1141 3739 1196 δὲ
3767 1149 3936 1217 μόνων

2341 1233 2767 1286 συνεισελθόντων
2803 1240 2875 1303 τῷ
2918 1229 3247 1304 διδασκάλῳ·
3296 1238 3386 1287 καὶ
3433 1234 3516 1286 ἶνα
3551 1235 3933 1306 γυμνασθῶσιν

2339 1321 2411 1384 εἰς
2456 1321 2640 1394 φόϐους
2696 1319 2969 1390 κινδύνων,
3010 1325 3074 1384 ὡς
3127 1321 3348 1382 ἀθληταὶ
3409 1330 3501 1376 τοῦ
3560 1324 3786 1392 κόσμου,
3843 1327 3935 1374 καὶ

2338 1408 2405 1470 εἰς
2442 1419 2705 1484 χειμῶνας
2733 1420 3058 1484 πειρασμῶν,
3095 1414 3162 1472 ὡς
3191 1410 3504 1486 κυϐερνῆται
3554 1418 3646 1472 τῆς
3686 1411 3934 1483 οἰκουμέ-

2336 1519 2446 1561 νος·

2408 1587 2572 1650 Αὐτὸς
2627 1585 2686 1640 δε
2714 1585 3007 1643 ἐκαθευδεν.
3055 1588 3112 1641 Ὀ
3145 1585 3204 1642 δὲ
3228 1591 3441 1662 Μάρκος
3464 1585 3697 1647 ἐδήλωσε
3726 1592 3815 1641 καὶ
3843 1590 3935 1641 τὸν

2335 1681 2511 1745 τόπον,
2538 1677 2588 1729 ἐν
2676 1676 2995 1748 ἀφύπνωσεν*
3025 1675 3134 1730 εἷπε
3175 1681 3298 1751 γάρ,
3333 1680 3414 1731 ὅτι
3441 1682 3531 1731 καί
3567 1674 3629 1737 ἦν
3671 1677 3828 1740 αὐτὸς
3849 1676 3935 1730 ἰπὶ

2259 1783 2304 1838 Β
2335 1773 2396 1838 τῇ
2444 1768 2648 1838 πρύμνῃ
2691 1765 2774 1818 ἐπὶ
2803 1770 2861 1819 τό
2891 1766 3270 1841 προσεφάλαιον
3314 1762 3603 1820 καθεύδων.
3634 1765 3843 1820 Ξύλινον
3875 1762 3938 1819 δὲ

2334 1862 2484 1907 τοῦτο
2516 1851 2576 1913 ἦν
2606 1853 2690 1908 ἐπὶ
2738 1863 2830 1916 τῆς
2853 1857 3095 1929 πρύμνης
3125 1859 3621 1928 κατεσκευασμένον.
3656 1854 3938 1909 Ἐκάθευὸε

2338 1939 2398 1996 δέ
2429 1944 2546 1994 κατ’
2578 1944 2864 2016 οἰκονμίαν,
2905 1945 2987 1996 ἶνα
3019 1941 3226 2018 σφόδρα
3265 1941 3622 2000 δειλιάσὼσιν.
3655 1945 3713 1997 Εἰ
3739 1945 3841 2016 γάρ
3873 1938 3936 2001 ἦν

2335 2031 2656 2106 ἐγρηγορὼς.
2743 2036 2773 2091 ἦ
2857 2033 2950 2084 ούκ
3028 2035 3088 2084 ἄν
3155 2031 3474 2100 ἑδειλίασαν,
3539 2037 3570 2091 ἦ
3639 2031 3810 2104 ὀλίγον
3874 2033 3936 2083 ἄν

2335 2120 2692 2188 ἔποϐἡθησαν,
2723 2118 2868 2174 Ἔδει
2898 2119 2957 2174 δὲ
3007 2121 3197 2183 αὐτούς
3220 2122 3410 2180 πολλὴν
3440 2124 3690 2179 αἴσθησιν
3715 2129 3806 2174 τοῦ
3840 2126 3936 2193 φό-

2336 2209 2426 2262 ϐου
2454 2208 2647 2276 λαϐεῖν,
2676 2211 2757 2261 ἶνα
2806 2214 2893 2261 καὶ
2924 2210 2994 2271 εἰς
3021 2209 3212 2268 πολλὴν
3251 2212 3492 2268 αῖοθησιν
3521 2217 3616 2272 τῆς
3643 2209 3800 2263 αύτοϋ
3839 2207 3936 2262 δυ-

2333 2300 2530 2370 νάμεως
2619 2298 2829 2368 ἔλθωσι,
2906 2302 2996 2351 καὶ
3064 2297 3266 2352 λάϐωσῖ
3336 2303 3512 2352 πίστιν
3608 2299 3682 2361 εἰς

2335 2387 2563 2441 πλείονα.

2409 2479 2606 2528 Καὶ-
2641 2473 2990 2548 ἀπολλύμεθα.
3035 2473 3095 2527 ¢0
3141 2471 3201 2528 δε
3235 2477 3467 2548 Μάρκος·
3520 2471 3836 2545 Διδάσκαλε,
3874 2474 3932 2528 ού

2335 2563 2474 2637 μέλει
2511 2583 2615 2629 σοι,
2668 2564 2748 2616 ὅτι
2801 2563 3148 2636 ἀπολλύμεθα.
3198 2562 3258 2617 Ὁ
3280 2561 3340 2617 di
3363 2570 3582 2630 Λουκᾶς,
3619 2563 3930 2632 Ἐπιστάτα,

2337 2651 2611 2721 ἐπιστάτα,
2656 2651 3004 2724 ἀπολλύμεθα.
3029 2654 3095 2704 Οἱ
3116 2654 3206 2724 μεν
3234 2654 3335 2727 γὰρ
3367 2652 3535 2705 αὐτῶν
3560 2659 3712 2706 τοῦτο
3742 2652 3934 2724 ἔλεγον,

2339 2742 2388 2792 οἱ
2424 2736 2483 2792 δι
2516 2739 2694 2812 ἐκεῖνο,
2749 2745 2838 2792 καὶ
2891 2739 3036 2792 ἄλλοι
3069 2744 3128 2792 τό
3182 2739 3324 2808 ἄλλο,
3374 2741 3405 2800 ἦ
3459 2745 3551 2794 καὶ
3585 2743 3756 2794 πάντα
3810 2743 3935 2794 πάν-

2335 2847 2432 2888 τες.

2410 2919 2512 2969 Καὶ
2535 2915 2673 2988 λέγει
2699 2947 2769 2957 -
2801 2915 3134 2989 ὀλιγόπιστοι
3163 2935 3179 2988 ;
3206 2924 3416 2991 Πρῶτον
3453 2917 3562 2971 λύει
3591 2922 3685 2977 τὴν
3740 2915 3932 2971 δειλίαν

2343 3013 2440 3066 τῆς
2475 3005 2662 3077 ψυχῆς
2693 3005 2882 3072 αὐτῶν,
2924 3002 3129 3066 δεικνύς
3166 3008 3242 3058 ὅτι
3270 3010 3355 3059 τὸν
3390 3005 3542 3078 φόϐον
3573 3009 3602 3065 ἡ
3631 3015 3726 3068 τῆς
3756 3007 3935 3079 ψυχῆς

2261 3131 2300 3188 C
2344 3096 2590 3147 ἀσθένεια
2622 3102 2785 3148 ποιεῖν
2835 3097 3024 3148 εἴωθεν·
3081 3095 3438 3167 ὀλιγοπιστίαν
3471 3092 3530 3148 δὲ
3561 3103 3760 3158 τοῦτοις
3790 3097 3935 3149 ὠνεί-

3781 2299 3933 2352 αὐτὸν

2339 3180 2508 3249 δισεν,
2540 3187 2604 3243 ὡς
2627 3181 2776 3242 ἀτελή
2811 3188 2990 3236 πίστιν
3029 3184 3096 3245 εἰς
3121 3184 3275 3236 αὐτόν
3305 3189 3654 3257 κεκτημένοις.
3679 3184 3934 3245 Ἦλπιξον

2336 3275 2434 3348 γὰρ
2527 3274 2605 3324 ότι
2688 3269 2909 3325 δύναται
2989 3277 3079 3344 μεν
3174 3273 3378 3341 σώζειν,
3449 3272 3557 3326 ἀλλ’
3619 3273 3930 3347 ἐγρηγορὼς,

2337 3362 2395 3414 ού
2453 3363 2542 3434 μὶν
2612 3357 2679 3420 δὴ
2739 3365 2828 3414 καὶ
2882 3358 3169 3415 καθεύδων·
3221 3366 3308 3414 Διό
3372 3367 3461 3416 καὶ
3511 3362 3796 3436 ἐγείρουσιν
3845 3363 3936 3416 αύ-

2338 3470 2444 3504 τον.

2407 3543 2629 3592 Τότε-
2667 3538 2883 3611 μεγάλη.
2942 3539 3304 3612 Ἐπετίμησεν,
3355 3538 3466 3592 ἀντὶ
3528 3547 3642 3610 τοῦ,
3702 3539 3930 3604 ἐπέταξε.

2339 3632 2467 3701 φησί
2503 3630 2603 3702 γὰρ
2633 3629 2658 3680 ό
2702 3631 2931 3704 Μάρκος,
2976 3629 3053 3681 ὄτι
3099 3633 3185 3680 καὶ
3211 3627 3316 3681 εἶπε
3344 3637 3406 3701 τῇ
3441 3628 3701 3703 θαλάσσῃ·
3735 3636 3931 3700 Σιώπα,

2337 3723 2630 3790 πεφὶμωσο.

2411 3808 2478 3858 Οἱ
2533 3801 2592 3858 δι
2640 3805 2905 3879 ἄνθρωποι
2947 3834 3018 3847 --
3061 3805 3200 3877 αύτῷ
3260 3805 3363 3874 ;Ὀ
3407 3809 3496 3879 μὲν
3545 3812 3774 3878 Λουκᾶς,
3811 3811 3936 3870 τοὺς

2341 3896 2579 3967 μαθητὰς
2632 3893 2788 3946 εἰπεῖν
2837 3897 2990 3946 τοῦτὸ
3045 3913 3222 3967 φησιν·
3293 3896 3318 3946 ό
3376 3891 3435 3948 δι
3493 3898 3762 3958 Ματθαῐος
3817 3898 3934 3971 (76)

2342 3981 2640 4056 ἀνθρώπους
2719 3991 2826 4034 νῦν·
2921 3987 3038 4043 τούς
3102 3983 3293 4054 ὄχλους
3357 3984 3469 4056 (77)
3543 3983 3697 4056 λέγει,
3763 3988 3938 4050 καθὼς

2341 4091 2498 4144 φησιν
2529 4069 2644 4142 (⁸78)
2694 4071 2720 4122 6
2752 4075 3148 4146 Χρυσόστομος.
3193 4076 3294 4126 Καί
3338 4075 3438 4148 γάρ
3471 4072 3622 4143 εἰκός,
3666 4078 3750 4126 καὶ
3811 4077 3936 4127 τούο

2338 4179 2481 4227 τους,
2526 4161 2783 4232 μαθόντας
2819 4164 2966 4213 τουτὶ
3012 4164 3070 4213 τὸ
3131 4162 3306 4233 θαῦμά
3356 4164 3501 4236 παρὰ
3534 4170 3634 4214 τῶν
3664 4165 3934 4236 μαθητῶν,

2341 4250 2530 4321 ὁμοίως
2562 4250 2851 4321 θαυμάσαι,
2870 4253 2960 4302 καὶ
2997 4251 3187 4322 ὁμοίως
3215 4250 3392 4304 εἰπεῖν.
3423 4255 3484 4303 Εἰ
3518 4247 3568 4304 δ’
3599 4253 3648 4303 οἱ
3677 4254 3935 4325 μαθηταὶ,

2341 4333 2434 4389 διὰ
2481 4343 2539 4389 τὸ
2590 4337 2760 4398 ἀτελές
2814 4347 2910 4399 τῆς
2961 4344 3179 4399 πίστεως
3228 4339 3417 4407 αὐτῶν,
3457 4341 3528 4402 ὡς
3566 4342 3835 4415 ἄνθρωπον
3861 4343 3935 4394 ἔτι

2339 4436 2518 4478 τοῦτον
2551 4426 2864 4498 ἐθαύμαζον,
2897 4427 3064 4479 πολλῶ
3099 4428 3286 4500 μᾶλλον
3335 4430 3383 4480 οἱ
3409 4428 3583 4501 ὄχλοι.
3613 4435 3682 4482 T6
3711 4433 3800 4502 μὲν
3828 4432 3930 4504 γὰρ

2679 4485 2687 4498 .
2766 4485 2778 4486 κ
2852 4485 2862 4494 ι
3099 4485 3109 4500 .
3437 4485 3481 4501 ιν
3572 4485 3579 4486 κ
3711 4485 3721 4502 .
3836 4485 3850 4502 1
3900 4485 3910 4504 ι

2261 4485 2306 4540 D
2339 4518 2640 4587 κεχρῆσθαι
2671 4515 2827 4586 πλοίῳ
2854 4519 2977 4590 πρὸς
3022 4522 3326 4589 περαίωσιν,
3365 4523 3455 4571 καὶ
3493 4519 3700 4589 ύπνοῦν,
3735 4521 3925 4593 ἄνθρω.

2336 4625 2431 4658 πον
2471 4605 2623 4658 αὐτόν
2649 4603 2939 4679 ἐκήρυττεν·
2973 4608 3003 4664 ἡ
3043 4603 3102 4659 δε
3131 4616 3228 4658 τῶν
3261 4605 3456 4679 ἀνέμων
3498 4613 3588 4661 καὶ
3608 4616 3698 4669 τῆς
3729 4608 3927 4661 θαλάσ-

2341 4714 2434 4756 σης
2462 4695 2689 4761 ὑπακοὴ,
2731 4695 2873 4757 ξένην
2921 4697 3035 4747 τινὰ
3077 4697 3231 4767 φύσιν
3277 4700 3442 4769 τούτῳ
3489 4699 3924 4772 προσεμαρτύρει.

2337 4785 2433 4837 Διά
2521 4789 2611 4837 καὶ
2711 4783 3108 4857 ἐξαπορούμενοι
3199 4785 3386 4856 ἔλεγον·
3485 4787 3689 4847 Ὀποῖός
3785 4784 3927 4838 ἐστιν

2337 4873 2488 4935 οὗτος
2551 4889 2563 4939 ;
2625 4871 2802 4926 Πλείον
2851 4869 2910 4925 δὲ
2969 4881 3069 4925 τῶν
3123 4873 3481 4949 προλαϐόντων
3541 4877 3814 4948 θαυμάτων
3870 4878 3930 4930 τό

2637 4997 2683 5034 ⁸³
2706 4997 2846 5055 Luc.
2872 5013 2997 5064 vui,
3027 5001 3115 5054 25.

1793 5143 2016 5213 Varia:
2057 5146 2393 5217 lectiones
2432 5156 2728 5217 etnotae.

637 5319 752 5394 (76)
809 5323 901 5394 Ita
957 5335 1198 5393 quoque
1260 5322 1603 5394 ﬂentenius.
1680 5322 1947 5379 Arbitror
2023 5327 2219 5381 tamen

564 5391 657 5450 ἥδ.
695 5391 1010 5480 ιέβθληᾴυῐὶ]
1067 5391 1234 5479 esse:
1272 5391 1333 5446 Ὁ
1353 5391 1436 5480 ᾗδὲ
1488 5394 1777 5464 Ματθαίος,
1835 5398 1958 5457 τούς
2024 5394 2217 5472 ἀνθρώ-

563 5481 711 5525 πους·
745 5464 1046 5539 ἀνθρώπους
1072 5469 1159 5515 νῦν
1190 5484 1240 5518 κ.
1272 5484 1321 5520 τ.
1353 5464 1408 5520 λ.

2427 5324 2517 5394 77)
2560 5323 2725 5382 Forte
2753 5323 2807 5377 λ’
2845 5347 2931 5384 ων.

2404 5325 2518 5467 ξἾὸ)
2550 5401 2717 5454 Tom.
2750 5343 2864 5467 ν’ἦ,
2897 5413 2931 5467 p

2499 5403 2518 5467 )
2550 5401 2717 5454 Tom.
2750 5396 2864 5467 VII,
2897 5413 2952 5472 p.
2987 5401 3110 5458 334.

637 5587 737 5661 (kk
773 5587 852 5645 Et
881 5587 994 5645 alii
1015 5603 1212 5656 unum,
1241 5587 1346 5644 alii
1373 5587 1557 5646 aliud.
1591 5590 1758 5645 Forte
1785 5587 1944 5659 legit,
1969 5594 2059 5644 καὶ
2085 5588 2227 5649 ἠλλοι

2344 5594 2416 5664 ἐν,
2450 5587 2598 5647 ἄλλοι
2615 5591 2759 5652 ἄλλο.
