4206 6310
274 297 383 356 297
1210 294 1580 357 COMMENT.
1630 295 1699 354 IN
1742 288 2187 353 MATTHIEUM.
2228 326 2296 339 -—
2334 295 2496 356 CAP.
2542 294 2692 353 VIII.
3522 292 3628 349 298

278 431 446 502 παρὸν
494 430 816 499 ἐθαύμασαν,
868 425 1008 481 διότι
1057 423 1226 487 οὐδείς
1268 445 1390 478 ποτε
1428 432 1658 478 τοιοῦτον
1699 425 1875 499 εἰργά-
1904 423 1939 477 Λ

1986 423 2084 489 tia,
2112 423 2255 493 quia
2292 422 2496 479 nullus
2540 435 2809 493 unquam
2842 420 2954 477 tale
2998 417 3307 492 quidpiam
3347 423 3628 491 operatus

283 535 433 569 σατο.
491 520 626 568 Οὔτε
669 520 769 589 γὰρ
818 517 1026 578 ἐξέτεινε
1072 513 1288 590 ῥάϐδον,
1342 517 1410 576 ὡς
1464 522 1707 582 Μωῡσῆς,
1762 517 1877 566 οὔτε

1986 516 2091 566 est.
2126 514 2323 581 Neque
2346 510 2503 565 enim
2532 510 2756 577 virgam
2780 509 3057 574 extendit,
3086 516 3148 564 ut
3166 510 3352 564 Moses
3384 525 3398 575 ;
3434 524 3629 581 neque

279 606 623 677 προσηνέχθη
669 613 778 664 τοῖς
823 601 1035 663 ὕδασιν,
1081 606 1151 665 ὡς
1189 605 1370 675 ἕτεροι,
1406 602 1531 653 ἀλλὰ
1573 606 1687 654 κατ’
1729 603 1879 665 ἐξου-

1987 616 2049 654 se
2076 599 2247 670 aquis
2272 598 2554 662 admovit,
2581 602 2644 653 ut
2664 597 2762 654 alii
2797 614 2810 664 ;
2832 598 2936 653 sed
2962 614 3093 653 cum
3117 598 3463 655 auctoritate
3481 614 3630 670 pra!-

283 697 403 743 σίαν
500 692 753 755 ἐπέταξεν,
841 695 907 754 ὡς
994 689 1249 751 δεσπότης
1328 688 1551 761 δούλοις,
1644 696 1733 743 καὶ
1809 693 1878 753 ὡς

1988 688 2159 759 cepit,
2193 693 2257 743 ut
2307 687 2589 742 dominus
2635 687 2840 755 servis,
2869 691 2926 743 et
2969 690 3033 743 ut
3056 692 3286 745 creator
3324 688 3628 745 creaturis.

285 777 609 854 δημιουργός
643 789 922 853 κτίσμασι.

471 876 611 922 ΚΕΦ.
653 869 748 922 ΙΒ’.
786 874 910 941 Περὶ
950 877 1048 919 τῶν
1080 865 1177 921 δύο
1218 864 1676 939 δαιμονιζομένων.

2273 865 2427 920 CAP.
2461 865 2567 921 XII.
2599 864 2685 920 De
2713 863 2940 919 duobus
2961 863 3346 922 dcemoniacis.

363 962 461 1008 Καὶ
539 957 736 1009 ἐλθόντι
820 988 888 998 -
967 954 1403 1027 δαιμονιζόμενοι.
1469 961 1537 1007 Τὸ
1619 952 1678 1007 δε
1747 960 1882 1008 κατά

2061 954 2217 1007 Vers.
2251 952 2337 1006 28.
2374 951 2622 1023 Cumque
2663 953 2911 1008 venisset
2941 982 3009 993 —
3044 953 3416 1009 daemoniaci.
3446 955 3635 1009 Evan-

291 1047 502 1114 Μάρκον
552 1044 884 1115 Εὐαγγέλιον,
916 1047 990 1096 ἔτι
1033 1042 1091 1096 δὲ
1120 1048 1208 1095 καὶ
1238 1047 1296 1095 τὸ
1351 1045 1484 1094 κατὰ
1526 1049 1750 1106 Λουκᾶν,
1783 1052 1880 1095 τῶν

1991 1039 2142 1109 gelia
2168 1040 2500 1095 secundum
2534 1043 2791 1097 Marcum
2821 1040 2868 1076 ⁶⁴
2894 1043 2950 1096 et
2980 1040 3314 1096 secundum
3342 1042 3560 1096 Lucam
3587 1043 3634 1077 “

298 1128 607 1202 Γαδαρηνῶν
655 1133 973 1204 γράφουσιν,
1046 1132 1200 1185 Ἀλλὰ
1268 1138 1329 1201 τῇ
1403 1128 1676 1203 Τιϐεριάδι
1727 1130 1877 1202 λίμνη

1993 1128 2432 1184 Gadarenorum
2487 1128 2772 1184 scribunt.
2831 1128 3047 1185 Verum
3102 1131 3317 1198 stagno
3345 1128 3636 1184 'I‘iberiadi

301 1220 329 1276 ἡ
390 1220 537 1281 πόλις
591 1226 812 1294 Γέργεσα
864 1223 1195 1293 παράκειται,
1258 1224 1347 1271 καὶ
1404 1220 1461 1271 οὐ
1513 1222 1580 1271 τὰ
1647 1216 1878 1293 Γάδαρα.

1992 1216 2226 1286 adjacet
2257 1217 2463 1272 civitas
2507 1217 2780 1286 Gergesa,
2826 1220 2879 1274 et
2932 1232 3053 1271 non
3083 1217 3341 1273 Gadara.
3383 1217 3639 1282 Quidam

296 1310 441 1367 Τινὲς
488 1305 547 1359 δέ
582 1328 755 1379 φασιν,
808 1306 1065 1379 διώνυμον
1106 1309 1235 1360 εἶναι
1289 1312 1381 1365 τὴν
1424 1310 1668 1365 τοιαύτην
1714 1306 1879 1371 πόλιν,

1994 1310 2194 1361 autem
2250 1305 2460 1361 dicunt
2510 1305 2871 1361 binominem
2922 1321 3054 1360 esse
3109 1304 3273 1361 illam
3320 1305 3635 1370 civitatem,

293 1400 382 1446 καὶ
453 1396 721 1448 καλεῖσθαι
777 1404 929 1449 τοῦτο
992 1396 1209 1451 κάκεῖνο.
1271 1395 1424 1449 Ἀλλὰ
1480 1398 1744 1455 Ματθαίος
1794 1398 1883 1467 μὲν

1993 1393 2191 1448 ethoc
2236 1398 2289 1448 et
2325 1392 2425 1448 illo
2473 1393 2668 1448 vocari
2715 1394 2977 1448 nomine.
3011 1393 3299 1448 Praeterea
3337 1392 3641 1450 Mattbeeus

293 1479 389 1533 δύο
444 1479 907 1554 δαιμονιζομένους
960 1490 1111 1555 φησι,
1164 1484 1378 1556 Μάρκος
1430 1480 1489 1535 δὲ
1540 1488 1629 1534 καὶ
1682 1489 1885 1543 Λουκᾶς

1994 1482 2147 1538 duos
2184 1482 2367 1537 habet
2416 1482 2841 1548 daamoniacos,
2875 1484 3101 1537 Marcus
3127 1486 3328 1538 autem
3366 1486 3424 1538 et
3451 1483 3640 1538 Lucas

291 1568 401 1630 ἐνὸς
452 1569 859 1642 ἐμνημόνευσαν,
910 1580 1000 1623 τοῦ
1058 1571 1244 1643 μᾶλλον
1315 1570 1720 1643 ἐπισημότερον,
1793 1579 1885 1623 τοῦ

1995 1570 2172 1624 unius
2217 1574 2442 1624 tantum
2493 1570 2910 1634 meminerunt,
2961 1574 3166 1641 utpote
3219 1570 3482 1634 notioris,
3537 1570 3641 1641 qui

290 1657 565 1729 λεγομένου
622 1659 883 1730 λεγεῶνος,
942 1664 1060 1733 περὶ
1118 1660 1177 1711 οὗ
1249 1659 1438 1731 φοϐερὰ
1495 1659 1657 1712 πολλά
1708 1659 1886 1730 λέγου-

1996 1658 2146 1727 legio
2168 1658 2497 1723 dicebatur,
2530 1656 2605 1712 de
2627 1673 2747 1729 quo
2783 1657 3166 1713 formidanda
3196 1658 3385 1715 multa
3414 1659 3639 1724 dicunt,

293 1764 401 1804 σιν,
542 1752 630 1799 καὶ
680 1748 952 1820 ὑπηρετεῖν
1002 1750 1026 1798 ό
1078 1748 1247 1821 ἔτερος
1296 1744 1484 1799 ἐδόκει.
1553 1753 1650 1799 Καὶ
1707 1749 1755 1799 οἱ
1798 1751 1885 1818 μὲν
1917 1762 1954 1815 Β

1998 1748 2092 1802 cui
2142 1748 2319 1802 etiam
2377 1746 2524 1802 alter
2589 1746 2927 1801 subservire
2979 1747 3341 1815 dicebatur;
3403 1752 3645 1819 propter

291 1830 387 1885 διὰ
424 1842 577 1887 τοῦτο
624 1844 863 1909 παρῆκαν
912 1836 1084 1899 αὐτόν,
1135 1837 1160 1887 ὁ
1211 1832 1270 1887 δε
1318 1837 1581 1895 Ματθαίος
1633 1834 1889 1908 ἀνέγραψε

1996 1834 2161 1907 quod
2201 1835 2377 1890 etiam
2420 1833 2503 1888 illi
2556 1849 2694 1889 eum
2734 1834 3085 1905 praeteriere.
3138 1835 3439 1890 Matthaeus
3506 1850 3643 1891 vero

288 1928 381 1974 καὶ
412 1931 615 1990 τοῦτον,
648 1926 718 1985 ὡς
744 1921 1293 1996 συνδαιμονιζόμενον.

1998 1923 2178 1978 etiam
2233 1922 2394 1977 hunc
2433 1920 2668 1993 scripsit
2714 1926 3005 1994 tanquam
3052 1922 3275 1993 pariter
3315 1922 3646 1979 daemonia-

2000 2028 2157 2067 cum.

364 2101 407 2168 ιι·
466 2102 599 2151 Οὔτε
669 2100 780 2161 (’79)
848 2095 1180 2169 Γαδαρηνῶν,
1253 2097 1369 2150 οὗτε
1433 2103 1755 2170 Γερασηνῶν,
1825 2101 1891 2151 τὰ

2068 2102 2111 2171 -ι-
2150 2100 2275 2155 Imo
2319 2098 2728 2155 emendatiora
2759 2099 3125 2172 exemplaria
3176 2100 3400 2155 habent
3428 2099 3648 2170 Gerge-

290 2185 486 2259 ἀκριϐῆ
557 2190 670 2258 ἔχει
735 2195 834 2238 τῶν
911 2186 1254 2261 ἀντιγράφων,
1338 2185 1464 2238 ἀλλὰ
1539 2193 1884 2259 Γεργεσηνῶν.

2000 2203 2301 2254 senorum,
2335 2202 2453 2243 non
2480 2186 2936 2252 Gerasenorum,
2971 2203 3160 2261 neque
3192 2188 3644 2245 Gadarenorum

293 2272 515 2350 Γάδαρα
575 2279 668 2346 γὰρ
732 2275 881 2335 πόλις
933 2274 1041 2327 ἐστὶ
1097 2283 1191 2336 τῆς
1257 2272 1553 2335 Ἰουδαίας·
1609 2275 1757 2346 λίμνη
1831 2273 1889 2328 δὲ

1998 2276 2165 2333 etiam
2233 2276 2396 2347 apud
2446 2277 2729 2332 Marcum.
2780 2276 3039 2333 Gadaria
3096 2277 3255 2332 enim
3312 2277 3518 2332 civitas
3558 2281 3647 2332 est

292 2371 541 2436 κρημνοῖς
598 2368 972 2435 παρακειμένη,
1123 2363 1378 2428 θάλασσα,
1450 2361 1695 2435 οὐδαμῶς
1747 2364 1889 2416 ἔστιν

1998 2365 2162 2436 apud
2185 2365 2447 2430 Iudaeos,
2494 2365 2589 2419 cui
2641 2380 2910 2436 praeceps
2964 2365 3199 2435 adjacet
3252 2370 3533 2433 stagnum
3588 2369 3645 2420 et

300 2450 347 2502 ἐν
395 2452 549 2524 αὐτῇ.
605 2456 705 2505 Καὶ
754 2456 958 2525 Γέρασα
1011 2449 1068 2504 δὲ
1120 2459 1209 2511 τῆς
1262 2450 1502 2525 Ἀραϐίας
1559 2450 1672 2504 ἐστὶ
1716 2452 1887 2523 πόλις,

1999 2453 2162 2509 nullo
2192 2453 2371 2508 modo
2408 2468 2594 2508 mare.
2628 2453 2767 2508 ltem
2799 2452 3023 2509 Gerasa
3061 2453 3266 2509 civitas
3291 2458 3380 2509 est
3407 2452 3645 2509 Arabia

302 2542 416 2591 οὔτε
466 2539 753 2604 θάλασσαν,
794 2540 911 2592 οὔτε
955 2539 1140 2611 λίμνην
1190 2539 1412 2597 πλησίον
1460 2539 1617 2600 αὐτῆς
1664 2543 1884 2611 ἔχουσα.

1999 2557 2117 2597 non
2131 2541 2362 2598 habens
2380 2557 2542 2597 mare
2560 2547 2661 2597 aut
2682 2548 2962 2611 stagnum
2982 2542 3389 2613 propinquum
3416 2558 3428 2596 :
3451 2556 3645 2613 neque

303 2632 405 2680 Καὶ
481 2628 573 2678 οὐκ
651 2627 711 2678 ἂν
794 2631 928 2679 οὕτω
1001 2630 1249 2701 προφανὲς
1339 2624 1535 2698 ψεῦδος
1615 2634 1703 2681 καὶ
1787 2630 1889 2682 εὐέ-

1999 2634 2199 2687 autem
2211 2631 2361 2686 adeo
2374 2629 2760 2686 manifestum
2774 2631 3155 2687 mendacium
3169 2630 3644 2687 dixissentetiam

295 2716 507 2785 λεγκτον
582 2718 629 2766 οὶ
687 2715 1048 2787 εὖαγγελισταὶ
1127 2716 1429 2787 εἰρήκασαν,
1503 2713 1683 2788 ἄνδρες
1747 2716 1890 2789 ἀκρι-

1999 2718 2317 2776 oscilantes
2362 2718 2457 2790 (ιι)
2511 2718 2915 2788 evangelista,
2968 2719 3076 2773 viri
3127 2718 3279 2775 adeo
3310 2719 3555 2774 studiosi
3586 2720 3645 2774 in

297 2803 400 2865 ϐὡς
452 2809 791 2873 γινώσκοντες
852 2806 918 2855 τὰ
973 2808 1090 2877 περὶ
1156 2812 1247 2863 τῆς
1311 2802 1589 2866 Ἰουδαίας.
1665 2810 1894 2877 Γέργεσα

1999 2808 2434 2877 cognoscendis
2493 2807 2662 2871 locis,
2715 2822 2852 2877 quae
2920 2808 3077 2862 circa
3126 2807 3396 2862 Judaeam
3450 2813 3641 2863 erant.

299 2896 472 2943 τοίνυν
518 2890 672 2956 ἐστὶν,
721 2891 805 2963 ἀφ’
845 2893 908 2952 ἧς
960 2898 1278 2965 Γεργεσαῖοι,
1329 2891 1474 2952 πόλις
1520 2891 1726 2966 ἀρχαία
1774 2899 1890 2966 περὶ

2001 2899 2257 2967 Gergesa
2320 2895 2513 2965 igitur,
2575 2894 2734 2950 unde
2786 2894 2924 2950 dicti
2982 2895 3314 2964 Gergeseni,
3344 2900 3509 2951 vetus
3563 2900 3650 2951 est

306 2984 402 3034 τὴν
463 2986 547 3029 νῦν
610 2980 923 3051 καλουμένην
1002 2976 1311 3053 Τιϐεριάδος
1385 2980 1586 3052 λίμνην,
1658 2987 1774 3053 περὶ
1832 2982 1892 3039 ἣν

2003 2984 2211 3041 civitas
2238 2986 2407 3054 juxta
2438 2999 2570 3039 eam
2616 2999 2749 3055 quae
2781 2999 2956 3039 nunc.
2998 2984 3262 3038 Tiberias
3294 2983 3645 3055 appellatur,

304 3069 532 3138 κρημνὸς
590 3073 958 3141 παρακείμενος
1013 3076 1071 3139 τῇ
1128 3068 1300 3139 λίμνη,
1370 3067 1453 3140 ἀφ’
1514 3068 1574 3120 οὗ
1628 3066 1893 3121 δείκνυται
1932 3100 1965 3156 C

2003 3079 2059 3130 et
2106 3074 2162 3128 in
2216 3073 2428 3127 declivi
2480 3073 2611 3127 loco
2668 3079 2947 3144 stagnum
3005 3073 3182 3127 habet
3226 3072 3511 3142 adjacens
3546 3072 3650 3127 :in

300 3158 423 3215 τοὺς
494 3161 712 3230 χοίρους
784 3158 883 3208 ὑπὸ
953 3165 1052 3208 τῶν
1117 3152 1376 3228 δαιμόνων
1451 3156 1890 3215 καταϐεϐλῆσθαι.
1941 3152 1961 3156 ”

2002 3161 2163 3233 quod
2203 3161 2643 3215 demonstratur
2667 3176 2882 3232 porcos
2910 3178 2945 3215 a
2972 3160 3351 3215 daemonibus
3391 3175 3518 3215 esse
3549 3160 3649 3214 de-

297 3242 658 3316 Ἑρμηνεύεται
738 3241 798 3295 δε
872 3246 902 3300 ἠ
986 3247 1233 3318 Γέργεσα,
1308 3249 1559 3318 παροικία
1649 3244 1893 3303 ἐκϐεϐλη-
1946 3256 1958 3265 ‘

1998 3251 2207 3321 jectos.
2277 3249 2494 3303 Poteris
2540 3254 2737 3302 autem
2812 3248 3179 3319 interpretari
3234 3248 3646 3304 habitaculum

298 3336 482 3397 κότων,
543 3331 807 3404 ἐπώνυμος
869 3332 1001 3385 οὖσα
1064 3334 1212 3403 τάχα
1260 3340 1606 3407 προφητικῶς,
1659 3328 1717 3384 οὗ
1778 3339 1896 3405 περὶ

2004 3336 2443 3408 egredientium,
2496 3343 2555 3390 ut
2598 3336 2937 3408 pr0phetice
3000 3336 3251 3392 fortasse
3303 3336 3381 3393 ab
3436 3341 3651 3393 eventu

296 3423 386 3471 τὸν
489 3428 700 3495 Σωτῆρα
782 3426 1123 3490 πεποιήκασι,
1220 3426 1666 3493 παρακαλέσαντες
1740 3422 1894 3474 αὐτὸν

903 3426 1123 3490 tinxerat,
1220 3426 1666 3493 παρακαλέσαντες
1740 3422 1894 3474 αὐτὸν
2004 3440 2227 3483 nomen
2256 3426 2564 3495 acceperit.

295 3507 585 3581 μεταϐῆναι
654 3508 709 3560 ἐκ
778 3517 878 3560 τῶν
950 3510 1101 3584 ὁρίων
1173 3508 1339 3560 αὐτῶν
1396 3509 1446 3561 οἱ
1524 3517 1623 3561 τῶν
1698 3514 1895 3583 χοίρων

299 3594 336 3649 δ
341 3601 574 3652 εσπόται.

374 3684 468 3738 Ἐπ
534 3715 601 3725 -—
664 3682 1011 3758 ἐξερχόμενοι.
1079 3692 1200 3747 Τοῖς
1277 3686 1454 3756 τάφοις
1532 3686 1580 3737 οἰ
1657 3682 1895 3758 δαίμονες

2074 3685 2244 3753 Vegs.
2284 3687 2373 3739 28.
2405 3684 2504 3741 Ea:
2532 3713 2599 3724 —
2624 3689 2918 3740 exeuntes.
2969 3686 3032 3738 In
3072 3682 3359 3754 sepulcris
3404 3682 3653 3739 libenter

297 3772 773 3847 έμφιλοχωροῡσιν,
855 3772 1078 3847 ὀλέθριον
1172 3770 1349 3845 δόγμα
1427 3780 1532 3834 τοῖς
1607 3772 1895 3847 ἀνθρώποις

2004 3777 2313 3827 morantur
2323 3772 2648 3835 daemones,
2665 3786 2917 3842 pravam
2936 3770 3282 3841 opinionem
3308 3771 3653 3826 hominibus

298 3860 519 3914 ἐνθεῖναι
602 3860 846 3921 θέλοντες,
924 3863 990 3921 ὡς
1064 3862 1166 3933 ἄρα
1234 3870 1331 3912 τῶν
1414 3862 1761 3914 τελευτώντων
1840 3864 1895 3914 αί

2000 3860 2316 3916 immittere
2347 3858 2629 3926 volentes,
2681 3860 2839 3929 quod
2888 3862 3256 3914 mortuorum
3288 3858 3503 3914 animm
3537 3858 3654 3914 daa-

295 3950 500 4021 ψυχαὶ,
599 3952 865 4021 γινόμεναι
963 3945 1226 4020 δαίμονες,
1330 3954 1689 4022 παραμένουσι
1783 3958 1894 4013 τοῖς

2001 3964 2212 4004 mones
2240 3948 2402 4012 fiant,
2435 3947 2537 4002 sed
2569 3948 2723 4002 circa
2766 3948 3144 4019 propriorum
3174 3962 3495 4019 corporum
3526 3962 3655 4002 mo-

298 4043 541 4111 μνὴμασι
596 4046 694 4090 τῶν
746 4035 893 4089 ἰδίων
943 4040 1212 4109 σωμάτων,
1271 4043 1360 4090 καὶ
1404 4038 1683 4090 κολλῶνται
1729 4057 1887 4091 τισιν.

2000 4041 2291 4092 numenta
2329 4041 2698 4103 remaneant,
2729 4034 2850 4090 imo
2889 4034 3254 4105 quibusdam
3290 4034 3654 4091 adhaereant.

301 4126 427 4182 Αλλ’
473 4127 566 4179 οὐκ
615 4129 676 4178 οῖν
730 4144 853 4179 ποτε
896 4129 1124 4178 πείσωσι
1178 4130 1263 4178 τόν
1313 4125 1610 4201 όρθόδοξον.
1678 4127 1737 4180 Εἰ
1788 4129 1889 4201 γὰρ

2000 4125 2112 4181 Sed
2126 4123 2282 4197 (mm)
2297 4138 2677 4196 nequaquam
2691 4123 2750 4179 id
2766 4123 3098 4179 orthodoxo
3112 4123 3579 4195 persuadebunt.
3598 4124 3658 4179 Si

379 4303 425 4339 “
451 4304 619 4359 Marc.
654 4320 712 4370 v,
741 4305 791 4361 1.
906 4305 952 4340 ⁸⁵
984 4306 1118 4360 Luc.
1151 4320 1272 4368 vm,
1306 4303 1391 4359 26.

1549 4482 1769 4549 Variae
1797 4479 2121 4549 lectiones
2153 4487 2219 4546 et
2258 4486 2455 4546 nota.

389 4674 504 4749 (79)
528 4679 644 4732 Hoc
663 4676 948 4733 scholium
970 4678 1029 4733 in
1049 4677 1316 4749 margine
1336 4676 1428 4749 sui
1455 4675 1675 4731 codicis
1692 4675 1908 4749 reperit
2018 4674 2304 4745 Origenis.
2331 4674 2469 4749 Post
2492 4685 2733 4749 versum
2756 4673 2911 4749 enim
2937 4673 3004 4724 27
3027 4670 3229 4749 statim
3251 4670 3332 4724 ita
3360 4668 3571 4749 transit
3587 4668 3667 4724 ad

310 4736 936 4805 He‘nte'niusEdideram
951 4749 1059 4804 hoc
1075 4766 1146 4804 ex
1161 4736 1456 4804 codicibus
1474 4736 1906 4817 Mosquensibus

2014 4736 2168 4801 vers.
2218 4749 2284 4801 29
2339 4739 2604 4817 ξἘπειδή
2657 4738 2716 4793 δε
2754 4740 2916 4817 ᾁπέϐη
2966 4749 3060 4801 τῆς
3092 4741 3365 4805 θαλάττης,
3416 4736 3664 4817 διαδέχε-

306 4822 367 4876 in
402 4818 623 4875 Catena
640 4820 715 4874 ad
737 4822 906 4875 Marci
939 4836 1071 4888 cap.
1106 4836 1235 4888 v,_v.
1274 4824 1319 4888 1,
1360 4818 1479 4872 vol.
1516 4818 1557 4882 Ι,
1678 4817 1744 4870 82
1767 4817 1904 4888 edit.

2017 4837 2106 4868 ται
2185 4818 2359 4888 θαῦμρι
2434 4814 2601 4886 ἕτερον
2684 4811 3044 4888 φοϐερώτερον.
3136 4817 3481 4888 Δαιμόνρντες
3539 4813 3660 4888 γάρ,

303 4893 415 4947 Mos
433 4904 488 4962 q.
508 4889 725 4962 1775.8.
745 4892 821 4945 Ex
834 4877 1127 4962 codicibus
1142 4877 1694 4962 Vindobonensibus
1710 4887 1909 4962 laudat

2017 4888 2247 4960 καθάπερ
2286 4877 2563 4959 δραπέται
2638 4877 2875 4955 πόνηροὶ,
2938 4877 3240 4936 ’δεσπότην”
3290 4877 3500 4943 ἰδόντες,
3550 4877 3664 4931 ἔλε-

303 4951 468 5018 Alter
495 4963 554 5016 in
581 4961 720 5015 edit.
766 4964 829 5016 N.
862 4964 1010 5016 Test.
1044 4968 1079 5015 t.
1112 4961 1152 5019 Ι,
1182 4975 1318 5030 pag.
1353 4960 1478 5013 489.
1514 4958 1908 5031 Ηεῲθιλεῐὶειῐη

2016 4975 2126 5027 γον·
2185 4951 2248 5008 Τί
2301 4951 2455 5031 ἡμῖν-
2490 4958 2579 5005 καὶ
2634 4958 2738 5018 σοὶ,
2773 4951 2837 5005 κ.
2892 4972 2939 5003 τ.
2989 4951 3059 5007 λ,
3104 4951 3243 5031 Vide
3283 4955 3424 5005 tom.
3459 4951 3665 5031 ΥΠΕΡ.

304 5032 598 5089 Possinus
628 5032 687 5087 in
731 5031 924 5086 Caten.
980 5032 1056 5086 ad
1097 5023 1365 5103 Μελ-οἴῃ.
1408 5032 1525 5082 100.
1573 5027 1907 5103 Conﬂatum
2019 5023 2122 5083 335
2178 5028 2243 5103 Οἒ
2274 5023 2351 5103 lix"
2401 5026 2822 5103 Qhrysoslomo
2855 5038 3023 5103 ergo,
3050 5023 3336 5103 qui-data!
3363 5038 3547 5103 opera
3576 5025 3670 5103 ilu-

307 5108 511 5159 autem
542 5110 631 5156 est
656 5118 722 5156 ex
754 5104 1086 5174 Origene,t.
1110 5102 1199 5174 lV,
1221 5092 1356 5174 pag.
1393 5103 1505 5174 ut),
1543 5102 1659 5163 141,
1682 5100 1784 5169 qui
1812 5114 1913 5153 au-
2021 5098 2374 5174 mumjccit,
2407 5097 2479 5149 de
2512 5092 2662 5174 loco,
2712 5094 2812 5174 ubi
2851 5094 2977 5174 haec
2994 5093 3367 5174 acciderunt,
3394 5092 3542 5174 nihil
3558 5092 3671 5174 dis-

308 5176 532 5239 dacter,
588 5174 699 5227 hoc
739 5162 1414 5244 estfpatristic‘e'hunc
1463 5162 1659 5224 locum
1689 5162 1914 5244 _'corru-
2025 5168 2653 5244 cas._‘Discas‘autem,
2685 5163 2845 5219 unde
2875 5166 2947 5219 sit
2988 5164 3469 5235 Cbrysostomus.
3510 5162 3669 5219 Scili-

312 5246 410 5317 pit.
429 5238 643 5300 Callide
658 5245 749 5299 hic
765 5238 1127 5314 expc-divitse
1148 5240 1913 5314 Chrysostomusexlaqueis
2021 5246 2110 5295 cet
2142 5238 2487 5295 ἀλωπεκῆθεν.

382 5420 477 5493 (ιι)
513 5422 837 5477 Oscitantes
864 5436 984 5476 non
1014 5424 1105 5493 est
1135 5419 1194 5493 in
1229 5418 1456 5493 Greeco.
1491 5417 1719 5493 Nescio,
1770 5416 1917 5493 quid
2097 5413 2434 5493 (m_m)7._9'ed,_
2448 5411 2705 5467 alienum
2734 5415 2838 5467 est.
2861 5412 3234 5493 Mortuorum.
3252 5411 3437 5465 animi
3461 5410 3675 5493 dcemo:

314 5482 783 5563 loco'w’ﬂayxrov,
839 5493 876 5547 i.
932 5509 982 5546 e.
1025 5490 1202 5563 facile
1249 5487 1651 5563 refutandum,
1688 5482 1914 5563 legerit.
2024 5482 2124 5542 nes
2149 5482 2435 5563 f{.:_oti,_ad
2462 5500 2705 5541 suorum
2740 5500 3047 5555 corporum
3070 5482 3343 5555 sepulcra
3375 5482 3676 5539 remanent

318 5563 447 5620 Mox
477 5581 489 5620 :
536 5558 661 5622 Viri
680 5558 1032 5621 accuratam
1060 5562 1282 5618 Judoece
1315 5560 1593 5616 habentes
1621 5560 1916 5617 notitiam.
2026 5565 2075 5615 et
2096 5558 2471 5632 quibusdam.

604 5662 842 5721 Paraon.
884 5660 991 5719 Gn.
1027 5656 1279 5719 CXXIX.

3329 5649 3403 5709 10
