4206 6310
596 353 704 414 299
1735 399 1741 404 .
1910 339 2255 397 EUTHYMII
2303 339 2635 400 ZIGABENI
3837 341 3954 400 300

600 477 762 535 enim
788 475 901 532 hoc
917 486 1127 530 verum
1153 471 1327 537 esset,
1349 467 1515 526 nullo
1540 466 1723 524 modo
1753 466 2047 523 cruciatus
2073 465 2241 522 dives

2291 465 2318 520 λ
2352 473 2505 518 τοῦτο
2536 463 2596 524 ἧν
2646 464 2849 535 ἀληθὲς,
2899 465 2993 518 οὐκ
3051 465 3110 518 ἃν
3168 466 3580 540 βασανιζόμενος
3612 471 3638 520 ό
3694 469 3952 534 πλούσιος

599 567 829 624 orasset
855 561 1176 626 Abraham,
1197 565 1259 617 ut
1272 563 1556 616 Lazarum
1577 557 1829 613 mitteret
1849 556 1908 611 in
1922 555 2239 619 mundum,

2353 550 2518 606 ἐδεῖτο
2570 562 2661 606 τοῦ
2712 554 2966 626 Ἀϐραὰμ,
3032 554 3335 608 ἀποστεῖλαι
3411 561 3496 609 τὸν
3572 559 3813 633 Λάζαρον
3874 561 3953 622 εἰς

597 669 720 726 quo
753 651 1034 710 fratribus
1063 649 1185 706 suis
1213 647 1594 720 signiﬁcaret,
1620 661 1756 718 quae
1794 644 1952 701 circa
1989 659 2050 699 se
2082 659 2243 713 gere-

2351 645 2437 695 τόν
2511 647 2725 714 κόσμον,
2797 649 2887 695 καὶ
2961 647 3194 715 μηνύσαι
3271 653 3375 706 τοῖς
3459 643 3699 719 ἀδελφοῖς
3783 649 3950 702 αὐτοῦ

597 742 837 810 bantur,
861 739 967 798 sed
993 739 1122 813 ipse
1145 753 1254 812 per
1285 737 1551 810 seipsum
1572 734 1688 792 hoc
1717 734 1800 790 eis
1819 733 2155 790 indicasset.

2351 733 2417 783 τά
2457 733 2571 784 κατ’
2627 732 2802 802 αὐτὸν,
2859 731 2968 784 ἀλλ’
3021 733 3174 794 αὐτὸς
3223 730 3298 787 δι’
3346 734 3532 787 ἑαυτοῦ
3586 735 3836 808 ἐμήνυσεν
3887 738 3949 789 ἄν

2351 839 2543 882 αυτοις.

669 920 830 975 Vers.
885 916 976 974 28.
1015 915 1176 974 Saevi
1207 943 1277 958 --
1306 913 1452 970 Vers
1479 913 1568 969 29.
1602 911 1707 968 Dei
1726 911 1754 966 ?
1785 911 1935 978 Quia
1981 913 2039 966 et
2075 908 2243 964 disci-

2421 908 2652 962 Χαλεποὶ
2698 939 2766 948 -
2805 916 2976 976 Θεοῦ;
3037 906 3250 968 Ἐπειδὴ
3298 916 3387 964 καὶ
3439 915 3488 963 οἱ
3544 914 3799 984 μαθηταὶ,
3855 921 3949 968 καὶ

597 1006 726 1081 puli
753 1010 810 1063 et
848 1005 1035 1062 turbae
1082 1003 1388 1060 hominem
1432 1001 1636 1074 ipsum
1665 1000 1963 1063 dicebant,
1997 998 2244 1054 veniunt

2350 997 2400 1049 οὶ
2452 997 2604 1069 ὄχλοι
2659 999 2926 1070 ἄνθρωπον
2995 997 3147 1051 αὐτὸν
3204 1002 3393 1072 ἔλεγον,
3464 1003 3710 1074 ἔρχονται
3765 1004 3948 1056 λοιπὸν

597 1110 762 1152 nunc
782 1094 1098 1160 daemones,
1127 1090 1497 1149 divinitatem
1522 1089 1677 1145 illius
1704 1087 2111 1160 praedicantes.
2138 1087 2242 1142 Oc-

2350 1088 2398 1138 οἰ
2461 1082 2718 1158 δαίμονες,
2783 1086 3221 1161 ἀνακηρύττοντες
3293 1093 3388 1147 τὴν
3468 1091 3627 1143 αὐτοῦ
3692 1093 3940 1151 θεότητα.

598 1186 870 1241 currente
885 1181 1043 1238 enim
1071 1179 1186 1236 illis
1214 1179 1418 1236 divino
1439 1177 1628 1245 radio,
1652 1177 1850 1233 statim
1868 1191 2005 1231 eum
2023 1189 2238 1244 cogno-

2350 1173 2758 1247 Προσϐαλουσης
2806 1178 2907 1250 γὰρ
3005 1177 3181 1238 αὐτοῖς
3273 1185 3368 1240 τῆς
3461 1181 3632 1240 θεεκῆς
3715 1180 3948 1250 ἀκτῖνος,

596 1275 855 1342 verunt;
889 1276 1091 1326 etnon
1137 1267 1389 1324 ferentes
1433 1267 1704 1323 virtutem
1751 1265 2008 1336 impetus
2035 1262 2239 1320 invisi-

2351 1263 2500 1326 εὐθὺς
2597 1264 2889 1336 ἐπέγνωσαν
2964 1265 3154 1318 αὐτόν·
3231 1272 3319 1319 καὶ
3397 1271 3468 1339 μὴ
3552 1273 3782 1344 φέροντες
3852 1277 3948 1329 τὴν

595 1359 791 1417 biliter
809 1374 912 1415 eos
941 1357 1442 1421 inﬂammantem,
1475 1354 1888 1411 clamaverunt
1927 1353 2190 1408 dicentes
2223 1370 2235 1410 :

2351 1350 2582 1423 ἀοράτως
2657 1353 3006 1424 φλογίζουσαν
3062 1355 3249 1416 αὐτοὺς
3332 1352 3553 1428 δύναμιν
3616 1365 3710 1418 τῆς
3781 1378 3951 1432 προσ-

599 1448 756 1516 Οαίά
783 1447 941 1504 nobis
968 1452 1025 1503 et
1045 1445 1151 1502 tibi
1173 1446 1202 1500 ?
1223 1445 1337 1501 hoc
1360 1448 1470 1510 est,
1490 1445 1626 1509 Quae
1647 1447 1704 1499 et
1727 1445 1934 1498 nostra
1953 1439 2237 1513 potentia,

2350 1440 2524 1508 ϐολῆς,
2610 1441 2827 1513 ἔκραξαν
2909 1442 3136 1515 λέγοντες
3190 1461 3204 1475 ·
3289 1449 3352 1498 Τί
3433 1448 3556 1517 ἡμῖν
3637 1451 3728 1498 καὶ
3839 1453 3949 1517 σοί,

598 1537 650 1593 si
677 1535 757 1593 ad
786 1540 954 1592 tuam
981 1533 1318 1592 conferatur
1343 1534 1372 1589 ?
1398 1538 1462 1588 tu
1491 1532 1650 1588 enim
1677 1530 1832 1602 ignis
1871 1545 1936 1586 es
1966 1529 2241 1586 intolera-

2349 1535 2588 1584 τουτέστι
2623 1551 2636 1566 ’
2686 1537 2774 1592 Τίς
2829 1534 2860 1590 ἠ
2908 1534 3134 1606 ἡμετέρα
3189 1530 3411 1606 δύναμις
3461 1538 3591 1606 πρὸς
3647 1540 3740 1594 τὴν
3801 1541 3944 1602 σήνς

595 1623 757 1691 bilis,
780 1639 894 1681 nos
933 1626 1133 1682 autem
1163 1622 1368 1678 fenum
1405 1619 1568 1693 quod
1596 1619 1769 1677 facile
1800 1618 2166 1676 accenditur.

2351 1623 2417 1672 Σὺ
2498 1623 2588 1692 μὲν
2655 1623 2756 1694 γὰρ
2832 1628 2934 1695 πῦρ
3017 1623 3287 1685 ἄστεκτον,
3373 1619 3523 1694 ἡμεῖς
3609 1619 3670 1676 δε
3749 1628 3949 1697 χόρτος

2350 1707 2578 1780 εὐέμπρη
2587 1727 2721 1768 στος.

667 1804 828 1859 Vers.
869 1801 960 1858 29.
1022 1800 1238 1858 Venisti
1274 1830 1343 1841 —
1385 1813 1488 1854 nos
1516 1798 1544 1852 ?
1573 1796 1722 1862 Quia
1771 1795 2244 1868 deprehenderat
2271 1814 2315 1870 Β

2289 1814 2315 1870 3
2421 1795 2601 1856 Ἦλθες
2651 1827 2720 1837 --
2767 1798 2919 1867 ἡμᾶς.
2980 1793 3189 1856 Ἐπειδὴ
3263 1797 3534 1851 κατέλαϐεν
3602 1799 3809 1864 αὐτοὺς,
3893 1805 3950 1853 τὸ

597 1905 702 1948 eos
731 1894 1068 1948 creaturam
1085 1904 1256 1955 suam
1275 1887 1523 1944 omnino
1546 1884 1852 1958 tyrannice
1876 1889 2158 1940 vexantes
2171 1898 2240 1940 ac

2349 1884 2568 1956 πλάσμα
2621 1887 2680 1935 τὸ
2733 1885 2849 1954 (80)
2898 1883 3084 1937 ἑαυτοῦ
3139 1889 3292 1938 παντὶ
3339 1891 3514 1959 τρόπῳ
3569 1895 3952 1962 τυραννοῦντας

595 1978 933 2051 perdentes,
957 1980 1272 2049 peccatum
1300 1974 1548 2046 quidem
1577 1987 1796 2043 negare
1823 1987 1944 2028 non
1967 1975 2238 2043 possunt,

2349 1977 2436 2024 καὶ
2497 1969 2905 2046 διαφθείροντας,
2969 1972 3302 2045 ἀρνήσασθαι
3364 1978 3454 2047 μεν
3519 1979 3613 2034 τὴν
3685 1975 3951 2051 ἁμαρτίαν

595 2065 930 2138 quamdam
961 2069 1162 2120 autem
1193 2079 1391 2119 causae
1423 2077 1546 2117 suae
1589 2061 1998 2117 defensionem
2030 2065 2240 2132 praste-

2351 2061 2410 2112 οὐ
2475 2058 2742 2131 δύνανται,
2810 2060 3183 2133 προϐάλλονται
3256 2060 3317 2115 δέ
3391 2082 3506 2115 τινα
3563 2060 3949 2136 δικαιολογίαν,

594 2158 764 2221 xunt,
818 2153 984 2226 quod
1007 2167 1131 2209 non
1185 2167 1346 2208 nunc
1382 2165 1595 2223 pcenas
1637 2149 1781 2205 dare
1827 2149 2104 2214 debeant,
2137 2148 2242 2203 sed

2351 2150 2432 2202 ὅτι
2460 2149 2518 2200 οὐ
2547 2156 2634 2200 νῦν
2673 2149 2935 2220 ὀφείλουσι
2983 2146 3166 2202 δοῦναι
3214 2147 3389 2218 δίκην,
3424 2151 3530 2204 ἀλλ’
3576 2151 3624 2204 ἐν
3656 2161 3725 2223 τῷ
3779 2164 3951 2228 καιρῷ

597 2245 867 2315 tempore
895 2240 1242 2298 universalis
1270 2239 1496 2312 judicii,
1528 2243 1585 2295 et
1609 2239 1863 2308 graviter
1905 2236 2244 2293 discruciati

2352 2243 2448 2296 τῆς
2558 2241 2891 2309 παγκοσμίου
2986 2243 3226 2312 κρίσεως,
3338 2245 3427 2292 καὶ
3525 2237 3949 2305 δεινοπαθοῦντες

595 2331 802 2388 dicunt
827 2349 845 2402 ;
899 2330 1119 2386 Venisti
1148 2330 1285 2394 huc,
1326 2329 1388 2385 id
1424 2332 1513 2384 est
1546 2328 1606 2384 in
1654 2333 1898 2393 terram,
1930 2331 1996 2382 ut
2034 2326 2243 2399 afﬂgas

2351 2325 2588 2396 λέγουσιν
2635 2343 2646 2355 ·
2721 2326 2909 2388 Ἧλθες
2959 2324 3084 2392 ὧδε,
3158 2332 3425 2380 τουτέστιν
3499 2327 3581 2381 ἐπὶ
3651 2335 3746 2388 τὴν
3823 2341 3940 2402 γῆν,

595 2435 710 2477 nos
737 2425 873 2476 ante
910 2419 1222 2476 deﬁnitum
1254 2422 1493 2490 tempus
1520 2418 1548 2473 ?
1583 2415 1906 2472 Audierant
1948 2415 2244 2488 siquidem

2355 2411 2648 2486 βασανίσαι
2702 2415 2842 2486 ἡμᾶς
2893 2417 2993 2490 πρὸ
3048 2421 3141 2468 τοῦ
3210 2418 3496 2489 ὡρισμένου
3563 2426 3790 2490 καιροῦ;
3847 2424 3946 2471 Καὶ

597 2525 635 2566 a
661 2508 988 2581 prophetis,
1043 2506 1211 2579 quod
1239 2505 1504 2563 Christus
1533 2511 1664 2578 post
1709 2504 1922 2560 mundi
1967 2519 2246 2560 consum-

2351 2505 2453 2575 γὰρ
2506 2506 2695 2561 ἤκουον
2771 2506 2906 2577 καρά
2977 2512 3076 2556 τῶν
3149 2513 3443 2578 προφητῶν,
3497 2507 3578 2558 ὅτι
3633 2508 3659 2558 ό
3715 2511 3949 2581 Χριστὸς

596 2598 923 2655 mationem
955 2598 1346 2653 descensurus
1375 2599 1530 2652 esset
1580 2595 1642 2650 in
1679 2596 1918 2659 terram,
1969 2609 2041 2650 ac
2087 2593 2242 2665 judi-

2353 2592 2484 2663 μετά
2544 2595 2639 2649 τὴν
2688 2598 2779 2644 τοῦ
2828 2595 3029 2664 κόσμου
3084 2593 3371 2646 συντέλειαν
3460 2594 3627 2666 μέλλει
3686 2595 3949 2649 κατελθεῖν

601 2691 842 2743 eaturus
877 2685 1198 2751 mundum,
1229 2690 1285 2741 et
1308 2683 1640 2741 afﬁicturus
1671 2682 1996 2739 daemones.

2354 2679 2422 2740 εἰς
2461 2683 2554 2737 τὴν
2601 2686 2721 2750 γῆν,
2763 2684 2852 2732 καὶ
2893 2687 3067 2755 κρῖναι
3108 2683 3194 2734 τὸν
3245 2686 3460 2754 κόσμον,
3512 2688 3602 2736 καί
3655 2681 3949 2756 βασανίσαι

2352 2771 2470 2828 τοὺς
2497 2764 2765 2839 δαίμονας.

670 2864 964 2932 Vers.;30.
1013 2861 1171 2918 Erat
1215 2890 1285 2904 —
1329 2862 1392 2914 V.
1443 2861 1530 2916 31.
1589 2875 1914 2930 porcorum.
1968 2858 2244 2924 Quando-

2425 2864 2522 2917 Ἦν
2569 2861 2629 2917 δὲ
2679 2895 2746 2907 -
2803 2870 3017 2940 χοίρων.
3075 2871 3277 2925 Μηκέτι
3342 2864 3620 2941 δυνάμενοι
3697 2867 3941 2944 βλάπτειν

599 2949 846 3024 quidem
873 2950 1001 3021 jam
1046 2947 1375 3005 hominbus
1413 2963 1627 3004 nocere
1663 2963 1782 3004 non
1833 2951 2108 3020 possunt,
2167 2947 2246 3002 ad

2354 2957 2475 3014 τοὺς
2531 2951 2850 3024 ἀνθρώπους,
2905 2953 2988 3006 ἐπὶ
3040 2957 3104 3006 τά
3151 2964 3249 3007 τῶν
3300 2955 3580 3030 ἀνθρώπων
3638 2960 3751 3032 (81)
3802 2960 3943 3030 ἐτρά-

599 3037 965 3095 irrationalia
1015 3051 1148 3108 quas
1194 3036 1278 3091 illi
1327 3035 1639 3108 possident
1688 3039 2134 3100 convertuntur,
2188 3037 2248 3089 ut

2357 3060 2552 3110 πησαν,
2601 3045 2730 3112 πρὸς
2773 3038 3009 3108 ἔνδειξιν,
3061 3040 3123 3104 ἧς
3165 3046 3356 3114 ἔχουσι
3399 3048 3518 3099 καθ’
3547 3049 3690 3119 ἡμῶν
3739 3055 3947 3120 μανίας.

601 3125 949 3186 ostendatur
972 3124 1155 3192 furor,
1188 3140 1366 3196 quem
1392 3124 1677 3181 adversus
1714 3139 1826 3179 nos
1857 3127 2092 3194 gerunt.
2133 3126 2246 3179 Nec

2288 3157 2318 3214 Ξ
2359 3134 2458 3182 Καὶ
2489 3129 2546 3181 οὐ
2578 3136 2730 3182 τοῦτο
2765 3134 2938 3202 μόνον,
2973 3129 3100 3182 ἀλλά
3140 3137 3229 3184 καὶ
3273 3133 3439 3205 ἕτερόν
3486 3154 3536 3187 τι
3581 3146 3949 3208 μηχανῶνται,

600 3216 794 3274 solum
819 3215 954 3280 hoc,
1001 3229 1214 3270 verum
1265 3214 1442 3270 etiam
1471 3213 1624 3270 aliud
1654 3213 1986 3269 admodum
2021 3212 2246 3268 malum

2290 3212 2303 3214 _
2361 3214 2567 3292 σφόδρα
2594 3223 2832 3290 πονηρόν.
2879 3217 3144 3272 Μελετῶσι
3181 3223 3281 3294 γὰρ
3333 3220 3518 3274 ἀνελεῖν
3553 3228 3670 3286 τοὺς
3705 3233 3951 3300 χοίρους,

599 3303 1046 3363 machinantur.
1098 3301 1346 3360 Student
1367 3302 1528 3359 enim
1575 3317 1794 3374 porcos
1837 3301 2126 3367 occidere,
2187 3306 2250 3358 ut

2360 3307 2444 3359 ἵνα
2618 3306 2785 3378 ζημίᾳ
2852 3308 3046 3358 τούτων
3112 3307 3420 3370 λυπηθέντες
3495 3311 3544 3363 οἱ
3607 3321 3697 3374 τῆς
3762 3313 3957 3385 ἀγελης

599 3394 820 3452 horum
858 3392 1085 3449 damno
1135 3391 1468 3448 contristati
1519 3391 1748 3447 domini
1801 3391 1995 3462 gregis
2046 3390 2247 3447 Jesum

2357 3397 2551 3468 κύριοι,
2609 3398 2681 3465 μὴ
2739 3391 3130 3467 παραδέξωνται
3186 3399 3272 3448 τόν
3332 3398 3553 3465 Ἰησοῦν,
3611 3406 3697 3454 καὶ
3753 3403 3958 3472 ζημιω-

601 3497 725 3539 non
752 3480 1102 3552 suscipiant,
1127 3485 1183 3536 et
1207 3479 1308 3546 ita,
1341 3479 1646 3549 Evangelii
1675 3479 2095 3550 praedicatione
2125 3494 2250 3534 non

2363 3485 2494 3536 θῶσι
2571 3482 2820 3554 μάλιστα,
2893 3488 2964 3556 μὴ
3057 3481 3324 3558 δεξάμενοι
3390 3491 3448 3540 τὸ
3528 3495 3772 3564 κηρυγμα
3858 3503 3957 3547 τοῦ

601 3573 902 3640 suscepta,
942 3569 1204 3624 maximo
1229 3567 1552 3623 afﬁciantur
1579 3568 1818 3623 damno.
1870 3567 2098 3624 Etenim
2150 3583 2251 3624 ne-

2361 3570 2700 3642 Εὐαγγελίου.
2759 3574 2858 3625 Καὶ
2912 3574 3014 3646 γὰρ
3053 3571 3183 3626 οὐδ’
3247 3575 3647 3650 ἀπελαυνόμενοι
3699 3583 3959 3636 παύονται

604 3673 722 3730 que
750 3656 920 3728 ejecti
939 3658 1174 3712 cessant
1200 3669 1432 3711 nocere.
1468 3655 1615 3720 Quid
1645 3669 1787 3725 ergo
1821 3655 2084 3711 Christus
2119 3658 2146 3710 ?

1664 3669 1787 3725 ergo
1821 3655 2084 3711 Christus
2119 3658 2146 3710 ?
2359 3667 2452 3712 τοῦ
2493 3658 2760 3731 βλάπτειν.
2801 3665 2864 3713 Τί
2894 3658 2980 3712 οὖν
3007 3663 3032 3713 ό
3063 3667 3325 3735 Χριστός;

677 3748 839 3802 Vers.
859 3744 948 3802 31.
962 3744 1042 3801 Et
1061 3774 1133 3786 —
1146 3745 1204 3799 in
1223 3745 1414 3815 aquis.
1441 3743 1660 3801 Videns
1681 3742 1972 3800 malitiam
1991 3744 2248 3815 illorum,

2433 3751 2532 3801 Καὶ
2589 3779 2656 3789 -—
2703 3747 2754 3800 ἓν
2807 3755 2916 3810 τοῖς
2971 3747 3184 3806 ὕδασιν.
3247 3749 3412 3814 Εἰδὼς
3481 3759 3572 3813 τὴν
3631 3764 3961 3831 πανουργίαν

604 3849 741 3892 cum
769 3849 892 3891 non
939 3833 1238 3904 ignoraret
1261 3833 1409 3906 quid
1461 3836 1776 3900 tentarent,
1831 3833 2120 3904 permittit
2170 3838 2250 3891 ta-

2363 3837 2549 3902 αὐτῶν,
2599 3840 2688 3888 καὶ
2735 3841 2805 3908 μὴ
2858 3835 3070 3908 ἀγνοῶν,
3131 3839 3157 3889 ὃ
3215 3839 3510 3911 μελετῶσιν9
3565 3846 3701 3914 ὅμως
3754 3846 3964 3920 ἐπιτρέ-

603 3939 764 3990 men,
796 3939 918 3980 non
949 3925 1018 3984 ut
1063 3923 1176 3979 illis
1234 3923 1622 3995 complaceat,
1659 3925 1765 3979 sed
1819 3923 2252 3994 dispensatorie

2361 3945 2466 3991 πει,
2519 3924 2580 3976 οὗ
2632 3925 2979 3997 χαριζόμενος
3029 3925 3259 3997 ἐκείνοις,
3307 3929 3412 3980 ἀλλ’
3451 3931 3729 4004 οἰκονομῶν
3783 3936 3960 4009 ἔτερα,

605 4013 724 4072 alia
745 4011 1353 4082 intendensﬂprimum
1377 4015 1442 4066 ut
1470 4011 1775 4068 discanthi
1796 4012 1900 4082 qui
1928 4011 2254 4068 liberantur

2364 4013 2412 4066 ἓν
2465 4015 2574 4084 μὲν,
2646 4014 2727 4064 ἱνα
2780 4010 2974 4086 διδάξῃ
3029 4018 3148 4077 τοὺς
3207 4015 3606 4091 ἀπαλλαγέντας,
3659 4024 3815 4085 ὅσους
3867 4034 3964 4080 καὶ

605 4106 754 4173 quot
782 4105 839 4155 et
869 4099 1078 4171 quales
1115 4099 1431 4155 habuerint
1459 4099 1908 4162 inhabitatores,
1941 4099 2152 4155 deinde
2191 4105 2254 4157 ut

2364 4103 2500 4161 οἴους
2544 4100 2686 4172 εἶχον
2739 4100 2995 4162 ἐνοίκους·
3047 4104 3213 4163 ἕτερον
3249 4101 3325 4169 δὲ,
3359 4107 3441 4158 ἶνα
3491 4111 3700 4180 μάθωσι
3747 4115 3962 4178 πάντες,

609 4187 807 4243 sciant
846 4201 1057 4244 omnes
1097 4185 1263 4258 quod
1305 4200 1499 4256 neque
1543 4185 1605 4241 in
1651 4201 1868 4257 porcos
1913 4186 2254 4258 immigrare

2365 4191 2445 4242 ὅτι
2494 4186 2615 4241 οὐδὲ
2645 4195 2854 4264 χοίροις
2888 4188 3220 4250 ἕπιπηδῆσαι
3270 4191 3536 4262 δύνανται,
3586 4198 3627 4250 εἰ
3669 4205 3740 4271 μὴ
3791 4221 3962 4277 παρα-

608 4278 873 4349 possent,
916 4274 1029 4329 nisi
1068 4274 1178 4330 illis
1223 4274 1350 4346 ipse
1383 4275 1760 4344 permitteret,
1811 4274 2048 4331 tertium
2091 4278 2256 4348 quod

2366 4281 2593 4348 χωρήσῃ
2634 4281 2837 4338 τούτοις
2885 4280 3072 4340 αὐτός·
3105 4285 3296 4353 τρίτον,
3347 4285 3426 4334 ὅτι
3473 4285 3812 4361 χαλεπώτερα
3863 4274 3963 4343 τῶν

611 4363 906 4419 atrociora
943 4362 1003 4418 in
1041 4361 1152 4418 illis
1191 4369 1530 4419 exercerent
1569 4379 1754 4434 quam
1799 4363 1858 4418 in
1898 4365 2114 4436 porcis,
2145 4364 2257 4419 nisi

2366 4370 2563 4436 χοίρων
2616 4365 2824 4428 ἐκείνοις
2879 4366 2938 4419 ἃν
2990 4369 3296 4440 εἰργάσαντο
3363 4375 3584 4439 πάντως,
3641 4376 3684 4427 εἱ
3750 4383 3820 4449 μὴ
3873 4388 3963 4434 καὶ

610 4451 792 4508 etiam
819 4452 880 4506 in
925 4467 991 4506 eo
1021 4451 1181 4523 quod
1223 4451 1528 4524 tyrannice
1568 4455 1771 4520 agunt,
1816 4467 1851 4508 a
1889 4453 2008 4508 Deo
2066 4452 2260 4524 impe-

2298 4504 2336 4539 Π
2369 4452 2415 4504 ἐν
2456 4453 2594 4524 αὐτῷ
2645 4463 2717 4524 τῷ
2765 4464 3026 4530 τυραννεῖν
3068 4456 3454 4528 ἀνεχαιτίζοντο
3493 4466 3636 4536 παρὰ
3675 4474 3764 4516 τοῦ
3805 4475 3959 4539 Θεοῦ,

610 4539 900 4605 direntur,
935 4555 1054 4596 non
1078 4540 1350 4610 permissi
1375 4539 1568 4596 facere
1594 4555 1730 4612 quae
1746 4540 1976 4596 volunt.
2011 4540 2260 4600 Cuilibet

2300 4539 2335 4560 ν
2368 4546 2457 4594 καὶ
2511 4542 2568 4594 οὗ
2625 4552 3014 4618 συνεχωροῦντο
3079 4553 3241 4597 ποιεῖν
3302 4550 3402 4600 ὅσα
3440 4548 3736 4620 βούλονται.
3802 4561 3961 4607 Παντὶ

612 4627 772 4686 enim
801 4627 1186 4685 manifestum
1223 4633 1311 4686 est
1347 4629 1511 4701 quod
1538 4629 1812 4686 homines
1850 4631 2044 4700 magis
2072 4646 2259 4703 quam

2369 4633 2469 4705 γὰρ
2521 4628 2698 4696 δῆλον,
2747 4634 2826 4683 ὅτι
2864 4635 2987 4694 τοὺς
3035 4632 3335 4706 ἀνθρώπους
3377 4637 3546 4690 πλεῖον
3597 4650 3815 4712 μισοῦσι
3863 4652 3959 4693 τῶν

611 4714 980 4773 irrationalia
1028 4716 1296 4785 oderunt,
1328 4731 1466 4772 cum
1511 4717 1691 4773 etiam
1722 4717 2088 4776 irrationalia
2128 4734 2261 4787 pro-

2372 4719 2590 4790 ἀλόγων,
2647 4719 2754 4772 ἐπεὶ
2820 4726 2908 4773 καὶ
2959 4724 3024 4774 τά
3100 4723 3265 4794 άλογα
3315 4722 3408 4778 διὰ
3487 4733 3602 4789 τοὺς
3666 4729 3958 4801 ἀνθρώπους

611 4808 745 4878 pter
784 4804 1060 4862 homines
1101 4805 1349 4877 perdere
1399 4805 1694 4873 studeant,
1751 4812 1807 4862 et
1872 4823 1978 4880 per
2023 4807 2262 4865 illorum

2373 4811 2661 4882 φθείρουσι,
2710 4806 3014 4870 σπεύδοντες
3061 4816 3150 4862 καὶ
3200 4809 3294 4864 διά
3342 4823 3435 4876 τῆς
3490 4821 3683 4870 τούτων
3718 4817 3964 4880 ἀπωλείας

611 4893 1012 4964 perditionem
1077 4894 1170 4949 his
1223 4895 1438 4950 inferre
1513 4896 1831 4951 tristitiam.
1916 4898 2136 4961 Quarto
2198 4902 2265 4954 ut

2372 4897 2548 4950 λυπεῖν
2642 4898 2831 4960 αὐτούς
2865 4916 2876 4928 ’
2961 4903 3222 4974 τέταρτον,
3311 4903 3391 4954 ἵνα
3475 4906 3499 4956 ό
3583 4909 3798 4971 θάνατος
3867 4918 3967 4961 τῶν

613 4995 778 5037 mors
815 4997 1134 5053 porcorum
1181 4981 1460 5040 omnibus
1500 4982 1881 5040 conﬁrmaret
1923 4984 2111 5041 exisse
2141 4983 2267 5042 dae-

2374 4990 2573 5059 χοίρων
2635 4985 2908 5062 βοϐαιώση
2987 4989 3207 5059 πάντας,
3273 4992 3353 5044 ὅτι
3415 4991 3623 5055 ἐξῆλθον
3681 4999 3730 5050 οἱ
3786 4993 3973 5072 δαίμο-

615 5081 843 5125 mones.
2375 5092 2474 5136 νες.

1847 5252 2072 5324 Variae
2104 5254 2436 5326 lectiones
2465 5260 2532 5325 et
2569 5263 2766 5326 notae.

687 5439 1618 5541 £§9212W};steterim”
1782 5535 1808 5541 _
1855 5535 1881 5541 _
1924 5526 1936 5541 .
1986 5517 2021 5541 ..
2141 5519 2194 5541 ..

2367 5453 2843 5541 intell."_xeiauara
2885 5463 2973 5541 καὶ
3003 5465 3270 5541 κτήματα,
3312 5464 3643 5541 Hoc_loco,_
3682 5471 3802 5530 τοὺς
3851 5467 3981 5541 χόί-

689 5513 941 5610 εθίὶηῖεὶῖ
981 5513 1311 5610 2529213-
1340 5519 1620 5610 .Hsnﬁenii
1660 5517 2066 5610 ίξεθνιὶνθιεξίίρ
2101 5519 2264 5610 ride-

2367 5541 2510 5610 ρους.
2536 5513 2744 5610 Vicina
2762 5513 3771 5610 νοοεώιιιὰίὲάόίημξῖξάἐῖέιῖἆιιίί
3782 5513 3980 5599 ’θῑῗὲίπι

616 5584 719 5647 tur
767 5584 947 5646 etiam
981 5584 1284 5665 postulare
1330 5590 1637 5667 ἀνθρώπων.
1684 5596 1762 5650 Τὰ
1795 5584 1896 5651 τῶν
1954 5594 2262 5673 ἀνθρώπων,

1225 5607 1284 5652 re
1330 5590 1637 5667 ἀνθρώπων.
1684 5596 1762 5650 Τὰ
1795 5584 1896 5651 τῶν
1954 5594 2262 5673 ἀνθρώπων,
2367 5584 2526 5657 hanc
2548 5584 2886 5661 Ιοοιίσηόέῐί.
