4206 6310
151 362 240 423 301

148 582 532 641 Μελετήσαντες
595 585 696 655 ’γὰρ
762 579 984 652 βλάψαι,
1061 579 1229 632 πλεῖον
1283 578 1594 647 ἐϐλάϐησαν,
1658 585 1746 632 καὶ

149 671 468 736 τούναντίον,
525 671 584 722 οὔ
668 669 945 729 ἐϐούλοντο,
1001 668 1222 739 γέγονεν.
1320 668 1601 740 Ἐξελαμψε
1657 670 1745 739 μὲν

148 762 245 833 ’γὰρ
278 761 308 815 ἡ
367 768 463 811 τοῦ
520 765 753 833 Χριστοῦ
793 754 1031 829 δύναμις·
1080 758 1312 828 ἠλέγχθη
1367 753 1425 808 0'“;
1474 759 1664 808 τούτων
1713 757 1742 812 ἡ

154 846 394 900 ἀσθένεια
470 854 554 899 καί
603 849 633 904 ἠ
716 850 956 918 πονηρία.
1018 848 1159 897 Κατά
1234 853 1324 897 τοῦ
1393 852 1622 918 κρημνοῦ
1689 840 1748 896 δὲ

154 938 390 1007 ὥρμησεν
423 939 451 993 η
512 934 666 1006 ἀγέλη
717 935 784 994 εἰς
840 939 932 991 τὴν
993 933 1277 998 θάλασσαν,
1327 932 1436 985 ἀντὶ
1484 941 1596 999 τοῦ,
1656 929 1748 984 διὰ

158 1032 245 1075 τοῦ
305 1032 553 1098 κρημνοῦ.
614 1026 827 1097 Μάρκος
900 1019 960 1075 δε
1026 1028 1116 1075 καὶ
1203 1026 1288 1074 τὸν
1364 1020 1581 1093 ἀριθμὸν
1647 1030 1745 1073 τῶν

168 1117 360 1185 χοίρων
415 1112 642 1183 ἔγραψεν,
699 1113 779 1163 ὄτι
830 1108 964 1168 ἦσαν
1021 1114 1089 1172 ὡς
1142 1108 1425 1182 δισχίλιοι.
1477 1114 1542 1162 Συ
1575 1107 1635 1162 δέ
1657 1128 1746 1180 μοι

168 1201 270 1251 νόει
317 1205 405 1252 καὶ
461 1204 586 1251 κατά
649 1198 942 1271 ἀναγωγὴν,
994 1200 1072 1251 ὃτι
1124 1199 1173 1251 οἰ
1217 1196 1452 1271 δαίμονες
1510 1197 1609 1250 ἀπὸ
1659 1200 1746 1269 μὲν

163 1296 261 1339 τῶν
321 1287 589 1361 ἀνθρώπων
656 1287 1003 1351 ἐκϐάλλονται,
1085 1287 1215 1358 λέγω
1286 1284 1375 1352 δὴ,

160 1375 543 1447 βοηθουμένων·
585 1384 695 1438 τοῖς
774 1373 832 1428 δὲ
893 1380 1097 1449 χοίροις
1164 1375 1483 1446 ἐφάλλονται,
1535 1370 1742 1431 δηλαδή

156 1471 261 1524 τοῖς
295 1462 491 1533 ἀλόγως
537 1462 917 1535 ἐγκυλιομένοις
980 1472 1051 1534 τῷ
1111 1462 1348 1538 βορϐόρῳ
1396 1471 1492 1515 τῶν
1523 1460 1744 1527 ἡδονῶν,

153 1556 240 1603 καὶ
264 1554 782 1626 κατακρημνίζουσιν
816 1552 999 1612 αὐτοὺς
1026 1553 1094 1614 εἰς
1128 1551 1399 1604 ἀπώλειαν.

1461 1294 1559 1337 τὼν
1611 1286 1746 1356 λόγῳ

222 1642 287 1691 Οἱ
340 1637 399 1691 δὲ
474 1671 543 1682 -
594 1642 787 1696 πάντα,
876 1639 1096 1712 Ἕφυγον
1151 1639 1467 1711 φοϐηθέντες,
1535 1643 1604 1710 μὴ
1660 1643 1749 1691 καὶ

151 1728 336 1789 αὐτοὺς
388 1727 635 1780 ἀνέλωσιν
710 1729 759 1780 οἰ
810 1733 932 1789 τοὺς
999 1732 1215 1801 χοίρους
1273 1728 1441 1780 αὐτῶν
1495 1726 1751 1787 ἀνελόντες

1118 360 1479 423 COMNENT.
1529 364 1598 421 IN
1649 360 2091 423 MATTHASUM.
2137 398 2199 409 --
2242 366 2397 423 CAP.
2443 367 2534 424 IX.

217 498 318 547 Kal
369 495 471 566 ὅρα
532 495 793 564 πάνσοφον
848 490 1260 563 ἀντιμηχανημα
1329 499 1420 543 τοῦ
1479 498 1735 561 Σωτῆρος.
1778 491 1822 545 Α

3409 368 3516 424 302

1927 497 1986 546 Et
2016 491 2146 548 vide
2187 493 2688 565 sapientissimam
2722 493 3044 549 Salvatoris
3081 492 3510 563 cogitationem

1856 581 2212 651 oppositam.
2244 585 2390 637 Nam
2422 597 2634 636 nocere
2656 582 2945 649 volentes,
2977 584 3168 653 magis
3192 581 3301 654 ipsi
3330 599 3514 639 nocu-

1859 673 2124 725 mentum
2182 677 2555 741 acceperunt.
2619 670 2927 742 Siquidem
2987 670 3191 726 Christi
3250 672 3511 742 potentia

1857 757 2456 829 apparuit,etillorum
2471 758 2844 815 imbecillitas
2857 775 2925 815 ac
2940 758 3164 815 malitia
3176 760 3507 830 deprehen-

1858 861 1924 901 sa
1953 850 2061 902 est.
2092 848 2199 901 Per
2224 863 2491 919 praeceps
2516 853 2714 904 autem
2740 847 3037 904 ferebatur
3062 864 3204 919 grex
3231 848 3289 903 in
3320 865 3509 906 mare-

1859 934 1964 989 hoc
2022 942 2127 999 est,
2197 937 2635 1009 praecipitanter
2668 941 2723 993 et
2781 937 2935 993 facto
2976 937 3220 1007 impetu.
3282 940 3506 994 Marcus

1858 1039 1997 1079 vero
2050 1040 2364 1081 numerum
2419 1027 2595 1083 etiam
2648 1041 2970 1097 porcorum
3030 1025 3282 1099 scripsit,
3340 1026 3508 1098 quod

1857 1118 2024 1168 erant
2054 1112 2170 1169 fere
2207 1113 2301 1169 bis
2332 1114 2556 1171 mille“.
2586 1118 2668 1171 Tu
2698 1130 2941 1187 quoque
2972 1115 3121 1170 mihi
3151 1130 3258 1187 per
3282 1130 3504 1186 anago-

1857 1216 1971 1270 gen
2000 1200 2275 1272 intellige,
2314 1205 2478 1276 quod
2515 1204 2821 1260 daemones
2860 1204 3169 1275 ejicientur
3201 1204 3276 1260 ab
3315 1203 3508 1261 homi-

1857 1289 2057 1358 nibus,
2106 1292 2327 1362 quibus
2375 1308 2648 1348 sermone
2703 1294 2833 1364 (nn)
2879 1293 3256 1350 succurritur.
3311 1293 3508 1362 Ingre-

1856 1378 2101 1434 diuntur
2119 1385 2317 1436 autem
2344 1397 2578 1452 porcos,
2599 1398 2700 1437 eos
2733 1381 3507 1453 videlicetquiirrationabi-

1860 1466 1989 1523 liter
2027 1475 2473 1536 conservantur,
2508 1474 2565 1525 et
2602 1472 2663 1525 in
2697 1485 2869 1525 caeno
2913 1471 3289 1540 voluptatum
3340 1470 3507 1526 volu-

1858 1559 2077 1621 tantur,
2110 1572 2177 1611 ac
2199 1556 2329 1612 illos
2356 1558 2416 1612 in
2441 1558 2833 1629 perditionem
2863 1558 3252 1630 praecipitant.

1931 1647 2086 1699 Vers.
2111 1649 2196 1700 33.
2228 1646 2336 1710 Qui
2366 1676 2433 1687 —-
2461 1646 2674 1702 omnia.
2704 1648 3002 1717 Fugerunt
3023 1647 3315 1714 timentes,
3340 1662 3415 1703 ne
3440 1662 3504 1703 se

1858 1732 2076 1804 pariter
2106 1734 2437 1790 occiderent
2465 1735 2793 1800 daemones,
2826 1736 2928 1808 qui
2960 1752 3099 1792 suos
3129 1739 3507 1808 peremerant

151 1814 418 1888 δαίμονες.
490 1818 830 1888 Ἀπὴγσγειλαν
906 1814 963 1869 δὲ
1028 1819 1215 1880 πάντα,
1291 1813 1498 1875 δηλαδὴ
1555 1819 1620 1869 τά
1660 1816 1748 1889 ῥη-

1872 1836 2091 1893 porcos.
2136 1823 2643 1879 Renuntiaverunt
2670 1828 2871 1880 autem
2902 1824 3107 1880 omnia
3140 1839 3276 1895 quae
3328 1841 3365 1881 a
3390 1825 3506 1880 dee-

153 1910 314 1971 θέδτα,
360 1908 513 1979 παρά
563 1925 611 1958 τε
657 1915 756 1958 τῶν
815 1904 1095 1978 δαιμόνων,
1143 1910 1232 1957 καὶ
1286 1908 1427 1973 παρά
1478 1912 1569 1957 τοῦ
1629 1914 1753 1980 Χρι-

152 2002 257 2061 τοῡ,
286 2000 374 2046 καὶ
398 1997 474 2046 τὰ
497 2002 585 2055 τῆς
618 1993 871 2055 ἀπωλείας
900 2003 999 2045 τῶν
1024 1999 1241 2066 χοίρων.

222 2088 320 2136 Καὶ
373 2085 442 2134 τὰ
521 2114 588 2124 —
660 2080 1121 2154 δαιμονιζομένων.
1192 2086 1267 2135 Τὰ
1322 2090 1414 2144 τῆς
1468 2081 1748 2155 μεταϐολῆς

155 2177 238 2223 καὶ
258 2172 551 2243 εὐκοσμίας
581 2171 769 2226 αὐτῶν.

226 2265 321 2313 Καὶ
360 2257 490 2312 ἰδοὺ
558 2291 625 2299 --
688 2260 890 2317 Ἰησοῦ.
940 2259 1170 2334 Ἦρχετο
1221 2262 1322 2333 γὰρ
1387 2258 1590 2333 [αὐτὸς
1637 2260 1747 2332 (82)

163 2348 357 2407 ἐπιτήν
413 2349 612 2419 πόλιν].
665 2355 820 2401 Πᾶσα
871 2346 929 2401 δὲ
966 2350 995 2406 ἡ
1039 2348 1208 2419 πόλις,
1261 2348 1372 2401 ἀντὶ
1403 2357 1516 2417 τοῦ,
1566 2350 1751 2410 πάντες

166 2439 208 2487 οὗ
238 2437 434 2490 πολῖται
482 2438 614 2507 (83).

238 2531 333 2578 Kal
386 2557 455 2567 —
509 2526 696 2580 αὐτῶν.
753 2528 1077 2588 Λυπηθέντες
1129 2530 1241 2599 μὲν,
1281 2529 1346 2587 ὡς
1401 2534 1625 2600 εἰρηται,
1664 2533 1753 2581 καὶ

165 2610 257 2665 διὰ
303 2620 391 2672 τὴν
444 2613 698 2666 ἀπώλειαν
755 2622 854 2667 τῶν
911 2620 1128 2689 χοίρων,
1163 2618 1233 2667 ἔτι
1283 2612 1341 2667 δὲ
1390 2621 1480 2668 καὶ
1511 2615 1753 2687 φοϐηθέν-

160 2722 260 2767 τες,
337 2706 398 2764 ὠς
442 2705 472 2755 6
532 2709 741 2765 Λουκᾶς
816 2702 967 2756 εἶπεν·
1041 2701 1395 2756 ἐδεδοίκεισαν
1449 2708 1572 2778 γὰρ,
1628 2711 1753 2777 μήτι

160 2795 311 2843 κακόν
405 2797 500 2844 καὶ
584 2793 649 2852 εἰς
726 2792 910 2852 αὐτοὺς
967 2794 1014 2843 οἱ
1094 2792 1335 2854 δαίμονες
1435 2792 1754 2854 ἐκϐληθέντες

165 2877 450 2951 δράσωσιν.
486 2880 543 2932 Ὀ
584 2878 640 2932 δὲ
703 2885 933 2953 Χριστός
984 2881 1136 2942 εὐθὺς
1191 2883 1504 2939 ὑπήκουσεν.
1540 2881 1613 2933 Οὐ
1652 2885 1753 2955 γὰρ

168 2965 299 3025 ἦσαν
352 2970 492 3031 ἄξιοι
545 2977 630 3029 τῆς
688 2969 846 3021 αὐτοῦ
923 2965 1293 3032 διδασκαλίας.

405 2797 500 2844 καὶ
584 2793 649 2852 εἰς
726 2792 910 2852 αὐτοὺς
967 2794 1014 2843 οἱ
1094 2790 1335 2864 δαίμονες

1371 2969 1513 3041 "Apta
1561 2966 1619 3023 δὲ
1666 2976 1754 3023 καὶ

163 3056 425 3109 κατελιπεν
496 3056 661 3119 αὐτοῖς
747 3054 1105 3119 διδασκάλους
1182 3062 1303 3118 τοὺς
1376 3057 1753 3130 ἀπαλλαγέντας

158 3153 255 3196 τῶν
283 3143 545 3218 δαιμόνων
577 3151 663 3199 καὶ
694 3150 815 3208 τοὺς
846 3146 1080 3206 συϐωτας
1106 3148 1241 3217 (84).
1787 3189 1827 3245 C

1197 3232 1361 3287 ’ἰδίαν
1408 3235 1556 3287 πόλιν
1597 3236 1753 3288 αὐτοῦ

152 3328 244 3381 τὴν
304 3325 659 3396 Καπερναοὺμ
734 3323 890 3394 λέγει.
957 3329 1055 3376 Καὶ
1127 3326 1227 3397 γὰρ
1294 3326 1323 3381 η
1380 3327 1470 3395 μὲν
1530 3326 1756 3397 Βηθλεὲμ

153 3415 354 3483 ἤνεγκεν
383 3412 563 3464 αὐτόν·
598 3414 627 3471 ἡ
685 3409 743 3465 δὲ
795 3415 1033 3485 Ναζαρὲτ
1086 3411 1318 3485 ἔθρεψεν·
1360 3414 1388 3470 ἡ
1449 3409 1506 3465 δὲ
1548 3419 1755 3485 Καπερ-

153 3504 313 3573 ναοὺμ
339 3508 489 3573 εῖχεν
521 3500 592 3560 εἰς
624 3504 681 3552 τὸ
712 3500 823 3563 ἑξῆς
858 3501 1115 3553 οἰκοῦντα.

474 3595 625 3645 ΚΕΦ.
667 3589 763 3641 ΙΓ’.
799 3595 920 3663 Περὶ
945 3597 1037 3642 τοῦ
1066 3588 1435 3662 παραλυτικοῦ.

224 3683 323 3732 Kal
380 3676 507 3731 ἰδοὺ
552 3709 621 3718 --
699 3676 1034 3749 βεϐλημένον,

152 3766 351 3842 Ἐϐραῖς
408 3768 601 3823 τίθησι
673 3770 868 3839 γραφὴ,
947 3770 1011 3827 ὡς
1094 3766 1310 3838 ἰδίωμα,
1387 3769 1615 3841 καθάπερ
1669 3772 1758 3818 καὶ

153 3857 312 3909 πολλά
366 3859 542 3928 ἕτερα.
628 3858 891 3927 Προσὴκει
960 3851 1018 3906 δὲ
1067 3854 1242 3920 εἰπεῖν,
1302 3857 1381 3907 ὅτι
1435 3856 1546 3927 (85)
1595 3858 1758 3929 ἕτερός

156 3942 292 3997 ἔστιν
348 3947 375 3997 ὁ
432 3942 790 4016 παραλυτικὸς
845 3943 991 4005 οὗτος
1043 3946 1187 4015 ποιρά
1236 3946 1322 3995 τὸν
1371 3945 1469 3995 ὑπὸ
1523 3945 1758 3997 Ἰωάννου

157 4038 621 4106 μνημονευόμενον.
707 4030 928 4093 Ἐκεῖνος
994 4034 1084 4103 μὲν
1145 4034 1242 4105 ’γὰρ
1297 4030 1345 4083 ἓν
1397 4039 1459 4104 τῇ
1518 4029 1763 4090 Βηθεσδά

158 4126 443 4175 κατέκειτο⁸
531 4121 681 4182 οὗτος
743 4117 803 4172 δὲ
872 4118 922 4171 ἐν
987 4127 1049 4192 τῇ
1112 4117 1454 4194 Καπερνοξούμ
1505 4117 1585 4179 ἧν.
1662 4127 1761 4174 Καὶ

162 4211 187 4261 6
238 4210 330 4283 μέν
396 4212 677 4283 τριάκοντα
717 4213 807 4260 καὶ
868 4208 1000 4261 ὀκτὼ
1059 4206 1197 4280 εἶχεν
1258 4211 1367 4266 ἔτηο
1413 4213 1529 4283 περὶ
1575 4212 1760 4263 τούτου

166 4294 223 4349 δὲ
269 4295 424 4350 οὐδὲν
471 4306 702 4351 τοιοῦτον
782 4300 1076 4369 ἱστόρηται,
1136 4301 1236 4350 Καὶ
1280 4299 1306 4348 6
1357 4296 1446 4369 μέν
1481 4298 1572 4350 οὐκ
1623 4297 1762 4370 εἶχεν

166 4386 460 4457 ἄνθρωπον·
548 4386 699 4445 οὗτος
764 4382 822 4438 δέ
894 4382 1006 4457 εἶχε
1061 4388 1180 4447 τοὺς
1229 4383 1609 4457 βαστάζοντας.
1663 4392 1763 4439 Καὶ

168 4476 338 4543 τούτῳ
407 4477 495 4543 μέν
575 4492 641 4545 φη
651 4490 751 4525 σιν·

175 4577 293 4612 σου⁸
387 4562 553 4631 ἐκείνῳ
638 4557 717 4627 6‘s,

228 3240 326 3288 Kal
380 3266 451 3275 —-
501 3235 566 3295 εἰς
616 3240 708 3293 τὴν
770 3232 908 3286 ἰδίαν
960 3235 1126 3289 πόλιν.

1121 3682 1191 3730 Τό
1257 3674 1371 3730 ἰδοὺ
1441 3686 1671 3749 συνεχῶς
1723 3681 1752 3737 ἡ

947 3770 1011 3827 ὡς
1094 3762 1310 3838 ἰδίωμα,

843 4474 1121 4546 Ἀφέωνταί
1202 4492 1286 4526 σοι
1367 4476 1421 4526 αἱ
1509 4474 1763 4549 ἁμαρτίαι

803 4562 972 4623 Θέλεις
1037 4564 1194 4633 ὑγιὴς
1278 4565 1581 4633 γενέσθαι;
1664 4569 1764 4616 Kal

174 4650 265 4699 τὸν
311 4650 403 4720 μὲν
457 4648 503 4700 ἐν
564 4648 807 4722 Σαϐϐάτῳ
862 4652 1219 4722 τεθεράπευκε,
1281 4647 1366 4703 διὸ
1407 4655 1497 4703 καὶ
1550 4650 1766 4722 ἐγόγγυ-

176 4737 262 4798 ζον
320 4734 586 4792 Ἰουδαῖον
643 4745 822 4792 τοῦτον
894 4736 953 4793 δὲ
995 4740 1109 4792 κατ’
1164 4738 1322 4798 ἄλλην
1395 4741 1613 4814 ἡμέραν,
1680 4736 1764 4793 διὸ

172 4831 260 4880 καὶ
290 4825 440 4899 ἔσίγη
450 4846 568 4885 σαν.

243 4952 289 4989 ⁸⁸
319 4951 495 5009 Marc.
527 4967 583 5022 ν,
616 4952 699 5008 l3.
806 4954 849 4987 ⁸⁷
882 4951 1020 5007 Luc.
1054 4968 1174 5020 Vlll,
1198 4952 1286 5008 35.
1366 4952 1413 4988 ⁸⁸
1443 4953 1614 5007 Joan.
1654 4966 1703 5018 ν,
1736 4951 1787 5007 5.

1860 1910 2141 1967 monibus
2181 1914 2238 1965 et
2291 1926 2327 1966 a
2376 1910 2600 1967 Christo
2652 1911 2811 1968 dicta
2860 1912 3113 1982 fuerant,
3144 1928 3214 1969 ac
3265 1912 3340 1968 de
3378 1928 3507 1984 per-

1858 1998 2081 2054 ditione
2109 2014 2441 2070 porcorum.

1928 2086 2087 2141 Vers.
2115 2086 2203 2142 33.
2231 2086 2310 2142 Et
2329 2102 2456 2158 quae
2479 2117 2543 2127 —
2563 2087 2956 2145 daemoniacis.
2983 2087 3063 2143 De
3091 2087 3507 2145 immutatione

1859 2180 1916 2231 et
1942 2176 2195 2231 honesta
2223 2176 2520 2233 modestia
2549 2176 2842 2248 ipsorum.

1928 2266 2090 2320 Vers.
2124 2265 2212 2320 34.
2250 2265 2329 2320 Et
2357 2279 2487 2321 ecce
2537 2296 2603 2306 -—
2650 2267 2806 2321 Jesu.
2858 2265 3143 2322 Veniebat
3173 2266 3335 2321 enim
3379 2267 3507 2338 ipse

1860 2353 1939 2409 ad
1969 2353 2285 2410 civitatem.
2317 2355 2402 2423 -H-
2443 2354 2644 2410 Omnis
2673 2359 2873 2411 autem
2912 2355 3115 2411 civitas
3154 2370 3264 2427 pro
3295 2370 3505 2411 omnes

1860 2457 2034 2497 ClVeS.

1935 2533 2069 2586 Vers
2108 2532 2195 2586 34.
2243 2532 2319 2587 Et
2372 2563 2441 2571 —
2483 2533 2766 2601 ipsorum.
2822 2532 3113 2603 Dolentes,
3168 2538 3233 2589 ut
3283 2533 3509 2590 dictum

1862 2624 1967 2685 est,
2032 2620 2105 2674 de
2157 2619 2487 2691 perditione
2543 2636 2880 2692 porcorum,
2939 2637 3008 2677 ac
3067 2622 3247 2678 etiam
3312 2621 3513 2686 territi,

1862 2712 1929 2763 ut
1952 2707 2098 2763 dixit
2120 2708 2358 2764 Lucas“
2392 2725 2406 2775 ;
2431 2708 2722 2764 timebant
2741 2709 2902 2765 enim
2926 2726 2999 2764 ne
3026 2709 3167 2765 mali
3201 2710 3515 2781 quidpiam

1864 2796 2031 2867 ejecti
2096 2796 2403 2852 daemones
2471 2796 2651 2852 etiam
2726 2797 2787 2852 in
2858 2798 3020 2870 ipsos
3091 2801 3515 2869 perpetrarent.

1866 2885 2130 2941 Christus
2168 2891 2367 2941 autem
2405 2885 2602 2941 statim
2643 2886 2835 2956 paruit
2873 2904 2885 2952 ;
2928 2901 3122 2959 neque
3162 2886 3322 2941 enim
3353 2885 3519 2954 digni

1863 2975 2032 3029 erant
2092 2972 2359 3028 doctrina
2421 2973 2629 3044 ipsius.
2699 2975 3058 3045 Quanquam
3119 2978 3519 3045 praeceptores

1862 3076 2103 3133 quoque
2124 3062 2207 3116 eis
2229 3061 2487 3133 reliquit,
2509 3060 2639 3116 illos
2661 3060 2930 3116 videlicet
2950 3061 3054 3134 qui
3083 3077 3118 3117 a
3144 3061 3518 3118 daemonibus

1865 3149 2085 3204 liberati
2112 3148 2364 3212 fuerant,
2394 3153 2448 3205 et
2477 3151 2573 3219 qui
2605 3165 2823 3220 porcos
2856 3154 3170 3221 paverant.

1935 3237 2097 3294 CAP.
2144 3239 2240 3292 1X.
2290 3254 2346 3291 ν.
2382 3238 2537 3291 LE1
2574 3269 2638 3276 —
2674 3238 2737 3291 in
2774 3240 3065 3293 civitatem
3096 3253 3282 3293 suam.
3315 3238 3518 3293 Civita-

1863 3330 1985 3382 tem
2025 3341 2194 3380 suam
2239 3325 2379 3380 dicit
2423 3326 2818 3396 Caper-naum.
2872 3326 3176 3397 Siquidem
3224 3325 3521 3380 Bethleem

1864 3415 2060 3485 ipsum
2093 3413 2335 3485 protulit
2364 3434 2375 3476 ;
2411 3413 2911 3484 Nazarethipsum
2945 3413 3223 3469 enutrivit
3254 3430 3267 3479 ;
3312 3415 3521 3484 Caper-

1864 3520 2050 3560 naum
2083 3503 2363 3574 deinceps
2395 3502 2653 3557 incolam
2686 3502 2914 3559 habuit.

2286 3591 2440 3646 CAP.
2472 3592 2605 3647 Xlll.
2646 3593 2731 3647 De
2759 3593 3102 3661 paralytico

1936 3681 2101 3734 Vers.
2149 3684 2207 3734 2.
2263 3679 2342 3733 Et
2392 3694 2514 3735 ecce
2565 3711 2629 3721 ——
2678 3680 3131 3735 decumbentem.
3172 3679 3516 3747 Dictionem,

1867 3779 2007 3821 ecce.
2067 3762 2371 3834 Scriptura
2437 3762 2724 3818 Hebraica
2764 3762 3101 3834 frequenter
3149 3764 3331 3833 ponit,
3396 3768 3524 3818 tan-

1866 3869 2053 3927 quam
2097 3852 2310 3920 linguee
2346 3850 2591 3916 idioma,
2642 3851 2789 3906 sicut
2822 3856 2877 3905 et
2916 3850 3028 3906 alia
3067 3851 3275 3906 multa.
3318 3851 3525 3907 Dicen-

1868 3942 2015 3998 dum
2043 3945 2127 3995 est
2148 3945 2340 3995 autem
2370 3938 2547 3995 alium
2573 3955 2700 3993 esse
2726 3939 2883 3994 hunc
2916 3938 3311 4011 paralyticum
3344 3940 3417 3995 ab
3449 3956 3522 3996 eo

1869 4032 2040 4102 cujus
2080 4028 2349 4084 meminit
2389 4028 2719 4083 Joannes“.
2762 4032 2911 4083 Nam
2965 4028 3059 4083 ille
3104 4027 3184 4083 ad
3229 4028 3525 4086 Bethesda

1870 4117 2289 4183 decumbebat,
2312 4117 2406 4172 hic
2433 4120 2629 4172 autem
2657 4116 3050 4188 Capernaum,
3076 4122 3132 4172 et
3162 4117 3253 4173 ille
3274 4117 3522 4189 quidem

1870 4209 2108 4278 triginta
2139 4214 2195 4263 et
2229 4210 2364 4262 octo
2406 4222 2597 4262 annos
2638 4206 2849 4262 morbo
2894 4206 3202 4261 tenebatur
3242 4224 3257 4274 ;
3291 4205 3365 4261 de
3410 4204 3522 4262 hoc

1869 4313 2007 4353 vero
2059 4295 2204 4351 nihil
2260 4294 2375 4350 tale
2419 4294 2702 4365 scriptum
2752 4300 2860 4349 est.
2907 4294 3195 4351 Praeterea
3250 4294 3347 4349 ille
3401 4310 3524 4351 non

1870 4384 2127 4440 habebat
2173 4382 2495 4445 hominem,
2539 4382 2634 4437 hic
2680 4386 2877 4437 autem
2920 4381 3158 4451 bajulos
3209 4379 3470 4435 habebat
3509 4398 3523 4447 ;

1871 4472 2009 4527 huic
2036 4486 2271 4542 quoque
2317 4470 2399 4526 ait
2444 4489 2457 4528 :
2500 4469 2757 4525 Remissa
2801 4475 2937 4524 sunt
2979 4469 3083 4523 tibi
3108 4475 3343 4537 peccata
3377 4473 3519 4532 tua;

1873 4560 1954 4614 illi
1983 4574 2121 4615 vero
2154 4577 2169 4614 :
2212 4558 2305 4614 Vis
2332 4574 2511 4615 sanus
2540 4558 2721 4626 ﬁeri"9
2761 4556 2879 4613 ?Ad
2904 4556 3031 4611 haec
3062 4556 3224 4610 illum
3261 4554 3523 4611 Sabbato

1875 4647 2122 4717 curavit,
2162 4647 2323 4702 unde
2367 4646 2544 4701 etiam
2591 4643 3054 4699 murmurabant
3088 4642 3271 4697 Judaei
3307 4657 3321 4707 ;
3362 4640 3525 4697 hunc

1878 4742 2077 4796 autem
2104 4736 2219 4793 alio
2246 4735 2361 4802 die,
2394 4734 2647 4805 ideoque
2676 4736 3004 4789 tacuerunt.

1868 4954 1912 4987 '9
1942 4949 2089 5006 ibid.
2119 4954 2168 5005 6.

1367 5102 1592 5173 Varia}
1621 5103 1949 5171 lectiones
1983 5109 2049 5168 et
2077 5108 2283 5167 notae.

277 5246 355 5305 82l
393 5245 631 5305 Inclusa
658 5247 877 5304 omittit
900 5251 967 5303 A.

278 5316 356 5385 83)
396 5320 501 5375 Hic
546 5319 733 5385 addit,
784 5323 875 5371 καὶ
924 5321 950 5370 6
998 5318 1155 5379 αὐτὸς
1206 5316 1289 5370 ἰπὶ
1344 5320 1437 5377 τὴν
1495 5316 1662 5381 πόλιν,
1704 5321 1770 5372 Δ.

194 5391 233 5440 Δ
258 5389 391 5443 πάάα
410 5391 487 5447 ad
515 5391 722 5445 πολῖται
753 5390 971 5446 omittit
1001 5389 1322 5444 Hentenius

258 5458 360 5536 (84)
397 5464 490 5519 His
541 5464 703 5520 enim
759 5460 935 5519 novis
986 5460 1155 5532 digni
1209 5463 1379 5518 erant
1455 5459 1771 5532 theologia:

1880 5241 2248 5300 doctoribus.

1951 5314 2063 5386 (85)
2111 5311 2194 5386 De
2242 5305 2761 5386 eodem_dlsputat
2816 5308 3113 5385 Chrysost.
3183 5312 3336 5369 tom.
3381 5309 3530 5386 VIII,

1880 5382 2077 5460 p.342
2109 5384 2185 5453 B;
2219 5398 2279 5456 p.
2307 5386 2405 5440 2U
2440 5382 2548 5442 ﬁn.

258 5619 377 5701 (nn)
411 5622 621 5697 Quibus
651 5636 943 5683 sermone.
983 5621 1059 5681 lis
1087 5619 1372 5681 nimirum
1396 5618 1500 5695 qui
1523 5618 1750 5680 ratione
1778 5616 2183 5695 corriguntur.
