4206 6310
689 431 794 486 303
1995 430 2340 487 EUTHYMII
2392 430 2744 487 ZAGABENI

760 553 920 608 Vers.
977 555 1028 607 2.
1103 552 1354 609 Intuitus
1423 586 1490 594 -—
1534 541 1780 623 peccata
1813 560 1940 610 tua.
1983 555 2138 611 Sicut
2180 555 2340 612 enim
2372 557 2418 611 A

689 641 896 698 dicunt
935 643 1162 698 Marcus
1206 647 1261 698 et
1299 643 1560 714 Lucas",
1607 659 1739 699 cum
1781 643 2009 714 ingredi
2045 659 2167 700 non
2203 659 2342 716 pos-

3949 430 4070 490 304

2525 561 2625 609 Καὶ
2657 553 2782 608 ἰδὼν
2831 588 2899 595 -
2935 558 2989 607 αἱ
3021 555 3272 628 ἁμαρτίαι
3326 575 3442 612 σου.
3492 555 3580 618 Ὠς
3626 557 3727 630 γὰρ
3772 557 3798 608 6
3848 555 4065 630 Μάρκος

2451 649 2539 696 καὶ
2592 647 2617 695 6
2663 651 2869 707 Λουκᾶς
2921 643 3080 707 εἷπον,
3153 649 3224 717 μὴ
3287 642 3563 716 δυνάμενοι
3629 644 3890 716 εἰσελθεῖν,
3961 643 4065 699 διὰ

691 734 843 802 sent,
875 735 1114 804 propter
1163 746 1368 787 eorum
1402 731 1846 787 multitudinem
1877 731 1976 804 qui
2001 730 2340 806 congregati

690 825 879 886 erant,
911 819 1312 876 ascenderunt
1349 819 1409 875 in
1442 824 1662 876 tectum
1693 821 1911 876 domus
1941 820 1999 875 in
2028 837 2148 892 qua
2171 820 2339 876 doce-

687 909 792 966 bat
844 910 1011 964 Jesus
1069 925 1083 963 :
1149 923 1340 981 eoque
1397 908 1690 982 perfosso,
1750 925 1856 981 per
1906 909 2104 982 ipsum
2156 909 2342 965 demi-

690 1002 894 1053 serunt
926 997 1244 1067 grabatum
1281 998 1340 1052 in
1369 1013 1490 1069 quo
1516 998 1749 1069 jacebat
1781 999 2161 1070 paralyticus.
2202 1000 2339 1062 Quae

690 1085 897 1141 omnia
944 1101 1176 1156 magna
1216 1085 1355 1141 ﬁdei
1390 1093 1558 1142 erant
1601 1103 1614 1140 :
1656 1087 1782 1142 haec
1821 1102 2084 1158 namque
2110 1085 2223 1141 illis
2265 1101 2338 1141 ne

690 1173 1082 1244 desperarent,
1101 1175 1415 1247 persuasit,
1454 1179 1634 1247 utque
1666 1175 1865 1230 omnia
1896 1180 1951 1231 et
1979 1174 2255 1239 facerent,
2285 1178 2340 1230 et

690 1265 1052 1334 paterentur,
1083 1279 1202 1334 quo
1242 1262 1437 1334 ipsum
1469 1263 1811 1334 conspectui
1845 1263 2162 1318 Salvatoris
2195 1278 2341 1334 pras-

692 1355 1006 1415 senlarent,
1051 1350 1358 1406 credentes
1398 1351 1680 1406 continuo
1720 1350 1886 1406 illum
1927 1357 2338 1407 assecuturum

691 1453 822 1494 esse
861 1437 1192 1495 sanitatem.
1237 1438 1459 1506 Fidem,
1491 1438 1703 1511 inquit,
1746 1454 1952 1494 eorum
1988 1455 2108 1494 non
2142 1439 2337 1496 solum

689 1525 1144 1592 demittentium,
1173 1527 1279 1582 sed
1307 1526 1436 1598 ejus
1466 1542 1709 1598 quoque
1739 1526 1842 1598 qui
1875 1527 2172 1582 demissus
2193 1532 2334 1584 erat.

689 1617 890 1688 Neque
929 1615 1088 1671 enim
1124 1631 1186 1671 se
1225 1614 1453 1672 demitti
1500 1616 1903 1680 sustinuisset,
1933 1617 2045 1672 nisi
2088 1616 2337 1673 salutem

690 1705 980 1778 consequi
1022 1709 1340 1778 sperasset.
1383 1705 1631 1762 Intuitus
1675 1711 1875 1762 autem
1913 1708 2080 1760 Jesus
2113 1711 2338 1762 tantam

687 1793 928 1851 illorum
973 1794 1178 1860 ﬁdem,
1216 1795 1456 1866 primun
1491 1794 1737 1867 quidem
1781 1795 2064 1864 languido
2095 1803 2341 1867 peccata

689 1884 942 1952 remittit,
982 1883 1198 1939 deinde
1233 1899 1370 1938 vero
1400 1899 1618 1954 corpus
1650 1888 1828 1938 sanat
1859 1900 1872 1937 :
1909 1883 2088 1938 simul
2116 1884 2339 1940 docens

690 1970 982 2042 plurimos
1012 1971 1257 2026 morbos
1285 1987 1315 2026 e
1345 1971 1603 2043 peccatis
1628 1971 1848 2036 oriri,et
1879 1971 2047 2044 prius
2075 1977 2339 2044 oportere

692 2074 938 2115 causam
983 2074 1214 2128 curare,
1262 2059 1419 2115 unde
1463 2059 1644 2114 etiam
1695 2060 2042 2132 paralytico,
2101 2061 2174 2116 de
2215 2076 2338 2133 quo

692 2146 891 2204 scribit
927 2149 1206 2213 Joannes,
1249 2147 1396 2204 dixit
1445 2163 1462 2205 :
1493 2148 1646 2204 Ecce
1683 2163 1858 2203 sanus
1881 2150 2080 2218 factus
2109 2165 2186 2214 es,
2219 2165 2338 2204 non

696 2250 902 2306 pecces
946 2236 1239 2307 deinceps,
1270 2253 1340 2293 ne
1363 2237 1508 2308 quid
1532 2236 1786 2293 deterius
1814 2237 1914 2293 tibi
1941 2240 2235 2310 contingat
2267 2240 2336 2305 7*,

691 2325 872 2381 simul
895 2342 1138 2398 quoque
1171 2326 1358 2382 Deum
1386 2342 1450 2382 se
1476 2342 1604 2382 esse
1634 2326 1976 2384 ostendens.
2008 2329 2339 2398 Corporeas

690 2412 990 2486 siquidem
1051 2429 1258 2470 curare
1319 2413 1689 2470 inﬁrmitates
1751 2414 1926 2470 etiam
1995 2419 2340 2471 sanctorum

687 2505 775 2557 est
806 2517 819 2567 ;
851 2505 1097 2574 peccata
1120 2518 1258 2558 vero
1284 2503 1596 2568 remittere,
1625 2502 1810 2558 solius
1836 2502 1963 2559 Dei.
1990 2503 2128 2560 Ideo
2158 2503 2338 2561 etiam

689 2590 897 2648 Scrisz
927 2590 1318 2648 turtabantur.

758 2769 926 2822 Vers.
955 2768 1007 2823 3.
1030 2768 1188 2823 Et—
1204 2767 1578 2838 blasphemat.
1599 2767 1834 2824 Marcus
1857 2769 2233 2826 manifestius
2254 2771 2340 2827 di-

686 2855 796 2910 xit:
817 2855 1246 2926 Erantquidam
1267 2857 1618 2913 Scribarum
1644 2857 1727 2912 ibi
1739 2857 1993 2914 sedentes
2011 2866 2063 2914 et
2077 2861 2340 2930 cogitan-

690 2949 770 2999 tes
782 2944 843 2998 in
855 2942 1125 2999 cordibus
1138 2943 1286 3000 suis:
1303 2944 1453 3010 Quid
1465 2944 1560 3001 hic
1570 2946 1652 3001 ita
1667 2947 1920 3017 loquitur
1932 2947 2343 3018 blasphemias?

689 3031 796 3100 Qui
815 3039 1001 3114 potest
1027 3033 1322 3089 remittere
1340 3039 1571 3104 peccata
1590 3040 1810 3102 praeter
1828 3051 2008 3091 unum
2032 3038 2102 3101 ⁷³,
2123 3052 2340 3109 nempe

686 3118 872 3175 Deum
887 3121 1509 3192 (oo)?0ﬂendebantur
1521 3129 1718 3179 autem
1735 3139 1856 3194 prae
1869 3123 2086 3181 invidia
2103 3133 2158 3180 et
2173 3127 2342 3181 mali-

684 3209 784 3266 tia.
801 3213 947 3266 Nam
963 3211 1300 3284 frequenter
1313 3227 1451 3268 eum
1466 3211 1733 3268 viderant
1750 3213 1928 3268 etiam
1944 3231 2070 3269 cum
2089 3217 2340 3270 auctori-

681 3303 799 3356 tate
833 3300 1074 3357 morbos
1097 3301 1427 3371 fugantem,
1456 3301 1763 3358 daemones
1797 3303 2130 3374 ejcientem,
2165 3312 2338 3362 vento

682 3389 952 3461 marique
971 3389 1382 3462 imperantem,
1403 3396 1457 3447 et
1474 3391 1596 3446 haec
1616 3392 1816 3446 omnia
1835 3393 2015 3448 modo
2037 3393 2339 3450 humanas

680 3477 837 3533 vires
869 3485 1210 3550 superantes
1238 3480 1603 3535 factitantem
1637 3496 1653 3534 :
1684 3480 1787 3534 sed
1812 3479 1873 3534 hi
1897 3483 2172 3552 proprias
2195 3481 2336 3538 ulci-

685 3571 914 3622 scentes
959 3565 1322 3632 affectiones,
1372 3567 1472 3622 Dei
1522 3567 1876 3624 videbantur
1918 3568 2202 3639 injuriam
2255 3570 2340 3626 ul-

683 3670 843 3710 ClSCl.

754 3741 918 3798 Vers.
947 3742 997 3798 4.
1034 3744 1275 3815 Cumque
1320 3743 1558 3801 vidisset
1597 3776 1665 3785 —
1712 3747 1915 3802 vestris
1965 3749 1993 3802 ?
2032 3747 2133 3803 Hic
2175 3747 2339 3804 aliud

682 3846 923 3905 quoque
964 3849 1086 3889 suae
1124 3832 1450 3890 divinitatis
1496 3838 1552 3890 et
1590 3834 1666 3890 ad
1713 3835 1940 3890 Patrem
1981 3837 2336 3908 aequalitatis

685 3921 920 3992 signum
960 3921 1240 3987 ostendit,
1292 3924 1388 3979 cui
1435 3923 1759 3978 contradici
1810 3941 1930 3980 non
1978 3926 2189 3997 possit,
2241 3942 2339 3982 co-

684 4010 1030 4080 gnoscendo
1048 4009 1318 4065 videlicet
1341 4010 1724 4081 cogitationes
1743 4013 2013 4068 cordium
2043 4015 2332 4086 ipsorum,

684 4095 847 4166 quod
879 4095 1144 4151 similiter
1171 4096 1354 4151 solius
1388 4103 1517 4152 erat
1548 4097 1666 4152 Dei.
1701 4099 1997 4171 Scriptum
2029 4107 2116 4157 est
2142 4103 2291 4157 enim
2324 4119 2334 4157 :

691 4185 772 4238 Tu
800 4184 950 4238 nosti
975 4183 1151 4238 corda
1175 4184 1329 4238 solus
1355 4186 1615 4241 omnium
1645 4187 1715 4238 τ’.
1753 4189 1813 4241 Et
1843 4202 2084 4243 rursum
2116 4207 2128 4244 :
2170 4191 2339 4246 Scru-

689 4277 824 4327 tans
846 4270 1018 4326 corda
1041 4277 1092 4326 et
1119 4287 1281 4326 renes
1299 4271 1440 4327 Deus
1453 4273 1521 4325 ⁷³.
1547 4272 1613 4327 Et
1640 4273 1813 4330 alibi:
1843 4276 2027 4332 Homo
2047 4278 2258 4334 videbit
2276 4279 2339 4335 in

686 4358 923 4430 faciem,
962 4359 1103 4416 Deus
1142 4366 1334 4416 autem
1364 4361 1694 4418 intuebitur
1734 4363 1794 4419 in
1833 4365 2015 4422 corda
2075 4367 2142 4421 ⁷⁸.
2191 4370 2338 4424 Nam

688 4447 832 4521 quia
881 4447 1044 4514 illud,
1097 4465 1232 4505 cum
1284 4449 1396 4506 sibi
1443 4451 1733 4508 videretur
1774 4453 2166 4525 impossibile,
2218 4473 2338 4514 non

688 4535 1077 4608 recipiebant,
1131 4538 1358 4594 inducit
1408 4539 1523 4596 hoc
1573 4545 1860 4613 tanquam
1912 4543 2337 4611 indubitatum,

689 4640 797 4698 per
826 4625 938 4682 hoc
964 4627 1230 4698 probans
1257 4627 1434 4683 etiam
1465 4627 1632 4694 illud,
1668 4646 1736 4686 ac
1763 4631 2220 4703 quodammodo
2251 4635 2342 4690 di-

689 4729 832 4772 cens
882 4729 894 4770 :
940 4715 1079 4770 Vere
1114 4714 1313 4772 nullus
1359 4721 1552 4789 potest
1596 4717 1889 4776 remittere
1917 4725 2178 4794 peccata,
2225 4723 2340 4778 nisi

690 4819 868 4869 unus,
889 4803 993 4876 qui
1023 4804 1286 4861 intuetur
1314 4807 1700 4877 cogitationes
1719 4807 2056 4864 hominum.

762 4892 922 4948 Vers.
978 4893 1032 4947 5.
1086 4893 1292 4950 Utrum
1337 4922 1406 4937 —
1453 4893 1686 4950 ambula
1741 4897 1772 4952 ?
1819 4897 2340 4970 Quandoquidem,

689 4980 902 5052 inquit,
929 4979 1324 5054 blasphemus
1350 4981 1517 5039 vobis
1547 4982 1776 5050 videor,
1806 4989 2007 5056 utpote
2036 4987 2339 5044 remittens

764 5157 813 5231 θ
842 5158 1014 5231 Merc-
1048 5171 1106 5219 ιιι
1137 5159 1172 5212 4
1205 5173 1219 5222 ;
1254 5159 1386 5214 Luc.
1429 5177 1487 5231 v,
1522 5163 1605 5216 19.

1683 5161 1728 5197 ⁷³
1769 5161 1940 5218 Joan.
1973 5177 2032 5229 v,
2069 5163 2151 5221 i4.

767 5227 815 5262 ἠ
839 5229 864 5282 l
888 5230 1034 5297 Reg.
1074 5242 1198 5293 xw,
1228 5233 1280 5284 7.

2230 5165 2280 5201 ⁷³
2307 5167 2480 5224 Marc.
2521 5181 2578 5234 ιι,
2608 5169 2659 5232 6,
2693 5165 2746 5218 7.

2449 735 2508 783 τὸ
2565 732 2760 795 πλῆθος
2816 743 2914 784 τῶν
2965 733 3321 806 συλλεγέντων,
3383 733 3598 792 ἀνῆλθον
3651 731 3734 785 ἐπὶ
3790 738 3885 792 τὴν
3937 739 4062 787 στέ-

2449 841 2544 892 γην
2601 831 2691 882 τῆς
2760 822 2943 885 οἰκίας,
2999 825 3046 874 ἓν
3213 819 3492 874 ἐδίδασκεν
3571 823 3595 873 6
3655 823 3882 890 Ἰησοῦς,

2451 909 2784 984 ἀνορύξαντες
2833 912 3015 978 αὐτὴν,
3071 910 3340 983 ἐχάλασαν
3396 908 3468 963 δι’
3531 912 3687 971 αὐτῆς
3737 915 3823 963 τόν
3879 911 4054 986 κράϐ-

2760 822 2943 885 οἱκίας,
2999 825 3046 874 ἓν
3121 824 3152 885 ἦ
3213 822 3492 874 ἐδίδασκεν
3571 823 3595 873 6
3655 823 3882 885 Ἰησοῦς,
3961 829 4058 876 καὶ

2450 997 2624 1066 ϐατον,
2707 998 2782 1069 ἐφ’
2978 1005 3240 1052 κατέκειτο
3322 1001 3347 1051 6
3411 999 3702 1073 παράλυτος
3780 999 3814 1052 ἃ
3881 1003 4054 1053 πάντα

2449 1087 2678 1159 μεγάλης
2726 1092 2946 1148 πίστεως
3020 1085 3173 1152 ἦσαν,
3231 1091 3343 1148 ἣτίς
3431 1090 3628 1140 ἔπεισεν
3703 1089 3911 1154 αύτούς,
3971 1094 4044 1160 μὴ

2451 1175 2763 1248 ἀπογνῶναι,
2817 1174 2947 1248 μηδ’
3014 1176 3362 1250 ὑποστρέψαι,
3427 1175 3553 1228 ἀλλά
3605 1177 3773 1228 πάντα
3824 1186 4050 1236 ποιῆσαι

2448 1269 2536 1316 καὶ
2593 1267 2794 1330 παθεῖν,
2848 1267 2974 1337 ὑπερ
3039 1272 3130 1317 τοῦ
3192 1264 3402 1336 ἀγαγεῖν
3455 1265 3610 1317 αὐτὸν
3665 1265 3736 1327 εὶς
3786 1266 3903 1335 ὄψιν
3955 1274 4051 1318 τοῦ

2450 1359 2702 1427 Σωτῆρος,
2781 1356 3143 1418 πιστεύοντας,
3221 1355 3300 1406 ὅτι
3366 1353 3556 1406 αὐτίκα
3647 1354 3879 1416 τεύξεται
3951 1362 4049 1416 τῆς

2735 1446 2921 1493 Πίστιν
2988 1439 3047 1494 δὲ
3116 1442 3284 1494 αὐτῶν
3365 1461 3542 1514 φησιν,
3607 1441 3665 1494 ού
3721 1446 3873 1514 μόνον
3946 1451 4050 1494 τῶν

2781 1356 3143 1418 πιστεύοντας,

2451 1441 2633 1502 ἰάσεως
2645 1482 2658 1496 .

2448 1529 2815 1602 χαλασάντων,
2875 1529 3003 1583 ἀλλά
3049 1535 3137 1583 καὶ
3190 1538 3283 1582 τοῦ
3333 1530 3707 1602 χαλασθέντος·
3757 1531 3816 1584 ού
3857 1533 3959 1604 γὰρ
3989 1529 4051 1582 ἆν

2449 1620 2702 1690 ἠνέσχετο
2759 1618 3117 1691 χαλασθῆναι,
3205 1619 3248 1671 εί
3325 1623 3398 1690 μὴ
3477 1621 3687 1677 ιαθῆναι
3760 1618 4049 1672 έπίστευεν.

2449 1705 2598 1760 Ἰδὼν
2684 1704 2744 1760 δὲ
2834 1709 2858 1758 6
2951 1710 3186 1782 Χριστὸς
3288 1712 3379 1766 τὴν
3453 1707 3772 1766 τηλικαύτην
3866 1713 4052 1760 πίστιν

2449 1796 2638 1862 αύτῶν,
2750 1804 2954 1871 πρῶτον
3027 1798 3118 1868 μὶν

3214 1797 3403 1868 ἀφίησι
3475 1804 3547 1866 τῷ
3621 1804 3858 1849 νοσοῦντι
3961 1800 4052 1857 τὰς

2369 1903 2413 1958 Β
2450 1885 2704 1959 ἁμαρτίας
2747 1885 2932 1936 αὐτοῦ’
2981 1887 3110 1956 μετὰ
3152 1893 3304 1936 τοῦτο
3363 1881 3422 1938 δε
3463 1887 3727 1958 θεραπεύει
3780 1888 3837 1936 τό
3872 1893 4048 1956 σῶμα⁶

2449 1973 2560 2045 ἅμα
2611 1975 2699 2044 μεν
2731 1970 3025 2038 διδάσκων,
3074 1975 3154 2025 ὅτι
3191 1976 3257 2025 τὰ
3304 1972 3466 2024 πολλά
3508 1982 3606 2024 τῶν
3647 1976 3958 2046 νοσημάτων
4000 1974 4051 2036 ἐξ

3079 2065 3168 2113 καὶ
3249 2067 3358 2135 χρὴ
3443 2070 3644 2135 πρῶτον
3729 2061 3939 2120 ἰαθῆναι
3994 2066 4050 2115 τὸ

2450 2153 2633 2201 αἴτιον·
2685 2155 2774 2201 καὶ
2826 2152 2928 2223 γὰρ
2985 2153 3114 2223 πρὸς
3169 2153 3256 2202 τὸν
3310 2152 3454 2223 παρά
3495 2150 3567 2220 τῷ
3627 2151 3834 2222 Ἰωάννη
3884 2171 4051 2224 παρα·

2759 2241 2978 2312 εἴρηκεν·
3083 2235 3193 2291 Ἴδε
3295 2239 3449 2308 ὑγιὴς
3549 2243 3783 2310 γέγονας,
3863 2245 4050 2312 μηκέτι

2451 2325 2731 2400 ἁμάρτανε,
2790 2329 2874 2378 ἵνα
2930 2331 3000 2398 μὴ
3051 2331 3232 2400 χεῖρόν
3295 2331 3346 2378 τί
3388 2346 3472 2379 σοι
3535 2327 3767 2398 γένηται·
3824 2328 3932 2400 ἅμα
3987 2325 4047 2380 δὲ

2452 2411 2717 2480 δεικνύων,
2779 2416 2858 2466 ὅτι
2891 2419 3017 2475 Θεός
3069 2415 3198 2468 ἐστι.
3246 2418 3316 2467 T6
3359 2419 3449 2487 μὲν
3501 2419 3600 2490 γὰρ
3657 2415 3836 2468 ἰᾶσθαι
3870 2436 4048 2488 σωμα-

2448 2507 2599 2566 τικὰς
2647 2509 2830 2564 νόσους
2897 2506 3132 2554 καὶτῶν
3211 2503 3372 2574 ἁγίων
3448 2501 3528 2561 ἧν·
3585 2507 3643 2556 τὸ
3725 2501 3784 2557 δε
3849 2503 4052 2576 ἀφιέναι

2450 2061 2714 2135 ἁμαρτιῶν
2767 2064 2999 2132 φύονται,

2450 2238 2656 2290 λυτικόν

2450 2591 2726 2666 ἁμαρτίας,
2775 2596 2934 2664 μόνου
2999 2599 3152 2645 Θεοῦ·
3204 2588 3290 2644 διὸ
3335 2597 3425 2644 καὶ
3481 2595 3529 2645 οἱ
3579 2599 3910 2667 Γραμματείς
3939 2592 4051 2647 ἐθο-

2447 2679 2774 2754 ρυϐἠθησαν.

2522 2773 2622 2822 Καὶ
2677 2801 2747 2810 -
2803 2767 3122 2842 βλασφημεῖ.
3191 2767 3251 2821 ’0
3295 2765 3354 2820 δέ
3420 2771 3635 2842 Μάρκος
3701 2775 4048 2843 φανερώτερον

2451 2856 2605 2923 εἶπεν,
2660 2858 2740 2909 ὅτι
2796 2861 2885 2908 καὶ
2967 2858 3111 2908 Ησάν
3158 2875 3292 2918 τινες
3361 2865 3461 2908 τῶν
3524 2863 3865 2931 Γραμματέων
3943 2858 4053 2910 ἐκεῖ

2449 2949 2747 3019 καθήμενοι,
2823 2949 2911 2997 καὶ
2987 2942 3407 3016 διαλογιζόμενοι
3477 2945 3527 2997 ἐν
3600 2953 3712 3008 ταῖς
3799 2940 4048 3016 καρδίαις

2452 3035 2640 3088 αὐτῶν·
2707 3039 2770 3086 Τί
2821 3033 2972 3095 οὗτος
3057 3033 3192 3085 οὕτω
3265 3032 3409 3085 λαλεῖ
3473 3032 3814 3106 βλασφημίας
3866 3049 3880 3098 ;
3953 3037 4048 3094 Τίς

2453 3121 2673 3177 δύναται
2755 3121 2955 3194 ἀφιέναι
3035 3121 3312 3194 ἁμαρτίας,
3391 3122 3433 3174 εἰ
3501 3127 3572 3194 μὴ
3644 3123 3710 3182 εἷς
3771 3123 3797 3173 6
3846 3124 3971 3182 Οεός
4032 3137 4047 3188 ;

2369 3249 2410 3307 Ο
2452 3208 2915 3270 Ἐσκανδαλίζοντο
2974 3207 3032 3264 δὲ
3087 3212 3186 3262 ὑπό
3240 3212 3426 3281 φθόνου
3483 3215 3573 3262 καὶ
3621 3215 3896 3285 πονηρίας.
3948 3213 4049 3262 Καὶ

2448 3303 2548 3372 γὰρ
2591 3299 2832 3360 πολλάκις
2875 3299 3030 3351 αὑτὸν
3084 3295 3221 3352 εἶδον
3277 3298 3684 3361 ίξουσιαστικῶς
3725 3304 3814 3350 καὶ
3863 3303 4052 3359 νόσους

2449 3385 2828 3461 φυγαδεύοντα,
2883 3392 2971 3439 καὶ
3054 3383 3303 3459 δαίμονας
3378 3386 3744 3456 ἀπελαύνοντα,
3802 3391 3890 3438 καὶ
3941 3384 4050 3437 ἀνε-

2447 3497 2565 3550 μοις
2615 3481 2704 3529 καὶ
2773 3475 3010 3548 θαλάσση
3079 3474 3414 3548 ἐπιτιμῶντα,
3491 3481 3579 3528 καὶ
3647 3478 3819 3528 πάντά
3880 3481 4051 3526 ταῦτα

2449 3563 2890 3640 διαπραττόμενον
2941 3566 3066 3638 ὑπὲρ
3115 3567 3402 3640 ἄνθρωπον·
3463 3563 3568 3616 ἀλλ’
3619 3565 3766 3616 αὐτοὶ
3817 3565 3885 3614 τὰ
3933 3559 4050 3614 ἱδια

2445 3657 2587 3711 πάθη
2615 3651 2959 3719 ἐκδικοῦντες,
2993 3651 3206 3705 ἐδόκουν
3231 3657 3318 3704 τὸν
3358 3657 3484 3705 Θεὸν
3516 3649 3757 3705 ἐκδικεῖν.

2517 3741 2668 3797 Ἰδὼν
2715 3741 2774 3796 δὲ
2805 3775 2872 3785 -
2925 3745 3114 3816 ὑμῶν;
3171 3743 3423 3795 Ἐνταῦθα
3473 3747 3562 3794 καὶ
3643 3744 3809 3816 ἕτερον
3889 3739 4048 3792 ἀναν-

2447 3831 2687 3907 τίρρητον
2734 3839 2946 3904 σημεῖον
2995 3839 3088 3893 τῆς
3148 3833 3332 3883 ἑαυτοῦ
3382 3833 3622 3892 θεότητος
3669 3827 3925 3893 δείκνυσι,
3959 3834 4049 3882 καὶ

2447 3930 2542 3983 τῆς
2587 3926 2713 3994 πρὸς
2768 3924 2854 3973 τόν
2909 3924 3113 3995 Πατέρα
3189 3919 3446 3985 ἰσότητος,
3496 3922 3553 3970 τὸ
3603 3923 3873 3990 γινώσκειν
3927 3922 4049 3980 τοὺς

2450 4008 2822 4082 διαλογισμοὺς
2874 4017 2973 4060 τῶν
3035 4006 3266 4080 καρδιῶν
3324 4008 3512 4072 αὐτῶν,
3562 4009 3682 4081 ὅπερ
3745 4008 3937 4078 ὁμοίως
3989 4003 4049 4064 ἦν

2448 4104 2606 4172 μόνου
2659 4106 2831 4172 Θεοῦ..
2859 4098 3188 4174 Γέγρααπται
3231 4099 3352 4169 γάρ·
3401 4100 3466 4148 Σύ
3513 4095 3798 4147 ἐπίστασαι
3823 4092 4052 4167 κιρδίας

2447 4195 2754 4262 μονώτατος.
2814 4192 2916 4240 Καὶ
2997 4189 3170 4239 πάλιν·
3229 4186 3454 4246 Ἐτάζων
3525 4181 3749 4256 καρδίας
3826 4191 3914 4235 καὶ
3979 4204 4052 4236 νε-

2449 4281 2606 4351 φρούς
2661 4279 2686 4328 6
2746 4281 2896 4337 Θεός.
2971 4280 3069 4328 Καὶ
3138 4271 3313 4335 αὖθις.
3381 4273 3684 4348 Ἀνθρωπος
3751 4273 3933 4342 ὄψεται
3981 4273 4052 4335 εἰς

2448 4371 2744 4440 πρόσωπον·
2805 4366 2830 4415 6
2889 4361 2948 4416 δὲ
2999 4367 3120 4424 Οεὸς
3172 4362 3354 4434 ὄψεται
3438 4362 3504 4422 εἰς
3591 4359 3841 4436 καρδίαν.
3912 4362 4053 4416 Ἐπεὶ

2447 4457 2548 4526 γὰρ
2605 4452 2784 4519 ἐκεῖνο,
2843 4455 2912 4512 ὡς
2983 4454 3131 4523 φανὲν
3183 4451 3295 4522 (86)
3354 4451 3530 4511 αὐτοῖς

2451 4541 2710 4608 ἐδέξαντο,
2752 4539 2932 4612 ἐπάγει
2982 4547 3135 4592 τοῦτο
3187 4539 3388 4601 λοιπὸν,
3434 4541 3502 4599 ὡς
3532 4537 3896 4611 ἀναμφίϐολονο
3954 4537 4051 4591 διὰ

2453 4591 2710 4608 ---.ηην,
2757 4591 2785 4592 η
2824 4591 2927 4612 ην
2994 4591 2997 4592 ν
3120 4591 3125 4592 γ
3377 4591 3388 4601 .
3489 4591 3500 4599 .
3631 4591 3689 4611 ,,

2372 4591 2418 4645 D
2450 4634 2636 4684 τούτου
2675 4628 2882 4682 κάκεῖνο
2944 4627 3187 4701 βεϐαιῶν,
3220 4633 3308 4679 καὶ
3357 4632 3548 4701 τρόπον
3595 4629 3712 4679 τινὰ
3751 4626 3926 4696 λέγων,
3965 4629 4046 4678 ὃτι

2453 4725 2609 4781 ὄντως
2651 4715 2823 4780 οὐδεὶς
2881 4714 3102 4770 δύναται
3160 4715 3362 4788 ἀφιέναι
3414 4716 3691 4790 ἁμαρτίας,
3743 4713 3786 4764 εἰ
3826 4717 3897 4784 μὴ
3950 4716 4042 4781 εἷς,

2453 4810 2478 4861 6
2511 4807 2712 4882 βλέπων
2741 4810 2830 4867 τὰς
2859 4806 3168 4879 ἐνθυμήσεις
3188 4814 3285 4858 τῶν
3317 4804 3617 4878 ἀνθρώπων.

2522 4902 2584 4950 Τί
2648 4898 2750 4972 γὰρ
2815 4927 2885 4937 -
2937 4897 3208 4969 περιπάτει
3262 4911 3276 4961 ;
3331 4895 3470 4948 Ἐπεὶ
3539 4892 3850 4966 βλάσφημος
3927 4893 4045 4965 ῧμῐν

2450 4985 2609 5054 δοκῶ,
2655 4989 2835 5060 φησὶν,
2878 4987 2946 5048 ὡς
2979 4983 3115 5057 ἀφιεὶ
3163 4983 3444 5057 ἁμαρτίας,
3473 4986 3561 5036 καὶ
3590 4985 3704 5035 ἴσον
3731 4980 3949 5054 ἐμαυτὸν
3975 4990 4047 5053 τῷ

3610 4447 3885 4517 ἀδύνατον,
3955 4451 4052 4502 ούκ

2821 5165 2890 5200 ⁷³·
2923 5162 2968 5218 ll
2993 5161 3163 5219 Paral
3193 5177 3265 5233 v1,
3299 5164 3394 5218 3o.
3473 5162 3520 5196 ⁷⁸

1894 5359 2117 5428 Variae
2155 5360 2482 5430 lectiones
2514 5371 2576 5429 et
2606 5370 2806 5430 notae.

768 5521 884 5595 (86)
925 5521 1160 5582 Correxi
1193 5526 1361 5597 φανέν,
1391 5524 1522 5583 loco
1553 5529 1737 5602 φαμέν.
1764 5527 1846 5586 lta
1873 5527 2049 5586 etiam
2080 5528 2340 5588 Hentenil

2443 5530 2667 5586 videtur
2695 5529 2928 5600 legisse.

763 5674 879 5752 (oo)
910 5675 1130 5751 Nempe
1158 5679 1363 5738 Deum.
1405 5679 1611 5738 Abesse
1633 5679 1830 5751 debet,
1853 5696 2072 5753 nempe.
2108 5684 2276 5743 Forte
2296 5688 2340 5742 ιε

2443 5699 2501 5741 3n
2525 5683 2684 5756 legit,
2717 5680 2787 5746 εἷς
2827 5679 3036 5742 δηλαδή
3073 5684 3098 5736 6
3125 5686 3275 5745 Θεός.
