4206 6310
279 262 393 317 305

1275 256 1641 314 COMMENT.
1688 255 1753 311 ΙΝ
1794 251 2236 309 MATTH/EUM.
2282 280 2346 291 --
2389 250 2544 306 CAP.
2591 248 2691 305 IX.

3544 252 3652 308 306

289 397 409 459 Θεῴ
488 396 665 454 ποιῶν,
734 386 1050 460 ἀποκρίθητε
1108 390 1260 439 Ποῖόν
1322 388 1461 437 ἐστιν
1522 383 1885 456 εὐχερέστερον

2001 382 2266 449 peccata,
2285 382 2339 431 et
2354 375 2642 447 aequalem
2661 375 2887 431 faciens
2925 377 3225 449 meipsum
3247 379 3382 444 Deo,
3400 393 3626 451 respon
3640 409 3654 421 -

291 478 365 539 εἰς
398 479 600 550 πρᾶξιν,
628 496 838 549 ποι-ερον
886 480 941 527 τὸ
982 477 1137 528 εἰπεῖν
1183 472 1322 539 τόδε,
1355 473 1384 531 ἢ
1436 476 1490 524 τό
1526 472 1682 524 εἰπεῖν
1715 468 1835 522 τόδε
1869 487 1883 536 ;

291 567 463 619 Ἦσαν
518 563 574 617 δὲ
621 570 710 615 καὶ
758 566 910 636 ἄμφω
951 566 1032 630 τὰ,
1076 568 1193 637 περὶ
1242 564 1307 613 ὧν
1343 564 1599 637 ἠρώτησε,
1653 568 1765 629 Θεῷ
1796 580 1884 631 μεν

294 652 512 718 δυνατὰ,
562 653 813 727 ἀνθρώπῳ
864 650 922 705 δὲ
960 649 1213 704 ἀδύνατα.
1273 657 1371 704 Καὶ
1408 654 1508 723 γὰρ
1540 654 1629 700 καὶ
1674 652 1732 701 τό
1774 648 1886 720 ἀφι-

290 748 398 795 έναι
434 741 685 816 ἁμαρτίας
718 749 850 794 Θεοῦ
897 746 1054 812 μόνου
1088 738 1148 798 ἦν
1182 758 1193 769 ’
1243 741 1427 811 ὁμοίως
1481 735 1538 791 δὲ
1568 742 1656 789 καὶ
1685 741 1739 789 τό
1772 738 1885 788 κατ’

287 831 531 893 ἐξουσίαν
576 829 792 905 ἐγεῖραι,
838 836 928 882 καὶ
977 829 1234 901 ἀρτιώσαι
1274 830 1384 898 (b7)
1433 830 1517 879 τὸν
1570 826 1880 901 παραλυτον,

283 925 555 989 Σιγώντων
599 915 657 971 δὲ
712 919 898 987 αὐτῶν,
951 915 1063 982 διὰ,
1115 922 1171 969 τό
1225 914 1508 990 μηδέτερον
1561 919 1698 987 ἔχειν
1731 915 1885 967 εἰπεῖν

279 1008 657 1082 εὐχερέστερον
698 1007 893 1080 ἐτέρου,
927 1012 1084 1079 φησὶν
1123 1007 1272 1067 αὐτὸς
1306 1024 1316 1035 ·

352 1184 466 1237 Ἵνα
527 1216 596 1227 --
648 1186 923 1260 ἁμαρτίας.
1010 1184 1353 1237 Ἐ).).ειπτικον
1425 1182 1537 1236 ἐστι
1625 1187 1771 1235 τουτὶ
1828 1185 1885 1234 τό

284 1284 481 1347 σχῆμα
530 1282 621 1326 τοῦ
672 1274 829 1345 λόγου
860 1292 873 1303 ’
923 1274 1084 1326 λείπει
1139 1276 1239 1346 ’χείρ
1278 1277 1356 1337 τὸ,
1401 1276 1733 1346 Θεωρὴσατε.
1778 1270 1887 1323 Ἵνα

286 1361 369 1428 δὲ,
431 1368 580 1435 φησι,
638 1371 820 1434 γνῶτε,
878 1364 956 1414 ὅτι
1009 1364 1033 1414 ὁ
1088 1367 1379 1434 φαινόμενος
1435 1364 1555 1433 ὑμῖν
1618 1362 1887 1433 ἄνθρωπος

289 1451 529 1514 ἐξουσίαν
586 1454 718 1522 ἔχει,
775 1455 838 1511 ὡς
896 1455 1045 1515 Θεὸς,
1102 1450 1347 1523 piatam
1406 1455 1474 1503 Τό
1525 1448 1603 1518 δὲ,
1663 1449 1745 1502 ἐπὶ
1792 1458 1887 1507 τῆς

285 1547 409 1609 γῆς,
465 1540 630 1600 ἁπλῶς
684 1545 1012 1611 πρόσκειται,
1066 1544 1095 1598 ἦ
1139 1542 1249 1591 ἀντὶ
1296 1548 1405 1604 τοῦ,
1460 1539 1542 1591 ἐπὶ
1592 1549 1683 1599 τῆς
1738 1538 1785 1591 ἐν
1816 1547 1882 1610 γῇ

294 1627 556 1688 πολιτείας
586 1628 764 1686 αὐτοῦ.
796 1626 972 1699 Ἔλεγε
1001 1625 1059 1681 δὲ
1088 1636 1237 1681 τοῦτο
1267 1634 1382 1702 περὶ
1414 1629 1616 1685 ἑαυτου.

369 1880 496 1928 Τότε
521 1876 651 1947 λέγει
690 1908 748 1916 —-
785 1877 960 1929 αὐτοῦ.
996 1874 1208 1935 Ἐπειδὴ
1261 1881 1318 1928 τό
1358 1880 1446 1944 μὲν
1480 1876 1679 1949 ἀφιέναι
1725 1877 1888 1952 ἁμαρο

299 1971 410 2026 τίας
450 1965 610 2037 ἀφανῆ
644 1970 734 2023 τὴν
780 1963 1045 2029 ἀπόδειξιν
1098 1964 1209 2037 εἶχε
1241 1988 1251 2000 ·
1287 1971 1342 2018 τὸ
1394 1964 1452 2019 δὲ
1498 1968 1613 2017 κατ’
1652 1965 1887 2029 ἐξουσίαν

299 2054 494 2128 ἐγεῖραι
546 2058 630 2105 τὸν
688 2054 976 2128 παραλυτον
1035 2061 1250 2130 φανερᾶς
1310 2053 1474 2108 ἐδεῖτο
1532 2065 1625 2117 τῆς
1681 2054 1889 2108 ἀποδεί-

299 2143 420 2205 ξεως
452 2160 465 2172 ·
510 2150 730 2194 ποιεῖται
780 2148 872 2202 τὴν
913 2147 1128 2216 φανερὰν
1185 2151 1460 2218 τεκμήριον
1516 2154 1605 2205 τῆς
1649 2144 1886 2216 ἀφανοῦς.

292 2236 384 2282 καὶ
440 2228 532 2282 διὰ
577 2235 769 2293 ταύτης
818 2238 907 2283 καὶ
958 2237 1073 2306 περὶ
1124 2232 1312 2292 ἐκείνης
1365 2233 1694 2307 πληροφορεῖ,
1738 2235 1817 2285 ὅτι
1862 2234 1887 2284 ὁ

286 2328 441 2371 τοῦτο
482 2317 725 2381 δυνηθεὶς
779 2319 998 2373 δύναται
1039 2321 1261 2377 κάκεῖνο.
1320 2326 1451 2395 Πρός
1494 2322 1778 2394 βεϐαίωσιν
1830 2320 1888 2375 δί

288 2417 380 2468 τῆς
437 2408 764 2480 συσφίγξεως
820 2418 909 2461 τοῦ
963 2415 1269 2484 παρειμένον
1327 2417 1580 2482 σώματος,
1631 2409 1886 2462 ἐκέὶευσεν

293 2490 419 2569 ἆραι
459 2502 542 2549 τόν
590 2497 902 2572 κραϐξατον,
946 2500 1028 2550 ἶνα
1085 2504 1156 2571 μὴ
1214 2496 1339 2572 δόξῃ
1393 2505 1652 2572 φαντασία
1698 2518 1777 2559 τις
1828 2502 1885 2550 τό

294 2591 644 2657 γεγενημένον.
722 2587 1047 2639 Ἀποστέλ).ει
1124 2585 1183 2640 δὲ
1241 2588 1393 2640 αὐτὸν
1449 2589 1519 2650 εἰς
1587 2592 1671 2639 τόν
1743 2586 1885 2639 οἷκον

297 2674 497 2726 αὐτόν·
556 2683 707 2727 τοῦτο
776 2679 888 2744 μὲν,
958 2678 1040 2728 ἶνα
1106 2682 1177 2749 μὴ
1246 2682 1419 2749 παρὼν
1471 2683 1559 2729 καὶ
1634 2680 1885 2750 ὁρώμενος

293 2767 495 2815 ἔπαινον
549 2764 688 2835 αὐτῷ
748 2764 1078 2838 προξενήσῃ·
1141 2773 1290 2818 τοῦτο
1349 2763 1407 2818 δὲ
1465 2771 1573 2833 καὶ,
1632 2767 1713 2817 ἵνα
1771 2774 1879 2838 σχῇ

286 2854 558 2925 μάρτυρας
615 2861 702 2913 τῆς
771 2855 949 2923 ὑγείας
1006 2853 1425 2929 ἀναντιρρήτους,
1494 2855 1680 2915 αὐτοὺς
1764 2858 1886 2915 τοὺς

291 2939 406 3011 (88)
465 2939 905 3015 ἀπαραγραπτους
956 2948 1044 2994 καὶ
1100 2950 1194 3004 τῆς
1240 2948 1394 2995 νόσου
1442 2945 1730 3018 μάρτυρας,
1794 2946 1885 2995 καὶ

294 3030 379 3080 ἱνα
409 3032 607 3091 τούτοις
633 3029 836 3103 ἀφορμὴ
870 3035 1082 3101 γένηται
1106 3037 1344 3093 πίστεως.

365 3202 584 3268 Ἰδόντες
640 3204 697 3259 δὲ
746 3240 811 3247 —
862 3207 1165 3280 ἀνθρώποις.
1226 3212 1561 3282 Ἐθαύμασαν
1621 3213 1729 3282 μὲν,
1806 3212 1887 3261 ὅτι

287 3296 359 3357 ὡς
427 3299 557 3356 Θεὸς
604 3295 1134 3369 ἐθαυματούργησεν’
1195 3300 1327 3370 ὅμως
1393 3302 1659 3373 ἄνθρωπον
1732 3300 1887 3351 αὐτὸν

285 3382 420 3437 εἶναι
474 3384 846 3457 ὑπελαμιῗανον,
893 3389 1083 3457 ἔχοντα
1125 3386 1362 3448 ἐξουσίαν
1402 3390 1526 3462 ὑπὲρ
1580 3390 1875 3461 ἄνθρωπον,

541 3568 679 3614 ΚΕΦ.
719 3561 813 3616 ΙΔ’.
848 3567 972 3636 Περὶ
1003 3565 1272 3616 Ματθαίου
1304 3572 1394 3616 τοῦ
1418 3564 1649 3621 τελώνου.

364 3656 467 3704 Καὶ
516 3683 585 3689 -
638 3649 904 3703 ἀκολούθει
964 3672 1073 3723 μοι.
1136 3684 1201 3692 —-
1256 3656 1531 3727 Παραγων,
1606 3653 1717 3707 ἀντὶ
1773 3662 1884 3726 τοῦ,

295 3745 653 3812 πορευόμενος.
711 3739 847 3814 Ὀρα
900 3737 958 3793 δὲ
1022 3746 1107 3793 τόν
1184 3742 1570 3813 εὖαγγελιστήν,
1632 3752 1739 3805 πῶς
1795 3744 1888 3795 οὐκ

1737 3832 1890 3883 Ἀλλὰ

303 3917 511 3989 Μάρκος
547 3920 635 3988 μεν
675 3923 764 3969 καὶ
813 3924 1037 3988 Λουκᾶς,
1090 3916 1237 3971 αἰδοῖ
1282 3927 1372 3971 τοῦ
1424 3923 1790 3993 σννμμςιθητοῦ,
1832 3924 1888 3973 τὸ

300 3826 674 3897 ἐπαισχύνεται
756 3832 840 3881 τόν
932 3835 1177 3904 πρότερον
1253 3831 1435 3883 ἑαυτοῦ
1523 3831 1660 3904 βίον.

1485 4015 1585 4062 Λευ
1594 4012 1637 4061 ἲν
1708 4018 1797 4062 τοῦ
1806 4030 1888 4061 τον

1603 4098 1767 4159 Αὐτὸς
1830 4095 1889 4150 δε

1486 4184 1627 4239 διότι
1692 4184 1806 4239 οὐδ’
1863 4189 1888 4238 ό

300 4276 526 4344 Χριστός
569 4271 879 4345 ἐπῃσχύνθη
928 4282 1133 4331 τοῦτον,
1194 4274 1339 4347 ’Ἅμα
1392 4272 1449 4328 δὲ
1496 4282 1585 4328 καὶ
1626 4273 1888 4329 δείκνυσιν

304 4009 511 4079 φανερόν
564 4010 723 4078 ὄνομα
783 4010 967 4058 τούτου
1039 4005 1391 4082 παρέδραμον,

303 4092 635 4163 ὀνομάσαντες
678 4113 689 4124 °
750 4093 973 4147 ἐκαλεῖτο
1020 4099 1118 4169 γαρ
1186 4102 1275 4149 καὶ
1348 4106 1525 4155 τοῦτο,

302 4192 524 4255 φανερῶς
578 4184 795 4242 τε)ὡνην
852 4184 1029 4237 ἑαυτόν
1088 4185 1408 4258 ἀνομολογεῖ,

297 4361 522 4413 ἐντενῦεν
608 4367 700 4419 τὴν
761 4359 981 4435 δύναμιν
1060 4372 1151 4417 τοῦ
1221 4364 1531 4427 καλέσαντος
1602 4367 1753 4418 αὐτόν
1824 4367 1890 4427 εἰς

293 4453 603 4522 μαθητείαν,
664 4460 772 4511 πῶς
820 4451 1076 4504 ἀνέσπασε
1125 4461 1305 4504 τοῦτον
1358 4455 1578 4526 εὐχερῶς
1627 4454 1678 4506 ἐκ
1726 4460 1888 4527 μέσου

296 4550 386 4593 τοῦ
428 4541 688 4605 τελωνίον,
742 4538 946 4615 σφόδρα
986 4539 1322 4616 φιλοκερδοῦς
1368 4549 1455 4594 καὶ
1511 4540 1890 4604 ἀναιδεστατης

294 4628 602 4689 καπηλείας.
664 4629 907 4681 Talai-nov
958 4634 1057 4703 γὰρ
1116 4634 1247 4702 λέγει
1312 4635 1368 4683 τό
1433 4641 1522 4683 τοὺ
1580 4651 1891 4705 κομμερκια-

296 4723 412 4790 ρίου
447 4719 557 4787 (89)
601 4725 929 4791 πραιτώριον.
976 4720 1151 4782 Δείξας
1185 4718 1242 4772 δε
1285 4726 1529 4794 πρότερον
1579 4722 1603 4770 ὁ
1642 4724 1890 4793 Χριστός,

304 4808 384 4857 ὅτι
443 4803 664 4858 δύναται
732 4806 932 4879 ἀφιέναι
997 4809 1253 4881 ἁμαρτίας
1328 4814 1441 4861 τότε
1504 4813 1589 4860 καὶ
1657 4807 1739 4860 ἐπὶ
1809 4813 1893 4860 τόν

378 4986 426 5019 ⁷⁵
465 4985 639 5041 Marc.
677 5002 733 5052 ιι,
778 4986 881 5053 14;
914 4985 1054 5051 Luc,
1088 5002 1144 5052 v,
1178 4989 1266 5041 27.

1995 467 2128 524 dete
2170 466 2339 530 mihi,
2382 470 2578 521 utrum
2612 471 2698 520 est
2730 464 2961 521 facilius
2990 472 3053 522 ut
3076 482 3256 539 opere
3288 468 3650 539 perﬁciatur,

1994 572 2071 611 an
2106 556 2299 611 dicere
2338 554 2473 617 hoc,
2507 553 2600 608 vel
2633 553 2752 624 (pp)
2786 554 2981 609 dicere
3010 554 3157 610 illud
3184 556 3212 610 ?
3243 556 3420 612 Erant
3448 560 3653 613 autem

1996 645 2178 699 ambo
2201 646 2268 699 de
2291 645 2507 715 quibus
2527 643 2954 712 interrogabat,
2982 644 3099 699 Deo
3125 645 3369 716 quidem
3400 647 3658 717 possibi-

1992 733 2091 801 lia,
2118 732 2461 787 hominibus
2479 747 2617 786 vero
2647 732 3069 802 impossibilia.
3110 735 3258 789 Nam
3286 740 3343 789 et
3360 736 3655 793 remittere

1994 825 2241 893 peccata
2271 819 2454 875 solius
2488 820 2584 875 Dei
2617 824 2760 885 erat,
2796 824 2849 875 et
2878 820 3144 876 similiter
3169 838 3278 879 sua.
3308 824 3655 882 auctoritate

1995 909 2219 980 erigere
2260 924 2331 966 ac
2378 908 2733 964 conﬁrmare
2789 908 3210 980 paralyticum.
3260 913 3403 967 Cum
3453 918 3655 970 autem

1994 983 2076 1055 illi
2102 1004 2383 1067 tacerent,
2407 1015 2477 1054 eo
2501 1000 2667 1071 quod
2687 1002 2965 1055 neutrum
2989 999 3176 1056 altero
3199 997 3431 1057 facilius
3460 1001 3656 1059 dicere

1997 1091 2289 1160 poterant,
2324 1088 2403 1142 ait
2430 1088 2555 1158 ipse
2575 1103 2587 1142 :

2068 1179 2223 1231 Vers.
2246 1180 2297 1231 6.
2322 1177 2389 1232 Ut
2412 1207 2479 1214 —
2499 1180 2756 1246 peccata.
2788 1173 3120 1231 Defectivus
3145 1178 3232 1231 est
3253 1175 3349 1231 hic
3371 1175 3656 1249 loquendi

1995 1264 2233 1320 modus.
2269 1263 2474 1319 Deﬁcit
2503 1264 2685 1333 enim,
2717 1264 3019 1334 Respicite.
3072 1266 3160 1329 Ut,
3192 1264 3406 1337 inquit,
3439 1281 3658 1337 cogno~

1995 1354 2195 1418 scatis,
2227 1353 2391 1425 quod
2422 1353 2525 1425 qui
2556 1354 2719 1408 vobis
2760 1358 3009 1424 apparet
3050 1354 3253 1424 homo,
3303 1358 3657 1427 potestatem

1993 1442 2216 1498 habeat
2271 1447 2555 1513 tanquam
2618 1444 2794 1505 Deus,
2852 1441 3144 1513 respicite.
3216 1443 3383 1509 Quod
3454 1448 3655 1501 autem

1995 1531 2274 1588 additur:
2320 1534 2381 1586 in
2436 1537 2614 1595 terra,
2664 1530 2921 1602 simplici
2985 1547 3165 1587 sensu
3222 1532 3503 1603 ponitur:
3552 1537 3657 1590 aut

1994 1620 2154 1676 valet
2205 1619 2576 1675 tantumdem
2624 1635 2695 1675 ac
2762 1618 2808 1674 si
2855 1618 3130 1675 dicatur:
3211 1620 3272 1676 in
3334 1636 3655 1679 conversa-

1920 1724 1965 1779 Β
1997 1710 2155 1765 tione
2184 1724 2365 1782 quam
2394 1707 2577 1765 habet
2616 1706 2676 1763 in
2708 1711 2879 1764 terra.
2917 1706 3160 1765 Dicebat
3189 1708 3389 1783 itaque
3435 1709 3551 1767 hoc
3579 1710 3655 1768 de

2000 1812 2221 1868 seipso.

2069 1886 2229 1941 Vers.
2264 1884 2317 1939 6-
2352 1884 2512 1940 Tunc
2542 1884 2625 1939 ait
2670 1914 2739 1923 —
2769 1887 2829 1939 V.
2864 1889 2917 1939 7.
2952 1900 3141 1942 suam.
3177 1886 3325 1951 Quia
3354 1886 3654 1944 remittere

1997 1978 2243 2046 peccata
2296 1974 2581 2029 latentem
2628 1972 2889 2029 habebat
2918 1973 3534 2041 demonsitrationem,
3574 1974 3655 2032 ad

1998 2062 2343 2132 erigendum
2416 2065 2615 2118 autem
2670 2077 2779 2118 sua
2842 2063 3188 2119 auctoritate
3251 2063 3653 2135 paralyticum

2000 2151 2314 2207 manifesta
2356 2166 2511 2222 opus
2543 2154 2670 2206 erat
2720 2150 3252 2218 demonstratione,
3307 2150 3447 2208 facit
3488 2151 3653 2224 quod

1999 2239 2379 2295 manifestum
2410 2243 2500 2294 est
2541 2239 2601 2294 in
2634 2239 2873 2309 signum
2904 2240 3054 2310 ejus,
3086 2239 3251 2312 quod
3294 2244 3418 2296 erat
3452 2240 3653 2296 occul-

1998 2333 2123 2384 tum
2151 2345 2163 2383 :
2198 2332 2255 2383 et
2295 2344 2401 2399 per
2425 2328 2556 2392 hoc,
2592 2333 2648 2383 et
2679 2343 2783 2399 per
2813 2327 2957 2382 illud
2983 2328 3225 2399 plenam
3258 2328 3397 2385 facit
3444 2327 3651 2395 ﬁdem,

1997 2416 2163 2489 quod
2192 2416 2391 2473 ethoc
2442 2416 2628 2487 possit
2680 2420 2733 2472 et
2777 2415 2943 2471 illud.
3004 2415 3093 2471 Ad
3133 2416 3652 2474 conﬁrmationem

1997 2510 2189 2561 autem
2219 2504 2384 2577 quod
2411 2520 2629 2576 corpus
2659 2504 2970 2560 robustum
2998 2504 3447 2578 relinqueretur,
3468 2506 3656 2576 jussit

1996 2597 2063 2649 ut
2106 2593 2328 2650 tolleret
2355 2593 2677 2665 grabatum
2721 2609 2918 2659 suum,
2964 2609 3041 2649 ne
3084 2594 3465 2665 phantastico
3494 2609 3648 2667 quo-

1994 2682 2139 2738 dam
2182 2682 2355 2738 modo
2383 2682 2512 2738 ﬁeri
2538 2682 2858 2738 videretur-
2887 2682 3122 2739 Dimittit
3165 2683 3347 2739 etiam
3388 2682 3555 2738 illum
3590 2683 3652 2739 in

1994 2771 2245 2827 domum
2277 2786 2449 2825 suam
2475 2786 2486 2825 :
2517 2774 2643 2825 tum
2684 2786 2757 2825 ne
2783 2785 3051 2841 praesens
3095 2786 3164 2827 ac
3194 2771 3375 2840 visus,
3406 2770 3647 2826 laudem

1994 2859 2106 2915 sibi
2133 2859 2491 2921 conciliaret,
2522 2863 2648 2913 tum
2674 2858 2851 2914 etiam
2878 2864 2942 2913 ut
2967 2859 3235 2915 sanitatis
3265 2863 3441 2915 testes
3469 2858 3653 2915 habe-

1994 2953 2102 3018 ret,
2151 2948 2371 3021 quibus
2426 2947 2754 3004 contradici
2805 2963 2926 3003 non
2974 2952 3196 3020 posset,
3238 2948 3402 3020 ipsos
3439 2962 3653 3020 nempe

1918 3073 1959 3128 Ο
1995 3037 2098 3128 qui
2130 3037 2324 3093 morbi
2350 3040 2521 3092 testes
2542 3040 2732 3103 erant,
2754 3040 2935 3110 utque
2965 3036 3108 3109 ipsis
3128 3036 3265 3092 ﬁdei
3287 3037 3457 3093 ﬁeret
3485 3052 3658 3094 occa-

1999 3143 2108 3181 810.

2067 3214 2231 3271 Vers.
2258 3218 2307 3269 8.
2331 3215 2477 3269 Cum
2500 3214 2779 3270 vidissent
2801 3245 2869 3254 —
2891 3213 3241 3270 hominibus.
3266 3213 3657 3270 Admiraban-

1998 3307 2089 3358 tur
2118 3302 2376 3374 quidem,
2405 3300 2570 3373 quod
2600 3301 2769 3373 quasi
2803 3304 2955 3356 Deus
2984 3300 3341 3355 miraculum
3372 3304 3652 3372 operatus

1997 3395 2123 3447 erat
2156 3410 2167 3448 :
2200 3390 2508 3445 hominem
2540 3393 2738 3445 tamen
2770 3405 2910 3445 eum
2940 3405 3064 3444 esse
3090 3388 3507 3460 opinabantur,
3540 3387 3652 3444 ha-

1996 3480 2237 3536 bentem
2269 3481 2620 3551 potestatem
2650 3493 2829 3549 super
2856 3477 3185 3533 hominem.

2283 3570 2433 3625 CAP.
2464 3568 2596 3624 XIV.
2625 3569 2700 3625 De
2723 3568 3001 3625 Matthiae
3028 3568 3366 3637 publicam.

2067 3660 2227 3712 Vers.
2261 3661 2311 3713 9.
2336 3658 2415 3713 Et
2444 3688 2513 3697 —
2542 3672 2774 3728 sequere
2803 3672 2912 3714 me.
2932 3655 3378 3722 —Pra:teriens,
3402 3654 3518 3711 hoc
3543 3659 3651 3721 est,

1996 3760 2267 3818 pergens.
2304 3744 2624 3801 Considera
2650 3749 2844 3799 autem
2877 3745 3304 3814 evangelistam
3345 3744 3654 3815 quomodo

1997 3850 2119 3889 non
2150 3832 2444 3888 erubuerit
2470 3832 2548 3887 ob
2570 3832 2826 3904 priorem
2857 3831 3041 3887 vitam
3069 3847 3261 3887 suam.
3285 3831 3400 3887 Sed
3422 3834 3655 3888 Marcus

1997 3922 2241 3995 quidem
2271 3927 2327 3977 et
2353 3923 2537 3976 Lucas
2566 3922 2637 3991 ⁷⁵,
2687 3920 2762 3976 ob
2788 3920 3189 3992 condiscipuli
3237 3921 3651 3976 reverentiam.

1998 4013 2509 4083 prmtermittentes
2586 4009 2964 4065 manifestum
3018 4011 3144 4079 ejus
3212 4023 3454 4077 nomen,
3512 4009 3652 4066 Levi

1997 4102 2155 4156 hunc
2202 4102 2580 4163 vocaverunt,
2638 4098 2719 4152 sic
2749 4098 2909 4153 enim
2955 4098 3137 4153 etiam
3191 4096 3651 4168 appellabatur;

1996 4191 2119 4263 ipse
2147 4204 2288 4245 vero
2319 4193 2517 4260 aperte
2568 4187 2835 4260 seipsum
2885 4186 3275 4259 publicanum
3302 4185 3537 4243 fatetur.
3575 4187 3658 4243 Si-

1998 4278 2242 4351 quidem
2268 4292 2464 4349 neque
2492 4276 2787 4331 Christum
2817 4275 2945 4345 ejus
2972 4273 3208 4347 puduit.
3244 4273 3427 4330 Simul
3455 4278 3658 4330 autem

1997 4369 2136 4423 hinc
2159 4366 2311 4422 illius
2331 4364 2588 4421 ostendit
2604 4365 2891 4429 virtutem,
2915 4364 3018 4436 qui
3047 4378 3111 4418 se
3133 4362 3209 4417 ad
3223 4361 3650 4434 discipulatum

2002 4457 2235 4510 vocavit
2265 4472 2277 4505 :
2311 4468 2494 4524 quam
2512 4450 2682 4507 facile
2700 4468 2729 4507 e
2756 4450 2958 4507 medio
2980 4451 3200 4506 telonio
3221 4449 3368 4505 lucri
3389 4449 3651 4505 maxime

2003 4543 2212 4598 avidos
2226 4558 2295 4597 ac
2312 4540 2824 4614 impudentissime
2842 4545 3250 4611 cauponantes
3265 4537 3649 4595 abstraxerit.

2002 4632 2304 4687 Telonium
2334 4647 2469 4687 vero
2499 4627 2640 4685 dicit
2665 4630 2845 4700 hujus
2877 4626 3300 4684 commerciarii
3329 4628 3416 4695 (ut
3461 4626 3539 4680 ita
3565 4626 3658 4681 lo-

2003 4721 2276 4793 quamur)
2304 4720 2640 4791 praetorium
2662 4722 2763 4772 aut
2789 4717 3063 4773 domum.
3092 4717 3237 4771 Cum
3261 4717 3458 4769 autem
3488 4712 3659 4783 prius

2006 4809 2369 4866 ostendisset
2450 4807 2732 4870 Christus,
2818 4802 2983 4876 quod
3051 4806 3297 4874 peccata
3364 4800 3660 4857 remittere

1479 5110 1696 5179 Variae
1743 5109 2068 5177 lectiones
2101 5116 2169 5179 et
2217 5115 2394 5175 notae

375 5226 488 5297 (87)
523 5226 561 5281 i.
598 5225 931 5312 e.'_a’tP,Tt[J..53ﬁ
967 5236 1230 5312 ποιῆσαιη
1258 5226 1561 5312 συσφῑγξαι.
1609 5230 1898 5300 Frequen-

306 5296 417 5372 tius
441 5298 699 5372 occurrit
719 5296 949 5372 "apage,
985 5314 1167 5369 quam
1209 5296 1417 5372 ἀρτιόὼ.

377 5370 484 5441 (88)
517 5370 555 5425 i.
590 5386 643 5426 e.
674 5370 794 5431 τοὺς
829 5370 1050 5431 οἰκείους
1078 5374 1166 5422 καὶ
1198 5370 1489 5441 συγγενεῖς.

379 5549 499 5623 (pp)
529 5547 989 5621 Factu_facilius,
1020 5553 1220 5605 utrum
1251 5547 1442 5605 dicere
1467 5547 1602 5614 hoc,
1634 5564 1732 5606 an.

2080 5226 2195 5296 (89)
2226 5226 2562 5297 κομμερκίου,
2602 5223 2669 5297 Α,
2703 5220 2879 5297 male.
2910 5218 3128 5297 Eadem
3155 5232 3275 5276 vox
3306 5232 3491 5297 supra
3517 5217 3658 5290 legi-

2008 5289 2105 5351 tur
2149 5289 2433 5351 adMattli.
2495 5310 2551 5360 v,
2607 5296 2698 5363 46,
2751 5292 2855 5348 ubi
2918 5290 3140 5355 τελώνης
3194 5289 3470 5363 explicat,
3528 5289 3656 5363 κομ-

2008 5369 2327 5442 μερκιάριος.
