4206 6310
609 249 716 310 307

1930 243 2221 302 EUTHYM
2232 247 2275 302 II
2315 245 2644 304 ZIGABENI

3865 249 3984 306 308

611 376 838 454 posset,
865 374 1008 430 tunc
1039 371 1216 430 etiam
1246 371 1324 428 ad
1369 371 1755 445 publicanum
1808 371 1988 435 venit,
2035 385 2111 427 ne
2147 375 2266 428 tur-

2377 373 2590 430 τελώνην
2644 375 2878 448 ἔρχεται,
2924 374 3006 426 ἱνα
3057 378 3129 446 μὴ
3186 372 3502 427 θοτυϐῶνταί
3556 393 3706 438 τινες,
3754 372 3984 447 βλέπον-

612 468 831 525 bentur
861 465 1059 537 aliqui,
1091 463 1360 519 videntes
1391 477 1531 518 eum
1565 460 1872 533 discipulis
1904 475 2269 516 annumera-

613 562 762 628 tum,
798 555 906 613 sed
935 551 1192 623 cogitent
1220 550 1443 623 potius,
1475 551 1641 621 quod
1670 550 1772 622 qui
1803 548 1976 606 solvit
2013 548 2270 605 aliorum

612 650 878 718 peccata,
913 642 1100 699 multo
1131 639 1324 709 magis
1351 654 1598 694 suorum
1623 643 1870 710 peccata
1899 636 2171 694 absolvit.

684 736 725 805 -ι-
765 737 1072 804 Tanquam
1099 729 1173 783 de
1203 729 1391 784 altero
1420 730 1645 794 narrat,
1667 743 1804 799 quae
1829 727 1988 781 circa
2009 741 2070 780 sc
2092 723 2270 781 conti-

614 826 829 894 gerunt
874 817 1226 892 jactantiam
1283 815 1642 872 abhorrens:
1698 829 1920 886 magna
1975 813 2271 884 siquidem

611 911 792 968 laude
845 909 1064 982 dignus
1117 909 1263 973 erat,
1321 904 1488 976 quod
1545 903 1827 960 continuo
1889 906 2129 959 secutus
2185 905 2275 958 est

614 1015 853 1144 entitlers.
887 1090 940 1142 9.
979 1085 1060 1140 At
1117 1084 1224 1140 ille
1274 1113 1343 1122 —
1397 1097 1542 1138 eum.
1585 1079 1897 1137 Admirare
1951 1080 2275 1151 perfectam

617 1177 748 1249 ejus
768 1176 872 1249 qui
895 1177 1144 1231 vocatus
1161 1176 1270 1239 est,
1297 1170 1693 1228 obedientiam
1719 1189 1730 1228 :
1756 1170 2058 1242 quomodo
2078 1184 2276 1241 neque

617 1265 975 1324 consultavit
1002 1263 1162 1335 apud
1188 1278 1270 1329 se,
1306 1260 1611 1333 quomodo
1640 1259 1874 1314 nullum
1911 1273 2089 1330 super
2118 1274 2189 1314 ea
2217 1273 2275 1314 re

616 1353 917 1412 consuluit
959 1352 1243 1418 amicum,
1300 1349 1609 1422 quomodo
1652 1363 1774 1403 non
1816 1347 2114 1418 disposuit
2150 1364 2276 1418 quae

615 1445 835 1502 domus
859 1446 1040 1514 atque
1072 1439 1424 1496 substantiae
1465 1454 1580 1493 suae
1606 1442 1805 1502 erant;
1834 1437 1940 1491 sed
1965 1435 2276 1491 confestim

615 1548 881 1605 surgens,
947 1533 1190 1586 secutus
1238 1530 1345 1595 est,
1418 1526 1624 1583 relicto
1680 1525 1957 1581 universo
2011 1524 2274 1580 mundo:

615 1622 809 1680 solam
837 1624 1036 1677 autem
1069 1617 1322 1675 adduxit
1350 1620 1612 1672 mentem
1643 1614 1722 1671 ad
1752 1614 1957 1670 omnia
1983 1617 2274 1685 paratam,

2375 481 2457 522 τες
2503 462 2656 514 αὐτὸν
2699 469 2804 521 τοῖς
2863 463 3124 533 μαθηταῖς
3164 463 3491 537 ἐναρίθμιονο
3545 462 3648 515 ἀλλ’
3704 465 3787 516 ἶνα
3823 463 3985 534 λογί-

2379 550 2589 614 ζωνται,
2658 552 2738 602 ὅτι
2813 553 2838 602 ὁ
2892 551 3069 625 ἑτέρων
3144 553 3497 625 ἁμαρτήματα
3560 552 3712 618 λύων,

2377 639 2565 708 μᾶλλον
2591 639 2737 692 ἔλυσε
2761 641 2826 691 τὰ
2863 648 2954 692 τοῦ
2982 642 3240 712 μαθητοῦ.

2453 727 2562 800 [Ὡς
2596 728 2710 800 (90)
2741 733 2860 800 περὶ
2902 729 3073 802 ἐτέρου
3111 726 3171 783 δὲ
3195 732 3261 783 τὰ
3289 735 3408 805 περὶ
3451 731 3634 783 ἑαυτοῦ
3681 727 3979 802 διηγεῖται,

2380 821 2604 891 στέργων
2647 821 2705 870 τὸ
2757 816 3094 890 ἀκόμπαστον
3127 839 3140 852 '
3190 823 3327 892 μέγα
3369 821 3470 895 γὰρ
3517 819 3772 887 ἐποίησεν,
3818 819 3982 884 εὐθὺς

2380 904 2564 958 ἀκολου
2573 909 2634 966 θή
2645 925 2742 969 σας
2769 907 2910 978 αὐτῷ
2919 949 2933 965 .

3799 552 3984 623 πολλῷ

2447 1079 2506 1132 Ὀ
2555 1077 2614 1134 δὲ
2656 1112 2724 1121 -
2777 1082 2938 1154 αὐτῷ.
2993 1085 3277 1156 Θαύμασον
3325 1088 3419 1142 τὴν
3470 1083 3662 1136 τελείαν
3705 1092 3796 1136 τοῦ
3836 1085 3970 1143 κλη-

2383 1171 2553 1231 θέντος
2588 1171 2842 1237 ὑπακοήν,
2889 1180 2995 1233 πῶς
3046 1172 3104 1224 οὐ
3153 1169 3491 1244 διεσκέψατο,
3541 1182 3652 1234 πῶς
3711 1174 3806 1226 οὐκ
3862 1172 3975 1227 ἀνευ

2378 1263 2668 1312 κοινώσατο
2721 1265 2839 1333 περὶ
2885 1265 3071 1314 τούτου
3125 1261 3306 1334 φίλοις,
3361 1270 3472 1322 πῶς
3517 1261 3576 1314 οὐ
3625 1258 3859 1333 διῴκησε
3906 1265 3978 1314 τὰ

2380 1351 2514 1400 κατὰ
2551 1352 2637 1400 τόν
2681 1347 2818 1402 οἷκον
2861 1355 2948 1403 καὶ
2992 1354 3086 1408 τὴν
3116 1351 3299 1403 οὐσίαν
3329 1371 3341 1383 ·
3368 1349 3473 1402 ἀλλ’
3524 1351 3705 1411 εὐθέως
3748 1351 3980 1414 ἀναστὰς

2382 1437 2724 1506 ἠκολούθησε,
2769 1440 2939 1491 πάντα
2975 1441 3066 1511 μὲν
3102 1444 3188 1491 τόν
3231 1444 3426 1512 κόσμον
3475 1438 3758 1507 ἀπολιπὼν,
3807 1445 3978 1512 μόνην

2383 1523 2442 1578 δὲ
2496 1532 2588 1586 τὴν
2645 1533 2856 1600 γνώμην
2926 1527 3238 1600 ἐπαγόμενος
3300 1533 3789 1602 παρεσκευασμένην
3845 1533 3980 1602 πρὸς

2382 1618 2447 1667 τὰ
2495 1615 2797 1688 κελευόμενα
2842 1619 2985 1690 παρά
3034 1626 3125 1670 τοῦ
3177 1617 3506 1689 καλέσαντος,
3559 1618 3612 1669 ὃν
3656 1622 3842 1692 τρόπον
3882 1623 3980 1672 καὶ

611 1727 748 1784 qua:
759 1708 1098 1781 jussissetis
1114 1707 1214 1780 qui
1229 1721 1368 1764 eum
1384 1707 1725 1768 vocaverat,
1747 1703 1902 1759 sicut
1917 1707 1973 1758 et
1991 1702 2087 1774 qui
2100 1708 2268 1758 antea

2383 1707 2432 1757 οἱ
2461 1705 2572 1776 (91)
2602 1705 2988 1780 προκληθέντες.

611 1799 811 1856 vocati
832 1797 1086 1854 fuerant.

682 1890 899 1942 Verum
937 1900 1126 1957 quam
1168 1881 1248 1938 ob
1296 1896 1546 1937 causam
1587 1879 1662 1935 de
1709 1879 1883 1934 Petro
1917 1882 1974 1935 et
2015 1878 2271 1945 Andrea,

611 1974 858 2038 Iacobo,
923 1975 1152 2028 Joanne
1222 1984 1292 2025 ac
1347 1967 1640 2036 Matthaso,
1709 1981 1832 2022 non
1893 1966 2088 2022 solum
2145 1967 2272 2038 ipse

613 2061 938 2124 Mattheus,
987 2059 1094 2113 sed
1147 2066 1203 2111 et
1251 2059 1480 2113 Marcus
1535 2071 1605 2112 ac
1647 2056 1831 2110 Lucas
1885 2055 2268 2126 scripserunt,

612 2150 772 2205 unde
797 2154 853 2205 et
876 2146 1186 2220 quomodo
1200 2145 1400 2203 vocati
1421 2148 1578 2212 sunt,
1596 2143 1670 2199 de
1685 2142 1924 2212 reliquis
1940 2157 2081 2198 vero
2097 2143 2274 2198 disci-

609 2238 766 2312 pulis
810 2236 958 2293 nihil
984 2235 1100 2292 tale
1130 2233 1509 2289 docuerunt?
1535 2233 1682 2298 Quia
1705 2231 1767 2288 hi
1797 2234 1948 2287 inter
1993 2230 2141 2287 alios
2170 2231 2272 2288 ab-

604 2327 933 2400 jectissima
987 2322 1294 2381 habebant
1344 2323 1482 2377 vitae
1527 2322 2060 2392 instituta;neque
2111 2319 2268 2376 enim

607 2415 922 2488 quidpiam
943 2413 1120 2485 pejus
1146 2410 1492 2484 publicano,
1519 2425 1715 2482 neque
1742 2408 1920 2464 vilius
1945 2408 2265 2481 piscatore.

605 2506 853 2576 Propter
883 2502 1044 2576 quod
1087 2502 1267 2559 etiam
1297 2499 1669 2571 evangelista
1708 2499 1767 2554 in
1811 2498 2094 2555 omnibus
2147 2497 2268 2555 ﬁde

604 2593 770 2665 digni
796 2591 1115 2657 habentur,
1167 2590 1312 2664 quia
1353 2605 1550 2662 neque
1580 2604 1651 2645 ea
1687 2603 1822 2660 quae
1851 2587 2136 2660 probrum
2179 2587 2267 2645 af-

603 2682 755 2741 ferre
788 2681 1148 2738 videbantur
1177 2679 1706 2751 praetermiserunt,
1737 2692 1849 2732 nec
1877 2676 1939 2731 id
1966 2676 2165 2732 solum
2191 2676 2266 2734 de

606 2769 935 2842 discipulis,
956 2784 1168 2824 verum
1190 2768 1371 2824 etiam
1393 2767 1466 2822 de
1484 2770 1848 2838 praeceptore
1871 2765 2117 2820 faciunt.
2143 2767 2266 2822 Sta-

604 2858 713 2914 tim
744 2858 863 2930 (qq)
908 2871 1175 2930 namque
1217 2855 1480 2929 plurima
1521 2854 1888 2926 reliquerunt
1934 2853 2261 2910 miracula:

603 2946 751 3003 nihil
777 2949 974 3003 autem
1004 2945 1078 3001 de
1103 2944 1197 3000 his
1223 2960 1353 3016 quae
1374 2959 1590 3015 passus
1621 2948 1711 2998 est
1735 2942 2259 3014 praetermiserunt:

2454 1882 2610 1936 Ἀλλά
2677 1888 2814 1946 τίνος
2884 1887 3040 1938 ἕνεκεν
3093 1890 3210 1959 περὶ
3285 1891 3480 1962 Πέτρου
3558 1890 3668 1960 μὲν,
3734 1893 3824 1941 καὶ
3879 1895 3978 1942 Αν-

2383 1968 2558 2046 δρέου,
2607 1978 2696 2026 καὶ
2748 1974 3014 2040 Ἰακώϐου,
3061 1980 3150 2028 καὶ
3213 1976 3467 2040 Ἰωάννου,
3533 1982 3620 2028 καὶ
3671 1979 3973 2046 Ματθαίου,

2381 2079 2438 2112 ου
2491 2081 2642 2133 μονον
2701 2083 2849 2124 αυτος
2897 2084 2923 2116 ο
2962 2067 3249 2131 Ματθαιος,
3306 2064 3431 2117 αλλα
3469 2085 3557 2117 και
3608 2072 3822 2138 Μαρκος
3882 2086 3977 2118 και

2381 2155 2584 2210 Λουκᾶς
2640 2151 2893 2224 ἔγραψαν,
2918 2161 3028 2215 πῶς
3080 2157 3167 2204 καὶ
3213 2159 3329 2206 τίνα
3379 2158 3566 2228 τρόπον
3631 2153 3970 2212 ἐκλήθησαν⁶

2380 2242 2497 2313 περὶ
2551 2235 2610 2292 δὲ
2653 2249 2752 2291 τῶν
2806 2241 2967 2292 ἄλλων
3020 2244 3265 2313 μαθητῶν
3312 2239 3462 2295 οὐδὲν
3507 2250 3738 2295 τοιοῦτον
3786 2240 3968 2296 ἐδίδα-

2381 2326 2520 2394 ξαν;
2561 2332 2701 2380 Διότι
2745 2329 2976 2401 μάλιστα
3013 2339 3110 2383 τῶν
3156 2331 3318 2383 ἄλλων
3372 2332 3515 2384 οὗτοι
3555 2329 3688 2390 ἦσαν
3735 2331 3784 2384 ἐν
3834 2329 3965 2384 ἀπσ-

2380 2414 2588 2478 ϐλήτοις
2653 2416 3084 2491 ἐπιτηδεύμασιν.
3146 2423 3278 2472 Οὔτε
3327 2423 3429 2492 γὰρ
3487 2419 3703 2472 τελώνου
3755 2441 3806 2473 τι
3851 2428 3970 2493 χεῖ-

2376 2525 2486 2578 ρον,
2545 2510 2661 2559 οὔτε
2709 2507 2888 2569 ἁλιέως
2950 2508 3314 2583 εὐτελέστερον.
3371 2513 3459 2562 Διό
3524 2514 3614 2561 καὶ
3673 2510 3862 2582 μᾶλλον
3923 2512 3973 2562 οἱ

2377 2594 2737 2666 εὐαγγελισταὶ
2780 2599 2839 2648 τὸ
2895 2595 3196 2659 ἀξιόπιστον
3250 2597 3297 2650 ἐν
3351 2598 3546 2651 ἅπασιν
3603 2601 3838 2670 ἔχουσιν,
3889 2601 3973 2652 ὅτι

2377 2679 2499 2736 οὐδὲ
2563 2688 2628 2736 τὰ
2695 2682 2949 2738 δοκοῦντα
3029 2689 3194 2758 φέρειν
3270 2695 3378 2750 τοῖς
3446 2689 3708 2759 μαθηταῖς
3770 2685 3971 2750 ὄνειδος

2373 2771 2785 2846 παρελίμπανον,
2846 2779 2946 2828 Καὶ
3002 2774 3095 2826 οὐκ
3166 2774 3249 2828 ἐπὶ
3317 2784 3416 2828 τῶν
3483 2778 3721 2848 μαθητῶν
3783 2780 3962 2846 μόνον,

2374 2859 2504 2912 ἀλλά
2528 2862 2617 2913 καί
2647 2860 2730 2914 ἐπὶ
2759 2870 2849 2914 τοῦ
2900 2859 3229 2916 διδασκάλου
3266 2871 3420 2916 τοῦτο
3461 2872 3722 2919 ποιοῦσιν.
3761 2862 3964 2918 Αὐτίκα

2372 2956 2496 3019 γοῦν
2548 2949 2711 3002 πολλά
2762 2955 2850 3024 μὲν
2907 2959 3006 3004 τῶν
3059 2953 3334 3024 θαυμάτων
3391 2953 3550 3005 αὐτοῦ
3606 2949 3963 3028 παρέδραμον,

604 3050 743 3092 cum
777 3035 851 3091 de
892 3033 1201 3106 discipulis
1229 3033 1596 3090 ostenderint
1643 3032 1806 3104 quod
1836 3031 1990 3087 adeo
2022 3030 2258 3102 abjecli,

2377 3035 2525 3090 οὐδὲν
2586 3037 2644 3091 δὲ
2696 3048 2795 3091 τῶν
2851 3042 3172 3112 παθημάτων
3241 3041 3401 3094 αὐτοῦ
3473 3041 3773 3115 παρέλιπον,
3853 3038 3966 3094 δει-

604 3128 770 3181 tanta
821 3123 1016 3197 gratia
1080 3122 1246 3193 digni
1297 3120 1485 3177 habiti
1544 3125 1721 3179 sunt:
1777 3120 1852 3176 de
1909 3125 2262 3193 praeceptore

601 3227 758 3280 vero,
801 3211 986 3286 quod,
1041 3225 1179 3268 cum
1220 3214 1424 3268 tantus
1477 3213 1652 3275 esset,
1696 3208 1836 3267 talia
1868 3213 2110 3282 propter
2147 3225 2260 3267 nos

601 3316 818 3374 passus
852 3300 947 3358 sit.

673 3392 838 3448 Vers.
886 3392 974 3446 10.
1006 3390 1083 3446 Et
1131 3389 1361 3459 factum
1397 3418 1467 3428 —
1507 3389 1653 3458 ejus.
1705 3387 1950 3443 Intuitus
2002 3385 2262 3442 Christus

605 3478 1069 3535 sincerissimam
1109 3493 1179 3533 ac
1211 3475 1719 3548 promptissimam
1757 3474 1940 3545 hujus
1985 3473 2263 3530 obedien'

602 3566 747 3623 tiam
768 3567 996 3623 accedit
1015 3570 1080 3620 ut
1101 3570 1157 3620 et
1173 3565 1342 3620 illum
1369 3564 1644 3630 honoret,
1662 3566 1720 3619 et
1735 3578 1796 3618 se
1811 3562 1894 3618 illi
1911 3561 2262 3618 familiarem

601 3654 875 3728 praebens
904 3653 1205 3726 libereque
1249 3651 1534 3720 tribuens,
1579 3651 1673 3707 his
1727 3651 1827 3724 qui
1865 3666 1936 3706 eo
1979 3639 2266 3708 veneratit

601 3743 868 3816 aliquam
906 3741 1324 3799 correctionem
1376 3739 1589 3798 tradat.
1648 3740 1746 3796 llle
1789 3744 1989 3796 autem
2036 3743 2265 3796 tantum

601 3834 912 3888 assecutus
940 3831 1191 3897 bonum,
1245 3828 1542 3885 liberalior
1583 3827 1852 3893 efﬁcitur,
1881 3831 1939 3883 et
1981 3827 2135 3884 sicut
2184 3827 2265 3884 ait

601 3921 862 3985 Lucas",
895 3919 1030 3976 fecit
1056 3918 1105 3975 ei
1133 3918 1480 3975 convivium
1512 3932 1800 3988 magnum
1832 3915 1892 3971 in
1920 3916 2100 3972 domo
2131 3930 2263 3980 sua,

604 4008 668 4065 id
699 4012 787 4064 est
816 4007 1153 4064 ofﬁciosum
1185 4005 1446 4077 epulum.

675 4181 1034 4238 Publicanos
1054 4194 1194 4236 vero
1217 4177 1478 4250 appellat
1497 4176 1678 4233 etiam
1697 4179 2062 4249 peccatores,
2081 4193 2267 4251 prop-

605 4277 693 4329 ter
716 4269 1209 4326 obtrectationem
1233 4283 1355 4339 qua
1385 4265 1554 4322 male
1572 4265 1898 4322 audiebant
1923 4281 1935 4331 ;
1964 4265 2075 4337 ipsi
2106 4266 2266 4322 enim

606 4357 976 4416 calumniam
1011 4355 1408 4422 sustinebant,
1445 4358 1737 4428 tanquam
1772 4353 1976 4425 injusti
2007 4359 2063 4410 et
2101 4355 2266 4411 avari

609 4464 682 4506 ac
735 4449 1032 4518 raptores,
1079 4445 1368 4518 omnique
1426 4444 1834 4516 compassione
1884 4448 2152 4500 carentes
2213 4448 2267 4501 et

609 4535 1007 4609 impudentes.
1072 4536 1185 4591 Aut
1232 4533 1509 4591 fortassis
1553 4538 1610 4590 et
1658 4532 1758 4589 alii
1806 4533 2053 4604 quidam
2099 4536 2267 4590 erant

607 4624 905 4684 nobiliora
929 4625 1176 4698 quidem
1216 4624 1351 4681 vitae
1387 4622 1654 4679 instituta
1703 4621 2007 4688 habentes,
2041 4623 2266 4679 eisdem

609 4720 812 4774 tamen
825 4713 1064 4772 obnoxii
1083 4713 1392 4772 affectibus
1417 4732 1429 4773 :
1451 4728 1591 4771 nam
1612 4711 1790 4768 simile
1811 4727 1918 4768 suo
1931 4727 2038 4768 con
2049 4713 2269 4782 gaudet

611 4803 818 4862 simili.

683 4898 750 4951 Et
775 4893 887 4951 hos
930 4910 1074 4966 ergo
1124 4894 1430 4953 Matthmus
1464 4891 1732 4950 convivio
1765 4891 2014 4964 accepit,
2064 4894 2269 4964 utpote

684 5047 734 5082 ⁷⁸
763 5048 902 5103 Luc.
933 5061 993 5114 v,
1023 5045 1116 5101 29.

2375 3134 2575 3189 κνῦντες
2623 3133 2739 3200 περὶ
2778 3132 2868 3200 μὲν
2912 3138 3009 3181 τῶν
3063 3132 3329 3201 μαθητῶν,
3376 3132 3545 3183 ὁποῖοι
3592 3135 3728 3192 ὄντες
3784 3131 3966 3191 ὁποίας

2376 3218 2592 3288 χάριτος
2631 3215 2932 3278 ἠξιώθησαν
2958 3239 2970 3251 '
2999 3223 3116 3292 περὶ
3161 3214 3219 3272 δὲ
3262 3225 3353 3270 τοῦ
3391 3215 3743 3287 διδασκάλου,
3791 3220 3969 3280 ὁποῖος

2377 3305 2444 3356 ὧν
2476 3305 2631 3356 ὁποῖα
2660 3308 2875 3358 πέπονθε
2906 3302 2940 3357 δ
2947 3306 2978 3358 ι’
3006 3307 3163 3378 ἡμᾶς.

2452 3397 2551 3446 Καὶ
2600 3392 2793 3464 ἐγένετο
2849 3425 2917 3434 —
2970 3395 3146 3450 αὐτοῦ.
3207 3391 3357 3449 Ἰδὼν
3394 3396 3420 3448 ὁ
3471 3403 3700 3468 Χριστος
3747 3399 3840 3452 τὴν
3895 3395 3967 3448 εἰ-

2376 3480 2768 3554 λικρινεστάτην
2844 3484 3076 3542 ὑπακοὴν
3147 3486 3332 3536 τούτου
3380 3488 3470 3536 καὶ
3523 3485 3831 3558 προθυμίαν,
3882 3482 3969 3536 ἐπὶ

2376 3573 2469 3626 τὴν
2528 3569 2693 3621 οὶκίαν
2747 3570 2906 3622 αὐτοῦ
2957 3574 3319 3644 πάραγίνεται,
3368 3581 3528 3644 τιμῶν
3589 3591 3642 3624 τε
3687 3571 3838 3624 αὐτὸν
3878 3577 3969 3623 καὶ

2377 3657 2735 3730 οἰκειούμενος,
2781 3664 2871 3711 καὶ
2908 3660 3202 3734 παρρησίας
3245 3657 3584 3732 μεταδιδοὺς,
3625 3665 3713 3713 καὶ
3755 3661 3836 3712 ἶνα
3877 3665 3966 3712 καὶ

2374 3753 2484 3808 τοῖς
2518 3745 2617 3799 ἐκεῖ
2643 3751 2898 3821 παράσχῃ
2930 3751 3045 3800 τινὰ
3081 3746 3362 3823 διόρθωσιν
3393 3767 3406 3780 ·
3439 3751 3594 3810 αὐτὸς
3624 3746 3702 3818 δὲ,
3730 3751 3968 3801 τοιούτου

2373 3839 2549 3906 τυχὼν
2592 3834 2811 3906 ἀγαθοῦ,
2851 3837 3233 3911 φιλοτιμότερον
3273 3834 3602 3910 διεγείρεται,
3643 3843 3753 3905 καὶ,
3801 3839 3970 3898 καθώς

2377 3943 2533 3996 φησιν
2602 3926 2627 3976 ὁ
2703 3930 2931 3994 Λουκᾶς,
3009 3925 3220 3983 ἐποίησε
3282 3923 3454 3998 δοχὴν
3529 3926 3756 4000 μεγάλην
3827 3927 3968 3997 αὐτῷ

2376 4013 2426 4064 ἐν
2460 4020 2521 4084 τῇ
2573 4013 2713 4085 οἰκίᾳ
2757 4013 2937 4082 αὑτοῦ,
2985 4019 3270 4084 τουτέστιν,
3321 4012 3617 4087 ὑποδοχὴν,
3671 4018 3965 4088 θεραπείαν,

2376 4120 2631 4156 εστιασιν.

2446 4188 2673 4252 Τελὼνας
2731 4188 2790 4243 δὲ
2861 4197 2950 4244 καὶ
3011 4191 3346 4266 ἁμαρτωλοὺς
3390 4196 3511 4254 τοὺς
3567 4192 3750 4253 αὐτοὺς
3809 4191 3963 4263 λέγει,

2378 4279 2499 4350 πρὸς
2539 4275 2832 4352 διασυρμὸν
2879 4281 3065 4335 αὐτῶν.
3109 4280 3435 4338 Διεϐέϐληντο
3481 4284 3605 4357 γὰρ,
3646 4284 3716 4343 ὡς
3752 4278 3956 4337 ἄδικοι.

2376 4371 2463 4418 καὶ
2517 4366 2823 4440 πλεονέκται,
2880 4374 2964 4421 καὶ
3020 4370 3269 4442 ἅρπαγες,
3327 4375 3416 4422 καὶ
3477 4369 3820 4442 ἀσυμπαθεῖς,
3879 4373 3965 4422 καὶ

2379 4451 2604 4516 ἀναιδεῖς
2634 4473 2646 4486 ·
2706 4458 2734 4515 ἦ
2795 4462 2884 4508 καὶ
2924 4457 3064 4510 ἄλλοι
3124 4462 3255 4518 τινες
3303 4455 3458 4527 ἦσαν,
3508 4461 3633 4520 ἴσως
3683 4461 3828 4533 ἔτερα
3874 4463 3962 4531 μὲν

2377 4541 2768 4617 ἐπιτηδεύματα
2821 4548 3047 4617 ἔχοντες,
3105 4555 3207 4607 τοῖς
3258 4547 3436 4608 αὐτοῖς
3495 4544 3553 4599 δὲ
3613 4550 3826 4600 πάθεσιν
3882 4547 3960 4598 ἐν-

2379 4637 2634 4704 εχόμενοι.
2668 4641 2750 4704 Τῷ
2783 4637 2883 4708 γὰρ
2907 4636 3066 4706 ὁμοίῳ
3097 4640 3278 4710 χαίρει
3302 4638 3359 4688 τό
3387 4638 3580 4709 ὅμοιον.

2449 4889 2711 4964 ιῐαρέλαϐε
2755 4891 2855 4963 γὰρ
2908 4896 2995 4944 καὶ
3052 4893 3260 4953 τούτους
3320 4890 3393 4954 εἰς
3439 4891 3676 4946 ἑστίασιν
3725 4892 3750 4944 ὁ
3819 4899 3964 4946 Mur-

1809 5139 2036 5208 Variae
2084 5138 2411 5209 lectiones
2441 5147 2508 5208 et
2537 5149 2719 5207 notae

619 5381 631 5394 .
681 5310 800 5437 $90)
830 5309 1230 5391 Haneuterque
1246 5307 1433 5392 codeig
1449 5309 1510 5365 in
1530 5308 1798 5381 margine
1817 5307 2017 5366 habet.
2047 5307 2269 5367 Eadem

619 5397 676 5437 in
705 5397 862 5437 erius
893 5379 1166 5437 ex1bebat
1191 5381 1531 5437 Hentenius.

616 5379 862 5438 inferius
893 5379 1166 5437 exibeba’t
1191 5381 1531 5438 Hentenius.

690 5532 812 5608 (dd)
843 5534 1083 5604 Λύτίκα,,
1106 5549 1227 5592 non
1251 5537 1358 5604 est,
1391 5535 1609 5607 statim,
1647 5535 1772 5599 sed,
1804 5535 2059 5605 exempli
2087 5535 2288 5594 cdusa.

2451 5308 2564 5381 (91)
2596 5309 2664 5375 οἱ,
2697 5306 2865 5365 abest
2890 5309 2946 5364 Β.
