4206 6310
390 254 500 310 309

1362 255 1729 312 COMMENT.
1771 254 1840 309 IN
1876 250 2318 311 MATTH/EUM.
2358 280 2430 294 —
2467 250 2623 311 CAP.
2666 252 2762 311 IX.

3639 248 3745 307 310

400 385 564 447 θαίος,
622 386 1029 443 κοινωνήσοντας
1085 383 1221 453 αὐτῷ
1269 390 1362 444 τῆς
1417 389 1613 455 χαρᾶς,
1672 384 1737 442 ὡς
1804 382 1972 452 ὁμοτέ-

2091 378 2193 450 qui
2225 376 2338 433 sibi
2376 377 2437 432 in
2484 377 2703 446 gaudio
2733 375 3280 441 communicabant,
3343 377 3400 431 et
3445 376 3570 447 ejus
3598 376 3741 433 artis

395 491 559 542 χνους
604 475 691 521 καὶ
749 473 1038 533 σνντόθεις.
1099 478 1139 523 Ο
1180 468 1238 523 δὲ
1305 476 1527 543 Χριστὸς
1584 472 1836 539 ἠνέσχετο
1893 472 1981 520 καὶ

396 558 664 610 ἀναπεσεῖν
716 564 805 609 καὶ
844 568 1209 612 συναναπεσεῐν
1252 563 1516 624 τοιούτοις,
1576 556 1669 611 διὰ
1716 563 1809 615 τὴν
1860 557 1978 629 μελ-

393 647 581 699 λουσαν
628 649 866 718 ’γενέσθαι
909 656 1012 709 τοῖς
1065 654 1511 720 συνανακειμένοις
1562 648 1820 720 ὠφέλειαν
1889 650 1978 698 καὶ

389 740 616 807 μετέσχε
656 744 754 787 τῶν
800 735 852 798 ἐξ
893 733 1107 799 ἀδικίας
1162 740 1542 811 παρατεθέντων
1598 738 1789 800 αὐτοῖς,
1839 734 1979 788 διότι

385 828 521 895 μέγα
595 821 780 896 κέρδος
861 824 1082 877 ἐντεῦθεν
1154 826 1348 897 ἔμελλεν
1429 828 1659 891 ἔσεσθαι,
1734 831 1823 876 καὶ
1885 824 1978 876 οὐκ

383 912 654 984 ἐφρόντισε
716 921 810 974 τῆς
872 916 1013 985 παρά
1061 923 1157 965 τῶν
1204 914 1400 965 πολλῶν
1482 914 1740 985 μέμψεως,
1806 910 1973 979 εἰδὼς,

381 1003 465 1052 ὅτι
524 1002 549 1052 ὁ
604 1002 800 1075 ἰατρὸς,
880 1000 963 1054 ἐὰν
1016 1007 1087 1074 μὴ
1143 1002 1445 1074 ἀνάσχηται
1516 998 1819 1063 σηπεδόνος,
1885 1001 1976 1051 οὒκ

383 1087 699 1141 ἀπαλλάττει
770 1093 967 1151 ταύτης
1024 1096 1144 1153 τοὺς
1200 1095 1501 1163 κάμνοντας⁶
1562 1096 1733 1143 καίτοι
1802 1098 1978 1162 σαφῶς

386 1176 680 1247 ἐγίνωσκεν,
736 1180 815 1229 ὅτι
868 1184 1093 1253 πονηρὰν
1150 1178 1372 1231 ἐντεῦθεν
1428 1178 1685 1249 ὑπόληψιν
1732 1178 1971 1249 λήψεται,

389 1262 531 1318 διότι
585 1286 637 1319 τε
692 1271 818 1341 πρὸς
863 1268 1088 1337 εὐωχίαν
1139 1266 1277 1337 ἧλῧε,
1332 1272 1421 1319 καὶ
1479 1264 1617 1319 διότι
1677 1272 1805 1341 πρὸς
1845 1268 1974 1319 εὐω-

386 1359 515 1424 χίαν
545 1355 782 1421 τελώνου,
824 1362 913 1408 καὶ
945 1353 1082 1408 διότι
1112 1355 1316 1418 πολλοῖς
1343 1356 1580 1418 τελώναις
1618 1360 1706 1407 καὶ
1735 1356 1971 1429 ἁμαρτω-

385 1442 492 1505 λοῖς
523 1450 874 1498 σννανέπεσεν.

456 1531 592 1607 Ὀρα
642 1540 761 1604 γοῦν
828 1535 1039 1607 ὕστερον
1102 1540 1212 1595 τοὶς
1259 1532 1549 1596 Ἰουδαίους
1625 1532 1972 1595 ὀνειδίζοντας

389 1621 529 1691 αὐτῷ
607 1626 694 1673 καὶ
762 1622 1021 1692 λέγοντας·
1109 1621 1248 1676 Ἰδοὺ
1334 1626 1595 1697 ἄνθρωπος
1658 1626 1818 1695 φάγος
1884 1628 1968 1674 καὶ

388 1709 677 1775 οἰνοπότης,
755 1711 891 1782 φίλος
965 1712 1187 1763 τελωνῶν
1270 1717 1360 1763 καὶ
1437 1713 1778 1786 ἁμαρτωλῶν·

388 1800 526 1869 ὅμως
602 1798 779 1859 ἐκεῖνος
845 1801 1107 1874 ὑπερεώρα
1186 1804 1378 1851 τούτων
1460 1803 1681 1865 πάντων,
1767 1802 1848 1852 ἵνα
1912 1804 1969 1853 τὸ

390 1884 809 1958 σπουδαζόμενον
859 1887 1046 1960 ἀνύση,
1097 1892 1182 1940 καὶ
1242 1891 1321 1940 ἵνα
1388 1891 1574 1961 μάθῃς,
1623 1891 1702 1941 ὅτι
1748 1908 1968 1941 συνανα-

385 1979 554 2027 πεσὼν
595 1975 788 2041 αὐτοῖς,
846 1981 1087 2047 μέγιστον
1141 1980 1343 2035 ἤνυσεν.
1386 1977 1666 2045 Ἄκουσον,
1720 1982 1773 2029 τί
1839 1996 1970 2049 φησι

383 2071 644 2133 Ζακχαῖος
729 2066 754 2115 ό
825 2065 1064 2126 τελώνης.
1152 2063 1363 2123 Ἐπειδὴ
1443 2069 1539 2137 γὰρ
1622 2070 1815 2123 ἤκουσε
1877 2073 1968 2117 τοῦ

381 2160 616 2223 Χριστοῦ
681 2152 929 2224 λέγοντος,
1005 2155 1081 2205 ὅτι
1152 2159 1374 2227 Σήμερον
1432 2153 1479 2205 ἐν
1543 2162 1613 2224 τῷ
1682 2156 1805 2225 οἴκῳ
1873 2174 1966 2206 σου

379 2237 465 2292 δεῖ
512 2260 575 2312 με
625 2247 817 2311 μεῖναι,
884 2244 1161 2315 πτερωθεὶς
1230 2243 1328 2292 ὑπὸ
1402 2251 1494 2304 τῆς
1558 2248 1752 2315 χαρᾶς,
1812 2242 1964 2298 εἶπεν.

374 2326 518 2381 Ἰδοὺ
607 2331 674 2380 τὰ
738 2332 905 2400 ἡμίση
981 2338 1078 2381 τῶν
1175 2332 1515 2403 ὑπαρχόντων
1603 2351 1711 2402 μοι,
1792 2334 1966 2405 Κύριε,

381 2413 583 2488 διδωμι
629 2425 866 2488 πτωχοῖς
923 2462 937 2488 ,
987 2423 1076 2470 καὶ
1142 2422 1187 2471 εἴ
1245 2424 1381 2481 τινός
1426 2439 1478 2471 τι
1551 2418 1965 2491 ἐσυκοφάντησα,

383 2502 689 2577 ἀποδίδωμι
766 2506 1097 2578 τετραπλοῦν.
1179 2504 1301 2559 Εἷπε
1368 2506 1426 2560 δε
1511 2512 1639 2579 πρὸς
1720 2508 1871 2559 αὐτὸν
1942 2508 1967 2557 ὁ

385 2593 612 2656 Ἰησοῦς·
691 2600 915 2667 Σήμερον
996 2600 1231 2667 σωτηρία
1310 2594 1381 2667 τῷ
1447 2600 1569 2669 οἴκῳ
1626 2599 1791 2666 τούτῳ
1867 2594 1972 2666 ἐγέ-

379 2701 505 2735 νετο.

450 2776 552 2824 Καὶ
583 2774 755 2832 πῶςὸ
805 2774 1006 2834 Παῦλος
1059 2773 1215 2845 λέγει·
1276 2774 1391 2826 Ἐάν
1434 2793 1515 2834 τις
1572 2770 1792 2845 ἀδελφός
1854 2772 1970 2825 ὀνο-

374 2863 662 2931 μαζόμενος
744 2861 774 2917 ἢ
844 2866 1050 2934 πόρνος,
1130 2863 1159 2921 ἦ
1238 2863 1558 2929 πλεονέκτης,
1616 2870 1686 2931 τῷ
1751 2864 1970 2933 τοιούτῳ

378 2945 517 3019 μηδὲ
556 2948 670 3020 (92)
721 2952 1007 3002 συνεσθίειν
1074 2968 1089 3018 ;
1137 2950 1194 3003 Ὀ
1260 2950 1454 3010 Παῦλος
1510 2950 1568 3002 οὗ
1626 2954 1756 3025 πρὸς
1810 2948 1967 3003 διδα-

381 3035 623 3103 σκάλους,
654 3036 783 3089 ἀλλά
828 3042 957 3110 πρὸς
1001 3039 1113 3109 (93)
1148 3038 1318 3099 ἁπλῶς
1359 3036 1605 3110 ἀδελφοὺς
1658 3043 1809 3090 τοῦτο
1840 3059 1970 3112 παρ-

377 3132 532 3180 αινεῖ.
576 3125 729 3178 Ἀλλά
783 3131 870 3177 καὶ
918 3132 1037 3199 περὶ
1076 3124 1304 3198 ἀδελφῶν
1356 3131 1541 3188 ἐκεῖνος
1579 3132 1729 3179 τοῦτό
1788 3147 1964 3198 φησιν·

380 3213 523 3264 οὗτοι
561 3210 619 3266 δὲ
656 3216 703 3265 οἱ
760 3214 970 3266 τελῶναι
1025 3220 1113 3267 καὶ
1170 3215 1463 3289 ἁμαρτωλοὶ
1502 3219 1642 3266 οὔπω
1693 3220 1966 3285 ’γεγόνασιν

384 3297 612 3372 ἀδελφοί.
655 3302 815 3355 Ἀλλὰ
859 3308 968 3369 καὶ,
1023 3305 1141 3355 ὅταν
1192 3303 1470 3375 ἐπιμένωσι
1507 3310 1621 3365 ταῖς
1662 3302 1963 3377 ἁμαρτίαις*

380 3388 523 3440 οὗτοι
553 3388 611 3441 ὸὲ
635 3389 861 3461 μεταϐλη
873 3394 1022 3449 θῆναι
1042 3391 1229 3463 μᾶλλον
1257 3392 1476 3463 ἔμελλον.

452 3482 549 3529 Καὶ
591 3509 654 3517 -
696 3481 721 3529 ὁ
744 3475 1069 3541 διδάσκαλος
1098 3482 1237 3551 ὑμῶν
1270 3482 1518 3555 ;Μάρκος
1552 3476 1609 3532 δε
1648 3484 1736 3532 καὶ
1764 3485 1969 3542 Λουκᾶς

378 3570 555 3637 φασὶν,
584 3568 662 3618 ὅτι
689 3571 777 3618 καὶ
804 3569 851 3618 οἰ
876 3574 1198 3643 Γραμματεῖς
1220 3576 1370 3620 τοῦτο
1391 3571 1521 3641 μετά
1542 3576 1639 3619 τῶν
1672 3572 1967 3639 Φαρισαίων

380 3673 539 3709 ειπον.

449 3740 583 3814 Ὀρα
636 3739 712 3809 δὲ,
748 3751 854 3806 πῶς
917 3745 999 3797 ὅτε
1054 3748 1143 3816 μεν
1183 3747 1230 3797 οἱ
1267 3747 1499 3817 μαθηταὶ
1530 3741 1777 3797 δοκοῦσιν
1803 3744 1969 3817 ἁμαρ-
2050 3768 2057 3771 -

380 3831 570 3898 τάνειν,
621 3839 692 3900 τῷ
748 3829 1054 3903 διδασκάλῳ
1101 3834 1215 3884 κατ’
1254 3834 1419 3885 αὐτῶν
1464 3833 1722 3903 λέγουσιν·
1766 3829 1889 3885 Ιδοὺ
1920 3832 1970 3885 οἰ

382 3919 614 3987 μαθηταί
660 3938 753 3971 σου
806 3921 915 3990 (94)
954 3923 1214 3989 ποιοῦσιν,
1260 3923 1285 3973 ὅ
1334 3922 1424 3973 οὐκ
1482 3921 1645 3983 ἔξεστι
1700 3918 1861 3973 ποιεῖν
1917 3920 1968 3973 ἐν

381 4008 644 4080 Σαϐϐατῳ·
676 4012 755 4062 ὅτε
802 4008 859 4063 δὲ
896 4013 919 4062 ὁ
954 4008 1297 4081 διδάσκαλος,
1330 4015 1392 4071 ὡς
1440 4016 1527 4063 καὶ
1557 4019 1664 4077 νῦν,
1694 4014 1836 4085 παρά
1860 4019 1969 4074 τοῖς

378 4100 638 4170 μαθηταῖς
696 4097 1064 4152 διαϐάλλουσιν
1118 4100 1287 4166 αὐτόν,
1339 4108 1764 4173 κακουργοῦντες,
1834 4103 1966 4153 ὥστε

377 4192 463 4239 τόν
488 4194 649 4261 χορὸν
680 4198 778 4241 τῶν
810 4193 1053 4261 μαθητῶν
1082 4189 1370 4264 ἀπορρῆξαι
1396 4199 1487 4243 τοῦ
1521 4187 1868 4244 διδασκάλου.
1902 4196 1965 4244 Τί

376 4274 463 4329 οὖν
495 4281 522 4335 ἡ
552 4280 759 4351 ἄπειρος
794 4284 986 4351 σοφίας

442 4368 500 4419 Ὀ
533 4365 591 4419 δὲ
613 4369 828 4429 *Ιησοῦς
868 4367 1098 4430 ἀκούσας
1136 4401 1203 4408 —
1233 4377 1400 4429 κακῶς
1439 4371 1664 4441 ἔχοντες.
1700 4370 1826 4422 Ἀπὸ
1851 4388 1961 4421 κοι-

369 4464 458 4508 νοῦ
488 4454 907 4529 παραδείγματος
930 4457 1262 4530 ἐπεστόμισεν
1291 4458 1496 4522 αὐτοὺς,
1530 4463 1618 4509 καὶ
1648 4461 1704 4510 τό
1732 4458 1964 4529 ἔγκλημα

1794 4544 1963 4608 δείξας

1066 4635 1192 4687 ἀλλά
1257 4641 1345 4687 καὶ
1410 4636 1597 4707 μᾶλλον
1681 4634 1957 4689 ἐπαινετόν.

370 4555 523 4597 τοῦτο
595 4546 781 4617 μᾶλλον
859 4547 927 4607 εἰς
1005 4549 1318 4618 κατόρθωμα
1400 4547 1714 4621 περιέτρεἰι⁵’

369 4637 428 4687 οὐ
492 4639 644 4707 μόνον
703 4638 989 4707 ἄμεμπτον,

372 4722 498 4775 Εἶτα
556 4729 644 4776 καὶ
702 4723 801 4776 ἀπὸ
864 4731 1065 4797 Γραφῆς
1128 4729 1451 4797 πρόφητικῆς
1507 4725 1689 4784 αὐτοὺς
1746 4726 1960 4793 ἔπεισεν,

376 4812 545 4864 εἰπών’

445 4938 488 4972 ⁷⁷
542 4937 738 4994 Matth.
780 4954 863 5004 x1,
914 4942 995 4994 19.

377 5008 421 5043 ⁸³
448 5008 650 5067 Matth.
681 5024 779 5074 xu,
815 5013 865 5063 2.

1074 4939 1122 4975 ⁷⁸
1153 4940 1289 4996 Luc.
1335 4953 1452 5005 XIX,
1510 4942 1560 4993 5.

2001 3068 2039 3122 C

1996 4411 2040 4465 D

1637 4940 1684 4973 τε
1740 4936 1887 4993 ibid.
1949 4953 2067 5001 vui,
2100 4941 2151 4992 9.

2091 465 2562 537 eorumdemque
2579 470 2745 521 erant
2759 481 3019 521 morum.
3043 463 3306 521 Christus
3323 466 3522 521 autem
3534 463 3743 523 tolera-

2088 554 2192 611 bat
2210 560 2271 608 ut
2287 554 2455 611 etiam
2470 553 2683 626 pariter
2703 570 2840 611 cum
2860 569 2930 611 eo
2948 554 3093 610 tales
3108 552 3551 621 accumberent,
3575 569 3743 627 prop-

2091 648 2172 698 ter
2190 646 2501 699 venturam
2535 642 2715 699 simul
2746 642 3242 699 accumbentibus
3289 642 3604 701 utilitatem
3637 659 3651 700 :
3684 647 3743 702 et

2087 730 2374 803 particeps
2402 746 2535 787 cum
2561 731 2644 787 eis
2690 735 2817 788 erat
2853 731 3214 787 ferculorum
3247 731 3465 803 injuste
3490 736 3738 805 parato-

2086 833 2243 885 rum,
2276 818 2355 873 ob
2386 819 2613 888 grande
2639 820 2896 885 lucrum,
2929 819 3095 891 quod
3124 818 3266 876 inde
3320 824 3443 878 erat
3486 836 3736 892 proven-

2086 910 2332 965 turum:
2388 923 2498 964 nec
2555 908 2806 964 curabat
2860 908 3176 965 multorum
3234 908 3734 978 indignationem,

2086 997 2278 1053 sciens
2320 997 2506 1070 quod,
2564 997 2677 1053 nisi
2739 997 3011 1053 medicus
3058 996 3437 1068 putredinem
3487 998 3733 1064 tolleret,

2084 1086 2162 1142 ab
2180 1101 2251 1143 ea
2273 1102 2395 1142 non
2411 1086 2684 1142 liberabit
2700 1089 3069 1155 aegrotantes.
3085 1085 3265 1155 Atqui
3290 1084 3469 1155 plane
3492 1090 3737 1143 noverat

2082 1190 2323 1247 pravam
2353 1174 2491 1229 inde
2523 1174 2925 1245 suspicionem
2965 1173 3034 1229 de
3062 1189 3124 1227 se
3153 1172 3537 1237 exorituram,
3569 1173 3737 1245 quod

2083 1262 2162 1318 ad
2191 1262 2433 1334 epulum
2461 1266 2733 1330 venisset,
2759 1266 2816 1318 et
2848 1261 3011 1334 quod
3034 1260 3112 1319 ad
3134 1259 3443 1333 publicani
3466 1261 3729 1333 epulum,

2081 1350 2367 1423 quodque
2393 1350 2559 1406 simul
2591 1366 2731 1406 cum
2770 1350 2971 1407 multis
3022 1348 3360 1422 publicanis
3411 1350 3733 1408 accumbe-

2080 1444 2190 1494 ret.

2152 1527 2295 1583 Vide
2312 1527 2467 1584 enim
2492 1526 2885 1600 postmodum
2901 1527 3142 1584 Iudaeos
3173 1526 3652 1601 improperantes
3678 1528 3733 1586 ei

2080 1633 2150 1673 ac
2179 1616 2439 1673 dicentes
2466 1632 2477 1670 :
2510 1616 2658 1673 Ecce
2687 1616 2845 1673 homo
2875 1631 3087 1683 vorax,
3130 1619 3184 1671 et
3209 1622 3385 1686 potor
3408 1618 3552 1683 vini,
3585 1617 3733 1675 ami-

1863 1710 1971 1763 ἀλλ’
2005 1729 2045 1784 Β
2080 1721 2177 1761 cus
2192 1706 2657 1775 publicanorum
2679 1710 2731 1761 et
2745 1712 3121 1775 peccatorum
3135 1706 3215 1771 77;
3259 1706 3366 1762 sed
3381 1710 3581 1764 tamen
3601 1708 3731 1766 haec

2078 1794 2283 1850 omnia
2310 1794 2574 1865 despicit,
2599 1798 2665 1849 ut
2692 1794 2857 1865 quod
2888 1801 3133 1850 conatur
3162 1792 3399 1852 efﬁciat.
3428 1797 3499 1852 Ut
3527 1801 3729 1854 autem

2079 1883 2232 1939 scias
2283 1883 2444 1955 quod
2506 1882 2682 1937 simul
2730 1882 3165 1947 accumbendo,
3224 1898 3351 1939 rem
3406 1885 3729 1943 maximam

2078 1976 2374 2043 operetur,
2417 1970 2558 2027 audi
2596 1970 2743 2041 quid
2780 1970 2936 2026 dicat
2991 1970 3303 2027 Zacchaus
3354 1970 3725 2043 publicanus.

2079 2062 2393 2130 Postquam
2420 2059 2577 2114 enim
2600 2058 2902 2114 Christum
2928 2058 3157 2115 audivit
3178 2058 3476 2116 dicentem
3509 2076 3526 2115 :
3549 2062 3728 2119 Hodie

2076 2147 2138 2202 in
2153 2148 2323 2203 domo
2346 2153 2446 2202 tua
2474 2150 2692 2215 oportet
2716 2161 2807 2203 me
2837 2161 3075 2204 manere
3116 2148 3188 2214 ⁷³,
3227 2146 3435 2204 animo
3465 2149 3729 2219 gestiens

2078 2240 2135 2291 et
2159 2250 2281 2307 prae
2319 2235 2541 2305 gaudio
2560 2236 2617 2290 in
2646 2234 2899 2292 sublime
2917 2235 3200 2302 elevatus,
3233 2234 3314 2292 ait
3340 2253 3354 2292 :
3385 2237 3531 2294 Ecce
3558 2238 3728 2295 dimi-

2078 2325 2239 2380 dium
2260 2324 2601 2380 substantiae
2621 2338 2782 2387 meae,
2810 2325 3073 2388 Domine,
3096 2324 3171 2379 do
3184 2325 3567 2394 pauperibus,
3605 2330 3655 2382 et
3677 2328 3728 2383 si

2079 2413 2224 2483 quid
2235 2413 2489 2482 aliquem
2502 2412 2611 2481 def
2608 2411 2882 2476 raudavi,
2902 2412 3086 2468 reddo
3116 2413 3519 2483 quadruplum
3529 2456 3542 2469 .
3556 2414 3728 2472 Dixit

2080 2506 2279 2557 autem
2299 2499 2376 2556 ad
2406 2514 2530 2556 eum
2559 2500 2725 2557 Jesus
2752 2516 2768 2554 :
2795 2499 2975 2558 Hodie
3000 2499 3157 2557 salus
3194 2500 3333 2557 huic
3352 2500 3551 2559 domui
3559 2503 3725 2573 facta

2079 2597 2158 2646 est
2182 2590 2259 2647 7°.

2152 2774 2466 2841 Quomodo
2484 2788 2625 2844 ergo
2648 2772 2788 2829 dicit
2807 2772 3022 2829 Paulus
3050 2788 3063 2829 :
3089 2773 3156 2830 Si
3173 2774 3300 2846 quis
3316 2774 3511 2832 dictus
3530 2775 3727 2846 frater

2080 2869 2163 2921 est
2172 2864 2505 2934 fornicator
2519 2862 2632 2933 (rr)
2645 2869 2748 2918 aut
2768 2876 3009 2928 avarus,
3034 2878 3167 2919 cum
3185 2863 3524 2931 huiusmodi
3535 2879 3632 2923 nee
3648 2865 3725 2922 ci-

2081 2954 2213 3010 bum
2236 2954 2481 3009 sumatis
2503 2952 2589 3007 δοῖ
2610 2950 2829 3006 Paulus
2849 2950 2910 3006 in
2922 2952 3036 3007 hoc
3048 2967 3169 3007 non
3191 2957 3603 3024 praeceptores,
3621 2953 3728 3010 sed

2080 3040 2426 3113 simpliciter
2462 3039 2672 3095 fratres
2709 3039 3073 3096 adhortatur.
3113 3040 3405 3099 Praeterea
3431 3041 3507 3097 de
3544 3041 3725 3101 fratre

2076 3132 2191 3187 hoc
2220 3128 2361 3184 dicit
2398 3128 2527 3182 ille:
2576 3128 2640 3182 Hi
2679 3132 2879 3184 autem
2924 3126 3231 3200 publicani
3288 3127 3556 3185 nondum
3586 3128 3730 3188 facti

2078 3221 2245 3274 erant
2261 3215 2494 3272 fratres.
2524 3214 2613 3271 Ad
2640 3215 2788 3280 haec,
2810 3215 2955 3271 dum
2977 3216 3414 3287 permanserint
3439 3216 3500 3273 in
3520 3232 3728 3290 pecca—

2076 3306 2150 3361 tis
2175 3304 2290 3360 hoc
2326 3301 2679 3359 faciundum
2731 3306 2819 3359 est
2850 3318 2865 3369 ς
2893 3302 2991 3359 isti
3029 3318 3172 3360 vero
3224 3303 3426 3376 potius
3491 3319 3565 3362 ex
3609 3305 3725 3362 hoc

2077 3390 2456 3451 convertendi
2482 3392 2669 3446 erant.

2146 3484 2308 3538 Vers.
2343 3483 2428 3535 ll-
2454 3479 2533 3534 Et
2571 3508 2638 3520 --
2688 3478 2970 3549 magister
2989 3479 3218 3537 vester?
3258 3479 3492 3537 Marcus
3539 3483 3596 3537 et
3619 3481 3728 3538 Lu-

2076 3588 2179 3629 cas
2201 3566 2669 3625 dixeruntetiam
2692 3567 2928 3626 Scribas
2941 3568 3119 3626 simul
3134 3584 3274 3626 cum
3297 3567 3727 3628 Pharisaeishoc

2076 3661 2289 3718 dixisse
2327 3665 2396 3715 ⁸1.

2148 3750 2294 3806 Vide
2323 3755 2525 3809 autem
2549 3751 2737 3823 quod,
2779 3745 3021 3821 quando
3049 3744 3324 3817 discipuli
3353 3760 3600 3816 peccare
3641 3746 3728 3804 vi-

2076 3838 2310 3905 dentur,
2369 3839 2719 3911 praeceptori
2769 3837 3054 3894 adversus
3109 3833 3242 3889 illos
3276 3833 3520 3890 dicunt:
3579 3835 3727 3893 Ecce

2077 3927 2363 3997 discipuli
2392 3930 2484 3984 tui
2512 3928 2743 3997 faciunt
2764 3927 2832 3993 ⁸²,
2855 3922 3157 3997 quodnon
3172 3920 3306 3977 licet
3340 3918 3534 3978 facere
3575 3921 3727 3979 Sab-

2074 4016 2250 4072 batis.
2268 4016 2519 4081 Quando
2533 4030 2670 4071 vero
2705 4015 3055 4087 praeceptor,
3072 4015 3137 4065 ut
3154 4023 3333 4074 nunc,
3377 4010 3538 4081 apud
3552 4010 3726 4067 disci-

2076 4103 2419 4176 pulosillum
2441 4103 2900 4166 calumniantur,
2918 4098 3125 4156 dolose
3136 4102 3380 4168 agentes
3403 4103 3465 4153 ut
3476 4098 3723 4156 chorum

2074 4193 2506 4265 discipulorum
2532 4207 2568 4248 a
2588 4196 2952 4263 praeceptore
2978 4189 3274 4261 separent.
3301 4185 3453 4253 Quid
3480 4201 3622 4259 ergo
3643 4188 3725 4246 ait

2073 4282 2367 4354 profunda
2390 4281 2688 4353 Sapientia
2719 4282 2746 4337 ?

2146 4370 2307 4427 Vers.
2339 4374 2422 4427 l2.
2467 4372 2586 4439 Quo
2630 4370 2836 4427 audito
2874 4367 3039 4425 Iesus
3061 4396 3130 4407 —
3168 4365 3321 4422 male
3351 4363 3721 4423 habentibus.

2072 4460 2119 4513 A
2144 4460 2451 4516 communi
2477 4459 2751 4531 exemplo
2783 4474 2850 4515 os
2904 4456 3020 4513 illis
3065 4452 3380 4527 oppressit,
3413 4460 3468 4510 et
3488 4470 3724 4513 accusa-

2073 4548 2294 4604 tionem
2346 4548 2501 4605 hanc
2555 4548 2753 4619 potius
2808 4546 2886 4603 ad
2931 4544 3153 4601 virtutis
3214 4558 3365 4614 opus
3412 4542 3720 4610 convertit,

2073 4636 2391 4692 ostendens
2438 4651 2560 4691 non
2612 4635 2808 4691 solum
2860 4629 3371 4704 irreprehensibile
3426 4644 3576 4701 esse,
3612 4630 3721 4687 sed

2072 4725 2265 4795 magis
2288 4724 2466 4781 laude
2487 4724 2763 4793 dignum.
2818 4721 3037 4777 Deinde
3062 4735 3099 4777 a
3129 4719 3430 4789 Scriptura
3474 4732 3719 4790 quoque

2074 4812 2421 4886 prophetica
2448 4810 2785 4886 persuadet,
2826 4809 3030 4865 dicens
3062 4823 3076 4863 :

2230 4940 2277 4974 8°
2324 4938 2510 4994 ICor.
2538 4953 2592 5002 v,
2630 4937 2712 4992 11.
2792 4935 2835 4971 ⁸¹
2877 4936 3049 4991 Marc.
3099 4947 3159 4998 ιι,
3214 4934 3314 4998 l6;
3370 4931 3511 4991 Luc.
3556 4944 3614 5002 ν,
3648 4936 3717 4990 30

1599 5104 1824 5175 Variae
1839 5105 2164 5174 lectiones
2184 5114 2249 5173 et
2269 5113 2473 5172 notae.

466 5276 556 5345 92)
594 5281 665 5348 μή
715 5277 781 5331 Α.

466 5277 556 5345 92)
594 5281 665 5348 μή
715 5277 781 5331 Α.

445 5277 554 5419 ἶ93)
594 5350 813 5405 Rarum
835 5346 971 5413 hoc,
1004 5353 1269 5421 παραινεῖν
1295 5350 1423 5421 πρός
1454 5366 1591 5403 τινα.

2142 5274 2259 5345 (94)
2281 5292 2395 5339 σου,
2429 5270 2641 5329 omittit
2664 5271 2725 5328 Β.

445 5498 550 5570 (rr)
585 5501 688 5556 Est
714 5501 1074 5572 fornicator.
1101 5498 1342 5556 Videtur
1371 5513 1510 5572 ergo
1548 5499 1762 5572 legisse
1792 5495 1843 5571 ᾖ.
1872 5497 2009 5557 loco
2047 5496 2103 5566 ἢ,
2127 5495 2244 5553 nisi
2264 5494 2572 5567 vulgatam
2609 5491 2904 5566 Latinam,
2934 5492 3000 5550 ut
3036 5489 3203 5559 solet,
3232 5486 3542 5564 expressit.
