4206 6310
533 273 633 333 311
1493 321 1503 330 .
1633 322 1636 326 .
1854 275 2180 332 EUTHYMI

2294 278 2568 336 lGABENI

512 421 516 424 '
605 405 765 460 νοτε.
830 405 911 459 13.
984 402 1208 459 Euntes
1259 433 1329 444 —
1383 403 1761 472 sacriﬁcium.
1809 405 2181 474 Improperat

2359 406 2689 478 Πορευθέντες
2770 437 2839 448 —
2903 409 3107 462 θυσίαν.

535 507 772 565 quoque
808 491 923 548 illis
957 491 1387 563 Scripturarum
1424 492 1848 562 ignorantiam,
1891 507 2180 547 revocans

536 580 968 637 acmodestiam
985 579 1206 635 fastum
1227 581 1516 652 ipsorum,
1535 586 1594 636 et
1609 581 1672 637 id
1689 581 1849 652 quod
1870 581 2180 652 agitsupra

536 669 826 726 sacriﬁcia
854 668 1158 724 extollens.
1202 672 1299 724 Est
1346 674 1547 725 autem
1605 670 1975 726 tantumdem
2031 685 2101 725 ac
2132 669 2181 724 si

535 759 725 814 dicat:
754 761 880 814 Non
923 762 1012 814 est
1036 763 1243 815 contra
1295 760 1653 831 Scripturam
1702 775 1958 822 sacram,
2015 758 2181 831 quod

536 846 711 904 facio.
756 848 910 903 Deus
949 847 1100 903 enim
1145 847 1500 920 prophetam
1549 848 1796 905 dicens:
1855 849 2182 905 Misericor-

535 937 698 993 diam
718 937 870 1003 volo,
906 951 1025 992 non
1068 938 1424 1005 sacriﬁcium
1467 939 1535 1002 ⁸³,
1573 938 1831 993 ostendit
1872 937 2180 994 meliorem

537 1043 670 1084 esse
701 1026 1164 1082 misericordiam
1195 1042 1381 1097 quam
1407 1026 1790 1084 sacriﬁcium.
1822 1027 1958 1082 ldeo
1988 1030 2045 1082 et
2069 1041 2181 1095 ego

536 1114 1005 1171 misericordiam
1027 1119 1320 1186 praestans
1341 1114 1434 1169 his
1455 1114 1560 1186 qui
1586 1114 1839 1186 peccatis
1870 1119 2010 1169 sunt
2030 1129 2182 1169 mor-

536 1203 677 1268 bidi,
711 1203 902 1259 infero
931 1219 1028 1259 me
1070 1202 1203 1268 illis,
1235 1208 1292 1259 et
1327 1219 1463 1258 cum
1491 1203 1576 1259 eis
1632 1217 2017 1272 conversans,
2048 1218 2183 1259 om-

536 1307 678 1349 nem
696 1292 943 1348 curandi
972 1293 1221 1348 modum
1245 1291 1524 1348 adhibeo.

612 1381 773 1437 Vers.
796 1380 880 1436 13.
906 1382 1110 1452 Neque
1134 1411 1204 1421 -
1219 1382 1648 1449 penitentiam.
1674 1383 1799 1436 Non
1818 1379 1948 1435 veni
1965 1383 2028 1435 ut
2044 1395 2180 1435 cum

533 1470 712 1541 justis
743 1484 1054 1526 converser
1086 1488 1099 1537 ;
1128 1485 1271 1525 nam
1318 1469 1433 1540 ipsi
1473 1468 1582 1524 sibi
1614 1469 1688 1524 ad
1742 1468 1995 1524 salutem
2023 1467 2182 1524 sufﬁ-

539 1560 742 1616 ciunt:
777 1558 880 1614 sed
915 1557 1100 1614 fateor
1130 1563 1368 1628 propter
1391 1557 1551 1613 solos
1587 1561 1931 1629 peccatores
1970 1572 2066 1612 me
2089 1573 2185 1612 ve-

537 1644 722 1712 nisse,
779 1645 881 1718 qui
931 1645 1278 1717 poenitentia
1320 1645 1630 1715 indigent;
1684 1645 1987 1716 quomodo
2042 1660 2184 1714 ergo

514 1755 518 1760 ·
546 1736 656 1791 hos
679 1733 1082 1791 abominabor
1115 1739 1358 1806 propter
1390 1750 1544 1806 quos
1573 1734 1745 1790 veni?
1785 1734 1924 1789 Dicit
1961 1737 2182 1790 autem-

2294 1749 2428 1797 τους,
2468 1727 2539 1782 δι’
2581 1730 2665 1791 οὓς
2727 1731 2942 1792 ἐλήλυθα

540 1823 1000 1895 Chrysostomus
1044 1823 1156 1880 hoc
1187 1823 1403 1879 ironice
1435 1822 1723 1878 Christum
1759 1822 2018 1878 dixisse:
2050 1822 2184 1878 Non

538 1913 697 1970 venit
725 1917 791 1967 ut
807 1927 1075 1970 uocarem
1091 1913 1302 1982 justas,
1331 1911 1540 1983 quales
1564 1926 1670 1967 vos
1699 1911 1839 1966 estis
1855 1910 2186 1982 justiﬁcan-

519 2043 523 2047 Α
540 2007 629 2060 tes
667 2017 776 2058 vos
812 2003 996 2072 ipsos.

513 2106 516 2115 '
618 2089 774 2146 Vers.
821 2090 906 2145 14.
962 2091 1222 2145 Tunc—
1257 2089 1596 2159 jejunant?
1642 2091 1710 2144 Et
1763 2088 1879 2143 hoc
1944 2102 2187 2160 quoque

540 2180 772 2235 Marcus
816 2185 872 2233 et
927 2179 1116 2232 Lucas
1177 2176 1415 2233 Scribas
1463 2180 1519 2230 et
1582 2176 1903 2232 Pharisaaos
1968 2175 2187 2232 dixisse

512 2298 514 2301 -
541 2269 708 2324 aiunt
736 2268 803 2323 “.
832 2267 1039 2338 Itaque
1065 2263 1446 2321 manifestum
1475 2269 1566 2321 est
1597 2264 1710 2320 hos
1749 2264 2012 2336 primum
2038 2263 2188 2319 illud

513 2356 777 2422 'dixisse,
807 2354 1024 2410 deinde
1062 2357 1120 2410 et
1149 2353 1399 2409 Joannis
1455 2353 1777 2425 discipulos
1834 2351 2184 2417 concitasse,

515 2449 614 2502 'ac
648 2445 698 2501 si
746 2444 926 2500 etiam
976 2443 1058 2498 illi
1109 2442 1394 2498 adversus
1440 2441 1734 2498 Christum
1777 2440 1940 2513 quasi
1987 2439 2186 2496 aemuli

541 2533 738 2591 affecti
763 2536 980 2589 essent.
1011 2533 1078 2587 Et
1100 2530 1245 2603 quia
1293 2547 1330 2587 a
1375 2529 1674 2586 Salvatore
1721 2545 1790 2586 os
1814 2529 1926 2584 illis
1949 2529 2188 2584 obtura-

545 2626 671 2678 tum
743 2625 888 2684 erat,
966 2619 1328 2676 transferunt
1384 2618 1850 2688 indignationem
1919 2617 1997 2673 ad
2057 2618 2186 2687 ejus

540 2709 891 2781 discipulos,
918 2711 975 2764 et
1004 2706 1344 2765 accedentes
1389 2707 1760 2763 accusabant
1806 2721 1927 2761 eos.
1963 2708 2061 2761 Est
2085 2721 2187 2760 au-

510 2801 660 2853 -tem
708 2795 1082 2851 tantumdem
1113 2811 1181 2852 ac
1208 2794 1258 2850 si
1281 2795 1546 2852 dicerent
1573 2812 1594 2850 .·
1639 2795 1695 2852 Si
1743 2799 1806 2851 tu
1855 2795 1983 2850 haec
2015 2794 2187 2865 quasi

537 2883 806 2940 medicus
844 2883 927 2939 ita
973 2883 1123 2952 agis,
1163 2898 1349 2954 quare
1385 2883 1709 2954 discipulos
1757 2898 1881 2938 non
1905 2881 2077 2952 jubes
2101 2883 2188 2952 je-

535 2972 766 3043 junare,
807 2976 1016 3028 etnon
1052 2970 1226 3041 genio
1269 2971 1576 3042 indulgere
1611 2970 1639 3025 Τ
1667 2970 1936 3029 Primum
1984 2975 2186 3026 autem

541 3060 770 3131 seipsos
793 3059 1063 3123 laudant,
1095 3058 1418 3128 gloriantes
1456 3059 1622 3131 quod
1663 3059 2000 3131 frequenter
2031 3058 2183 3128 jeju-

539 3152 770 3205 narent.
798 3147 950 3204 Nam
973 3147 1332 3218 jejunabant
1365 3164 1379 3202 :
1425 3147 1486 3203 hi
1517 3147 1760 3220 quidem
1804 3163 1842 3203 a
1867 3147 2098 3203 Joanne
2124 3146 2188 3202 id

539 3235 918 3308 accipientes,
947 3235 1034 3292 illi
1064 3251 1204 3292 vero
1241 3253 1279 3293 a
1328 3236 1478 3307 lege.
1509 3237 1736 3294 Deinde
1785 3240 1986 3292 autem
2015 3235 2186 3290 disci-

540 3325 699 3397 pulis
728 3326 857 3396 ejus
895 3324 1306 3389 detrahebant,
1367 3327 1431 3381 Et
1470 3324 1610 3381 vide
1658 3323 1871 3382 Christi
1912 3339 2188 3380 mansue-

539 3413 808 3470 tudinem
829 3455 843 3471 .
873 3416 1074 3485 Neque
1098 3413 1259 3469 enim
1284 3413 1477 3483 arguit
1493 3429 1595 3469 eos
1614 3413 1792 3486 quasi
1816 3417 2184 3484 arrogantes,

541 3501 650 3558 sed
677 3517 783 3574 per
819 3501 1173 3574 parabolam
1195 3501 1306 3557 illis
1331 3501 1596 3559 hilariter
1623 3500 1970 3572 respondet.

611 3679 772 3734 Vers.
807 3683 892 3734 15.
928 3679 1010 3734 Et
1051 3678 1137 3734 ait
1168 3708 1237 3719 —
1265 3682 1552 3749 sponsus?
1582 3676 1866 3749 Superius
1920 3676 2186 3749 seipsum

540 3767 836 3825 medicum
863 3767 1216 3833 nominavit,
1269 3767 1361 3824 hic
1393 3774 1593 3825 autem
1621 3783 1932 3840 sponsum.
1977 3769 2041 3822 Et
2067 3781 2187 3822 me-

537 3856 648 3914 rito
677 3854 978 3912 medicum
1003 3855 1265 3928 quidem,
1300 3847 1517 3929 utpote
1548 3861 1798 3924 aagrotas
1827 3854 2062 3911 animas
2089 3869 2188 3910 cu-

536 3949 806 4012 rantem;
857 3959 1151 4015 sponsum
1221 3960 1386 4008 vero,
1458 3949 1746 4015 tanquam
1789 3944 1895 3999 has
1953 3959 2090 4016 quae
2126 3943 2188 3997 in

537 4032 872 4103 dirginitate
921 4031 1149 4100 degunt
1191 4032 1303 4086 sibi
1325 4031 1817 4103 desponsantem.
1859 4031 2031 4087 Filios
2089 4045 2190 4085 au-

537 4127 658 4178 tem
699 4118 903 4190 sponsi
925 4119 1066 4173 dicit
1092 4119 1443 4173 domesticos
1484 4119 1613 4188 ejus
1651 4135 1784 4188 quae
1823 4119 2188 4189 desponsata

539 4211 629 4265 est
685 4207 805 4278 (ss).
857 4204 1011 4261 Dixit
1052 4209 1252 4260 autem
1287 4205 1400 4260 hoc
1429 4205 1723 4261 reducens
1771 4204 1888 4260 illis
1939 4205 2018 4262 ad
2075 4220 2192 4260 me-

538 4295 794 4351 moriam
831 4292 1079 4349 Joannis
1108 4291 1380 4358 verbum,
1412 4292 1562 4349 dixit
1590 4309 1601 4347 :
1638 4293 1788 4360 Quia
1815 4293 1991 4351 habet
2020 4307 2190 4363 spon-

538 4397 686 4447 sam,
716 4396 961 4450 sponsus
1006 4386 1125 4448 est;
1159 4381 1378 4438 amicus
1427 4387 1616 4438 autem
1675 4383 1900 4452 sponsi,
1925 4385 2031 4455 qui
2071 4391 2191 4442 stat

540 4479 599 4530 et
653 4470 858 4528 audite
932 4484 1081 4536 eum,
1132 4469 1355 4541 gaudio
1407 4471 1630 4542 gaudet
1689 4479 1936 4544 propter
2000 4489 2193 4532 vocem

540 4558 736 4632 sponsi
759 4559 829 4616 ⁸³.

613 4651 713 4704 Est
745 4662 882 4718 ergo
910 4647 1234 4705 verborum
1263 4647 1590 4706 intellectus
1622 4650 1732 4707 iste
1759 4667 1772 4706 :
1815 4653 1937 4721 Ego
1979 4653 2108 4708 veni
2132 4668 2197 4728 ut

542 4736 855 4796 Ecclesiam
889 4735 1156 4794 ﬁdelium
1205 4752 1310 4811 per
1346 4738 1531 4795 ﬁdem
1582 4739 1729 4796 mihi
1778 4739 2194 4813 despondeam

2221 3087 2262 3144 Ο
2295 3062 2410 3119 τοὺς
2465 3055 2524 3111 δὲ
2588 3064 2785 3133 πρῶτον
2844 3058 3135 3126 ἐπαινοῦσι,

3778 287 3886 344 312

3189 407 3469 472 Ὀνειδίζει
3537 417 3627 484 μὲν
3703 413 3886 475 αὐτοῖς

2287 497 2376 544 καὶ
2432 492 2658 564 ἀμάθιαν
2719 503 2818 546 τῶν
2878 501 3106 568 Γραφῶν,
3181 499 3512 553 καταστέλλει
3563 498 3621 553 δε
3669 507 3760 552 καὶ
3823 505 3884 553 τό

2291 584 2528 653 φρόνημα
2603 584 2815 651 τούτων,
2903 583 3244 657 ἐπαιρομένων
3319 586 3404 640 ἐπὶ
3469 595 3584 650 ταῖς
3649 592 3885 650 θῦσίαις.

2287 667 2352 720 Ὀ
2415 665 2472 720 δὲ
2519 669 2673 740 λέγει,
2741 679 2972 724 τοιοῦτον
3027 673 3186 741 ἐστιν,
3241 676 3317 727 ὅτι
3359 673 3525 728 Οὐδὲν
3568 675 3786 729 ἐναντίον
3817 684 3882 748 τῇ

2292 758 2400 828 θείᾳ
2454 764 2627 830 Γραφῇ
2687 767 2839 813 ποιῶ.
2887 765 2986 813 Καὶ
3041 764 3142 836 γὰρ
3188 764 3213 813 ὀ
3254 767 3383 825 Θεὸς
3448 765 3598 816 εἰπων
3655 763 3747 818 διὰ
3793 772 3888 819 τόῦ

2286 849 2574 919 προφήτουο
2628 845 2800 900 Ἔλεον
2873 849 3018 919 θελω,
3081 854 3170 902 καὶ
3254 850 3313 902 ού
3392 854 3594 904 θυσίαν
3670 850 3882 925 ἔδειξεν,

2289 935 2369 985 ὅτι
2407 939 2646 1007 κρείττων
2701 937 2889 998 θυσίας
2939 937 3081 991 ἐστὶν
3130 939 3155 990 ό
3193 938 3351 1000 ἔλεος.
3418 945 3505 993 Διὸ
3543 943 3689 1013 κάγὼ
3738 941 3886 996 ἐλεῶν

2288 1026 2409 1084 τοὺς
2437 1031 2717 1085 νοσοῦντας
2766 1023 2814 1076 ἐν
2866 1026 2978 1096 (95)
3027 1027 3325 1101 ἁμαρτίαις,
3384 1027 3626 1102 ἐπιδημῶ
3662 1033 3882 1103 τούτοις,

2290 1112 2353 1170 ὡς
2419 1112 2613 1184 ἰατρὸς,
2665 1117 2753 1165 καὶ
2803 1120 3300 1190 συναναστρέφομαι,
3354 1123 3444 1170 καὶ
3498 1123 3648 1171 παντὶ
3709 1124 3884 1194 τρόπῳ

2293 1199 2574 1272 θεραπεύω.

2362 1377 2436 1428 Ού
2493 1407 2562 1417 --
2635 1380 2925 1449 μετάνοιαν.
2993 1381 3101 1433 Ούκ
3191 1377 3343 1439 ἦλθον
3412 1380 3718 1457 ἐπιστρέψαι
3801 1381 3885 1438 δι-

2290 1468 2485 1524 καίουςο
2535 1465 2683 1518 αὐτοὶ
2737 1470 2838 1539 γὰρ
2921 1467 3118 1529 ἑαυτοῖς
3172 1468 3422 1543 ἀρκοῦσιν
3475 1477 3540 1532 εὶς
3599 1476 3883 1544 σωτηρίαν·

2293 1551 2396 1604 ἀλλ’
2448 1554 2698 1626 ὁμολογῶ,
2759 1553 2850 1607 διὰ
2905 1562 3091 1628 μόνους
3144 1563 3266 1618 τοὺς
3321 1559 3650 1632 ἁμαρτωλοὺς
3702 1559 3881 1628 ἐλθεῖν,

2293 1638 2564 1714 δεομένους
2606 1649 2889 1714 μετανοίας.
2949 1651 3048 1698 Καὶ
3095 1655 3200 1707 πῶς
3228 1648 3332 1720 ἄρα
3385 1645 3707 1719 βδελύξομαι
3762 1652 3888 1702 τού-

3006 1751 3017 1798 ;
3071 1740 3208 1793 Φησὶ
3266 1733 3324 1788 δὲ
3377 1738 3401 1787 ό
3457 1737 3566 1808 (96)
3601 1740 3885 1809 Χρυσόστο

2291 1839 2407 1890 μος,
2430 1823 2514 1872 τόν
2545 1825 2773 1894 Χριστόν
2807 1819 2958 1874 τούτο
3003 1825 3120 1875 κατ’
3175 1824 3433 1896 εἰρωνείαν
3463 1824 3642 1890 εἰπεῖν,
3670 1827 3750 1877 ὃτι
3773 1825 3888 1878 Ούκ

2293 1905 2445 1965 ἦλθον
2467 1908 2680 1962 καλέσαι
2709 1906 2966 1972 δικαίους.
3007 1912 3107 1964 οἷοί
3134 1911 3248 1965 ἐστε
3276 1911 3439 1984 ὑμεῖς,
3479 1915 3527 1966 οἱ
3559 1910 3889 1976 δικαιοῦντες

2293 2016 2523 2057 εαυτους.

2363 2090 2488 2137 Τότε
2542 2117 2612 2126 -
2649 2089 2988 2145 νηστεύουσιν
3031 2106 3045 2153 ς
3090 2087 3312 2161 Ὁμοίως
3367 2093 3456 2142 καὶ
3510 2096 3663 2142 τοῦτο
3727 2092 3886 2163 Μοίρ-

2293 2191 2383 2233 κος
2432 2177 2521 2225 καὶ
2572 2179 2797 2240 Λουκᾶς,
2856 2179 2978 2238 τοῦς
3031 2183 3360 2250 Γραμματεῖς
3425 2183 3514 2230 καὶ
3570 2183 3888 2252 Φαρισαίους

2296 2261 2450 2314 εἰπεῖν
2538 2261 2796 2334 λέγουσιν,
2884 2266 2955 2326 ὡς
3037 2263 3167 2317 εἶναι
3256 2262 3436 2329 δῆλον,
3522 2268 3603 2318 ὅτι
3681 2274 3880 2341 πρῶτον

2295 2352 2383 2422 μὲν
2413 2349 2596 2403 ἐκεῖνοι
2640 2358 2790 2404 τοῦτο
2839 2349 2998 2418 εἶπον,
3050 2350 3159 2406 εἶτα
3212 2361 3573 2426 παρώρμησαν
3619 2359 3712 2406 καὶ
3768 2357 3880 2414 τοὺς

2294 2445 2385 2490 τοῦ
2412 2445 2706 2491 Βαπτιστοῦ
2755 2443 3014 2511 μαθητὰς,
3052 2443 3119 2503 ὡς
3171 2439 3526 2514 διακειμένους
3572 2447 3661 2495 καὶ
3701 2443 3886 2503 αὐτοὺς

2294 2530 2419 2599 πρὸς
2470 2531 2555 2580 τὸν
2613 2532 2842 2601 Χριστὸν
2899 2529 3219 2592 ζηλοτύπως.
3283 2537 3384 2584 Καὶ
3448 2529 3555 2584 ἐπεὶ
3621 2532 3721 2582 ὑπὸ
3794 2538 3885 2583 τοῦ

2295 2623 2532 2688 Σωτῆρος
2577 2615 3052 2689 ἐπεστομίσθησαν,
3128 2623 3456 2690 μετέστησαν
3521 2623 3614 2678 τὴν
3683 2619 3882 2692 μέμψιν

2293 2703 2376 2756 ἐπὶ
2423 2708 2543 2765 τοῦς
2598 2707 2838 2776 μαθητὰς
2902 2706 3080 2776 αὐτοῦ,
3150 2711 3240 2758 καὶ
3295 2707 3655 2781 προσελθόντες
3709 2706 3883 2759 ἐνεκά-

2293 2793 2411 2845 λουν
2440 2793 2555 2845 κατ’
2604 2794 2791 2848 αὐτῶν.
2845 2793 2910 2845 ⁸0
2959 2791 3019 2847 δέ
3065 2794 3255 2866 ἔλεγον,
3303 2803 3533 2848 τοιοῦτον
3577 2793 3654 2854 ἦν·
3687 2796 3786 2861 ὅτι,
3821 2795 3881 2848 Εἰ

2295 2887 2383 2934 καὶ
2416 2885 2501 2946 σὺ,
2534 2884 2602 2942 ὡς
2653 2881 2841 2952 ἰατρός,
2872 2890 3035 2935 ταῦτα
3062 2891 3246 2949 ποιεῖς,
3291 2881 3437 2936 ὁιατί
3463 2884 3554 2936 ούκ
3602 2884 3878 2942 ἐπιτάττεις

2293 2978 2400 3030 τοῖς
2437 2971 2693 3042 μαθηταῖς
2745 2990 2837 3022 σου
2881 2974 3167 3041 νηστεύειν,
3216 2976 3306 3023 καὶ
3356 2977 3426 3044 μὴ
3473 2978 3668 3045 τρυφᾲν
3701 2971 3886 3038 ;Ἐαυ-

3217 3061 3589 3132 κομπάζοντες,
3641 3061 3720 3112 ὃτι
3772 3066 3888 3117 Νη-

2298 3149 2540 3219 στεύομεν
2593 3147 2774 3199 πολλοὶ.
2819 3153 2918 3200 Καὶ
2961 3150 3061 3221 γὰρ
3123 3147 3414 3211 ἐνήστευον,
3473 3151 3523 3201 οἱ
3572 3151 3684 3220 μὲν,
3745 3149 3889 3222 παρὰ

2297 3235 2532 3288 Ἰωάννου
2596 3243 2748 3287 τοῦτο
2813 3237 3080 3306 μαθόντες,
3143 3238 3192 3288 οἱ
3240 3233 3318 3304 δὲ,
3375 3241 3514 3309 παρὰ
3569 3244 3660 3288 τοῦ
3704 3240 3885 3308 νόμου.

2295 3321 2423 3378 Εἶτα
2459 3326 2581 3385 τοὺς
2631 3326 2866 3395 μαθητὰς
2922 3323 3081 3376 αὐτοῦ
3133 3320 3471 3396 διασύρουσι.
3515 3329 3615 3377 Καὶ
3670 3326 3766 3398 ὅρα
3793 3328 3890 3382 τὴν

2297 3411 2568 3465 ἐπιείκειαν
2618 3419 2709 3465 τοῦ
2778 3419 3029 3484 Χριστοῦ,
3089 3419 3195 3472 πῶς
3276 3412 3368 3464 οῦκ
3430 3412 3632 3484 ἤλεγξεν
3703 3412 3892 3472 αὐτοὺς

2296 3499 2571 3567 ἀλαζόνας,
2605 3498 2730 3552 ἀλλὰ
2757 3496 2851 3552 διὰ
2877 3499 3173 3574 παραϐολῆς
3193 3500 3366 3561 αὐτοῖς
3389 3499 3753 3572 ἀπελογήσατο
3771 3501 3890 3572 μεθ’

2297 3589 2611 3663 ἱλαρότητος.

2371 3683 2470 3731 Καὶ
2531 3673 2665 3730 εἶπεν
2721 3705 2784 3717 --
2823 3681 3035 3749 νυμφίος
3096 3693 3110 3744 ;
3149 3675 3286 3730 Ἀνω
3338 3679 3427 3748 μὲν
3478 3677 3650 3749 ἰατρόν
3710 3676 3890 3730 ἑαυτὸν

2296 3768 2577 3839 ὠνόμασεν,
2623 3764 2844 3816 ἐνταῦθα
2899 3761 2958 3817 δὲ
2982 3769 3216 3837 νυμφίον·
3283 3769 3378 3818 Καὶ
3420 3765 3646 3826 εἰκότως.
3690 3764 3892 3837 ’ἰατρὸν

2297 3858 2405 3928 μὲν,
2466 3857 2530 3915 ὡς
2575 3855 2890 3927 καθαίροντα
2944 3855 3032 3914 τὰς
3087 3855 3347 3914 νοσούσας
3409 3852 3612 3924 ψυχάς·
3672 3857 3890 3924 νυμφίον

2299 3941 2377 4009 δε,
2433 3947 2500 4005 ὡς
2553 3945 2959 4015 μνηστευόμενον
3016 3945 3210 4004 ταύτας
3262 3943 3696 4015 παρθενευούσας.
3739 3943 3893 4004 Υἱοῦς

2300 4029 2358 4085 δὲ
2395 4039 2487 4084 τοῦ
2543 4039 2803 4102 νυμφῶνος
2857 4030 2992 4100 λέγει
3044 4033 3162 4091 τοὺς
3219 4029 3433 4089 οἰκείους
3491 4038 3587 4091 τῆς
3661 4031 3893 4102 νυμφεύ-

2301 4140 2450 4182 σεως.
2487 4127 2664 4172 Ταῦτα
2699 4116 2756 4172 δὲ
2810 4122 3031 4192 εἴρηκεν,
3089 4118 3494 4190 ἀναμίμνὴσκων
3563 4116 3752 4178 αύτούς
3794 4125 3894 4169 τῶν

2298 4210 2543 4283 ῥημάτων
2593 4214 2684 4259 τοῦ
2737 4207 2990 4260 Ἰωάννου.
3041 4211 3315 4277 φήσαντος,
3379 4206 3459 4257 ὅτι
3496 4203 3554 4257 εΟ
3615 4207 3751 4277 ἔχων
3798 4210 3894 4264 τὴν

2299 4299 2520 4368 νύμφην,
2574 4300 2787 4367 νυμφίος
2856 4293 3015 4347 ἐστίν·
3087 4283 3242 4346 ό’ό“ε
3315 4292 3458 4364 φίλος
3505 4298 3893 4367 τοῦνυμφίου,

2301 4387 2328 4437 ό
2354 4385 2587 4445 ἑστηκὼς
2617 4389 2705 4436 καὶ
2732 4385 2934 4436 ἁκούων
2983 4383 3161 4449 αὐτοῦ,
3201 4380 3350 4455 χαρᾲ
3399 4385 3599 4456 χαίρει,
3655 4378 3750 4435 διὰ
3799 4387 3893 4440 τὴν

2303 4478 2469 4548 φωνὴν
2500 4481 2592 4526 τοῦ
2611 4477 2852 4546 νυμφίου.

2373 4650 2522 4704 Ἐστι
2558 4646 2616 4702 δὲ
2669 4649 2694 4701 ὁ
2739 4655 2857 4710 νοῦς
2917 4656 3015 4700 τῶν
3075 4648 3245 4722 ῥητῶν
3301 4647 3552 4708 τοιοῦτος·
3613 4648 3686 4699 ὅτι
3729 4652 3888 4718 Παρε-

2302 4742 2522 4812 γενόμην
2579 4738 2663 4791 ἐπὶ
2715 4747 2784 4808 τῷ
2821 4737 3218 4809 νυμφεύσασθαι
3265 4740 3354 4788 καὶ
3408 4735 3639 4806 συνάψαι
3683 4734 3887 4806 ἐμαυτῷ

612 4916 661 4951 ⁸³
683 4916 828 5017 0.300
853 4929 927 4983 v1,
963 4918 1012 4972 6.
1091 4915 1138 4951 ⁸⁸
1159 4917 1329 4972 Marc.
1360 4930 1418 4981 ιι,
1457 4913 1522 4971 18
1542 4932 1562 4986 ς
1594 4915 1733 4972 Luc.
1766 4932 1821 4985 γ,
1855 4914 1942 4972 33.
2021 4916 2068 4952 ⁸⁸
2098 4918 2186 4974 Joa

2315 4933 2392 4986 ut,
2421 4921 2508 4973 29.

1779 5092 2347 5162 Variaalectiones
2369 5103 2648 5161 etnotae.

616 5257 728 5332 (95)
752 5259 823 5324 iw,
856 5257 1073 5314 omittit
1104 5262 1169 5314 A.

617 5433 718 5515 (ss)
749 5433 932 5515 Filios
958 5438 1155 5515 autem
1186 5437 1430 5515 thalami
1453 5439 1612 5515 dicit,
1639 5444 1802 5515 aptes
1824 5440 1910 5515 ad
1931 5440 2187 5515 despon-

545 5510 860 5582 sationem.
886 5512 1111 5582 Ιξῑυμφών
1142 5514 1227 5563 est
1252 5510 1438 5573 locus,
1468 5510 1703 5577 domus,
1740 5512 1832 5565 ubi
1858 5510 2075 5582 nuptiae
2100 5527 2187 5565 ce-

543 5576 620 5634 ῙθῙ
649 5580 872 5633 rantur-
901 5576 1205 5650 Νὐμφευσις
1247 5585 1335 5638 est
1389 5576 1790 5654 desponsatio.
1849 5576 1961 5638 Sed
2000 5583 2183 5645 ὸίκεῖος

2367 5262 2480 5335 (96)
2511 5262 2677 5318 Tom.
2714 5263 2827 5332 VII,
2856 5275 2988 5332 pag.
3017 5262 3114 5319 351
3145 5262 3210 5316 Α·

2296 5440 2640 5505 ambiguum
2659 5439 2814 5495 estin
2831 5437 3404 5494 Graeco.Notatenim
3419 5435 3889 5501 etdomesticum,

2295 5528 2402 5567 seu
2427 5511 3023 5575 familiarem,deinde
3045 5511 3222 5566 etiam
3256 5516 3464 5581 aptum
3499 5516 3553 5566 et
3582 5509 3888 5564 idoneum.

2291 5583 2508 5638 Eodem
2543 5583 2724 5638 modo
2747 5588 3007 5639 erratum
3034 5588 3119 5639 est
3152 5581 3309 5638 infra
3349 5597 3494 5636 mox.
