4206 6310
340 345 450 402 313
1305 346 1675 404 COMMENT.
1724 347 1793 401 IN
1834 344 2279 401 MATTHEUM.
2323 373 2389 385 —-
2430 339 2588 398 CAP.
2719 382 2732 395 .
3590 339 3694 396 314

346 467 441 523 διὰ
480 474 698 529 πίστεως
742 474 833 527 τὴν
883 470 1191 530 Ἐκκλησίαν
1247 480 1343 524 τῶν
1381 480 1579 525 πιστῶν
1611 490 1621 501 ·
1657 474 1681 524 ὁ
1724 469 1781 523 δὲ
1822 492 1935 523 και·
1967 472 2007 524 Α

2043 475 2097 525 et
2128 470 2514 539 conjungam,
2558 471 2615 523 et
2642 466 2757 521 hoc
2788 470 3016 539 tempus
3039 470 3126 523 est
3158 466 3501 538 nuptiarum
3538 482 3551 532 ;
3577 482 3690 522 non

344 564 431 632 ρος
478 560 625 619 οὗτος
669 566 761 620 τῆς
807 562 1134 630 νυμφεύσεως
1177 560 1268 611 οῦκ
1318 564 1430 612 ἔστι
1471 563 1682 620 πένθους
1729 566 1929 634 καιρὸς,

2043 574 2183 627 ergo
2234 564 2469 628 tempus
2537 562 2629 610 est
2674 556 2885 624 luctus,
2929 555 3033 611 sed
3072 557 3292 624 gaudii.
3340 560 3540 627 Itaque
3571 571 3690 610 non

348 647 470 699 ἀλλά
526 652 700 720 χαρᾶς
735 668 746 679 ·
800 652 886 698 καὶ
936 647 1111 699 λοιπὸν
1164 649 1222 699 οῦ
1278 647 1522 700 δύνανται
1573 653 1835 707 νηστεύειν
1886 653 1935 702 οἱ

2042 650 2295 717 possunt
2316 646 2582 717 jejunare
2608 643 2926 698 familiares
2958 659 3026 699 ac
3051 644 3371 716 propinqui
3406 660 3686 715 sponsae;

346 736 524 788 οἰκεῖοι
572 735 733 797 αὐτῆς
763 754 774 764 ι
836 736 1063 808 θλιϐερὸν
1101 739 1200 809 γὰρ
1252 742 1307 789 τὸ
1360 742 1622 795 νηστεύειν
1661 747 1771 800 τοίς
1818 738 1931 791 ἀτε-

2042 750 2185 789 nam
2236 734 2508 805 jejunare
2552 731 2940 787 tribulationis
2992 738 3099 796 est,
3148 740 3202 787 et
3256 732 3346 787 his
3401 732 3684 801 congruit,

342 825 441 885 λῶς
485 826 563 874 ἔτι
613 820 953 894 διακειμένοις
983 846 995 857 ·
1046 828 1259 887 τούτους
1299 824 1356 878 ὁέε
1406 832 1516 897 χρὴ
1566 832 1793 901 χαίρειν,
1841 828 1933 887 ἕως

2041 824 2144 894 qui
2199 821 2546 893 imperfecto
2599 819 2781 874 modo
2858 820 3056 874 adhuc
3112 820 3303 876 affecti
3359 825 3515 875 sunt.
3573 822 3688 875 Hos

340 909 402 963 οὗ
439 911 547 983 εἰμι
585 911 693 984 μετ’
727 913 913 977 αὐτῶν,
950 918 1194 975 συνόντας
1221 935 1331 987 μοι,
1368 920 1456 967 καὶ
1486 924 1578 978 τῆς
1615 925 1781 988 φωνῆς
1829 935 1931 988 μου

2038 926 2179 965 vero
2245 909 2504 979 gaudere
2557 912 2805 979 oportet,
2866 908 3139 979 quandiu
3185 924 3323 963 cum
3371 910 3453 963 eis
3529 926 3684 971 sum,

334 998 641 1061 ἀκούοντας.

2039 998 2310 1071 quandiu
2342 1013 2566 1052 mecum
2606 998 2931 1060 versantur,
2976 1001 3032 1050 et
3079 1011 3289 1051 vocem
3335 1012 3533 1052 meam
3585 1014 3689 1053 au-

306 1068 323 1083 ,
2038 1068 2228 1142 diunt.

406 1177 733 1229 Ἐλεύσονται
813 1210 880 1218 —
954 1182 1350 1237 νηστεύσουσιν.
1442 1182 1697 1234 Ἐνταῦθα
1777 1202 1929 1254 παρε-

2114 1178 2268 1231 Vers.
2307 1179 2387 1229 l5.
2460 1175 2698 1231 Venient
2735 1202 2806 1217 —
2854 1172 3238 1243 jejunabunt.
3296 1173 3409 1229 Hic
3465 1171 3685 1241 signiﬁ-

335 1261 592 1328 δήλωσεν,
627 1269 707 1318 ὅτι
746 1266 1142 1341 ἀναιρεθήσεται
1176 1273 1264 1340 μὲν
1308 1269 1482 1339 αὐτὸς,
1516 1271 1664 1323 αὐτοὶ
1702 1268 1760 1324 δὲ
1801 1275 1930 1343 μετὰ

2039 1263 2188 1319 cavit
2246 1280 2309 1318 se
2356 1262 2773 1328 occidendum,
2845 1260 2974 1316 illos
3032 1266 3231 1316 autem
3306 1260 3688 1331 postmodum

334 1361 487 1406 τοῦτο
517 1353 681 1407 πολλά
707 1361 795 1407 καὶ
825 1376 881 1414 νη
894 1360 1195 1425 στεύσουσι,
1217 1363 1307 1410 καὶ
1332 1362 1605 1417 κακοπαθή
1618 1380 1817 1412 σουσιν.

2039 1351 2369 1422 frequenter
2409 1351 2805 1421 jejunaturos,
2876 1364 2945 1404 ac
3003 1348 3191 1403 multa
3246 1348 3409 1403 mala
3478 1362 3688 1418 passu-

2036 1454 2135 1495 I'OS
2148 1482 2160 1495 .

409 1526 598 1590 Οὐδεὶς
650 1561 719 1571 --
772 1531 1001 1602 παλαιῷ.
1078 1533 1247 1596 Δείξαι
1295 1535 1466 1600 θέλων,
1525 1536 1604 1587 ὅτι
1657 1538 1725 1597 ὡς
1777 1535 1926 1589 ἀσθε-

2106 1530 2262 1583 Vers.
2323 1529 2407 1582 16.
2457 1528 2640 1583 Nemo
2692 1556 2761 1566 —
2821 1526 3023 1581 veteri.
3074 1525 3291 1580 Volens
3347 1524 3682 1589 ostendere,

339 1620 475 1669 νέσιν
527 1621 601 1670 ἔτι
649 1626 754 1680 τοῖς
818 1623 1075 1691 μαθηταῖς
1130 1622 1222 1674 οὐκ
1276 1622 1589 1697 ἐπιφορτίζει
1648 1629 1704 1677 τὸ
1764 1625 1928 1699 βάρος

2036 1616 2199 1687 quod
2258 1621 2545 1687 tanquam
2585 1614 2782 1669 adhuc
2822 1613 3147 1668 imbecilles
3199 1613 3527 1684 discipulos
3564 1628 3686 1667 non

341 1713 433 1766 τῆς
464 1712 719 1770 νηστείας,
755 1705 847 1759 διὰ
892 1709 1187 1783 παραϐολῆς
1225 1718 1375 1763 τοῦτο
1421 1709 1674 1783 δείκνυσι,
1724 1713 1881 1783 λέγων
1911 1732 1922 1744 ·

2036 1709 2240 1759 oneret
2294 1704 2558 1775 pondere
2605 1701 2834 1773 jejunii,
2886 1718 2987 1773 per
3044 1702 3394 1773 parabolam
3444 1701 3559 1756 hoc
3609 1701 3684 1754 si-

348 1790 537 1855 Οὐδεὶς
593 1795 795 1867 ἰώμενος
855 1798 1063 1869 ἱματίου
1116 1798 1337 1851 παλαιοῦ
1409 1803 1726 1875 σαθρότητα,
1790 1802 2004 1877 ἐπιρ-Β

2038 1792 2277 1862 gniﬁcat
2329 1791 2575 1846 dicens:
2636 1790 2841 1845 Nullus
2885 1791 3208 1846 resarciens
3259 1789 3535 1844 detritam
3592 1804 3687 1843 ve-

341 1881 526 1954 ῥάπτει
577 1887 824 1955 τεμάχιον
874 1886 1068 1958 ῥάκους
1124 1885 1375 1959 ἀγνάφου,
1433 1894 1672 1941 τουτέστι
1727 1898 1925 1956 καινοῦ,

2038 1885 2186 1936 stem
2243 1884 2523 1944 veterem,
2574 1879 2765 1933 assuit
2819 1878 3222 1947 fragmentum
3272 1877 3456 1948 panni
3504 1876 3682 1941 rudis,

348 1968 430 2020 ἐπὶ
459 1972 599 2042 μέρει
627 1971 849 2042 παλαιῷ.
882 1970 1009 2026 Εἶτα
1037 1974 1170 2046 λέγει
1201 1982 1288 2028 καί
1326 1981 1419 2034 τὴν
1450 1977 1642 2029 αἰτίαν.

2038 1969 2152 2025 hoc
2180 1972 2269 2024 est
2299 1967 2453 2032 novi,
2494 1968 2552 2021 in
2599 1970 2763 2038 parte
2795 1965 2997 2021 veteri.
3032 1965 3247 2021 Deinde
3273 1965 3439 2020 addit
3466 1969 3523 2020 et
3547 1979 3684 2018 cau-

2040 2072 2190 2112 sam.

408 2149 544 2219 Δῖρει
586 2178 653 2188 -
701 2153 920 2219 γίνεται.
972 2155 1040 2203 Τὸ
1081 2154 1183 2223 γὰρ
1235 2152 1492 2225 πλήρωμα
1543 2155 1724 2223 αὑτοῦ,
1780 2176 1929 2208 τουτ-

2111 2146 2271 2199 Vers.
2322 2143 2401 2199 16.
2452 2144 2673 2214 Aufert
2728 2172 2799 2181 —
2847 2141 2940 2209 ﬁt.
2997 2140 3493 2212 Supplementum
3564 2139 3685 2194 sive

329 2238 481 2286 ἐστιν
537 2237 566 2293 ἡ
627 2236 810 2300 ὀλότης
861 2246 952 2290 τοῦ
994 2238 1221 2312 ἀγνάφου
1284 2244 1491 2315 ῥάκους,
1578 2244 1778 2318 ἰσχυρά
1843 2240 1931 2297 καὶ

2040 2232 2348 2304 plenitudo
2421 2232 2568 2300 ejus,
2623 2229 2683 2285 id
2740 2234 2827 2285 est
2872 2230 3175 2299 integritas
3231 2229 3417 2300 panni
3494 2227 3680 2293 rudis,

326 2321 522 2396 βαρεῖα
568 2325 723 2388 οὖσα,
785 2329 917 2399 αἴρει
971 2333 1059 2380 καὶ
1115 2336 1363 2401 κατασπᾷ
1424 2331 1613 2403 μᾶλλον
1682 2332 1779 2385 ἀπὸ
1839 2341 1929 2386 τοῦ

2038 2337 2174 2376 cum
2203 2322 2276 2376 sit
2307 2320 2469 2376 fortis
2505 2319 2755 2382 etdura,
2802 2316 2949 2373 tollit
3004 2332 3074 2373 ac
3104 2317 3358 2371 detrahit
3407 2331 3443 2371 a
3497 2320 3682 2379 veste,

329 2412 567 2482 ἱματίου,
604 2415 802 2488 σαθροῦ
844 2420 1216 2487 τυγχάνοντος,
1271 2422 1390 2470 ὅσον
1439 2419 1498 2470 ἆν
1547 2420 1761 2493 ἐπιλάϐῃ
1794 2437 1806 2449 ·
1840 2428 1927 2474 καὶ

2037 2425 2169 2481 quae
2207 2409 2419 2465 detrita
2471 2412 2614 2472 erat,
2672 2411 3209 2477 quantumcunque
3260 2403 3575 2474 acceperit,
3632 2408 3684 2458 et

329 2504 529 2569 γίνεται
580 2501 756 2572 μεῖξον
813 2508 1046 2575 σχίσμα.
1099 2510 1295 2558 Λοιπὸν
1335 2504 1440 2573 οὖν,
1497 2506 1619 2560 οὐδὲ
1666 2508 1763 2579 ἐγὼ
1816 2518 1921 2575 νῦν,

2035 2499 2230 2569 major
2253 2503 2495 2567 reptura
2522 2496 2605 2551 ﬁt.
2634 2496 2836 2566 Itaque
2864 2509 3058 2565 neque
3080 2509 3190 2562 ego
3215 2507 3377 2547 nunc
3412 2492 3684 2547 vetustati

339 2585 548 2657 ἰώμενος
613 2593 707 2646 τὴν
789 2594 1085 2665 σαθρὸτητοι
1158 2603 1254 2645 τῶν
1324 2599 1588 2667 μαθητῶν,
1670 2596 1925 2649 ἐπιϐάλλω

2035 2602 2104 2641 ac
2147 2585 2432 2641 debilitati
2480 2583 2907 2655 discipulorum
2958 2580 3213 2637 immitto
3278 2579 3554 2635 duritiem
3613 2595 3682 2634 ac

336 2678 496 2747 ταύτῃ
550 2676 876 2749 ἰσχυρότητα
911 2685 997 2732 καὶ
1030 2680 1192 2753 βάρος
1232 2688 1492 2748 νηστείας,
1529 2685 1609 2736 ἵνα
1637 2690 1707 2756 μη
1755 2686 1922 2738 πλεῖον

2032 2676 2215 2731 robur
2239 2674 2463 2745 jejunii,
2498 2688 2571 2727 ne
2614 2670 2873 2742 amplius
2916 2670 3267 2733 deteruntur,
3314 2684 3436 2723 non
3475 2671 3683 2738 poten-

336 2765 603 2836 aaﬁpwﬂ‘ﬁ,
668 2771 739 2837 μὴ
803 2764 1059 2839 δυναμένη
1121 2769 1405 2842 βαστάζειν
1465 2776 1522 2824 τὸ
1592 2772 1858 2831 ἐπιϐληθέν
1906 2796 1918 2808 ·

2034 2771 2118 2818 tes
2142 2763 2289 2819 ferre
2346 2760 2510 2833 quod
2558 2758 2889 2815 immissum
2942 2762 3047 2827 est,
3101 2758 3205 2812 sed
3268 2756 3681 2812 condescendo

326 2849 456 2902 ἀλλά
506 2853 908 2923 συγκαταϐαίνω
967 2865 1026 2928 τῇ
1079 2856 1315 2931 ἀσθενείᾳ
1369 2861 1555 2927 αὐτῶν,
1618 2866 1810 2935 μέχρις
1861 2861 1920 2913 ἂν

2032 2851 2398 2907 imbecilitati
2438 2864 2666 2914 eorum,
2715 2846 2907 2903 donec
2950 2860 3056 2918 per
3095 2845 3377 2918 Spiritum
3408 2847 3681 2899 sanctum

322 2935 421 2990 διὰ
458 2947 549 2991 τοῦ
582 2944 714 2993 θείου
747 2947 1040 3015 Πνεῦματος
1072 2944 1527 3003 ἀνακαινισθῶσιν.

747 2947 1040 3015 Πνεῦματος
1072 2944 1527 3003 ἀνακαινισθῶσιν.
2030 2944 2408 2995 renovem“?-

400 3025 541 3080 Οὐδὲ
590 3061 657 3069 -
713 3031 980 3092 παλαιούς.
1062 3040 1161 3086 Καὶ
1221 3036 1389 3087 ἑτέοαν
1446 3038 1693 3110 λαμϐάνει
1758 3060 1919 3110 παρα-

2102 3029 2267 3085 Vers.
2296 3027 2384 3082 t7.
2436 3027 2643 3096 Neque
2666 3054 2737 3065 —
2767 3031 2998 3080 veteres.
3027 3021 3218 3077 Aliam
3257 3036 3498 3093 quoque
3536 3019 3686 3074 acci-

1512 3096 1519 3110 .
1831 3096 1838 3113 .

324 3113 502 3180 ϐολήν,
539 3113 668 3168 οἶνον
715 3124 822 3171 νέον
878 3120 1057 3191 λέγων,
1108 3128 1197 3180 τὴν
1242 3125 1529 3198 αὐστηρίαν
1560 3133 1648 3179 καὶ
1699 3126 1919 3202 σφοδρά-
1957 3152 1985 3205 ς

2028 3118 2116 3187 pit
2147 3114 2619 3181 similitudinem,
2651 3114 2853 3167 vinum
2883 3126 3108 3166 novum
3157 3125 3381 3165 vocans
3424 3107 3684 3163 austeri-

322 3223 457 3260 τητα
499 3213 598 3256 τῶν
654 3205 863 3259 ἐντολῶν
895 3227 905 3237 ’
966 3209 1098 3262 οἶνον
1147 3215 1254 3282 μὲν,
1313 3214 1381 3273 ὡς
1420 3214 1791 3286 εὐφραίνουσαν
1832 3220 1918 3278 τὰς

2029 3212 2209 3262 tatem
2239 3220 2309 3260 ac
2346 3202 2781 3258 vehementiam
2821 3203 3253 3271 praeceptorum
3288 3197 3527 3261 ;vinum
3557 3196 3687 3267 qui-

322 3300 422 3342 τών
469 3292 667 3345 τελείων
715 3294 936 3367 ψυχάς’
982 3302 1088 3350 νέον
1130 3296 1206 3362 δὲ,
1254 3303 1321 3361 ὡς
1368 3300 1603 3361 ἀσυνήθη
1649 3312 1755 3366 τοῖς
1795 3304 1913 3376 ἀγυ-

2028 3296 2186 3358 dem,
2213 3292 2376 3362 quod
2418 3289 2677 3346 laetiﬁcet
2729 3288 3122 3360 perfectorum
3161 3286 3416 3350 animas,
3461 3300 3683 3339 novum

324 3381 597 3450 μνάστοις.
665 3387 763 3435 Καὶ
818 3385 991 3454 πάλιν,
1053 3385 1248 3448 ἀσκοὺς
1321 3389 1565 3451 παλαιοὺς
1632 3391 1915 3463 ὀνομάζων,

2029 3384 2248 3444 autem,
2283 3377 2436 3448 quod
2465 3380 2703 3433 assueta
2722 3390 2845 3429 non
2873 3374 2946 3429 sit
2991 3372 3408 3428 inexercitatis.
3442 3370 3679 3425 Praeter-

325 3471 448 3529 τοὺς
488 3471 765 3541 μαθητάς·
811 3471 1007 3534 ἀσκοὺς
1058 3478 1169 3545 μὲν,
1211 3479 1274 3535 ὡς
1307 3485 1609 3549 χωροῦντας
1659 3477 1919 3534 διδασκα-

2028 3483 2097 3522 ea
2151 3478 2308 3521 utres
2350 3469 2576 3520 veteres
2614 3462 2757 3518 dicit
2799 3461 3171 3533 discipulos:
3218 3465 3375 3515 utres
3425 3458 3672 3530 quidem

323 3555 439 3607 λίαν
467 3571 481 3586 ⁰
514 3557 761 3619 παλαιοὺς
792 3556 870 3624 δί,
903 3564 969 3622 ὡς
1008 3561 1251 3623 ἀσθενεῖς.

2030 3561 2317 3626 tanquam
2364 3552 2688 3623 disciplima
2722 3565 3002 3622 capaces,
3059 3554 3281 3605 veteres
3324 3563 3464 3603 vero
3504 3546 3676 3618 quasi

2029 3642 2370 3698 imbecilles.

401 3731 460 3783 Εἰ
526 3729 584 3784 δὲ
640 3738 710 3804 μή
778 3754 837 3805 ’γε
885 3766 952 3775 -
1009 3736 1338 3790 ἀπολοῦνται.
1391 3740 1694 3811 Ῥἡγνυνται
1745 3747 1794 3796 οἱ
1859 3744 1919 3796 ἆ-

2100 3731 2263 3785 Vers.
2298 3730 2379 3785 17.
2420 3728 2666 3800 Alioqui
2695 3758 2762 3770 -
2802 3734 3069 3796 pereunt.
3115 3729 3491 3796 Rumpuntur
3521 3729 3679 3779 utres

330 3823 469 3883 σκοὶ,
522 3823 682 3871 εἶτουν
735 3823 1100 3896 παραλύονται,
1156 3832 1227 3897 μὴ
1287 3824 1561 3901 δυνάμενοι
1614 3835 1776 3906 φέρειν
1826 3838 1919 3892 τὴν

2030 3818 2151 3873 sive
2218 3817 2648 3881 dissolvuntur,
2712 3831 2849 3870 cum
2897 3813 3047 3868 ferre
3106 3828 3228 3868 non
3284 3811 3515 3882 possint
3550 3810 3678 3864 vini

331 3905 495 3976 ἰσχὺν
526 3915 618 3958 τοῦ
656 3913 765 3961 νέου
806 3914 941 3964 οἴνου
967 3932 979 3944 ·
1014 3919 1102 3965 καὶ
1133 3915 1157 3966 ὁ
1190 3912 1321 3979 οἶνος
1366 3916 1619 3988 ἐκχεῖται,
1659 3925 1730 3991 μὴ
1764 3941 1920 3973 κατα-

2028 3907 2167 3961 novi
2188 3904 2591 3961 fortitudinem
2624 3922 2637 3971 ;
2666 3902 2995 3972 vinumque
3027 3915 3146 3956 non
3174 3904 3465 3955 retentum
3496 3896 3679 3952 effun-

332 3996 561 4065 σχεθεὶς,
598 4001 685 4049 καὶ
714 4001 761 4051 οὶ
810 3999 962 4053 ἀσκοὶ
1013 4000 1342 4073 ἀπολοῦνται,
1386 4008 1656 4080 ἄχρηστοι
1681 4016 1773 4060 τοῦ
1811 4010 1916 4062 λοι-

2028 3994 2205 4061 ditur,
2255 4010 2326 4051 ac
2368 4000 2522 4049 utres
2566 3998 2833 4065 pereunt,
2875 3990 3015 4046 facti
3059 3990 3117 4045 in
3164 3994 3463 4060 posterum
3506 3987 3678 4042 inuti-

326 4090 428 4133 ποῦ
456 4089 737 4156 γενόμενοι.

576 4104 737 4156 μενοι.
2027 4084 2138 4141 les.

401 4171 554 4224 Ἀλλὰ
608 4205 677 4214 —-
734 4185 1129 4245 συντηροῦνται.
1182 4186 1295 4253 Χρὴ
1378 4184 1479 4255 ’γὰρ
1548 4187 1634 4235 τὸν
1704 4188 1918 4258 ἄριστον

2098 4172 2272 4227 Vers.
2322 4171 2406 4225 17.
2453 4170 2564 4226 Sed
2589 4200 2656 4210 --
2686 4172 3132 4226 conservantur.
3165 4165 3473 4237 Optimum
3519 4163 3680 4218 enim

324 4259 588 4332 οἰκονόμον
650 4260 934 4337 διακρίνειν
982 4272 1068 4319 καὶ
1125 4273 1211 4327 τὸν
1262 4272 1415 4341 φύσιν
1466 4280 1557 4324 τοῦ
1615 4277 1773 4341 οἴνου,
1830 4282 1918 4329 καὶ

2026 4276 2408 4316 mconomum
2442 4258 2775 4329 dijudicare
2823 4259 3057 4328 oportet
3102 4254 3224 4310 vini
3278 4258 3579 4316 naturam,
3627 4255 3683 4306 et

326 4353 417 4406 τὴν
470 4346 693 4422 δύναμιν
732 4362 832 4403 τῶν
881 4352 1072 4422 ἀσκῶν⁹
1134 4361 1222 4409 καὶ
1270 4362 1355 4410 τὸν
1406 4364 1603 4432 καιρὸν.
1664 4369 1770 4415 Νῦν
1815 4368 1916 4439 γὰρ

2028 4349 2245 4403 utrium
2277 4347 2707 4412 fortitudinem,
2760 4361 2829 4401 ac
2870 4348 3247 4400 vetustatem.
3277 4344 3443 4398 Nunc
3491 4338 3679 4411 siqui-

321 4438 397 4488 ἔτι
440 4438 657 4491 παλαιοί
709 4440 838 4492 εἰσιν
887 4444 935 4493 οὶ
969 4446 1221 4514 μαθηταὶ,
1261 4451 1417 4517 μήπω
1457 4428 1914 4514 ἀνακαινισθέντες.
1953 4492 1982 4517 τ-

2028 4438 2165 4493 dem
2196 4442 2416 4492 veteres
2454 4442 2592 4491 sunt
2620 4433 2916 4505 discipuli,
2964 4432 3122 4503 quod
3154 4430 3233 4487 ad
3271 4428 3676 4485 fortitudinem

896 4492 929 4493 ρ
969 4492 985 4514 τ
1261 4492 1415 4517 Γηηπη
1458 4492 1914 4514 ην-ηη-ηυυυων.

323 4529 423 4577 Καὶ
468 4524 706 4597 ἀλλαχοῦ
758 4525 816 4581 δὲ
862 4534 993 4603 πρὸς
1043 4532 1232 4594 αὐτοὺς
1271 4536 1378 4587 εἶπε
1412 4552 1424 4565 ⁸
1470 4537 1637 4589 Πολλά
1684 4542 1792 4610 ἔχω
1843 4542 1918 4594 λέ-
1953 4492 1984 4545 1:

2031 4492 2251 4580 utrium
2282 4540 2350 4579 ac
2394 4527 2741 4579 vetustatem
2771 4492 3044 4591 .spectat,
3091 4518 3362 4573 nondum
3416 4515 3683 4571 videlicet

317 4633 427 4683 γειν
481 4616 623 4687 ὑμῖν,
701 4614 807 4668 ἀλλ’
853 4618 911 4669 οῦ
973 4615 1201 4673 δύνασθε
1249 4621 1531 4694 βαστάζειν
1588 4629 1727 4697 ἄρτι.
1785 4631 1916 4697 Ἀμ-

2028 4613 2307 4668 renovati.
2356 4612 2610 4682 Propter
2648 4610 2813 4682 quod
2845 4610 3023 4664 etiam
3057 4607 3173 4662 alio
3218 4606 3345 4660 loco
3381 4605 3520 4659 dixit
3550 4604 3636 4657 eis
3664 4625 3674 4659 :

516 4684 523 4687 .
1249 4684 1257 4694 .
1443 4684 1455 4687 ν
1624 4684 1631 4697 .
1852 4684 1860 4701 .

321 4706 527 4776 φότεροι
560 4700 639 4771 δὲ,
674 4710 822 4775 φησι,
864 4717 1254 4781 συντηροῦνται,
1289 4713 1313 4762 ὁ
1362 4709 1491 4774 οἶνος
1542 4710 1773 4785 δηλαδὴ,
1829 4722 1918 4768 καὶ

2026 4702 2221 4757 Multa
2246 4700 2447 4765 habeo,
2467 4717 2587 4770 qua:
2605 4700 2764 4755 vobis
2784 4698 2987 4759 dicam,
3009 4694 3101 4750 sed
3135 4708 3285 4748 nunc
3302 4700 3542 4763 portare
3561 4707 3679 4745 non

322 4792 348 4841 ὁ
375 4792 556 4855 ἀσκὸς,
587 4794 612 4843 ὁ
643 4796 732 4865 μὲν
764 4792 1175 4869 βασταζόμενος,
1207 4802 1232 4852 ὁ
1264 4797 1323 4853 δὲ
1362 4800 1664 4874 βαστάζων.

2023 4790 2255 4857 potestis
2286 4790 2354 4842 ⁸⁸.
2401 4790 2678 4859 Utraque,
2712 4785 2922 4856 inquit,
2974 4786 3424 4846 conservantur,
3476 4780 3678 4832 vinum

2026 4878 2295 4933 videlicet
2324 4883 2379 4933 et
2407 4881 2579 4941 utres,
2614 4873 2763 4930 illud
2779 4871 3024 4944 quidem
3052 4872 3376 4931 retentum,
3396 4865 3458 4920 hi
3478 4868 3680 4920 autem

2027 4967 2364 5022 retinentes.

400 5039 548 5098 ΚΕΦ.
581 5040 679 5095 ΙΕ’.
714 5049 838 5117 Περὶ
877 5053 972 5108 τῆς
1019 5048 1275 5124 θυγατρὸς
1313 5058 1403 5102 τοῦ
1449 5050 1915 5123 ἀρχισυναγώγου.

1722 5057 1915 5123 γώγου.
2333 5054 2484 5109 CAP.
2514 5052 2626 5111 XV.
2652 5054 2736 5109 De
2760 5051 2893 5121 ﬁlia
2912 5045 3383 5117 archisynagogi.

393 5132 567 5180 Ταῦτα
613 5160 682 5171 -
721 5131 956 5191 ζήσεται.
1014 5134 1095 5209 [Ἠ
1136 5138 1253 5211 (97)
1283 5147 1374 5192 τοῦ
1424 5140 1639 5216 Ἰαείρου
1681 5143 1914 5217 θυγάτηρ

2098 5143 2257 5198 Vers.
2292 5143 2378 5197 18.
2434 5143 2562 5197 Haec
2599 5174 2668 5182 —
2712 5140 2861 5197 vivet
2909 5138 2995 5209 -ι--ι-
3025 5134 3167 5191 Jairi
3212 5134 3334 5191 ﬁlia
3387 5130 3685 5205 signiﬁcat

395 5278 441 5314 ⁸⁸
464 5280 607 5337 Joan
625 5325 639 5339 .
671 5298 789 5350 xvr,
823 5286 911 5344 12.

1551 5443 1774 5513 Varias
1801 5447 2125 5514 lectiones
2157 5456 2222 5512 et
2256 5454 2457 5512 notae.

396 5597 506 5670 (97)
531 5600 728 5658 Codex
758 5607 1014 5677 uterque
1055 5605 1291 5666 inclusa
1319 5610 1501 5668 habet
1527 5612 1586 5668 in
1618 5615 1896 5685 margine.
1927 5615 2245 5671 Hentenius
2268 5630 2390 5671 non
2421 5614 2713 5686 agnoscit.
