4206 6310
613 316 718 372 315

610 529 895 585 mandata
923 529 1122 585 divina
1145 529 1300 599 facit,
1335 535 1654 586 mortuam.

682 706 782 760 Hic
829 706 1096 778 princeps
1137 711 1262 763 erat
1300 709 1636 779 Synagogm
1670 707 2031 774 Judaaorum,
2064 711 2255 766 Jairus

609 795 962 867 appellatus,
1003 799 1059 851 ut
1109 797 1314 852 dicunt
1340 799 1564 853 Marcus
1591 801 1647 852 et
1685 798 1872 852 Lucas
1888 800 1955 852 θτ.
1991 797 2259 870 Relique-

608 888 700 939 rat
724 888 924 939 autem
967 884 1150 940 ﬁliam
1203 901 1376 940 suam
1429 886 1673 957 jamjam
1732 888 2080 942 morituram
2140 887 2253 958 (tt).

607 973 757 1028 Nam
797 975 1018 1028 Marcus
1060 989 1198 1029 eum
1247 975 1464 1030 dixisse
1510 980 1979 1031 commemorat:
2031 977 2256 1033 Filiola

609 1077 738 1118 mea
768 1063 830 1117 in
878 1063 1148 1118 extremis
1185 1069 1268 1118 est
1314 1065 1388 1120 ⁸⁸.
1446 1065 1633 1119 Lucas
1682 1080 1820 1119 vero
1868 1065 2032 1135 quod
2077 1065 2256 1121 etiam

608 1150 976 1206 moriebatur
1009 1152 1076 1206 39.
1125 1153 1348 1221 Itaque,
1412 1153 1582 1207 Modo
1627 1153 1905 1222 defuncta
1955 1158 2048 1218 est,
2111 1153 2256 1208 dixit

609 1239 1022 1308 conjectando.
1075 1240 1499 1310 Suspicabatur
1543 1242 1703 1297 enim
1751 1241 1916 1313 quod
1951 1252 2086 1297 tunc
2125 1243 2252 1312 jam

608 1327 846 1382 omnino
868 1333 1102 1384 mortua
1120 1333 1300 1384 esset.
1326 1329 1643 1385 Verisimile
1661 1336 1747 1386 est
1766 1335 1966 1386 autem
1991 1331 2251 1402 primum

608 1413 827 1470 dixisse
857 1431 992 1471 eum
1027 1436 1038 1473 :
1087 1417 1155 1471 In
1183 1417 1451 1472 extremis
1491 1425 1592 1483 est,
1652 1419 1890 1487 deinde,
1934 1418 2109 1474 Modo
2160 1419 2255 1474 de-

603 1502 820 1570 functa
847 1511 952 1568 est,
1003 1503 1121 1558 sive
1165 1505 1291 1574 jam
1335 1505 1675 1576 exspiravit.
1740 1508 1864 1561 Duo
1924 1512 2124 1562 autem
2151 1521 2253 1578 pe-

604 1590 764 1646 tebat
792 1598 854 1646 ut
873 1594 1113 1659 veniret,
1146 1597 1201 1648 et
1229 1609 1468 1649 manum
1497 1595 1851 1666 imponeret,
1881 1599 2081 1666 utpote
2104 1611 2253 1651 cras-

606 1678 726 1732 sius
757 1678 1024 1735 affectus.

1931 317 2282 375 EUTHYMII
2334 319 2655 376 ZlGABENI

611 441 926 512 cujuslibet
948 445 1228 507 mentem,
1260 441 1418 514 quod
1451 457 1560 497 nec
1603 447 1901 515 praecepta
1931 444 2100 515 legis,
2151 461 2247 501 nec

2370 446 2666 498 αἰνίσσεται
2731 451 2823 505 τὴν
2890 448 3110 500 ἑκάστου
3176 449 3382 521 ψυχὴν,

3867 330 3996 384 316

3465 449 3830 507 ἀποθανοῦσαν
3911 464 3984 528 τῇ

2370 533 2598 608 ἀπραξίᾳ
2648 544 2748 587 τῶν
2811 547 3031 608 νομικῶν
3081 537 3311 605 ἐντολῶν,
3371 545 3460 592 καὶ
3512 549 3572 613 τῇ
3631 540 3990 616 ἀνενεργησίᾳ

2368 631 2467 674 τῶν
2499 626 2641 675 θείων
2672 628 3108 697 προσταγμάτων.
3135 628 3152 697 ]

2439 713 2604 774 Οὗτος
2650 714 2831 786 ἄρχων
2885 711 2945 772 ἧν
3003 722 3099 776 τῆς
3147 723 3454 788 Συναγωγῆς
3507 725 3604 769 τῶν
3667 716 3979 790 Ἰουδαίων,

2368 800 2575 872 Ἰάειρος
2616 801 3012 874 ὀνομαζόμενος,
3059 806 3127 864 ὡς
3159 803 3370 876 λέγουσι
3418 807 3629 878 Μάρκος
3681 813 3768 861 καὶ
3823 816 3978 862 Λου-

2365 895 2479 950 κᾶς.
2523 890 2873 958 Ἐμπνέουσαν
2921 888 2979 944 δὲ
3025 897 3118 950 τήν
3163 892 3345 945 ἑαυτοῦ
3398 896 3655 968 θυγατέρα
3702 897 3970 951 κατέλιπε.

2369 982 2468 1029 Καὶ
2516 979 2617 1051 γὰρ
2668 981 2882 1052 Μάρκος
2928 984 3016 1051 μέν
3091 1000 3240 1051 φησι,
3303 989 3483 1034 τοῦτον
3532 983 3711 1052 εἰπεῖν,
3763 990 3843 1037 ὅτι
3895 991 3965 1039 Τὸ

2368 1067 2640 1138 θυγάτριον
2689 1087 2787 1138 μου
2850 1067 3087 1138 ἐσχάτως
3134 1071 3246 1138 ἔχει
3277 1087 3289 1098 ·
3353 1077 3561 1132 Λουκᾶς
3609 1068 3688 1137 δὲ,
3743 1075 3819 1124 ὅτι
3866 1079 3952 1126 καὶ

2365 1154 2495 1211 αὕτη
2557 1152 2891 1212 ἀπέθνησκεν,
2954 1155 3115 1208 Ὥστε
3171 1161 3251 1222 τὸ,
3327 1163 3482 1232 ’Ἀρτι
3551 1162 3784 1224 τέθνηκε,
3844 1181 3953 1213 στο-

2362 1245 2657 1313 χαζόμενος
2697 1241 2828 1295 εἶπεν
2858 1265 2869 1276 ο
2921 1242 3137 1296 ὑπέλαϐε
3172 1248 3292 1317 γὰρ,
3345 1248 3424 1297 ὅτι
3473 1251 3638 1320 μέχρι
3680 1253 3795 1301 τότε
3833 1251 3953 1302 πάνυ

2360 1349 2454 1390 τως
2512 1329 2571 1381 ἂν
2622 1329 2884 1386 ἀπέθανεν.
2941 1331 3093 1394 Εἰκὸς
3141 1329 3223 1397 δὲ,
3270 1341 3472 1405 πρῶτον
3519 1339 3606 1407 μὲν
3655 1336 3832 1400 εἰπεῖν,
3879 1337 3962 1394 ὅτι

2363 1418 2644 1488 Ἐσχάτως
2696 1421 2809 1488 ἔχει
2846 1438 2858 1450 ·
2914 1417 3043 1484 εἶτα,
3102 1422 3180 1472 ὅτι
3233 1420 3389 1494 ’Ἄρτι
3439 1425 3694 1488 τέθνηκεν,
3765 1427 3956 1493 εῖτουν,

2363 1507 2456 1568 ἕως
2512 1508 2652 1580 ἄρτι.
2693 1510 2790 1559 Δύο
2837 1504 2895 1560 δὲ
2933 1507 3204 1574 ἐζήτησεν,
3272 1509 3429 1562 ἐλθεῖν
3482 1529 3533 1564 τε
3583 1516 3669 1562 καὶ
3706 1509 3960 1563 ἐπιθεῖναι

2363 1599 2455 1652 τήν
2487 1603 2663 1670 χεῖρα,
2706 1598 3000 1669 παχύτερον
3033 1593 3374 1669 διακείμενος.

679 1769 835 1822 Vers.
869 1770 951 1823 19.
987 1770 1060 1823 Ει
1088 1800 1155 1809 —-
1181 1771 1327 1838 ejus.
1370 1773 1590 1826 Marcus
1621 1774 1675 1826 et
1729 1772 1919 1826 Lucas
1945 1771 2152 1826 dicunt
2182 1773 2247 1840 9°,

2438 1776 2538 1823 Καὶ
2569 1804 2634 1811 -
2684 1772 2866 1828 αὑτοῦ.
2914 1774 3127 1846 Μάρκος
3166 1770 3225 1826 δὲ
3263 1779 3351 1828 καὶ
3405 1780 3611 1838 Λουκᾶς
3661 1795 3839 1848 φασιν,
3881 1779 3966 1829 ὃτι

604 1855 772 1924 quod
801 1856 977 1911 etiam
1008 1858 1185 1913 turba
1215 1858 1403 1914 multa
1422 1858 1802 1929 sequebatur.
1838 1859 2040 1914 Plures
2074 1859 2255 1930 siqui-

605 1943 744 1998 dem
785 1960 988 2000 eorum
1040 1945 1351 2002 carnaliter
1380 1947 1666 2012 viventes,
1693 1963 1817 2002 non
1846 1951 2079 2004 tantum
2133 1947 2254 2003 ani-

605 2047 721 2085 mae
779 2032 1090 2087 utilitatem
1134 2035 1656 2105 concupiscebant,
1713 2041 2005 2107 quantum
2058 2037 2253 2092 carnis

607 2120 732 2174 sive
762 2121 1026 2190 corporis
1066 2121 1398 2176 sanitatem.

606 2207 763 2266 CAP.
814 2209 945 2264 XVI.
1002 2210 1075 2265 De
1120 2210 1354 2266 muliere
1405 2211 1704 2282 sanguinis
1759 2212 2052 2281 proﬂuvio
2108 2212 2253 2268 tabo-

1335 2307 1521 2356 rante.

677 2388 832 2442 Vers.
859 2388 947 2442 20.
978 2387 1057 2442 Et
1086 2419 1154 2428 ——
1179 2391 1324 2458 ejus.
1347 2391 1427 2444 De
1457 2389 1734 2460 praesenti
1764 2389 1955 2462 capite
1993 2389 2168 2446 latius
2199 2394 2253 2446 et

601 2475 840 2547 planius
873 2475 1110 2547 scripsit
1138 2479 1320 2532 Lucas
1351 2479 1394 2514 ⁰¹
1423 2495 1436 2544 ;
1472 2493 1669 2550 quaere
1701 2493 1840 2548 ergo
1869 2477 2030 2550 apud
2083 2477 2252 2533 illum

603 2564 1029 2620 enarrationem
1079 2564 1347 2621 vicesimi
1413 2566 1562 2621 sexti
1610 2565 1836 2638 capitis.
1919 2564 2249 2640 κράσπεδον,

601 2652 859 2719 ﬁmbria,
891 2658 977 2708 est
1005 2654 1181 2709 vestis
1210 2659 1474 2710 extrema
1499 2670 1659 2725 pars,
1693 2672 1828 2728 quae
1879 2657 2058 2727 pedes
2107 2671 2252 2712 con-

604 2741 748 2810 tegit
775 2745 831 2797 et
859 2742 1214 2798 ambulando
1244 2749 1452 2799 terram
1482 2743 1732 2813 attingit.

672 2915 839 2973 Vers.
866 2918 956 2971 21.
992 2917 1230 2972 Dicebat
1263 2949 1325 2958 —
1346 2919 1513 2973 salva
1539 2932 1651 2974 ero.
1676 2918 1956 2987 Magnam
1986 2918 2250 2976 habebat

598 3004 782 3060 ﬁdem
816 3023 829 3074 ;
864 3005 1144 3062 credebat
1171 3006 1352 3071 enim,
1376 3007 1542 3078 quod
1569 3007 1669 3061 ubi
1697 3007 1886 3063 solam
1913 3009 2247 3064 vestimenti

2361 1864 2450 1912 καὶ
2500 1860 2658 1931 ὄχλος
2708 1859 2866 1923 πολύς
2923 1862 3266 1920 ἠκολούθησε.
3329 1869 3428 1916 Καὶ
3483 1863 3584 1938 γὰρ
3643 1867 3692 1917 οἱ
3754 1864 3968 1928 πλείους

2362 1948 2528 1999 αὐτῶν
2605 1955 3031 2022 σωματικώτερον
3104 1950 3310 2016 ζῶντες,
3390 1951 3495 2020 οὐχ
3566 1953 3700 2004 οὕτω
3773 1953 3965 2024 ψυχῆς

2363 2036 2620 2107 ὠφέλειαν,
2687 2041 2754 2099 ως
2822 2043 3062 2108 σώματος
3129 2039 3352 2113 ἰατρείαν
3437 2039 3723 2112 ἐπεθύμουν
3797 2038 3956 2099 ἰδεῖν.

2683 2219 2828 2268 ΚΕΦ.
2855 2213 2946 2279 Ις-’.
2978 2220 3101 2289 Περὶ
3121 2223 3211 2276 τῆς
3232 2214 3629 2290 αἰμορῥοούσης.

2435 2395 2535 2442 Καὶ
2591 2421 2656 2429 -
2721 2391 2900 2445 αὑτοῦ.
2971 2397 3096 2466 Περὶ
3180 2393 3273 2444 τοῦ
3352 2396 3602 2466 παρόντοε
3673 2397 3958 2468 κεφαλαίου

2361 2478 2670 2550 πλατύτερον
2755 2485 2842 2532 καὶ
2907 2487 3248 2552 φανερώτερον
3323 2482 3542 2554 ἔγραψεν
3619 2484 3645 2534 ὁ
3728 2491 3955 2552 Λουκᾶς,

2360 2571 2448 2618 καὶ
2489 2570 2718 2630 ζήτησον
2760 2568 2883 2641 παρ’
2935 2568 3106 2640 ἐκείνῳ
3160 2573 3248 2627 τήν
3298 2567 3546 2641 ἐξήγησιν
3589 2579 3679 2624 τοῦ
3719 2573 3956 2627 εἰκοστοῦ

2359 2656 2506 2708 ἕκτου
2564 2656 2863 2720 κεφαλαίου.
2917 2653 3226 2729 Κράσπεδον
3282 2654 3341 2710 δὲ
3389 2656 3500 2711 ἐστι
3558 2662 3615 2711 τὸ
3660 2663 3816 2736 ἄκρον
3863 2672 3956 2716 τοῦ

2363 2746 2592 2814 ἱματίου,
2653 2743 2679 2796 ὃ
2738 2747 2883 2817 παρὰ
2952 2746 3058 2805 τοῖς
3127 2749 3286 2798 ποσὶν
3344 2745 3624 2820 εἱλούμενον
3677 2748 3954 2819 ἐφάπτεται

2357 2840 2450 2893 τῆς
2475 2840 2574 2903 γῆς
2605 2831 2652 2883 ἐν
2674 2840 2746 2902 τῷ
2779 2831 3045 2905 βαδίζειν.

2430 2920 2602 2991 Ἔλεγε
2659 2952 2722 2960 —
2775 2923 3112 2994 σωθήσομαι.
3185 2922 3382 2981 Πολλὴν
3440 2927 3527 2996 μὲν
3579 2920 3691 2996 εἶχς
3735 2929 3934 2982 πίστιν,

2359 3009 2624 3061 Ἐπίστευε
2683 3013 2803 3082 γὰρ,
2862 3011 2942 3061 ὅτι
2995 3015 3147 3082 μόνον
3198 3010 3434 3083 ἁψαμένη
3492 3020 3582 3065 τοῦ
3649 3009 3944 3086 κρασπέδου

597 3093 894 3149 ﬁmbriam
928 3094 1229 3163 tetigisset,
1256 3094 1422 3150 salva
1467 3095 1651 3161 ﬁeret,
1678 3095 1739 3150 id
1769 3100 1873 3162 est,
1904 3102 2239 3156 sanaretur.

2354 3104 2445 3148 τοῦ
2499 3098 2706 3168 ἱματίου
2778 3098 2938 3150 αὑτοῦ
2999 3101 3316 3166 σωθήσεται,
3379 3105 3666 3166 τουτέστιν,
3730 3103 3946 3174 ὑγιανεῖ.

599 3185 763 3240 Hanc
796 3183 1420 3254 tamenimperfectam
1461 3183 1724 3240 habebat
1752 3201 1764 3238 :
1798 3184 2048 3256 putabat
2076 3200 2243 3241 nam-

599 3287 709 3342 que
741 3271 919 3328 latere
951 3271 1136 3337 illum,
1164 3273 1266 3345 qui
1307 3272 1570 3329 occultos
1617 3289 1859 3346 quoque
1907 3273 2093 3330 animi
2119 3289 2242 3330 mo-

600 3365 693 3415 tus
724 3361 998 3417 intuetur.

669 3450 828 3504 Vers.
857 3450 943 3503 22.
991 3450 1153 3505 Iesus
1197 3457 1387 3506 autem
1414 3481 1483 3491 —
1514 3453 1567 3506 te
1608 3450 1829 3506 salvam
1886 3451 2046 3520 fecit.
2110 3454 2245 3508 Mat-

596 3537 805 3605 thaeus,
836 3542 1127 3608 tanquam
1169 3538 1466 3593 brevitatis
1493 3543 1744 3603 amator,
1774 3554 1908 3609 quae
1949 3539 2010 3593 in
2050 3539 2242 3595 medio

597 3625 966 3693 contigerunt
1012 3626 1401 3696 praetermisit,
1434 3626 1792 3682 miraculum
1825 3626 2017 3681 solum
2059 3629 2244 3684 mani-

593 3712 822 3768 festans
854 3731 867 3780 ;
900 3715 1087 3770 Lucas
1117 3729 1257 3770 vero
1281 3715 1487 3770 omnia
1515 3718 1789 3771 accurate
1814 3716 2145 3787 proposuit.
2177 3718 2242 3772 In

593 3801 750 3857 dicto
775 3817 916 3872 ergo
941 3803 1132 3874 capite
1162 3803 1428 3858 invenies

661 3893 818 3946 Vers.
851 3895 938 3947 22.
971 3893 1034 3947 Et
1062 3893 1257 3948 —-z'tta
1286 3893 1443 3948 hora.
1477 3892 1651 3948 Salva
1671 3891 1825 3949 facta
1855 3895 1960 3962 est,
1987 3892 2101 3950 hoc
2131 3897 2239 3959 est,

591 3983 817 4036 curata.
855 3982 1039 4035 Lucas
1069 3980 1365 4052 siquidem
1398 3980 1564 4049 dixit,
1604 3989 1816 4038 sanata
1847 3983 1916 4036 9’.
1963 3984 2042 4036 Ex
2071 3982 2239 4049 hora,

589 4070 860 4141 inquam,
890 4083 1012 4122 non
1042 4083 1165 4138 qua
1193 4068 1337 4122 dixit
1362 4069 1414 4122 ei
1443 4071 1612 4123 Jesus
1640 4085 1652 4122 :
1685 4071 1844 4125 Bono
1863 4069 2066 4125 animo
2090 4075 2234 4138 esto,

589 4158 730 4221 ﬁlia,
764 4156 867 4210 sed
906 4171 1027 4225 qua.
1050 4154 1350 4210 ﬁmbriam
1375 4155 1580 4224 tetigit,
1609 4156 1759 4212 sicut
1784 4158 2018 4214 Marcus
2049 4163 2106 4214 et
2129 4159 2239 4214 Lu-

592 4261 694 4301 cas
727 4243 1106 4314 scripserunt.
1125 4244 1196 4296 θ’.

660 4333 824 4388 Vers.
876 4335 963 4387 23.
1017 4330 1265 4402 Cumque
1294 4361 1361 4372 —
1409 4333 1566 4388 Vers.
1588 4336 1676 4390 24.
1702 4347 1830 4389 eum
1861 4332 2031 4390 Moris
2077 4334 2237 4390 enim

591 4421 786 4479 eratin
811 4419 1156 4490 hujusmodi
1176 4419 1618 4478 calamitatibus
1644 4421 1914 4478 tibicines
1931 4422 2232 4488 inducere,

2356 3184 2495 3243 Πλὴν
2548 3184 2693 3245 ἀτελῆ
2748 3190 2942 3245 ταύτην
3004 3184 3169 3258 εἶχεν.
3227 3187 3380 3260 ’ᾨετο
3435 3192 3534 3263 γὰρ
3566 3189 3734 3242 λαθεῖν
3772 3190 3945 3257 αὐτὸν,

2356 3273 2406 3334 ὃς
2437 3272 2615 3346 βλέπει
2643 3279 2732 3327 καὶ
2757 3278 2823 3327 τὰ
2853 3274 3016 3347 ἀφανῆ
3046 3281 3310 3348 κινήματα
3337 3285 3430 3340 τῆς
3458 3276 3662 3349 ψυχῆς.

2422 3451 2480 3503 Ὀ
2533 3447 2592 3504 δὲ
2656 3453 2860 3513 Ἰησοῦς
2909 3483 2974 3492 -
3028 3455 3226 3504 σέσωκέ
3283 3471 3365 3509 σε.
3441 3453 3528 3514 Ὠς
3579 3453 3951 3529 γιλοσύντομος

2355 3541 2379 3590 ὀ
2431 3541 2714 3604 Ματθαῖος,
2767 3543 2833 3592 τὰ
2882 3539 2933 3592 ἐν
2990 3545 3131 3612 μέσῳ
3194 3537 3517 3616 παρέδραμε,
3573 3547 3724 3614 μόνον
3781 3541 3949 3614 ἀπαγ-

2351 3627 2521 3700 γείλας
2556 3632 2611 3679 τὸ
2655 3630 2828 3700 θαῦμα
2856 3651 2868 3662 ο
2903 3630 2928 3680 ὁ
2967 3625 3024 3680 δὲ
3076 3634 3285 3691 Λουκᾶς
3335 3631 3539 3682 ἅπαντα
3586 3632 3845 3702 παρέθηκε
3877 3628 3948 3683 δι’

2353 3716 2636 3790 ἀκρίϐειαν,
2682 3723 2770 3769 καὶ
2817 3718 3055 3789 εὑρήσεις
3099 3725 3264 3770 ταῦτα
3311 3718 3357 3771 ἐν
3410 3727 3482 3788 τῷ
3541 3715 3823 3776 δηλωθέντι
3865 3737 3948 3771 κε-

2353 3806 2549 3879 φαλαίῳ
2559 3850 2570 3861 .

2424 3900 2523 3948 Καὶ
2618 3926 2686 3935 —
2759 3896 2891 3970 ὥρας
2975 3895 3184 3955 ἐκείνης.
3273 3895 3503 3965 Ἐσώθη,

2350 3986 2572 4055 ύγίανεν.
2624 3984 2764 4041 Ἰάθη
2820 3985 2920 4056 γὰρ
2978 3980 3112 4036 εἶπεν
3163 3985 3188 4036 ὁ
3227 3988 3452 4045 Λουκᾶς.
3504 3984 3628 4037 Ἀπὸ
3672 3991 3767 4045 τῆς
3813 3987 3950 4056 ὧρας

2351 4069 2429 4137 δὲ,
2471 4072 2564 4123 οὐκ
2612 4070 2696 4142 ἀφ’
2756 4071 2819 4132 ἧς
2866 4073 2890 4122 ὁ
2946 4075 3170 4144 Χριστὸς
3219 4072 3352 4124 εἶπεν
3400 4072 3530 4144 αὐτῇ
3572 4077 3629 4124 τὸ
3670 4090 3681 4102 ’
3725 4074 3945 4146 Θάρσει,

2352 4163 2592 4231 θύγατερ,
2634 4159 2741 4211 ἀλλ’
2789 4159 2873 4231 ἀφ’
2924 4161 2988 4221 ἧς
3031 4159 3204 4230 ἥψατο
3255 4167 3348 4211 τοῦ
3391 4158 3715 4233 κρασπέδου,
3777 4162 3949 4223 καθὼς

2347 4250 2558 4322 Μάρκος
2583 4267 2638 4300 τε
2661 4253 2749 4300 καὶ
2780 4253 2985 4310 Λουκᾶς
3021 4249 3333 4322 ἱστόρησαν.

2421 4340 2521 4389 Καὶ
2573 4368 2639 4376 —
2694 4337 2872 4390 αὐτοῦ.
2929 4336 3083 4398 Ἐθος
3140 4339 3240 4410 γὰρ
3300 4333 3360 4396 ἦν
3414 4335 3462 4389 ἕν
3508 4344 3625 4399 ταῖς
3684 4339 3948 4398 τοιαύταις

3361 4427 3544 4498 θρῆνον
3639 4428 3942 4498 ἐγείροντας.

3610 3893 3722 3948 ἀντὶ
3835 3904 3945 3963 τοῦ,

2349 4433 2638 4497 συμφοραῖς
2730 4425 2955 4486 αὐλητὰς
3033 4425 3278 4496 εἰσάγειν,

590 4511 688 4584 qui
713 4484 1158 4565 lamentationes
1184 4509 1526 4566 excitarent.
1561 4513 1680 4567 Hoc
1711 4516 1911 4567 autem
1943 4516 2122 4583 caput
2153 4484 2237 4569 la;-

2345 4520 2506 4565 Τούτο
2561 4510 2620 4566 δὲ
2679 4518 2736 4566 τὸ
2791 4514 3061 4584 κεφάλαιον
3110 4513 3423 4586 πλατύτερον
3491 4515 3516 4566 ὁ
3578 4518 3791 4584 Μάρκος
3862 4513 3946 4564 ἀν-

588 4601 705 4656 tius
736 4599 969 4670 scripsit
1009 4598 1239 4653 Marcus
1265 4600 1335 4653 9‘.
1389 4601 1595 4664 Quaere
1625 4615 1766 4670 ergo
1801 4600 2235 4672 expositionem

586 4689 736 4745 tertii
759 4686 962 4742 decimi
987 4685 1196 4759 capitis
1237 4688 1400 4759 apud
1426 4704 1585 4743 eum.

659 4778 825 4834 Vers.
852 4780 938 4832 25.
971 4777 1197 4832 Etcum
1219 4807 1288 4818 —
1320 4779 1478 4832 Vers.
1511 4782 1598 4834 26.
1634 4778 1820 4833 illam.
1851 4776 1930 4832 De
1960 4777 2053 4833 his
2103 4793 2235 4833 om-

583 4867 763 4923 nibus
795 4865 856 4920 in
881 4865 1164 4937 praedicto
1203 4865 1364 4923 tertio
1396 4866 1627 4924 decimo
1656 4867 1846 4940 capite
1885 4866 2051 4923 nullo
2085 4881 2232 4939 prse-

587 4956 862 5012 termisso
886 4955 1173 5012 invenies.

653 5133 697 5166 '7
749 5131 919 5186 Marc.
947 5147 1004 5195 ν,
1065 5135 1132 5185 22
1163 5152 1174 5194 ;
1211 5130 1327 5187 Luc
1357 5147 1470 5195 vm,
1503 5132 1592 5190 41.
1705 5134 1750 5169 ⁸⁸
1784 5135 1956 5190 Marc.
2011 5150 2068 5198 v,
2101 5136 2190 5189 23.

584 5205 626 5239 ⁹¹
660 5205 801 5258 Luc.
843 5217 965 5269 vui,
992 5203 1059 5258 43
1088 5217 1256 5274 seqq.
1372 5205 1419 5238 9³
1453 5205 1586 5259 Luc.
1619 5219 1742 5273 vm,
1769 5209 1858 5260 47.

2344 4601 2556 4676 έγραψε,
2603 4607 2692 4653 καὶ
2753 4603 2983 4662 ζήτησον
3040 4601 3161 4674 παρ’
3219 4601 3357 4654 αύτώ
3410 4606 3504 4661 τὴν
3559 4601 3806 4672 ἐξήγησιν
3856 4610 3946 4654 τοῦ

2344 4687 2782 4765 τρισκαιδεκάτου
2813 4690 3109 4762 κεφαλαίου.

2412 4778 2534 4831 Ὀτε
2590 4775 2647 4831 δε
2699 4810 2765 4818 —
2811 4778 3024 4837 ἐκείνην.
3089 4783 3216 4852 Περὶ
3275 4781 3465 4831 τούτων
3533 4780 3736 4830 πάντων
3792 4778 3943 4849 έύρή-

2346 4887 2450 4927 σεις
2514 4866 2906 4942 ἀπαραλείπτως
2977 4867 3026 4918 ἐν
3107 4875 3177 4936 τῷ
3252 4867 3456 4941 ῥηθέντι
3525 4862 3944 4939 τρισκαιδεκάτῷ

2342 4955 2618 5028 κεφαλαίῳ.

2306 5134 2352 5169 ³9
2383 5135 2503 5189 Luc
2540 5148 2660 5199 vin,
2714 5137 2802 5189 42.
2917 5134 2965 5168 9°
3023 5130 3202 5188 Marc.
3235 5148 3288 5197 v,
3331 5133 3441 5197 24;
3485 5130 3620 5187 Luc.
3674 5146 3794 5196 vui,
3852 5131 3936 5187 42.

1971 5207 2018 5241 9³
2053 5207 2224 5262 Marc.
2255 5220 2312 5269 ν,
2350 5209 2417 5260 29
2444 5220 2458 5270 ;
2489 5204 2626 5259 Luc.
2660 5220 2772 5270 Vill,
2804 5203 2893 5260 44.
2929 5205 2977 5240 οι
3005 5203 3184 5260 Marc.
3215 5217 3274 5271 v,
3307 5202 3372 5258 35
3405 5216 3572 5274 seqq.

1771 5381 1996 5450 Varia),
2017 5381 2343 5449 lectiones
2378 5389 2441 5448 et
2468 5389 2672 5448 notae.

657 5547 1027 5625 (tt)_qujam
1053 5547 1415 5604 morituram.
1483 5550 1687 5608 Nescio
1718 5567 1794 5608 an
1819 5551 2022 5622 legerit
2042 5551 2247 5605 ἐκπνέου

2344 5573 2370 5607 ι.
2398 5551 2510 5609 Sed
2542 5552 2880 5625 ἐμπνέουσαν,
2908 5551 3105 5610 adhuc
3161 5551 3506 5621 spirantem,
3542 5549 3638 5606 hic
3667 5549 3837 5607 etiam
3868 5547 3948 5606 lo-

574 5618 715 5678 cum
743 5618 943 5676 habet.
