4206 6310
342 287 447 345 31⁸7
1304 289 1669 345 COMMENT.
1715 288 1782 344 IN
1821 287 1942 343 MA'.

2062 288 2266 344 'IEUM.
2305 320 2373 329 —
2413 288 2568 344 CAP.
2612 288 2709 345 ΙΧ.

670 420 814 468 ΚΕΦ.
850 412 947 471 ΙΖ’.
992 419 1116 489 Περὶ
1144 422 1243 466 τῶν
1270 412 1365 467 δύο
1395 414 1614 487 τυφλῶν.

424 508 619 557 Καὶ-
674 500 859 557 Δαυίδ.
907 505 1183 573 Μαθόντες,
1241 508 1358 575 περὶ
1393 504 1460 554 ὧν
1510 502 1936 575 ἐθαυματούργει,

350 598 438 645 καὶ
501 594 872 652 πιστεύσαντες
939 593 1094 644 αὐτὸν
1166 590 1291 645 εἶναι
1356 595 1441 643 τὸν
1507 592 1939 665 προσδοκώμενον

350 686 598 757 Χριστὸν,
653 686 771 753 περὶ
812 682 871 733 οὗ
928 681 1173 741 πολλάκις
1250 684 1503 749 ἤκουσαν,
1559 684 1799 752 ἔρχονται
1851 682 1939 731 καὶ

348 768 692 821 ἀκολουθοῦσι
772 772 1069 843 κράζοντες’
1165 768 1425 837 Ἐλέησον,
1503 772 1685 839 ἤγουν,
1766 770 1934 819 ἴασαι.

346 860 463 910 Υὶὸν
518 855 577 910 δε
627 864 721 909 τοῦ
771 854 936 911 Δαυῐδ
986 865 1164 909 τοῦτον
1214 856 1473 927 λέγουσιν,
1533 860 1599 916 ὡς
1661 855 1940 915 ἀκηκοότες

346 947 540 1018 ὁμοίως
590 945 645 997 ἐκ
700 950 873 1016 γένους
916 942 1093 999 Λαυίδ
1151 944 1562 1005 ἀναϐλαστήσειν
1617 944 1786 996 αὐτόν.
1853 944 1939 1004 Εἰς

343 1039 501 1106 τιμήν
552 1031 611 1086 δὲ
663 1034 821 1086 αὐτοῦ
878 1041 1031 1086 τοῦτο
1085 1033 1391 1104 κράξουσιν.
1454 1033 1788 1105 Ἐντιμοτάτη
1836 1034 1936 1106 γὰρ

342 1123 468 1195 παρ’
495 1119 777 1183 Ἰουδαίοις
844 1118 965 1180 ἧνή
1024 1124 1238 1179 τοιαύτη
1292 1126 1642 1195 προσηγορία*
1693 1126 1781 1173 καὶ
1837 1122 1937 1191 γὰρ

343 1212 424 1263 ὃτι
452 1214 543 1282 μὲν
598 1212 768 1263 πάντα
816 1207 1055 1274 δύναται,
1111 1209 1399 1261 ἐπίστευον·
1456 1211 1535 1260 ὅτι
1593 1206 1653 1261 δὲ
1706 1213 1796 1261 καὶ
1822 1213 1941 1267 Θεὸς

346 1299 508 1363 ἐστιν,
590 1302 734 1350 ὔοπω
810 1298 1284 1369 πεπληροφόρηντο.
1362 1301 1447 1348 Διὸ
1520 1303 1609 1350 καὶ
1681 1296 1943 1369 ἀνθρωπο-

346 1396 551 1460 πρεπῶς
584 1387 737 1439 αὐτὸν
765 1385 972 1459 ἐτίμων,
997 1390 1065 1449 ὡς
1093 1391 1183 1439 καὶ
1212 1386 1356 1438 ἄλλοι
1383 1385 1578 1439 πολλοί.

590 1302 734 1350 ὔοπω
810 1298 1284 1371 πεπληροφόρηντο.

419 1566 651 1622 Ἐλθόντι
712 1596 784 1606 ——
859 1565 1058 1637 τυφλοί.
1134 1566 1478 1639 Παρείλκυσεν
1550 1564 1733 1624 αὐτοὺς
1808 1564 1939 1634 ἄχρι

351 1664 443 1717 τῆς
467 1656 649 1722 οἰκίας,
679 1657 764 1707 ἵνα
814 1659 884 1724 μὴ
925 1651 1053 1727 δόξῃ
1107 1662 1214 1716 τοῖς
1263 1653 1636 1725 μεμψιμοίροις
1680 1648 1942 1720 ἐπιπηδᾷν

355 1751 469 1803 ταῖς
546 1745 1000 1815 θαυματουργίαις,
1082 1744 1150 1803 ὡς
1244 1739 1533 1813 φιλόδοξος.

360 1841 522 1904 σοφῶς
584 1834 699 1903 (98)
781 1832 1055 1904 οἰκονομεῖ,
1126 1840 1404 1904 περιαιρῶν
1470 1836 1644 1881 πᾶσαν
1709 1828 1944 1901 ἀφορμὴν

356 1920 608 1993 μέμψεως.
662 1920 816 1980 Εἰκὸς
865 1917 942 1985 δὲ,
1000 1927 1190 1972 πιστοῦ
1236 1938 1373 1978 τινος
1425 1914 1554 1969 εἶναι
1609 1922 1701 1975 τὴν
1761 1917 1942 1981 οἰκίαν,

356 2008 425 2071 εἰς
450 2008 508 2066 ἣν
537 2011 786 2080 κατήχθη
803 2052 814 2065 ,

426 2192 522 2240 Καὶ
574 2220 642 2228 -
692 2195 955 2255 naniam;
1004 2184 1237 2255 Δηλαδή,
1288 2186 1313 2238 ὃ
1373 2186 1618 2238 αἰτεῖσθε.
1673 2187 1951 2254 Ἐγίνῶσκε

346 2279 439 2348 μὲν
485 2279 605 2348 γὰρ,
659 2278 739 2329 ὅτι
787 2278 1145 2338 πιστεύουσιν,
1205 2277 1285 2327 ὅτι
1324 2271 1563 2326 δύναταν
1606 2282 1708 2333 πῶς
1738 2276 1835 2347 γὰρ
1891 2273 1950 2325 ἂν

348 2364 751 2426 ἀκολουθοῦντες
833 2365 1154 2438 παρεκάλουν
1209 2382 1223 2429 ;
1273 2365 1479 2437 Ἐρωτᾷ
1541 2360 1598 2414 δὲ
1670 2364 1823 2433 ὅμως,
1870 2363 1951 2414 ἱνα

346 2456 613 2527 φανερωθῇ
669 2458 761 2505 καὶ
806 2456 1061 2510 τούτωνὴ
1118 2457 1311 2514 πίστις,
1368 2456 1458 2503 καὶ
1506 2450 1795 2502 ἐλκυσθῶσι
1857 2448 1951 2503 διὰ

347 2546 540 2594 τούτων
593 2546 684 2595 καὶ
737 2543 917 2616 ἕτεροι.
978 2546 1052 2594 Τὰ
1108 2543 1349 2612 θαύματα
1389 2543 1489 2610 γὰρ
1542 2540 1601 2590 οὐ
1655 2544 1805 2609 μόνον
1855 2535 1948 2589 διὰ

349 2636 467 2692 τοὺς
534 2634 990 2705 θεραπευομένους,
1061 2628 1186 2681 ἀλλά
1242 2634 1330 2681 καὶ
1384 2628 1613 2700 μάλιστα
1678 2624 1771 2679 διὰ
1825 2630 1947 2688 τοὺς

348 2721 574 2791 ὁρῶντας
607 2724 697 2772 καὶ
727 2722 845 2779 τοὺς
872 2717 1147 2779 ἀκούοντας
1172 2717 1456 2791 εἰργάζετο.

414 2900 665 2967 Λέγουσιν
744 2926 813 2934 --
874 2898 1049 2967 Κύριε.
1112 2894 1222 2947 Ούκ
1287 2898 1362 2947 ἔτι
1427 2902 1603 2947 τοῦτον
1687 2897 1795 2946 υἱὸν
1851 2891 1942 2947 τοῦ

345 2982 532 3055 Δαυίδ,
607 2982 735 3035 ἀλλὰ
814 2988 1077 3042 Δεσπότην
1152 2982 1610 3058 ἀνακηρύττουσιν,
1680 2987 1778 3036 ὑπὸ
1852 2991 1943 3041 τῆς

3598 289 3702 346 318

2420 416 2568 470 CAP.
2602 416 2763 472 XVII.
2802 416 2887 472 De
2907 416 3128 472 duobus
3157 417 3339 474 caecis.

2118 506 2279 559 Vers.
2313 507 2399 558 27.
2435 505 2686 575 Cumque
2712 535 2781 546 —
2822 507 3037 563 David.
3078 510 3224 563 Cum
3256 508 3561 564 audissent
3594 507 3697 563 mi-

2046 592 2251 648 racula
2308 608 2441 664 quae
2499 592 2780 664 ediderat,
2828 600 2884 650 et
2931 595 3316 653 credidissent
3371 613 3509 653 eum
3572 613 3700 652 esse

2049 681 2365 749 Christum,
2393 682 2497 754 qui
2520 685 2989 753 exspectabatur,
3020 684 3087 740 de
3113 701 3232 757 quo
3252 687 3471 758 saepius
3492 686 3701 741 audie-

2047 772 2529 839 rant,veniuntac
2542 773 3212 842 sequuntur,clamantes
3232 775 3699 843 :Mz'serere,sive,

2049 875 2215 915 sana.
2268 858 2477 914 Filium
2526 865 2725 914 autem
2784 861 2967 916 David
3013 862 3173 918 hunc
3226 863 3450 928 dicunt,
3498 868 3699 934 utpote

2049 948 2152 1019 qui
2199 949 2373 1003 etiam
2428 948 2740 1004 audierant
2768 964 2799 1002 e
2826 965 3040 1018 genere
3069 951 3257 1007 David
3306 952 3471 1007 illum
3497 952 3695 1007 oriun-

2050 1037 2222 1092 dum.
2252 1037 2338 1092 Ad
2365 1037 2655 1093 honorem
2683 1053 2822 1092 vero
2849 1038 2979 1108 ejus
3008 1038 3124 1094 hoc
3158 1040 3384 1094 dicunt.
3428 1041 3699 1095 Honora-

2050 1126 2283 1181 tissima
2322 1126 2619 1198 siquidem
2675 1126 2835 1196 apud
2884 1127 3119 1183 Iudaeos
3174 1132 3300 1183 erat
3349 1128 3699 1198 hujusmodi

2052 1214 2398 1287 appellatio.
2443 1214 2773 1270 Credebant
2802 1215 2999 1285 itaque
3031 1215 3190 1286 quod
3218 1216 3421 1271 omnia
3450 1220 3651 1285 posset
3680 1233 3696 1285 ;

2052 1304 2215 1375 quod
2242 1307 2441 1359 autem
2472 1304 2624 1358 Deus
2666 1306 2838 1369 esset,
2872 1304 3144 1359 nondum
3184 1304 3358 1374 plena
3392 1304 3506 1358 ﬁde
3538 1308 3700 1358 tene-

2050 1392 2199 1448 bant
2227 1407 2240 1457 ;
2271 1391 2526 1462 ideoque
2555 1394 2841 1463 tanquam
2880 1392 3161 1447 hominen
3190 1393 3466 1448 decenter
3510 1392 3703 1447 hono-

2050 1480 2287 1546 rabant,
2321 1480 2469 1534 sicut
2500 1483 2552 1534 et
2582 1479 2676 1535 alii
2714 1480 2902 1536 multi.

2122 1571 2282 1625 Vers.
2309 1567 2396 1633 28,
2431 1569 2704 1638 Ingresso
2741 1600 2810 1609 —
2851 1570 3008 1626 caeci.
3054 1570 3337 1625 Protraxit
3368 1585 3469 1625 eos
3512 1585 3699 1641 usque

2055 1658 2131 1714 ad
2150 1659 2419 1723 domum,
2445 1671 2519 1711 ne
2540 1657 3010 1728 reprehendendi
3027 1658 3408 1713 occasionem
3434 1673 3701 1730 quaeren-

1616 1742 1791 1792 Πάντα
1841 1741 1940 1811 γὰρ

2062 1747 2213 1802 tibus
2264 1745 2556 1801 videretur
2594 1746 2669 1801 ad
2724 1746 3151 1802 miraculorum
3202 1746 3609 1818 operationem
3639 1761 3700 1801 se

2026 1838 2338 1905 ingerere,
2393 1835 2563 1907 quasi
2604 1835 2806 1906 glorias
2857 1840 3106 1891 amator.
3163 1836 3377 1891 Omnia
3406 1835 3564 1891 enim
3610 1850 3698 1889 sa-

2054 1925 2285 1997 pienter
2344 1924 2625 1994 disponit,
2685 1939 2923 1980 omnem
2978 1924 3243 1979 auferens
3304 1924 3701 1980 accusationis

2055 2014 2459 2069 occasionem.
2510 2011 2838 2067 Verisimile
2885 2016 2977 2067 est
3003 2016 3203 2067 autem
3234 2012 3484 2067 domum
3527 2011 3702 2067 fuisse

2058 2101 2370 2171 cujusdam
2412 2100 2622 2165 ﬁdelis,
2663 2100 2724 2154 in
2751 2115 2871 2170 qua
2893 2105 3150 2155 retentus
3183 2100 3274 2155 sit.

2131 2190 2293 2245 Vers.
2334 2189 2421 2243 28.
2451 2189 2528 2243 Et
2565 2219 2633 2228 —
2666 2189 2863 2256 facere
2914 2189 2941 2242 ?
2979 2188 3148 2253 Quod
3189 2188 3461 2243 videlicet
3491 2188 3699 2259 petitis.

2060 2279 2293 2337 Sciebat
2346 2282 2498 2333 certe
2537 2276 2670 2332 illos
2705 2276 2942 2332 credere
2997 2276 3156 2348 quod
3196 2280 3399 2347 posset
3434 2293 3446 2330 :
3490 2291 3704 2347 neque-

2057 2369 2215 2423 enim
2263 2366 2427 2422 aliter
2453 2366 2637 2421 secuti
2684 2365 2928 2422 fuissent
2975 2380 3111 2419 eum
3165 2366 3585 2421 obsecrantes:
3621 2365 3705 2419 in-

2055 2459 2314 2525 terrogat
2369 2458 2570 2510 tamen
2613 2457 2679 2509 ut
2728 2452 3201 2509 manifestaretur
3245 2453 3481 2508 illorum
3529 2453 3703 2523 ﬁdes,

2057 2544 2274 2616 aliique
2303 2558 2410 2615 per
2449 2545 2558 2598 hos
2608 2542 3060 2598 attraherentur.
3109 2542 3385 2598 Miracula
3441 2557 3705 2613 namque

2054 2649 2175 2689 non
2246 2634 2489 2705 propter
2540 2647 2640 2687 eos
2700 2634 2956 2694 tantum,
3010 2631 3112 2702 qui
3171 2631 3545 2694 curabantur,
3597 2630 3705 2685 sed

2050 2724 2295 2794 propter
2318 2735 2421 2775 eos
2442 2719 2822 2792 potissimum
2850 2717 3198 2783 edebantur,
3223 2718 3326 2789 qui
3347 2716 3628 2773 videbant
3648 2721 3709 2774 et

2052 2807 2392 2865 audiebant.

2122 2896 2285 2953 Vers.
2344 2898 2433 2951 28.
2488 2896 2705 2951 Dicunt
2743 2926 2811 2935 -—
2855 2894 3122 2950 Domine.
3194 2896 3323 2950 Jam
3353 2910 3479 2950 non
3524 2894 3706 2950 ﬁlium

2053 2985 2260 3056 David,
2340 2983 2444 3039 sed
2506 2984 2823 3039 Dominum
2902 2999 3040 3038 eum
3117 2983 3541 3054 appellabant:
3627 2983 3705 3040 ab

345 3072 645 3144 ἐρωτήσεως
726 3073 883 3124 αὐτοῦ
952 3076 1287 3147 πτερωθέντες
1356 3073 1424 3135 εἰς
1503 3074 1630 3144 ὕψος
1708 3080 1939 3134 πίστεως.

2062 3076 2182 3145 ejus
2232 3073 2686 3143 interrogatione
2740 3073 2803 3126 in
2854 3070 2995 3126 ﬁdei
3047 3070 3457 3126 celsitudinem
3519 3070 3708 3126 suble-

410 3255 539 3304 Τότε
594 3282 664 3291 -
725 3248 890 3302 αὐτῶν
959 3250 1007 3301 οἱ
1058 3248 1335 3321 ὀφθαλμοί.
1391 3257 1464 3323 Τῇ
1520 3256 1695 3304 πίστει
1750 3253 1943 3303 τούτων

344 3345 434 3399 τὴν
508 3342 780 3413 θεραπείαν
853 3336 1180 3407 ἀνατίθησιν,
1243 3341 1363 3413 ὅπερ
1450 3341 1595 3392 εἴωθε
1674 3340 1943 3411 πολλαχοῦ

343 3435 525 3495 ποιεῖν,
580 3425 905 3501 διερεθίζων,
986 3429 1055 3489 ὡς
1133 3429 1354 3501 εῖρηται,
1432 3434 1520 3481 καὶ
1576 3432 1695 3489 τοὺς
1766 3429 1945 3488 ἄλλους

344 3516 415 3578 εἰς
464 3521 659 3569 πίστιν.
714 3515 967 3569 Ἀπτεται
1034 3512 1093 3568 δὲ
1167 3521 1254 3567 καὶ
1327 3525 1386 3588 τῇ
1437 3522 1602 3591 χειρὶ,
1673 3514 1940 3582 δεικνύων,

344 3607 423 3657 ὅτι
480 3609 568 3657 καὶ
616 3608 645 3663 ἡ
688 3609 919 3675 παναγία
992 3604 1151 3656 αὐτοῦ
1218 3605 1350 3678 σὰρξ
1400 3605 1537 3666 ζωῆς
1590 3603 1940 3676 μεταδίδωσι.

346 3693 560 3764 Μεγάλη
617 3692 675 3746 δε
719 3698 1013 3765 κατηγορία
1088 3701 1187 3745 τῶν

346 3786 436 3854 μὲν
470 3782 522 3843 ἐξ
583 3782 739 3853 ἁκοῇς
791 3786 952 3853 μόνης
1004 3780 1338 3849 ἐπίστευσαν,
1400 3782 1544 3834 αύτοὶ
1604 3779 1678 3847 δὲ,
1736 3788 1824 3834 καὶ
1882 3787 1945 3835 τὰ

351 3872 594 3940 θαύματα
627 3868 908 3941 βλέποντες,
942 3870 1219 3929 ἠπίστουν.

1263 3690 1551 3758 Ἰουδαίων,
1623 3695 1700 3745 ὅτι
1761 3694 1943 3765 τυφλοὶ

424 3963 524 4011 Καὶ
606 3988 675 3998 —
727 3963 1041 4029 γινωσκέτω.
1143 3957 1572 4031 Ἐνεϐριμήσατο,
1648 3958 1758 4011 ἀντὶ
1831 3965 1941 4027 τοῦ,

350 4046 628 4121 αὐστηρῶς
703 4045 947 4117 ἐνέϐλεψε,
1027 4046 1344 4107 συνελκύσας
1423 4049 1518 4108 τὰς
1593 4047 1771 4120 ὀφρῦς,
1856 4046 1947 4099 καί

351 4133 614 4195 ἐπισείσας
668 4135 843 4196 αὐτοῖς
900 4139 992 4192 τήν
1059 4134 1293 4206 κεφαλήν,
1363 4136 1483 4207 ὅπερ
1562 4136 1777 4188 εἰώθασι
1828 4155 1942 4188 ποι-

351 4231 441 4291 εῖν,
495 4226 544 4275 οἱ
618 4222 1079 4296 ἓξασφαλιζὸμενοί
1132 4242 1274 4285 τινας
1345 4228 1463 4297 περὶ
1544 4224 1774 4295 φυλακῆς
1845 4245 1943 4296 μυ-

355 4331 449 4367 στη
456 4332 484 4385 ρ
491 4315 578 4363 ίων
592 4357 604 4368 ,

415 4402 481 4452 Οἱ
520 4431 586 4439 -
639 4406 701 4471 τῇ
758 4407 825 4471 γῇ
878 4398 1063 4473 ἐκείνη.
1111 4403 1209 4453 Καὶ
1261 4398 1310 4451 ἐν
1359 4407 1430 4470 τῷ
1487 4400 1615 4470 ἕκτῳ
1662 4400 1939 4472 κεφαλαίῳ,

342 4490 638 4561 καθαρίσας
698 4491 785 4539 τὸν
859 4487 1058 4561 λεπρὸν,
1136 4487 1473 4561 παρήγγειλεν
1554 4488 1693 4558 αὐτῷ
1765 4494 1939 4558 σιγᾷν,

342 4581 433 4628 καὶ
486 4577 720 4636 ζήτησον
769 4574 816 4627 ἐν
866 4584 926 4648 τῇ
978 4575 1222 4646 ἐξηγήσει
1279 4576 1439 4627 αύτοὺ
1496 4581 1589 4633 τήν
1635 4576 1825 4643 αἰτίαν,
1870 4574 1941 4627 δι’

346 4669 406 4724 ἣν
450 4670 605 4735 σιγᾷν
658 4663 937 4729 ἐπιτάττει,
996 4670 1085 4715 καὶ
1146 4672 1256 4725 πῶς
1330 4664 1457 4726 ὅλως
1534 4663 1810 4734 ἐπιτάττει,
1866 4684 1943 4734 γι-

342 4759 579 4817 νώσκων,
630 4754 708 4803 ὅτι
774 4753 832 4804 ού
885 4758 1114 4824 σιγήσει,
1159 4757 1244 4805 καὶ
1294 4757 1387 4811 τήν
1430 4752 1578 4805 λύσιν
1618 4751 1811 4809 ἐκείνην
1861 4750 1943 4804 ἐπὶ

349 4842 553 4893 πάντων
582 4844 676 4913 ἔχε
693 4849 791 4893 τῶν
819 4843 1025 4913 ὁμοίων,

517 4936 664 4984 ΚΕΦ.
715 4931 821 4985 ΙΗ’.
857 4936 981 5003 Περὶ
1012 4936 1103 4982 τοῦ
1150 4926 1578 5003 δαιμονιζομένου
1606 4936 1800 5000 κωφοῦ.

426 5016 599 5070 Αὐτῶν
662 5048 731 5060 -
812 5015 1262 5092 δαιμονιζόμενον.
1326 5021 1507 5091 Κωφόν
1559 5025 1647 5070 νῦν
1696 5019 1829 5089 λέγει
1885 5021 1943 5070 τὸ

428 5195 474 5230 ⁹⁶
518 5194 715 5254 Matth.
750 5209 871 5265 vm,
899 5194 952 5250 4.

2056 3169 2279 3305 mille-ars.
2320 3250 2407 3303 29.
2448 3248 2612 3302 Tunc
2640 3278 2711 3286 —
2747 3248 2905 3301 Vers.
2936 3247 3023 3303 30.
3056 3246 3209 3301 oculi
3254 3246 3512 3302 illorum.
3548 3245 3705 3301 Fidei

2054 3354 2263 3395 eorum
2294 3337 2612 3393 sanitatem
2644 3333 2930 3399 attribuit,
2955 3334 3119 3404 quod
3140 3332 3475 3405 frequenter
3508 3333 3703 3390 facere

2055 3428 2365 3483 consuevit
2403 3426 2548 3481 alios
2579 3440 2822 3497 quoque
2856 3424 3116 3478 excitans
3148 3423 3227 3477 ad
3256 3422 3461 3477 ﬁdem.
3502 3424 3708 3495 Tangit

2055 3520 2253 3572 autem
2276 3520 2333 3571 et
2349 3530 2554 3578 manu,
2574 3511 2895 3569 ostendens
2918 3510 3357 3566 sanctissimam
3381 3526 3508 3565 esse
3532 3528 3707 3567 suam

2054 3620 2317 3670 carnem,
2349 3619 2485 3675 quae
2533 3601 2715 3657 vitam
2754 3598 3035 3655 conferat.
3070 3599 3284 3666 Magna
3314 3614 3450 3653 vero
3476 3599 3708 3655 Judaeo-

2053 3710 2189 3749 rum
2216 3693 2357 3747 hinc
2386 3692 2569 3746 oritur
2617 3688 2916 3743 accusatio
2952 3703 2963 3740 :
2997 3687 3163 3758 quod
3206 3685 3380 3741 caecis
3421 3686 3547 3741 solo
3605 3703 3705 3742 au-

2054 3782 2182 3836 ditu
2207 3779 2600 3839 credentibus,
2639 3776 2753 3848 ipsi
2783 3774 3076 3831 miracula
3122 3774 3390 3829 videntes
3418 3773 3706 3830 increduli

2055 3869 2496 3942 permanebant.

2129 3958 2272 4013 Vers
2307 3961 2390 4013 30.
2433 3956 2511 4010 Εε
2540 3985 2608 3994 -
2666 3953 2828 4008 sciat.
2885 3950 3318 4024 Ἐνεϐριμήσατο,
3374 3950 3708 4006 intermina-

2055 4053 2147 4102 tus
2178 4048 2299 4101 est:
2335 4048 2568 4099 austere
2611 4040 2884 4097 videlicet
2932 4040 3188 4102 intuens,
3238 4038 3554 4093 contractis
3614 4054 3709 4093 su-

2053 4133 2382 4205 perciliciis,
2470 4133 2770 4186 commoto
2832 4128 3065 4199 capite:
3132 4125 3305 4182 veluti
3362 4125 3555 4181 facere
3615 4140 3708 4181 so-

2053 4224 2193 4287 lent,
2242 4222 2345 4294 qui
2389 4219 2620 4292 aliquos
2673 4218 2747 4273 de
2807 4214 3166 4273 continendo
3224 4217 3450 4271 secreto
3502 4213 3710 4270 admo-

2052 4314 2212 4368 nent.

2124 4402 2265 4455 Vers
2295 4400 2381 4454 31.
2416 4397 2523 4453 Illi
2544 4426 2609 4437 ——
2634 4394 2919 4465 regionem
2948 4392 3144 4449 illam.
3185 4392 3249 4447 In
3280 4395 3443 4448 sexto
3467 4406 3709 4463 quoque

2053 4489 2245 4560 capite
2285 4485 2571 4543 mundato
2624 4484 2858 4554 leproso
2911 4481 3194 4552 praecepit
3247 4485 3309 4535 ut
3364 4485 3583 4533 taceret
3633 4481 3704 4532 θ’.

2054 4579 2260 4642 Quaere
2285 4576 2344 4630 in
2366 4575 2519 4630 illius
2551 4571 2940 4643 expositione,
2983 4584 3088 4623 cur
3120 4574 3311 4623 tacere
3344 4566 3706 4637 praeceperit,

2052 4665 2336 4738 quodque
2388 4662 2634 4719 omnino
2664 4658 2990 4730 praecipiat,
3024 4657 3214 4711 sciens
3266 4656 3398 4710 illos
3428 4670 3546 4709 non
3578 4669 3707 4707 esse

2052 4753 2356 4815 tacituros,
2372 4750 2653 4820 illamque
2680 4744 3038 4800 solutionem
3058 4757 3164 4812 pro
3191 4740 3471 4796 omnibus
3487 4738 3706 4795 habeto

2056 4840 2371 4898 similibus.

2358 4926 2497 4983 CAP
2528 4923 2703 4982 XVIII.
2735 4923 2821 4979 De
2846 4919 3194 4977 άωτηοηίαοο
3218 4923 3393 4975 muto.

2126 5016 2270 5073 Vers
2309 5016 2395 5071 32.
2450 5014 2575 5073 Illis
2614 5016 2809 5071 autem
2846 5007 3291 5066 dwmom'acum.
3347 5007 3708 5079 Quanquam

1549 5317 1774 5387 Variae
1804 5316 2131 5386 lectiones
2173 5322 2239 5382 et
2263 5323 2464 5382 notae.

431 5485 540 5559 (98)
592 5493 785 5560 σαφῶς,
818 5447 886 5541 Α..
