4206 6310
536 290 643 345 319

1854 289 2200 345 EUTHYMII
2253 291 2586 348 ZIGABENI

3792 299 3908 356 320

539 418 706 487 κωφὸς
747 413 980 470 dicatur
1009 413 1225 484 saepius
1257 413 1498 482 surdus,
1530 429 1690 468 nunc
1727 417 1926 472 tamen
1957 416 2191 488 capitur

2308 417 2509 472 ἄλαλον,
2577 423 2796 490 Λέγεται
2825 422 2925 492 γὰρ
2957 425 3141 494 κωφὸς,
3193 423 3251 475 ού
3291 427 3442 496 μόνον
3485 425 3510 476 6
3559 424 3629 496 μὴ
3677 422 3904 492 ἁκούων,

537 519 649 575 pro
677 509 863 568 muto,
891 504 982 575 qui
1015 502 1127 558 fari
1175 503 1402 574 nequit,
1445 501 1599 558 sicut
1623 503 1804 558 etiam
1836 503 1976 559 alibi
2003 520 2192 577 quan-

485 659 489 663 ,
539 591 760 664 doque.

609 681 767 736 Vers.
798 682 886 737 33.
906 682 981 736 Et
1000 683 1181 751 ejecta
1211 712 1279 720 —
1305 686 1522 750 mutus,
1548 683 1671 736 Non
1694 685 1820 736 erat
1841 687 2055 737 natura
2069 698 2198 738 mu-

537 774 651 840 tus,
671 769 775 825 sed
793 769 1032 826 daemon
1045 771 1317 839 linguam
1331 770 1454 839 ejus
1473 769 1777 837 ligaverat,
1798 775 1854 825 et
1869 777 2004 826 ante
2018 772 2195 826 hanc,

539 859 856 914 animam:
890 859 1140 930 ideoque
1171 859 1242 913 ab
1295 857 1424 913 aliis
1474 857 1805 914 adducitur.
1858 862 1974 914 Nec
2016 858 2198 914 ﬁdem

538 947 760 1017 exigit;
814 947 1105 1017 siquidem
1159 963 1268 1001 nec
1317 946 1448 1011 fari,
1509 962 1619 1002 nec
1668 947 1990 1017 intelligere
2041 953 2197 1016 pote-

541 1039 674 1093 rat:
713 1035 878 1106 quod
931 1051 1262 1104 agnoscens
1326 1035 1610 1102 Salvator,
1661 1036 1932 1107 protinus
1980 1035 2200 1092 daemo-

542 1138 679 1178 nem
735 1123 926 1194 ejecit,
974 1125 1100 1195 ipso
1149 1123 1326 1178 etiam
1383 1123 1720 1192 ignorante.
1773 1123 2040 1196 Cumque
2069 1123 2198 1178 vino

541 1210 689 1266 culis
741 1212 1046 1268 absolutus
1097 1219 1270 1278 esset,
1330 1212 1614 1269 intellexit
1667 1217 1722 1268 et
1777 1213 1900 1284 (αα)
1961 1213 2198 1269 locutus

542 1305 625 1356 est
651 1301 836 1358 homo

612 1389 774 1444 Vers.
807 1393 895 1445 33.
935 1391 1012 1445 Et
1058 1421 1126 1430 —
1166 1389 1372 1446 Israel.
1408 1391 1714 1461 Nunquam
1757 1390 2042 1459 apparuit
2093 1389 2197 1458 sic,

540 1476 736 1542 idest,
781 1480 1099 1549 Nunquam
1126 1477 1257 1533 visa
1289 1483 1429 1533 sunt
1476 1477 1823 1549 hujusmodi
1878 1477 2197 1532 mirabilia.

543 1565 837 1620 Omnibus
868 1571 1070 1622 autem
1096 1567 1196 1638 qui
1235 1567 1312 1623 ab
1345 1565 1591 1622 exordio
1630 1565 1926 1621 mirabilia
1965 1565 2193 1636 operati

542 1659 677 1708 sunt
703 1654 1112 1710 sublimiorem
1143 1654 1588 1726 praedicabant;
1621 1656 1763 1726 quia
1792 1669 2028 1710 omnem
2053 1670 2201 1708 mor.

2308 505 2442 578 ἁγλὰ
2471 512 2560 559 καὶ
2577 509 2602 559 6
2633 512 2703 578 μὴ
2728 507 2918 564 λαλῶν.

2381 689 2481 736 Καὶ
2532 682 2862 747 ἐκϐληθέντος
2924 718 2992 727 -
3056 693 3249 760 κωφός.
3308 689 3418 740 Ούκ
3472 685 3532 746 ἦν
3594 686 3648 738 ἐκ
3701 691 3909 760 φύσεως

2307 771 2514 838 ἄλαλος,
2563 772 2676 824 ἀλλ’
2723 775 2748 825 6
2808 771 3010 846 δαίμων
3063 773 3223 834 ἔδησε
3277 781 3371 835 τὴν
3417 775 3661 848 γλῶσσαν
3719 775 3905 847 αὐτοῦ,

2307 865 2397 912 καὶ
2439 865 2538 934 πρὸ
2582 864 2772 922 ταύτης
2819 868 2912 921 τὴν
2950 863 3154 935 ψυχήν.
3217 867 3311 917 Διά
3362 873 3512 917 τοῦτο
3541 867 3642 936 ’γὰρ
3702 869 3793 915 καὶ
3824 865 3907 937 ὑφ’

2309 947 2488 1021 ἐτέρων
2544 953 2884 1024 προσάγεται,
2964 958 3054 1004 καὶ
3144 952 3237 1005 ούκ
3318 951 3614 1005 ἁπαιτείται
3663 953 3897 1009 “πίστιν.

2310 1038 2444 1093 Οὔτε
2472 1041 2573 1110 γὰρ
2603 1037 2847 1100 λαλῆσαι,
2906 1044 3021 1092 οὔτε
3073 1046 3298 1093 συνιέναι
3351 1038 3586 1095 ἐδύνατο.
3634 1046 3734 1093 Καὶ
3791 1049 3899 1094 τοῦ·

2309 1143 2367 1176 το
2427 1132 2696 1197 γινώσκων
2752 1129 2777 1178 6
2826 1133 3022 1203 Σωτὴρ,
3087 1128 3313 1192 ἐξέϐαλεν
3390 1129 3581 1182 αύτίκα
3634 1133 3722 1182 τὸν
3796 1126 3901 1182 δαί-

2309 1233 2459 1286 μονα,
2519 1219 2608 1266 καὶ
2655 1213 3007 1286 ἁπελαθέντος,
3066 1217 3217 1276 ἐλύθη
3273 1220 3364 1289 μὶν
3418 1221 3484 1270 τὰ
3536 1214 3730 1290 δεσμὰ,
3785 1237 3905 1270 συν-

2312 1310 2402 1361 ῆκε
2429 1298 2507 1368 δὲ,
2541 1308 2629 1356 καὶ
2656 1303 2896 1362 ἐλάλησεν
2928 1307 2953 1357 6
2979 1307 3262 1378 ἄνθρωπος.

2384 1396 2483 1444 Καὶ
2533 1423 2601 1431 -
2643 1393 2876 1466 Ἰσραήλ.
2935 1425 3003 1434 -
3047 1391 3312 1447 Οὐδέποτε
3353 1392 3507 1467 ἐφάνη
3565 1395 3748 1458 οὕτως,
3794 1393 3905 1447 ἀντὶ

2311 1487 2422 1544 τοῦ,
2497 1477 2761 1533 Οὐδέποτε
2829 1480 2984 1554 ἐφάνη
3053 1490 3268 1535 τοιαῦτα
3335 1479 3643 1548 παράδοξα.
3697 1485 3903 1535 Πάντων

2313 1565 2371 1620 δὶ
2417 1576 2517 1620 τῶν
2572 1567 2658 1620 ἀπ’
2709 1570 2887 1630 αἰῶνος
2940 1572 3519 1646 θαυματουργησάντων
3577 1573 3902 1644 ύπερετίθουν

2311 1656 2484 1722 αὐτὸν,
2531 1653 2671 1709 διότι
2699 1664 2799 1710 πᾶν
2851 1661 3018 1721 πάθος
3075 1660 3208 1728 ἰᾶτο,
3249 1665 3337 1712 καὶ
3365 1662 3644 1731 ταχύτατα
3673 1665 3761 1711 καὶ
3789 1659 3900 1710 κατ’

544 1742 692 1798 bum
710 1743 972 1808 curabat,
989 1754 1045 1799 et
1063 1744 1428 1800 velocissime
1447 1743 1810 1816 propriaque
1825 1744 2199 1799 auctoritate.

2310 1743 2566 1807 ἐξουσίαν·
2625 1750 2715 1798 καὶ
2758 1751 2881 1800 ποτε
3067 1748 3248 1820 λέγων,
3304 1751 3428 1801 ποτε
3480 1745 3540 1800 δε
3602 1747 3902 1820 ἁπτόμενος,

543 1829 842 1886 interdum
899 1831 1146 1903 quidem
1213 1832 1414 1896 verbo,
1488 1846 1927 1902 nonnunquam
2012 1837 2195 1895 tactu,

542 1921 906 1990 quandoque
929 1936 1062 1975 vero
1081 1925 1239 1975 tactu
1268 1928 1324 1974 et
1344 1919 1528 1974 verbo
1554 1936 1568 1982 ;
1598 1923 1655 1974 et
1672 1925 1740 1973 ut
1765 1919 1950 1974 semel
1975 1919 2196 1983 dicam,

541 2006 693 2060 sicut
719 2007 978 2074 volebat,
1011 2009 1070 2061 in
1105 2007 1384 2062 omnibus
1406 2023 1581 2062 suam
1612 2007 1886 2078 pandens
1915 2007 2196 2078 omnipo-

547 2093 810 2150 tentiam.

620 2181 780 2238 Vers.
823 2183 911 2238 34.
955 2183 1252 2240 Pharisaei
1289 2187 1482 2241 autem
1537 2214 1606 2224 —
1636 2185 1948 2241 daemonia.
1987 2184 2198 2240 Turba

547 2269 791 2341 quidem
806 2272 1290 2340 admirabantur;
1302 2273 1581 2329 Pharisaei
1593 2287 1734 2328 vero
1747 2272 2201 2329 calumniaban-

547 2363 658 2424 tur,
677 2359 937 2415 dicentes
959 2361 1115 2432 quod
1137 2377 1274 2417 cum
1301 2361 1564 2417 amicum
1592 2361 1840 2417 haberet
1866 2361 2198 2434 principem

544 2446 991 2515 daemoniorum,
1033 2465 1138 2521 per
1164 2449 1326 2506 hunc
1355 2449 1657 2506 daemonia
1695 2449 2050 2522 expellebat.
2084 2452 2202 2506 Nec

489 2603 503 2617 '
545 2536 902 2592 verebantur
931 2540 1143 2608 nugari
1167 2539 1228 2593 in
1257 2538 1368 2602 his,
1402 2554 1533 2612 quae
1581 2537 1746 2594 facile
1777 2539 2052 2609 redargui
2098 2555 2200 2610 po-

545 2629 755 2680 terant.
788 2629 938 2682 Nam
988 2629 1092 2697 qui
1148 2628 1588 2684 daemoniorum
1640 2627 1968 2699 principem
2020 2627 2200 2684 habet

543 2713 827 2779 amicum,
882 2730 1018 2785 quaa
1076 2716 1156 2770 illi
1214 2722 1352 2772 sunt
1413 2722 1582 2786 grata
1637 2715 2201 2787 perﬁcitzdaamoni

544 2805 741 2856 autem
785 2807 1024 2870 gratum
1073 2809 1180 2868 est,
1211 2813 1273 2858 ut
1301 2804 1429 2875 quis
1489 2819 1724 2876 semper
1774 2809 1988 2859 noceat
2017 2804 2198 2859 homi-

545 2887 744 2957 nibus,
775 2888 992 2944 doceat
1036 2906 1214 2946 omne
1247 2896 1578 2962 peccatum,
1633 2891 1941 2946 abstrahat
1985 2906 2196 2946 omnes

544 2991 583 3030 a
629 2977 764 3031 Deo.
799 2977 1064 3032 Christus
1111 2994 1251 3034 vero
1289 2979 1583 3034 contraria
1623 2979 1716 3034 his
1755 2983 2034 3050 operatus
2087 2984 2194 3045 est,

2309 1837 2430 1886 ποτε
2497 1830 2556 1886 δε
2640 1840 2729 1888 καὶ
2801 1835 3084 1909 ἁπτόμενος
3147 1841 3238 1888 καὶ
3309 1835 3493 1908 λέγων,
3577 1842 3666 1888 καὶ
3733 1837 3906 1898 ἁπλῶς

2309 1922 2483 1987 εἰπεῖν,
2535 1926 2599 1984 ὡς
2647 1922 2895 1977 ἐϐούλετοο
2959 1921 3052 1978 διὰ
3101 1927 3303 1978 πάντων
3367 1921 3566 1986 δεικνύς
3610 1928 3668 1976 τὸ
3718 1924 3903 1977 ἑαυτοῦ

2307 2007 2702 2081 παντοδύναμον
2715 2057 2726 2069 ,

2380 2188 2446 2240 Οἱ
2477 2183 2535 2240 δὲ
2565 2194 2841 2261 Φαρισαῖοι
2891 2221 2960 2229 -
3007 2187 3275 2261 δαιμόνια.
3317 2191 3381 2243 Οἱ
3419 2188 3573 2261 ὄχλοι
3626 2193 3717 2262 μεν
3747 2189 3896 2244 ἐθαύ-

2309 2275 2493 2346 μαζον·
2551 2279 2601 2329 οἱ
2652 2283 2930 2350 Φαρισαῖοι
2987 2274 3046 2331 δὲ
3101 2275 3369 2331 διέϐαλλον
3422 2279 3598 2346 αὐτὸν,
3652 2278 3891 2352 λέγοντες,

2309 2365 2389 2415 ὅτι
2437 2364 2578 2436 φίλον
2653 2367 2790 2436 ἔχων
2855 2370 2942 2418 τὸν
2989 2368 3224 2440 ἄρχοντα
3293 2375 3392 2419 τῶν
3451 2364 3752 2439 δαιμονίων,
3820 2363 3890 2418 δι’

2309 2450 2500 2504 ἐκείνου
2565 2461 2725 2506 ταὺτα
2781 2451 2983 2525 διῴκει.
3047 2461 3144 2508 Καὶ
3195 2452 3311 2508 οὐδ’
3361 2456 3686 2528 ᾐσχύνοντο,
3744 2455 3890 2528 φλυα-

2307 2548 2512 2613 ροῦντες
2589 2543 2874 2613 εὐέλεγκτα.
2944 2549 3043 2597 Καὶ
3115 2547 3216 2618 γὰρ
3271 2546 3296 2596 6
3369 2548 3456 2597 τὸν
3512 2546 3750 2618 ἄρχοντα
3801 2553 3892 2597 τῶν

2310 2626 2591 2702 δαιμονίων
2655 2631 2798 2704 φίλον
2860 2635 3018 2704 ἔχων,
3075 2633 3197 2705 φίλα
3265 2632 3436 2705 έκείνῳ
3503 2630 3892 2704 διαπράττεται’

2309 2717 2450 2790 φίλον
2495 2715 2554 2772 δὲ
2609 2728 2680 2790 τῷ
2730 2717 2959 2792 δαίμονι,
3023 2725 3080 2774 τὸ
3131 2721 3380 2794 βλάπτειν
3429 2721 3505 2773 ἀεὶ
3545 2725 3665 2781 τοὺς
3705 2719 3894 2794 ἀνθρώ·

2540 2812 2598 2860 τὸ
2667 2805 2942 2861 διδάσκειν
3001 2816 3171 2862 πᾶσαν
3227 2810 3500 2884 ἁμαρτίαν,
3553 2811 3609 2859 τὸ
3671 2807 3886 2879 ἁφιστᾷν

2306 2897 2501 2958 πάντας
2551 2895 2652 2948 ἀπὸ
2699 2905 2789 2949 τοῦ
2841 2901 2985 2951 Θεοῡο
3025 2899 3051 2949 6
3108 2895 3168 2950 δέ
3211 2901 3437 2972 Χριστὸς
3491 2893 3730 2948 τάναντία
3762 2896 3883 2944 τού-

2307 3002 2406 3035 των
2486 2985 2773 3058 εἰργάζετο,
2855 2985 3128 3058 εύεργετων
3216 2985 3294 3039 ἀεὶ
3381 2989 3498 3046 τοὺς
3576 2983 3885 3057 ἀνθρώπους,

2307 2827 2456 2870 πους,

542 3063 839 3122 beneﬁcia
895 3082 1132 3137 semper
1187 3067 1498 3123 conferens
1531 3067 1590 3123 in
1621 3067 1917 3138 homines,
1951 3083 2192 3123 omnem

2309 3069 2580 3125 διδάσκων
2661 3080 2836 3127 πᾶσαν
2921 3074 3128 3148 ἀρετὴν,
3208 3076 3487 3149 προσάγων
3570 3075 3762 3133 πάντας
3825 3079 3892 3142 τῷ

544 3153 767 3208 docens
820 3155 1114 3226 virtutem,
1147 3156 1221 3212 ad
1263 3158 1450 3212 Deum
1507 3172 1716 3212 omnes
1759 3155 2096 3212 adducens.
2134 3161 2197 3212 Et

545 3247 744 3297 tamen
799 3243 910 3301 hos
959 3260 1075 3300 non
1139 3245 1334 3300 solum
1393 3261 1512 3302 non
1562 3245 1814 3316 punivit,
1866 3244 1973 3300 sed
2003 3260 2195 3316 neque

544 3332 738 3401 arguit
786 3348 922 3389 eos:
973 3333 1198 3389 docens
1255 3349 1366 3391 nos
1425 3349 1648 3404 magno
1713 3333 1920 3390 animo
1972 3333 2196 3389 calum-

543 3419 675 3475 nias
734 3421 1050 3487 sustinere,
1085 3427 1141 3478 et
1195 3423 1395 3494 potius
1440 3422 1792 3478 benefacere
1841 3421 2194 3478 nocentibus

543 3523 615 3563 ac
671 3509 952 3579 iniuriam
1005 3510 1417 3567 inferentibus.
1475 3510 1615 3566 Vide
1671 3512 1830 3566 enim
1908 3511 2056 3583 quid
2115 3512 2194 3566 fe-

545 3596 705 3651 cerit.

616 3686 787 3742 Vers.
834 3689 926 3743 33.
953 3687 1036 3742 Et
1071 3717 1141 3727 —
1185 3687 1250 3743 in
1294 3688 1512 3758 populo
1561 3687 1698 3744 Haec
1754 3685 1936 3743 etiam
1983 3691 2197 3759 quarto

545 3773 688 3828 dixit
711 3775 976 3846 capite“,
1010 3780 1067 3831 et
1092 3775 1176 3832 ibi
1204 3776 1508 3832 declarata
1537 3780 1694 3832 sunt.
1751 3776 1953 3842 Quaere
1995 3781 2198 3833 autem

543 3866 600 3916 et
629 3863 794 3934 apud
845 3865 1100 3919 Marcum
1158 3865 1339 3920 ﬁnem
1376 3865 1522 3920 tertii
1552 3865 1761 3937 capitis
1804 3865 1990 3936 ipsius
2029 3867 2099 3932 ⁸⁷,
2144 3871 2201 3922 et

543 3951 604 4006 in
634 3952 766 4020 ejus
805 3952 1017 4022 capitis
1047 3955 1424 4009 enarratione
1481 3955 1748 4008 invenies
1804 3953 2199 4010 differentiam

543 4039 793 4094 civitatis
822 4055 858 4094 a
883 4040 1033 4095 vico.
1068 4040 1433 4096 Circumibat
1475 4045 1676 4096 autem
1704 4040 1964 4096 civitates
1993 4057 2203 4096 omnes

540 4130 600 4181 et
624 4127 784 4181 vicos
814 4127 1186 4194 Judaeorum,
1219 4143 1292 4183 ne
1321 4127 1457 4199 quis
1488 4144 1694 4183 eorum
1724 4127 1921 4183 dicere
1953 4134 2154 4200 posset
2186 4140 2200 4178 :

546 4215 635 4270 Ad
666 4229 776 4270 nos
805 4230 926 4270 non
959 4215 1132 4271 venit.

592 4393 776 4483 ,γει-ε.
805 4391 894 4447 36.
926 4392 1180 4483 [vituitus
1209 4424 1272 4434 —
1301 4399 1618 4463 pastorem.
1672 4394 1996 4461 Destitutw,
2035 4395 2198 4467 quod
2233 4428 2279 4483 Β

544 4480 744 4536 nullus
773 4497 871 4536 eas
928 4482 1286 4553 respiceret:
1333 4483 1604 4554 dispersae
1661 4484 1778 4540 hoc
1825 4489 1914 4540 est
1958 4485 2200 4541 omnino

545 4568 858 4638 neglectae,
904 4570 961 4625 in
1013 4571 1264 4626 modum
1297 4571 1497 4626 ovium
1536 4579 1774 4644 pastore
1821 4575 2195 4632 carentium:

540 4673 800 4730 quarum
830 4659 919 4715 hae
947 4659 1193 4732 quidem
1226 4665 1452 4716 vexatae
1492 4666 1647 4726 sunt,
1689 4677 1759 4718 ac
1797 4661 2056 4717 seductas
2083 4664 2199 4719 huc

541 4753 597 4804 et
645 4747 824 4804 illuc:
873 4747 1005 4805 alia:
1055 4754 1255 4805 autem
1312 4750 1596 4822 dispersa
1648 4751 1770 4806 sive
1825 4751 2091 4821 abjectae,
2127 4768 2198 4808 eo

541 4837 705 4910 quod
733 4853 852 4894 non
876 4837 967 4902 sit,
994 4838 1094 4910 qui
1123 4855 1330 4894 earum
1350 4855 1557 4895 curam
1589 4840 1825 4896 habeat.
1853 4840 2197 4896 Iudaeorum

541 4925 704 4981 enim
750 4926 1043 4999 principes
1094 4943 1216 4983 non
1248 4927 1442 4983 solum
1492 4927 1937 4997 convertebant,
1980 4933 2083 4985 aut
2111 4945 2198 4986 re-

545 5014 882 5084 spiciebant
911 5030 1012 5072 eos
1036 5016 1138 5088 qui
1162 5021 1577 5088 peccaverant,
1601 5033 1794 5090 neque
1825 5018 2198 5090 abjectorum

617 5141 664 5174 ⁹⁶
690 5139 886 5195 Matth.
928 5154 1001 5204 Iv,
1039 5139 1126 5193 17.
1204 5140 1432 5194 "Marc.
1465 5157 1503 5204 ι,
1538 5143 1625 5196 38.

2308 3168 2448 3232 Θεῷ.
2506 3161 2683 3234 Ὀμως
2745 3163 2804 3214 ού
2869 3168 3020 3235 μόνον
3063 3167 3280 3226 τούτους
3330 3163 3420 3216 οὐκ
3469 3162 3728 3233 ἐκόλασεν,
3786 3159 3891 3212 ἀλλ’

2305 3246 2422 3303 οὐδ’
2482 3249 2687 3322 ἤλεγξεν
2744 3251 2953 3319 αύτούς,
3010 3248 3273 3304 παιδεύων
3330 3254 3488 3324 ἡμᾶς,
3553 3252 3896 3324 μακροθύμως

2305 3342 2469 3412 φέρειν
2542 3338 2636 3401 τὰς
2691 3336 2960 3407 διαϐολὰς,
3022 3345 3110 3392 καὶ
3159 3340 3350 3412 μᾶλλον
3426 3337 3480 3392 εὖ
3559 3347 3725 3393 ποιεῖν
3777 3342 3900 3399 τοὺς

2303 3427 2628 3500 ὑϐρίζοντας.
2659 3427 2795 3503 Ὀρα
2821 3431 2943 3502 γὰρ,
2975 3432 3028 3481 τί
3047 3431 3277 3486 ἐποίησε.

2381 3690 2482 3739 Καί
2509 3717 2578 3726 —
2625 3685 2674 3737 ἐν
2729 3692 2802 3756 τῷ
2856 3685 2980 3756 λαῷ.
3013 3692 3190 3738 Ταῦτα
3235 3690 3324 3738 καὶ
3371 3687 3418 3738 ἑν
3470 3681 3613 3758 ἀρχῇ
3673 3691 3763 3737 τοῦ
3814 3703 3902 3737 τε-

2307 3777 2497 3848 τάρτου
2549 3773 2824 3846 κεφαλαίου
2904 3777 3101 3848 εἴρηκεν
3175 3775 3200 3826 6
3255 3778 3434 3846 παρὼν
3512 3773 3902 3844 εὐαγγέλια-της,

2307 3869 2397 3916 καὶ
2426 3863 2826 3936 ἡρμηνεύθησαν
2875 3862 2922 3914 ἐν
2989 3862 3185 3933 ἐκείνῳ.
3243 3867 3482 3921 Ζήτησον
3537 3859 3596 3915 δε
3633 3867 3726 3915 καὶ
3765 3865 3908 3936 παρὰ

2309 3962 2383 4023 τῷ
2439 3954 2636 4025 Μάρκῳ
2679 3955 2736 4004 τὸ
2800 3951 2937 4012 τέλος
2986 3959 3079 4004 τοῦ
3139 3955 3313 4024 τρίτου
3385 3950 3660 4022 κεφαλαίου
3722 3951 3906 4020 αὐτοῦ,

2312 4046 2402 4093 καὶ
2455 4042 2689 4114 εύρὴσεις
2755 4037 3008 4114 διαφορὰν
3082 4040 3274 4101 πόλεως
3351 4045 3441 4091 καὶ
3505 4045 3686 4110 κώμης
3740 4037 3788 4090 έν
3842 4045 3904 4110 τῇ

2312 4128 2504 4182 έκείνου
2557 4129 2815 4201 ἐξηγήσει.
2868 4134 3188 4202 Περιήρχετο
3249 4125 3307 4182 δὲ
3353 4130 3441 4188 τὰς
3507 4127 3678 4190 πόλεις
3731 4130 3910 4188 πάσας

2311 4224 2400 4271 καὶ
2451 4221 2539 4280 τὰς
2595 4225 2772 4291 κώμας
2826 4227 2924 4270 τῶν
2990 4215 3282 4286 Ἰουδαίων,
3334 4217 3417 4269 ἱνα
3487 4211 3679 4288 μηδεὶς
3741 4217 3908 4270 αὐτῶν

2312 4309 2431 4379 ἔχοι
2457 4307 2638 4379 λέγειν,
2662 4309 2740 4359 ὅτι
2762 4311 2893 4382 Πρὸς
2922 4308 3057 4378 ἡμᾶς
3082 4305 3176 4357 ούκ
3225 4303 3392 4364 ἦλθεν.

2384 4393 2532 4449 Ἰδὼν
2571 4427 2638 4436 -
2690 4400 2926 4468 ποιμένα.
2979 4426 3044 4436 --
3079 4393 3412 4466 Ἐσκυλμένοι
3461 4393 3572 4465 (99)
3623 4397 3736 4466 μὲν,
3797 4393 3906 4446 ἀντὶ

2311 4493 2422 4550 τοῦ,
2507 4483 2924 4558 ἁνεπίστρεπτοι,
3001 4479 3094 4536 διὰ
3143 4486 3199 4535 τὸ
3278 4487 3349 4552 μὴ
3440 4485 3578 4553 ἔχειν
3658 4486 3744 4535 τόν
3793 4485 3908 4534 ἑπι-

2313 4578 2618 4648 στρέφὸντα·
2698 4571 2990 4648 ἐρριμμένοι
3075 4569 3151 4642 δὲ,
3240 4569 3354 4622 ἀντὶ
3405 4579 3516 4636 τοῦ,
3595 4571 3910 4644 ᾑμελημένοι

2310 4663 2495 4728 τελεον,
2547 4659 2702 4720 δίκην
2789 4661 3115 4733 ἁποιμάντων
3207 4658 3498 4733 προϐάτων·
3571 4659 3642 4710 ὧν
3699 4663 3766 4712 τὰ
3822 4663 3910 4731 μεν

2309 4750 2572 4819 ἔσκυλται,
2634 4753 2794 4821 ἤγουν
2864 4749 3213 4806 πεπλάνηνται
3266 4744 3398 4819 τῇδε
3439 4746 3679 4800 κὰκεῖσε’
3740 4752 3805 4800 τὰ
3853 4744 3911 4800 δε

2309 4839 2565 4914 ἔρριπται,
2619 4842 2738 4897 ἤτοι
2789 4837 3220 4903 καταϐέϐληνται,
3265 4833 3359 4889 διὰ
3408 4840 3465 4888 τὸ
3513 4840 3584 4908 μὴ
3641 4840 3782 4909 ἔχειν
3826 4841 3910 4888 τὸν

2308 4928 2690 5002 ἐπιμελόμενον.
2750 4929 2814 4981 Οἱ
2869 4929 2971 5000 γὰρ
3037 4936 3137 4978 τῶν
3196 4921 3468 4979 Ἰουδαίων
3548 4925 3804 4999 ἄρχοντες
3852 4923 3910 4976 ού

2307 5023 2459 5092 μόνον
2507 5017 2602 5071 οὐκ
2653 5016 2955 5090 ἐπέστρεφον
3001 5018 3123 5078 τοὺς
3173 5014 3584 5088 ἁμαρτάνοντας,
3633 5011 3751 5068 οὐδ’
3802 5012 3911 5068 ἒπε-

1764 5262 1979 5330 Variae
2013 5262 2338 5338 lectiones
2377 5272 2442 5330 et
2481 5272 2684 5330 notae.

616 5414 728 5486 (99)
760 5416 921 5469 Hunc
946 5411 1146 5469 locum
1171 5411 1582 5484 inpterretatur
1610 5413 2051 5484 Chrysostomus
2090 5419 2129 5471 t.
2165 5417 2199 5470 Χ

2308 5429 2362 5486 ρ.
2397 5413 2500 5470 390
2527 5413 2628 5470 ubi
2660 5413 2840 5470 habet
2866 5415 2934 5467 τὰ
2959 5414 3132 5474 πλήθη
3165 5411 3472 5486 ἑσκυλμένα.

615 5539 735 5609 (uu)
766 5537 1011 5611 Elecitet
1036 5539 1218 5612 ejecto
1261 5538 1456 5597 soluta
1481 5544 1618 5596 sunt
1639 5539 1890 5608 vincula,
1924 5539 2207 5596 intellexit
2235 5543 2430 5595 autem
2452 5541 2527 5596 et.
