4206 6310
454 370 555 432 321

1420 364 1784 429 COMMENT.
1827 370 1899 427 IN
1940 368 2387 427 ΜΑΤΤΗᾹΞΠΜ.
2427 400 2494 412 —-
2535 370 2689 425 CAP.
2732 370 2807 425 X.

3714 372 3821 425 322

462 498 702 571 μελοῦντο
756 502 854 549 τῶν
901 494 1321 571 κατερῥαγμένων
1368 496 1446 569 (1)
1498 496 1625 549 ἀλλὰ
1671 496 1858 569 μᾶλλον
1902 496 2050 549 αὐτοὶ

2195 510 2363 550 uram
2419 494 2739 556 habebant,
2794 494 2901 550 sed
2939 499 2997 549 et
3028 495 3197 567 pejus
3231 494 3345 566 ipsi
3402 491 3598 550 affecti
3642 498 3824 551 erant

464 594 638 659 χεῖρον
662 592 753 637 τοῦ
775 584 900 637 λαοῦ
933 581 1200 637 διέκειντο.

532 679 751 727 Τότε-
782 673 968 744 ὀλίγοι.
1023 676 1283 746 Θερισμόν
1340 677 1450 744 μέν,
1501 677 1657 745 ἤγουν
1709 676 1870 746 θέρος,
1911 673 2055 725 καλεί

462 771 547 815 νῦν
581 766 701 824 τούς
729 771 1012 815 πιστεύσαι
1053 762 1343 834 μέλλοντας,
1378 765 1441 822 ὡς
1472 762 1709 833 ἑτοίμους
1737 762 1807 823 εἰς
1837 766 1894 813 τὸ
1929 782 2057 833 συγ-

463 854 783 923 κομισθῆναι
837 848 929 903 διὰ
986 855 1045 902 τὸ
1112 859 1676 925 προεγκατασπαρῆναι
1736 851 1907 911 αὐτοῖς
1962 856 2056 909 τὴν

461 946 639 1011 φήμην
683 948 777 1001 τῆς
827 936 1181 1001 διδασκαλίας
1234 944 1321 992 καὶ
1380 942 1477 990 τὼν
1529 942 1802 1012 θαυμάτων
1861 940 2047 996 αὑτοῦ.

463 1030 690 1087 Ἀπῆλθε
726 1032 850 1101 γὰρ,
877 1034 1057 1099 φησὶν,
1084 1030 1115 1086 ἡ
1150 1028 1278 1087 ἀκοὴ
1308 1029 1466 1081 αὐτου
1493 1029 1561 1090 εἰς
1589 1030 1708 1087 ὅλην
1734 1034 1825 1087 τὴν
1847 1035 2055 1103 Συρίαν.

463 1118 724 1189 Ἐργάτας
754 1114 832 1181 δε,
868 1121 982 1175 ἤτοι
1019 1119 1279 1190 θεριστάς,
1302 1117 1435 1188 λέγει
1464 1121 1585 1179 τούς
1613 1120 1852 1189 μαθητὰς
1877 1118 2057 1184 αὐτοῦ,

466 1206 549 1267 οὓς
576 1206 810 1258 ἐϐούλετο
839 1206 1044 1277 πέμψαι
1066 1209 1195 1279 πρὸς
1222 1204 1547 1277 συγκομιδὴν
1572 1214 1671 1258 τῶν
1696 1210 1941 1259 τοιούτων
1970 1206 2062 1259 ἀσ-

468 1298 700 1365 ταχύων.
721 1292 837 1347 Ἰνα
865 1297 966 1366 γὰρ
993 1299 1087 1366 μὴ,
1126 1293 1490 1367 ἐπισυρόμενος
1617 1298 1681 1347 τὰ
1705 1295 1900 1362 πλήθη,
1931 1292 2058 1367 δόξῃ

473 1380 564 1436 διὰ
592 1380 742 1435 τοῦτο
772 1384 1146 1457 περιέρχεσθαι
1166 1386 1255 1443 τὰς
1280 1382 1452 1444 πόλεις
1472 1388 1561 1435 καὶ
1590 1389 1783 1455 κώμας,
1817 1382 2064 1456 ἐκπέμπει

469 1475 589 1533 τούς
616 1474 851 1543 μαθητὰς
882 1470 994 1522 ἀνθ’
1026 1471 1229 1526 ἑαυτοῦ.

539 1560 692 1612 Ἐστι
740 1556 799 1612 δε
852 1565 941 1611 καὶ
999 1560 1177 1633 ἑτέρως
1229 1560 1403 1623 εἰπεῖν,
1439 1561 1517 1611 ὃτι
1580 1563 1823 1633 θερισμὸν
1872 1564 2063 1634 εἳρηκε,

478 1646 723 1700 δεικνύων
778 1653 871 1706 τὴν
918 1647 1185 1720 εὐχέρειαν
1230 1656 1323 1708 τῆς
1367 1651 1611 1709 τοιαύτης
1650 1646 1937 1715 διακονίας,
1998 1653 2065 1712 ὡς

481 1745 570 1789 τοῦ
632 1738 859 1809 μείζονος
912 1741 1070 1788 πόνου
1153 1736 1497 1810 προλαϐόντος
1581 1742 1670 1789 καὶ
1752 1738 2067 1799 τελεσθέντος

2160 599 2345 655 quam
2377 583 2662 654 populus.

2240 669 2403 726 Vers.
2434 676 2520 728 37.
2558 674 2718 727 Tunc
2748 703 2810 711 —
2835 673 3029 741 pauci.
3075 675 3320 728 Messem
3353 672 3447 727 hic
3488 677 3660 728 vocat
3692 689 3816 739 eos,

2162 767 2265 839 qui
2288 762 2564 820 credituri
2593 766 2777 825 erant,
2826 768 3112 831 tanquam
3148 767 3385 831 paratos
3419 766 3483 816 ut
3525 761 3598 817 ad
3636 761 3820 817 ﬁdem

2163 854 2515 922 colligantur
2548 849 2725 922 :quia
2746 848 2871 919 jam
2924 848 3008 903 eis
3048 848 3442 905 disseminata
3486 856 3609 904 erat
3657 849 3824 905 fama.

2169 940 2594 998 miraculorum
2624 939 2777 1008 ejus.
2806 936 3012 992 Exierit
3041 936 3199 991 enim
3246 939 3406 1005 fama
3431 939 3575 1006 ejus,
3608 937 3819 1009 inquit,

2163 1033 2227 1086 in
2248 1032 2582 1085 universam
2603 1027 2834 1096 Syriam
2853 1026 2920 1079 ⁸⁸.
2944 1026 3292 1096 Operatores
3317 1040 3454 1079 vero
3469 1030 3571 1079 aut
3596 1041 3825 1081 messo-

2166 1136 2261 1175 res
2290 1118 2431 1173 dicit
2467 1115 2793 1187 discipulos
2820 1129 2979 1179 suos,
3012 1129 3165 1185 quos
3203 1113 3430 1167 mittere
3452 1113 3691 1171 volebat
3749 1113 3823 1168 ad

2170 1207 2376 1263 talium
2406 1205 2839 1260 collectionem.
2872 1205 2951 1258 Ne
2983 1202 3144 1257 enim
3202 1201 3387 1256 ascita
3440 1201 3825 1256 multitudine

2169 1296 2466 1351 videretur
2502 1297 2744 1365 propter
2770 1291 2885 1347 hoc
2915 1290 3228 1346 circumire
3258 1289 3525 1346 civitates
3556 1294 3612 1345 et
3643 1290 3819 1354 vicos,

2172 1383 2493 1456 discipulos
2512 1398 2621 1455 pro
2646 1397 2708 1437 se
2739 1380 2970 1437 emittit.

2245 1558 2439 1614 Potest
2459 1562 2655 1612 autem
2687 1560 2742 1611 et
2771 1554 2888 1610 alio
2916 1554 3090 1610 modo
3116 1555 3351 1625 exponi,
3379 1554 3541 1625 quod
3571 1570 3827 1610 messem

2174 1650 2403 1715 dixerit,
2455 1646 2799 1701 facilitatem
2840 1644 3156 1698 ostendens
3184 1643 3524 1712 hujusmodi
3564 1642 3829 1697 ministe-

2173 1738 2243 1793 rii
2288 1739 2537 1805 :utpote
2595 1731 2805 1801 majori
2856 1730 3060 1785 labore
3108 1734 3527 1801 praeoccupato
3577 1731 3703 1800 jam
3759 1744 3828 1785 ac

482 1827 580 1878 ὑπὸ
610 1832 708 1877 τῶν
728 1833 1020 1897 προφητῶν,
1052 1824 1120 1888 οἳ,
1147 1826 1507 1898 καθάπερτινὰ
1539 1830 2065 1898 σπίρματαπίστεως,

2195 1823 2434 1880 )erfecto
2464 1838 2496 1875 a
2525 1818 2844 1891 prophetis,
2892 1819 2995 1888 qui
3050 1823 3341 1888 tanquam
3392 1818 3622 1872 semina
3674 1832 3827 1888 qum-

480 1921 587 1975 τοῖς
626 1910 901 1975 Ἰουδαίοις
940 1916 1007 1964 τὰ
1039 1917 1156 1985 περὶ
1197 1921 1287 1964 τοῦ
1328 1920 1561 1987 Χριστοῦ
1604 1914 2065 1987 προκατεϐάλοντο,

481 2003 506 2054 ὁ
562 2007 650 2053 καὶ
706 2000 753 2054 έν
808 2008 881 2069 τῷ
948 2001 1156 2073 Ἰωάννῃ
1206 2001 1392 2072 ἔλεγεν,
1446 2003 1526 2053 ὅτι
1602 2001 1777 2055 Ἀλλοι
1825 2006 2068 2056 κεκοπιά-

481 2110 653 2159 κασιν,
728 2094 817 2141 καὶ
892 2091 1038 2161 ὑμεῖς
1121 2090 1187 2149 εἰς
1250 2092 1337 2141 τὸν
1416 2094 1574 2142 κόπον
1644 2090 1807 2143 αὐτῶν
1877 2092 2073 2149 εἰσελη-

479 2179 680 2231 λύθατε.

549 2270 804 2341 Θερισμὸν
865 2263 923 2318 δι
975 2270 1063 2318 καὶ
1120 2265 1342 2338 ἐργάτας
1394 2273 1480 2318 νῦν
1548 2267 1719 2333 εἰπὼν,
1796 2272 2073 2339 ανέμνησεν

477 2356 664 2415 αὐτούς
711 2359 802 2406 καὶ
871 2363 969 2405 τῶν
1012 2362 1102 2406 τοῦ
1154 2361 1450 2406 Βαπτιστοῦ
1496 2356 1759 2429 ῥημάτων.
1822 2361 1921 2409 Καὶ
1973 2359 2072 2429 γὰρ

478 2443 683 2514 ἐκεῖνος,
744 2449 864 2517 περὶ
925 2450 1014 2494 τοῦ
1083 2450 1319 2515 Χριστοῦ
1371 2442 1550 2513 λέγων,
1607 2448 1836 2519 γεωργὸν
1918 2445 2075 2497 αὐτὸν

482 2532 715 2605 ᾐνίξατο,
784 2534 1254 2604 προμνημονεύσας
1320 2535 1505 2596 πτύου,
1585 2538 1669 2584 καὶ
1726 2533 1933 2599 ἅλωνος,
1986 2538 2075 2585 καὶ

733 2624 824 2671 καὶ
903 2618 1129 2692 ἆχύρου,

483 2712 789 2782 προείρηται
822 2707 920 2777 (3).

555 2798 780 2853 Δεήθητε
854 2798 941 2847 τόν
1016 2798 1259 2867 θερισμὸν
1324 2795 1508 2852 αὐτοῦ.
1572 2799 1769 2870 Κύρτον
1834 2804 1925 2849 τοῦ
1992 2800 2077 2850 θε-

482 2891 679 2957 ρισμοῦ
743 2882 925 2935 ἑαυτὸν
998 2883 1152 2955 λέγει,
1226 2888 1295 2946 ὡς
1351 2885 1490 2955 αὐτῷ
1547 2885 1923 2957 φυλαττομένου
1986 2893 2078 2938 τοῦ

482 2974 722 3023 τοιούτου
798 2974 989 3044 θέρους,
1061 2976 1149 3024 καὶ
1230 2976 1358 3047 πρὸς
1432 2973 1584 3025 αύτόν
1660 2976 2080 3046 συγκομισθῆναι

486 3059 772 3131 μέλλοντος,
804 3066 893 3112 καὶ
923 3063 987 3120 ὡς
1017 3059 1253 3122 ἐξουσίαν
1292 3064 1425 3132 ἔχων
1455 3070 1547 3113 τοῦ
1598 3064 1900 3134 θερισθῆναι
1929 3063 2074 3118 αὐτὸ.

487 2624 652 2685 σίτου,
733 2624 824 2671 καὶ
903 2618 1129 2692 ἆχύρου,
1214 2621 1282 2680 ὡς
1359 2618 1407 2671 έν
1463 2627 1536 2689 τῷ
1594 2625 1750 2693 τρίτῳ
1819 2621 2076 2694 κεφαλαίῳ

2175 1913 2317 1968 dam
2376 1909 2533 1975 ﬁdei,
2583 1907 2802 1963 Judteis
2852 1921 2922 1961 ea
2950 1921 3085 1976 qua:
3134 1905 3209 1960 de
3240 1906 3468 1960 Christo
3517 1910 3685 1961 erant
3727 1920 3829 1961 au-

2177 1999 2388 2073 spicati
2418 1998 2677 2052 fuerant:
2716 1994 2880 2066 quod
2920 1994 3098 2048 etiam
3144 1993 3199 2048 in
3232 1992 3545 2064 Evangelio
3587 1993 3827 2048 Joannis

2178 2088 2413 2145 dicebat
2445 2085 2604 2141 :Alii
2649 2084 3090 2148 laboraverunt,
3123 2087 3174 2135 et
3200 2096 3292 2137 vos
3323 2082 3385 2135 in
3412 2081 3671 2138 laborem
3699 2080 3830 2137 illo-

2178 2193 2308 2232 rum
2336 2173 2620 2230 introistis
2651 2174 2725 2227 9°.

2250 2268 2490 2321 Messem
2506 2265 2787 2332 praeterea
2805 2264 2859 2314 et
2872 2258 3172 2329 operarios
3199 2257 3544 2322 nominans,
3560 2258 3830 2328 Baptistte

2178 2354 2363 2408 verba
2408 2366 2478 2407 ac
2531 2347 2879 2404 memoriam
2935 2346 3183 2401 reducit.
3247 2345 3551 2416 Siquidem
3591 2346 3705 2409 ille,
3756 2346 3831 2401 de

2180 2440 2407 2496 Christo
2433 2438 2709 2509 loquens,
2743 2434 3040 2505 agicolam
3087 2433 3254 2489 illum
3289 2433 3541 2498 induxit,
3576 2433 3726 2489 facta
3753 2435 3831 2489 vi-

2182 2528 2391 2584 delicet
2438 2524 2731 2581 mentione
2771 2523 2845 2579 de
2898 2538 3039 2578 area
3075 2522 3204 2593 ejus
3233 2525 3289 2577 et
3336 2521 3546 2585 tritico,
3605 2537 3674 2577 ac
3730 2536 3832 2593 pa-

2184 2617 2277 2673 lea
2302 2615 2422 2687 (vv)
2451 2632 2464 2669 :
2497 2613 2658 2670 velut
2682 2611 2850 2667 tertio
2874 2611 3065 2683 capite
3103 2609 3452 2681 praedictum
3493 2615 3580 2664 est
3610 2612 3651 2664 ί.

2259 2795 2417 2848 Vers.
2477 2792 2565 2847 38.
2608 2792 2829 2860 Rogale
2856 2818 2925 2827 —
2962 2802 3202 2844 messem
3241 2802 3437 2843 suam.
3504 2785 3832 2841 Dominum

2187 2882 2399 2937 messis
2432 2879 2698 2951 seipsum
2725 2880 2921 2941 vocat,
2950 2875 3039 2931 cui
3072 2874 3345 2930 videlicet
3384 2880 3695 2930 servantur
3721 2875 3837 2930 hu-

2183 2968 2449 3040 jusmodi
2506 2971 2751 3035 segetes,
2806 2970 2862 3019 et
2902 2964 2978 3018 ad
3022 2978 3203 3035 quem
3254 2961 3603 3031 colligenda:
3674 2966 3830 3026 sunt,

2188 3059 2409 3131 quique
2440 3060 2791 3128 potestatem
2817 3052 3001 3108 habet
3021 3051 3150 3106 illas
3183 3056 3416 3106 metere.
3441 3052 3661 3118 Rogate
3678 3066 3819 3119 ergo

488 3150 712 3206 Δεήθητε
744 3145 825 3215 δε,
871 3144 1027 3211 εἶπεν,
1059 3149 1165 3219 ούχ
1193 3152 1260 3210 ὡς
1298 3146 1533 3222 δεόμενος
1563 3150 1962 3223 παρακληθῆναι
1992 3152 2074 3203 ὑπ’

2195 3146 2400 3217 inquit,
2429 3159 2549 3198 non
2601 3142 2764 3214 quasi
2803 3157 2956 3211 opus
3019 3141 3067 3195 ei
3123 3140 3215 3203 sit,
3270 3144 3329 3193 ut
3369 3139 3448 3193 illi
3487 3138 3836 3194 obsecrent:

489 3238 675 3288 αὐτῶν·
727 3242 803 3296 τίς
844 3239 945 3307 γὰρ
1005 3234 1194 3288 ἐκείνου
1241 3237 1711 3311 φιλανθρωπότέρος
1741 3255 1754 3304 ;
1786 3238 1914 3291 ἀλλὰ
1960 3259 2080 3292 παι-

493 3321 653 3376 δεύων
684 3329 805 3387 τοὺς
834 3327 1088 3397 μαθητὰς,
1124 3326 1361 3378 ἱκετεύειν
1406 3330 1491 3378 τόν
1546 3331 1674 3379 Θεὸν
1718 3329 1843 3403 ὑπερ
1870 3336 1967 3381 τῶν
2002 3347 2081 3381 πε-

491 3412 652 3470 πλανη
661 3417 840 3485 μνων.

637 3560 783 3609 ΚΕΦ.
817 3553 921 3609 ΙΘ’.
965 3560 1090 3630 Περὶ
1118 3563 1213 3616 τῆς
1241 3564 1339 3607 τῶν
1384 3555 1679 3610 ἀποστόλων
1705 3558 1931 3630 ἐκλογῆς.

568 3681 764 3729 Καὶ-
802 3683 975 3748 πᾷσαν
1040 3677 1317 3750 μαλακίαν.
1378 3685 1493 3740 Πῶς
1550 3676 1657 3743 οὖν,
1714 3678 1905 3751 ὀλίγοις
1964 3679 2083 3735 οὖσι

497 3772 607 3825 τοῖς
672 3767 944 3835 μαθηταῖς,
1000 3767 1058 3818 ού
1107 3768 1397 3839 προσέθηκε
1453 3772 1542 3819 καὶ
1590 3767 1787 3842 ἑτέρους
1840 3784 1853 3835 ;
1912 3776 2085 3843 Προσ-

500 3855 677 3910 έθηκεν
716 3854 907 3923 αύτοῖς,
956 3854 1063 3907 ἀλλ’
1111 3855 1205 3907 ούκ
1259 3855 1332 3916 εἰς
1382 3854 1621 3929 ἀριθμόν,
1672 3855 1780 3909 ἀλλ’
1818 3859 1891 3920 είς
1926 3856 2086 3911 δύνα-

501 3960 606 4013 μιν.
674 3939 868 3996 Ἔδωκε
930 3946 1053 4017 γὰρ,
1112 3948 1291 4016 φησὶν,
1353 3944 1548 4011 αὐτοῖς,
1609 3943 1863 4008 ἐξουσίαν.
1927 3946 2087 4002 Ὠστε

500 4034 586 4082 καὶ
613 4029 813 4102 ὀλίγους
868 4032 946 4104 (4)
991 4029 1123 4085 εἶπεν
1180 4032 1385 4099 αὐτούς,
1442 4034 1499 4085 οὐ
1547 4034 1660 4088 κατ’
1708 4034 1928 4106 ἔλλειψιν
1986 4033 2088 4089 δυ-

499 4119 716 4189 νάμεως.
764 4118 892 4173 ἀλλὰ
928 4122 1044 4173 κατ’
1087 4120 1309 4192 ἔλλειψιν
1362 4121 1604 4196 ἀριθμοῦ.
1642 4128 1741 4176 Καὶ
1759 4127 1884 4186 τέως
1904 4124 2090 4187 αύτούς

503 4205 709 4280 ἰατρούς
757 4210 1011 4281 σωμάτων
1047 4217 1201 4262 ποιεῖ⁸
1241 4211 1370 4280 μετὰ
1411 4218 1560 4263 τοῦτο
1606 4208 1665 4264 δὲ
1694 4216 1780 4263 καὶ
1826 4216 1883 4265 τὸ
1912 4215 2089 4286 μεῖζον

498 4292 802 4366 έμτιστεύει,
862 4303 955 4355 τὴν
987 4306 1081 4349 τῶν
1129 4298 1321 4369 ψυχῶν
1356 4300 1643 4371 θεραπείαν,
1680 4300 1979 4361 Ἐξέϐαλλον
2013 4306 2090 4375 (5)

499 4379 533 4435 δ
537 4386 559 4435 ι
587 4385 652 4436 τά
676 4380 944 4456 δαιμόνια,
972 4391 1062 4438 καί
1090 4386 1237 4438 ἰῶντο
1266 4388 1353 4447 τὰς
1380 4392 1563 4449 νόσους
1586 4388 1634 4440 έν
1655 4396 1726 4459 τῷ
1758 4389 1972 4463 ὀνόματι
2000 4399 2092 4445 τοῦ

498 4479 757 4544 Χριστοῦ.

567 4567 681 4613 Τῶν
732 4558 791 4614 δὲ
844 4559 1055 4617 δώδεκα
1100 4592 1167 4605 -
1200 4563 1385 4621 αὐτοῦ.
1438 4561 1647 4624 Ἐπειδὴ
1713 4571 1832 4641 περὶ
1896 4571 2093 4644 Πέτρου

572 4737 621 4774 ⁸⁸
652 4738 854 4795 Matth.
883 4756 958 4809 iv,
995 4742 1082 4796 24.

2189 3234 2322 3305 quis
2345 3233 2496 3287 enim
2528 3230 2804 3285 homines
2837 3227 3028 3296 magis
3056 3232 3221 3283 amat
3246 3226 3573 3297 quamipse
3598 3224 3627 3279 ?
3648 3227 3752 3281 sed
3779 3235 3841 3281 ut

2190 3318 2512 3391 discipulos
2568 3318 2835 3383 instruat,
2886 3322 2951 3371 ut
2999 3318 3181 3371 Deum
3213 3330 3323 3387 pro
3378 3314 3711 3369 errantibus
3742 3313 3843 3371 de-

2191 3411 2525 3482 precentur.

2404 3550 2557 3606 CAP.
2580 3550 2713 3605 XIX.
2752 3549 2837 3605 De
2879 3546 3283 3617 apostolorum
3334 3545 3625 3602 electione.

2266 3682 2421 3739 CAP.
2451 3684 2512 3737 X.
2537 3696 2690 3737 vers.
2726 3681 2776 3735 1.
2808 3680 2975 3735 Et—
3000 3694 3222 3735 omnem
3282 3680 3632 3748 languorem.
3692 3678 3845 3742 Quo-

2194 3770 2376 3826 modo
2396 3784 2539 3839 ergo
2568 3784 2705 3824 cum
2736 3767 2909 3840 pauci
2937 3772 3131 3822 essent
3159 3767 3448 3838 discipuli,
3472 3782 3589 3821 non
3619 3766 3848 3821 addidit

2195 3860 2371 3917 etiam
2441 3858 2790 3929 dignitatem
2834 3858 2967 3929 (xx)
2998 3858 3027 3911 Ἰ
3059 3855 3294 3911 Addidit
3347 3854 3551 3927 utique
3609 3854 3720 3909 illis
3749 3872 3762 3922 ;
3789 3858 3849 3910 at

2195 3963 2313 4005 non
2348 3948 2406 4002 in
2432 3962 2699 4011 numero,
2733 3945 2838 4001 sed
2873 3946 2932 4000 in
2973 3946 3202 4000 virtute.
3257 3943 3444 4008 Dedit,
3504 3944 3709 4013 inquit,
3766 3944 3849 3997 eis

2194 4043 2553 4107 potestatem,
2587 4035 2668 4090 ita
2694 4038 2757 4089 ut
2781 4049 3003 4105 paucos
3051 4033 3222 4088 etiam
3254 4033 3466 4088 dixerit
3513 4031 3668 4095 illos,
3728 4046 3850 4086 non

2198 4125 2521 4181 secundum
2553 4122 2850 4180 defectum
2875 4121 3129 4187 virtutis,
3163 4121 3267 4176 sed
3301 4121 3555 4176 numeri.
3584 4119 3851 4175 Primum

2200 4229 2342 4283 ergo
2354 4212 2658 4269 constituit
2682 4227 2784 4267 eos
2800 4211 3063 4266 medicos
3082 4225 3424 4281 corporum.
3443 4209 3851 4281 postmodum,

2202 4302 2361 4375 quod
2394 4302 2589 4371 majus
2620 4307 2725 4365 est,
2758 4300 2936 4355 etiam
2969 4299 3287 4355 committit
3326 4314 3554 4362 curam,
3589 4297 3857 4354 videlicet

2204 4392 2564 4447 animarum.
2600 4387 2921 4459 Ejiciebant
2955 4393 3152 4443 autem
3184 4387 3485 4444 daemonia
3523 4391 3579 4442 et
3606 4387 3855 4443 morbos

2125 4505 2173 4561 D
2204 4480 2497 4536 curabant
2532 4492 2637 4549 per
2660 4493 2882 4533 nomen
2912 4476 3143 4532 Christi.

2276 4567 2442 4625 Vers.
2468 4572 2520 4623 2.
2553 4566 2858 4625 Duodecim
2888 4573 3085 4624 autem
3112 4597 3179 4608 —
3217 4565 3361 4635 ejus.
3392 4566 3542 4633 Quia
3570 4567 3645 4623 de
3686 4567 3857 4624 Petro

1178 4742 1226 4777 ’9
1256 4742 1431 4798 Joan.
1474 4758 1545 4809 iv,
1570 4742 1660 4798 38.
1737 4744 1755 4779 ί
1787 4744 1989 4801 Matth.
2017 4761 2100 4811 tu,
2146 4750 2233 4802 l2.

1699 4866 1932 4937 Varim
1973 4868 2301 4938 lectiones
2342 4876 2407 4937 et
2446 4878 2658 4938 notae.

696 5004 806 5089 §ic,
840 5019 959 5089 non
985 5003 1417 5089 κατιρῥιμμένων,
1448 5010 1620 5063 recte.

697 5080 1060 5149 ἐπισυρόμενα,
1102 5080 1165 5133 Β.

700 5146 925 5219 εἴρηται,

599 5080 631 5128 2

576 5076 656 5286 ξξ
697 5076 1060 5149 έπισυρόμενα,
1102 5076 1165 5133 Β.
1195 5076 1205 5080 ⁷
1236 5076 1246 5079 “

604 5150 631 5200 3
700 5146 924 5219 εἴρηται,
953 5151 1018 5202 Α.

576 5220 632 5292 ,4
695 5220 817 5272 Non
843 5218 1196 5292 Euthymius
1232 5219 1447 5292 solum.
1484 5219 1589 5274 sed
1622 5218 2103 5292 Theophylactus

710 5305 760 5359 p.
795 5291 859 5345 51
895 5292 954 5352 C,
983 5289 1057 5345 de
1084 5290 1375 5345 vocabulo
1403 5289 1565 5361 ὀλίγοι
1596 5289 2103 5349 ωοηθίιῑ.’Νθεοὶο

511 5361 913 5432 tamen,quam
938 5361 1017 5416 ob
1030 5376 1437 5426 causam,cum
1452 5361 1511 5417 in
1528 5369 1687 5418 textu
1704 5379 1823 5419 non
1854 5365 2105 5437 reperia-

509 5286 676 5342 etiam

583 5534 698 5680 Evn)
740 5537 820 5592 De
851 5536 1196 5601 ventilabro,
1226 5554 1384 5604 area,
1408 5539 1615 5595 tritico.

606 5609 712 5680 xx)
755 5608 954 5667 Etiam
992 5610 1344 5680 dignitatem.
1385 5611 1569 5667 Etiam
1601 5628 1615 5669 ι

606 5609 712 5682 xx)
755 5608 954 5667 Etiam
992 5610 1344 5681 dignitatem.
1385 5611 1569 5667 Etiam
1601 5610 1773 5670 alios.
1812 5613 1977 5669 Forte
1999 5629 2108 5687 pro

2202 5015 2314 5066 tur.
2346 5010 2635 5066 Videntur
2665 5024 2805 5079 ergo
2831 5007 3117 5080 respicere
3147 5007 3352 5064 Matth.
3380 5023 3460 5078 ix,
3487 5009 3577 5065 37.
3616 5010 3741 5075 Quo
3772 5027 3865 5068 ar-

2206 5088 2484 5147 gumento
2506 5098 2641 5136 vero
2673 5087 2867 5136 motus
2889 5081 3352 5151 Chrysostomus
3376 5081 3657 5137 Jacobum
3688 5081 3861 5151 [tom.

2206 5153 2318 5224 VII.
2370 5168 2430 5223 p,
2479 5153 2582 5208 359
2631 5152 2692 5224 B]
2763 5152 2986 5209 τελώνην
3024 5151 3281 5224 appellet
3348 5153 3576 5222 ignoro.
3667 5151 3865 5221 Forte,

2257 5223 2355 5279 uia
2375 5224 2551 5278 frater
2568 5223 2821 5279 Matthasi
2840 5227 2983 5279 erat.
3009 5223 3497 5294 Chrysostomum
3514 5228 3755 5281 secutus
3778 5231 3871 5283 est

2258 5294 2453 5367 hotius
2480 5294 2778 5367 inCatena
2812 5295 3032 5351 Possini
3053 5295 3131 5350 ad
3152 5296 3320 5351 Marc.
3356 5297 3530 5367 p.50.

2282 5365 2360 5437 (5)
2388 5364 2639 5438 ἐξέϐαλον,
2675 5370 2742 5421 Α.

2215 5545 2419 5677 ἓέἐρους
2447 5544 2753 5617 legebatur
2797 5544 3000 5617 ᾶλλόυς,
3034 5560 3065 5601 e
3093 5560 3215 5618 quo
3257 5543 3473 5602 deinde
3511 5544 3738 5603 factum
3783 5546 3872 5601 est

2219 5635 2251 5667 α
2286 5636 2391 5672 ιαν.

2219 5635 2365 5672 αςιαν
2380 5661 2391 5672 .
