4206 6310
431 317 537 371 323
1755 299 2098 360 EUTHYMII
2139 298 2469 358 ZIGABENI
2848 251 2853 255 I
3681 303 3786 364 324

433 445 491 497 et
537 439 787 505 Andrea,
831 435 1055 491 Jacobo
1103 436 1158 490 et
1199 435 1424 488 Joanne
1446 447 1515 486 ac
1555 429 1747 501 seipso
1814 429 1876 484 in
1931 445 2080 500 prie-

2124 433 2154 483 Ᾱ
2193 430 2301 498 μὲν,
2350 433 2440 480 καὶ
2485 425 2756 503 Ἀνδρὲου,
2815 435 2903 482 καὶ
2951 429 3221 498 Ἰακώϐου,
3265 433 3354 482 καὶ
3403 430 3658 498 Ἰωάννου,
3693 438 3785 485 καὶ

435 527 778 585 cedentibus
810 525 1030 585 docuit,
1065 521 1230 594 quod
1268 520 1455 575 secuti
1497 518 1707 574 fuerint
1764 517 2076 582 Christum,

2191 516 2369 568 ἑαυτοῦ
2446 517 2714 589 προλαϐὼν
2783 515 3044 584 ἐδιδαξεν,
3124 520 3202 570 ὅτι
3274 519 3637 577 ἠκολούθησαν
3710 530 3783 590 τῷ

432 619 506 674 de
532 616 658 672 aliis
710 630 848 670 vero
907 610 1052 667 nihil
1108 608 1414 664 manifeste
1461 607 1714 678 scripsit,
1770 621 1926 662 nunc
1956 605 2082 662 illo-

2191 613 2426 679 Χριστῷ,
2456 611 2569 678 περὶ
2613 603 2671 658 δὲ
2719 615 2818 658 τών
2849 607 3009 658 σῦλων
3039 604 3188 658 οὐδέν
3240 626 3291 658 τι
3323 612 3533 682 φανερὸν
3564 608 3778 682 ἔγραψε·

429 723 563 762 rum
583 720 823 777 quoque
851 701 1098 757 nomina
1124 700 1406 761 recenset,
1434 701 1496 750 ut
1524 712 1591 750 ea
1619 710 2078 764 cognoscamus,

2190 700 2277 744 νύν
2316 693 2584 764 καταλέγει
2628 700 2716 746 καὶ
2778 698 2841 745 τὰ
2888 697 3080 746 τούτων
3137 695 3381 766 ὀνόματα,
3426 697 3508 746 ἱνα
3555 715 3608 748 τε
3653 717 3784 767 ’γνω-

430 799 486 850 et
510 810 546 850 a
572 793 736 850 falsis
766 790 1046 863 apostolis
1088 785 1480 860 dijudicemus
1524 803 1537 851 ;
1569 784 1738 838 multi
1772 784 1932 839 enim
1960 782 2084 840 fue-

2191 782 2412 854 ρίζωμεν
2469 783 2675 847 αύτούς,
2724 788 2814 836 καὶ
2867 785 2949 834 ἶνα
3001 780 3344 857 διακρίνωμεν
3410 787 3620 845 τούτους
3682 784 3783 838 ἀπὸ

430 888 564 938 runt
586 877 1056 953 pseudapostoli.
1089 879 1207 932 Hoc
1247 879 1445 930 autem
1475 877 1532 928 et
1560 873 1793 927 Marcus
1813 877 1870 926 et
1897 873 2081 927 Lucas

2192 879 2290 922 τῶν
2338 868 2798 941 ψευδαποστόλων.
2856 873 3106 944 Ἐγένοντο
3179 876 3276 946 γὰρ
3334 871 3511 924 πολλοὶ
3581 871 3783 944 ψευδα-

431 970 720 1026 fecerunt.
2191 958 2464 1015 πόστολοι.
2518 966 2678 1012 Τοῦτο
2729 957 2788 1013 δὲ
2844 965 2933 1012 καὶ
2981 962 3192 1034 Μάρκος
3238 964 3326 1012 καὶ
3357 967 3566 1023 Λουκᾶς
3597 981 3780 1014 πεποι-

2194 1065 2378 1104 ηκασι.

508 1146 776 1202 Primum
831 1158 971 1199 vero
1017 1141 1167 1197 dixit
1215 1141 1470 1209 Petrum,
1528 1152 1648 1193 non
1707 1135 1903 1191 solum
1955 1139 2085 1190 tan-

2267 1142 2474 1209 Πρῶτον
2505 1133 2564 1189 δὲ
2605 1140 2690 1189 τόν
2718 1140 2907 1209 Πέτρον
2935 1138 3090 1204 εἶπεν,
3141 1137 3200 1188 ού
3254 1139 3406 1208 μόνον
3455 1140 3519 1198 ὡς
3552 1138 3787 1210 πρεσϐύ-

435 1251 623 1308 quam
672 1233 902 1288 Andrea
931 1231 1110 1286 fratre
1140 1245 1248 1284 suo
1309 1231 1456 1282 natu
1509 1226 1818 1295 majorem,
1875 1239 2083 1279 verum

2193 1243 2336 1297 τερον
2395 1221 2642 1295 Ἀνδρέου
2695 1233 2788 1276 τοῦ
2842 1221 3066 1296 ἀδελφοῦ
3137 1226 3317 1294 αὐτοῦ,
3377 1225 3505 1277 ἀλλά
3571 1231 3661 1278 καὶ
3719 1230 3790 1288 ὡς

435 1325 613 1380 etiam
645 1329 930 1392 tanquam
970 1319 1196 1375 cmteris
1239 1316 1523 1372 omnibus
1559 1313 1836 1369 ﬁrmitate
1893 1313 2082 1368 excel-

2193 1315 2397 1365 πάντων
2495 1310 2873 1387 διαφορώτερον
2923 1312 3005 1365 ἐπὶ
3073 1315 3430 1386 σταθερότητι.
3522 1317 3608 1366 Διὸ
3697 1319 3789 1368 καὶ

437 1413 764 1469 lentiorem.
803 1409 942 1464 Ideo
985 1409 1159 1463 etiam
1209 1421 1425 1460 nomen
1482 1406 1681 1457 Petrus
1724 1403 1773 1457 ei
1813 1401 2082 1458 Christus

2194 1404 2219 1454 6
2293 1405 2539 1474 Χριστὸς,
2607 1406 2796 1474 Πέτρον
2866 1401 3020 1453 αὐτὸν
3092 1403 3368 1473 ὀνομάσας,
3434 1400 3589 1455 πῖπτεν·
3669 1404 3789 1456 Ἐπὶ

434 1502 759 1572 imponens,
787 1498 934 1554 dixit
966 1497 1183 1567 :Super
1213 1495 1359 1550 hanc
1386 1499 1612 1563 petram
1655 1492 1947 1560 aediﬁcabo
1974 1491 2088 1547 Ec-

2192 1493 2351 1562 ταύτη
2442 1498 2504 1562 τῇ
2595 1493 2758 1562 πέτρᾳ
2848 1487 3186 1562 οἰκοδομήσω
3282 1509 3381 1562 μου
3476 1496 3571 1549 τὴν
3671 1493 3787 1546 Ἐκ-

435 1589 656 1645 ctesiam
684 1602 866 1642 meam
899 1588 942 1638 ².

774 1602 866 1642 am
899 1588 942 1638 ².
2195 1579 2288 1637 κλη
2300 1585 2435 1632 σὶαν.

509 1679 699 1742 Quare
729 1680 927 1730 autem
987 1670 1217 1728 addidit
1249 1685 1260 1724 :
1294 1669 1388 1740 qui
1415 1668 1634 1723 dicitur
1661 1668 1867 1722 Petrus
1896 1667 1924 1720 ?
1955 1668 2084 1722 Om-

2269 1673 2415 1720 Διατί
2477 1663 2536 1718 δέ
2609 1668 2948 1740 προσέθηκεν,
3009 1668 3088 1718 ὅτι
3139 1667 3164 1717 6
3213 1666 3476 1738 λεγόμενος
3548 1672 3787 1741 Πέτρος;

437 1767 581 1822 nino
595 1769 660 1820 ut
687 1763 1004 1827 discamus,
1033 1759 1197 1832 quod
1226 1758 1430 1813 Simon
1451 1756 1712 1826 primum
1733 1755 2086 1811 nominaba-

2128 1767 2162 1821 Β
2198 1758 2402 1815 Πάντως
2461 1757 2544 1806 ἵνα
2593 1757 2856 1827 μάθωμεν,
2911 1756 2990 1806 ὅτι
3043 1773 3098 1806 τε
3141 1762 3309 1826 Σιμων
3339 1755 3631 1827 ὠνομάζετο
3659 1762 3789 1832 πρό-

437 1857 532 1909 tur
566 1869 578 1906 :
612 1857 666 1907 et
689 1858 749 1906 ut
777 1866 912 1905 eum
943 1848 1021 1904 ab
1043 1847 1222 1902 altero
1252 1845 1490 1900 Simone
1512 1843 2086 1913 distinguamus,qui

2195 1864 2356 1917 τιρον,
2390 1849 2479 1896 καὶ
2532 1845 2614 1895 ἶνα
2671 1841 2942 1915 διαστείλη
2997 1850 3177 1894 τοῦτον
3210 1841 3310 1895 ἀπὸ
3361 1850 3454 1896 τοῦ
3504 1844 3676 1918 ἑτέρου
3705 1855 3790 1899 Σι-

440 1940 890 2012 cognominatur
927 1937 1314 1992 Chananaeus.

2196 1952 2379 2004 μωνος,
2411 1939 2500 1984 τού
2523 1935 3030 2006 προσαγορευομένου
3056 1935 3359 1983 Κανανίτου.

515 2027 673 2082 Vers.
703 2030 755 2078 2.
789 2024 1028 2080 Jacobus
1050 2053 1116 2064 --
1145 2023 1330 2077 frater
1358 2023 1504 2091 ejus.
1538 2019 1824 2076 Jacobum
1856 2034 2089 2091 praepo-

2271 2020 2512 2081 Ἰάκωϐος
2537 2051 2604 2064 --
2630 2021 2655 2070 6
2683 2017 2900 2090 ἀδελφὸς
2931 2019 3113 2073 αὐτοῦ.
3143 2019 3394 2090 Προέταξε
3415 2024 3500 2072 τὸν
3521 2020 3789 2092 Ἰάκωϐον,

443 2116 578 2179 suit,
613 2119 811 2184 utpote
858 2113 1087 2168 Joanne
1135 2115 1279 2166 natu
1338 2110 1827 2180 majorem;nam
1875 2107 2088 2163 virtute

2197 2112 2264 2169 ὡς
2294 2116 2385 2160 τοῦ
2424 2108 2660 2161 Ἰωάννου
2690 2106 3209 2182 πρεσϐυγενέστερον.
3249 2109 3372 2161 Κατ’
3414 2107 3600 2184 ἀρετὴν
3629 2115 3730 2187 γὰρ
3763 2115 3787 2164 6

440 2203 701 2259 Joannes
723 2200 1116 2272 praecellebat.

1025 2204 1116 2254 »ἃῒη
2197 2199 2438 2256 Ἰωάννης
2469 2193 2686 2268 διέφερε.

513 2291 674 2347 Vers.
723 2293 779 2345 3.
835 2288 1152 2357 Philippus
1208 2315 1274 2328 --
1328 2285 1774 2342 Barthotomau
1835 2283 1898 2338 Hi
1955 2285 2092 2354 post

2269 2285 2516 2344 Φίλιππός
2545 2315 2612 2324 —
2640 2283 3038 2357 Βαρθολομαῖος·
3070 2285 3230 2337 Οὗτοι
3260 2288 3387 2357 μετὰ
3415 2289 3539 2347 τοὺς
3565 2287 3778 2362 προρῤη-

438 2379 752 2453 praedictos
783 2377 1074 2433 Christum
1097 2374 1277 2431 secuti
1302 2377 1442 2430 sunt
1469 2390 1483 2440 ;
1510 2373 1644 2429 ideo
1671 2374 1850 2429 etiam
1869 2371 1984 2428 hoc
2004 2386 2090 2426 or-

2199 2376 2372 2434 θέντας
2400 2372 2759 2432 ἠκολούθησαν
2787 2380 2859 2444 τῷ
2889 2381 3126 2448 Χριστῷ.
3167 2377 3255 2426 Διό
3285 2379 3373 2427 καὶ
3405 2374 3574 2439 οὕτως
3602 2375 3777 2448 ἔτάγη-

440 2468 574 2524 diue
591 2469 993 2523 numerantur.
2201 2482 2318 2516 σαν.

511 2558 671 2610 Vers.
704 2555 756 2609 3.
789 2554 1031 2609 Thomas
1062 2583 1127 2592 —
1149 2551 1522 2620 publicanus.
1544 2547 1777 2604 Marcus
1817 2550 1874 2603 et
1904 2547 2090 2602 Lucas

2273 2557 2464 2622 Θωμᾶς
2496 2581 2560 2590 -
2591 2549 2827 2611 τελώνης.
2859 2551 3070 2624 Μάρκος
3096 2553 3185 2622 μὲν
3209 2555 3296 2604 καὶ
3333 2557 3535 2613 Λουκᾶς
3559 2557 3647 2605 τὸν
3678 2562 3787 2608 Μα-

439 2645 777 2700 Matthaeum
818 2642 1057 2696 Thomas
1080 2642 1530 2710 praeposuerunt
1561 2639 1604 2701 ³,
1637 2641 1926 2707 tanquam
1949 2638 2087 2690 ante

2201 2643 2376 2692 τθαῖον
2406 2640 2771 2712 προτεθείκασι
2806 2645 2896 2690 τοῦ
2951 2644 3134 2710 Θωμᾶ,
3191 2641 3260 2702 ὡς
3308 2643 3402 2714 πρὸ
3429 2640 3585 2692 αὐτοῦ
3608 2643 3782 2712 μαθη-

439 2746 579 2785 eum
617 2729 890 2784 effectum
918 2727 1272 2797 discipulum
1306 2742 1320 2783 ς
1356 2725 1663 2779 Matthaeus
1691 2738 1831 2778 vero
1873 2722 1970 2777 hic
2002 2737 2089 2777 se-

2201 2730 2459 2780 τευθέντα·
2495 2727 2757 2785 Ματθαῖος
2812 2722 2870 2778 δὲ
2903 2733 2991 2778 νῦν
3055 2736 3426 2800 μετριοςορονών
3471 2727 3779 2780 ύπεϐὶϐασεν

441 2819 639 2889 ipsum
668 2814 973 2871 modestiae
1011 2829 1195 2869 causa
1215 2812 1449 2881 dejecit.
1506 2815 1652 2866 Nam
1683 2810 1864 2866 etiam
1901 2808 2089 2881 publi-

2203 2816 2399 2879 ἑαυτὸν,
2433 2813 2538 2866 ἐπεὶ
2566 2819 2656 2866 καὶ
2694 2814 2846 2866 πάλιν
2875 2814 3091 2873 τελώνην
3122 2815 3298 2869 ἑαυτὸν
3329 2815 3576 2882 ἐκάλεσεν,
3615 2817 3684 2878 εἰς
3711 2817 3781 2869 οἰ-

442 2921 663 2960 canum
691 2918 821 2958 sese
851 2917 1086 2956 rursum
1126 2900 1185 2955 in
1221 2899 1530 2972 proprium
1557 2904 1958 2970 contemptum
1994 2914 2094 2970 ap-

1067 2917 1086 2955 ι
1126 2900 1185 2955 in
1221 2899 1530 2972 proprium
1557 2904 1958 2970 contemptum
1994 2914 2094 2970 ap-
2203 2907 2342 2956 κείαν
2372 2899 2728 2965 ἐξουδένωσιν.

441 2993 704 3065 pellavit.

514 3083 671 3135 Vers.
705 3083 762 3135 3.
797 3077 1056 3165 Jacobus
1085 3074 1446 3165 rThaddazus.
1482 3073 1742 3130 Jacobus
1789 3074 1885 3130 hic
1915 3075 2095 3165 frater
2127 3109 2166 3165 C

2130 3109 2166 3165 Ο
2277 3079 2519 3140 Ἰάκωϐος
2567 3109 2627 3122 ς
2664 3075 2960 3141 Θαδδαῖος.
3007 3080 3166 3140 Οὗτος
3213 3081 3239 3132 6
3288 3081 3524 3143 Ἰάκωϐος
3578 3079 3791 3155 ἁδελφὸς

441 3173 563 3226 erat
600 3165 852 3222 Matthaei
896 3188 906 3230 ;
943 3163 1233 3236 siquidem
1262 3163 1561 3218 Matthaaus
1599 3179 1839 3235 quoque
1867 3163 2095 3234 Alphaei

2140 3163 2152 3165 ἡ
2207 3166 2266 3227 ἦν
2311 3176 2402 3220 τοῦ
2441 3170 2733 3222 Ματθαίου.
2801 3173 2895 3221 Κοὶ
2940 3170 3041 3240 γὰρ
3085 3168 3161 3240 (6)
3212 3170 3237 3221 6
3285 3171 3542 3232 Ματθαῖος
3593 3173 3704 3234 υἱὸς
3736 3170 3793 3231 ἧν

439 3257 598 3313 ﬁlius
628 3263 764 3322 erat,
796 3269 919 3310 non
949 3252 1142 3308 solum
1173 3252 1359 3308 dictus
1386 3252 1711 3317 Mattheus,
1740 3251 1844 3306 sed
1862 3258 1918 3308 et
1939 3253 2092 3318 Levi,

2204 3264 2296 3308 τοῦ
2346 3256 2614 3329 Ἀλφαίου,
2699 3256 2758 3308 ού
2813 3260 2963 3328 μόνον
3001 3259 3254 3322 Ματθαῖς,
3311 3257 3439 3311 ἀλλὰ
3499 3266 3586 3313 καὶ
3641 3265 3795 3324 Λευῖς

449 3345 628 3407 Vidit,
671 3343 880 3414 inquit,
913 3343 1060 3396 Levi
1080 3341 1265 3412 ﬁlium
1295 3340 1527 3408 Alphaei
1553 3340 1837 3396 sedentem
1866 3341 1928 3396 in
1953 3343 2098 3397 telo-

2207 3347 2594 3418 ὀνομαζὸμενος.
2649 3341 2772 3398 Εἶδε
2817 3347 2940 3417 γὰρ,
2985 3351 3136 3417 φησὶ,
3191 3349 3365 3411 Λευὶν,
3423 3350 3511 3399 τὸν
3558 3356 3649 3401 τοῦ
3685 3350 3796 3402 Ἀλ-

441 3434 541 3488 nio
571 3433 614 3488 ‘.
650 3434 834 3486 Lucas
876 3445 1013 3484 vero
1057 3428 1189 3483 loco
1239 3428 1384 3496 ejus,
1443 3427 1548 3498 qui
1604 3427 1697 3482 hic
1757 3427 2095 3482 Thaddeeus

2207 3437 2381 3505 φαίου,
2437 3435 2722 3504 καθήμενον
2794 3431 2876 3485 ἐπὶ
2919 3437 2976 3485 τὸ
3034 3434 3288 3492 τελώνιον,
3352 3433 3411 3487 ⁸0
3459 3433 3519 3488 δέ
3567 3442 3791 3505 Λουκᾶς,

443 3520 678 3587 dicitur,
711 3519 1009 3573 Simonem
1057 3516 1291 3570 Zeloten
1330 3514 1456 3568 sive
1498 3514 1902 3569 Chananaeum
1944 3516 2099 3570 ordi-

2209 3520 2322 3574 ἀντὶ
2376 3523 2464 3593 μὲν
2517 3529 2608 3573 τού
2659 3517 2957 3586 Θαδδαίου,
3011 3529 3097 3572 νύν
3150 3527 3350 3594 Σίμωνα
3397 3527 3483 3576 τὸν
3529 3525 3790 3595 Ζηὶωτὴν,

443 3607 897 3664 Πᾶν1ί⁵.Ροεῐθδ.
923 3609 1117 3658 autem
1163 3601 1529 3659 Thaddaeum
1588 3602 1894 3673 conjunxit
1932 3603 2098 3659 ludas

2210 3612 2332 3670 ἧτσι
2359 3613 2444 3661 τὸν
2477 3613 2764 3666 Κανανίτην
2791 3609 2960 3672 ἔταξεν
2996 3626 3009 3638 °
3041 3611 3255 3685 ὕστερον
3304 3609 3363 3664 δὲ
3391 3615 3476 3665 τὸν
3521 3610 3792 3667 Θαδδαῖον

444 3693 724 3770 iscarioti,
777 3697 830 3750 et
885 3693 1047 3748 hunc
1107 3691 1328 3747 Judam
1405 3691 1740 3747 nominavit
1794 3708 1806 3746 :
1857 3692 2096 3756 Iudam,

2212 3698 2506 3760 συνέζευξεν
2551 3693 2725 3768 Ἰούδᾳ
2775 3706 2846 3768 τῷ
2901 3697 3232 3770 Ἰσκαριωτῃ,
3275 3698 3482 3754 Ἰούδαν
3542 3706 3632 3754 καὶ
3673 3710 3793 3755 τοῦ-

443 3769 655 3856 inquit,
694 3782 898 3839 Jacobi
927 3783 968 3846 ⁸,
1002 3784 1058 3836 et
1106 3780 1324 3836 Judam
1368 3779 1730 3835 Iscariotem.
1783 3780 2101 3852 Conjungit

2209 3805 2296 3839 τον
2319 3785 2566 3847 καλέσας.
2609 3782 2810 3839 Ἰούδαν
2846 3787 2970 3861 γὰρ,
2999 3769 3456 3858 φησὶνξἸακώϐου
3479 3795 3567 3843 καὶ
3593 3788 3796 3844 Ἰούδαν

445 3877 644 3930 autem
667 3871 775 3926 hos
815 3874 1056 3943 propter
1087 3869 1401 3924 nominum
1430 3866 1897 3924 similitudinem.

2214 3877 2571 3948 Ἰσκαριώτην.
2639 3873 2908 3936 Συνέζευξε
2953 3870 3012 3926 δὲ
3060 3878 3268 3937 τούτους
3317 3875 3412 3931 διὰ
3463 3883 3556 3937 τὴν
3603 3881 3798 3952 ὁμωνυ-

2254 3967 2332 4016 ίαν
2341 4002 2352 4018 .

522 4051 645 4103 Duo
689 4049 886 4118 itaque
926 4045 1131 4099 Simon
1185 4041 1578 4098 dicebantur:
1613 4041 1838 4108 Simon,
1871 4043 1970 4114 qui
2004 4059 2103 4099 vo-

2254 3985 2352 4018 ιαν.

2210 3985 2248 4036 μ
2284 4050 2446 4103 Ὠστε
2477 4047 2574 4104 δύο
2602 4053 2692 4123 μὲν
2736 4046 2870 4109 ἦσαν
2917 4055 3133 4123 Σίμωνες
3173 4068 3186 4081 ⁶
3233 4057 3398 4126 Σίμων
3456 4056 3481 4106 6
3537 4054 3801 4129 λεγόμενος

461 4136 711 4192 cabatur
759 4134 985 4196 Petrus,
1029 4135 1085 4185 et
1115 4131 1316 4186 Simon
1364 4129 1606 4195 Zelotes,
1645 4129 1747 4201 qui
1788 4136 1843 4186 et
1881 4129 2105 4188 Chana-

2216 4143 2422 4212 Πέτρος,
2480 4145 2570 4191 καὶ
2630 4143 2795 4211 Σίμων
2856 4140 2882 4190 6
2941 4139 3202 4207 Ζηλωτης,
3249 4143 3274 4193 6
3333 4146 3424 4194 καὶ
3490 4149 3800 4206 Κανανὶτης·

449 4239 635 4278 naeus.
702 4225 827 4276 Duo
885 4218 1152 4274 similiter
1213 4232 1434 4272 nomen
1498 4216 1813 4285 habebant,
1849 4221 2103 4276 Jacobus

2217 4223 2302 4280 δίο
2368 4225 2425 4280 δὲ
2487 4226 2723 4280 Ἰάκωϐοι
2776 4245 2789 4260 ·
2834 4227 3076 4291 Ἰάκωϐος
3135 4231 3160 4280 6
3211 4237 3302 4282 τοῦ
3352 4229 3652 4298 Ζεϐεδαίου,
3715 4237 3803 4286 καὶ

449 4317 608 4382 puta,
645 4309 897 4364 Jacobus
948 4307 1100 4362 ﬁlius
1149 4305 1436 4374 Zebedaai,
1468 4309 1524 4362 et
1553 4305 1811 4362 Jacobns
1875 4308 2103 4379 Alphaei

2216 4315 2474 4381 Ἰάκώϐος,
2533 4317 2557 4366 6
2623 4324 2714 4366 τού
2779 4315 3032 4387 Λλφαίου·
3093 4314 3189 4370 δύο
3245 4315 3552 4374 δὲἸοῦδαι·
3605 4319 3804 4383 Ἰούδας

448 4398 628 4454 ﬁlius.
653 4400 776 4452 Duo
807 4411 1042 4467 quoque
1067 4395 1095 4449 J
1105 4395 1252 4451 udas
1279 4394 1650 4463 dicebantur,
1674 4395 1857 4452 Judas
1878 4398 2100 4464 Jacobi,

2144 4449 2180 4503 D
2217 4407 2242 4456 6
2285 4403 2599 4469 Ἰακώϐου,ὀ
2639 4407 2728 4455 καὶ
2757 4403 2975 4465 Λεϐαῖος
2999 4410 3088 4457 καὶ
3136 4404 3430 4476 Θαδδαῖος,
3461 4415 3552 4462 καὶ
3609 4407 3805 4472 Ἰούδας

451 4485 556 4559 qui
585 4491 638 4542 et
667 4485 907 4540 Lebaaus
958 4490 1014 4540 et
1064 4483 1398 4538 Thaddaeus
1451 4488 1507 4539 et
1542 4483 1725 4540 Judas
1779 4484 2102 4542 Iscariotes.

2145 4483 2179 4503 υ
2217 4495 2242 4546 ὁ
2282 4493 2638 4567 Ἰσκαριώτης.
2673 4497 2774 4544 Καὶ
2821 4489 2914 4544 διὰ
2942 4496 3033 4555 τὰς
3075 4494 3363 4567 ὁμωνυμίας
3416 4497 3596 4550 λοιπὸν
3645 4517 3806 4572 προσ-

451 4573 672 4631 Verum
710 4578 953 4647 propter
997 4573 1308 4630 nominum
1376 4571 1794 4629 similitudines
1876 4575 2108 4632 addunt

2216 4583 2448 4633 τιθέασιν
2492 4583 2541 4632 οἱ
2592 4579 2956 4652 εύαγγελισταὶ
2985 4588 3073 4634 καὶ
3103 4583 3248 4656 ἕτερα
3293 4591 3635 4659 γνωρίσματα
3677 4571 3805 4662 πρὸς

452 4663 834 4734 evangelista
873 4667 930 4719 et
976 4661 1096 4719 alia
1133 4660 1489 4731 cognitionis
1518 4660 1740 4718 indicia
1793 4661 1872 4718 ad
1904 4662 2108 4718 distin-

1052 4677 1096 4719 a
1133 4660 1489 4731 cognitionis
1518 4660 1740 4718 indicia
1793 4661 1872 4718 ad
1904 4662 2108 4718 distin-
2219 4666 2502 4728 διαστολὴν
2529 4668 2713 4725 αὐτῶν.

455 4754 736 4810 ctionem.

524 4843 808 4898 Caeterum
849 4843 896 4897 si
944 4843 1134 4896 Lucas
1165 4843 1404 4912 propter
1429 4839 1743 4895 nominum
1770 4839 2110 4898 similitudi-

2291 4849 2390 4899 Καὶ
2441 4842 2524 4899 ἐὰν
2575 4842 2669 4899 διὰ
2696 4851 2789 4911 τὴν
2835 4843 3132 4921 ὁμωνυμίαν
3185 4845 3388 4903 Ἰούδαν
3419 4856 3505 4906 τὸν
3533 4851 3807 4908 Θαδδαῖον

455 4946 594 4987 nem
634 4930 1000 4988 Thaddasum
1025 4929 1191 4984 inde;
1251 4928 1512 4985 Iscarioti
1543 4928 1870 4999 coniungit,
1921 4946 2109 5001 quare

2218 4931 2396 5006 Ἰούδᾳ
2477 4943 2550 5005 τῷ
2624 4934 2935 5009 Ἰσκαριώτη
3009 4939 3302 5001 συνέζευξεν
3344 4942 3370 4993 6
3425 4948 3643 5006 Δουκᾶς’
3701 4952 3809 5005 πῶς

454 5035 579 5077 non
626 5021 754 5088 pari
813 5017 994 5073 modo
1027 5017 1330 5073 Simonem
1383 5018 1620 5071 Petrum
1675 5033 1813 5073 cum
1872 5018 2107 5076 Simone

2217 5021 2344 5093 οὐχὶ
2402 5027 2492 5075 καὶ
2553 5031 2624 5094 τῷ
2663 5028 2853 5096 Σίμωνι
2914 5030 3089 5101 Πέτρῳ
3139 5030 3342 5100 Σίμωνα
3396 5035 3482 5083 τὸν
3527 5036 3811 5091 Κανανίτην

456 5107 792 5166 Chananaeo
830 5106 1079 5176 ordinat,
1122 5109 1180 5161 et
1221 5120 1359 5160 cum
1400 5104 1620 5162 Jacobo
1669 5105 1790 5163 ﬁlio
1841 5106 2110 5165 Zebedaai

2218 5110 2498 5175 συνάζευξε
2528 5130 2541 5182 ;
2569 5115 2656 5165 καὶ
2694 5112 2923 5188 Ἰακώϐῳ
2974 5123 3046 5188 τῷ
3097 5111 3188 5170 τοῦ
3232 5115 3535 5192 Ζεϐεδαίου,
3571 5120 3811 5176 Ἰακωϐον

528 5282 550 5322 ³
579 5283 776 5349 Matth,
808 5299 918 5347 xw,
958 5282 1043 5348 18,
1121 5283 1142 5319 ⁸
1175 5284 1346 5350 Marc,
1380 5296 1458 5350 ιιι,
1486 5281 1553 5338 18
1585 5298 1599 5350 ;
1631 5281 1767 5342 Luc.
1799 5285 1878 5352 vi,
1911 5285 1994 5341 15.
2074 5285 2094 5322 ⁸
2118 5287 2189 5343 Με

1722 5298 1767 5342 c.
1799 5285 1878 5352 vi,
1911 5285 1994 5341 t5.
2074 5285 2094 5322 ⁸
2118 5287 2294 5344 Marc.
2321 5303 2386 5358 ιι,
2417 5292 2499 5346 14.
2577 5287 2750 5347 5Luc.
2780 5307 2858 5349 vx.
2893 5292 2981 5351 25.
3061 5295 3084 5333 ⁶
3115 5294 3260 5354 ibid.
3297 5297 3383 5354 16.

1649 5460 1876 5533 Variae
1903 5460 2228 5537 lectiones
2253 5475 2320 5536 et
2350 5475 2553 5540 notae.

529 5607 606 5685 (6)
646 5609 751 5678 καί,
781 5601 944 5667 addit
961 5607 1029 5666 Α.

855 5603 1029 5667 ηάἱιΛ.
2511 5589 2516 5598 ’
