4206 6310
231 324 345 382 325

239 452 327 501 τόν
378 455 468 501 τοῦ
519 446 811 517 Ἀλφαῖου;
862 449 1000 497 Διότι
1049 449 1241 520 Πέτρος
1279 448 1367 518 μὲν
1415 447 1544 517 μετὰ
1594 443 1836 517 Ἀνδρέου
1871 444 1911 497 Α

243 544 339 590 τού
379 533 598 607 ἀδελφοῦ
652 534 833 598 αὐτοῦ,
884 533 1121 594 Ἰάκωϐος
1181 532 1238 586 δὲ
1284 537 1413 605 μετὰ
1460 536 1689 586 Ἰωάννου
1747 541 1836 583 τοῦ

247 622 474 696 ἀδελφοῦ
506 623 664 675 αύτού
716 631 786 682 τῷ
817 630 1027 694 Χριστῷ
1058 622 1435 687 ἠκολούθησαν,
1470 628 1557 673 καὶ
1593 619 1698 673 ἔδει
1745 622 1837 673 αύ-

246 718 369 774 τούς
419 714 528 783 οἶμα
570 713 857 782 ταχθῆναι,
888 710 944 762 ού
973 716 1123 783 μόνον
1156 713 1222 772 ὡς
1255 708 1523 782 ἀδελφούς,
1578 709 1705 762 ἀλλά
1751 715 1838 761 καὶ

247 803 316 861 ὡς
347 802 455 872 οἶμα
511 799 979 859 ἀκολουθήσαντας.
1032 805 1130 852 Καὶ
1180 795 1321 851 διατί
1358 804 1427 869 μὴ
1478 804 1566 850 καὶ
1596 798 1839 859 Ἰάκωϐος

245 891 270 941 ό
314 888 563 959 Ἀλφαίου
594 896 667 939 τῶ
713 884 915 958 ἀδελφῷ
964 886 1122 938 αὐτοῦ
1169 890 1420 958 Ματθαίῳ
1466 891 1836 952 συντέτακται;

241 980 385 1028 Διότι
417 976 634 1050 ύστερον
672 972 820 1037 οὗτος
846 975 1183 1033 ἠκολούθησε.

315 1158 485 1224 Σίμων
548 1182 617 1192 -
678 1151 853 1210 αὐτόν.
909 1152 967 1204 Ὀ
1042 1148 1272 1224 προδούς
1333 1152 1486 1204 αὑτὸν
1564 1160 1671 1216 τοῖς
1737 1153 1841 1206 ἐπι-

244 1241 571 1295 ϐουλεύουσι.

319 1332 542 1389 Τούτους
591 1360 656 1368 -
712 1329 909 1390 αὐτοῖς.
965 1334 1149 1390 Ποίους
1196 1332 1446 1395 τούτους;
1504 1333 1630 1390 Τούς
1665 1330 1838 1399 ἁλιεῖς,

248 1422 372 1478 τούς
428 1417 655 1477 τελώνας.
719 1422 909 1491 Πέτρος
962 1421 1051 1489 μὲν
1106 1420 1227 1492 γὰρ,
1286 1423 1375 1469 καὶ
1426 1416 1688 1490 Ἀνδρέας,
1757 1422 1839 1470 καὶ

250 1504 515 1566 Ἰάκωϐος.
593 1509 680 1556 καὶ
763 1506 1007 1567 Ἰωάννης
1076 1505 1234 1566 ἁλιεῖς
1309 1503 1484 1563 ἦσαν’
1577 1508 1844 1567 Ματθαῐος

254 1589 313 1644 δὲ
372 1598 462 1644 καὶ
522 1592 778 1659 Ἰάκωϐος,
838 1594 863 1645 ό
925 1601 1017 1645 τοῦ
1071 1593 1338 1664 Ἀλφαίου,
1406 1594 1653 1646 τελῶναι·
1706 1597 1731 1645 ό
1787 1591 1844 1646 δὲ

256 1686 463 1741 Λουκᾶς
508 1678 613 1733 εἶπε
654 1687 739 1733 καὶ
776 1685 861 1733 τὸν
906 1686 1059 1734 τόπον
1104 1680 1150 1732 ἐν
1195 1682 1233 1751 ᾧ
1277 1681 1460 1742 αύτούς
1498 1682 1570 1743 εἰς
1612 1682 1845 1735 ἀποστο-

254 1768 350 1826 λὴν
421 1768 689 1842 ἀφώρισεν.
752 1772 937 1842 Εἲρηκε
990 1771 1258 1843 γὰρ,.ὃτι
1339 1770 1576 1832 Ἐξῆλθεν
1646 1773 1717 1834 εἰς
1786 1777 1921 1841 τόΒ

256 1860 379 1929 ὅρος
473 1857 862 1930 προσεύξασθαι
911 1876 923 1887 ’
992 1863 1081 1909 καὶ
1162 1857 1221 1915 ἦν
1308 1857 1709 1930 δίανυκτερεύων
1797 1861 1816 1914 ἑ

256 1953 369 2005 ταῖς
424 1945 502 2016 (7)
568 1953 891 2018 προσευχαῖς
968 1952 1058 1997 τοῦ
1126 1952 1279 2001 Θεοῦ.
1346 1952 1445 1999 Καὶ
1505 1949 1586 1999 ὅτε
1657 1948 1845 2019 ἐγένετο

255 2034 446 2104 ἡμέρα,
526 2038 892 2104 προσεφώνησε
985 2037 1105 2095 τούς
1190 2036 1429 2105 μαθητὰς
1503 2036 1683 2104 αὑτοῦ,
1759 2042 1847 2088 καὶ

252 2118 576 2192 ἐκλεξάμενος
632 2120 718 2171 ἀπ’
781 2121 948 2173 αύτών
1022 2118 1250 2186 δώδεκα,
1321 2122 1409 2183 οὓς
1465 2128 1553 2174 καὶ
1626 2122 1847 2176 ἀποστό-

251 2208 373 2269 λους
423 2208 677 2281 ὠνόμασε,
728 2215 817 2261 καὶ
864 2214 927 2261 τὰ
980 2210 1109 2272 έξῆς.
1172 2210 1307 2263 Ἀλλ’
1356 2212 1413 2262 ού
1471 2215 1584 2263 τότε
1636 2216 1847 2275 τούτους

252 2294 543 2348 ἀπέστειλε.
608 2300 819 2370 Μάρκος
886 2295 944 2349 δέ
1001 2317 1130 2368 φησι
1196 2302 1279 2349 καὶ
1336 2302 1543 2371 τρόπον,
1613 2302 1692 2351 ὅτι
1750 2306 1851 2353 Καὶ

251 2383 452 2457 ἤρξατο
508 2384 697 2443 αύτούς
773 2384 1098 2437 ἀποστέλλειν
1152 2382 1247 2437 δύο
1294 2383 1432 2438 δύο·
1502 2388 1703 2449 πάντως
1760 2386 1852 2441 διὰ

260 2472 339 2542 (8)
370 2478 700 2545 παρηγορίαν
733 2472 978 2530 ἀλλήλων.

338 2564 513 2631 Λέγων
549 2593 615 2601 -
650 2562 885 2635 Ἰσραήλ.
944 2564 1059 2615 Ἐπὶ
1108 2565 1200 2625 τὰς
1234 2571 1331 2615 τῶν
1370 2561 1639 2617 Ἰουδαίων
1688 2567 1854 2628 πόλεις

265 2652 354 2699 καὶ
398 2654 572 2721 κώμας
620 2658 818 2722 πρῶτον
876 2654 1065 2722 πέμπει
1108 2656 1228 2712 τούς
1279 2655 1536 2724 μαθητὰς,
1592 2651 1856 2707 διδασκά-

264 2735 383 2798 λους
431 2741 519 2788 καὶ
582 2736 787 2809 ἰατρούς
825 2737 1020 2801 αὐτοῖς,
1078 2734 1323 2791 δεικνύων
1363 2744 1420 2792 τό
1468 2745 1595 2816 πρὸς
1641 2742 1857 2803 ἐκείνους

259 2825 384 2895 ὑπὲρ
431 2827 629 2887 πάντας
684 2826 909 2897 φίλτρον,
955 2832 1041 2879 καὶ
1085 2832 1177 2885 τὴν
1228 2827 1509 2900 ὑπερϐολὴν
1556 2838 1647 2889 τῆς
1700 2828 1858 2889 κηδε-

255 2917 461 2985 μονίας,
498 2912 576 2964 ὅτι
615 2918 703 2965 καὶ
739 2912 1071 2986 ὑϐριζόμενος
1133 2916 1218 2966 ὑπ’
1255 2916 1440 2986 αύτών,
1480 2918 1537 2968 ού
1595 2939 1857 2990 μνησικα-

259 3007 342 3051 κεῖ
373 3003 591 3065 τούτοις,
633 3001 761 3053 ἀλλὰ
802 3000 1017 3056 σπεύδει
1048 3008 1201 3055 παντὶ
1248 3009 1423 3078 τρόπῳ
1474 3003 1714 3079 διορθοῦν
1768 3014 1858 3061 καὶ

265 3090 561 3161 θεραπεύειν
646 3090 836 3152 αύτούς
849 3136 859 3146 .

763 1506 973 1562 Ἰωάννη
987 1527 1007 1567 ς
1076 1505 1234 1566 ἁλιεῖς

992 1863 1081 1909 καὶ
1162 1854 1221 1915 ἦν
1308 1854 1709 1932 δίανυκτερεύων
1797 1861 1845 1914 ἐν

952 3095 1037 3143 Διὸ
1122 3096 1210 3143 καὶ
1307 3092 1489 3145 κωλύει
1575 3098 1663 3167 μὲν
1747 3101 1862 3158 τοὺς
1900 3124 1940 3179 C

270 3176 689 3249 ἀπεσταλμένους
737 3178 977 3249 ἅψασθαι
1030 3189 1123 3241 τῆς
1161 3185 1286 3254 πρὸς
1334 3185 1399 3233 τὰ
1442 3185 1555 3241 ἔθνη
1608 3188 1864 3259 φερούσης

270 3260 439 3316 ὁδοῦ·
494 3265 678 3318 κελεύει
742 3263 820 3331 δὲ,
880 3264 1017 3339 μηδὲ
1070 3276 1131 3340 τῇ
1196 3269 1337 3321 πόλει
1390 3280 1486 3322 τῶν
1542 3279 1863 3346 Σαμαρειτῶν

272 3349 627 3424 ἐπιδημῆσαι,
683 3360 917 3426 κειμένην
981 3356 1172 3427 μεταξύ
1234 3366 1333 3409 τῶν
1403 3356 1703 3411 Ἰουδαϊκῶν
1776 3367 1867 3414 πό-

272 3440 418 3492 λεων.
465 3446 562 3493 Καὶ
618 3444 665 3493 οἱ
717 3450 1029 3516 Σαμαρεῖται
1077 3447 1197 3517 γὰρ,
1246 3446 1300 3508 ἐξ
1351 3448 1594 3519 ἡμισείας
1647 3447 1867 3503 Ἰουδαῖ-

273 3529 469 3601 ζοντες,
514 3533 751 3593 ἐναντίως
797 3536 925 3603 πρὸς
960 3537 1081 3595 τούς
1125 3531 1413 3597 Ἰουδαίους
1466 3533 1731 3593 διέκειντο.
1770 3546 1868 3593 Καὶ

270 3620 601 3689 πανταχόθεν
634 3617 909 3692 ἐμφράττει
940 3624 1004 3673 τὰ
1035 3627 1272 3694 στόματα
1314 3632 1412 3675 τῶν
1466 3624 1787 3699 ἀχαρίστων,
1827 3629 1870 3680 εἰ

269 3710 380 3775 καὶ,
430 3708 634 3756 πάντων
684 3708 768 3758 ὑπ’
810 3708 966 3760 αύτού
1019 3714 1438 3783 προτιμηθέντες,
1490 3716 1689 3765 πάντων
1737 3716 1867 3787 μᾶλ-

270 3792 359 3845 λον
409 3792 563 3844 αύτὸν
614 3795 897 3866 ἠτίμασαν,
971 3798 1216 3870 Πρόϐατα
1266 3797 1322 3851 δὲ
1377 3800 1676 3854 ἀπολωλότα
1728 3808 1870 3856 οἴκου

273 3881 492 3953 Ἰσραὴλ
547 3884 753 3944 τούτους
806 3885 1089 3958 ὠνόμασεν,
1148 3887 1375 3948 εἰκότως.
1452 3889 1695 3963 Πρόϐατα
1758 3896 1868 3964 μὲν,

275 3973 347 4031 ὡς
400 3972 500 4021 ύπό
562 3978 691 4023 Θεοῦ
742 3972 897 4024 πάλαι
948 3972 1378 4047 ποιμαινομένους
1416 3995 1427 4007 ·
1487 3977 1545 4030 Ὀ
1592 3986 1872 4051 ποιμαίνων

276 4063 402 4131 γὰρ,
479 4064 629 4129 φησὶ,
704 4064 787 4112 τὸν
854 4063 1086 4136 Ἰσραὴλ,
1156 4070 1384 4138 πρόσχες
1442 4065 1740 4120 ἀπολωλότα
1792 4066 1871 4135 δὲ,

282 4144 376 4199 διὰ
439 4150 497 4198 τό
556 4146 681 4199 εἶναι
741 4148 926 4210 αύτούς
988 4150 1323 4224 ἐσκυλμένους
1374 4161 1462 4207 καὶ
1526 4154 1872 4230 ἐρριμμένους,

281 4239 347 4297 ὡς
402 4241 708 4310 προείρηται
740 4256 752 4269 ·
812 4241 955 4291 οἴκου
1023 4238 1081 4292 δὲ
1136 4241 1366 4315 Ἰσραὴλ,
1416 4248 1484 4306 ὡς
1524 4245 1873 4314 Ἰσραηλίτας.

284 4326 435 4377 Οὕτω
467 4322 526 4377 δὲ
570 4330 1000 4401 προσαγορεύσας
1027 4332 1147 4390 τοὺς
1193 4328 1498 4395 Ἰουδαίους,
1533 4334 1747 4407 ἐπράϋνε
1791 4339 1877 4387 τὸν

286 4416 447 4486 θυμόν
497 4422 596 4465 τῶν
649 4418 916 4486 μαθητῶν,
977 4423 1065 4470 καὶ
1112 4419 1393 4492 σπλάγχνα
1440 4425 1642 4484 τούτοις
1692 4424 1879 4496 μᾶλλον

283 4500 578 4573 επιμελείας
613 4501 824 4556 ἐνέϐαλε.

361 4594 704 4664 Πορευόμενοι
756 4624 823 4632 ——
869 4592 1113 4668 οὐρανῶν.
1171 4593 1416 4668 Ἤγγικεν
1468 4600 1497 4657 ἠ
1558 4597 1604 4651 ἐν
1653 4600 1885 4672 ούρανοῖς

286 4677 608 4744 ἀπόλαυσις,
678 4685 935 4747 τουτέστι,
1004 4684 1125 4757 παρ’
1182 4686 1301 4756 ύμῖν
1360 4685 1518 4753 ἔστιν,
1576 4686 1659 4739 ἐὰν
1714 4688 1887 4746 θέλητε

285 4766 464 4819 λαϐεῖν
526 4766 709 4825 αύτήν.
772 4771 1018 4839 Λήψεσθε
1071 4770 1129 4825 δε
1178 4773 1359 4839 αύτὴν,
1418 4779 1742 4838 πιστεύοντες
1800 4783 1889 4830 καὶ

295 4856 391 4913 τὰς
463 4852 667 4916 ἐντολὰς
732 4856 1079 4927 φυλάττοντες.
1139 4867 1451 4934 Προείρηται
1519 4860 1577 4915 δὲ
1635 4861 1891 4937 διαφόρως

296 4946 417 5015 περὶ
463 4950 559 5003 τῆς
600 4942 869 5015 βασιλείας
912 4956 1008 4998 τῶν
1054 4947 1279 5020 οὐρανῶν
1330 4950 1377 5001 ἐν
1421 4959 1492 5022 τῷ
1531 4951 1688 5025 τρὶτω
1736 4972 1890 5024 κεφα-

299 5028 449 5100 λαίῳ,
486 5036 575 5083 καὶ
622 5036 732 5106 χρὴ
778 5032 989 5087 κάκεῖνα
1027 5042 1320 5108 γινώσκειν,
1372 5044 1461 5092 καὶ
1506 5041 1894 5116 προσαρμόζειν

302 5120 361 5170 τὸ
393 5113 578 5171 δοκοῦν
609 5127 1043 5200 προσφυέστερον.

382 5270 403 5307 ⁷
436 5272 569 5330 Luc.
601 5289 676 5343 γι,
712 5274 805 5332 ιιι.
925 5278 945 5313 ⁸
970 5277 1144 5336 Marc°
1166 5296 1237 5348 vi,
1270 5278 1329 5339 7.

1189 319 1563 376 COMMENT.
1613 319 1684 374 IN
1729 316 2172 374 MATTH/EUM.
2221 348 2288 357 —
2329 316 2485 372 CAP.
2528 316 2595 371 X.

3492 317 3596 371 326

1944 442 2233 499 Iacobum
2258 441 2490 513 Alphaei
2526 440 2735 497 ﬁlium.
2781 442 2929 505 Quia
2957 443 3162 498 Petrus
3191 456 3327 497 cum
3358 440 3598 497 Andrea

1948 532 2119 587 fratre
2178 547 2309 599 suo,
2366 535 2421 585 et
2471 529 2728 585 Jacobus
2783 546 2905 584 cum
2960 533 3188 586 Joanne
3244 530 3421 586 fratre
3488 545 3596 585 suo

1949 620 2241 675 Christum
2296 617 2479 674 secuti
2534 622 2675 673 sunt
2719 635 2729 670 :
2787 623 2843 673 et
2899 620 3208 690 oportebat
3263 636 3365 675 eos
3420 619 3595 674 simul

1950 707 2231 771 ordinari,
2268 722 2388 762 non
2423 706 2617 762 solum
2663 706 2805 777 quia
2836 707 3059 774 fratres,
3097 708 3203 763 sed
3245 708 3424 763 etiam
3455 708 3599 780 quia

1951 796 2125 851 simul
2174 795 2356 851 secuti
2408 794 2656 849 fuerant.
2715 795 2827 851 Sed
2894 812 3076 867 quare
3150 812 3269 851 non
3331 797 3599 851 similiter

1950 884 2208 940 Jacobus
2264 883 2484 955 Alphaai
2532 883 2687 938 ﬁlius
2737 900 2875 939 cum
2935 886 3202 941 Matthmo
3250 884 3428 941 fratre
3486 900 3599 941 suo

1951 974 2306 1044 conjunctus
2360 972 2387 1026 ?
2482 972 2631 1037 Quia
2704 973 2798 1028 ille
2894 974 3279 1045 postmodum
3361 979 3597 1029 secutus

1952 1066 2061 1119 est.

2022 1154 2183 1207 Vers.
2215 1151 2266 1205 4.
2297 1150 2484 1206 Simon
2505 1181 2572 1190 —
2602 1151 2796 1206 illum.
2847 1150 3109 1207 Tradidit
3150 1150 3315 1206 illum
3355 1150 3600 1207 insidia-

1952 1239 2197 1296 toribus.

2022 1330 2183 1383 Vers.
2215 1328 2267 1381 5.
2312 1328 2434 1382 Hos
2482 1357 2549 1367 —
2580 1328 2677 1383 eis.
2732 1328 2948 1391 Quales
2974 1327 3085 1383 hos
3114 1328 3142 1381 ?
3172 1328 3500 1384 Piscatores
3548 1331 3605 1384 et

1952 1415 2299 1488 publicanos
2327 1432 2337 1467 :
2369 1415 2657 1486 siquidem
2689 1415 2895 1471 Petrus
2924 1422 2979 1471 et
3000 1417 3289 1482 Andreas,
3347 1416 3606 1473 Iacobus

1952 1507 2009 1559 et
2035 1504 2293 1559 Joannes
2316 1505 2637 1574 piscatores
2661 1508 2827 1559 erant
2862 1520 2873 1557 :
2908 1504 3209 1559 Matthaeus
3235 1511 3288 1561 et
3320 1505 3604 1572 Iacobus,

1951 1591 2173 1662 Alphaei
2204 1592 2327 1659 ﬁlii,
2376 1590 2701 1663 publicani.
2739 1592 2926 1647 Lucas
2951 1608 3092 1648 vero
3118 1593 3317 1648 locum
3362 1608 3606 1665 quoque

1952 1680 2117 1743 dixit,
2151 1682 2210 1734 in
2241 1696 2361 1751 quo
2383 1680 2547 1750 ipsos
2576 1679 2652 1735 ad
2683 1680 3083 1751 apostolatum
3116 1682 3467 1751 segregavit.
3515 1681 3610 1735 Ait

1953 1769 2108 1823 enim
2140 1768 2300 1838 quod
2346 1768 2623 1838 Egressus
2650 1775 2729 1823 est
2776 1769 2838 1823 in
2880 1775 3132 1824 montem
3181 1770 3555 1824 adorandum
3591 1783 3603 1822 :

1954 1863 2198 1927 eratque
2224 1861 2572 1925 pernoctans
2604 1856 2667 1911 in
2686 1857 3095 1912 orationeDei.
3124 1857 3382 1928 Cumque
3397 1858 3610 1926 factus

1955 1952 2089 2001 esset
2120 1944 2255 2012 dies,
2291 1943 2593 1999 advocavit
2621 1943 2942 2011 discipulos
2973 1958 3121 2014 suos,
3164 1950 3219 1999 et
3266 1945 3433 2015 elegit
3463 1944 3609 1999 duo-

1956 2033 2137 2088 decim
2168 2048 2238 2088 ex
2266 2033 2365 2096 eis,
2397 2046 2543 2103 quos
2575 2039 2625 2087 et
2680 2032 2970 2101 apostolos
2998 2032 3313 2088 nominavit
3344 2034 3386 2093 ⁷,
3419 2036 3476 2087 et
3498 2046 3611 2087 caa-

1957 2124 2099 2176 tera.
2139 2122 2355 2175 Verum
2387 2135 2508 2175 non
2534 2119 2680 2175 dixit
2705 2120 2951 2191 quando
2978 2136 3079 2175 eos
3121 2121 3339 2176 emisit.
3384 2122 3612 2175 Marcus

1958 2214 2150 2264 autem
2200 2208 2449 2263 modum
2482 2224 2721 2280 quoque
2752 2208 2909 2275 dicit,
2956 2209 3117 2280 quod
3158 2210 3331 2280 Crepit
3353 2224 3445 2265 eos
3484 2210 3614 2263 mit-

1959 2304 2073 2353 tere
2087 2297 2295 2353 binos“:
2310 2298 2555 2352 omnino
2569 2301 2812 2367 propter
2825 2301 3095 2353 mutuam
3113 2296 3610 2353 consolationem.

2033 2562 2196 2617 Vers.
2231 2566 2283 2618 5.
2315 2561 2522 2617 Dicens
2554 2591 2619 2600 —
2644 2562 2799 2615 Vers.
2835 2565 2887 2616 6.
2920 2561 3128 2616 Israel.
3162 2561 3251 2615 Ad
3276 2561 3615 2617 Iudaeorum

1964 2649 2225 2706 civitates
2270 2653 2325 2704 et
2372 2648 2537 2703 vicos
2594 2647 2846 2719 primum
2919 2648 3095 2703 mittit
3148 2648 3494 2720 discipulos,
3552 2653 3617 2704 ut

1964 2739 2080 2793 sint
2114 2737 2227 2792 illis
2255 2737 2315 2791 in
2344 2737 2659 2805 magistros
2690 2753 2759 2792 ac
2791 2736 3076 2801 medicos,
3106 2737 3451 2801 ostendens,
3492 2738 3615 2791 vim

1965 2826 2207 2895 amoris,
2227 2840 2407 2896 quem
2422 2825 2497 2880 ad
2520 2824 2653 2880 illos
2672 2840 2793 2896 prae
2811 2824 3095 2879 omnibus
3117 2824 3396 2890 habebat,
3435 2825 3620 2896 quod-

1965 2930 2081 2987 que
2112 2930 2296 2985 supra
2318 2914 2566 2969 modum
2592 2929 2789 2968 curam
2822 2912 3056 2968 illorum
3072 2919 3317 2984 gereret,
3338 2914 3621 2984 quoniam

1966 3004 2199 3075 injuriis
2250 3003 2327 3057 ab
2376 3002 2462 3057 eis
2503 3002 2817 3074 appetitus,
2876 3001 3109 3057 illarum
3152 3017 3271 3058 non
3328 3002 3617 3067 meminit,

1971 3093 2074 3148 sed
2119 3091 2284 3146 omni
2312 3090 2487 3145 modo
2544 3091 2835 3159 corrigere
2878 3105 2979 3145 eos
3031 3106 3096 3144 ac
3142 3105 3355 3144 sanare
3396 3090 3621 3144 nititur.

1972 3181 2109 3236 Ideo
2138 3193 2379 3251 quoque
2405 3178 2560 3243 illos,
2593 3193 2745 3249 quos
2775 3177 2994 3241 emisit,
3022 3177 3184 3231 viam
3208 3193 3340 3247 qua;
3382 3177 3458 3231 ad
3488 3192 3626 3245 gen-

1972 3274 2058 3325 tes
2095 3268 2274 3323 ducat
2301 3272 2544 3335 tangere
2576 3265 2867 3337 prohibet.
2909 3265 3085 3320 Jubet
3113 3264 3291 3319 etiam
3322 3280 3397 3319 ne
3437 3265 3514 3319 ad
3552 3265 3631 3320 ci-

1973 3358 2214 3413 vitatem
2244 3355 2752 3410 Samaritanorum
2800 3352 3106 3415 accedant,
3160 3368 3294 3423 qua:
3340 3352 3448 3407 sita
3505 3356 3632 3408 erat

1974 3446 2125 3501 inter
2148 3444 2489 3499 Iudaeorum
2512 3443 2795 3497 civitates.
2823 3440 3121 3513 Siquidem
3138 3440 3497 3495 Samaritani
3520 3456 3631 3512 pro

1975 3532 2226 3589 dimidia
2254 3536 2420 3604 parte
2444 3530 2817 3586 Judaismum
2837 3534 3161 3593 servantes,
3178 3528 3411 3583 inimico
3430 3528 3634 3584 animo

1976 3623 2054 3679 ad
2083 3622 2322 3677 Judaeos
2360 3619 2553 3675 affecti
2599 3622 2791 3676 erant.
2850 3618 2915 3673 Et
2965 3618 3231 3688 undique
3261 3617 3631 3685 ingratorum

1976 3710 2207 3783 oppilat
2237 3724 2378 3773 ora;
2421 3722 2767 3779 quanquam
2816 3722 3000 3776 supra
3040 3721 3251 3761 omnes
3299 3705 3375 3760 ab
3416 3721 3483 3760 eo
3533 3704 3634 3759 ho-

1976 3798 2188 3864 norati,
2220 3798 2417 3868 ipsum
2458 3811 2639 3867 supra
2694 3809 2906 3849 omnes
2953 3793 3179 3848 honore
3226 3792 3632 3862 privaverunt.

1981 3890 2128 3943 Oves
2165 3890 2366 3941 autem
2423 3882 2687 3955 perditas
2734 3882 2951 3937 domus
2982 3880 3161 3936 Israel
3208 3881 3417 3935 merito
3467 3881 3631 3951 ipsos

1980 3974 2309 4031 nominavit
2340 3992 2352 4040 ;
2394 3988 2533 4029 oves
2563 3971 2833 4043 quidem,
2876 3973 3075 4041 utpote
3104 3985 3259 4041 quos
3307 3968 3451 4024 olim
3486 3971 3639 4023 Deus

1980 4064 2280 4136 pascebat.
2327 4061 2440 4128 Qui
2500 4060 2717 4129 pascis,
2777 4058 2986 4129 inquit,
3058 4058 3262 4123 Israel,
3316 4058 3641 4121 intende”;

1982 4152 2243 4227 perditas
2266 4164 2426 4213 vero,
2456 4165 2525 4205 eo
2557 4148 2721 4220 quod
2753 4146 3048 4202 destitutae
3077 4150 3274 4201 essent
3304 4162 3374 4201 ac
3421 4145 3651 4217 disper-

1984 4259 2084 4305 sae,
2119 4245 2181 4296 ut
2204 4238 2557 4311 praedictum
2609 4241 2716 4291 est.
2777 4237 3001 4291 Domus
3045 4235 3219 4290 etiam
3245 4234 3455 4301 Israel,
3507 4239 3651 4306 puta

1986 4329 2303 4386 Israelitas.
2337 4327 2421 4382 Ita
2451 4331 2638 4381 autem
2676 4323 2917 4380 Iudaeos
2962 4323 3293 4395 appellans,
3322 4322 3642 4394 discipulo-

1987 4436 2122 4476 rum
2164 4418 2314 4472 iram
2366 4414 2675 4485 mitigabat
2708 4430 2720 4468 :
2748 4416 2805 4468 et
2837 4412 3039 4485 potius
3080 4412 3181 4484 pia
3212 4426 3366 4467 cura;
3415 4411 3652 4467 viscera

1991 4508 2135 4580 ipsis
2174 4504 2554 4561 irnmittebat.

2064 4597 2223 4651 Vers.
2262 4595 2316 4647 ’7.
2363 4593 2586 4649 Euntes
2618 4622 2684 4632 -
2733 4592 3027 4650 calorum.
3056 4592 3237 4643 Instat
3292 4586 3487 4643 fruitio
3522 4602 3654 4658 quae

1995 4684 2247 4740 habetur
2302 4682 2361 4736 in
2389 4681 2573 4744 caelis,
2614 4678 2727 4734 hoc
2771 4682 2876 4741 est,
2905 4677 3066 4748 apud
3120 4690 3227 4730 vos
3254 4679 3360 4742 est,
3416 4674 3464 4729 si
3518 4688 3656 4729 eam

1997 4773 2264 4844 accipere
2295 4769 2629 4833 volueritis;
2684 4766 2969 4836 accipere,
3003 4764 3264 4834 inquam,
3300 4762 3489 4827 illam,
3535 4776 3658 4817 cre-

2000 4862 2201 4918 dentes
2255 4866 2312 4916 et
2365 4860 2651 4929 prmcepta
2688 4859 3013 4911 servantes.
3074 4851 3265 4907 Tertio
3320 4855 3521 4907 autem
3566 4866 3661 4907 ca-

2002 4950 2119 5023 pite
2148 4949 2222 5004 de
2246 4962 2431 5017 regno
2463 4944 2751 5001 caelorum
2780 4942 3027 5013 pulchre
3072 4941 3299 4995 dictum
3333 4943 3438 4995 est.
3475 4940 3660 5011 Opor-

2003 5042 2084 5095 tet
2106 5052 2247 5109 ergo
2276 5040 2333 5091 et
2359 5035 2459 5092 illa
2478 5048 2678 5101 nosse,
2706 5036 2761 5088 et
2785 5029 2925 5087 inde
2947 5028 3236 5103 adaptare
3269 5028 3435 5102 quod
3459 5027 3661 5100 aptius

2005 5125 2325 5184 videbitur.

1449 5284 1471 5318 ⁹
1501 5280 1652 5339 Psal.
1692 5298 1890 5349 Lxx1x,
1929 5281 1986 5340 1.

1528 5429 1753 5503 νοτίδι»
1785 5431 2115 5503 lectiones
2157 5439 2221 5500 et
2242 5440 2439 5499 notae.

395 5598 472 5675 (7)
500 5606 560 5676 τῇ
586 5604 865 5680 προσευχῇ
898 5607 965 5674 Α,
997 5605 1061 5662 ut
1096 5596 1292 5663 editur
1319 5600 1484 5679 apud
1511 5602 1755 5663 Lucam.

2097 5604 2176 5681 (8)
2206 5600 2328 5661 Hoc
2363 5600 2615 5663 refertur
2641 5597 2721 5660 ad
2747 5594 2846 5653 δύο
2875 5592 2997 5655 δύο.
