4206 6310
627 282 731 333 327

631 494 878 547 nitatum
905 508 918 546 :
949 498 1011 546 ut
1054 490 1156 562 qui
1189 489 1592 561 praedicationi
1653 503 1768 542 non
1797 489 2119 550 crederent,
2167 488 2272 543 sal-

632 589 746 638 tem
800 581 1101 637 miraculis
1141 580 1600 636 adducerentur.
1660 576 1851 632 Simul
1915 584 1972 633 et
2019 594 2122 633 eos
2174 594 2277 650 per

629 671 825 742 ipsam
873 669 1261 741 promptiores
1316 668 1392 724 ad
1447 666 1932 736 praedicationem
1991 665 2155 722 facit.
2199 669 2275 721 Ne

627 765 828 815 autem
854 758 1210 813 extollantur
1257 756 1424 828 quasi
1487 769 1704 824 magna
1751 759 2118 826 praestantes,
2175 760 2275 810 aut

627 854 890 904 terrenas
928 851 1198 917 quaerant
1247 844 1679 909 retributiones,
1719 843 2034 914 praemunit
2087 843 2270 912 ipsos,

627 937 833 992 dicens
867 956 878 995 :
913 935 1108 990 Gratis
1142 933 1454 1005 accepistis
1484 949 1520 988 a
1571 947 1654 986 me
1709 933 1962 1001 gratiam
1993 931 2148 986 hanc
2189 947 2279 986 sa-

626 1026 902 1091 nitatum,
943 1023 1105 1078 nullo
1154 1026 1349 1077 vestro
1390 1021 1754 1092 praecedente
1800 1019 2045 1084 labore;
2097 1019 2278 1089 gratis

625 1113 762 1170 date
792 1129 894 1168 eas
925 1110 1284 1176 hominibus,
1335 1109 1480 1164 nihil
1520 1107 1845 1180 temporale
1877 1108 1954 1164 ab
1998 1107 2143 1179 ipsis
2194 1124 2280 1164 re-

625 1202 948 1273 quirentes.
1002 1197 1319 1254 lntendens
1377 1202 1598 1259 autem,
1645 1202 1706 1251 ut
1757 1196 1884 1251 haec
1940 1195 2278 1267 incorrupte

625 1293 880 1354 servent,
925 1287 1096 1358 jubet
1140 1301 1213 1341 ne
1247 1289 1530 1357 praetextu
1573 1285 1744 1339 etiam
1787 1285 1897 1338 vite
1940 1283 2278 1355 quidquam

629 1378 948 1448 accipiant.
981 1376 1070 1430 Ait
1099 1375 1260 1429 enim
1294 1389 1306 1427 :

690 1467 852 1522 Vers.
891 1469 946 1522 9.
985 1462 1179 1520 Nolite
1202 1492 1272 1503 —
1291 1476 1462 1517 zonas
1488 1466 1734 1518 vestras.
1757 1459 1924 1516 Moris
1950 1459 2114 1516 enim
2148 1463 2277 1516 erat

620 1555 714 1610 his
746 1555 847 1626 qui
878 1569 985 1624 per
1023 1551 1180 1606 viam
1241 1549 1688 1620 gradiebantur,
1739 1565 2057 1604 crumenas
2127 1548 2276 1603 ferre

621 1643 782 1698 zonis
812 1656 1130 1713 appensas,
1161 1639 1221 1693 in
1271 1638 1492 1709 quibus
1522 1653 1704 1692 aereos
1725 1652 2008 1692 nummos
2088 1636 2276 1692 habe-

1940 268 2283 331 EUTHYMII
2336 263 2666 332 ZIGABENI

702 405 863 459 Vers.
905 405 957 458 8.
995 404 1248 470 lnﬁrmos
1279 433 1342 443 —
1369 400 1513 456 date.
1551 399 1716 456 Dedit
1739 399 1849 455 illis
1903 400 2150 469 gratiam
2181 417 2274 456 sa-
2307 401 2353 454 A

3899 277 4021 338 328

3813 405 4020 467 αὐτοῖς

2386 493 2546 562 χάριν
2593 490 2842 561 ἰαμάτων,
2894 492 3028 541 ὥστε
3081 493 3196 550 τοὺς
3237 495 3308 560 μὴ
3348 491 3681 561 πειθομένους
3705 499 3778 560 τῷ
3829 497 4019 566 217px}-

2457 401 2822 461 Ἀσθενοῡντας
2876 401 2952 472 (9)
3020 433 3084 443 —-
3141 398 3281 454 δότε.
3364 397 3565 454 Ἔδωκε
3633 405 3722 474 μὲν

2385 597 2546 648 γματι
2611 580 2881 630 πείθεσθαι
2950 585 3052 638 τοῖς
3109 580 3413 650 θαύμασιν·
3472 577 3582 650 οἶμα
3641 584 3729 631 καὶ
3800 581 4017 644 αὐτοὺς

2385 668 2804 738 προθυμοτέρους
2834 675 2991 717 ποιῶν
3031 667 3102 727 εἰς
3144 670 3201 718 τό
3249 671 3491 738 κήρυγμα
3521 663 3594 718 δι’
3645 667 3842 729 αὐτῆς,
3890 670 4015 723 Ἵνα

2388 749 2446 804 δὲ
2493 758 2563 824 μὴ
2624 753 2939 825 ἐπαρθῶσιν,
3009 756 3077 815 ὡς
3137 755 3334 826 μεγάλα
3389 757 3774 826 κατορθοῦντες,
3853 753 4012 828 μηδὲ

2387 841 2614 900 ζητῶσιν
2686 841 2906 913 ἀμοιϐὰς
2963 842 3164 910 ὑλικὰς,
3229 841 3673 914 πρόασφαλιξεται
3741 847 4002 914 τούτους,

2385 928 2580 998 λέγων·
2637 933 2834 1003 Δωρεὰν
2887 928 3087 982 ἐλάϐετε
3139 930 3262 1001 παρ’
3315 929 3437 1001 ἐμοῦ
3490 937 3583 988 τήν
3633 933 3798 1001 χάριν
3865 937 4000 984 ταύ-

2386 1036 2479 1074 την
2529 1026 2626 1067 τῶν
2690 1019 2940 1088 ἰαμάτων,
2995 1015 3159 1090 μηδὲν
3209 1018 3357 1070 αὐτοὶ
3414 1023 3734 1084 πονέσαντες,
3786 1016 3990 1094 δωρεὰν

2389 1101 2509 1156 δότε
2585 1113 2748 1156 ταῦτα
2821 1113 2924 1166 τοῖς
2999 1105 3301 1180 ἀνθρώποις,
3377 1103 3541 1178 μηδὲν
3619 1105 3992 1169 ἐπιζητοῦντες

2389 1191 2635 1264 βιωτικὸν
2675 1192 2726 1255 ἐξ
2757 1193 2938 1247 αὐτῶν.
2990 1194 3282 1246 Ἐπιτείνων
3337 1191 3395 1246 δε
3433 1197 3491 1246 τὸ
3549 1191 3993 1268 ἀδωροδόκητον,

2387 1280 2575 1332 κελεύει
2635 1278 2772 1354 μηδὲ
2832 1284 2994 1354 χάριν
3049 1290 3144 1344 τῆς
3217 1279 3345 1334 ὀδοῦ
3405 1301 3456 1334 τι
3510 1281 3815 1354 λαμϐάνειν.
3889 1283 3998 1342 15n-

2391 1374 2444 1421 σὶ
2472 1371 2570 1440 γάρ
2601 1386 2613 1398 ⁸

2458 1461 2542 1514 Μὴ
2598 1489 2667 1496 -
2726 1458 2885 1518 ζώνας
2948 1459 3110 1529 ἡμῶν.
3163 1459 3317 1518 Ἐθος
3382 1459 3482 1529 γὰρ
3544 1454 3604 1515 ἧν
3671 1465 3777 1518 τοῖς
3845 1455 3999 1510 ὁδοιο

2387 1553 2625 1617 ποροὺσι,
2670 1545 2940 1616 φασκὼλια
2988 1549 3152 1618 φέρειν
3202 1550 3587 1620 παρηωρημένα
3614 1552 3729 1607 ταῖς
3770 1547 3994 1611 ζώναις,

2386 1631 2433 1683 ἐν
2463 1631 2534 1693 οἷς
2564 1631 2706 1704 εἶχον
2737 1637 2860 1694 τοὺς
2890 1631 3118 1694 ὀϐολούς.
3163 1636 3443 1705 Νομοθετεῐ
3470 1630 3528 1685 δε
3567 1641 3676 1695 τοῖς
3713 1637 3997 1706 μαθηταῖς

618 1729 787 1786 bant.
831 1731 935 1784 Dat
983 1732 1183 1783 autem
1238 1726 1497 1796 primum
1559 1723 1868 1794 discipulis
1908 1723 2099 1792 legem
2155 1739 2268 1794 per-

2385 1722 2573 1773 τελείαν
2639 1720 3025 1792 ἀκτημοσύνην.
3100 1729 3306 1794 Πρῶτον
3377 1725 3488 1793 μεν,
3553 1722 3612 1772 οὔ
3672 1727 3830 1793 μόνον
3901 1721 3996 1773 ἁν-

619 1818 781 1873 tectae
821 1816 1059 1887 inopiae,
1121 1812 1324 1868 volens
1374 1818 1598 1866 utnon
1652 1811 1847 1866 solum
1901 1810 2029 1865 sine
2086 1811 2273 1881 suspi-

621 1905 810 1968 cione,
839 1903 943 1957 sed
982 1903 1159 1956 etiam
1208 1900 1269 1953 in
1309 1899 1700 1954 admiratione
1733 1898 1874 1953 sint.
1931 1898 2084 1953 Nihil
2113 1899 2271 1954 enim

621 1992 704 2046 ita
734 1989 1118 2046 admirandos
1163 1985 1379 2048 reddit,
1427 1985 1575 2039 sicut
1605 1985 1724 2040 vita
1754 1984 1999 2054 frugalis
2029 2001 2096 2039 ac
2134 1984 2268 2056 qui-

620 2078 880 2134 buslibet
923 2075 1112 2131 obviis
1143 2079 1435 2128 contenta.
1462 2073 1681 2128 Deinde
1707 2073 1862 2127 omni
1891 2088 1992 2128 eos
2023 2089 2164 2127 cura
2203 2073 2269 2128 li-

619 2166 807 2230 berat,
858 2180 993 2237 quae
1045 2163 1380 2233 frequenter
1425 2160 1854 2231 impedimento
1907 2176 2036 2216 esse
2077 2161 2268 2226 solet;

618 2268 914 2325 suamque
938 2251 1055 2306 vult
1107 2250 1416 2306 ostendere
1464 2248 1810 2320 potentiam,
1865 2265 2000 2320 quas
2036 2249 2118 2304 eis
2192 2251 2269 2304 ad

619 2342 822 2396 omnia
881 2339 1165 2395 sufﬁciat.
1235 2338 1488 2408 [deoque
1543 2337 1926 2408 postmodum
1983 2337 2262 2394 dicebat:

621 2429 866 2497 Quando
892 2428 1023 2484 misi
1047 2443 1134 2483 vos
1165 2429 1289 2483 sine
1333 2426 1532 2482 [oculis
1563 2432 1616 2482 et
1645 2440 1803 2496 pera,
1852 2442 1994 2482 num
2037 2426 2271 2498 aliquid

618 2518 807 2586 defuit
837 2517 998 2573 vobis
1021 2517 1067 2552 ιο
1097 2519 1147 2571 γ.

2383 1815 2662 1875 υπόπτους,
2732 1808 2858 1860 ἀλλὰ
2929 1814 3018 1860 καὶ
3080 1797 3416 1881 ’θαυμασίους
3503 1809 3688 1882 μᾶλλον
3790 1810 3994 1872 αὐτοὺς

2381 1895 2510 1949 εἶναι
2555 1896 2867 1969 βουλόμενος
2891 1915 2902 1927 °
2937 1894 3088 1949 οὐδὲν
3117 1900 3218 1969 γὰρ
3250 1898 3382 1949 οὕτω
3429 1905 3566 1949 ποιεῖ
3621 1899 3988 1969 θαυμαστοὺς,

2381 1988 2446 2046 ὡς
2486 1985 2602 2056 βίος
2646 1988 2861 2046 οἰσκευος
2909 1991 2996 2037 καὶ
3043 1986 3321 2059 ὀλιγαρκής
3350 2002 3362 2016 ⁸
3401 1982 3514 2037 εἶτα
3565 1983 3841 2058 φροντίδος
3882 1989 3987 2038 ποί-

2383 2093 2478 2134 σης
2591 2073 2922 2124 ἀπαλλάττων
3008 2076 3236 2134 τούτους,
3337 2073 3578 2135 εἰωθυίας
3667 2071 3985 2146 ἔμπεδίξιιν

2378 2161 2618 2221 πολλάκις
2651 2179 2662 2190 ·
2713 2164 2886 2213 ἔπειτα
2939 2159 3107 2223 δεῖξαι
3160 2161 3312 2214 θέλων
3361 2164 3454 2219 τὴν
3513 2161 3698 2213 ἑαυτοῦ
3753 2159 3977 2233 δύναμιν

2379 2248 2703 2321 ἐπαρκοῦσαν
2771 2249 2947 2310 αὐτοῖς
3014 2250 3085 2311 εἰς
3143 2249 3368 2302 ἅπαντα.

2377 2337 2555 2408 ἔλεγεν,
2616 2339 2695 2389 ὅτι
2759 2336 2882 2390 Ὀτε
2939 2335 3216 2390 ἀπέστειλα
3274 2339 3412 2409 ἡμᾶς
3493 2338 3614 2410 ἄτερ
3690 2337 3959 2411 βαλαντίου

2377 2430 2467 2476 καὶ
2498 2431 2685 2500 πήρας,
2719 2430 2789 2498 μή
2819 2445 2956 2487 τινος
2982 2427 3339 2500 tia-rapiam“;

3445 2253 3532 2301 Διὸ
3599 2255 3690 2302 καὶ
3759 2251 3969 2324 ὕστερον

687 2608 728 2676 ιι-
758 2606 893 2660 Ηωο
941 2603 1083 2658 dicit
1113 2603 1382 2659 Salvator
1411 2602 1719 2674 apostolis,
1777 2603 1991 2658 nolens
2047 2607 2112 2658 ut
2140 2603 2254 2659 sub
2287 2603 2398 2658 hoc
2455 2606 2744 2674 praetextu
2793 2601 3098 2658 facultates
3147 2605 3529 2673 congregent.
3585 2605 3781 2674 Neque
3828 2614 3974 2672 ergo

616 2709 847 2756 aurum,
880 2691 972 2746 vel
997 2697 1325 2758 argentum,
1361 2695 1464 2745 aut
1490 2707 1589 2760 aes,
1615 2706 1804 2762 neque
1834 2706 2077 2762 panem,
2139 2707 2329 2762 neque
2374 2707 2579 2762 peram
2614 2707 2726 2747 nos
2757 2691 2973 2746 habere
3003 2691 3143 2756 vult,
3190 2706 3377 2762 neque
3413 2690 3836 2754 calceamenta,
3865 2704 3969 2744 ne-

613 2795 733 2851 que
759 2787 1004 2840 vestem,
1064 2793 1258 2848 neque
1291 2778 1592 2841 baculum,
1648 2794 1792 2832 usus
1846 2793 2052 2841 causa,
2102 2785 2203 2833 aut
2253 2795 2438 2849 opum
2489 2779 2813 2850 cupiditate
2871 2795 2975 2850 per
3018 2780 3171 2834 viam
3218 2779 3488 2850 accipere
3520 2795 3533 2834 :
3562 2794 3679 2834 non
3731 2779 3807 2832 ad
3861 2794 3961 2832 zo-

615 2884 750 2922 nam
780 2883 883 2931 ωε,
917 2880 1111 2936 neque
1136 2870 1198 2919 ut
1238 2863 1476 2919 duabus
1509 2865 1830 2920 induamur
1871 2865 2100 2929 tunicis,
2155 2865 2256 2920 sed
2305 2883 2406 2938 per
2437 2867 2596 2924 viam
2623 2868 2828 2923 omnia
2858 2866 3134 2922 facillime
3169 2871 3226 2922 et
3273 2867 3667 2937 frugalissime
3696 2865 3948 2938 accipia-

620 2972 768 3010 mus.

686 3043 904 3116 +Aqui
932 3040 1160 3097 loculos
1211 3041 1340 3114 ipse
1384 3040 1650 3100 ferebat:
1697 3057 1810 3097 non
1842 3045 2042 3098 tamen
2087 3042 2259 3115 quasi
2301 3041 2341 3097 C

615 3133 881 3206 pecunias
938 3132 1212 3202 cupidus,
1272 3130 1377 3186 sed
1407 3130 1581 3202 quasi
1630 3129 2013 3201 dispensator
2053 3147 2259 3187 eorum

615 3239 746 3294 quae
803 3220 1206 3276 offerebantur
1237 3237 1250 3287 ;
1284 3219 1595 3292 possidens
1624 3219 1816 3290 potius
1853 3219 1976 3276 haec
2031 3221 2110 3276 ad
2159 3236 2258 3275 ne-

615 3310 946 3366 cessitatem
973 3323 1145 3363 suam
1167 3314 1224 3362 et
1253 3307 1675 3378 discipulorum
1707 3323 1776 3362 ac
1805 3323 2155 3380 pauperum.

686 3397 856 3454 Vers.
898 3396 986 3450 10.
1043 3395 1236 3465 Neque
1280 3411 1478 3465 peram
1506 3425 1575 3436 —
1633 3395 1921 3450 baculum.
1975 3397 2126 3460 Quia
2174 3413 2260 3452 re-

613 3499 796 3554 gnum
827 3483 1114 3539 caelorum
1141 3483 1598 3551 annuntiabant,
1620 3485 1930 3553 oportebat
1956 3499 2060 3539 eos
2082 3485 2259 3556 quasi

615 3571 862 3640 angelos
889 3571 962 3626 de
991 3570 1139 3626 coelo
1168 3570 1612 3638 descendentes,
1661 3570 1820 3626 leves
1855 3587 1924 3627 ac
1955 3572 2259 3643 expeditos

610 3660 900 3726 incedere,
929 3660 1094 3715 omni
1125 3665 1356 3715 terrena
1388 3675 1526 3715 cura
1577 3659 1818 3725 liberos,
1859 3665 1915 3715 et
1940 3661 2018 3716 ad
2069 3660 2258 3718 solum

608 3748 1003 3805 ministerium
1039 3747 1151 3804 sibi
1176 3748 1564 3804 commissum
1593 3747 1994 3820 respicientes.
2056 3752 2258 3806 Peram

609 3843 808 3894 autem
831 3837 968 3894 dicit
996 3837 1387 3909 marsupium,
1433 3853 1550 3908 quo
1607 3837 1685 3893 ad
1723 3837 1832 3893 iter
1882 3838 2258 3894 immittenda

609 3927 753 4000 pani
791 3925 1124 3982 utebantur.

678 4015 934 4083 Dignum
967 4018 1053 4068 est
1082 4018 1282 4068 autem
1315 4018 1377 4068 ut
1398 4028 1757 4083 quaeramus,
1789 4014 2096 4084 quomodo
2125 4017 2258 4070 Mat-

609 4101 796 4155 thmus
833 4106 889 4155 et
937 4100 1123 4154 Lucas
1165 4099 1369 4154 dicunt
1406 4097 1658 4168 jussisse
1699 4101 1767 4163 ¹¹,
1829 4104 1890 4154 ut
1941 4100 2022 4155 illi
2063 4117 2256 4172 neque

605 4186 1030 4250 calceamenta,
1083 4201 1276 4257 neque
1332 4185 1616 4241 baculum
1669 4185 1984 4255 haberent,
2031 4191 2256 4244 Marcus

605 4289 744 4329 vero
775 4273 858 4329 ait
908 4274 1035 4328 sola
1083 4274 1210 4329 baac
1266 4274 1352 4328 eis
1399 4273 1738 4344 permisisse
1778 4275 1851 4330 ¹².
1911 4276 2058 4341 Quid
2116 4292 2256 4346 ergo

2449 3044 2570 3114 [Καὶ
2636 3043 2746 3112 (10)
2816 3047 2917 3114 μὴν
3001 3042 3155 3103 αὐτὸς
3233 3041 3496 3118 ἐπεφέρετο
3570 3043 3965 3115 γλωσσόκομον,

2376 3130 2483 3182 ἀλλ’
2519 3132 2622 3202 οὐχ
2658 3135 2725 3191 ὡς
2763 3131 3108 3203 φιλοκτήμων,
3157 3130 3262 3182 ἀλλ’
3295 3134 3357 3191 ὡς
3407 3131 3668 3202 οἰκονόμος
3721 3140 3817 3183 τῶν
3871 3129 3967 3202 ἔμ-

2375 3219 2712 3291 ϐεϐλημίνων,
2765 3219 3123 3290 ἀποκτώμενος
3177 3218 3364 3291 μᾶλλον
3422 3219 3554 3271 αὖτὰ
3618 3223 3743 3293 πρὸς
3779 3223 3968 3293 χρείαν

2375 3307 2560 3359 ἑαυτοῦ
2585 3327 2634 3360 τε
2662 3312 2749 3359 καὶ
2781 3316 2878 3360 τῶν
2908 3309 3172 3378 μαθητῶν,
3205 3312 3289 3359 καὶ
3323 3315 3421 3358 τῶν
3445 3312 3694 3364 πενήτων.
3724 3307 3746 3380 ]

2444 3400 2527 3454 Μὴ
2583 3401 2753 3468 πήραν
2808 3425 2875 3434 —
2917 3391 3134 3468 ῥάϐδον.
3194 3395 3330 3448 Ἐπεὶ
3386 3400 3480 3453 τὴν
3553 3394 3822 3467 βασιλείαν
3869 3403 3968 3447 τῶν

2373 3484 2597 3555 οὐρανῶν
2654 3483 3020 3555 κατήγγελλον,
3072 3481 3178 3536 ἔδει
3227 3485 3429 3546 πάντως
3481 3483 3683 3550 αὐτοὺς,
3738 3487 3809 3546 ὡς
3867 3481 3968 3554 ἀγ-

2371 3572 2550 3643 γέλους
2579 3571 2632 3634 ἐξ
2680 3573 2896 3646 οὐρανοῦ
2940 3577 3232 3636 κατιόντας,
3279 3572 3412 3623 οὕτω
3453 3569 3696 3644 βαδίζειν
3742 3575 3968 3644 κούφους

2371 3667 2459 3713 καὶ
2509 3661 2791 3723 εὐσταλεῖς,
2839 3663 3014 3722 πάσης
3052 3663 3140 3732 μὲν
3199 3660 3381 3721 ὑλικῆς
3433 3656 3706 3732 φροντίδος
3776 3659 3970 3713 ἐλευθέ-

2369 3769 2512 3825 ρους,
2557 3755 2622 3809 είς
2665 3753 2822 3820 μόνην
2856 3745 2914 3801 δὲ
2964 3747 3243 3821 βλέποντας
3290 3752 3382 3806 τὴν
3421 3747 3850 3821 ἐγχειρισθεῖσαν
3884 3747 3973 3800 αὖ·

2370 3845 2480 3899 τοῖς
2526 3835 2809 3890 διακονίαν.
2855 3842 3032 3911 Πήραν
3093 3834 3150 3889 δὲ
3200 3837 3335 3907 λέγει
3389 3840 3446 3888 τὸ
3497 3837 3610 3908 (ll)
3656 3843 3970 3910 μαρσίπιον,

2371 3927 2410 3996 ᾧ
2440 3925 2720 3999 ἐκέχρηντο
2755 3928 2888 3977 κατὰ
2927 3930 3018 3984 τήν
3046 3923 3186 3995 ὁδόν,
3224 3924 3555 3996 ἐμϐάλλοντες
3581 3927 3755 3998 ἄρτον.

2440 4013 2616 4076 Ἀξιον
2650 4011 2706 4066 δὲ
2744 4015 2997 4078 ζητῆσαι,
3046 4022 3148 4073 πῶς
3188 4015 3448 4074 Ματθαίρς
3487 4017 3574 4085 μὲν
3618 4019 3708 4064 καὶ
3755 4019 3972 4074 Λουκᾶς

2370 4122 2516 4170 φασι,
2581 4101 2918 4161 κελευσθῆναι
2971 4103 3206 4168 τούτους,
3275 4107 3406 4173 μήτε
3454 4098 3777 4174 ὑποδήματα
3831 4099 3972 4175 μηδε

2367 4188 2562 4264 ῥάϐδον
2616 4193 2757 4262 ἔχειν
2805 4207 2817 4221 ⁸
2878 4192 2903 4242 ό
2959 4187 3016 4242 δε
3072 4193 3284 4263 Μάρκος
3344 4190 3498 4261 λέγει,
3549 4193 3970 4265 συγχωρηθῆναι

2369 4288 2536 4331 ταῦτα
2599 4280 2714 4350 (12)
2789 4285 2920 4351 μόνα
2981 4279 3176 4339 αὐτοῖς.
3261 4283 3323 4330 Τί
3389 4275 3474 4330 οὖν
3553 4280 3691 4331 ἔστιν
3759 4280 3963 4343 simis;

599 4362 924 4420 dicendum
963 4367 1050 4417 est
1082 4362 1298 4428 ?Quod
1323 4361 1584 4434 primum
1617 4361 1861 4433 quidem
1891 4365 1972 4420 ita
1997 4364 2252 4436 jusserit,

2378 4365 2488 4420 Ὀτι
2537 4377 2737 4442 πρῶτον
2809 4371 2896 4438 μὲν
2967 4367 3101 4419 οὕτω
3167 4366 3496 4442 προσέταξεν,
3562 4369 3632 4428 ὡς
3695 4370 3966 4425 Ματθαῐος

599 4451 752 4507 sicut
795 4449 1101 4507 Matthaeus
1151 4456 1204 4506 et
1255 4452 1443 4507 Lucas
1495 4450 1818 4509 dixerunt:
1870 4454 2252 4525 postmodum

602 4545 803 4596 autem
857 4540 1189 4612 permiserit
1255 4541 1360 4607 eis,
1431 4543 1491 4596 ut
1556 4540 1968 4598 calcearentur
2025 4547 2256 4600 tantum

601 4628 907 4696 saudaliis,
934 4633 992 4684 et
1042 4629 1362 4686 retinerent
1407 4628 1693 4685 baculum
1747 4630 1823 4686 ad
1857 4631 2082 4703 pedum
2131 4647 2262 4688 cus'

671 4755 719 4790 ¹⁰
749 4755 885 4810 Luc.
915 4769 1058 4812 nu.
1093 4756 1187 4812 35.
1304 4755 1347 4791 υ
1367 4753 1509 4810 Luc.
1532 4769 1611 4825 ιι,
1641 4756 1700 4811 3.

2369 4462 2457 4508 καὶ
2496 4463 2701 4517 Λουκᾶς
2751 4453 2887 4508 εἶπον
2921 4475 2934 4489 ο
2991 4455 3200 4528 ὕστερον
3255 4451 3313 4507 δε
3359 4459 3735 4528 παρεχώρησεν
3790 4456 3964 4514 αὐτοῖς

2369 4541 2724 4596 ὑποδεδέσθαι
2751 4549 2902 4616 μόνον
2936 4540 3194 4595 σανδάλια
3235 4547 3324 4594 καὶ
3363 4547 3603 4614 κατέχειν
3631 4539 3853 4618 ῥάϐδον,
3893 4539 3960 4600 εἰς

2371 4632 2600 4705 φυλακήν
2649 4651 2702 4685 τε
2743 4641 2842 4686 τῶν
2890 4631 3087 4702 ποδῶν,
3141 4635 3230 4684 καὶ
3282 4633 3674 4706 ὑποστηριγμόν
3717 4641 3814 4685 τοῦ
3861 4634 3954 4682 σώ-

1817 4754 1864 4790 ¹²
1893 4753 2075 4810 Marc.
2112 4771 2187 4820 v1,
2215 4757 2268 4821 8,
2311 4759 2369 4812 9.

1819 4901 2043 4971 Variae
2069 4903 2391 4973 lectiones
2433 4914 2497 4972 et
2537 4915 2742 4973 notae.

675 5099 751 5172 (9)
787 5097 1266 5172 Chrysostomus,
1314 5104 1378 5155 ut
1406 5098 1544 5156 alibi
1573 5096 1698 5169 jam
1726 5099 1959 5172 monui,
1998 5097 2254 5172 inseruit

602 5172 742 5226 huic
769 5171 1221 5246 versuiLvsxpox);
1250 5172 1489 5246 ἐγείρετε.
1544 5172 1681 5246 _Siue
1707 5171 1824 5246 ullo
1863 5171 2048 5246 dubio
2079 5171 2252 5246 lapsu

605 5243 931 5296 memoriae.
966 5241 1516 5297 Trac‘taturuseuim
1544 5242 1703 5295 hunc
1723 5241 1941 5305 locum,
1971 5241 2029 5296 in
2051 5243 2255 5312 princi-

602 5313 704 5385 pio
763 5313 943 5385 habet
977 5330 988 5366 :
1025 5319 1207 5364 Σκόπει
1262 5333 1351 5384 μοι
1397 5317 1464 5385 ,τὸ
1516 5315 1748 5385 εὔκαιρον
1789 5321 1878 5373 τῆς
1915 5311 2248 5385 ,ἀποστολῆς

605 5382 680 5455 ορΔ
709 5385 811 5455 γὰρ
868 5382 922 5434 ἐκ
980 5382 1271 5455 προοιμίων
1346 5383 1531 5444 αὐτοὺς
1581 5382 1821 5455 ἐπεμψεν,
1879 5384 1987 5435 αλλ’
2042 5386 2126 5436 ὅτε
2185 5417 2254 5426 -

603 5441 742 5582 ἱξδοῦ
782 5441 868 5506 καὶ
914 5441 1088 5530 νεκρόν
1119 5441 1411 5532 ίγερθέντα,
1479 5441 1616 5512 Vide
1657 5441 1819 5511 to'm:
1855 5455 1967 5521 Vll,
2010 5471 2067 5528 ρ.
2113 5458 2240 5512 308.

2435 5098 2546 5172 (l0)
2583 5101 2643 5157 In
2681 5097 2949 5172 margine
2980 5097 3201 5158 habent
3231 5100 3461 5158 inclusa
3487 5106 3529 5159 Α
3562 5105 3621 5161 B.
3655 5104 3956 5161 Scholium

2363 5171 2776 5296 autem,_quod
2806 5173 2866 5227 in
2897 5174 3162 5229 versione
3191 5176 3394 5231 Latina
3421 5176 3718 5247 praecedit,
3751 5179 3956 5232 neuter

2365 5258 2658 5311 agnosci.

2411 5313 2541 5399 ’(tl)
2585 5317 2668 5370 lta
2716 5311 2901 5368 codex
2961 5319 3223 5388 uterque.
3280 5315 3563 5374 Scribitur
3609 5315 3786 5374 etiam
3828 5332 3953 5389 μαο·

2365 5403 2569 5439 συπιον.

2434 5455 2546 5526 (12)
2576 5462 2730 5532 μόνα,
2757 5455 2923 5514 abest
2951 5457 3019 5512 Α.
