4206 6310
342 262 454 321 329
1327 251 1694 313 COMMENT.
1738 254 1807 311 IN
1844 250 2276 311 MATTH/EUM.
2319 283 2387 293 —
2425 253 2580 310 CAP.
2627 250 2695 315 X.
3606 253 3710 311 330

349 410 530 464 ματος,
584 384 1010 458 συγκαταϐαίνων
1064 392 1126 456 τῇ
1174 383 1413 454 ἀσθενείᾳ
1462 382 1651 446 αὐτῶν,
1705 378 1798 433 διὰ
1852 385 1946 438 τὴν
1976 381 2010 434 Α

2056 378 2282 435 todiam
2308 380 2364 433 et
2392 380 2931 435 sustentamentum
2972 374 3257 448 corporis,
3300 374 3619 433 demittens
3647 394 3710 435 se

350 481 455 533 ἀπὸ
528 486 621 538 τῆς
690 474 997 549 ὁδοιπορίας
1062 474 1435 544 ταλαιπωρίαν,
1512 472 1581 531 ὡς
1643 472 1667 521 ό
1734 473 1947 545 Μάρκος

2056 468 2134 524 ad
2165 466 2629 523 imbecillitatem
2661 482 2879 533 eorum,
2910 471 3151 538 propter
3178 464 3446 522 laborem
3496 467 3600 538 qui
3629 467 3707 524 ab

349 567 587 641 ἔγραψεν.
660 566 798 616 Ἀντὶ
853 562 910 616 δὲ
968 570 1079 631 τοῦ,
1138 566 1221 618 Μὴ
1294 562 1585 625 κτήσησθε,
1636 564 1719 616 Μὴ
1780 562 1947 631 αῖρετε

2056 556 2261 611 itinere
2319 558 2608 627 provenit.
2669 558 2852 612 Lucas
2892 572 3034 611 vero
3090 570 3199 625 pro
3236 570 3307 611 eo
3360 555 3519 626 quod
3571 559 3700 612 est:

351 657 487 711 εἶπεν
517 657 541 706 ὁ
574 659 800 713 Λουκᾶς.
841 651 952 705 Ἰνα
983 648 1041 703 δι
1084 655 1155 721 μὴ
1209 652 1393 701 εἴπωσι
1430 666 1443 680 ⁸
1479 650 1637 700 Πόθεν
1689 645 1776 699 οὖν
1825 666 1945 719 τρα-

2054 646 2256 701 Nolite
2287 645 2602 713 possidere,
2630 644 2815 700 habet
2845 664 2857 699 :
2906 646 3105 700 Nolite
3149 643 3403 714 portare
3462 647 3528 710 ",
3556 646 3706 701 sicut

350 746 641 818 φησόμεθα.
675 739 841 814 μηδεν
872 744 1121 813 αἴροντες,
1150 743 1307 810 φησίν
1328 759 1340 770 ·

2056 735 2233 789 etiam
2258 733 2433 788 refert
2460 736 2706 790 Marcus.
2728 736 2806 789 Ne
2854 738 3056 789 autem
3113 733 3333 799 dicant,
3386 733 3550 789 Unde
3591 734 3705 790 ale-

2054 838 2209 886 mur,
2246 822 2291 875 si
2325 822 2467 876 nihil
2510 822 2839 887 tulerimus,
2880 822 3014 877 ideo
3041 822 3217 877 dicit:

417 921 591 983 Ἀξιος
635 950 703 960 --
753 917 909 970 ἰστίν.
966 915 1041 968 Οὐ
1091 920 1268 987 χρεία,
1320 919 1497 986 φησὶν,
1536 915 1654 983 ὑμῖν
1704 910 1941 983 ἐφοδίων.

2126 912 2291 965 Vers.
2338 914 2419 965 t0.
2473 912 2699 980 Dignus
2738 942 2806 950 —
2859 916 2962 965 est.
3022 910 3212 973 Nullo,
3267 910 3480 983 inquit,
3536 911 3702 970 vobis

341 1011 458 1081 (l3)
500 1008 676 1071 ’Ἄξιοι
718 1008 815 1081 γάρ
861 1005 976 1058 ἐστε
1007 1006 1280 1077 τρέφεσθαι
1326 1006 1469 1075 παρά
1514 1010 1613 1053 τῶν
1663 1002 1943 1073 ὠφελουμέι

2054 1014 2202 1070 opus
2232 1004 2316 1053 est
2362 999 2623 1069 viatico;
2666 998 2833 1067 digni
2883 998 3045 1053 enim
3094 999 3251 1061 estis,
3306 1000 3411 1070 qui
3454 999 3703 1055 alamini

338 1120 440 1151 νων
472 1099 556 1169 ὑφ’
590 1099 752 1168 ὑμῶν,
799 1095 922 1166 παρ’
953 1094 1030 1154 οἷς
1075 1092 1373 1165 ἐργάζεσθε.
1430 1092 1553 1164 μαρ’
1592 1091 1663 1150 οἷς
1709 1096 1939 1142 κοπιᾶτε.

2054 1088 2131 1143 ab
2162 1088 2253 1142 his
2274 1087 2377 1159 qui
2408 1104 2444 1143 a
2468 1087 2637 1142 vobis
2646 1087 2949 1157 juvantur,
2973 1088 3139 1159 apud
3169 1102 3323 1158 quos
3341 1088 3697 1158 operamini,

343 1190 511 1240 Τοῦτό
540 1189 640 1257 γὰρ
674 1184 732 1236 οὐ
769 1181 954 1258 δῶρον,
989 1181 1116 1233 ἀλλὰ
1158 1183 1342 1252 μισθός
1398 1179 1511 1232 ἐστι
1566 1186 1662 1239 τῆς
1700 1177 1945 1253 ἐργασίας

2054 1177 2218 1248 apud
2243 1192 2395 1248 quos
2422 1176 2731 1233 laboratis.
2774 1180 2921 1233 Nam
2952 1177 3064 1232 hoc
3112 1191 3235 1232 non
3278 1176 3528 1241 donum,
3597 1175 3703 1231 sed

346 1277 513 1348 ὑμῶν,
544 1279 632 1326 καὶ
662 1271 959 1343 ἀναγκαῖον,
994 1274 1061 1332 ὡς
1085 1269 1420 1342 ὀφειλόμενον.

2055 1281 2283 1321 merces
2313 1270 2399 1321 est
2423 1265 2622 1337 operis
2654 1266 2850 1336 vestri,
2880 1280 2952 1322 ac
2990 1263 3393 1322 necessarium
3416 1269 3702 1337 tanquam

2054 1354 2323 1410 debitum
2335 1394 2349 1409 .
3546 1405 3553 1413 .

421 1453 513 1513 Εἰς
540 1454 601 1510 ἦν
664 1447 714 1503 δ’
771 1448 831 1500 ἂν
886 1478 965 1523 -Ι
1010 1446 1263 1509 ἐξέλθητε.
1328 1444 1440 1499 Ἰνα
1494 1449 1565 1517 μὴ
1633 1449 1940 1517 νομίσωσιν,

2124 1445 2282 1498 Vers.
2315 1448 2397 1497 11.
2428 1444 2500 1499 In
2536 1457 2936 1514 quamcunque
2972 1474 3040 1484 —
3071 1443 3316 1500 exectis.
3361 1445 3440 1499 Ne
3469 1446 3699 1515 putent,

351 1543 427 1595 ὅτι
491 1544 580 1601 τὰς
645 1541 849 1591 πάντων
920 1544 1019 1587 τῶν
1086 1534 1441 1607 ὠφελουμένων
1521 1536 1678 1608 θύρας
1768 1532 1943 1593 αὐτοῖς

2052 1531 2219 1603 quod
2264 1531 2529 1586 omnium
2572 1531 2676 1602 qui
2705 1531 2783 1586 ab
2808 1532 2893 1586 eis
2938 1531 3293 1601 juvarentur
3348 1532 3569 1601 januas
3615 1532 3702 1587 in-

354 1629 555 1701 ἀνὲῳξε,
599 1630 809 1694 κελεύει,
844 1626 965 1696 παρ’
1006 1624 1200 1695 ἑκάστῃ
1251 1622 1396 1675 πόλει
1442 1626 1532 1673 καὶ
1573 1627 1720 1693 κώμῃ
1770 1622 1941 1681 ζητεῖν

2054 1619 2220 1689 gredi
2244 1619 2520 1684 debeant,
2558 1619 2727 1690 jubet
2751 1624 2815 1675 ut
2859 1620 2920 1674 in
2964 1634 3324 1691 quacunque
3371 1620 3607 1675 civitate
3648 1622 3702 1676 et

354 1718 440 1770 ἕνα
484 1721 573 1768 τόν
615 1715 754 1778 ἄξιον
795 1722 886 1773 τῆς
923 1712 1035 1783 (14)
1083 1708 1362 1783 ὑποδοχῆς
1419 1710 1605 1774 αὐτῶν,
1657 1714 1816 1779 ἤγουν
1855 1712 1941 1761 τὸν
1980 1736 2015 1790 Β

2056 1709 2201 1776 vico,
2228 1712 2499 1779 quaerant
2523 1724 2713 1763 unum
2759 1708 3027 1777 dignum,
3077 1708 3183 1779 qui
3232 1723 3333 1763 eos
3390 1708 3696 1779 suscipiat,

358 1809 675 1879 σεμνότερον,
723 1806 807 1854 τὸν
864 1799 1269 1873 θεοσεϐέστερον,
1323 1804 1412 1851 καὶ
1470 1798 1592 1871 παρ’
1654 1798 1792 1868 αὐτῷ
1857 1803 1944 1869 μία

2054 1797 2327 1852 videlicet
2374 1797 2695 1853 honestum
2749 1798 2848 1853 Dei
2910 1797 3213 1863 cultorem,
3268 1801 3325 1852 et
3364 1797 3519 1868 apud
3560 1811 3700 1853 eum

353 1913 473 1961 νειν,
530 1894 618 1952 ἕως
684 1892 744 1942 ἄν
783 1888 1054 1953 ἰξίλθωσιν
1110 1890 1164 1940 ἐκ
1221 1896 1318 1960 τῇς
1372 1887 1581 1949 πόλεως,
1650 1889 1786 1939 ὥστε
1850 1890 1938 1957 μὴ,

2054 1889 2350 1956 maneant,
2404 1886 2594 1941 donec
2659 1901 2691 1940 e
2742 1884 2977 1940 civitate
3033 1888 3285 1941 exeant:
3321 1900 3397 1940 ne
3448 1885 3701 1940 domum

352 1983 518 2035 οἰκίαν
547 1980 599 2042 ἐξ
649 1979 817 2039 οἰκίας
869 1976 1191 2049 ἀμείϐοντας,
1235 1976 1411 2027 λυπεῖν
1465 1995 1518 2027 τε
1546 1978 1632 2027 τὸν
1685 1972 1941 2037 ὑπόδεξά-

2052 1975 2114 2030 in
2152 1974 2402 2030 domum
2456 1977 2882 2045 permutantes,
2921 1977 2977 2029 et
3005 1988 3145 2028 eum
3192 1972 3297 2043 qui
3337 1987 3399 2027 se
3430 1987 3702 2043 suscepe-

352 2089 519 2143 μενον,
549 2073 637 2121 καὶ
662 2070 1091 2142 γαστριμαργίας
1121 2061 1276 2127 δόξαν
1313 2064 1613 2136 λαμϐάνειν,

2051 2067 2142 2119 rat
2185 2062 2548 2128 contristent,
2599 2066 2655 2118 et
2679 2061 3102 2132 gastrimargiaa
3160 2061 3569 2133 suspicionem
3615 2061 3703 2115 in-

2053 2156 2312 2208 currant.

421 2244 791 2316 Εἰσερχόμενοι
853 2269 914 2281 ——
971 2240 1153 2297 αὐτήν.
1204 2240 1564 2306 Ἀσπάσασθε,
1634 2238 1749 2291 ἀντὶ
1826 2246 1939 2303 τοῦ,

2123 2242 2286 2296 Vers.
2330 2239 2411 2294 12.
2463 2240 2863 2309 Ingredientes
2913 2238 3195 2295 —illam.
3249 2237 3529 2307 Salutate,
3585 2238 3701 2293 hoc

344 2333 666 2403 Ἐπεύχεσθε
716 2330 923 2403 εἰρήνην
963 2328 1078 2399 (15)
1127 2329 1281 2399 αὐτῇ
1346 2334 1523 2380 Ταῦτα
1568 2330 1671 2401 γὰρ
1730 2328 1942 2399 ὕστερον

2052 2334 2156 2395 est,
2190 2343 2403 2400 pacem
2442 2327 2521 2383 illi
2561 2328 2907 2399 precamini.
2958 2330 3089 2382 Haec
3119 2326 3280 2383 enim
3309 2325 3700 2397 postmodum

343 2426 435 2473 καὶ
487 2427 593 2479 τοίς
657 2414 1018 2489 ἑϐδομήκοντα
1079 2417 1299 2487 μαθταίς
1374 2414 1714 2487 ἐντειλάμενος
1785 2414 1941 2486 εἶπεν,

2054 2418 2434 2489 septuaginta
2462 2416 2766 2487 discipulis
2790 2416 3153 2487 praecipiens,
3185 2414 3331 2470 dixit
3356 2433 3367 2472 :
3398 2414 3467 2470 In
3496 2428 3699 2485 quam-

350 2512 431 2562 ὅτι
486 2508 574 2569 Εἰς
628 2506 689 2564 ἣν
749 2502 799 2557 δ’
852 2505 912 2557 ἂν
980 2504 1147 2556 οἰκίαν
1211 2504 1544 2579 εἰσέρχησθε,
1608 2512 1811 2579 πρῶτον
1868 2506 1945 2558 λέο

2055 2521 2286 2577 cunque
2324 2507 2561 2561 domum
2609 2506 3000 2573 intraverilis,
3039 2506 3301 2574 primum
3331 2503 3537 2559 dicite:
3570 2502 3701 2560 Pax

350 2616 464 2670 γετε
499 2615 512 2627 ·
540 2596 730 2668 Εἰρήνη
766 2601 837 2663 τῷ
868 2596 991 2664 οἴκῳ
1028 2592 1142 2664 (i6)
1171 2595 1353 2663 τούτῳ.

834 2621 837 2639 ι
868 2596 991 2664 οἴκῳ
1028 2592 1142 2664 (i6)
1171 2595 1353 2663 τούτῳ.
2058 2596 2190 2651 huic
2216 2595 2418 2650 domui
2450 2595 2495 2629 1⁸

423 2688 526 2741 Καὶ
568 2714 635 2723 -
684 2682 1072 2753 ἐπιστραφήτω.
1121 2684 1261 2733 Διότι
1316 2680 1563 2743 πολλάκις
1620 2682 1645 2733 ὁ
1685 2679 1945 2755 ὑποδεχό-

2126 2687 2287 2740 Vers.
2350 2688 2433 2739 i3.
2494 2684 2572 2738 Et
2628 2688 3031 2739 convertatur.
3084 2682 3234 2747 Quia
3308 2681 3358 2735 is
3409 2679 3507 2752 qui
3574 2696 3701 2735 sus-

344 2793 516 2847 μενος,
550 2774 713 2842 ὄνομα
742 2772 831 2841 μεν
862 2770 1001 2839 εἶχεν
1028 2767 1194 2834 ἀξίου,
1230 2767 1347 2840 βίον
1396 2765 1454 2820 δὲ
1484 2768 1718 2835 ἀνάξισν,
1766 2777 1942 2842 φησὶν,

2056 2774 2211 2845 cipit,
2259 2774 2481 2843 saepius
2532 2771 2696 2840 digni
2752 2785 2965 2825 nomen
3015 2770 3216 2835 habet,
3266 2768 3448 2824 vitam
3500 2771 3701 2823 autem

343 2864 427 2916 ὅτι
476 2862 597 2915 Ἐὰν
628 2863 717 2931 μεν
845 2859 875 2915 ἡ
918 2857 1061 2908 οἰκία
1108 2858 1221 2927 (17)
1281 2856 1411 2913 αὕτη
1467 2857 1611 2926 ἀξία,
1659 2857 1842 2911 ἰλθέτω
1872 2859 1946 2912 ἐπ’

2056 2861 2390 2931 indignam,
2404 2859 2539 2914 ideo
2556 2858 2698 2913 dicit
2717 2878 2728 2916 :
2752 2858 2810 2913 Si
2822 2858 3065 2929 quidem
3080 2856 3481 2912 fueritdomus
3494 2854 3699 2925 digna,

346 2950 513 3007 αὐτὴν
542 2951 571 3006 ἡ
626 2944 844 3000 δοθεῖσα
883 2944 1005 3018 παρ’
1038 2946 1179 3016 ὑμῶν
1217 2945 1414 3019 εἰρήνη,
1469 2949 1755 3014 τουτέστιν,
1813 2947 1945 3022 ἆνερ-

2055 2949 2256 3006 veniat
2329 2963 2509 3018 super
2580 2946 2764 3014 illam,
2820 2962 2933 3016 pax
3012 2961 3145 3017 quae
3198 2962 3233 3001 a
3282 2944 3455 3000 vobis
3509 2944 3700 3008 datur,

347 3039 568 3110 γησάτω
624 3036 690 3097 εἰς
765 3035 949 3101 αὐτὴν,
1004 3039 1089 3085 καὶ
1142 3036 1273 3085 ἔστω
1340 3033 1540 3106 εἰρήνης
1610 3034 1947 3091 ἀπολαύουσα
1981 3077 2008 3133 C

2057 3038 2119 3093 id
2168 3042 2274 3101 est,
2326 3041 2603 3108 operetur
2646 3035 2705 3090 in
2770 3034 2951 3102 illam,
3012 3034 3363 3105 fruaturque
3444 3048 3594 3103 pace
3650 3036 3704 3087 et

346 3132 437 3178 καὶ
476 3124 706 3196 γαλήνης
739 3142 751 3153 ⁸
789 3121 871 3174 ἐὰν
909 3119 968 3173 δὲ
1008 3126 1077 3194 μὴ
1203 3120 1346 3187 ἀξία,
1380 3123 1409 3180 ἦ
1442 3124 1615 3194 εἰρήνη
1658 3126 1799 3196 ὑμῶν
1826 3128 1948 3198 πρὸς
1984 3119 2007 3133 κ

2057 3124 2479 3198 tranquillitate
2512 3166 2524 3184 .
2554 3124 2601 3177 si
2640 3139 2776 3178 vero
2815 3122 2989 3177 fuerit
3044 3122 3306 3190 indigna,
3367 3137 3484 3192 pax
3513 3126 3704 3175 vestra

349 3216 483 3277 ὑμᾶς
536 3212 907 3286 ἀναστρεφέτω,
962 3214 1144 3281 ἤγουν,
1197 3206 1362 3281 μηδὲν
1420 3209 1766 3284 ἔνεργησάτω,
1823 3212 1951 3266 ἀλλὰ

2058 3216 2135 3271 ad
2159 3230 2261 3269 vos
2314 3216 2709 3272 convertatur,
2762 3211 2884 3265 sive
2923 3210 3071 3266 nihil
3112 3212 3389 3281 operetur
3418 3225 3430 3263 :
3463 3207 3562 3262 sed
3592 3208 3705 3262 hac

352 3305 545 3359 ταύτην
580 3303 691 3374 μεθ’
735 3300 924 3352 ἑαυτῶν
952 3298 1193 3359 λαϐόντες
1230 3297 1468 3360 ἐξελθετε.

1230 3297 1468 3360 έξῐλθετε·
2057 3303 2368 3360 vobiscum
2396 3305 2658 3371 sumpta,
2692 3301 2859 3354 exite.

425 3395 608 3443 Σκόπει
670 3385 751 3456 δε,
809 3396 917 3450 πῶς
991 3386 1085 3439 οὐκ
1148 3383 1335 3439 ἔδωκεν
1418 3388 1589 3449 αὐτοῖς
1656 3393 1949 3463 πρόγνωσιν

2132 3391 2271 3446 Vide
2327 3389 2491 3461 quod
2562 3403 2684 3443 non
2730 3386 2960 3441 dederit
3008 3386 3092 3441 eis
3174 3382 3708 3456 praecognitionem

355 3477 503 3541 ἀξίου
552 3482 642 3529 καὶ
695 3475 926 3544 ἀναξίου,
970 3476 1053 3527 ἵνα
1095 3483 1167 3544 τῷ
1220 3473 1613 3548 ἀναγκαιοτάτῳ
1664 3477 1951 3550 λειπόμενοι

2058 3479 2218 3550 digni
2247 3483 2303 3534 et
2330 3476 2553 3545 indigni
2586 3492 2598 3531 :
2629 3482 2693 3530 ut
2742 3492 2801 3530 re
2834 3475 3098 3529 maxime
3150 3471 3487 3528 necessaria
3534 3470 3711 3525 desti-

350 3573 839 3639 ταπεινοφρονῶσιν,
913 3566 982 3626 ὡς
1056 3562 1267 3624 ἀτελεῖς.
1348 3568 1463 3637 Χρὴ
1542 3562 1601 3617 δι
1673 3567 1949 3639 θαυμάξειν

2061 3567 2187 3629 tuti,
2219 3581 2347 3622 sese
2376 3564 2708 3635 deprimant
2762 3568 3051 3634 tanquam
3102 3560 3457 3633 imperfecti.
3508 3557 3711 3613 Admi-

351 3664 464 3716 πῶς
519 3657 725 3707 πάντων
774 3658 1055 3725 γυμνώσας
1106 3651 1310 3719 αὐτοὺς,
1386 3656 1452 3705 τὰ
1518 3655 1717 3705 πάντων
1777 3656 1953 3717 αὐτοῖς

2058 3654 2318 3711 randum
2348 3657 2436 3708 est
2464 3656 2665 3707 autem
2690 3650 3021 3723 quomodo,
3068 3654 3395 3721 postquam
3423 3644 3708 3703 omnibus

358 3742 535 3802 ἀνῆκε.
602 3746 692 3802 Τίς
747 3744 847 3816 γάρ
903 3740 996 3792 οὐκ
1071 3739 1131 3792 ἂν
1189 3737 1356 3802 ἡδέως
1421 3738 1765 3812 ἰξενοδόχησε
1833 3747 1951 3805 τοὺς

2061 3759 2163 3800 eos
2194 3742 2461 3807 nudavit,
2506 3756 2715 3795 rusum
2746 3738 2861 3794 illis
2888 3738 3092 3794 omnia
3158 3735 3516 3791 submiserit.
3573 3734 3713 3797 Quis

358 3830 521 3890 οὕτως
567 3828 814 3891 ἀσκεύους
864 3833 954 3881 καὶ
994 3827 1327 3903 ἀμερίμνους,
1384 3829 1681 3900 λάμποντας
1734 3831 1847 3903 (18)
1895 3832 1952 3882 οὐ

2062 3831 2221 3888 enim
2252 3830 2387 3885 laeta
2410 3828 2600 3884 fronte
2644 3842 2767 3882 non
2827 3826 3112 3896 suscipiat
3140 3823 3395 3895 hospitio
3443 3820 3712 3893 quibusli

362 3923 514 3987 μόνον
565 3916 668 3969 ἀπὸ
715 3926 807 3970 τῶν
847 3917 1011 3988 λόγων
1059 3922 1147 3969 καὶ
1195 3926 1294 3969 τῶν
1340 3919 1637 3990 θαυμάτων,
1686 3918 1815 3972 ἀλλά
1866 3926 1955 3973 καὶ

2063 3919 2161 3975 bet
2207 3917 2397 3973 obviis
2457 3920 2788 3983 contentos,
2844 3931 2912 3970 ac
2961 3910 3358 3968 sollicitudine
3424 3912 3710 3973 carentes,

361 4011 463 4082 πρὸ
497 4009 706 4070 τούτων,
735 4004 835 4058 ἀπὸ
860 4013 952 4058 τοῦ
988 4004 1108 4078 βίου
1136 4021 1149 4071 ;

2064 4008 2377 4077 fulgentes,
2412 4020 2530 4060 non
2562 4001 2739 4059 'verbo
2780 4008 3014 4058 tantum
3054 4007 3108 4056 et
3139 3998 3467 4063 miraculis,
3500 4012 3714 4053 verum

2065 4097 2244 4152 etiam
2274 4094 2435 4166 quod
2480 4092 2664 4165 magis
2697 4097 2805 4157 est,
2836 4092 2998 4147 bona
3036 4090 3155 4145 vita
3193 4088 3220 4142 ‘?

434 4183 534 4239 Καὶ
590 4216 655 4225 -
703 4184 863 4256 ὑμῶν.
895 4181 955 4235 Ὀ
1012 4177 1071 4235 δὲ
1120 4185 1327 4255 Μάρκος
1380 4188 1573 4255 φησίν·
1630 4185 1958 4247 Ἐκτινάξατε

2142 4184 2307 4239 Vers.
2336 4184 2425 4239 14.
2466 4184 2998 4237 Et—vestrorum.
3040 4182 3268 4235 Marcus
3295 4176 3442 4231 dixit
3473 4175 3710 4230 :E’wcu—

362 4279 446 4328 τὸν
519 4280 653 4344 χοῦν
726 4275 813 4324 τὸν
886 4273 1123 4324 ὑκοκάτω
1191 4280 1288 4323 τῶν
1366 4268 1542 4324 ποδῶν
1642 4275 1805 4346 ὑμῶν,
1888 4274 1957 4336 εἰς

2069 4275 2171 4330 tite
2197 4274 2521 4342 pulverem,
2558 4272 2663 4341 qui
2689 4276 2771 4326 est
2802 4270 2909 4325 sub
2935 4269 3180 4337 pedibus
3213 4264 3433 4329 vestris,
3466 4264 3528 4317 in
3556 4262 3715 4317 ἰθείὶ-

361 4364 643 4437 μαρτύριον
693 4360 889 4425 αὐτοῖς,
950 4363 1131 4431 ἤγουν,
1192 4359 1264 4422 εἰς
1314 4359 1528 4432 ἔλεγχον
1581 4362 1768 4414 αὐτῶν.
1804 4360 1960 4421 Ἐδήο
1990 4423 2022 4437 ν

2069 4363 2319 4418 monium
2354 4361 2469 4415 illis
2513 4362 2582 4423 1³,
2613 4361 2738 4413 sive
2783 4358 2859 4413 ad
2910 4356 3397 4424 redargutionem
3455 4350 3719 4405 illorum.

359 4450 448 4503 λου
485 4452 589 4524 γὰρ
624 4450 649 4501 ὁ
681 4449 989 4521 ἰκτιναγμός
1012 4448 1180 4515 οὗτος,
1209 4449 1289 4500 ὅτι
1317 4448 1375 4500 οὐ
1407 4454 1557 4520 μόνον
1593 4447 1742 4504 ουδεν
1774 4451 1960 4504 ἐκεῖθεν
1990 4423 2020 4478 Ῑ

2070 4449 2521 4508 Manifestabant
2552 4448 2711 4504 enim
2739 4463 2842 4519 per
2870 4446 3046 4501 talem
3072 4444 3508 4502 excussionem,
3557 4436 3724 4509 quod

359 4537 561 4605 ἔλαϐον,
615 4535 741 4590 ἀλλὰ
789 4542 880 4589 καὶ
931 4540 1017 4590 τὸν
1073 4536 1258 4590 ἐκεῖθεν
1307 4541 1570 4610 κονιορτόν
1628 4538 1962 4593 ἰκτινάσσου-

2072 4554 2196 4595 non
2226 4538 2421 4594 solum
2451 4536 2591 4591 nihil
2617 4536 2756 4592 inde
2787 4533 3137 4605 acceperint,
3177 4531 3282 4585 sed
3314 4529 3491 4583 etiam
3518 4525 3728 4597 pulve-

362 4646 443 4680 σιν
475 4624 579 4679 ἀπὸ
624 4634 725 4678 τῶν
771 4622 946 4679 ποδῶν
979 4624 1167 4695 αὐτῶν,
1200 4628 1263 4686 ὡς
1310 4630 1396 4679 καὶ
1449 4626 1602 4680 αὐτὸν
1642 4624 1677 4681 δ
1684 4628 1718 4679 ι’
1773 4628 1963 4690 αὐτοὺς

2073 4642 2221 4692 rem,
2241 4626 2488 4699 quiinde
2503 4623 2871 4689 adhaesisset,
2888 4638 2925 4677 a
2942 4619 3194 4692 pedibus
3216 4616 3337 4671 suis
3360 4616 3724 4676 excuterent,

362 4714 595 4770 ἀνόσιον.

2076 4721 2368 4789 tanquam
2394 4722 2631 4788 propter
2661 4713 2795 4769 illos
2825 4711 3103 4781 impium.

438 4892 484 4928 ¹³
525 4890 668 4950 Luc.
694 4906 776 4959 rx,
816 4891 872 4946 3.
948 4892 997 4930 1⁸
1020 4893 1156 4949 Luc.
1180 4908 1238 4959 x,
1272 4896 1325 4951 5.
1403 4892 1450 4929 ¹⁵
1483 4894 1654 4952 Marc.
1687 4892 1722 4946 5
1754 4908 1832 4957 vi,
1860 4896 1945 4947 ll.

1603 5041 1826 5113 Varia)
1854 5041 2181 5111 lectiones
2212 5053 2277 5111 et
2307 5052 2510 5110 notae.

444 5208 554 5281 (l3)
588 5205 826 5281 ipod‘fou.
863 5211 930 5264 Α.
2083 5228 2105 5267 ε

2083 5211 2357 5279 agnoscit
2380 5216 2526 5281 tom.
2566 5206 2704 5281 VII,
2730 5222 2872 5277 pag.
2905 5206 3003 5281 311
3040 5204 3145 5263 fin.
3196 5202 3304 5259 Alii
3333 5194 3742 5281 tamenﬂapud

446 5273 558 5351 (14)
591 5273 886 5351 ἀποδοχῆς.
902 5350 905 5351 ν
922 5282 964 5334 Α
979 5325 991 5338 .
2084 5286 2107 5325 Ὗ

2084 5273 2297 5339 Wetst.
2365 5280 2625 5351 inferunt
2670 5273 2853 5336 iac-sivi
2935 5276 3036 5332 Est:
3077 5291 3219 5347 ergo
3308 5273 3736 5346 explicationis,

443 5349 560 5426 (15)
592 5349 803 5426 εἰρήνην
825 5350 910 5426 ,ἐπ’
939 5352 1121 5409 αὐτὴν.
1153 5351 1217 5406 Α.
1238 5422 1253 5426 _
1327 5422 1337 5426 Δ
1617 5423 1651 5426 __
1841 5425 1850 5426 ί
2085 5360 2151 5411 ut
2191 5370 2330 5408 mox
2349 5349 2596 5426 δοθεῖσα.

448 5355 534 5420 (15
592 5355 803 5426 εἰρήνην
833 5355 910 5403 ἐπ’
939 5355 1121 5409 αὐτὴν.
1153 5355 1217 5406 Α.
2085 5372 2109 5411 ι

448 5355 560 5497 (ιθ)
589 5422 935 5497 lntelligitur
951 5438 1114 5493 ergo,
1135 5422 1299 5497 unde
1323 5422 1384 5478 in
1404 5423 1727 5479 nonnullos
1746 5425 1978 5482 codices

2085 5360 2151 5411 ut
2191 5370 2330 5408 mox
2359 5355 2596 5405 δοθεῖσα.

2159 5426 2273 5497 (l8)
2332 5422 2569 5497 Correxi
2638 5422 2924 5497 λάμποτας,
2983 5435 3088 5493 pro
3141 5416 3520 5491 λαμϐάνοντας.
3598 5412 3745 5467 Hen-

378 5492 835 5569 h.;l._'_venerit:
890 5492 1135 5569 ᾼέγοντες
1172 5513 1184 5523 ·
1242 5494 1434 5568 Εἰρήνη
1484 5503 1578 5569 τῶ,
1616 5498 1740 5568 οἴκῳ
1792 5500 1976 5569 τούτῳ.

982 5492 1135 5569 γοντες
1172 5513 1184 5523 ·
1242 5494 1434 5568 Εἰρήνη
1484 5503 1578 5569 τῶ,
1616 5498 1740 5568 οἴκῳ
1792 5500 1976 5569 τούτῳ.
2089 5492 2303 5565 lenius,
2329 5496 2643 5569 fulgentes.

449 5563 563 5645 (17)
590 5566 724 5624 αὕτη
746 5580 869 5621 non
890 5563 1073 5623 habet
1096 5567 1157 5622 in
1181 5563 1360 5621 textu.
1389 5569 1504 5625 Nec
1524 5563 1983 5642 Chrysostomus

740 5653 982 5716 Paraon.
1028 5654 1135 5715 Gn.
1176 5653 1423 5717 CXXIX.
3406 5646 3473 5704 11
