4206 6310
592 272 692 329 331

663 399 829 454 Vers.
888 397 970 452 l5.
1010 397 1198 453 Amen
1257 427 1326 438 -
1369 395 1487 452 illi.
1545 395 1662 454 Per
1716 394 2009 452 civitatem
2057 394 2314 449 etiamA

590 487 790 543 vicum
831 485 1206 556 signiﬁcavit.
1263 485 1530 542 Sodoma
1576 493 1779 541 autem
1818 490 1874 539 et
1911 484 2236 540 Gomorrha

590 575 852 632 civitates
895 575 1038 631 olim
1087 590 1323 645 magnas
1362 592 1426 631 ac
1482 573 1790 646 populosae
1834 577 2004 629 erant
2044 589 2058 628 :
2100 589 2234 644 quae

587 669 830 737 propter
853 664 1092 720 nimiam
1119 663 1426 720 libidinem
1456 663 1924 718 inhabitantium
1968 661 2237 718 maxima

585 752 921 810 calamitate
950 751 1204 809 redactae
1241 756 1381 807 sunt
1407 753 1468 806 in
1508 751 1799 822 pulveres,
1831 750 1967 819 igne
2005 749 2234 804 ccelitus

584 842 1035 912 conﬂagraute;
1077 845 1135 897 et
1183 841 1394 896 horum
1447 839 1805 911 supplicium
1844 855 1878 895 a
1943 839 2061 893 Deo
2114 837 2234 891 illis

582 931 932 994 immissum,
988 929 1202 1001 quovis
1255 928 1371 985 alio
1423 927 1858 984 formidabilius
1923 926 2234 982 videbatur

583 1034 656 1076 ac
686 1018 738 1074 si
777 1022 929 1075 terra
952 1016 1055 1074 illa
1086 1017 1164 1073 ad
1193 1017 1308 1072 hoc
1340 1033 1524 1088 usque
1579 1021 1816 1088 tempus
1855 1014 2234 1072 inﬂammata

580 1107 875 1170 videatur,
917 1121 1212 1177 suamque
1256 1105 1541 1177 praedicet
1565 1105 1980 1160 calamitatem.

654 1194 756 1250 Hic
777 1209 916 1250 vero
963 1193 1101 1249 dicit
1138 1193 1405 1250 Christus
1449 1194 1690 1263 gravius
1729 1209 1830 1248 eos
1875 1192 2229 1264 puniendos,

579 1283 684 1356 qui
713 1298 836 1339 non
865 1281 1217 1354 exceperint,
1249 1297 1358 1338 nec
1389 1282 1686 1338 audierint
1715 1279 1890 1338 verba
1936 1279 2230 1352 apostolo-

579 1388 742 1430 rum.
783 1371 1047 1428 Sodoma
1077 1370 1236 1426 enim
1269 1375 1324 1426 et
1350 1370 1682 1426 Gomorrha
1721 1385 1910 1441 neque
1936 1369 2231 1425 miracula

578 1459 868 1525 viderant,
902 1459 1049 1515 sicut
1099 1459 1196 1514 isti
1240 1458 1560 1515 innumera
1594 1478 1606 1516 :
1641 1473 1834 1530 neque
1894 1457 1971 1513 ad
2011 1461 2228 1513 terram

577 1549 816 1606 illorum
843 1547 1119 1620 discipuli
1151 1564 1188 1605 a
1225 1547 1520 1604 Salvatore
1548 1548 1716 1603 missi
1771 1546 2023 1603 fuerant.
2078 1548 2225 1602 Cum

575 1637 964 1694 autemdixit:
999 1637 1394 1694 Tolerabilius
1425 1637 1534 1693 erit
1558 1643 1732 1693 terra
1761 1635 2146 1692 Sodomorum
2175 1643 2224 1689 et

1925 268 2270 324 EUTHYMII
2307 264 2631 324 ZIGABENI

3846 267 3976 323 332

2419 393 2582 464 Ἀμὴν
2630 424 2698 434 —
2739 392 2922 465 ἐκείνη.
2970 397 3065 447 Διά
3105 403 3199 458 τῆς
3247 394 3450 464 πόλεως,
3491 399 3581 446 καὶ
3631 397 3725 453 τὴν
3768 398 3972 467 κώμην

2343 479 2593 540 ἐδήλωσε.
2623 485 2700 535 Τά
2741 479 2798 535 δὲ
2830 480 3036 556 Σόδομα
3066 489 3154 536 καὶ
3187 486 3250 535 τὰ
3276 483 3531 558 Γόμορρα,
3577 483 3737 534 πάλαι
3781 483 3973 544 πόλεις

2343 567 2497 623 οὖσαι
2529 571 2750 643 μεγάλαι
2797 578 2885 624 καὶ
2931 573 3479 647 πολυανθρωπόταται,
3515 569 3608 624 διὰ
3651 577 3742 630 τὴν
3793 571 3970 625 ἀσελ-

2340 680 2482 730 γειαν
2556 661 2724 712 αὐτῶν
2802 663 3120 734 πανωλεθρίᾳ
3190 664 3671 733 κατετεφρωῦησαν,
3731 662 3966 732 οὖρανὸ-

2343 751 2422 800 θεν
2467 750 2578 820 (19)
2630 753 2987 819 κατενεγύέντι
3034 755 3178 822 πυρί.
3233 756 3330 802 Καὶ
3377 754 3567 802 τούτων
3617 752 3644 807 ἡ
3700 750 3965 812 θεήλατος

2341 837 2471 894 αὕτη
2524 837 2734 898 κόλασις
2789 838 3111 912 φοϐερωτέρα
3162 842 3335 898 πάσης
3393 836 3561 890 ἐδόκει
3615 845 3793 907 πᾶσιν,
3855 839 3959 891 οἵτε

2339 930 2427 977 καὶ
2480 935 2570 986 τῆς
2627 934 2721 997 γῆς
2794 926 2990 987 ἐκείνης
3047 929 3181 1001 ἄχρι
3234 949 3321 978 και
3371 935 3456 979 νύν
3510 930 3953 999 ἐμπεπρησμένης

2339 1019 2664 1086 φαινομένης,
2717 1022 2804 1067 καὶ
2853 1019 3215 1087 κηρυττούσης
3259 1021 3352 1074 την
3407 1016 3596 1068 οἰκείαν
3647 1035 3939 1088 συμφοραν.

2409 1103 2564 1155 Ἀλλά
2631 1110 2718 1155 νῦν
2781 1105 2807 1154 ὁ
2861 1109 3087 1176 Χριστός

2335 1190 2470 1262 λέγει
2501 1195 2620 1254 τούς
2649 1197 2720 1264 μὴ
2752 1190 3090 1264 δεχομένους,
3137 1191 3266 1265 μηδ’
3299 1193 3579 1254 ἀκούοντας
3610 1197 3732 1255 τούς
3762 1199 3948 1264 λόγους

2337 1289 2435 1331 τῶν
2490 1279 2805 1347 ἀποστόλων,
2856 1278 2996 1334 διότι
3035 1284 3102 1334 τὰ
3167 1278 3374 1354 Σόδομα
3429 1287 3517 1334 καὶ
3565 1284 3628 1333 τὰ
3677 1281 3947 1356 Γόμοῤῥα,

2337 1368 2454 1420 ούτε
2499 1371 2742 1441 θαύματα
2787 1365 2943 1434 εἶδον,
2995 1373 3064 1430 ὡς
3115 1369 3258 1422 οὗτοι
3296 1375 3479 1444 μυρία,
3525 1373 3640 1422 οὔτε
3678 1374 3804 1444 πρὸς
3848 1377 3951 1429 τὴν

2335 1466 2434 1528 γῆν
2474 1457 2643 1509 αύτών
2680 1459 2916 1530 μαθηταὶ
2947 1460 3093 1531 παρά
3122 1465 3212 1510 τοῦ
3259 1465 3493 1530 Σωτῆρος
3533 1457 3939 1516 ἀπεστάλησαν,

2337 1546 2506 1598 Εἰπὼν
2561 1543 2638 1613 δε,
2701 1548 2780 1599 ὃτι
2831 1547 3186 1621 Ἀνεκτότερον
3243 1549 3391 1598 ἔσται
3429 1555 3493 1619 γῇ
3552 1543 3792 1619 Σοδόμων
3853 1554 3951 1600 καὶ

2337 1634 2606 1709 Γομόρρων
2655 1633 2702 1686 ἐν
2748 1637 2917 1708 ἡμέρα
2965 1639 3208 1708 κρίσεως,
3268 1631 3548 1700 ἐδήλωσεν,
3608 1637 3687 1686 ὅτι
3743 1641 3834 1687 καὶ
3894 1635 3948 1688 ἐν

3166 1103 3449 1178 βαρύτερον
3517 1104 3942 1162 κολασθήσεσθαι

574 1727 1016 1784 Gomorrhorum
1045 1728 1106 1780 ιή
1148 1727 1241 1782 die
1262 1727 1499 1797 iudicii,
1543 1725 1895 1796 signiﬁcavit
1935 1726 2114 1782 etiam
2163 1725 2221 1781 in

2333 1731 2404 1794 τῷ
2448 1723 2679 1794 μελλοντι
2728 1723 2875 1775 αἰὼνι
2923 1725 2973 1775 οἱ
3016 1720 3298 1796 Σοδομῖται
3346 1728 3434 1775 καὶ
3497 1722 3807 1797 Γομορῥῖται
3859 1745 3945 1776 τι·

570 1815 770 1873 futuro
787 1816 1009 1872 smculo
1033 1815 1370 1872 Sodomitas
1388 1820 1443 1871 et
1469 1813 1868 1870 Gomorrhitas
1893 1830 2022 1870 esse
2053 1815 2223 1884 puni-

573 1907 792 1960 endos:
823 1908 880 1960 et
908 1905 1046 1959 hinc
1084 1903 1507 1972 magnifestum
1546 1908 1632 1959 est
1661 1902 1942 1974 quaedam
1975 1907 2222 1974 peccata

573 1995 630 2047 et
653 1991 748 2046 hic
777 1996 833 2046 et
861 1991 944 2046 ibi
973 2007 1101 2047 esse
1140 1990 1474 2062 punienda.

644 2080 983 2136 Timeamus
997 2095 1135 2150 ergo
1158 2083 1214 2135 et
1234 2095 1344 2134 uos
1365 2079 1709 2150 hujusmodi
1733 2080 1946 2145 minas,
1973 2080 2220 2136 scientes

571 2168 731 2241 quod
752 2167 949 2223 omnis
969 2169 1069 2240 qui
1091 2184 1210 2224 non
1239 2175 1451 2232 servat,
1479 2183 1670 2239 neque
1689 2168 1825 2224 facit
1846 2185 1981 2240 quae
2004 2168 2222 2224 docue-

569 2260 710 2312 runt
732 2255 1004 2328 apostoli,
1035 2255 1416 2312 manifestum
1447 2261 1537 2312 est
1565 2256 1724 2328 quod
1747 2271 1939 2329 neque
1974 2257 2221 2329 suscipit

569 2360 694 2414 eos,
723 2359 915 2416 neque
946 2343 1182 2400 illorum
1233 2344 1399 2401 audit
1429 2359 1765 2402 sermones.
1799 2346 1989 2410 Quare
2017 2350 2215 2402 autem

569 2448 691 2490 uno
741 2448 865 2488 non
905 2433 1281 2504 suscipiente,
1331 2434 1604 2489 universa
1657 2434 1863 2490 civitas
1917 2434 2219 2506 punienda

568 2520 697 2579 est?
718 2521 867 2588 Quia
893 2521 1333 2594 casteriquoque
1359 2521 1621 2578 videntes
1642 2537 1762 2578 non
1786 2523 2220 2594 prohibuerunt

568 2611 756 2666 illum.
792 2610 901 2676 Qui
931 2615 1131 2667 autem
1162 2625 1284 2667 nou
1314 2611 1715 2684 suscipiebant
1745 2612 2072 2683 apostolos,
2112 2627 2216 2684 pu~

567 2699 721 2756 blice
752 2714 855 2755 eos
880 2698 1272 2770 expellebant.

639 2790 802 2854 Vers,
838 2791 922 2854 16,
944 2788 1092 2844 Ecce
1120 2819 1186 2829 —
1229 2789 1511 2856 luporum.
1565 2791 1882 2860 Postquam
1925 2789 2040 2844 illis
2113 2806 2216 2846 au-

568 2878 795 2934 dac1am
819 2877 1022 2949 injecit
1050 2892 1152 2948 per
1189 2892 1261 2932 ea
1289 2892 1425 2948 quae
1454 2876 1925 2944 denuntiaverat,
1950 2883 2005 2933 et
2030 2878 2216 2934 duros

567 2982 638 3024 ac
664 2966 1071 3024 adamantinos
1091 2965 1378 3021 reddidit:
1407 2965 1675 3037 praedicit
1699 2965 1876 3021 etiam
1901 2982 2060 3022 nunc
2082 2983 2216 3038 quae

2333 1814 2756 1884 μωρηθήσονται.
2822 1814 3100 1864 Κάντεῦθεν
3158 1815 3388 1886 φανερόν,
3449 1814 3513 1872 ὧς
3569 1831 3700 1874 τινες
3767 1812 3948 1887 ἀμαρ-

2331 1905 2441 1953 τίαι
2474 1906 2564 1954 καὶ
2589 1900 2828 1968 ἐνταῦθα,
2860 1904 2946 1952 καὶ
2984 1901 3089 1952 ἐκεῖ
3120 1900 3444 1961 κολάζονται.

2403 2075 2708 2148 Φοϐηθῶμεν
2754 2075 2841 2127 οὖν
2897 2080 2986 2127 καὶ
3043 2077 3190 2146 ἡμεῖς
3249 2079 3342 2132 τὴν
3399 2077 3643 2132 τοιαύτην
3693 2073 3932 2146 ἀπειλὴν,

2331 2162 2546 2228 εἰδότες,
2594 2166 2673 2216 ὅτι
2729 2170 2826 2224 πᾶς
2871 2165 2997 2236 ὁμὴ
3055 2164 3335 2236 φυλάττων,
3387 2161 3525 2236 μηδὲ
3579 2172 3741 2215 ποιῶν
3801 2165 3928 2239 οἷπερ

2331 2250 2580 2315 ἐδίδαξαν
2639 2255 2686 2304 οἱ
2736 2251 3038 2314 ἀπόστολοι,
3084 2249 3367 2328 πρόδηλον,
3412 2255 3480 2312 ὡς
3536 2249 3660 2305 οὐδὲ
3711 2250 3924 2325 δέχεται

2329 2345 2559 2408 τούτους,
2609 2345 2724 2394 οὔτε
2776 2340 2952 2393 ἀκουει
3002 2344 3116 2401 τοὺς
3171 2341 3354 2412 λόγους
3409 2341 3596 2394 αὐτῶν.
3650 2348 3799 2395 Διατὶ
3845 2341 3911 2406 δὲ,

2331 2431 2433 2491 ἐνὸς
2482 2435 2552 2503 μὴ
2620 2427 2920 2502 δεξαμένου,
2979 2435 3129 2482 πᾶσα
3194 2431 3223 2487 ἡ
3284 2429 3432 2492 πόλις
3493 2429 3916 2499 κολασθήσεται;

2329 2524 2472 2573 Διότι
2508 2521 2680 2572 κοιὶοὶ
2729 2518 2900 2571 λοιποὶ
2952 2517 3246 2591 βλέποντες,
3298 2518 3391 2571 ούκ
3443 2518 3706 2572 ἐκώλυσαν
3751 2519 3922 2575 αὐτόν.

2329 2610 2394 2661 Οἱ
2421 2611 2522 2682 γὰρ
2572 2612 2642 2681 μὴ
2691 2605 3116 2681 παραδεχόμενοι
3155 2610 3270 2668 τοὺς
3309 2607 3651 2675 ἀποστόλους,
3690 2603 3930 2680 δημοσίᾳ

2326 2700 2542 2757 τούτους
2576 2696 2888 2754 ἀπήλαυνον.

2397 2783 2536 2839 Ἰδού
2565 2815 2636 2828 -—
2701 2784 2886 2836 λύκων.
2939 2783 3210 2858 Θαῤῥύνας
3261 2784 3472 2852 αύτούς,
3507 2780 3577 2836 δι’
3615 2783 3680 2834 ὧν
3720 2790 3922 2856 παρήγ-

2325 2873 2479 2946 γειλε,
2540 2879 2629 2926 καὶ
2679 2872 2916 2947 στερροὺς
2972 2878 3060 2924 καὶ
3121 2869 3504 2944 ἀδαμαντίνους
3572 2871 3916 2946 ἐργασάμενος

2325 2963 2500 3015 λοιπόν
2556 2965 2792 3035 προλέγει
2861 2966 2950 3012 καὶ
3004 2963 3069 3013 τὰ
3131 2960 3507 3034 συμϐησόμενα
3580 2964 3796 3024 τούτοις,
3859 2960 3914 3012 ού

566 3054 681 3111 illis
697 3059 945 3111 ventura
971 3057 1127 3120 sunt,
1148 3069 1265 3109 non
1281 3054 1478 3110 solum
1490 3069 1625 3126 quas
1643 3055 1827 3126 paulo
1844 3059 1994 3126 post,
2011 3071 2212 3112 verum

2327 3056 2475 3123 μόνον
2549 3053 2616 3104 τὲ
2682 3053 2868 3122 μικρὸν
2929 3050 3164 3122 ὕστερον,
3245 3049 3371 3102 ἀλλά
3452 3054 3541 3101 καὶ
3593 3051 3658 3101 τὰ
3721 3052 3919 3121 μακρὸν

567 3143 747 3200 etiam
792 3159 928 3215 quae
957 3142 1137 3212 longo
1180 3149 1315 3214 post
1345 3146 1624 3215 tempore.
1657 3143 1922 3198 Primum
1971 3143 2214 3215 quidem

571 3236 637 3288 ut
685 3233 807 3288 vim
881 3231 1262 3304 praescieutias
1318 3231 1506 3302 ipsius
1549 3236 1948 3301 cognoscant;
2004 3233 2217 3289 deinde

567 3336 710 3376 vero
737 3337 810 3376 ne
831 3321 1140 3392 patientes,
1173 3321 1551 3392 suspicentur
1581 3337 1711 3375 sese
1770 3321 1896 3376 haec
1940 3321 2080 3392 pati,
2137 3323 2216 3378 ob

568 3409 693 3478 ejus
717 3408 821 3480 qui
850 3408 978 3464 illos
1000 3408 1157 3463 misit
1186 3407 1651 3464 imbecillitatem
1686 3424 1700 3474 ;
1729 3408 1893 3463 tertio
1927 3415 1990 3464 ut
2010 3409 2216 3465 audito

564 3496 849 3568 primum,
883 3496 1042 3567 quod
1074 3497 1234 3552 mala
1256 3499 1488 3566 passuri
1523 3497 1657 3561 sint,
1688 3495 1920 3552 facilius
1954 3503 2216 3568 postmo-

568 3584 717 3640 dum
748 3583 949 3639 ferant.
979 3584 1145 3648 Ecce,
1188 3584 1377 3653 inquit
1432 3599 1532 3653 ego
1562 3585 1728 3639 mitto
1767 3599 1887 3648 vos,
1932 3591 2212 3657 tanquam

568 3687 700 3728 oves
745 3673 808 3727 in
835 3671 1012 3729 medio
1039 3672 1328 3743 luporum.
1385 3673 1505 3742 Ego
1548 3672 1650 3745 qui
1680 3674 1885 3728 omnia
1942 3689 2212 3745 possum,

567 3761 738 3818 mitto
769 3776 896 3826 vos,
931 3765 995 3818 ut
1023 3760 1415 3818 mordeamini
1457 3777 1526 3818 ac
1556 3761 1921 3819 dilauiemini
1951 3781 1963 3829 ;
2023 3779 2214 3836 neque

566 3849 956 3916 ulciscamini,
1015 3853 1116 3907 aut
1177 3865 1394 3906 manus
1443 3857 1846 3922 repugnantes
1891 3852 2210 3923 objiciatis.

565 3940 962 4006 Quamobrem
988 3939 1015 3994 ’ἲ
1041 3939 1192 4005 Quia
1230 3939 1422 4012 magis
1448 3940 1528 3996 ita
1571 3940 1834 4006 vincetis,
1867 3945 1920 3996 et
1949 3940 2127 4014 lupos
2153 3944 2212 3998 iu

565 4045 708 4085 oves
729 4028 1220 4085 transmutabitis.
1263 4029 1572 4093 Quomodo
1602 4029 1630 4084 ?
1664 4031 1787 4085 Mea
1817 4029 2049 4099 virtute,
2077 4047 2212 4103 quas

564 4116 772 4172 omnia
789 4116 984 4181 vincit,
1008 4120 1318 4186 vestraque
1351 4115 1820 4180 mansuetudine,
1845 4132 1980 4186 quae
2009 4124 2066 4172 ut
2083 4119 2210 4189 plu-

563 4205 783 4259 rimum
807 4202 1158 4258 ferocitatem
1185 4218 1254 4257 ac
1277 4201 1693 4259 truculentiam
1715 4201 2044 4260 infidelium
2069 4206 2209 4262 sub-

565 4290 758 4346 mittit.
773 4293 972 4361 Neque
983 4291 1145 4345 enim
1160 4290 1431 4345 ferocitas
1448 4305 1551 4361 per
1571 4290 1958 4356 ferocitatem,
1977 4294 2080 4348 sed
2108 4309 2213 4366 per

563 4377 1086 4436 mansuetudinem
1124 4377 1390 4434 submitti
1417 4378 1589 4434 solet.
1638 4380 1786 4436 Nam
1815 4386 2047 4452 oportet
2072 4399 2209 4439 eum

565 4467 662 4539 qui
695 4467 962 4522 medetur
991 4466 1240 4535 insanis,
1272 4467 1560 4538 patienter
1603 4467 1837 4524 illorum
1858 4450 2013 4526 ierre
2057 4470 2207 4543 inju-
2241 4450 2285 4505 D

563 4557 702 4621 rias,
739 4555 930 4612 solam
963 4571 1075 4626 prae
1109 4556 1295 4613 oculis
1352 4555 1633 4614 habendo
1685 4557 2105 4616 liberationem
2131 4562 2208 4618 ab

562 4645 818 4702 insania.
861 4645 926 4701 Et
963 4660 1072 4700 nos
1109 4660 1252 4716 ergo
1291 4645 1402 4701 uisi
1445 4645 1650 4702 ovium
1683 4648 2207 4706 mansuetudinem

563 4733 847 4791 adversus
910 4733 1272 4791 ferocitatem
1331 4734 1586 4802 illorum,
1630 4736 1734 4808 qui
1791 4751 1900 4794 nos
1965 4736 2206 4806 laedunt,

561 4824 1071 4896 proposuerimus,
1103 4839 1488 4897 nequaquam
1522 4825 1778 4897 pastoris
1830 4825 2016 4881 nostri
2045 4829 2208 4884 auxi-

559 4910 705 4968 lium
743 4912 999 4970 habituri
1029 4915 1256 4971 sumus.
1289 4914 1596 4988 Siquidem
1635 4915 1863 4987 ovium,
1891 4931 2014 4973 non
2039 4916 2207 4990 lupo-

559 5015 718 5068 rum,
745 5005 950 5073 pastor
977 5005 1096 5060 est.

2326 3140 2561 3214 ύστερον.
2614 3146 2818 3212 Πρῶτον
2862 3141 2973 3210 μὲν,
3034 3140 3116 3189 ἵνα
3159 3140 3368 3210 μάθωσι
3419 3142 3512 3196 την
3562 3134 3783 3210 δύναμιν
3827 3146 3921 3200 τῆς

2325 3235 2664 3302 προγνώσεως
2712 3227 2871 3280 αὐτοῦ
2903 3245 2913 3256 ·
2951 3223 3187 3301 δεύτερον
3233 3223 3312 3295 δε,
3346 3228 3429 3279 ἵνα
3474 3228 3792 3298 πάσχοντες,
3847 3231 3919 3299 μὴ

2327 3319 2677 3382 ὑποπτεύωσι,
2764 3313 2836 3368 δι’
2906 3314 3169 3369 ἀσθένειαν
3227 3321 3316 3368 τοῦ
3385 3315 3683 3388 πέμψαντος
3756 3323 3928 3368 ταῦτα

2326 3411 2555 3478 πάσχειν
2604 3423 2616 3436 ⁸
2658 3409 2852 3480 τρίτον,
2904 3405 2985 3456 ἶνα
3035 3408 3438 3480 προακηκοότες,
3495 3406 3575 3455 ὅτι
3622 3407 3926 3462 κακοπαθήο

2327 3515 2502 3562 σουσι,
2551 3496 2674 3569 ῥᾷον
2724 3498 2837 3547 τότε
2893 3497 3105 3566 φέροιεν.
3163 3489 3322 3561 Ἰδού,
3383 3496 3561 3564 φησὶν,
3632 3491 3730 3562 ἐγὼ
3793 3492 3929 3545 ἀπο-

2327 3584 2515 3637 στέλλω
2571 3585 2726 3656 ύμᾶς,
2784 3584 2854 3643 ὡς
2908 3580 3145 3656 πρόϐατα
3201 3580 3250 3633 ἐν
3302 3585 3442 3652 μέσῳ
3499 3579 3664 3632 λύκων
3694 3599 3705 3610 ·
3750 3580 3850 3652 ἐγὼ
3900 3584 3930 3634 ὁ

2322 3676 2492 3726 πάντα
2539 3668 2858 3744 δυνάμενος*
2911 3672 3045 3722 ὥστε
3093 3666 3380 3722 δάκνεσθαι
3433 3670 3583 3741 ὑμᾶς,
3639 3675 3729 3722 καὶ
3785 3688 3933 3723 σπα-

2322 3763 2604 3836 ράττεσθαι
2654 3761 2796 3833 ποιρὰ
2843 3766 2941 3811 τῶν
2994 3757 3439 3823 ἐπιϐουλευόντων,
3500 3761 3572 3830 μὴ
3633 3757 3930 3830 ἀμύνεσθαι

2325 3847 2402 3919 δὲ,
2470 3845 2600 3922 μηδ’
2654 3847 3041 3920 ἀντιμάχεσθαι
3096 3853 3208 3909 ταῖς
3283 3850 3444 3920 χερσί
3481 3863 3494 3911 ;
3525 3850 3665 3898 Διότι
3727 3846 3929 3918 μᾶλλον

2322 3942 2457 3992 οὕτω
2532 3942 2764 3996 νικήσετε
2842 3941 2930 3988 καὶ
3000 3934 3330 4008 μεταϐαλείτε
3409 3937 3529 3996 τοὺς
3603 3933 3784 3995 λύκους
3850 3935 3929 3998 εἰς

2323 4026 2577 4100 πρόϐατα.
2611 4033 2722 4086 Πῶς
2753 4042 2768 4091 ;
2797 4027 2902 4085 Τῆς
2933 4023 3059 4096 ἐμῆς
3113 4020 3377 4096 δυνάμεως
3414 4027 3470 4075 τὸ
3525 4029 3626 4075 πᾶν
3655 4041 3923 4096 κατεργα-

2323 4115 2556 4187 ζομένης,
2615 4119 2704 4166 καὶ
2763 4121 2858 4174 τῆς
2901 4113 3145 4186 ὑμετέρας
3193 4108 3250 4164 δὲ
3298 4115 3590 4186 πραότητος
3640 4111 3920 4182 χαλώσης,

2322 4207 2391 4264 ὡς
2435 4207 2499 4256 τὰ
2544 4202 2726 4264 πολλὰ,
2777 4205 2834 4255 τὸ
2883 4203 3062 4274 ἄγριον
3112 4220 3203 4253 και
3260 4203 3464 4271 φονικὸν
3510 4207 3608 4251 τῶν
3663 4198 3918 4254 ἀπίστων.

2321 4291 2396 4344 Ού
2451 4295 2552 4364 γὰρ
2607 4293 2899 4366 θρασύτητι
2955 4293 3240 4363 Θρασύτης,
3301 4288 3406 4340 ἀλλ’
3462 4287 3704 4360 ἐπιεικείᾳ
3759 4308 3922 4342 κατα-

2323 4380 2622 4434 στέλλεσθαι
2677 4382 2840 4434 είωθε.
2901 4383 3014 4452 Χρὴ
3075 4380 3176 4454 γὰρ
3240 4381 3324 4429 τὸν
3394 4377 3690 4450 ἰατρεύοντα
3752 4397 3923 4449 μεμηο

2318 4474 2468 4532 νότας
2546 4471 2894 4544 μακροθύμως
2969 4472 3132 4541 φέρειν
3212 4469 3298 4528 τὰς
3374 4470 3646 4540 παροινίας
3723 4466 3915 4534 αὐτῶν,

2317 4563 2447 4632 πρός
2485 4564 2644 4631 μόνην
2679 4561 2878 4632 ὁρῶντα
2927 4562 3014 4614 τὴν
3068 4564 3158 4617 τῆς
3195 4559 3383 4628 μανίας
3438 4553 3760 4626 ἀπαλλαγήν.
3817 4560 3918 4609 Καὶ

2318 4650 2468 4721 ἡμεῖς
2519 4643 2625 4713 οὖν,
2687 4646 2770 4700 ἐὰν
2825 4651 2897 4720 μὴ
2952 4644 3222 4719 προϐάτων
3288 4647 3587 4717 ἡμερότητα
3644 4646 3774 4716 πρὸς
3819 4647 3914 4702 τήν

2318 4737 2607 4810 ἀγριότητα
2680 4745 2779 4788 τῶν
2863 4734 3248 4808 ἐπηρεαζόντων
3311 4734 3437 4804 ἡμῖν
3514 4729 3907 4803 ἐπιδειξώμεθα,

2315 4829 2517 4888 πάντως
2556 4825 2660 4896 ούχ
2699 4824 2871 4896 ἕξομεν
2911 4827 3004 4882 τὴν
3042 4830 3133 4875 τοῦ
3177 4825 3416 4894 ποιμένος
3463 4821 3608 4893 ἡμῶν
3640 4819 3912 4895 βοήθειαν.

2313 4914 2593 4991 Προϐάτων
2620 4916 2740 4989 γὰρ,
2773 4913 2832 4966 οὐ
2861 4912 3027 4966 λύκων
3052 4911 3165 4964 ἐστὶ
3193 4915 3388 4984 ποιμήν
3423 4910 3561 4983 (20).
3716 4912 3722 4918 ’

1791 5127 2016 5199 Variae
2040 5131 2369 5202 lectiones
2401 5136 2686 5199 etnotae.

628 5317 742 5390 (19)
785 5316 904 5390 Esti
933 5317 1108 5375 dativi
1139 5320 1318 5376 etiam
1352 5319 1617 5378 absolute
1670 5322 1966 5390 dicuntur,
2001 5329 2201 5382 tamen

557 5388 910 5471 hicmalim
984 5397 1088 5448 aut
1159 5399 1232 5462 τῷ
1309 5391 1599 5465 οὐρανόθεν,
1658 5401 1760 5451 aut
1805 5388 2202 5469 κατενεχθέντος

795 5531 966 5599 Quod
997 5532 1090 5590 hic
1137 5532 1386 5606 subjecit
1415 5535 1706 5593 scholium
1745 5538 2070 5595 Henteuius
2131 5553 2202 5596 ex

2312 5325 2580 5395 margine
2593 5323 2682 5378 sui
2697 5321 3075 5395 codicis,idiu
3090 5325 3298 5395 neutro
3312 5336 3582 5395 meorum
3598 5319 3914 5395 reperitur.

2311 5391 2544 5452 Frustra
2573 5396 2627 5450 id
2661 5395 2836 5451 etiam
2885 5394 2944 5448 in
2974 5393 3099 5448 aliis
3128 5392 3294 5448 libris
3322 5393 3594 5463 quaesivi.
3638 5391 3916 5463 sparsim

2311 5473 2513 5524 tamen
2544 5467 2664 5522 haec
2694 5467 2967 5540 leguntur
2995 5464 3156 5537 apud
3187 5462 3484 5537 ChrySost.
3519 5462 3800 5529 hom.’33,
3847 5462 3913 5519 in

2311 5539 2669 5597 Matthaaum.
3075 5551 3077 5558 ·
