4206 6310
229 296 340 358 333
1232 299 1585 359 COMMENT.
1629 299 1699 357 IN
1738 296 2187 359 MATTHAEZUM.
2230 332 2297 343 --
2338 301 2491 358 CAP.
2524 302 2594 359 X.
3488 306 3593 363 334

308 428 351 497 -ι-
386 429 694 497 Tanquam
747 441 889 482 oves
917 427 973 482 in
1033 426 1232 483 medio
1262 428 1558 498 luporum,
1608 432 1669 482 ut
1714 426 1987 483 videlicet
2013 427 2213 483 ovium
2257 426 2785 484 mansuetudinem
2815 426 3163 493 ostendatis,
3212 441 3416 484 coram
3438 427 3595 501 lupis

232 516 529 589 prostrati,
568 530 675 571 nec
702 516 906 571 ovium
949 520 1172 572 tantum
1213 517 1735 573 mansuetudinem
1766 516 2055 583 habeatis,
2088 516 2193 571 sed
2233 520 2286 571 et
2321 515 2593 571 sedulam
2635 516 3057 585 sinceritatem,
3084 516 3143 571 id
3174 522 3281 581 est,
3316 517 3597 589 simplici-

242 610 419 663 tatem
450 621 518 661 ac
550 604 950 660 innocentiam
985 624 996 662 :
1043 610 1107 660 ut
1138 604 1428 660 verberati
1461 621 1530 661 ac
1560 603 2067 676 persecutionibus
2110 603 2371 675 appetiti,
2412 619 2532 658 non
2563 604 2808 659 cessetis
2847 604 3199 660 benefacere
3238 606 3597 663 verberanti-

234 695 372 750 bus.
419 695 488 749 Ut
518 699 712 748 autem
747 701 1059 766 utrumque
1087 694 1189 749 ﬁat
1237 694 1569 749 secundum
1598 693 1896 758 virtutem,
1928 693 2086 747 adsit
2113 693 2429 763 prudentia
2460 698 2792 764 serpentum
2831 694 2890 748 in
2918 694 3214 749 servando
3242 695 3456 766 capite,
3484 696 3599 751 hoc

178 825 185 831 -
234 790 328 840 est
356 783 505 838 ﬁde:
536 788 592 837 et
623 782 971 853 simplicitas
1003 782 1317 849 columbae,
1352 782 1412 837 in
1437 798 1555 836 non
1588 782 1884 837 sumenda
1912 780 2129 836 ultione
2160 782 2234 835 de
2273 780 2366 836 his
2409 780 2514 852 qui
2548 782 2826 852 injuriam
2866 782 3153 852 irrogant.
3222 786 3336 839 Nec
3375 784 3491 840 hoc
3520 784 3601 841 ad

236 872 507 944 quinque
536 887 638 925 seu
687 871 893 926 decem
924 887 1111 926 annos
1138 871 1519 937 servandum,
1545 870 1649 926 sed
1682 886 1864 939 usque
1893 869 1969 925 ad
1988 873 2272 925 extrmum
2304 869 2579 940 spiritum
2603 886 2614 924 :
2640 869 2755 926 hoc
2781 870 2940 925 enim
2972 871 3281 941 signiﬁcat,
3304 873 3471 944 quod
3512 872 3599 929 di-

235 961 389 1015 citur
418 977 432 1015 :
468 959 582 1026 Qui
618 960 959 1015 sustinuerit
986 975 1165 1031 usque
1191 960 1250 1014 in
1275 961 1473 1027 ﬁnem,
1503 958 1601 1015 hic
1626 958 1817 1013 salvus
1842 957 1953 1013 erit
1995 959 2063 1009 1⁸.

307 1050 521 1101 Γίνεσθε
568 1080 640 1090 -
676 1054 996 1122 περιστεραί.
1056 1048 1179 1121 [Καὶ
1238 1048 1349 1120 (21)
1405 1048 1490 1100 ἐπὶ
1544 1056 1642 1099 τῶν
1683 1051 1838 1111 ὄφεων

2020 1047 2186 1103 Vers.
2220 1048 2304 1101 l6.
2337 1048 2539 1105 Estote
2564 1078 2627 1089 —-
2661 1048 2963 1104 columbae.
2993 1050 3035 1117 -ι-
3067 1047 3134 1101 Et
3162 1049 3257 1103 hic
3282 1050 3341 1104 in
3365 1065 3603 1121 serpen-

229 1145 346 1203 νῦν,
391 1142 484 1189 καὶ
550 1139 637 1190 επὶ
688 1145 781 1190 τοῦ
838 1139 1107 1209 οἰκονόμου
1156 1147 1249 1199 τῆς
1298 1134 1529 1207 ἀδικίας,
1592 1141 1838 1211 φρόνησιν

236 1230 465 1295 νοήσεις,
506 1231 600 1285 τὴν
632 1226 858 1298 φυλακὴν
879 1234 970 1280 τοῦ
1001 1228 1190 1279 οἰκείου
1216 1224 1627 1301 συμφέροντος.]

320 1404 558 1456 Βούλεται
607 1404 793 1464 αὐτοὺς
835 1409 923 1456 καὶ
980 1423 1218 1465 συνετους
1275 1402 1425 1471 εἶναι,
1477 1406 1607 1477 πρὸς
1662 1404 1716 1453 τὸ
1766 1406 1835 1474 μὴ

242 1492 563 1550 πλήττεσθαι
638 1498 870 1565 καιρίως,
936 1497 1025 1544 καὶ
1091 1491 1397 1566 ἀπόνηρους,
1454 1495 1580 1563 πρὸς
1642 1494 1700 1542 τὸ
1766 1494 1837 1562 μὴ

243 1588 604 1647 μνησικακεῖν.
659 1580 799 1633 Ἐπεὶ
838 1584 939 1651 γὰρ
996 1585 1239 1653 φρόνιμός
1286 1579 1422 1632 ἐστιν
1453 1582 1477 1631 ό
1522 1584 1648 1651 ὄφις·
1703 1576 1842 1631 διότι

242 1676 580 1741 τυπτόμενος,
634 1673 691 1719 τό
741 1672 829 1740 μὲν
888 1668 1009 1720 ἄλλο
1060 1676 1212 1739 σῶμα
1275 1670 1529 1743 προῖεται,
1584 1672 1743 1740 μόνην
1785 1664 1842 1718 δὲ

246 1757 506 1830 φυλάσσει
533 1762 621 1815 την
671 1756 912 1828 κεφαλὴν,
983 1754 1130 1817 εἰδὼς
1165 1760 1211 1809 ἐν
1256 1760 1417 1829 ταύτῃ
1479 1761 1606 1829 μόνη
1637 1760 1843 1829 καιρίαν

246 1846 490 1918 γίνεσθαι
544 1852 636 1904 τὴν
694 1846 917 1916 πληγήν·
973 1845 1200 1897 ἐκέλευσε
1250 1848 1525 1918 μιμεῖσθαι
1568 1850 1661 1903 τὴν
1716 1848 1844 1919 φρό-

246 1954 405 1993 νησιν
434 1944 531 1987 τῶν
561 1939 734 2005 ὄφεων,
797 1933 844 1986 ἐν
889 1943 960 2005 τῷ
991 1934 1152 1985 τοῖλλα
1202 1938 1312 2006 μὲν,
1362 1938 1452 1985 καὶ
1481 1940 1716 2006 σώματα,
1758 1938 1847 1984 καὶ

248 2023 457 2095 ψυχὰς,
518 2028 607 2074 καὶ
651 2024 821 2075 πάντα
888 2025 1186 2096 προΐεσθαι,
1246 2027 1406 2094 μόνην
1458 2019 1515 2074 δὲ
1567 2022 1845 2094 φυλάσσειν

250 2116 350 2170 τὴν
402 2116 596 2176 πίστιν,
650 2114 715 2171 ὡς
769 2111 1011 2183 κεφαλὴν,
1072 2110 1183 2183 ἐνῇ
1242 2116 1369 2183 μόνη
1422 2116 1618 2182 ’γίνεται
1669 2115 1852 2182 καιρία

252 2200 453 2270 πληγή.
505 2205 602 2253 Καὶ
648 2200 821 2265 πάλιν,
874 2200 1077 2273 ἐπείπερ
1134 2202 1188 2251 αἰ
1226 2205 1546 2274 περιστεραὶ,
1596 2198 1852 2271 ἀφαιρού-

247 2308 405 2360 μεναι
460 2292 527 2340 τὰ
576 2292 747 2352 τέκνα,
807 2288 867 2340 οὗ
921 2296 1336 2353 μνησικακοῦσιν
1391 2296 1494 2348 τοῖς
1554 2286 1849 2359 ἀφελοῦσιδ,

1949 1135 2129 1201 tibus,
2153 1141 2208 1191 et
2236 1135 2369 1191 alibi
2407 1137 2466 1191 in
2498 1151 2815 1192 oeconomo
2845 1137 3072 1208 iniquo,
3101 1137 3485 1209 prudentiam
3514 1138 3601 1193 in-

1948 1223 2163 1294 tellige,
2196 1225 2645 1282 observantiam
2675 1240 2884 1281 eorum
2917 1241 3053 1297 quae
3084 1225 3301 1297 cuique
3329 1231 3467 1281 sunt
3497 1226 3608 1281 uti-

1947 1312 2030 1367 lia
2042 1357 2055 1369 .

2019 1401 2150 1457 Vult
2175 1402 2340 1474 ipsos
2388 1407 2444 1458 et
2488 1402 2809 1474 prudentes
2851 1419 2999 1473 esse,
3042 1418 3118 1458 ne
3161 1403 3451 1460 lethaliter
3480 1404 3605 1459 vul-

1950 1499 2247 1556 nerentur,
2294 1495 2350 1546 et
2394 1492 2521 1547 sine
2569 1492 2727 1556 vitio,
2772 1507 2847 1546 ne
2896 1492 3177 1562 injuriam
3207 1492 3604 1548 meminerint.

1951 1582 2089 1635 Nam
2107 1580 2250 1649 quia
2261 1580 2525 1650 prudens
2537 1584 2623 1634 est
2637 1595 2904 1651 serpens,
2924 1579 3061 1635 ideo
3080 1596 3217 1635 cum
3242 1581 3607 1648 verberatur,

1952 1668 2097 1724 alias
2145 1668 2377 1739 quidem
2406 1668 2672 1740 corporis
2696 1675 2885 1739 partes
2916 1668 3139 1738 objicit,
3176 1668 3371 1727 solum
3407 1676 3609 1724 autem

1954 1759 2135 1826 caput
2165 1760 2355 1811 servat
2382 1772 2395 1810 :
2431 1757 2620 1811 sciens
2650 1755 2712 1810 in
2744 1756 2870 1811 solo
2901 1772 2971 1811 eo
2999 1755 3209 1813 lethale
3252 1756 3454 1812 inferri
3484 1756 3610 1812 vul-

1955 1860 2092 1900 nus.
2124 1845 2306 1899 Jussit
2333 1859 2474 1913 ergo
2506 1844 2887 1915 prudentiam
2916 1845 3132 1900 imitari
3160 1852 3502 1916 serpentum
3544 1849 3612 1900 ut

1956 1933 2074 1988 alia
2102 1932 2349 2004 quidem
2381 1938 2440 1989 et
2464 1947 2711 2003 corpora
2752 1937 2809 1986 et
2840 1933 3073 1987 animas
3128 1939 3459 2005 caeteraque
3509 1933 3615 1989 ob—

1951 2022 2182 2094 jiciant,
2202 2022 2389 2077 solam
2418 2026 2616 2077 autem
2644 2021 2826 2076 fidem
2855 2026 3091 2077 servent
3111 2022 3381 2087 illaesam,
3405 2023 3465 2076 in
3491 2038 3615 2094 qua

1960 2111 2088 2166 sola
2116 2109 2179 2165 ﬁt
2229 2110 2447 2165 vulnus
2473 2110 2715 2168 lethale.
2769 2112 2835 2165 Et
2862 2125 3094 2165 rursum
3121 2111 3264 2182 quia
3294 2111 3611 2177 columbae,

1960 2216 2095 2255 cum
2132 2199 2216 2253 eis
2243 2198 2384 2269 pulli
2422 2198 2787 2263 auferuntur,
2822 2199 3123 2256 malorum
3152 2213 3275 2254 non
3324 2200 3611 2255 memine-

1960 2292 2102 2344 runt
2147 2288 2425 2343 adversus
2459 2303 2561 2343 eos
2590 2287 2695 2359 qui
2742 2287 3128 2352 abstulerunt,
3165 2288 3271 2343 sed
3303 2288 3503 2344 denuo
3531 2288 3611 2344 ad

246 2376 381 2429 ἀλλὰ
437 2383 527 2429 καὶ
582 2382 887 2452 προσίενται
945 2381 1160 2437 τούτους
1226 2374 1393 2445 αὖθις,
1448 2376 1541 2428 κᾶν
1608 2376 1853 2437 πολλάκις

1970 2394 2066 2434 eos
2098 2376 2407 2442 accedunt,
2441 2376 2576 2432 licet
2601 2376 2821 2447 saepius
2858 2376 3130 2431 auferant
3161 2392 3173 2441 ;
3204 2377 3374 2446 jubet
3396 2377 3615 2432 horum

251 2465 529 2538 ἀφέλωσιν,
564 2464 819 2517 ἐπιτάττει
876 2465 1060 2528 ζηλοῦν
1105 2471 1193 2518 καὶ
1247 2471 1339 2524 τὴν
1396 2469 1588 2517 τούτων
1620 2464 1857 2539 ἀκεραιό-

252 2574 411 2622 τητα,
467 2558 756 2621 τουτέστιν,
832 2553 1071 2621 ἀκακίαν,
1153 2553 1200 2606 ἕν
1243 2563 1313 2625 τῷ
1371 2560 1441 2626 μὴ
1515 2560 1853 2625 μνησικακεῖν

256 2649 369 2703 τοῖς
417 2638 715 2711 ἀδικοῦσιν,
771 2641 898 2695 ἀλλὰ
976 2647 1066 2695 καὶ
1125 2645 1437 2716 προσίεσθαι
1490 2646 1703 2704 τούτους
1764 2646 1855 2693 καὶ

258 2734 437 2802 φιλεῖν.

327 2825 429 2873 Καὶ
477 2823 573 2891 ἄρα
630 2824 834 2892 σοφίαν.
913 2822 1045 2876 Οὔτε
1101 2823 1202 2893 γὰρ
1261 2826 1355 2880 τὴν
1405 2826 1652 2894 φρόνησιν
1694 2826 1853 2894 μόνην

246 2918 350 2961 τῶν
392 2913 550 2980 ὄφεων
599 2910 877 2981 μιμεῖσθαι
934 2910 1266 2982 προσέταξεν,
1326 2913 1441 2962 οὔτε
1490 2915 1582 2968 τὴν
1620 2910 1853 2985 ἁκεραιό-

246 3018 393 3055 τητα
447 3002 605 3068 μόνην
663 3006 763 3048 τῶν
834 3007 1170 3071 περιστερῶν,
1230 2998 1338 3049 ἀλλ’
1394 2998 1629 3073 ἐκέρασεν
1689 3000 1852 3072 ἀμφο-

253 3090 427 3158 τέρας,
457 3083 594 3137 διότι
646 3091 770 3157 μίαν
802 3084 1087 3161 ἀμφότεραι
1138 3095 1376 3139 ποιοῦσιν
1426 3087 1628 3162 ἀρετήν,
1686 3086 1854 3141 Οὐδὲν

253 3179 358 3249 γὰρ
431 3175 605 3247 ὄφελος
651 3183 745 3236 τῆς
815 3179 1063 3238 τοιαύτης
1145 3185 1457 3249 φρονήσεως,
1512 3176 1597 3230 ἐὰν
1654 3179 1760 3251 ἀπῇ
1822 3180 1851 3237 ἠ

258 3263 381 3337 ἀκερ
390 3269 536 3321 αιότη
546 3285 587 3325 ς.

333 3352 509 3423 Ἡμεῖς
563 3349 623 3404 δὲ
677 3355 1032 3425 μιμησὼμεθα
1087 3358 1172 3405 καὶ
1249 3354 1406 3412 οῦςλην
1467 3359 1714 3426 φρόνησιν
1766 3364 1856 3408 τοῦ

262 3445 439 3512 ὄφεως.
519 3440 717 3512 Ὠσπερ
781 3444 883 3515 γὰρ
956 3440 1161 3507 ἐκεῖνος,
1221 3446 1339 3494 ὅταν
1413 3446 1647 3518 γηράσῃ,
1702 3454 1858 3515 στενῷ

259 3534 403 3600 τόπῳ
479 3527 679 3604 διείρας
756 3530 954 3600 ἑαυτόν,
1044 3530 1320 3593 ἀποξυεται
1397 3537 1487 3590 την
1587 3533 1858 3605 λεγομένην

258 3615 535 3689 λεϐηρίδα,
566 3619 679 3689 ('22)
728 3623 862 3690 φημὶ
904 3615 990 3687 δὴ,
1034 3625 1127 3678 τὴν
1181 3618 1580 3695 ἐπιδερματίὸα,
1627 3625 1740 3693 (23)
1768 3628 1858 3675 καὶ

259 3712 461 3779 γίνεται
510 3708 769 3779 σθεναρὸς·
839 3711 972 3759 οὕτω
1039 3712 1126 3760 καὶ
1189 3710 1357 3775 αὐτοὶ,
1428 3712 1748 3784 γηράσαντες
1794 3718 1855 3782 τῇ

262 3795 581 3852 παλαιότητι
638 3804 733 3846 τῶν
792 3798 989 3862 παθῶν,
1040 3796 1333 3869 ἐμϐάλωμεν
1388 3798 1597 3858 ἑαυτοὺς
1646 3799 1717 3859 εἰς
1766 3804 1860 3856 τὴν

270 3887 458 3940 στενὴν
512 3887 591 3934 καὶ
671 3885 1003 3957 τεθλιμμένην
1083 3886 1365 3955 πολιτείαν,
1419 3892 1507 3939 καὶ
1561 3884 1633 3939 δι’
1700 3888 1862 3948 αὐτῆς

269 3971 628 4034 ἁποξύσαντες
651 3975 734 4023 τὸν
788 3973 1205 4047 πεπαλαιωμένον
1260 3984 1465 4047 χιτῶνα
1519 3984 1614 4037 τῆς
1654 3976 1862 4048 ψυχῆς,

270 4061 527 4122 εὕσθινεῐς
572 4063 851 4133 γενώμεθα.

342 4156 451 4202 Νῦν
514 4153 602 4221 μὲν
660 4147 747 4201 οὖν
809 4151 878 4212 εἰς
950 4152 1105 4204 καλὸν
1178 4151 1518 4228 παράδειγμα
1562 4159 1677 4215 τοὺς
1734 4159 1867 4226 ὄφεις

270 4243 362 4290 καὶ
412 4240 505 4299 τὰς
559 4242 867 4313 περιστερὰς
937 4241 1129 4294 ἔλαϐεν·
1184 4241 1415 4313 ἀλλαχοῦ
1452 4242 1510 4296 δε
1556 4244 1743 4317 μᾶλλον
1798 4244 1869 4305 εἰς

270 4331 431 4379 κακόν
479 4327 799 4398 ἐλήφθησαν.
876 4331 1189 4390 Κακίζονται
1263 4335 1362 4405 γὰρ
1451 4330 1717 4399 Ἰουδαῖοι,
1801 4335 1868 4395 ὡς

270 4422 428 4488 ὄφεις,
482 4422 779 4487 γεννήματα
831 4415 1075 4488 ἐχιδνῶν·
1119 4425 1206 4472 καὶ
1264 4418 1592 4474 διαϐάλλεται
1625 4425 1866 4496 Ἐφραίμ,

268 4507 337 4566 ὡς
391 4509 678 4579 περιστερὰ
738 4507 907 4572 ἄνους,
984 4508 1077 4560 οὐκ
1135 4511 1339 4579 ἔχουσα
1413 4508 1654 4583 καρδίαν.
1712 4513 1872 4563 Εἵωθε

264 4596 369 4667 γὰρ
432 4593 683 4654 πολλάκις
736 4597 766 4652 ἠ
838 4601 1011 4669 Γραφὴ
1070 4594 1354 4672 διαφόρους
1414 4599 1611 4660 εἰκόνας
1660 4598 1712 4661 ἐξ
1768 4599 1873 4660 ἰνὸς

268 4683 407 4744 ζῴου
461 4688 747 4756 παριστᾴν,
804 4686 924 4736 ὅταν
972 4683 1130 4737 ἐκεῖνο
1181 4691 1269 4738 καὶ
1327 4688 1607 4758 θαυμαστὰ
1636 4690 1875 4760 ἔχη,καὶ

266 4774 476 4845 πονηρὰ
522 4770 962 4844 πλεονεκτήματα.
1053 4779 1152 4828 Καὶ
1199 4778 1297 4847 γὰρ
1364 4775 1486 4828 λέων
1538 4780 1646 4847 μὲν,
1706 4780 1795 4827 καὶ
1852 4777 1876 4827 ό

274 4863 530 4934 Χριστὸς,
574 4863 712 4912 κατὰ
749 4865 806 4913 τὸ
860 4861 1135 4934 βασιλικόν
1165 4869 1254 4916 καὶ
1310 4866 1540 4937 ἄμαχον·
1583 4866 1877 4917 Ἀναπεσὼν

278 4950 403 5022 γὰρ,
463 4953 643 5021 φησὶν,
690 4948 966 5024 ἐκοιμήθη,
1030 4955 1097 5015 ὡς
1148 4952 1291 5006 λέων·
1343 4957 1462 5006 λέων
1525 4950 1584 5006 δε
1612 4958 1702 5006 καὶ
1743 4950 1856 5006 ὁδί

1988 4951 2337 5023 dignitatem
2391 4953 2448 5005 et
2499 4942 3134 5017 inexpugnabilitatem
3192 4958 3205 4997 :

354 5127 402 5164 ³⁸
426 5128 569 5188 Luc.
606 5145 728 5197 xvr,
755 5134 812 5189 3.
934 5134 978 5169 ¹⁷
1010 5132 1174 5206 Osee,
1206 5149 1304 5201 vu,
1343 5135 1427 5193 11.

1961 2482 2203 2538 quoque
2257 2464 2689 2535 simplicitatem
2736 2464 2973 2533 imitari,
3020 2464 3134 2519 hoc
3182 2469 3287 2528 est,
3330 2465 3614 2520 innocen-

1961 2555 2125 2619 tiam,
2175 2554 2233 2608 in
2265 2568 2381 2608 non
2422 2552 2801 2608 vindicandis
2840 2552 3090 2623 injuriis,
3123 2553 3227 2608 sed
3269 2552 3609 2609 accedendo

1962 2644 2037 2699 ad
2070 2659 2172 2699 eos
2199 2642 2301 2715 qui
2340 2642 2629 2708 laeserunt,
2664 2641 2906 2714 illosque
2933 2641 3222 2698 amando.

2033 2822 2110 2880 Et
2144 2821 2281 2876 vide
2330 2820 2712 2891 sapientiam.
2769 2819 3073 2891 Siquidem
3105 2834 3223 2875 non
3274 2818 3467 2874 solam
3498 2834 3615 2874 ser—

1963 2915 2210 2982 pentum
2234 2909 2613 2981 prudentiam
2631 2910 2805 2979 jussit
2829 2908 3066 2977 imitari,
3089 2924 3283 2979 neque
3304 2908 3493 2963 solam
3521 2923 3616 2965 co-

1961 3000 2303 3055 lumbarum
2347 2996 2804 3071 simplicitatem,
2848 2996 2953 3051 sed
2990 3002 3303 3068 utramque
3347 2996 3605 3053 miscuit.

1962 3090 2110 3143 Nam
2141 3086 2331 3142 ambae
2380 3101 2562 3141 unam
2600 3084 2776 3139 simul
2821 3083 3083 3139 efﬁciunt
3126 3084 3423 3140 virtutem.
3452 3083 3617 3139 Nulla

1962 3178 2123 3232 enim
2155 3177 2339 3246 ipsius
2372 3176 2699 3246 prudentiae
2721 3179 2807 3228 est
2832 3173 3070 3237 utilitas,
3103 3173 3151 3227 si
3184 3174 3428 3228 defuerit
3450 3172 3618 3227 inno-

1964 3264 2152 3320 centia
2165 3308 2177 3319 .

2036 3356 2149 3408 Nos
2192 3368 2332 3407 vero
2377 3358 2432 3407 et
2474 3352 2652 3407 aliam
2702 3351 2983 3421 serpentis
3037 3350 3339 3405 imitemur
3362 3349 3622 3420 pruden-

1965 3442 2135 3496 tiam.
2175 3444 2321 3495 Nam
2359 3440 2509 3493 sicut
2556 3438 2648 3493 ille
2690 3438 2793 3493 ubi
2831 3440 3105 3503 senuerit,
3135 3453 3239 3508 per
3296 3438 3498 3491 locum
3526 3452 3623 3492 an-

1967 3536 2209 3600 gustum
2241 3531 2557 3595 transiens,
2605 3528 2869 3599 seipsum
2912 3527 3187 3591 leberide,
3221 3526 3335 3581 hoc
3364 3532 3473 3591 est,
3508 3541 3620 3581 suo

1969 3620 2174 3674 exuvio
2200 3635 2269 3674 ac
2300 3618 2451 3689 pelle
2498 3618 2729 3689 spoliat,
2764 3624 2817 3671 et
2848 3617 2927 3672 ita
2956 3614 3191 3681 validus
3223 3614 3469 3670 efficitur
3500 3631 3512 3668 :
3542 3614 3625 3670 ita

1901 3734 1940 3791 ρ
1969 3724 2211 3779 quoque
2263 3724 2395 3775 nos,
2448 3706 2550 3778 qui
2598 3710 2882 3761 vetustate
2927 3704 3242 3759 affectuum
3289 3702 3623 3771 senuimus,

1969 3796 2308 3865 injiciamus
2349 3811 2459 3851 nos
2490 3795 2656 3866 ipsos
2685 3794 2745 3848 in
2766 3797 3085 3861 angustum
3116 3791 3505 3861 strictumque
3543 3790 3629 3844 vi-

1971 3884 2147 3941 vendi
2200 3884 2483 3939 modum:
2518 3888 2575 3938 et
2623 3898 2726 3954 per
2777 3882 2937 3937 hunc
2964 3884 3141 3936 exuta
3190 3879 3372 3935 veteri
3410 3878 3628 3934 animas

1970 3977 2155 4037 veste,
2187 3972 2413 4027 robusti
2444 3970 2799 4028 efﬁciamur.

2045 4152 2211 4205 Nunc
2249 4150 2448 4222 itaque
2488 4151 2544 4205 in
2580 4150 2832 4217 bonum,
2866 4150 3169 4219 serpentes
3200 4149 3376 4217 atque
3408 4144 3633 4199 colum-

1975 4239 2110 4305 bas,
2161 4239 2432 4310 exemplo
2467 4240 2729 4310 accepit:
2775 4236 2915 4291 alibi
2972 4251 3106 4290 vero
3156 4234 3216 4288 in
3249 4232 3478 4288 malum
3526 4247 3630 4303 po-

1977 4328 2090 4384 tius
2148 4332 2389 4399 sumpta
2438 4332 2593 4381 sunt.
2650 4329 2796 4381 Nam
2843 4324 3237 4395 reprobantur
3292 4320 3632 4376 Judaeitan-

1978 4433 2162 4489 quam
2196 4422 2496 4487 serpentes
2529 4420 2583 4470 et
2626 4416 2968 4484 viperarum
3002 4410 3314 4484 progenies
3348 4426 3361 4463 :
3398 4417 3453 4464 et
3479 4408 3637 4463 male

1980 4507 2147 4564 audit
2196 4505 2495 4577 Ephraim,
2541 4506 2707 4575 quasi
2753 4503 3018 4559 columba
3063 4503 3319 4566 demens,
3365 4516 3489 4571 qua:
3520 4514 3638 4553 non

1982 4596 2182 4651 habeat
2222 4612 2315 4650 cor
2358 4596 2424 4647 Π.
2453 4594 2613 4650 Solet
2655 4594 2815 4649 enim
2845 4592 3184 4662 frequenter
3214 4589 3512 4658 Scriptura
3560 4586 3639 4641 ab

1982 4684 2195 4741 eodem
2209 4683 2451 4739 animali
2465 4680 2802 4736 differentes
2816 4680 3125 4733 ostendere
3140 4675 3639 4747 comparationes,

1984 4773 2230 4845 quando
2257 4772 2397 4826 illud
2430 4773 2622 4825 bonas
2648 4767 2824 4822 simul
2851 4773 2905 4820 et
2940 4766 3126 4820 malas
3146 4763 3327 4819 habet
3355 4760 3643 4816 conditio-

1988 4879 2116 4917 nes.
2156 4864 2301 4917 Nam
2350 4867 2406 4915 et
2444 4857 2707 4914 Christus
2747 4855 2959 4909 dicitur
3006 4854 3098 4908 leo
3151 4854 3392 4924 propter
3420 4846 3645 4917 regiam

3266 4936 3644 5004 Hecumbens,

1494 5310 1716 5382 Variae
1754 5310 2083 5379 lectiones
2125 5313 2422 5376 etnotae.

384 5502 471 5583 gl)
508 5502 703 5583 Qodex
733 5508 981 5583 uterque
1009 5507 1242 5565 inclusa
1268 5508 1452 5567 habet
1498 5509 1559 5566 in
1590 5509 1879 5583 margine.

385 5577 472 5647 ‘22)
512 5572 829 5652 δερματίδα.
864 5572 927 5632 Ᾰ.

2065 5504 2174 5577 (23)
2239 5506 2555 5577 Utrumque
2608 5498 2991 5577 vocabulum,
3058 5493 3283 5577 λεϐηρίς,
3346 5496 3401 5550 et
3449 5484 3627 5567 ἐπιᾶερ

1993 5550 2794 5653 Myz'ha'tétr‘r‘e‘a'anusﬁ
2802 5550 3047 5637 aisais,
3082 5550 3278 5643 p.311
