  <div class='ocr_page' id='page_1' title='image "/cluster/home/n/w/nwhite01/storage/ocr_20150623/129/mdp.39015061528470/177.png"; bbox 0 0 4206 6310; ppageno 0'>
   <div class='ocr_carea' id='block_1_1' title="bbox 650 295 4016 364">
    <p class='ocr_par' dir='ltr' id='par_1_1' title="bbox 650 295 4016 364">
     <span class='ocr_line' id='line_1_1' title="bbox 650 295 4016 364; baseline -0.001 -10"><span class='ocrx_word' id='word_1_1' title='bbox 650 305 756 364; x_wconf 83' lang='lat'><strong><em>335</em></strong></span> <span class='ocrx_word' id='word_1_2' title='bbox 1965 295 2317 353; x_wconf 84' lang='lat' dir='ltr'><strong><em>EUTHYMII</em></strong></span> <span class='ocrx_word' id='word_1_3' title='bbox 2357 295 2687 353; x_wconf 83' lang='lat' dir='ltr'><strong><em>ZIGABENI</em></strong></span> <span class='ocrx_word' id='word_1_4' title='bbox 3905 307 4016 364; x_wconf 85' lang='lat'><strong><em>336</em></strong></span> 
     </span>
    </p>
   </div>
   <div class='ocr_carea' id='block_1_2' title="bbox 647 421 2274 503">
    <p class='ocr_par' dir='ltr' id='par_1_2' title="bbox 647 421 2274 503">
     <span class='ocr_line' id='line_1_2' title="bbox 647 421 2274 503; baseline -0.008 -16"><span class='ocrx_word' id='word_1_5' title='bbox 647 431 858 503; x_wconf 88' lang='lat' dir='ltr'><strong><em>inquit,</em></strong></span> <span class='ocrx_word' id='word_1_6' title='bbox 913 429 1186 485; x_wconf 78' lang='lat' dir='ltr'><strong><em>dormivit</em></strong></span> <span class='ocrx_word' id='word_1_7' title='bbox 1241 432 1308 483; x_wconf 88' lang='lat' dir='ltr'><strong><em>ut</em></strong></span> <span class='ocrx_word' id='word_1_8' title='bbox 1352 425 1460 491; x_wconf 91' lang='lat' dir='ltr'><strong><em>leo,</em></strong></span> <span class='ocrx_word' id='word_1_9' title='bbox 1518 423 1650 495; x_wconf 90' lang='lat' dir='ltr'><strong><em>quis</em></strong></span> <span class='ocrx_word' id='word_1_10' title='bbox 1674 421 1973 478; x_wconf 83' lang='lat' dir='ltr'><strong><em>suscitabit</em></strong></span> <span class='ocrx_word' id='word_1_11' title='bbox 2023 436 2154 477; x_wconf 86' lang='lat' dir='ltr'><strong><em>eum</em></strong></span> <span class='ocrx_word' id='word_1_12' title='bbox 2196 421 2274 457; x_wconf 71' lang='lat'><strong><em>18‘</em></strong></span> 
     </span>
    </p>
   </div>
   <div class='ocr_carea' id='block_1_3' title="bbox 2386 421 4008 503">
    <p class='ocr_par' dir='ltr' id='par_1_3' title="bbox 2403 424 4008 502">
     <span class='ocr_line' id='line_1_3' title="bbox 2403 424 4008 502; baseline 0.007 -30"><span class='ocrx_word' id='word_1_13' title='bbox 2403 441 2563 486; x_wconf 79' lang='grc' dir='ltr'>καιος,</span> <span class='ocrx_word' id='word_1_14' title='bbox 2595 426 2729 474; x_wconf 86' lang='grc' dir='ltr'><strong><em>κατά</em></strong></span> <span class='ocrx_word' id='word_1_15' title='bbox 2756 427 2814 475; x_wconf 89' lang='grc' dir='ltr'>τὸ</span> <span class='ocrx_word' id='word_1_16' title='bbox 2868 424 3340 499; x_wconf 78' lang='grc' dir='ltr'>εύπαρῥησίαστον.</span> <span class='ocrx_word' id='word_1_17' title='bbox 3399 432 3604 490; x_wconf 81' lang='grc' dir='ltr'><strong><em>Δίκαιος</em></strong></span> <span class='ocrx_word' id='word_1_18' title='bbox 3647 432 3770 502; x_wconf 87' lang='grc' dir='ltr'>γὰρ,</span> <span class='ocrx_word' id='word_1_19' title='bbox 3815 437 4008 502; x_wconf 78' lang='grc' dir='ltr'>φησὶν,</span> 
     </span>
    </p>
   </div>
   <div class='ocr_carea' id='block_1_4' title="bbox 643 509 2290 584">
    <p class='ocr_par' dir='ltr' id='par_1_4' title="bbox 643 509 2290 584">
     <span class='ocr_line' id='line_1_4' title="bbox 643 509 2290 584; baseline -0.007 -9"><span class='ocrx_word' id='word_1_20' title='bbox 643 521 845 576; x_wconf 84' lang='lat' dir='ltr'><strong><em>Justus</em></strong></span> <span class='ocrx_word' id='word_1_21' title='bbox 893 519 1070 574; x_wconf 88' lang='lat' dir='ltr'><strong><em>etiam</em></strong></span> <span class='ocrx_word' id='word_1_22' title='bbox 1114 517 1208 573; x_wconf 91' lang='lat' dir='ltr'><strong><em>leo</em></strong></span> <span class='ocrx_word' id='word_1_23' title='bbox 1257 520 1522 579; x_wconf 84' lang='lat' dir='ltr'><strong><em>vocatur,</em></strong></span> <span class='ocrx_word' id='word_1_24' title='bbox 1579 517 1813 584; x_wconf 85' lang='lat' dir='ltr'><strong><em>propter</em></strong></span> <span class='ocrx_word' id='word_1_25' title='bbox 1868 509 2290 566; x_wconf 78' lang='lat' dir='ltr'><strong><em>fortitudinem.</em></strong></span> 
     </span>
    </p>
   </div>
   <div class='ocr_carea' id='block_1_5' title="bbox 641 598 2293 676">
    <p class='ocr_par' dir='ltr' id='par_1_5' title="bbox 641 598 2293 676">
     <span class='ocr_line' id='line_1_5' title="bbox 641 598 2293 676; baseline -0.006 -13"><span class='ocrx_word' id='word_1_26' title='bbox 641 608 864 673; x_wconf 79' lang='lat' dir='ltr'><strong><em>Justus,</em></strong></span> <span class='ocrx_word' id='word_1_27' title='bbox 897 606 992 670; x_wconf 85' lang='lat' dir='ltr'><strong><em>ait,</em></strong></span> <span class='ocrx_word' id='word_1_28' title='bbox 1026 608 1197 676; x_wconf 87' lang='lat' dir='ltr'><strong><em>quasi</em></strong></span> <span class='ocrx_word' id='word_1_29' title='bbox 1222 604 1306 661; x_wconf 89' lang='lat' dir='ltr'><strong><em>leo</em></strong></span> <span class='ocrx_word' id='word_1_30' title='bbox 1323 602 1562 671; x_wconf 80' lang='lat' dir='ltr'><strong><em>conﬁdit</em></strong></span> <span class='ocrx_word' id='word_1_31' title='bbox 1586 603 1658 656; x_wconf 69' lang='grc' dir='ltr'><strong><em>ιθ.</em></strong></span> <span class='ocrx_word' id='word_1_32' title='bbox 1685 601 1970 655; x_wconf 69' lang='grc' dir='ltr'>Ρτωῐοτεᾶ</span> <span class='ocrx_word' id='word_1_33' title='bbox 1999 603 2054 654; x_wconf 88' lang='lat' dir='ltr'><strong><em>et</em></strong></span> <span class='ocrx_word' id='word_1_34' title='bbox 2087 598 2293 654; x_wconf 87' lang='lat' dir='ltr'><strong><em>diabo-</em></strong></span> 
     </span>
    </p>
   </div>
   <div class='ocr_carea' id='block_1_6' title="bbox 639 688 2292 765">
    <p class='ocr_par' dir='ltr' id='par_1_6' title="bbox 639 688 2292 765">
     <span class='ocr_line' id='line_1_6' title="bbox 639 688 2292 765; baseline -0.005 -15"><span class='ocrx_word' id='word_1_35' title='bbox 639 695 734 750; x_wconf 87' lang='lat' dir='ltr'><strong><em>lus</em></strong></span> <span class='ocrx_word' id='word_1_36' title='bbox 762 696 855 752; x_wconf 91' lang='lat' dir='ltr'><strong><em>leo</em></strong></span> <span class='ocrx_word' id='word_1_37' title='bbox 903 694 1136 761; x_wconf 87' lang='lat' dir='ltr'><strong><em>dicitur,</em></strong></span> <span class='ocrx_word' id='word_1_38' title='bbox 1171 709 1240 750; x_wconf 91' lang='lat' dir='ltr'><strong><em>eo</em></strong></span> <span class='ocrx_word' id='word_1_39' title='bbox 1270 692 1434 765; x_wconf 92' lang='lat' dir='ltr'><strong><em>quod</em></strong></span> <span class='ocrx_word' id='word_1_40' title='bbox 1464 688 1712 746; x_wconf 82' lang='lat' dir='ltr'><strong><em>immitis</em></strong></span> <span class='ocrx_word' id='word_1_41' title='bbox 1745 688 1818 742; x_wconf 88' lang='lat' dir='ltr'><strong><em>sit</em></strong></span> <span class='ocrx_word' id='word_1_42' title='bbox 1841 703 1911 743; x_wconf 89' lang='lat' dir='ltr'><strong><em>ac</em></strong></span> <span class='ocrx_word' id='word_1_43' title='bbox 1939 688 2292 756; x_wconf 83' lang='lat' dir='ltr'><strong><em>sanguinem</em></strong></span> 
     </span>
    </p>
   </div>
   <div class='ocr_carea' id='block_1_7' title="bbox 638 777 2293 854">
    <p class='ocr_par' dir='ltr' id='par_1_7' title="bbox 638 777 2293 854">
     <span class='ocr_line' id='line_1_7' title="bbox 638 777 2293 854; baseline -0.005 -14"><span class='ocrx_word' id='word_1_44' title='bbox 638 787 826 841; x_wconf 91' lang='lat' dir='ltr'><strong><em>voret.</em></strong></span> <span class='ocrx_word' id='word_1_45' title='bbox 873 783 946 840; x_wconf 89' lang='lat' dir='ltr'><strong><em>Ut</em></strong></span> <span class='ocrx_word' id='word_1_46' title='bbox 985 783 1087 850; x_wconf 87' lang='lat' dir='ltr'><strong><em>leo,</em></strong></span> <span class='ocrx_word' id='word_1_47' title='bbox 1119 781 1329 854; x_wconf 88' lang='lat' dir='ltr'><strong><em>inquit,</em></strong></span> <span class='ocrx_word' id='word_1_48' title='bbox 1374 779 1697 837; x_wconf 80' lang='lat' dir='ltr'><strong><em>obambulat</em></strong></span> <span class='ocrx_word' id='word_1_49' title='bbox 1726 791 1981 849; x_wconf 78' lang='lat' dir='ltr'><strong><em>quaerens</em></strong></span> <span class='ocrx_word' id='word_1_50' title='bbox 2011 791 2176 847; x_wconf 87' lang='lat' dir='ltr'><strong><em>quem</em></strong></span> <span class='ocrx_word' id='word_1_51' title='bbox 2198 777 2293 832; x_wconf 85' lang='lat' dir='ltr'><strong><em>de-</em></strong></span> 
     </span>
    </p>
   </div>
   <div class='ocr_carea' id='block_1_8' title="bbox 635 873 968 930">
    <p class='ocr_par' dir='ltr' id='par_1_8' title="bbox 635 873 968 930">
     <span class='ocr_line' id='line_1_8' title="bbox 635 873 968 930; baseline 0.003 -1"><span class='ocrx_word' id='word_1_52' title='bbox 635 875 790 930; x_wconf 84' lang='lat' dir='ltr'><strong><em>voret</em></strong></span> <span class='ocrx_word' id='word_1_53' title='bbox 817 873 942 928; x_wconf 83' lang='grc'><strong><em>²⁰.⁸⁰</em></strong></span> <span class='ocrx_word' id='word_1_54' title='bbox 954 916 968 930; x_wconf 96' lang='grc'><strong><em>.</em></strong></span> 
     </span>
    </p>
   </div>
   <div class='ocr_carea' id='block_1_9' title="bbox 704 953 2289 1018">
    <p class='ocr_par' dir='ltr' id='par_1_9' title="bbox 704 953 2289 1018">
     <span class='ocr_line' id='line_1_9' title="bbox 704 953 2289 1018; baseline -0.004 -2"><span class='ocrx_word' id='word_1_55' title='bbox 704 963 872 1018; x_wconf 79' lang='grc' dir='ltr'>νοτε.</span> <span class='ocrx_word' id='word_1_56' title='bbox 909 958 1310 1016; x_wconf 86' lang='lat' dir='ltr'><strong><em>l7.Attendite</em></strong></span> <span class='ocrx_word' id='word_1_57' title='bbox 1355 989 1422 998; x_wconf 96' lang='lat'>—</span> <span class='ocrx_word' id='word_1_58' title='bbox 1464 972 1584 1014; x_wconf 86' lang='lat' dir='ltr'><strong><em>vos.</em></strong></span> <span class='ocrx_word' id='word_1_59' title='bbox 1634 954 1896 1011; x_wconf 67' lang='lat' dir='ltr'><strong><em>Praedicit</em></strong></span> <span class='ocrx_word' id='word_1_60' title='bbox 1937 955 2021 1010; x_wconf 89' lang='lat' dir='ltr'><strong><em>eis</em></strong></span> <span class='ocrx_word' id='word_1_61' title='bbox 2060 953 2289 1009; x_wconf 85' lang='lat' dir='ltr'><strong><em>futuras</em></strong></span> 
     </span>
    </p>
   </div>
   <div class='ocr_carea' id='block_1_10' title="bbox 632 1042 2290 1116">
    <p class='ocr_par' dir='ltr' id='par_1_10' title="bbox 632 1042 2290 1116">
     <span class='ocr_line' id='line_1_10' title="bbox 632 1042 2290 1116; baseline -0.006 -9"><span class='ocrx_word' id='word_1_62' title='bbox 632 1050 1006 1116; x_wconf 84' lang='lat' dir='ltr'><strong><em>tentationes,</em></strong></span> <span class='ocrx_word' id='word_1_63' title='bbox 1038 1062 1334 1105; x_wconf 82' lang='lat' dir='ltr'><strong><em>exacuens</em></strong></span> <span class='ocrx_word' id='word_1_64' title='bbox 1359 1047 1437 1103; x_wconf 89' lang='lat' dir='ltr'><strong><em>ad</em></strong></span> <span class='ocrx_word' id='word_1_65' title='bbox 1466 1044 1820 1103; x_wconf 77' lang='lat' dir='ltr'><strong><em>certamina.</em></strong></span> <span class='ocrx_word' id='word_1_66' title='bbox 1859 1042 2168 1108; x_wconf 84' lang='lat' dir='ltr'><strong><em>Attendite,</em></strong></span> <span class='ocrx_word' id='word_1_67' title='bbox 2202 1042 2290 1098; x_wconf 91' lang='lat' dir='ltr'><strong><em>in-</em></strong></span> 
     </span>
    </p>
   </div>
   <div class='ocr_carea' id='block_1_11' title="bbox 633 1131 2283 1211">
    <p class='ocr_par' dir='ltr' id='par_1_11' title="bbox 633 1131 2283 1211">
     <span class='ocr_line' id='line_1_11' title="bbox 633 1131 2283 1211; baseline -0.005 -16"><span class='ocrx_word' id='word_1_68' title='bbox 633 1139 782 1211; x_wconf 87' lang='lat' dir='ltr'><strong>quit,</strong></span> <span class='ocrx_word' id='word_1_69' title='bbox 812 1139 890 1194; x_wconf 92' lang='lat' dir='ltr'><strong><em>ab</em></strong></span> <span class='ocrx_word' id='word_1_70' title='bbox 918 1137 1287 1203; x_wconf 90' lang='lat' dir='ltr'><strong><em>hominibus,</em></strong></span> <span class='ocrx_word' id='word_1_71' title='bbox 1313 1135 1428 1192; x_wconf 91' lang='lat' dir='ltr'><strong><em>hoc</em></strong></span> <span class='ocrx_word' id='word_1_72' title='bbox 1477 1139 1585 1207; x_wconf 86' lang='lat' dir='ltr'><strong><em>est,</em></strong></span> <span class='ocrx_word' id='word_1_73' title='bbox 1639 1134 1950 1190; x_wconf 85' lang='lat' dir='ltr'><strong><em>observate</em></strong></span> <span class='ocrx_word' id='word_1_74' title='bbox 1992 1131 2283 1199; x_wconf 86' lang='lat' dir='ltr'><strong><em>homines,</em></strong></span> 
     </span>
    </p>
   </div>
   <div class='ocr_carea' id='block_1_12' title="bbox 632 1224 1670 1298">
    <p class='ocr_par' dir='ltr' id='par_1_12' title="bbox 632 1224 1670 1298">
     <span class='ocr_line' id='line_1_12' title="bbox 632 1224 1670 1298; baseline -0.002 -16"><span class='ocrx_word' id='word_1_75' title='bbox 632 1227 756 1282; x_wconf 83' lang='lat' dir='ltr'><strong><em>sive</em></strong></span> <span class='ocrx_word' id='word_1_76' title='bbox 782 1225 1046 1298; x_wconf 90' lang='lat' dir='ltr'><strong><em>pericula</em></strong></span> <span class='ocrx_word' id='word_1_77' title='bbox 1066 1226 1144 1282; x_wconf 90' lang='lat' dir='ltr'><strong><em>ab</em></strong></span> <span class='ocrx_word' id='word_1_78' title='bbox 1173 1224 1286 1281; x_wconf 89' lang='lat' dir='ltr'><strong><em>illis</em></strong></span> <span class='ocrx_word' id='word_1_79' title='bbox 1315 1227 1670 1297; x_wconf 82' lang='lat' dir='ltr'><strong><em>exspectate.</em></strong></span> 
     </span>
    </p>
   </div>
   <div class='ocr_carea' id='block_1_13' title="bbox 703 1311 2285 1384">
    <p class='ocr_par' dir='ltr' id='par_1_13' title="bbox 703 1311 2285 1384">
     <span class='ocr_line' id='line_1_13' title="bbox 703 1311 2285 1384; baseline -0.003 -14"><span class='ocrx_word' id='word_1_80' title='bbox 703 1317 862 1370; x_wconf 85' lang='lat' dir='ltr'><strong><em>Vers.</em></strong></span> <span class='ocrx_word' id='word_1_81' title='bbox 891 1314 979 1370; x_wconf 90' lang='lat'><strong><em>18.</em></strong></span> <span class='ocrx_word' id='word_1_82' title='bbox 1019 1315 1097 1370; x_wconf 84' lang='lat' dir='ltr'><strong><em>Et</em></strong></span> <span class='ocrx_word' id='word_1_83' title='bbox 1139 1345 1194 1356; x_wconf 95' lang='lat'><strong><em>—</em></strong></span> <span class='ocrx_word' id='word_1_84' title='bbox 1228 1329 1342 1372; x_wconf 88' lang='lat' dir='ltr'><strong><em>me.</em></strong></span> <span class='ocrx_word' id='word_1_85' title='bbox 1403 1314 1721 1384; x_wconf 87' lang='lat' dir='ltr'><strong><em>Postquam</em></strong></span> <span class='ocrx_word' id='word_1_86' title='bbox 1770 1311 1918 1367; x_wconf 83' lang='lat' dir='ltr'><strong><em>dixit</em></strong></span> <span class='ocrx_word' id='word_1_87' title='bbox 1939 1326 2075 1382; x_wconf 77' lang='lat' dir='ltr'><strong><em>quae</em></strong></span> <span class='ocrx_word' id='word_1_88' title='bbox 2125 1325 2162 1366; x_wconf 89' lang='lat' dir='ltr'><strong><em>a</em></strong></span> <span class='ocrx_word' id='word_1_89' title='bbox 2189 1311 2285 1366; x_wconf 88' lang='lat' dir='ltr'><strong><em>Ju-</em></strong></span> 
     </span>
    </p>
   </div>
   <div class='ocr_carea' id='block_1_14' title="bbox 629 1398 2283 1476">
    <p class='ocr_par' dir='ltr' id='par_1_14' title="bbox 629 1398 2283 1476">
     <span class='ocr_line' id='line_1_14' title="bbox 629 1398 2283 1476; baseline -0.003 -16"><span class='ocrx_word' id='word_1_90' title='bbox 629 1403 778 1460; x_wconf 73' lang='lat' dir='ltr'><strong><em>dteis</em></strong></span> <span class='ocrx_word' id='word_1_91' title='bbox 795 1402 1026 1476; x_wconf 86' lang='lat' dir='ltr'><strong><em>passuri</em></strong></span> <span class='ocrx_word' id='word_1_92' title='bbox 1053 1406 1243 1470; x_wconf 89' lang='lat' dir='ltr'><strong><em>erant,</em></strong></span> <span class='ocrx_word' id='word_1_93' title='bbox 1272 1417 1434 1460; x_wconf 90' lang='lat' dir='ltr'><strong><em>nunc</em></strong></span> <span class='ocrx_word' id='word_1_94' title='bbox 1477 1402 1656 1459; x_wconf 84' lang='lat' dir='ltr'><strong><em>etiam</em></strong></span> <span class='ocrx_word' id='word_1_95' title='bbox 1686 1400 1821 1458; x_wconf 89' lang='lat' dir='ltr'><strong><em>dicit</em></strong></span> <span class='ocrx_word' id='word_1_96' title='bbox 1857 1415 1993 1473; x_wconf 66' lang='lat' dir='ltr'><strong><em>quae</em></strong></span> <span class='ocrx_word' id='word_1_97' title='bbox 2041 1399 2118 1456; x_wconf 89' lang='lat' dir='ltr'><strong><em>ab</em></strong></span> <span class='ocrx_word' id='word_1_98' title='bbox 2157 1398 2283 1455; x_wconf 86' lang='lat' dir='ltr'><strong><em>aliis</em></strong></span> 
     </span>
    </p>
   </div>
   <div class='ocr_carea' id='block_1_15' title="bbox 629 1492 930 1563">
    <p class='ocr_par' dir='ltr' id='par_1_15' title="bbox 629 1492 930 1563">
     <span class='ocr_line' id='line_1_15' title="bbox 629 1492 930 1563; baseline 0 -15"><span class='ocrx_word' id='word_1_99' title='bbox 629 1492 930 1563; x_wconf 78' lang='lat' dir='ltr'><strong><em>gentibus.</em></strong></span> 
     </span>
    </p>
   </div>
   <div class='ocr_carea' id='block_1_16' title="bbox 698 1669 2281 1744">
    <p class='ocr_par' dir='ltr' id='par_1_16' title="bbox 698 1669 2281 1744">
     <span class='ocr_line' id='line_1_16' title="bbox 698 1669 2281 1744; baseline -0.002 -17"><span class='ocrx_word' id='word_1_100' title='bbox 698 1671 867 1730; x_wconf 88' lang='lat' dir='ltr'><strong><em>Vers.</em></strong></span> <span class='ocrx_word' id='word_1_101' title='bbox 927 1672 1014 1728; x_wconf 88' lang='lat'><strong><em>18.</em></strong></span> <span class='ocrx_word' id='word_1_102' title='bbox 1076 1673 1150 1728; x_wconf 91' lang='lat' dir='ltr'><strong><em>In</em></strong></span> <span class='ocrx_word' id='word_1_103' title='bbox 1207 1703 1275 1713; x_wconf 87' lang='grc'><strong><em>-</em></strong></span> <span class='ocrx_word' id='word_1_104' title='bbox 1325 1671 1616 1744; x_wconf 81' lang='lat' dir='ltr'><strong><em>gentibus.</em></strong></span> <span class='ocrx_word' id='word_1_105' title='bbox 1667 1669 1755 1725; x_wconf 83' lang='lat' dir='ltr'><strong><em>Ad</em></strong></span> <span class='ocrx_word' id='word_1_106' title='bbox 1794 1669 2281 1739; x_wconf 83' lang='lat' dir='ltr'><strong><em>redargutionem</em></strong></span> 
     </span>
    </p>
   </div>
   <div class='ocr_carea' id='block_1_17' title="bbox 2405 510 4014 583">
    <p class='ocr_par' dir='ltr' id='par_1_17' title="bbox 2405 510 4014 583">
     <span class='ocr_line' id='line_1_17' title="bbox 2405 510 4014 583; baseline 0.007 -22"><span class='ocrx_word' id='word_1_107' title='bbox 2405 513 2470 571; x_wconf 86' lang='grc' dir='ltr'>ὡς</span> <span class='ocrx_word' id='word_1_108' title='bbox 2511 510 2632 563; x_wconf 85' lang='grc' dir='ltr'>λέων</span> <span class='ocrx_word' id='word_1_109' title='bbox 2666 515 2894 565; x_wconf 82' lang='grc' dir='ltr'><strong><em>πέποιθε·</em></strong></span> <span class='ocrx_word' id='word_1_110' title='bbox 2967 514 3087 566; x_wconf 85' lang='grc' dir='ltr'>λέων</span> <span class='ocrx_word' id='word_1_111' title='bbox 3129 511 3187 567; x_wconf 77' lang='grc' dir='ltr'><strong><em>δὲ</em></strong></span> <span class='ocrx_word' id='word_1_112' title='bbox 3239 521 3325 568; x_wconf 88' lang='grc' dir='ltr'>καὶ</span> <span class='ocrx_word' id='word_1_113' title='bbox 3382 519 3406 567; x_wconf 86' lang='grc' dir='ltr'><strong><em>ὁ</em></strong></span> <span class='ocrx_word' id='word_1_114' title='bbox 3448 514 3709 583; x_wconf 78' lang='grc' dir='ltr'>διάϐολος,</span> <span class='ocrx_word' id='word_1_115' title='bbox 3752 523 3900 571; x_wconf 84' lang='grc' dir='ltr'><strong><em>κατά</em></strong></span> <span class='ocrx_word' id='word_1_116' title='bbox 3957 526 4014 573; x_wconf 86' lang='grc' dir='ltr'><strong><em>τό</em></strong></span> 
     </span>
    </p>
   </div>
   <div class='ocr_carea' id='block_1_18' title="bbox 2405 597 4012 680">
    <p class='ocr_par' dir='ltr' id='par_1_18' title="bbox 2405 597 4012 680">
     <span class='ocr_line' id='line_1_18' title="bbox 2405 597 4012 680; baseline 0.007 -30"><span class='ocrx_word' id='word_1_117' title='bbox 2405 597 2654 673; x_wconf 81' lang='grc' dir='ltr'>ἀνήμερον</span> <span class='ocrx_word' id='word_1_118' title='bbox 2706 607 2792 654; x_wconf 83' lang='grc' dir='ltr'>καὶ</span> <span class='ocrx_word' id='word_1_119' title='bbox 2846 601 3141 676; x_wconf 66' lang='grc' dir='ltr'>αἱμοϐόρονθ</span> <span class='ocrx_word' id='word_1_120' title='bbox 3174 603 3276 666; x_wconf 76' lang='grc' dir='ltr'>Ὠς</span> <span class='ocrx_word' id='word_1_121' title='bbox 3329 605 3450 657; x_wconf 84' lang='grc' dir='ltr'>λέων</span> <span class='ocrx_word' id='word_1_122' title='bbox 3495 610 3619 680; x_wconf 77' lang='grc' dir='ltr'>γὰρ,</span> <span class='ocrx_word' id='word_1_123' title='bbox 3680 613 3838 678; x_wconf 75' lang='grc' dir='ltr'>φησὶ,</span> <span class='ocrx_word' id='word_1_124' title='bbox 3915 629 4012 662; x_wconf 79' lang='grc' dir='ltr'>πε-</span> 
     </span>
    </p>
   </div>
   <div class='ocr_carea' id='block_1_19' title="bbox 2401 691 3255 765">
    <p class='ocr_par' dir='ltr' id='par_1_19' title="bbox 2401 691 3255 765">
     <span class='ocr_line' id='line_1_19' title="bbox 2401 691 3255 765; baseline 0.007 -26"><span class='ocrx_word' id='word_1_125' title='bbox 2401 697 2628 760; x_wconf 89' lang='grc' dir='ltr'>ριπατεῖ,</span> <span class='ocrx_word' id='word_1_126' title='bbox 2654 691 2822 750; x_wconf 78' lang='grc' dir='ltr'>ζητῶν</span> <span class='ocrx_word' id='word_1_127' title='bbox 2853 697 2968 744; x_wconf 90' lang='grc' dir='ltr'>τίνα</span> <span class='ocrx_word' id='word_1_128' title='bbox 3002 697 3255 765; x_wconf 76' lang='grc' dir='ltr'><strong><em>καταπίῃ.</em></strong></span> 
     </span>
    </p>
   </div>
   <div class='ocr_carea' id='block_1_20' title="bbox 2471 943 4008 1016">
    <p class='ocr_par' dir='ltr' id='par_1_20' title="bbox 2471 943 4008 1016">
     <span class='ocr_line' id='line_1_20' title="bbox 2471 943 4008 1016; baseline 0.007 -26"><span class='ocrx_word' id='word_1_129' title='bbox 2471 943 2767 1010; x_wconf 81' lang='grc' dir='ltr'><strong><em>Προσέχετε</em></strong></span> <span class='ocrx_word' id='word_1_130' title='bbox 2827 971 2896 981; x_wconf 88' lang='grc'><strong>-</strong></span> <span class='ocrx_word' id='word_1_131' title='bbox 2977 943 3130 1014; x_wconf 82' lang='grc' dir='ltr'>ὑμᾶς.</span> <span class='ocrx_word' id='word_1_132' title='bbox 3192 949 3553 1016; x_wconf 80' lang='grc' dir='ltr'>Προαναφωνεί</span> <span class='ocrx_word' id='word_1_133' title='bbox 3615 948 3822 1008; x_wconf 81' lang='grc' dir='ltr'>τούτοις</span> <span class='ocrx_word' id='word_1_134' title='bbox 3886 951 4008 1009; x_wconf 83' lang='grc' dir='ltr'>τοὺς</span> 
     </span>
    </p>
   </div>
   <div class='ocr_carea' id='block_1_21' title="bbox 2397 1026 4002 1106">
    <p class='ocr_par' dir='ltr' id='par_1_21' title="bbox 2397 1026 4002 1106">
     <span class='ocr_line' id='line_1_21' title="bbox 2397 1026 4002 1106; baseline 0.006 -28"><span class='ocrx_word' id='word_1_135' title='bbox 2397 1026 2672 1098; x_wconf 85' lang='grc' dir='ltr'>μέλλοντας</span> <span class='ocrx_word' id='word_1_136' title='bbox 2722 1034 3058 1104; x_wconf 81' lang='grc' dir='ltr'>πειρασμοὺς,</span> <span class='ocrx_word' id='word_1_137' title='bbox 3108 1035 3423 1104; x_wconf 71' lang='grc' dir='ltr'><strong><em>παραθήγων</em></strong></span> <span class='ocrx_word' id='word_1_138' title='bbox 3480 1033 3547 1094; x_wconf 78' lang='grc' dir='ltr'><strong><em>εἰς</em></strong></span> <span class='ocrx_word' id='word_1_139' title='bbox 3598 1038 3718 1096; x_wconf 78' lang='grc' dir='ltr'>τοὺς</span> <span class='ocrx_word' id='word_1_140' title='bbox 3770 1034 4002 1106; x_wconf 83' lang='grc' dir='ltr'>ἀγῶνας.</span> 
     </span>
    </p>
   </div>
   <div class='ocr_carea' id='block_1_22' title="bbox 2398 1115 4006 1195">
    <p class='ocr_par' dir='ltr' id='par_1_22' title="bbox 2398 1115 4006 1195">
     <span class='ocr_line' id='line_1_22' title="bbox 2398 1115 4006 1195; baseline 0.005 -27"><span class='ocrx_word' id='word_1_141' title='bbox 2398 1119 2694 1188; x_wconf 82' lang='grc' dir='ltr'><strong><em>Προσέχετε</em></strong></span> <span class='ocrx_word' id='word_1_142' title='bbox 2733 1115 2792 1170; x_wconf 74' lang='grc' dir='ltr'>δε</span> <span class='ocrx_word' id='word_1_143' title='bbox 2847 1118 2948 1171; x_wconf 89' lang='grc' dir='ltr'>ἀπὸ</span> <span class='ocrx_word' id='word_1_144' title='bbox 2986 1127 3087 1170; x_wconf 86' lang='grc' dir='ltr'>τῶν</span> <span class='ocrx_word' id='word_1_145' title='bbox 3145 1119 3444 1195; x_wconf 83' lang='grc' dir='ltr'>ἀνθρώπων,</span> <span class='ocrx_word' id='word_1_146' title='bbox 3496 1120 3609 1174; x_wconf 78' lang='grc' dir='ltr'>ἀντὶ</span> <span class='ocrx_word' id='word_1_147' title='bbox 3657 1131 3768 1192; x_wconf 87' lang='grc' dir='ltr'>τοῦ,</span> <span class='ocrx_word' id='word_1_148' title='bbox 3802 1125 4006 1178; x_wconf 81' lang='grc' dir='ltr'>Φυλάτ-</span> 
     </span>
    </p>
   </div>
   <div class='ocr_carea' id='block_1_23' title="bbox 2395 1205 4005 1283">
    <p class='ocr_par' dir='ltr' id='par_1_23' title="bbox 2395 1205 4005 1283">
     <span class='ocr_line' id='line_1_23' title="bbox 2395 1205 4005 1283; baseline 0.007 -27"><span class='ocrx_word' id='word_1_149' title='bbox 2395 1207 2544 1257; x_wconf 87' lang='grc' dir='ltr'>τεσθε</span> <span class='ocrx_word' id='word_1_150' title='bbox 2573 1209 2693 1267; x_wconf 77' lang='grc' dir='ltr'>τοὺς</span> <span class='ocrx_word' id='word_1_151' title='bbox 2737 1205 3060 1282; x_wconf 79' lang='grc' dir='ltr'><strong><em>ἀνθρώπους,</em></strong></span> <span class='ocrx_word' id='word_1_152' title='bbox 3113 1213 3300 1280; x_wconf 81' lang='grc' dir='ltr'>εῖτουν,</span> <span class='ocrx_word' id='word_1_153' title='bbox 3349 1207 3684 1283; x_wconf 76' lang='grc' dir='ltr'>Προσδοκᾶτε</span> <span class='ocrx_word' id='word_1_154' title='bbox 3731 1209 3889 1266; x_wconf 79' lang='grc' dir='ltr'>δεινὰ</span> <span class='ocrx_word' id='word_1_155' title='bbox 3922 1213 4005 1267; x_wconf 85' lang='grc' dir='ltr'>ἀπ’</span> 
     </span>
    </p>
   </div>
   <div class='ocr_carea' id='block_1_24' title="bbox 2395 1294 2582 1348">
    <p class='ocr_par' dir='ltr' id='par_1_24' title="bbox 2395 1294 2582 1348">
     <span class='ocr_line' id='line_1_24' title="bbox 2395 1294 2582 1348; baseline 0.016 -3"><span class='ocrx_word' id='word_1_156' title='bbox 2395 1294 2582 1348; x_wconf 79' lang='grc' dir='ltr'>αὐτῶν.</span> 
     </span>
    </p>
   </div>
   <div class='ocr_carea' id='block_1_25' title="bbox 2467 1385 4002 1464">
    <p class='ocr_par' dir='ltr' id='par_1_25' title="bbox 2467 1385 4002 1464">
     <span class='ocr_line' id='line_1_25' title="bbox 2467 1385 4002 1464; baseline 0.006 -28"><span class='ocrx_word' id='word_1_157' title='bbox 2467 1389 2566 1436; x_wconf 81' lang='grc' dir='ltr'><strong><em>Καὶ</em></strong></span> <span class='ocrx_word' id='word_1_158' title='bbox 2619 1416 2686 1425; x_wconf 96' lang='grc'><strong><em>-</em></strong></span> <span class='ocrx_word' id='word_1_159' title='bbox 2736 1385 2882 1458; x_wconf 81' lang='grc' dir='ltr'>ἐμοῦ.</span> <span class='ocrx_word' id='word_1_160' title='bbox 2930 1387 3120 1454; x_wconf 81' lang='grc' dir='ltr'><strong><em>Εἰπὼν,</em></strong></span> <span class='ocrx_word' id='word_1_161' title='bbox 3188 1387 3224 1440; x_wconf 85' lang='grc' dir='ltr'><strong>ἆ</strong></span> <span class='ocrx_word' id='word_1_162' title='bbox 3263 1389 3654 1448; x_wconf 80' lang='grc' dir='ltr'>ὑποστήσονται</span> <span class='ocrx_word' id='word_1_163' title='bbox 3701 1394 3854 1464; x_wconf 85' lang='grc' dir='ltr'>παρὰ</span> <span class='ocrx_word' id='word_1_164' title='bbox 3904 1401 4002 1445; x_wconf 87' lang='grc' dir='ltr'>τῶν</span> 
     </span>
    </p>
   </div>
   <div class='ocr_carea' id='block_1_26' title="bbox 2390 1469 3999 1553">
    <p class='ocr_par' dir='ltr' id='par_1_26' title="bbox 2390 1469 3999 1553">
     <span class='ocr_line' id='line_1_26' title="bbox 2390 1469 3999 1553; baseline 0.007 -29"><span class='ocrx_word' id='word_1_165' title='bbox 2390 1469 2682 1541; x_wconf 81' lang='grc' dir='ltr'>Ἰουδαίων,</span> <span class='ocrx_word' id='word_1_166' title='bbox 2733 1473 2909 1528; x_wconf 88' lang='grc' dir='ltr'>λοιπόν</span> <span class='ocrx_word' id='word_1_167' title='bbox 2937 1475 3071 1548; x_wconf 76' lang='grc' dir='ltr'>λέγει</span> <span class='ocrx_word' id='word_1_168' title='bbox 3117 1481 3206 1529; x_wconf 84' lang='grc' dir='ltr'>καὶ</span> <span class='ocrx_word' id='word_1_169' title='bbox 3238 1475 3272 1529; x_wconf 80' lang='grc' dir='ltr'>ἁ</span> <span class='ocrx_word' id='word_1_170' title='bbox 3299 1481 3442 1553; x_wconf 86' lang='grc' dir='ltr'><strong><em>παρά</em></strong></span> <span class='ocrx_word' id='word_1_171' title='bbox 3470 1488 3570 1531; x_wconf 88' lang='grc' dir='ltr'>τῶν</span> <span class='ocrx_word' id='word_1_172' title='bbox 3616 1479 3779 1531; x_wconf 80' lang='grc' dir='ltr'>ἄλλων</span> <span class='ocrx_word' id='word_1_173' title='bbox 3809 1480 3999 1535; x_wconf 79' lang='grc' dir='ltr'>ἐθνῶν.</span> 
     </span>
    </p>
   </div>
   <div class='ocr_carea' id='block_1_27' title="bbox 2465 1653 3996 1727">
    <p class='ocr_par' dir='ltr' id='par_1_27' title="bbox 2465 1653 3996 1727">
     <span class='ocr_line' id='line_1_27' title="bbox 2465 1653 3996 1727; baseline 0.005 -23"><span class='ocrx_word' id='word_1_174' title='bbox 2465 1653 2553 1715; x_wconf 86' lang='grc' dir='ltr'>Εἰς</span> <span class='ocrx_word' id='word_1_175' title='bbox 2607 1685 2676 1694; x_wconf 94' lang='lat'>—</span> <span class='ocrx_word' id='word_1_176' title='bbox 2711 1655 2926 1708; x_wconf 81' lang='grc' dir='ltr'>ἔθνεσιν.</span> <span class='ocrx_word' id='word_1_177' title='bbox 2985 1656 3074 1716; x_wconf 85' lang='grc' dir='ltr'>Εἰς</span> <span class='ocrx_word' id='word_1_178' title='bbox 3125 1655 3340 1727; x_wconf 83' lang='grc' dir='ltr'>ἔλεγχον</span> <span class='ocrx_word' id='word_1_179' title='bbox 3396 1661 3485 1708; x_wconf 83' lang='grc' dir='ltr'>καὶ</span> <span class='ocrx_word' id='word_1_180' title='bbox 3545 1666 3642 1710; x_wconf 86' lang='grc' dir='ltr'><strong><em>τῶν</em></strong></span> <span class='ocrx_word' id='word_1_181' title='bbox 3695 1656 3996 1727; x_wconf 72' lang='grc' dir='ltr'>Ἰουδαίων,</span> 
     </span>
    </p>
   </div>
   <div class='ocr_carea' id='block_1_28' title="bbox 621 1741 2274 1834">
    <p class='ocr_par' dir='ltr' id='par_1_28' title="bbox 621 1741 2274 1834">
     <span class='ocr_line' id='line_1_28' title="bbox 621 1741 2274 1834; baseline -0.003 -17"><span class='ocrx_word' id='word_1_182' title='bbox 621 1758 966 1817; x_wconf 74' lang='lat' dir='ltr'><strong><em>Judaeorum</em></strong></span> <span class='ocrx_word' id='word_1_183' title='bbox 996 1765 1053 1817; x_wconf 89' lang='lat' dir='ltr'><strong><em>et</em></strong></span> <span class='ocrx_word' id='word_1_184' title='bbox 1081 1741 1370 1834; x_wconf 84' lang='lat' dir='ltr'><strong><em>gentium,</em></strong></span> <span class='ocrx_word' id='word_1_185' title='bbox 1402 1776 1477 1817; x_wconf 92' lang='lat' dir='ltr'><strong><em>ne</em></strong></span> <span class='ocrx_word' id='word_1_186' title='bbox 1503 1759 1895 1832; x_wconf 87' lang='lat' dir='ltr'><strong><em>postmodum</em></strong></span> <span class='ocrx_word' id='word_1_187' title='bbox 1926 1759 2120 1816; x_wconf 88' lang='lat' dir='ltr'><strong><em>dicere</em></strong></span> <span class='ocrx_word' id='word_1_188' title='bbox 2146 1774 2274 1830; x_wconf 91' lang='lat' dir='ltr'><strong><em>pos-</em></strong></span> 
     </span>
    </p>
   </div>
   <div class='ocr_carea' id='block_1_29' title="bbox 2386 1741 3996 1834">
    <p class='ocr_par' dir='ltr' id='par_1_29' title="bbox 2391 1741 3996 1822">
     <span class='ocr_line' id='line_1_29' title="bbox 2391 1741 3996 1822; baseline 0.005 -28"><span class='ocrx_word' id='word_1_189' title='bbox 2391 1746 2481 1794; x_wconf 83' lang='grc' dir='ltr'>καὶ</span> <span class='ocrx_word' id='word_1_190' title='bbox 2542 1751 2641 1794; x_wconf 87' lang='grc' dir='ltr'>τῶν</span> <span class='ocrx_word' id='word_1_191' title='bbox 2698 1741 2869 1810; x_wconf 78' lang='grc' dir='ltr'>ἐθνῶν,</span> <span class='ocrx_word' id='word_1_192' title='bbox 2942 1745 3024 1795; x_wconf 81' lang='grc' dir='ltr'>ἵνα</span> <span class='ocrx_word' id='word_1_193' title='bbox 3087 1749 3158 1816; x_wconf 81' lang='grc' dir='ltr'>μὴ</span> <span class='ocrx_word' id='word_1_194' title='bbox 3233 1742 3490 1797; x_wconf 78' lang='grc' dir='ltr'>δύνωνται</span> <span class='ocrx_word' id='word_1_195' title='bbox 3539 1747 3698 1818; x_wconf 80' lang='grc' dir='ltr'>λέγειν</span> <span class='ocrx_word' id='word_1_196' title='bbox 3752 1749 3996 1822; x_wconf 81' lang='grc' dir='ltr'>ὕστερον,</span> 
     </span>
    </p>
   </div>
   <div class='ocr_carea' id='block_1_30' title="bbox 623 1847 2280 1922">
    <p class='ocr_par' dir='ltr' id='par_1_30' title="bbox 623 1847 2280 1922">
     <span class='ocr_line' id='line_1_30' title="bbox 623 1847 2280 1922; baseline -0.001 -17"><span class='ocrx_word' id='word_1_197' title='bbox 623 1851 758 1916; x_wconf 88' lang='lat' dir='ltr'><strong><em>sint,</em></strong></span> <span class='ocrx_word' id='word_1_198' title='bbox 786 1849 952 1922; x_wconf 93' lang='lat' dir='ltr'><strong><em>quod</em></strong></span> <span class='ocrx_word' id='word_1_199' title='bbox 965 1850 1445 1921; x_wconf 82' lang='lat' dir='ltr'><strong><em>praedicationem</em></strong></span> <span class='ocrx_word' id='word_1_200' title='bbox 1461 1865 1582 1905; x_wconf 92' lang='lat' dir='ltr'><strong><em>non</em></strong></span> <span class='ocrx_word' id='word_1_201' title='bbox 1603 1848 1901 1905; x_wconf 87' lang='lat' dir='ltr'><strong><em>audierint</em></strong></span> <span class='ocrx_word' id='word_1_202' title='bbox 1930 1865 1944 1900; x_wconf 90' lang='lat'><strong>:</strong></span> <span class='ocrx_word' id='word_1_203' title='bbox 1968 1847 2028 1902; x_wconf 91' lang='lat' dir='ltr'><strong><em>in</em></strong></span> <span class='ocrx_word' id='word_1_204' title='bbox 2046 1851 2280 1904; x_wconf 91' lang='lat' dir='ltr'><strong><em>tantum</em></strong></span> 
     </span>
    </p>
   </div>
   <div class='ocr_carea' id='block_1_31' title="bbox 621 1935 2280 2010">
    <p class='ocr_par' dir='ltr' id='par_1_31' title="bbox 621 1935 2280 2010">
     <span class='ocr_line' id='line_1_31' title="bbox 621 1935 2280 2010; baseline -0.002 -15"><span class='ocrx_word' id='word_1_205' title='bbox 621 1939 782 1995; x_wconf 90' lang='lat' dir='ltr'><strong><em>enim</em></strong></span> <span class='ocrx_word' id='word_1_206' title='bbox 811 1939 1073 2006; x_wconf 87' lang='lat' dir='ltr'><strong><em>audient,</em></strong></span> <span class='ocrx_word' id='word_1_207' title='bbox 1130 1944 1194 1997; x_wconf 87' lang='lat' dir='ltr'><strong><em>ut</em></strong></span> <span class='ocrx_word' id='word_1_208' title='bbox 1248 1940 1429 1995; x_wconf 90' lang='lat' dir='ltr'><strong><em>etiam</em></strong></span> <span class='ocrx_word' id='word_1_209' title='bbox 1480 1938 1900 2010; x_wconf 75' lang='lat' dir='ltr'><strong><em>praedicatores</em></strong></span> <span class='ocrx_word' id='word_1_210' title='bbox 1951 1935 2280 1993; x_wconf 89' lang='lat' dir='ltr'><strong><em>innumeris</em></strong></span> 
     </span>
    </p>
   </div>
   <div class='ocr_carea' id='block_1_32' title="bbox 621 2027 1109 2084">
    <p class='ocr_par' dir='ltr' id='par_1_32' title="bbox 621 2027 1109 2084">
     <span class='ocr_line' id='line_1_32' title="bbox 621 2027 1109 2084; baseline -0.006 0"><span class='ocrx_word' id='word_1_211' title='bbox 621 2027 796 2084; x_wconf 81' lang='lat' dir='ltr'><strong><em>malis</em></strong></span> <span class='ocrx_word' id='word_1_212' title='bbox 826 2027 1109 2084; x_wconf 86' lang='lat' dir='ltr'><strong><em>afﬁciant.</em></strong></span> 
     </span>
    </p>
   </div>
   <div class='ocr_carea' id='block_1_33' title="bbox 692 2114 2274 2186">
    <p class='ocr_par' dir='ltr' id='par_1_33' title="bbox 692 2114 2274 2186">
     <span class='ocr_line' id='line_1_33' title="bbox 692 2114 2274 2186; baseline -0.003 -14"><span class='ocrx_word' id='word_1_213' title='bbox 692 2118 849 2173; x_wconf 85' lang='lat' dir='ltr'><strong><em>Vers.</em></strong></span> <span class='ocrx_word' id='word_1_214' title='bbox 881 2117 967 2172; x_wconf 86' lang='lat'><strong><em>19.</em></strong></span> <span class='ocrx_word' id='word_1_215' title='bbox 996 2117 1144 2173; x_wconf 85' lang='lat' dir='ltr'><strong><em>Cum</em></strong></span> <span class='ocrx_word' id='word_1_216' title='bbox 1185 2121 1381 2173; x_wconf 89' lang='lat' dir='ltr'><strong><em>autem</em></strong></span> <span class='ocrx_word' id='word_1_217' title='bbox 1406 2145 1475 2157; x_wconf 95' lang='lat'><strong><em>—</em></strong></span> <span class='ocrx_word' id='word_1_218' title='bbox 1514 2115 1850 2186; x_wconf 84' lang='lat' dir='ltr'><strong><em>loquamini.</em></strong></span> <span class='ocrx_word' id='word_1_219' title='bbox 1905 2117 1983 2170; x_wconf 88' lang='lat' dir='ltr'><strong><em>Ne</em></strong></span> <span class='ocrx_word' id='word_1_220' title='bbox 2036 2114 2274 2170; x_wconf 91' lang='lat' dir='ltr'><strong><em>dicant:</em></strong></span> 
     </span>
    </p>
   </div>
   <div class='ocr_carea' id='block_1_34' title="bbox 617 2203 2278 2278">
    <p class='ocr_par' dir='ltr' id='par_1_34' title="bbox 617 2203 2278 2278">
     <span class='ocr_line' id='line_1_34' title="bbox 617 2203 2278 2278; baseline -0.002 -16"><span class='ocrx_word' id='word_1_221' title='bbox 617 2208 686 2264; x_wconf 89' lang='lat' dir='ltr'><strong><em>Et</em></strong></span> <span class='ocrx_word' id='word_1_222' title='bbox 722 2222 840 2278; x_wconf 91' lang='lat' dir='ltr'><strong><em>quo</em></strong></span> <span class='ocrx_word' id='word_1_223' title='bbox 873 2208 1044 2278; x_wconf 89' lang='lat' dir='ltr'><strong><em>pacto</em></strong></span> <span class='ocrx_word' id='word_1_224' title='bbox 1062 2205 1268 2261; x_wconf 83' lang='lat' dir='ltr'><strong><em>idiotas</em></strong></span> <span class='ocrx_word' id='word_1_225' title='bbox 1299 2221 1368 2260; x_wconf 91' lang='lat' dir='ltr'><strong><em>ac</em></strong></span> <span class='ocrx_word' id='word_1_226' title='bbox 1397 2204 1696 2268; x_wconf 90' lang='lat' dir='ltr'><strong><em>illitterati,</em></strong></span> <span class='ocrx_word' id='word_1_227' title='bbox 1729 2203 2094 2276; x_wconf 88' lang='lat' dir='ltr'><strong><em>persuadere</em></strong></span> <span class='ocrx_word' id='word_1_228' title='bbox 2114 2208 2278 2274; x_wconf 92' lang='lat' dir='ltr'><strong><em>pote-</em></strong></span> 
     </span>
    </p>
   </div>
   <div class='ocr_carea' id='block_1_35' title="bbox 617 2291 2276 2366">
    <p class='ocr_par' dir='ltr' id='par_1_35' title="bbox 617 2291 2276 2366">
     <span class='ocr_line' id='line_1_35' title="bbox 617 2291 2276 2366; baseline -0.003 -14"><span class='ocrx_word' id='word_1_229' title='bbox 617 2297 807 2353; x_wconf 89' lang='lat' dir='ltr'><strong><em>rimus</em></strong></span> <span class='ocrx_word' id='word_1_230' title='bbox 831 2294 1169 2351; x_wconf 88' lang='lat' dir='ltr'><strong><em>rhetoribus</em></strong></span> <span class='ocrx_word' id='word_1_231' title='bbox 1189 2309 1258 2350; x_wconf 90' lang='lat' dir='ltr'><strong><em>ac</em></strong></span> <span class='ocrx_word' id='word_1_232' title='bbox 1275 2293 1648 2366; x_wconf 86' lang='lat' dir='ltr'><strong><em>philosophis</em></strong></span> <span class='ocrx_word' id='word_1_233' title='bbox 1669 2293 1696 2347; x_wconf 90' lang='lat'><strong><em>?</em></strong></span> <span class='ocrx_word' id='word_1_234' title='bbox 1727 2293 1991 2365; x_wconf 88' lang='lat' dir='ltr'><strong><em>primum</em></strong></span> <span class='ocrx_word' id='word_1_235' title='bbox 2008 2291 2164 2348; x_wconf 91' lang='lat' dir='ltr'><strong><em>hanc</em></strong></span> <span class='ocrx_word' id='word_1_236' title='bbox 2182 2307 2276 2348; x_wconf 91' lang='lat' dir='ltr'><strong><em>eo-</em></strong></span> 
     </span>
    </p>
   </div>
   <div class='ocr_carea' id='block_1_36' title="bbox 616 2382 2277 2443">
    <p class='ocr_par' dir='ltr' id='par_1_36' title="bbox 616 2382 2277 2443">
     <span class='ocr_line' id='line_1_36' title="bbox 616 2382 2277 2443; baseline -0.003 0"><span class='ocrx_word' id='word_1_237' title='bbox 616 2400 755 2443; x_wconf 89' lang='lat' dir='ltr'><strong><em>rum</em></strong></span> <span class='ocrx_word' id='word_1_238' title='bbox 793 2384 966 2441; x_wconf 88' lang='lat' dir='ltr'><strong><em>solvit</em></strong></span> <span class='ocrx_word' id='word_1_239' title='bbox 993 2384 1429 2440; x_wconf 88' lang='lat' dir='ltr'><strong><em>dubitationem</em></strong></span> <span class='ocrx_word' id='word_1_240' title='bbox 1461 2383 1667 2439; x_wconf 90' lang='lat' dir='ltr'><strong><em>dicens</em></strong></span> <span class='ocrx_word' id='word_1_241' title='bbox 1700 2400 1712 2437; x_wconf 90' lang='lat'><strong>:</strong></span> <span class='ocrx_word' id='word_1_242' title='bbox 1741 2383 1833 2439; x_wconf 90' lang='lat' dir='ltr'><strong><em>Ne</em></strong></span> <span class='ocrx_word' id='word_1_243' title='bbox 1855 2382 2100 2438; x_wconf 79' lang='lat' dir='ltr'><strong><em>solliciti</em></strong></span> <span class='ocrx_word' id='word_1_244' title='bbox 2150 2382 2277 2438; x_wconf 83' lang='lat' dir='ltr'><strong><em>sitis</em></strong></span> 
     </span>
    </p>
   </div>
   <div class='ocr_carea' id='block_1_37' title="bbox 617 2473 1578 2547">
    <p class='ocr_par' dir='ltr' id='par_1_37' title="bbox 617 2473 1578 2547">
     <span class='ocr_line' id='line_1_37' title="bbox 617 2473 1578 2547; baseline -0.004 -15"><span class='ocrx_word' id='word_1_245' title='bbox 617 2475 904 2547; x_wconf 85' lang='lat' dir='ltr'><strong><em>quomodo</em></strong></span> <span class='ocrx_word' id='word_1_246' title='bbox 935 2479 1042 2532; x_wconf 88' lang='lat' dir='ltr'><strong><em>aut</em></strong></span> <span class='ocrx_word' id='word_1_247' title='bbox 1071 2473 1210 2546; x_wconf 84' lang='lat' dir='ltr'><strong><em>quid</em></strong></span> <span class='ocrx_word' id='word_1_248' title='bbox 1232 2473 1578 2546; x_wconf 84' lang='lat' dir='ltr'><strong><em>loquamini.</em></strong></span> 
     </span>
    </p>
   </div>
   <div class='ocr_carea' id='block_1_38' title="bbox 685 2561 2277 2634">
    <p class='ocr_par' dir='ltr' id='par_1_38' title="bbox 685 2561 2277 2634">
     <span class='ocr_line' id='line_1_38' title="bbox 685 2561 2277 2634; baseline -0.003 -14"><span class='ocrx_word' id='word_1_249' title='bbox 685 2566 846 2621; x_wconf 86' lang='lat' dir='ltr'><strong><em>Vers.</em></strong></span> <span class='ocrx_word' id='word_1_250' title='bbox 887 2564 975 2620; x_wconf 88' lang='lat'><strong><em>19.</em></strong></span> <span class='ocrx_word' id='word_1_251' title='bbox 1007 2563 1263 2619; x_wconf 84' lang='lat' dir='ltr'><strong><em>Dabitur</em></strong></span> <span class='ocrx_word' id='word_1_252' title='bbox 1289 2594 1360 2606; x_wconf 94' lang='lat'><strong><em>--</em></strong></span> <span class='ocrx_word' id='word_1_253' title='bbox 1414 2562 1762 2634; x_wconf 83' lang='lat' dir='ltr'><strong><em>loquamini.</em></strong></span> <span class='ocrx_word' id='word_1_254' title='bbox 1803 2561 2084 2618; x_wconf 83' lang='lat' dir='ltr'><strong><em>Dabitur:</em></strong></span> <span class='ocrx_word' id='word_1_255' title='bbox 2115 2577 2150 2616; x_wconf 88' lang='lat' dir='ltr'><strong><em>a</em></strong></span> <span class='ocrx_word' id='word_1_256' title='bbox 2183 2576 2277 2616; x_wconf 91' lang='lat' dir='ltr'><strong><em>me</em></strong></span> 
     </span>
    </p>
   </div>
   <div class='ocr_carea' id='block_1_39' title="bbox 618 2651 2280 2710">
    <p class='ocr_par' dir='ltr' id='par_1_39' title="bbox 618 2651 2280 2710">
     <span class='ocr_line' id='line_1_39' title="bbox 618 2651 2280 2710; baseline -0.004 0"><span class='ocrx_word' id='word_1_257' title='bbox 618 2653 907 2710; x_wconf 80' lang='lat' dir='ltr'><strong><em>videlicet.</em></strong></span> <span class='ocrx_word' id='word_1_258' title='bbox 951 2653 1086 2708; x_wconf 68' lang='lat' dir='ltr'><strong><em>Haec</em></strong></span> <span class='ocrx_word' id='word_1_259' title='bbox 1117 2655 1316 2709; x_wconf 89' lang='lat' dir='ltr'><strong><em>autem</em></strong></span> <span class='ocrx_word' id='word_1_260' title='bbox 1343 2651 1556 2709; x_wconf 88' lang='lat' dir='ltr'><strong><em>iterum</em></strong></span> <span class='ocrx_word' id='word_1_261' title='bbox 1578 2651 1723 2707; x_wconf 85' lang='lat' dir='ltr'><strong><em>dixit</em></strong></span> <span class='ocrx_word' id='word_1_262' title='bbox 1752 2651 1835 2706; x_wconf 92' lang='lat' dir='ltr'><strong><em>eis</em></strong></span> <span class='ocrx_word' id='word_1_263' title='bbox 1865 2651 2121 2706; x_wconf 88' lang='lat' dir='ltr'><strong><em>instante</em></strong></span> <span class='ocrx_word' id='word_1_264' title='bbox 2151 2665 2280 2705; x_wconf 90' lang='lat' dir='ltr'><strong><em>cru-</em></strong></span> 
     </span>
    </p>
   </div>
   <div class='ocr_carea' id='block_1_40' title="bbox 619 2738 2276 2812">
    <p class='ocr_par' dir='ltr' id='par_1_40' title="bbox 619 2738 2276 2812">
     <span class='ocr_line' id='line_1_40' title="bbox 619 2738 2276 2812; baseline -0.002 -16"><span class='ocrx_word' id='word_1_265' title='bbox 619 2741 704 2796; x_wconf 91' lang='lat' dir='ltr'><strong><em>cis</em></strong></span> <span class='ocrx_word' id='word_1_266' title='bbox 734 2741 1034 2812; x_wconf 88' lang='lat' dir='ltr'><strong><em>passione,</em></strong></span> <span class='ocrx_word' id='word_1_267' title='bbox 1077 2739 1324 2812; x_wconf 89' lang='lat' dir='ltr'><strong><em>quando</em></strong></span> <span class='ocrx_word' id='word_1_268' title='bbox 1375 2743 1450 2795; x_wconf 90' lang='lat' dir='ltr'><strong><em>de</em></strong></span> <span class='ocrx_word' id='word_1_269' title='bbox 1493 2740 1705 2796; x_wconf 83' lang='lat' dir='ltr'><strong><em>mundi</em></strong></span> <span class='ocrx_word' id='word_1_270' title='bbox 1758 2738 2276 2794; x_wconf 90' lang='lat' dir='ltr'><strong><em>consummatione</em></strong></span> 
     </span>
    </p>
   </div>
   <div class='ocr_carea' id='block_1_41' title="bbox 617 2826 2275 2899">
    <p class='ocr_par' dir='ltr' id='par_1_41' title="bbox 617 2826 2275 2899">
     <span class='ocr_line' id='line_1_41' title="bbox 617 2826 2275 2899; baseline -0.001 -14"><span class='ocrx_word' id='word_1_271' title='bbox 617 2828 789 2885; x_wconf 88' lang='lat' dir='ltr'><strong><em>illum</em></strong></span> <span class='ocrx_word' id='word_1_272' title='bbox 819 2829 1355 2896; x_wconf 84' lang='lat' dir='ltr'><strong><em>interrogaverunt.</em></strong></span> <span class='ocrx_word' id='word_1_273' title='bbox 1405 2829 1492 2882; x_wconf 86' lang='lat' dir='ltr'><strong><em>Ait</em></strong></span> <span class='ocrx_word' id='word_1_274' title='bbox 1525 2829 1683 2883; x_wconf 91' lang='lat' dir='ltr'><strong><em>enim</em></strong></span> <span class='ocrx_word' id='word_1_275' title='bbox 1707 2829 1915 2892; x_wconf 90' lang='lat' dir='ltr'><strong><em>Lucas,</em></strong></span> <span class='ocrx_word' id='word_1_276' title='bbox 1941 2826 2104 2899; x_wconf 90' lang='lat' dir='ltr'><strong><em>quod</em></strong></span> <span class='ocrx_word' id='word_1_277' title='bbox 2138 2831 2275 2883; x_wconf 92' lang='lat' dir='ltr'><strong><em>tunc</em></strong></span> 
     </span>
    </p>
   </div>
   <div class='ocr_carea' id='block_1_42' title="bbox 618 2915 2272 2986">
    <p class='ocr_par' dir='ltr' id='par_1_42' title="bbox 618 2915 2272 2986">
     <span class='ocr_line' id='line_1_42' title="bbox 618 2915 2272 2986; baseline -0.001 -13"><span class='ocrx_word' id='word_1_278' title='bbox 618 2916 798 2973; x_wconf 90' lang='lat' dir='ltr'><strong><em>etiam</em></strong></span> <span class='ocrx_word' id='word_1_279' title='bbox 814 2915 1212 2986; x_wconf 82' lang='lat' dir='ltr'><strong><em>subjunxerit:</em></strong></span> <span class='ocrx_word' id='word_1_280' title='bbox 1241 2915 1401 2986; x_wconf 87' lang='lat' dir='ltr'><strong><em>Ergo</em></strong></span> <span class='ocrx_word' id='word_1_281' title='bbox 1413 2915 1556 2971; x_wconf 82' lang='lat' dir='ltr'><strong><em>dabo</em></strong></span> <span class='ocrx_word' id='word_1_282' title='bbox 1577 2917 1732 2972; x_wconf 88' lang='lat' dir='ltr'><strong><em>vobis</em></strong></span> <span class='ocrx_word' id='word_1_283' title='bbox 1751 2931 1812 2971; x_wconf 93' lang='lat' dir='ltr'><strong><em>os</em></strong></span> <span class='ocrx_word' id='word_1_284' title='bbox 1833 2921 1887 2971; x_wconf 88' lang='lat' dir='ltr'><strong><em>et</em></strong></span> <span class='ocrx_word' id='word_1_285' title='bbox 1901 2915 2272 2983; x_wconf 79' lang='lat' dir='ltr'><strong><em>sapientiam,</em></strong></span> 
     </span>
    </p>
   </div>
   <div class='ocr_carea' id='block_1_43' title="bbox 618 3004 2274 3074">
    <p class='ocr_par' dir='ltr' id='par_1_43' title="bbox 618 3004 2274 3074">
     <span class='ocr_line' id='line_1_43' title="bbox 618 3004 2274 3074; baseline -0.001 -12"><span class='ocrx_word' id='word_1_286' title='bbox 618 3006 859 3063; x_wconf 89' lang='lat' dir='ltr'><strong><em>cuinon</em></strong></span> <span class='ocrx_word' id='word_1_287' title='bbox 896 3008 1174 3074; x_wconf 86' lang='lat' dir='ltr'><strong><em>poterunt</em></strong></span> <span class='ocrx_word' id='word_1_288' title='bbox 1204 3004 1614 3061; x_wconf 79' lang='lat' dir='ltr'><strong><em>contradicere</em></strong></span> <span class='ocrx_word' id='word_1_289' title='bbox 1635 3012 1737 3062; x_wconf 89' lang='lat' dir='ltr'><strong><em>aut</em></strong></span> <span class='ocrx_word' id='word_1_290' title='bbox 1770 3006 2040 3061; x_wconf 84' lang='lat' dir='ltr'><strong><em>resistere</em></strong></span> <span class='ocrx_word' id='word_1_291' title='bbox 2077 3019 2274 3061; x_wconf 85' lang='lat' dir='ltr'><strong><em>omnes</em></strong></span> 
     </span>
    </p>
   </div>
   <div class='ocr_carea' id='block_1_44' title="bbox 617 3094 1427 3168">
    <p class='ocr_par' dir='ltr' id='par_1_44' title="bbox 617 3094 1427 3168">
     <span class='ocr_line' id='line_1_44' title="bbox 617 3094 1427 3168; baseline -0.002 -18"><span class='ocrx_word' id='word_1_292' title='bbox 617 3095 716 3168; x_wconf 85' lang='lat' dir='ltr'><strong><em>qui</em></strong></span> <span class='ocrx_word' id='word_1_293' title='bbox 751 3095 1145 3151; x_wconf 83' lang='lat' dir='ltr'><strong><em>adversantur</em></strong></span> <span class='ocrx_word' id='word_1_294' title='bbox 1171 3094 1326 3151; x_wconf 86' lang='lat' dir='ltr'><strong><em>vobis</em></strong></span> <span class='ocrx_word' id='word_1_295' title='bbox 1357 3095 1427 3148; x_wconf 76' lang='grc'><strong><em>³³.</em></strong></span> 
     </span>
    </p>
   </div>
   <div class='ocr_carea' id='block_1_45' title="bbox 690 3183 2274 3255">
    <p class='ocr_par' dir='ltr' id='par_1_45' title="bbox 690 3183 2274 3255">
     <span class='ocr_line' id='line_1_45' title="bbox 690 3183 2274 3255; baseline 0 -16"><span class='ocrx_word' id='word_1_296' title='bbox 690 3184 854 3240; x_wconf 88' lang='lat' dir='ltr'><strong><em>Vers.</em></strong></span> <span class='ocrx_word' id='word_1_297' title='bbox 885 3188 975 3239; x_wconf 93' lang='grc'><strong>20.</strong></span> <span class='ocrx_word' id='word_1_298' title='bbox 1025 3185 1153 3241; x_wconf 84' lang='grc' dir='ltr'><strong><em>Νοη</em></strong></span> <span class='ocrx_word' id='word_1_299' title='bbox 1181 3215 1251 3224; x_wconf 93' lang='lat'><strong><em>—-</em></strong></span> <span class='ocrx_word' id='word_1_300' title='bbox 1302 3185 1624 3255; x_wconf 85' lang='lat' dir='ltr'><strong><em>loquentes.</em></strong></span> <span class='ocrx_word' id='word_1_301' title='bbox 1662 3186 1780 3240; x_wconf 85' lang='lat' dir='ltr'><strong><em>Hoc</em></strong></span> <span class='ocrx_word' id='word_1_302' title='bbox 1849 3186 1954 3248; x_wconf 90' lang='lat' dir='ltr'><strong><em>est,</em></strong></span> <span class='ocrx_word' id='word_1_303' title='bbox 1987 3183 2085 3255; x_wconf 85' lang='lat' dir='ltr'><strong><em>qui</em></strong></span> <span class='ocrx_word' id='word_1_304' title='bbox 2134 3187 2274 3239; x_wconf 91' lang='lat' dir='ltr'><strong><em>tunc</em></strong></span> 
     </span>
    </p>
   </div>
   <div class='ocr_carea' id='block_1_46' title="bbox 613 3273 952 3347">
    <p class='ocr_par' dir='ltr' id='par_1_46' title="bbox 613 3273 952 3347">
     <span class='ocr_line' id='line_1_46' title="bbox 613 3273 952 3347; baseline -0.006 -17"><span class='ocrx_word' id='word_1_305' title='bbox 613 3273 952 3347; x_wconf 89' lang='lat' dir='ltr'><strong><em>loquentur.</em></strong></span> 
     </span>
    </p>
   </div>
   <div class='ocr_carea' id='block_1_47' title="bbox 684 3362 2274 3434">
    <p class='ocr_par' dir='ltr' id='par_1_47' title="bbox 684 3362 2274 3434">
     <span class='ocr_line' id='line_1_47' title="bbox 684 3362 2274 3434; baseline 0 -17"><span class='ocrx_word' id='word_1_306' title='bbox 684 3363 856 3418; x_wconf 85' lang='lat' dir='ltr'><strong><em>Vers.</em></strong></span> <span class='ocrx_word' id='word_1_307' title='bbox 905 3362 999 3418; x_wconf 84' lang='lat'><strong><em>20.</em></strong></span> <span class='ocrx_word' id='word_1_308' title='bbox 1038 3362 1148 3418; x_wconf 88' lang='lat' dir='ltr'><strong><em>Sed</em></strong></span> <span class='ocrx_word' id='word_1_309' title='bbox 1173 3393 1239 3403; x_wconf 94' lang='lat'><strong><em>—</em></strong></span> <span class='ocrx_word' id='word_1_310' title='bbox 1271 3363 1451 3419; x_wconf 87' lang='lat' dir='ltr'><strong><em>vobis.</em></strong></span> <span class='ocrx_word' id='word_1_311' title='bbox 1489 3362 1604 3419; x_wconf 94' lang='lat' dir='ltr'><strong><em>Sed</em></strong></span> <span class='ocrx_word' id='word_1_312' title='bbox 1631 3362 1876 3434; x_wconf 87' lang='lat' dir='ltr'><strong><em>Spiritus</em></strong></span> <span class='ocrx_word' id='word_1_313' title='bbox 1901 3365 2143 3418; x_wconf 89' lang='lat' dir='ltr'><strong><em>sanctus</em></strong></span> <span class='ocrx_word' id='word_1_314' title='bbox 2172 3362 2274 3434; x_wconf 91' lang='lat' dir='ltr'><strong><em>qui</em></strong></span> 
     </span>
    </p>
   </div>
   <div class='ocr_carea' id='block_1_48' title="bbox 610 3451 1186 3524">
    <p class='ocr_par' dir='ltr' id='par_1_48' title="bbox 610 3451 1186 3524">
     <span class='ocr_line' id='line_1_48' title="bbox 610 3451 1186 3524; baseline -0.009 -15"><span class='ocrx_word' id='word_1_315' title='bbox 610 3451 875 3524; x_wconf 89' lang='lat' dir='ltr'><strong><em>loquitur</em></strong></span> <span class='ocrx_word' id='word_1_316' title='bbox 905 3453 966 3508; x_wconf 90' lang='lat' dir='ltr'><strong><em>in</em></strong></span> <span class='ocrx_word' id='word_1_317' title='bbox 997 3452 1186 3508; x_wconf 89' lang='lat' dir='ltr'><strong><em>vobis.</em></strong></span> 
     </span>
    </p>
   </div>
   <div class='ocr_carea' id='block_1_49' title="bbox 681 3539 2274 3610">
    <p class='ocr_par' dir='ltr' id='par_1_49' title="bbox 681 3539 2274 3610">
     <span class='ocr_line' id='line_1_49' title="bbox 681 3539 2274 3610; baseline -0.001 -14"><span class='ocrx_word' id='word_1_318' title='bbox 681 3543 840 3598; x_wconf 86' lang='lat' dir='ltr'><strong><em>Vers.</em></strong></span> <span class='ocrx_word' id='word_1_319' title='bbox 868 3543 956 3595; x_wconf 84' lang='lat'><strong><em>21.</em></strong></span> <span class='ocrx_word' id='word_1_320' title='bbox 985 3542 1504 3610; x_wconf 74' lang='lat' dir='ltr'><strong><em>Prodat—ﬁlium.</em></strong></span> <span class='ocrx_word' id='word_1_321' title='bbox 1537 3540 1620 3596; x_wconf 88' lang='lat' dir='ltr'><strong><em>llli</em></strong></span> <span class='ocrx_word' id='word_1_322' title='bbox 1651 3556 1773 3597; x_wconf 91' lang='lat' dir='ltr'><strong><em>non</em></strong></span> <span class='ocrx_word' id='word_1_323' title='bbox 1796 3541 2134 3605; x_wconf 89' lang='lat' dir='ltr'><strong><em>credentes,</em></strong></span> <span class='ocrx_word' id='word_1_324' title='bbox 2161 3539 2274 3596; x_wconf 91' lang='lat' dir='ltr'><strong><em>hos</em></strong></span> 
     </span>
    </p>
   </div>
   <div class='ocr_carea' id='block_1_50' title="bbox 613 3628 1127 3701">
    <p class='ocr_par' dir='ltr' id='par_1_50' title="bbox 613 3628 1127 3701">
     <span class='ocr_line' id='line_1_50' title="bbox 613 3628 1127 3701; baseline 0 -17"><span class='ocrx_word' id='word_1_325' title='bbox 613 3629 871 3701; x_wconf 84' lang='lat' dir='ltr'><strong><em>prodent</em></strong></span> <span class='ocrx_word' id='word_1_326' title='bbox 895 3628 1100 3684; x_wconf 77' lang='lat' dir='ltr'><strong><em>fideles</em></strong></span> <span class='ocrx_word' id='word_1_327' title='bbox 1115 3673 1127 3684; x_wconf 93' lang='lat'><strong><em>.</em></strong></span> 
     </span>
    </p>
   </div>
   <div class='ocr_carea' id='block_1_51' title="bbox 685 3717 2272 3777">
    <p class='ocr_par' dir='ltr' id='par_1_51' title="bbox 685 3717 2272 3777">
     <span class='ocr_line' id='line_1_51' title="bbox 685 3717 2272 3777; baseline 0.002 -4"><span class='ocrx_word' id='word_1_328' title='bbox 685 3717 851 3774; x_wconf 87' lang='lat' dir='ltr'><strong><em>Vers.</em></strong></span> <span class='ocrx_word' id='word_1_329' title='bbox 879 3719 942 3773; x_wconf 89' lang='grc'><strong><em>21</em></strong></span> <span class='ocrx_word' id='word_1_330' title='bbox 975 3719 1057 3774; x_wconf 89' lang='lat' dir='ltr'><strong><em>Et</em></strong></span> <span class='ocrx_word' id='word_1_331' title='bbox 1085 3749 1152 3761; x_wconf 96' lang='lat'>—</span> <span class='ocrx_word' id='word_1_332' title='bbox 1183 3733 1300 3777; x_wconf 87' lang='lat' dir='ltr'><strong><em>eos.</em></strong></span> <span class='ocrx_word' id='word_1_333' title='bbox 1333 3722 1398 3776; x_wconf 90' lang='lat' dir='ltr'><strong><em>Et</em></strong></span> <span class='ocrx_word' id='word_1_334' title='bbox 1429 3719 1695 3776; x_wconf 90' lang='lat' dir='ltr'><strong><em>similiter</em></strong></span> <span class='ocrx_word' id='word_1_335' title='bbox 1725 3718 1799 3775; x_wconf 91' lang='lat' dir='ltr'><strong><em>de</em></strong></span> <span class='ocrx_word' id='word_1_336' title='bbox 1828 3719 1920 3776; x_wconf 91' lang='lat' dir='ltr'><strong><em>his</em></strong></span> <span class='ocrx_word' id='word_1_337' title='bbox 1951 3719 2272 3776; x_wconf 90' lang='lat' dir='ltr'><strong><em>dicendum</em></strong></span> 
     </span>
    </p>
   </div>
   <div class='ocr_carea' id='block_1_52' title="bbox 611 3807 2274 3881">
    <p class='ocr_par' dir='ltr' id='par_1_52' title="bbox 611 3807 2274 3881">
     <span class='ocr_line' id='line_1_52' title="bbox 611 3807 2274 3881; baseline 0 -16"><span class='ocrx_word' id='word_1_338' title='bbox 611 3811 726 3865; x_wconf 85' lang='lat' dir='ltr'><strong><em>est.</em></strong></span> <span class='ocrx_word' id='word_1_339' title='bbox 758 3809 862 3864; x_wconf 88' lang='lat' dir='ltr'><strong><em>Per</em></strong></span> <span class='ocrx_word' id='word_1_340' title='bbox 890 3807 1000 3864; x_wconf 91' lang='lat' dir='ltr'><strong><em>hos</em></strong></span> <span class='ocrx_word' id='word_1_341' title='bbox 1033 3813 1232 3865; x_wconf 89' lang='lat' dir='ltr'><strong><em>autem</em></strong></span> <span class='ocrx_word' id='word_1_342' title='bbox 1254 3808 1651 3866; x_wconf 82' lang='lat' dir='ltr'><strong><em>amicissimos</em></strong></span> <span class='ocrx_word' id='word_1_343' title='bbox 1672 3808 1851 3864; x_wconf 90' lang='lat' dir='ltr'><strong><em>etiam</em></strong></span> <span class='ocrx_word' id='word_1_344' title='bbox 1879 3808 2031 3865; x_wconf 90' lang='lat' dir='ltr'><strong><em>alios</em></strong></span> <span class='ocrx_word' id='word_1_345' title='bbox 2056 3824 2274 3881; x_wconf 84' lang='lat' dir='ltr'><strong><em>cogna-</em></strong></span> 
     </span>
    </p>
   </div>
   <div class='ocr_carea' id='block_1_53' title="bbox 610 3895 1460 3968">
    <p class='ocr_par' dir='ltr' id='par_1_53' title="bbox 610 3895 1460 3968">
     <span class='ocr_line' id='line_1_53' title="bbox 610 3895 1460 3968; baseline 0.002 -15"><span class='ocrx_word' id='word_1_346' title='bbox 610 3900 703 3953; x_wconf 87' lang='lat' dir='ltr'><strong><em>tos</em></strong></span> <span class='ocrx_word' id='word_1_347' title='bbox 735 3902 792 3952; x_wconf 88' lang='lat' dir='ltr'><strong><em>et</em></strong></span> <span class='ocrx_word' id='word_1_348' title='bbox 817 3895 1136 3954; x_wconf 89' lang='lat' dir='ltr'><strong><em>familieres</em></strong></span> <span class='ocrx_word' id='word_1_349' title='bbox 1165 3898 1460 3968; x_wconf 83' lang='lat' dir='ltr'><strong><em>intelligit.</em></strong></span> 
     </span>
    </p>
   </div>
   <div class='ocr_carea' id='block_1_54' title="bbox 681 3984 2271 4050">
    <p class='ocr_par' dir='ltr' id='par_1_54' title="bbox 681 3984 2271 4050">
     <span class='ocr_line' id='line_1_54' title="bbox 681 3984 2271 4050; baseline 0 -9"><span class='ocrx_word' id='word_1_350' title='bbox 681 3984 845 4041; x_wconf 86' lang='lat' dir='ltr'><strong><em>Vers.</em></strong></span> <span class='ocrx_word' id='word_1_351' title='bbox 882 3986 970 4040; x_wconf 88' lang='grc'><strong><em>22.</em></strong></span> <span class='ocrx_word' id='word_1_352' title='bbox 1025 3987 1105 4041; x_wconf 90' lang='lat' dir='ltr'><strong><em>Et</em></strong></span> <span class='ocrx_word' id='word_1_353' title='bbox 1132 4017 1201 4026; x_wconf 91' lang='lat'><strong><em>—</em></strong></span> <span class='ocrx_word' id='word_1_354' title='bbox 1230 4001 1438 4042; x_wconf 87' lang='lat' dir='ltr'><strong><em>nomen</em></strong></span> <span class='ocrx_word' id='word_1_355' title='bbox 1489 4000 1702 4042; x_wconf 87' lang='lat' dir='ltr'><strong><em>meum.</em></strong></span> <span class='ocrx_word' id='word_1_356' title='bbox 1741 4017 1809 4026; x_wconf 89' lang='lat'><strong>—</strong></span> <span class='ocrx_word' id='word_1_357' title='bbox 1839 3984 1928 4040; x_wconf 81' lang='lat' dir='ltr'><strong><em>Ab</em></strong></span> <span class='ocrx_word' id='word_1_358' title='bbox 1970 3985 2271 4050; x_wconf 88' lang='lat' dir='ltr'><strong><em>omnibus,</em></strong></span> 
     </span>
    </p>
   </div>
   <div class='ocr_carea' id='block_1_55' title="bbox 607 4073 2271 4145">
    <p class='ocr_par' dir='ltr' id='par_1_55' title="bbox 607 4073 2271 4145">
     <span class='ocr_line' id='line_1_55' title="bbox 607 4073 2271 4145; baseline 0.001 -16"><span class='ocrx_word' id='word_1_359' title='bbox 607 4073 670 4130; x_wconf 93' lang='lat' dir='ltr'><strong><em>id</em></strong></span> <span class='ocrx_word' id='word_1_360' title='bbox 708 4078 818 4137; x_wconf 82' lang='lat' dir='ltr'><strong><em>est,</em></strong></span> <span class='ocrx_word' id='word_1_361' title='bbox 873 4090 910 4129; x_wconf 77' lang='grc' dir='ltr'><strong><em>θ.</em></strong></span> <span class='ocrx_word' id='word_1_362' title='bbox 965 4073 1232 4145; x_wconf 88' lang='lat' dir='ltr'><strong><em>pluribus</em></strong></span> <span class='ocrx_word' id='word_1_363' title='bbox 1269 4089 1456 4128; x_wconf 89' lang='lat' dir='ltr'><strong><em>:nam</em></strong></span> <span class='ocrx_word' id='word_1_364' title='bbox 1489 4073 1658 4128; x_wconf 90' lang='lat' dir='ltr'><strong><em>multi</em></strong></span> <span class='ocrx_word' id='word_1_365' title='bbox 1703 4074 1864 4144; x_wconf 90' lang='lat' dir='ltr'><strong><em>ipsos</em></strong></span> <span class='ocrx_word' id='word_1_366' title='bbox 1919 4073 2271 4130; x_wconf 88' lang='lat' dir='ltr'><strong><em>dilexerunt.</em></strong></span> 
     </span>
    </p>
   </div>
   <div class='ocr_carea' id='block_1_56' title="bbox 607 4160 2276 4232">
    <p class='ocr_par' dir='ltr' id='par_1_56' title="bbox 607 4160 2276 4232">
     <span class='ocr_line' id='line_1_56' title="bbox 607 4160 2276 4232; baseline -0.001 -14"><span class='ocrx_word' id='word_1_367' title='bbox 607 4165 705 4218; x_wconf 86' lang='lat' dir='ltr'><strong><em>Est</em></strong></span> <span class='ocrx_word' id='word_1_368' title='bbox 737 4166 938 4217; x_wconf 91' lang='lat' dir='ltr'><strong><em>autem</em></strong></span> <span class='ocrx_word' id='word_1_369' title='bbox 977 4167 1033 4231; x_wconf 84' lang='lat' dir='ltr'><strong><em>et</em></strong></span> <span class='ocrx_word' id='word_1_370' title='bbox 1060 4161 1174 4216; x_wconf 92' lang='lat' dir='ltr'><strong><em>hoc</em></strong></span> <span class='ocrx_word' id='word_1_371' title='bbox 1199 4162 1514 4232; x_wconf 72' lang='lat' dir='ltr'><strong><em>Scriptura:</em></strong></span> <span class='ocrx_word' id='word_1_372' title='bbox 1561 4160 1790 4215; x_wconf 87' lang='lat' dir='ltr'><strong><em>idioma</em></strong></span> <span class='ocrx_word' id='word_1_373' title='bbox 1817 4162 2149 4216; x_wconf 85' lang='lat' dir='ltr'><strong><em>utomnibus</em></strong></span> <span class='ocrx_word' id='word_1_374' title='bbox 2191 4163 2276 4217; x_wconf 80' lang='lat' dir='ltr'><strong><em>d1-</em></strong></span> 
     </span>
    </p>
   </div>
   <div class='ocr_carea' id='block_1_57' title="bbox 608 4248 2271 4320">
    <p class='ocr_par' dir='ltr' id='par_1_57' title="bbox 608 4248 2271 4320">
     <span class='ocr_line' id='line_1_57' title="bbox 608 4248 2271 4320; baseline 0 -15"><span class='ocrx_word' id='word_1_375' title='bbox 608 4255 704 4305; x_wconf 87' lang='lat' dir='ltr'><strong><em>cat</em></strong></span> <span class='ocrx_word' id='word_1_376' title='bbox 724 4265 832 4320; x_wconf 91' lang='lat' dir='ltr'><strong><em>pro</em></strong></span> <span class='ocrx_word' id='word_1_377' title='bbox 856 4249 1144 4319; x_wconf 81' lang='lat' dir='ltr'><strong><em>pluribus.</em></strong></span> <span class='ocrx_word' id='word_1_378' title='bbox 1174 4249 1322 4303; x_wconf 91' lang='lat' dir='ltr'><strong><em>Cum</em></strong></span> <span class='ocrx_word' id='word_1_379' title='bbox 1347 4253 1544 4304; x_wconf 88' lang='lat' dir='ltr'><strong><em>autem</em></strong></span> <span class='ocrx_word' id='word_1_380' title='bbox 1572 4249 1843 4319; x_wconf 90' lang='lat' dir='ltr'><strong><em>superius</em></strong></span> <span class='ocrx_word' id='word_1_381' title='bbox 1861 4248 2156 4305; x_wconf 86' lang='lat' dir='ltr'><strong><em>addiderit</em></strong></span> <span class='ocrx_word' id='word_1_382' title='bbox 2182 4254 2228 4286; x_wconf 82' lang='grc'><strong><em>³²</em></strong></span> <span class='ocrx_word' id='word_1_383' title='bbox 2259 4268 2271 4305; x_wconf 89' lang='lat'>:</span> 
     </span>
    </p>
   </div>
   <div class='ocr_carea' id='block_1_58' title="bbox 605 4337 2273 4407">
    <p class='ocr_par' dir='ltr' id='par_1_58' title="bbox 605 4337 2273 4407">
     <span class='ocr_line' id='line_1_58' title="bbox 605 4337 2273 4407; baseline 0.001 -13"><span class='ocrx_word' id='word_1_384' title='bbox 605 4337 868 4405; x_wconf 82' lang='lat' dir='ltr'><strong><em>Propter</em></strong></span> <span class='ocrx_word' id='word_1_385' title='bbox 895 4354 1002 4405; x_wconf 86' lang='lat' dir='ltr'><strong><em>me,</em></strong></span> <span class='ocrx_word' id='word_1_386' title='bbox 1040 4352 1200 4392; x_wconf 92' lang='lat' dir='ltr'><strong><em>nunc</em></strong></span> <span class='ocrx_word' id='word_1_387' title='bbox 1251 4337 1479 4392; x_wconf 90' lang='lat' dir='ltr'><strong><em>addens</em></strong></span> <span class='ocrx_word' id='word_1_388' title='bbox 1511 4337 1687 4392; x_wconf 90' lang='lat' dir='ltr'><strong><em>etiam</em></strong></span> <span class='ocrx_word' id='word_1_389' title='bbox 1723 4353 1734 4390; x_wconf 92' lang='lat'>:</span> <span class='ocrx_word' id='word_1_390' title='bbox 1787 4340 2042 4407; x_wconf 85' lang='lat' dir='ltr'><strong><em>Propter</em></strong></span> <span class='ocrx_word' id='word_1_391' title='bbox 2070 4355 2273 4395; x_wconf 82' lang='lat' dir='ltr'><strong><em>nomen</em></strong></span> 
     </span>
    </p>
   </div>
   <div class='ocr_carea' id='block_1_59' title="bbox 606 4425 2274 4498">
    <p class='ocr_par' dir='ltr' id='par_1_59' title="bbox 606 4425 2274 4498">
     <span class='ocr_line' id='line_1_59' title="bbox 606 4425 2274 4498; baseline 0.001 -15"><span class='ocrx_word' id='word_1_392' title='bbox 606 4441 810 4492; x_wconf 86' lang='lat' dir='ltr'><strong><em>meum,</em></strong></span> <span class='ocrx_word' id='word_1_393' title='bbox 847 4442 1134 4498; x_wconf 81' lang='lat' dir='ltr'><strong><em>magnam</em></strong></span> <span class='ocrx_word' id='word_1_394' title='bbox 1165 4427 1248 4483; x_wconf 92' lang='lat' dir='ltr'><strong><em>eis</em></strong></span> <span class='ocrx_word' id='word_1_395' title='bbox 1281 4425 1743 4482; x_wconf 88' lang='lat' dir='ltr'><strong><em>consolationem</em></strong></span> <span class='ocrx_word' id='word_1_396' title='bbox 1765 4443 1832 4482; x_wconf 87' lang='lat' dir='ltr'><strong><em>ac</em></strong></span> <span class='ocrx_word' id='word_1_397' title='bbox 1851 4428 2036 4484; x_wconf 89' lang='lat' dir='ltr'><strong><em>animi</em></strong></span> <span class='ocrx_word' id='word_1_398' title='bbox 2069 4428 2274 4484; x_wconf 88' lang='lat' dir='ltr'><strong><em>alacri-</em></strong></span> 
     </span>
    </p>
   </div>
   <div class='ocr_carea' id='block_1_60' title="bbox 605 4515 2272 4589">
    <p class='ocr_par' dir='ltr' id='par_1_60' title="bbox 605 4515 2272 4589">
     <span class='ocr_line' id='line_1_60' title="bbox 605 4515 2272 4589; baseline 0.002 -19"><span class='ocrx_word' id='word_1_399' title='bbox 605 4520 788 4571; x_wconf 85' lang='lat' dir='ltr'><strong><em>tatem</em></strong></span> <span class='ocrx_word' id='word_1_400' title='bbox 813 4515 1034 4589; x_wconf 88' lang='lat' dir='ltr'><strong><em>injecit,</em></strong></span> <span class='ocrx_word' id='word_1_401' title='bbox 1069 4531 1205 4572; x_wconf 92' lang='lat' dir='ltr'><strong><em>cum</em></strong></span> <span class='ocrx_word' id='word_1_402' title='bbox 1237 4531 1598 4589; x_wconf 89' lang='lat' dir='ltr'><strong><em>persuasum</em></strong></span> <span class='ocrx_word' id='word_1_403' title='bbox 1650 4516 1933 4584; x_wconf 88' lang='lat' dir='ltr'><strong><em>habeant,</em></strong></span> <span class='ocrx_word' id='word_1_404' title='bbox 1966 4517 2131 4589; x_wconf 91' lang='lat' dir='ltr'><strong><em>quod</em></strong></span> <span class='ocrx_word' id='word_1_405' title='bbox 2162 4518 2272 4574; x_wconf 89' lang='lat' dir='ltr'><strong><em>illis</em></strong></span> 
     </span>
    </p>
   </div>
   <div class='ocr_carea' id='block_1_61' title="bbox 605 4604 2196 4678">
    <p class='ocr_par' dir='ltr' id='par_1_61' title="bbox 605 4604 2196 4678">
     <span class='ocr_line' id='line_1_61' title="bbox 605 4604 2196 4678; baseline -0.001 -15"><span class='ocrx_word' id='word_1_406' title='bbox 605 4604 763 4663; x_wconf 86' lang='lat' dir='ltr'><strong><em>adsit</em></strong></span> <span class='ocrx_word' id='word_1_407' title='bbox 789 4609 845 4661; x_wconf 87' lang='lat' dir='ltr'><strong><em>et</em></strong></span> <span class='ocrx_word' id='word_1_408' title='bbox 875 4605 1208 4672; x_wconf 87' lang='lat' dir='ltr'><strong><em>auxilietur,</em></strong></span> <span class='ocrx_word' id='word_1_409' title='bbox 1239 4606 1342 4678; x_wconf 92' lang='lat' dir='ltr'><strong><em>qui</em></strong></span> <span class='ocrx_word' id='word_1_410' title='bbox 1373 4609 1610 4677; x_wconf 81' lang='lat' dir='ltr'><strong><em>prepter</em></strong></span> <span class='ocrx_word' id='word_1_411' title='bbox 1642 4605 1834 4678; x_wconf 89' lang='lat' dir='ltr'><strong><em>ipsum</em></strong></span> <span class='ocrx_word' id='word_1_412' title='bbox 1867 4606 2196 4678; x_wconf 89' lang='lat' dir='ltr'><strong><em>patiuntur.</em></strong></span> 
     </span>
    </p>
   </div>
   <div class='ocr_carea' id='block_1_62' title="bbox 676 4694 2273 4768">
    <p class='ocr_par' dir='ltr' id='par_1_62' title="bbox 676 4694 2273 4768">
     <span class='ocr_line' id='line_1_62' title="bbox 676 4694 2273 4768; baseline 0.003 -19"><span class='ocrx_word' id='word_1_413' title='bbox 676 4694 836 4750; x_wconf 86' lang='lat' dir='ltr'><strong><em>Vers.</em></strong></span> <span class='ocrx_word' id='word_1_414' title='bbox 893 4700 981 4751; x_wconf 84' lang='grc'><strong><em>22.</em></strong></span> <span class='ocrx_word' id='word_1_415' title='bbox 1034 4695 1146 4763; x_wconf 80' lang='lat' dir='ltr'><strong><em>Qui</em></strong></span> <span class='ocrx_word' id='word_1_416' title='bbox 1208 4695 1497 4751; x_wconf 86' lang='lat' dir='ltr'><strong><em>-salvus</em></strong></span> <span class='ocrx_word' id='word_1_417' title='bbox 1533 4696 1665 4751; x_wconf 81' lang='lat' dir='ltr'><strong><em>erit.</em></strong></span> <span class='ocrx_word' id='word_1_418' title='bbox 1718 4696 1846 4751; x_wconf 88' lang='lat' dir='ltr'><strong><em>Tria</em></strong></span> <span class='ocrx_word' id='word_1_419' title='bbox 1876 4696 2069 4752; x_wconf 91' lang='lat' dir='ltr'><strong><em>innuit</em></strong></span> <span class='ocrx_word' id='word_1_420' title='bbox 2118 4713 2273 4768; x_wconf 81' lang='lat' dir='ltr'><strong><em>prae-</em></strong></span> 
     </span>
    </p>
   </div>
   <div class='ocr_carea' id='block_1_63' title="bbox 603 4784 2273 4858">
    <p class='ocr_par' dir='ltr' id='par_1_63' title="bbox 603 4784 2273 4858">
     <span class='ocr_line' id='line_1_63' title="bbox 603 4784 2273 4858; baseline 0.002 -18"><span class='ocrx_word' id='word_1_421' title='bbox 603 4800 740 4841; x_wconf 90' lang='lat' dir='ltr'><strong><em>sens</em></strong></span> <span class='ocrx_word' id='word_1_422' title='bbox 770 4785 1049 4842; x_wconf 85' lang='lat' dir='ltr'><strong><em>verbum.</em></strong></span> <span class='ocrx_word' id='word_1_423' title='bbox 1084 4785 1336 4841; x_wconf 88' lang='lat' dir='ltr'><strong><em>Primum</em></strong></span> <span class='ocrx_word' id='word_1_424' title='bbox 1363 4784 1527 4858; x_wconf 92' lang='lat' dir='ltr'><strong><em>quod</em></strong></span> <span class='ocrx_word' id='word_1_425' title='bbox 1546 4800 1666 4840; x_wconf 91' lang='lat' dir='ltr'><strong><em>non</em></strong></span> <span class='ocrx_word' id='word_1_426' title='bbox 1693 4785 1890 4841; x_wconf 89' lang='lat' dir='ltr'><strong><em>solum</em></strong></span> <span class='ocrx_word' id='word_1_427' title='bbox 1918 4784 2003 4840; x_wconf 89' lang='lat' dir='ltr'><strong><em>eis</em></strong></span> <span class='ocrx_word' id='word_1_428' title='bbox 2025 4801 2178 4858; x_wconf 92' lang='lat' dir='ltr'><strong><em>opus</em></strong></span> <span class='ocrx_word' id='word_1_429' title='bbox 2199 4787 2273 4844; x_wconf 90' lang='lat' dir='ltr'><strong><em>sit</em></strong></span> 
     </span>
    </p>
   </div>
   <div class='ocr_carea' id='block_1_64' title="bbox 603 4873 2271 4947">
    <p class='ocr_par' dir='ltr' id='par_1_64' title="bbox 603 4873 2271 4947">
     <span class='ocr_line' id='line_1_64' title="bbox 603 4873 2271 4947; baseline 0.001 -17"><span class='ocrx_word' id='word_1_430' title='bbox 603 4873 794 4947; x_wconf 90' lang='lat' dir='ltr'><strong><em>ipsius</em></strong></span> <span class='ocrx_word' id='word_1_431' title='bbox 850 4875 1096 4939; x_wconf 86' lang='lat' dir='ltr'><strong><em>auxilio,</em></strong></span> <span class='ocrx_word' id='word_1_432' title='bbox 1130 4874 1234 4930; x_wconf 90' lang='lat' dir='ltr'><strong><em>sed</em></strong></span> <span class='ocrx_word' id='word_1_433' title='bbox 1283 4880 1339 4930; x_wconf 88' lang='lat' dir='ltr'><strong><em>et</em></strong></span> <span class='ocrx_word' id='word_1_434' title='bbox 1371 4874 1611 4945; x_wconf 88' lang='lat' dir='ltr'><strong><em>pr0pria</em></strong></span> <span class='ocrx_word' id='word_1_435' title='bbox 1641 4874 1982 4929; x_wconf 84' lang='lat' dir='ltr'><strong><em>fortitudine</em></strong></span> <span class='ocrx_word' id='word_1_436' title='bbox 2016 4891 2027 4931; x_wconf 93' lang='lat'>:</span> <span class='ocrx_word' id='word_1_437' title='bbox 2059 4881 2120 4931; x_wconf 89' lang='lat' dir='ltr'><strong><em>ut</em></strong></span> <span class='ocrx_word' id='word_1_438' title='bbox 2149 4891 2271 4932; x_wconf 93' lang='lat' dir='ltr'><strong><em>non</em></strong></span> 
     </span>
    </p>
   </div>
   <div class='ocr_carea' id='block_1_65' title="bbox 601 4962 2272 5035">
    <p class='ocr_par' dir='ltr' id='par_1_65' title="bbox 601 4962 2272 5035">
     <span class='ocr_line' id='line_1_65' title="bbox 601 4962 2272 5035; baseline 0.002 -17"><span class='ocrx_word' id='word_1_439' title='bbox 601 4963 758 5032; x_wconf 77' lang='lat' dir='ltr'><strong><em>illius</em></strong></span> <span class='ocrx_word' id='word_1_440' title='bbox 790 4965 1005 5031; x_wconf 88' lang='lat' dir='ltr'><strong><em>solum,</em></strong></span> <span class='ocrx_word' id='word_1_441' title='bbox 1064 4963 1170 5020; x_wconf 91' lang='lat' dir='ltr'><strong><em>sed</em></strong></span> <span class='ocrx_word' id='word_1_442' title='bbox 1196 4967 1252 5019; x_wconf 92' lang='lat' dir='ltr'><strong><em>et</em></strong></span> <span class='ocrx_word' id='word_1_443' title='bbox 1298 4963 1562 5035; x_wconf 91' lang='lat' dir='ltr'><strong><em>ipsorum</em></strong></span> <span class='ocrx_word' id='word_1_444' title='bbox 1614 4962 1778 5019; x_wconf 90' lang='lat' dir='ltr'><strong><em>bona</em></strong></span> <span class='ocrx_word' id='word_1_445' title='bbox 1817 4963 1936 5019; x_wconf 89' lang='lat' dir='ltr'><strong><em>sint</em></strong></span> <span class='ocrx_word' id='word_1_446' title='bbox 1965 4979 2172 5035; x_wconf 89' lang='lat' dir='ltr'><strong><em>opera.</em></strong></span> <span class='ocrx_word' id='word_1_447' title='bbox 2205 4967 2272 5021; x_wconf 87' lang='lat' dir='ltr'><strong><em>Et</em></strong></span> 
     </span>
    </p>
   </div>
   <div class='ocr_carea' id='block_1_66' title="bbox 597 5053 2272 5125">
    <p class='ocr_par' dir='ltr' id='par_1_66' title="bbox 597 5053 2272 5125">
     <span class='ocr_line' id='line_1_66' title="bbox 597 5053 2272 5125; baseline 0.001 -17"><span class='ocrx_word' id='word_1_448' title='bbox 597 5053 768 5125; x_wconf 90' lang='lat' dir='ltr'><strong><em>quod</em></strong></span> <span class='ocrx_word' id='word_1_449' title='bbox 791 5053 1104 5123; x_wconf 82' lang='lat' dir='ltr'><strong><em>defatigari</em></strong></span> <span class='ocrx_word' id='word_1_450' title='bbox 1127 5067 1247 5108; x_wconf 92' lang='lat' dir='ltr'><strong><em>non</em></strong></span> <span class='ocrx_word' id='word_1_451' title='bbox 1277 5056 1566 5123; x_wconf 87' lang='lat' dir='ltr'><strong><em>oporteat.</em></strong></span> <span class='ocrx_word' id='word_1_452' title='bbox 1601 5055 1748 5107; x_wconf 91' lang='lat' dir='ltr'><strong><em>Nam</em></strong></span> <span class='ocrx_word' id='word_1_453' title='bbox 1770 5067 1904 5124; x_wconf 73' lang='lat' dir='ltr'><strong><em>quae</em></strong></span> <span class='ocrx_word' id='word_1_454' title='bbox 1935 5053 2153 5110; x_wconf 90' lang='lat' dir='ltr'><strong><em>utilitas</em></strong></span> <span class='ocrx_word' id='word_1_455' title='bbox 2180 5058 2272 5110; x_wconf 90' lang='lat' dir='ltr'><strong><em>est</em></strong></span> 
     </span>
    </p>
   </div>
   <div class='ocr_carea' id='block_1_67' title="bbox 595 5139 2266 5215">
    <p class='ocr_par' dir='ltr' id='par_1_67' title="bbox 595 5139 2266 5215">
     <span class='ocr_line' id='line_1_67' title="bbox 595 5139 2266 5215; baseline 0.002 -19"><span class='ocrx_word' id='word_1_456' title='bbox 595 5139 890 5214; x_wconf 86' lang='lat' dir='ltr'><strong><em>principii,</em></strong></span> <span class='ocrx_word' id='word_1_457' title='bbox 923 5139 1090 5213; x_wconf 87' lang='lat' dir='ltr'><strong><em>quod</em></strong></span> <span class='ocrx_word' id='word_1_458' title='bbox 1121 5139 1306 5196; x_wconf 89' lang='lat' dir='ltr'><strong><em>ﬁnem</em></strong></span> <span class='ocrx_word' id='word_1_459' title='bbox 1339 5155 1462 5196; x_wconf 92' lang='lat' dir='ltr'><strong><em>non</em></strong></span> <span class='ocrx_word' id='word_1_460' title='bbox 1508 5139 1690 5196; x_wconf 90' lang='lat' dir='ltr'><strong><em>habet</em></strong></span> <span class='ocrx_word' id='word_1_461' title='bbox 1717 5141 1745 5196; x_wconf 87' lang='lat'><strong>?</strong></span> <span class='ocrx_word' id='word_1_462' title='bbox 1771 5141 2060 5199; x_wconf 82' lang='lat' dir='ltr'><strong><em>Praeterea</em></strong></span> <span class='ocrx_word' id='word_1_463' title='bbox 2107 5144 2266 5215; x_wconf 90' lang='lat' dir='ltr'><strong><em>quod</em></strong></span> 
     </span>
    </p>
   </div>
   <div class='ocr_carea' id='block_1_68' title="bbox 596 5227 2047 5302">
    <p class='ocr_par' dir='ltr' id='par_1_68' title="bbox 596 5227 2047 5302">
     <span class='ocr_line' id='line_1_68' title="bbox 596 5227 2047 5302; baseline 0.001 -17"><span class='ocrx_word' id='word_1_464' title='bbox 596 5228 676 5286; x_wconf 90' lang='lat' dir='ltr'><strong><em>ad</em></strong></span> <span class='ocrx_word' id='word_1_465' title='bbox 705 5230 888 5285; x_wconf 82' lang='lat' dir='ltr'><strong><em>finem</em></strong></span> <span class='ocrx_word' id='word_1_466' title='bbox 916 5245 1105 5301; x_wconf 87' lang='lat' dir='ltr'><strong><em>usque</em></strong></span> <span class='ocrx_word' id='word_1_467' title='bbox 1136 5229 1272 5284; x_wconf 68' lang='lat' dir='ltr'><strong><em>vitae</em></strong></span> <span class='ocrx_word' id='word_1_468' title='bbox 1313 5227 1593 5286; x_wconf 87' lang='lat' dir='ltr'><strong><em>adeunda</em></strong></span> <span class='ocrx_word' id='word_1_469' title='bbox 1624 5229 1740 5286; x_wconf 91' lang='lat' dir='ltr'><strong><em>sint</em></strong></span> <span class='ocrx_word' id='word_1_470' title='bbox 1769 5231 2047 5302; x_wconf 89' lang='lat' dir='ltr'><strong><em>pericula.</em></strong></span> 
     </span>
    </p>
   </div>
   <div class='ocr_carea' id='block_1_69' title="bbox 669 5318 2264 5392">
    <p class='ocr_par' dir='ltr' id='par_1_69' title="bbox 669 5318 2264 5392">
     <span class='ocr_line' id='line_1_69' title="bbox 669 5318 2264 5392; baseline 0.003 -19"><span class='ocrx_word' id='word_1_471' title='bbox 669 5318 926 5388; x_wconf 80' lang='lat' dir='ltr'><strong><em>Dignum</em></strong></span> <span class='ocrx_word' id='word_1_472' title='bbox 958 5323 1042 5373; x_wconf 89' lang='lat' dir='ltr'><strong><em>est</em></strong></span> <span class='ocrx_word' id='word_1_473' title='bbox 1063 5321 1286 5385; x_wconf 90' lang='lat' dir='ltr'><strong><em>autem,</em></strong></span> <span class='ocrx_word' id='word_1_474' title='bbox 1315 5318 1502 5374; x_wconf 90' lang='lat' dir='ltr'><strong><em>uthos</em></strong></span> <span class='ocrx_word' id='word_1_475' title='bbox 1528 5319 1897 5377; x_wconf 88' lang='lat' dir='ltr'><strong><em>admiremur</em></strong></span> <span class='ocrx_word' id='word_1_476' title='bbox 1919 5336 1931 5375; x_wconf 92' lang='lat'>:</span> <span class='ocrx_word' id='word_1_477' title='bbox 1952 5320 2264 5392; x_wconf 89' lang='lat' dir='ltr'><strong><em>quomodo</em></strong></span> 
     </span>
    </p>
   </div>
   <div class='ocr_carea' id='block_1_70' title="bbox 596 5406 2261 5481">
    <p class='ocr_par' dir='ltr' id='par_1_70' title="bbox 596 5406 2261 5481">
     <span class='ocr_line' id='line_1_70' title="bbox 596 5406 2261 5481; baseline 0.001 -16"><span class='ocrx_word' id='word_1_478' title='bbox 596 5406 675 5465; x_wconf 89' lang='lat' dir='ltr'><strong><em>ad</em></strong></span> <span class='ocrx_word' id='word_1_479' title='bbox 724 5411 887 5463; x_wconf 88' lang='lat' dir='ltr'><strong><em>tanta</em></strong></span> <span class='ocrx_word' id='word_1_480' title='bbox 959 5423 1029 5464; x_wconf 90' lang='lat' dir='ltr'><strong><em>ac</em></strong></span> <span class='ocrx_word' id='word_1_481' title='bbox 1097 5407 1234 5465; x_wconf 88' lang='lat' dir='ltr'><strong><em>talia</em></strong></span> <span class='ocrx_word' id='word_1_482' title='bbox 1315 5408 1516 5464; x_wconf 89' lang='lat' dir='ltr'><strong><em>emissi</em></strong></span> <span class='ocrx_word' id='word_1_483' title='bbox 1589 5410 1874 5481; x_wconf 88' lang='lat' dir='ltr'><strong><em>pericula,</em></strong></span> <span class='ocrx_word' id='word_1_484' title='bbox 1938 5410 2261 5479; x_wconf 89' lang='lat' dir='ltr'><strong><em>audientes,</em></strong></span> 
     </span>
    </p>
   </div>
   <div class='ocr_carea' id='block_1_71' title="bbox 671 5587 1909 5659">
    <p class='ocr_par' dir='ltr' id='par_1_71' title="bbox 671 5587 1909 5659">
     <span class='ocr_line' id='line_1_71' title="bbox 671 5587 1909 5659; baseline 0.001 -12"><span class='ocrx_word' id='word_1_485' title='bbox 671 5587 717 5628; x_wconf 70' lang='grc'><strong><em>³⁸</em></strong></span> <span class='ocrx_word' id='word_1_486' title='bbox 750 5587 889 5647; x_wconf 88' lang='lat' dir='ltr'><strong><em>Gen.</em></strong></span> <span class='ocrx_word' id='word_1_487' title='bbox 945 5605 1099 5659; x_wconf 77' lang='lat' dir='ltr'><strong><em>xmx,</em></strong></span> <span class='ocrx_word' id='word_1_488' title='bbox 1132 5591 1191 5650; x_wconf 90' lang='lat'><strong><em>9.</em></strong></span> <span class='ocrx_word' id='word_1_489' title='bbox 1335 5590 1383 5628; x_wconf 78' lang='grc'>¹⁹</span> <span class='ocrx_word' id='word_1_490' title='bbox 1415 5590 1581 5648; x_wconf 87' lang='lat' dir='ltr'><strong><em>Prov.</em></strong></span> <span class='ocrx_word' id='word_1_491' title='bbox 1609 5605 1815 5659; x_wconf 88' lang='lat' dir='ltr'><strong><em>xxvm,</em></strong></span> <span class='ocrx_word' id='word_1_492' title='bbox 1850 5590 1909 5649; x_wconf 88' lang='lat'><strong><em>1.</em></strong></span> 
     </span>
    </p>
   </div>
   <div class='ocr_carea' id='block_1_72' title="bbox 2028 5590 2573 5665">
    <p class='ocr_par' dir='ltr' id='par_1_72' title="bbox 2028 5590 2573 5665">
     <span class='ocr_line' id='line_1_72' title="bbox 2028 5590 2573 5665; baseline -0.007 -13"><span class='ocrx_word' id='word_1_493' title='bbox 2028 5591 2216 5652; x_wconf 49' lang='grc' dir='ltr'><strong><em>’σθαι</em></strong></span> <span class='ocrx_word' id='word_1_494' title='bbox 2257 5590 2408 5650; x_wconf 83' lang='lat' dir='ltr'><strong><em>Petr.</em></strong></span> <span class='ocrx_word' id='word_1_495' title='bbox 2431 5606 2486 5665; x_wconf 85' lang='lat' dir='ltr'><strong><em>v,</em></strong></span> <span class='ocrx_word' id='word_1_496' title='bbox 2517 5590 2573 5648; x_wconf 91' lang='lat'><strong><em>8.</em></strong></span> 
     </span>
    </p>
   </div>
   <div class='ocr_carea' id='block_1_73' title="bbox 2392 1831 3996 1911">
    <p class='ocr_par' dir='ltr' id='par_1_73' title="bbox 2392 1831 3996 1911">
     <span class='ocr_line' id='line_1_73' title="bbox 2392 1831 3996 1911; baseline 0.005 -29"><span class='ocrx_word' id='word_1_497' title='bbox 2392 1833 2471 1883; x_wconf 84' lang='grc' dir='ltr'>ὅτι</span> <span class='ocrx_word' id='word_1_498' title='bbox 2519 1831 2611 1883; x_wconf 67' lang='grc' dir='ltr'>οὐκ</span> <span class='ocrx_word' id='word_1_499' title='bbox 2672 1835 2902 1889; x_wconf 77' lang='grc' dir='ltr'>ἥκουσαν</span> <span class='ocrx_word' id='word_1_500' title='bbox 2965 1841 3056 1884; x_wconf 89' lang='grc' dir='ltr'><strong><em>τοῦ</em></strong></span> <span class='ocrx_word' id='word_1_501' title='bbox 3131 1836 3491 1907; x_wconf 86' lang='grc' dir='ltr'>κηρύγματος.</span> <span class='ocrx_word' id='word_1_502' title='bbox 3584 1843 3844 1890; x_wconf 79' lang='grc' dir='ltr'>Τοσοῦτον</span> <span class='ocrx_word' id='word_1_503' title='bbox 3897 1842 3996 1911; x_wconf 78' lang='grc' dir='ltr'>γὰρ</span> 
     </span>
    </p>
   </div>
   <div class='ocr_carea' id='block_1_74' title="bbox 2392 1918 3995 1999">
    <p class='ocr_par' dir='ltr' id='par_1_74' title="bbox 2392 1918 3995 1999">
     <span class='ocr_line' id='line_1_74' title="bbox 2392 1918 3995 1999; baseline 0.005 -28"><span class='ocrx_word' id='word_1_504' title='bbox 2392 1918 2729 1985; x_wconf 79' lang='grc' dir='ltr'>ἀκούσουσιν,</span> <span class='ocrx_word' id='word_1_505' title='bbox 2769 1923 2902 1973; x_wconf 82' lang='grc' dir='ltr'>ὥστε</span> <span class='ocrx_word' id='word_1_506' title='bbox 2952 1927 3042 1974; x_wconf 90' lang='lat' dir='ltr'><strong><em>xui</em></strong></span> <span class='ocrx_word' id='word_1_507' title='bbox 3095 1926 3212 1985; x_wconf 75' lang='grc' dir='ltr'>τοὺς</span> <span class='ocrx_word' id='word_1_508' title='bbox 3269 1927 3502 1997; x_wconf 77' lang='grc' dir='ltr'>κήρυκας</span> <span class='ocrx_word' id='word_1_509' title='bbox 3562 1930 3770 1999; x_wconf 83' lang='grc' dir='ltr'>μυρίοις</span> <span class='ocrx_word' id='word_1_510' title='bbox 3807 1936 3995 1990; x_wconf 79' lang='grc' dir='ltr'><strong><em>κακοῖς</em></strong></span> 
     </span>
    </p>
   </div>
   <div class='ocr_carea' id='block_1_75' title="bbox 2390 2008 2686 2064">
    <p class='ocr_par' dir='ltr' id='par_1_75' title="bbox 2390 2008 2686 2064">
     <span class='ocr_line' id='line_1_75' title="bbox 2390 2008 2686 2064; baseline 0.01 -4"><span class='ocrx_word' id='word_1_511' title='bbox 2390 2008 2662 2061; x_wconf 82' lang='grc' dir='ltr'>ὑποϐαλεῖν</span> <span class='ocrx_word' id='word_1_512' title='bbox 2675 2053 2686 2064; x_wconf 97' lang='grc'><strong><em>.</em></strong></span> 
     </span>
    </p>
   </div>
   <div class='ocr_carea' id='block_1_76' title="bbox 2456 2095 3986 2173">
    <p class='ocr_par' dir='ltr' id='par_1_76' title="bbox 2456 2095 3986 2173">
     <span class='ocr_line' id='line_1_76' title="bbox 2456 2095 3986 2173; baseline 0.004 -23"><span class='ocrx_word' id='word_1_513' title='bbox 2456 2098 2617 2150; x_wconf 59' lang='lat' dir='ltr'><strong><em>&quot;Otus</em></strong></span> <span class='ocrx_word' id='word_1_514' title='bbox 2658 2095 2717 2151; x_wconf 69' lang='grc' dir='ltr'><strong><em>δὲ</em></strong></span> <span class='ocrx_word' id='word_1_515' title='bbox 2758 2129 2827 2138; x_wconf 84' lang='grc'><strong>-</strong></span> <span class='ocrx_word' id='word_1_516' title='bbox 2883 2099 3152 2159; x_wconf 81' lang='grc' dir='ltr'>λαλήσετε.</span> <span class='ocrx_word' id='word_1_517' title='bbox 3197 2107 3311 2154; x_wconf 87' lang='grc' dir='ltr'>Ἵνα</span> <span class='ocrx_word' id='word_1_518' title='bbox 3356 2106 3425 2173; x_wconf 79' lang='grc' dir='ltr'>μὴ</span> <span class='ocrx_word' id='word_1_519' title='bbox 3481 2101 3721 2172; x_wconf 78' lang='grc' dir='ltr'>λέγωσιν,</span> <span class='ocrx_word' id='word_1_520' title='bbox 3759 2105 3840 2156; x_wconf 88' lang='grc' dir='ltr'>ὃτι</span> <span class='ocrx_word' id='word_1_521' title='bbox 3887 2109 3986 2156; x_wconf 76' lang='grc' dir='ltr'><strong><em>Καὶ</em></strong></span> 
     </span>
    </p>
   </div>
   <div class='ocr_carea' id='block_1_77' title="bbox 2386 2185 3982 2264">
    <p class='ocr_par' dir='ltr' id='par_1_77' title="bbox 2386 2185 3982 2264">
     <span class='ocr_line' id='line_1_77' title="bbox 2386 2185 3982 2264; baseline 0.003 -24"><span class='ocrx_word' id='word_1_522' title='bbox 2386 2196 2518 2250; x_wconf 82' lang='grc' dir='ltr'>πῶς,</span> <span class='ocrx_word' id='word_1_523' title='bbox 2579 2185 2788 2240; x_wconf 73' lang='grc' dir='ltr'>ἰδιῶται</span> <span class='ocrx_word' id='word_1_524' title='bbox 2857 2194 2946 2241; x_wconf 84' lang='grc' dir='ltr'>καὶ</span> <span class='ocrx_word' id='word_1_525' title='bbox 3006 2190 3361 2264; x_wconf 85' lang='grc' dir='ltr'>ἀγράμματοι,</span> <span class='ocrx_word' id='word_1_526' title='bbox 3411 2198 3589 2243; x_wconf 84' lang='grc' dir='ltr'>πεῖσαι</span> <span class='ocrx_word' id='word_1_527' title='bbox 3652 2189 3982 2264; x_wconf 77' lang='grc' dir='ltr'>δυνησόμεθα</span> 
     </span>
    </p>
   </div>
   <div class='ocr_carea' id='block_1_78' title="bbox 2385 2279 3973 2353">
    <p class='ocr_par' dir='ltr' id='par_1_78' title="bbox 2385 2279 3973 2353">
     <span class='ocr_line' id='line_1_78' title="bbox 2385 2279 3973 2353; baseline 0.002 -25"><span class='ocrx_word' id='word_1_528' title='bbox 2385 2279 2613 2352; x_wconf 78' lang='grc' dir='ltr'>ῥήτορας</span> <span class='ocrx_word' id='word_1_529' title='bbox 2669 2280 2758 2329; x_wconf 85' lang='grc' dir='ltr'><strong><em>καί</em></strong></span> <span class='ocrx_word' id='word_1_530' title='bbox 2811 2279 3124 2350; x_wconf 77' lang='grc' dir='ltr'>φιλοσόφους</span> <span class='ocrx_word' id='word_1_531' title='bbox 3165 2299 3177 2347; x_wconf 91' lang='lat'>;</span> <span class='ocrx_word' id='word_1_532' title='bbox 3227 2281 3596 2353; x_wconf 81' lang='grc' dir='ltr'>προθεραπεύει</span> <span class='ocrx_word' id='word_1_533' title='bbox 3651 2286 3742 2334; x_wconf 87' lang='grc' dir='ltr'>καὶ</span> <span class='ocrx_word' id='word_1_534' title='bbox 3793 2286 3973 2339; x_wconf 75' lang='grc' dir='ltr'>ταύτην</span> 
     </span>
    </p>
   </div>
   <div class='ocr_carea' id='block_1_79' title="bbox 2387 2367 3965 2441">
    <p class='ocr_par' dir='ltr' id='par_1_79' title="bbox 2387 2367 3965 2441">
     <span class='ocr_line' id='line_1_79' title="bbox 2387 2367 3965 2441; baseline 0.002 -24"><span class='ocrx_word' id='word_1_535' title='bbox 2387 2367 2556 2418; x_wconf 84' lang='grc' dir='ltr'>αύτῶν</span> <span class='ocrx_word' id='word_1_536' title='bbox 2611 2372 2705 2425; x_wconf 82' lang='grc' dir='ltr'>τὴν</span> <span class='ocrx_word' id='word_1_537' title='bbox 2783 2367 3000 2441; x_wconf 81' lang='grc' dir='ltr'>ἀπορίαν</span> <span class='ocrx_word' id='word_1_538' title='bbox 3043 2368 3221 2440; x_wconf 80' lang='grc' dir='ltr'>λέγων·</span> <span class='ocrx_word' id='word_1_539' title='bbox 3298 2373 3384 2426; x_wconf 81' lang='grc' dir='ltr'><strong><em>Μὴ</em></strong></span> <span class='ocrx_word' id='word_1_540' title='bbox 3448 2375 3816 2441; x_wconf 71' lang='grc' dir='ltr'>μεριμνήσητε,</span> <span class='ocrx_word' id='word_1_541' title='bbox 3867 2379 3965 2430; x_wconf 84' lang='grc' dir='ltr'>πῶς</span> 
     </span>
    </p>
   </div>
   <div class='ocr_carea' id='block_1_80' title="bbox 2389 2455 2800 2513">
    <p class='ocr_par' dir='ltr' id='par_1_80' title="bbox 2389 2455 2800 2513">
     <span class='ocr_line' id='line_1_80' title="bbox 2389 2455 2800 2513; baseline 0.007 -7"><span class='ocrx_word' id='word_1_542' title='bbox 2389 2455 2417 2512; x_wconf 78' lang='grc' dir='ltr'><strong>ἣ</strong></span> <span class='ocrx_word' id='word_1_543' title='bbox 2453 2460 2504 2507; x_wconf 84' lang='grc' dir='ltr'><strong><em>τί</em></strong></span> <span class='ocrx_word' id='word_1_544' title='bbox 2531 2455 2800 2513; x_wconf 75' lang='grc' dir='ltr'>λαλήσετε.</span> 
     </span>
    </p>
   </div>
   <div class='ocr_carea' id='block_1_81' title="bbox 2459 2545 3779 2622">
    <p class='ocr_par' dir='ltr' id='par_1_81' title="bbox 2459 2545 3779 2622">
     <span class='ocr_line' id='line_1_81' title="bbox 2459 2545 3779 2622; baseline 0.003 -26"><span class='ocrx_word' id='word_1_545' title='bbox 2459 2547 2746 2603; x_wconf 76' lang='grc' dir='ltr'>Δοθήσεται</span> <span class='ocrx_word' id='word_1_546' title='bbox 2798 2577 2866 2584; x_wconf 87' lang='grc'><strong><em>-</em></strong></span> <span class='ocrx_word' id='word_1_547' title='bbox 2925 2545 3192 2603; x_wconf 80' lang='grc' dir='ltr'>λαλήσετε.</span> <span class='ocrx_word' id='word_1_548' title='bbox 3275 2548 3577 2613; x_wconf 79' lang='grc' dir='ltr'>Δοθὴσεται,</span> <span class='ocrx_word' id='word_1_549' title='bbox 3656 2549 3779 2622; x_wconf 89' lang='grc' dir='ltr'>παρ’</span> 
     </span>
    </p>
   </div>
   <div class='ocr_carea' id='block_1_82' title="bbox 2389 2630 3980 2708">
    <p class='ocr_par' dir='ltr' id='par_1_82' title="bbox 2389 2630 3980 2708">
     <span class='ocr_line' id='line_1_82' title="bbox 2389 2630 3980 2708; baseline 0.003 -24"><span class='ocrx_word' id='word_1_550' title='bbox 2389 2630 2622 2692; x_wconf 74' lang='grc' dir='ltr'>δηλαδή.</span> <span class='ocrx_word' id='word_1_551' title='bbox 2665 2636 2840 2688; x_wconf 90' lang='grc' dir='ltr'>Ταῦτα</span> <span class='ocrx_word' id='word_1_552' title='bbox 2871 2631 2930 2686; x_wconf 69' lang='grc' dir='ltr'><strong><em>δὲ</em></strong></span> <span class='ocrx_word' id='word_1_553' title='bbox 2977 2631 3111 2687; x_wconf 81' lang='grc' dir='ltr'>εἶπεν</span> <span class='ocrx_word' id='word_1_554' title='bbox 3142 2635 3320 2696; x_wconf 69' lang='grc' dir='ltr'>αὐτοῖς</span> <span class='ocrx_word' id='word_1_555' title='bbox 3357 2640 3445 2687; x_wconf 86' lang='grc' dir='ltr'>καὶ</span> <span class='ocrx_word' id='word_1_556' title='bbox 3495 2631 3659 2703; x_wconf 86' lang='grc' dir='ltr'>αὖθις,</span> <span class='ocrx_word' id='word_1_557' title='bbox 3693 2636 3980 2708; x_wconf 73' lang='grc' dir='ltr'><strong><em>ἐγγίζοντος</em></strong></span> 
     </span>
    </p>
   </div>
   <div class='ocr_carea' id='block_1_83' title="bbox 3858 2547 3976 2620">
    <p class='ocr_par' dir='ltr' id='par_1_83' title="bbox 3858 2547 3976 2620">
     <span class='ocr_line' id='line_1_83' title="bbox 3858 2547 3976 2620; baseline -0.017 -20"><span class='ocrx_word' id='word_1_558' title='bbox 3858 2547 3976 2620; x_wconf 70' lang='grc' dir='ltr'>ἐμοῦ</span> 
     </span>
    </p>
   </div>
   <div class='ocr_carea' id='block_1_84' title="bbox 2385 2719 3979 2798">
    <p class='ocr_par' dir='ltr' id='par_1_84' title="bbox 2385 2719 3979 2798">
     <span class='ocr_line' id='line_1_84' title="bbox 2385 2719 3979 2798; baseline 0.002 -24"><span class='ocrx_word' id='word_1_559' title='bbox 2385 2729 2476 2774; x_wconf 87' lang='grc' dir='ltr'><strong><em>τοῦ</em></strong></span> <span class='ocrx_word' id='word_1_560' title='bbox 2528 2719 2620 2774; x_wconf 76' lang='grc' dir='ltr'><strong><em>διὰ</em></strong></span> <span class='ocrx_word' id='word_1_561' title='bbox 2684 2731 2912 2797; x_wconf 87' lang='grc' dir='ltr'>σταυροῦ</span> <span class='ocrx_word' id='word_1_562' title='bbox 2951 2726 3164 2788; x_wconf 88' lang='grc' dir='ltr'>πάθους,</span> <span class='ocrx_word' id='word_1_563' title='bbox 3226 2727 3308 2776; x_wconf 86' lang='grc' dir='ltr'>ὅτε</span> <span class='ocrx_word' id='word_1_564' title='bbox 3336 2729 3454 2798; x_wconf 84' lang='grc' dir='ltr'>περὶ</span> <span class='ocrx_word' id='word_1_565' title='bbox 3511 2733 3606 2784; x_wconf 87' lang='grc' dir='ltr'>τῆς</span> <span class='ocrx_word' id='word_1_566' title='bbox 3657 2733 3746 2776; x_wconf 77' lang='grc' dir='ltr'><strong><em>τοῦ</em></strong></span> <span class='ocrx_word' id='word_1_567' title='bbox 3776 2731 3979 2797; x_wconf 85' lang='grc' dir='ltr'>κόσμου</span> 
     </span>
    </p>
   </div>
   <div class='ocr_carea' id='block_1_85' title="bbox 2387 2811 3971 2887">
    <p class='ocr_par' dir='ltr' id='par_1_85' title="bbox 2387 2811 3971 2887">
     <span class='ocr_line' id='line_1_85' title="bbox 2387 2811 3971 2887; baseline 0 -23"><span class='ocrx_word' id='word_1_568' title='bbox 2387 2811 2674 2874; x_wconf 75' lang='grc' dir='ltr'>συντελείας</span> <span class='ocrx_word' id='word_1_569' title='bbox 2734 2814 3008 2884; x_wconf 78' lang='grc' dir='ltr'>ἠρώτησαν</span> <span class='ocrx_word' id='word_1_570' title='bbox 3079 2813 3252 2866; x_wconf 77' lang='grc' dir='ltr'>αὐτόν.</span> <span class='ocrx_word' id='word_1_571' title='bbox 3330 2818 3467 2871; x_wconf 82' lang='grc' dir='ltr'>Φησὶ</span> <span class='ocrx_word' id='word_1_572' title='bbox 3514 2816 3610 2887; x_wconf 82' lang='grc' dir='ltr'><strong><em>γὰρ</em></strong></span> <span class='ocrx_word' id='word_1_573' title='bbox 3665 2815 3689 2864; x_wconf 91' lang='grc' dir='ltr'><strong><em>ό</em></strong></span> <span class='ocrx_word' id='word_1_574' title='bbox 3743 2819 3971 2878; x_wconf 80' lang='grc' dir='ltr'>Λουκᾶς,</span> 
     </span>
    </p>
   </div>
   <div class='ocr_carea' id='block_1_86' title="bbox 2384 2900 4030 2974">
    <p class='ocr_par' dir='ltr' id='par_1_86' title="bbox 2384 2900 4030 2974">
     <span class='ocr_line' id='line_1_86' title="bbox 2384 2900 4030 2974; baseline 0.001 -23"><span class='ocrx_word' id='word_1_575' title='bbox 2384 2905 2473 2952; x_wconf 87' lang='grc' dir='ltr'>καὶ</span> <span class='ocrx_word' id='word_1_576' title='bbox 2528 2909 2815 2959; x_wconf 85' lang='grc' dir='ltr'>τηνικαῦτα</span> <span class='ocrx_word' id='word_1_577' title='bbox 2884 2902 3042 2953; x_wconf 80' lang='grc' dir='ltr'>εἰπεῖν</span> <span class='ocrx_word' id='word_1_578' title='bbox 3097 2902 3270 2973; x_wconf 70' lang='grc' dir='ltr'>αὐτόν,</span> <span class='ocrx_word' id='word_1_579' title='bbox 3335 2904 3414 2954; x_wconf 85' lang='grc' dir='ltr'>ὅτι</span> <span class='ocrx_word' id='word_1_580' title='bbox 3473 2903 3602 2974; x_wconf 85' lang='grc' dir='ltr'><strong><em>Ἐγὼ</em></strong></span> <span class='ocrx_word' id='word_1_581' title='bbox 3651 2900 3801 2954; x_wconf 79' lang='grc' dir='ltr'>δώσω</span> <span class='ocrx_word' id='word_1_582' title='bbox 3850 2903 3970 2972; x_wconf 80' lang='grc' dir='ltr'>ύμῖν</span> <span class='ocrx_word' id='word_1_583' title='bbox 4020 2933 4030 2938; x_wconf 81' lang='lat'><strong><em>-</em></strong></span> 
     </span>
    </p>
   </div>
   <div class='ocr_carea' id='block_1_87' title="bbox 2387 2987 3972 3062">
    <p class='ocr_par' dir='ltr' id='par_1_87' title="bbox 2387 2987 3972 3062">
     <span class='ocr_line' id='line_1_87' title="bbox 2387 2987 3972 3062; baseline -0.001 -20"><span class='ocrx_word' id='word_1_584' title='bbox 2387 2994 2557 3062; x_wconf 84' lang='grc' dir='ltr'>στόμα</span> <span class='ocrx_word' id='word_1_585' title='bbox 2654 2995 2744 3042; x_wconf 84' lang='grc' dir='ltr'>καὶ</span> <span class='ocrx_word' id='word_1_586' title='bbox 2823 2995 3008 3062; x_wconf 67' lang='grc' dir='ltr'>σοφίαν</span> <span class='ocrx_word' id='word_1_587' title='bbox 3187 2991 3245 3042; x_wconf 79' lang='grc' dir='ltr'><strong><em>ού</em></strong></span> <span class='ocrx_word' id='word_1_588' title='bbox 3313 2987 3631 3048; x_wconf 79' lang='grc' dir='ltr'>δυνήσονται</span> <span class='ocrx_word' id='word_1_589' title='bbox 3703 2989 3972 3057; x_wconf 81' lang='grc' dir='ltr'>ἀντειπεῖν,</span> 
     </span>
    </p>
   </div>
   <div class='ocr_carea' id='block_1_88' title="bbox 2385 3075 3657 3152">
    <p class='ocr_par' dir='ltr' id='par_1_88' title="bbox 2385 3075 3657 3152">
     <span class='ocr_line' id='line_1_88' title="bbox 2385 3075 3657 3152; baseline 0.002 -22"><span class='ocrx_word' id='word_1_590' title='bbox 2385 3075 2506 3131; x_wconf 69' lang='grc' dir='ltr'><strong><em>οὐδὲ</em></strong></span> <span class='ocrx_word' id='word_1_591' title='bbox 2529 3078 2833 3138; x_wconf 81' lang='grc' dir='ltr'>ἀντιστῆναι</span> <span class='ocrx_word' id='word_1_592' title='bbox 2864 3083 3048 3141; x_wconf 85' lang='grc' dir='ltr'>πάντες</span> <span class='ocrx_word' id='word_1_593' title='bbox 3073 3083 3121 3132; x_wconf 88' lang='grc' dir='ltr'><strong><em>οί</em></strong></span> <span class='ocrx_word' id='word_1_594' title='bbox 3148 3081 3486 3152; x_wconf 79' lang='grc' dir='ltr'>ἀντικείμενοι</span> <span class='ocrx_word' id='word_1_595' title='bbox 3517 3082 3657 3152; x_wconf 84' lang='grc' dir='ltr'>ύμῖν.</span> 
     </span>
    </p>
   </div>
   <div class='ocr_carea' id='block_1_89' title="bbox 2457 3167 3516 3230">
    <p class='ocr_par' dir='ltr' id='par_1_89' title="bbox 2457 3167 3516 3230">
     <span class='ocr_line' id='line_1_89' title="bbox 2457 3167 3516 3230; baseline 0.002 -10"><span class='ocrx_word' id='word_1_596' title='bbox 2457 3167 2530 3220; x_wconf 84' lang='grc' dir='ltr'><strong><em>Ού</em></strong></span> <span class='ocrx_word' id='word_1_597' title='bbox 2563 3199 2628 3208; x_wconf 90' lang='grc'><strong><em>-</em></strong></span> <span class='ocrx_word' id='word_1_598' title='bbox 2655 3167 2944 3230; x_wconf 83' lang='grc' dir='ltr'>λαλοῦντες.</span> <span class='ocrx_word' id='word_1_599' title='bbox 2987 3171 3052 3220; x_wconf 83' lang='grc' dir='ltr'><strong>Οἱ</strong></span> <span class='ocrx_word' id='word_1_600' title='bbox 3080 3168 3347 3229; x_wconf 82' lang='grc' dir='ltr'>λαλοῦντες</span> <span class='ocrx_word' id='word_1_601' title='bbox 3384 3174 3516 3223; x_wconf 84' lang='grc' dir='ltr'>τότε.</span> 
     </span>
    </p>
   </div>
   <div class='ocr_carea' id='block_1_90' title="bbox 2456 3345 3985 3420">
    <p class='ocr_par' dir='ltr' id='par_1_90' title="bbox 2456 3345 3985 3420">
     <span class='ocr_line' id='line_1_90' title="bbox 2456 3345 3985 3420; baseline 0.001 -23"><span class='ocrx_word' id='word_1_602' title='bbox 2456 3345 2612 3397; x_wconf 81' lang='grc' dir='ltr'>Ἀλλά</span> <span class='ocrx_word' id='word_1_603' title='bbox 2670 3378 2735 3387; x_wconf 92' lang='lat'><strong><em>—</em></strong></span> <span class='ocrx_word' id='word_1_604' title='bbox 2788 3346 2928 3417; x_wconf 82' lang='grc' dir='ltr'>ύμῖν.</span> <span class='ocrx_word' id='word_1_605' title='bbox 2985 3345 3142 3400; x_wconf 83' lang='grc' dir='ltr'><strong><em>Ἀλλὰ</em></strong></span> <span class='ocrx_word' id='word_1_606' title='bbox 3193 3350 3250 3398; x_wconf 88' lang='grc' dir='ltr'>τὸ</span> <span class='ocrx_word' id='word_1_607' title='bbox 3319 3353 3524 3418; x_wconf 82' lang='grc' dir='ltr'>Πνεῦμα</span> <span class='ocrx_word' id='word_1_608' title='bbox 3565 3350 3623 3399; x_wconf 90' lang='grc' dir='ltr'>τὸ</span> <span class='ocrx_word' id='word_1_609' title='bbox 3686 3347 3859 3420; x_wconf 78' lang='grc' dir='ltr'>οἶγιον,</span> <span class='ocrx_word' id='word_1_610' title='bbox 3929 3350 3985 3400; x_wconf 81' lang='grc' dir='ltr'><strong><em>τό</em></strong></span> 
     </span>
    </p>
   </div>
   <div class='ocr_carea' id='block_1_91' title="bbox 2382 3434 2954 3507">
    <p class='ocr_par' dir='ltr' id='par_1_91' title="bbox 2382 3434 2954 3507">
     <span class='ocr_line' id='line_1_91' title="bbox 2382 3434 2954 3507; baseline -0.009 -17"><span class='ocrx_word' id='word_1_611' title='bbox 2382 3437 2565 3490; x_wconf 80' lang='grc' dir='ltr'>λαλοῦν</span> <span class='ocrx_word' id='word_1_612' title='bbox 2598 3434 2644 3486; x_wconf 82' lang='grc' dir='ltr'>ἐν</span> <span class='ocrx_word' id='word_1_613' title='bbox 2671 3436 2790 3507; x_wconf 75' lang='grc' dir='ltr'>ὑμῖν</span> <span class='ocrx_word' id='word_1_614' title='bbox 2821 3441 2954 3487; x_wconf 77' lang='grc' dir='ltr'>τότε.</span> 
     </span>
    </p>
   </div>
   <div class='ocr_carea' id='block_1_92' title="bbox 2457 3521 3989 3597">
    <p class='ocr_par' dir='ltr' id='par_1_92' title="bbox 2457 3521 3989 3597">
     <span class='ocr_line' id='line_1_92' title="bbox 2457 3521 3989 3597; baseline 0.001 -20"><span class='ocrx_word' id='word_1_615' title='bbox 2457 3521 2769 3597; x_wconf 73' lang='grc' dir='ltr'>Παραὸώσει</span> <span class='ocrx_word' id='word_1_616' title='bbox 2825 3555 2893 3564; x_wconf 91' lang='grc'><strong>-</strong></span> <span class='ocrx_word' id='word_1_617' title='bbox 2936 3528 3126 3578; x_wconf 81' lang='grc' dir='ltr'>τέκνον.</span> <span class='ocrx_word' id='word_1_618' title='bbox 3187 3526 3253 3576; x_wconf 83' lang='grc' dir='ltr'><strong><em>Οἰ</em></strong></span> <span class='ocrx_word' id='word_1_619' title='bbox 3307 3529 3379 3595; x_wconf 77' lang='grc' dir='ltr'>μὴ</span> <span class='ocrx_word' id='word_1_620' title='bbox 3423 3526 3808 3592; x_wconf 77' lang='grc' dir='ltr'>πιστεύσαντες,</span> <span class='ocrx_word' id='word_1_621' title='bbox 3869 3531 3989 3587; x_wconf 76' lang='grc' dir='ltr'>τοὺς</span> 
     </span>
    </p>
   </div>
   <div class='ocr_carea' id='block_1_93' title="bbox 2383 3616 2788 3675">
    <p class='ocr_par' dir='ltr' id='par_1_93' title="bbox 2383 3616 2788 3675">
     <span class='ocr_line' id='line_1_93' title="bbox 2383 3616 2788 3675; baseline -0.002 -7"><span class='ocrx_word' id='word_1_622' title='bbox 2383 3616 2569 3668; x_wconf 83' lang='grc' dir='ltr'>πιστεύ</span> <span class='ocrx_word' id='word_1_623' title='bbox 2580 3633 2788 3675; x_wconf 79' lang='grc' dir='ltr'>σαντας.</span> 
     </span>
    </p>
   </div>
   <div class='ocr_carea' id='block_1_94' title="bbox 2458 3703 3991 3776">
    <p class='ocr_par' dir='ltr' id='par_1_94' title="bbox 2458 3703 3991 3776">
     <span class='ocr_line' id='line_1_94' title="bbox 2458 3703 3991 3776; baseline 0 -20"><span class='ocrx_word' id='word_1_624' title='bbox 2458 3707 2652 3756; x_wconf 81' lang='grc' dir='ltr'><strong><em>Καὶ-</em></strong></span> <span class='ocrx_word' id='word_1_625' title='bbox 2701 3703 2909 3764; x_wconf 73' lang='grc' dir='ltr'>αὐτούς.</span> <span class='ocrx_word' id='word_1_626' title='bbox 2947 3706 3046 3755; x_wconf 82' lang='grc' dir='ltr'><strong><em>Καὶ</em></strong></span> <span class='ocrx_word' id='word_1_627' title='bbox 3091 3703 3234 3755; x_wconf 76' lang='grc' dir='ltr'>οὗτοι</span> <span class='ocrx_word' id='word_1_628' title='bbox 3282 3703 3490 3775; x_wconf 83' lang='grc' dir='ltr'>ὁμοίως.</span> <span class='ocrx_word' id='word_1_629' title='bbox 3549 3706 3643 3754; x_wconf 83' lang='grc' dir='ltr'><strong><em>Διὰ</em></strong></span> <span class='ocrx_word' id='word_1_630' title='bbox 3671 3711 3770 3754; x_wconf 85' lang='grc' dir='ltr'>τῶν</span> <span class='ocrx_word' id='word_1_631' title='bbox 3808 3703 3991 3776; x_wconf 81' lang='grc' dir='ltr'>φιλτά-</span> 
     </span>
    </p>
   </div>
   <div class='ocr_carea' id='block_1_95' title="bbox 2382 3790 3995 3864">
    <p class='ocr_par' dir='ltr' id='par_1_95' title="bbox 2382 3790 3995 3864">
     <span class='ocr_line' id='line_1_95' title="bbox 2382 3790 3995 3864; baseline 0 -18"><span class='ocrx_word' id='word_1_632' title='bbox 2382 3814 2481 3846; x_wconf 90' lang='grc' dir='ltr'><strong><em>των</em></strong></span> <span class='ocrx_word' id='word_1_633' title='bbox 2544 3790 2602 3845; x_wconf 76' lang='grc' dir='ltr'>δε</span> <span class='ocrx_word' id='word_1_634' title='bbox 2650 3795 2864 3858; x_wconf 84' lang='grc' dir='ltr'>τούτων,</span> <span class='ocrx_word' id='word_1_635' title='bbox 2919 3797 3008 3844; x_wconf 79' lang='grc' dir='ltr'>καὶ</span> <span class='ocrx_word' id='word_1_636' title='bbox 3081 3794 3174 3852; x_wconf 78' lang='grc' dir='ltr'>τὰς</span> <span class='ocrx_word' id='word_1_637' title='bbox 3223 3791 3374 3853; x_wconf 79' lang='grc' dir='ltr'>ἄλλας</span> <span class='ocrx_word' id='word_1_638' title='bbox 3422 3791 3619 3863; x_wconf 72' lang='grc' dir='ltr'>ἐνέφηνε</span> <span class='ocrx_word' id='word_1_639' title='bbox 3684 3799 3995 3864; x_wconf 75' lang='grc' dir='ltr'>συγγενείας</span> 
     </span>
    </p>
   </div>
   <div class='ocr_carea' id='block_1_96' title="bbox 2382 3883 2823 3943">
    <p class='ocr_par' dir='ltr' id='par_1_96' title="bbox 2382 3883 2823 3943">
     <span class='ocr_line' id='line_1_96' title="bbox 2382 3883 2823 3943; baseline 0.002 -8"><span class='ocrx_word' id='word_1_640' title='bbox 2382 3888 2472 3936; x_wconf 85' lang='grc' dir='ltr'>καὶ</span> <span class='ocrx_word' id='word_1_641' title='bbox 2493 3883 2823 3943; x_wconf 84' lang='grc' dir='ltr'>οἰκειότητας.</span> 
     </span>
    </p>
   </div>
   <div class='ocr_carea' id='block_1_97' title="bbox 2456 3968 3992 4044">
    <p class='ocr_par' dir='ltr' id='par_1_97' title="bbox 2456 3968 3992 4044">
     <span class='ocr_line' id='line_1_97' title="bbox 2456 3968 3992 4044; baseline 0 -19"><span class='ocrx_word' id='word_1_642' title='bbox 2456 3977 2556 4025; x_wconf 77' lang='grc' dir='ltr'><strong><em>Καὶ</em></strong></span> <span class='ocrx_word' id='word_1_643' title='bbox 2604 4002 2672 4012; x_wconf 93' lang='grc'><strong>-</strong></span> <span class='ocrx_word' id='word_1_644' title='bbox 2729 3973 2887 4043; x_wconf 80' lang='grc' dir='ltr'>ὄνομά</span> <span class='ocrx_word' id='word_1_645' title='bbox 2933 3991 3053 4044; x_wconf 87' lang='grc' dir='ltr'>μου.</span> <span class='ocrx_word' id='word_1_646' title='bbox 3098 3972 3222 4023; x_wconf 82' lang='grc' dir='ltr'>’Υπὸ</span> <span class='ocrx_word' id='word_1_647' title='bbox 3269 3971 3490 4035; x_wconf 88' lang='grc' dir='ltr'>πάντων,</span> <span class='ocrx_word' id='word_1_648' title='bbox 3548 3968 3658 4021; x_wconf 82' lang='grc' dir='ltr'>ἀντὶ</span> <span class='ocrx_word' id='word_1_649' title='bbox 3701 3977 3812 4036; x_wconf 85' lang='grc' dir='ltr'>τοῦ,</span> <span class='ocrx_word' id='word_1_650' title='bbox 3862 3971 3992 4025; x_wconf 83' lang='grc' dir='ltr'><strong><em>’Υπὸ</em></strong></span> 
     </span>
    </p>
   </div>
   <div class='ocr_carea' id='block_1_98' title="bbox 2384 4058 3993 4132">
    <p class='ocr_par' dir='ltr' id='par_1_98' title="bbox 2384 4058 3993 4132">
     <span class='ocr_line' id='line_1_98' title="bbox 2384 4058 3993 4132; baseline -0.001 -18"><span class='ocrx_word' id='word_1_651' title='bbox 2384 4071 2482 4114; x_wconf 88' lang='grc' dir='ltr'>τῶν</span> <span class='ocrx_word' id='word_1_652' title='bbox 2518 4061 2774 4115; x_wconf 76' lang='grc' dir='ltr'>πλειόνων.</span> <span class='ocrx_word' id='word_1_653' title='bbox 2830 4060 3017 4112; x_wconf 81' lang='grc' dir='ltr'>Πολλοὶ</span> <span class='ocrx_word' id='word_1_654' title='bbox 3063 4062 3164 4132; x_wconf 76' lang='grc' dir='ltr'><strong><em>γὰρ</em></strong></span> <span class='ocrx_word' id='word_1_655' title='bbox 3214 4059 3403 4120; x_wconf 69' lang='grc' dir='ltr'>αὐτοὺς</span> <span class='ocrx_word' id='word_1_656' title='bbox 3456 4061 3760 4130; x_wconf 73' lang='grc' dir='ltr'>ἠγάπησαν.</span> <span class='ocrx_word' id='word_1_657' title='bbox 3815 4058 3993 4114; x_wconf 75' lang='grc' dir='ltr'><strong><em>’ἰδίω-</em></strong></span> 
     </span>
    </p>
   </div>
   <div class='ocr_carea' id='block_1_99' title="bbox 2384 4148 3992 4224">
    <p class='ocr_par' dir='ltr' id='par_1_99' title="bbox 2384 4148 3992 4224">
     <span class='ocr_line' id='line_1_99' title="bbox 2384 4148 3992 4224; baseline 0.001 -22"><span class='ocrx_word' id='word_1_658' title='bbox 2384 4172 2457 4224; x_wconf 87' lang='grc' dir='ltr'><strong><em>μα</em></strong></span> <span class='ocrx_word' id='word_1_659' title='bbox 2497 4148 2669 4203; x_wconf 75' lang='grc' dir='ltr'>δὲκαὶ</span> <span class='ocrx_word' id='word_1_660' title='bbox 2723 4159 2874 4202; x_wconf 80' lang='grc' dir='ltr'>τοῦτο</span> <span class='ocrx_word' id='word_1_661' title='bbox 2935 4152 3208 4224; x_wconf 70' lang='grc' dir='ltr'>γραφικόν,</span> <span class='ocrx_word' id='word_1_662' title='bbox 3258 4150 3450 4209; x_wconf 81' lang='grc' dir='ltr'>πάντας</span> <span class='ocrx_word' id='word_1_663' title='bbox 3504 4148 3685 4218; x_wconf 78' lang='grc' dir='ltr'>λέγειν,</span> <span class='ocrx_word' id='word_1_664' title='bbox 3741 4153 3830 4200; x_wconf 85' lang='grc' dir='ltr'>καὶ</span> <span class='ocrx_word' id='word_1_665' title='bbox 3861 4155 3992 4211; x_wconf 86' lang='grc' dir='ltr'>τοὺς</span> 
     </span>
    </p>
   </div>
   <div class='ocr_carea' id='block_1_100' title="bbox 2383 4235 3986 4315">
    <p class='ocr_par' dir='ltr' id='par_1_100' title="bbox 2383 4235 3986 4315">
     <span class='ocr_line' id='line_1_100' title="bbox 2383 4235 3986 4315; baseline -0.001 -22"><span class='ocrx_word' id='word_1_666' title='bbox 2383 4240 2635 4302; x_wconf 81' lang='grc' dir='ltr'>πλείονας.</span> <span class='ocrx_word' id='word_1_667' title='bbox 2679 4240 2946 4315; x_wconf 83' lang='grc' dir='ltr'>Ἀνωτέρω</span> <span class='ocrx_word' id='word_1_668' title='bbox 3003 4235 3062 4291; x_wconf 75' lang='grc' dir='ltr'><strong><em>δὲ</em></strong></span> <span class='ocrx_word' id='word_1_669' title='bbox 3119 4240 3379 4312; x_wconf 86' lang='grc' dir='ltr'>προσθεὶς,</span> <span class='ocrx_word' id='word_1_670' title='bbox 3434 4239 3512 4289; x_wconf 86' lang='grc' dir='ltr'>ὃτι</span> <span class='ocrx_word' id='word_1_671' title='bbox 3575 4236 3770 4290; x_wconf 77' lang='grc' dir='ltr'>Ἕνεκεν</span> <span class='ocrx_word' id='word_1_672' title='bbox 3832 4237 3986 4310; x_wconf 79' lang='grc' dir='ltr'>ἐμοῦ,</span> 
     </span>
    </p>
   </div>
   <div class='ocr_carea' id='block_1_101' title="bbox 2383 4327 3988 4399">
    <p class='ocr_par' dir='ltr' id='par_1_101' title="bbox 2383 4327 3988 4399">
     <span class='ocr_line' id='line_1_101' title="bbox 2383 4327 3988 4399; baseline -0.002 -17"><span class='ocrx_word' id='word_1_673' title='bbox 2383 4334 2468 4382; x_wconf 85' lang='grc' dir='ltr'>καὶ</span> <span class='ocrx_word' id='word_1_674' title='bbox 2497 4338 2582 4381; x_wconf 85' lang='grc' dir='ltr'><strong><em>νῦν</em></strong></span> <span class='ocrx_word' id='word_1_675' title='bbox 2651 4327 2709 4382; x_wconf 72' lang='grc' dir='ltr'><strong><em>δὲ</em></strong></span> <span class='ocrx_word' id='word_1_676' title='bbox 2750 4330 2923 4394; x_wconf 85' lang='grc' dir='ltr'>πάλιν,</span> <span class='ocrx_word' id='word_1_677' title='bbox 2973 4329 3054 4381; x_wconf 81' lang='grc' dir='ltr'>ὅτι</span> <span class='ocrx_word' id='word_1_678' title='bbox 3117 4331 3210 4380; x_wconf 88' lang='grc' dir='ltr'>Διά</span> <span class='ocrx_word' id='word_1_679' title='bbox 3264 4331 3322 4380; x_wconf 83' lang='grc' dir='ltr'><strong><em>τό</em></strong></span> <span class='ocrx_word' id='word_1_680' title='bbox 3381 4329 3538 4399; x_wconf 81' lang='grc' dir='ltr'>ὄνομά</span> <span class='ocrx_word' id='word_1_681' title='bbox 3607 4343 3726 4398; x_wconf 86' lang='grc' dir='ltr'>μου·</span> <span class='ocrx_word' id='word_1_682' title='bbox 3788 4327 3988 4386; x_wconf 80' lang='grc' dir='ltr'>πολλὴν</span> 
     </span>
    </p>
   </div>
   <div class='ocr_carea' id='block_1_102' title="bbox 2379 4413 3985 4496">
    <p class='ocr_par' dir='ltr' id='par_1_102' title="bbox 2379 4413 3985 4496">
     <span class='ocr_line' id='line_1_102' title="bbox 2379 4413 3985 4496; baseline -0.002 -22"><span class='ocrx_word' id='word_1_683' title='bbox 2379 4420 2710 4496; x_wconf 76' lang='grc' dir='ltr'>παράκλησιν</span> <span class='ocrx_word' id='word_1_684' title='bbox 2775 4424 2863 4470; x_wconf 90' lang='grc' dir='ltr'>καὶ</span> <span class='ocrx_word' id='word_1_685' title='bbox 2917 4419 3211 4491; x_wconf 80' lang='grc' dir='ltr'>προθυμίαν</span> <span class='ocrx_word' id='word_1_686' title='bbox 3300 4417 3476 4476; x_wconf 68' lang='grc' dir='ltr'>αὐτοῖς</span> <span class='ocrx_word' id='word_1_687' title='bbox 3532 4413 3748 4482; x_wconf 77' lang='grc' dir='ltr'>ἐνέϐαλε,</span> <span class='ocrx_word' id='word_1_688' title='bbox 3808 4436 3985 4470; x_wconf 76' lang='grc' dir='ltr'>πεπει-</span> 
     </span>
    </p>
   </div>
   <div class='ocr_carea' id='block_1_103' title="bbox 2385 4503 3984 4582">
    <p class='ocr_par' dir='ltr' id='par_1_103' title="bbox 2385 4503 3984 4582">
     <span class='ocr_line' id='line_1_103' title="bbox 2385 4503 3984 4582; baseline -0.003 -20"><span class='ocrx_word' id='word_1_689' title='bbox 2385 4514 2610 4582; x_wconf 84' lang='grc' dir='ltr'>σμένοις,</span> <span class='ocrx_word' id='word_1_690' title='bbox 2663 4511 2742 4560; x_wconf 85' lang='grc' dir='ltr'>ὅτι</span> <span class='ocrx_word' id='word_1_691' title='bbox 2792 4512 3156 4581; x_wconf 82' lang='grc' dir='ltr'>συμπαρέσται</span> <span class='ocrx_word' id='word_1_692' title='bbox 3213 4510 3302 4558; x_wconf 86' lang='grc' dir='ltr'>καὶ</span> <span class='ocrx_word' id='word_1_693' title='bbox 3366 4503 3704 4575; x_wconf 70' lang='grc' dir='ltr'>ἀντιλήψεται</span> <span class='ocrx_word' id='word_1_694' title='bbox 3754 4513 3854 4556; x_wconf 85' lang='grc' dir='ltr'>τῶν</span> <span class='ocrx_word' id='word_1_695' title='bbox 3885 4527 3984 4559; x_wconf 83' lang='grc' dir='ltr'>πα-</span> 
     </span>
    </p>
   </div>
   <div class='ocr_carea' id='block_1_104' title="bbox 2385 4595 2932 4671">
    <p class='ocr_par' dir='ltr' id='par_1_104' title="bbox 2385 4595 2932 4671">
     <span class='ocr_line' id='line_1_104' title="bbox 2385 4595 2932 4671; baseline -0.005 -20"><span class='ocrx_word' id='word_1_696' title='bbox 2385 4603 2620 4671; x_wconf 75' lang='grc' dir='ltr'>σχόντων</span> <span class='ocrx_word' id='word_1_697' title='bbox 2654 4595 2725 4650; x_wconf 79' lang='grc' dir='ltr'><strong><em>δι’</em></strong></span> <span class='ocrx_word' id='word_1_698' title='bbox 2758 4598 2932 4649; x_wconf 62' lang='grc' dir='ltr'>αὐτόν.</span> 
     </span>
    </p>
   </div>
   <div class='ocr_carea' id='block_1_105' title="bbox 2451 4683 3972 4760">
    <p class='ocr_par' dir='ltr' id='par_1_105' title="bbox 2451 4683 3972 4760">
     <span class='ocr_line' id='line_1_105' title="bbox 2451 4683 3972 4760; baseline -0.006 -19"><span class='ocrx_word' id='word_1_699' title='bbox 2451 4689 2599 4741; x_wconf 73' lang='lat' dir='ltr'><strong><em>&#39;O—</em></strong></span> <span class='ocrx_word' id='word_1_700' title='bbox 2649 4689 2964 4746; x_wconf 80' lang='grc' dir='ltr'>σωθήσεται.</span> <span class='ocrx_word' id='word_1_701' title='bbox 3013 4690 3146 4760; x_wconf 86' lang='grc' dir='ltr'>Τρία</span> <span class='ocrx_word' id='word_1_702' title='bbox 3200 4687 3258 4736; x_wconf 87' lang='grc' dir='ltr'>τὸ</span> <span class='ocrx_word' id='word_1_703' title='bbox 3300 4687 3462 4758; x_wconf 84' lang='grc' dir='ltr'>παρὸν</span> <span class='ocrx_word' id='word_1_704' title='bbox 3517 4684 3748 4756; x_wconf 77' lang='grc' dir='ltr'>ἐμφαίνει</span> <span class='ocrx_word' id='word_1_705' title='bbox 3795 4683 3972 4756; x_wconf 78' lang='grc' dir='ltr'>ῥητόνο</span> 
     </span>
    </p>
   </div>
   <div class='ocr_carea' id='block_1_106' title="bbox 2381 4769 3979 4850">
    <p class='ocr_par' dir='ltr' id='par_1_106' title="bbox 2381 4769 3979 4850">
     <span class='ocr_line' id='line_1_106' title="bbox 2381 4769 3979 4850; baseline -0.006 -18"><span class='ocrx_word' id='word_1_706' title='bbox 2381 4781 2462 4832; x_wconf 85' lang='grc' dir='ltr'>ὅτι</span> <span class='ocrx_word' id='word_1_707' title='bbox 2510 4779 2568 4831; x_wconf 88' lang='grc' dir='ltr'><strong><em>ού</em></strong></span> <span class='ocrx_word' id='word_1_708' title='bbox 2613 4779 2764 4850; x_wconf 88' lang='grc' dir='ltr'>μόνον</span> <span class='ocrx_word' id='word_1_709' title='bbox 2795 4781 2954 4850; x_wconf 85' lang='grc' dir='ltr'>χρεία</span> <span class='ocrx_word' id='word_1_710' title='bbox 2999 4784 3089 4836; x_wconf 86' lang='grc' dir='ltr'>τῆς</span> <span class='ocrx_word' id='word_1_711' title='bbox 3141 4773 3263 4848; x_wconf 88' lang='grc' dir='ltr'>παρ’</span> <span class='ocrx_word' id='word_1_712' title='bbox 3316 4773 3476 4825; x_wconf 65' lang='grc' dir='ltr'>αὐτοῦ</span> <span class='ocrx_word' id='word_1_713' title='bbox 3531 4771 3795 4845; x_wconf 79' lang='grc' dir='ltr'>βοηθείας,</span> <span class='ocrx_word' id='word_1_714' title='bbox 3849 4769 3979 4823; x_wconf 80' lang='grc' dir='ltr'>ἀλλὰ</span> 
     </span>
    </p>
   </div>
   <div class='ocr_carea' id='block_1_107' title="bbox 2381 4860 3984 4941">
    <p class='ocr_par' dir='ltr' id='par_1_107' title="bbox 2381 4860 3984 4941">
     <span class='ocr_line' id='line_1_107' title="bbox 2381 4860 3984 4941; baseline -0.005 -19"><span class='ocrx_word' id='word_1_715' title='bbox 2381 4874 2470 4923; x_wconf 84' lang='grc' dir='ltr'><strong><em>καὶ</em></strong></span> <span class='ocrx_word' id='word_1_716' title='bbox 2507 4877 2598 4929; x_wconf 85' lang='grc' dir='ltr'>τῆς</span> <span class='ocrx_word' id='word_1_717' title='bbox 2646 4867 2813 4920; x_wconf 72' lang='grc' dir='ltr'>αὐτῶν</span> <span class='ocrx_word' id='word_1_718' title='bbox 2856 4868 3152 4941; x_wconf 82' lang='grc' dir='ltr'>καρτερίας,</span> <span class='ocrx_word' id='word_1_719' title='bbox 3200 4865 3283 4915; x_wconf 85' lang='grc' dir='ltr'><strong><em>ἱνα</em></strong></span> <span class='ocrx_word' id='word_1_720' title='bbox 3322 4867 3384 4920; x_wconf 75' lang='grc' dir='ltr'>αὴ</span> <span class='ocrx_word' id='word_1_721' title='bbox 3439 4862 3598 4914; x_wconf 67' lang='grc' dir='ltr'>αὐτοῦ</span> <span class='ocrx_word' id='word_1_722' title='bbox 3627 4866 3802 4934; x_wconf 86' lang='grc' dir='ltr'>μόνον,</span> <span class='ocrx_word' id='word_1_723' title='bbox 3853 4860 3984 4914; x_wconf 81' lang='grc' dir='ltr'>ἀλλὰ</span> 
     </span>
    </p>
   </div>
   <div class='ocr_carea' id='block_1_108' title="bbox 2379 4949 3984 5028">
    <p class='ocr_par' dir='ltr' id='par_1_108' title="bbox 2379 4949 3984 5028">
     <span class='ocr_line' id='line_1_108' title="bbox 2379 4949 3984 5028; baseline -0.005 -17"><span class='ocrx_word' id='word_1_724' title='bbox 2379 4965 2469 5012; x_wconf 83' lang='grc' dir='ltr'>καὶ</span> <span class='ocrx_word' id='word_1_725' title='bbox 2526 4957 2691 5010; x_wconf 70' lang='grc' dir='ltr'>αὐτῶν</span> <span class='ocrx_word' id='word_1_726' title='bbox 2742 4959 2964 5028; x_wconf 78' lang='grc' dir='ltr'>γίνοιντο</span> <span class='ocrx_word' id='word_1_727' title='bbox 3029 4957 3093 5006; x_wconf 83' lang='grc' dir='ltr'>τὰ</span> <span class='ocrx_word' id='word_1_728' title='bbox 3157 4954 3567 5025; x_wconf 86' lang='grc' dir='ltr'>κατορθώματα·</span> <span class='ocrx_word' id='word_1_729' title='bbox 3621 4956 3709 5003; x_wconf 85' lang='grc' dir='ltr'>καὶ</span> <span class='ocrx_word' id='word_1_730' title='bbox 3775 4952 3856 5004; x_wconf 87' lang='grc' dir='ltr'>ὅτι</span> <span class='ocrx_word' id='word_1_731' title='bbox 3925 4949 3984 5003; x_wconf 81' lang='grc' dir='ltr'><strong><em>ού</em></strong></span> 
     </span>
    </p>
   </div>
   <div class='ocr_carea' id='block_1_109' title="bbox 2378 5038 3986 5123">
    <p class='ocr_par' dir='ltr' id='par_1_109' title="bbox 2378 5038 3986 5123">
     <span class='ocr_line' id='line_1_109' title="bbox 2378 5038 3986 5123; baseline -0.006 -22"><span class='ocrx_word' id='word_1_732' title='bbox 2378 5052 2488 5123; x_wconf 81' lang='grc' dir='ltr'>χρὴ</span> <span class='ocrx_word' id='word_1_733' title='bbox 2521 5048 2853 5120; x_wconf 85' lang='grc' dir='ltr'>ἀποκάμνειν·</span> <span class='ocrx_word' id='word_1_734' title='bbox 2903 5049 2952 5097; x_wconf 88' lang='grc' dir='ltr'><strong><em>τί</em></strong></span> <span class='ocrx_word' id='word_1_735' title='bbox 3005 5045 3107 5117; x_wconf 84' lang='grc' dir='ltr'><strong><em>γὰρ</em></strong></span> <span class='ocrx_word' id='word_1_736' title='bbox 3153 5041 3322 5115; x_wconf 74' lang='grc' dir='ltr'>ὄφελος</span> <span class='ocrx_word' id='word_1_737' title='bbox 3381 5039 3577 5115; x_wconf 81' lang='grc' dir='ltr'>ἀρχῆς,</span> <span class='ocrx_word' id='word_1_738' title='bbox 3623 5040 3714 5092; x_wconf 78' lang='grc' dir='ltr'><strong><em>οῦκ</em></strong></span> <span class='ocrx_word' id='word_1_739' title='bbox 3745 5038 3986 5111; x_wconf 71' lang='grc' dir='ltr'>ἐχούσης</span> 
     </span>
    </p>
   </div>
   <div class='ocr_carea' id='block_1_110' title="bbox 2377 5127 3985 5208">
    <p class='ocr_par' dir='ltr' id='par_1_110' title="bbox 2377 5127 3985 5208">
     <span class='ocr_line' id='line_1_110' title="bbox 2377 5127 3985 5208; baseline -0.007 -17"><span class='ocrx_word' id='word_1_740' title='bbox 2377 5138 2552 5206; x_wconf 80' lang='grc' dir='ltr'>τέλος,</span> <span class='ocrx_word' id='word_1_741' title='bbox 2583 5141 2673 5190; x_wconf 86' lang='grc' dir='ltr'>καὶ</span> <span class='ocrx_word' id='word_1_742' title='bbox 2729 5138 2809 5189; x_wconf 85' lang='grc' dir='ltr'>ὅτι</span> <span class='ocrx_word' id='word_1_743' title='bbox 2851 5138 3014 5208; x_wconf 76' lang='grc' dir='ltr'>μέχρι</span> <span class='ocrx_word' id='word_1_744' title='bbox 3042 5133 3220 5194; x_wconf 85' lang='grc' dir='ltr'>τέλους</span> <span class='ocrx_word' id='word_1_745' title='bbox 3278 5131 3417 5192; x_wconf 79' lang='grc' dir='ltr'>ζωῆς</span> <span class='ocrx_word' id='word_1_746' title='bbox 3470 5130 3640 5182; x_wconf 70' lang='grc' dir='ltr'>αὐτῶν</span> <span class='ocrx_word' id='word_1_747' title='bbox 3669 5127 3985 5202; x_wconf 83' lang='grc' dir='ltr'>παραταθή-</span> 
     </span>
    </p>
   </div>
   <div class='ocr_carea' id='block_1_111' title="bbox 2381 5224 2817 5281">
    <p class='ocr_par' dir='ltr' id='par_1_111' title="bbox 2381 5224 2817 5281">
     <span class='ocr_line' id='line_1_111' title="bbox 2381 5224 2817 5281; baseline -0.007 0"><span class='ocrx_word' id='word_1_748' title='bbox 2381 5248 2526 5281; x_wconf 85' lang='grc' dir='ltr'>σεται</span> <span class='ocrx_word' id='word_1_749' title='bbox 2559 5230 2624 5279; x_wconf 81' lang='grc' dir='ltr'>τὰ</span> <span class='ocrx_word' id='word_1_750' title='bbox 2652 5224 2817 5279; x_wconf 78' lang='grc' dir='ltr'>δεινά.</span> 
     </span>
    </p>
   </div>
   <div class='ocr_carea' id='block_1_112' title="bbox 2449 5306 3980 5390">
    <p class='ocr_par' dir='ltr' id='par_1_112' title="bbox 2449 5306 3980 5390">
     <span class='ocr_line' id='line_1_112' title="bbox 2449 5306 3980 5390; baseline -0.01 -19"><span class='ocrx_word' id='word_1_751' title='bbox 2449 5319 2738 5390; x_wconf 86' lang='grc' dir='ltr'>Θαυμάσαι</span> <span class='ocrx_word' id='word_1_752' title='bbox 2777 5312 2835 5368; x_wconf 75' lang='grc' dir='ltr'>ὃε</span> <span class='ocrx_word' id='word_1_753' title='bbox 2872 5317 3081 5373; x_wconf 80' lang='grc' dir='ltr'>τούτους</span> <span class='ocrx_word' id='word_1_754' title='bbox 3127 5312 3292 5379; x_wconf 81' lang='grc' dir='ltr'>ἄξιον,</span> <span class='ocrx_word' id='word_1_755' title='bbox 3318 5317 3426 5370; x_wconf 86' lang='grc' dir='ltr'>πῶς</span> <span class='ocrx_word' id='word_1_756' title='bbox 3477 5308 3545 5370; x_wconf 85' lang='grc' dir='ltr'><strong><em>εἰς</em></strong></span> <span class='ocrx_word' id='word_1_757' title='bbox 3577 5308 3860 5367; x_wconf 87' lang='grc' dir='ltr'>τοσούτους</span> <span class='ocrx_word' id='word_1_758' title='bbox 3889 5306 3980 5358; x_wconf 82' lang='lat' dir='ltr'><strong><em>xui</em></strong></span> 
     </span>
    </p>
   </div>
   <div class='ocr_carea' id='block_1_113' title="bbox 2377 5395 3985 5473">
    <p class='ocr_par' dir='ltr' id='par_1_113' title="bbox 2377 5395 3985 5473">
     <span class='ocr_line' id='line_1_113' title="bbox 2377 5395 3985 5473; baseline -0.011 -13"><span class='ocrx_word' id='word_1_759' title='bbox 2377 5413 2642 5470; x_wconf 89' lang='grc' dir='ltr'>τοιούτους</span> <span class='ocrx_word' id='word_1_760' title='bbox 2695 5401 2968 5464; x_wconf 76' lang='grc' dir='ltr'>κινδύνους</span> <span class='ocrx_word' id='word_1_761' title='bbox 3027 5399 3475 5473; x_wconf 81' lang='grc' dir='ltr'>ἀποστελλόμενοι,</span> <span class='ocrx_word' id='word_1_762' title='bbox 3531 5401 3621 5448; x_wconf 89' lang='grc' dir='ltr'>καὶ</span> <span class='ocrx_word' id='word_1_763' title='bbox 3666 5401 3838 5448; x_wconf 83' lang='grc' dir='ltr'>πᾶσαν</span> <span class='ocrx_word' id='word_1_764' title='bbox 3891 5395 3985 5464; x_wconf 72' lang='grc' dir='ltr'>μὲν</span> 
     </span>
    </p>
   </div>
   <div class='ocr_carea' id='block_1_114' title="bbox 2687 5577 3743 5655">
    <p class='ocr_par' dir='ltr' id='par_1_114' title="bbox 2687 5577 3743 5655">
     <span class='ocr_line' id='line_1_114' title="bbox 2687 5577 3743 5655; baseline -0.015 -9"><span class='ocrx_word' id='word_1_765' title='bbox 2687 5589 2886 5645; x_wconf 70' lang='lat' dir='ltr'><strong><em>z“Luc.</em></strong></span> <span class='ocrx_word' id='word_1_766' title='bbox 2913 5586 3002 5655; x_wconf 88' lang='lat'><strong><em>21,</em></strong></span> <span class='ocrx_word' id='word_1_767' title='bbox 3034 5587 3123 5642; x_wconf 80' lang='lat'><strong><em>15.</em></strong></span> <span class='ocrx_word' id='word_1_768' title='bbox 3246 5584 3291 5618; x_wconf 74' lang='grc'>³³</span> <span class='ocrx_word' id='word_1_769' title='bbox 3323 5578 3520 5637; x_wconf 85' lang='lat' dir='ltr'><strong><em>Matth.</em></strong></span> <span class='ocrx_word' id='word_1_770' title='bbox 3560 5591 3620 5646; x_wconf 83' lang='lat' dir='ltr'><strong><em>x,</em></strong></span> <span class='ocrx_word' id='word_1_771' title='bbox 3649 5577 3743 5632; x_wconf 88' lang='grc'><strong><em>18.</em></strong></span> 
     </span>
    </p>
   </div>
  </div>
