4206 6310
317 314 429 371 337

1308 320 1666 375 COMMENT.
1712 319 1783 375 IN
1823 319 2262 378 MATTH/EUM.
2302 351 2373 363 —
2415 320 2574 379 CAP.
2614 323 2679 379 X.

3563 328 3668 385 338

321 445 419 500 τὴν
453 441 750 513 οἰκουμένην
785 441 1030 515 πολεμίαν
1071 445 1211 515 ἔχειν
1264 443 1553 512 ἀκούοντες,
1617 446 1738 517 παρ’
1800 446 1906 505 ὄλητ

2026 447 2192 518 quod
2203 446 2550 504 universum
2563 447 2771 504 orbem
2788 448 3093 507 inimicum
3106 450 3413 519 baberent,
3430 454 3675 527 totaque

324 528 386 584 δὲ
420 532 756 602 πειράζεσθαι
793 535 887 588 τὴν
944 536 1101 599 ζωὴν,
1153 532 1245 584 οὐκ
1302 530 1615 599 ἐδειλίασαν,
1650 531 1763 587 οὐδ’
1796 535 1918 595 ἐζή-

321 640 491 678 τησαν
537 618 838 689 ἀπαλλαγὴν
901 629 997 671 τῶν
1040 617 1218 672 δεινῶν
1274 638 1287 686 ;
1334 622 1614 679 ’Υπήκουον
1678 626 1800 695 γὰρ,
1851 627 1919 686 ὡς

325 708 577 768 εὐπειθεῖς
616 717 688 778 τῷ
729 705 1059 780 διδασκάλῳ,
1116 715 1205 762 καὶ
1255 710 1501 785 ἐθάρρουν
1543 714 1606 771 ὡς
1636 718 1814 765 πιστοὶ
1851 722 1914 785 τῇ

1257 803 1626 871 Μεμαθηκότες
1697 798 1754 852 δὲ
1828 805 1916 852 καὶ

316 886 396 937 ὅτι
444 892 695 937 τοσοῦτον
757 886 973 957 ἰσχύσει
1021 891 1078 938 τὸ
1126 892 1373 960 κήρυγμα
1424 897 1518 950 τῆς
1562 894 1803 958 πίστεως,
1849 892 1917 951 ὡς

322 794 543 867 δυνάμει
597 805 689 848 τοῦ
761 796 1175 859 ἀποστέλλοντος.

313 969 572 1025 διαλύσαι
625 979 716 1026 καὶ
750 979 843 1032 τὴν
904 972 1259 1046 ἀδαμαντίνην
1302 982 1528 1049 στοργὴν
1554 987 1644 1038 τῆς
1691 980 1912 1050 φύσεως,

308 1068 404 1115 καὶ
486 1065 583 1123 τὰς
669 1068 884 1134 σχέσεις
962 1063 1208 1127 ἀλλήλαις
1272 1064 1646 1138 ἐκπολεμωσαι,

316 1151 763 1225 ἁνηρεθίσθησαν,
810 1157 898 1205 καὶ
956 1155 1286 1228 πυρωθέντες
1338 1154 1513 1207 λοιπὸν
1588 1163 1701 1216 ταῖς
1756 1155 1913 1228 ἀναμ-

1726 1067 1914 1140 μᾶλλον

319 1240 550 1312 φιϐολοις
600 1240 773 1293 ἐλπίσι
827 1248 917 1293 τοῦ
966 1244 1270 1315 κατορθοῦν,
1300 1241 1649 1309 ἀπεδύσαντο,
1707 1242 1916 1298 δώδεκα

319 1334 489 1400 μόνοι,
549 1334 672 1403 πρὸς
715 1330 924 1382 ἅπασαν
985 1335 1077 1389 τὴν
1137 1332 1458 1404 οἰκουμένην,
1512 1330 1649 1405 ᾗτινι
1702 1352 1912 1405 συμπα-

317 1420 590 1489 ρετάττετο
622 1419 731 1470 κατ’
767 1419 934 1471 αὐτῶν
970 1424 1059 1471 καὶ
1089 1422 1114 1471 6
1147 1418 1387 1482 διάϐολος
1440 1424 1567 1492 μετὰ
1621 1430 1720 1474 τῶν
1770 1421 1911 1475 ἀπεί-

315 1526 418 1581 ρων
477 1507 638 1558 αὐτοῦ
697 1504 977 1578 δαιμόνων,
1042 1514 1131 1559 καὶ
1185 1514 1530 1574 νενικήκασιν,
1583 1509 1675 1561 ούκ
1716 1509 1911 1563 ἀνελόν-

318 1614 400 1655 τες
486 1599 608 1656 τοὺς
678 1595 953 1661 ἐναντίους,
1033 1594 1159 1647 ἀλλὰ
1232 1598 1759 1670 μεταρρυθμίσαντες,
1823 1602 1911 1649 καὶ

320 1680 584 1755 δαιμόνων
624 1683 733 1755 (24)
781 1686 927 1745 ἴσους
956 1683 1213 1748 λαϐόντες,
1274 1684 1502 1758 ἀγγέλων
1554 1688 1706 1748 ἴσους
1734 1685 1909 1743 ἐποίη-

319 1791 437 1826 σαν.

393 1869 531 1913 Οταν
590 1857 647 1912 δί
702 1891 768 1900 —-
824 1861 999 1918 ἄλλην.
1052 1862 1218 1915 Εἰπὼν
1265 1864 1329 1914 τὰ
1385 1865 1512 1934 μετα
1567 1866 1658 1919 τὴν
1726 1861 1910 1920 ἀνάλη-

316 1950 410 2020 ψιν
464 1951 621 2002 αὐτοῦ
677 1949 1067 2022 συμϐησόμενα,
1124 1950 1275 2003 πάλιν
1308 1955 1473 2022 ἤγαγε
1515 1954 1601 2003 τὸν
1631 1951 1778 2022 λόγον
1828 1951 1910 2003 ἐπὶ

318 2043 387 2091 τὰ
434 2042 568 2114 πρὸύ
614 2046 705 2090 τοῦ
757 2046 1009 2112 σταυροῦ.
1070 2040 1270 2093 Κελεύει
1320 2038 1378 2092 δὲ
1427 2043 1647 2111 φεύγειν,
1698 2040 1803 2112 ούχ
1847 2043 1911 2100 ὡς

316 2126 541 2195 δειλούς,
587 2126 693 2179 ἀλλ’
739 2130 809 2188 ὡς
856 2124 1218 2200 διωκομένους.
1274 2128 1331 2180 Ὀ
1385 2124 1443 2181 δὲ
1483 2128 1731 2200 Θεολὸγος
1782 2136 1911 2201 Γρη-

309 2222 493 2288 γόριος
550 2216 838 2290 ἑρμηνεύων
880 2222 1031 2269 τοῦτό
1081 2237 1258 2289 φησιν,
1299 2219 1379 2269 ὅτι
1430 2215 1605 2289 φειδοῖ
1655 2226 1753 2270 τῶν
1782 2215 1909 2270 διω-

303 2310 503 2358 κόντων
557 2310 645 2358 καὶ
716 2313 817 2357 τῶν
880 2307 1283 2379 ἁσθενεστέρων³
1357 2311 1445 2357 καὶ
1519 2303 1643 2359 ούδέ
1705 2309 1910 2381 μακρὰν

307 2398 535 2466 φεύγειν,
593 2392 699 2445 ἀλλ’
752 2394 853 2446 ἀπὸ
899 2397 1094 2456 ταύτης
1156 2402 1246 2454 τῆς
1296 2394 1483 2454 πόλεως
1552 2394 1623 2455 εἰς
1694 2399 1904 2461 ἐκείνην,

313 2486 396 2534 ἶνα
430 2479 694 2555 μηδεμίαν
723 2482 1135 2555 παραλείψωσιν,
1204 2483 1270 2543 εἰς
1302 2482 1360 2541 ἣν
1396 2483 1489 2534 οὐκ
1541 2484 1654 2552 (25)
1710 2483 1910 2555 ἀφίξον-

313 2592 420 2625 ται.

388 2663 547 2732 Ἀμὴν
615 2692 684 2701 -——
763 2668 853 2713 τοῦ
935 2659 1224 2736 ἀνθρώπου.
1283 2660 1414 2721 Ἐως
1478 2659 1536 2711 ἂν
1602 2660 1721 2729 ἔλθη
1780 2664 1907 2735 πρὸς

308 2752 462 2823 ὑμᾶς.
520 2757 684 2803 Τοῦτο
726 2746 784 2802 δὲ
822 2752 945 2824 πρὸς
974 2749 1326 2821 ψυχαγωγίαν
1376 2753 1464 2801 καὶ
1512 2748 1764 2820 ἀνάψυξιν
1811 2750 1910 2801 αύ-

300 2849 401 2892 τῶν
462 2836 592 2908 εἷπε,
655 2837 899 2911 βεϐαιῶν,
978 2840 1058 2890 ὅτι
1117 2841 1297 2890 θᾶττον
1351 2840 1558 2898 τούτους
1614 2837 1904 2909 καταλάϐῃ,

306 2933 412 3003 πρὸ
494 2934 587 2978 τοῦ
656 2927 936 3000 περιελθεῖν
1006 2926 1190 2987 αύτούς
1231 2930 1405 2988 πάσας
1456 2929 1545 2986 τὰς
1590 2926 1756 2986 πόλεις
1806 2935 1906 2978 τῶν

309 3012 603 3081 Ἰουδαίων,
636 3019 817 3086 ἤγουν,
850 3018 950 3089 πρὸ
998 3022 1088 3067 τοῦ
1143 3011 1357 3067 διελθεῖν
1409 3015 1528 3072 ὅλην
1578 3019 1670 3073 τὴν
1717 3014 1907 3067 Παλαι-

310 3109 513 3161 στίνην.
554 3103 734 3178 Ἤρκει
786 3106 910 3177 γὰρ,
944 3109 1032 3155 καὶ
1066 3108 1216 3175 μόνον
1257 3103 1516 3174 ἐπιφανεὶς
1569 3103 1746 3165 αύτοῐς
1791 3102 1904 3155 ἀντὶ

308 3196 483 3253 πάσης
509 3193 899 3266 παρακλήσεως,
932 3193 1090 3253 οὕτως
1117 3191 1485 3263 ἐλαυνομένοις,
1514 3192 1538 3243 ὃ
1575 3189 1641 3251 δὴ
1668 3197 1777 3244 τότε
1814 3197 1901 3242 καὶ

312 3286 609 3349 πεποίηκεν,
641 3283 708 3342 ὡς
752 3282 1035 3353 ὑπέσχετο.
1066 3284 1208 3334 Ἐπεὶ
1239 3277 1296 3332 δὲ
1342 3285 1430 3333 καὶ
1474 3279 1902 3353 βλασφημείσθαι

310 3373 454 3443 παρὰ
482 3378 579 3421 τῶν
612 3366 906 3421 διωκόντων
935 3369 1157 3441 ἔμελλἰν,
1187 3369 1276 3421 καὶ
1304 3365 1396 3421 διὰ
1420 3378 1570 3421 τοῦτο
1596 3366 1897 3437 δάκνεσθαι,

309 3460 689 3530 παραμυθεῖται
720 3463 809 3510 καὶ
838 3466 991 3511 τοῦτο
1018 3462 1074 3511 τὸ
1114 3462 1288 3530 μέρος,
1320 3457 1421 3509 ἀπὸ
1461 3466 1547 3510 τοῦ
1574 3460 1691 3510 καθ’
1723 3458 1900 3511 ἑαυτὸν

308 3544 711 3619 ύποδείγματος,
748 3547 919 3600 εἰπών·

380 3728 492 3782 Ούκ
538 3758 606 3768 —
652 3730 737 3779 τὸν
784 3730 960 3800 κύριον
1019 3726 1197 3780 αὐτοῦ.
1268 3726 1554 3798 Ἀπόφασιν
1619 3727 1707 3797 μὲν
1768 3726 1901 3797 λέγει

308 3822 486 3874 κοινὴν
539 3821 629 3868 καὶ
680 3822 808 3868 πᾶσι
860 3821 1137 3889 γνώριμον,
1204 3815 1561 3889 προσαρμόζει
1630 3812 1688 3866 δὲ
1734 3834 1897 3886 ταύτῃ

310 3910 375 3957 τὰ
431 3904 545 3956 καθ’
607 3904 803 3970 ἑαυτὸν,
851 3906 932 3956 ἵνα
993 3900 1183 3976 μηδεὶς
1240 3902 1515 3974 ἀντιλέγειν
1576 3906 1712 3974 ἔχοι.
1792 3904 1901 3955 Ούκ

308 3998 448 4047 ἔστιν
501 3998 673 4062 ὅντως,
741 3998 856 4045 οὔτε
934 3995 1171 4065 μαθητὴς
1252 3997 1493 4066 κρείττων
1563 4000 1654 4045 τοῦ
1710 3993 1898 4045 οἰκείου

310 4080 658 4148 διδασκάλου,
689 4087 805 4135 οὔτε
853 4080 1039 4144 δοῦλος
1078 4086 1317 4157 κρείττων
1370 4089 1460 4133 τού
1499 4086 1680 4156 κυρίου
1717 4083 1896 4147 αὑτοῦ,

306 4176 398 4235 ἕως
448 4174 507 4224 ἄν
534 4174 559 4224 ό
611 4176 701 4244 μὲν
736 4176 811 4229 ε’ίη
844 4174 1100 4243 μαθητὴς,
1130 4173 1153 4221 ό
1187 4167 1246 4223 δὲ
1285 4167 1493 4231 δοῦλος.
1522 4178 1730 4243 Ὕφεσις
1776 4171 1896 4243 (26)

302 4266 398 4335 γάρ
428 4262 540 4314 ἐστι
577 4265 752 4313 καὶτὸ
813 4258 1168 4314 διδάσκεσθαι
1219 4264 1306 4312 καὶ
1367 4263 1423 4311 τὸ
1482 4256 1760 4322 δουλεύειν,
1809 4265 1898 4312 καὶ

300 4352 415 4404 κατ’
472 4351 598 4403 αὐτὸ
646 4358 799 4402 τοῦτο
855 4352 1056 4411 παντως
1109 4350 1223 4419 (27)
1278 4348 1648 4407 ύποϐεϐἠκασι·
1704 4352 1896 4402 Λοιπὸν

297 4437 384 4493 οὖν
418 4437 533 4492 οὐδ’
559 4442 705 4512 ὑμεῖς
736 4439 848 4491 ἐστε
878 4440 1002 4511 ὑπὲρ
1035 4437 1138 4512 ἐμὲ,
1163 4442 1249 4490 τὸν
1283 4434 1608 4490 διδάσκαλον
1638 4440 1779 4509 ὑμῶν
1810 4444 1897 4491 καὶ

298 4534 510 4605 Κύριον.

363 4621 610 4693 Ἀρκετὸν
634 4648 702 4656 —
723 4618 747 4668 6
767 4613 1092 4677 διδασκαλος
1120 4617 1298 4670 αὐτοῦ.
1320 4618 1494 4689 Ἀρκεῖ
1510 4623 1619 4676 τοῖς
1635 4618 1898 4687 μαθηταῖς

292 4710 414 4779 ύμῖν
446 4707 516 4767 εἰς
564 4708 921 4779 παραμυθίαν,
956 4706 1038 4757 ἶνα
1068 4707 1284 4776 γένησθε
1317 4703 1797 4777 βλασφημούμενοι,
1830 4706 1897 4763 ὡς

298 4794 396 4865 ἐγὼ
429 4797 453 4845 6
489 4792 814 4856 διδάσκαλος
847 4796 1010 4865 ὑμῶν,
1041 4799 1131 4846 καὶ
1166 4797 1301 4866 μέγα
1330 4795 1450 4865 ύμῖν
1488 4795 1568 4860 τὸ,
1605 4796 1693 4843 καὶ
1721 4790 1767 4842 ἐν
1796 4798 1897 4851 τοῖς

300 4886 549 4943 τοιούτοις
591 4882 905 4944 ἑξισωθῆναί
934 4902 1067 4954 μοι.,⁸

376 4977 470 5024 Καί
501 4973 526 5022 ὁ
567 4968 748 5031 δοῦλος
778 5002 846 5011 -
876 4971 1056 5025 αὐτοῦ.
1097 4970 1395 5024 Ἐλκυστέον
1421 4974 1509 5021 καὶ
1541 4968 1623 5021 ἐπὶ
1654 4972 1710 5020 τὸ
1740 4969 1896 5042 ῥητὸν

304 5066 450 5112 τοῦτο
470 5059 624 5112 πάλιν
654 5062 734 5129 τὸ,
775 5059 1006 5135 ἀρκετὸν,
1046 5062 1133 5111 ἶνα
1165 5063 1397 5131 γένηται.

372 5151 431 5201 Εἰ
486 5180 555 5190 —
620 5149 911 5212 οἰκειακοὺς
973 5148 1151 5203 αὐτοῦ.
1238 5147 1537 5209 Βεελξεϐούλ
1607 5146 1894 5219 ὠνόμαζον,

2026 537 2145 592 vita
2170 552 2279 592 sua
2306 540 2671 592 tentarentur
2703 554 2716 591 :
2743 553 2866 593 non
2893 539 3293 597 detrectarunt
3318 541 3672 614 periculum,

2024 640 2215 695 neque
2246 625 2649 681 liberationem
2676 642 2711 681 a
2738 626 2908 682 malis
2930 635 3348 700 poposcerunt.
3379 631 3676 688 Parebant

2027 714 2184 767 enim
2212 717 2493 781 tanquam
2524 713 2801 783 morigeri
2828 718 3114 787 magistro
3143 732 3155 771 :
3184 720 3241 773 et
3269 719 3672 791 conﬁdebant,

2027 806 2228 873 utpote
2257 802 2482 872 ﬁdeles,
2517 802 2591 857 de
2624 804 2891 873 potentia
2920 806 3260 862 emittentis.
3294 807 3441 863 Cum
3472 813 3675 866 autem

2024 890 2387 955 didicissent,
2418 890 2581 962 quod
2613 895 2839 947 tantam
2878 892 3125 950 haberet
3160 894 3300 951 ﬁdei
3330 897 3673 968 praedicatio

2024 977 2453 1045 fortitudinem,
2514 983 2574 1035 ut
2629 979 3089 1037 adamantinum
3145 998 3387 1057 quoque
3443 991 3673 1043 natura

2024 1083 2293 1123 amorem
2340 1067 2708 1133 dissolveret,
2758 1069 2939 1125 variis
2990 1069 3301 1128 affectibus
3350 1089 3415 1129 se
3463 1078 3672 1130 mutuo

2023 1155 2413 1225 vincentibus,
2432 1156 2621 1225 magis
2638 1156 2860 1214 incitati
2877 1161 3036 1223 sunt,
3061 1158 3400 1232 additisque
3420 1161 3672 1227 viribus,

2021 1244 2349 1299 indubitata
2380 1259 2486 1315 spe
2525 1244 2806 1317 deinceps
2844 1247 3083 1317 egregia
3118 1263 3301 1319 opera
3330 1248 3672 1317 exhibendi,

2022 1330 2129 1387 soli
2174 1332 2493 1387 duodecim
2536 1333 2803 1403 aggressi
2848 1338 2986 1389 sunt
3028 1335 3236 1390 orbem
3281 1337 3669 1394 universum:

2022 1434 2156 1474 cum
2185 1434 2309 1489 quo
2335 1419 2623 1474 adversus
2649 1420 2780 1476 illos
2813 1436 2875 1475 se
2903 1421 3182 1478 diabolus
3207 1424 3511 1495 opposuit,
3537 1424 3675 1495 jun-

2020 1506 2127 1562 ctis
2157 1521 2358 1561 secum
2391 1507 2717 1563 innumeris
2746 1508 3081 1564 daemoniis.
3123 1509 3204 1565 [lli
3233 1527 3375 1568 vero
3404 1512 3673 1569 obtinue-

2020 1599 2156 1650 runt
2184 1594 2508 1660 victoriam,
2543 1610 2665 1652 non
2692 1596 3108 1654 interﬁcientes
3142 1600 3532 1663 adversarios.
3568 1602 3674 1658 sed

2022 1682 2134 1739 sibi
2165 1686 2665 1740 connumerantes
2692 1702 2705 1738 :
2740 1689 2797 1740 et
2818 1700 2973 1757 quos
2999 1686 3379 1744 daemonibus
3410 1689 3675 1761 aequales

1945 1793 1987 1848 Β
2019 1777 2396 1843 acceperunt,
2430 1773 2656 1842 angelis
2692 1774 2913 1830 similes
2942 1776 3348 1833 reddiderunt.

1929 4493 1973 4546 D

2091 1863 2245 1915 Vers.
2288 1865 2375 1917 23.
2419 1860 2557 1915 Cum
2591 1867 2784 1919 autem
2813 1894 2879 1903 -
2910 1864 3116 1920 aliam.
3164 1869 3487 1938 Postquam
3524 1866 3675 1923 dixit

2018 1964 2153 2022 quas
2184 1953 2323 2021 post
2351 1950 2763 2006 ascensionem
2805 1966 2980 2007 suam
3020 1956 3189 2008 erant
3218 1958 3523 2021 eventura,
3556 1970 3674 2011 ser-

2020 2052 2261 2093 monem
2307 2038 2386 2093 ad
2430 2053 2501 2094 ea
2538 2038 2788 2103 reduxit,
2832 2054 2968 2111 qua:
3016 2044 3151 2097 ante
3194 2056 3433 2097 crucem
3474 2042 3675 2100 futura

2019 2130 2204 2181 erant.
2237 2125 2408 2181 Jubet
2438 2129 2637 2182 autem
2668 2126 2893 2196 fugere,
2936 2141 3061 2184 non
3090 2131 3379 2201 tanquam
3407 2129 3671 2196 timidos,

2020 2214 2125 2270 sed
2148 2218 2436 2286 tanquam
2461 2230 2563 2271 eos
2587 2215 2693 2286 qui
2712 2215 3106 2288 expelluntur.
3134 2218 3351 2273 Verum
3373 2218 3524 2275 sicut
3544 2220 3676 2275 Gre-

2020 2304 2226 2373 gorius
2247 2303 2578 2374 Theologus
2594 2303 3033 2376 interpretatur,
3060 2304 3233 2375 jubet
3263 2308 3326 2360 ut
3345 2306 3675 2363 miserean-

2020 2396 2113 2446 tur
2142 2391 2625 2462 persequentium
2652 2395 2709 2447 et
2732 2391 3207 2458 imbecilliorum,
3240 2408 3351 2449 nec
3380 2393 3558 2464 longe
3584 2395 3671 2450 fu-

2019 2479 2201 2550 giant,
2234 2479 2336 2535 sed
2358 2479 2436 2536 ab
2456 2479 2570 2535 hac
2592 2479 2822 2536 civitate
2842 2480 2902 2535 in
2921 2480 3108 2550 illam,
3131 2496 3207 2538 ne
3227 2482 3412 2538 ullam
3439 2485 3672 2555 prater-

2018 2572 2176 2635 eant,
2210 2568 2287 2624 ad
2320 2584 2505 2640 quam
2542 2583 2660 2625 non
2690 2568 3061 2640 perveniant.

2089 2658 2248 2713 Vers.
2270 2658 2355 2711 23.
2376 2657 2565 2714 Amen
2578 2688 2645 2697 —
2663 2656 3369 2731 hominis—Priusquam
3388 2660 3583 2716 veniat
3599 2660 3674 2717 ad

2018 2761 2139 2803 vos.
2168 2747 2290 2801 Hoc
2321 2750 2521 2802 autem
2553 2745 2628 2802 ad
2670 2746 2947 2802 solatium
2980 2752 3035 2803 et
3064 2747 3434 2818 refrigerium
3464 2763 3674 2805 eorum

2017 2835 2186 2891 dixit.
2216 2835 2603 2899 conﬁrmans,
2627 2834 2793 2899 quod
2819 2835 2988 2891 citius
3014 2851 3115 2892 eos
3140 2839 3293 2891 esset
3316 2836 3428 2891 sibi
3454 2836 3678 2907 adjun~

2018 2927 2240 2988 cturus,
2273 2938 2459 2995 quam
2502 2922 2614 2994 ipsi
2654 2938 2862 2978 omnes
2899 2923 3239 2979 Iudaeorum
3271 2924 3540 2982 civitates
3566 2924 3676 2980 cir-

2016 3012 2323 3082 cumirent,
2350 3012 2471 3067 sive
2489 3015 2813 3083 antequam
2834 3011 2910 3067 ad
2935 3012 3275 3068 universam
3297 3012 3673 3071 Palaestinam

2014 3101 2382 3157 accederent.
2404 3099 2744 3157 Sutﬁciebat
2761 3100 2921 3156 enim
2940 3115 3045 3171 pro
3061 3101 3226 3156 omni
3244 3101 3669 3170 consolatione,

2016 3193 2078 3245 ut
2106 3189 2216 3243 illis
2248 3189 2399 3245 adeo
2428 3189 2737 3258 exagitatis
2769 3194 3084 3261 appareret
3111 3205 3125 3244 :
3153 3188 3321 3262 quod
3352 3204 3497 3245 sane
3528 3194 3671 3246 tunc

2013 3278 2193 3335 etiam
2216 3277 2370 3343 fecit,
2391 3278 2541 3333 sicut
2556 3277 2845 3348 promisit.
2868 3277 3018 3342 Quia
3038 3281 3238 3333 autem
3260 3276 3527 3332 futurum
3546 3281 3673 3334 erat

2014 3371 2077 3422 ut
2106 3368 2183 3422 ab
2206 3366 2300 3422 his
2323 3367 2427 3437 qui
2459 3381 2520 3421 se
2550 3368 3069 3437 persequerentur,
3094 3364 3462 3421 calumniam
3489 3366 3670 3421 susti-

2012 3459 2237 3524 nerent,
2282 3459 2339 3511 et
2370 3454 2503 3511 ideo
2541 3453 2787 3510 moleste
2820 3453 3079 3511 ferrent:
3120 3468 3301 3525 super
3338 3453 3451 3510 hoc
3490 3454 3672 3510 etiam

2012 3545 2479 3601 consolationem
2505 3543 2693 3608 affert,
2715 3544 2932 3616 partim
2956 3560 2992 3600 a
3011 3543 3255 3617 proprio
3286 3543 3583 3617 exemplo,
3614 3550 3672 3600 et

2012 3634 2090 3691 ab
2119 3634 2212 3690 his
2242 3650 2375 3706 quae
2403 3633 2515 3690 sibi
2546 3632 2659 3705 ipsi
2684 3632 3059 3700 accidebant,
3094 3632 3300 3690 dicens
3334 3650 3349 3688 ι

2084 3724 2245 3779 Vers.
2285 3726 2374 3779 24.
2412 3724 2551 3779 Νοη
2587 3753 2657 3762 -
2695 3722 3000 3778 dominum
3040 3738 3236 3778 suum.
3268 3721 3666 3779 Communem

2010 3812 2234 3885 profert
2263 3812 2636 3878 sententiam,
2664 3826 2924 3883 quisque
2961 3811 3240 3866 omnibus
3270 3815 3412 3867 nota
3440 3815 3527 3866 est
3562 3833 3574 3864 :
3606 3813 3667 3867 et

2010 3902 2150 3957 huic
2180 3902 2449 3972 adaptat,
2476 3915 2610 3971 quae
2632 3898 2791 3954 circa
2825 3913 2888 3953 se
2914 3898 3282 3965 accidunt,ut
3315 3897 3513 3954 nullus
3533 3914 3671 3970 pos-

2011 3991 2085 4045 sit
2134 3987 2556 4045 contradicere.
2604 3989 2745 4043 Vere
2787 3986 2949 4043 enim
2990 3987 3072 4043 ita
3115 3991 3217 4051 est,
3267 3987 3433 4059 quod
3470 4001 3668 4059 neque

2010 4077 2342 4149 discipulus
2368 4092 2477 4131 suo
2500 4075 2784 4145 magistro
2804 4075 3180 4147 priestantior
3200 4079 3305 4141 est,
3327 4090 3523 4147 neque
3549 4091 3669 4132 ser-

2009 4183 2120 4221 vus
2145 4181 2254 4221 suo
2279 4164 2525 4219 domino
2557 4180 2568 4218 :
2597 4163 2745 4218 dum
2774 4162 2869 4218 ille
2894 4162 3229 4235 discipulus
3254 4162 3448 4227 fuerit,
3477 4166 3534 4219 et
3556 4164 3667 4220 iste

2010 4271 2235 4311 servus.
2255 4254 2402 4309 Nam
2419 4252 2707 4321 subjectio
2719 4252 3001 4323 quaedam
3014 4256 3102 4307 est
3118 4251 3316 4308 doceri
3332 4267 3402 4307 ac
3420 4251 3666 4316 servire,

2009 4341 2744 4412 etsecundumhocipsum
2758 4341 3005 4396 omnino
3018 4340 3269 4411 subjecti
3283 4344 3441 4396 sunt.
3458 4340 3667 4412 Itaque

1990 4484 1993 4487 .
2010 4448 2202 4505 neque
2217 4447 2321 4487 vos
2335 4446 2517 4502 supra
2529 4445 2625 4485 me
2638 4429 2945 4495 estis,cum
2960 4428 3073 4485 sim
3085 4430 3372 4499 magister
3385 4444 3454 4485 ac
3468 4428 3665 4485 Domi-

2008 4537 2123 4577 nus
2173 4523 2382 4575 vester.

2077 4611 2239 4665 Vers.
2272 4612 2360 4665 25.
2394 4607 2624 4678 Sufﬁcit
2654 4637 2721 4648 —
2750 4605 3034 4676 magister
3066 4619 3228 4660 suus.
3270 4604 3421 4660 Satis
3449 4606 3535 4660 est
3561 4619 3663 4660 vo-

2007 4700 2099 4755 bis
2125 4697 2428 4769 discipulis
2451 4696 2527 4751 ad
2554 4694 3043 4757 consolationem,
3069 4696 3132 4747 ut
3154 4691 3515 4747 contumelia
3536 4691 3664 4747 afﬁ-

2008 4787 2270 4852 ciamini,
2291 4786 2442 4840 sicut
2458 4788 2514 4839 et
2530 4798 2662 4853 ego,
2677 4780 2779 4853 qui
2798 4797 2934 4835 sum
2951 4780 3221 4849 Magister
3235 4785 3428 4834 vester
3448 4794 3461 4832 :
3478 4778 3660 4849 idque

2008 4891 2298 4945 magnum
2325 4877 2431 4940 est,
2460 4876 2523 4927 ut
2548 4870 2726 4927 etiam
2751 4869 2811 4925 in
2840 4867 3057 4925 talibus
3084 4866 3231 4924 mihi
3256 4865 3479 4922 similes
3508 4865 3659 4923 sitis.

2078 4968 2235 5020 Vers.
2270 4966 2357 5019 25.
2390 4963 2470 5019 Et
2499 4975 2703 5018 servus
2743 4989 2813 5000 —
2851 4974 3010 5015 suus.
3044 4960 3299 5013 Rursum
3330 4955 3507 5012 etiam
3536 4954 3657 5012 huc

2005 5052 2365 5110 trahendum
2392 5055 2498 5116 est,
2526 5048 2691 5122 quod
2721 5047 2867 5105 dixit
2899 5065 2912 5106 :
2946 5044 3187 5117 Sufﬁcit
3218 5050 3285 5101 ut
3311 5045 3444 5113 ﬁat.

2078 5144 2239 5198 Vers.
2269 5145 2359 5197 25.
2390 5141 2461 5197 Si
2486 5170 2555 5180 —
2582 5135 2929 5195 domesticos
2958 5137 3085 5208 ejus
3102 5133 3131 5191 7
3150 5133 3452 5192 Beelzebul
3469 5133 3658 5192 nomi-

1517 5324 1743 5396 Variae
1781 5323 2112 5393 lectiones
2153 5329 2219 5388 et
2259 5327 2437 5387 notae

528 5526 792 5610 iiisnergo
823 5527 934 5610 ζςος
964 5540 1099 5580 cum
1140 5524 1415 5595 genitivo.

397 5524 464 5578 24
528 5526 618 5580 Bis
647 5540 792 5595 ergo
823 5527 934 5584 ἶσος
964 5540 1056 5580 cui

370 5524 486 5669 (25)
524 5597 712 5653 Malim
750 5595 1056 5668 ἀφίξωνται.

2080 5518 2190 5588 (26)
2218 5521 2258 5573 Ι.
2294 5532 2345 5572 e.
2380 5515 2681 5588 ἐλάττωσις,

2080 5522 2167 5588 (26
2218 5521 2258 5573 Ι.
2294 5532 2345 5572 e.
2380 5518 2681 5575 ἐλάττωσις,

2078 5518 2192 5662 (27)
2231 5587 2641 5646 ύποϐεϐλήκασι.
2679 5585 2739 5640 Β.
