4206 6310
565 301 672 360 339

1881 297 2233 354 EUTHYMII
2275 295 2605 353 ZIGABENI

3883 290 4013 349 340

565 429 798 486 nabant
820 426 1151 500 principem
1177 424 1634 481 daemoniorum.
1661 423 1729 480 Et
1751 423 1884 480 licet
1907 423 2216 480 manifeste

2336 425 2413 474 τόν
2461 424 2698 496 ἄρχοντα
2725 428 2824 473 τῶν
2852 417 3153 492 δαιμονίων.
3182 419 3243 474 Εἰ
3274 417 3333 473 δε
3379 425 3466 473 καὶ
3498 429 3753 494 φανερῶς
3787 419 3869 472 οὐ
3909 425 4009 491 γέ-

570 520 852 589 acriptum
882 531 1000 572 non
1033 516 1107 570 sit
1134 518 1414 570 vocatum
1441 529 1568 569 esse
1600 512 1889 568 Christum
1917 512 2220 568 Beelzebul

567 621 604 664 a
634 606 878 670 Iudaeis,
911 603 1225 660 verisimile
1266 609 1466 658 tamen
1509 607 1616 672 est,
1656 606 1710 657 et
1738 602 1853 658 hoc
1882 602 2218 658 convicium

565 695 854 752 adversus
881 694 1047 749 illum
1070 694 1360 763 jactatum
1385 707 1532 746 esse.
1561 690 1664 746 Vel
1690 691 1866 746 etiam
1894 690 2010 746 alio
2036 689 2219 745 modo

563 789 848 841 vocatum
878 797 1006 838 esse
1037 781 1179 836 dicit
1215 779 1537 843 Beelzebul,
1579 779 1722 850 quia
1759 778 2022 834 amicum
2067 777 2219 833 illius

565 873 867 929 vocabant
879 886 1037 936 eum,
1055 869 1316 924 dicentes
1338 870 1481 923 :Hic
1495 884 1611 922 non
1626 869 1782 937 ejicit
1797 867 2092 924 daemonia
2104 866 2220 922 nisi

565 976 667 1033 per
691 959 998 1016 Beelzebul
1022 957 1354 1028 principem
1377 955 1800 1012 dremoniorum
1819 959 1888 1022 ³³,
1909 959 1972 1011 ut
1995 955 2054 1010 in
2082 971 2218 1026 pro-

566 1064 740 1105 cessu
768 1047 1168 1102 inveniemus.
1203 1045 1378 1117 Atqui
1403 1045 1590 1100 multa
1611 1059 1852 1116 quoque
1879 1044 1996 1100 alia
2023 1043 2220 1098 convi-

567 1136 658 1193 cia
683 1135 994 1207 jactabant
1021 1135 1083 1189 in
1114 1149 1252 1189 eum
1286 1150 1297 1188 :
1330 1149 1541 1188 verum
1569 1132 1684 1188 hoc
1715 1132 1909 1188 solum
1941 1132 2222 1204 apposuit

564 1230 853 1298 tanquam
888 1227 1160 1281 omnium
1192 1223 1542 1296 pessimum.

574 1317 581 1352 ῖ
636 1317 795 1370 Vers.
830 1313 963 1385 (26).
1001 1314 1090 1370 Ne
1121 1342 1188 1354 —
1219 1312 1375 1368 illos.
1413 1309 1824 1368 Conviciantes
1852 1309 2124 1366 videlicet
2151 1325 2221 1366 ac

563 1403 909 1460 mordentes
933 1401 1083 1474 (yy).

637 1494 801 1547 Vers.
816 1495 905 1546 26.
919 1487 1781 1546 Nihil—sciatur.Universalis
1796 1486 2019 1558 quidem
2034 1502 2221 1544 sermo

562 1579 792 1637 videtur
807 1595 820 1645 ;
836 1582 924 1634 est
938 1580 1138 1634 tamen
1151 1575 1579 1647 etproprius,de
1593 1575 1804 1630 virtute
1817 1575 1977 1630 enim
1991 1580 2224 1646 aposto-

562 1669 761 1726 lorum
780 1666 1061 1738 loquitur,
1080 1665 1245 1738 quod
1262 1665 1418 1720 hanc
1436 1664 1804 1735 impossibile
1823 1665 1892 1719 sit
1911 1665 2218 1731 abscondi,

2325 531 2574 584 γραπται,
2627 510 2881 568 κληθῆναι
2924 509 3224 570 Βεελζεϐοὐλ
3270 512 3355 561 τόν
3403 513 3633 583 Χριστόν
3688 511 3832 560 ὑπὸ
3886 516 4006 560 τῶν

2327 597 2616 666 Ἰουδαίων,
2683 598 2790 650 ἀλλ’
2842 599 2994 665 εἰκός,
3076 603 3166 650 καὶ
3239 605 3390 650 τοῦτο
3471 597 4006 671 βλασφημηθῆναι

2325 690 2440 740 κατ’
2473 688 2650 750 αὐτοῦ,
2684 688 2713 746 ἦ
2748 692 2835 739 καὶ
2876 687 3053 761 ἑτέρως
3099 686 3354 744 κληθῆναι
3382 694 3536 740 τοῦτο
3585 687 3769 758 λέγει,
3826 682 4004 739 διότι

3787 775 4000 837 Οὗτος

2326 867 2420 920 οὐκ
2471 864 2700 918 ἐκϐάλλει
2763 869 2828 917 τα
2911 862 3178 937 δαιμόνια,
3245 864 3288 917 εἰ
3352 869 3424 936 μὴ
3486 863 3534 916 ἐν
3592 873 3664 935 τῷ
3733 864 3996 926 Balte-

2328 955 2470 1024 ϐοὺλ,
2504 957 2727 1029 ἄρχοντι
2763 962 2863 1006 τῶν
2922 951 3218 1026 δοιμονίων,
3275 956 3344 1014 ὡς
3380 958 3644 1026 προίόντες
3705 955 3870 1025 εὑρή
3887 971 3996 1005 σο-

2327 1063 2437 1114 μεν.
2495 1048 2595 1096 Καὶ
2637 1047 2738 1114 μὴν
2788 1041 2896 1113 (28)
2928 1042 3088 1094 πολλὰ
3137 1045 3223 1092 καὶ
3253 1041 3382 1093 ἄλλα
3419 1041 3994 1114 κατεϐλασφήμησαν

2329 777 2470 849 φίλον
2528 776 2685 829 αὐτοὺ
2748 784 2928 829 τοῦτον
2976 775 3206 841 ἐκάλουν,
3269 775 3520 847 λέγοντες,
3593 777 3674 828 ὅτι

2329 1132 2506 1186 αὑτοῦ.
2571 1138 2734 1185 Τοῦτο
2784 1127 2845 1183 δέ
2903 1135 3055 1202 μόνον
3106 1132 3298 1184 τέθεικε
3334 1138 3444 1199 νῦν,
3497 1133 3566 1193 ὡς
3606 1138 3819 1202 χεῖρον
3871 1138 3989 1182 τῶν

2327 1220 2490 1273 ἄλλων
2503 1263 2515 1275 .

2398 1313 2484 1368 Μὴ
2538 1339 2608 1350 -
2651 1308 2855 1370 αὐτοῦς.
2921 1305 3302 1380 Λοιδοροῦντας
3365 1312 3454 1362 καὶ
3507 1305 3984 1381 διακωμῳδοῦν-

2329 1417 2440 1460 τας.

2401 1482 2569 1538 Οὐδὲν
2623 1516 2693 1526 -
2747 1487 3128 1558 γνωσθήσεται.
3199 1491 3346 1538 Δοκεῖ
3418 1488 3508 1558 μὲν
3573 1485 3891 1547 καθολικός
3948 1487 3978 1538 ὁ

2329 1575 2496 1647 λόγος,
2535 1576 2648 1626 ἔστι
2706 1571 2764 1627 δὲ
2819 1571 3010 1636 ἰδίκός.
3075 1581 3197 1647 Περὶ
3254 1582 3344 1634 τῆς
3402 1573 3586 1649 ἀρετῆς
3642 1577 3754 1647 γὰρ
3817 1574 3981 1643 λέγει

2329 1671 2429 1714 τῶν
2478 1661 2798 1730 ἀποστόλων,
2852 1665 2933 1715 ὅτι
2993 1659 3250 1716 ἀδύνατον
3302 1662 3558 1736 κρυϐῆναι
3615 1665 3860 1722 ταύτην,
3906 1663 3977 1716 Ei

561 1771 911 1829 quanquam
944 1754 1104 1809 enim
1135 1768 1296 1808 nunc
1339 1753 1694 1809 abscondita
1736 1753 1826 1818 sit,
1863 1757 1918 1808 et
1948 1753 2082 1808 ideo
2110 1769 2220 1809 vos

2336 1755 2430 1824 γὰρ
2475 1756 2563 1803 καὶ
2599 1759 2686 1802 νῦν
2734 1751 3070 1819 κεκάλυπται,
3104 1756 3194 1804 καὶ
3255 1748 3348 1804 διὰ
3401 1759 3553 1804 τοῦτο
3595 1748 3973 1825 λοιδοροῦσιν

562 1845 662 1916 obj
674 1847 889 1912 urgant
913 1858 924 1897 :
955 1859 1061 1897 suo
1084 1846 1284 1897 tamen
1307 1846 1573 1912 tempore
1594 1842 1916 1910 detegetur.
1942 1841 2058 1896 Etsi
2080 1857 2222 1912 ergo

563 1947 725 1988 nunc
737 1932 813 1986 ab
827 1929 1112 1985 omnibus
1128 1929 1483 1998 arguamini,
1500 1944 1572 1983 ne
1587 1929 1683 1983 tim
1698 1929 1896 1984 ueritis
1911 1933 2105 1986 tamen
2120 1946 2222 1986 eos

564 2021 667 2093 qui
697 2019 1083 2087 redarguunt,
1117 2018 1220 2072 sed
1251 2017 1384 2071 illos
1417 2018 1613 2088 potius
1643 2023 1994 2089 exspectate,
2027 2019 2129 2090 qui
2162 2020 2220 2074 in

563 2112 872 2180 posterum
901 2112 1038 2162 sunt
1067 2105 1399 2171 laudaturi;
1434 2122 1627 2178 neque
1657 2108 1973 2178 praesentia
1998 2109 2220 2162 contri-

566 2200 745 2262 stant,
771 2196 878 2251 sed
899 2195 1096 2250 futura
1115 2195 1313 2266 potius
1338 2196 1413 2250 ad
1437 2195 1862 2251 conﬁdendum
1887 2196 2216 2252 adducant.

636 2287 799 2341 Vers.
839 2289 927 2339 27.
972 2285 1109 2351 Qum
1147 2314 1215 2326 —
1257 2285 1442 2340 tectis.
1482 2287 1800 2357 Postquam
1840 2286 1951 2340 hos
1991 2285 2222 2341 tristitia

562 2374 844 2435 liberavit,
879 2389 1015 2445 quae
1046 2377 1289 2445 propter
1321 2373 1588 2429 convicia
1623 2377 1921 2441 causatur,
1954 2389 2113 2428 nunc
2145 2373 2220 2429 de

563 2463 990 2537 prtedicatione
1020 2462 1280 2518 disserit.
1325 2462 1499 2535 Atqui
1537 2478 1734 2533 neque
1767 2463 2022 2518 tenebrae
2051 2467 2221 2519 erant

562 2552 809 2626 quando
837 2552 966 2607 haec
992 2551 1248 2618 dicebat,
1276 2567 1471 2624 neque
1499 2551 1562 2606 in
1591 2566 1797 2606 aurem
1825 2552 1909 2607 eis
1934 2551 2222 2623 loqueba-

562 2645 679 2698 tur.
712 2640 825 2697 Sed
850 2640 987 2712 quia
1013 2640 1289 2711 privatim
1317 2641 1446 2695 htec
1472 2645 1527 2695 et
1552 2655 1674 2695 non
1700 2639 1932 2711 publice
1963 2640 2218 2705 dicebat,

563 2733 622 2786 et
643 2728 779 2784 solis
801 2729 904 2794 eis,
927 2743 1051 2784 non
1073 2728 1377 2793 omnibus,
1403 2728 1538 2783 ideo
1560 2728 1639 2783 ait
1665 2745 1676 2783 ε
1703 2727 1872 2792 Quod
1891 2727 2024 2783 dico
2046 2727 2221 2784 vobis

565 2817 866 2892 privatim,
920 2817 1094 2872 dicite
1148 2815 1386 2887 publice
1437 2832 1448 2871 :
1505 2820 1560 2872 et
1611 2816 1774 2888 quod
1820 2816 1928 2870 soli
1979 2817 2218 2885 auditis,

563 2905 884 2980 praedicate
927 2903 1228 2959 omnibus.
1271 2904 1330 2957 In
1374 2903 1632 2959 tenebris
1675 2919 1818 2974 ergo
1860 2904 2216 2970 nominavit,

563 2994 729 3068 quod
784 2993 1062 3065 privatim
1118 2991 1443 3048 dicebatur.
1502 2994 1565 3047 In
1622 3008 1830 3048 aurem
1860 3009 2021 3059 vero,
2056 2995 2220 3066 quod

566 3083 730 3141 solis.
764 3085 828 3138 Et
859 3097 1068 3137 rursus
1109 3096 1122 3135 :

567 3175 790 3236 autem,
818 3170 984 3243 quod
1014 3170 1316 3226 omnibus.

637 3262 796 3315 Vers.
846 3259 935 3314 28.
985 3259 1062 3314 Et
1107 3289 1174 3300 -—-
1221 3259 1514 3330 gehenna.
1567 3261 1712 3316 Cum
1757 3259 1923 3332 prius
1970 3260 2044 3316 de
2093 3260 2222 3316 aliis

566 3349 844 3421 periculis
872 3348 1203 3415 dissereret,
1234 3347 1556 3403 subincidit
1581 3353 1636 3404 et
1666 3365 1862 3405 sermo
1888 3350 1961 3405 de
1993 3350 2225 3405 interfe-

569 3437 763 3494 ctione
793 3437 1064 3507 ipsorum
1101 3453 1114 3502 ;
1147 3438 1302 3492 hanc
1332 3452 1474 3507 ergo
1506 3437 1684 3492 etiam
1718 3437 2223 3509 praedicit,jubet"

568 3540 684 3598 que
715 3539 848 3579 eam
878 3525 1230 3595 parvipendi
1273 3541 1286 3579 :
1330 3526 1419 3581 Ne
1457 3526 1789 3594 timueritis,
1822 3527 2117 3598 inquiens,
2152 3527 2226 3582 ab

569 3612 661 3671 his
709 3612 812 3683 qui
857 3611 1136 3668 occidunt
1185 3627 1418 3682 corpus,
1468 3615 1583 3670 hoc
1632 3619 1737 3670 est.
1787 3618 1867 3672 Ne
1916 3614 2226 3672 timueritis

568 3700 903 3759 occidentes
925 3716 1165 3772 corpus,
1188 3699 1380 3774 neque
1400 3708 1714 3775 propterea
1737 3705 2227 3776 praedicationem

565 3790 915 3862 relinquatis
943 3812 954 3843 :
988 3789 1089 3846 sed
1118 3807 1256 3848 eum
1285 3792 1480 3848 timete
1506 3794 1611 3865 qui
1637 3809 1744 3850 vos
1774 3795 1851 3850 ad
1878 3795 2230 3866 hujusmodi

567 3881 963 3938 ministerium
995 3880 1208 3948 emisit,
1241 3886 1297 3938 et
1327 3881 1501 3938 facite
1545 3883 1710 3954 quod
1734 3885 1974 3956 jussum
2008 3890 2113 3941 est.
2149 3885 2230 3940 Si-

568 3970 814 4039 quidem
831 3969 931 4034 illi,
951 3969 1058 4025 etsi
1075 3986 1293 4041 corpus
1308 3972 1603 4036 occidant,
1621 3987 2009 4044 nequaquam
2029 3980 2229 4029 tamen

570 4059 839 4116 animam
888 4058 1303 4128 superabunt:
1351 4059 1445 4112 hic
1498 4065 1699 4114 autem
1754 4064 1810 4114 et
1857 4062 2123 4116 animam
2177 4067 2232 4118 et

572 4161 787 4216 corpus
813 4149 1006 4214 potest
1031 4144 1279 4214 perdere
1307 4144 1365 4197 in
1394 4145 1689 4213 gehenna,
1717 4146 1831 4200 hoc
1859 4152 1967 4212 est,
1997 4149 2228 4218 punire.

572 4233 871 4290 Timorem
922 4231 1100 4301 igitur
1151 4230 1491 4300 hominum,
1535 4233 1634 4288 Dei
1682 4235 1892 4292 timore
1947 4236 2228 4308 repellite,

571 4320 868 4377 minorem
891 4316 1163 4374 videlicet
1188 4319 1431 4389 majore.
1465 4320 1716 4378 Aliunde
1744 4339 1985 4396 quoque
2015 4326 2124 4381 hos
2159 4327 2232 4382 de

573 4406 998 4464 interfectionis
1066 4412 1232 4463 metu
1289 4408 1635 4466 consolatur
1703 4427 1716 4466 :
1785 4417 1842 4467 et
1898 4413 2032 4470 vide
2087 4415 2233 4488 quid

578 4497 762 4553 dicat.

645 4586 806 4641 Vers.
839 4585 924 4639 29.
952 4586 1164 4643 Nonne
1190 4617 1258 4630 -—
1280 4592 1454 4659 patre
1482 4594 1690 4647 vestro.
1725 4589 2012 4666 ’Λσσάριον
2044 4609 2232 4664 genus

575 4672 758 4740 oboli,
781 4673 1202 4730 diminutivum
1231 4681 1316 4732 est
1337 4675 1414 4732 ab
1440 4693 1593 4747 asse,
1622 4680 1790 4750 cujus
1817 4685 2015 4738 tamen
2040 4683 2231 4739 vilitas

572 4763 888 4836 proverbio
939 4763 1185 4820 celebris
1233 4770 1344 4824 est.
1394 4767 1540 4824 Dicit
1577 4784 1718 4842 ergo
1761 4786 1922 4827 nunc
1969 4772 2230 4828 Christus

646 4888 695 4924 ³³
729 4887 928 4946 Matth.
961 4904 1062 4957 x11,
1098 4891 1190 4947 24.

2332 1843 2486 1913 ὑμᾶς,
2535 1840 2640 1892 ἀλλ’
2691 1839 3181 1912 ἀποκαλυφθήσεται
3236 1849 3307 1911 τῷ
3359 1844 3554 1914 χρόνῳ,
3613 1846 3702 1893 καὶ
3755 1841 3968 1893 λοιπὸν

2331 1931 2689 2001 τιμηθήσεσθε
2743 1932 2889 2002 παρὰ
2940 1932 3163 1984 πάντων.
3225 1935 3308 1986 Μὴ
3369 1925 3455 1980 οὖν
3506 1929 3774 2000 φοϐηθῆτε
3832 1935 3964 1990 τοὺς

2331 2026 2416 2069 νῦν
2443 2014 2847 2090 κωμῳδοῦντας,
2885 2016 3010 2070 ἀλλὰ
3038 2014 3369 2092 προσδοκᾶτε
3389 2021 3510 2077 τοὺς
3535 2018 3754 2091 ὕστερον
3782 2017 3933 2089 ἐγκω

2331 2109 2629 2179 μιάσοντας,
2666 2103 2804 2177 μηδὲ
2836 2111 2901 2158 τὰ
2929 2111 3161 2179 παρόντα
3197 2105 3419 2158 λυπείτω
3465 2105 3675 2178 μᾶλλον,
3712 2105 3853 2159 ἀλλὰ
3881 2111 3948 2159 τὰ

2329 2195 2578 2267 μέλλοντα
2617 2197 2832 2247 πειθέτω
2866 2195 3092 2270 θαρρεῖν.

2399 2282 2464 2335 ’Ὁ
2498 2314 2568 2324 -—
2617 2281 2893 2356 δωμάτων.
2958 2283 3281 2345 Ἀπαλλάξας
3323 2284 3506 2343 αὐτοὺς
3561 2289 3652 2336 καὶ
3707 2293 3790 2344 τῆς
3841 2283 3928 2334 ἐπὶ

2330 2378 2439 2432 τοῖς
2497 2368 2724 2424 ὀνείδεσι
2773 2372 2957 2439 λύπης,
3001 2377 3118 2446 περὶ
3171 2380 3259 2424 τοῦ
3308 2375 3640 2444 κηρύγματος
3699 2370 3935 2444 διαλέγε-

2331 2480 2437 2512 ται.
2508 2466 2607 2515 Καὶ
2655 2466 2759 2532 μὴν
2809 2465 2926 2514 οὔτε
2989 2466 3175 2523 σκότος
3212 2458 3294 2530 ἧν,
3358 2463 3437 2513 ὅτε
3487 2469 3655 2513 ταῦτα
3709 2461 3936 2532 ἐλέγετο,

2329 2553 2448 2603 οὔτε
2493 2551 2566 2612 εἰς
2597 2553 2656 2602 τό
2709 2548 2793 2611 οὖς
2844 2551 3020 2612 αὐτοῖς
3076 2550 3259 2622 ἓλεγινο
3314 2548 3420 2601 ἀλλ’
3477 2547 3755 2624 ἐπειδήπερ
3816 2547 3944 2621 ἰδίᾳ

2332 2644 2421 2691 καὶ
2457 2640 2514 2690 ού
2569 2636 2804 2711 δημοσίᾳ
2843 2647 3010 2691 ταῦτα
3049 2636 3176 2707 εἷπε,
3206 2643 3296 2691 καὶ
3325 2643 3521 2711 μόνοις,
3548 2644 3634 2690 καὶ
3673 2640 3730 2690 οὐ
3763 2645 3932 2704 πᾶσι,

2331 2733 2487 2799 φησὶν
2528 2728 2662 2800 (29),
2700 2730 2780 2780 ὅτι
2831 2727 2896 2780 ⁴¹Ο
2920 2728 3051 2800 λέγω
3099 2728 3219 2799 ὑμῖν
3277 2724 3408 2800 ἰδία,
3469 2731 3631 2780 εἴπατε
3677 2723 3926 2798 δημοσίᾳ

2329 2821 2418 2870 καὶ
2489 2817 2513 2868 ὂ
2563 2818 2825 2875 ἠκούσατε
2889 2822 3054 2886 μόνοι,
3109 2816 3368 2888 κηρύξατε
3413 2823 3590 2869 πᾶσιν·
3638 2814 3682 2867 ἐν
3731 2819 3923 2886 σκοτίᾳ

2329 2909 2418 2979 μὲν
2465 2905 2740 2977 ὀνομάσας,
2775 2909 2832 2958 τό
2861 2907 2974 2958 κατ’
3008 2903 3170 2957 ἰδίαν
3206 2906 3275 2966 εἰς
3315 2909 3372 2957 τὸ
3405 2903 3492 2968 οὖς
3523 2902 3601 2972 δὲ,
3633 2907 3688 2956 τό
3719 2909 3920 2976 μόνοις,

2332 3000 2433 3048 Καὶ
2465 2992 2617 3056 αὖθις
2670 2995 2751 3048 Ἐν
2789 3001 2916 3067 φωτὶ
2946 2997 3054 3068 μεν,
3084 2998 3141 3047 τό
3186 2991 3425 3068 δημοσίᾳ
3464 3011 3476 3025 ·
3510 2993 3592 3047 ἐπὶ
3617 3002 3717 3046 τῶν
3749 2990 3936 3064 δωμά-

1164 3082 1230 3136 In
1272 3081 1424 3150 luce,
1465 3080 1631 3153 quod
1674 3081 1930 3153 publice,
1968 3082 2029 3137 in
2055 3083 2221 3138 tectis
2251 3106 2291 3162 ρ
2329 3104 2428 3136 των
2461 3080 2538 3149 δὲ,
2561 3086 2620 3136 τὸ
2658 3089 2811 3137 πᾶσι.

2404 3266 2505 3316 Καὶ
2535 3291 2600 3302 —-
2623 3266 2817 3334 γεέννῃ.
2854 3266 2978 3336 Περὶ
3002 3269 3101 3313 τῶν
3132 3260 3293 3313 ἄλλων
3322 3257 3500 3314 δεινῶν
3537 3258 3937 3334 προδιαλαϐὼν,

2332 3351 2626 3410 ὑποκατέϐη
2659 3355 2747 3403 καὶ
2769 3351 2840 3412 εἰς
2861 3354 2946 3402 τὸν
2974 3355 3091 3424 περὶ
3121 3359 3214 3411 τῆς
3237 3349 3543 3423 ἀναιρέσεως
3563 3349 3731 3402 αὐτῶν
3756 3350 3940 3422 λόγον,

2333 3446 2422 3494 καὶ
2475 3439 2711 3515 προλέγει
2762 3445 2852 3491 καὶ
2906 3442 3123 3507 ταύτην,
3185 3443 3270 3490 καὶ
3327 3438 3517 3492 κελεύει
3592 3447 3941 3512 καταφρονεῖν

2336 3530 2513 3590 αὐτῆς.
2569 3534 2653 3586 Μή
2715 3528 2961 3601 φοϐῆσθε,
3019 3527 3194 3598 λέγων,
3247 3527 3345 3579 ἀπὸ
3399 3535 3498 3578 τῶν
3552 3525 3943 3580 ἀποκτεινόντων

2334 3622 2393 3673 τό
2428 3626 2598 3691 σῶμα,
2623 3622 2880 3671 τουτέστι.
2923 3621 3008 3676 Μὴ
3049 3616 3276 3688 φοϐῆσθε
3297 3621 3415 3677 τοὺς
3447 3615 3840 3678 ἀποκτείνοντας
3881 3620 3941 3669 τὸ

2340 3717 2512 3780 σῶμα,
2567 3703 2704 3780 μηδὲ
2761 3703 2853 3758 διὰ
2904 3713 3054 3758 τοῦτο
3121 3705 3436 3763 καταλίπητε
3487 3709 3544 3757 τό
3620 3709 3942 3780 κηρύσσειν,

2339 3797 2465 3850 ἀλλά
2494 3795 2753 3869 φοϐήθητε
2778 3797 2862 3846 τόν
2892 3793 3266 3847 ἀποστείλαντα
3295 3796 3430 3866 ὑμᾶς
3461 3794 3530 3856 εἰς
3559 3799 3653 3852 τὴν
3683 3797 3945 3852 τοιαύτην

2340 3883 2627 3952 διακονίαν,
2680 3889 2767 3936 καὶ
2796 3891 2988 3936 ποιεῖτε
3030 3887 3087 3935 τὸ
3118 3883 3404 3936 κελευσθέν.
3448 3884 3660 3934 Ἐκεῖνοι
3687 3886 3776 3955 μὲν
3804 3889 3944 3959 γὰρ,

2341 3974 2384 4027 εἰ
2427 3977 2594 4026 καὶτὸ
2629 3982 2779 4044 σῶμα
2809 3972 3197 4043 ἀποκτείνωσιν,
3235 3971 3342 4023 ἀλλ’
3373 3973 3458 4024 οὖν
3489 3971 3548 4024 ού
3573 3977 3945 4044 περιγενὴσον-

2339 4082 2427 4114 ται
2467 4068 2555 4114 καὶ
2602 4071 2691 4121 τῆς
2732 4062 2937 4133 ψυχῆς
2989 4062 3137 4123 οὗτος
3196 4058 3254 4114 δὲ
3301 4065 3390 4113 καὶ
3428 4065 3520 4119 τὴν
3549 4060 3733 4132 ψυχὴν
3756 4067 3847 4112 καὶ
3884 4066 3942 4114 τό

2344 4159 2496 4220 σῶμα
2538 4147 2759 4202 δύναται
2810 4149 3057 4203 ἀπολέσαι
3113 4149 3162 4202 έν
3207 4154 3398 4223 γεέννῃ,
3451 4152 3478 4202 ὅ
3529 4149 3660 4217 ἐστι,
3689 4149 3939 4206 κολάσαι.

2341 4237 2500 4292 Φόϐον
2530 4236 2617 4291 οὖν
2663 4238 2944 4293 ἀπώσασθε
2997 4239 3135 4311 φόϐῷ
3181 4242 3266 4290 τόν
3293 4248 3392 4290 τῶν
3421 4238 3698 4311 ύνθρώπων
3730 4247 3802 4308 τῷ
3845 4247 3942 4291 τοῦ

2344 4331 2478 4394 θεοῦ,
2511 4334 2599 4380 καὶ
2662 4333 2747 4381 τόν
2815 4332 3002 4387 ἥττονα
3066 4329 3136 4397 τῷ
3176 4327 3395 4400 μείζονι.
3459 4332 3557 4379 Καὶ
3596 4327 3834 4400 ἑτέρωθεν
3882 4325 3941 4380 δὲ

2340 4420 2724 4492 παραμυθεῖται
2756 4421 2872 4490 (30)
2901 4419 3102 4477 τούτοις
3130 4420 3222 4474 τὴν
3248 4413 3444 4469 δειλίαν
3464 4423 3556 4478 τῆς
3594 4415 3926 4488 ἀναιρέσεως.

2345 4511 2443 4560 Καὶ
2465 4509 2560 4582 ὅρα
2584 4512 2634 4559 τί
2663 4525 2840 4579 φησιν.

2413 4597 2556 4668 Οὐχὶ
2599 4628 2666 4636 -
2717 4595 2955 4668 οὐρανοῖς
3003 4594 3136 4665 (31).
3190 4598 3260 4648 Τό
3309 4597 3398 4666 μὲν
3466 4592 3742 4666 ἀσσάριον,
3792 4589 3928 4652 εἶδος

2342 4684 2521 4737 ὀϐολοῦ
2574 4684 2705 4738 ἐστι.
2767 4688 2918 4755 Λέγει
2949 4680 3007 4736 δε
3031 4691 3117 4734 νῦν
3159 4684 3183 4734 ό
3222 4685 3452 4756 Χριστός
3496 4682 3610 4735 κατ’
3661 4681 3928 4757 ἐρώτησιν,

2343 4775 2422 4826 ὅτι
2473 4773 2601 4846 οὐχὶ
2665 4777 2912 4825 τοσοῦτόν
2963 4772 3091 4824 εἰσιν
3151 4771 3487 4825 εὐτελέστατα
3542 4774 3608 4824 τὰ
3662 4773 3932 4847 στρουθία,

1798 5018 2022 5087 Varia
2059 5017 2386 5088 lectiones
2428 5031 2493 5088 et
2531 5030 2710 5089 notae

671 5156 761 5214 28)
793 5159 882 5208 καὶ
913 5155 1042 5208 ἄλλα
1069 5155 1258 5214 πολλά.
1302 5157 1373 5214 Α.

671 5157 738 5210 28
793 5159 882 5208 καὶ
913 5156 1042 5208 ἄλλα
1069 5156 1197 5209 πολλ

647 5156 765 5368 ἐπὶ
788 5229 889 5300 γάρ
932 5227 1097 5282 addit
1135 5231 1200 5282 A.

676 5301 745 5368 3Q
815 5302 897 5352 Ita
938 5313 1179 5368 quoque

676 5297 897 5374 30‘)V_It'a
938 5313 1179 5374 quoque
1224 5297 1566 5368 Cinnamus,
1617 5319 1675 5374 p.
1711 5309 1810 5374 778.
1858 5303 2089 5374 Ἀνδρας
2131 5313 2229 5358 τῶν

577 5359 668 5454 ἐπί
691 5359 880 5491 λξῗ‹5ξιν1ς
925 5359 1460 5444 πάραμυθησομένους
1518 5359 1908 5451 ιςόῥξόάδῳμτήν
1960 5359 2228 5452 συμξοοράν

579 5458 689 5491 ευτε
751 5459 797 5491 ε.

579 5458 772 5493 ευτεΛΑε
784 5480 797 5494 ο

2413 5164 2862 5238 (31)_H_entenius
2885 5166 3218 5237 ergo,cujus
3236 5165 3630 5238 interpretatio
3641 5164 3934 5238 dissentit,

2340 5251 2471 5311 non
2491 5235 2718 5311 videtur
2746 5235 3039 5306 reperisse
3061 5235 3190 5310 post
3216 5235 3437 5311 πατρὸς
3464 5239 3604 5311 ὑμῶν
3643 5235 3937 5311 vocabula

2339 5315 2428 5358 τοῦ
2452 5305 2498 5358 ἐν
2527 5307 2776 5380 οὐρανοῖς,
2801 5305 2936 5380 quae
2971 5305 3212 5380 uterque
3241 5305 3408 5365 meus
3427 5305 3724 5365 habet.Sic
3755 5308 3934 5365 etiam

2339 5327 2428 5358 τον
2452 5326 2498 5358 εν
2527 5326 2776 5380 ουρανοις,
2801 5326 2936 5379 quae
2971 5326 3094 5365 uter
3145 5326 3212 5365 ue
3241 5327 3408 5365 meus
3427 5326 3724 5365 habeasne

2338 5393 2496 5434 vers.
2536 5383 2624 5444 '27,
2649 5395 2756 5450 pro
2796 5381 2821 5431 6
2849 5378 2998 5452 λέγω,
3035 5326 3263 5437 vigetur
3301 5381 3512 5454 legisse
3541 5381 3576 5432 ἆ
3603 5380 3752 5453 λέγω.

649 5563 779 5635 (yy)
809 5564 1161 5622 Mordentes.
1197 5566 1275 5622 Ac
1307 5567 1354 5624 si
1382 5566 1609 5640 legerit,
1643 5567 1944 5637 δάκνοντας,
1979 5575 2107 5628 Mox
2139 5573 2236 5628 sim

2336 5588 2390 5629 ex
2421 5569 2800 5647 κωμῳδοῦντας
2828 5573 3063 5648 legitur.

4139 3761 4141 3910 ι
