4206 6310
306 341 421 397 341

1320 332 1687 391 COMMENT.
1732 329 1801 386 IN
1836 328 2277 386 MATTHAZUM.
2319 359 2385 370 -
2424 328 2580 383 CAP.
2610 328 2685 382 X.

3574 328 3681 385 342

311 469 391 528 ὡς
426 462 711 517 πωλεῖσθαι
764 457 860 513 δύο
922 467 1013 514 τοῦ
1065 459 1345 535 ἀσσαρίου,
1396 464 1485 511 καὶ
1524 460 1680 530 ὅμως,
1718 453 1840 510 ούδέ
1869 456 1917 509 ἓν

2041 453 2454 527 interrogando
2483 470 2496 508 :
2538 455 2745 509 Nonne
2796 454 2976 510 tantae
3005 452 3243 511 vilitatis
3272 455 3411 511 sunt
3447 469 3683 528 passer-

313 554 377 607 ἐκ
410 556 602 605 τούτων
653 552 921 624 θηρεύεται
976 554 1146 622 χωρὶς
1193 557 1283 601 τοῦ
1329 555 1499 617 Θεοῦ;
1530 547 1633 619 οὐχ
1678 550 1745 609 ὡς
1796 566 1920 599 συν·-

315 650 610 718 εργοῦντος,
642 637 746 691 ἀλλ’
774 642 843 700 ὡς
872 645 1331 712 παραχωροῦντας.

376 899 552 971 ’Υμῶν
603 897 661 952 δὲ
705 930 775 940 -
826 898 981 955 εἰσίν.
1044 898 1211 971 Ὑμεῖς
1270 896 1327 951 δὲ
1382 901 1627 950 τοσοῦτόν
1680 896 1795 949 ἐστε
1846 916 1920 948 τι·

295 992 450 1059 μίοι,
488 991 626 1040 ὥστε
672 993 761 1040 καὶ
803 991 979 1049 πάσας
1007 990 1148 1059 ὑμῶν
1178 990 1271 1049 τὰς
1318 992 1511 1059 τρίχας
1562 988 1920 1059 ἡριθμημένας

293 1074 447 1128 εἶναι
477 1081 624 1152 παρά
655 1085 810 1131 Θεοῦ.
857 1076 1013 1135 Δηλοῖ
1063 1074 1120 1129 δὲ
1171 1079 1200 1135 ἡ
1250 1075 1618 1150 ἁπαρίθμησις
1660 1086 1759 1128 των
1809 1096 1920 1150 τρι-

300 1175 455 1237 χῶν,
497 1171 591 1225 τὴν
623 1166 813 1239 ἀκριϐῆ
865 1175 1078 1237 γνῶσιν,
1133 1167 1212 1218 ὃτι
1257 1166 1370 1217 λίαν
1408 1168 1727 1236 γινώσκεσθε
1756 1166 1915 1236 αὐτῷ,

302 1260 407 1306 καὶ
464 1255 786 1327 λεπτομερῶς
842 1253 953 1307 οἶδε
1001 1258 1171 1308 πάντα
1225 1258 1292 1306 τὰ
1343 1254 1459 1307 καθ’
1512 1256 1648 1327 ύμᾶς
1679 1253 1771 1307 διὰ
1827 1260 1920 1313 τήν

306 1344 453 1413 ἄγαν
528 1346 667 1415 ὑμῶν
735 1345 1012 1396 οἰκείωσιν.
1092 1349 1190 1395 Καὶ
1265 1344 1307 1395 εἰ
1385 1353 1480 1395 τῶν
1553 1344 1920 1397 εὐτελεστάτων

313 1435 613 1505 στρουθίων
656 1430 805 1485 οὐδὲν
862 1435 1132 1505 θηρεύεται
1183 1436 1347 1506 χωρὶς
1398 1433 1580 1498 αὐτοῦ,
1630 1435 1819 1495 καθὼς
1856 1438 1922 1487 εῖ-

305 1538 497 1591 ρηται,
548 1520 716 1591 πολλῷ
763 1520 949 1593 μᾶλλον
1004 1523 1151 1592 ὑμεῖς
1195 1523 1243 1573 οἱ
1287 1526 1451 1591 τίμιοι
1503 1522 1597 1573 οὐκ
1655 1521 1922 1594 ἀναιρεθή-

315 1610 499 1677 σεσθε,
541 1614 608 1680 μή
640 1616 1074 1683 παραχωροῦντος
1106 1610 1290 1665 αὐτοῦ.
1332 1614 1432 1661 Καὶ
1477 1609 1654 1661 λοιπὸν
1710 1610 1768 1661 ού
1810 1616 1917 1684 χρή

320 1693 645 1754 δεδοικέναι.

402 1881 489 1934 Μὴ
531 1908 596 1916 —
625 1877 711 1928 οὖν
761 1878 926 1948 ὑμεῖς.
989 1876 1244 1937 Πολλάκις
1300 1876 1615 1948 ἐγκελεύεται
1652 1881 1744 1935 τήν
1802 1878 1926 1951 ἀφο-

322 1965 445 2017 ϐίαν
503 1965 699 2030 αὐτοῖς,
750 1962 843 2017 διὰ
898 1968 963 2018 τὰ
1015 1967 1205 2038 μεγέθη
1265 1973 1361 2017 τῶν
1420 1966 1698 2038 μελλόντων
1748 1986 1924 2043 πειρα-

318 2062 492 2125 σμῶκ

402 2147 511 2203 Πᾶς
566 2172 633 2181 -
684 2141 735 2193 ἐν
791 2142 1046 2217 οὐρανοῖς.
1105 2142 1433 2214 Ὁμολογίαν,
1488 2147 1580 2201 τήν
1633 2148 1924 2218 μαρτυρίαν

307 2230 478 2299 λέγει,
537 2232 857 2302 παραθήγων
916 2232 1105 2292 αύτούς
1165 2232 1237 2292 εἰς
1288 2235 1346 2283 τὸ
1413 2235 1712 2305 μαρτύριον.
1787 2237 1923 2290 Φησὶ

300 2320 445 2391 γὰρ,
526 2320 609 2370 ὄτι
663 2326 770 2379 Πᾶς
843 2320 986 2377 ὅστις
1056 2324 1379 2394 μαρτυρήσει
1438 2341 1527 2392 μοι
1581 2324 1798 2381 θεότητα
1850 2320 1922 2373 ἐν·

304 2414 487 2460 ώπιον
517 2416 618 2458 τῶν
652 2406 953 2479 ἀνθρώπων,
1004 2414 1328 2482 μαρτυρήσω
1358 2409 1497 2479 αύτῷ
1549 2409 1692 2481 κάγὼ
1746 2415 1923 2463 πίστιν

309 2496 540 2549 ἐνώπιον
598 2504 690 2548 τοῦ
751 2501 953 2571 Πατρός
994 2517 1111 2569 μου,
1166 2502 1453 2565 τουτέστιν,
1520 2506 1611 2561 Ὀς
1670 2499 1924 2572 ἀνακηρύ-

309 2586 403 2648 ξει
432 2604 493 2656 με
523 2589 673 2648 Θεὸν,
726 2584 1031 2659 ἀνακηρύξω
1085 2586 1240 2639 αὐτόν
1275 2586 1420 2657 κάγὼ
1478 2593 1684 2643 πιστόν.
1739 2588 1925 2651 Ὀστις

313 2670 385 2725 δ’
416 2672 474 2723 ἂν
519 2671 794 2731 ἁπώσηταί
840 2694 920 2746 με,
967 2673 1245 2747 ἀπώσομαι
1302 2675 1442 2747 κάγὼ
1499 2677 1668 2733 αὐτόν.
1702 2682 1770 2730 Τὸ
1799 2686 1923 2749 γοῦν

312 2763 413 2814 Ἐν
467 2760 600 2833 ἐμοὶ,
641 2761 756 2814 ἀντὶ
804 2770 917 2829 τοῦ,
969 2763 1135 2835 Ἐμοί.
1195 2769 1294 2817 Καὶ
1328 2769 1405 2831 τὸ,
1457 2765 1536 2818 Ἐν
1592 2766 1750 2837 αὐτῷ,
1812 2766 1924 2820 ἀντὶ

301 2858 436 2913 τοῦ,
496 2850 662 2920 Αύτῷ.
695 2850 752 2901 ’0
794 2847 852 2902 δὲ
880 2856 1257 2924 Χροσόστομός
1304 2853 1416 2925 (32)
1466 2874 1643 2925 φησιν,
1696 2856 1775 2907 ὃτι
1832 2855 1925 2907 ούκ

306 2937 481 3006 εἶπεν,
532 2944 719 3000 Ὅστις
776 2939 1086 3011 ὁμολογήσει
1139 2939 1271 3012 ἐμοὶ,
1323 2940 1430 2993 ἀλλ’
1478 2943 1558 2995 Ἐν
1607 2942 1739 3015 ἐμοὶ,
1780 2964 1923 2996 τουτ-

314 3026 491 3094 ἐστιν,
523 3028 609 3079 ὑπ’
657 3026 780 3099 ἐμοῦ
835 3027 1205 3100 βοηθούμενος.
1246 3030 1397 3082 Ὀθεν
1449 3030 1735 3093 ἀκολούθως
1781 3040 1924 3085 νοοῦ-

315 3134 415 3187 μεν
469 3120 558 3167 καὶ
608 3121 667 3167 τό
702 3133 713 3144 ·

313 3203 445 3257 ’Υπό
490 3212 584 3265 τῆς
650 3204 1049 3276 εὐγνωμοσύνης
1092 3206 1250 3258 αὐτοῦ
1308 3211 1624 3280 κινούμενος.
1675 3212 1816 3264 Ἐπεὶ
1866 3208 1924 3265 δὲ

328 3301 572 3365 ταραχῆς
620 3298 708 3344 καὶ
749 3292 904 3365 φόϐου
970 3298 1160 3365 μεστὸν
1217 3295 1385 3367 ἔμελλε
1434 3301 1670 3369 γίνεσθαι
1723 3303 1779 3352 τὸ
1832 3306 1922 3358 κή-

330 3399 526 3453 ρυγμα,
559 3378 1005 3454 προδιαλαμϐάνει
1034 3388 1122 3435 καὶ
1146 3389 1262 3456 περὶ
1292 3388 1498 3454 τούτου,
1531 3387 1712 3458 λέγων,

2028 544 2162 609 culi,
2186 548 2248 598 ut
2280 543 2401 599 duo
2453 543 2789 597 vendantur
2828 542 3071 608 assario,
3129 543 3244 599 hoc
3291 548 3396 611 est,
3430 544 3680 618 minimo

2027 632 2206 689 obolo
2233 633 2259 686 ?
2290 637 2345 688 et
2372 636 2572 687 tamen
2594 646 2792 702 neque
2818 646 2973 686 unus
2991 648 3063 686 ex
3079 631 3173 687 his
3198 633 3434 706 capitur
3461 633 3681 706 laqueo

2028 722 2257 793 absque
2274 723 2413 787 Deo,
2432 735 2556 777 non
2570 724 2856 792 tanquam
2873 726 3251 793 cooperante,
3272 723 3376 779 sed
3393 726 3682 796 tanquam

2026 810 2420 881 permittente.

2096 898 2273 956 Vers.
2315 899 2402 955 30.
2444 899 2639 955 Vestri
2664 903 2858 955 autem
2890 930 2958 937 —
2983 904 3141 954 sunt.
3169 900 3283 955 Vos
3308 903 3504 957 autem
3536 901 3686 958 tanti

2027 989 2191 1054 estis,
2225 991 2291 1044 ut
2315 1003 2526 1045 omnes
2548 1003 2793 1059 quoque
2824 986 3019 1059 capilli
3047 988 3537 1046 vestrinumerati
3570 990 3688 1047 sint.

2029 1095 2065 1135 a
2095 1082 2231 1135 Deo.
2267 1077 2572 1146 Signiﬁcat
2604 1081 2806 1132 autem
2838 1076 3192 1148 capillorum
3214 1093 3497 1134 numerus
3517 1095 3689 1136 exac-

2030 1172 2149 1222 tam
2179 1168 2468 1231 notitiam,
2502 1165 2667 1237 quod
2692 1165 2866 1220 valde
2894 1164 3113 1234 cogniti
3144 1165 3267 1220 sitis
3307 1165 3384 1222 ab
3407 1182 3498 1234 eo,
3522 1171 3579 1222 et
3607 1167 3687 1223 ad

2029 1256 2329 1311 minutum
2353 1270 2587 1327 quoque
2612 1254 2779 1310 novit
2799 1270 2885 1320 ea,
2916 1270 3052 1326 quae
3070 1254 3229 1310 circa
3244 1269 3348 1309 vos
3363 1259 3522 1320 sunt,
3550 1271 3686 1327 pro-

2029 1347 2158 1415 pter
2196 1358 2461 1414 magnan
2516 1342 2825 1398 vobiscum
2856 1342 3276 1399 familiaritem.
3311 1343 3484 1407 Quod
3522 1344 3569 1398 si
3612 1358 3687 1400 ne

2033 1448 2186 1487 unus
2229 1431 2477 1505 quidem
2509 1432 2939 1487 vilissimorum
2970 1431 3443 1503 passerculorum
3468 1432 3688 1505 laqueo

2031 1522 2281 1593 capitur,
2331 1520 2553 1592 absque
2585 1520 2713 1590 ejus
2757 1535 3071 1585 consensu,
3107 1520 3256 1576 sicut
3304 1521 3535 1577 dictum
3577 1526 3688 1590 est,

2032 1610 2220 1665 multo
2251 1608 2447 1679 magis
2480 1624 2606 1672 vos,
2641 1608 2742 1680 qui
2773 1608 3017 1681 pretiosi
3043 1608 3203 1672 estis,
3236 1625 3359 1665 non
3382 1609 3688 1667 interﬁcie-

2032 1699 2198 1763 miui,
2229 1699 2341 1753 nisi
2370 1698 2496 1770 ipse
2527 1698 2913 1753 consenserit.
2944 1701 3069 1754 Non
3118 1701 3352 1770 oportet
3389 1713 3531 1770 ergo
3572 1699 3689 1757 for-

1956 1782 2002 1838 B
2035 1788 2286 1844 midare.

2103 1879 2262 1932 Vers.
2295 1876 2382 1932 31.
2414 1875 2496 1931 Ne
2527 1874 2710 1945 igitur
2754 1906 2821 1915 —-
2868 1890 2977 1931 vos.
3012 1875 3099 1929 Ad
3128 1875 3357 1931 timoris
3409 1875 3689 1947 abjectio-

2031 1980 2170 2021 nem
2214 1964 2433 2035 saepius
2489 1963 2855 2029 adhortatur,
2921 1966 3164 2035 propter
3214 1964 3690 2033 magnitudinem

2033 2053 2443 2109 tentationum.

2104 2144 2159 2196 V.
2198 2144 2285 2197 32.
2313 2139 2512 2196 Omnis
2535 2168 2604 2181 —
2630 2141 2689 2194 ν.
2720 2142 2809 2195 33.
2840 2138 2911 2195 In
2933 2138 3092 2196 caelis
3116 2143 3218 2196 est.
3238 2139 3691 2198 Confessionem

2032 2234 2210 2286 vocat
2235 2229 2666 2297 testimonium,
2694 2242 3024 2299 provocans
3056 2244 3158 2284 eos
3189 2229 3269 2285 ad
3299 2229 3389 2284 sui
3426 2230 3691 2287 testimo-

2033 2322 2220 2374 nium.
2272 2317 2418 2374 Dicit
2447 2332 2618 2386 ergo:
2650 2316 2855 2372 Omnis
2886 2316 2990 2387 qui
3037 2316 3447 2373 testimonium
3494 2318 3693 2375 tulerit

2032 2408 2106 2463 de
2138 2422 2271 2463 mea
2297 2405 2602 2461 divinitate
2643 2420 2848 2460 coram
2895 2403 3266 2469 hominibus,
3295 2407 3352 2461 et
3379 2420 3490 2475 ego
3532 2406 3691 2462 testi-

2035 2495 2293 2551 monium
2328 2493 2514 2550 feram
2542 2492 2622 2547 illi
2648 2507 2854 2547 coram
2879 2493 3042 2547 Patre
3072 2507 3207 2548 meo
3236 2509 3248 2547 :
3281 2493 3396 2548 hoc
3436 2497 3546 2560 est,
3579 2494 3691 2557 Qui

2032 2584 2440 2657 praedicaverit
2492 2598 2586 2638 me
2645 2596 2773 2637 esse
2820 2584 3024 2647 Deum,
3076 2581 3418 2652 praedicabo
3471 2585 3528 2638 et
3576 2598 3690 2655 ego

2033 2690 2171 2729 eum
2202 2690 2337 2729 esse
2367 2672 2621 2727 ﬁdelem.
2680 2670 2959 2743 Quisquis
3015 2674 3215 2726 autem
3247 2686 3344 2726 me
3392 2671 3686 2744 repulerit,

2032 2762 2318 2834 repellam
2340 2767 2395 2817 et
2426 2777 2537 2832 ego
2582 2760 2772 2816 illum.
2806 2759 2976 2825 Quod
3007 2774 3149 2829 ergo
3174 2758 3388 2814 dicitur
3422 2775 3434 2815 :
3468 2760 3538 2816 In
3578 2775 3686 2831 me,

2032 2853 2190 2907 idem
2220 2854 2308 2907 est
2350 2867 2419 2908 ac
2476 2851 2524 2905 si
2576 2850 2748 2915 dicat,
2795 2848 2966 2903 Mihi.
3021 2851 3079 2903 et
3123 2847 3287 2919 quod
3334 2847 3549 2905 dicitur
3581 2864 3593 2903 :
3622 2850 3688 2905 In

2033 2941 2159 3003 illo,
2215 2955 2284 2995 ac
2347 2940 2394 2994 si
2446 2939 2623 3009 dicat,
2683 2937 2792 2993 illi.
2854 2935 3322 3007 Chrysostomus
3379 2952 3517 2992 vero
3586 2936 3686 3002 ait,

2032 3028 2195 3099 quod
2227 3043 2349 3083 non
2378 3027 2559 3083 dixit:
2587 3024 2864 3096 Quisquis
2892 3023 3268 3080 conﬁtebitur
3290 3024 3411 3079 sive
3435 3023 3693 3080 testimo-

748 3116 1092 3188 Ὀμολογήσω
1140 3118 1282 3189 κάγὼ
1336 3119 1383 3170 ἐν
1435 3120 1593 3192 αύτῷ,
1650 3121 1764 3174 ἀντὶ
1808 3130 1920 3190 τοῦ,

2041 3120 2200 3174 nium
2246 3116 2475 3172 dederit
2502 3114 2671 3179 mihi,
2719 3113 2824 3169 sed
2854 3116 2917 3167 In
2949 3128 3043 3167 me
3089 3113 3213 3168 sive
3261 3128 3363 3183 per
3407 3128 3523 3180 me,
3576 3113 3691 3168 hoc

2034 3213 2139 3270 est,
2169 3223 2204 3263 a
2229 3222 2323 3261 me
2349 3205 2606 3275 adjutus.
2635 3202 2797 3259 Unde
2825 3204 3256 3273 consequenter
3275 3200 3452 3256 etiam
3479 3200 3693 3257 intelli-

2034 3298 2254 3367 gimus,
2287 3311 2413 3349 cum
2445 3294 2654 3349 dicitur
2686 3310 2696 3345 :
2733 3290 3063 3347 Conﬁtebor
3087 3294 3144 3346 et
3176 3306 3285 3360 ego
3316 3290 3377 3345 in
3409 3289 3525 3357 illo,
3557 3305 3687 3361 per-

2032 3386 2171 3443 inde
2202 3400 2332 3441 esse
2362 3399 2432 3439 ac
2458 3383 2507 3438 si
2535 3382 2697 3437 dicat
2724 3397 2735 3436 :
2770 3385 2817 3435 A
2846 3379 3204 3450 gratitudine
3234 3379 3423 3451 ipsius
3453 3383 3681 3437 motus.

334 3470 479 3532 Quia
517 3475 716 3525 autem
749 3469 1010 3525 futurum
1053 3487 1150 3527 era
1192 3478 1250 3528 ut
1303 3474 1636 3532 turbatione
1670 3494 1739 3534 ac
1788 3479 1947 3535 caede
1972 3475 2318 3549 impleretur
2372 3469 2740 3545 praedicatio,
2783 3468 2859 3525 de
2908 3468 3024 3525 hoc
3075 3482 3310 3541 quoque
3348 3470 3558 3524 tractat
3608 3466 3691 3523 di-

332 3572 492 3612 0808.

400 3650 487 3703 Μή
520 3651 769 3719 νομίσητε
823 3678 885 3688 -
934 3650 1226 3723 μάχαιραν.
1266 3650 1415 3723 [Τοῦ
1469 3655 1576 3725 (33)
1620 3656 1875 3730 Θεολόγου
1910 3675 1921 3688 ·

332 3739 392 3785 Τί
445 3731 503 3786 δε
544 3736 573 3791 ἡ
630 3737 874 3809 μάχαιρα
904 3753 915 3799 ;
948 3737 1005 3789 Ἡ
1056 3743 1187 3810 τομὴ
1230 3748 1321 3791 τοῦ
1351 3740 1525 3812 λόγου,
1560 3745 1588 3801 ἡ
1643 3741 1929 3818 διαιροῦσα

337 3826 393 3873 τό
442 3830 620 3894 χεῖρον
668 3822 765 3876 ἀπὸ
808 3833 896 3877 τοῦ
946 3831 1252 3899 κρείττονος,
1294 3834 1381 3881 καὶ
1436 3828 1807 3905 ὃιχοτομοῦσα
1843 3839 1927 3886 τόν

336 3914 522 3962 πιστὸν
568 3916 655 3964 καὶ
699 3917 780 3964 τὸν
834 3915 1073 3979 ἄπιστον,
1127 3922 1216 3968 καὶ
1269 3916 1607 3993 ἐπεγείρουσα
1656 3926 1744 3973 τὸν
1795 3926 1927 3989 υἱὸν,

337 4004 423 4051 καὶ
472 4004 566 4057 τὴν
616 4002 893 4075 θυγατέρα,
951 4009 1039 4055 καὶ
1092 4008 1184 4063 τήν
1232 4008 1432 4078 νύμφην
1484 4017 1555 4079 τῷ
1601 4016 1783 4085 πατρὶ,
1840 4017 1929 4065 καὶ

335 4096 394 4159 τῇ
454 4094 635 4162 μητρὶ,
697 4096 785 4142 καὶ
832 4100 893 4163 τῇ
950 4095 1187 4167 πενθερᾷ,
1229 4098 1293 4147 τὰ
1343 4099 1430 4148 νέα
1480 4102 1570 4150 καὶ
1626 4105 1924 4173 πρόσφατα,

337 4184 441 4239 τοῖς
466 4177 702 4239 παλαιοῖς
727 4185 817 4232 καὶ
850 4178 1123 4236 σκίὼδεσι.
1147 4182 1164 4253 ]

404 4272 504 4319 Καὶ
548 4272 651 4339 μὴν
710 4268 879 4339 ἔλεγον
946 4272 995 4321 οἱ
1049 4271 1272 4342 ἄγγελοι,
1353 4278 1679 4346 γεννηθέντος
1731 4279 1924 4332 αὐτοῦ·

332 4355 462 4417 Δόξα
508 4355 558 4407 ἐν
608 4356 851 4427 ὑψίστοις
900 4366 1034 4429 Θεῷ,
1079 4365 1164 4412 καὶ
1216 4360 1299 4413 ἐπὶ
1346 4371 1443 4434 γῆς
1490 4365 1684 4439 εἰρήνη.
1734 4374 1833 4421 Καὶ
1880 4372 1927 4421 oi

329 4453 596 4517 προφῆται
651 4442 709 4497 δὲ
762 4451 855 4505 τήν
892 4447 1095 4521 εἰρήνην
1143 4450 1301 4502 αὐτοῦ
1344 4453 1503 4505 παλαι
1552 4463 1927 4530 προκατήγγει-

325 4534 438 4587 λαν.
491 4538 590 4585 Καὶ
627 4534 783 4595 αύτός
823 4533 881 4587 δὲ
912 4544 1019 4598 τοῖς
1074 4540 1332 4609 μαθηταῖς
1384 4544 1716 4614 προσέταξεν,
1768 4547 1927 4622 εἰσερ-

325 4625 591 4692 χομένους
670 4623 740 4684 εἰς
824 4624 1049 4683 ἑκάστην
1128 4628 1314 4694 οὶκίαν,
1399 4630 1602 4702 εἰρήνην
1683 4632 1928 4705 ἐπιλέγειν

328 4710 485 4781 αὐτῇ.
560 4717 675 4771 Πῶς
743 4709 829 4764 οὖν
898 4733 1026 4785 φησι
1076 4723 1186 4778 νῦν,
1245 4718 1325 4768 ὃτι
1382 4718 1491 4770 Ούκ
1544 4717 1697 4777 ἦλθον
1753 4721 1927 4793 βαλεῖν

332 4797 575 4871 εἰρήνην;
627 4804 765 4851 Διότι
829 4803 859 4858 ἡ
915 4805 1161 4876 μάχαιρα
1214 4806 1344 4863 αὕτη
1397 4815 1558 4859 ποιεῖν
1618 4809 1785 4880 ἔμελλε
1840 4817 1927 4869 τὴν

337 4884 537 4958 εἰρήνην
596 4886 810 4956 ἐκείνην,
865 4896 983 4963 περὶ
1032 4894 1094 4952 ἧς
1148 4889 1287 4946 εἷπον
1346 4896 1395 4946 οῖ
1446 4915 1500 4947 τε
1551 4897 1782 4967 ἄγγελοι,
1840 4906 1929 4953 καὶ

336 4976 434 5045 πρὸ
492 4978 684 5028 τούτων
738 4980 788 5029 οἱ
830 4989 1115 5052 προφῆται.
1182 4984 1469 5057 Μάχαιραν
1524 4981 1581 5037 δὲ
1627 4985 1779 5057 λέγει,
1836 4993 1928 5047 τήν

337 5066 466 5136 πρὸς
495 5066 650 5116 αὐτὸν
682 5066 910 5138 ἀγάπην,
962 5071 1031 5130 ὡς
1062 5066 1374 5144 διαιροῦσαν
1424 5076 1539 5135 τοὺς
1596 5077 1931 5138 πιστεύοντας

411 5242 457 5276 ³⁸
488 5241 626 5300 Luc.
656 5259 714 5311 ιι,
752 5247 834 5301 14.
916 5246 962 5282 ³⁵
986 5247 1162 5305 Math.
1189 5265 1248 5317 x,
1275 5252 1364 5308 12.

2109 3656 2276 3710 Vers.
2306 3652 2395 3707 34.
2445 3651 2534 3707 Ne
2578 3649 2784 3720 putetis
2846 3679 2914 3689 —
2969 3646 3250 3717 gladium.
3287 3646 3330 3716 -ι-
3371 3644 3524 3711 Quid
3566 3659 3694 3717 per-

2038 3742 2310 3813 gladium
2332 3738 2719 3810 signiﬁcatur,
2741 3736 2854 3791 nisi
2885 3737 3065 3792 sectio
3084 3735 3269 3801 verbi,
3293 3734 3565 3790 dividens
3585 3748 3694 3805 pe-

2032 3832 2128 3902 jus
2151 3847 2187 3887 a
2211 3828 2462 3898 meliori,
2484 3830 2541 3884 et
2563 3839 2854 3898 separans
2880 3823 3123 3880 ﬁdelem
3152 3823 3228 3880 ab
3260 3821 3474 3878 inﬁdeli
3504 3837 3515 3876 :
3541 3821 3697 3877 exci-

2034 3926 2167 3976 tans
2217 3918 2397 3974 ﬁlium
2431 3920 2488 3973 et
2538 3915 2712 3971 ﬁliam
2746 3930 2816 3972 ac
2854 3928 3072 3970 nurum
3128 3913 3410 3969 adversus
3460 3914 3694 3983 patrem

2037 4012 2093 4065 et
2111 4012 2367 4064 matrem
2392 4022 2462 4063 ac
2488 4020 2762 4063 socrum:
2782 4007 2840 4061 et
2859 4017 3015 4061 nova.
3037 4017 3107 4061 ac
3126 3999 3385 4059 recentia
3406 3999 3693 4059 adversus

2038 4098 2288 4170 antiqua
2324 4101 2381 4153 et
2404 4096 2743 4153 inveterata.

2102 4285 2277 4357 Atqui
2305 4286 2448 4341 nato
2474 4298 2545 4340 eo
2570 4281 2849 4339 dicebant
2873 4280 3071 4351 angeli
3101 4300 3115 4336 :
3152 4278 3349 4337 Gloria
3379 4279 3443 4335 in
3473 4276 3696 4335 altissi-

2034 4374 2136 4428 mis
2165 4375 2296 4436 Deo,
2321 4379 2372 4428 et
2421 4372 2481 4426 in
2532 4376 2690 4427 terra
2733 4385 2856 4441 pax
2904 4370 2971 4421 ³⁸.
3004 4368 3075 4424 Et
3122 4368 3424 4441 prophetae
3479 4380 3696 4440 pacem

2035 4463 2163 4532 ejus
2190 4460 2709 4515 annuntiaverant.
2741 4466 2870 4530 Ipse
2896 4473 3139 4531 quoque
3169 4454 3471 4529 discipulis
3485 4456 3694 4528 jussit,

2039 4555 2100 4604 ut
2173 4549 2507 4620 quamlibet
2566 4548 2812 4602 domum
2875 4546 3292 4616 ingredientes,
3362 4559 3574 4616 pacem
3641 4543 3696 4600 ei

2038 4641 2305 4708 optarent
2344 4640 2411 4691 ³⁵.
2447 4637 2751 4702 Quomodo
2789 4650 2930 4703 ergo
2977 4650 3131 4688 nunc
3162 4634 3343 4689 dicit:
3374 4634 3507 4688 Non
3563 4632 3696 4687 veni

2036 4729 2319 4781 missurus
2364 4741 2571 4796 pacem,
2624 4725 2726 4778 sed
2765 4723 3027 4792 gladium
3053 4723 3080 4775 ?
3109 4722 3257 4786 Quia
3310 4719 3542 4788 gladius
3575 4719 3690 4785 hic,

2037 4831 2248 4886 pacem
2278 4815 2439 4868 illam
2470 4813 2730 4867 facturus
2760 4815 2866 4873 est,
2902 4810 2975 4864 de
3021 4826 3143 4880 qua
3172 4808 3449 4863 dixerunt
3477 4806 3693 4879 angeli,

2038 4908 2091 4957 et
2123 4902 2411 4958 anteillos
2439 4900 2759 4972 prOphetae.
2807 4897 3087 4952 Gladium
3146 4901 3344 4953 autem
3389 4899 3565 4948 vocat
3607 4894 3698 4949 di-

2040 4990 2344 5045 lectionem
2388 5005 2531 5059 erga
2584 5004 2667 5052 se,
2724 4991 2926 5058 utpote
2982 4984 3182 5041 ﬁdeles
3233 4984 3310 5040 ab
3363 4981 3694 5039 infidelibus

2043 5076 2454 5134 dividentem:
2533 5077 2704 5147 cujus
2779 5073 3221 5147 inexpugnabili
3290 5072 3514 5139 virtute,
3579 5069 3694 5143 ipsi

1544 5378 1767 5449 Variae
1805 5379 2136 5449 lectiones
2183 5388 2251 5448 et
2281 5389 2482 5447 notae.

414 5507 692 5585 (321011;.
730 5511 843 5577 VII,
876 5528 935 5585 p.
961 5516 1064 5570 392
1092 5518 1151 5570 E.

412 5582 524 5653 (33)
550 5582 788 5642 inclusa
827 5582 893 5639 in
919 5586 1192 5656 margine
1221 5587 1402 5646 habet
1423 5591 1491 5646 A.
1529 5591 1768 5662 Legirur
1784 5593 1879 5650 hic
1904 5593 2068 5651 locus
2088 5593 2149 5651 in
2189 5594 2480 5662 oratione,
2505 5595 2576 5653 είς
2604 5595 2669 5645 τὰ
2698 5590 2960 5666 ἐπιφάνια,
2982 5606 3042 5665 p.
3073 5588 3198 5643 236.
