4206 6310
506 284 610 344 343

1828 272 2180 331 EUTHYMII
2217 268 2548 327 ZIGABENI

3779 251 3925 311 344

503 424 746 485 quoque
767 421 983 479 genere
1018 405 1389 475 amicissimi,
1422 403 1592 460 citius
1619 418 1656 459 a
1682 404 1894 458 mutua
1915 402 2160 470 conjun-

2278 397 2378 448 ἀπὸ
2413 403 2511 447 τῶν
2541 398 2612 466 μὴ
2653 395 3020 459 πιστευόντων,
3062 387 3120 452 ἧς
3263 389 3458 462 ἀμάχῳ
3510 383 3737 458 δυνάμει
3805 378 3931 433 καὶ

505 501 696 557 ctione
719 500 858 553 sunt
886 495 1083 560 divisi,
1114 495 1400 566 facileque
1417 491 1721 548 abstracti.
1742 489 1898 547 Alibi
1921 493 2160 561 praeter-

504 606 576 647 ea
605 589 1014 644 vehementem
1048 585 1172 656 ejus
1198 583 1562 640 activitatem
1605 581 2042 644 demonstrans,
2075 577 2158 632 di-

501 679 587 736 xit
618 700 631 732 :
662 679 866 747 Ignem
891 676 1020 730 vem‘
1066 675 1357 730 missurus
1383 673 1447 728 in
1497 679 1713 728 terram
1742 671 1810 725 ³⁵.
1855 668 2163 740 Siquidem

505 767 762 840 primum
781 763 1130 821 abscindere
1147 761 1475 832 oportebat,
1493 762 1653 831 quod
1671 763 1796 814 erat
1811 756 2162 814 immedicat

502 855 666 913 bile:
701 853 915 910 deinde
967 851 1279 923 paciﬁcare
1326 855 1557 914 caetera,
1606 853 1664 904 et
1713 862 1855 915 erga
1899 846 2163 918 seipsum

507 951 565 1001 et
593 959 736 1014 erga
767 946 972 998 Deum.
998 941 1244 1012 Propter
1269 939 1382 994 hoc
1413 953 1555 1008 ergo
1581 936 1791 992 durius
1823 936 1906 991 ita
1933 935 2164 990 locutus

505 1036 614 1099 est,
647 1036 711 1087 ut
739 1031 832 1087 his
885 1030 1137 1100 cognitis
1167 1032 1374 1101 postea
1416 1042 1540 1083 non
1579 1026 1910 1082 turbentur.
1955 1022 2164 1079 Adhuc

506 1123 707 1180 autem
735 1134 1092 1182 sermonem,
1125 1118 1230 1190 qui
1255 1117 1330 1174 de
1359 1117 1474 1173 hoc
1505 1115 1697 1171 factus
1725 1119 1831 1179 est,
1861 1112 2160 1186 explanat,

506 1209 672 1266 brevi
695 1208 880 1265 verbo
901 1207 1171 1264 auditum
1194 1222 1404 1264 eorum
1429 1219 1731 1270 exercens,
1759 1219 1835 1260 ne
1857 1201 1936 1259 ob
1960 1217 2160 1258 rerum

506 1297 919 1356 difﬁcultatem
940 1296 1284 1354 reclamant.

528 1570 531 1572 ·
580 1550 744 1605 Vers.
772 1551 861 1604 35.
899 1546 1043 1603 Vem'
1061 1576 1129 1586 —
1151 1560 1371 1602 socrum
1387 1559 1574 1600 suam.
1603 1545 1643 1614 -ι-
1661 1541 1945 1599 ΜὶοΙιωω;
1968 1542 2160 1598 Filius

506 1636 921 1695 contumeliam
936 1636 1110 1706 faciet
1129 1635 1309 1704 patri,
1334 1639 1387 1690 et
1404 1633 1533 1702 ﬁlia
1553 1636 1859 1701 consurget
1881 1631 2162 1687 adversus

505 1730 756 1783 matrem
809 1741 1005 1795 suam,
1067 1738 1253 1778 nurus
1305 1721 1590 1777 adversus
1624 1736 1846 1775 socrum
1891 1735 2074 1788 suam,
2107 1725 2160 1776 et

505 1815 734 1871 inimici
758 1813 1010 1868 hominis
1039 1827 1234 1866 omnes
1258 1809 1564 1866 domestici
1589 1811 1717 1878 ejus
1747 1810 1813 1862 ³⁷.

579 1906 803 1958 Rursus
819 1917 923 1972 per
935 1902 1046 1955 hos
1059 1899 1462 1963 charissimos,
1482 1897 1901 1964 cognationem
1917 1911 2162 1952 omnem

506 1990 882 2061 significavit.
921 1987 1324 2056 Propriissime
1347 1992 1547 2041 autem
1570 1985 1738 2049 dixit,
1776 1991 1836 2041 ut
1857 1986 2163 2042 hominem

504 2079 625 2134 sive
641 2077 829 2132 ﬁlium
851 2076 1140 2130 dissidere
1159 2075 1373 2130 faciam
1390 2074 1676 2130 adversus
1710 2079 1936 2144 patrem
1962 2091 2161 2139 suum,

503 2167 689 2223 ﬁliam
704 2170 904 2221 autem
918 2165 995 2220 ad
1005 2180 1208 2218 versus
1225 2169 1476 2218 matrem
1490 2179 1676 2217 suam.
1700 2163 2004 2234 Siquidem
2019 2164 2162 2219 cha-

503 2256 690 2310 riores
721 2258 861 2309 sunt
893 2270 906 2308 :
940 2253 1096 2307 ﬁlius
1125 2252 1372 2324 quidem
1426 2252 1598 2322 patri,
1634 2251 1748 2306 tilia
1786 2267 1928 2307 vero
1966 2252 2160 2317 matri,

502 2347 746 2416 propter
772 2347 993 2398 naturae
1020 2340 1487 2395 similitudinem.
1513 2340 1599 2395 Ad
1621 2339 1745 2395 haec
1774 2356 1994 2396 nurum
2026 2347 2164 2412 apte

503 2432 648 2488 dixit
668 2431 956 2489 adversus
973 2445 1212 2485 socrum
1231 2444 1402 2484 suam
1426 2428 1808 2485 dividendam
1835 2444 1966 2486 esse
1990 2447 2008 2495 ;
2041 2446 2165 2488 ma-

503 2535 692 2592 gnum
705 2520 864 2576 enim
879 2535 1020 2575 cum
1040 2517 1422 2574 observantia
1440 2517 1753 2590 pudorem,
1769 2519 2163 2576 reverentiam

505 2625 576 2665 ac
604 2608 964 2682 obsequium
992 2607 1352 2664 exhibebant
1375 2621 1562 2662 nurus
1593 2605 1880 2662 socribus.
1915 2607 1980 2661 1n
2009 2623 2165 2663 nuru

504 2702 704 2755 autem
757 2696 1114 2767 signiﬁcavit
1142 2699 1200 2750 et
1242 2709 1528 2765 generum
1565 2694 1848 2750 adversus
1890 2711 2164 2751 socerum

503 2801 680 2842 suum
701 2781 1128 2856 separandum.
1145 2783 1642 2856 Superiusitaque
1665 2783 1774 2838 sim
1785 2783 2164 2854 plicemface-

502 2878 596 2930 rat
624 2873 1123 2929 enumerationem
1149 2871 1354 2928 dicens
1386 2889 1398 2927 :
1429 2871 1638 2926 Prodet
1675 2873 1870 2942 frater
1902 2873 2162 2941 fratrem

503 2962 566 3017 in
599 2968 864 3026 mortem,
894 2968 946 3018 et
969 2969 1140 3030 pater
1162 2961 1356 3031 ﬁlium
1384 2962 1430 2996 ³⁸
1462 2977 1475 3026 ;
1507 2960 1605 3016 hic
1640 2976 1778 3015 vero
1805 2959 1917 3016 alio
1974 2962 2159 3018 modo

503 3050 879 3107 enumeravit
903 3050 1248 3106 naturaliori
1281 3048 1598 3120 magisque
1623 3049 1892 3121 proprio.
1924 3049 2097 3116 Quod
2111 3050 2159 3105 si

503 3139 794 3196 dissidere
810 3140 951 3196 facit
969 3140 1277 3196 hominem
1295 3138 1589 3195 adversus
1614 3154 1772 3204 eum,
1793 3139 1895 3211 qui
1914 3139 2048 3210 ipso
2070 3156 2160 3196 su-

503 3229 702 3299 perior
731 3233 839 3298 est,
878 3227 1070 3285 multo
1101 3228 1296 3298 magis
1325 3227 1403 3283 ad
1417 3243 1617 3283 versus
1650 3228 1782 3298 conj
1795 3243 1992 3298 ugem,
2025 3245 2162 3300 quae

504 3315 619 3389 ipsi
633 3317 898 3390 subjecta
917 3322 1005 3372 est
1023 3316 1200 3385 :lillud
1218 3317 1378 3373 enim
1403 3315 1694 3380 naturale,
1709 3317 1823 3372 hoc
1850 3323 2048 3372 autem
2067 3333 2164 3373 as-

507 3404 749 3459 cititium
776 3410 881 3461 est.
903 3406 1152 3461 Proinde
1180 3406 1294 3461 hoc
1321 3405 1492 3476 quasi
1523 3405 1912 3461 manifestum
1931 3405 2166 3477 reliquit

505 3491 977 3561 intelligendum.
1005 3494 1071 3548 1n
1104 3493 1488 3564 sequentibus
1515 3508 1653 3547 vero
1679 3493 1858 3546 etiam
1888 3509 2167 3564 expresse

509 3579 584 3634 de
605 3580 963 3650 conjugibus
995 3579 1505 3645 commemorabit,
1534 3579 1779 3635 dicens:
1811 3579 2030 3645 Omnis,
2065 3581 2170 3653 qui

509 3667 818 3738 reliquerit
838 3669 1091 3736 domum,
1120 3674 1225 3726 aut
1246 3670 1489 3740 fratres,
1523 3674 1630 3726 aut
1651 3684 1898 3737 sorores,
1933 3676 2034 3725 aut
2057 3685 2169 3740 pa-

510 3765 673 3824 trem,
700 3764 806 3813 aut
827 3765 1096 3831 matrem,
1127 3763 1234 3816 aut
1263 3774 1528 3824 uxorem,
1549 3765 1653 3815 aut
1677 3758 1968 3829 ﬁlios,aut
1995 3775 2172 3830 agros

505 3854 749 3917 propter
776 3864 984 3905 nomen
1012 3865 1222 3914 meum,
1251 3850 1527 3919 centupla
1567 3849 1831 3918 accipiet,
1857 3855 1911 3906 et
1942 3851 2076 3906 vitae
2098 3865 2176 3907 ω-

512 3941 694 3992 ternav
717 3940 999 3995 sortz'etur
1029 3940 1425 3996 hwreditatem
1455 3939 1530 3994 ⁸ο.

587 4023 750 4081 Vers.
786 4027 877 4084 36.
916 4028 996 4082 Et
1037 4028 1267 4082 inimici
1298 4057 1364 4068 -—
1410 4029 1556 4094 eius.
1603 4027 1726 4081 Hoc
1756 4026 2175 4098 propheticum

518 4116 610 4167 est
633 4113 907 4178 verbum,
930 4114 1152 4169 dictum
1174 4113 1317 4168 olim
1349 4113 1638 4167 adversus
1654 4113 1904 4180 Judmos,
1929 4115 2175 4185 quando

521 4203 727 4256 contra
759 4217 822 4256 se
843 4201 1096 4257 invicem
1124 4199 1526 4256 dissensiones
1550 4199 1881 4256 habebant.
1909 4201 2174 4257 Christus

521 4293 724 4349 autem
744 4293 1079 4362 opportune
1102 4288 1329 4361 aptavit
1359 4288 1448 4342 his
1473 4304 1608 4360 qua:
1631 4289 1786 4345 dicta
1803 4294 1960 4356 sunt,
1995 4289 2176 4360 signi-

518 4383 710 4440 ﬁcans
735 4379 902 4452 quod
930 4393 1141 4434 omnes
1171 4376 1481 4433 domestici
1511 4377 1638 4449 ejus
1692 4377 1798 4452 qui
1846 4379 2176 4436 crediturus

522 4474 629 4536 est,
661 4467 887 4525 inimici
916 4467 1044 4538 ejus
1069 4465 1418 4523 efﬁcientur.

597 4562 758 4615 Vere.
788 4562 852 4615 37
868 4601 882 4615 .
913 4556 1025 4625 Qui
1053 4559 1209 4614 amat
1224 4586 1286 4596 —
1307 4557 1538 4628 dignus.
1562 4556 1663 4613 Hic
1685 4572 1928 4631 quoque
1945 4558 2019 4615 de
2037 4558 2176 4616 solis

526 4647 991 4706 ascendentibus
1010 4645 1570 4703 etdescendentibus
1583 4646 1644 4702 in
1659 4662 2025 4720 unoquoque
2056 4648 2176 4704 dis-

528 4738 722 4810 seruit,
760 4742 1045 4810 tanquam
1065 4735 1261 4806 magis
1285 4735 1542 4808 propriis
1561 4742 1615 4791 et
1636 4734 2048 4792 familiaribus.
2071 4736 2179 4802 Qui

529 4832 713 4894 amat,
745 4827 956 4900 inquit,
983 4825 1114 4881 illos
1146 4841 1328 4898 supra
1359 4840 1454 4880 me
1484 4841 1496 4880 :
1529 4841 1672 4880 nam
1704 4824 1952 4897 quando
1982 4825 2065 4880 illi
2095 4825 2180 4898 pii

529 4919 688 4982 sunt,
716 4915 1032 4972 honestum
1053 4917 1140 4970 est
1164 4913 1292 4970 illos
1319 4928 1541 4970 amare.
1577 4914 1818 4985 Semper
1837 4918 2037 4972 autem
2069 4930 2182 4971 ma.

528 5005 658 5062 lum
695 5007 784 5061 est
808 5018 1012 5061 amare
1036 5001 1170 5060 illos
1202 5018 1387 5076 supra
1419 5004 1630 5059 Deum.

2271 485 2410 537 αύτὰ
2452 487 2517 536 τὰ
2546 483 2761 555 φίλτατα
2805 485 2926 552 ’γένη
2985 483 3168 533 θᾶττον
3220 476 3619 534 διεσπάσθησαν
3677 472 3739 525 ἐκ
3801 480 3931 532 τῆς

2272 573 2496 632 ἀλλήλων
2563 575 2860 643 συναφείας,
2917 575 3006 622 καὶ
3055 569 3282 640 εὐχερῶς
3328 565 3714 641 ἀπερράγησαν.
3787 563 3928 617 Καὶ

2275 661 2508 734 ἀλλαχοῦ
2551 657 2608 713 δὲ
2660 664 2717 712 τὸ
2771 655 2996 732 σφοδρὸν
3042 657 3204 719 αὐτῆς
3254 662 3344 708 καὶ
3397 653 3720 728 δραστήριον
3800 650 3925 722 ἐμ.-

2273 755 2463 824 φαίνων
2531 754 2748 824 εἴρηκεν,
2818 750 2898 800 ὅτι
2961 754 3069 822 Πῦρ
3147 747 3298 805 ἦλθον
3383 743 3556 817 βαλεῖν
3624 741 3709 793 ἐπὶ
3797 743 3921 798 τὴν

2270 848 2389 912 γῆν.
2450 836 2596 894 Ἔδει
2642 841 2766 912 γὰρ,
2826 833 2932 890 ἔδει
2981 844 3182 910 πρῶτον
3237 835 3563 893 ἀποκοπῆναι
3613 834 3671 883 τὸ
3723 828 3920 880 ἀνιά-

2271 950 2368 990 τως
2410 931 2556 1000 ἔχον,
2599 925 2708 980 εἶτα
2736 929 2794 978 τὸ
2841 925 3018 978 λοιπὸν
3069 925 3382 998 εἰρηνεῦσαι,
3438 926 3566 994 πρὸς
3599 939 3654 972 τε
3693 918 3916 988 ἑαυτὸ,

2277 1024 2366 1070 καὶ
2396 1022 2522 1093 πρὸς
2551 1021 2638 1069 τὸν
2669 1019 2815 1070 Θεὸν.
2850 1017 2944 1068 Διὰ
2972 1022 3123 1067 τοῦτο
3170 1017 3342 1066 τοίνυν
3393 1012 3550 1070 οὕτως
3598 1008 3924 1080 ἀποτόμως

2273 1103 2432 1176 εἶπεν,
2521 1107 2604 1159 ἱνα
2658 1111 2994 1177 γινώσκοντες
3067 1110 3254 1170 ταῦτα,
3342 1106 3412 1174 μὴ
3494 1101 3916 1172 ταράττωνται.

2275 1195 2647 1270 Προσεξωπλοῖ
2701 1190 2760 1248 δὲ
2796 1197 2885 1245 καὶ
2935 1195 3012 1246 ἔτι
3047 1195 3134 1244 τὸν
3172 1195 3289 1265 περὶ
3338 1192 3517 1243 τούτου
3555 1188 3730 1258 λόγον,
3801 1206 3921 1256 γυ-

2277 1285 2485 1358 μνάζων
2527 1289 2618 1342 τὴν
2667 1282 2826 1341 ἀκοὴν
2881 1282 3045 1334 αὐτῶν
3100 1289 3161 1354 τῇ
3210 1282 3510 1355 τραχύτητι
3545 1286 3644 1330 τῶν
3696 1275 3917 1349 ῥημάο

2269 1394 2389 1441 των,
2424 1375 2506 1426 ἱνα
2534 1378 2604 1446 μὴ
2652 1374 2699 1424 ἐν
2748 1379 2809 1444 τῇ
2860 1368 3120 1442 δυσκολίᾳ
3150 1378 3249 1422 τῶν
3291 1369 3608 1443 πραγμάτων
3641 1364 3914 1437 ἰλιγγιά-

2274 1483 2463 1518 σωσιν.

2339 1551 2529 1605 Ἦλθον
2591 1582 2659 1592 -
2701 1557 2795 1610 τῆς
2841 1551 3086 1623 πενθερᾶς
3137 1548 3318 1609 αὐτῆς.
3373 1547 3531 1620 [(33)
3583 1549 3851 1616 Μιχαίου
3888 1562 3903 1575 ·

2273 1643 2506 1715 θυγάτηρ
2583 1638 3001 1696 ἐπαναστήσεται
3081 1637 3168 1690 ἐπὶ
3231 1641 3324 1694 τὴν
3405 1639 3606 1709 μητέρα
3687 1633 3907 1698 αὐτῆς,

2203 1732 2445 1802 Βνύμφη
2537 1728 2620 1781 ἐπὶ
2674 1733 2767 1786 τὴν
2842 1729 3086 1802 πενθερὰν
3143 1726 3300 1786 αὐτῆς
3335 1741 3346 1754 ·
3415 1723 3598 1797 ἐχθροὶ
3655 1719 3902 1796 ἀνδρὸς,

2273 1821 2458 1878 πάντες
2488 1820 2536 1870 οἱ
2566 1816 2614 1868 ἓν
2643 1825 2715 1888 τῷ
2752 1820 2876 1888 οἴκῳ
2907 1815 3086 1870 αὐτοῦ.
3116 1814 3137 1887 ]

2352 1910 2513 1959 Πάλιν
2547 1902 2640 1958 διὰ
2685 1913 2784 1957 τῶν
2824 1904 3076 1976 φιλτάτων
3123 1907 3340 1970 τούτων,
3386 1907 3634 1955 παντοίαν
3688 1906 3902 1973 συγγέ-

2273 2015 2408 2048 νειαν
2469 1995 2686 2067 ἐνέφηνε.
2747 1994 3049 2046 θὶκειότατα
3107 1990 3164 2045 δε
3223 1990 3377 2059 εἶπεν,
3437 1993 3705 2064 ἄνθρωπον
3763 1996 3893 2063 μὲν,

2274 2087 2435 2136 εἴτουν
2489 2086 2620 2148 υἱόν,
2676 2081 2858 2134 διελεῖν
2915 2085 3049 2134 κατὰ
3100 2090 3190 2134 τοῦ
3244 2086 3436 2154 πατρὸς
3476 2083 3655 2150 αὐτοῦ,
3717 2084 3891 2153 θύγα-

2273 2177 2395 2246 τέρα
2442 2169 2500 2223 δὲ
2547 2174 2681 2223 κατά
2723 2179 2816 2232 τῆς
2857 2175 3050 2242 μητρὸς
3101 2170 3294 2230 αῦτῆς⁶
3347 2169 3574 2242 φίλτεροι
3611 2173 3714 2244 γὰρ
3765 2173 3889 2232 uio;

2274 2265 2363 2333 μεν
2421 2265 2603 2330 πατρὶ,
2653 2261 2886 2332 θυγάτηρ
2945 2258 3002 2311 δε
3069 2264 3248 2333 μητρὶ,
3313 2255 3386 2310 δι’
3444 2260 3730 2330 ὁμοιότητα
3779 2261 3873 2329 φύ-

2276 2369 2422 2410 σεως.
2484 2353 2584 2401 Καὶ
2642 2353 2728 2406 τὴν
2782 2351 2982 2420 νύμφην
3041 2345 3100 2399 δὲ
3167 2348 3318 2407 αὖθις
3382 2344 3648 2420 ἁρμοδίως
3704 2351 3876 2419 εἰρηκε

2277 2436 2508 2509 διχάσαι
2537 2440 2672 2490 κατὰ
2707 2445 2801 2498 τῆς
2830 2439 3070 2510 πενθερᾶς
3102 2437 3282 2497 αὐτῆς.
3321 2435 3516 2493 Πολλὴν
3561 2439 3663 2509 γὰρ
3713 2432 3878 2499 αἰδὼ,

2273 2532 2362 2579 καὶ
2405 2531 2582 2597 τιμὴν,
2640 2531 2730 2578 καὶ
2785 2527 3054 2600 θεραπείαν
3103 2532 3356 2597 παρεῖχον
3409 2527 3464 2576 αἱ
3510 2545 3703 2597 νυμφαι
3760 2521 3882 2585 ταῖς

2273 2617 2558 2690 πενθεραῖς.
2623 2617 2718 2667 Διὰ
2775 2611 2833 2666 δε
2904 2621 2999 2675 τῆς
3066 2616 3283 2686 νύμφης,
3335 2610 3566 2671 ἐδήλωσε
3625 2619 3712 2665 καὶ
3778 2619 3881 2665 τὸν

2272 2709 2487 2775 νυμφίον
2557 2705 2693 2754 κατὰ
2746 2710 2837 2754 τοῦ
2894 2704 3138 2776 πενθεροῦ
3210 2698 3577 2773 διχαζόμενον.
3651 2703 3868 2753 Ὀπίσω

2274 2795 2362 2864 μὲν
2414 2789 2502 2844 οὖν
2558 2791 2724 2850 ἁπλῆν
2779 2790 3138 2863 ἀπαρίθμησιν
3197 2789 3498 2860 ἐποιήσατο,
3555 2789 3718 2855 εἰπὼν,
3775 2791 3866 2841 ὅτι

2275 2877 2588 2953 Παραδὼσει
2637 2877 2854 2950 ἁδελφὸς
2901 2876 3117 2951 ἀδελφὸν
3157 2879 3230 2941 εἰς
3281 2881 3518 2944 θάνατον,
3555 2883 3643 2931 καὶ
3691 2883 3869 2951 πατὴρ

2271 2972 2441 3020 τέκνον
2477 2986 2488 2997 °
2568 2967 2788 3020 ἐνταῦθα
2867 2965 2926 3020 δὲ
3009 2972 3196 3040 τρόπον
3251 2969 3415 3042 ἕτερον
3464 2967 3881 3040 ἁπηριθμήσατο

2275 3060 2623 3127 φυσικώτερον
2660 3075 2711 3108 τε
2749 3061 2837 3108 καὶ
2885 3062 3284 3130 σχετικώτερον,
3343 3056 3403 3108 Εἰ
3448 3052 3505 3108 δὲ
3533 3059 3618 3108 τὸν
3667 3057 3881 3130 ἅνθρω-

2273 3162 2366 3195 πον
2430 3140 2655 3214 διχάσει
2707 3146 2839 3196 κατὰ
2883 3153 2976 3196 τοῦ
3034 3145 3395 3218 ὑπερκειμένου
3453 3147 3649 3218 πατρὸς
3688 3144 3882 3210 αὐτοῦ,

2273 3231 2441 3302 πολλῷ
2483 3231 2670 3304 μᾶλλον
2722 3235 2859 3285 κατὰ.
2901 3241 2992 3294 τῆς
3047 3236 3384 3305 ὑποκειμένης
3425 3233 3565 3304 αύτῷ
3615 3236 3885 3304 συζύγου.

2273 3328 2375 3372 Τοῦ
2407 3324 2496 3394 μεν
2526 3324 2626 3394 γὰρ
2661 3323 2834 3393 φύσει,
2875 3329 2969 3383 τῆς
3022 3317 3080 3374 δε
3136 3323 3272 3374 θέσει
3317 3325 3374 3373 τὸ
3420 3321 3644 3394 φίλτρον,
3683 3329 3891 3394 Τιμιώ-

2274 3428 2418 3482 τερον
2469 3406 2528 3460 δε
2571 3413 2630 3461 τὸ
2661 3429 2811 3481 φυσει
2841 3417 2931 3462 τοῦ
2983 3411 3138 3462 θέσει.
3184 3412 3377 3462 Λοιπὸν
3412 3410 3520 3476 οὖν,
3571 3413 3639 3471 ὡς
3693 3407 3888 3476 δῆλον,

2277 3496 2441 3569 ἀφῆκε
2489 3494 2642 3550 τούτο
2693 3500 2947 3555 νοεῖσθαι.
3009 3502 3205 3570 Προϊὼν
3262 3494 3320 3550 δὲ
3375 3499 3545 3572 ῥητῶς
3617 3505 3704 3551 καὶ
3756 3505 3895 3575 περὶ

2275 3594 2375 3638 τῶν
2440 3586 2679 3657 συζύγων
2739 3583 2978 3651 διέξεισι,
3041 3586 3220 3657 λέγων,
3279 3588 3358 3638 ὅτι
3417 3593 3515 3648 πᾶς
3570 3587 3620 3647 ὃς
3684 3585 3891 3658 ἀφῆκεν

2279 3677 2464 3742 οἰκίαν,
2505 3677 2533 3736 ἣ
2573 3672 2844 3748 ἀδελφούς,
2892 3676 2920 3735 ἦ
2969 3672 3212 3747 ἀδελφὰς,
3249 3677 3277 3736 ἡ
3329 3681 3544 3748 πατέρα,
3587 3677 3615 3734 ἦ
3651 3679 3891 3749 μητέρα,

2281 3769 2310 3825 ἦ
2353 3774 2596 3836 ⁹γυναῖκα,
2644 3767 2670 3824 ἡ
2723 3770 2894 3832 τέκνα,
2946 3765 2975 3822 ἢ
3025 3764 3233 3839 ἀγρούς,
3284 3766 3441 3817 ἕνεκεν
3484 3773 3575 3816 τοῦ
3630 3764 3898 3836 ὀνόματός

2281 3873 2404 3927 μου,
2454 3854 2956 3907 ἑκατονταπλασίονα
3017 3852 3260 3923 λήψεται,
3332 3857 3421 3905 καὶ
3470 3853 3608 3914 ζωήν
3671 3853 3896 3908 αἰώνιον

2281 3942 2572 4016 κληρονομή
2584 3962 2682 3996 σει.

2356 4035 2457 4083 Καὶ
2498 4030 2682 4103 ἐχθροὶ
2729 4063 2798 4072 —-
2847 4031 3027 4083 αὑτοῦ.
3077 4039 3242 4084 Τοῦτο
3290 4036 3608 4106 προφητικὸν
3655 4031 3768 4084 ἐστι
3829 4037 3893 4086 τὸ

2281 4120 2438 4191 ῥητὸν
2478 4118 2660 4190 λεχθὲν
2711 4119 2871 4171 πάλαι
2929 4122 3063 4172 κατὰ
3117 4129 3215 4172 τῶν
3271 4118 3560 4187 Ἰουδαίων,
3629 4122 3712 4174 ὅτε
3764 4123 3891 4175 κατ’

2283 4206 2511 4265 ἀλλήλων
2551 4205 2885 4278 ἐσχίσθησαν
2921 4228 2932 4241 ο
2965 4211 2991 4260 ὁ
3045 4206 3102 4261 δε
3153 4213 3382 4282 Χριστὸς
3434 4210 3683 4284 εὐκαίρως
3726 4220 3891 4264 τοῦτο

2281 4300 2383 4355 τοῖς
2429 4300 2782 4367 προκειμένοις
2831 4303 3190 4372 προσήρμοσε,
3241 4294 3432 4364 δηλῶν,
3483 4300 3562 4351 ὅτι
3612 4301 3798 4361 πάντες
3840 4301 3891 4353 οἱ

2283 4383 2464 4437 οἰκεῖοι
2518 4391 2610 4438 τοῦ
2653 4385 2912 4457 μελλοντος
2963 4389 3223 4439 πιστεύειν
3281 4385 3466 4460 ἐχθροὶ
3518 4389 3684 4460 τούτῳ
3729 4395 3890 4460 ’γενή-

2208 4471 2252 4526 Ι)
2287 4492 2486 4526 σονται.

2353 4561 2412 4614 Ὀ
2465 4561 2619 4634 φιλῶν
2677 4593 2745 4604 -
2805 4563 2963 4626 ἄξιος.
3041 4561 3318 4617 Κάνταῦθα
3382 4569 3501 4638 περὶ
3559 4569 3725 4636 μόνων
3783 4575 3884 4618 τῶν

2287 4650 2526 4704 ἀνιόντων
2581 4657 2671 4704 καὶ
2730 4658 3009 4704 κατιόντων
3088 4651 3161 4723 ἐφ’
3211 4652 3413 4724 ἑκάστῳ
3489 4649 3746 4725 διελαϐεν,
3813 4657 3882 4714 ὡς

2288 4740 2624 4814 οἰκειοτέρων.
2676 4739 2734 4792 Ὀ
2796 4740 2970 4812 φιλῶν,
3035 4745 3214 4812 φησὶν,
3286 4740 3495 4812 αὐτοὺς,
3552 4743 3697 4817 ὑπὲρ,
3774 4742 3886 4815 ἐμέ.

2286 4827 2407 4881 Ὀτε
2459 4832 2548 4900 μεν
2604 4831 2701 4904 γὰρ
2762 4829 3082 4894 εὐσεϐοῦσιν,
3138 4828 3290 4881 καλὸν
3332 4833 3390 4881 τὸ
3449 4830 3607 4903 φιλεῖν
3653 4831 3844 4895 αύτούς
3873 4853 3888 4866 ο

2290 4916 2369 4970 ἀεὶ
2409 4913 2467 4971 δε
2493 4921 2671 4984 κακὸν,
2709 4919 2766 4969 τὸ
2795 4917 2953 4989 φιλεῖν
2984 4917 3172 4980 αὐτοὺς
3202 4920 3328 4992 ὑπὲρ
3349 4921 3434 4972 τὸν
3466 4923 3613 4974 Θεὸν.

601 5155 650 5192 ⁸³
679 5155 816 5211 Luc.
843 5169 938 5220 xu,
964 5156 1052 5210 49.
1087 5155 1130 5189 ⁸⁷
1165 5152 1338 5210 Mich.
1361 5168 1461 5219 vn,
1495 5157 1551 5210 6.
1592 5155 1640 5190 ⁸⁸
1663 5152 1864 5210 Matth.
1903 5169 1962 5220 x,
1995 5157 2082 5208 2t.
2113 5154 2161 5189 ⁸³

2274 5154 2383 5214 tth.
2412 5170 2529 5220 nx,
2556 5159 2648 5213 29.

1753 5330 2328 5401 Variaelectiones
2359 5341 2425 5402 et
2457 5346 2656 5403 nota.

604 5521 714 5596 (34)
749 5524 879 5579 Haec
907 5537 1042 5597 quas
1068 5521 1300 5582 inclusa
1333 5527 1490 5594 sunt,
1521 5533 1767 5600 uterque
1798 5527 1987 5584 Codex
2024 5527 2209 5586 habet
2237 5528 2300 5587 in
2338 5531 2616 5603 margine.
2641 5531 2821 5591 Paulo
2843 5531 3086 5591 inferius
3123 5534 3383 5594 habebat
3416 5537 3760 5596 Hentenius.
