4206 6310
265 345 381 402 345

1262 346 1634 406 COMMENT.
1676 348 1745 402 IN
1786 347 2235 406 MATTH/EUM.
2274 379 2340 389 —
2374 349 2535 405 CAP.
2577 347 2673 405 ΧΙ.

3528 350 3633 406 346

353 476 456 526 Καὶ
484 471 534 532 ὃς
559 502 623 512 -
654 470 816 534 ἄξιος.
851 475 1072 548 Σταυρὸν
1101 472 1258 545 λέγει,
1285 477 1371 525 τόν
1401 477 1530 546 πρὸς
1558 476 1623 525 τὰ
1650 472 1864 546 βιωτικὰ

2056 476 2219 530 Vers.
2255 474 2342 529 38.
2378 475 2452 529 Et
2482 475 2586 545 qui
2621 506 2689 514 —
2730 474 2958 546 dignus.
2999 476 3244 532 Crucem
3276 478 3451 533 vocat
3481 491 3633 531 mor-

280 562 517 625 θάνατον,
572 556 709 611 διότι
742 563 1025 632 θανάσιμον
1057 559 1117 619 ἦν
1157 566 1371 636 ὄργανον
1412 564 1436 613 ὁ
1470 566 1707 637 σταυρὸς.
1756 566 1868 635 Χρὴ

274 652 380 724 γὰρ
412 654 496 701 τὸν
551 647 846 701 ἀκολουθεῖν
876 650 1119 721 μελλοντα
1170 660 1241 721 τῷ
1272 659 1504 724 Χριστῷ,
1561 654 1873 724 ⁸ιεκρωθῆναι

275 742 404 810 πρὸς
436 740 521 797 τὰς
572 741 830 808 κοσμικὰς
859 735 1073 807 ήδονὰς,
1127 742 1195 801 ὡς
1237 739 1440 800 ἐκεῖνος.
1482 739 1785 794 Ἀκολουθεῖ
1815 736 1873 792 δὲ

273 826 446 879 ὀπίσω
477 825 660 895 αὐτοῦ,
693 832 794 887 πᾶς
825 828 849 878 ό
887 825 1080 901 βαίνων
1129 828 1244 880 κατ’
1302 832 1450 901 ἴχνος
1490 837 1584 889 τῆς
1613 828 1873 890 πολιτείας

271 915 455 969 αὐτοῦ.

337 1003 397 1055 Ὀ
428 1034 497 1043 —
532 1001 774 1056 ἀπολέσει
795 1004 975 1061 αὐτήν.
999 1036 1062 1045 -
1084 1004 1142 1056 ’0
1172 1007 1349 1081 εὑρὼν,
1382 1004 1495 1058 ἀντὶ
1515 1013 1625 1076 τοῦ,
1653 1006 1711 1058 Ὀ
1749 1025 1869 1080 κερ-

264 1086 437 1152 δάνας
462 1090 623 1150 αὗτήν
655 1094 703 1143 ἐν
733 1102 896 1167 καιρῷ
923 1099 1233 1168 μαρτυρίου,
1262 1100 1350 1146 καὶ
1379 1099 1449 1166 μὴ
1472 1094 1725 1156 ἀπολέσας
1756 1095 1869 1165 (35)

268 1179 434 1237 αὐτὴν
467 1175 539 1232 δι’
568 1179 893 1253 ἀναιρέσεως,
927 1181 1073 1244 οὗτος
1106 1181 1344 1236 ἀπολέσει
1366 1184 1544 1254 αὐτὴν,
1586 1183 1632 1235 ἕν
1652 1192 1722 1253 τῷ
1750 1183 1869 1255 μελ-

267 1266 414 1320 λοντι
444 1274 610 1335 αίῶνι,
671 1274 959 1338 τουτέστιν,
1024 1271 1092 1333 εὶς
1125 1272 1337 1325 κόλασιν
1392 1272 1619 1345 ἐμϐαλεῖ,
1653 1275 1720 1333 ὡς
1749 1292 1870 1347 προ-

273 1352 568 1409 δεδωκυῐαν
592 1363 686 1417 τὴν
725 1364 924 1411 πίστιν.

348 1451 448 1497 Καὶ
478 1448 502 1497 ό
534 1478 597 1487 -
631 1448 840 1521 εὑρήσει
870 1448 1049 1507 αὐτήν.
1080 1448 1139 1502 Ὁ
1193 1446 1251 1502 δε
1282 1448 1572 1525 ἀφαιρεθεὶς
1604 1451 1763 1509 αὐτὴν
1795 1447 1869 1503 δι’

272 1531 358 1605 ἐμὲ
386 1537 531 1609 παρὰ
559 1543 656 1587 τῶν
688 1534 942 1603 ἀπίστων,
1003 1538 1153 1600 οὗτος
1188 1540 1397 1613 εὑρήσει
1454 1540 1643 1611 μᾶλλον
1683 1541 1865 1605 αὐτὴν,

271 1626 455 1693 ἤγουν,
482 1621 738 1698 κερδανεῖ,
773 1632 953 1682 σώσει.
1007 1633 1183 1680 Ταῦτα
1232 1624 1290 1680 δὲ
1319 1628 1502 1698 ἔλεγεν,
1538 1628 1748 1699 ἀπάγων
1770 1633 1867 1701 μὲν

275 1710 466 1773 αὐτοὺς
512 1721 605 1776 τῆς
655 1712 888 1784 ἀγεννοῦς
944 1715 1286 1788 φιλοψυχίας·
1328 1720 1636 1791 παραθήγων
1670 1714 1727 1771 δε
1762 1718 1868 1770 ἐπι-

1984 568 2099 618 tem
2139 563 2214 618 ad
2247 580 2315 619 ea
2345 580 2475 635 quae
2511 563 2717 618 mundi
2759 569 2897 619 sunt
2940 584 2951 622 :
2994 565 3135 636 quia
3167 565 3373 620 mortis
3420 565 3634 620 instru-

1985 658 2249 707 mentum
2298 657 2421 706 erat
2467 668 2631 706 crux.
2682 654 2923 723 Oportet
2974 654 3129 708 enim
3175 670 3309 709 eum
3342 655 3439 727 qui
3476 654 3633 709 Chri—

1982 746 2135 795 stum
2152 745 2455 795 secuturus
2478 746 2584 805 est,
2602 747 2900 796 mortuum
2924 758 3053 796 esse
3068 745 3141 797 ad
3170 743 3508 799 mundanas
3535 760 3631 797 vo—

1979 829 2259 901 luptates,
2292 829 2446 883 sicut
2474 829 2589 886 ille.
2613 830 2886 901 Sequitur
2916 837 3113 885 autem
3140 831 3324 897 illum,
3356 832 3629 905 quisquis

1981 932 2080 989 per
2109 917 2362 986 vestigia
2389 919 2856 974 conversationis
2888 920 3017 989 ejus
3045 918 3282 974 incedit.

2056 1006 2216 1061 Vers.
2266 1011 2350 1061 39.
2390 1008 2501 1073 Qui
2530 1039 2596 1047 —
2626 1008 2823 1077 perdet
2850 1024 2999 1064 eam.
3035 1009 3142 1072 Qui
3174 1009 3481 1073 invenerit,
3513 1008 3627 1063 hoc

1980 1098 2086 1165 est,
2120 1094 2379 1150 lucratus
2422 1096 2595 1151 fuerit
2642 1102 2905 1167 tempore
2939 1097 3230 1168 martyrii,
3267 1101 3322 1151 et
3354 1112 3473 1151 non
3507 1112 3630 1168 per-

1979 1182 2191 1238 diderit
2244 1200 2348 1256 per
2401 1189 2674 1251 mortem,
2724 1185 2820 1240 hic
2872 1185 3077 1256 perdet
3124 1202 3257 1240 eam
3310 1185 3369 1239 in
3426 1184 3625 1240 futuro

1980 1272 2219 1336 saeculo,
2266 1274 2377 1327 hoc
2435 1278 2543 1338 est,
2602 1274 2662 1329 in
2718 1274 3074 1345 supplicium
3127 1274 3368 1345 injiciet,
3417 1288 3629 1345 nempe

1977 1361 2204 1432 perdita
2232 1362 2374 1417 ﬁde.

2049 1451 2209 1505 Vers.
2235 1451 2321 1504 39.
2351 1452 2429 1506 Et
2450 1452 2553 1522 qui
2574 1482 2633 1489 —
2662 1451 2919 1507 inveniet
2946 1467 3093 1509 eam.
3118 1452 3217 1507 Cui
3242 1451 3438 1507 ablata
3458 1451 3629 1507 fuerit

1977 1553 2104 1594 mea
2122 1554 2301 1595 causa
2322 1540 2399 1595 ab
2422 1539 2786 1609 inﬁdelibus,
2808 1540 2903 1595 hic
2925 1541 3123 1612 potius
3150 1540 3408 1596 inveniet
3438 1541 3616 1606 illam,

1978 1627 2095 1682 sive
2121 1627 2465 1693 lucrabitur,
2493 1628 2550 1683 id
2581 1634 2691 1695 est,
2717 1629 2993 1684 servabit.
3021 1632 3152 1684 Haec
3166 1633 3366 1685 autem
3391 1630 3628 1684 dicebat

1978 1715 2281 1772 adducens
2307 1717 2435 1772 illos
2461 1718 2538 1773 ab
2572 1718 2791 1788 ignavo
2816 1718 2945 1772 vitae
2977 1735 3199 1783 amore,
3230 1724 3285 1773 et
3311 1720 3384 1774 ad
3416 1725 3628 1789 marty-

274 1803 333 1850 τὸ
364 1804 663 1876 μαρτύριον.
685 1804 785 1857 Καὶ
808 1802 1041 1876 ἀλλαχού
1066 1803 1140 1877 [ἐν
1167 1806 1279 1876 (36)
1300 1814 1369 1876 τῲ
1396 1816 1688 1879 τριακοστῷ
1711 1812 1864 1879 τρίτῷ

1981 1804 2132 1860 rium
2155 1821 2521 1877 provocans:
2543 1807 2707 1878 quod
2731 1807 2904 1862 etiam
2932 1806 3409 1863 tricesimotertio
3437 1808 3625 1878 capite

272 1888 531 1961 κεφαλαίῳ
560 1890 581 1963 ]
614 1887 647 1943 δ
651 1896 671 1942 ε
695 1892 867 1961 πάλιν,
891 1892 1067 1967 ἑτέρως
1088 1895 1113 1945 ό
1135 1899 1356 1969 Χριστός
1375 1899 1433 1947 τὸ
1455 1900 1616 1969 παρὸν
1638 1916 1867 1968 μετεχει-

270 1983 463 2049 ρίσατο
504 1980 612 2050 (37)
643 1984 830 2053 νόημα,
900 1987 1000 2034 Καὶ
1061 1982 1302 2046 πολλάκις
1352 1983 1430 2036 ἐπὶ
1473 1984 1667 2036 πολλῶν
1726 1987 1869 2037 εἴωθε

270 2076 426 2119 τοῦτο
452 2075 629 2123 ποιεῖν,

340 2156 398 2207 Ὀ
438 2188 505 2197 —
553 2160 638 2208 τὸν
698 2157 1077 2211 ἀποστείλαντά
1132 2180 1213 2231 με.
1284 2169 1459 2213 Ταῦτα
1525 2159 1679 2228 εἶπεν,
1734 2164 1867 2218 ἀνοί-

261 2265 370 2315 γων
403 2253 508 2305 τοῖς
536 2248 799 2317 μαθηταῖς
853 2251 945 2308 τὰς
986 2248 1155 2311 οἰκίας
1211 2259 1307 2301 τῶν
1354 2257 1720 2306 πιστευόντων.
1785 2260 1867 2315 Τίς

255 2336 360 2408 γάρ
424 2334 518 2385 οὐκ
572 2334 631 2386 ἆν
695 2335 969 2397 ἀσπασίως
1020 2338 1207 2400 αὐτοὺς
1265 2340 1472 2406 ίξενισε,
1523 2342 1712 2413 μελλων
1744 2344 1866 2396 ὑποο

260 2418 523 2484 δέξασθαι
566 2421 641 2475 δι’
676 2425 843 2476 αὐτῶν
866 2429 955 2497 μὲν
985 2429 1068 2478 τόν
1104 2430 1243 2497 Υἰόν,
1279 2424 1372 2481 διὰ
1396 2438 1486 2481 τοι)
1515 2433 1636 2482 Υίοῡ
1668 2428 1747 2499 δὲ,
1779 2436 1866 2485 τὸν

266 2515 478 2586 Πατέρα
510 2528 523 2577 ;

337 2600 397 2651 Ὀ
428 2599 764 2672 -λήψεται,
825 2608 923 2656 Καὶ
972 2612 1138 2656 ταῦτα
1195 2602 1287 2657 διὰ
1339 2612 1432 2664 τήν
1497 2607 1656 2666 αὐτὴν
1696 2609 1867 2662 αἰτίαν

272 2692 465 2759 εἷρηκε.
542 2690 841 2752 Καθολικῶς
924 2689 981 2745 δὲ
1064 2704 1263 2767 πρῶτον
1345 2695 1677 2768 ἀποφαίνεται
1752 2704 1867 2771 περὶ

264 2776 440 2838 ἀπλῶς
498 2786 787 2853 προφήτου,
847 2787 935 2833 καὶ
985 2788 1103 2855 περὶ
1174 2782 1346 2846 ἁπλῶς
1404 2782 1613 2838 δικαίου
1674 2805 1684 2816 ’
1757 2786 1867 2841 εἶτα

252 2866 498 2941 ἀπιφέρει
546 2874 661 2942 περὶ
710 2878 809 2921 τῶν
867 2872 1131 2941 μαθητῶν.
1169 2877 1320 2943 Λέγει
1366 2870 1443 2940 δε,
1478 2876 1557 2927 ὅτι
1598 2878 1621 2927 ὁ
1658 2875 1865 2938 ξενίζων

251 2961 558 3028 προφήτην,
616 2958 644 3015 ii
710 2958 879 3018 ἁπλῶς
929 2955 1155 3031 δίκαιον,
1213 2966 1285 3033 μὴ
1342 2966 1456 3014 κατ’
1505 2962 1777 3036 ἐπίδειξιν,
1830 2971 1861 3025 ἦ

255 3050 379 3097 τίνα
435 3050 622 3119 τρόπον
672 3045 1155 3121 ἐσχηματισμένον,
1214 3050 1318 3102 ἀλλ’
1374 3053 1443 3115 εἰς
1515 3058 1674 3127 ὄνομα
1734 3076 1860 3129 προ-

1977 1893 2136 1950 facit.
2181 1898 2433 1950 Rursum
2482 1894 2620 1950 alibi
2655 1896 2816 1951 vario
2850 1896 3030 1951 modo
3066 1896 3333 1951 Christus
3364 1901 3625 1951 mentem

1975 1982 2225 2055 impellit
2259 2001 2271 2038 :
2306 1984 2651 2056 saepiusque
2672 1984 2730 2039 id
2758 1986 2815 2039 in
2848 1985 3047 2039 multis
3080 1985 3269 2039 facere
3297 1984 3461 2040 solet.

2048 2162 2208 2215 Vers.
2252 2164 2340 2218 40.
2384 2162 2497 2229 Qui
2533 2193 2600 2202 —
2639 2177 2730 2218 me
2770 2161 2935 2217 misit.
2991 2163 3123 2218 Haec
3160 2162 3305 2217 dixit
3354 2162 3625 2234 aperiens

1977 2249 2281 2321 discipulis
2326 2251 2543 2305 domos
2571 2250 2858 2305 ﬁdelium.
2898 2250 3037 2316 Quis
3076 2251 3234 2306 enim
3267 2251 3398 2305 laeta
3438 2251 3626 2306 fronte

1975 2337 2108 2392 illos
2146 2354 2268 2394 non
2311 2339 2557 2410 excipiet
2589 2338 2874 2411 hospitio,
2916 2356 3023 2411 per
3047 2340 3211 2412 ipsos
3242 2345 3626 2412 suscepturus

1978 2425 2207 2493 Filium,
2243 2431 2297 2482 et
2330 2442 2435 2498 per
2464 2426 2699 2495 Filium,
2736 2427 2967 2483 Patrem
2990 2428 3017 2481 ?

2049 2604 2208 2659 Vers.
2259 2606 2346 2660 41.
2408 2605 2518 2672 Qui
2560 2636 2627 2645 —
2678 2606 2936 2674 accipiet.
2986 2605 3175 2662 Etiam
3211 2605 3337 2662 haec
3387 2613 3625 2678 propter

1978 2691 2255 2746 eamdem
2296 2692 2445 2748 dixit
2492 2709 2759 2750 causam.
2800 2695 3155 2750 Generaliter
3193 2700 3391 2750 autem
3429 2695 3625 2765 primo

1976 2779 2315 2851 simpliciter
2359 2781 2433 2837 de
2472 2783 2763 2854 propheta
2807 2783 3000 2847 sentit,
3047 2799 3117 2838 ac
3168 2782 3513 2853 simpliciter
3550 2783 3625 2837 de

1971 2868 2132 2938 justo
2161 2869 2433 2939 intelligit
2465 2871 2570 2942 (zz)
2608 2887 2620 2936 ;
2654 2876 2709 2925 et
2736 2870 2950 2925 deinde
2982 2872 3055 2925 de
3084 2870 3397 2943 discipulis
3427 2871 3622 2927 infert.

1975 2955 2122 3011 Dicit
2162 2957 2320 3013 enim
2359 2976 2376 3016 :
2414 2958 2521 3024 Qui
2565 2959 2921 3031 prophetam
2964 2964 3067 3015 aut
3100 2960 3330 3029 justum
3370 2960 3623 3031 hospitio

1974 3046 2208 3119 excipit,
2228 3063 2347 3103 non
2368 3048 2442 3103 ad
2464 3048 3058 3115 demonstrationem,
3080 3053 3182 3104 aut
3200 3048 3317 3104 alio
3334 3049 3623 3121 quopiam

251 3140 441 3207 φήτου,
472 3134 502 3192 ἦ
546 3131 779 3204 δικαίου,
825 3141 1085 3201 τουτέστι,
1129 3136 1201 3190 δι’
1233 3140 1359 3192 αὐτό
1392 3146 1447 3193 τὸ
1493 3142 1859 3215 ὀνομάζεσθαι,

1981 3134 2256 3191 simulato
2290 3136 2491 3203 modo,
2526 3137 2629 3192 sed
2656 3137 2735 3192 ob
2761 3153 2980 3192 nomen
3007 3138 3310 3209 prophetae
3341 3138 3432 3192 vel
3456 3138 3620 3207 justi,

249 3228 344 3274 καὶ
371 3219 504 3275 εἶναι
549 3223 758 3291 αὐτοὺς,
809 3228 895 3276 τόν
949 3229 1039 3298 μὲν
1086 3234 1374 3302 προφήτην,
1420 3235 1505 3283 τὸν
1539 3229 1597 3284 δὲ
1634 3230 1860 3295 δίκαιον,

257 3313 451 3382 μισθόν
482 3318 751 3387 προφήτου
804 3313 1044 3385 λήψεται.
1101 3323 1264 3370 Τοῦτο
1318 3316 1375 3371 δε
1406 3316 1597 3379 διπλῆν
1628 3325 1740 3393 ἔχει
1770 3328 1862 3381 τήν

256 3399 551 3472 ἑρμηνείανο
599 3401 665 3454 Ἦ
725 3403 803 3454 ὅτι
855 3412 953 3455 τῶν
1008 3408 1133 3457 ἰσων
1183 3407 1355 3468 αὐτοῖς
1412 3418 1574 3481 τιμῶν
1610 3411 1863 3473 καταξιω-

260 3490 481 3546 θήσεται
530 3506 543 3517 ⁸
600 3495 734 3563 μέγα
773 3494 870 3564 γὰρ
920 3498 1006 3545 καὶ
1062 3496 1089 3552 ή
1144 3496 1416 3566 φιλοξενία,
1472 3504 1561 3551 καὶ¹
1612 3500 1857 3572 μᾶλλονή

256 3584 361 3628 τῶν
398 3580 716 3652 θεραπόντων
775 3589 866 3632 τοῦ
902 3589 1055 3636 Θεοῦ.
1125 3583 1189 3636 Ἠ
1238 3586 1316 3636 ὅτι
1372 3590 1561 3656 μισθὸν
1606 3591 1730 3661 ὑπὲρ
1771 3597 1861 3642 τοῦ

254 3672 528 3738 προφήτου
585 3674 671 3720 καὶ
728 3671 854 3742 ὑπὲρ
918 3679 1008 3723 τοῦ
1042 3669 1248 3725 δικαίου
1295 3674 1533 3745 λήψεται.
1576 3683 1696 3751 Περὶ
1738 3698 1862 3753 προ-

257 3758 427 3823 φήτου
469 3751 526 3807 δὲ
559 3762 791 3832 καὶπερὶ
833 3755 1042 3811 δικαίου
1066 3762 1239 3831 εἰπὼν,
1271 3759 1481 3831 ἔδειξεν,
1534 3768 1611 3817 ὅτι
1664 3770 1711 3819 οὶ
1759 3788 1859 3839 μα-

260 3843 442 3906 θηταὶ,
496 3849 586 3894 καὶ
644 3854 918 3919 προφῆται,
984 3854 1073 3901 καὶ
1131 3847 1333 3904 δίκαιοι
1389 3856 1615 3912 ἔσονται.
1664 3854 1772 3911 Ἱνα
1804 3854 1861 3909 δε

259 3935 332 4001 μὴ
359 3930 685 4005 προϐςῡηταί
732 3955 808 3998 τις
845 3942 1040 4009 μενίαν,
1084 3941 1179 4013 ὅρα
1210 3945 1369 4014 πέχρι
1396 3947 1560 3995 πόσου
1603 3964 1861 4016 συγκαταο

257 4017 452 4077 ϐαίνει.

336 4113 437 4161 Καὶ
484 4140 565 4195 -ν
599 4113 683 4162 τὸν
734 4115 925 4185 μισθὸν
974 4115 1159 4173 αὐτοῦ.
1240 4124 1487 4193 Μικροὺς,
1536 4125 1651 4183 τοὺς
1692 4126 1861 4195 μαθη-

257 4198 351 4259 τὰς
383 4194 506 4268 εἷπε,
541 4194 813 4253 διδάσκων
845 4203 1029 4266 αὐτοὺς
1057 4216 1435 4279 μετριοφρονεῖν
1468 4227 1480 4240 ⁶
1522 4210 1733 4283 ψυχρόν
1778 4211 1857 4282 δὲ,

259 4289 319 4337 τό
376 4282 517 4359 ὕδωρ
582 4294 764 4360 φησίν.
822 4290 880 4343 Ὀ
942 4295 1153 4366 Μάρκος
1207 4298 1307 4370 γὰρ
1350 4282 1605 4373 Ποτήριον
1648 4282 1860 4365 θῦδατος

260 4377 451 4449 εἴρηκε.

333 4629 432 4676 Καὶ
509 4622 707 4695 ἐγένετο
772 4657 835 4666 -
915 4629 1101 4681 αὐτῶν.
1172 4633 1497 4702 Διατοίσσων,
1569 4634 1681 4689 ἀντὶ
1742 4647 1853 4704 τοῦ,

257 4712 622 4785 Παραγέλλων,
687 4712 1049 4788 ἐντελλόμενος.
1106 4720 1304 4779 Μετέϐη
1358 4718 1416 4774 δὲ
1468 4721 1673 4791 ἐκεῖθεν,
1726 4728 1858 4778 ὥστε

261 4795 540 4853 διδάσκειν
599 4807 689 4855 καὶ
745 4808 1029 4879 κηρύσσειν
1084 4807 1134 4859 ἐν
1181 4817 1291 4871 ταῖς
1338 4810 1521 4864 πόλεσι
1564 4822 1661 4864 τῶν
1692 4817 1859 4887 μαθη-

338 4976 385 5010 ⁸⁹
413 4976 588 5035 Marc.
619 4996 701 5049 ix,
732 4982 820 5038 41.

1972 3223 2033 3277 id
2076 3229 2182 3295 est,
2226 3230 2469 3295 propter
2510 3226 2625 3281 hoc
2663 3226 2860 3298 ipsum
2912 3226 3077 3298 quod
3134 3228 3522 3282 nominantur
3568 3231 3625 3282 et

1973 3316 2119 3377 sunt,
2162 3310 2255 3367 ille
2304 3313 2607 3384 propheta,
2646 3320 2701 3369 et
2744 3315 2834 3368 hic
2862 3315 3076 3385 justus,
3118 3314 3450 3369 mercedem
3484 3330 3623 3385 pro-

1972 3402 2161 3472 phetae
2192 3406 2247 3457 et
2272 3401 2413 3471 justi
2458 3402 2725 3473 accipiet.
2773 3402 2832 3457 Id
2869 3407 3067 3457 autem
3103 3402 3403 3473 duplicem
3442 3402 3623 3459 habet

1974 3488 2539 3561 interpretationem.
2567 3491 2663 3546 Vel
2691 3491 2857 3563 quod
2879 3491 3206 3563 zequalibus
3237 3507 3375 3546 cum
3396 3491 3489 3546 his
3513 3492 3623 3547 ho-

1972 3578 2212 3633 noribus
2243 3579 2461 3649 dignus
2487 3578 2826 3635 habebitur.
2852 3583 2999 3635 Nam
3030 3595 3253 3649 magna
3278 3596 3371 3635 res
3404 3586 3494 3635 est
3518 3580 3623 3636 ho-

1971 3665 2264 3736 spitalitas
2322 3686 2334 3722 :
2378 3673 2433 3723 et
2464 3668 2760 3739 praecipue
2809 3669 2858 3724 si
2898 3669 3000 3724 Dei
3035 3670 3152 3723 sint
3190 3668 3466 3734 cultores,
3518 3669 3623 3741 qui

1972 3755 2364 3824 excipiuntur.
2420 3756 2532 3809 Aut
2580 3756 2744 3827 quod
2797 3756 3048 3811 dicendo
3102 3757 3436 3812 mercedem
3486 3774 3617 3829 proo

1969 3842 2165 3916 phetaa
2191 3852 2245 3897 et
2268 3844 2431 3914 justi,
2461 3845 2784 3899 ostenderit
2809 3845 3133 3916 discipulos
3152 3851 3209 3900 et
3233 3846 3547 3917 prOphetas
3564 3850 3621 3901 et

1966 3932 2160 4002 justos
2174 3931 2515 3988 futuros.l\'e
2529 3932 2663 4005 quis
2677 3949 2815 3988 vero
2831 3934 3195 4005 paupertatis
3215 3934 3619 3990 velamentum

1970 4019 2273 4085 obtendat,
2312 4022 2439 4076 vide
2460 4038 2776 4094 quousque
2804 4038 3141 4078 sermonem
3173 4023 3461 4079 demittat.

2042 4111 2207 4165 Vers.
2251 4112 2337 4165 42.
2373 4111 2445 4165 Ει
2484 4141 2551 4151 -
2590 4111 2900 4167 mercedem
2937 4127 3121 4167 suam.
3168 4112 3424 4167 Pusillos
3470 4111 3621 4168 dixit

1968 4197 2313 4269 discipulos,
2347 4199 2563 4255 docens
2586 4216 2687 4255 eos
2717 4200 3074 4256 modestiam
3112 4216 3368 4256 servare.
3404 4204 3619 4274 Ψυχρὸν

1969 4287 2368 4343 communiter
2407 4288 2611 4345 dicunt
2654 4305 2874 4361 aquam
2924 4288 3225 4361 frigidam,
3264 4306 3618 4362 quanquam

1968 4374 2308 4448 simpliciter
2332 4392 2555 4448 aquam
2583 4377 2915 4447 signiﬁcare
2956 4384 3169 4450 potest.
3202 4379 3361 4435 Unde
3392 4382 3449 4433 et
3473 4380 3620 4435 Mar-

1967 4480 2072 4519 cus
2112 4466 2158 4500 ἰο
2191 4471 2444 4540 Ποτήριον
2472 4463 2685 4533 ὕδατος,
2718 4466 2779 4523 id
2809 4472 2910 4532 est,
2954 4468 3233 4524 Poculum
3263 4482 3422 4540 aqua:
3448 4467 3621 4525 abso-

1888 4517 1932 4570 Β
2117 4550 2282 4608 dixit.

2037 4639 2187 4694 CAP-
2223 4644 2307 4707 XI,
2342 4658 2493 4698 vers.
2541 4642 2588 4696 1.
2623 4643 2704 4697 Et
2740 4643 2970 4712 factum
3007 4648 3107 4697 est.
3139 4674 3205 4682 —
3232 4642 3497 4698 illorum.
3533 4640 3619 4710 -ι--ι-

1968 4731 2293 4797 Διατοίσσων,
2324 4746 2431 4802 pro
2458 4730 2833 4799 praecipiens,
2867 4731 3093 4799 jubens.
3143 4731 3496 4798 Progressus
3529 4735 3619 4781 est

1968 4816 2105 4873 inde
2146 4818 2223 4875 ad
2254 4818 2584 4874 docendum
2624 4822 2680 4873 et
2716 4817 3169 4889 praedicandum
3194 4818 3253 4871 in
3281 4814 3618 4872 civitatibus

1503 5113 1727 5183 Variae
1760 5115 2082 5185 lectiones
2111 5128 2176 5186 et
2216 5128 2417 5187 notae.

356 5292 426 5349 35
476 5298 694 5354 ταύτην.
734 5301 803 5357 Α.

357 5293 447 5437 36ζ
465 5367 696 5425 Inclusa
712 5370 772 5425 in
797 5387 803 5426 l

357 5364 446 5437 36)
465 5367 696 5454 Inclusa
712 5370 772 5451 in
797 5372 1152 5454 marginaB.
1172 5376 1394 5454 _Eorum
1412 5375 1705 5454 loco,p_ost
1726 5382 1859 5454 μάρ-

261 5439 456 5513 τύριον,
512 5440 832 5498 Hentenius
888 5439 1120 5501 videtur
1171 5445 1384 5518 legisse
1415 5439 1642 5503 ὂκαῖῖν
1671 5439 1743 5523 τῷ
1793 5439 1860 5494 '—-

260 5685 425 5744 dicit.

1969 5330 2152 5509 ποξξεὶ)
2173 5382 2429 5511 tlilentem
2454 5382 2778 5453 impellere,
2812 5383 3075 5441 alienum
3097 5384 3342 5443 est.Imo
3356 5388 3620 5443 tractare

1969 5469 2067 5510 seu
2097 5470 2167 5511 en
2200 5470 2333 5511 2am.

1968 5469 2333 5511 sententiam.

486 5616 667 5676 Sentit
699 5650 761 5661 -—
795 5618 1105 5693 intelligit.
1155 5628 1221 5680 In
1268 5624 1469 5683 Graeco
1513 5630 1601 5685 est
1643 5629 1839 5687 solum
1888 5631 2247 5704 ἀποφαίνεται,
2290 5632 2453 5706 quod
2484 5633 2647 5691 reddi
2696 5636 2910 5706 potest,
2951 5633 3235 5706 loquitur,
3266 5635 3618 5691 sententiam
