4206 6310
621 367 725 424 347
1947 368 2266 426 EUTHYMI

2387 368 2660 425 [GABENI
3531 393 3538 400 -
3895 369 4006 425 348

621 491 1070 564 discipulorum,
1102 509 1137 550 a
1161 495 1381 566 quibus
1409 494 1490 551 illi
1515 495 1627 551 orti
1656 499 1820 551 erant
1851 511 1862 549 :
1896 495 2016 551 sive
2047 495 2108 550 in
2138 494 2274 550 civi-

2387 503 2499 559 τῶν,
2562 493 2617 556 ἐξ
2665 493 2732 544 ὧν
2798 495 3054 567 ὥρμηντο.
3127 491 3216 565 [Ἣ
3261 492 3376 565 (38)
3442 494 3630 565 αύτῶν,
3684 498 3840 558 ἦτοι,
3908 504 4013 547 τῶν

624 583 846 639 tatibus
871 583 897 635 .l
908 583 1205 639 udaorum

801 671 958 727 CAP.
1003 674 1104 728 ΧΧ.
1136 673 1220 730 De
1248 674 1557 744 discipulis
1586 691 1620 728 a
1644 675 1875 731 Joanne
1905 675 2116 731 missis.

692 853 852 906 Vers.
889 854 940 905 2.
975 853 1121 906 Cum
1148 857 1337 907 autem
1368 851 1625 907 Joannes
1654 852 1913 908 audisset
1959 883 2026 892 —
2071 866 2274 921 exspe-

629 947 856 996 ctamus
886 941 913 995 ?
941 943 1126 995 Lucas
1149 957 1287 996 vero
1314 941 1454 995 dicit
1479 941 1547 1006 ιο,
1578 941 1741 1013 quod
1764 941 1880 1012 ipsi
1902 941 2278 996 renuntiave-

619 1036 759 1084 runt
793 1031 965 1099 signa
999 1029 1235 1093 Joanni,
1269 1035 1324 1084 et
1376 1033 1508 1083 tunc
1541 1029 1692 1084 duos
1735 1030 2028 1100 quosdam
2061 1045 2130 1084 ex
2163 1029 2278 1084 illis

620 1117 802 1183 misit,
824 1118 1443 1190 quodaamulationem
1469 1117 1594 1172 sive
1614 1117 1898 1174 invidiam
1918 1118 2274 1185 manifestat,

619 1221 805 1277 quam
825 1205 1118 1261 habebant
1141 1205 1235 1261 isti
1259 1206 1548 1261 adversus
1574 1206 1891 1261 Christum.
1917 1205 2059 1261 Misit
2076 1211 2277 1261 autem

619 1293 749 1347 illos
799 1295 1058 1350 Joannes
1115 1295 1510 1363 interrogans,
1575 1311 1653 1350 an
1695 1295 1821 1365 ipse
1873 1302 2049 1358 esset,
2095 1311 2277 1366 quem

620 1387 941 1439 venturum
987 1399 1116 1438 esse
1157 1384 1436 1439 dicebant
1481 1385 1611 1438 libri
1652 1384 2106 1455 prophetarum,
2153 1399 2277 1438 non

623 1475 910 1543 tanquam
938 1473 1220 1544 ignorans
1252 1490 1267 1526 :
1298 1489 1414 1543 quo
1445 1473 1603 1528 enim
1627 1477 1802 1544 pacto
1828 1472 2144 1536 dubitaret,
2175 1472 2280 1544 qui

625 1567 799 1615 antea
815 1578 949 1616 cum
970 1563 1418 1633 prmdicaverat,
1444 1569 1499 1618 et
1515 1563 1770 1634 propriis
1796 1563 2076 1617 manibus
2093 1561 2280 1632 bapti'

621 1656 874 1712 zaverat,
908 1667 977 1706 ac
1007 1651 1266 1722 desuper
1305 1652 1706 1706 testimonium
1735 1651 1808 1706 de
1840 1667 1910 1706 eo
1942 1646 2272 1713 audiverat,

622 1738 1017 1811 divinumque
1059 1741 1338 1812 Spiritum
1391 1757 1572 1813 super
1624 1755 1763 1795 eum
1812 1739 2276 1795 descendentem

2384 579 2703 655 Ἰουδαίων].

2387 678 2531 726 ΚΕΦ.
2603 670 2674 724 ις’.
2758 675 2882 743 Περὶ
2954 679 3050 723 τῶν
3141 669 3529 724 ἀποσταλέντων
3595 675 3738 745 παρά
3827 672 4014 726 Ἰωάν-

3130 762 3238 814 νόυ.

2455 848 2706 909 Ἀκούσας
2754 845 2813 902 δὲ
2873 852 3109 911 Ἰωάννης
3171 881 3238 890 -
3291 846 3666 923 προσδοκῶμεν
3731 866 3746 916 ;
3814 850 3882 902 Ὀ
3953 849 4014 905 δε

2387 939 2596 1000 Λουκᾶς
2627 957 2805 1010 φησιν,
2854 939 2934 990 ὅτι
2987 938 3135 991 αὐτοὶ
3201 937 3516 1010 ἀπήγγειλαν
3557 941 3623 990 τὰ
3679 947 3893 1011 σημεῖα
3939 949 4012 1011 τῷ

2389 1028 2616 1099 Ἰωάννη,
2650 1033 2738 1080 καὶ
2793 1031 2908 1079 τότε
2938 1027 3131 1099 ἔπεμψε
3183 1025 3278 1079 δύο
3340 1029 3483 1088 τινὰς
3523 1027 3575 1089 ἐξ
3629 1028 3831 1096 αὐτῶν,
3884 1031 4011 1101 ὅπερ

2387 1118 2616 1189 ἐμφαίνει
2669 1121 2762 1174 τὴν
2817 1116 3155 1182 ζηλοτυπίαν,
3207 1115 3267 1174 ἣν
3336 1115 3479 1188 εἶχον
3534 1116 3677 1168 οὗτοι
3742 1121 3890 1190 πρὸς
3923 1122 4014 1169 τόν

2388 1210 2637 1281 Χριστόν.

2389 1294 2431 1346 εἰ
2483 1293 2639 1356 αύτός
2696 1293 2852 1359 ἐστιν,
2915 1295 2967 1346 ὄν
3029 1296 3282 1366 ἔρχεσθαί
3336 1314 3490 1366 φασιν
3549 1297 3602 1346 αἱ
3659 1293 3852 1367 βίϐλοι
3912 1304 4013 1348 τῶν

2718 1203 2950 1277 Ἐπεμψε
3010 1202 3068 1257 δὲ
3121 1205 3310 1267 αὐτοὺς
3368 1207 3394 1256 6
3450 1205 3702 1270 Ἰωάννης,
3765 1205 4010 1281 ἐρωτῶν,

2386 1391 2683 1458 προφητῶν,
2741 1383 2843 1454 ούχ
2909 1385 2976 1444 ὡς
3036 1382 3248 1453 ἀγνοῶν
3305 1391 3410 1443 πῶς
3461 1385 3562 1456 γάρ
3599 1385 3668 1450 ;ό
3725 1387 4011 1458 προκηρύ-

2389 1472 2479 1534 ξας
2511 1472 2662 1523 αύτόν
2689 1476 2775 1523 καὶ
2825 1476 3014 1546 χερσὶν
3066 1469 3231 1533 ἰδίαις
3279 1471 3565 1542 βαπτίσας,
3597 1476 3685 1524 καὶ
3739 1480 3842 1533 τῆς
3876 1475 4012 1524 ἄνω-

2391 1563 2469 1613 θεν
2526 1566 2642 1633 περὶ
2696 1561 2854 1613 αὐτοῦ
2924 1565 3216 1634 μαρτυρίας
3268 1563 3520 1626 ἀκούσας,
3591 1565 3679 1612 καὶ
3736 1565 3803 1612 τὸ
3871 1564 4008 1614 θεῖον

2388 1657 2596 1722 Πνεῦμα
2658 1652 2921 1701 κατᾶπτάν
2976 1649 3054 1701 ἐπ’
3105 1650 3278 1715 αὐτὸν,
3343 1651 3467 1701 ὡσεὶ
3519 1652 3861 1724 περιστερὰν,
3895 1654 4010 1704 θεα-

2389 1742 2626 1812 σάμενος⁹
2693 1737 2799 1790 ἀλλ’
2849 1735 3002 1799 εἰδὼς
3064 1742 3184 1800 τοὺς
3233 1738 3415 1791 ἑαυτοῦ
3472 1741 3712 1810 μαθητὰς
3766 1738 4006 1799 ζηλοτύ-

621 1827 1152 1898 quasicolumbam
1171 1828 1588 1901 conspexerat?
1604 1830 1717 1884 Sed
1740 1828 1936 1883 sciens
1950 1827 2274 1898 discipulos

2387 1849 2495 1889 πως
2541 1831 2672 1901 πρὸς
2729 1830 2814 1879 τὸν
2859 1830 3088 1901 Χριστὸν
3141 1829 3374 1898 ἔχοντας.
3410 1831 3509 1880 Καὶ
3545 1830 3646 1899 γὰρ
3676 1831 3767 1879 καὶ
3798 1832 4004 1901 πρότε-

623 1931 763 1970 suos
789 1916 1009 1972 invidia
1042 1917 1266 1972 moveri
1293 1918 1576 1972 adversus
1604 1917 1898 1971 Christum
1934 1933 1947 1981 ;
1982 1916 2274 1988 siquidem

2387 1937 2474 1990 ρον
2531 1916 2899 1991 προσελθόντες
2942 1912 3080 1968 εἶπον
3125 1916 3264 1986 αὐτῷ
3323 1917 3422 1982 ὃτι,
3481 1914 3578 1977 ’ος
3618 1913 3677 1974 ἦν
3729 1919 3870 1988 μετὰ
3903 1923 4003 1967 σοῦ

623 2003 788 2073 prius
827 2020 1069 2076 quoque
1109 2011 1508 2070 accesserant,
1551 2005 1817 2060 dicentes
1861 2023 1874 2060 :
1916 2004 2120 2070 Rabbi,
2181 2006 2274 2074 qui

2387 2007 2544 2076 πέραν
2624 2011 2713 2056 τοῦ
2775 2000 3066 2078 Ἰορδάνου,
3275 2007 3338 2056 σὺ
3423 2005 3851 2080 μεμαρτύρηκας,
3916 2000 4000 2056 ἴδε

625 2097 749 2146 erat
790 2097 976 2147 tecum
1016 2098 1183 2148 trans
1238 2093 1553 2159 Iordanem,
1606 2094 1700 2148 cui
1758 2098 1822 2148 tu
1880 2093 2274 2149 testimonium

2388 2093 2535 2154 οὗτος
2589 2091 2855 2166 βαπτίζει,
2927 2097 3016 2145 καὶ
3081 2095 3266 2154 πάντες
3352 2094 3602 2165 ἔρχονται
3695 2095 3830 2168 πρὸς
3909 2091 3998 2144 αύ-

621 2179 1000 2248 perhibuisti,
1043 2197 1160 2238 ecce
1194 2183 1241 2238 is
1286 2182 1563 2251 baptizat,
1605 2187 1654 2236 et
1695 2197 1889 2237 omnes
1930 2180 2169 2237 veniunt
2205 2180 2282 2236 ad
2387 2185 2494 2236 τόν.

627 2283 755 2326 eum
785 2271 850 2324 δι.

695 2357 1083 2415 Vehementer
1112 2360 1270 2415 enim
1306 2363 1732 2433 praeceptorem
1768 2375 1948 2414 suum
1982 2361 2276 2430 amantes,

627 2451 681 2503 et
696 2448 914 2519 pariter
928 2448 1117 2517 gloria
1135 2449 1289 2504 illius
1310 2448 1423 2504 frui
1450 2450 1775 2520 cupientes.
1790 2447 2276 2517 indignabantur,

623 2537 896 2594 videntes
949 2539 1249 2595 Christum
1305 2537 1595 2594 celebrem
1647 2537 1799 2594 ﬁeri.
1860 2538 2071 2593 Verum
2131 2536 2279 2609 quia

625 2625 844 2696 saepius
893 2642 995 2681 eos
1052 2626 1453 2695 admonendo,
1506 2626 1864 2698 persuadere
1907 2624 2273 2696 nequiverat,

624 2728 784 2768 nunc
808 2719 1007 2769 autem
1030 2714 1197 2770 brevi
1222 2716 1544 2771 moriturus
1573 2720 1699 2769 erat
1728 2731 1740 2768 :
1764 2713 2004 2768 delectis
2034 2712 2274 2768 duobus

621 2799 724 2872 qui
766 2801 1184 2871 prudentiores
1224 2807 1444 2868 essent,
1477 2802 1589 2856 hos
1630 2801 1808 2856 mittit
1833 2801 1911 2855 ad
1953 2801 2271 2865 Christum,

621 2893 909 2960 praetextu
948 2889 1194 2961 quidem
1233 2889 1662 2958 interrogandi,
1705 2904 1783 2944 an
1823 2889 1954 2960 ipse
1988 2892 2139 2944 esset
2175 2887 2273 2943 ille

620 2976 726 3048 qui
757 2983 1042 3033 venturus
1072 2985 1232 3045 erat;
1267 2995 1406 3034 vera
1438 2985 1638 3034 tamen
1660 2994 1848 3036 causa
1865 2986 2010 3044 erat,
2046 2983 2108 3033 ut
2137 2993 2274 3033 con-

621 3066 838 3137 spectis
870 3066 1168 3123 miraculis
1210 3084 1346 3140 quae
1380 3067 1636 3123 faciebat
1669 3066 1996 3122 crederent.
2045 3065 2274 3123 Sciebat

2387 3068 2486 3138 γὰρ
2517 3070 2610 3124 τὴν
2639 3065 2739 3118 ἀπὸ
2769 3076 2868 3118 τῶν
2894 3069 3211 3139 πραγμάτων
3243 3070 3532 3140 μαρτυρίαν
3558 3069 3862 3138 πιστοτέραν
3890 3067 3982 3115 καὶ

619 3170 884 3227 namque
916 3157 1320 3212 testimonium
1348 3158 1426 3212 ab
1460 3157 1735 3228 operibus
1763 3155 2108 3211 credibilius
2149 3171 2274 3211 esse

2389 3152 2802 3228 ἀνυποπτοτέραν
2835 3155 3096 3227 ἐγίνωσκε.
3140 3158 3227 3207 Διὸ
3258 3161 3345 3207 καὶ
3385 3156 3680 3229 όΧριστὸς,
3709 3150 3864 3214 εἰδὼς
3907 3153 3988 3205 ὅτι

618 3244 934 3317 magisque
974 3246 1312 3317 suspicione
1343 3261 1564 3302 carere.
1616 3245 1756 3300 Ideo
1789 3245 1964 3300 etiam
2008 3245 2274 3301 Christus

2389 3240 2482 3295 διὰ
2510 3250 2661 3296 τοῦτο
2687 3244 2874 3316 μᾶλλον
2902 3244 3089 3305 αύτούς
3118 3243 3338 3316 ἔπεμψεν
3365 3244 3390 3294 6
3421 3243 3630 3301 Ἰωάννη
3642 3263 3684 3306 ς,
3722 3242 3913 3302 εὐθέως
3943 3238 3989 3292 ἐν

619 3335 856 3404 cognito
885 3335 1052 3408 quod
1088 3335 1167 3391 ob
1211 3335 1266 3390 id
1303 3336 1498 3408 potius
1545 3333 1806 3390 Joannes
1845 3350 1948 3389 eos
1995 3334 2274 3398 misisset,

2387 3331 2517 3406 αὐτῇ
2563 3341 2624 3405 τῇ
2677 3335 2786 3407 ὥρᾳ
2823 3333 3283 3405 ἐθαυματούργησε
3321 3331 3505 3399 πολλὰ,
3555 3333 3728 3392 καθώς
3761 3350 3924 3402 φησιν
3965 3330 3990 3380 6

619 3425 820 3478 statim
853 3424 914 3480 in
957 3424 1058 3480 illa
1093 3425 1239 3481 hora
1289 3425 1474 3480 multa
1520 3427 1796 3496 operatus
1840 3427 1928 3478 est
1967 3423 2272 3487 miracula,

2389 3426 2615 3483 Λουκᾶς.
2649 3423 2709 3474 Εἰ
2738 3424 2840 3496 ’γὰρ
2892 3431 3118 3494 φανερῶς
3157 3421 3344 3483 αὐτοὺς
3395 3420 3589 3492 ἔπεμψε
3643 3421 3854 3487 θεατὰς,
3899 3417 3993 3471 οὐκ

621 3514 773 3568 sicut
809 3513 952 3568 dicit
1002 3515 1186 3568 Lucas
1229 3515 1289 3568 ⁴³.
1347 3517 1485 3569 Nam
1547 3512 1597 3567 si
1653 3515 1910 3567 Joannes
1965 3511 2274 3567 manifeste

2387 3512 2448 3563 ἄν
2507 3509 2755 3570 ἀπῆλθον.
2835 3514 2929 3565 Διὰ
3002 3517 3154 3564 τοῦτο
3232 3507 3318 3563 οὖν
3389 3508 3649 3562 ἐπλάσατο
3723 3513 3991 3583 πρόφασιν

2456 2357 2869 2431 ’Υπερφιλοῡντες
2939 2359 3039 2432 γὰρ
3115 2361 3201 2410 τὸν
3279 2353 3416 2410 ἴδιον
3487 2355 3831 2425 διδάσκαλον,
3888 2361 3972 2408 καὶ

2387 2445 2768 2518 παραπολαύειν
2821 2455 2916 2507 τῆς
2969 2446 3128 2499 αὐτοῦ
3188 2442 3348 2508 δόξης
3403 2445 3674 2513 ἐθέλοντες,
3714 2444 3981 2500 ἐδάκνοντο

2389 2533 2654 2607 βλέποντες
2712 2534 2865 2586 αὐτὸν
2924 2535 3033 2607 (39)
3070 2531 3469 2606 εὐδοκιμοῦντα.
3523 2535 3663 2588 Ἐπεὶ
3702 2532 3762 2588 δέ
3801 2535 3986 2588 πολλά-

2386 2644 2468 2684 κις
2502 2628 2838 2699 παραινέσας,
2895 2624 2988 2676 ούκ
3046 2625 3245 2675 ἔπεισεν
3301 2623 3512 2687 αὐτοὺς,
3558 2623 3736 2676 λοιπὸν
3794 2623 3988 2695 μέλλων

2732 2709 2837 2764 δύα
2920 2715 3036 2772 τοὺς
3138 2714 3516 2784 συνετωτέρούς
3609 2711 3985 2782 ἐπῖλεξάμενος,

3584 2801 3827 2872 προφάσει
3881 2801 3980 2870 μὲν

2387 2713 2640 2784 τελευτᾷν,

2385 2805 2574 2873 πέμπει
2629 2803 2840 2861 τούτους
2894 2804 3022 2875 πρὸς
3078 2803 3164 2852 τὸν
3248 2804 3501 2874 Χριστὸν,

2386 2888 2751 2961 ἐρωτήσοντας,
2772 2890 2814 2942 εἰ
2840 2890 2990 2950 αὐτός
3012 2888 3149 2941 ἐστιν
3183 2890 3208 2940 ό
3241 2888 3536 2961 ἐρχόμενος,
3567 2889 3622 2945 τῆ
3656 2883 3711 2940 δε
3739 2885 3968 2952 ἀληθεία,

2389 2979 2470 3028 ἱνα
2502 2979 2807 3050 θεασάμενοι
2841 2981 2907 3030 τὰ
2955 2980 3213 3050 θαύματα,
3269 2977 3303 3030 ά
3342 2985 3496 3044 ποιεῖ,
3529 2976 3808 3029 πεισθῶσί.
3871 2979 3977 3027 Καὶ

619 3600 878 3656 misisset
919 3617 1021 3656 eos
1060 3617 1182 3672 quo
1213 3605 1577 3673 spectatores
1612 3600 1841 3664 ﬁerent,
1889 3615 2276 3671 nequaquam
2389 3598 2703 3674 ἐρωτήσεως.

619 3688 965 3759 persuaderi
1018 3689 1349 3761 potuissent
1396 3694 1456 3745 ut
1498 3688 1641 3744 illuc
1687 3686 1940 3743 abirent.
1991 3687 2078 3744 Ob
2119 3689 2277 3744 hanc

619 3793 762 3846 ergo
793 3794 1038 3834 causam
1065 3784 1416 3852 praetextum
1437 3778 1605 3834 ﬁnxit
1625 3777 2127 3848 interrogationis.

696 3867 764 3924 V.
805 3869 858 3923 4.
889 3869 962 3924 Et
1002 3869 1378 3938 respondens.
1412 3897 1474 3905 —
1516 3869 1580 3923 V.
1620 3868 1653 3922 5
1694 3867 1920 3923 Laetum
1970 3868 2274 3935 Evangelii

2464 3868 2562 3922 Καὶ
2612 3867 2907 3939 ἀποκριθεὶς
2963 3899 3026 3908 —-
3083 3866 3522 3938 εὐαγγελίζονται.
3582 3864 3736 3940 Ὀρα,
3775 3873 3896 3928 πῶς
3936 3864 3995 3917 ού

2386 3961 2514 4032 πρὸς
2561 3961 2652 4015 τὴν
2685 3956 3071 4029 πεπλανημένην
3121 3955 3290 4007 αὐτῶν
3345 3955 3599 4028 ἐρώτησιν
3657 3952 3995 4026 ἀπεκρίνατο,

2386 4046 2516 4099 ἀλλὰ
2527 4049 2654 4121 πρὸς
2668 4050 2758 4103 τὴν
2777 4044 2941 4104 ἀληθῆ
2964 4045 3154 4116 αἰτίαν,
3186 4041 3258 4096 δι’
3273 4044 3333 4102 ἣν
3353 4043 3581 4115 ἐπέμφθη
3593 4062 3709 4098 σαν.
3727 4046 3997 4115 Πτωχοὺς

2389 4131 2447 4187 δε
2480 4134 2985 4206 εύαγγελιζομένους,
3016 4137 3131 4195 τοὺς
3162 4131 3484 4194 ἀποστόλους
3515 4135 3771 4205 ὠνόμασε.
3804 4138 3874 4185 Τί
3890 4134 3992 4204 γὰρ

621 3959 894 4013 nunt-ium
921 3959 1238 4026 accipiunt.
1271 3957 1412 4012 Vide
1439 3956 1748 4029 quomodo
1768 3971 1889 4011 non
1910 3957 1986 4012 ad
2017 3954 2277 4012 efﬁctam

619 4062 825 4101 eorum
849 4046 1376 4116 interrogationem
1403 4044 1794 4116 responderit,
1829 4045 1932 4099 sed
1964 4045 2042 4100 ad
2075 4061 2276 4101 veram

621 4149 890 4198 causam,
949 4141 1186 4204 propter
1249 4147 1438 4204 quam
1497 4132 1665 4185 missi
1733 4135 1918 4184 erant.
1979 4132 2277 4202 Pauperes

620 4225 842 4286 autem,
883 4222 986 4291 qui
1027 4221 1229 4276 laetum
1275 4219 1580 4288 Evangelii
1629 4217 1908 4272 nuntium
1956 4219 2273 4290 accipiunt,

621 4306 769 4363 dixit
789 4308 1113 4379 apostolos.
1142 4308 1295 4374 Quid
1317 4307 1478 4363 enim
1507 4323 1576 4363 eo
1599 4306 1934 4379 pauperius,
1955 4307 2056 4380 qui
2089 4313 2277 4365 artem

621 4402 853 4452 exercet
881 4396 1261 4468 piscatoriam
1287 4395 1316 4450 ?

691 4487 850 4540 Vers.
911 4485 969 4540 6.
1031 4487 1103 4541 Et
1163 4486 1360 4542 beatus
1395 4485 1551 4540 —-in
1603 4500 1713 4542 me.
1779 4486 1896 4541 Hoc
1951 4487 2274 4558 praesertim

619 4578 862 4646 propter
901 4575 1065 4647 ipsos
1102 4575 1250 4631 dixit
1288 4575 1537 4631 Joannis
1591 4574 1936 4646 discipulos,
1993 4577 2274 4647 detegens

621 4664 732 4719 illis
762 4664 956 4720 cordis
982 4681 1187 4721 eorum
1220 4680 1510 4721 arcanum
1559 4680 1572 4720 :
1617 4664 1992 4737 ostenditque
2025 4668 2183 4738 quod
2215 4684 2275 4724 se

621 4771 741 4810 non
764 4754 1146 4827 lateretipsos
1186 4771 1423 4827 quoque
1458 4753 1702 4819 oﬂendi,
1735 4755 1879 4826 quia
1913 4771 2047 4810 cum
2083 4756 2277 4827 publi-

621 4845 782 4900 canis
807 4849 861 4899 et
887 4845 1297 4916 peccatoribus
1319 4844 1720 4900 manducabat
1747 4844 1792 4878 ‘3
1827 4859 1839 4898 :
1871 4847 1928 4898 et
1961 4845 2276 4902 manifeste

621 4934 789 5004 prius
821 4933 1308 5003 gastrimargiam
1330 4933 1437 5002 ipsi
1467 4932 1812 5004 objecerant
1837 4931 2124 4987 adversus
2150 4936 2277 4990 dis-

619 5021 846 5094 cipulos
867 5023 1014 5092 ejus,
1049 5027 1112 5078 ut
1143 5022 1365 5078 dictum
1390 5026 1477 5077 est
1505 5021 1740 5077 decimo
1766 5025 1980 5093 quarto
2011 5023 2222 5095 capite.

2386 4227 2682 4296 πενέστερον
2715 4222 3008 4286 ἁλιευτικῆς
3039 4241 3056 4294 ;

2460 4495 2560 4544 Καὶ
2623 4492 2875 4564 μακάριος
2936 4521 3001 4531 —
3056 4488 3102 4541 ἐν
3162 4488 3297 4561 ἐμοί.
3366 4495 3529 4542 Τοῦτο
3585 4491 3984 4562 προηγουμένως

2388 4576 2458 4632 δι’
2501 4579 2686 4640 αὐτοὺς
2740 4575 2847 4632 εἶπε
2893 4582 3015 4640 τοὺς
3047 4580 3284 4648 μαθητὰς
3325 4577 3583 4642 Ἰωάννου,
3616 4575 3982 4628 ἀνακαλύπτων

2387 4669 2562 4730 αὐτοῖς
2615 4672 2672 4720 τό
2732 4676 2826 4730 τῆς
2881 4665 3106 4741 καρδίας
3158 4666 3324 4718 αὐτῶν
3372 4671 3686 4738 μυστήριον,
3745 4669 3829 4716 καὶ
3871 4661 3974 4714 δει-

2385 4763 2566 4824 κνύων,
2649 4759 2728 4810 ὅτι
2809 4757 2865 4809 ού
2949 4757 3224 4814 λελήθασιν
3291 4755 3467 4823 αὐτὸν,
3521 4751 3982 4824 σκανδαλιζόμενοι

2384 4853 2474 4900 καὶ
2539 4846 2705 4914 αύτοί,
2775 4842 2914 4898 διότι
2988 4847 3118 4917 μετὰ
3198 4843 3422 4896 τελωνῶν
3509 4848 3598 4895 καὶ
3672 4840 3985 4915 ἁμαρτωλῶν

2387 4935 2567 4990 ἐσθίει.
2640 4940 2739 4987 Καὶ
2793 4937 2892 5006 γὰρ
2959 4939 3048 4985 καὶ
3097 4940 3322 5005 φανερῶς
3374 4936 3620 5006 πρότερον
3688 4929 3986 4983 ἐνεκάλεσαν

2388 5024 2528 5095 αὐτῷ
2579 5023 2690 5096 (40)
2730 5026 3150 5097 γαστριμαργίαν
3186 5024 3321 5074 κατὰ
3375 5029 3474 5073 τῶν
3527 5022 3769 5092 μαθητῶν
3803 5019 3987 5084 αὑτοῦ,

2388 5117 2458 5176 ὡς
2524 5112 2572 5165 ἐν
2645 5121 2718 5184 τῷ
2799 5107 3359 5189 τεσσαρεσκαιδεκάτῳ
3430 5109 3686 5184 κεφαλαίῳ
3746 5113 3992 5184 προείρη·

2388 5221 2504 5257 ται.

693 5296 741 5331 ἰο
775 5297 992 5364 Luc.v1,
1043 5297 1130 5352 18.
1209 5297 1254 5332 ⁴¹
1332 5298 1498 5354 Joan.
1532 5312 1613 5364 ιιι,
1645 5299 1736 5354 26.
1803 5297 2067 5364 Luc.vn,
2100 5299 2187 5355 12.
2265 5304 2274 5337 ⁴

2387 5299 2538 5358 iatth.
2570 5313 2650 5364 1x,
2686 5299 2771 5354 14.

1209 5297 1254 5332 ⁴¹
1332 5298 1498 5354 Joan.
1532 5312 1613 5365 ιιι,
1645 5299 1736 5354 26.
1803 5297 1942 5354 Luc.
1971 5314 2067 5369 vn,
2100 5299 2187 5355 12.

1829 5423 2054 5492 Variae
2075 5425 2403 5494 lectiones
2431 5431 2723 5492 etnotae.

691 5565 807 5639 (38)
837 5563 1068 5620 Inclusa
1094 5565 1153 5639 in
1185 5567 1454 5639 margine
1484 5565 1775 5639 leguntur,
1795 5567 1854 5620 Β.
1890 5567 2278 5639 Ιιιίριιὶηοίρὶο

624 5634 1012 5711 θρδιατάσσων
1081 5636 1157 5692 ad
1225 5634 1590 5711 ἐντελλόμενος,
1659 5637 1873 5692 omittit
1930 5634 2279 5705 Hentenius,

699 5709 813 5782 (39)
844 5711 929 5761 τὸν
960 5713 1210 5783 Χρίστόν.

2383 5567 2774 5691 inﬂa?“
2827 5569 3246 5642 γαστρίμαργον.
3286 5569 3354 5624 Α.
3414 5565 3533 5623 Sed
3584 5563 3697 5621 hoc
3726 5562 3992 5636 postulat

2508 5657 2648 5694 εσαν.

4137 77 4146 512 ἐ
