4206 6310
315 386 429 443 349

1322 386 1693 442 COMMFNT.
1736 385 1806 439 IN
1845 384 2294 443 MATTH/EUM.
2326 418 2394 427 ——-
2420 387 2573 443 CAP.
2605 387 2699 444 XI.

3579 390 3683 447 350

395 516 596 567 Τούτων
652 508 711 564 δὲ
762 542 830 551 --
872 511 1127 565 Ἰωάννου.
1183 511 1340 564 Οὗτοι
1394 515 1482 584 μὲν
1544 510 1908 583 βελτιωθέντεςη

2105 513 2247 567 Vers
2278 514 2330 568 7.
2362 514 2470 569 His
2510 521 2705 570 autem
2735 546 2799 555 —-
2820 514 3065 572 Joanne.
3093 515 3176 571 Illi
3203 513 3447 589 quidem
3480 516 3683 573 melio-

320 602 569 661 ἀπῆλθον.
596 605 743 653 Διατί
772 597 829 652 δὲ
859 605 927 671 μή
954 605 1217 673 παρόντων
1249 601 1416 652 αὐτῶν
1446 600 1579 673 λέγει
1608 605 1720 673 περὶ
1753 600 1921 653 Ἰωάν-

317 711 407 745 νου
435 709 448 760 ;
474 690 582 744 Ἰνα
611 694 682 763 μὴ
718 686 845 761 δόξῃ
877 688 1167 742 κολακεύειν
1195 689 1367 744 αὐτόν.

384 874 448 923 Τί
502 899 574 910 -ο
647 868 980 941 σαλευόμενον
1024 886 1038 935 ;
1124 868 1464 929 Ἀκούσαντες
1518 869 1565 920 οἰ
1622 866 1773 939 ὄχλοι
1831 871 1917 924 τὴν

308 956 570 1032 ἐρώτησιν
620 957 879 1024 Ἰωάννου,
928 963 1016 1011 καὶ
1067 957 1375 1029 ἀγνοήσντες
1430 960 1516 1008 τὸν
1574 959 1765 1008 σκοπόν
1822 955 1915 1006 αύ-

304 1054 425 1111 τοῦ,
471 1043 948 1119 διεθορυϐήθησαν,
998 1054 1108 1107 πῶς
1161 1050 1185 1098 6
1232 1053 1459 1098 τοσαῦτα
1495 1050 1584 1096 καὶ
1630 1044 1917 1103 τηλικαῦτα

304 1141 431 1210 περὶ
480 1136 640 1187 αὐτοῦ
697 1141 1058 1209 μαρτυρήσας,
1117 1134 1425 1206 ἀμφιϐάλλει
1484 1142 1592 1200 νῦν,
1647 1138 1735 1185 καὶ
1780 1134 1914 1183 ὑπω-

310 1244 565 1286 πτευσαν,
616 1225 697 1275 ὃτι
743 1223 1052 1295 μετεϐλήθη.
1085 1231 1246 1276 Τοῦτο
1308 1220 1365 1275 δὲ
1396 1226 1550 1293 γνούς
1597 1224 1622 1273 ό
1662 1225 1911 1296 Χριστὸς,

315 1314 586 1385 θεραπεύει
612 1316 708 1369 τήν
755 1315 1003 1370 τοιαύτην
1043 1312 1295 1382 ὑποψίαν,
1349 1309 1623 1364 διδάσκων
1654 1312 1782 1382 ἅμα,
1823 1315 1913 1362 καὶ

313 1403 397 1453 ὅτι
453 1398 885 1473 καρδιογνώστης
943 1399 1098 1453 ἐστίν.
1154 1401 1638 1475 Ἐντρεπτικὼτερον
1688 1397 1745 1452 δὲ
1788 1401 1911 1451 καθ-

312 1494 594 1562 απτόμενος
626 1490 816 1558 αὐτῶν,
855 1494 1012 1561 φησίν
1058 1509 1070 1522 ο
1101 1494 1164 1542 Τί
1204 1488 1436 1551 ἐξήλθετε
1472 1489 1540 1549 εἰς
1594 1493 1681 1546 τὴν
1724 1491 1913 1563 ἔρημον

313 1580 664 1646 θεάσασθαι;
750 1577 978 1650 κάλαμον
1063 1578 1163 1629 ὑπό
1246 1577 1430 1650 ἀνέμου
1512 1577 1911 1649 σαλευόμενον;

306 1671 572 1734 τουτέστι,
629 1674 818 1739 κοῦφον
910 1671 999 1718 καὶ
1083 1667 1378 1739 εύρίπιστον
1456 1668 1743 1740 ἄνθρωπον,
1826 1670 1914 1717 καὶ

312 1752 474 1814 δίκην
505 1758 734 1827 καλάμου
760 1760 855 1813 τήν
896 1760 1104 1827 γνώμην
1136 1756 1557 1827 εὐμετάτρεπτον,
1592 1757 1661 1815 ὡς
1686 1753 1912 1825 ὑπολαμ-

310 1844 490 1897 ϐάνετε
514 1853 617 1909 νῦν,
652 1848 681 1903 ἦ
720 1844 1013 1896 τούναντίον
1053 1843 1261 1915 μᾶλλον,
1300 1845 1560 1916 σταθηρόν
1605 1848 1694 1894 καὶ
1723 1847 1914 1915 πέτρας

310 1932 658 2008 στεῤῥότερον,
711 1935 780 1994 ὡς
841 1935 870 1992 ἡ
908 1936 1022 1985 τότε
1063 1929 1270 1990 σπουδή
1317 1937 1407 1983 καὶ
1461 1928 1729 2005 συνδρομὴ
1772 1932 1913 2003 ὑμῶν

305 2024 583 2094 ἐμαρτύρει
602 2039 614 2075 :

379 2110 536 2163 Ἀλλὰ
566 2141 629 2150 -
666 2111 1052 2182 ἠμφιεσμένον;
1100 2110 1343 2167 Δηλονότι
1382 2107 1660 2183 τρυφηλόν,
1696 2109 1778 2159 ἵνα
1824 2096 1914 2159 καὶ

307 2196 403 2251 διά
432 2207 581 2251 τοῦτο
605 2195 733 2271 δόξῃ
766 2206 964 2271 χαῦνος
996 2204 1084 2251 καὶ
1116 2198 1485 2269 εὐμετάϐλητος
1519 2216 1530 2226 ·
1560 2202 1589 2255 ἤ
1624 2198 1911 2249 τούναντίον

301 2288 518 2359 μᾶλλον,
551 2287 1102 2361 ἐσκληραγωγημένον,
1130 2290 1198 2349 ὡς
1227 2293 1316 2339 καὶ
1340 2290 1369 2347 ἡ
1403 2287 1554 2345 στολή
1584 2290 1789 2355 τούτου,
1823 2291 1912 2337 καὶ

300 2378 329 2434 ἡ
364 2381 534 2450 τροφή
580 2374 1039 2430 διεϐεϐαιὼσαντο.

378 2548 522 2606 Ἰδοὺ
575 2583 633 2591 -—
692 2552 841 2605 εἰσίν.
902 2553 1063 2612 Οὗτος
1120 2549 1198 2618 δὲ,
1253 2558 1496 2625 πρότερον
1553 2555 1662 2624 μὲν,
1721 2572 1768 2604 εν
1844 2561 1904 2625 τῇ

310 2640 486 2713 ἐρήμῳ
517 2636 761 2713 διητᾶτο,
812 2648 899 2691 νῦν
952 2638 1029 2707 δὲ,
1063 2640 1110 2692 ἐν
1170 2650 1240 2710 τῷ
1290 2638 1632 2714 δεσμωτηρίῳ
1686 2646 1909 2712 τετήρη-

308 2749 413 2783 ται.
456 2731 598 2781 Ἐπεὶ
622 2731 723 2800 γάρ
754 2748 885 2790 τινες
912 2733 1000 2801 μεν
1040 2731 1236 2781 οἴκοθεν
1285 2730 1389 2782 εἰσὶ
1436 2738 1638 2801 κοῦφοι,
1688 2734 1818 2791 τινες
1851 2726 1910 2782 δὲ

304 2822 394 2870 καὶ
422 2818 523 2869 ὑπὸ
564 2826 761 2891 τρυφῆς
812 2825 965 2869 τοῦτο
1018 2820 1318 2889 πάσχουσι,
1374 2820 1592 2871 τέθεικεν
1623 2820 1647 2869 6
1678 2822 1909 2891 Χριστός

300 2910 391 2957 καὶ
449 2912 607 2957 τοῦτο
658 2904 883 2974 κάκεῖνο,
942 2910 1030 2957 καὶ
1071 2906 1297 2977 ἤλεγξεν,
1345 2908 1408 2966 ὡς
1469 2904 1737 2979 οὐδέτερόν
1797 2905 1909 2958 ἐστι

304 2999 430 3062 περὶ
475 2997 561 3046 τόν
593 2994 850 3052 Ἰωάννην.
914 2991 1040 3048 Εἶτα
1092 2994 1318 3069 ἐπιφέρει
1368 3001 1456 3053 τήν
1516 2995 1777 3060 ἀλήθειαν,
1818 3000 1907 3048 καὶ

300 3090 564 3156 μαρτυρεῖ
688 3081 920 3155 ἀληθείᾳ,
977 3089 1066 3135 καὶ
1117 3084 1287 3136 πλέκει
1340 3093 1411 3154 τῷ
1466 3092 1732 3156 Βαπτιστῇ
1783 3085 1907 3156 λαμ-

298 3174 429 3246 πρὸν
464 3171 727 3243 ἐγκωμίου
760 3176 1023 3243 στέφανον.

2032 614 2123 653 res
2157 601 2366 656 redditi
2395 602 2833 657 abscesserunt.
2892 606 3082 669 Quare
3133 612 3329 660 autem
3387 620 3505 660 non
3534 604 3680 676 ipsis

2032 690 2424 758 praesentibus
2454 690 2686 746 locutus
2717 697 2807 747 est
2834 692 2906 747 de
2935 693 3162 749 Joanne
3192 694 3219 747 ?
3250 697 3328 749 Ne
3367 694 3419 750 ei
3447 695 3680 750 videre-

2031 781 2123 831 tur
2148 777 2398 833 adulari.

2100 867 2257 920 Vers.
2289 871 2341 920 7.
2390 866 2541 933 Quid
2593 897 2659 908 —-
2724 869 3053 937 agitatam?
3107 870 3312 926 Audita
3389 887 3425 925 a
3486 870 3678 926 turbis

2024 953 2270 1008 Joannis
2301 954 2777 1024 interrogatione,
2811 972 2947 1011 cum
2992 957 3283 1013 intentum
3333 958 3678 1027 ignorarent

2027 1041 2198 1109 illius,
2234 1044 2484 1099 turbatae
2507 1049 2643 1099 sunt
2672 1070 2683 1097 .-
2712 1046 3021 1116 quomodo
3056 1048 3102 1101 is
3130 1047 3233 1118 qui
3260 1046 3334 1103 de
3360 1048 3469 1102 hoc
3494 1053 3577 1103 tot
3607 1064 3676 1103 ac

2027 1135 2188 1186 tanta
2212 1136 2454 1188 testatus
2469 1132 2680 1189 fuisset
2696 1149 2853 1189 nunc
2871 1134 3208 1199 dubitabat,
3227 1137 3677 1191 etimmutatum

2024 1235 2162 1275 eum
2216 1237 2343 1277 esse
2384 1222 2862 1293 suspicabantur.
2923 1225 3048 1289 Quo
3097 1225 3357 1293 cognito,
3412 1223 3676 1279 Christus

2021 1309 2372 1380 hujusmodi
2405 1311 2671 1366 medetur
2727 1312 3071 1383 suspicioni,
3117 1312 3340 1368 docens
3378 1312 3573 1381 simul,
3622 1317 3678 1367 et

2022 1400 2185 1470 quod
2217 1401 2489 1455 cordium
2517 1405 2668 1456 esset
2693 1402 2985 1473 cognitor,
3031 1407 3087 1457 et
3117 1402 3538 1458 contundendo
3570 1418 3673 1457 eos

2022 1489 2408 1558 redarguens.
2440 1489 2529 1544 Ait
2567 1505 2708 1558 ergo
2741 1508 2753 1544 :
2789 1490 2940 1555 Quid
2990 1491 3187 1546 existis
3227 1492 3287 1545 iu
3347 1492 3671 1556 desertum,

2026 1580 2089 1630 ut
2122 1577 2392 1633 videretis
2450 1578 2823 1643 arundinem,
2857 1594 2992 1651 quae
3050 1595 3084 1634 a
3152 1584 3326 1635 vento
3365 1580 3615 1648 agitatur
3646 1580 3674 1633 ‘?

2022 1664 2134 1719 hoc
2160 1671 2265 1732 est,
2297 1666 2489 1722 levem
2528 1676 2584 1721 et
2608 1666 2948 1722 instabilem
2988 1668 3316 1732 hominem,
3351 1672 3405 1723 et
3445 1672 3520 1723 ad
3550 1684 3674 1722 mo-

2024 1754 2169 1809 dum
2196 1755 2508 1811 arundinis
2539 1755 2707 1811 facile
2751 1762 2943 1811 mente
2997 1756 3370 1822 mutabilem,
3424 1761 3486 1812 ut
3512 1773 3669 1812 nunc

2024 1842 2568 1913 suspicamini?aut
2597 1859 2627 1897 e
2656 1844 2889 1899 diverso
2934 1844 3509 1916 stabilem,saxoque
3538 1845 3672 1900 soli-

2024 1931 2274 1999 diorem,
2298 1937 2362 1987 ut
2387 1937 2526 1988 tunc
2551 1937 2811 1987 vestrum
2844 1932 3105 1988 studium
3142 1949 3211 1989 ac
3240 1949 3564 1989 concursus
3593 1940 3673 1989 te-

2024 2020 2331 2075 stabantur
2354 2019 2381 2074 ?

2093 2107 2254 2163 Vers.
2289 2110 2340 2162 8.
2372 2108 2492 2164 Sed
2521 2138 2587 2148 —
2609 2109 2892 2164 amictum
2921 2109 2950 2164 ?
2972 2107 3197 2163 Deliciis
3248 2109 3469 2164 scilicet
3523 2124 3669 2179 gau-

2021 2195 2282 2265 dentem,
2318 2201 2381 2251 ut
2436 2197 2613 2252 etiam
2650 2213 2719 2253 ex
2767 2197 2878 2253 hoc
2905 2197 3096 2253 mollis
3154 2198 3420 2254 videatur
3472 2198 3672 2255 facile-

2020 2302 2136 2360 que
2156 2286 2460 2343 mutabilis
2485 2303 2499 2352 ;
2519 2294 2617 2341 aut
2644 2288 2840 2357 potius
2858 2303 2889 2342 e
2914 2288 3233 2353 contrario,
3259 2288 3426 2342 duris
3447 2288 3669 2343 exerci-

2021 2384 2225 2443 tatum,
2267 2381 2329 2432 ut
2364 2375 2543 2432 etiam
2593 2374 2776 2431 vestis
2826 2376 2955 2446 ejus
3021 2392 3088 2430 ac
3142 2376 3305 2430 cibus
3363 2375 3670 2432 conﬁrma-

2020 2472 2176 2521 runt.

2089 2555 2250 2611 Vers.
2287 2557 2343 2609 8.
2387 2554 2529 2609 Ecce
2558 2558 2781 2608 —sunt.
2820 2552 2922 2608 Hic
2962 2568 3103 2608 vero
3129 2552 3393 2623 primum
3420 2553 3664 2624 quidem

2015 2644 2075 2699 in
2097 2643 2333 2699 deserto
2364 2644 2728 2708 versabatur,
2762 2658 2922 2698 nunc
2962 2648 3153 2697 autem
3187 2642 3243 2696 in
3275 2658 3507 2698 carcere
3537 2645 3669 2699 reti-

2017 2738 2204 2788 netur.
2233 2732 2376 2798 Quia
2405 2748 2546 2787 vero
2584 2732 2833 2804 quidam
2878 2748 2913 2788 a
2964 2731 3148 2786 domo
3208 2732 3287 2801 (a)
3348 2732 3508 2789 leves
3538 2748 3667 2789 esse

2017 2828 2444 2889 monstrantur,
2474 2827 2531 2875 et
2558 2821 2803 2893 quidam
2835 2837 2870 2876 a
2899 2819 3125 2874 deliciis
3172 2820 3286 2875 hoc
3331 2820 3655 2891 patiuntur,

2014 2911 2214 2983 posuit
2236 2906 2578 2966 Christus‘et
2602 2912 2714 2965 hoc
2736 2914 2791 2965 et
2810 2909 2970 2977 illud,
2997 2924 3066 2964 ac
3087 2909 3363 2980 probavit
3382 2913 3663 2966 neutrum

2014 3015 2192 3073 posse
2258 2999 2377 3055 dici
2429 3000 2503 3054 de
2530 3002 2776 3054 Joanne.
2838 2998 3054 3053 Deinde
3103 2998 3269 3070 quod
3315 3014 3518 3053 verum
3580 3003 3669 3055 est

2017 3087 2209 3154 infert,
2239 3092 2297 3143 et
2326 3087 2552 3143 veritati
2585 3091 2912 3151 attestatur,
2946 3102 3017 3141 ac
3045 3086 3307 3157 Baptista:
3335 3086 3665 3157 elegantem

2017 3178 2269 3233 contexit
2292 3176 2545 3232 encomii
2584 3191 2892 3231 coronam.

374 3259 531 3312 Ἀλλὰ
574 3291 643 3301 --
699 3265 988 3332 προφήτου.
1047 3291 1110 3301 —
1178 3265 1579 3336 Περισσότερον,
1630 3260 1739 3314 ἀντὶ
1794 3269 1907 3328 τοῦ,

2088 3267 2250 3321 Vers.
2276 3268 2325 3320 9.
2354 3265 2468 3321 Sed
2492 3296 2555 3305 —
2574 3264 2883 3333 propheta.
2914 3292 2979 3304 —
3005 3263 3526 3328 Excellentiorem,
3554 3264 3662 3319 hoc

304 3348 548 3407 Μείζονα.
592 3345 723 3401 Εἶτα
774 3349 907 3420 λέγει
958 3354 1047 3402 καὶ
1098 3352 1233 3401 κατὰ
1281 3356 1333 3401 τί
1376 3351 1610 3422 μείζονα,
1651 3352 1733 3402 ὅτι
1777 3352 1911 3401 κατὰ

303 3438 361 3487 τὸ
392 3440 805 3511 προπορεύεσθαι
835 3437 1055 3495 πλησίον
1082 3448 1169 3498 τῆς
1188 3444 1481 3512 παρουσίας
1508 3439 1685 3493 αὐτοῦ.
1713 3439 1911 3498 Μείζο-

301 3544 381 3586 νες
408 3529 505 3599 γὰρ
529 3535 627 3578 τῶν
658 3526 819 3578 ἄλλων
858 3529 1097 3600 κηρύκων
1132 3530 1180 3579 οἱ
1222 3532 1651 3603 προπορενόμενοι
1680 3529 1908 3584 πλησίον

300 3622 391 3666 τοῦ
422 3614 698 3687 βασιλέως.

376 3702 780 3777 [Περισσότεγον
835 3705 946 3775 (41)
982 3709 1273 3777 προφήτου,
1333 3708 1397 3766 ὡς
1444 3710 1534 3758 καὶ
1575 3706 1728 3757 αὐτὸν
1782 3702 1905 3757 ἰὸὼν

304 3790 707 3863 όφθαλμοφανῶς
735 3796 819 3845 τόν
852 3793 938 3845 ὑπ’
969 3793 1128 3846 αὐτοῦ
1154 3799 1618 3866 προφητευόμενον,
1652 3796 1705 3847 ὄν
1732 3797 1779 3846 οἱ
1807 3797 1905 3867 πρό

308 3880 473 3931 αὐτοῦ
501 3888 758 3951 προφῆται
778 3882 1162 3954 αἰνιγματωδῶς
1193 3882 1511 3953 ἐθεάσαντο.]

378 3968 549 4030 Οὗτος
624 3999 691 4010 —-
751 3972 1036 4030 ἔμπροσθέν
1120 3990 1236 4023 σου.
1322 3974 1465 4024 Μετὰ
1540 3976 1633 4029 τὴν
1718 3971 1904 4023 οἰκείαν

1597 4078 1609 4089 ’
1644 4063 1752 4112 ἔστι
1806 4062 1902 4132 γὰρ

300 4148 605 4218 Μαλαχίου,
639 4151 693 4199 τό
720 4150 899 4222 ῥητόν.
950 4152 1169 4223 Εἴρηται
1201 4146 1278 4216 δὲ,
1317 4153 1381 4210 ὡς
1425 4148 1524 4202 ἀπὸ
1574 4158 1664 4203 τοῦ
1710 4153 1906 4221 Πατρός

297 4241 387 4288 καὶ
437 4244 568 4289 Θεοῦ
616 4241 762 4309 πρὸς.
806 4242 892 4290 τόν
940 4240 1059 4291 Υἰόν
1111 4244 1198 4291 καὶ
1226 4243 1371 4293 Θεόν.
1400 4238 1423 4253 ”
1448 4239 1667 4311 Αγγελον
1700 4235 1758 4291 δὲ
1791 4232 1905 4309 (42)

624 3999 691 4010 —-
751 3972 1036 4045 ἔμπροσθέν
1120 3990 1236 4023 σου.

301 4062 619 4132 μαρτυρίαν,
667 4057 888 4132 ἐπιφέρει
935 4065 1023 4112 καὶ
1075 4065 1167 4117 τήν
1224 4066 1549 4133 προφητικήν

298 4326 477 4390 αὐτοῦ,
516 4330 601 4378 τόν
656 4328 896 4386 Ἰωάννην
948 4329 974 4379 6
1030 4332 1160 4390 Θεὸς
1213 4330 1557 4401 ὠνόμασεν,ή
1621 4332 1686 4389 ὡς
1734 4328 1904 4400 ἀπαγ-

292 4415 544 4487 γείλαντα
591 4424 662 4486 τῷ
710 4416 818 4487 λαῷ
874 4420 939 4469 τὰ
974 4417 1259 4476 λαληθέντα
1306 4422 1422 4491 περὶ
1470 4426 1561 4471 τοῦ
1628 4424 1861 4491 Χριστοῦ
1892 4424 1904 4442 ’

287 4495 540 4576 Ἐγένετο
592 4508 717 4577 γὰρ,
777 4510 926 4577 φησὶ,
979 4507 1125 4579 ῥῆμα
1179 4511 1305 4559 Θεοῦ
1342 4506 1427 4559 ἐπὶ
1479 4508 1745 4564 Ἰωάννην
1814 4512 1899 4560 τόν

282 4602 384 4646 τοῦ
426 4596 705 4667 Ζαχαρίου
772 4597 883 4647 υἱόν
941 4594 988 4646 ἐν
1044 4604 1107 4667 τῇ
1160 4593 1333 4669 ἐρήμῳ
1372 4613 1383 4624 ⁸

282 4683 405 4756 βίον
480 4687 883 4757 μετερχόμενον,
952 4683 1001 4735 ἐν
1050 4692 1121 4754 τῷ
1174 4686 1499 4758 ύπεραρθῆαι
1571 4694 1667 4736 τῶν
1706 4688 1896 4755 γήῖνων

281 4777 376 4824 καὶ
430 4778 630 4844 φρονεῖν
679 4772 915 4843 οὐράνια,
998 4776 1067 4825 T6
1121 4769 1198 4842 δὲ,
1258 4776 1364 4845 Πρό
1435 4779 1720 4844 προσώπου
1778 4793 1893 4841 σου,

289 4858 403 4911 ἀντὶ
433 4868 544 4926 τοῦ,
600 4860 844 4913 Ἐνώπιόν
898 4880 992 4913 σου
1051 4858 1419 4934 προοδεύοντα,
1487 4864 1555 4922 ὡς
1602 4861 1807 4927 οἰκεῖον,
1847 4862 1896 4922 ὃς

289 4952 381 5000 καὶ
436 4950 719 5022 ἔμπροσθέν
781 4969 874 5001 σου
911 4950 1202 5022 εύτρεπέσει
1249 4954 1342 5008 τήν
1395 4946 1516 5002 όδον
1566 4969 1681 5003 σου.
1742 4947 1896 5011 Ὀδός

293 5033 353 5090 δὲ
387 5044 479 5089 τοῦ
524 5046 781 5113 Χριστοῦ,
832 5041 887 5091 αἱ
937 5038 1118 5110 ψυχαὶ
1167 5046 1267 5091 τῶν
1316 5038 1619 5112 ἀνθρώπων,
1680 5040 1746 5090 ὧν
1778 5038 1893 5091 ἐπι-

362 5214 410 5251 ⁴⁴
437 5214 675 5271 Malach.
704 5231 786 5286 ιιι,
818 5220 864 5270 1.
942 5216 990 5251 ⁸⁵
1018 5217 1146 5272 Luc.
1186 5219 1298 5281 vni,
1322 5218 1381 5273 2.

2018 3359 2107 3409 est
2133 3354 2441 3424 majorem.
2468 3352 2678 3408 Deinde
2701 3352 2837 3407 dicit
2863 3353 2922 3406 in
2947 3367 3070 3423 quo
3111 3352 3424 3420 majorem,
3448 3352 3662 3407 videli-

2016 3448 2104 3499 cet
2131 3443 2191 3498 in
2213 3459 2283 3498 eo
2304 3442 2464 3515 quod
2492 3442 2709 3497 venerit
2726 3442 2883 3497 circa
2899 3440 3108 3496 Christi
3136 3441 3482 3497 adventum.
3514 3443 3662 3496 Nam

2018 3534 2274 3602 majores
2296 3532 2423 3588 aliis
2456 3533 2606 3587 inter
2635 3546 2940 3601 praecones
2971 3534 3108 3585 sunt
3137 3530 3196 3585 hi
3220 3530 3323 3601 qui
3353 3546 3541 3601 prOpe
3571 3545 3663 3586 re-

2014 3637 2150 3691 gem
2183 3621 2547 3692 praecedunt.

2082 3713 2124 3779 -ι-
2158 3710 2651 3767 Excellentiorem
2681 3708 2991 3780 propheta,
3023 3712 3220 3779 utpote
3239 3707 3341 3778 qui
3369 3707 3492 3762 suis
3516 3705 3662 3763 vidit

2013 3799 2201 3855 oculis
2241 3815 2277 3853 a
2308 3815 2370 3853 se
2401 3798 2842 3869 prophetatum,
2901 3812 3081 3868 quem
3132 3797 3433 3867 propheta
3461 3796 3661 3866 ipsum

2013 3888 2411 3958 praecedentes
2444 3886 2503 3941 in
2532 3885 2849 3954 (enigmate
2890 3891 3346 3955 conspexerant.

2085 3979 2241 4030 Vers.
2269 3978 2348 4031 10.
2384 3976 2494 4031 Hic
2519 4004 2587 4015 —
2612 3979 2746 4029 ante
2775 3979 2850 4029 te.
2889 3973 3211 4044 Postquam
3252 3973 3661 4028 testimonium

2015 4064 2183 4122 aﬂ'ert
2204 4077 2259 4120 et
2294 4064 2710 4136 propheticum
2739 4080 2751 4117 :
2785 4066 2874 4116 est
2899 4062 3055 4117 enim
3079 4060 3380 4117 Malachiae
3411 4061 3659 4116 verbum

2015 4156 2081 4208 “.
2115 4154 2341 4210 Dictum
2374 4159 2461 4209 est
2492 4157 2692 4209 autem
2718 4152 2885 4223 quasi
2918 4166 2953 4206 a
3008 4154 3175 4206 Patre
3219 4154 3275 4205 et
3304 4153 3441 4214 Deo,
3471 4150 3547 4205 ad
3573 4150 3661 4204 Fi-

2011 4244 2158 4299 lium
2188 4244 2364 4299 etiam
2406 4242 2603 4297 Deum.
2648 4243 2941 4297 Joannem
2971 4256 3109 4295 vero
3155 4239 3437 4308 angelum
3483 4255 3659 4295 suum

2017 4337 2167 4388 Deus
2197 4332 2549 4391 nominavit.
2585 4330 2705 4385 sive
2722 4330 2866 4401 quia
2915 4329 3125 4401 ἅγγελος
3154 4328 3368 4384 dicitur
3392 4328 3656 4394 nuntius,

2011 4425 2066 4477 ct
2092 4422 2350 4476 Joannes
2376 4435 2503 4489 quae
2534 4418 2642 4473 sibi
2669 4418 2828 4472 dicta
2854 4422 3021 4472 erant
3050 4417 3123 4472 de
3164 4417 3397 4471 Christo
3428 4432 3660 4472 annun-

2012 4509 2174 4565 tiavit
2203 4509 2427 4580 populo
2459 4524 2470 4561 :
2506 4508 2755 4562 Factum
2785 4512 2888 4574 est,
2919 4504 3132 4577 inquit,
3160 4506 3396 4561 verbum
3430 4507 3532 4561 Dei
3560 4521 3660 4559 su-

1431 4596 1461 4653 ή
1504 4598 1567 4656 ὡς
1626 4595 1897 4667 ἀγγελικόν

2021 4614 2113 4654 aer
2122 4598 2402 4654 Joannem
2421 4596 2726 4652 Zachariae
2734 4595 2927 4663 ﬁlium
2941 4597 2999 4649 in
3012 4595 3238 4649 deserto
3252 4595 3322 4650 ‘5.
3345 4594 3474 4650 Sive
3487 4595 3653 4665 quasi

2006 4686 2667 4755 angelicamdegentem
2696 4684 2886 4747 vitam,
2920 4699 2990 4737 eo
3020 4684 3184 4752 quod
3219 4699 3391 4752 super
3427 4689 3657 4738 terrena

2004 4775 2363 4839 elevabatur,
2381 4790 2449 4828 ac
2462 4772 2721 4827 cazlestia
2737 4771 3021 4841 sapiebat.
3040 4773 3187 4824 Ante
3221 4771 3431 4824 faciem
3465 4777 3652 4836 tuam,

2004 4863 2116 4918 hoc
2131 4869 2215 4919 est
2230 4864 2289 4918 in
2308 4866 2631 4931 conspectu
2643 4863 2748 4914 tuo
2761 4858 3220 4931 praecedentem,
3251 4863 3540 4929 tanquam
3553 4858 3655 4913 do-

2003 4948 2644 5022 mesticumtuum,qui
2677 4948 2855 5004 etiam
2888 4962 3091 5003 coram
3124 4951 3177 5001 te
3219 4947 3451 5018 parabit
3497 4948 3655 5004 viam

2004 5040 2313 5095 tuam.Via
2336 5044 2534 5094 autem
2564 5037 2775 5093 Christi
2797 5036 3012 5093 animae
3027 5035 3511 5092 eranthominum
3550 5052 3657 5110 per

1504 5340 1727 5411 Variae
1759 5340 2086 5410 lectiones
2110 5350 2174 5408 et
2206 5349 2404 5409 notae.

360 5480 471 5553 (41)
491 5480 723 5539 inclusa
749 5488 999 5556 uterque
1028 5481 1213 5539 codex
1234 5482 1417 5539 habet
1434 5482 1495 5539 in
1525 5460 1814 5553 margine.

2072 5482 2186 5555 (4‘2)
2219 5482 2423 5538 ἑαυτοῦ.
2458 5488 2518 5539 Δ.

357 5658 441 5732 (a)
470 5660 515 5715 Α
553 5662 739 5719 domo.
772 5660 893 5719 Hoc
923 5660 1249 5718 obscurum
1279 5664 1390 5719 est.
1432 5660 1657 5729 Malim,
1683 5666 1788 5718 aut
1820 5662 2140 5720 domestica
2168 5662 2615 5730 consuetudine,
2653 5666 2755 5719 aut
2779 5677 2817 5719 a
2856 5663 3188 5721 nau'vitate.
