4206 6310
579 326 678 382 351
1915 331 2248 388 EUTHYMII
2285 332 2616 390 ZIGABENI
3835 334 3956 390 352
4126 283 4145 462 Ὺ

578 467 732 525 quas
762 453 1077 526 oportebat
1101 454 1354 511 verbum
1389 455 1710 527 procedere
1732 462 1907 529 prout
1938 458 2101 514 tertio
2133 475 2229 515 ca-

2342 459 2526 511 ϐαίνειν
2580 459 2775 530 ἔμελλεν
2834 462 2858 512 ὁ
2914 460 3083 532 λόγος,
3141 463 3211 522 ὡς
3259 458 3306 510 ἐν
3355 467 3425 529 τῷ
3474 463 3632 532 τρίτῳ
3682 458 3967 530 κεφαλαίῳ

579 543 694 614 pite
732 542 903 598 latius
927 543 1206 599 diximus.
1246 545 1441 600 Potest
1471 546 1644 600 etiam
1684 546 1804 601 dici
1853 547 2231 604 excellentior

579 631 886 703 propheta,
906 633 1036 702 quia
1053 648 1191 687 eum
1215 649 1396 704 quem
1425 633 1572 688 vidit
1609 635 2025 706 prophetabat,
2064 634 2231 708 quod

573 719 718 774 nulli
749 720 998 789 contigit
1029 722 1471 791 prophetarum.
1511 724 1625 776 Nec
1657 723 1800 777 vidit
1828 728 2076 788 tantum,
2134 739 2233 779 ve-

582 824 714 864 rum
747 808 924 864 etiam
946 809 1287 881 baptizavit.

650 899 809 952 Vers.
843 899 926 952 tt.
968 900 1152 954 Amen
1177 929 1244 938 —
1267 899 1557 967 Baptista.
1615 902 1742 956 Non
1796 903 1971 956 natus
2001 905 2113 966 est,
2141 901 2230 955 in-

577 985 718 1057 quit,
753 991 903 1041 inter
929 987 1221 1049 homines,
1256 987 1358 1058 qui
1389 1003 1419 1041 e
1474 987 1828 1043 mulieribus
1887 989 2009 1045 nati
2071 993 2228 1056 sunt,

577 1075 769 1144 major
799 1075 912 1129 illo.
945 1077 1085 1141 Quis
1113 1075 1271 1130 enim
1288 1076 1509 1130 aliusin
1535 1076 1684 1133 uteri
1713 1077 1962 1132 tenebris
1977 1078 2230 1132 abscon-

578 1161 757 1226 ditus,
789 1162 982 1218 lucem
1023 1164 1258 1218 venisse
1287 1165 1530 1234 agnovit
1561 1170 1617 1220 et
1647 1165 1806 1220 illam
1841 1166 2232 1222 exsultatione

580 1251 849 1307 adoravit
886 1253 934 1287 ⁴⁶
960 1251 987 1306 Ῥ
1018 1252 1214 1308 Nullus
1244 1253 1394 1308 alius
1426 1259 1639 1325 praeter
1681 1255 1842 1310 hunc
1882 1255 2094 1320 solum,
2130 1254 2233 1327 qui

579 1341 789 1394 merito
828 1357 968 1395 sane
1009 1342 1236 1396 cunctis
1267 1343 1460 1413 major
1514 1349 1618 1398 est.
1654 1346 1718 1398 Et
1743 1359 1968 1409 rursus,
2021 1345 2122 1416 qui
2154 1343 2232 1399 ab

576 1427 828 1484 infantia
856 1429 935 1484 ita
963 1429 1286 1484 solitariam
1319 1447 1389 1485 ac
1420 1431 1774 1487 eremiticam
1828 1432 1998 1486 duxit
2022 1433 2229 1500 vitam,

578 1517 812 1589 taleque
838 1517 1006 1590 elegit
1035 1519 1383 1574 exercitium
1403 1521 1431 1575 ‘I
1461 1519 1626 1576 Certe
1684 1521 1881 1576 nullus
1929 1521 2222 1576 omnium.

576 1607 898 1677 Postquam
913 1623 1054 1678 ergo
1072 1608 1670 1678 Baptistamlaudavit
1684 1610 2233 1665 aconcurquudaa-

578 1711 752 1751 orum
783 1695 859 1750 ad
886 1696 1104 1768 ipsum,
1144 1696 1362 1753 deinde
1387 1714 1422 1753 a
1455 1700 1661 1754 virtute
1703 1699 1882 1765 illius,
1928 1705 1984 1754 et
2010 1698 2173 1754 tertio
2198 1715 2232 1752 a

2335 547 2648 623 πλατύτερον
2702 549 3001 624 εἰρήκαμεν.
3069 553 3288 620 Λέγοιτο
3355 545 3406 600 δ’
3463 549 3523 599 ἄν
3572 552 3965 621 περισσότερος

2338 642 2628 711 προφήτου,
2687 643 2774 690 καὶ
2853 641 2916 698 ὡς
2977 642 3062 690 τὸν
3121 638 3207 690 ὑπ’
3281 637 3439 688 αὐτοῦ
3495 640 3964 710 προφητευόμενον

2344 724 2487 790 ἰδὼν,
2533 729 2596 786 ὡς
2645 723 2819 788 οὐδεὶς
2869 734 2968 778 τῶν
3017 726 3180 779 ἄλλων
3213 733 3511 800 προφητῶν,
3558 729 3747 796 καὶμὴ
3791 728 3964 796 μόνον

2345 811 2488 881 ἰδὼν,
2524 813 2648 866 ἀλλὰ
2677 821 2760 867 κοὶ
2792 814 3075 886 βαπτίσας.

2412 903 2576 975 Ἀμην
2656 934 2724 942 -
2792 909 3110 956 Βαπτιστοῡ.
3190 901 3264 953 Ou’
3352 906 3673 972 γεγέννηται,
3763 904 3964 972 φησιν,

2342 990 2389 1042 ἐν
2436 998 2539 1052 τοῖς
2594 995 2926 1063 γεννωμένοες
3002 991 3057 1042 ἐκ
3117 998 3374 1061 γυναικῶν
3429 988 3707 1062 ἁνθρὼροις
3751 988 3965 1060 μείζων

2343 1080 2520 1134 αὐτοῦ.
2574 1084 2658 1140 Τίς
2715 1085 2815 1152 γὰρ
2883 1079 3052 1149 ἄλλος,
3122 1078 3170 1131 ἐν
3253 1083 3424 1130 σκότει
3477 1083 3676 1151 μήτρας
3735 1077 3967 1148 ἐπικρυ-

2341 1173 2605 1241 πτόμενος,
2665 1167 2910 1242 ἐγνώρισε
2990 1171 3049 1219 τὸ
3108 1175 3207 1239 φῶς
3259 1166 3420 1236 ἐλθὸν,
3475 1171 3564 1217 καὶ
3620 1172 3776 1217 τοῦτο
3844 1172 3962 1226 τοίς

3271 1252 3455 1314 Οὐδεὶς
3512 1253 3700 1326 ἕτερος,
3772 1253 3825 1305 εἰ
3887 1257 3963 1325 μὴ

2341 1351 2488 1419 μόνος
2551 1366 2718 1407 ουτος.
2794 1349 2997 1408 Μείζων
3079 1345 3182 1418 ἄρα
3255 1345 3456 1396 πάντων
3535 1342 3762 1403 εἰκότως.
3857 1345 3963 1394 Καὶ

2342 1435 2511 1500 αὖθις,
2570 1440 2648 1497 τίς
2701 1433 2754 1486 ἐκ
2811 1433 3037 1508 βρέφους
3094 1433 3228 1484 οὕτω
3285 1436 3489 1502 γέγονεν
3557 1429 3811 1503 ἐρημικὸς
3870 1433 3964 1480 καὶ

2340 1527 2584 1582 τοιαύτην
2637 1525 2866 1580 ἄσκησιν
2920 1521 3094 1587 ἓλετο;
3137 1527 3248 1572 Τῶν
3306 1521 3508 1572 πάντων
3557 1522 3712 1570 ὄντων
3749 1515 3963 1579 οὐδείς.

2344 1263 2670 1332 σκιρτήμασι
2747 1259 3036 1331 προσεκύνη
3047 1275 3128 1308 σεν
3182 1274 3195 1318 ;

2343 1613 2642 1672 Ἐπαινέσας
2726 1611 2813 1663 οὖν
2873 1615 2956 1662 τὸν
3020 1612 3327 1670 Βαπτιστὴν,

2341 1702 2515 1768 αὐτὸν,
2547 1697 2848 1772 συνδρομῆς
2891 1708 2987 1752 τῶν
3041 1695 3330 1764 Ἰουδαίων,
3389 1696 3489 1748 ἀπὸ
3543 1715 3596 1748 τε
3624 1704 3717 1757 τῆς
3761 1694 3966 1768 ἀρετῆς

3406 1610 3505 1659 ἀπὸ
3560 1626 3611 1658 τε
3668 1615 3763 1667 τῆς
3832 1610 3964 1680 πρὸς

576 1801 686 1840 suo
704 1785 1014 1855 suffragio,
1027 1793 1241 1858 quarto
1254 1804 1486 1859 quoque
1501 1805 1536 1844 a
1553 1790 1854 1860 prophetae
1871 1789 2228 1855 testimonio,

2342 1791 2520 1856 αὑτοῦ,
2577 1794 2666 1842 καὶ
2716 1808 2888 1863 τριτον
2943 1787 3042 1839 ἀπὸ
3098 1795 3194 1848 τῆς
3243 1787 3436 1848 οἰκείας
3465 1784 3666 1856 ψήφου,
3719 1788 3817 1836 καὶ
3872 1789 3962 1836 τέ-

579 1880 633 1930 et
653 1875 942 1944 majorem
962 1874 1270 1946 prOphetis
1297 1891 1434 1930 eum
1458 1877 1810 1947 praedicavit,
1833 1893 1903 1933 ac
1932 1878 2230 1932 universa-

578 1963 708 2017 liter
731 1963 1015 2016 omnibus
1044 1962 1327 2032 majorem
1353 1965 1701 2019 hominibus
1727 1984 1738 2032 ;
1767 1970 1932 2021 curat
1961 1965 2042 2037 (b)
2072 1966 2230 2021 hanc

579 2049 827 2104 laudum
851 2048 1341 2116 magnitudinem,
1365 2067 1439 2106 ne
1467 2059 1708 2123 propter
1729 2053 1876 2118 haec,
1900 2055 2036 2125 ipso
2053 2054 2230 2108 etiam

582 2136 808 2193 Christo
847 2137 1289 2193 honoratiorem
1343 2139 1644 2197 ducerent.
1674 2143 1734 2196 Et
1757 2141 1915 2212 vide,
1962 2142 2108 2215 quid
2153 2142 2233 2198 di-

581 2229 700 2282 cat.

658 2410 810 2463 Vers.
837 2410 928 2464 11.
966 2410 1285 2478 Quiautem
1306 2441 1374 2453 —
1395 2414 1477 2466 est
1494 2411 1619 2466 illo.
1648 2408 1929 2466 Minorem
1970 2409 2231 2481 seipsum

580 2495 741 2562 dicit,
759 2514 831 2554 eo
847 2499 1012 2571 quod
1026 2501 1107 2556 ita
1128 2501 1425 2556 videretur
1439 2499 1864 2572 apudJudasos.
1892 2501 2030 2555 Nam
2053 2500 2230 2555 Joan-

586 2602 721 2642 nem
749 2603 819 2643 eo
850 2589 1140 2660 majorem
1173 2589 1498 2655 habebant,
1523 2593 1728 2661 utpote
1749 2587 1854 2661 qui
1881 2589 1955 2643 ab
1983 2587 2233 2644 infantia

586 2676 647 2731 in
673 2691 937 2732 eremum
968 2683 1300 2742 secesserat,
1329 2682 1385 2734 et
1435 2677 1779 2733 admirabili
1812 2677 1942 2732 vita;
1968 2677 2232 2732 instituto

586 2780 732 2818 usus
790 2763 1001 2821 fuerat.
1043 2766 1340 2821 Christum
1379 2781 1518 2820 vero
1567 2769 1860 2837 tanquam
1925 2763 2234 2820 communi

586 2849 769 2905 modo
786 2855 1234 2906 conversantem
1251 2851 1630 2922 dejiciebant.
1656 2851 1784 2916 Qui,
1801 2851 2012 2922 inquit,
2041 2851 2236 2906 minor

587 2947 693 3004 est,
726 2937 787 2993 id
818 2941 1030 3010 estqui
1061 2939 1290 2995 videtur
1338 2941 1536 2995 minor
1561 2939 1679 3005 illo,
1737 2939 1930 3010 major
1956 2956 2026 2994 eo
2059 2944 2146 2994 est
2176 2940 2235 2994 in

583 3044 769 3100 regno
801 3029 1103 3096 ccelorum,
1141 3031 1256 3086 hoc
1282 3035 1387 3095 est,
1417 3031 1758 3102 imperando
1790 3029 1954 3086 caelis
1989 3047 2000 3086 :
2033 3035 2234 3102 utpote

587 3135 710 3175 non
739 3119 913 3175 homo
945 3120 1158 3189 solum,
1195 3121 1297 3176 sed
1325 3121 1504 3176 etiam
1537 3124 1709 3176 Deus.

658 3209 818 3264 Vers.
853 3210 945 3265 i2.
985 3212 1032 3265 A
1064 3241 1131 3250 —
1179 3211 1353 3266 illud.
1405 3211 1862 3281 Chrysostomus
1883 3209 2047 3274 dicit,
2081 3208 2236 3281 quod

584 3297 682 3354 hic
711 3314 960 3370 regnum
986 3304 1158 3355 vocat
1200 3300 1381 3356 tidem
1435 3301 1496 3356 in
1535 3300 1753 3371 ipsum,
1801 3304 2006 3371 utpote
2035 3290 2237 3355 arrha-

586 3387 810 3444 bouem
823 3391 896 3444 ad
909 3405 1160 3458 regnum
1173 3390 1482 3454 caelorum,
1501 3390 1581 3445 ad
1593 3389 2234 3460 fruitionem,inquam,

586 3476 882 3533 bonorum
910 3493 1042 3550 quas
1062 3479 1356 3534 habentur
1380 3479 1440 3534 in
1488 3479 1674 3534 costis.
1706 3478 1832 3533 Vim
1862 3483 2062 3534 autem
2091 3477 2237 3548 pati-

587 3569 702 3631 tur,
735 3566 848 3620 hoc
872 3572 961 3620 est
988 3566 1276 3621 violenter
1305 3567 1381 3622 ab
1411 3565 1756 3622 hominibus
1777 3567 2066 3636 arripitur,
2090 3565 2237 3620 dum

587 3653 666 3708 illi
697 3652 810 3708 sibi
840 3653 983 3726 ipsis
1014 3654 1130 3710 vim
1175 3655 1454 3721 inferunt,
1495 3671 1566 3712 ac
1610 3662 1764 3710 certe
1820 3654 2235 3711 necessitatem

586 3741 968 3814 prOpriorum
989 3743 1229 3800 vincunt
1246 3743 1584 3814 aﬁ‘ectuum,
1611 3748 1711 3800 aut
1727 3745 1906 3800 etiam
1931 3743 2236 3799 inﬁdelita-

2340 1899 2525 1952 ταρτον
2593 1878 2692 1930 ἀπὸ
2746 1886 2842 1938 τῆς
2887 1883 3211 1951 προφητικῆς
3275 1878 3566 1948 μαρτυρίας
3617 1915 3630 1928 .

2343 1969 2468 2028 ζονα
2514 1969 2603 2039 μεν
2652 1975 2749 2018 τῶν
2808 1973 3084 2038 προφητῶν
3137 1962 3466 2036 ἀνακηρύξας
3519 1964 3693 2026 αὐτὸν,
3733 1965 3959 2033 μείζονα

3420 2071 3432 2082 ·
3513 2051 3781 2123 θεραπεύει
3860 2053 3954 2106 τὴν

2342 2141 2627 2216 ὑπερϐολὴν
2719 2151 2819 2194 τῶν
2894 2141 3182 2214 ἐγκωμίων,
3262 2141 3344 2190 ἵνα
3441 2142 3513 2210 μὴ
3598 2135 3693 2190 διὰ

2341 2232 2530 2305 μᾶλλον
2555 2237 2951 2305 προτιμήσωσιν
2984 2231 3135 2283 αὐτόν
3185 2237 3275 2282 τοῦ
3322 2234 3576 2303 Χριστοῦ.
3612 2232 3713 2280 Καὶ
3746 2229 3862 2301 ὅρα,
3895 2231 3943 2277 τί

2345 2341 2526 2392 φησιν.

2411 2410 2494 2462 Ὀ
2549 2407 2606 2462 δε
2679 2439 2726 2449 -
2767 2407 2926 2460 αὐτοῦ
2975 2405 3106 2461 ἐστί.
3158 2410 3498 2481 Μικρὸτερον,
3559 2406 3744 2456 ἑαυτὸν
3794 2404 3936 2474 λέγει,

2344 2497 2438 2553 διὰ
2469 2502 2524 2552 τό
2557 2496 2728 2551 δοκεῖν
2766 2497 2900 2550 οὓτω
2930 2499 3073 2568 ποιρὰ
3109 2503 3220 2558 τοῖς
3259 2490 3562 2560 Ἰουδαίοις,
3593 2494 3823 2554 Μείζονα
3850 2494 3944 2565 γὰρ

2344 2590 2503 2642 αὐτοῦ
2531 2591 2618 2640 τὸν
2643 2589 2878 2644 Ἰωάννην
2919 2585 3176 2657 ἐνόμιζον,
3228 2587 3292 2645 ὡς
3330 2583 3386 2635 ἐκ
3417 2581 3643 2657 βρέφους
3677 2580 3944 2654 ἐρημικόν,

2343 2684 2432 2731 καὶ
2490 2678 2602 2749 ξένῃ
2665 2673 2844 2747 διαίτῃ
2919 2680 3206 2747 χρώμενον.
3257 2677 3356 2726 Τὸν
3428 2674 3530 2745 γὰρ
3577 2674 3821 2745 Χριστὸν,
3879 2672 3946 2731 ὡς

2343 2775 2522 2828 κοινῶς
2580 2763 2941 2837 διαιτώμενον,
3000 2761 3330 2824 ύπεϐίϐαζον.
3391 2761 3448 2813 Ὀ
3536 2756 3592 2812 δὲ
3636 2762 3940 2832 μικρότερός

3686 1877 3775 1924 καὶ
3848 1877 3964 1944 μεί’

2343 2053 2402 2109 δὲ
2475 2054 2696 2107 καθόλου
2774 2057 2976 2106 πάντων
3054 2051 3332 2124 ἀνθρώπων

2719 2151 2819 2194 τῶν
2894 2141 3182 2214 ἐγκωμίων,
3262 2141 3344 2190 ἵνα
3441 2142 3513 2210 μὴ
3598 2141 3693 2190 διὰ
3785 2145 3954 2190 ταῦτα

2346 2876 2525 2929 φησιν,
2557 2857 2582 2907 ό
2615 2851 2780 2906 δοκῶν
2826 2853 3044 2905 ἐλάττων
3075 2852 3256 2919 αὐτοῦ,
3289 2854 3480 2923 μείζων
3530 2849 3681 2900 αὐτοῦ
3715 2850 3848 2899 εστιν
3880 2849 3928 2896 ἓν

2343 2954 2413 3016 τῷ
2458 2943 2751 3017 βασιλεύειν
2795 2951 2892 2996 τῶν
2951 2942 3196 3017 οὐρανῶν,
3245 2943 3308 3001 ὡς
3355 2944 3425 3011 μὴ
3468 2942 3621 3011 μόνον
3651 2937 3934 3009 ἄνθρωπος,

2345 3033 2472 3086 ἀλλὰ
2497 3039 2587 3085 καὶ
2623 3036 2770 3094 Θεὸς.

2418 3208 2546 3263 Ἀπό
2599 3239 2666 3248 --
2697 3206 2877 3265 αὐτην.
2935 3205 2992 3259 Ὀ
3050 3206 3164 3276 (43)
3224 3207 3595 3279 Χρυσόστομός
3638 3221 3816 3275 φησιν.
3870 3201 3948 3252 ὅτι

2349 3296 2622 3370 βασιλείαν
2669 3296 2896 3370 οὐρανῶν
2945 3295 3080 3366 λέγει
3125 3302 3233 3359 νύν,
3290 3299 3382 3351 τὴν
3428 3293 3497 3356 εἰς
3545 3290 3701 3344 αὐτὸν
3749 3295 3952 3356 πίστιν,

2346 3389 2415 3448 ὡς
2480 3387 2639 3438 οὖσαν
2729 3383 2963 3460 appensa»
3034 3391 3127 3445 τῆς
3193 3381 3469 3455 βασιλείας
3524 3389 3624 3432 τῶν
3692 3379 3953 3452 οὐρανῶν,

2347 3480 2480 3548 φημὶ
2539 3471 2632 3543 δὴ,
2660 3483 2756 3536 τῆς
2812 3473 3140 3531 ἀπολαύσεως
3192 3479 3290 3522 τῶν
3333 3469 3378 3522 ἐν
3433 3470 3665 3544 οὐρανοῖς
3717 3467 3950 3539 ἀγαθῶν.

2347 3566 2591 3624 Βιάςεται
2639 3560 2714 3628 δὲ,
2759 3561 2871 3614 ἀντὶ
2918 3570 3028 3632 τοι),
3083 3559 3269 3632 βιαίως
3322 3559 3613 3632 ἁρπάζεται
3667 3558 3811 3631 παρὰ
3857 3565 3956 3608 τῶν

2347 3655 2646 3728 ἀνθρώπων,
2715 3650 2762 3702 ἐν
2812 3660 2884 3722 τῷ
2967 3649 3171 3722 βιάζειν
3232 3650 3442 3702 ἑαυτοὺς
3514 3652 3604 3699 καὶ
3663 3652 3808 3716 νικᾴν
3865 3650 3958 3702 τὴν

2348 3742 2576 3814 ἀνάγκην
2626 3749 2724 3794 τῶν
2782 3737 3100 3797 οἰωνδηποτε
3151 3740 3349 3806 παθῶν,
3406 3741 3436 3795 ἤ
3483 3740 3567 3787 καὶ
3620 3739 3714 3792 τὴν
3767 3754 3959 3810 τυραν-

585 3830 1077 3903 tistyrannidem.
1109 3832 1366 3906 Ideoque
1405 3834 1520 3890 hoc
1543 3833 1945 3899 manifestans,
1987 3834 2234 3904 subjun-

2346 3829 2469 3884 νίδα
2521 3840 2615 3892 τῆς
2667 3828 2933 3890 ἀπιστίας.
3003 3831 3090 3880 Διό
3136 3833 3226 3880 καὶ
3281 3834 3433 3878 τοῦτο
3485 3825 3782 3896 σαφηνίζων
3831 3822 3962 3881 ἐπή-

585 3920 672 3976 xit
703 3919 869 3992 quod
911 3922 1160 3978 Violenti
1182 3925 1428 3992 rapiant
1458 3923 1636 3979 illud.
1674 3925 1828 3978 Hanc
1869 3938 2004 3978 vero
2034 3922 2240 3979 lauda-

585 4007 768 4064 bilem
801 4008 1165 4074 violentiam,
1194 4011 1486 4082 incepisse
1537 4011 1679 4066 dicit
1707 4026 1744 4066 a
1789 4011 2002 4066 diebus
2030 4010 2242 4082 praedi-

586 4097 836 4152 cationis
857 4097 1120 4160 Joannis,
1143 4098 1244 4167 qui
1273 4098 1485 4167 populo
1527 4098 1804 4153 clamavit
1833 4115 1845 4152 :
1872 4099 2236 4169 Resipiscite,

586 4184 768 4239 instat
789 4183 947 4238 enim
977 4200 1228 4254 regnum
1263 4185 1569 4241 caelorum.
1605 4189 1722 4241 Hoc
1752 4190 1950 4242 autem
1972 4201 2133 4242 nunc
2153 4185 2240 4242 di-

588 4272 675 4327 xit
710 4271 996 4338 Christus,
1065 4272 1242 4327 simul
1284 4272 1531 4344 quidem
1570 4273 1633 4328 in
1679 4273 1921 4330 laudem
1971 4274 2236 4342 Joannis,

588 4360 755 4431 quasi
783 4359 1098 4417 hominum
1124 4361 1374 4417 salutem
1395 4361 1467 4418 sit
1487 4362 1822 4434 auspicatus
1851 4383 1863 4422 :
1892 4364 2071 4420 simul
2094 4380 2238 4436 quo-

589 4463 708 4522 que
731 4449 996 4505 excitans
1023 4449 1336 4518 auditores,
1375 4454 1438 4506 ut
1467 4457 1522 4508 et
1542 4451 1659 4525 ipsi
1698 4452 1964 4510 similiter
2012 4453 2130 4511 vim
2153 4454 2240 4510 in-

591 4538 808 4595 ferrent
839 4537 951 4595 sibi
979 4539 1138 4612 ipsis.

2346 3941 2521 3993 γαγεν,
2597 3922 2674 3972 ὅτι
2755 3923 2979 3970 Βιασταὶ
3069 3917 3397 3992 ἁρπάσουσιν
3487 3913 3669 3971 αύτὴν.
3747 3917 3960 3969 Ταύτην

2349 4009 2408 4064 δὲ
2462 4013 2554 4068 τὴν
2623 4007 2888 4065 ἐπαινετὴν
2945 4005 3067 4079 βίαν
3154 4004 3414 4080 ἄρξασθαί
3473 4021 3630 4074 φησιν
3695 4000 3794 4052 ἀπὸ
3857 4009 3960 4053 τῶν

2355 4103 2557 4171 ἡμερῶν
2635 4104 2726 4149 τοῦ
2799 4099 3138 4170 κηρύγματος
3222 4094 3479 4156 Ἰωάννου,
3567 4089 3792 4162 βοῶντος
3887 4095 3960 4158 τῷ

2346 4186 2454 4256 λαῷ
2505 4192 2848 4239 ·Μετανοεῐτε
2903 4227 2915 4238 .
2950 4188 3136 4254 ἤγγικε
3181 4184 3282 4254 γὰρ
3343 4183 3372 4238 ἡ
3423 4178 3667 4252 βασιλεία
3719 4185 3816 4229 τῶν
3870 4177 3960 4229 οὐ·

2347 4283 2532 4350 ρανῶν.
2606 4277 2794 4347 Εἵρηκε
2835 4270 2893 4326 δὲ
2945 4280 3096 4325 τοῦτο
3149 4279 3235 4323 νῦν
3287 4272 3312 4322 ό
3358 4271 3609 4342 Χριστὸς,
3693 4266 3802 4338 ἅμα
3866 4269 3956 4339 μὲν

2349 4363 2563 4416 ἐπαινῶν
2616 4367 2700 4416 τόν
2764 4365 3028 4426 Ἰωάννην,
3100 4363 3164 4422 ὡς
3230 4359 3384 4411 αὐτὸν
3443 4356 3776 4428 ἐναρξάμενον
3863 4363 3957 4415 τῆς

3202 4451 3312 4521 ἄμα
3363 4443 3420 4500 δὲ
3473 4451 3562 4498 καὶ
3631 4445 3953 4518 παραθήγων

3222 4094 3479 4156 Ἰωάννου,

2351 4457 2610 4528 σωτηρίας
2665 4461 2762 4505 τῶν
2821 4451 3098 4525 ἀνθρώπων
3107 4495 3121 4518 ,

2270 4523 2314 4576 D
2347 4546 2466 4604 τοὺς
2520 4541 2796 4602 ἀκούοντας
2854 4541 2924 4602 εἰς
2968 4542 3026 4591 τὸ
3079 4544 3168 4592 καὶ
3237 4537 3426 4598 αύτούς
3483 4536 3668 4606 ὁμοίως
3746 4531 3950 4605 ,διάξειν

2348 4633 2579 4693 ἑαυτούς.

2421 4723 2608 4780 Πάντες
2682 4750 2749 4759 --
2823 4723 3016 4790 προεφή
3026 4736 3110 4769 τευ
3120 4736 3234 4771 σαν.

2346 4809 2571 4862 παλαιὰν
2622 4809 2952 4879 νομοθεσίαν.
3008 4810 3110 4858 Καὶ
3171 4807 3272 4879 γὰρ
3323 4808 3412 4854 καὶ
3473 4802 3522 4854 ἐν
3561 4804 3725 4872 ταύτῃ
3791 4794 3951 4849 πολλὰ

2347 4903 2465 4971 περὶ
2515 4904 2751 4970 Χριστοῦ
2807 4900 3104 4970 προείρητο,
3164 4899 3254 4947 καὶ
3309 4890 3497 4966 μᾶλλον
3567 4889 3615 4942 ἐν
3668 4894 3776 4949 τοῖς
3838 4888 3955 4961 περὶ

663 4717 826 4773 Vers.
851 4719 938 4774 13.
967 4718 1174 4777 Omnes
1193 4750 1261 4761 —
1277 4719 1798 4791 prophelaverunt.
1831 4721 2047 4792 Legem
2069 4726 2234 4778 vocat

2421 4723 2608 4780 Πάντες
2682 4750 2749 4759 --
2823 4723 3234 4790 προεφήτευσαν.
3347 4718 3519 4786 Νόμον
3626 4711 3781 4782 λέγει,
3851 4711 3942 4763 τήν

591 4811 849 4863 veterem
870 4808 1317 4879 legislationem.
1341 4809 1644 4882 Siquidem
1665 4811 1844 4867 etiam
1867 4810 1927 4865 in
1949 4810 2063 4865 hac
2094 4810 2240 4865 mul-

592 4899 652 4952 ta
682 4897 754 4953 de
775 4897 1005 4954 Christo
1045 4899 1329 4970 pradicta
1377 4903 1554 4955 sunt:
1584 4903 1642 4955 et
1700 4898 1962 4956 maxime
1992 4898 2055 4954 in
2103 4899 2242 4973 legi-

3347 4718 3519 4786 Νόμον

664 5077 711 5111 ⁴⁶
741 5076 880 5133 Luc.
910 5089 954 5143 I,
983 5076 1077 5133 41.

1821 5174 2036 5243 Variae
2075 5174 2401 5242 lectiones
2442 5182 2508 5241 et
2536 5180 2718 5239 nota

834 5371 998 5446 Tom.
1049 5370 1169 5446 VI],
1217 5385 1280 5446 rp.
1349 5371 1450 5426 417
1493 5373 1548 5427 C.
1591 5390 1602 5425 :
1664 5378 1764 5427 Καὶ
1794 5376 1905 5446 γὰρ
1965 5373 2087 5425 ὠθεῖ
2122 5445 2127 5446 γ
2157 5374 2247 5423 καὶ

597 5439 788 5510 ἐπείγει
843 5439 1025 5493 λοιποῦ
1073 5439 1262 5504 αὐτούς
1313 5448 1402 5496 καὶ
1476 5446 1700 5497 ἐντεῦθεν
1763 5439 1832 5506 εἰς
1877 5439 2011 5502 ’τὴν
2067 5445 2246 5496 πίστιν

598 5517 692 5570 τὴν
731 5511 915 5564 ἑαυτοῦ
971 5511 1350 5570 Subobscure
1403 5531 1545 5585 ergo
1597 5516 1768 5573 dixit.
1835 5515 2125 5570 Eumdem
2164 5513 2248 5570 lo-

2355 5384 2494 5425 cum
2525 5370 2732 5424 traetat
2759 5369 2797 5424 t.
2823 5366 2965 5434 VIII,
2995 5381 3056 5440 p.
3099 5367 3203 5423 320
3229 5364 3289 5430 C,
3319 5362 3415 5420 ubi
3441 5361 3673 5419 nullum
3702 5358 3959 5416 verbum

2355 5445 2474 5516 περὶ
2502 5445 2745 5502 πίστεως.

668 5636 740 5709 (b)
771 5638 984 5694 Curat.
1024 5637 1209 5695 Etiam
1230 5637 1343 5696 hoc
1373 5639 1712 5697 obscurum.
1742 5639 1964 5707 Malim,
1985 5645 2284 5708 temperat,
2306 5638 2545 5695 modum
2575 5635 2735 5708 ponit
2763 5635 2904 5692 huic
2933 5635 3181 5692 laudum
3208 5629 3625 5705 magnitudini.
