4206 6310
288 305 398 364 353

1270 296 1640 356 COMMENT.
1684 297 1753 354 IN
1793 294 2233 356 MATTHAEUM.
2275 329 2344 340 —
2380 299 2535 354 CAP.
2580 300 2667 354 XI.

3547 292 3652 358 354

296 434 493 485 θυσιων
546 433 746 502 νόμοις,
814 427 972 479 τύπον
1041 431 1131 478 καὶ
1185 430 1498 498 προμήνομα
1562 427 1893 497 κεκτημένοις

2023 440 2115 479 )us
2137 424 2211 479 de
2242 424 2843 495 sacriﬁciis,ﬁguram
2886 432 2987 485 aut
3009 428 3368 499 praesagium
3385 427 3656 484 habenti-

294 529 389 573 τοῦ
438 521 655 577 τυθῆναι
739 516 1002 589 μέλλοντος
1062 516 1187 586 ὑπὲρ
1266 522 1355 566 τοῦ
1440 518 1662 585 κόσμου.
1729 518 1891 570 Φησὶν

295 607 386 662 ὸῦν
443 610 519 660 ὅτι
596 607 778 666 πάντες
837 604 886 655 οἱ
964 611 1245 679 προφῆται,
1327 604 1374 654 oi
1444 606 1893 677 προφητεύσαντες

296 693 504 755 δηλαδὴ
566 699 682 768 περὶ
730 702 821 745 τοῦ
874 692 1139 765 μέλλοντος
1197 694 1450 764 ἔρχεσθαι
1503 698 1754 763 Χριστοῦ,
1805 695 1893 742 καὶ

292 787 318 838 6
349 790 521 851 νόμος,
574 786 598 834 ό
631 784 996 857 προφητεύσας
1045 786 1162 856 περὶ
1215 788 1307 832 τοῦ
1365 780 1630 852 μελλοντος
1677 782 1893 832 θύεσθαι

288 873 559 944 προϐάτου
603 878 692 923 καὶ
748 870 931 943 ἀμνοῦ,
986 875 1173 945 μέχρις
1221 872 1458 921 Ἰωάννου
1507 872 1596 929 τὰς
1650 872 1894 930 τοιαύτας

285 962 460 1014 αὐτῶν
514 965 829 1034 προφητείας
888 958 1152 1021 ἐξέτειναν.
1200 966 1375 1031 Μέχρι
1421 961 1509 1030 μὲν
1561 961 1661 1032 γὰρ
1711 959 1893 1011 Ἰωάν-

280 1071 376 1103 νου
428 1056 741 1124 προφητεῖαι
794 1046 927 1106 ἧσαν
980 1044 1176 1099 αὖται’
1212 1046 1290 1099 ἐπ’
1351 1047 1509 1099 αὐτοῦ
1578 1044 1635 1099 δὲ
1694 1046 1891 1109 λοιπὸν,

285 1140 387 1191 οὐκ
454 1142 531 1191 ἔτι
593 1143 903 1212 προφητεῖαι
968 1140 1338 1208 μεμενήκασιν,
1417 1134 1542 1187 ἀλλὰ
1610 1138 1897 1209 πράγματα

288 1232 592 1299 γεγόνασι..
643 1233 745 1278 Και
794 1228 893 1299 γὰρ
946 1224 1101 1285 αὐτὸς
1148 1221 1252 1277 εἶδε
1299 1230 1393 1283 τὴν
1424 1223 1634 1276 ἔκϐασιν
1678 1228 1894 1281 τούτων.

294 1320 385 1369 Διό
438 1321 548 1380 καὶ,
600 1314 839 1386 ἐπιγνοὺς
890 1320 978 1365 τὸν
1018 1317 1268 1385 Χριστόν,
1323 1311 1480 1386 ἀμνὸν
1528 1313 1682 1365 αύτόν
1736 1332 1896 1386 προσ-

942 1398 1085 1454 Ἰδοὺ
1139 1403 1164 1453 6
1237 1402 1422 1473 Ἀμνὸς
1497 1408 1587 1453 τοῦ
1664 1409 1820 1472 Θεοῦ,
1872 1403 1897 1453 6

296 1497 458 1566 αἴρων
488 1498 576 1551 την
608 1491 866 1566 ἁμαρτίαν
896 1498 987 1542 τοῦ
1018 1496 1240 1562 κόσμου.

296 1410 600 1479 ηγόρευσεν,
685 1403 857 1456 εἰπών.

370 1586 557 1655 Εἶρηκε
597 1577 655 1633 δὲ
704 1583 789 1632 τὸν
840 1579 988 1650 λόγον
1046 1580 1281 1631 τουτονό
1338 1582 1589 1653 Χριστός,
1644 1579 1753 1651 ἅμα
1809 1582 1897 1651 μὲν

297 1676 391 1723 καὶ
438 1669 659 1722 ἐντεῦθεν
706 1671 921 1721 ἐπαινῶν
975 1670 1061 1719 τὸν
1117 1668 1376 1735 Ἰωάννην,
1426 1671 1489 1728 ὡς
1544 1668 1655 1739 (44)
1700 1677 1897 1740 πρῶτον

2002 513 2114 568 bus
2134 514 2281 584 ejus,
2307 514 2406 585 qui
2431 528 2539 584 pro
2554 516 2783 572 mundo
2797 524 2919 574 erat
2938 516 3295 573 efferendus.
3319 518 3462 573 Dicit
3477 534 3649 587 ergo:

2004 604 2220 658 Omnes
2243 603 2563 674 propheta,
2597 606 2699 675 qui
2729 606 2995 662 videlicet
3032 607 3105 661 de
3132 613 3379 662 venturo
3422 607 3653 663 Christo

2003 691 2512 761 prOphetaverant,
2564 696 2621 747 et
2686 692 2777 749 lex
2818 712 2948 766 quae
3014 696 3075 750 in
3145 696 3347 751 ovium
3411 702 3465 751 et
3517 696 3655 767 agni

2001 780 2429 847 immolatione,
2464 781 2862 852 prophetabat
2902 784 2975 839 de
3007 783 3234 840 Christo
3262 784 3654 849 immolando,

2002 868 2350 938 hujusmodi
2384 871 2722 941 prophetias
2750 873 2822 927 ad
2849 874 3142 929 Joannem
3188 891 3370 944 usque
3425 879 3659 946 proten~

2004 956 2243 1013 derunt.
2295 960 2392 1013 Hae
2441 959 2731 1030 siquidem
2772 961 3092 1032 prophetiae
3142 967 3311 1018 erant
3352 979 3540 1034 usque
3580 964 3658 1020 ad

2001 1045 2287 1100 Joannem
2321 1062 2331 1100 :
2364 1045 2645 1119 deinceps
2693 1063 2835 1103 vero
2883 1065 3016 1103 cum
3053 1049 3150 1104 illo
3175 1050 3300 1120 jam
3349 1066 3470 1105 non
3528 1067 3660 1122 pro-

2006 1132 2218 1204 phetiaa
2246 1140 2617 1204 manserunt,
2661 1136 2764 1191 sed
2795 1152 3042 1209 operum
3065 1138 3457 1193 exhibitiones
3498 1139 3661 1195 facta;

2007 1227 2173 1279 sunt.
2233 1226 2381 1279 Nam
2436 1225 2642 1280 horum
2674 1226 2805 1297 ipse
2859 1226 3005 1283 vidit
3046 1233 3325 1283 eventum
3359 1245 3371 1283 :
3405 1228 3662 1300 ideoque

2007 1311 2212 1381 agnito
2253 1312 2505 1377 Christo,
2553 1330 2776 1386 agnum
2819 1331 2955 1371 eum
3015 1316 3358 1389 appellavit,
3413 1318 3659 1374 dicens:

2005 1401 2160 1457 Ecce
2194 1402 2397 1473 Agnus
2428 1403 2530 1459 Dei
2553 1404 2657 1474 qui
2692 1405 2845 1460 tollit
2871 1413 3180 1473 peccatum
3215 1406 3419 1462 mundi
3449 1408 3518 1462 ιτ.

2078 1578 2339 1635 Christus
2352 1583 2551 1636 autem
2564 1580 2725 1636 hunc
2745 1580 2981 1636 locutus
2999 1587 3083 1639 est
3096 1599 3456 1655 sermonem,
3489 1584 3664 1641 simul

2005 1668 2300 1723 Joannem
2350 1669 2489 1724 hinc
2527 1669 2800 1735 laudans,
2855 1675 3150 1743 tanquam
3226 1673 3491 1744 primum
3561 1676 3666 1747 qui

301 1759 580 1831 ἐπιγνόντα
649 1763 742 1815 την
800 1757 1012 1809 ἔκϐασιν
1077 1766 1176 1809 τῶν
1252 1760 1496 1808 τοιούτων
1553 1766 1897 1829 προφητειῶν,

2023 1772 2223 1812 larum
2274 1759 2715 1828 prophetiarum
2780 1761 3059 1829 cognovit
3125 1766 3421 1827 eventum,
3492 1764 3667 1835 quasi

303 1846 391 1901 οἶα
456 1853 545 1899 καὶ
600 1846 747 1899 αὐτόν
801 1852 1070 1920 προφήτην
1102 1864 1113 1875 ·
1164 1847 1273 1917 ἅμα
1342 1842 1399 1898 δὲ
1456 1850 1546 1897 καὶ
1603 1842 1896 1911 διδάσκων,

303 1943 386 1990 ὅτι
436 1941 778 2010 παραγέγονεν
813 1955 824 1966 ·
884 1938 1344 2009 προφητευόμενος,
1397 1939 1485 1986 καὶ
1525 1936 1617 1987 οὐκ
1660 1938 1735 1987 ἔτι
1787 1940 1896 2011 χρὴ

302 2023 606 2102 προσδοκᾶν
632 2027 813 2096 ἕτερον.

379 2115 531 2167 Ἔστι
598 2110 655 2165 δῖε
714 2117 804 2164 καὶ
884 2111 1011 2169 ἄλλη
1090 2131 1165 2171 τις
1223 2110 1487 2183 ἐξήγησις,
1565 2113 1644 2163 ὅτι
1721 2131 1901 2172 παντες

302 2204 479 2263 ἁπλῶς
531 2205 578 2254 οὶ
633 2210 897 2276 προφῆται
946 2206 1034 2253 καὶ
1093 2203 1117 2252 ό
1162 2206 1315 2273 νόμος
1369 2208 1460 2253 τοῦ
1523 2201 1636 2271 (45)
1706 2219 1903 2272 προφη-

299 2296 465 2344 τεύειν
546 2292 637 2352 ἕως
715 2291 950 2343 Ἰωάννου
1029 2296 1414 2364 προεφήτευσαν
1485 2288 1532 2340 ἓν
1602 2285 1899 2353 Ἰούδαίοις,

294 2384 388 2432 καί
434 2380 725 2439 τελευταῖος
768 2384 1037 2451 προφήτης
1087 2374 1235 2438 οὗτός
1275 2377 1386 2430 ἐστι
1420 2395 1431 2406 ’
1489 2381 1547 2429 τό
1595 2377 1770 2429 λοιπὸν
1822 2373 1898 2442 δὲ,

302 2466 476 2529 οὐδεὶς
530 2469 698 2541 ἕτερος
748 2468 924 2529 αὐτοῖς
977 2470 1342 2540 προφητεύσει,
1401 2472 1489 2518 καὶ
1554 2470 1664 2541 χρὴ
1737 2469 1903 2536 τούτῷ

307 2558 579 2610 πείθεσθαι
635 2558 839 2617 πάντως
898 2557 967 2617 ὡς
1022 2555 1311 2626 τελευταίῳ
1372 2555 1534 2607 πολλὰ
1586 2559 1703 2629 περὶ
1782 2554 1905 2626 ἐμοῦ

308 2649 705 2721 μαρτυρήσαντι
756 2649 841 2696 καὶ
906 2649 1384 2716 νυμφαγωγησαντι
1454 2664 1544 2716 μοι
1600 2647 1691 2704 τὰς
1747 2644 1905 2695 ἁπάν-

307 2734 595 2806 των-ψυχάς
628 2752 641 2763 '
698 2733 805 2786 ἐπεὶ
852 2739 941 2784 καὶ
998 2734 1418 2793 Κατασκευοίζειν
1468 2735 1754 2805 ἔμπροσθέν
1804 2752 1903 2804 μου

303 2830 400 2883 τὴν
455 2821 579 2876 ὀδόν
609 2842 730 2895 μου,
786 2822 1065 2892 Μαλαχίας
1118 2824 1142 2873 6
1189 2827 1455 2895 προφήτης
1527 2818 1659 2874 εἶπεν
1732 2822 1904 2873 αὐτόν.

379 2918 485 2965 Καὶ
567 2912 610 2964 εἰ
684 2944 745 2953 --
809 2913 833 2962 ό
901 2910 1092 2982 μέλλων
1181 2913 1453 2984 ἔρχεσθαι.

306 2997 586 3064 Ἰουδαῖοι,
653 3019 766 3052 τότε
839 3002 924 3051 τὸν
998 3003 1230 3073 Χριστόν
1302 2998 1481 3067 ἐλθεῖν,

1532 2907 1906 2981 Ιιροσδοκῶσιν

1562 3002 1679 3051 ὅταν
1755 2999 1909 3051 ἐλθὼν

2007 1848 2065 1900 et
2092 1844 2290 1917 ipsum
2317 1847 2673 1918 prophetam
2702 1866 2712 1901 :
2749 1848 2926 1903 simul
2952 1865 3194 1921 quoque
3226 1850 3467 1921 docens,
3502 1852 3667 1924 quod

2008 1934 2311 1990 advenerit
2333 1936 2461 2005 jam
2492 1937 2593 2007 qui
2622 1937 3112 2008 prophetabatur,
3144 1954 3252 1993 nec
3282 1940 3562 2011 deinceps
3590 1940 3667 1995 al-

2009 2026 2197 2079 terum
2230 2028 2500 2095 oporteat
2524 2032 2885 2095 exspectare.

2079 2114 2176 2166 Est
2189 2116 2389 2167 autem
2421 2117 2478 2168 et
2505 2112 2621 2168 alia
2648 2113 2930 2185 quaedam
2944 2114 3259 2186 expositio,
3281 2117 3669 2188 quodomnes

2012 2199 2357 2271 simpliciter
2387 2202 2686 2272 prophetae
2715 2207 2771 2258 et
2795 2202 2889 2257 lex
2914 2204 3329 2274 prophetandi,
3368 2222 3557 2276 usque
3589 2205 3668 2261 ad

2010 2290 2299 2344 Joannem
2346 2289 2567 2345 Judaeis
2625 2291 3131 2362 prophetaverant,
3167 2296 3223 2347 et
3272 2292 3371 2349 hic
3419 2293 3663 2349 ultimus

2013 2381 2097 2433 est
2137 2377 2562 2449 prophetarum
2599 2379 2916 2451 :deinceps
2963 2396 3103 2434 vero
3138 2381 3335 2435 nullus
3390 2381 3536 2435 alius
3584 2382 3670 2435 eis

2012 2464 2418 2537 prophetabit.
2476 2467 2619 2521 Huic
2663 2482 2805 2537 ergo
2852 2469 3018 2539 quasi
3067 2474 3367 2540 postremo
3414 2470 3662 2525 omnino

2013 2554 2248 2609 credere
2277 2560 2530 2625 oportet,
2584 2558 2683 2628 qui
2721 2556 2906 2611 multa
2944 2556 3016 2612 de
3049 2573 3144 2612 me
3166 2562 3410 2613 testatus
3454 2563 3541 2613 est
3569 2576 3584 2612 :
3611 2562 3667 2613 et

2015 2644 2167 2698 venit
2200 2648 2260 2697 ut
2286 2644 2556 2699 omnium
2589 2645 2822 2700 animas
2868 2651 3155 2717 tanquam
3197 2662 3441 2717 sponsas
3473 2647 3549 2702 ad
3577 2662 3672 2703 me

2014 2731 2293 2787 adducat.
2330 2734 2479 2787 Nam
2507 2737 2562 2788 et
2582 2732 2739 2788 hunc
2762 2734 3077 2789 Malachias
3107 2734 3396 2805 propheta
3425 2736 3675 2790 missum

2014 2821 2161 2876 dixit
2190 2822 2238 2856 ‘5
2272 2838 2284 2875 :
2322 2823 2391 2879 Ut
2422 2830 2745 2892 appararet
2783 2826 2940 2880 viam
2978 2839 3153 2881 meam
3182 2829 3322 2881 ante
3350 2841 3459 2881 me.

2088 2909 2251 2967 Vers.
2306 2911 2392 2965 14,
2439 2911 2515 2965 Et
2569 2914 2619 2966 si
2667 2942 2731 2952 -—
2776 2918 3053 2968 venturus
3130 2919 3271 2969 erat.
3325 2915 3679 2986 Exspectant

2015 2997 2202 3053 Judaei
2222 2997 2519 3055 Christum
2552 3005 2690 3055 tunc
2716 3006 3023 3056 venturum
3058 3018 3192 3056 cum
3225 3004 3448 3058 venerit
3501 3003 3677 3071 Elias,

312 3088 513 3155 Ἠλίας,
573 3085 851 3163 προδράμη
906 3096 1000 3149 τῆς
1059 3092 1355 3161 παρουσίας
1411 3088 1593 3144 αὐτοῦ,
1657 3092 1754 3140 Καὶ
1808 3091 1908 3160 γὰρ

2023 3092 2081 3141 ut
2118 3093 2431 3158 praecurrat
2466 3089 2797 3144 adventum
2858 3092 3005 3160 ejus.
3067 3090 3367 3146 Malachiae
3413 3108 3679 3163 namque

307 3180 427 3230 ἔστι
509 3182 793 3249 προφητεία
886 3176 1168 3246 Μνλαχίου
1269 3176 1532 3247 λέγουσα·
1616 3176 1910 3228 Ἀποστελῶ

529 3264 703 3317 Ἠλίαν
788 3268 874 3317 τόν
978 3264 1260 3323 Θεσϐίτην,
1334 3265 1390 3323 ὃς
1487 3264 1913 3323 ἀπόκαταστησει

308 3351 535 3425 καρδίαν
592 3358 783 3427 ποτρός
842 3357 971 3428 πρὸς
1021 3356 1150 3405 υἱον.
1214 3358 1314 3405 Καὶ
1374 3353 1541 3426 μέλλει
1592 3358 1681 3427 μὲν
1737 3354 1914 3416 Ἠλίας

310 3438 631 3516 προδραμεῖν
689 3451 782 3504 τῆς
832 3450 923 3494 τοῦ
976 3446 1212 3515 Χριστοῦ
1268 3446 1583 3516 παρουσίας,
1646 3442 1773 3495 ἀλλά
1819 3451 1915 3504 τῆς

312 3527 576 3599 δευτέρας.
646 3539 747 3592 Τῆς
800 3532 900 3602 γὰρ
958 3537 1171 3605 πρώτης
1211 3533 1236 3582 6
1291 3534 1529 3592 Ἰωάννης
1595 3529 1911 3607 προέδραμε.

313 3625 477 3678 Φησὶν
521 3617 608 3672 οὖν
661 3621 685 3672 6
745 3624 997 3694 Χριστός,
1054 3621 1134 3671 ότι
1194 3620 1309 3672 Ἐὰν
1350 3620 1527 3678 θελητε
1582 3617 1855 3688 δέξασθαι,
1889 3621 1914 3673 6

314 3709 481 3781 μέλλω
516 3716 604 3760 νῦν
658 3709 811 3761 εἰπεῖν
847 3726 857 3738 ·
894 3710 922 3767 η
980 3706 1255 3773 δέξασθαι,
1314 3708 1426 3761 ἀντὶ
1474 3718 1584 3779 τοῦ,
1630 3715 1916 3782 Προσέχειν

316 3802 429 3858 τόίς
484 3801 822 3871 πράγμασινο
878 3798 1029 3858 αύτός
1074 3797 1211 3849 ἔστιν
1266 3798 1382 3868 (£6)
1434 3798 1608 3859 Ἠλίας
1652 3800 1677 3849 6
1726 3797 1917 3870 μέλλων

319 3888 579 3958 ἔρχεσθαι
610 3904 621 3915 ⁸
658 3886 809 3948 αύτός
866 3886 1024 3956 ἐστιν,
1070 3889 1139 3948 ὡς
1202 3890 1295 3943 τὴν
1351 3886 1512 3944 αὐτὴν
1567 3886 1707 3957 αύτῷ
1742 3883 1919 3939 διακο-

320 3980 434 4027 νίαν
515 3973 693 4029 ἀνύων.
747 3975 945 4048 Ὠσμερ
1001 3978 1102 4050 γὰρ
1183 3974 1388 4043 ἐκεῖνος,
1456 3981 1760 4049 προτρέχων
1826 3985 1921 4037 τῆς

324 4060 575 4137 δευτέρας
637 4084 735 4137 μου
789 4070 1101 4137 παρουσίας,

886 3176 1168 3246 Μνλαχίου
1269 3175 1494 3247 λέγουσα
1521 3196 1532 3208 ·

309 3268 433 3337 ὑμῖν
529 3264 703 3317 Ἠλίαν
788 3268 874 3317 τόν
978 3264 1260 3326 Θεσϐίτην,
1334 3265 1390 3326 6;

1180 4063 1478 4139 ἐπιστρέψει
1539 4069 1632 4126 τὰς
1703 4062 1921 4139 καρδίας

324 4161 423 4203 τῶν
502 4161 785 4211 τηνικαῦτα
860 4150 1129 4206 Ἰουδαίων
1187 4157 1314 4225 πρὸς
1367 4158 1487 4214 τοὺς
1554 4153 1872 4215 ἀποστόλους
1905 4172 1916 4183 ’

325 4246 536 4316 πατέρες
583 4246 682 4315 γὰρ
742 4246 791 4295 οἱ
831 4240 1082 4295 Ἰουδαῖοι
1130 4252 1227 4294 των
1273 4242 1570 4296 ἀποστόλων
1603 4262 1614 4273 ⁸
1656 4252 1789 4295 οὕτω
1832 4250 1922 4297 καὶ

325 4327 491 4395 οὗτος,

572 4336 875 4404 προτρέχων
960 4341 1047 4391 τῆς
1124 4337 1333 4405 πρώτης
1428 4353 1526 4405 μου
1608 4338 1918 4407 παρουσίας,

323 4421 613 4493 ἐπιστρέφει
684 4424 775 4483 τὰς
852 4419 1075 4495 καρδίας
1140 4431 1238 4473 τὼν
1305 4422 1584 4495 μελλόντων
1660 4427 1921 4475 πιστεύειν

2019 3176 2334 3247 prOphetia
2409 3182 2499 3231 est
2556 3193 2689 3249 quae
2752 3178 2933 3233 dicit:
2968 3179 3204 3234 Mittam
3266 3180 3417 3235 vobis
3471 3181 3671 3235 Etiam

2028 3264 2378 3334 Thesbyten,
2395 3266 2499 3335 qui
2514 3266 2781 3321 restituet
2797 3282 2899 3321 cor
2907 3267 3098 3334 patris
3121 3268 3201 3323 ad
3210 3269 3423 3335 ﬁlium.
3446 3271 3512 3323 Et
3526 3274 3679 3324 certe

2020 3358 2306 3407 venturus
2334 3358 2421 3409 est
2452 3353 2627 3418 Elias,
2662 3359 2725 3409 ut
2748 3363 3071 3426 praecurrat
3098 3355 3306 3412 Christi
3333 3357 3679 3420 adventum,

2025 3441 2133 3497 sed
2163 3442 2495 3497 secundum
2527 3458 2539 3507 ;
2569 3443 2830 3499 Joannes
2864 3460 3126 3516 namque
3159 3445 3420 3516 primum
3461 3462 3685 3517 praecu-

2024 3532 2221 3587 currit.
2252 3531 2397 3588 Dicit
2436 3548 2577 3602 ergo
2606 3533 2869 3589 Christus
2897 3557 2909 3589 :
2939 3534 2994 3590 Si
3020 3532 3200 3589 vultis
3229 3535 3489 3605 recipere
3519 3534 3686 3606 quod

2024 3621 2288 3676 futurum
2338 3638 2465 3677 esse
2504 3622 2727 3676 dictum
2784 3626 2871 3678 est
2913 3623 2988 3678 de
3039 3621 3155 3678 hoc
3209 3626 3474 3694 tempore
3520 3623 3687 3677 :sive

2027 3711 2346 3781 suscipere,
2379 3710 2438 3765 id
2481 3715 2567 3766 est
2622 3710 2802 3766 rebus
2839 3712 3111 3767 animum
3168 3710 3497 3776 advertere,
3561 3712 3689 3782 ipse

2027 3804 2113 3853 est
2143 3798 2294 3855 Elias
2342 3801 2444 3872 qui
2497 3804 2777 3854 venturus
2822 3804 2968 3865 erat,
3028 3805 3230 3870 utpote
3282 3800 3481 3871 ipsum
3533 3800 3691 3855 illius

2027 3887 2422 3943 ministerium
2448 3887 2779 3959 perﬁciens.
2816 3889 2977 3943 Sicut
3011 3888 3170 3943 enim
3215 3887 3308 3942 ille
3343 3888 3688 3943 secundum

2030 3991 2236 4031 meum
2291 3976 2613 4032 adventum
2682 3992 3076 4048 praecurrens,
3138 3980 3440 4032 convertet
3510 3976 3693 4032 corda

2028 4063 2376 4120 Judaeorum
2426 4064 2582 4120 illius
2640 4064 2925 4135 temporis
2970 4064 3048 4119 ad
3114 4064 3437 4134 apostolos,
3494 4070 3695 4137 patres

2032 4152 2324 4224 siquidem
2378 4152 2795 4224 apostolorum
2865 4157 2999 4207 sunt
3052 4152 3280 4207 Judaei:
3316 4154 3397 4208 ita
3459 4157 3514 4207 et
3587 4153 3685 4208 hic

2031 4242 2336 4306 convertit,
2396 4256 2766 4312 praecurrens
2823 4256 3024 4296 meum
3093 4241 3434 4307 adventum,
3510 4241 3697 4299 corda.

2033 4346 2241 4385 eorum
2270 4330 2373 4401 qui
2426 4330 2702 4386 credituri
2748 4335 2887 4385 sunt
2932 4330 3273 4385 Judaeorum
3328 4331 3405 4386 ad
3456 4346 3551 4386 me
3595 4330 3701 4403 qui

2035 4436 2173 4474 sum
2216 4418 2368 4473 ﬁlius
2408 4435 2637 4474 eorum.
2680 4421 2829 4474 Nam
2888 4418 3221 4475 secundum
3259 4418 3701 4475 humanitatem

322 4507 594 4563 Ἰουδαίων
652 4514 785 4583 πρὸς
841 4508 945 4581 ἐμὲ,
1004 4513 1090 4561 τὸν
1161 4513 1270 4562 υἱόν
1346 4511 1530 4563 αὐτῶν.
1600 4514 1746 4565 Κατὰ
1824 4515 1909 4586 γὰρ

2033 4508 2295 4563 Christus
2327 4523 2364 4564 θ.
2387 4507 2610 4563 ,ἶυᾶεεὶε
2642 4507 2965 4563 descendit.
2996 4510 3062 4563 Et
3088 4507 3237 4562 sicut
3262 4509 3493 4579 primus
3521 4507 3701 4590 Elias,

317 4604 412 4657 τὴν
455 4597 847 4672 ἐνανθρὼπησιν
896 4598 947 4661 ἐξ
997 4596 1267 4651 Ἰουδαίων
1308 4601 1332 4650 ό
1370 4602 1599 4672 Χριστός
1646 4606 1922 4671 κατήγετο.

324 4693 428 4741 Καὶ
482 4688 659 4759 ὥσπερ
724 4689 748 4738 ό
807 4697 1005 4760 πρῶτος
1060 4688 1257 4757 Ἠλίας,
1330 4685 1563 4761 δεύτερος
1631 4686 1928 4764 πρόδρομος

318 4776 529 4847 λέγεται
562 4791 574 4803 ·
628 4776 760 4827 οὕτω
808 4772 873 4834 δὴ
935 4782 1023 4829 καὶ
1054 4779 1078 4829 ό
1110 4786 1304 4852 πρῶτος
1334 4774 1652 4851 πρόδρομος,
1696 4775 1930 4852 δεύτερος

328 4864 504 4925 Ἠλίας
557 4867 1022 4938 προσαγορεύεται,
1086 4862 1178 4918 δια
1231 4871 1345 4934 τὴν,
1391 4869 1458 4928 ὡς
1520 4869 1721 4942 εἴρηται
1790 4868 1922 4939 (47).

333 4951 512 5023 ὁμοίαν
546 4949 835 5009 διακονίαν.

405 5051 448 5085 ‘7
479 5053 647 5106 Joan.
676 5068 715 5121 1,
743 5054 832 5109 29.
913 5051 959 5087 ‘3
985 5051 1225 5109 Malach.
1257 5054 1336 5120 ui,
1378 5055 1430 5108 1.

2037 4596 2336 4652 secundus
2366 4612 2700 4667 preecursor
2755 4596 2990 4664 dicitur,
3037 4596 3119 4650 ita
3152 4611 3297 4651 sane
3360 4599 3416 4652 et
3470 4596 3702 4666 primus

2036 4700 2387 4758 prmcursor,
2420 4683 2719 4740 secundus
2741 4683 2892 4739 Elias
2910 4682 3247 4754 appellatur
3283 4687 3523 4755 propter
3546 4684 3706 4738 simi-

2038 4775 2095 4832 le
2127 4772 2540 4839 ministerium,
2576 4776 2641 4827 ut
2670 4771 2897 4827 dictum
2935 4774 3041 4827 est.

1546 5152 1769 5222 Variae
1820 5149 2144 5221 lectiones
2188 5159 2252 5218 et
2292 5158 2495 5216 notae.

408 5291 523 5361 (44)
555 5295 664 5359 καί,
690 5308 799 5364 pro
830 5295 914 5355 ὡς.
949 5296 1013 5349 Α.

406 5366 519 5437 (45)
552 5364 638 5419 Ita
666 5380 907 5437 quoque
938 5364 1257 5421 Hentenius
1297 5364 1530 5421 videtur
1565 5365 1799 5436 legisse,
1837 5367 1941 5437 qui

337 5435 735 5509 prophetandi
750 5435 1016 5509 habet.Mi
1026 5438 1183 5492 nime
1202 5441 1401 5491 autem
1417 5436 1475 5491 in
1499 5452 1568 5493 eo
1589 5435 1831 5509 possum
1847 5435 1941 5492 ac-

340 5507 664 5579 quiescere.
697 5506 887 5562 Credo
926 5524 1068 5577 ergo
1120 5514 1222 5564 aut
1250 5512 1328 5573 τό,
1364 5512 1465 5563 aut
1489 5517 1561 5579 τῷ
1590 5506 1939 5577 Ἰθεεηαυω

340 5576 625 5652 esse,loco
654 5586 769 5632 τοῦ.
785 5586 867 5652 Τῷ
889 5576 1035 5652 quid
1054 5581 1149 5644 sit,
1172 5596 1279 5651 per
1298 5595 1360 5635 se
1381 5576 1649 5650 apparet.
1671 5576 1939 5638 Alterum

339 5634 539 5709 autem
585 5650 669 5708 ita
712 5634 882 5727 capio
900 5634 929 5707 7‘:
975 5634 1042 5707 ot
1094 5634 1361 5729 πρὄφῆται
1405 5634 1498 5705 sea
1530 5634 1556 5704 ὁ
1588 5634 1941 5729 tangas;

2051 5294 2426 5379 φήτευσανιτό
2478 5292 2842 5379 πρρφητεύειν.
2920 5296 2968 5379 11.
3033 5307 3109 5358 6.,
3168 5294 3225 5344 τὸ
3283 5292 3714 5379 προφητεμθῇναι

2048 5362 2141 5440 ἕως
2204 5365 2480 5440 ’Ἰωάννλοω
2519 5362 2821 5440 “ῘΕλθόντος
2889 5367 3019 5440 γὰρΔ
3066 5371 3157 5440 τοῦ
3232 5362 3711 5440 πρόφμητευθέντος,

2049 5439 2101 5489 ὅν
2155 5434 2306 5495 αὐτὸς
2350 5430 2907 5493 ἐδακτυλοδείκτησεν⁷
2937 5430 2969 5490 ό’
3009 5430 3281 5501 Ἰωάννης,
3321 5430 3495 5488 σ’ύκέτι
3549 5430 3716 5509 χρεία

2048 5511 2382 5583 "peraratas,-

2121 5575 2231 5650 (46)
2273 5578 2468 5643 Ἠλίας,
2505 5575 2716 5633 omittit
2746 5580 2807 5633 B.

2121 5650 2233 5724 (47)
2256 5650 2460 5728 ὁμοίαν,
2487 5650 2558 5714 ὡς
2585 5651 2821 5729 εἴρηται,
2848 5652 2919 5709 Α.
