4206 6310
591 275 694 329 355

587 489 1122 559 ligibileszomnes
1189 488 1486 560 siquidem
1560 489 1863 544 auditores
1934 489 2242 544 habebam

589 578 921 633 sensibiles.
957 577 1101 632 Dicit
1131 583 1328 632 autem
1367 593 1378 631 :
1409 578 1516 642 Qui
1548 577 1729 633 habet
1758 594 1933 633 aures
1971 578 2242 648 intelligi-

584 667 740 723 biles
766 667 844 722 ad
869 666 1345 735 intelligendum,
1372 666 1660 736 intelligat
1683 667 1843 737 quod
1874 667 2100 722 dictum
2132 671 2239 735 est,

585 761 730 828 puta
760 755 922 828 quod
953 756 1212 810 Joannes
1245 755 1316 810 sit
1351 755 1502 810 Elias
1532 774 1549 826 ς
1584 755 1898 810 videbatur
1929 757 2085 810 enim
2105 757 2243 811 aani-

584 843 770 914 gmati
801 843 1014 900 simile.
1050 847 1196 899 Nam
1245 843 1714 899 demonstrando
1767 843 1934 915 quod
1980 845 2240 900 Joannes

582 938 740 989 esset
757 933 929 997 Elias,
945 931 1120 986 simul
1135 947 1377 1004 quoque
1408 932 1915 988 demonstraverat
1927 933 2241 988 advenisse

584 1021 902 1078 Christum.
955 1021 1165 1074 Dicens
1213 1027 1412 1075 autem
1470 1037 1482 1074 :
1530 1022 1642 1088 Qui
1711 1021 1884 1079 habet
1943 1036 2113 1077 aures
2165 1021 2243 1076 ad

583 1108 936 1166 audiendum
955 1107 1172 1174 audiat,
1199 1108 1412 1163 excitat
1433 1124 1537 1164 eos
1553 1108 1629 1164 ad
1643 1108 2137 1180 interrogandum
2166 1111 2241 1166 de

583 1214 654 1254 eo
694 1197 859 1269 quod
885 1198 1147 1266 aenigma
1177 1195 1510 1253 videbatur.

656 1289 812 1341 Vers.
875 1287 958 1340 16.
1018 1286 1132 1342 Cui
1187 1316 1249 1326 --
1305 1288 1518 1342 hanc?
1571 1289 1754 1343 Lucas
1820 1287 2001 1343 habet
2050 1305 2062 1342 :
2122 1289 2241 1344 Cui

584 1374 917 1432 assimilabo
975 1374 1236 1430 homines
1303 1377 1692 1446 generationis
1735 1377 1782 1411 ⁴⁹
1825 1377 1852 1432 ?
1878 1377 2240 1434 Assimilabo

583 1479 741 1529 vero,
783 1464 842 1518 id
869 1469 958 1518 est
981 1463 1379 1535 Comparabo.
1414 1464 1552 1520 Vult
1586 1469 1785 1521 autem
1821 1481 1950 1521 esse
1999 1465 2239 1522 difﬁcile

581 1554 928 1609 convincere
953 1551 1212 1606 Judeeos.

649 1641 816 1697 Vers.
844 1642 930 1696 16.
963 1639 1182 1696 Similis
1211 1670 1280 1680 —
1308 1642 1445 1695 suis.
1480 1642 1739 1697 Puerulis
1792 1642 2028 1698 Judaaos
2079 1658 2235 1698 com-

1903 273 2252 331 EUTHYMII
2293 262 2625 330 ZIGABENI

662 401 822 455 Vers.
853 401 938 455 15.
974 399 1173 466 Qui—
1203 399 1426 454 audiat.
1470 400 1660 454 Aures
1691 414 1851 454 nunc
1893 399 2033 454 dicit
2071 392 2242 453 intel-
2270 399 2318 452 A

2434 406 2476 451 Ο
2543 401 2678 470 ἔχων
2725 431 2794 440 -
2855 399 3098 456 ἀκουέτω,
3172 406 3312 453 Ὦτα
3370 399 3532 458 νοητὰ
3615 399 3749 470 λέγει
3809 405 3904 450 νῦν
3943 415 3958 428 ·

2350 487 2580 546 αἰσθητὰ
2651 491 2752 563 γὰρ
2825 492 3008 551 πάντες
3069 490 3212 561 εἶχον
3276 491 3324 541 οἱ
3400 487 3739 561 ἀκροώμενοι.
3807 493 3956 545 Φησὶ

2352 573 2410 628 δὲ
2451 577 2560 648 (48)
2594 579 2673 629 ὅτι
2714 580 2737 629 ὁ
2784 581 2921 648 ἔχων
2963 575 3071 630 ὦτα
3116 581 3275 636 νοητὰ
3319 582 3393 639 εὶς
3423 581 3480 629 τὸ
3522 581 3767 642 σννιέναι,
3823 597 3965 628 συν-

2350 671 2476 719 τέτω
2513 671 2569 718 τό
2598 668 2772 741 ῥηθὲν,
2827 667 3004 738 ἢγουν,
3061 676 3165 727 πῶς
3218 667 3356 719 ἐστιν
3416 665 3588 726 Ἠλίας
3629 669 3653 717 ὁ
3685 665 3961 724 Ἰωάννης.

2352 752 2552 808 Ἐδόκει
2612 759 2711 830 γὰρ
2787 756 3056 828 αἰνίγματι
3115 758 3308 828 ὅμοιον,
3364 752 3643 817 ἀποδείξας
3702 756 3790 826 μὲν
3858 755 3963 805 οὖν

2351 844 2548 912 Ἠλίαν,
2603 849 2688 896 τὸν
2739 846 2998 913 Ἰωάννην,
3047 841 3401 911 συναπέδειξε,
3462 849 3551 896 καὶ
3603 845 3684 895 ὃτί
3722 848 3965 917 παραγέ-

2349 952 2491 1003 γονεν
2523 935 2547 984 ὁ
2578 938 2827 1007 Χριστός.
2871 936 3038 986 Εἰπὼν
3070 931 3148 999 δὲ,
3196 935 3275 986 ὄτι
3303 933 3359 985 Ὁ
3391 935 3525 1004 ἔχων
3557 933 3665 984 ὦτα
3717 931 3960 998 ἁκουειν,

2349 1020 2591 1086 ἀκουέτω,
2655 1019 2916 1096 διήγειρεν
2974 1023 3165 1085 αὐτοὺς
3235 1022 3304 1085 εἰς
3370 1025 3429 1074 τὸ
3495 1021 3758 1094 ἐρωτῆσαι
3829 1026 3966 1096 περὶ

2348 1117 2438 1163 τοῦ
2473 1108 2748 1174 δοκοῦντος
2775 1111 3096 1184 αἰνίγματος.

2419 1294 2531 1340 Τίνι
2580 1321 2646 1329 -
2706 1292 2936 1356 ταύτην;
2993 1289 3051 1341 Ὀ
3101 1285 3160 1341 δὲ
3199 1292 3406 1350 Λουκᾶς
3452 1306 3465 1318 ⁸
3524 1291 3640 1340 Τίνι
3699 1288 3961 1358 ὁμοιώσω

2347 1382 2464 1438 τοὺς
2518 1377 2816 1452 ἀνθρώπους
2873 1387 2963 1439 τῆς
3022 1384 3196 1450 γενεᾶς
3251 1395 3495 1444 ταυτης;
3548 1406 3613 1417 —
3669 1375 3960 1447 Ὀμοιὼσω

2350 1463 2428 1530 δὲ,
2483 1465 2594 1519 ἀντὶ
2647 1475 2758 1534 τοῦ,
2799 1470 3125 1542 Παρεικάσω.
3187 1466 3428 1519 Βούλεται
3477 1462 3537 1518 δί
3590 1467 3649 1516 τὸ
3709 1461 3958 1537 δυσάρε-

2351 1573 2470 1605 στον
2499 1554 2696 1626 ἐλέγξαι
2724 1553 3013 1609 Ἰουδαίων.

2416 1643 2602 1714 Ὀμοία
2659 1676 2713 1686 -
2756 1645 2943 1698 αὐτῶν.
3006 1642 3244 1706 Παιδίοις
3289 1647 3405 1705 τοὺς
3460 1639 3751 1704 Ἰουδαίους
3813 1661 3953 1714 παρ-

583 1731 834 1802 paravit,
862 1735 1102 1801 propter
1126 1745 1332 1785 eorum
1356 1729 1779 1802 insipientiam.
1812 1733 2225 1788 Forumautem

2347 1736 2539 1798 είκασε,
2603 1730 2695 1784 διὰ
2751 1738 2843 1791 τήν
2896 1731 3190 1807 ἀφροσύνην
3233 1733 3420 1785 αὐτῶν.
3466 1731 3662 1804 Ἀγορὰ
3715 1727 3775 1782 δέ
3828 1729 3954 1783 ἐστι

576 1820 741 1876 locus
804 1824 888 1874 est
914 1819 1190 1890 publicus
1238 1820 1298 1873 in
1343 1835 1524 1891 quem
1597 1821 1914 1877 multitudo
1974 1822 2236 1893 undique

577 1909 822 1965 conﬂuit
855 1908 1280 1979 negotiationis
1323 1909 1534 1979 gratia.
1591 1909 2017 1964 Consodalibus
2071 1926 2232 1975 vero,

573 1997 690 2053 hoc
732 2001 821 2052 est
870 1997 1080 2052 amicis
1135 1997 1292 2052 suis:
1337 2003 1394 2053 et
1458 1997 1728 2069 seipsum
1777 2014 1847 2053 ac
1901 1998 2232 2070 Baptistam

574 2086 862 2157 intelligit,
887 2085 1106 2156 quibus
1136 2085 1550 2141 acclamabant
1586 2087 1707 2141 sive
1739 2086 2235 2158 colloquebantur

573 2174 779 2230 Judaei.

644 2266 801 2319 Vers.
832 2264 916 2318 17.
953 2265 1028 2318 Et
1066 2293 1136 2304 —
1169 2264 1504 2334 planxistis.
1536 2264 1746 2320 Dicunt
1787 2263 2056 2336 praedicti
2090 2280 2234 2324 con.

573 2351 880 2408 sodalibus
912 2353 1038 2407 suis
1070 2369 1082 2406 :
1109 2353 1277 2408 Tibia
1303 2352 1619 2408 cecinimus
1651 2353 1826 2418 vobis,
1859 2359 1966 2408 etc.
2000 2353 2231 2410 Habent

573 2446 774 2497 autem
819 2442 978 2497 hunc
1027 2457 1316 2497 sensum:
1360 2441 1741 2498 Ostendimus
1796 2441 1966 2498 vobis
1998 2441 2230 2498 facilem

569 2531 812 2587 vivendi
867 2546 1148 2586 normam
1202 2535 1258 2585 et
1310 2546 1432 2586 non
1474 2531 1695 2602 placuit
1742 2547 1756 2598 ;
1800 2547 1869 2587 ac
1925 2530 2227 2586 difﬁcilem

571 2627 628 2674 et
658 2634 860 2673 rursus
911 2617 1232 2688 displicuit.
1287 2617 1452 2674 Tibia
1497 2634 1755 2690 namque
1824 2619 1962 2676 laeta
2013 2634 2226 2674 canere

573 2705 742 2761 facile
764 2711 849 2762 est
885 2723 898 2772 ;
924 2705 1206 2776 lugubria
1228 2721 1366 2760 vero
1385 2721 1614 2770 canere,
1635 2705 1892 2762 difﬁcile.
1908 2709 2224 2762 Etrursum

573 2793 808 2857 saltare,
851 2793 1033 2848 altero
1073 2793 1209 2850 laeta
1239 2800 1487 2848 canente
1533 2795 1694 2849 tibia.
1744 2794 2034 2850 delectat:
2065 2795 2224 2850 simi-

571 2881 702 2936 liter
730 2881 1012 2952 plangere
1043 2881 1164 2935 sive
1192 2880 1415 2948 lugere,
1439 2881 1643 2952 aliquo
1667 2881 1946 2950 lugubria
1974 2887 2222 2938 canente

571 2969 925 3040 complacet.
963 2969 1181 3024 Deinde
1204 2968 1466 3024 subdens
1491 2968 1910 3041 interpretatur
1941 2971 2223 3043 praedicta

570 3057 770 3114 dicens
794 3073 806 3111 :

638 3237 915 3292 Vers.18.
965 3235 1129 3292 Venit
1153 3266 1224 3278 —
1247 3235 1409 3290 Vers.
1442 3236 1527 3290 19.
1559 3241 1945 3305 peccatorum.
1975 3237 2219 3294 Joannis

571 3325 806 3379 vivendi
837 3326 1044 3379 modus
1065 3324 1322 3380 difﬁcilis
1362 3329 1487 3379 erat
1516 3331 1570 3379 et
1593 3340 1767 3397 asper
1798 3341 1812 3391 ;
1837 3342 2030 3398 neque
2056 3326 2216 3382 enim

566 3428 784 3484 panem
799 3413 1032 3479 edebat,
1053 3428 1247 3485 neque
1277 3413 1487 3468 vinum
1511 3413 1756 3469 bibebat
1788 3431 1800 3468 :
1836 3414 2046 3470 Christi
2075 3429 2216 3470 vero

565 3499 753 3556 facilis
784 3517 854 3556 ac
882 3500 1045 3566 levis,
1075 3516 1292 3572 panem
1329 3501 1629 3573 siquidem
1656 3499 1867 3558 edebat
1888 3502 2215 3574 vinumque

564 3587 810 3644 bibebat
841 3607 853 3644 :
897 3594 952 3644 et
981 3594 1149 3644 erant
1180 3588 1435 3643 invicem
1486 3588 1796 3644 contrariae
1823 3589 1914 3644 he
1970 3589 2214 3645 vivendi

563 3677 841 3742 rationes,
886 3677 1145 3732 neutrius
1175 3680 1371 3732 tamen
1411 3676 1779 3734 conversatio
1812 3677 2056 3748 placuit.
2095 3679 2212 3735 Sed

561 3765 852 3821 Joannem
885 3765 1129 3837 quidem
1179 3769 1419 3837 propter
1448 3781 1744 3831 escarum,
1781 3766 2011 3838 vinique
2033 3768 2214 3824 absti-

560 3855 846 3919 nentiam,
892 3854 1260 3910 daamonium
1311 3855 1527 3912 habere
1567 3855 1881 3923 dicebant;
1915 3857 2212 3913 Christum

559 3959 719 4010 vero,
742 3942 898 4014 quod
931 3943 1130 3998 ederet
1158 3958 1227 3998 ac
1251 3943 1492 4009 biberet,
1522 3944 1941 4014 comedonem,
1969 3944 2212 4016 vinique

557 4038 828 4104 potorem
842 4033 1262 4089 nominabant:
1290 4048 1635 4103 quanquam
1659 4033 1971 4088 manifeste
1996 4034 2210 4089 horum

557 4121 891 4175 calumnias
921 4135 1039 4174 non
1093 4119 1386 4188 scripserit
1428 4120 1814 4188 evangelista,
1848 4127 2206 4191 praesentem

557 4223 896 4262 sermonem
929 4207 1246 4260 arbitratus
1278 4206 1571 4261 sufﬁcere.

627 4294 1144 4360 Quemadmodum
1161 4294 1441 4350 enimduo
1460 4299 1789 4362 venatores,
1805 4295 2026 4352 animal
2039 4302 2211 4369 captu

555 4381 794 4437 difﬁcile
823 4382 1024 4436 venari
1049 4388 1352 4450 conantes,
1380 4384 1543 4454 quod
1568 4383 1711 4439 solis
1754 4385 1993 4440 duobus
2017 4387 2210 4442 modis

2345 1825 2502 1882 τόπος
2564 1817 2844 1892 δημόσιος,
2903 1821 2950 1872 ἐν
3098 1825 3160 1879 τὴ
3214 1820 3385 1878 πλήθη
3435 1820 3764 1891 πανταχόθεν
3820 1817 3952 1893 συῤ-

2343 1910 2569 1982 ῥέουσιν,
2630 1910 2879 1983 ἐμπορίας
2955 1913 3136 1985 χάριν.
3193 1910 3461 1982 Ἐταιρους
3520 1905 3598 1978 δι,
3679 1909 3950 1977 τουτέστι,

2345 1998 2521 2069 φίλους
2564 1999 2750 2064 αὐτῶν,
2819 1998 2950 2070 λέγει
3026 1999 3221 2063 ἑαυτὸν,
3307 1997 3398 2049 καί
3473 1999 3558 2049 τὸν
3638 2001 3948 2055 Βαπτιστήν

2347 2087 2603 2153 Ἰωάννην,
2681 2085 2758 2148 οἷς
2833 2093 3211 2160 προσέφώνουν,
3273 2089 3454 2157 εἶτουν,
3519 2085 3828 2138 συνελάλουν
3899 2088 3950 2138 οἱ

2341 2172 2639 2229 Ἰουδαοίοι.

2417 2269 2515 2316 Καὶ
2573 2295 2641 2304 -
2706 2263 2984 2334 ἐκόψασθε.
3054 2267 3158 2319 Καὶ
3205 2263 3416 2335 λέγουσι
3480 2270 3588 2322 τοῖς
3655 2258 3938 2320 δηλωθεῖσι

2341 2349 2572 2412 παιδίοις
2623 2354 2672 2404 οἱ
2721 2359 2946 2405 τοιοῦτοι
2998 2352 3191 2426 ἑταῖροι
3245 2354 3434 2421 αὐτῶν,
3487 2352 3567 2403 ὃτι
3625 2353 3928 2422 Ηύλήσαμεν

2340 2441 2480 2512 ὑμῖν,
2577 2445 2665 2493 καὶ
2743 2440 2836 2492 οὐκ
2915 2441 3261 2513 ὠρχήσασθε,
3349 2440 3708 2514 ἐθρηνήσαμεν
3796 2439 3934 2510 ὑμῖν,

2337 2534 2426 2580 καὶ
2492 2528 2584 2581 οὐκ
2635 2528 2914 2600 ἐκόψασθε.
2972 2536 3150 2582 Ταῦτα
3197 2525 3276 2597 δὲ,
3327 2530 3572 2586 τοιαύτην
3627 2531 3742 2599 ἔχει
3821 2525 3943 2580 διά-

2574 2619 2652 2671 ὃτι
2710 2615 3082 2690 ἐπεδειξάμεθα
3133 2620 3252 2690 ὑμῖν
3306 2619 3564 2670 πολιτείαν
3605 2617 3940 2690 εὐπρόσιτον,

3626 2710 3710 2757 καὶ
3775 2706 3941 2758 πάλιν

2335 2637 2474 2670 νοιαν
2504 2638 2515 2650 ⁸

2334 2711 2423 2758 καὶ
2499 2707 2592 2759 οὐκ
2658 2707 2954 2779 ήρέσθητε·
3007 2711 3096 2759 καὶ
3170 2704 3549 2780 δυσπρόσιτον,

2333 2796 2426 2847 οὐκ
2486 2796 2757 2869 ήρέσθητε.
2817 2800 2885 2848 Τὸ
2933 2799 3022 2868 μὲν
3079 2798 3180 2869 γὰρ
3225 2795 3415 2860 αὐλειν,
3475 2795 3769 2868 εὐπρόσιτον
3806 2811 3819 2822 ·
3866 2798 3931 2846 τό

2334 2882 2392 2936 δὲ
2444 2886 2662 2958 θρηνεῖν,
2723 2881 3099 2958 δυσπρόσιτον.
3171 2888 3271 2937 Καὶ
3320 2881 3472 2947 αὖθις
3521 2886 3546 2936 ὁ
3611 2883 3922 2957 ὀρχούμενός

2331 2991 2386 3024 τε
2444 2971 2719 3033 αὐλούντός
2791 2991 2924 3032 τινος
2985 2970 3260 3047 ἀρέσκεται
3339 2977 3428 3024 καὶ
3503 2974 3528 3024 ὁ
3593 2975 3925 3043 κοπτόμενος,

2261 3063 2495 3144 Οεῖτουν
2560 3060 2769 3126 κλαίων,
2851 3063 3158 3135 θρηνοῦντός
3234 3080 3371 3122 τινος
3445 3059 3739 3133 ἀρέσκεται.
3801 3055 3934 3112 Εἶτα

2329 3149 2657 3221 ἐφερμηνεύιι
2686 3151 2752 3200 τὰ
2778 3149 3002 3223 ῥηθέντα
3029 3149 3191 3220 λέγων
3217 3168 3230 3180 ·

2394 3237 2552 3290 Ἦλθε
2631 3269 2700 3277 --
2781 3236 3114 3310 ἁμαρτωλῶν,
3205 3238 3263 3290 Ἡ

2325 3322 2528 3390 δίαιτα,
2590 3323 2950 3399 δυσπρόσιτος
2996 3333 3084 3379 καὶ
3133 3331 3359 3401 τραχεία
3391 3345 3402 3356 ’
3436 3329 3553 3379 οὔτε
3593 3328 3692 3398 γὰρ
3747 3327 3929 3383 ἤσθιεν

2323 3415 2499 3489 ἄρτον.
2545 3418 2659 3467 οὔτε
2689 3418 2848 3468 ἔπινεν
2898 3414 3030 3468 οἶνον
3056 3433 3068 3444 ·
3103 3418 3133 3474 ἠ
3170 3412 3228 3468 δί
3270 3423 3360 3467 τοῦ
3393 3421 3648 3489 Χριστοῦ,
3703 3414 3929 3486 εὐπρόσ-

2325 3523 2432 3564 ιτος
2484 3509 2572 3556 καὶ
2627 3504 2815 3575 ὁμαλή.
2857 3509 2918 3556 Τί
2974 3507 3327 3576 γάρ;ἧσθιεν
3382 3505 3555 3576 ἄρτον,
3613 3507 3705 3554 καὶ
3759 3504 3926 3554 ἔπινε-ν

2322 3590 2490 3644 οἶνον·
2543 3597 2632 3644 καὶ
2698 3589 2832 3650 ἦσαν
2891 3596 2979 3664 μὲν
3043 3592 3280 3653 ἀλλήλαις
3353 3591 3576 3644 ἐναντίαι
3633 3591 3789 3643 αὗται
3871 3593 3927 3642 αἱ.

2323 3677 2551 3736 δίαιται.
2619 3678 2889 3755 Οὐδετέρῳ
2948 3678 3006 3733 δὲ
3059 3689 3156 3732 τῶν
3207 3681 3341 3733 οὕτω
3401 3677 3753 3752 διαιτωμένων
3804 3679 3924 3752 ἠρέ-

3406 3766 3500 3821 διά
3567 3773 3660 3827 τήν
3714 3766 3923 3820 ἀσιτίαν

3348 3241 3438 3310 μὶν
3516 3243 3606 3289 τοῦ
3684 3237 3927 3289 Ἰωάννου

2323 3788 2504 3821 σκοντο
2529 3785 2540 3798 '
2599 3767 2723 3820 ἀλλὰ
2772 3773 2858 3821 τὸν
2914 3769 3150 3826 Ἰωάννην
3213 3772 3324 3842 μὲν,

2319 3863 2408 3910 καὶ
2460 3856 2678 3924 ἀοινίαν,
2712 3853 2980 3930 δαιμόνιον
3021 3861 3160 3929 ἔχειν
3195 3858 3364 3929 ἔλεγον
3394 3875 3405 3887 ’
3439 3860 3526 3909 τὸν
3558 3855 3617 3908 δε
3667 3859 3921 3930 Χριστὸν,

2321 3945 2415 3999 διὰ
2487 3950 2543 3998 τὸ
2623 3945 2789 3998 ἐσθίεν
2866 3952 2955 3998 καὶ
3014 3952 3198 4013 πίνειν,
3269 3950 3429 4019 φάγον
3484 3951 3574 3998 καὶ
3646 3944 3922 4003 οἰνοπότην

2320 4034 2604 4106 ὠνόμαζον,
2665 4034 2710 4086 εἰ
2767 4039 2856 4086 καὶ
2909 4039 2980 4106 μὴ
3038 4036 3208 4108 ῥητῶς
3263 4037 3355 4097 τὰς
3412 4031 3657 4095 διαϐολὰς
3722 4036 3922 4086 τούτων

2319 4120 2602 4196 ἀνέγραψεν
2665 4124 2689 4173 ὁ
2773 4122 3166 4195 εὐαγγελιστὴς,
3269 4127 3488 4195 νομίσας
3569 4122 3740 4196 ἀρκεῖν
3829 4125 3920 4174 τὸν

2319 4215 2553 4282 παρόντα
2580 4210 2752 4281 λόγον.

2389 4298 2586 4370 Ὥσπερ
2619 4303 2718 4372 γὰρ
2777 4297 2871 4353 δύο
2921 4302 3186 4375 θηρευταὶ,
3247 4301 3376 4361 ζῶον
3417 4296 3750 4374 δυσθήρατον
3800 4299 3920 4372 (49)

2323 4389 2444 4441 ἑλεῖν
2497 4386 2819 4453 σπεύδοντες,
2885 4389 2940 4440 ἐκ
2999 4386 3095 4441 δύο
3153 4394 3317 4462 μόνων
3366 4385 3614 4451 διεξόδων
3665 4390 3922 4462 θηρευθῆ-

554 4471 690 4542 capi
721 4476 914 4543 potest
942 4471 1055 4526 sibi
1095 4476 1302 4527 mutuo
1347 4473 1677 4540 contrariis,
1725 4474 2061 4530 dividentes
2096 4477 2208 4532 hos

2332 4498 2404 4527 ραι
2459 4475 2658 4548 μέλλον,
2715 4476 2951 4529 ἐναντίων
3027 4476 3289 4543 ἀλλήλαις,
3357 4476 3598 4551 ἑκατέραν
3680 4472 3919 4537 διεξοδον

552 4563 704 4618 inter
728 4560 1147 4626 se,utalterum
1175 4562 1429 4634 quisque
1444 4562 1639 4632 eligat,
1665 4564 1937 4636 opposito
1966 4566 2209 4637 quidem

551 4651 704 4707 inter
718 4651 1035 4706 seinvicem
1053 4651 1226 4706 modo
1252 4655 1541 4707 venantur
1556 4671 1569 4711 :
1587 4652 1734 4708 idem
1750 4661 1951 4709 tamen
1966 4656 2212 4726 faciunt.

550 4745 636 4798 lla
661 4756 896 4814 quoque
925 4739 1022 4796 hic
1055 4739 1414 4812 dispositum
1455 4746 1558 4806 est,
1595 4747 1657 4797 ut
1681 4740 1941 4798 Joannes
1967 4745 2212 4814 quidem

548 4831 846 4887 duriorem
875 4829 1109 4885 vivendi
1135 4825 1406 4898 regulam
1443 4829 1708 4895 haberet,
1765 4831 2024 4886 Christus
2070 4849 2211 4889 vero

546 4918 882 4976 molliorem
914 4937 927 4974 :
971 4922 1036 4975 ut
1054 4918 1178 4974 sive
1199 4919 1357 4974 hunc
1383 4918 1506 4972 sive
1526 4917 1694 4974 illum
1725 4918 2029 4988 eligentes,
2069 4921 2206 4978 obe-

547 5009 837 5065 direnteis
862 5025 875 5063 :
900 5011 954 5063 et
978 5008 1064 5064 vel
1089 5022 1193 5078 per
1217 5007 1478 5064 huncvel
1497 5022 1601 5078 per
1621 5006 1786 5062 illum
1825 5014 2204 5080 caperentur.

617 5185 665 5221 ‘9
695 5185 830 5240 Luc.
858 5198 959 5250 vn,
1004 5185 1092 5240 32.

2322 4567 2558 4637 ἐκατερος
2621 4561 2901 4629 διαλαϐὼν,
2955 4565 3233 4628 ἐξεναντίας
3281 4569 3368 4637 μὲν
3437 4564 3668 4624 ἀλλήλοις
3737 4565 3917 4616 ἰστανο

2320 4675 2426 4722 ται,
2478 4657 2536 4705 τὸ
2573 4652 2698 4704 αὑτό
2757 4649 2815 4705 δε
2871 4659 3148 4706 ποίουσιν’
3210 4655 3368 4714 οὕτως
3444 4653 3769 4725 ᾡκονομήθη,
3827 4655 3912 4702 τὸν

3301 4746 3439 4815 ἔχειν
3519 4741 3750 4813 ἀγωγήν,
3822 4742 3908 4790 τὸν

3213 4833 3296 4882 ἱνα
3367 4835 3464 4884 εἴτε
3542 4837 3743 4895 τοῦτον,
3817 4829 3918 4880 εἶτε

2322 4747 2410 4816 μὲν
2513 4742 2750 4799 Ἰωάννην
2853 4742 3195 4816 σκληροτέραν

2323 4830 2382 4885 δὲ
2446 4833 2674 4904 Χριστὸν
2747 4829 3130 4906 μαλακωτέραν,

2321 4920 2504 4973 ἐκεῖνον
2578 4915 2974 4992 ἀποδεξαμένοι,
3053 4922 3338 4972 πεισθῶσιν
3411 4919 3603 4984 αὐτοῖς,
3672 4921 3762 4969 καὶ
3818 4919 3923 4970 εἶτε

2323 5007 2415 5064 διὰ
2469 5009 2676 5074 τούτου,
2736 5010 2834 5062 εἴτε
2887 5005 2960 5061 δι’
3012 5007 3203 5063 ἐκείνου
3254 5010 3546 5085 θηραθῶσι,
3618 5010 3718 5061 Καὶ
3780 5001 3921 5064 ἦσαν

1755 5318 1980 5388 Variae
2022 5317 2348 5389 lectiones
2383 5327 2450 5390 et
2491 5330 2694 5393 notae.

616 5511 731 5586 (48)
761 5515 841 5586 ὅτι
871 5513 1053 5570 abest.
1091 5514 1148 5570 Β.

616 5514 704 5586 (48
761 5515 841 5566 ὅτι
871 5514 1053 5570 abest.
1091 5514 1148 5570 Β.

614 5514 731 5659 (49ζ
789 5582 1164 5659 δυσθήριυτον.
1223 5588 1297 5645 Α.
1360 5587 1680 5661 Utrumque
1755 5589 2034 5660 probum,
2109 5589 2191 5647 uti

2309 5517 2590 5592 ἀθήρευτος
2645 5523 2703 5574 et
2759 5516 3029 5592 ᾇθήρατος.
3099 5517 3214 5575 Sed
3268 5510 3552 5584 ἀθήρευτος
3605 5509 3662 5564 et
3708 5498 3920 5567 δυσθηο

2308 5588 2461 5666 ρατος
2499 5588 2904 5662 frequentiora
2932 5592 3092 5646 sunt.
