4206 6310
221 250 332 311 357

1189 242 1557 307 COMMENT.
1602 250 1672 304 IN
1713 248 2160 305 MATTH/EUM.
2202 280 2267 290 —
2310 246 2464 304 CAP.
2510 251 2611 306 Xl.

3488 256 3593 311 358

222 377 456 431 ἐναντίαι
484 380 571 449 μὲν
621 376 867 438 ἀλλήλαις
917 377 970 427 αἱ
1026 372 1161 427 ὁδοί.
1210 378 1267 427 τὸ
1322 366 1380 427 δί
1430 377 1595 447 ἔργον,
1629 377 1824 445 ὅμοιον.

1950 374 2002 428 Et
2032 378 2195 429 erant
2226 390 2368 428 sane
2410 374 2501 428 ha:
2540 374 2646 430 vias
2680 375 2834 431 inter
2862 392 2924 431 se
2962 376 3214 432 invicem
3237 380 3548 435 contraria;
3578 397 3592 435 :

224 468 366 519 Ἀλλ’
433 468 601 529 αὐτοὶ,
658 468 891 538 καθάπερ
948 467 1125 538 θηρίον
1186 461 1501 537 δύστροπον,
1564 463 1828 537 ἑκατέρους

226 560 520 629 φεύγοντες,
554 556 794 628 ἐκατέρου
806 575 826 614 ς
857 553 1115 614 ἐκάκιζον.

302 734 671 806 Ἐρωτήσωμεν
738 736 927 797 τοίνυν,
981 731 1185 791 αὐτούς’
1262 729 1427 783 Καλὸν
1489 732 1519 787 ή
1601 729 1827 802 σκληρο-

219 826 343 894 τέρα
381 820 654 891 πολιτείας
708 826 810 873 Καὶ
868 828 973 879 πῶς
1036 820 1129 871 οὐκ
1178 818 1450 876 ἐπείσθητε
1494 827 1563 888 τῷ
1596 819 1822 888 Ἰωάννῃ,

1384 907 1537 961 Ἀλλὰ
1594 907 1747 958 καλὸν
1796 908 1824 965 ή

218 914 306 961 τὸν
367 913 600 982 Χριστὸν
668 911 788 980 ὑμῖν
849 906 1243 961 ὑποδεικνύοντι
1294 927 1311 977 ;

211 998 584 1072 μαλακωτέρου
662 1003 750 1049 καὶ
801 1007 906 1057 πῶς
988 996 1081 1049 οὐκ
1150 996 1419 1053 ἐπείσθητε
1472 1004 1543 1067 τῷ
1591 1002 1825 1067 Χριστῷ,

211 1090 312 1144 τήν
346 1083 470 1138 ὁδὸν
502 1088 641 1158 ὑμᾶς
670 1095 762 1147 τῆς
799 1091 1056 1158 σωτηρίας
1083 1083 1396 1138 διδάσκοντι
1421 1102 1434 1152 ;

299 1180 448 1227 Διατί
512 1172 572 1227 δὲ
646 1174 836 1246 μᾶλλον
910 1177 933 1226 ὁ
994 1176 1227 1234 Ἰωάννης
1308 1179 1401 1231 τήν
1481 1173 1826 1247 σκληροτέραν

222 1263 435 1336 ἀγωγὴν
480 1261 627 1334 dxi;
690 1270 830 1316 Διότι
876 1261 984 1316 ἔδει
1040 1267 1126 1315 τὸν
1170 1267 1259 1335 μὲν
1307 1268 1513 1335 κήρυκα
1542 1271 1635 1323 τῆς
1670 1281 1823 1335 μετα-

220 1358 371 1413 νοίας
422 1355 731 1427 σκυθρωπὸν
776 1351 925 1420 εἶναι,
964 1354 1048 1403 τὸν
1090 1349 1148 1404 δὲ
1204 1349 1406 1425 δοτῆρα
1458 1360 1551 1413 τῆς
1601 1351 1825 1423 ἀφέσεως

224 1450 330 1493 τῶν
388 1442 675 1513 ἁμαρτιῶν,
753 1445 1024 1512 χαρίεντα.
1086 1445 1185 1493 Καὶ
1237 1442 1317 1492 ὅτι
1374 1442 1399 1491 ὁ
1458 1444 1546 1511 μὲν
1590 1441 1824 1500 Ἰωάννης

224 1526 379 1582 οὐδὲν
433 1529 577 1581 πλέον
628 1526 925 1590 ἐπεδείξατο
976 1537 1084 1590 τοῖς
1126 1525 1422 1594 Ἰουδαίοις,
1460 1528 1504 1580 εἰ
1542 1533 1612 1601 μὴ
1672 1528 1822 1580 πολι-

225 1623 365 1670 τείαν
430 1622 609 1690 μόνην,
662 1617 903 1678 Ἰωάννης
968 1620 1089 1690 γὰρ,
1152 1623 1328 1689 φησὶν,
1398 1614 1547 1670 οὐδὲν
1613 1617 1823 1675 ἐποίησε

1938 462 2127 517 simile
2164 468 2361 517 tamen
2394 468 2518 517 erat
2580 478 2757 533 opus.
2799 466 3009 519 Verum
3043 466 3121 530 hi,
3152 472 3438 538 tanquam
3473 468 3597 523 fera

1937 554 2119 621 captu
2158 550 2430 615 difﬁcilis,
2472 556 2785 623 utrumque
2831 552 3145 621 fugientes,
3209 556 3440 628 utrique
3493 557 3592 612 de-

1938 638 2275 695 trahebant.

2011 728 2447 796 Interrogemus
2480 742 2620 798 ergo
2648 728 2794 784 illos.
2832 732 3005 785 Estne
3051 733 3240 802 proba
3275 734 3392 790 vita
3422 750 3594 806 aspe-

1937 816 2058 870 rior
2077 816 2104 869 ?
2125 816 2430 886 quomodo
2450 831 2590 886 ergo
2613 832 2733 872 non
2756 819 3039 875 obedistis
3065 823 3278 876 Joanni
3299 823 3593 881 Christum

1937 903 2111 959 vobis
2146 904 2571 959 demonstranti
2602 906 2629 960 *ἲ
2658 910 2727 960 At
2757 904 3023 962 fortassis
3079 908 3201 964 vita
3259 911 3497 966 mollior
3524 927 3594 967 ac

1939 992 2181 1047 suavior
2204 993 2396 1061 magis
2412 992 2625 1062 placet.
2648 993 2714 1048 Et
2738 1009 2924 1064 quare
2943 1009 3065 1050 non
3088 996 3376 1053 obedistis
3407 999 3595 1054 Chris-

1936 1084 1995 1135 to
2027 1080 2186 1135 viam
2214 1080 2419 1135 salutis
2443 1096 2550 1135 vos
2575 1081 2807 1137 docenti
2831 1086 2858 1136 ?

2004 1169 2217 1223 Verum
2237 1185 2421 1240 quam
2445 1169 2522 1225 ob
2541 1185 2785 1226 causam
2808 1170 3070 1227 Joannes
3093 1174 3286 1243 potius
3313 1189 3592 1245 asperam

1934 1257 2177 1312 vivendi
2205 1272 2479 1313 normam
2515 1258 2767 1314 habuit?
2797 1258 2943 1325 Quia
2970 1260 3283 1331 oportebat
3314 1264 3598 1333 pceniten-

1933 1345 2027 1399 tiae
2042 1346 2484 1416 praedicatorem
2510 1347 2731 1402 tristem
2747 1348 3079 1418 quamdam
3100 1351 3453 1419 gravitatem
3467 1369 3590 1425 prae

1934 1447 1998 1488 se
2023 1434 2171 1489 ferre
2198 1450 2209 1487 :
2231 1440 2287 1488 et
2305 1434 2673 1489 remissionis
2698 1443 3078 1506 peccatorum
3094 1439 3454 1509 largitorem,
3492 1441 3597 1497 hu-

1932 1538 2182 1579 manum
2214 1528 2391 1594 atque
2421 1522 2751 1593 benignum
2782 1540 2929 1590 esse,
2962 1528 3027 1579 Et
3058 1528 3201 1598 quia
3224 1527 3491 1585 Joannes
3512 1533 3597 1586 ni-

1931 1612 2016 1668 hil
2039 1612 2318 1683 amplius,
2350 1628 2529 1682 quam
2566 1613 2757 1668 solam
2787 1614 2918 1669 vitm
2949 1630 3227 1672 normam
3256 1618 3475 1674 Judteis
3497 1619 3597 1675 de-

231 1714 466 1777 σημείον’
527 1708 551 1758 ὀ
592 1703 649 1758 δὲ
702 1710 932 1780 Χριστὸς
984 1712 1073 1758 καὶ
1119 1712 1212 1765 τήν
1252 1707 1363 1777 (50)
1428 1706 1526 1758 ἀπὸ
1572 1716 1672 1758 τῶν
1721 1708 1821 1758 θεο-

1950 1700 2287 1757 nonstravit
2317 1716 2327 1752 :
2358 1700 2649 1771 siquidem
2675 1702 2948 1765 Joannes,
2996 1704 3207 1776 inquit,
3240 1705 3471 1762 nullum
3502 1709 3592 1777 fe-

228 1804 437 1868 πρεπῶν
477 1797 748 1867 θαυμάτων
773 1800 1060 1868 μαρτυρίαν
1087 1794 1347 1853 ἐκέκτητο.

304 1970 499 2032 ’Ἄλλως
549 1991 603 2023 τε
660 1968 737 2038 δὲ,
802 1977 890 2025 καὶ
940 1978 1210 2044 γινώσκων
1273 1972 1497 2033 ἀσθενεῖς
1567 1978 1686 2034 τοὺς
1740 1971 1821 2023 ἁν-

233 2062 491 2132 θρὼπους,
605 2060 1021 2132 συγκατέϐαινεν,
1118 2063 1199 2113 ἵνα
1297 2058 1523 2133 κερδήοῃ
1636 2060 1823 2133 μᾶλλον

230 2149 420 2209 αὐτοὺς
485 2151 725 2203 ἐντεῦθεν.
791 2151 883 2201 Διὰ
933 2157 1085 2201 τοῦτο
1146 2153 1234 2201 καὶ
1291 2150 1357 2209 εἰς
1426 2150 1684 2222 τραπέζας
1749 2169 1825 2201 π’

1252 2244 1337 2291 καὶ
1394 2236 1501 2299 τοῖς
1570 2242 1825 2310 μεμφομέ-

1485 2327 1595 2379 Οὑκ
1674 2324 1825 2384 ἦλθον

898 2414 1026 2467 ἀλλὰ
1115 2415 1451 2490 ἁμαρτωλούς
1530 2416 1596 2475 εἰς
1670 2417 1826 2487 μετά-

228 2237 402 2288 λωνῶν
460 2237 797 2309 οἰκονομικῶς
863 2238 1163 2312 εἰσήρχετο,

222 2345 333 2385 νοις
399 2324 717 2396 ἀπελογεῖτο,
794 2331 888 2384 τήν
969 2327 1138 2378 αἰτίαν
1210 2327 1393 2397 λέγων,

220 2413 444 2466 καλέσαι
545 2411 755 2466 δικαίου
768 2435 808 2484 ς,

140 2558 143 2559 ν
224 2522 397 2554 νοιαν,

304 2590 439 2642 Ἀλλ’
496 2587 620 2643 οὐδὲ
649 2600 740 2652 τῆς
790 2592 1013 2664 σκληρᾶς
1064 2592 1318 2664 ἠμέλησεν
1376 2592 1609 2663 ἀγωγῆς,
1659 2592 1707 2643 ἐν
1762 2600 1823 2664 τῇ

231 2680 408 2751 ἐρήμῳ
450 2683 578 2751 μετὰ
634 2688 730 2731 τῶν
780 2682 968 2752 θηρίων
1012 2681 1251 2747 οἰκήσας,
1307 2687 1394 2733 καὶ
1433 2683 1830 2754 τεσσαράκοντα

226 2770 513 2828 νηστεύσας
568 2770 783 2840 ἡμέρας,
839 2771 908 2828 ὡς
952 2766 1371 2843 προδεδήλωται.
1430 2775 1529 2823 Καὶ
1586 2770 1657 2832 εἰς
1697 2790 1825 2843 τρα-

222 2856 389 2919 πέζας
420 2852 479 2908 δέ
530 2857 724 2919 εἰσιὼν,
770 2856 991 2917 εὐλαϐῶς
1036 2877 1090 2910 τε
1128 2864 1216 2911 καὶ
1267 2858 1529 2933 ἐγκρατῶς
1556 2865 1645 2911 καὶ
1676 2858 1821 2931 ἁγίο-

219 2954 433 3019 πρεπῶς
454 2946 610 3003 ἤσθιε
640 2950 728 2997 καὶ
756 2948 916 3002 ἔπινε.

303 3126 405 3174 Καὶ
461 3152 530 3161 —-
582 3122 764 3183 αὐτῆς.
857 3120 1196 3188 Ἐδικαιώθη,
1255 3122 1368 3177 ἀντὶ
1452 3133 1559 3197 τοῦ,
1639 3130 1826 3179 Δικαία

228 3208 501 3281 ἐλογίσθη,
558 3215 824 3263 τουτέστιν
864 3211 1170 3285 ἐθαυμάσθη
1227 3215 1255 3271 ή
1293 3214 1448 3285 σοφία
1483 3222 1572 3266 τοῦ
1605 3223 1757 3281 Θεοῦ,
1791 3217 1819 3273 ἡ

232 3298 625 3371 οἰκονομήσασα
653 3304 740 3352 τὸν
778 3300 1015 3359 Ἰωάννην
1064 3307 1152 3354 καὶ
1204 3307 1290 3354 τὸν
1345 3308 1568 3377 Χριστὸν
1600 3304 1826 3365 ἐναντίας

232 3383 392 3448 ὀδοὺς
440 3388 699 3441 πολιτειῶν
766 3389 910 3456 ἰέναι,
966 3388 1058 3443 διὰ
1111 3396 1202 3449 τὴν
1252 3392 1413 3450 αὐτήν
1450 3393 1687 3464 ὠφέλειαν
1727 3403 1824 3446 τῶν

233 3473 532 3547 ἀνθρώπων.
588 3479 926 3549 Ἐθαυμάσθη
983 3475 1062 3544 δὲ,
1105 3478 1204 3531 ἀπὸ
1270 3489 1369 3531 τῶν
1415 3486 1598 3533 τέκνων
1643 3482 1825 3553 αὐτῆς,

231 3567 415 3635 ἤγουν,
472 3568 612 3637 παρά
664 3574 764 3617 τῶν
820 3571 1084 3618 συνιέντων
1152 3568 1334 3626 αὐτήν.
1419 3573 1529 3622 Υἱοὶ
1584 3574 1683 3644 γὰρ
1744 3590 1829 3623 σο-

232 3657 369 3723 φίας,
427 3656 475 3704 οἱ
526 3659 746 3706 συνετοὶ·
799 3656 828 3713 ἦ
890 3652 1233 3723 Ἐὃικαιωθη,
1289 3655 1399 3708 ἀντὶ
1456 3667 1590 3728 τοῡ,τ
1648 3666 1833 3711 Δικαία

233 3745 325 3791 καὶ
372 3738 679 3810 ἀνέγκλητος
733 3742 997 3814 ἐλογίσθη,
1059 3748 1122 3803 ὡς
1176 3751 1449 3802 ποιήσασα
1494 3747 1649 3798 ποῖνὸ
1703 3744 1830 3815 ἔδει,

235 3832 330 3879 καὶ
366 3834 522 3880 παντὶ
576 3835 746 3903 τροπῳ
786 3831 1099 3906 χρησαμένη
1150 3836 1274 3907 πρὸς
1327 3840 1588 3907 σωτηρίαν
1644 3836 1832 3892 αὐτῶν.

312 4009 437 4057 Τότε
494 4035 559 4047 —
618 4012 948 4078 μετενόησαν.
1036 4006 1362 4077 Ὀνειὸίζειν,
1414 4010 1526 4064 ἀντὶ
1566 4020 1676 4080 τοῦ,
1735 4020 1835 4066 Τα-

236 4092 485 4153 λανίζειν.
545 4093 779 4159 Ὀνειδος
809 4102 907 4170 γὰρ
963 4104 1051 4150 καὶ
1100 4101 1124 4150 ὁ
1182 4100 1517 4174 ταλανισμός.
1579 4105 1836 4176 Δυνάμεις

244 4177 322 4247 δὲ,
358 4184 421 4233 τὰ
449 4184 685 4255 θαύματα
710 4185 865 4257 λέγει.

316 4270 451 4322 Οὐαί
496 4291 579 4323 σοι
635 4305 703 4313 -
765 4280 1097 4346 μετενόησαν,
1173 4281 1241 4329 Τὸ
1300 4279 1412 4349 (51)
1472 4277 1678 4353 Σοδομα
1747 4285 1836 4354 μὲν

239 4364 329 4411 καὶ
378 4360 613 4434 Γόμορρα
664 4364 892 4430 τίθησιν,
927 4366 990 4424 ὡς
1022 4365 1091 4427 εἰς
1140 4364 1407 4437 ἀσέλγειαν
1438 4366 1834 4441 ἐπιφανέστατα·

238 4451 333 4505 τήν
385 4452 547 4521 Τύρον
581 4447 639 4502 δὲ
694 4457 784 4504 καὶ
845 4458 937 4511 τήν
978 4450 1198 4522 Σιδῶνα,
1231 4458 1300 4517 ὡς
1338 4456 1408 4518 εἰς
1440 4454 1838 4534 είδωλολατρίαν

238 4531 590 4598 διαϐοήτους.

307 4625 445 4683 Πλήν
498 4656 570 4667 -
626 4627 767 4699 ὑμῖν.
812 4631 880 4681 Τὸ
931 4629 1090 4702 Πλὴν,
1151 4631 1265 4685 ἀντὶ
1320 4642 1430 4705 τοῦ,
1513 4638 1619 4689 Αιά
1664 4643 1837 4689 τοῦτο.

233 4716 458 4784 Μιγνύει
490 4710 549 4765 δε
598 4721 668 4784 τῷ
698 4715 993 4791 ταλανισμῷ
1023 4724 1107 4772 καὶ
1152 4719 1384 4793 ἀπειλὴν,
1425 4724 1506 4775 ἵνα
1537 4724 1565 4783 ή
1605 4724 1838 4797 αἰσχυν-

243 4802 426 4867 θῶσιν,
457 4802 486 4860 ή
522 4801 815 4874 φοϐηθῶσι.

318 4977 368 5013 ⁸ο
395 4980 566 5036 Joan.
604 4997 656 5049 ι,
688 4984 782 5041 41.
865 4985 909 5023 ⁸¹
943 4987 1140 5045 Matth.
1168 5005 1247 5056 Ix,
1282 4990 1368 5047 13.

1869 4416 1918 4474 D

1446 4991 1494 5027 ⁵³
1523 4993 1695 5049 Marc.
1730 5011 1766 5058 ι,
1800 4994 1893 5053 13.

1932 1790 2012 1846 cit
2031 1790 2255 1860 signum
2296 1788 2341 1823 ⁵¹
2376 1805 2388 1842 :
2419 1788 2693 1845 Christus
2729 1806 2866 1845 vero
2890 1792 3070 1848 etiam
3104 1809 3139 1847 a
3176 1793 3391 1848 divinis
3421 1795 3595 1852 mira-

1934 1877 2080 1933 culis
2121 1876 2525 1933 testimonium
2557 1878 2809 1947 adeptus
2836 1884 2947 1934 est.

2004 1968 2291 2022 Praeterea
2308 1980 2551 2037 quoque
2577 1967 2765 2021 sciens
2792 1966 3119 2023 imbecilles
3152 1985 3284 2025 esse
3318 1970 3595 2026 homines

1933 2055 2192 2110 demittit
2216 2070 2364 2116 sese,
2400 2060 2459 2108 ut
2490 2054 2621 2108 illos
2648 2054 3247 2125 magislucrifaceret,
3280 2062 3332 2113 et
3353 2065 3596 2130 propter

1933 2144 2048 2198 hoc
2079 2143 2156 2197 ad
2178 2157 2420 2197 mensas
2446 2143 2619 2197 etiam
2648 2142 3106 2214 publicanorum
3145 2146 3591 2216 .dispensatorie

1935 2232 2258 2287 accedebat
2292 2253 2304 2285 :
2337 2235 2393 2285 et
2422 2231 2871 2301 indignantibus
2895 2249 3138 2288 causam
3172 2235 3473 2297 reddebat,
3506 2235 3593 2290 di-

1937 2337 2076 2376 cens
2106 2340 2117 2378 :
2152 2321 2283 2375 Non
2308 2320 2429 2374 veni
2449 2320 2525 2374 ad
2554 2321 2883 2376 vocandum
2898 2324 3113 2390 justas,
3143 2323 3242 2378 sed
3268 2330 3592 2391 peccatores

1935 2411 2012 2465 ad
2038 2410 2439 2481 paenitentiam
2471 2409 2539 2463 ⁵1.

2008 2589 2203 2657 Neque
2244 2591 2441 2642 tamen
2485 2586 2696 2641 duram
2721 2586 2960 2642 vivendi
3006 2602 3282 2643 normam
3314 2588 3589 2658 neglexit,

1937 2676 1999 2731 in
2029 2676 2262 2731 deserto
2288 2691 2423 2729 cum
2452 2673 2587 2729 feris
2615 2680 2883 2731 versatus
2910 2677 2978 2744 ⁸³,
3016 2691 3086 2731 ac
3108 2676 3315 2731 diebus
3340 2680 3595 2748 quadra-

1935 2764 2097 2837 ginta
2116 2764 2409 2835 jejunans,
2443 2768 2507 2818 ut
2537 2779 2717 2833 supra
2742 2764 2961 2819 dictum
2991 2769 3095 2818 est.
3138 2764 3423 2820 Praeterea
3450 2781 3595 2837 quo-

1936 2869 2053 2926 que
2081 2852 2158 2908 ad
2207 2865 2449 2906 mensas
2499 2852 2791 2907 accedens
2841 2853 3192 2916 verecunde,
3246 2858 3590 2924 temperate,

1935 2948 1993 2999 et
2016 2946 2187 3014 prout
2240 2947 2474 2996 sanctos
2511 2939 2697 3008 decet,
2748 2940 3019 3010 religiose
3068 2940 3283 2997 edebat
3313 2958 3381 2998 ac
3422 2943 3589 2999 bibe-

1854 3057 1895 3114 C
1934 3031 2057 3087 bat.

2004 3120 2171 3176 Vers.
2202 3120 2286 3173 19.
2305 3119 2381 3173 Et
2403 3119 2622 3173 —suz’s.
2651 3116 3065 3173 -—Justiﬁcata
3090 3123 3198 3181 est,
3227 3120 3389 3174 Justa
3416 3119 3474 3174 id
3507 3126 3593 3177 est

1931 3211 2137 3266 habita
2166 3213 2271 3273 est,
2291 3209 2406 3262 sive
2418 3206 3013 3261 admirationihabita
3027 3208 3234 3277 estADei
3270 3208 3584 3278 sapientia,

1932 3316 2062 3372 quae
2091 3296 2384 3368 disposuit
2410 3299 2474 3349 ut
2499 3294 2758 3348 Christus
2787 3309 2857 3349 ac
2882 3295 3141 3349 Joannes
3163 3296 3451 3366 oppositis
3480 3296 3593 3353 viis

1934 3379 2295 3450 incederent,
2357 3388 2589 3455 propter
2643 3383 2841 3453 ipsam
2899 3382 3215 3438 hominum
3259 3384 3589 3439 utilitatem.

1937 3473 2328 3531 Admirationi
2367 3477 2566 3527 autem
2592 3470 2796 3525 habita
2826 3476 2912 3525 est
2941 3487 2975 3525 a
3020 3470 3151 3525 ﬁliis
3179 3473 3319 3535 suis,
3355 3473 3476 3527 sive
3520 3473 3592 3528 ab

1938 3562 2392 3633 intelligentibus
2420 3560 2579 3615 illam
2630 3576 2641 3612 :
2674 3559 2776 3613 ﬁlii
2808 3575 3069 3631 namque
3114 3561 3419 3630 sapientiae
3456 3566 3592 3617 sunt

1941 3654 2239 3724 sapientes
2270 3656 2372 3706 aut
2410 3648 2796 3717 intelligentes
2825 3664 2835 3701 :
2874 3647 2960 3703 vel
2989 3648 3318 3704 Justiﬁcata
3343 3657 3449 3713 est,
3484 3650 3594 3705 hoc

1942 3747 2027 3799 est
2041 3744 2065 3795 J
2074 3745 2206 3795 usta
2227 3755 2295 3795 ac
2317 3736 2853 3809 irreprehensibilis
2869 3736 3073 3792 habita
3091 3741 3177 3791 est
3206 3754 3217 3790 :
3245 3743 3446 3809 utpote
3466 3754 3595 3809 quae

1944 3830 2077 3886 fecit
2096 3827 2395 3901 quidquid
2420 3826 2623 3881 debuit
2654 3843 2665 3880 :
2692 3831 2745 3881 et
2777 3825 2941 3880 omni
2965 3824 3147 3880 modo
3174 3842 3282 3880 usa
3307 3830 3392 3881 est
3424 3828 3501 3881 ad
3529 3826 3591 3881 il-

1943 3923 2135 3977 lorum
2163 3918 2435 3973 salutem.

2015 4011 2179 4063 Vers.
2218 4008 2303 4061 20.
2332 4007 2494 4060 Tunc
2522 4035 2590 4044 —
2620 4003 3017 4073 resipuissent.
3054 4003 3443 4075 Exprobrare,
3471 4005 3585 4060 hoc

1947 4101 2052 4162 est,
2087 4097 2323 4153 Miseras
2354 4094 2547 4149 dicere
2600 4109 2668 4149 ac
2726 4093 3058 4164 deplorare.
3116 4096 3262 4148 Nam
3304 4093 3593 4165 probrum

1948 4186 2183 4242 miseria
2212 4188 2322 4240 est.
2367 4184 2612 4237 Virtutes
2645 4188 2846 4237 antem
2877 4181 3017 4236 dicit
3058 4182 3365 4238 miracula.

2018 4277 2176 4330 Vers.
2222 4273 2309 4328 21.
2363 4272 2460 4328 Vce
2500 4270 2697 4327 tibi—
2745 4271 3144 4340 resipuz‘ssent.
3209 4272 3272 4325 In
3305 4271 3599 4341 sequenti-

1946 4364 2060 4420 bus
2091 4363 2347 4419 Sodoma
2377 4365 2433 4416 et
2478 4358 2811 4416 Gomorrha
2839 4361 3028 4430 ponit,
3047 4365 3244 4430 utpote
3270 4360 3330 4414 in
3351 4359 3600 4415 libidine

1948 4452 2430 4510 nominatissima
2462 4468 2474 4517 ;
2506 4452 2725 4521 Tyrum
2753 4456 2944 4505 autern
2967 4455 3021 4505 et
3066 4450 3292 4506 Sidona
3313 4453 3598 4520 tanquam

1948 4543 2212 4599 maxime
2237 4540 2298 4596 in
2318 4539 2655 4595 idololatria
2680 4538 2966 4609 insignes.

2018 4633 2175 4687 Vers.
2233 4634 2321 4685 2'2.
2352 4630 2626 4685 Attamen
2686 4660 2755 4669 —
2806 4626 2987 4683 vobis.
3039 4627 3336 4695 Attamen,
3365 4625 3425 4680 id
3492 4628 3599 4691 est,

1949 4723 2189 4793 Propter
2216 4721 2349 4777 hoc.
2383 4718 2686 4787 Signiﬁcat
2712 4721 2913 4771 autem
2945 4713 3250 4771 miseriam
3279 4729 3349 4769 ac
3376 4713 3595 4779 minas,

1951 4816 2014 4869 ut
2050 4812 2139 4869 vel
2170 4811 2527 4869 erubescant
2552 4806 2646 4863 vel
2675 4807 2949 4879 paveant.

1445 5170 1670 5241 Variae
1698 5171 2029 5242 lectiones
2059 5179 2124 5239 et
2154 5177 2356 5238 nota.

323 5353 439 5423 (50)
478 5354 579 5410 ἀπὸ
610 5366 708 5411 τῶν
734 5361 948 5419 omittit
973 5363 1038 5417 B-

323 5354 439 5495 (εςογ
478 5354 579 5410 ἀπὸ
610 5366 708 5411 τῶν
734 5361 948 5419 omittit
973 5363 1038 5417 B-

322 5428 417 5511 (5‘l.
447 5432 563 5511 ’Τῷ
588 5438 844 5511 propter;
854 5433 1112 5511 vicinum
1133 5439 1225 5494 τὴν
1257 5432 1335 5511 δέ,
1355 5435 1446 5511 vix
1474 5437 1609 5495 ferri
1632 5444 1842 5511 potest.

252 5497 612 5579 Crediderim
646 5497 787 5579 ergo
804 5503 1187 5579 Euthymium
1208 5497 1517 5579 scripsisse
1538 5497 1848 5569 saliente-

250 5568 390 5626 nius
428 5571 654 5630 videtur
675 5568 891 5645 legisse
923 5568 1051 5631 ε”Εν
1071 5584 1180 5640 τοῖς
1207 5578 1290 5642 ἐξῆ
1305 5568 1342 5641 ς⁸
1353 5576 1580 5654 Σόδομα.
1613 5583 1726 5639 Cur
1745 5568 1852 5641 atl-

1952 5373 2085 5440 tem
2100 5364 2338 5440 Γόμλοῤῥα
2349 5361 3021 5440 _memora_vit_,_qu_orum
3037 5358 3202 5440 nulla
3224 5359 3327 5440 hic
3341 5358 3606 5440 ﬁt_men-_

1955 5442 2033 5495 tio
2062 5438 2092 5494 ?
2121 5431 2319 5493 V'el'e'x
2347 5436 2477 5492 loco
2508 5434 2681 5491 simili
2702 5431 2900 5490 Matth.
2934 5450 2992 5499 κ,
3032 5433 3114 5499 l5,
3149 5431 3241 5489 vel
3270 5432 3430 5505 quod
3469 5432 3607 5491 alibi

1950 5512 2135 5568 etiam
2162 5509 2286 5566 istm
2315 5507 2497 5566 urbes
2519 5507 2806 5580 conjungi
2835 5504 3052 5565 solent.
