4206 6310
645 311 747 374 359

1961 305 2146 373 EUTH
2163 315 2315 372 YMII
2357 310 2682 374 ZICABENI
3925 315 4025 374 360

713 444 878 498 Vers.
903 442 991 498 23.
1021 442 1098 497 Et
1115 442 1459 498 hodiernum
1473 442 1619 498 diem
1648 441 2026 513 Capernaum
2050 441 2301 497 celebris

2485 447 2582 496 Καὶ
2651 474 2712 483 —
2771 447 3014 516 σήμερον.
3069 441 3126 494 Ἡ
3175 445 3517 515 Καπερναοὺμ
3570 436 3774 505 ἔνδοξος
3841 446 4025 513 γέγονε

643 532 771 596 fuit,
806 547 876 587 eo
903 531 1069 602 quod
1116 531 1469 586 habitaverit
1501 532 1559 586 in
1591 547 1660 586 ea
1679 531 1963 595 Christus,
1993 530 2301 602 multaque

642 621 933 676 miracula
959 621 1017 675 in
1041 637 1112 676 ea
1145 620 1417 676 ediderit.
1446 621 1588 676 Dicit
1617 635 1758 690 ergo
1792 640 1802 674 :
1861 623 1926 676 Et
1961 626 2020 676 tu
2046 636 2152 693 per
2180 619 2302 692 glo-

640 711 791 766 riam
827 725 1012 782 usque
1069 709 1143 764 ad
1175 709 1391 764 caelum
1423 709 1702 775 exaltata,
1739 725 1925 781 usque
1958 709 2034 765 ad
2080 708 2301 764 inferos

641 799 968 854 detraheris
997 798 1526 870 perignominiam.
1551 801 1696 855 Sunt
1715 803 1912 853 autem
1938 814 2066 868 quae
2097 798 2302 852 dicun-

640 894 734 944 tur
763 887 1002 943 alterius
1033 887 1115 942 rei
1162 887 1578 956 signiﬁcativa.
1635 887 1940 958 Siquidem
1974 902 2165 958 usque
2222 886 2302 941 ad

641 977 874 1043 caelum,
908 975 1106 1048 gloriae
1134 975 1502 1031 demonstrat
1560 975 2032 1046 magnitudinem
2068 990 2300 1047 ;usque

642 1065 717 1121 ad
746 1064 961 1120 inferos
1017 1075 1236 1129 autem,
1283 1064 1648 1134 ignominiae.
1705 1069 2104 1136 Augmentum
2159 1079 2300 1119 vero

641 1151 906 1208 criminis
959 1157 1012 1208 et
1059 1152 1482 1208 demonstratio
1535 1157 1811 1208 extremae
1860 1151 2160 1223 pravitatis
2189 1155 2294 1218 est,

641 1257 764 1297 non
795 1239 977 1296 solum
1003 1241 1234 1312 pejores
1255 1256 1384 1295 esse
1409 1240 1813 1312 peccatoribus
1834 1241 1933 1312 qui
1955 1246 2092 1296 tunc
2109 1245 2299 1311 erant,

642 1329 744 1384 sed
773 1328 884 1383 illis
914 1329 1017 1400 qui
1047 1344 1319 1400 unquam
1353 1328 1610 1385 fuerant.

713 1417 877 1473 Vers.
907 1417 995 1471 24.
1023 1417 1300 1473 Attamen
1326 1447 1391 1459 —
1437 1417 1558 1472 tibi.
1591 1448 1664 1459 —
1693 1417 1891 1485 Vobis,
1940 1417 2018 1472 ad
2050 1416 2300 1474 civitatis

641 1505 794 1562 iilius
824 1506 982 1562 cives
1013 1506 1239 1563 dictum
1265 1509 1353 1563 est
1385 1523 1398 1574 ;
1427 1507 1552 1562 Tibi
1582 1522 1741 1575 vero,
1773 1505 1852 1564 ad
1877 1506 2190 1564 civitatem.

715 1685 879 1738 Vers.
923 1683 1012 1739 25.
1047 1681 1120 1737 In
1144 1713 1210 1722 —
1236 1683 1528 1752 parvulis,
1557 1682 1918 1756 Ἀπόχρίσεως
1941 1682 2299 1739 vocabulum

643 1771 828 1844 (quod
888 1787 995 1826 nos
1053 1772 1449 1827 communiter
1495 1773 1945 1844 responsionem
1993 1771 2298 1844 vertimus)

642 1860 802 1915 varia
831 1859 1141 1930 signiﬁcat.
1177 1859 1330 1914 Mitto
1356 1875 1516 1914 nunc
1535 1861 1976 1931 separationem
2009 1875 2077 1915 ac
2107 1860 2298 1931 diges-

645 1949 868 2003 tionem
895 1947 1227 2001 secundum
1257 1947 1543 2012 medicos,
1573 1952 1630 2002 et
1665 1963 1800 2019 qua
1826 1948 1904 2004 ad
1936 1947 2046 2003 hoc
2075 1948 2157 2013 ﬁt,
2190 1953 2302 2004 ter-

643 2035 1054 2090 minationem.
1113 2035 1413 2090 Interdum
1465 2035 1713 2106 quidem
1770 2035 2044 2108 principii
2099 2036 2301 2092 locum

640 2123 842 2188 habet,
904 2127 967 2178 ut
1021 2139 1154 2177 cum
1187 2122 1416 2188 dicitur,
1479 2125 1841 2194 Respondens
1867 2124 2049 2184 Jesus
2099 2124 2241 2180 dixit
2284 2142 2298 2180 :

647 2212 939 2278 Conﬁteor
997 2211 1122 2276 tibi,
1172 2211 1368 2277 Pater,
1412 2213 1659 2268 Domine
1710 2214 1845 2270 caeli
1893 2221 1945 2269 et
1999 2220 2195 2280 terra,
2227 2213 2301 2270 de

644 2315 767 2372 quo
801 2315 960 2356 nunc
993 2307 1077 2356 est
1105 2316 1301 2356 sermo
1331 2317 1343 2367 ;
1388 2300 1552 2356 nulla
1577 2302 1736 2357 enim
1785 2303 2086 2373 praecessit
2127 2303 2303 2358 inter-

645 2389 894 2456 rogatio.
931 2389 1305 2460 Quandoque
1346 2405 1482 2444 vero
1517 2389 1594 2445 ad
1622 2389 2142 2460 interrogationem
2173 2391 2302 2446 red-

646 2476 826 2543 ditur,
860 2482 924 2532 ut
950 2482 1038 2532 est
1058 2477 1203 2531 illud
1231 2499 1243 2532 :
1271 2479 1630 2548 Respondens
1648 2478 1844 2534 Simon
1862 2481 2076 2535 Petrus
2096 2479 2249 2536 dixit
2283 2501 2297 2536 :

645 2566 729 2620 Tu
754 2581 810 2620 es
843 2565 1119 2622 Christus
1149 2566 1341 2622 Filius
1378 2567 1474 2622 Dei
1503 2567 1622 2623 vivi
1646 2569 1692 2602 ⁵³
1727 2587 1740 2632 ;
1777 2569 2078 2639 praecessit
2131 2569 2300 2625 inter-

641 2653 890 2724 rogatio.
906 2653 1209 2709 Interdum
1224 2670 1464 2726 quoque
1483 2656 1776 2711 sermonis
1791 2657 2300 2712 continuationem

646 2741 960 2811 signiﬁcat,
995 2746 1057 2797 ut
1078 2743 1269 2812 capite
1289 2743 1568 2799 vicesimo
1591 2760 1750 2799 nono
1772 2745 1971 2814 hujus,
1991 2761 2126 2800 cum
2153 2744 2302 2800 Cha-

643 2843 860 2885 nanaea
888 2829 1162 2886 dixisset:
1185 2831 1677 2901 Utique,Domine,
1693 2849 1821 2886 nam
1835 2839 1886 2888 et
1900 2833 2109 2890 catelli
2119 2833 2301 2888 edunt

645 2917 717 2973 de
747 2919 925 2981 micis,
958 2933 1092 2988 quae
1113 2919 1335 2973 cadunt
1355 2933 1389 2974 α
1413 2935 1608 2975 mensa
1626 2921 1997 2976 dominorum
2017 2937 2255 2976 suorum
2280 2939 2302 2987 ;

646 3012 1073 3078 consequenter
1095 3008 1291 3062 statim
1319 3007 1699 3078 subjungitur
1730 3025 1740 3064 :
1767 3011 1929 3066 Tunc
1955 3010 2302 3080 respondens

645 3093 812 3149 Iesus
837 3094 986 3150 dixit
1035 3095 1130 3151 illi
1162 3113 1174 3150 :
1220 3095 1267 3151 0
1303 3097 1539 3162 mulier,
1582 3113 1789 3167 magna
1839 3101 1923 3154 est
1963 3100 2106 3167 ﬁdes
2145 3106 2244 3154 tua
2283 3116 2297 3166 ;

645 3182 748 3250 ﬁat
783 3183 894 3238 tibi
928 3185 1080 3238 sicut
1116 3185 1198 3240 vis
1228 3185 1296 3236 δι.
1329 3185 1417 3240 Ad
1442 3185 1570 3241 haec
1603 3201 1844 3258 quoque
1870 3187 2163 3257 signiﬁcat
2205 3203 2303 3243 ex-

647 3269 1040 3326 hortationem
1073 3273 1195 3327 sive
1243 3272 1743 3346 deprecationem,
1776 3280 1838 3330 ut
1862 3292 1997 3330 cum
2031 3277 2244 3332 dicitur
2282 3292 2294 3330 :

646 3360 1018 3427 Respondens
1044 3367 1236 3416 autem
1273 3363 1481 3418 Petrus
1509 3362 1660 3420 dixit
1695 3365 1746 3419 ei
1772 3381 1785 3418 :
1827 3365 2097 3421 Edissere
2134 3364 2301 3420 nobis

639 3448 993 3516 parabotam
1011 3449 1164 3506 hanc
1191 3450 1258 3502 ⁸⁵.
1285 3451 1656 3523 Quandoque
1681 3459 1876 3509 autem
1897 3455 2186 3520 abundat,
2239 3460 2303 3510 ut

587 3577 600 3587 .
648 3550 786 3590 cum
817 3535 1067 3592 dicitur:
1098 3539 1459 3607 Respondens
1497 3545 1688 3596 autem
1716 3541 1929 3597 Petrus
1959 3543 2115 3598 dixit
2154 3543 2302 3600 illi:

645 3622 723 3677 Et
749 3623 800 3677 si
819 3639 1009 3680 omnes
1026 3625 1403 3693 offenduntur
1409 3643 1521 3695 per
1535 3633 1604 3693 te,
1640 3643 1736 3699 ego
1760 3635 1955 3686 tamen
1983 3645 2302 3703 nunquam

647 3711 920 3780 offendar
943 3713 1011 3766 ⁵⁸.
1044 3713 1349 3786 Siquidem
1368 3716 1595 3771 Marcus
1622 3718 2015 3788 praetermisit,
2039 3723 2300 3792 Respon-

647 3803 816 3867 dens,
860 3807 916 3858 et
943 3801 1089 3858 dixit
1124 3819 1136 3858 :
1173 3805 1386 3860 Petrus
1438 3812 1626 3862 autem
1655 3809 1739 3863 ait
1770 3807 1866 3862 illi
1893 3810 1962 3879 ⁵⁷,
1991 3814 2098 3865 etc.
2129 3813 2305 3866 Inter-

645 3892 791 3948 dum
821 3907 960 3947 vero
985 3891 1282 3963 signiﬁcat
1309 3893 2047 3965 etiaminterrogationem,
2073 3902 2136 3953 ut
2165 3914 2304 3954 cum

646 3981 905 4037 dicitur:
945 3980 1277 4051 Respondit
1305 3982 1388 4036 eis
1415 3983 1628 4039 Jesus:
1662 3985 1818 4040 Num
1861 3999 1959 4055 ego
1996 3986 2302 4042 duodecim

655 4069 796 4136 elegi
824 4068 870 4102 ⁸⁸
898 4067 925 4120 ?

725 4155 1022 4217 Conﬁteor
1060 4160 1259 4210 autem
1292 4155 1430 4210 dicit
1457 4173 1615 4212 nunc
1636 4159 1963 4228 gratiarum
1986 4162 2301 4217 actionem.

651 4243 956 4311 Sapientes
987 4259 1122 4296 vero
1157 4247 1214 4296 et
1249 4244 1565 4312 prudentes
1622 4262 1724 4301 eos
1769 4247 1872 4318 qui
1904 4248 2046 4302 tales
2079 4250 2303 4320 populo

647 4329 1027 4394 videbantur,
1069 4337 1205 4400 puta
1254 4331 1491 4387 Scribas
1541 4339 1596 4388 et
1644 4334 1987 4389 l'hariszeos.
2025 4338 2303 4394 Parvulos

652 4432 814 4479 vero,
840 4416 1134 4486 apostolos
1166 4424 1402 4489 propter
1453 4419 1894 4493 simplicitatem
1936 4431 1992 4480 et
2021 4425 2304 4482 innocen-

2413 528 2504 583 διὰ
2544 536 2598 583 τό
2631 539 2887 583 κατοικεῖν
2921 531 2968 582 ἐν
3015 530 3144 602 αὐτῇ
3201 535 3288 582 τόν
3332 533 3576 602 Χριστόν,
3628 532 3818 582 καὶτὰ
3858 531 4025 582 πολλὰ

2410 629 2508 672 τῶν
2569 623 2842 692 θαυμάτων
2897 618 2944 670 ἓν
2978 620 3104 692 αὐτῇ
3160 619 3380 672 τελέσαι.
3436 624 3599 676 Φησὶν
3645 616 3732 670 οὖν
3789 621 3876 670 ὅτι
3915 623 4013 671 Καὶ

2411 713 2491 775 οὐ,
2550 711 2579 766 ἡ
2639 713 2803 780 μέχρι
2849 716 2940 760 τοῦ
2994 708 3212 780 οὐρανοῦ
3277 707 3549 778 ὑψωθεῐσα
3612 715 3674 779 τῇ
3737 703 3877 779 δόξῃ
3940 709 4022 766 ἕως

2410 794 2542 868 ᾅδου
2600 796 3040 869 καταϐιϐάσθήση
3084 805 3145 868 τῇ
3201 793 3407 867 ἀδοξίᾳ.
3451 796 3769 867 Ἐμφαντικὰ
3831 791 3896 847 δὲ
3947 799 4019 858 τὸ,

2410 891 2586 961 Μέχρι
2637 893 2728 938 τοῦ
2787 885 3023 959 οὐρανοῦ,
3087 890 3176 936 καὶ
3237 889 3314 949 τό,
3373 883 3506 946 Ἐως
3576 881 3730 954 ᾅδου.
3794 883 4020 955 Ἐμφαί-

2409 994 2557 1026 νουσι
2612 978 2737 1049 γὰρ,
2793 977 2850 1026 τὸ
2899 977 3010 1046 μὲν,
3061 975 3272 1046 μέγεθος
3314 969 3494 1035 δόξης·
3551 977 3608 1024 τό
3659 969 3716 1023 δι
3772 967 4018 1033 ἀδοξίας.

2409 1064 2642 1126 Αὕξησις
2681 1060 2740 1116 δὲ
2795 1067 3116 1136 κατηγορίας
3154 1066 3242 1113 καὶ
3284 1058 3564 1123 ἀπόδειξις
3622 1064 3816 1120 κακίας
3873 1061 4021 1133 ὑπερο

2411 1152 2721 1214 ϐαλλούσης,
2759 1154 2817 1203 τό
2865 1150 3045 1222 λέγειν,
3104 1151 3292 1211 αὐτοὺς
3321 1154 3392 1222 μή
3444 1154 3598 1222 μόνον
3649 1153 3879 1222 χείρους
3928 1157 4020 1199 τῶν

2409 1246 2523 1293 τότε
2601 1239 2936 1313 ἁμαρτωλῶν,
3021 1237 3148 1291 ἀλλά
3215 1242 3308 1290 καὶ
3390 1247 3488 1290 τῶν
3582 1241 3794 1289 πώποτε
3881 1255 4015 1307 γενο-

2410 1333 2571 1401 μένων
2580 1369 2592 1381 .

2481 1417 2620 1476 Πλὴν
2658 1449 2727 1458 -
2775 1421 2880 1470 σοί.
2942 1419 3013 1470 T6
3069 1418 3182 1490 μὲν,
3234 1423 3384 1488 Υμίν,
3443 1417 3577 1488 πρὸς
3623 1420 3737 1474 τοῦς
3803 1412 4018 1474 πολίτας

2407 1515 2502 1568 τῆς
2550 1505 2744 1568 πόλεως
2836 1503 3030 1568 ἓκείνης
3132 1507 3353 1579 εἴρηται·
3456 1508 3515 1556 τὸ
3585 1499 3645 1556 δὲ
3709 1505 3824 1570 Σοὶ,
3899 1505 4020 1574 πρὸς

2408 1599 2501 1654 τήν
2533 1595 2708 1651 πόλιν.

2479 1684 2563 1736 Ἐν
2612 1715 2678 1724 -
2715 1687 2943 1744 νηπίοις.
3000 1685 3070 1735 Τὸ
3121 1689 3217 1742 τῆς
3257 1680 3573 1756 ἀποκρίσεως
3629 1683 3818 1752 ὄνομα,
3866 1678 4011 1732 πολυ-

2412 1777 2669 1846 σήμαντόν
2717 1770 2874 1836 ἔστιν,
2908 1769 3020 1824 Ἵνα
3066 1773 3166 1844 γὰρ
3201 1768 3337 1822 ἐάσω
3379 1773 3466 1820 τὸν
3520 1765 3907 1841 διαχωρισμὸν
3937 1771 4018 1819 καὶ

2408 1868 2501 1921 τὴν
2561 1859 2898 1933 διαφόρησιν,
2968 1861 3106 1911 κατὰ
3157 1863 3278 1920 τοὺς
3354 1857 3581 1932 ἰατροὺς,
3639 1861 3728 1908 καὶ
3799 1861 3896 1914 τήν
3954 1856 4018 1916 εἰς

2408 1959 2560 2003 τοῦτο
2606 1948 2906 2011 κατάληξιν.
2959 1951 3081 2000 ποτε
3111 1950 3199 2020 μὲν
3248 1951 3402 1998 τόπον
3443 1945 3616 2018 ἀρχῆς
3656 1948 3798 2016 ἔχει,
3834 1948 3906 2007 ὡς
3943 1949 4015 1997 76-

2410 2040 2730 2113 Ἀποκριθεὶς
2787 2039 2812 2088 ό
2885 2036 3093 2096 Ἰησοῦς
3156 2032 3316 2089 εἶπεν
3382 2033 3830 2106 Ἐξομολογοῦμαί
3917 2053 4014 2100 σοι,

2411 2129 2599 2199 Πάτερ,
2649 2129 2805 2200 Κύριε
2856 2132 2946 2177 τοῦ
3027 2124 3245 2198 οὐρανοῦ
3324 2129 3412 2174 καὶ
3467 2131 3557 2182 τῆς
3600 2130 3720 2193 γῆς’
3783 2126 3909 2196 περὶ
3961 2122 4013 2173 οὗ

2408 2222 2495 2265 νῦν
2528 2216 2552 2266 6
2582 2213 2744 2285 λόγος·
2806 2213 2864 2265 οὐ
2914 2218 3254 2287 προηγήσατο
3309 2214 3408 2285 γὰρ
3466 2209 3741 2285 ὶρώτησις⁶
3776 2213 3906 2262 ποτε
3935 2207 4002 2276 δὲ,

2409 2307 2534 2377 πρὸς
2582 2302 2835 2378 ἐρώτησιν
2899 2297 3238 2354 ἀποδίδοται·
3297 2301 3366 2360 ὡς
3421 2302 3498 2351 τό·
3555 2299 3883 2372 Ἀποκριθεὶς
3931 2302 4000 2349 Σί-

2409 2415 2516 2465 μων
2576 2397 2760 2464 Πέτρος
2841 2387 2964 2445 εἷπε.
3031 2393 3098 2441 Σὺ
3164 2385 3212 2441 εἶ
3263 2391 3289 2440 6
3374 2392 3600 2460 Χριστὸς
3672 2389 3699 2438 6
3766 2390 3876 2447 Υἱός
3912 2393 3990 2436 τοῦ

2411 2488 2544 2535 Θεοῦ
2599 2488 2687 2532 τοῦ
2742 2480 2948 2540 ζῶντος·
2991 2482 3336 2551 προηγήσατο
3391 2479 3489 2550 γὰρ
3549 2474 3828 2546 ἐρώτησις·
3889 2475 3999 2526 ποτέ

2411 2567 2486 2638 δὲ,
2517 2570 2670 2640 λόγου
2718 2565 2986 2638 διαδοχήν
3027 2563 3198 2624 δηλοῖ·
3249 2573 3340 2626 τῆς
3376 2567 3474 2637 γὰρ
3505 2569 3807 2624 Χαναναίας
3841 2563 3998 2616 εἰπού-

2413 2677 2528 2720 σης·
2595 2663 2718 2723 Ναὶ,
2779 2659 2952 2731 Κύριε·
3007 2657 3098 2707 κᾶὶ
3147 2657 3247 2727 γὰρ
3303 2656 3368 2705 τὰ
3422 2655 3642 2725 κυνάρια
3695 2652 3857 2705 ἐσθίει
3905 2650 4000 2702 ἀπὸ

2409 2756 2508 2798 τῶν
2571 2745 2772 2817 ψιχίων
2843 2753 2942 2796 τῶν
3025 2747 3318 2796 πιπτόντων
3391 2740 3490 2794 ἀπὸ
3578 2748 3668 2801 τῆς
3743 2743 3996 2812 τραπέζης

2409 2843 2508 2887 τῶν
2575 2839 2764 2908 κυρίων
2868 2832 3053 2885 αὐτῶνθ
3135 2831 3429 2904 ἀποκριθεὶς
3503 2831 3528 2882 6
3605 2831 3790 2887 Ἰησοῦς
3855 2825 3991 2878 εἶπεν

2412 2923 2565 2995 αὑτῇ·
2633 2921 2654 2940 ⁷
2701 2929 2747 2973 Ω.
2834 2923 3007 2992 γύναι,
3065 2919 3259 2993 μεγάλη
3331 2939 3424 2971 σου
3483 2920 3509 2976 ὁ
3586 2921 3777 2982 πίστις,
3841 2933 3983 2984 γενη-

2414 3013 2551 3069 θήτω
2612 3030 2694 3063 σοι
2746 3013 2812 3071 ὡς
2870 3009 3041 3070 θελεις.
3125 3011 3254 3062 Πότε
3309 3004 3386 3072 δὲ,
3446 3010 3688 3078 σημαίνει
3719 3001 3990 3077 Ῑπαράκλη·

2413 3119 2515 3165 σιν,
2575 3101 2644 3160 ὡς
2691 3102 2769 3150 τὸ·
2813 3098 3138 3171 Ἀποκριθεὶς
3205 3093 3264 3150 δε
3326 3097 3352 3148 ό
3409 3099 3600 3168 Πέτρος
3649 3091 3784 3146 εἶπεν
3845 3090 3997 3160 αὐτῷ.

2409 3187 2432 3261 [
2498 3189 2700 3260 Φράσον
2803 3185 2916 3258 (52)
3012 3187 3136 3258 ἡμῖν
3219 3190 3311 3244 τήν
3392 3181 3692 3257 παραϐολήν
3791 3182 3994 3236 ταύτην·

2413 3279 2538 3329 Ποτέ
2586 3272 2663 3341 δε,
2723 3278 2957 3348 περιττόν
3026 3276 3274 3326 τέθειται·
3336 3274 3404 3333 ὡς
3455 3275 3541 3324 τό·
3607 3266 4006 3344 Ἀποκριθείςό

2411 3369 2598 3437 Πέτρος
2655 3361 2789 3417 εἶπεν
2852 3362 3072 3434 αὐτῷ’]
3143 3361 3203 3414 Εἰ
3271 3363 3456 3421 πάντες
3529 3354 4009 3414 σκανδαλισθήσον-

2949 3449 3047 3522 ὶγὼ
3124 3447 3182 3503 δὲ
3273 3445 3519 3501 οὐδέποτε
3622 3442 4010 3500 σκανδαλισθή-

2868 2832 3053 2885 αὐτ-ὤν’

2409 3473 2497 3505 ται
2597 3451 2644 3504 ἓν
2741 3456 2844 3518 σοὶ,

2413 3556 2592 3614 σομαιο
2655 3545 2744 3592 καὶ
2782 3543 2882 3612 γὰρ
2924 3541 2948 3591 ό
2989 3540 3200 3614 Μάρκος
3246 3537 3491 3610 παρέλιπε
3534 3538 3614 3602 τό,
3660 3534 4008 3607 Ἀποκριθεὶς,

2410 3635 2500 3682 καὶ
2568 3626 2720 3682 εἶπεν·
2787 3629 2846 3681 Ὀ
2891 3625 2949 3681 δὲ
3018 3631 3206 3700 Πέτρος
3265 3629 3354 3697 ἔφη
3419 3625 3581 3695 αὐτῷ·
3631 3625 3744 3676 ἔστι
3825 3619 3876 3675 δ’
3929 3621 4012 3672 ὅτε

2413 3715 2568 3777 δηλοί
2617 3723 2705 3770 καὶ
2735 3722 2828 3775 τὴν
2875 3715 3125 3792 ἕρώτησιν
3180 3719 3244 3775 ὡς
3287 3719 3363 3766 τό’
3413 3713 3694 3786 ’Δπεκρίθη
3749 3708 4009 3772 αὑτοῖς,ὁ

2412 3809 2633 3869 Ἰησοῦςο
2717 3806 2826 3859 Οὐκ
2928 3804 3024 3876 ίγὼ
3095 3806 3231 3877 ἡμᾶς
3301 3806 3422 3864 τοὺς
3505 3797 3714 3854 δώδεκα
3786 3798 4012 3864 ἐξελεξά-

2412 3917 2535 3971 μην.

2481 4161 2884 4234 Ἐξομολόγησιν
2935 4157 2992 4213 δὲ
3034 4167 3142 4225 νῦν,
3188 4163 3281 4217 τήν
3312 4157 3656 4230 εὐχαριστίαν
3703 4154 3872 4227 λέγει’
3919 4156 4012 4208 Καὶ

2415 4255 2600 4323 σοφοὺς
2657 4253 2765 4323 μὲν,
2806 4255 2895 4302 καὶ
2955 4253 3215 4314 συνετοὺς,
3256 4251 3375 4309 τοὺς
3419 4247 3548 4298 οὕτω
3608 4241 3902 4307 δοκοῦντας
3949 4251 4013 4296 τῶ

2411 4339 2537 4409 λαῷ.
2591 4344 2925 4414 Γραμματέας
2971 4348 3059 4390 καὶ
3104 4342 3446 4412 Φαρισαίους·
3502 4339 3719 4394 νηπίους
3773 4330 3859 4400 δὲ,
3903 4335 4010 4390 τοὺς

3425 4429 3509 4476 καὶ
3578 4421 3739 4480 ἁπόνη
3745 4440 3772 4496 ρ
3781 4441 3862 4490 ον,
3927 4423 4008 4471 καὶ

2413 4428 2747 4493 ἀποστόλους,
2830 4425 2922 4480 διὰ
2977 4430 3035 4478 τό
3124 4428 3337 4494 ἄκακον,

651 4503 793 4561 tiam
823 4521 892 4560 ac
919 4505 1334 4564 sinceritatem.
1360 4511 1584 4567 Gratias
1615 4510 1719 4566 tibi
1741 4526 1876 4581 ago,
1902 4513 2106 4587 inquit,
2136 4516 2302 4587 quod

2413 4518 2601 4591 ἀφελές.
2669 4518 2987 4591 Εὑχαριστῶ
3056 4535 3159 4581 σοι,
3220 4519 3396 4587 φησὶν,
3454 4517 3532 4565 ὄτι
3586 4508 3896 4583 ἀπέκρυψας
3947 4508 4006 4559 τὰ

651 4593 1037 4650 absconderis
1067 4595 1205 4652 fidei
1259 4599 1539 4670 mysteria
1580 4616 1616 4656 a
1661 4602 2028 4672 sapientibus
2061 4608 2116 4660 et
2166 4622 2300 4677 pru-

648 4682 950 4747 dentibus,
981 4683 1084 4742 illa
1115 4700 1472 4756 cognoscere
1506 4689 1842 4746 nolentibus
1876 4709 1888 4748 :
1931 4698 1986 4748 et
2015 4695 2298 4751 revelaris

648 4788 720 4832 ea
749 4773 1037 4845 parvulis,
1060 4773 1189 4831 laeto
1208 4776 1547 4850 animoipsa
1561 4780 2041 4852 suscipientibus.
2066 4781 2297 4840 Gratias

650 4868 851 4921 autem
866 4878 1051 4935 agens
1068 4863 1242 4932 Patri,
1267 4867 1699 4926 demonstravit
1715 4887 1775 4927 se
1793 4870 2001 4927 Filium
2018 4872 2147 4943 ejus
2165 4888 2297 4931 esse

722 5041 771 5076 ⁸³
802 5043 998 5097 Matth.
1031 5058 1148 5108 xvx,
1188 5049 1269 5100 16.

1382 5047 1430 5082 ⁵⁴
1458 5047 1663 5104 Matth.
1707 5064 1801 5113 xv,
1843 5053 1932 5116 27,
1976 5050 2064 5107 28.

663 5110 712 5147 ⁵⁸
743 5113 908 5168 Joan.
945 5128 1019 5180 γι,
1056 5119 1149 5170 70.

2173 5054 2220 5089 ⁵⁵
2251 5052 2448 5110 Matth.
2490 5066 2590 5116 xv,
2620 5052 2714 5107 15.

2408 4617 2499 4668 τῆς
2574 4611 2798 4668 πίστεως
2869 4609 3138 4679 μυστήρια
3223 4602 3323 4655 ἀπὸ
3389 4609 3556 4674 σοφῶν
3613 4603 3704 4652 καὶ
3763 4604 3994 4658 συνετῶν,

2409 4702 2480 4770 μὴ
2561 4695 2882 4753 θελησάντων
2944 4692 3219 4766 ἐπιγνῶναι
3273 4697 3460 4760 ταῦτα,
3515 4693 3604 4741 καὶ
3672 4682 3994 4752 ἀπεκάλυψας

2408 4786 2542 4839 αὐτὰ
2614 4787 2840 4852 νηπίοις,
2907 4789 3013 4844 τοίς
3066 4777 3509 4855 παραδεξαμένοις
3594 4775 3752 4840 αὐτά,
3819 4771 3997 4844 Εὐχα-

2406 4877 2666 4951 ριστήσας
2739 4875 2828 4944 μεν
2908 4866 2996 4923 οὖν
3065 4878 3136 4942 τῷ
3205 4873 3391 4942 Πατρὶ,
3465 4866 3584 4939 (53)
3632 4861 3853 4932 ἔδειξεν,
3931 4860 4013 4912 ὅτι

2833 5051 2881 5086 ⁸⁶
2906 5048 3084 5106 Matth
3106 5063 3265 5116 xxvx,
3289 5046 3376 5103 33.
3487 5043 3536 5080 ⁸⁷
3571 5045 3750 5100 Marc.
3793 5055 3914 5106 xxv,
3949 5039 4009 5093 29

1866 5192 2092 5261 Varia:
2123 5193 2451 5264 lectiones
2480 5202 2548 5262 et
2576 5201 2782 5262 notae.

727 5374 843 5448 (52)
868 5376 1101 5434 Inclusa
1130 5379 1185 5434 in
1217 5382 1486 5451 margine
1524 5385 1705 5442 habet
1735 5388 1790 5442 Β.

727 5515 1221 5602 (e)Suntautem,
1253 5526 1360 5602 etc.
1409 5525 2032 5602 Signiﬁcantissimum
2080 5536 2303 5602 autem,

655 5600 846 5664 nsque
899 5590 978 5647 ad
1020 5591 1237 5650 calum
1289 5599 1342 5652 et
1392 5590 1581 5672 usque
1633 5599 1712 5654 ad
1762 5599 2051 5658 infernos.
2111 5590 2306 5677 Siqui;

2491 5391 2600 5462 (53)
2642 5385 2906 5453 ἀπέδειξεν
2920 5433 2932 5445 .
2972 5395 3010 5442 Δ
3026 5430 3038 5444 .

2415 5461 2577 5532 dem,
2603 5469 2716 5518 etc.

2405 5640 2410 5642 -
2483 5603 2568 5679 (ά)
2610 5605 2679 5663 Ut
2691 5603 3166 5678 capite—hujus.
3181 5601 3315 5658 Hinc
3326 5598 3388 5658 in
3399 5597 3548 5656 meis
3563 5591 3744 5654 codd.
3767 5591 3970 5651 absun
