4206 6310
250 262 358 322 ’361
1268 264 1638 322 COMMENT.
1690 265 1757 320 IN
1798 261 2238 319 MATTH/EUM.
2280 298 2347 306 -—
2386 266 2544 325 CAP.
2598 268 2719 322 XX.
3528 269 3632 323 362

270 395 389 453 υἱός
442 392 581 443 ἐστιν
622 391 797 456 αὐτοῦ,
845 397 932 442 καὶ
990 395 1111 467 παρ’
1150 392 1335 444 ἐκείνου
1378 391 1710 444 ἀπέσταλται·
1744 390 1868 463 ὑπὲρ
1904 391 1931 443 Α

1980 388 2055 443 ab
2102 388 2200 445 illo
2266 391 2540 445 missum.
2590 391 2719 460 Egit
2783 404 2924 461 ergo
2976 391 3194 463 gratias
3263 393 3630 448 credentium

269 490 372 533 τῶν
412 482 803 532 πιστευσάντων
828 477 886 532 δὲ
908 487 1031 538 ποιὴ
1044 502 1134 541 σας
1165 485 1256 539 τὴν
1279 481 1644 552 εὐχαριστίαν,
1679 477 1871 537 ἐδήλω-

1977 479 2240 543 nomine,
2275 478 2618 549 signiﬁcans
2666 496 2846 551 quem
2878 496 3019 550 erga
3068 480 3343 537 homines
3389 482 3632 539 haberet

276 589 381 633 σεν,
426 570 539 620 οἷαν
595 567 795 638 ἀγάπην
847 571 958 639 ἔχει
1003 576 1120 642 περὶ
1177 570 1383 629 αὐτούς.
1448 572 1654 626 Ταύτην
1696 566 1868 625 δὲτὴν

1979 581 2268 622 amorem.
2302 567 2468 623 Hanc
2494 573 2679 624 autem
2715 568 3040 638 gratiarum
3061 570 3357 627 actionem
3385 574 3503 627 Deo
3528 570 3632 626 ob-

272 659 624 729 εὐχαριστίαν
646 662 950 729 προσήγαγε
989 666 1061 727 τῷ
1089 665 1221 727 Θεῷ,
1250 662 1336 709 καὶ
1359 659 1483 730 ὑπὲρ
1510 666 1607 709 τῶν
1646 654 1868 729 ἑϐδομή-

1978 655 2295 711 tulitetiam
2311 673 2413 729 pro
2433 658 2805 729 septuaginta
2817 676 2967 730 quos
2979 660 3272 725 emiserat,
3288 660 3533 733 quando
3552 659 3630 716 ad

266 765 424 797 κοντα
451 744 778 809 ἀποστόλων,
808 747 889 797 ὅτε
908 745 1234 819 ὑπέστρεψαν
1249 749 1375 818 πρός
1393 746 1566 811 αὑτὸν,
1584 748 1653 807 ὡς
1674 749 1871 819 εἴρηκεν

1500 748 1653 811 όν,ὡ;
1674 749 1871 819 εἴρηκεν
1979 758 2116 799 eum
2146 746 2365 801 reversi
2397 751 2557 813 sunt,
2595 747 2748 802 sicut
2778 748 2924 804 dixit
2956 751 3161 805 Lucas.

264 836 289 885 6
316 840 554 894 Λουκᾶς.

329 927 437 974 Ναὶ
468 924 494 972 ό
546 925 729 993 Πατὴρ
764 953 823 961 ——
848 924 1135 996 ἔμπροσθέν
1170 940 1283 975 σου.
1311 927 1416 974 Ναί
1439 926 1738 995 εὐχαριστῶ
1765 941 1868 987 σοι,

2050 920 2210 976 Vers.
2269 924 2357 977 26.
2413 925 2623 996 Utique
2646 925 2822 981 Pater
2869 956 2937 967 —
2965 926 3122 997 apud
3141 934 3218 983 te.
3252 928 3461 1000 Utique
3492 944 3627 998 gra-

257 1009 297 1062 ὦ
328 1014 534 1083 Πάτερ,
575 1008 715 1062 διότι
747 1011 903 1070 οὕτως
932 1010 1124 1081 ἐγένετο
1157 1006 1390 1077 εὐδοκία,
1420 1014 1599 1081 ἤγουν,
1630 1010 1873 1083 ἀρέσκεια

1981 1008 2089 1063 tias
2112 1010 2215 1064 tibi
2240 1026 2375 1082 ago,
2408 1016 2591 1077 Pater,
2615 1014 2757 1085 quia
2778 1016 2860 1069 ita
2882 1014 3477 1081 fuitbonavoluntas,
3511 1018 3628 1072 sive

256 1098 479 1150 immo,
514 1119 639 1167 σου,
693 1104 929 1151 τουτέστι
970 1100 1108 1169 (54),
1166 1096 1305 1150 διότι
1344 1103 1501 1158 οὕτως
1542 1095 1866 1168 ηὖδόκησας,

1978 1096 2411 1169 beneplacitum
2441 1118 2643 1157 coram
2671 1108 2744 1165 te,
2775 1103 2886 1158 hoc
2917 1107 3024 1165 est,
3056 1105 3201 1173 quia
3230 1104 3309 1159 ita
3335 1105 3485 1158 bene
3509 1104 3630 1175 pla-

262 1187 638 1261 ἀποκρυϐἡναι
664 1192 754 1258 μεν
794 1196 958 1239 ταῦτα
989 1186 1088 1237 ἀπό
1120 1196 1218 1238 τῶν
1251 1187 1671 1259 ἀποσεισαμένων
1716 1187 1868 1251 αὐτὰ,

1980 1186 2100 1240 cuit
2129 1187 2253 1255 tibi,
2280 1194 2341 1244 ut
2372 1190 2497 1245 haec
2524 1190 2831 1262 repelleres
2862 1192 2939 1247 ab
2970 1193 3038 1246 iis
3067 1192 3209 1263 quia
3239 1208 3309 1247 ea
3338 1192 3630 1263 repellunt

264 1278 329 1336 ὡς
362 1276 608 1338 ἀναξίων,
640 1274 1067 1347 ἀποκαλυφθῆναι
1099 1272 1156 1327 δὲ
1186 1284 1350 1327 ταῦτα
1380 1284 1489 1335 ταῖς
1515 1278 1873 1347 προσιεμένοις

1980 1277 2267 1346 tanquam
2310 1279 2590 1349 indignis,
2634 1281 2925 1335 revelares
2957 1286 3142 1336 autem
3196 1298 3266 1337 ea
3294 1280 3386 1335 his
3424 1280 3527 1352 qui
3554 1280 3631 1335 ad

268 1366 421 1427 αὐτὰ,
453 1368 520 1426 ὡς
549 1364 736 1426 ἀξίοις.
772 1369 976 1416 Δίκαιον
1006 1366 1106 1437 γὰρ
1137 1370 1288 1416 τοῦτό
1338 1364 1494 1419 ἐστιν.
1547 1370 1657 1416 Ἵνα
1686 1359 1745 1415 δὲ
1774 1366 1868 1435 μὴ,

1979 1363 2081 1418 illa
2111 1366 2402 1421 accedunt
2443 1373 2732 1440 tanquam
2766 1370 2963 1440 dignis
2994 1388 3006 1424 :
3038 1369 3214 1441 idque
3241 1371 3479 1442 justum
3520 1373 3626 1424 est.

268 1453 368 1505 ἀπὸ
399 1461 492 1505 τοῦ
520 1453 919 1527 εὖχαριστῆσαι
946 1460 1015 1522 τῷ
1048 1459 1236 1527 Πᾶτρὶ,
1291 1450 1418 1525 δόξῃ
1448 1460 1550 1513 τοῖς
1583 1451 1871 1524 ἀνθρώποις

1979 1454 2057 1506 Ne
2089 1457 2291 1509 tamen
2315 1455 2467 1512 Patri
2502 1458 2722 1527 gratias
2755 1474 2961 1529 agens,
2992 1458 3260 1514 videatur
3288 1457 3631 1514 hominibus

267 1541 641 1614 ἀσθενέστερος
671 1540 852 1606 αὐτοῦ,
874 1546 963 1592 καὶ
982 1538 1075 1593 διὰ
1095 1545 1248 1594 τόῡτο
1270 1549 1361 1603 τῆς
1385 1548 1649 1613 Πατρικῆς
1672 1542 1871 1611 φύσεως

1981 1540 2181 1596 minus
2238 1543 2337 1599 illo
2382 1549 2611 1617 potens,
2654 1548 2768 1601 eta
2804 1550 3020 1602 natura
3080 1548 3328 1603 Paterna
3378 1546 3629 1610 alienus,

270 1630 530 1703 ἀλλότριος
571 1634 724 1701 φησί·

510 1650 530 1689 ς
571 1634 724 1701 φήσί·
1979 1628 2127 1689 dixit
2160 1651 2170 1689 :

345 1719 518 1771 Πάντα
547 1749 619 1759 ——
659 1738 778 1789 μου·
814 1719 1009 1787 Πάντα,
1038 1721 1101 1769 τὰ
1132 1726 1222 1769 τοῦ
1257 1720 1457 1791 Πατρός
1488 1714 1740 1775 δηλονότι.
1768 1719 1868 1769 Καὶ
1909 1714 1948 1766 Β

2049 1728 2218 1779 Vers.
2258 1724 2346 1777 27.
2391 1722 2604 1778 Omnia
2638 1756 2701 1763 —-
2747 1738 2896 1779 mea.
2937 1722 3150 1779 Omnia
3194 1723 3459 1779 videlicet
3496 1738 3631 1794 quae

274 1806 507 1877 ἀλλαχοῦ
536 1810 641 1879 γάρ
684 1824 831 1877 φησι·
867 1808 1059 1873 Πάντα,
1106 1808 1204 1857 ὅσα
1229 1810 1341 1876 ἔχει
1368 1808 1392 1857 6
1425 1812 1625 1879 Πατὴρ,
1664 1806 1759 1877 ἐμα
1786 1803 1869 1855 ἐσ-

1979 1814 2160 1869 Patris
2186 1815 2341 1866 sunt.
2361 1811 2667 1883 Siquidem
2694 1813 2871 1867 etiam
2898 1811 3035 1867 alibi
3060 1812 3197 1866 dicit
3231 1828 3241 1866 :
3275 1812 3483 1867 Omnia
3502 1826 3632 1881 quae

273 1915 371 1960 τιν,
406 1898 503 1948 Εὰν
544 1892 605 1947 δὲ
635 1896 797 1947 πάντα
828 1896 967 1963 αὐτῷ
998 1891 1291 1969 παρεδόθη,
1320 1896 1521 1947 πάντων
1553 1896 1655 1966 οἰρα
1686 1896 1871 1965 Κύριός

1976 1902 2151 1957 Pater
2179 1900 2339 1955 habet
2372 1915 2489 1955 mea
2533 1906 2682 1954 sunt.
2714 1902 2759 1935 δ’
2793 1901 2961 1963 Quod
3012 1900 3061 1954 si
3100 1900 3304 1955 omnia
3340 1900 3391 1955 ei
3423 1900 3633 1955 tradita

273 1984 430 2035 ἐστιν·
465 1983 507 2035 εἰ
534 1980 594 2035 δὲ
626 1985 827 2035 πάντων
872 1982 985 2035 ἐστὶ
1020 1990 1229 2056 Κυριος,
1285 1986 1398 2044 ἶσος
1450 1985 1552 2059 οἱρα
1581 1991 1651 2034 τῶ
1704 1986 1869 2055 Πατρί

1979 1995 2137 2056 sunt,
2161 1988 2431 2044 omnium
2446 1990 2647 2060 utique
2662 1989 2947 2043 Dominus
2965 1994 3056 2043 est
3087 2005 3100 2053 ;
3135 1988 3183 2042 si
3206 2003 3348 2043 vero
3362 1988 3633 2043 omnium

273 2071 401 2125 ἐστι.
1976 2078 2265 2135 Dominus
2295 2081 2398 2143 est,
2441 2076 2686 2147 aequalis
2708 2080 2860 2132 certe
2900 2080 2991 2133 est
3031 2077 3202 2131 Patri.

340 2165 408 2213 T6
459 2157 516 2213 δὲ
552 2157 855 2235 Παρεδόθη,
915 2162 1200 2234 Θεοπρεπῶς
1257 2162 1467 2229 νόησον,
1521 2158 1625 2231 οὐχ
1677 2160 1753 2210 ὅτι
1801 2164 1867 2231 μὴ

2048 2167 2113 2222 Id
2145 2170 2342 2222 autem
2376 2187 2387 2217 :
2420 2165 2661 2221 Tradita
2689 2173 2845 2230 sunt,
2876 2166 3247 2238 proutDeum
3273 2164 3443 2221 decet
3471 2164 3635 2220 intel-

268 2253 407 2321 ἕχων
455 2257 631 2302 ταῦτα
685 2253 952 2323 πρότερον,
1002 2248 1285 2321 παρελαϐεν
1317 2249 1550 2321 ὕστερον
1590 2244 1738 2298 οὐδὲν
1767 2250 1867 2320 γάρ

1976 2256 2113 2327 lige,
2135 2270 2255 2311 non
2277 2254 2440 2326 quod
2464 2255 2725 2326 primum
2757 2270 2830 2310 ea
2855 2270 2974 2310 non
2998 2254 3223 2310 habens
3246 2253 3634 2326 postmodum

263 2337 402 2390 ἐστιν
429 2338 593 2390 αὑτοῦ
628 2343 1043 2412 προγενέστερον,
1094 2334 1216 2389 οὐδὲ
1248 2337 1402 2397 αὑτός
1450 2338 1476 2388 ό
1526 2340 1728 2410 Πατὴρ,
1763 2335 1869 2387 ἀλλ’

1978 2344 2304 2415 acceperit:
2338 2343 2483 2398 nihil
2510 2344 2667 2398 enim
2692 2343 2858 2398 illum
2890 2344 3211 2416 praecessit,
3246 2358 3320 2397 ne
3353 2343 3479 2414 ipse
3508 2342 3636 2414 qui-

261 2426 369 2499 ἇμα
400 2431 587 2499 Πατὴρ
650 2431 739 2478 καὶ
800 2426 909 2498 οἶμα
948 2428 1081 2492 Υἱός,
1132 2430 1221 2477 καὶ
1268 2425 1377 2497 ἅμα
1418 2428 1620 2476 πάντων
1663 2427 1869 2497 Κύριοι⁸

1977 2433 2117 2489 dem
2149 2434 2339 2498 Pater,
2366 2432 2468 2485 sed
2502 2432 2677 2486 simul
2709 2435 2874 2487 Pater
2905 2435 2961 2486 et
2990 2431 3166 2485 simul
3200 2430 3395 2492 Filius,
3427 2429 3632 2484 simul-

266 2511 367 2564 ἀλλ’
411 2517 592 2566 εἴωθεν
637 2515 978 2587 οἰκονομικῶς
1016 2513 1177 2585 λέγειν
1220 2521 1437 2565 τοιοῡτα
1474 2513 1765 2583 πολλαχοῦ,
1794 2533 1870 2564 τι-

1979 2538 2094 2595 que
2139 2522 2411 2576 omnium
2446 2520 2750 2575 Dominus.
2796 2523 3008 2575 Verum
3041 2520 3348 2575 consuevit
3386 2520 3633 2589 dispen-

262 2608 366 2672 μῶν
396 2605 478 2653 τόν
512 2608 758 2677 Πατέρα,
791 2608 879 2655 καὶ
915 2606 1105 2659 ταύτην
1145 2602 1230 2654 ἐπὶ
1260 2611 1358 2653 τῶν
1388 2622 1629 2654 τοιουτων
1658 2606 1747 2672 ἔχε
1778 2606 1869 2659 τὴν

1980 2610 2194 2666 satorie
2219 2610 2345 2665 haec
2373 2609 2579 2679 sacpius
2603 2608 2815 2675 dicere,
2856 2608 3088 2663 Patrem
3113 2608 3436 2664 honarans.
3474 2610 3634 2662 Hanc

261 2690 423 2743 λύσιν.
1980 2715 2122 2769 ergo
2152 2698 2214 2753 in
2241 2698 2530 2753 similibus
2555 2698 2771 2753 habeto
2805 2697 3183 2753 solutionem.

328 2784 520 2831 Καί-
585 2780 628 2832 εἰ
677 2786 747 2852 μή
799 2782 823 2831 6
855 2782 993 2840 Υἱός.
1048 2780 1377 2851 Ἐπίγνωαιν,
1433 2779 1489 2831 οὐ
1556 2784 1643 2837 τὴν
1699 2778 1872 2839 ἁπλῶς

259 2873 434 2938 φησιν,
479 2867 631 2920 ἀλλὰ
680 2873 769 2926 τὴν
814 2872 948 2919 κατά
992 2871 1144 2939 φύσιν
1200 2868 1386 2919 αὐτῶν.
1449 2866 1572 2919 Ὀτι
1626 2871 1715 2939 μὲν
1772 2869 1872 2940 γάρ

2055 2878 2213 2930 Vers.
2246 2876 2331 2927 2‘7.
2375 2874 2449 2928 Et
2511 2904 2580 2912 --
2636 2872 2749 2928 nisi
2775 2872 2986 2928 Filius.
3044 2873 3451 2941 Cognitionem
3498 2872 3638 2928 dicit

263 2955 398 3007 ἐστιν
478 2959 616 3017 Υἱός
674 2962 763 3008 καὶ
832 2962 1033 3030 Πατὴρ,
1111 2956 1511 3027 ἐπι-γινώσκομεν
1568 2960 1752 3015 πάντες
1827 2956 1875 3008 οἱ

1982 2980 2106 3021 non
2136 2964 2467 3032 vulgarem,
2501 2962 2794 3033 sedjuxta
2818 2966 3098 3017 naturam
3126 2964 3423 3034 ipsorum.
3465 2962 3637 3028 Quod

269 3048 627 3106 πιστεύοντές’
681 3049 760 3106 τίς
818 3041 876 3097 δὲ
923 3048 1055 3097 κατὰ
1106 3050 1199 3102 τὴν
1244 3048 1395 3115 φύσιν
1448 3049 1585 3096 ἐστὶν
1647 3046 1672 3096 ό
1740 3046 1930 3123 Υἱός,(

1983 3054 2143 3111 enim
2172 3053 2286 3108 sint
2318 3053 2485 3107 Pater
2511 3056 2567 3107 et
2600 3051 2772 3106 Filius
2802 3052 3227 3120 cognoscimus
3258 3067 3466 3106 omnes
3519 3066 3639 3105 cre-

272 3137 357 3184 καὶ
384 3138 459 3194 τίς
511 3135 549 3184 ὁ
608 3138 809 3205 Πατὴρ,
871 3130 1041 3194 οὐδεὶς
1086 3132 1433 3203 ἐπιγινώσκει.
1504 3136 1647 3204 Λέγει
1708 3134 1874 3203 γάρό

1983 3144 2214 3199 dentes.
2265 3141 2404 3206 Quis
2437 3146 2633 3195 autem
2666 3141 2739 3196 sit
2790 3140 2962 3194 Pater
3003 3140 3176 3210 juxta
3230 3144 3531 3205 naturam,
3586 3143 3641 3195 et

277 3227 489 3282 Λουκᾶς·
559 3217 748 3283 Οὐδεὶς
809 3228 1051 3292 γινώσκει
1109 3226 1184 3281 τίς
1236 3220 1373 3273 ἐστιν
1440 3222 1464 3272 ὁ
1514 3224 1653 3288 Υἱός,
1709 3223 1751 3273 εἰ
1809 3228 1875 3293 μὴ

1983 3233 2119 3304 quis
2174 3230 2353 3285 Filius
2392 3245 2571 3284 nemo
2625 3230 2948 3299 cognoscit.
3007 3229 3150 3283 Dicit
3205 3229 3362 3283 enim
3404 3230 3632 3283 Lucas:

283 3310 307 3357 6
350 3313 516 3383 Πατήρ
588 3328 599 3339 ·
653 3314 742 3362 καὶ
773 3315 853 3371 τίς
903 3309 1041 3361 ἐστιν
1100 3311 1124 3361 6
1176 3313 1376 3383 Πατὴρ,
1433 3310 1475 3361 εἰ
1527 3315 1595 3381 μή
1650 3312 1673 3360 6
1741 3314 1873 3371 Υἱός.

1984 3322 2160 3377 Nemo
2181 3320 2463 3389 cognoscit
2480 3318 2605 3387 quis
2628 3318 2698 3370 sit
2722 3317 2933 3381 Filius,
2953 3317 3069 3371 nisi
3089 3319 3299 3372 Pater:
3329 3323 3382 3372 et
3406 3316 3536 3387 quis
3561 3318 3640 3372 sit

286 3401 437 3448 Τοῦτο
467 3395 523 3450 δὲ
570 3395 703 3451 εἶπεν
747 3400 772 3449 6
828 3402 1076 3473 Χριστός,
1112 3394 1385 3450 διδάσκων
1413 3404 1752 3471 φανερώτερον
1784 3404 1875 3456 τὴν

1984 3412 2187 3476 Pater,
2240 3408 2356 3463 nisi
2382 3408 2573 3462 Filius
2606 3406 2673 3459 ⁶⁰.
2720 3412 2837 3459 Hoc
2861 3420 2998 3473 ergo
3020 3405 3167 3459 dixit
3194 3405 3474 3469 Christus,
3511 3420 3634 3461 ma-

288 3488 405 3557 πρός
439 3490 521 3538 τόν
570 3492 774 3560 Πατέρα
809 3492 1054 3545 ἰσότητα.
1114 3486 1175 3539 Εἰ
1227 3489 1327 3560 γὰρ
1368 3491 1517 3558 μόνοι
1546 3496 1645 3537 τῶν
1674 3490 1876 3539 πάντων

1984 3499 2257 3556 nifestius
2303 3496 2527 3553 docens
2565 3495 2964 3566 aequalitatem
3004 3494 3081 3550 ad
3125 3495 3376 3551 Patrem.
3411 3497 3559 3549 Nam
3592 3493 3639 3547 si

290 3574 405 3629 ἴσην
460 3574 647 3647 ἔχουσι
722 3581 817 3634 τὴν
873 3581 992 3649 περὶ
1047 3575 1274 3634 ἀλλήλων
1326 3583 1541 3647 γνῶσιν,
1604 3578 1712 3627 ἴσοι
1777 3576 1880 3651 ἄρα

1988 3589 2099 3645 soli
2128 3586 2391 3644 omnium
2422 3583 2717 3657 aequalem
2738 3583 2959 3639 habent
2986 3584 3054 3639 de
3074 3599 3133 3639 se
3160 3583 3415 3639 invicem
3443 3582 3615 3653 cogni
3640 3614 3645 3623 -

293 3663 436 3717 εἰσίν.
1986 3679 2232 3746 tionem,
2264 3673 2526 3747 aequales
2548 3674 2749 3744 utique
2776 3678 2933 3728 sunt.

364 3758 459 3804 Καὶ
516 3785 574 3794 -
611 3753 962 3825 ἀποκαλύψαι.
1020 3756 1122 3810 Καὶ
1160 3762 1309 3806 τοῦτο
1364 3759 1456 3812 τήν
1502 3754 1721 3811 ἰσότητα
1774 3750 1878 3807 δεί-

2057 3770 2215 3821 Vers.
2248 3768 2335 3819 27.
2367 3765 2443 3818 Et
2475 3793 2542 3802 —
2564 3761 2835 3817 revelare.
2865 3762 3055 3816 Etiam
3086 3761 3199 3815 hoc
3232 3759 3637 3831 aequalitatem

297 3860 484 3894 κννσιν.
537 3842 597 3893 Εἰ
620 3846 718 3914 γὰρ
749 3842 1099 3895 ἀποκαλύπτει
1159 3846 1247 3915 μεν
1298 3845 1322 3894 6
1379 3848 1583 3915 Πατὴρ,
1619 3846 1685 3904 ὡς
1748 3842 1877 3895 ἀνω-

1985 3855 2225 3911 indicat.
2253 3854 2309 3909 Si
2333 3852 2492 3907 enim
2523 3851 2747 3907 revelat
2778 3852 2942 3904 Pater
2973 3854 3035 3905 ut
3059 3864 3244 3920 supra
3274 3848 3500 3903 dictum
3532 3851 3638 3914 est,

296 3932 416 3992 τέρω
470 3927 771 3995 δεδήλωται,
828 3932 1181 3984 ἀποκαλύπτει
1228 3928 1286 3983 δὲ
1335 3936 1423 3984 καὶ
1483 3934 1507 3983 ὁ
1574 3934 1713 4000 Υἱός,
1769 3935 1877 3983 ἴσοι

1984 3944 2209 4000 revelat
2234 3946 2289 3997 et
2324 3940 2518 4004 Filius,
2552 3938 2814 4010 aequales
2838 3942 2993 3993 certe
3018 3943 3174 3993 sunt.
3209 3935 3518 3991 Revelahit
3540 3952 3644 3991 au-

301 4019 399 4088 οἰρα
441 4019 582 4073 εἰσιν.
626 4022 977 4092 Ἀποκαλύψει
1035 4018 1093 4073 δὲ
1131 4028 1233 4081 τοῖς
1273 4020 1438 4083 ἀξίοις
1468 4026 1560 4077 τήν
1605 4024 1756 4092 φύσιν
1788 4027 1877 4072 τοῦ

1986 4038 2103 4089 tem
2125 4037 2402 4087 naturam
2435 4029 2650 4093 Patris,
2684 4028 2754 4081 iis
2785 4028 2887 4099 qui
2913 4027 3076 4095 digni
3116 4027 3328 4082 fuerint
3357 4025 3416 4081 in
3438 4025 3637 4081 futuro

300 4111 507 4180 Πατρός,
539 4108 585 4160 ἐν
624 4118 691 4180 τῷ
721 4110 953 4182 μέλλοντι
1002 4110 1167 4163 αἰῶνι.
1226 4110 1285 4161 Εἰ
1341 4106 1398 4162 δὲ
1452 4114 1542 4167 τὴν
1584 4112 1738 4181 φύσιν
1785 4117 1876 4161 τοῦ

1986 4120 2222 4177 saeculo.
2280 4118 2449 4184 Quod
2478 4117 2529 4172 si
2570 4116 2751 4171 Patris
2800 4120 3063 4170 naturam
3095 4114 3396 4178 revclabit,
3432 4113 3637 4185 utique

298 4202 488 4271 Πατρός
554 4198 898 4270 ἀποκαλύψει,
956 4201 1155 4259 πάντως
1219 4204 1307 4250 καὶ
1369 4203 1461 4256 τὴν
1515 4198 1717 4264 ἑαυτοῦ,
1785 4203 1874 4250 καὶ

1984 4216 2040 4267 ct
2093 4225 2264 4265 suam
2292 4213 2349 4263 et
2397 4205 2650 4280 Spiritus
2705 4204 2919 4260 sancti.
2980 4207 3104 4260 Una
3134 4204 3290 4258 enim
3319 4208 3373 4258 et
3428 4201 3640 4257 eadem

295 4289 381 4342 τὴν
430 4296 514 4339 τοῦ
560 4288 710 4358 ἁγίου
746 4291 1066 4359 Πνεύματος⁶
1106 4292 1202 4359 μία
1230 4290 1329 4362 γὰρ
1383 4293 1470 4339 καὶ
1672 4289 1700 4345 ἡ
1745 4289 1871 4345 αὐτή

1984 4304 2068 4356 est
2095 4300 2283 4355 trium.
2322 4294 2582 4353 Dicendo
2615 4310 2752 4349 vero
2787 4314 2798 4351 :
2827 4295 3009 4350 Nemo
3060 4294 3367 4364 coqnoscit,
3411 4295 3641 4346 creatu-

293 4372 395 4425 ἐστι
420 4384 513 4427 τῶν
562 4385 735 4451 τριῶν.
770 4376 792 4448 [
822 4376 1174 4446 Ἀποκαλὺψει
1365 4372 1423 4428 δὲ
1453 4378 1572 4427 ὅσον
1604 4375 1869 4448 gmw]
1908 4416 1950 4470 Ο

1982 4406 2080 4445 ras
2111 4386 2459 4459 signiﬁcavit
2492 4402 2503 4439 :
2537 4384 2818 4456 Spiritum
2871 4387 3139 4438 sanctum
3173 4387 3389 4445 autem,
3435 4384 3639 4451 utpote

285 4462 449 4515 Εἰπὼν
501 4461 581 4530 δὲ,
641 4467 722 4517 ότι
775 4461 960 4525 Οὐδεὶς
1026 4464 1375 4536 ἐπιγινώσκει,
1439 4468 1558 4526 τοὺς
1633 4468 1873 4524 κτιστοὺς
1908 4461 1945 4470 ”

1291 4484 1375 4530 εει,
1439 4468 1558 4526 τοὺς
1633 4468 1873 4524 κτιστοὺς
1908 4461 1945 4470 ”
1981 4479 2310 4535 increatum
2344 4490 2463 4532 non
2493 4472 2952 4545 comprehendit.

283 4546 528 4609 ἐδήλωσε.
594 4556 664 4605 Τό
733 4560 942 4625 Πνεῦμα
998 4549 1057 4605 δὲ
1110 4556 1168 4605 τό
1199 4553 1363 4625 ἅγιον,
1417 4556 1480 4613 ὡς
1508 4554 1775 4622 ἅκτιστον,
1814 4553 1871 4604 οὐ

282 4658 478 4712 συμπερ
488 4640 676 4695 ιέλαϐε.

349 4736 446 4781 Καί
475 4727 625 4782 διατί
645 4734 715 4801 μὴ
745 4734 831 4782 καὶ
864 4736 979 4803 περὶ
1016 4733 1200 4783 τούτου
1242 4737 1466 4805 φανερῶς
1489 4734 1657 4805 εἴρηκε
1691 4749 1704 4798 ;
1734 4736 1870 4784 Διότι

2052 4730 2309 4798 thuam
2326 4725 2403 4783 ob
2419 4738 2667 4777 causam
2686 4721 2757 4775 de
2782 4721 2896 4776 hoc
2915 4721 3093 4775 etiam
3118 4718 3493 4774 manifestius
3516 4732 3636 4772 non

283 4820 416 4867 οὔπω
445 4822 627 4892 καιρός
652 4815 710 4875 ἧν
744 4815 963 4880 διδάξαι
1001 4824 1117 4892 περὶ
1147 4820 1320 4871 αὐτοῦ.
1351 4824 1449 4871 Καὶ
1475 4822 1573 4893 γὰρ
1604 4816 1707 4870 ἔδει
1734 4829 1869 4892 πρῶ-

1979 4822 2061 4871 est
2105 4816 2332 4870 locutus
2362 4813 2389 4866 (ἲ
2418 4812 2565 4876 Quia
2613 4810 2878 4865 nondum
2935 4815 3169 4879 tempus
3202 4812 3327 4861 erat
3370 4810 3433 4859 ut
3463 4806 3534 4859 de
3566 4821 3635 4859 eo

285 4921 364 4953 τον
414 4912 505 4965 τὴν
555 4911 673 4979 περὶ
732 4914 822 4958 τοῦ
888 4908 1009 4959 Υἱοῦ
1056 4917 1248 4979 γνῶσιν
1308 4908 1689 4974 ἐνσημανθῆναι
1754 4915 1868 4968 ταῖς

1978 4906 2235 4961 doceret.
2289 4902 2551 4957 Primum
2582 4898 2877 4970 siquidem
2920 4895 3229 4967 oportebat
3276 4893 3403 4947 Filii
3435 4894 3636 4961 cogni-

286 4990 477 5063 ψνχαίς
501 5002 598 5046 τῶν
629 4997 895 5067 μαθητῶν·
928 4996 1037 5048 εἶτα
1066 5000 1242 5049 καὶτὰ
1280 5002 1505 5071 περὶτοῦ
1536 4996 1683 5066 ἁγίου
1718 4999 1869 5047 ῙΙνεύ·

1978 4996 2201 5051 tionem
2232 4990 2532 5049 mentibus
2576 4986 3008 5058 discipulorum
3052 4982 3347 5039 insinuari
3381 5000 3393 5037 :
3428 4982 3635 5038 deinde

287 5100 436 5152 ματος
466 5084 643 5145 αὐτοῖς
667 5085 1116 5158 ἀποκαλυφθῆναι.

1979 5085 2155 5142 etiam
2184 5083 2297 5138 illis
2326 5096 2397 5136 ea
2440 5077 2706 5139 revelari,
2758 5090 2894 5147 quae
2944 5078 3081 5129 sunt
3141 5073 3390 5145 Spiritus
3448 5077 3640 5132 sancti

356 5180 398 5215 ⁵³
426 5183 593 5239 Joan.
627 5198 745 5249 xvi,
780 5184 868 5241 15.
982 5186 1028 5221 ⁸ο
1062 5186 1195 5240 Luc.
1227 5200 1285 5249 χ,
1313 5183 1401 5237 22.

1485 5284 1712 5353 Variae
1743 5286 2066 5356 lectiones
2104 5290 2169 5349 et
2198 5289 2399 5348 notae.

383 5432 466 5504 54)
485 5435 743 5504 τουτέστι,
776 5430 995 5489 omittit
1026 5432 1094 5504 Α.
1215 5502 1223 5504 _
1571 5502 1580 5504 _
1703 5502 1717 5504 _
1745 5501 1782 5504 __
1810 5502 1844 5504 υ
2055 5426 2170 5502 (56)
2192 5422 2689 5504 Inc-lusauterque
2712 5414 2895 5473 codex
2919 5414 2980 5472 in
2998 5412 3267 5485 margine
3288 5412 3486 5471 habet.
3510 5414 3638 5469 Non

362 5428 445 5576 ξδᾶ
485 5435 743 5504 τουτέστι,
776 5430 995 5489 omittit
1026 5432 1094 5487 A.
2055 5428 2170 5502 (56)
2192 5428 2427 5507 Inclusa
2441 5428 2628 5501 uterqi

382 5434 467 5580 55;
499 5510 607 5578 καί,
621 5504 786 5579 quod
804 5502 1126 5561 Hentenius
1154 5502 1329 5561 etiam
1345 5501 1870 5575 agnoscit,addidi.
1987 5502 2249 5575 agnoscit
2282 5494 2628 5555 Hentemus.

564 5606 813 5662 PATROL.
899 5600 1131 5658 CXXIX
1144 5646 1157 5660 .
3246 5582 3312 5635 τί).
