  <div class='ocr_page' id='page_1' title='image "/cluster/home/n/w/nwhite01/storage/ocr_20150623/129/mdp.39015061528470/191.png"; bbox 0 0 4206 6310; ppageno 0'>
   <div class='ocr_carea' id='block_1_1' title="bbox 553 158 657 214">
    <p class='ocr_par' dir='ltr' id='par_1_1' title="bbox 553 158 657 214">
     <span class='ocr_line' id='line_1_1' title="bbox 553 158 657 214; baseline 0.01 -1"><span class='ocrx_word' id='word_1_1' title='bbox 553 158 657 214; x_wconf 84' lang='grc'><strong>363</strong></span> 
     </span>
    </p>
   </div>
   <div class='ocr_carea' id='block_1_2' title="bbox 556 361 2206 444">
    <p class='ocr_par' dir='ltr' id='par_1_2' title="bbox 556 361 2206 444">
     <span class='ocr_line' id='line_1_2' title="bbox 556 361 2206 444; baseline -0.008 -17"><span class='ocrx_word' id='word_1_2' title='bbox 556 371 798 444; x_wconf 85' lang='lat' dir='ltr'><strong>peccati,</strong></span> <span class='ocrx_word' id='word_1_3' title='bbox 832 373 888 424; x_wconf 86' lang='lat' dir='ltr'><strong>et</strong></span> <span class='ocrx_word' id='word_1_4' title='bbox 913 367 1043 438; x_wconf 87' lang='lat' dir='ltr'><strong>ejus</strong></span> <span class='ocrx_word' id='word_1_5' title='bbox 1084 365 1350 438; x_wconf 89' lang='lat' dir='ltr'><strong>pondere</strong></span> <span class='ocrx_word' id='word_1_6' title='bbox 1391 362 1615 419; x_wconf 79' lang='lat' dir='ltr'><strong>onerati</strong></span> <span class='ocrx_word' id='word_1_7' title='bbox 1646 363 1805 418; x_wconf 81' lang='lat' dir='ltr'><strong>estis.</strong></span> <span class='ocrx_word' id='word_1_8' title='bbox 1837 361 2011 416; x_wconf 88' lang='lat' dir='ltr'><strong>Vides</strong></span> <span class='ocrx_word' id='word_1_9' title='bbox 2060 374 2206 431; x_wconf 92' lang='lat' dir='ltr'><strong>quo-</strong></span> 
     </span>
    </p>
   </div>
   <div class='ocr_carea' id='block_1_3' title="bbox 556 447 2205 524">
    <p class='ocr_par' dir='ltr' id='par_1_3' title="bbox 556 447 2205 524">
     <span class='ocr_line' id='line_1_3' title="bbox 556 447 2205 524; baseline -0.01 -8"><span class='ocrx_word' id='word_1_10' title='bbox 556 459 742 516; x_wconf 90' lang='lat' dir='ltr'><strong>modo</strong></span> <span class='ocrx_word' id='word_1_11' title='bbox 772 454 1095 512; x_wconf 90' lang='lat' dir='ltr'><strong>ostenderit</strong></span> <span class='ocrx_word' id='word_1_12' title='bbox 1146 456 1482 524; x_wconf 89' lang='lat' dir='ltr'><strong>peccatum,</strong></span> <span class='ocrx_word' id='word_1_13' title='bbox 1508 455 1566 506; x_wconf 89' lang='lat' dir='ltr'><strong>et</strong></span> <span class='ocrx_word' id='word_1_14' title='bbox 1595 450 1862 506; x_wconf 84' lang='lat' dir='ltr'><strong>laborem</strong></span> <span class='ocrx_word' id='word_1_15' title='bbox 1892 454 1946 505; x_wconf 92' lang='lat' dir='ltr'><strong>et</strong></span> <span class='ocrx_word' id='word_1_16' title='bbox 1972 447 2205 518; x_wconf 91' lang='lat' dir='ltr'><strong>pondus</strong></span> 
     </span>
    </p>
   </div>
   <div class='ocr_carea' id='block_1_4' title="bbox 553 536 2201 611">
    <p class='ocr_par' dir='ltr' id='par_1_4' title="bbox 553 536 2201 611">
     <span class='ocr_line' id='line_1_4' title="bbox 553 536 2201 611; baseline -0.008 -7"><span class='ocrx_word' id='word_1_17' title='bbox 553 548 777 605; x_wconf 87' lang='lat' dir='ltr'><strong>habere</strong></span> <span class='ocrx_word' id='word_1_18' title='bbox 789 548 816 603; x_wconf 73' lang='lat'><strong>7</strong></span> <span class='ocrx_word' id='word_1_19' title='bbox 833 549 979 602; x_wconf 87' lang='lat' dir='ltr'><strong>Nam</strong></span> <span class='ocrx_word' id='word_1_20' title='bbox 993 542 1263 600; x_wconf 81' lang='lat' dir='ltr'><strong>laborem</strong></span> <span class='ocrx_word' id='word_1_21' title='bbox 1276 539 1458 597; x_wconf 85' lang='lat' dir='ltr'><strong>habet</strong></span> <span class='ocrx_word' id='word_1_22' title='bbox 1471 539 1821 611; x_wconf 87' lang='lat' dir='ltr'><strong>priusquam</strong></span> <span class='ocrx_word' id='word_1_23' title='bbox 1837 536 2201 610; x_wconf 87' lang='lat' dir='ltr'><strong>perﬁciatur;</strong></span> 
     </span>
    </p>
   </div>
   <div class='ocr_carea' id='block_1_5' title="bbox 553 627 1841 707">
    <p class='ocr_par' dir='ltr' id='par_1_5' title="bbox 553 627 1841 707">
     <span class='ocr_line' id='line_1_5' title="bbox 553 627 1841 707; baseline -0.009 -14"><span class='ocrx_word' id='word_1_24' title='bbox 553 635 736 693; x_wconf 84' lang='lat' dir='ltr'><strong>habet</strong></span> <span class='ocrx_word' id='word_1_25' title='bbox 759 634 998 707; x_wconf 90' lang='lat' dir='ltr'><strong>pondus</strong></span> <span class='ocrx_word' id='word_1_26' title='bbox 1025 635 1343 704; x_wconf 81' lang='lat' dir='ltr'><strong>postquam</strong></span> <span class='ocrx_word' id='word_1_27' title='bbox 1372 627 1700 700; x_wconf 88' lang='lat' dir='ltr'><strong>perfectum</strong></span> <span class='ocrx_word' id='word_1_28' title='bbox 1729 631 1841 682; x_wconf 86' lang='lat' dir='ltr'><strong>est.</strong></span> 
     </span>
    </p>
   </div>
   <div class='ocr_carea' id='block_1_6' title="bbox 628 712 2206 781">
    <p class='ocr_par' dir='ltr' id='par_1_6' title="bbox 628 712 2206 781">
     <span class='ocr_line' id='line_1_6' title="bbox 628 712 2206 781; baseline -0.008 -1"><span class='ocrx_word' id='word_1_29' title='bbox 628 728 822 780; x_wconf 77' lang='lat' dir='ltr'><strong>Potest</strong></span> <span class='ocrx_word' id='word_1_30' title='bbox 875 727 1075 778; x_wconf 86' lang='lat' dir='ltr'><strong>autem</strong></span> <span class='ocrx_word' id='word_1_31' title='bbox 1111 724 1166 774; x_wconf 93' lang='lat' dir='ltr'><strong>et</strong></span> <span class='ocrx_word' id='word_1_32' title='bbox 1194 717 1312 773; x_wconf 88' lang='lat' dir='ltr'><strong>alio</strong></span> <span class='ocrx_word' id='word_1_33' title='bbox 1343 716 1526 772; x_wconf 91' lang='lat' dir='ltr'><strong>modo</strong></span> <span class='ocrx_word' id='word_1_34' title='bbox 1566 715 1685 772; x_wconf 91' lang='lat' dir='ltr'><strong>dici</strong></span> <span class='ocrx_word' id='word_1_35' title='bbox 1719 732 1730 770; x_wconf 93' lang='lat'>:</span> <span class='ocrx_word' id='word_1_36' title='bbox 1766 714 1878 781; x_wconf 87' lang='lat' dir='ltr'><strong>Qui</strong></span> <span class='ocrx_word' id='word_1_37' title='bbox 1919 712 2206 770; x_wconf 84' lang='lat' dir='ltr'><strong>laboratis</strong></span> 
     </span>
    </p>
   </div>
   <div class='ocr_carea' id='block_1_7' title="bbox 555 803 2207 876">
    <p class='ocr_par' dir='ltr' id='par_1_7' title="bbox 555 803 2207 876">
     <span class='ocr_line' id='line_1_7' title="bbox 555 803 2207 876; baseline -0.009 -5"><span class='ocrx_word' id='word_1_38' title='bbox 555 813 634 871; x_wconf 87' lang='lat' dir='ltr'><strong>ad</strong></span> <span class='ocrx_word' id='word_1_39' title='bbox 686 826 865 876; x_wconf 87' lang='lat' dir='ltr'><strong>vana,</strong></span> <span class='ocrx_word' id='word_1_40' title='bbox 907 814 964 866; x_wconf 88' lang='lat' dir='ltr'><strong>et</strong></span> <span class='ocrx_word' id='word_1_41' title='bbox 1011 809 1226 864; x_wconf 90' lang='lat' dir='ltr'><strong>horum</strong></span> <span class='ocrx_word' id='word_1_42' title='bbox 1276 806 1434 860; x_wconf 90' lang='lat' dir='ltr'><strong>curis</strong></span> <span class='ocrx_word' id='word_1_43' title='bbox 1491 805 1714 860; x_wconf 87' lang='lat' dir='ltr'><strong>onerati</strong></span> <span class='ocrx_word' id='word_1_44' title='bbox 1763 803 1922 858; x_wconf 88' lang='lat' dir='ltr'><strong>estis.</strong></span> <span class='ocrx_word' id='word_1_45' title='bbox 1983 804 2050 857; x_wconf 90' lang='lat' dir='ltr'><strong>Et</strong></span> <span class='ocrx_word' id='word_1_46' title='bbox 2095 814 2207 869; x_wconf 89' lang='lat' dir='ltr'><strong>ego</strong></span> 
     </span>
    </p>
   </div>
   <div class='ocr_carea' id='block_1_8' title="bbox 552 889 2206 962">
    <p class='ocr_par' dir='ltr' id='par_1_8' title="bbox 552 889 2206 962">
     <span class='ocr_line' id='line_1_8' title="bbox 552 889 2206 962; baseline -0.009 -3"><span class='ocrx_word' id='word_1_47' title='bbox 552 899 901 960; x_wconf 86' lang='lat' dir='ltr'><strong>refocillabo</strong></span> <span class='ocrx_word' id='word_1_48' title='bbox 948 913 1084 961; x_wconf 89' lang='lat' dir='ltr'><strong>vos,</strong></span> <span class='ocrx_word' id='word_1_49' title='bbox 1117 896 1239 951; x_wconf 87' lang='lat' dir='ltr'><strong>sive</strong></span> <span class='ocrx_word' id='word_1_50' title='bbox 1289 894 1556 950; x_wconf 89' lang='lat' dir='ltr'><strong>liberabo</strong></span> <span class='ocrx_word' id='word_1_51' title='bbox 1604 892 1702 950; x_wconf 90' lang='lat' dir='ltr'><strong>tali</strong></span> <span class='ocrx_word' id='word_1_52' title='bbox 1731 891 1959 960; x_wconf 84' lang='lat' dir='ltr'><strong>labore,</strong></span> <span class='ocrx_word' id='word_1_53' title='bbox 1990 889 2206 962; x_wconf 89' lang='lat' dir='ltr'><strong>talique</strong></span> 
     </span>
    </p>
   </div>
   <div class='ocr_carea' id='block_1_9' title="bbox 556 991 845 1062">
    <p class='ocr_par' dir='ltr' id='par_1_9' title="bbox 556 991 845 1062">
     <span class='ocr_line' id='line_1_9' title="bbox 556 991 845 1062; baseline -0.01 -16"><span class='ocrx_word' id='word_1_54' title='bbox 556 991 845 1062; x_wconf 88' lang='lat' dir='ltr'><strong>pondere.</strong></span> 
     </span>
    </p>
   </div>
   <div class='ocr_carea' id='block_1_10' title="bbox 630 1156 2208 1230">
    <p class='ocr_par' dir='ltr' id='par_1_10' title="bbox 630 1156 2208 1230">
     <span class='ocr_line' id='line_1_10' title="bbox 630 1156 2208 1230; baseline -0.005 -11"><span class='ocrx_word' id='word_1_55' title='bbox 630 1165 799 1220; x_wconf 87' lang='lat' dir='ltr'><strong>Vers.</strong></span> <span class='ocrx_word' id='word_1_56' title='bbox 821 1163 910 1218; x_wconf 69' lang='lat'><strong>29.</strong></span> <span class='ocrx_word' id='word_1_57' title='bbox 951 1161 1164 1217; x_wconf 84' lang='lat' dir='ltr'><strong>Tollite</strong></span> <span class='ocrx_word' id='word_1_58' title='bbox 1185 1190 1250 1202; x_wconf 88' lang='lat'><strong>-—</strong></span> <span class='ocrx_word' id='word_1_59' title='bbox 1273 1175 1392 1216; x_wconf 87' lang='lat' dir='ltr'><strong>vos.</strong></span> <span class='ocrx_word' id='word_1_60' title='bbox 1419 1161 1641 1230; x_wconf 85' lang='lat' dir='ltr'><strong>Ju&#39;gum</strong></span> <span class='ocrx_word' id='word_1_61' title='bbox 1665 1156 2000 1214; x_wconf 86' lang='lat' dir='ltr'><strong>nominavit</strong></span> <span class='ocrx_word' id='word_1_62' title='bbox 2027 1171 2208 1212; x_wconf 87' lang='lat' dir='ltr'><strong>evan-</strong></span> 
     </span>
    </p>
   </div>
   <div class='ocr_carea' id='block_1_11' title="bbox 559 1245 2206 1327">
    <p class='ocr_par' dir='ltr' id='par_1_11' title="bbox 559 1245 2206 1327">
     <span class='ocr_line' id='line_1_11' title="bbox 559 1245 2206 1327; baseline -0.007 -17"><span class='ocrx_word' id='word_1_63' title='bbox 559 1254 750 1327; x_wconf 87' lang='lat' dir='ltr'><strong>gelica</strong></span> <span class='ocrx_word' id='word_1_64' title='bbox 780 1256 1082 1324; x_wconf 80' lang='lat' dir='ltr'><strong>praecepta</strong></span> <span class='ocrx_word' id='word_1_65' title='bbox 1113 1265 1242 1313; x_wconf 91' lang='lat' dir='ltr'><strong>sua,</strong></span> <span class='ocrx_word' id='word_1_66' title='bbox 1275 1249 1435 1319; x_wconf 92' lang='lat' dir='ltr'><strong>quod</strong></span> <span class='ocrx_word' id='word_1_67' title='bbox 1463 1249 1526 1304; x_wconf 89' lang='lat' dir='ltr'><strong>in</strong></span> <span class='ocrx_word' id='word_1_68' title='bbox 1550 1247 1680 1320; x_wconf 86' lang='lat' dir='ltr'><strong>jugi</strong></span> <span class='ocrx_word' id='word_1_69' title='bbox 1711 1245 1962 1303; x_wconf 91' lang='lat' dir='ltr'><strong>modum</strong></span> <span class='ocrx_word' id='word_1_70' title='bbox 2004 1259 2206 1316; x_wconf 89' lang='lat' dir='ltr'><strong>super-</strong></span> 
     </span>
    </p>
   </div>
   <div class='ocr_carea' id='block_1_12' title="bbox 555 1332 2206 1415">
    <p class='ocr_par' dir='ltr' id='par_1_12' title="bbox 555 1332 2206 1415">
     <span class='ocr_line' id='line_1_12' title="bbox 555 1332 2206 1415; baseline -0.007 -17"><span class='ocrx_word' id='word_1_71' title='bbox 555 1346 858 1415; x_wconf 86' lang='lat' dir='ltr'><strong>ponantur</strong></span> <span class='ocrx_word' id='word_1_72' title='bbox 913 1337 1331 1394; x_wconf 84' lang='lat' dir='ltr'><strong>accedentibus</strong></span> <span class='ocrx_word' id='word_1_73' title='bbox 1359 1336 1437 1391; x_wconf 90' lang='lat' dir='ltr'><strong>ad</strong></span> <span class='ocrx_word' id='word_1_74' title='bbox 1466 1352 1537 1392; x_wconf 87' lang='lat' dir='ltr'><strong>ea</strong></span> <span class='ocrx_word' id='word_1_75' title='bbox 1570 1355 1582 1392; x_wconf 93' lang='lat'>:</span> <span class='ocrx_word' id='word_1_76' title='bbox 1618 1340 1675 1392; x_wconf 92' lang='lat' dir='ltr'><strong>et</strong></span> <span class='ocrx_word' id='word_1_77' title='bbox 1713 1335 1878 1406; x_wconf 90' lang='lat' dir='ltr'><strong>ipsos</strong></span> <span class='ocrx_word' id='word_1_78' title='bbox 1927 1332 2206 1402; x_wconf 86' lang='lat' dir='ltr'><strong>colligent</strong></span> 
     </span>
    </p>
   </div>
   <div class='ocr_carea' id='block_1_13' title="bbox 557 1423 1881 1494">
    <p class='ocr_par' dir='ltr' id='par_1_13' title="bbox 557 1423 1881 1494">
     <span class='ocr_line' id='line_1_13' title="bbox 557 1423 1881 1494; baseline -0.006 -7"><span class='ocrx_word' id='word_1_79' title='bbox 557 1430 638 1488; x_wconf 86' lang='lat' dir='ltr'><strong>ad</strong></span> <span class='ocrx_word' id='word_1_80' title='bbox 666 1445 729 1484; x_wconf 90' lang='lat' dir='ltr'><strong>se</strong></span> <span class='ocrx_word' id='word_1_81' title='bbox 758 1427 1036 1492; x_wconf 88' lang='lat' dir='ltr'><strong>invicem,</strong></span> <span class='ocrx_word' id='word_1_82' title='bbox 1065 1431 1120 1481; x_wconf 87' lang='lat' dir='ltr'><strong>et</strong></span> <span class='ocrx_word' id='word_1_83' title='bbox 1151 1425 1229 1480; x_wconf 92' lang='lat' dir='ltr'><strong>ad</strong></span> <span class='ocrx_word' id='word_1_84' title='bbox 1268 1425 1535 1494; x_wconf 84' lang='lat' dir='ltr'><strong>aurigam</strong></span> <span class='ocrx_word' id='word_1_85' title='bbox 1565 1423 1881 1480; x_wconf 83' lang='lat' dir='ltr'><strong>Christum.</strong></span> 
     </span>
    </p>
   </div>
   <div class='ocr_carea' id='block_1_14' title="bbox 628 1511 2204 1573">
    <p class='ocr_par' dir='ltr' id='par_1_14' title="bbox 628 1511 2204 1573">
     <span class='ocr_line' id='line_1_14' title="bbox 628 1511 2204 1573; baseline -0.003 -2"><span class='ocrx_word' id='word_1_86' title='bbox 628 1520 790 1573; x_wconf 91' lang='lat' dir='ltr'><strong>Vers.</strong></span> <span class='ocrx_word' id='word_1_87' title='bbox 845 1519 938 1573; x_wconf 85' lang='lat'><strong>29.</strong></span> <span class='ocrx_word' id='word_1_88' title='bbox 994 1516 1073 1570; x_wconf 90' lang='lat' dir='ltr'><strong>Et</strong></span> <span class='ocrx_word' id='word_1_89' title='bbox 1104 1545 1172 1553; x_wconf 96' lang='lat'>—</span> <span class='ocrx_word' id='word_1_90' title='bbox 1201 1513 1401 1570; x_wconf 79' lang='lat' dir='ltr'><strong>corde.</strong></span> <span class='ocrx_word' id='word_1_91' title='bbox 1449 1513 1748 1569; x_wconf 85' lang='lat' dir='ltr'><strong>Mititatem</strong></span> <span class='ocrx_word' id='word_1_92' title='bbox 1786 1512 1885 1569; x_wconf 92' lang='lat' dir='ltr'><strong>hic</strong></span> <span class='ocrx_word' id='word_1_93' title='bbox 1911 1511 2052 1568; x_wconf 89' lang='lat' dir='ltr'><strong>dicit</strong></span> <span class='ocrx_word' id='word_1_94' title='bbox 2081 1526 2204 1566; x_wconf 90' lang='lat' dir='ltr'><strong>mo-</strong></span> 
     </span>
    </p>
   </div>
   <div class='ocr_carea' id='block_1_15' title="bbox 1851 137 2575 203">
    <p class='ocr_par' dir='ltr' id='par_1_15' title="bbox 1851 137 2575 203">
     <span class='ocr_line' id='line_1_15' title="bbox 1851 137 2575 203; baseline -0.011 -1"><span class='ocrx_word' id='word_1_95' title='bbox 1851 142 2209 203; x_wconf 88' lang='lat' dir='ltr'><strong>EUTHYMII</strong></span> <span class='ocrx_word' id='word_1_96' title='bbox 2251 137 2575 195; x_wconf 80' lang='lat' dir='ltr'><strong>ZIGABENI</strong></span> 
     </span>
    </p>
   </div>
   <div class='ocr_carea' id='block_1_16' title="bbox 626 265 2283 342">
    <p class='ocr_par' dir='ltr' id='par_1_16' title="bbox 626 265 2283 342">
     <span class='ocr_line' id='line_1_16' title="bbox 626 265 2283 342; baseline -0.011 -4"><span class='ocrx_word' id='word_1_97' title='bbox 626 282 792 341; x_wconf 89' lang='lat' dir='ltr'><strong>Vers.</strong></span> <span class='ocrx_word' id='word_1_98' title='bbox 822 280 910 337; x_wconf 84' lang='lat'><strong>28.</strong></span> <span class='ocrx_word' id='word_1_99' title='bbox 952 277 1151 334; x_wconf 82' lang='lat' dir='ltr'><strong>Venite</strong></span> <span class='ocrx_word' id='word_1_100' title='bbox 1194 304 1265 316; x_wconf 95' lang='lat'><strong>—</strong></span> <span class='ocrx_word' id='word_1_101' title='bbox 1315 289 1438 330; x_wconf 86' lang='lat' dir='ltr'><strong>vos.</strong></span> <span class='ocrx_word' id='word_1_102' title='bbox 1472 273 1582 340; x_wconf 87' lang='lat' dir='ltr'><strong>Qui</strong></span> <span class='ocrx_word' id='word_1_103' title='bbox 1610 273 1896 330; x_wconf 88' lang='lat' dir='ltr'><strong>laboratis</strong></span> <span class='ocrx_word' id='word_1_104' title='bbox 1945 272 2007 327; x_wconf 91' lang='lat' dir='ltr'><strong>in</strong></span> <span class='ocrx_word' id='word_1_105' title='bbox 2032 285 2205 342; x_wconf 92' lang='lat' dir='ltr'><strong>opere</strong></span> <span class='ocrx_word' id='word_1_106' title='bbox 2238 265 2283 318; x_wconf 86' lang='lat' dir='ltr'><strong>A</strong></span> 
     </span>
    </p>
   </div>
   <div class='ocr_carea' id='block_1_17' title="bbox 3808 138 3954 198">
    <p class='ocr_par' dir='ltr' id='par_1_17' title="bbox 3808 138 3954 198">
     <span class='ocr_line' id='line_1_17' title="bbox 3808 138 3954 198; baseline 0 -1"><span class='ocrx_word' id='word_1_107' title='bbox 3808 138 3954 198; x_wconf 63' lang='lat'>364</span> 
     </span>
    </p>
   </div>
   <div class='ocr_carea' id='block_1_18' title="bbox 2385 266 3952 340">
    <p class='ocr_par' dir='ltr' id='par_1_18' title="bbox 2385 266 3952 340">
     <span class='ocr_line' id='line_1_18' title="bbox 2385 266 3952 340; baseline 0.002 -23"><span class='ocrx_word' id='word_1_108' title='bbox 2385 271 2534 317; x_wconf 74' lang='grc' dir='ltr'><strong>Δεῦτε</strong></span> <span class='ocrx_word' id='word_1_109' title='bbox 2572 296 2622 305; x_wconf 78' lang='lat'><strong>-</strong></span> <span class='ocrx_word' id='word_1_110' title='bbox 2676 267 2826 337; x_wconf 77' lang='grc' dir='ltr'><strong>ὑμᾶς.</strong></span> <span class='ocrx_word' id='word_1_111' title='bbox 2871 266 2936 318; x_wconf 74' lang='lat' dir='ltr'><strong>OE</strong></span> <span class='ocrx_word' id='word_1_112' title='bbox 2973 275 3252 330; x_wconf 79' lang='grc' dir='ltr'><strong>κοπιῶντες</strong></span> <span class='ocrx_word' id='word_1_113' title='bbox 3287 267 3358 329; x_wconf 86' lang='grc' dir='ltr'><strong>εἰς</strong></span> <span class='ocrx_word' id='word_1_114' title='bbox 3395 272 3489 326; x_wconf 81' lang='grc' dir='ltr'><strong>τὴν</strong></span> <span class='ocrx_word' id='word_1_115' title='bbox 3530 266 3777 340; x_wconf 76' lang='grc' dir='ltr'><strong>ὶργασίαν</strong></span> <span class='ocrx_word' id='word_1_116' title='bbox 3819 275 3952 328; x_wconf 73' lang='grc' dir='ltr'><strong>τῆς</strong></span> 
     </span>
    </p>
   </div>
   <div class='ocr_carea' id='block_1_19' title="bbox 2313 352 3948 431">
    <p class='ocr_par' dir='ltr' id='par_1_19' title="bbox 2313 352 3948 431">
     <span class='ocr_line' id='line_1_19' title="bbox 2313 352 3948 431; baseline 0.004 -27"><span class='ocrx_word' id='word_1_117' title='bbox 2313 352 2593 427; x_wconf 77' lang='grc' dir='ltr'><strong>ἁμαρτίας,</strong></span> <span class='ocrx_word' id='word_1_118' title='bbox 2627 358 2714 406; x_wconf 86' lang='grc' dir='ltr'><strong>καὶ</strong></span> <span class='ocrx_word' id='word_1_119' title='bbox 2745 361 3142 428; x_wconf 78' lang='grc' dir='ltr'><strong>πεφορτισμένοι</strong></span> <span class='ocrx_word' id='word_1_120' title='bbox 3173 365 3242 428; x_wconf 83' lang='grc' dir='ltr'><strong>τῷ</strong></span> <span class='ocrx_word' id='word_1_121' title='bbox 3290 354 3443 430; x_wconf 84' lang='grc' dir='ltr'><strong>βάρει</strong></span> <span class='ocrx_word' id='word_1_122' title='bbox 3468 359 3680 418; x_wconf 83' lang='grc' dir='ltr'><strong>ταύτης.</strong></span> <span class='ocrx_word' id='word_1_123' title='bbox 3732 356 3948 431; x_wconf 81' lang='grc' dir='ltr'><strong>Ὁρᾷς,</strong></span> 
     </span>
    </p>
   </div>
   <div class='ocr_carea' id='block_1_20' title="bbox 2315 438 3948 518">
    <p class='ocr_par' dir='ltr' id='par_1_20' title="bbox 2315 438 3948 518">
     <span class='ocr_line' id='line_1_20' title="bbox 2315 438 3948 518; baseline 0.004 -27"><span class='ocrx_word' id='word_1_124' title='bbox 2315 441 2452 502; x_wconf 87' lang='grc' dir='ltr'><strong>ὅπως</strong></span> <span class='ocrx_word' id='word_1_125' title='bbox 2491 438 2652 503; x_wconf 69' lang='grc' dir='ltr'><strong>ἔδειξε</strong></span> <span class='ocrx_word' id='word_1_126' title='bbox 2682 446 2772 500; x_wconf 81' lang='grc' dir='ltr'><strong>τὴν</strong></span> <span class='ocrx_word' id='word_1_127' title='bbox 2803 443 3060 518; x_wconf 79' lang='grc' dir='ltr'><strong>ἁμαρτίαν</strong></span> <span class='ocrx_word' id='word_1_128' title='bbox 3100 450 3188 497; x_wconf 85' lang='grc' dir='ltr'><strong>καὶ</strong></span> <span class='ocrx_word' id='word_1_129' title='bbox 3224 449 3381 497; x_wconf 81' lang='grc' dir='ltr'>κόπον</span> <span class='ocrx_word' id='word_1_130' title='bbox 3420 451 3508 498; x_wconf 88' lang='grc' dir='ltr'><strong>καὶ</strong></span> <span class='ocrx_word' id='word_1_131' title='bbox 3541 444 3704 518; x_wconf 80' lang='grc' dir='ltr'><strong>βάρος</strong></span> <span class='ocrx_word' id='word_1_132' title='bbox 3753 449 3948 517; x_wconf 79' lang='grc' dir='ltr'><strong>ἔχου-</strong></span> 
     </span>
    </p>
   </div>
   <div class='ocr_carea' id='block_1_21' title="bbox 2317 529 3953 607">
    <p class='ocr_par' dir='ltr' id='par_1_21' title="bbox 2317 529 3953 607">
     <span class='ocr_line' id='line_1_21' title="bbox 2317 529 3953 607; baseline 0.004 -27"><span class='ocrx_word' id='word_1_133' title='bbox 2317 549 2410 580; x_wconf 84' lang='grc' dir='ltr'><strong>σαν</strong></span> <span class='ocrx_word' id='word_1_134' title='bbox 2445 547 2458 594; x_wconf 90' lang='grc'><strong>;</strong></span> <span class='ocrx_word' id='word_1_135' title='bbox 2492 529 2646 601; x_wconf 75' lang='grc' dir='ltr'><strong>Ἔχει</strong></span> <span class='ocrx_word' id='word_1_136' title='bbox 2675 533 2792 604; x_wconf 86' lang='grc' dir='ltr'><strong>γόρ,</strong></span> <span class='ocrx_word' id='word_1_137' title='bbox 2832 534 2945 602; x_wconf 80' lang='grc' dir='ltr'><strong>ἔχει</strong></span> <span class='ocrx_word' id='word_1_138' title='bbox 2975 538 3133 585; x_wconf 84' lang='grc' dir='ltr'>κόπον</span> <span class='ocrx_word' id='word_1_139' title='bbox 3158 536 3266 605; x_wconf 68' lang='grc' dir='ltr'><strong>μὲν,</strong></span> <span class='ocrx_word' id='word_1_140' title='bbox 3309 538 3409 607; x_wconf 88' lang='grc' dir='ltr'><strong>πρὸ</strong></span> <span class='ocrx_word' id='word_1_141' title='bbox 3448 542 3538 586; x_wconf 85' lang='grc' dir='ltr'><strong>τοῦ</strong></span> <span class='ocrx_word' id='word_1_142' title='bbox 3571 533 3953 592; x_wconf 77' lang='grc' dir='ltr'><strong>ἀποτελεσθῆ-</strong></span> 
     </span>
    </p>
   </div>
   <div class='ocr_carea' id='block_1_22' title="bbox 2315 615 3082 690">
    <p class='ocr_par' dir='ltr' id='par_1_22' title="bbox 2315 615 3082 690">
     <span class='ocr_line' id='line_1_22' title="bbox 2315 615 3082 690; baseline 0.009 -22"><span class='ocrx_word' id='word_1_143' title='bbox 2315 635 2417 669; x_wconf 82' lang='grc' dir='ltr'><strong>ναι·</strong></span> <span class='ocrx_word' id='word_1_144' title='bbox 2452 618 2614 690; x_wconf 79' lang='grc' dir='ltr'><strong>βάρος</strong></span> <span class='ocrx_word' id='word_1_145' title='bbox 2648 615 2728 685; x_wconf 77' lang='grc' dir='ltr'><strong>δὲ,</strong></span> <span class='ocrx_word' id='word_1_146' title='bbox 2759 622 2888 689; x_wconf 86' lang='grc' dir='ltr'><strong>μετά</strong></span> <span class='ocrx_word' id='word_1_147' title='bbox 2910 629 3082 675; x_wconf 84' lang='grc' dir='ltr'><strong>τοῦτο.</strong></span> 
     </span>
    </p>
   </div>
   <div class='ocr_carea' id='block_1_23' title="bbox 2387 704 3950 784">
    <p class='ocr_par' dir='ltr' id='par_1_23' title="bbox 2387 704 3950 784">
     <span class='ocr_line' id='line_1_23' title="bbox 2387 704 3950 784; baseline 0.003 -24"><span class='ocrx_word' id='word_1_148' title='bbox 2387 711 2603 777; x_wconf 83' lang='grc' dir='ltr'><strong>Λέγοιτο</strong></span> <span class='ocrx_word' id='word_1_149' title='bbox 2636 704 2686 759; x_wconf 85' lang='grc' dir='ltr'><strong>δ’</strong></span> <span class='ocrx_word' id='word_1_150' title='bbox 2725 709 2785 758; x_wconf 77' lang='grc' dir='ltr'><strong>ἄν</strong></span> <span class='ocrx_word' id='word_1_151' title='bbox 2812 713 2898 759; x_wconf 80' lang='grc' dir='ltr'><strong>καὶ</strong></span> <span class='ocrx_word' id='word_1_152' title='bbox 2933 707 3134 784; x_wconf 76' lang='grc' dir='ltr'><strong>ἑτέρως,</strong></span> <span class='ocrx_word' id='word_1_153' title='bbox 3176 711 3256 762; x_wconf 85' lang='grc' dir='ltr'><strong>ὅτι</strong></span> <span class='ocrx_word' id='word_1_154' title='bbox 3281 714 3370 762; x_wconf 82' lang='grc' dir='ltr'><strong>καὶ</strong></span> <span class='ocrx_word' id='word_1_155' title='bbox 3401 711 3514 782; x_wconf 81' lang='grc'>(57)</span> <span class='ocrx_word' id='word_1_156' title='bbox 3553 713 3601 763; x_wconf 89' lang='grc' dir='ltr'><strong>οἱ</strong></span> <span class='ocrx_word' id='word_1_157' title='bbox 3635 720 3950 773; x_wconf 77' lang='grc' dir='ltr'><strong>κοπιῶντες</strong></span> 
     </span>
    </p>
   </div>
   <div class='ocr_carea' id='block_1_24' title="bbox 2317 794 3951 873">
    <p class='ocr_par' dir='ltr' id='par_1_24' title="bbox 2317 794 3951 873">
     <span class='ocr_line' id='line_1_24' title="bbox 2317 794 3951 873; baseline 0.004 -28"><span class='ocrx_word' id='word_1_158' title='bbox 2317 794 2382 854; x_wconf 85' lang='grc' dir='ltr'><strong>εἰς</strong></span> <span class='ocrx_word' id='word_1_159' title='bbox 2441 798 2506 846; x_wconf 88' lang='grc' dir='ltr'><strong>τὰ</strong></span> <span class='ocrx_word' id='word_1_160' title='bbox 2557 797 2774 866; x_wconf 82' lang='grc' dir='ltr'><strong>μάταια,</strong></span> <span class='ocrx_word' id='word_1_161' title='bbox 2848 801 2936 848; x_wconf 85' lang='grc' dir='ltr'><strong>καὶ</strong></span> <span class='ocrx_word' id='word_1_162' title='bbox 2987 802 3384 872; x_wconf 73' lang='grc' dir='ltr'><strong>πεφορτισμένοι</strong></span> <span class='ocrx_word' id='word_1_163' title='bbox 3453 806 3570 860; x_wconf 88' lang='grc' dir='ltr'><strong>ταῖς</strong></span> <span class='ocrx_word' id='word_1_164' title='bbox 3639 805 3951 873; x_wconf 76' lang='grc' dir='ltr'><strong>μερίμναις</strong></span> 
     </span>
    </p>
   </div>
   <div class='ocr_carea' id='block_1_25' title="bbox 2315 883 3947 958">
    <p class='ocr_par' dir='ltr' id='par_1_25' title="bbox 2315 883 3947 958">
     <span class='ocr_line' id='line_1_25' title="bbox 2315 883 3947 958; baseline 0.004 -24"><span class='ocrx_word' id='word_1_165' title='bbox 2315 885 2527 936; x_wconf 78' lang='grc' dir='ltr'><strong>τούτων.</strong></span> <span class='ocrx_word' id='word_1_166' title='bbox 2610 883 2773 956; x_wconf 79' lang='grc' dir='ltr'><strong>Κάγὼ</strong></span> <span class='ocrx_word' id='word_1_167' title='bbox 2849 883 3134 938; x_wconf 80' lang='grc' dir='ltr'><strong>ἀναπαύσω</strong></span> <span class='ocrx_word' id='word_1_168' title='bbox 3217 888 3372 958; x_wconf 79' lang='grc' dir='ltr'><strong>ἡμᾶς,</strong></span> <span class='ocrx_word' id='word_1_169' title='bbox 3452 889 3633 958; x_wconf 75' lang='grc' dir='ltr'><strong>ἤγουν,</strong></span> <span class='ocrx_word' id='word_1_170' title='bbox 3716 889 3947 941; x_wconf 77' lang='grc' dir='ltr'><strong>ἐλευθε-</strong></span> 
     </span>
    </p>
   </div>
   <div class='ocr_carea' id='block_1_26' title="bbox 2313 975 3946 1045">
    <p class='ocr_par' dir='ltr' id='par_1_26' title="bbox 2313 975 3946 1045">
     <span class='ocr_line' id='line_1_26' title="bbox 2313 975 3946 1045; baseline 0.005 -23"><span class='ocrx_word' id='word_1_171' title='bbox 2313 977 2468 1045; x_wconf 84' lang='grc' dir='ltr'><strong>ρώσω</strong></span> <span class='ocrx_word' id='word_1_172' title='bbox 2523 975 2612 1025; x_wconf 80' lang='grc' dir='ltr'><strong>καὶ</strong></span> <span class='ocrx_word' id='word_1_173' title='bbox 2685 981 2773 1026; x_wconf 81' lang='grc' dir='ltr'><strong>τοῦ</strong></span> <span class='ocrx_word' id='word_1_174' title='bbox 2829 977 3067 1027; x_wconf 88' lang='grc' dir='ltr'><strong>τοιούτου</strong></span> <span class='ocrx_word' id='word_1_175' title='bbox 3129 979 3291 1028; x_wconf 82' lang='grc' dir='ltr'><strong>κόπου</strong></span> <span class='ocrx_word' id='word_1_176' title='bbox 3367 982 3457 1028; x_wconf 84' lang='grc' dir='ltr'><strong>καὶ</strong></span> <span class='ocrx_word' id='word_1_177' title='bbox 3523 983 3614 1030; x_wconf 84' lang='grc' dir='ltr'><strong>τοῦ</strong></span> <span class='ocrx_word' id='word_1_178' title='bbox 3678 979 3946 1030; x_wconf 76' lang='grc' dir='ltr'><strong>τοιούτου</strong></span> 
     </span>
    </p>
   </div>
   <div class='ocr_carea' id='block_1_27' title="bbox 2317 1060 2535 1134">
    <p class='ocr_par' dir='ltr' id='par_1_27' title="bbox 2317 1060 2535 1134">
     <span class='ocr_line' id='line_1_27' title="bbox 2317 1060 2535 1134; baseline 0.014 -23"><span class='ocrx_word' id='word_1_179' title='bbox 2317 1060 2535 1134; x_wconf 86' lang='grc' dir='ltr'><strong>βάρους.</strong></span> 
     </span>
    </p>
   </div>
   <div class='ocr_carea' id='block_1_28' title="bbox 2384 1148 3945 1226">
    <p class='ocr_par' dir='ltr' id='par_1_28' title="bbox 2384 1148 3945 1226">
     <span class='ocr_line' id='line_1_28' title="bbox 2384 1148 3945 1226; baseline 0.003 -24"><span class='ocrx_word' id='word_1_180' title='bbox 2384 1148 2574 1222; x_wconf 75' lang='grc' dir='ltr'><strong>⁴Αρατε</strong></span> <span class='ocrx_word' id='word_1_181' title='bbox 2603 1180 2672 1190; x_wconf 90' lang='grc'><strong>-</strong></span> <span class='ocrx_word' id='word_1_182' title='bbox 2723 1151 2876 1223; x_wconf 81' lang='grc' dir='ltr'><strong>ὑμᾶς.</strong></span> <span class='ocrx_word' id='word_1_183' title='bbox 2935 1154 3103 1223; x_wconf 85' lang='grc' dir='ltr'><strong>Ζυγόν</strong></span> <span class='ocrx_word' id='word_1_184' title='bbox 3143 1151 3401 1225; x_wconf 84' lang='grc' dir='ltr'><strong>ὠνόμασε,</strong></span> <span class='ocrx_word' id='word_1_185' title='bbox 3452 1155 3546 1215; x_wconf 79' lang='grc' dir='ltr'><strong>τὰς</strong></span> <span class='ocrx_word' id='word_1_186' title='bbox 3576 1155 3945 1226; x_wconf 68' lang='grc' dir='ltr'><strong>εὖαγγελικὰς</strong></span> 
     </span>
    </p>
   </div>
   <div class='ocr_carea' id='block_1_29' title="bbox 2314 1235 3941 1316">
    <p class='ocr_par' dir='ltr' id='par_1_29' title="bbox 2314 1235 3941 1316">
     <span class='ocr_line' id='line_1_29' title="bbox 2314 1235 3941 1316; baseline 0.006 -26"><span class='ocrx_word' id='word_1_187' title='bbox 2314 1237 2512 1300; x_wconf 75' lang='grc' dir='ltr'><strong>ἐντολὰς</strong></span> <span class='ocrx_word' id='word_1_188' title='bbox 2535 1239 2714 1307; x_wconf 78' lang='grc' dir='ltr'><strong>αὐτοῦ,</strong></span> <span class='ocrx_word' id='word_1_189' title='bbox 2747 1235 2840 1290; x_wconf 79' lang='grc' dir='ltr'><strong>διὰ</strong></span> <span class='ocrx_word' id='word_1_190' title='bbox 2867 1242 2923 1291; x_wconf 88' lang='grc' dir='ltr'><strong>τὸ</strong></span> <span class='ocrx_word' id='word_1_191' title='bbox 2946 1238 3240 1293; x_wconf 77' lang='grc' dir='ltr'><strong>ἐπικεῖσθαι</strong></span> <span class='ocrx_word' id='word_1_192' title='bbox 3251 1246 3440 1316; x_wconf 84' lang='grc' dir='ltr'><strong>τρόπον</strong></span> <span class='ocrx_word' id='word_1_193' title='bbox 3482 1243 3642 1314; x_wconf 81' lang='grc' dir='ltr'><strong>ζυγοῦ</strong></span> <span class='ocrx_word' id='word_1_194' title='bbox 3667 1251 3777 1304; x_wconf 89' lang='grc' dir='ltr'><strong>τοῖς</strong></span> <span class='ocrx_word' id='word_1_195' title='bbox 3797 1244 3941 1315; x_wconf 87' lang='grc'>(58)</span> 
     </span>
    </p>
   </div>
   <div class='ocr_carea' id='block_1_30' title="bbox 2314 1324 3936 1400">
    <p class='ocr_par' dir='ltr' id='par_1_30' title="bbox 2314 1324 3936 1400">
     <span class='ocr_line' id='line_1_30' title="bbox 2314 1324 3936 1400; baseline 0.004 -21"><span class='ocrx_word' id='word_1_196' title='bbox 2314 1327 2438 1400; x_wconf 82' lang='grc' dir='ltr'><strong>ὑπερ</strong></span> <span class='ocrx_word' id='word_1_197' title='bbox 2445 1331 2687 1398; x_wconf 80' lang='grc' dir='ltr'><strong>χομένοις</strong></span> <span class='ocrx_word' id='word_1_198' title='bbox 2705 1327 2880 1396; x_wconf 72' lang='grc' dir='ltr'><strong>αὐτὰς,</strong></span> <span class='ocrx_word' id='word_1_199' title='bbox 2913 1332 3002 1380; x_wconf 81' lang='grc' dir='ltr'><strong>καὶ</strong></span> <span class='ocrx_word' id='word_1_200' title='bbox 3034 1324 3242 1381; x_wconf 87' lang='grc' dir='ltr'><strong>συνδεῖν</strong></span> <span class='ocrx_word' id='word_1_201' title='bbox 3264 1329 3451 1392; x_wconf 75' lang='grc' dir='ltr'><strong>αὐτοὺς</strong></span> <span class='ocrx_word' id='word_1_202' title='bbox 3476 1329 3711 1394; x_wconf 79' lang='grc' dir='ltr'><strong>ἀλλήλοις</strong></span> <span class='ocrx_word' id='word_1_203' title='bbox 3749 1351 3800 1384; x_wconf 86' lang='grc' dir='ltr'><strong>τε</strong></span> <span class='ocrx_word' id='word_1_204' title='bbox 3825 1338 3936 1385; x_wconf 80' lang='grc' dir='ltr'><strong>καὶ</strong></span> 
     </span>
    </p>
   </div>
   <div class='ocr_carea' id='block_1_31' title="bbox 2314 1414 2884 1489">
    <p class='ocr_par' dir='ltr' id='par_1_31' title="bbox 2314 1414 2884 1489">
     <span class='ocr_line' id='line_1_31' title="bbox 2314 1414 2884 1489; baseline 0.016 -25"><span class='ocrx_word' id='word_1_205' title='bbox 2314 1421 2386 1484; x_wconf 84' lang='grc' dir='ltr'><strong>τῷ</strong></span> <span class='ocrx_word' id='word_1_206' title='bbox 2416 1414 2626 1488; x_wconf 80' lang='grc' dir='ltr'><strong>ἐλατῆρι</strong></span> <span class='ocrx_word' id='word_1_207' title='bbox 2648 1423 2858 1489; x_wconf 81' lang='grc' dir='ltr'><strong>Χριστῷ</strong></span> <span class='ocrx_word' id='word_1_208' title='bbox 2871 1461 2884 1474; x_wconf 94' lang='grc'><strong>.</strong></span> 
     </span>
    </p>
   </div>
   <div class='ocr_carea' id='block_1_32' title="bbox 2387 1500 3932 1580">
    <p class='ocr_par' dir='ltr' id='par_1_32' title="bbox 2387 1500 3932 1580">
     <span class='ocr_line' id='line_1_32' title="bbox 2387 1500 3932 1580; baseline 0.004 -26"><span class='ocrx_word' id='word_1_209' title='bbox 2387 1507 2486 1555; x_wconf 80' lang='grc' dir='ltr'><strong>Καὶ</strong></span> <span class='ocrx_word' id='word_1_210' title='bbox 2531 1533 2601 1544; x_wconf 94' lang='grc'><strong>-</strong></span> <span class='ocrx_word' id='word_1_211' title='bbox 2657 1500 2872 1577; x_wconf 79' lang='grc' dir='ltr'><strong>καρδὶᾳ.</strong></span> <span class='ocrx_word' id='word_1_212' title='bbox 2942 1508 3220 1580; x_wconf 77' lang='grc' dir='ltr'><strong>Πραὸτητα</strong></span> <span class='ocrx_word' id='word_1_213' title='bbox 3292 1513 3400 1573; x_wconf 84' lang='grc' dir='ltr'><strong>νῦν,</strong></span> <span class='ocrx_word' id='word_1_214' title='bbox 3451 1511 3543 1565; x_wconf 78' lang='grc' dir='ltr'><strong>τὴν</strong></span> <span class='ocrx_word' id='word_1_215' title='bbox 3601 1513 3932 1560; x_wconf 82' lang='grc' dir='ltr'><strong>ταπείνωσιν</strong></span> 
     </span>
    </p>
   </div>
   <div class='ocr_carea' id='block_1_33' title="bbox 553 1591 2209 1676">
    <p class='ocr_par' dir='ltr' id='par_1_33' title="bbox 553 1599 2204 1676">
     <span class='ocr_line' id='line_1_33' title="bbox 553 1599 2204 1676; baseline -0.005 -13"><span class='ocrx_word' id='word_1_216' title='bbox 553 1605 812 1663; x_wconf 89' lang='lat' dir='ltr'><strong>destiam</strong></span> <span class='ocrx_word' id='word_1_217' title='bbox 837 1621 851 1660; x_wconf 92' lang='lat'>:</span> <span class='ocrx_word' id='word_1_218' title='bbox 873 1620 1012 1676; x_wconf 90' lang='lat' dir='ltr'><strong>pars</strong></span> <span class='ocrx_word' id='word_1_219' title='bbox 1029 1601 1324 1675; x_wconf 90' lang='lat' dir='ltr'><strong>siquidem</strong></span> <span class='ocrx_word' id='word_1_220' title='bbox 1352 1601 1654 1658; x_wconf 83' lang='lat' dir='ltr'><strong>modestiae</strong></span> <span class='ocrx_word' id='word_1_221' title='bbox 1680 1606 1768 1656; x_wconf 90' lang='lat' dir='ltr'><strong>est</strong></span> <span class='ocrx_word' id='word_1_222' title='bbox 1789 1601 2030 1657; x_wconf 88' lang='lat' dir='ltr'><strong>mititas.</strong></span> <span class='ocrx_word' id='word_1_223' title='bbox 2065 1599 2204 1654; x_wconf 92' lang='lat' dir='ltr'><strong>Ideo</strong></span> 
     </span>
    </p>
   </div>
   <div class='ocr_carea' id='block_1_34' title="bbox 2315 1591 3934 1676">
    <p class='ocr_par' dir='ltr' id='par_1_34' title="bbox 2315 1591 3934 1670">
     <span class='ocr_line' id='line_1_34' title="bbox 2315 1591 3934 1670; baseline 0.004 -26"><span class='ocrx_word' id='word_1_224' title='bbox 2315 1591 2467 1663; x_wconf 73' lang='grc' dir='ltr'><strong>λέγει·</strong></span> <span class='ocrx_word' id='word_1_225' title='bbox 2495 1595 2650 1664; x_wconf 78' lang='grc' dir='ltr'><strong>μέρος</strong></span> <span class='ocrx_word' id='word_1_226' title='bbox 2684 1594 2786 1668; x_wconf 81' lang='grc' dir='ltr'><strong>γὰρ</strong></span> <span class='ocrx_word' id='word_1_227' title='bbox 2836 1600 2930 1656; x_wconf 77' lang='grc' dir='ltr'><strong>τῆς</strong></span> <span class='ocrx_word' id='word_1_228' title='bbox 2987 1600 3358 1665; x_wconf 79' lang='grc' dir='ltr'><strong>ταπεινώσεως,</strong></span> <span class='ocrx_word' id='word_1_229' title='bbox 3421 1597 3447 1653; x_wconf 77' lang='grc' dir='ltr'><strong>ἠ</strong></span> <span class='ocrx_word' id='word_1_230' title='bbox 3510 1602 3762 1670; x_wconf 81' lang='grc' dir='ltr'><strong>πραότης·</strong></span> <span class='ocrx_word' id='word_1_231' title='bbox 3830 1594 3934 1651; x_wconf 82' lang='grc' dir='ltr'><strong>διὸ</strong></span> 
     </span>
    </p>
   </div>
   <div class='ocr_carea' id='block_1_35' title="bbox 551 1690 2206 1767">
    <p class='ocr_par' dir='ltr' id='par_1_35' title="bbox 551 1690 2206 1767">
     <span class='ocr_line' id='line_1_35' title="bbox 551 1690 2206 1767; baseline -0.005 -16"><span class='ocrx_word' id='word_1_232' title='bbox 551 1700 866 1767; x_wconf 89' lang='lat' dir='ltr'><strong>postquam</strong></span> <span class='ocrx_word' id='word_1_233' title='bbox 922 1692 1064 1748; x_wconf 82' lang='lat' dir='ltr'><strong>dixit</strong></span> <span class='ocrx_word' id='word_1_234' title='bbox 1111 1710 1123 1749; x_wconf 93' lang='lat'>:</span> <span class='ocrx_word' id='word_1_235' title='bbox 1175 1690 1336 1758; x_wconf 84' lang='lat' dir='ltr'><strong>Quod</strong></span> <span class='ocrx_word' id='word_1_236' title='bbox 1391 1692 1547 1746; x_wconf 75' lang='lat' dir='ltr'><strong>mitis</strong></span> <span class='ocrx_word' id='word_1_237' title='bbox 1599 1691 1725 1754; x_wconf 79' lang='lat' dir='ltr'><strong>sim,</strong></span> <span class='ocrx_word' id='word_1_238' title='bbox 1792 1690 2206 1760; x_wconf 86' lang='lat' dir='ltr'><strong>interpretatur</strong></span> 
     </span>
    </p>
   </div>
   <div class='ocr_carea' id='block_1_36' title="bbox 553 1775 2204 1854">
    <p class='ocr_par' dir='ltr' id='par_1_36' title="bbox 553 1775 2204 1854">
     <span class='ocr_line' id='line_1_36' title="bbox 553 1775 2204 1854; baseline -0.004 -16"><span class='ocrx_word' id='word_1_239' title='bbox 553 1783 721 1854; x_wconf 88' lang='lat' dir='ltr'><strong>quod</strong></span> <span class='ocrx_word' id='word_1_240' title='bbox 750 1781 897 1836; x_wconf 83' lang='lat' dir='ltr'><strong>dixit</strong></span> <span class='ocrx_word' id='word_1_241' title='bbox 928 1797 942 1845; x_wconf 91' lang='lat'><strong>;</strong></span> <span class='ocrx_word' id='word_1_242' title='bbox 973 1786 1029 1836; x_wconf 94' lang='lat' dir='ltr'><strong>et</strong></span> <span class='ocrx_word' id='word_1_243' title='bbox 1080 1778 1212 1834; x_wconf 91' lang='lat' dir='ltr'><strong>vide</strong></span> <span class='ocrx_word' id='word_1_244' title='bbox 1241 1779 1389 1849; x_wconf 90' lang='lat' dir='ltr'><strong>quid</strong></span> <span class='ocrx_word' id='word_1_245' title='bbox 1431 1778 1632 1834; x_wconf 87' lang='lat' dir='ltr'><strong>addat.</strong></span> <span class='ocrx_word' id='word_1_246' title='bbox 1679 1781 1878 1849; x_wconf 85' lang='lat' dir='ltr'><strong>Neque</strong></span> <span class='ocrx_word' id='word_1_247' title='bbox 1920 1777 2079 1832; x_wconf 92' lang='lat' dir='ltr'><strong>enim</strong></span> <span class='ocrx_word' id='word_1_248' title='bbox 2121 1775 2204 1832; x_wconf 89' lang='lat' dir='ltr'><strong>di-</strong></span> 
     </span>
    </p>
   </div>
   <div class='ocr_carea' id='block_1_37' title="bbox 551 1865 2205 1935">
    <p class='ocr_par' dir='ltr' id='par_1_37' title="bbox 551 1865 2205 1935">
     <span class='ocr_line' id='line_1_37' title="bbox 551 1865 2205 1935; baseline -0.004 -10"><span class='ocrx_word' id='word_1_249' title='bbox 551 1870 637 1925; x_wconf 79' lang='lat' dir='ltr'><strong>xit</strong></span> <span class='ocrx_word' id='word_1_250' title='bbox 664 1885 676 1924; x_wconf 93' lang='lat'>:</span> <span class='ocrx_word' id='word_1_251' title='bbox 709 1869 957 1924; x_wconf 79' lang='lat' dir='ltr'><strong>Humilis</strong></span> <span class='ocrx_word' id='word_1_252' title='bbox 974 1873 1219 1932; x_wconf 85' lang='lat' dir='ltr'><strong>tantum,</strong></span> <span class='ocrx_word' id='word_1_253' title='bbox 1245 1866 1349 1920; x_wconf 88' lang='lat' dir='ltr'><strong>sed</strong></span> <span class='ocrx_word' id='word_1_254' title='bbox 1376 1866 1611 1921; x_wconf 78' lang='lat' dir='ltr'><strong>humilis</strong></span> <span class='ocrx_word' id='word_1_255' title='bbox 1633 1867 1821 1935; x_wconf 78' lang='lat' dir='ltr'><strong>corde,</strong></span> <span class='ocrx_word' id='word_1_256' title='bbox 1844 1866 1959 1920; x_wconf 90' lang='lat' dir='ltr'><strong>hoc</strong></span> <span class='ocrx_word' id='word_1_257' title='bbox 1991 1869 2078 1920; x_wconf 89' lang='lat' dir='ltr'><strong>est</strong></span> <span class='ocrx_word' id='word_1_258' title='bbox 2100 1865 2205 1920; x_wconf 90' lang='lat' dir='ltr'><strong>hu-</strong></span> 
     </span>
    </p>
   </div>
   <div class='ocr_carea' id='block_1_38' title="bbox 554 1953 2206 2024">
    <p class='ocr_par' dir='ltr' id='par_1_38' title="bbox 554 1953 2206 2024">
     <span class='ocr_line' id='line_1_38' title="bbox 554 1953 2206 2024; baseline -0.002 -13"><span class='ocrx_word' id='word_1_259' title='bbox 554 1957 711 2011; x_wconf 88' lang='lat' dir='ltr'><strong>milis</strong></span> <span class='ocrx_word' id='word_1_260' title='bbox 740 1956 942 2010; x_wconf 90' lang='lat' dir='ltr'><strong>animo</strong></span> <span class='ocrx_word' id='word_1_261' title='bbox 971 1959 1027 2009; x_wconf 88' lang='lat' dir='ltr'><strong>et</strong></span> <span class='ocrx_word' id='word_1_262' title='bbox 1054 1953 1356 2008; x_wconf 91' lang='lat' dir='ltr'><strong>electione.</strong></span> <span class='ocrx_word' id='word_1_263' title='bbox 1391 1953 1697 2008; x_wconf 87' lang='lat' dir='ltr'><strong>Humilitas</strong></span> <span class='ocrx_word' id='word_1_264' title='bbox 1727 1968 1991 2024; x_wconf 87' lang='lat' dir='ltr'><strong>namque</strong></span> <span class='ocrx_word' id='word_1_265' title='bbox 2018 1953 2095 2008; x_wconf 87' lang='lat' dir='ltr'><strong>ab</strong></span> <span class='ocrx_word' id='word_1_266' title='bbox 2121 1953 2206 2008; x_wconf 92' lang='lat' dir='ltr'><strong>in-</strong></span> 
     </span>
    </p>
   </div>
   <div class='ocr_carea' id='block_1_39' title="bbox 553 2038 2205 2112">
    <p class='ocr_par' dir='ltr' id='par_1_39' title="bbox 553 2038 2205 2112">
     <span class='ocr_line' id='line_1_39' title="bbox 553 2038 2205 2112; baseline -0.003 -13"><span class='ocrx_word' id='word_1_267' title='bbox 553 2043 810 2098; x_wconf 86' lang='lat' dir='ltr'><strong>fortunio</strong></span> <span class='ocrx_word' id='word_1_268' title='bbox 849 2041 1200 2112; x_wconf 90' lang='lat' dir='ltr'><strong>procedens,</strong></span> <span class='ocrx_word' id='word_1_269' title='bbox 1253 2038 1622 2096; x_wconf 89' lang='lat' dir='ltr'><strong>infructuosa</strong></span> <span class='ocrx_word' id='word_1_270' title='bbox 1674 2046 1780 2106; x_wconf 90' lang='lat' dir='ltr'><strong>est,</strong></span> <span class='ocrx_word' id='word_1_271' title='bbox 1832 2046 2028 2110; x_wconf 89' lang='lat' dir='ltr'><strong>utpote</strong></span> <span class='ocrx_word' id='word_1_272' title='bbox 2058 2040 2205 2095; x_wconf 87' lang='lat' dir='ltr'><strong>levis</strong></span> 
     </span>
    </p>
   </div>
   <div class='ocr_carea' id='block_1_40' title="bbox 555 2126 2202 2200">
    <p class='ocr_par' dir='ltr' id='par_1_40' title="bbox 555 2126 2202 2200">
     <span class='ocr_line' id='line_1_40' title="bbox 555 2126 2202 2200; baseline -0.002 -13"><span class='ocrx_word' id='word_1_273' title='bbox 555 2129 1053 2194; x_wconf 89' lang='lat' dir='ltr'><strong>etinvoluntaria;</strong></span> <span class='ocrx_word' id='word_1_274' title='bbox 1078 2132 1363 2200; x_wconf 77' lang='lat' dir='ltr'><strong>praeterea</strong></span> <span class='ocrx_word' id='word_1_275' title='bbox 1381 2128 1452 2199; x_wconf 77' lang='grc' dir='ltr'>(ε)</span> <span class='ocrx_word' id='word_1_276' title='bbox 1468 2127 1862 2184; x_wconf 90' lang='lat' dir='ltr'><strong>humilitatem</strong></span> <span class='ocrx_word' id='word_1_277' title='bbox 1880 2129 1963 2182; x_wconf 90' lang='lat' dir='ltr'><strong>eis</strong></span> <span class='ocrx_word' id='word_1_278' title='bbox 1994 2126 2202 2193; x_wconf 87' lang='lat' dir='ltr'><strong>attulit,</strong></span> 
     </span>
    </p>
   </div>
   <div class='ocr_carea' id='block_1_41' title="bbox 555 2216 2202 2290">
    <p class='ocr_par' dir='ltr' id='par_1_41' title="bbox 555 2216 2202 2290">
     <span class='ocr_line' id='line_1_41' title="bbox 555 2216 2202 2290; baseline -0.002 -14"><span class='ocrx_word' id='word_1_279' title='bbox 555 2225 844 2290; x_wconf 87' lang='lat' dir='ltr'><strong>tanquam</strong></span> <span class='ocrx_word' id='word_1_280' title='bbox 875 2218 1071 2274; x_wconf 91' lang='lat' dir='ltr'><strong>omnis</strong></span> <span class='ocrx_word' id='word_1_281' title='bbox 1100 2216 1363 2273; x_wconf 88' lang='lat' dir='ltr'><strong>radicem</strong></span> <span class='ocrx_word' id='word_1_282' title='bbox 1415 2217 1672 2273; x_wconf 90' lang='lat' dir='ltr'><strong>virtutis.</strong></span> <span class='ocrx_word' id='word_1_283' title='bbox 1732 2216 2008 2288; x_wconf 90' lang='lat' dir='ltr'><strong>Seipsum</strong></span> <span class='ocrx_word' id='word_1_284' title='bbox 2062 2217 2202 2272; x_wconf 87' lang='lat' dir='ltr'><strong>item</strong></span> 
     </span>
    </p>
   </div>
   <div class='ocr_carea' id='block_1_42' title="bbox 555 2304 2204 2378">
    <p class='ocr_par' dir='ltr' id='par_1_42' title="bbox 555 2304 2204 2378">
     <span class='ocr_line' id='line_1_42' title="bbox 555 2304 2204 2378; baseline -0.001 -16"><span class='ocrx_word' id='word_1_285' title='bbox 555 2309 610 2362; x_wconf 91' lang='lat' dir='ltr'><strong>in</strong></span> <span class='ocrx_word' id='word_1_286' title='bbox 635 2307 978 2378; x_wconf 82' lang='lat' dir='ltr'><strong>exemplum</strong></span> <span class='ocrx_word' id='word_1_287' title='bbox 1009 2304 1334 2371; x_wconf 89' lang='lat' dir='ltr'><strong>constituit,</strong></span> <span class='ocrx_word' id='word_1_288' title='bbox 1363 2310 1423 2362; x_wconf 88' lang='lat' dir='ltr'><strong>ut</strong></span> <span class='ocrx_word' id='word_1_289' title='bbox 1453 2304 1687 2361; x_wconf 79' lang='lat' dir='ltr'><strong>facilius</strong></span> <span class='ocrx_word' id='word_1_290' title='bbox 1719 2320 1916 2361; x_wconf 87' lang='lat' dir='ltr'><strong>sermo</strong></span> <span class='ocrx_word' id='word_1_291' title='bbox 1948 2305 2204 2376; x_wconf 87' lang='lat' dir='ltr'><strong>suscipe-</strong></span> 
     </span>
    </p>
   </div>
   <div class='ocr_carea' id='block_1_43' title="bbox 552 2401 729 2453">
    <p class='ocr_par' dir='ltr' id='par_1_43' title="bbox 552 2401 729 2453">
     <span class='ocr_line' id='line_1_43' title="bbox 552 2401 729 2453; baseline -0.006 0"><span class='ocrx_word' id='word_1_292' title='bbox 552 2401 729 2453; x_wconf 89' lang='lat' dir='ltr'><strong>retur.</strong></span> 
     </span>
    </p>
   </div>
   <div class='ocr_carea' id='block_1_44' title="bbox 625 2481 2202 2554">
    <p class='ocr_par' dir='ltr' id='par_1_44' title="bbox 625 2481 2202 2554">
     <span class='ocr_line' id='line_1_44' title="bbox 625 2481 2202 2554; baseline -0.001 -15"><span class='ocrx_word' id='word_1_293' title='bbox 625 2485 790 2540; x_wconf 89' lang='lat' dir='ltr'><strong>Vers.</strong></span> <span class='ocrx_word' id='word_1_294' title='bbox 831 2489 917 2540; x_wconf 88' lang='lat'><strong>29.</strong></span> <span class='ocrx_word' id='word_1_295' title='bbox 934 2485 1012 2540; x_wconf 86' lang='lat' dir='ltr'><strong>Et</strong></span> <span class='ocrx_word' id='word_1_296' title='bbox 1033 2483 1339 2541; x_wconf 72' lang='lat' dir='ltr'><strong>--vestris.</strong></span> <span class='ocrx_word' id='word_1_297' title='bbox 1369 2481 1684 2539; x_wconf 87' lang='lat' dir='ltr'><strong>Humilitas</strong></span> <span class='ocrx_word' id='word_1_298' title='bbox 1704 2482 1780 2554; x_wconf 70' lang='grc' dir='ltr'>(Γ)</span> <span class='ocrx_word' id='word_1_299' title='bbox 1804 2482 1964 2538; x_wconf 89' lang='lat' dir='ltr'><strong>enim</strong></span> <span class='ocrx_word' id='word_1_300' title='bbox 1987 2482 2202 2548; x_wconf 88' lang='lat' dir='ltr'><strong>cordis,</strong></span> 
     </span>
    </p>
   </div>
   <div class='ocr_carea' id='block_1_45' title="bbox 555 2570 2201 2646">
    <p class='ocr_par' dir='ltr' id='par_1_45' title="bbox 555 2570 2201 2646">
     <span class='ocr_line' id='line_1_45' title="bbox 555 2570 2201 2646; baseline -0.002 -17"><span class='ocrx_word' id='word_1_301' title='bbox 555 2588 934 2646; x_wconf 72' lang='lat' dir='ltr'><strong>quaecunque</strong></span> <span class='ocrx_word' id='word_1_302' title='bbox 988 2572 1228 2644; x_wconf 89' lang='lat' dir='ltr'><strong>patitur,</strong></span> <span class='ocrx_word' id='word_1_303' title='bbox 1290 2571 1468 2628; x_wconf 87' lang='lat' dir='ltr'><strong>verbo</strong></span> <span class='ocrx_word' id='word_1_304' title='bbox 1526 2571 1720 2626; x_wconf 91' lang='lat' dir='ltr'><strong>solum</strong></span> <span class='ocrx_word' id='word_1_305' title='bbox 1784 2570 1903 2642; x_wconf 86' lang='lat' dir='ltr'><strong>pati</strong></span> <span class='ocrx_word' id='word_1_306' title='bbox 1957 2571 2201 2636; x_wconf 89' lang='lat' dir='ltr'><strong>videtur,</strong></span> 
     </span>
    </p>
   </div>
   <div class='ocr_carea' id='block_1_46' title="bbox 553 2659 2205 2732">
    <p class='ocr_par' dir='ltr' id='par_1_46' title="bbox 553 2659 2205 2732">
     <span class='ocr_line' id='line_1_46' title="bbox 553 2659 2205 2732; baseline -0.002 -15"><span class='ocrx_word' id='word_1_307' title='bbox 553 2677 750 2732; x_wconf 90' lang='lat' dir='ltr'><strong>neque</strong></span> <span class='ocrx_word' id='word_1_308' title='bbox 788 2662 1078 2716; x_wconf 90' lang='lat' dir='ltr'><strong>turbatur.</strong></span> <span class='ocrx_word' id='word_1_309' title='bbox 1107 2659 1364 2725; x_wconf 90' lang='lat' dir='ltr'><strong>Quidam</strong></span> <span class='ocrx_word' id='word_1_310' title='bbox 1391 2675 1533 2715; x_wconf 91' lang='lat' dir='ltr'><strong>vero</strong></span> <span class='ocrx_word' id='word_1_311' title='bbox 1564 2659 1872 2731; x_wconf 83' lang='lat' dir='ltr'><strong>Requicm,</strong></span> <span class='ocrx_word' id='word_1_312' title='bbox 1909 2674 2043 2714; x_wconf 88' lang='lat' dir='ltr'><strong>eam</strong></span> <span class='ocrx_word' id='word_1_313' title='bbox 2069 2675 2205 2730; x_wconf 69' lang='lat' dir='ltr'><strong>quae</strong></span> 
     </span>
    </p>
   </div>
   <div class='ocr_carea' id='block_1_47' title="bbox 557 2749 1396 2818">
    <p class='ocr_par' dir='ltr' id='par_1_47' title="bbox 557 2749 1396 2818">
     <span class='ocr_line' id='line_1_47' title="bbox 557 2749 1396 2818; baseline -0.005 -13"><span class='ocrx_word' id='word_1_314' title='bbox 557 2755 781 2805; x_wconf 70' lang='lat' dir='ltr'><strong>aeterna</strong></span> <span class='ocrx_word' id='word_1_315' title='bbox 810 2753 897 2804; x_wconf 86' lang='lat' dir='ltr'><strong>est</strong></span> <span class='ocrx_word' id='word_1_316' title='bbox 918 2749 1396 2818; x_wconf 84' lang='lat' dir='ltr'><strong>interpretantur.</strong></span> 
     </span>
    </p>
   </div>
   <div class='ocr_carea' id='block_1_48' title="bbox 629 2834 2206 2907">
    <p class='ocr_par' dir='ltr' id='par_1_48' title="bbox 629 2834 2206 2907">
     <span class='ocr_line' id='line_1_48' title="bbox 629 2834 2206 2907; baseline -0.001 -16"><span class='ocrx_word' id='word_1_317' title='bbox 629 2839 784 2891; x_wconf 83' lang='lat' dir='ltr'><strong>Vers.</strong></span> <span class='ocrx_word' id='word_1_318' title='bbox 820 2840 905 2891; x_wconf 89' lang='lat'><strong>30.</strong></span> <span class='ocrx_word' id='word_1_319' title='bbox 937 2834 1149 2904; x_wconf 75' lang='lat' dir='ltr'><strong>Iugum</strong></span> <span class='ocrx_word' id='word_1_320' title='bbox 1179 2835 1332 2890; x_wconf 86' lang='lat' dir='ltr'><strong>enim</strong></span> <span class='ocrx_word' id='word_1_321' title='bbox 1388 2865 1457 2875; x_wconf 91' lang='lat'>—</span> <span class='ocrx_word' id='word_1_322' title='bbox 1508 2835 1642 2891; x_wconf 81' lang='lat' dir='ltr'><strong>leve.</strong></span> <span class='ocrx_word' id='word_1_323' title='bbox 1693 2835 1911 2904; x_wconf 76' lang='lat' dir='ltr'><strong>Iugum</strong></span> <span class='ocrx_word' id='word_1_324' title='bbox 1964 2851 2206 2907; x_wconf 93' lang='lat' dir='ltr'><strong>quoque</strong></span> 
     </span>
    </p>
   </div>
   <div class='ocr_carea' id='block_1_49' title="bbox 555 2922 2279 3008">
    <p class='ocr_par' dir='ltr' id='par_1_49' title="bbox 555 2922 2279 3008">
     <span class='ocr_line' id='line_1_49' title="bbox 555 2922 2279 3008; baseline -0.002 -27"><span class='ocrx_word' id='word_1_325' title='bbox 555 2925 790 2981; x_wconf 87' lang='lat' dir='ltr'><strong>vocavit</strong></span> <span class='ocrx_word' id='word_1_326' title='bbox 816 2939 1011 2989; x_wconf 89' lang='lat' dir='ltr'><strong>onus;</strong></span> <span class='ocrx_word' id='word_1_327' title='bbox 1047 2922 1152 2978; x_wconf 92' lang='lat' dir='ltr'><strong>sed</strong></span> <span class='ocrx_word' id='word_1_328' title='bbox 1173 2923 1388 2993; x_wconf 86' lang='lat' dir='ltr'><strong>jugum</strong></span> <span class='ocrx_word' id='word_1_329' title='bbox 1418 2922 1667 2994; x_wconf 89' lang='lat' dir='ltr'><strong>quidem</strong></span> <span class='ocrx_word' id='word_1_330' title='bbox 1713 2927 1953 2994; x_wconf 87' lang='lat' dir='ltr'><strong>propter</strong></span> <span class='ocrx_word' id='word_1_331' title='bbox 1983 2923 2205 2978; x_wconf 89' lang='lat' dir='ltr'><strong>dictam</strong></span> <span class='ocrx_word' id='word_1_332' title='bbox 2239 2953 2279 3008; x_wconf 63' lang='grc' dir='ltr'><strong>ρ</strong></span> 
     </span>
    </p>
   </div>
   <div class='ocr_carea' id='block_1_50' title="bbox 556 3011 2204 3083">
    <p class='ocr_par' dir='ltr' id='par_1_50' title="bbox 556 3011 2204 3083">
     <span class='ocr_line' id='line_1_50' title="bbox 556 3011 2204 3083; baseline 0 -16"><span class='ocrx_word' id='word_1_333' title='bbox 556 3028 801 3069; x_wconf 88' lang='lat' dir='ltr'><strong>causam</strong></span> <span class='ocrx_word' id='word_1_334' title='bbox 835 3030 849 3079; x_wconf 85' lang='lat'><strong>;</strong></span> <span class='ocrx_word' id='word_1_335' title='bbox 880 3027 1034 3066; x_wconf 90' lang='lat' dir='ltr'><strong>onus</strong></span> <span class='ocrx_word' id='word_1_336' title='bbox 1079 3016 1295 3076; x_wconf 85' lang='lat' dir='ltr'><strong>autem,</strong></span> <span class='ocrx_word' id='word_1_337' title='bbox 1327 3027 1396 3067; x_wconf 88' lang='lat' dir='ltr'><strong>eo</strong></span> <span class='ocrx_word' id='word_1_338' title='bbox 1419 3011 1577 3083; x_wconf 92' lang='lat' dir='ltr'><strong>quod</strong></span> <span class='ocrx_word' id='word_1_339' title='bbox 1605 3028 1784 3082; x_wconf 86' lang='lat' dir='ltr'><strong>grave</strong></span> <span class='ocrx_word' id='word_1_340' title='bbox 1824 3012 1895 3067; x_wconf 90' lang='lat' dir='ltr'><strong>sit</strong></span> <span class='ocrx_word' id='word_1_341' title='bbox 1926 3011 2204 3067; x_wconf 86' lang='lat' dir='ltr'><strong>inexerci-</strong></span> 
     </span>
    </p>
   </div>
   <div class='ocr_carea' id='block_1_51' title="bbox 557 3099 2209 3171">
    <p class='ocr_par' dir='ltr' id='par_1_51' title="bbox 557 3099 2209 3171">
     <span class='ocr_line' id='line_1_51' title="bbox 557 3099 2209 3171; baseline -0.001 -14"><span class='ocrx_word' id='word_1_342' title='bbox 557 3103 710 3158; x_wconf 87' lang='lat' dir='ltr'><strong>tatis.</strong></span> <span class='ocrx_word' id='word_1_343' title='bbox 756 3101 892 3156; x_wconf 86' lang='lat' dir='ltr'><strong>Vide</strong></span> <span class='ocrx_word' id='word_1_344' title='bbox 949 3114 1091 3169; x_wconf 82' lang='lat' dir='ltr'><strong>ergo</strong></span> <span class='ocrx_word' id='word_1_345' title='bbox 1149 3099 1458 3170; x_wconf 91' lang='lat' dir='ltr'><strong>quomodo</strong></span> <span class='ocrx_word' id='word_1_346' title='bbox 1506 3104 1564 3154; x_wconf 93' lang='lat' dir='ltr'><strong>et</strong></span> <span class='ocrx_word' id='word_1_347' title='bbox 1596 3101 1814 3171; x_wconf 86' lang='lat' dir='ltr'><strong>jugum</strong></span> <span class='ocrx_word' id='word_1_348' title='bbox 1862 3100 2094 3168; x_wconf 82' lang='lat' dir='ltr'><strong>dixerit,</strong></span> <span class='ocrx_word' id='word_1_349' title='bbox 2154 3106 2209 3156; x_wconf 91' lang='lat' dir='ltr'><strong>et</strong></span> 
     </span>
    </p>
   </div>
   <div class='ocr_carea' id='block_1_52' title="bbox 557 3188 2209 3261">
    <p class='ocr_par' dir='ltr' id='par_1_52' title="bbox 557 3188 2209 3261">
     <span class='ocr_line' id='line_1_52' title="bbox 557 3188 2209 3261; baseline 0 -16"><span class='ocrx_word' id='word_1_350' title='bbox 557 3204 740 3245; x_wconf 83' lang='lat' dir='ltr'><strong>suave</strong></span> <span class='ocrx_word' id='word_1_351' title='bbox 771 3188 1081 3256; x_wconf 89' lang='lat' dir='ltr'><strong>vocaverit,</strong></span> <span class='ocrx_word' id='word_1_352' title='bbox 1115 3203 1268 3243; x_wconf 91' lang='lat' dir='ltr'><strong>onus</strong></span> <span class='ocrx_word' id='word_1_353' title='bbox 1298 3204 1539 3260; x_wconf 89' lang='lat' dir='ltr'><strong>quoque</strong></span> <span class='ocrx_word' id='word_1_354' title='bbox 1583 3189 1813 3255; x_wconf 81' lang='lat' dir='ltr'><strong>dixerit,</strong></span> <span class='ocrx_word' id='word_1_355' title='bbox 1845 3194 1903 3244; x_wconf 89' lang='lat' dir='ltr'><strong>et</strong></span> <span class='ocrx_word' id='word_1_356' title='bbox 1947 3189 2075 3244; x_wconf 87' lang='lat' dir='ltr'><strong>leve</strong></span> <span class='ocrx_word' id='word_1_357' title='bbox 2108 3205 2209 3261; x_wconf 89' lang='lat' dir='ltr'><strong>ap-</strong></span> 
     </span>
    </p>
   </div>
   <div class='ocr_carea' id='block_1_53' title="bbox 557 3277 2207 3351">
    <p class='ocr_par' dir='ltr' id='par_1_53' title="bbox 557 3277 2207 3351">
     <span class='ocr_line' id='line_1_53' title="bbox 557 3277 2207 3351; baseline 0.001 -18"><span class='ocrx_word' id='word_1_358' title='bbox 557 3278 880 3351; x_wconf 83' lang='lat' dir='ltr'><strong>pellaverit,</strong></span> <span class='ocrx_word' id='word_1_359' title='bbox 913 3283 978 3332; x_wconf 91' lang='lat' dir='ltr'><strong>ut</strong></span> <span class='ocrx_word' id='word_1_360' title='bbox 1003 3293 1200 3350; x_wconf 91' lang='lat' dir='ltr'><strong>neque</strong></span> <span class='ocrx_word' id='word_1_361' title='bbox 1238 3277 1537 3348; x_wconf 89' lang='lat' dir='ltr'><strong>despicias</strong></span> <span class='ocrx_word' id='word_1_362' title='bbox 1566 3279 1740 3349; x_wconf 90' lang='lat' dir='ltr'><strong>quasi</strong></span> <span class='ocrx_word' id='word_1_363' title='bbox 1773 3278 1985 3343; x_wconf 82' lang='lat' dir='ltr'><strong>facilia,</strong></span> <span class='ocrx_word' id='word_1_364' title='bbox 2018 3295 2207 3351; x_wconf 89' lang='lat' dir='ltr'><strong>neque</strong></span> 
     </span>
    </p>
   </div>
   <div class='ocr_carea' id='block_1_54' title="bbox 555 3365 2208 3439">
    <p class='ocr_par' dir='ltr' id='par_1_54' title="bbox 555 3365 2208 3439">
     <span class='ocr_line' id='line_1_54' title="bbox 555 3365 2208 3439; baseline -0.001 -15"><span class='ocrx_word' id='word_1_365' title='bbox 555 3367 751 3439; x_wconf 79' lang='lat' dir='ltr'><strong>fugias</strong></span> <span class='ocrx_word' id='word_1_366' title='bbox 778 3371 1065 3437; x_wconf 86' lang='lat' dir='ltr'><strong>tanquam</strong></span> <span class='ocrx_word' id='word_1_367' title='bbox 1087 3365 1418 3422; x_wconf 90' lang='lat' dir='ltr'><strong>laboriosa.</strong></span> <span class='ocrx_word' id='word_1_368' title='bbox 1445 3367 1652 3430; x_wconf 84' lang='lat' dir='ltr'><strong>Quaere</strong></span> <span class='ocrx_word' id='word_1_369' title='bbox 1675 3372 1876 3421; x_wconf 90' lang='lat' dir='ltr'><strong>autem</strong></span> <span class='ocrx_word' id='word_1_370' title='bbox 1906 3366 1967 3420; x_wconf 92' lang='lat' dir='ltr'><strong>in</strong></span> <span class='ocrx_word' id='word_1_371' title='bbox 1997 3367 2208 3437; x_wconf 91' lang='lat' dir='ltr'><strong>quinto</strong></span> 
     </span>
    </p>
   </div>
   <div class='ocr_carea' id='block_1_55' title="bbox 557 3453 2208 3525">
    <p class='ocr_par' dir='ltr' id='par_1_55' title="bbox 557 3453 2208 3525">
     <span class='ocr_line' id='line_1_55' title="bbox 557 3453 2208 3525; baseline 0.001 -15"><span class='ocrx_word' id='word_1_372' title='bbox 557 3455 751 3525; x_wconf 87' lang='lat' dir='ltr'><strong>capite</strong></span> <span class='ocrx_word' id='word_1_373' title='bbox 807 3453 1358 3524; x_wconf 88' lang='lat' dir='ltr'><strong>interpretationem</strong></span> <span class='ocrx_word' id='word_1_374' title='bbox 1403 3453 1533 3524; x_wconf 90' lang='lat' dir='ltr'><strong>ejus</strong></span> <span class='ocrx_word' id='word_1_375' title='bbox 1576 3454 1620 3488; x_wconf 83' lang='grc'>⁶¹</span> <span class='ocrx_word' id='word_1_376' title='bbox 1669 3453 1834 3525; x_wconf 90' lang='lat' dir='ltr'><strong>quod</strong></span> <span class='ocrx_word' id='word_1_377' title='bbox 1887 3453 2095 3510; x_wconf 89' lang='lat' dir='ltr'><strong>dicitur</strong></span> <span class='ocrx_word' id='word_1_378' title='bbox 2133 3455 2208 3511; x_wconf 92' lang='lat' dir='ltr'><strong>de</strong></span> 
     </span>
    </p>
   </div>
   <div class='ocr_carea' id='block_1_56' title="bbox 561 3540 2135 3614">
    <p class='ocr_par' dir='ltr' id='par_1_56' title="bbox 561 3540 2135 3614">
     <span class='ocr_line' id='line_1_56' title="bbox 561 3540 2135 3614; baseline 0.001 -16"><span class='ocrx_word' id='word_1_379' title='bbox 561 3546 821 3611; x_wconf 86' lang='lat' dir='ltr'><strong>angusta</strong></span> <span class='ocrx_word' id='word_1_380' title='bbox 849 3546 1022 3613; x_wconf 84' lang='lat' dir='ltr'><strong>porta</strong></span> <span class='ocrx_word' id='word_1_381' title='bbox 1051 3549 1106 3597; x_wconf 91' lang='lat' dir='ltr'><strong>et</strong></span> <span class='ocrx_word' id='word_1_382' title='bbox 1133 3541 1324 3598; x_wconf 85' lang='lat' dir='ltr'><strong>stricta</strong></span> <span class='ocrx_word' id='word_1_383' title='bbox 1361 3543 1456 3598; x_wconf 87' lang='lat' dir='ltr'><strong>via</strong></span> <span class='ocrx_word' id='word_1_384' title='bbox 1476 3557 1611 3614; x_wconf 73' lang='lat' dir='ltr'><strong>quae</strong></span> <span class='ocrx_word' id='word_1_385' title='bbox 1643 3540 1803 3598; x_wconf 90' lang='lat' dir='ltr'><strong>ducit</strong></span> <span class='ocrx_word' id='word_1_386' title='bbox 1827 3543 1905 3599; x_wconf 88' lang='lat' dir='ltr'><strong>ad</strong></span> <span class='ocrx_word' id='word_1_387' title='bbox 1936 3543 2135 3600; x_wconf 86' lang='lat' dir='ltr'><strong>vitam.</strong></span> 
     </span>
    </p>
   </div>
   <div class='ocr_carea' id='block_1_57' title="bbox 630 3717 2203 3793">
    <p class='ocr_par' dir='ltr' id='par_1_57' title="bbox 630 3717 2203 3793">
     <span class='ocr_line' id='line_1_57' title="bbox 630 3717 2203 3793; baseline 0.004 -19"><span class='ocrx_word' id='word_1_388' title='bbox 630 3718 776 3790; x_wconf 90' lang='lat' dir='ltr'><strong>Cap.</strong></span> <span class='ocrx_word' id='word_1_389' title='bbox 815 3717 925 3783; x_wconf 84' lang='lat' dir='ltr'><strong>XII,</strong></span> <span class='ocrx_word' id='word_1_390' title='bbox 958 3732 1114 3773; x_wconf 90' lang='lat' dir='ltr'><strong>vers.</strong></span> <span class='ocrx_word' id='word_1_391' title='bbox 1166 3717 1223 3774; x_wconf 82' lang='grc'><strong>1.</strong></span> <span class='ocrx_word' id='word_1_392' title='bbox 1264 3717 1336 3774; x_wconf 83' lang='lat' dir='ltr'><em>In</em></span> <span class='ocrx_word' id='word_1_393' title='bbox 1360 3719 1465 3776; x_wconf 85' lang='lat' dir='ltr'><strong>illo</strong></span> <span class='ocrx_word' id='word_1_394' title='bbox 1517 3750 1578 3759; x_wconf 93' lang='lat'>—</span> <span class='ocrx_word' id='word_1_395' title='bbox 1630 3729 1864 3792; x_wconf 78' lang='lat' dir='ltr'><strong>segetes.</strong></span> <span class='ocrx_word' id='word_1_396' title='bbox 1908 3722 2203 3793; x_wconf 82' lang='lat' dir='ltr'><strong>Sabbatis,</strong></span> 
     </span>
    </p>
   </div>
   <div class='ocr_carea' id='block_1_58' title="bbox 555 3805 2208 3883">
    <p class='ocr_par' dir='ltr' id='par_1_58' title="bbox 555 3805 2208 3883">
     <span class='ocr_line' id='line_1_58' title="bbox 555 3805 2208 3883; baseline 0.003 -20"><span class='ocrx_word' id='word_1_397' title='bbox 555 3805 669 3864; x_wconf 89' lang='lat' dir='ltr'><strong>hoc</strong></span> <span class='ocrx_word' id='word_1_398' title='bbox 705 3810 810 3873; x_wconf 86' lang='lat' dir='ltr'><strong>est,</strong></span> <span class='ocrx_word' id='word_1_399' title='bbox 843 3806 937 3863; x_wconf 92' lang='lat' dir='ltr'><strong>die</strong></span> <span class='ocrx_word' id='word_1_400' title='bbox 960 3807 1224 3864; x_wconf 87' lang='lat' dir='ltr'><strong>Sabbati.</strong></span> <span class='ocrx_word' id='word_1_401' title='bbox 1254 3807 1506 3878; x_wconf 85' lang='lat' dir='ltr'><strong>Segetes,</strong></span> <span class='ocrx_word' id='word_1_402' title='bbox 1540 3807 1656 3865; x_wconf 91' lang='lat' dir='ltr'><strong>hoc</strong></span> <span class='ocrx_word' id='word_1_403' title='bbox 1685 3815 1793 3882; x_wconf 88' lang='lat' dir='ltr'><strong>est,</strong></span> <span class='ocrx_word' id='word_1_404' title='bbox 1827 3827 2001 3883; x_wconf 74' lang='lat' dir='ltr'><strong>agros</strong></span> <span class='ocrx_word' id='word_1_405' title='bbox 2035 3813 2208 3868; x_wconf 90' lang='lat' dir='ltr'><strong>semi-</strong></span> 
     </span>
    </p>
   </div>
   <div class='ocr_carea' id='block_1_59' title="bbox 557 3897 1085 3954">
    <p class='ocr_par' dir='ltr' id='par_1_59' title="bbox 557 3897 1085 3954">
     <span class='ocr_line' id='line_1_59' title="bbox 557 3897 1085 3954; baseline 0.004 -2"><span class='ocrx_word' id='word_1_406' title='bbox 557 3901 727 3953; x_wconf 89' lang='lat' dir='ltr'><strong>natos</strong></span> <span class='ocrx_word' id='word_1_407' title='bbox 752 3897 1085 3954; x_wconf 78' lang='lat' dir='ltr'><strong>frumentis.</strong></span> 
     </span>
    </p>
   </div>
   <div class='ocr_carea' id='block_1_60' title="bbox 632 3984 2203 4053">
    <p class='ocr_par' dir='ltr' id='par_1_60' title="bbox 632 3984 2203 4053">
     <span class='ocr_line' id='line_1_60' title="bbox 632 3984 2203 4053; baseline 0.003 -13"><span class='ocrx_word' id='word_1_408' title='bbox 632 3987 791 4040; x_wconf 85' lang='lat' dir='ltr'><strong>Vers.</strong></span> <span class='ocrx_word' id='word_1_409' title='bbox 847 3987 906 4041; x_wconf 83' lang='grc'><strong>1.</strong></span> <span class='ocrx_word' id='word_1_410' title='bbox 941 3984 1231 4053; x_wconf 81' lang='lat' dir='ltr'><strong>Discipuli</strong></span> <span class='ocrx_word' id='word_1_411' title='bbox 1249 4001 1374 4039; x_wconf 84' lang='lat' dir='ltr'><strong>vero</strong></span> <span class='ocrx_word' id='word_1_412' title='bbox 1405 4015 1474 4024; x_wconf 91' lang='lat'><strong>—</strong></span> <span class='ocrx_word' id='word_1_413' title='bbox 1502 3985 1805 4042; x_wconf 86' lang='lat' dir='ltr'><strong>comedere.</strong></span> <span class='ocrx_word' id='word_1_414' title='bbox 1838 3990 2064 4044; x_wconf 85' lang='lat' dir='ltr'><strong>Marcus</strong></span> <span class='ocrx_word' id='word_1_415' title='bbox 2103 4006 2203 4046; x_wconf 87' lang='lat' dir='ltr'><strong>au-</strong></span> 
     </span>
    </p>
   </div>
   <div class='ocr_carea' id='block_1_61' title="bbox 557 4072 2209 4142">
    <p class='ocr_par' dir='ltr' id='par_1_61' title="bbox 557 4072 2209 4142">
     <span class='ocr_line' id='line_1_61' title="bbox 557 4072 2209 4142; baseline 0.001 -11"><span class='ocrx_word' id='word_1_416' title='bbox 557 4079 678 4131; x_wconf 88' lang='lat' dir='ltr'><strong>tem</strong></span> <span class='ocrx_word' id='word_1_417' title='bbox 709 4072 892 4127; x_wconf 78' lang='lat' dir='ltr'><strong>dixit:</strong></span> <span class='ocrx_word' id='word_1_418' title='bbox 930 4073 1245 4139; x_wconf 78' lang='lat' dir='ltr'><strong>Coeperunt</strong></span> <span class='ocrx_word' id='word_1_419' title='bbox 1275 4073 1553 4142; x_wconf 83' lang='lat' dir='ltr'><strong>discipuli</strong></span> <span class='ocrx_word' id='word_1_420' title='bbox 1575 4076 1700 4142; x_wconf 86' lang='lat' dir='ltr'><strong>ejus</strong></span> <span class='ocrx_word' id='word_1_421' title='bbox 1727 4075 1883 4130; x_wconf 80' lang='lat' dir='ltr'><strong>inter</strong></span> <span class='ocrx_word' id='word_1_422' title='bbox 1911 4077 2209 4132; x_wconf 82' lang='lat' dir='ltr'><strong>ambulan-</strong></span> 
     </span>
    </p>
   </div>
   <div class='ocr_carea' id='block_1_62' title="bbox 558 4157 2206 4234">
    <p class='ocr_par' dir='ltr' id='par_1_62' title="bbox 558 4157 2206 4234">
     <span class='ocr_line' id='line_1_62' title="bbox 558 4157 2206 4234; baseline 0.002 -18"><span class='ocrx_word' id='word_1_423' title='bbox 558 4161 701 4216; x_wconf 82' lang='lat' dir='ltr'><strong>dum</strong></span> <span class='ocrx_word' id='word_1_424' title='bbox 727 4160 940 4215; x_wconf 84' lang='lat' dir='ltr'><strong>vellere</strong></span> <span class='ocrx_word' id='word_1_425' title='bbox 965 4157 1152 4229; x_wconf 81' lang='lat' dir='ltr'><strong>spicas</strong></span> <span class='ocrx_word' id='word_1_426' title='bbox 1184 4159 1231 4192; x_wconf 83' lang='grc'>⁶²</span> <span class='ocrx_word' id='word_1_427' title='bbox 1259 4159 1407 4222; x_wconf 87' lang='lat' dir='ltr'><strong>Quia</strong></span> <span class='ocrx_word' id='word_1_428' title='bbox 1445 4162 1600 4214; x_wconf 91' lang='lat' dir='ltr'><strong>enim</strong></span> <span class='ocrx_word' id='word_1_429' title='bbox 1636 4177 1739 4231; x_wconf 89' lang='lat' dir='ltr'><strong>per</strong></span> <span class='ocrx_word' id='word_1_430' title='bbox 1784 4163 2011 4218; x_wconf 88' lang='lat' dir='ltr'><strong>medias</strong></span> <span class='ocrx_word' id='word_1_431' title='bbox 2044 4181 2206 4234; x_wconf 71' lang='lat' dir='ltr'><strong>sege-</strong></span> 
     </span>
    </p>
   </div>
   <div class='ocr_carea' id='block_1_63' title="bbox 2312 1680 3929 1761">
    <p class='ocr_par' dir='ltr' id='par_1_63' title="bbox 2312 1680 3929 1761">
     <span class='ocr_line' id='line_1_63' title="bbox 2312 1680 3929 1761; baseline 0.004 -30"><span class='ocrx_word' id='word_1_432' title='bbox 2312 1686 2402 1732; x_wconf 81' lang='grc' dir='ltr'><strong>καὶ</strong></span> <span class='ocrx_word' id='word_1_433' title='bbox 2458 1680 2630 1746; x_wconf 83' lang='grc' dir='ltr'><strong>εἰπὼν,</strong></span> <span class='ocrx_word' id='word_1_434' title='bbox 2710 1681 2788 1733; x_wconf 72' lang='grc' dir='ltr'><strong>ὅτι</strong></span> <span class='ocrx_word' id='word_1_435' title='bbox 2862 1686 3027 1755; x_wconf 85' lang='grc' dir='ltr'><strong>Πρᾶὸς</strong></span> <span class='ocrx_word' id='word_1_436' title='bbox 3115 1683 3242 1754; x_wconf 81' lang='grc' dir='ltr'><strong>εἰμι,</strong></span> <span class='ocrx_word' id='word_1_437' title='bbox 3322 1682 3704 1756; x_wconf 66' lang='grc' dir='ltr'><strong>ἓρηρμήνευσεν</strong></span> <span class='ocrx_word' id='word_1_438' title='bbox 3790 1686 3929 1761; x_wconf 82' lang='grc' dir='ltr'><strong>ὅπερ</strong></span> 
     </span>
    </p>
   </div>
   <div class='ocr_carea' id='block_1_64' title="bbox 2315 1767 3932 1845">
    <p class='ocr_par' dir='ltr' id='par_1_64' title="bbox 2315 1767 3932 1845">
     <span class='ocr_line' id='line_1_64' title="bbox 2315 1767 3932 1845; baseline 0.003 -23"><span class='ocrx_word' id='word_1_439' title='bbox 2315 1767 2439 1836; x_wconf 79' lang='grc' dir='ltr'><strong>εἶπε,</strong></span> <span class='ocrx_word' id='word_1_440' title='bbox 2492 1775 2580 1821; x_wconf 88' lang='grc' dir='ltr'><strong>καί</strong></span> <span class='ocrx_word' id='word_1_441' title='bbox 2629 1774 2810 1822; x_wconf 80' lang='grc' dir='ltr'><strong>σκόπει</strong></span> <span class='ocrx_word' id='word_1_442' title='bbox 2849 1775 2941 1828; x_wconf 82' lang='grc' dir='ltr'><strong>τὴν</strong></span> <span class='ocrx_word' id='word_1_443' title='bbox 2972 1773 3300 1845; x_wconf 79' lang='grc' dir='ltr'><strong>προσθήκην,</strong></span> <span class='ocrx_word' id='word_1_444' title='bbox 3335 1772 3411 1824; x_wconf 77' lang='grc' dir='ltr'><strong>Οὐ</strong></span> <span class='ocrx_word' id='word_1_445' title='bbox 3467 1774 3567 1845; x_wconf 79' lang='grc' dir='ltr'><strong>γὰρ</strong></span> <span class='ocrx_word' id='word_1_446' title='bbox 3625 1770 3781 1840; x_wconf 85' lang='grc' dir='ltr'><strong>εἶπεν,</strong></span> <span class='ocrx_word' id='word_1_447' title='bbox 3837 1776 3932 1828; x_wconf 84' lang='grc' dir='ltr'><strong>ὅτι</strong></span> 
     </span>
    </p>
   </div>
   <div class='ocr_carea' id='block_1_65' title="bbox 2313 1859 3927 1937">
    <p class='ocr_par' dir='ltr' id='par_1_65' title="bbox 2313 1859 3927 1937">
     <span class='ocr_line' id='line_1_65' title="bbox 2313 1859 3927 1937; baseline 0.004 -27"><span class='ocrx_word' id='word_1_448' title='bbox 2313 1865 2552 1921; x_wconf 80' lang='grc' dir='ltr'><strong>ταπεινὸς</strong></span> <span class='ocrx_word' id='word_1_449' title='bbox 2581 1865 2757 1932; x_wconf 84' lang='grc' dir='ltr'><strong>μόνον,</strong></span> <span class='ocrx_word' id='word_1_450' title='bbox 2797 1859 2906 1912; x_wconf 86' lang='grc' dir='ltr'><strong>ἀλλ’</strong></span> <span class='ocrx_word' id='word_1_451' title='bbox 2964 1862 3044 1912; x_wconf 86' lang='grc' dir='ltr'><strong>ὅτι</strong></span> <span class='ocrx_word' id='word_1_452' title='bbox 3104 1864 3340 1924; x_wconf 85' lang='grc' dir='ltr'><strong>ταπεινὸς</strong></span> <span class='ocrx_word' id='word_1_453' title='bbox 3381 1870 3442 1935; x_wconf 76' lang='grc' dir='ltr'><strong>τῇ</strong></span> <span class='ocrx_word' id='word_1_454' title='bbox 3499 1859 3715 1937; x_wconf 78' lang='grc' dir='ltr'><strong>καρδίᾳ,</strong></span> <span class='ocrx_word' id='word_1_455' title='bbox 3763 1883 3927 1917; x_wconf 81' lang='grc' dir='ltr'><strong>τουτ-</strong></span> 
     </span>
    </p>
   </div>
   <div class='ocr_carea' id='block_1_66' title="bbox 2314 1947 3925 2027">
    <p class='ocr_par' dir='ltr' id='par_1_66' title="bbox 2314 1947 3925 2027">
     <span class='ocr_line' id='line_1_66' title="bbox 2314 1947 3925 2027; baseline 0.004 -28"><span class='ocrx_word' id='word_1_456' title='bbox 2314 1947 2449 2013; x_wconf 76' lang='grc' dir='ltr'><strong>έστι,</strong></span> <span class='ocrx_word' id='word_1_457' title='bbox 2533 1951 2772 2009; x_wconf 85' lang='grc' dir='ltr'><strong>ταπεινὸς</strong></span> <span class='ocrx_word' id='word_1_458' title='bbox 2849 1956 2911 2021; x_wconf 76' lang='grc' dir='ltr'><strong>τῇ</strong></span> <span class='ocrx_word' id='word_1_459' title='bbox 2986 1947 3140 2021; x_wconf 76' lang='grc' dir='ltr'><strong>ψυχῇ</strong></span> <span class='ocrx_word' id='word_1_460' title='bbox 3198 1955 3518 2024; x_wconf 82' lang='grc' dir='ltr'><strong>προαιρέσει·</strong></span> <span class='ocrx_word' id='word_1_461' title='bbox 3578 1951 3636 2004; x_wconf 81' lang='grc' dir='ltr'><strong><em>Ἡ</em></strong></span> <span class='ocrx_word' id='word_1_462' title='bbox 3697 1955 3802 2027; x_wconf 79' lang='grc' dir='ltr'><strong>γὰρ</strong></span> <span class='ocrx_word' id='word_1_463' title='bbox 3866 1953 3925 2006; x_wconf 81' lang='grc' dir='ltr'><strong>ἐκ</strong></span> 
     </span>
    </p>
   </div>
   <div class='ocr_carea' id='block_1_67' title="bbox 2315 2037 3923 2111">
    <p class='ocr_par' dir='ltr' id='par_1_67' title="bbox 2315 2037 3923 2111">
     <span class='ocr_line' id='line_1_67' title="bbox 2315 2037 3923 2111; baseline 0.005 -24"><span class='ocrx_word' id='word_1_464' title='bbox 2315 2037 2662 2110; x_wconf 79' lang='grc' dir='ltr'><strong>περιστάσεως</strong></span> <span class='ocrx_word' id='word_1_465' title='bbox 2723 2043 3029 2098; x_wconf 82' lang='grc' dir='ltr'><strong>ταπείνωσις</strong></span> <span class='ocrx_word' id='word_1_466' title='bbox 3085 2039 3340 2111; x_wconf 83' lang='grc' dir='ltr'><strong>ἄκαρπος,</strong></span> <span class='ocrx_word' id='word_1_467' title='bbox 3391 2042 3460 2101; x_wconf 86' lang='grc' dir='ltr'><strong>ὡς</strong></span> <span class='ocrx_word' id='word_1_468' title='bbox 3502 2039 3807 2104; x_wconf 79' lang='grc' dir='ltr'><strong>ἐπιπόλαιος</strong></span> <span class='ocrx_word' id='word_1_469' title='bbox 3869 2063 3923 2096; x_wconf 91' lang='grc' dir='ltr'><strong>τε</strong></span> 
     </span>
    </p>
   </div>
   <div class='ocr_carea' id='block_1_68' title="bbox 2314 2121 3921 2199">
    <p class='ocr_par' dir='ltr' id='par_1_68' title="bbox 2314 2121 3921 2199">
     <span class='ocr_line' id='line_1_68' title="bbox 2314 2121 3921 2199; baseline 0.006 -25"><span class='ocrx_word' id='word_1_470' title='bbox 2314 2129 2402 2175; x_wconf 84' lang='grc' dir='ltr'><strong>καὶ</strong></span> <span class='ocrx_word' id='word_1_471' title='bbox 2455 2121 2812 2199; x_wconf 84' lang='grc' dir='ltr'><strong>ἀπροαίρετος.</strong></span> <span class='ocrx_word' id='word_1_472' title='bbox 2870 2130 2974 2183; x_wconf 79' lang='grc' dir='ltr'><strong>Τὴν</strong></span> <span class='ocrx_word' id='word_1_473' title='bbox 3032 2132 3338 2179; x_wconf 87' lang='grc' dir='ltr'><strong>ταπείνωσιν</strong></span> <span class='ocrx_word' id='word_1_474' title='bbox 3396 2125 3455 2180; x_wconf 70' lang='grc' dir='ltr'><strong>δὲ</strong></span> <span class='ocrx_word' id='word_1_475' title='bbox 3515 2129 3668 2181; x_wconf 79' lang='grc' dir='ltr'><strong>πάλιν</strong></span> <span class='ocrx_word' id='word_1_476' title='bbox 3737 2131 3921 2192; x_wconf 71' lang='grc' dir='ltr'><strong>αὐτοῖς</strong></span> 
     </span>
    </p>
   </div>
   <div class='ocr_carea' id='block_1_69' title="bbox 2314 2213 3912 2289">
    <p class='ocr_par' dir='ltr' id='par_1_69' title="bbox 2314 2213 3912 2289">
     <span class='ocr_line' id='line_1_69' title="bbox 2314 2213 3912 2289; baseline 0.006 -25"><span class='ocrx_word' id='word_1_477' title='bbox 2314 2215 2615 2287; x_wconf 81' lang='grc' dir='ltr'><strong>προέτεινεν,</strong></span> <span class='ocrx_word' id='word_1_478' title='bbox 2665 2214 2729 2272; x_wconf 83' lang='grc' dir='ltr'><strong>ὡς</strong></span> <span class='ocrx_word' id='word_1_479' title='bbox 2771 2213 2923 2287; x_wconf 82' lang='grc' dir='ltr'><strong>ῥίζαν</strong></span> <span class='ocrx_word' id='word_1_480' title='bbox 2979 2213 3184 2274; x_wconf 80' lang='grc' dir='ltr'><strong>ἁπάσης</strong></span> <span class='ocrx_word' id='word_1_481' title='bbox 3237 2215 3441 2289; x_wconf 85' lang='grc' dir='ltr'><strong>ἀρετῆς·</strong></span> <span class='ocrx_word' id='word_1_482' title='bbox 3485 2216 3665 2270; x_wconf 82' lang='grc' dir='ltr'><strong>ἑαυτὸν</strong></span> <span class='ocrx_word' id='word_1_483' title='bbox 3709 2215 3769 2272; x_wconf 75' lang='grc' dir='ltr'><strong>δε</strong></span> <span class='ocrx_word' id='word_1_484' title='bbox 3818 2241 3912 2272; x_wconf 83' lang='grc' dir='ltr'><strong>πα-</strong></span> 
     </span>
    </p>
   </div>
   <div class='ocr_carea' id='block_1_70' title="bbox 2312 2297 3908 2380">
    <p class='ocr_par' dir='ltr' id='par_1_70' title="bbox 2312 2297 3908 2380">
     <span class='ocr_line' id='line_1_70' title="bbox 2312 2297 3908 2380; baseline 0.006 -28"><span class='ocrx_word' id='word_1_485' title='bbox 2312 2297 2574 2375; x_wconf 80' lang='grc' dir='ltr'><strong>ράδειγμα</strong></span> <span class='ocrx_word' id='word_1_486' title='bbox 2623 2301 2734 2373; x_wconf 85' lang='grc'>(59)</span> <span class='ocrx_word' id='word_1_487' title='bbox 2784 2307 3171 2376; x_wconf 81' lang='grc' dir='ltr'><strong>προεστήσατο,</strong></span> <span class='ocrx_word' id='word_1_488' title='bbox 3219 2313 3377 2356; x_wconf 79' lang='grc' dir='ltr'><strong>ποιῶν</strong></span> <span class='ocrx_word' id='word_1_489' title='bbox 3412 2302 3802 2380; x_wconf 76' lang='grc' dir='ltr'><strong>εὐπαρὰδεκτον</strong></span> <span class='ocrx_word' id='word_1_490' title='bbox 3827 2313 3908 2361; x_wconf 84' lang='grc' dir='ltr'><strong>τὸν</strong></span> 
     </span>
    </p>
   </div>
   <div class='ocr_carea' id='block_1_71' title="bbox 2313 2390 2490 2460">
    <p class='ocr_par' dir='ltr' id='par_1_71' title="bbox 2313 2390 2490 2460">
     <span class='ocr_line' id='line_1_71' title="bbox 2313 2390 2490 2460; baseline 0.011 -19"><span class='ocrx_word' id='word_1_491' title='bbox 2313 2390 2464 2460; x_wconf 86' lang='grc' dir='ltr'><strong>λόγον</strong></span> <span class='ocrx_word' id='word_1_492' title='bbox 2477 2431 2490 2443; x_wconf 97' lang='grc'><strong>.</strong></span> 
     </span>
    </p>
   </div>
   <div class='ocr_carea' id='block_1_72' title="bbox 2394 2479 3919 2558">
    <p class='ocr_par' dir='ltr' id='par_1_72' title="bbox 2394 2479 3919 2558">
     <span class='ocr_line' id='line_1_72' title="bbox 2394 2479 3919 2558; baseline 0.005 -28"><span class='ocrx_word' id='word_1_493' title='bbox 2394 2483 2492 2530; x_wconf 86' lang='grc' dir='ltr'><strong>Καί</strong></span> <span class='ocrx_word' id='word_1_494' title='bbox 2523 2509 2589 2518; x_wconf 90' lang='grc'><strong>-</strong></span> <span class='ocrx_word' id='word_1_495' title='bbox 2616 2479 2774 2550; x_wconf 83' lang='grc' dir='ltr'><strong>ὑμῶν.</strong></span> <span class='ocrx_word' id='word_1_496' title='bbox 2822 2480 2879 2533; x_wconf 89' lang='grc' dir='ltr'><strong>Ὀ</strong></span> <span class='ocrx_word' id='word_1_497' title='bbox 2921 2482 3022 2554; x_wconf 81' lang='grc' dir='ltr'><strong>γὰρ</strong></span> <span class='ocrx_word' id='word_1_498' title='bbox 3057 2483 3312 2548; x_wconf 85' lang='grc' dir='ltr'><strong>ταπεινὸς,</strong></span> <span class='ocrx_word' id='word_1_499' title='bbox 3345 2485 3514 2535; x_wconf 82' lang='grc' dir='ltr'><strong>πάντα</strong></span> <span class='ocrx_word' id='word_1_500' title='bbox 3547 2485 3648 2536; x_wconf 88' lang='grc' dir='ltr'><strong>ὃσα</strong></span> <span class='ocrx_word' id='word_1_501' title='bbox 3684 2488 3919 2558; x_wconf 79' lang='grc' dir='ltr'><strong>πάσχει,</strong></span> 
     </span>
    </p>
   </div>
   <div class='ocr_carea' id='block_1_73' title="bbox 2316 2564 3921 2642">
    <p class='ocr_par' dir='ltr' id='par_1_73' title="bbox 2316 2564 3921 2642">
     <span class='ocr_line' id='line_1_73' title="bbox 2316 2564 3921 2642; baseline 0.006 -24"><span class='ocrx_word' id='word_1_502' title='bbox 2316 2570 2448 2618; x_wconf 76' lang='grc' dir='ltr'><strong>κατὰ</strong></span> <span class='ocrx_word' id='word_1_503' title='bbox 2496 2567 2644 2637; x_wconf 86' lang='grc' dir='ltr'><strong>λόγον</strong></span> <span class='ocrx_word' id='word_1_504' title='bbox 2684 2569 2913 2637; x_wconf 78' lang='grc' dir='ltr'><strong>πάσχειν</strong></span> <span class='ocrx_word' id='word_1_505' title='bbox 2962 2564 3150 2634; x_wconf 81' lang='grc' dir='ltr'><strong>δοκῶν,</strong></span> <span class='ocrx_word' id='word_1_506' title='bbox 3185 2569 3242 2620; x_wconf 74' lang='grc' dir='ltr'><strong>οὖ</strong></span> <span class='ocrx_word' id='word_1_507' title='bbox 3283 2573 3623 2642; x_wconf 82' lang='grc' dir='ltr'><strong>ταράσσεται.</strong></span> <span class='ocrx_word' id='word_1_508' title='bbox 3680 2578 3824 2634; x_wconf 73' lang='grc' dir='ltr'><strong>Τινὲς</strong></span> <span class='ocrx_word' id='word_1_509' title='bbox 3859 2572 3921 2628; x_wconf 68' lang='grc' dir='ltr'><strong>δι</strong></span> 
     </span>
    </p>
   </div>
   <div class='ocr_carea' id='block_1_74' title="bbox 2318 2655 3411 2729">
    <p class='ocr_par' dir='ltr' id='par_1_74' title="bbox 2318 2655 3411 2729">
     <span class='ocr_line' id='line_1_74' title="bbox 2318 2655 3411 2729; baseline 0.005 -23"><span class='ocrx_word' id='word_1_510' title='bbox 2318 2655 2628 2726; x_wconf 80' lang='grc' dir='ltr'><strong>ἀνάπαυσιν,</strong></span> <span class='ocrx_word' id='word_1_511' title='bbox 2662 2659 2756 2714; x_wconf 80' lang='grc' dir='ltr'><strong>τήν</strong></span> <span class='ocrx_word' id='word_1_512' title='bbox 2791 2655 2992 2707; x_wconf 85' lang='grc' dir='ltr'><strong>αἰώνιον</strong></span> <span class='ocrx_word' id='word_1_513' title='bbox 3024 2657 3411 2729; x_wconf 80' lang='grc' dir='ltr'><strong>ἑρμηνεύουσιν.</strong></span> 
     </span>
    </p>
   </div>
   <div class='ocr_carea' id='block_1_75' title="bbox 2387 2832 3901 2908">
    <p class='ocr_par' dir='ltr' id='par_1_75' title="bbox 2387 2832 3901 2908">
     <span class='ocr_line' id='line_1_75' title="bbox 2387 2832 3901 2908; baseline 0.003 -23"><span class='ocrx_word' id='word_1_514' title='bbox 2387 2832 2444 2885; x_wconf 78' lang='grc' dir='ltr'><strong>Ὀ</strong></span> <span class='ocrx_word' id='word_1_515' title='bbox 2497 2836 2596 2906; x_wconf 76' lang='grc' dir='ltr'><strong>γὰρ</strong></span> <span class='ocrx_word' id='word_1_516' title='bbox 2650 2833 2808 2903; x_wconf 79' lang='grc' dir='ltr'><strong>ζῡγὸς</strong></span> <span class='ocrx_word' id='word_1_517' title='bbox 2860 2865 2927 2872; x_wconf 88' lang='grc'><strong>-</strong></span> <span class='ocrx_word' id='word_1_518' title='bbox 2981 2832 3192 2908; x_wconf 76' lang='grc' dir='ltr'><strong>ἐλαφρὸν</strong></span> <span class='ocrx_word' id='word_1_519' title='bbox 3238 2833 3370 2889; x_wconf 80' lang='grc' dir='ltr'><strong>ἔστι.</strong></span> <span class='ocrx_word' id='word_1_520' title='bbox 3407 2839 3504 2888; x_wconf 88' lang='grc' dir='ltr'><strong>Τὸν</strong></span> <span class='ocrx_word' id='word_1_521' title='bbox 3555 2840 3725 2908; x_wconf 82' lang='grc' dir='ltr'><strong>ζυγὸν,</strong></span> <span class='ocrx_word' id='word_1_522' title='bbox 3777 2837 3901 2889; x_wconf 70' lang='grc' dir='ltr'><strong>ἑκά-</strong></span> 
     </span>
    </p>
   </div>
   <div class='ocr_carea' id='block_1_76' title="bbox 2317 2919 3914 2998">
    <p class='ocr_par' dir='ltr' id='par_1_76' title="bbox 2317 2919 3914 2998">
     <span class='ocr_line' id='line_1_76' title="bbox 2317 2919 3914 2998; baseline 0.003 -25"><span class='ocrx_word' id='word_1_523' title='bbox 2317 2921 2432 2973; x_wconf 89' lang='grc' dir='ltr'><strong>λεσε</strong></span> <span class='ocrx_word' id='word_1_524' title='bbox 2461 2926 2548 2972; x_wconf 84' lang='grc' dir='ltr'><strong>καὶ</strong></span> <span class='ocrx_word' id='word_1_525' title='bbox 2601 2925 2825 2995; x_wconf 74' lang='grc' dir='ltr'><strong>φορτίον·</strong></span> <span class='ocrx_word' id='word_1_526' title='bbox 2887 2919 3013 2972; x_wconf 79' lang='grc' dir='ltr'><strong>ἀλλά</strong></span> <span class='ocrx_word' id='word_1_527' title='bbox 3064 2924 3219 2992; x_wconf 85' lang='grc' dir='ltr'><strong>ζυγὸν</strong></span> <span class='ocrx_word' id='word_1_528' title='bbox 3277 2927 3384 2991; x_wconf 75' lang='grc' dir='ltr'><strong>μὲν,</strong></span> <span class='ocrx_word' id='word_1_529' title='bbox 3434 2920 3526 2976; x_wconf 81' lang='grc' dir='ltr'><strong>διὰ</strong></span> <span class='ocrx_word' id='word_1_530' title='bbox 3586 2929 3680 2983; x_wconf 76' lang='grc' dir='ltr'><strong>τὴν</strong></span> <span class='ocrx_word' id='word_1_531' title='bbox 3727 2925 3914 2998; x_wconf 81' lang='grc' dir='ltr'><strong>ῥηθεῖ-</strong></span> 
     </span>
    </p>
   </div>
   <div class='ocr_carea' id='block_1_77' title="bbox 2323 3006 3919 3089">
    <p class='ocr_par' dir='ltr' id='par_1_77' title="bbox 2323 3006 3919 3089">
     <span class='ocr_line' id='line_1_77' title="bbox 2323 3006 3919 3089; baseline 0.004 -28"><span class='ocrx_word' id='word_1_532' title='bbox 2323 3030 2416 3062; x_wconf 89' lang='grc' dir='ltr'><strong>σαν</strong></span> <span class='ocrx_word' id='word_1_533' title='bbox 2447 3009 2639 3061; x_wconf 72' lang='grc' dir='ltr'><strong>αἰτίαν·</strong></span> <span class='ocrx_word' id='word_1_534' title='bbox 2683 3014 2887 3084; x_wconf 78' lang='grc' dir='ltr'><strong>φορτίον</strong></span> <span class='ocrx_word' id='word_1_535' title='bbox 2934 3006 3011 3075; x_wconf 74' lang='grc' dir='ltr'><strong>δε,</strong></span> <span class='ocrx_word' id='word_1_536' title='bbox 3055 3007 3148 3062; x_wconf 76' lang='grc' dir='ltr'><strong>διὰ</strong></span> <span class='ocrx_word' id='word_1_537' title='bbox 3203 3014 3262 3062; x_wconf 88' lang='grc' dir='ltr'><strong>τὸ</strong></span> <span class='ocrx_word' id='word_1_538' title='bbox 3326 3011 3505 3086; x_wconf 85' lang='grc' dir='ltr'><strong>βαρεῖν</strong></span> <span class='ocrx_word' id='word_1_539' title='bbox 3550 3018 3682 3086; x_wconf 83' lang='grc' dir='ltr'><strong>πρὸς</strong></span> <span class='ocrx_word' id='word_1_540' title='bbox 3732 3019 3919 3089; x_wconf 84' lang='grc' dir='ltr'><strong>καιρὸν</strong></span> 
     </span>
    </p>
   </div>
   <div class='ocr_carea' id='block_1_78' title="bbox 2319 3095 3919 3174">
    <p class='ocr_par' dir='ltr' id='par_1_78' title="bbox 2319 3095 3919 3174">
     <span class='ocr_line' id='line_1_78' title="bbox 2319 3095 3919 3174; baseline 0.006 -26"><span class='ocrx_word' id='word_1_541' title='bbox 2319 3102 2433 3158; x_wconf 73' lang='grc' dir='ltr'><strong>τοὺς</strong></span> <span class='ocrx_word' id='word_1_542' title='bbox 2501 3098 2881 3169; x_wconf 78' lang='grc' dir='ltr'><strong>ἀγυμνάστους.</strong></span> <span class='ocrx_word' id='word_1_543' title='bbox 2940 3097 3076 3171; x_wconf 87' lang='grc' dir='ltr'><strong>Ὅρα</strong></span> <span class='ocrx_word' id='word_1_544' title='bbox 3140 3095 3219 3167; x_wconf 73' lang='grc' dir='ltr'><strong>δὲ,</strong></span> <span class='ocrx_word' id='word_1_545' title='bbox 3284 3109 3391 3162; x_wconf 85' lang='grc' dir='ltr'><strong>πῶς</strong></span> <span class='ocrx_word' id='word_1_546' title='bbox 3445 3105 3534 3154; x_wconf 85' lang='grc' dir='ltr'><strong>καὶ</strong></span> <span class='ocrx_word' id='word_1_547' title='bbox 3577 3102 3736 3174; x_wconf 79' lang='grc' dir='ltr'><strong>ζυγὸν</strong></span> <span class='ocrx_word' id='word_1_548' title='bbox 3807 3101 3919 3158; x_wconf 84' lang='grc' dir='ltr'><strong>εἶπε</strong></span> 
     </span>
    </p>
   </div>
   <div class='ocr_carea' id='block_1_79' title="bbox 2318 3185 3920 3263">
    <p class='ocr_par' dir='ltr' id='par_1_79' title="bbox 2318 3185 3920 3263">
     <span class='ocr_line' id='line_1_79' title="bbox 2318 3185 3920 3263; baseline 0.004 -25"><span class='ocrx_word' id='word_1_549' title='bbox 2318 3192 2408 3238; x_wconf 86' lang='grc' dir='ltr'><strong>καὶ</strong></span> <span class='ocrx_word' id='word_1_550' title='bbox 2451 3189 2688 3258; x_wconf 86' lang='grc' dir='ltr'><strong>χτηστὸν</strong></span> <span class='ocrx_word' id='word_1_551' title='bbox 2741 3185 2964 3251; x_wconf 79' lang='grc' dir='ltr'><strong>ἐκάλεσε,</strong></span> <span class='ocrx_word' id='word_1_552' title='bbox 3022 3191 3110 3239; x_wconf 84' lang='grc' dir='ltr'><strong>καὶ</strong></span> <span class='ocrx_word' id='word_1_553' title='bbox 3168 3194 3373 3262; x_wconf 76' lang='grc' dir='ltr'><strong>φορτίον</strong></span> <span class='ocrx_word' id='word_1_554' title='bbox 3425 3193 3616 3263; x_wconf 81' lang='grc' dir='ltr'><strong>εἴρηκε,</strong></span> <span class='ocrx_word' id='word_1_555' title='bbox 3675 3197 3764 3244; x_wconf 83' lang='grc' dir='ltr'><strong>καὶ</strong></span> <span class='ocrx_word' id='word_1_556' title='bbox 3805 3191 3920 3245; x_wconf 77' lang='grc' dir='ltr'><strong>ἐλα-</strong></span> 
     </span>
    </p>
   </div>
   <div class='ocr_carea' id='block_1_80' title="bbox 2319 3276 3921 3350">
    <p class='ocr_par' dir='ltr' id='par_1_80' title="bbox 2319 3276 3921 3350">
     <span class='ocr_line' id='line_1_80' title="bbox 2319 3276 3921 3350; baseline 0.006 -25"><span class='ocrx_word' id='word_1_557' title='bbox 2319 3279 2442 3348; x_wconf 76' lang='grc' dir='ltr'><strong>φρὸν</strong></span> <span class='ocrx_word' id='word_1_558' title='bbox 2499 3279 2938 3350; x_wconf 77' lang='grc' dir='ltr'><strong>προσηγόρευσεν·</strong></span> <span class='ocrx_word' id='word_1_559' title='bbox 2997 3276 3078 3326; x_wconf 84' lang='grc' dir='ltr'><strong>ἶνα</strong></span> <span class='ocrx_word' id='word_1_560' title='bbox 3152 3282 3283 3348; x_wconf 80' lang='grc' dir='ltr'><strong>μήτε</strong></span> <span class='ocrx_word' id='word_1_561' title='bbox 3334 3281 3397 3337; x_wconf 84' lang='grc' dir='ltr'><strong>ὡς</strong></span> <span class='ocrx_word' id='word_1_562' title='bbox 3473 3278 3691 3330; x_wconf 73' lang='grc' dir='ltr'><strong>εὖκόλων</strong></span> <span class='ocrx_word' id='word_1_563' title='bbox 3755 3301 3921 3334; x_wconf 89' lang='grc' dir='ltr'><strong>κατα-</strong></span> 
     </span>
    </p>
   </div>
   <div class='ocr_carea' id='block_1_81' title="bbox 2320 3361 3922 3437">
    <p class='ocr_par' dir='ltr' id='par_1_81' title="bbox 2320 3361 3922 3437">
     <span class='ocr_line' id='line_1_81' title="bbox 2320 3361 3922 3437; baseline 0.005 -23"><span class='ocrx_word' id='word_1_564' title='bbox 2320 3369 2599 3437; x_wconf 71' lang='grc' dir='ltr'><strong>φρονήσῃς,</strong></span> <span class='ocrx_word' id='word_1_565' title='bbox 2631 3368 2765 3437; x_wconf 79' lang='grc' dir='ltr'><strong>μήτε</strong></span> <span class='ocrx_word' id='word_1_566' title='bbox 2810 3365 2877 3424; x_wconf 85' lang='grc' dir='ltr'><strong>ὡς</strong></span> <span class='ocrx_word' id='word_1_567' title='bbox 2907 3361 3124 3416; x_wconf 74' lang='grc' dir='ltr'><strong>ἕπιπονα</strong></span> <span class='ocrx_word' id='word_1_568' title='bbox 3168 3367 3351 3437; x_wconf 71' lang='grc' dir='ltr'><strong>φύγῃς,</strong></span> <span class='ocrx_word' id='word_1_569' title='bbox 3414 3372 3566 3424; x_wconf 84' lang='grc' dir='ltr'><strong>Ζήτιι</strong></span> <span class='ocrx_word' id='word_1_570' title='bbox 3621 3365 3682 3422; x_wconf 82' lang='grc' dir='ltr'><strong>δέ</strong></span> <span class='ocrx_word' id='word_1_571' title='bbox 3726 3374 3817 3423; x_wconf 79' lang='grc' dir='ltr'><strong>καὶ</strong></span> <span class='ocrx_word' id='word_1_572' title='bbox 3843 3371 3922 3434; x_wconf 83' lang='grc' dir='ltr'><strong>εἰς</strong></span> 
     </span>
    </p>
   </div>
   <div class='ocr_carea' id='block_1_82' title="bbox 2318 3451 3922 3529">
    <p class='ocr_par' dir='ltr' id='par_1_82' title="bbox 2318 3451 3922 3529">
     <span class='ocr_line' id='line_1_82' title="bbox 2318 3451 3922 3529; baseline 0.005 -25"><span class='ocrx_word' id='word_1_573' title='bbox 2318 3457 2376 3504; x_wconf 86' lang='grc' dir='ltr'><strong>τὸ</strong></span> <span class='ocrx_word' id='word_1_574' title='bbox 2420 3455 2648 3525; x_wconf 83' lang='grc' dir='ltr'><strong>πέμπτον</strong></span> <span class='ocrx_word' id='word_1_575' title='bbox 2719 3451 3013 3525; x_wconf 72' lang='grc' dir='ltr'><strong>κεφάλαιον,</strong></span> <span class='ocrx_word' id='word_1_576' title='bbox 3065 3457 3159 3511; x_wconf 79' lang='grc' dir='ltr'><strong>τὴν</strong></span> <span class='ocrx_word' id='word_1_577' title='bbox 3208 3453 3460 3525; x_wconf 74' lang='grc' dir='ltr'><strong>ἐξήγησιν</strong></span> <span class='ocrx_word' id='word_1_578' title='bbox 3516 3464 3629 3525; x_wconf 84' lang='grc' dir='ltr'><strong>τοῦ,</strong></span> <span class='ocrx_word' id='word_1_579' title='bbox 3691 3458 3805 3529; x_wconf 85' lang='grc'>(60)</span> <span class='ocrx_word' id='word_1_580' title='bbox 3850 3464 3922 3512; x_wconf 86' lang='grc' dir='ltr'><strong>Τί</strong></span> 
     </span>
    </p>
   </div>
   <div class='ocr_carea' id='block_1_83' title="bbox 2322 3539 3918 3615">
    <p class='ocr_par' dir='ltr' id='par_1_83' title="bbox 2322 3539 3918 3615">
     <span class='ocr_line' id='line_1_83' title="bbox 2322 3539 3918 3615; baseline 0.004 -21"><span class='ocrx_word' id='word_1_581' title='bbox 2322 3547 2470 3600; x_wconf 80' lang='grc' dir='ltr'><strong>στενὴ</strong></span> <span class='ocrx_word' id='word_1_582' title='bbox 2500 3543 2530 3600; x_wconf 76' lang='grc' dir='ltr'>ἡ</span> <span class='ocrx_word' id='word_1_583' title='bbox 2557 3541 2691 3599; x_wconf 80' lang='grc' dir='ltr'><strong>πύλη</strong></span> <span class='ocrx_word' id='word_1_584' title='bbox 2725 3545 2813 3593; x_wconf 83' lang='grc' dir='ltr'><strong>καὶ</strong></span> <span class='ocrx_word' id='word_1_585' title='bbox 2835 3540 3141 3614; x_wconf 77' lang='grc' dir='ltr'><strong>τεθλιμμένη</strong></span> <span class='ocrx_word' id='word_1_586' title='bbox 3173 3543 3201 3600; x_wconf 86' lang='grc' dir='ltr'><strong>ἠ</strong></span> <span class='ocrx_word' id='word_1_587' title='bbox 3231 3539 3350 3603; x_wconf 77' lang='grc' dir='ltr'><strong>ὁδὸς</strong></span> <span class='ocrx_word' id='word_1_588' title='bbox 3376 3545 3404 3602; x_wconf 80' lang='grc' dir='ltr'><strong>ἠ</strong></span> <span class='ocrx_word' id='word_1_589' title='bbox 3432 3541 3713 3615; x_wconf 76' lang='grc' dir='ltr'><strong>ἀπάγουσα</strong></span> <span class='ocrx_word' id='word_1_590' title='bbox 3734 3545 3918 3609; x_wconf 71' lang='grc' dir='ltr'><strong>εἰςτὴν</strong></span> 
     </span>
    </p>
   </div>
   <div class='ocr_carea' id='block_1_84' title="bbox 2320 3632 2478 3693">
    <p class='ocr_par' dir='ltr' id='par_1_84' title="bbox 2320 3632 2478 3693">
     <span class='ocr_line' id='line_1_84' title="bbox 2320 3632 2478 3693; baseline 0.006 -10"><span class='ocrx_word' id='word_1_591' title='bbox 2320 3632 2478 3693; x_wconf 76' lang='grc' dir='ltr'><strong>ζωήν.</strong></span> 
     </span>
    </p>
   </div>
   <div class='ocr_carea' id='block_1_85' title="bbox 2392 3719 3918 3794">
    <p class='ocr_par' dir='ltr' id='par_1_85' title="bbox 2392 3719 3918 3794">
     <span class='ocr_line' id='line_1_85' title="bbox 2392 3719 3918 3794; baseline 0.004 -22"><span class='ocrx_word' id='word_1_592' title='bbox 2392 3720 2473 3772; x_wconf 87' lang='grc' dir='ltr'><strong>Ἐν</strong></span> <span class='ocrx_word' id='word_1_593' title='bbox 2508 3749 2572 3761; x_wconf 90' lang='lat'><strong>--</strong></span> <span class='ocrx_word' id='word_1_594' title='bbox 2618 3722 2904 3794; x_wconf 82' lang='grc' dir='ltr'><strong>σπορίμων.</strong></span> <span class='ocrx_word' id='word_1_595' title='bbox 2950 3749 3014 3760; x_wconf 74' lang='grc' dir='ltr'><strong>ε-</strong></span> <span class='ocrx_word' id='word_1_596' title='bbox 3051 3725 3173 3782; x_wconf 83' lang='grc' dir='ltr'><strong>Τοῖς</strong></span> <span class='ocrx_word' id='word_1_597' title='bbox 3203 3719 3482 3787; x_wconf 76' lang='grc' dir='ltr'><strong>Σάϐϐασιν,</strong></span> <span class='ocrx_word' id='word_1_598' title='bbox 3518 3719 3634 3775; x_wconf 82' lang='grc' dir='ltr'><strong>ἀττὶ</strong></span> <span class='ocrx_word' id='word_1_599' title='bbox 3669 3732 3780 3794; x_wconf 88' lang='grc' dir='ltr'><strong>τοῦ,</strong></span> <span class='ocrx_word' id='word_1_600' title='bbox 3830 3726 3918 3780; x_wconf 80' lang='grc' dir='ltr'><strong>Ἐν</strong></span> 
     </span>
    </p>
   </div>
   <div class='ocr_carea' id='block_1_86' title="bbox 2317 3806 3920 3888">
    <p class='ocr_par' dir='ltr' id='par_1_86' title="bbox 2317 3806 3920 3888">
     <span class='ocr_line' id='line_1_86' title="bbox 2317 3806 3920 3888; baseline 0.004 -27"><span class='ocrx_word' id='word_1_601' title='bbox 2317 3811 2486 3882; x_wconf 82' lang='grc' dir='ltr'><strong>ἡμέρᾳ</strong></span> <span class='ocrx_word' id='word_1_602' title='bbox 2536 3807 2831 3877; x_wconf 80' lang='grc' dir='ltr'><strong>Σαϐϐάτων,</strong></span> <span class='ocrx_word' id='word_1_603' title='bbox 2877 3812 3166 3875; x_wconf 81' lang='grc' dir='ltr'><strong>τουτέστιν,</strong></span> <span class='ocrx_word' id='word_1_604' title='bbox 3207 3806 3256 3861; x_wconf 75' lang='grc' dir='ltr'><strong>ἓν</strong></span> <span class='ocrx_word' id='word_1_605' title='bbox 3286 3808 3552 3882; x_wconf 79' lang='grc' dir='ltr'><strong>Σαϐϐάτῳ·</strong></span> <span class='ocrx_word' id='word_1_606' title='bbox 3587 3817 3824 3888; x_wconf 85' lang='grc' dir='ltr'><strong>σπόριμα</strong></span> <span class='ocrx_word' id='word_1_607' title='bbox 3854 3812 3920 3868; x_wconf 70' lang='grc' dir='ltr'><strong>δὲ</strong></span> 
     </span>
    </p>
   </div>
   <div class='ocr_carea' id='block_1_87' title="bbox 2315 3893 3041 3970">
    <p class='ocr_par' dir='ltr' id='par_1_87' title="bbox 2315 3893 3041 3970">
     <span class='ocr_line' id='line_1_87' title="bbox 2315 3893 3041 3970; baseline -0.001 -20"><span class='ocrx_word' id='word_1_608' title='bbox 2315 3897 2466 3969; x_wconf 85' lang='grc' dir='ltr'><strong>λέγει,</strong></span> <span class='ocrx_word' id='word_1_609' title='bbox 2499 3900 2563 3949; x_wconf 80' lang='grc' dir='ltr'><strong>τὰ</strong></span> <span class='ocrx_word' id='word_1_610' title='bbox 2590 3893 2699 3970; x_wconf 77' lang='grc' dir='ltr'><strong>γήδ</strong></span> <span class='ocrx_word' id='word_1_611' title='bbox 2705 3917 2777 3962; x_wconf 84' lang='grc' dir='ltr'><strong>ια,</strong></span> <span class='ocrx_word' id='word_1_612' title='bbox 2808 3899 2872 3949; x_wconf 83' lang='grc' dir='ltr'><strong>τὰ</strong></span> <span class='ocrx_word' id='word_1_613' title='bbox 2901 3897 3041 3955; x_wconf 77' lang='grc' dir='ltr'><strong>λὴἱα.</strong></span> 
     </span>
    </p>
   </div>
   <div class='ocr_carea' id='block_1_88' title="bbox 2390 3983 3915 4064">
    <p class='ocr_par' dir='ltr' id='par_1_88' title="bbox 2390 3983 3915 4064">
     <span class='ocr_line' id='line_1_88' title="bbox 2390 3983 3915 4064; baseline 0.005 -25"><span class='ocrx_word' id='word_1_614' title='bbox 2390 3989 2455 4039; x_wconf 84' lang='grc' dir='ltr'><strong>Οἱ</strong></span> <span class='ocrx_word' id='word_1_615' title='bbox 2499 3983 2558 4039; x_wconf 72' lang='grc' dir='ltr'><strong>δὲ</strong></span> <span class='ocrx_word' id='word_1_616' title='bbox 2610 3987 2843 4058; x_wconf 82' lang='grc' dir='ltr'><strong>μαθηταὶ</strong></span> <span class='ocrx_word' id='word_1_617' title='bbox 2898 4017 2968 4027; x_wconf 89' lang='grc'><strong>-</strong></span> <span class='ocrx_word' id='word_1_618' title='bbox 3007 3984 3216 4040; x_wconf 74' lang='grc' dir='ltr'><strong>ἐσθίειν.</strong></span> <span class='ocrx_word' id='word_1_619' title='bbox 3273 3985 3331 4039; x_wconf 74' lang='grc' dir='ltr'>Ὀ</span> <span class='ocrx_word' id='word_1_620' title='bbox 3389 3983 3448 4042; x_wconf 70' lang='grc' dir='ltr'><strong>δὲ</strong></span> <span class='ocrx_word' id='word_1_621' title='bbox 3488 3991 3699 4064; x_wconf 69' lang='grc' dir='ltr'><strong>Μάριος</strong></span> <span class='ocrx_word' id='word_1_622' title='bbox 3750 3988 3915 4052; x_wconf 77' lang='grc' dir='ltr'><strong>εἶπεν.</strong></span> 
     </span>
    </p>
   </div>
   <div class='ocr_carea' id='block_1_89' title="bbox 2317 4073 3916 4149">
    <p class='ocr_par' dir='ltr' id='par_1_89' title="bbox 2317 4073 3916 4149">
     <span class='ocr_line' id='line_1_89' title="bbox 2317 4073 3916 4149; baseline 0.003 -20"><span class='ocrx_word' id='word_1_623' title='bbox 2317 4078 2394 4130; x_wconf 85' lang='grc' dir='ltr'><strong>ὅτι</strong></span> <span class='ocrx_word' id='word_1_624' title='bbox 2458 4079 2548 4128; x_wconf 85' lang='grc' dir='ltr'><strong>καὶ</strong></span> <span class='ocrx_word' id='word_1_625' title='bbox 2606 4074 2858 4147; x_wconf 83' lang='grc' dir='ltr'><strong>Ἤρξαντο</strong></span> <span class='ocrx_word' id='word_1_626' title='bbox 2925 4076 2974 4128; x_wconf 92' lang='grc' dir='ltr'><strong>οἰ</strong></span> <span class='ocrx_word' id='word_1_627' title='bbox 3035 4076 3271 4148; x_wconf 82' lang='grc' dir='ltr'><strong>μαθηταὶ</strong></span> <span class='ocrx_word' id='word_1_628' title='bbox 3339 4076 3496 4129; x_wconf 72' lang='grc' dir='ltr'><strong>αὐτοῦ</strong></span> <span class='ocrx_word' id='word_1_629' title='bbox 3552 4073 3672 4130; x_wconf 79' lang='grc' dir='ltr'><strong>ὁδὸν</strong></span> <span class='ocrx_word' id='word_1_630' title='bbox 3724 4090 3916 4149; x_wconf 85' lang='grc' dir='ltr'><strong>ποιεῖν,</strong></span> 
     </span>
    </p>
   </div>
   <div class='ocr_carea' id='block_1_90' title="bbox 2316 4164 3917 4241">
    <p class='ocr_par' dir='ltr' id='par_1_90' title="bbox 2316 4164 3917 4241">
     <span class='ocr_line' id='line_1_90' title="bbox 2316 4164 3917 4241; baseline 0.001 -24"><span class='ocrx_word' id='word_1_631' title='bbox 2316 4165 2566 4227; x_wconf 82' lang='grc' dir='ltr'><strong>τίλλοντες</strong></span> <span class='ocrx_word' id='word_1_632' title='bbox 2613 4168 2728 4225; x_wconf 80' lang='grc' dir='ltr'><strong>τοὺς</strong></span> <span class='ocrx_word' id='word_1_633' title='bbox 2765 4165 3019 4236; x_wconf 85' lang='grc' dir='ltr'><strong>στάχνας.</strong></span> <span class='ocrx_word' id='word_1_634' title='bbox 3080 4164 3218 4218; x_wconf 80' lang='grc' dir='ltr'><strong>Ἐπεὶ</strong></span> <span class='ocrx_word' id='word_1_635' title='bbox 3265 4167 3366 4241; x_wconf 83' lang='grc' dir='ltr'><strong>γὰρ</strong></span> <span class='ocrx_word' id='word_1_636' title='bbox 3424 4170 3579 4238; x_wconf 81' lang='grc' dir='ltr'><strong>μέσον</strong></span> <span class='ocrx_word' id='word_1_637' title='bbox 3638 4167 3754 4239; x_wconf 82' lang='grc'>(61)</span> <span class='ocrx_word' id='word_1_638' title='bbox 3812 4181 3917 4224; x_wconf 80' lang='grc' dir='ltr'><strong>τῶν</strong></span> 
     </span>
    </p>
   </div>
   <div class='ocr_carea' id='block_1_91' title="bbox 559 4245 2209 4327">
    <p class='ocr_par' dir='ltr' id='par_1_91' title="bbox 559 4245 2205 4324">
     <span class='ocr_line' id='line_1_91' title="bbox 559 4245 2205 4324; baseline 0.004 -20"><span class='ocrx_word' id='word_1_639' title='bbox 559 4252 646 4304; x_wconf 89' lang='lat' dir='ltr'><strong>tes</strong></span> <span class='ocrx_word' id='word_1_640' title='bbox 674 4245 1026 4314; x_wconf 87' lang='lat' dir='ltr'><strong>transibant,</strong></span> <span class='ocrx_word' id='word_1_641' title='bbox 1062 4262 1183 4301; x_wconf 89' lang='lat' dir='ltr'><strong>una</strong></span> <span class='ocrx_word' id='word_1_642' title='bbox 1227 4247 1422 4316; x_wconf 89' lang='lat' dir='ltr'><strong>spicas</strong></span> <span class='ocrx_word' id='word_1_643' title='bbox 1461 4247 1798 4306; x_wconf 88' lang='lat' dir='ltr'><strong>avellebant</strong></span> <span class='ocrx_word' id='word_1_644' title='bbox 1827 4257 1884 4306; x_wconf 92' lang='lat' dir='ltr'><strong>ut</strong></span> <span class='ocrx_word' id='word_1_645' title='bbox 1917 4254 2205 4324; x_wconf 71' lang='lat' dir='ltr'><strong>praegredi</strong></span> 
     </span>
    </p>
   </div>
   <div class='ocr_carea' id='block_1_92' title="bbox 2315 4245 3918 4327">
    <p class='ocr_par' dir='ltr' id='par_1_92' title="bbox 2319 4250 3918 4327">
     <span class='ocr_line' id='line_1_92' title="bbox 2319 4250 3918 4327; baseline 0.004 -20"><span class='ocrx_word' id='word_1_646' title='bbox 2319 4257 2585 4327; x_wconf 85' lang='grc' dir='ltr'><strong>σπορίμων</strong></span> <span class='ocrx_word' id='word_1_647' title='bbox 2633 4250 2940 4327; x_wconf 77' lang='grc' dir='ltr'><strong>διήρχοντο,</strong></span> <span class='ocrx_word' id='word_1_648' title='bbox 3012 4252 3123 4325; x_wconf 78' lang='grc' dir='ltr'><strong>ἅμα</strong></span> <span class='ocrx_word' id='word_1_649' title='bbox 3191 4255 3281 4325; x_wconf 74' lang='grc' dir='ltr'><strong>μεν</strong></span> <span class='ocrx_word' id='word_1_650' title='bbox 3339 4252 3572 4307; x_wconf 79' lang='grc' dir='ltr'><strong>ἀνέσπων</strong></span> <span class='ocrx_word' id='word_1_651' title='bbox 3617 4260 3735 4318; x_wconf 85' lang='grc' dir='ltr'><strong>τοὺς</strong></span> <span class='ocrx_word' id='word_1_652' title='bbox 3791 4264 3918 4312; x_wconf 88' lang='grc' dir='ltr'><strong>στά-</strong></span> 
     </span>
    </p>
   </div>
   <div class='ocr_carea' id='block_1_93' title="bbox 556 4335 2207 4408">
    <p class='ocr_par' dir='ltr' id='par_1_93' title="bbox 556 4335 2207 4408">
     <span class='ocr_line' id='line_1_93' title="bbox 556 4335 2207 4408; baseline 0.006 -18"><span class='ocrx_word' id='word_1_653' title='bbox 556 4339 824 4408; x_wconf 86' lang='lat' dir='ltr'><strong>possent,</strong></span> <span class='ocrx_word' id='word_1_654' title='bbox 848 4339 903 4390; x_wconf 91' lang='lat' dir='ltr'><strong>et</strong></span> <span class='ocrx_word' id='word_1_655' title='bbox 919 4335 1130 4390; x_wconf 75' lang='lat' dir='ltr'><strong>avulsa</strong></span> <span class='ocrx_word' id='word_1_656' title='bbox 1149 4349 1339 4404; x_wconf 87' lang='lat' dir='ltr'><strong>grana</strong></span> <span class='ocrx_word' id='word_1_657' title='bbox 1364 4336 1636 4404; x_wconf 87' lang='lat' dir='ltr'><strong>edebant,</strong></span> <span class='ocrx_word' id='word_1_658' title='bbox 1659 4337 2051 4397; x_wconf 90' lang='lat' dir='ltr'><strong>confricantes</strong></span> <span class='ocrx_word' id='word_1_659' title='bbox 2083 4358 2207 4400; x_wconf 91' lang='lat' dir='ltr'><strong>ma-</strong></span> 
     </span>
    </p>
   </div>
   <div class='ocr_carea' id='block_1_94' title="bbox 557 4423 2203 4498">
    <p class='ocr_par' dir='ltr' id='par_1_94' title="bbox 557 4423 2203 4498">
     <span class='ocr_line' id='line_1_94' title="bbox 557 4423 2203 4498; baseline 0.004 -17"><span class='ocrx_word' id='word_1_660' title='bbox 557 4423 759 4495; x_wconf 88' lang='lat' dir='ltr'><strong>nibus,</strong></span> <span class='ocrx_word' id='word_1_661' title='bbox 790 4423 939 4480; x_wconf 90' lang='lat' dir='ltr'><strong>sicut</strong></span> <span class='ocrx_word' id='word_1_662' title='bbox 976 4423 1121 4478; x_wconf 87' lang='lat' dir='ltr'><strong>dixit</strong></span> <span class='ocrx_word' id='word_1_663' title='bbox 1145 4423 1330 4481; x_wconf 85' lang='lat' dir='ltr'><strong>Lucas</strong></span> <span class='ocrx_word' id='word_1_664' title='bbox 1361 4426 1429 4494; x_wconf 67' lang='lat'><strong>“3,</strong></span> <span class='ocrx_word' id='word_1_665' title='bbox 1470 4425 1582 4482; x_wconf 90' lang='lat' dir='ltr'><strong>hoc</strong></span> <span class='ocrx_word' id='word_1_666' title='bbox 1613 4434 1716 4493; x_wconf 89' lang='lat' dir='ltr'><strong>est,</strong></span> <span class='ocrx_word' id='word_1_667' title='bbox 1747 4435 2032 4498; x_wconf 89' lang='lat' dir='ltr'><strong>terentes;</strong></span> <span class='ocrx_word' id='word_1_668' title='bbox 2060 4447 2203 4491; x_wconf 83' lang='lat' dir='ltr'><strong>nam</strong></span> 
     </span>
    </p>
   </div>
   <div class='ocr_carea' id='block_1_95' title="bbox 630 4600 1731 4674">
    <p class='ocr_par' dir='ltr' id='par_1_95' title="bbox 630 4600 1731 4674">
     <span class='ocr_line' id='line_1_95' title="bbox 630 4600 1731 4674; baseline 0.001 -14"><span class='ocrx_word' id='word_1_669' title='bbox 630 4603 673 4638; x_wconf 86' lang='grc'>⁶¹</span> <span class='ocrx_word' id='word_1_670' title='bbox 703 4600 899 4660; x_wconf 79' lang='lat' dir='ltr'><strong>Matth.</strong></span> <span class='ocrx_word' id='word_1_671' title='bbox 931 4618 1030 4669; x_wconf 83' lang='lat' dir='ltr'><strong>vn,</strong></span> <span class='ocrx_word' id='word_1_672' title='bbox 1066 4602 1146 4658; x_wconf 78' lang='grc'><strong>14.</strong></span> <span class='ocrx_word' id='word_1_673' title='bbox 1263 4605 1308 4640; x_wconf 78' lang='grc'><strong>⁸³</strong></span> <span class='ocrx_word' id='word_1_674' title='bbox 1339 4607 1512 4663; x_wconf 85' lang='lat' dir='ltr'><strong>Marc.</strong></span> <span class='ocrx_word' id='word_1_675' title='bbox 1542 4622 1598 4674; x_wconf 84' lang='lat' dir='ltr'><strong>ll,</strong></span> <span class='ocrx_word' id='word_1_676' title='bbox 1645 4608 1731 4663; x_wconf 90' lang='lat'><strong>23.</strong></span> 
     </span>
    </p>
   </div>
   <div class='ocr_carea' id='block_1_96' title="bbox 1850 4609 2258 4678">
    <p class='ocr_par' dir='ltr' id='par_1_96' title="bbox 1850 4609 2258 4678">
     <span class='ocr_line' id='line_1_96' title="bbox 1850 4609 2258 4678; baseline 0.002 -14"><span class='ocrx_word' id='word_1_677' title='bbox 1850 4609 1896 4645; x_wconf 79' lang='grc'><strong>⁸³</strong></span> <span class='ocrx_word' id='word_1_678' title='bbox 1927 4609 2065 4668; x_wconf 91' lang='lat' dir='ltr'><strong>Luc.</strong></span> <span class='ocrx_word' id='word_1_679' title='bbox 2097 4627 2172 4678; x_wconf 84' lang='lat' dir='ltr'><strong>vr,</strong></span> <span class='ocrx_word' id='word_1_680' title='bbox 2205 4613 2258 4667; x_wconf 78' lang='grc'><strong>1.</strong></span> 
     </span>
    </p>
   </div>
   <div class='ocr_carea' id='block_1_97' title="bbox 2315 4340 3916 4417">
    <p class='ocr_par' dir='ltr' id='par_1_97' title="bbox 2315 4340 3916 4417">
     <span class='ocr_line' id='line_1_97' title="bbox 2315 4340 3916 4417; baseline 0.004 -22"><span class='ocrx_word' id='word_1_681' title='bbox 2315 4363 2476 4417; x_wconf 90' lang='grc' dir='ltr'><strong>χυας,</strong></span> <span class='ocrx_word' id='word_1_682' title='bbox 2527 4343 2609 4396; x_wconf 85' lang='grc' dir='ltr'><strong>ἱνα</strong></span> <span class='ocrx_word' id='word_1_683' title='bbox 2680 4340 2973 4414; x_wconf 80' lang='grc' dir='ltr'><strong>προϐαίνειν</strong></span> <span class='ocrx_word' id='word_1_684' title='bbox 3028 4343 3216 4413; x_wconf 82' lang='grc' dir='ltr'><strong>ἔχοιεν·</strong></span> <span class='ocrx_word' id='word_1_685' title='bbox 3269 4341 3378 4415; x_wconf 80' lang='grc' dir='ltr'><strong>ἅμα</strong></span> <span class='ocrx_word' id='word_1_686' title='bbox 3433 4340 3491 4397; x_wconf 74' lang='grc' dir='ltr'><strong>δὲ</strong></span> <span class='ocrx_word' id='word_1_687' title='bbox 3556 4347 3741 4403; x_wconf 80' lang='grc' dir='ltr'><strong>ἤσθιον</strong></span> <span class='ocrx_word' id='word_1_688' title='bbox 3792 4354 3916 4411; x_wconf 85' lang='grc' dir='ltr'><strong>τοὺς</strong></span> 
     </span>
    </p>
   </div>
   <div class='ocr_carea' id='block_1_98' title="bbox 2317 4431 3916 4506">
    <p class='ocr_par' dir='ltr' id='par_1_98' title="bbox 2317 4431 3916 4506">
     <span class='ocr_line' id='line_1_98' title="bbox 2317 4431 3916 4506; baseline 0.003 -20"><span class='ocrx_word' id='word_1_689' title='bbox 2317 4433 2738 4506; x_wconf 79' lang='grc' dir='ltr'><strong>ἁνασπωμένους,</strong></span> <span class='ocrx_word' id='word_1_690' title='bbox 2787 4431 3057 4503; x_wconf 71' lang='grc' dir='ltr'><strong>ψώχοντες</strong></span> <span class='ocrx_word' id='word_1_691' title='bbox 3109 4437 3223 4492; x_wconf 89' lang='grc' dir='ltr'><strong>ταῖς</strong></span> <span class='ocrx_word' id='word_1_692' title='bbox 3267 4437 3475 4504; x_wconf 87' lang='grc' dir='ltr'><strong>χερσὶν,</strong></span> <span class='ocrx_word' id='word_1_693' title='bbox 3523 4435 3592 4496; x_wconf 86' lang='grc' dir='ltr'><strong>ὡς</strong></span> <span class='ocrx_word' id='word_1_694' title='bbox 3644 4437 3670 4486; x_wconf 84' lang='grc' dir='ltr'><strong><em>ὁ</em></strong></span> <span class='ocrx_word' id='word_1_695' title='bbox 3704 4442 3916 4501; x_wconf 83' lang='grc' dir='ltr'><strong>Λουκᾶς</strong></span> 
     </span>
    </p>
   </div>
   <div class='ocr_carea' id='block_1_99' title="bbox 1753 4787 2701 4858">
    <p class='ocr_par' dir='ltr' id='par_1_99' title="bbox 1753 4787 2701 4858">
     <span class='ocr_line' id='line_1_99' title="bbox 1753 4787 2701 4858; baseline 0 -4"><span class='ocrx_word' id='word_1_696' title='bbox 1753 4787 1978 4855; x_wconf 73' lang='lat' dir='ltr'><strong>Variae</strong></span> <span class='ocrx_word' id='word_1_697' title='bbox 2022 4787 2350 4858; x_wconf 89' lang='lat' dir='ltr'><strong>lectiones</strong></span> <span class='ocrx_word' id='word_1_698' title='bbox 2395 4799 2460 4856; x_wconf 88' lang='lat' dir='ltr'><strong>et</strong></span> <span class='ocrx_word' id='word_1_699' title='bbox 2501 4797 2701 4857; x_wconf 72' lang='lat' dir='ltr'><strong>notae.</strong></span> 
     </span>
    </p>
   </div>
   <div class='ocr_carea' id='block_1_100' title="bbox 628 4975 1180 5049">
    <p class='ocr_par' dir='ltr' id='par_1_100' title="bbox 628 4975 1180 5049">
     <span class='ocr_line' id='line_1_100' title="bbox 628 4975 1180 5049; baseline 0 -17"><span class='ocrx_word' id='word_1_700' title='bbox 628 4975 742 5049; x_wconf 75' lang='grc'>(57)</span> <span class='ocrx_word' id='word_1_701' title='bbox 773 4983 880 5045; x_wconf 81' lang='grc' dir='ltr'><strong>καί,</strong></span> <span class='ocrx_word' id='word_1_702' title='bbox 915 4979 1085 5049; x_wconf 87' lang='lat' dir='ltr'><strong>abest</strong></span> <span class='ocrx_word' id='word_1_703' title='bbox 1113 4980 1180 5033; x_wconf 85' lang='grc' dir='ltr'><strong>Α.</strong></span> 
     </span>
    </p>
   </div>
   <div class='ocr_carea' id='block_1_101' title="bbox 625 5048 2200 5129">
    <p class='ocr_par' dir='ltr' id='par_1_101' title="bbox 625 5048 2200 5129">
     <span class='ocr_line' id='line_1_101' title="bbox 625 5048 2200 5129; baseline 0.004 -28"><span class='ocrx_word' id='word_1_704' title='bbox 625 5048 735 5118; x_wconf 72' lang='grc'>(58)</span> <span class='ocrx_word' id='word_1_705' title='bbox 766 5048 1209 5129; x_wconf 33' lang='lat' dir='ltr'><strong>accedentibus,</strong></span> <span class='ocrx_word' id='word_1_706' title='bbox 1229 5048 1574 5129; x_wconf 60' lang='lat' dir='ltr'><strong>Hentenius.</strong></span> <span class='ocrx_word' id='word_1_707' title='bbox 1600 5049 1768 5108; x_wconf 86' lang='lat' dir='ltr'><strong>Forte</strong></span> <span class='ocrx_word' id='word_1_708' title='bbox 1790 5052 1948 5124; x_wconf 80' lang='lat' dir='ltr'><strong>legit,</strong></span> <span class='ocrx_word' id='word_1_709' title='bbox 1984 5052 2200 5129; x_wconf 81' lang='grc' dir='ltr'><strong>ἐπερχο-</strong></span> 
     </span>
    </p>
   </div>
   <div class='ocr_carea' id='block_1_102' title="bbox 551 5117 1522 5192">
    <p class='ocr_par' dir='ltr' id='par_1_102' title="bbox 551 5117 1522 5192">
     <span class='ocr_line' id='line_1_102' title="bbox 551 5117 1522 5192; baseline 0.007 -23"><span class='ocrx_word' id='word_1_710' title='bbox 551 5117 742 5192; x_wconf 55' lang='grc' dir='ltr'><strong>μένοις.</strong></span> <span class='ocrx_word' id='word_1_711' title='bbox 778 5121 1027 5192; x_wconf 73' lang='lat' dir='ltr'><strong>Rectius,</strong></span> <span class='ocrx_word' id='word_1_712' title='bbox 1062 5120 1522 5192; x_wconf 76' lang='lat' dir='ltr'><strong>succedentibus.</strong></span> 
     </span>
    </p>
   </div>
   <div class='ocr_carea' id='block_1_103' title="bbox 623 5189 2196 5266">
    <p class='ocr_par' dir='ltr' id='par_1_103' title="bbox 623 5189 2196 5266">
     <span class='ocr_line' id='line_1_103' title="bbox 623 5189 2196 5266; baseline 0.008 -23"><span class='ocrx_word' id='word_1_713' title='bbox 623 5189 734 5260; x_wconf 82' lang='grc'>(59)</span> <span class='ocrx_word' id='word_1_714' title='bbox 762 5189 928 5253; x_wconf 88' lang='lat' dir='ltr'><strong>Quod</strong></span> <span class='ocrx_word' id='word_1_715' title='bbox 949 5191 1174 5260; x_wconf 89' lang='lat' dir='ltr'><strong>primus</strong></span> <span class='ocrx_word' id='word_1_716' title='bbox 1191 5191 1362 5246; x_wconf 84' lang='lat' dir='ltr'><strong>talem</strong></span> <span class='ocrx_word' id='word_1_717' title='bbox 1378 5206 1438 5247; x_wconf 91' lang='lat' dir='ltr'><strong>se</strong></span> <span class='ocrx_word' id='word_1_718' title='bbox 1455 5191 1534 5248; x_wconf 92' lang='lat' dir='ltr'><strong>ad</strong></span> <span class='ocrx_word' id='word_1_719' title='bbox 1550 5194 1888 5266; x_wconf 85' lang='lat' dir='ltr'><strong>exemplum</strong></span> <span class='ocrx_word' id='word_1_720' title='bbox 1907 5197 2196 5257; x_wconf 86' lang='lat' dir='ltr'><strong>exhibuit.</strong></span> 
     </span>
    </p>
   </div>
   <div class='ocr_carea' id='block_1_104' title="bbox 622 5319 2196 5418">
    <p class='ocr_par' dir='ltr' id='par_1_104' title="bbox 622 5319 2196 5418">
     <span class='ocr_line' id='line_1_104' title="bbox 622 5319 2196 5418; baseline 0.01 -27"><span class='ocrx_word' id='word_1_721' title='bbox 622 5338 692 5411; x_wconf 67' lang='grc' dir='ltr'>(ρ)</span> <span class='ocrx_word' id='word_1_722' title='bbox 723 5339 1034 5418; x_wconf 67' lang='lat' dir='ltr'><strong>Praeterea.</strong></span> <span class='ocrx_word' id='word_1_723' title='bbox 1069 5343 1177 5395; x_wconf 87' lang='lat' dir='ltr'><strong>etc.</strong></span> <span class='ocrx_word' id='word_1_724' title='bbox 1205 5319 1434 5418; x_wconf 60' lang='lat' dir='ltr'><strong>Rursus</strong></span> <span class='ocrx_word' id='word_1_725' title='bbox 1466 5347 1661 5401; x_wconf 86' lang='lat' dir='ltr'><strong>autem</strong></span> <span class='ocrx_word' id='word_1_726' title='bbox 1691 5345 2078 5406; x_wconf 79' lang='lat' dir='ltr'><strong>humilitatem</strong></span> <span class='ocrx_word' id='word_1_727' title='bbox 2109 5348 2196 5406; x_wconf 76' lang='lat' dir='ltr'><strong>eis</strong></span> 
     </span>
    </p>
   </div>
   <div class='ocr_carea' id='block_1_105' title="bbox 548 5411 1374 5483">
    <p class='ocr_par' dir='ltr' id='par_1_105' title="bbox 548 5411 1374 5483">
     <span class='ocr_line' id='line_1_105' title="bbox 548 5411 1374 5483; baseline 0.004 -17"><span class='ocrx_word' id='word_1_728' title='bbox 548 5412 875 5483; x_wconf 83' lang='lat' dir='ltr'><strong>proposuit,</strong></span> <span class='ocrx_word' id='word_1_729' title='bbox 912 5411 1374 5469; x_wconf 67' lang='lat' dir='ltr'><strong>commendant.</strong></span> 
     </span>
    </p>
   </div>
   <div class='ocr_carea' id='block_1_106' title="bbox 2311 4984 3478 5058">
    <p class='ocr_par' dir='ltr' id='par_1_106' title="bbox 2311 4984 3478 5058">
     <span class='ocr_line' id='line_1_106' title="bbox 2311 4984 3478 5058; baseline -0.004 -17"><span class='ocrx_word' id='word_1_730' title='bbox 2311 4984 2494 5058; x_wconf 69' lang='lat' dir='ltr'><strong>Igitur</strong></span> <span class='ocrx_word' id='word_1_731' title='bbox 2521 4987 2747 5058; x_wconf 79' lang='grc' dir='ltr'><strong>προεστῂ</strong></span> <span class='ocrx_word' id='word_1_732' title='bbox 2759 5000 2904 5058; x_wconf 82' lang='grc' dir='ltr'><strong>σατο,</strong></span> <span class='ocrx_word' id='word_1_733' title='bbox 2934 4995 3056 5038; x_wconf 94' lang='lat' dir='ltr'><strong>non</strong></span> <span class='ocrx_word' id='word_1_734' title='bbox 3095 4987 3478 5058; x_wconf 74' lang='grc' dir='ltr'><strong>παρεσιήσοιτο.</strong></span> 
     </span>
    </p>
   </div>
   <div class='ocr_carea' id='block_1_107' title="bbox 2379 5053 3911 5140">
    <p class='ocr_par' dir='ltr' id='par_1_107' title="bbox 2379 5053 3911 5140">
     <span class='ocr_line' id='line_1_107' title="bbox 2379 5053 3911 5140; baseline 0.005 -31"><span class='ocrx_word' id='word_1_735' title='bbox 2379 5056 2492 5128; x_wconf 89' lang='grc'>(60)</span> <span class='ocrx_word' id='word_1_736' title='bbox 2524 5053 2670 5140; x_wconf 49' lang='lat' dir='ltr'><strong>Ergo</strong></span> <span class='ocrx_word' id='word_1_737' title='bbox 2725 5053 2822 5109; x_wconf 90' lang='lat' dir='ltr'><strong>hic</strong></span> <span class='ocrx_word' id='word_1_738' title='bbox 2863 5067 3108 5126; x_wconf 89' lang='lat' dir='ltr'><strong>quoque</strong></span> <span class='ocrx_word' id='word_1_739' title='bbox 3138 5053 3539 5126; x_wconf 88' lang='lat' dir='ltr'><strong>comprobant</strong></span> <span class='ocrx_word' id='word_1_740' title='bbox 3591 5055 3911 5116; x_wconf 87' lang='lat' dir='ltr'><strong>lectionem</strong></span> 
     </span>
    </p>
   </div>
   <div class='ocr_carea' id='block_1_108' title="bbox 2452 5143 2646 5181">
    <p class='ocr_par' dir='ltr' id='par_1_108' title="bbox 2452 5143 2646 5181">
     <span class='ocr_line' id='line_1_108' title="bbox 2452 5143 2646 5181; baseline -0.01 0"><span class='ocrx_word' id='word_1_741' title='bbox 2452 5143 2516 5181; x_wconf 79' lang='grc' dir='ltr'><strong>ΓΟ</strong></span> <span class='ocrx_word' id='word_1_742' title='bbox 2547 5146 2646 5179; x_wconf 90' lang='grc' dir='ltr'><strong>οτι.</strong></span> 
     </span>
    </p>
   </div>
   <div class='ocr_carea' id='block_1_109' title="bbox 2305 5142 3572 5270">
    <p class='ocr_par' dir='ltr' id='par_1_109' title="bbox 2305 5142 3572 5270">
     <span class='ocr_line' id='line_1_109' title="bbox 2305 5142 2646 5194; baseline -0.003 -14"><span class='ocrx_word' id='word_1_743' title='bbox 2305 5142 2370 5194; x_wconf 83' lang='grc' dir='ltr'><strong>τι,</strong></span> <span class='ocrx_word' id='word_1_744' title='bbox 2452 5143 2516 5181; x_wconf 91' lang='lat' dir='ltr'><strong>ro</strong></span> <span class='ocrx_word' id='word_1_745' title='bbox 2547 5146 2646 5179; x_wconf 91' lang='grc' dir='ltr'><strong>οτι.</strong></span> 
     </span>
     <span class='ocr_line' id='line_1_110' title="bbox 2376 5142 3572 5270; baseline 0.002 -17"><span class='ocrx_word' id='word_1_746' title='bbox 2376 5142 2487 5270; x_wconf 55' lang='grc' dir='ltr'>(ξι)</span> <span class='ocrx_word' id='word_1_747' title='bbox 2513 5201 2684 5270; x_wconf 79' lang='grc' dir='ltr'><strong>μέσων</strong></span> <span class='ocrx_word' id='word_1_748' title='bbox 2707 5195 2938 5252; x_wconf 86' lang='lat' dir='ltr'><strong>videtur</strong></span> <span class='ocrx_word' id='word_1_749' title='bbox 2967 5195 3180 5266; x_wconf 81' lang='lat' dir='ltr'><strong>legisse</strong></span> <span class='ocrx_word' id='word_1_750' title='bbox 3221 5194 3572 5256; x_wconf 86' lang='lat' dir='ltr'><strong>Hentenius.</strong></span> 
     </span>
    </p>
   </div>
   <div class='ocr_carea' id='block_1_110' title="bbox 2377 5345 3907 5424">
    <p class='ocr_par' dir='ltr' id='par_1_110' title="bbox 2377 5345 3907 5424">
     <span class='ocr_line' id='line_1_111' title="bbox 2377 5345 3907 5424; baseline 0.004 -22"><span class='ocrx_word' id='word_1_751' title='bbox 2377 5347 2446 5420; x_wconf 69' lang='grc' dir='ltr'>(Γ)</span> <span class='ocrx_word' id='word_1_752' title='bbox 2479 5347 2952 5424; x_wconf 82' lang='lat' dir='ltr'><strong>Humilitas,etc._</strong></span> <span class='ocrx_word' id='word_1_753' title='bbox 2988 5345 3234 5424; x_wconf 83' lang='lat' dir='ltr'><strong>Humilis</strong></span> <span class='ocrx_word' id='word_1_754' title='bbox 3258 5347 3654 5424; x_wconf 86' lang='lat' dir='ltr'><strong>enim(corde)</strong></span> <span class='ocrx_word' id='word_1_755' title='bbox 3676 5350 3907 5422; x_wconf 89' lang='lat' dir='ltr'><strong>omnia,</strong></span> 
     </span>
    </p>
   </div>
   <div class='ocr_carea' id='block_1_111' title="bbox 2304 5419 3908 5493">
    <p class='ocr_par' dir='ltr' id='par_1_111' title="bbox 2304 5419 3908 5493">
     <span class='ocr_line' id='line_1_112' title="bbox 2304 5419 3908 5493; baseline 0.004 -19"><span class='ocrx_word' id='word_1_756' title='bbox 2304 5419 2435 5493; x_wconf 72' lang='lat' dir='ltr'><strong>quin</strong></span> <span class='ocrx_word' id='word_1_757' title='bbox 2467 5424 2696 5493; x_wconf 85' lang='lat' dir='ltr'><strong>patitur,</strong></span> <span class='ocrx_word' id='word_1_758' title='bbox 2731 5419 3064 5477; x_wconf 88' lang='lat' dir='ltr'><strong>secundum</strong></span> <span class='ocrx_word' id='word_1_759' title='bbox 3091 5419 3381 5478; x_wconf 83' lang='lat' dir='ltr'><strong>rationem</strong></span> <span class='ocrx_word' id='word_1_760' title='bbox 3423 5419 3547 5491; x_wconf 86' lang='lat' dir='ltr'><strong>pati</strong></span> <span class='ocrx_word' id='word_1_761' title='bbox 3581 5419 3908 5482; x_wconf 57' lang='lat' dir='ltr'><strong>existimat;</strong></span> 
     </span>
    </p>
   </div>
  </div>
