4206 6310
234 270 344 329 365

1236 267 1589 327 COMMENT.
1631 268 1700 323 IN
1739 270 2172 332 MATTH/EUM.
2214 308 2281 317 --
2313 279 2467 335 CAP.
2500 279 2620 335 XX.

3496 284 3601 341 366

239 400 464 472 εἴρηκεν,
522 397 548 448 ὃ
595 395 724 465 ἔστι,
776 395 1057 469 τρίϐοντες.
1119 396 1359 449 Ἐπείνων
1401 397 1525 468 γὰρ,
1576 394 1661 446 οἵα
1708 394 1835 466 λιμῶ

1953 400 2313 467 esuriebant,
2335 405 2622 473 tanquam
2647 402 2803 459 fame
2820 404 3111 479 compulsi
3140 405 3255 463 hoc
3275 406 3558 465 facientes
3583 424 3595 463 :

244 492 538 559 μαχόμενοι
571 501 583 514 ·
619 483 832 559 βραχέα
858 488 948 557 μὲν
987 487 1089 557 γὰρ
1120 492 1210 537 τοῦ
1241 489 1475 555 σώματος
1503 481 1799 558 ἐφρόντιζον
1825 506 1836 517 ·

241 578 305 627 τὸ
355 581 455 627 πᾶν
491 570 549 625 δὲ
586 581 646 644 τῇ
683 572 931 645 ἀκροάσει
961 578 1050 625 καὶ
1080 568 1396 645 προσεδρείᾳ
1441 572 1551 642 (62)
1598 579 1688 624 τοῦ
1736 579 1840 624 Σω-

243 671 404 736 τῆρος
432 664 618 733 ἔνεμον,
648 666 735 713 καὶ
768 657 861 713 διὰ
891 669 1040 713 τοῦτο
1069 660 1362 732 ἐλίμωττον.

314 753 379 802 Οἱ
446 746 503 801 δὲ
579 754 856 821 Φαρισαῖοι
914 781 978 789 -
1044 748 1306 819 Σαϐϐάτῳ.
1385 747 1442 799 Ὁ
1516 744 1575 799 δὲ

236 857 396 910 φησιν
454 840 533 889 ὅτι
587 844 692 897 τοῖς
746 839 1005 908 μαθηταῖς
1061 833 1204 889 οὗτοι
1242 835 1380 888 εἶπον
1413 854 1424 864 ·
1467 840 1529 888 Τί
1584 844 1774 887 ποιεῖτε
1813 837 1838 887 ὅ

232 927 327 978 οὐκ
380 925 551 988 ἔξεστι
602 934 762 977 ποιεῖν
837 924 883 977 ἐν
940 932 1051 987 τοῖς
1107 924 1379 991 Σάϐϐασις
1443 929 1542 976 Καὶ
1592 926 1689 997 γὰρ
1747 928 1835 974 καὶ

1638 754 1839 809 Λουκᾶς

226 1016 421 1084 τούτῳ,
483 1012 738 1075 κάκείνοις
793 1021 958 1065 ταῦτα
1011 1010 1149 1066 εἶπον
1224 1015 1271 1064 οἱ
1340 1012 1675 1085 σμικρολόγοι
1748 1016 1836 1063 καὶ

224 1101 604 1175 μεμψίμοιροι.
658 1107 757 1155 Καὶ
810 1106 927 1174 περὶ
981 1100 1171 1153 ἐκείνου
1223 1103 1312 1172 μεν
1366 1103 1563 1174 εἴρηκεν
1617 1102 1641 1149 ὁ
1697 1106 1836 1153 Mur-

231 1193 380 1251 θαῐος
411 1210 423 1222 θ
483 1195 603 1264 περὶ
656 1193 848 1242 τούτων
909 1186 967 1242 δὲ
1020 1191 1043 1241 ὁ
1105 1195 1329 1249 Λουκᾶς.
1404 1192 1501 1241 Καὶ
1568 1186 1833 1257 πολλαχοῦ

230 1285 457 1330 τοιαῦτα
504 1277 753 1339 πολλάκις
816 1280 1069 1350 εὑρήσεις.
1122 1277 1452 1349 Ἐμέμῲαντο
1520 1273 1578 1327 δὲ
1628 1279 1685 1327 τὸ
1733 1276 1834 1327 τί)-

233 1366 361 1437 λειν,
394 1368 459 1426 ὡς
487 1367 655 1439 ἔργον,
688 1365 746 1418 ού
777 1369 835 1418 τὸ
865 1364 1079 1421 ἐσθίειν.

306 1542 365 1595 Ὀ
425 1539 483 1595 δέ
540 1542 747 1605 Ἰησοῦς
801 1572 870 1583 -
928 1545 1144 1614 μόνοις;
1199 1542 1279 1594 Ἐν
1332 1548 1393 1613 τῇ
1447 1546 1624 1615 πρώτη
1667 1538 1832 1611 βίϐλῳ

236 1639 339 1681 τῶν
394 1630 673 1683 Βασιλειῶν
742 1632 1019 1704 ἱστόρηται
1079 1631 1157 1682 ὅτι
1214 1626 1400 1698 Δαυὶδ,
1459 1628 1833 1688 ἐπιϐουλευθεὶς

1950 489 2243 561 siquidem
2275 490 2586 546 minimam
2619 492 2883 562 corporis
2911 509 3118 551 curam
3147 496 3454 563 gerebant,
3484 496 3593 553 sed

1948 577 2112 633 omni
2134 583 2403 650 tempore
2424 578 2633 635 auditu
2656 584 2713 636 et
2727 581 3078 639 assiduitate
3102 583 3424 641 Salvatoris
3446 584 3596 643 deti-

1948 665 2258 733 nebantur,
2293 671 2348 723 et
2377 667 2513 723 ideo
2544 666 2703 723 fame
2732 670 3178 740 premebantur.

2018 755 2177 810 Vers.
2209 754 2263 809 2.
2304 755 2590 811 Pharisaei
2610 762 2806 813 autem
2834 788 2905 799 —
2929 759 3200 815 Sabbato.
3237 762 3423 817 Lucas
3454 776 3594 819 vero

1946 840 2049 908 ait,
2071 842 2235 913 quod
2267 843 2349 899 ita
2378 844 2653 909 dixerint,
2677 844 2984 918 discipulis
3011 863 3023 899 ε
3047 848 3198 915 Quid
3218 849 3415 917 facitis
3435 850 3597 921 quod

1943 946 2059 986 non
2088 930 2220 987 licet
2235 932 2441 999 facere
2460 932 2737 989 Sabbatis
2766 935 2814 970 ⁶⁴
2844 934 2872 990 ‘I
2893 934 3191 1007 siquidem
3216 940 3272 992 et
3289 937 3515 995 Christo
3540 942 3596 995 et

1944 1019 2251 1091 discipulis
2271 1020 2399 1076 haec
2417 1020 2714 1087 dixerunt,
2734 1023 2908 1078 anxie
2922 1023 3080 1080 circa
3108 1024 3407 1080 minutula
3422 1040 3596 1081 occu-

1943 1108 2084 1179 pati,
2117 1123 2188 1164 ac
2234 1110 2517 1181 carpendi
2568 1115 2903 1182 quaerentes
2955 1112 3338 1168 occasionem
3372 1129 3384 1167 :
3424 1117 3482 1168 et
3518 1112 3593 1168 de

1941 1195 2056 1251 hoc
2076 1196 2322 1267 quidem
2361 1197 2509 1253 dixit
2542 1198 2866 1265 Matthaeus,
2890 1198 2965 1255 de
3003 1198 3117 1254 illis
3146 1203 3349 1255 autem
3378 1202 3590 1266 Lucas,

1941 1284 2203 1356 taliaque
2225 1285 2563 1357 frequenter
2584 1287 2866 1343 invenies.
2892 1287 3364 1358 Indignabantur
3394 1293 3595 1345 autem

1941 1372 2109 1445 quod
2138 1373 2434 1440 vellerent,
2467 1390 2538 1430 ac
2557 1374 2605 1429 si
2635 1390 2788 1446 opus
2814 1380 2988 1441 esset,
3020 1390 3143 1432 non
3165 1376 3323 1448 quod
3340 1376 3594 1433 mandu-

1942 1464 2167 1516 carent.

2012 1550 2171 1603 Vers.
2196 1548 2249 1602 3.
2300 1548 2463 1605 Iesus
2502 1555 2696 1607 autem
2733 1580 2803 1590 —
2831 1565 2889 1607 v.
2928 1551 2980 1605 4.
3026 1550 3184 1608 solis.
3245 1550 3443 1608 Primo
3486 1554 3591 1607 Re-

1939 1652 2082 1708 gum
2112 1636 2415 1693 volumine
2434 1637 2717 1709 scriptum
2739 1644 2828 1694 est
2855 1640 2923 1702 δδ,
2954 1639 3119 1711 quod
3150 1639 3337 1694 David
3360 1639 3590 1695 insidiis

238 1720 342 1770 ύπὸ
395 1719 572 1786 Σαούλ,
624 1726 715 1770 τοῦ
758 1715 898 1771 ἰδίου
951 1720 1213 1790 πενθεροῦ,
1264 1723 1354 1770 καὶ
1409 1720 1603 1788 φεύγων
1655 1716 1829 1782 αὐτὸν,

1953 1724 2235 1796 appetitus
2268 1725 2405 1781 Saul
2437 1726 2625 1781 soceri
2652 1725 2763 1792 sui,
2795 1741 2865 1782 ac
2882 1725 3137 1795 fugiens,
3164 1726 3368 1781 esuriit
3394 1727 3591 1792 ;etin-

238 1807 497 1870 ἔπείνασε,
554 1812 641 1859 καὶ
692 1806 922 1859 ἀπελθὼν
951 1806 1022 1869 εἰς
1062 1809 1271 1878 Νομμὰ,
1318 1806 1463 1858 πόλιν
1517 1814 1614 1856 τῶν
1666 1807 1832 1876 ἱερέων

238 1902 334 1947 τοῦ
375 1902 526 1962 Θεοῦ,
578 1900 998 1970 προσεποιήσατο
1033 1898 1175 1969 παρὰ
1214 1894 1375 1947 Σαούλ
1422 1895 1531 1964 (63)
1581 1901 1671 1945 τού
1726 1892 1831 1964 βα-

242 1989 426 2045 σιλέως
474 1982 829 2042 ἀποσταλῆναι
872 1988 996 2056 πρὸς
1043 1988 1229 2057 χρείαν
1272 1985 1405 2053 τινὰ,
1446 1986 1535 2033 καὶ
1585 1981 1828 2042 ἐζήτησεν

239 2074 449 2145 ἄρτους,
526 2078 613 2123 καὶ
665 2076 735 2144 μὴ
796 2074 954 2147 εύρών
1034 2072 1215 2132 ὀᾶλους
1272 2073 1408 2123 κατὰ
1483 2074 1569 2121 τὸν
1653 2074 1829 2141 καιρὸν

236 2162 449 2227 ἐκεῖνον,
507 2160 652 2214 ἔλαϐε
702 2164 845 2236 παρὰ
903 2169 993 2213 τοῦ
1054 2163 1238 2236 ἱερέως,
1313 2157 1406 2212 διὰ
1456 2164 1549 2218 τὴν
1603 2158 1830 2231 ἀνάγκην

233 2259 325 2303 τοῦ
400 2251 573 2322 λιμοῦ,
633 2254 751 2312 τοὺς
813 2259 907 2311 τῆς
968 2251 1277 2322 προθέσεως.
1332 2248 1388 2300 Ἠ
1451 2245 1509 2301 δὲ
1564 2250 1827 2321 πρόθεσις,

230 2341 469 2413 τράπεζα
513 2339 575 2396 ἦν
626 2357 672 2389 εν
700 2344 773 2407 τῷ
829 2346 954 2407 ναῷ,
1013 2336 1084 2408 ἐφ’
1144 2338 1204 2398 ἧς
1262 2340 1310 2388 οἱ
1335 2337 1485 2410 ἄρτοι
1521 2345 1611 2397 τῆς
1652 2338 1833 2397 θυσίας

230 2432 570 2499 προέκειντο’
624 2430 713 2478 καὶ
776 2425 945 2477 λαϐὼν
1009 2429 1186 2498 ἔφαγεν
1250 2425 1405 2486 αὐτὸς
1458 2430 1547 2477 καὶ
1608 2428 1672 2476 τὰ
1722 2425 1834 2496 μετ’

238 2516 400 2567 αὐτοῦ
429 2510 710 2587 παιδάρια.
742 2513 799 2566 Ἠ
837 2517 927 2586 μὲν
959 2511 1044 2566 οὖν
1079 2515 1284 2587 ἱστορία
1311 2516 1546 2571 τοιαύτη.

311 2606 382 2656 Τὸ
430 2599 507 2669 δὲ,
568 2603 679 2655 Ούκ
731 2601 838 2665 ἐξὸν
892 2598 974 2670 ἦν,
1034 2600 1145 2654 ἀντὶ
1197 2609 1310 2671 τοῦ,
1368 2601 1443 2653 Ού
1495 2620 1833 2673 συγκεχωρη-

240 2695 389 2764 μένον
440 2688 500 2749 iv
544 2693 689 2764 παρὰ
738 2697 830 2742 τοῦ
869 2694 1045 2762 νόμου.
1091 2693 1295 2748 Ταύτην
1355 2687 1413 2741 δὲ
1465 2694 1556 2747 τὴν
1605 2691 1833 2763 ἱστορίαν

235 2779 547 2857 προεϐάλετο
600 2786 705 2838 τοῖς
752 2783 1053 2853 Φαρισαίοις
1101 2780 1125 2830 ὁ
1177 2781 1420 2850 Χριστὸς,
1480 2780 1546 2838 εἱς
1615 2796 1833 2848 συνηγο-

225 2875 347 2945 ρίαν
397 2877 498 2921 τῶν
554 2870 797 2940 μαθητῶν
849 2868 1025 2935 αὐτοῦ,
1075 2865 1340 2932 δεικνύων,
1393 2868 1472 2918 ὅτι
1522 2872 1834 2937 συγγνώμης

230 2960 367 3011 εἰσὶν
410 2957 568 3025 ἄξιοι,
602 2954 691 3008 δ’ιὰ
731 2960 816 3007 τὸν
865 2956 1032 3027 λιμὸν,
1092 2953 1162 3007 δι’
1194 2955 1246 3006 ὃν
1286 2961 1373 3007 καὶ
1413 2955 1566 3015 αὐτὸς
1595 2957 1620 3006 ὁ
1652 2960 1832 3028 περιώ-

1942 1826 2178 1884 gressus
2199 1812 2360 1868 Nobe
2382 1811 3080 1874 civitatemsacerdotum
3099 1813 3223 1878 Dei,
3244 1812 3591 1885 ﬁnxitquod

1941 1900 2209 1971 quadam
2238 1900 2591 1955 necessitate
2632 1901 2859 1956 missus
2895 1916 3023 1955 esse
3049 1917 3086 1955 a
3123 1915 3261 1972 rege
3292 1900 3453 1969 Saul,
3485 1916 3590 1972 pa-

1942 2003 2167 2060 nesque
2193 1988 2413 2060 petivit,
2446 2003 2703 2058 cumque
2731 2004 2876 2043 casu
2905 1988 3051 2044 alios
3080 2003 3204 2043 non
3244 1989 3587 2043 invenisset.

1941 2075 2170 2146 accepit
2193 2091 2229 2131 a
2258 2075 2566 2131 sacerdote
2611 2074 2767 2131 fame
2795 2075 3144 2147 compulsus
3172 2075 3588 2147 propositionis

1940 2180 2150 2237 panes.
2192 2164 2519 2236 Propositio
2568 2167 2770 2220 autem
2802 2164 2923 2230 illa,
2955 2168 3081 2221 erat
3107 2178 3341 2228 mensa,
3412 2179 3591 2235 super

1940 2270 2127 2327 quam
2159 2269 2346 2326 panes
2387 2253 2709 2310 oblationis
2733 2254 2790 2309 in
2821 2254 3043 2325 templo
3082 2254 3261 2325 positi
3285 2257 3454 2310 erant
3487 2273 3500 2323 ;
3536 2258 3592 2310 et

1941 2349 2211 2412 acceptos
2242 2342 2504 2398 comedit
2544 2341 2695 2412 ipse,
2729 2347 2783 2397 et
2808 2342 2979 2413 pueri
3002 2341 3107 2413 qui
3137 2356 3275 2397 cum
3300 2357 3370 2398 eo
3400 2345 3587 2398 erant.

1942 2430 2077 2486 Haec
2106 2430 2306 2502 itaque
2334 2434 2423 2485 est
2448 2429 2716 2487 historia.

2014 2606 2165 2663 illud
2191 2610 2411 2672 autem,
2442 2606 2576 2663 Non
2610 2606 2840 2672 licebat,
2872 2606 2934 2662 id
2964 2610 3073 2671 est,
3097 2609 3223 2669 Non
3248 2611 3375 2663 erat
3402 2622 3439 2664 a
3464 2606 3591 2677 lege

1943 2711 2319 2753 concessum.
2335 2696 2498 2751 Hanc
2514 2710 2655 2750 vero
2670 2694 2982 2750 historiam
3008 2694 3269 2750 Christus
3291 2694 3592 2751 Pharisaeis

1943 2785 2162 2856 objecit
2187 2783 2247 2839 in
2278 2783 2676 2856 patrocinium
2705 2782 3138 2854 discipulorum
3169 2798 3409 2837 suorum
3442 2802 3454 2841 :
3498 2798 3592 2838 os-

1943 2873 2193 2931 tendens
2230 2872 2396 2945 quod
2425 2872 2598 2927 venia
2627 2870 2793 2940 digni
2824 2875 3019 2927 essent
3070 2874 3313 2943 propter
3344 2870 3589 2937 famem,

1943 2965 2186 3034 propter
2234 2975 2421 3032 quam
2451 2960 2582 3031 ipse
2639 2974 2881 3031 quoque
2928 2958 3116 3014 David
3160 2958 3594 3015 famatissimus

230 3065 396 3113 νυμος
437 3041 605 3096 Δαυῐδ
657 3043 805 3096 ἔλυσε
855 3047 940 3095 τὸν
988 3048 1140 3114 νόμον
1170 3051 1268 3094 τῶν
1298 3044 1464 3115 ἄρτων
1522 3052 1615 3103 τῆς
1646 3043 1833 3114 προθέ-

1953 3049 2121 3106 solvit
2150 3049 2343 3118 legem
2372 3063 2594 3121 panum
2625 3047 3104 3135 propositionis:
3152 3061 3345 3119 neque
3398 3047 3595 3104 solum

236 3153 385 3197 σεως,

234 3230 409 3272 καύτα
462 3219 859 3292 ἐφημερεύοντος
913 3221 1103 3294 ἱερέως,
1160 3219 1285 3271 ἀλλὰ
1329 3224 1417 3270 καὶ
1471 3218 1658 3291 μᾶλλον
1710 3218 1831 3293 παρ’

240 3308 405 3360 αὐτοῦ
424 3310 639 3370 τούτους
668 3307 863 3361 ἔλαϐεν.

446 3136 537 3184 καὶ
586 3131 644 3183 ού
698 3136 850 3203 μόνον
883 3131 975 3183 ούκ
1032 3134 1314 3203 ἐπετιμήθη
1362 3134 1502 3205 παρὰ
1540 3138 1629 3182 τοῦ
1686 3150 1834 3188 τηνι-

316 3396 384 3448 ”Η
439 3396 531 3448 οὐκ
584 3428 650 3436 --
708 3396 875 3462 εἰσιν;
934 3403 1165 3467 Συνεχῶς
1218 3395 1394 3456 αὐτοῖς
1448 3397 1561 3467 (64)
1620 3396 1839 3465 ἐπιλέγει

240 3489 322 3549 τὸ,
399 3485 506 3536 Οὐκ
588 3484 869 3555 ἀνέγνωτε;
951 3481 1216 3547 ὀνειδίζων
1295 3486 1493 3544 τούτοις
1557 3504 1839 3555 ματαιοπο-

240 3577 374 3640 νίαν,
408 3576 476 3635 ὡς
501 3577 570 3645 μὴ
623 3572 1079 3645 ἐπιγινώσκουσιν,
1116 3570 1149 3623 ἁ
1188 3571 1624 3644 ἀναγινώσκουσι.
1668 3578 1838 3644 Νόμος

241 3658 303 3713 δὲ
332 3659 416 3727 ἦν,
444 3661 681 3725 κελεύων,
727 3658 892 3734 μηδὲν
932 3664 1078 3735 ἔργον
1128 3660 1175 3712 ἐν
1221 3660 1466 3732 Σαϐϐάτῷ
1520 3668 1680 3713 ποιεῖν
1709 3683 1720 3694 ·
1750 3665 1839 3711 καὶ

238 3754 399 3820 νόμος
464 3749 613 3801 πάλιν
686 3751 867 3823 ἔτερος,
950 3749 1231 3822 ἐπιτρέπων
1287 3757 1396 3811 τοῖς
1450 3752 1640 3821 ἱερεύσι
1705 3750 1839 3801 θύειν

241 3838 292 3889 ἐν
323 3836 593 3907 Σαϐϐάτῷ,
639 3843 727 3889 καὶ
774 3835 867 3890 διὰ
900 3843 992 3897 τὴν
1028 3841 1212 3890 θυσίαν
1246 3838 1562 3903 ξυλοκοπεῐν,
1611 3843 1699 3889 καὶ
1738 3845 1837 3911 πῦρ

243 3926 510 3995 ἀνάπτειν,
574 3931 661 3978 καὶ
714 3934 1026 3999 κρεανομεῖν,
1094 3932 1184 3979 καὶ
1242 3927 1371 3979 ἄλλα
1444 3929 1555 3977 τινὰ
1626 3933 1840 3977 τοιαῦτα

241 4021 435 4069 ποιεῖν.
507 4018 604 4066 Καὶ
656 4016 723 4075 ὡς
802 4018 889 4086 μὲν
966 4015 1095 4075 ὅλως
1151 4014 1507 4088 ἐργαζόμενοι,
1570 4013 1839 4071 ἐϐεϐἠλουν

242 4106 304 4154 τὸ
360 4101 643 4172 Σάϐϐατον,
691 4106 877 4172 εἶτουν,
931 4101 1196 4174 ἐμίαινον·
1234 4107 1301 4165 ὼς
1355 4100 1413 4155 δὲ
1467 4105 1576 4177 ἱερὰ
1628 4102 1844 4176 ἐργαζό-

240 4210 409 4263 μενοι,
459 4190 679 4243 ἀναίτιοι
719 4189 873 4250 ἦσαν.
925 4196 1029 4249 Τὴν
1086 4195 1175 4262 μὶν
1233 4188 1319 4243 οὖν
1368 4195 1503 4244 κατὰ
1550 4196 1634 4244 τὸν
1676 4188 1841 4244 Δαυὶδ

244 4279 480 4351 ἱστορίαν
536 4281 749 4347 τέθεικε,
808 4283 1122 4351 συγγνώμης
1184 4284 1306 4341 τοὺς
1371 4282 1605 4351 μαθητὰς
1664 4279 1838 4349 ἀξιῶν,

239 4370 309 4428 ὡς
340 4372 665 4442 προέφημενο
694 4372 752 4420 τὸ
800 4364 858 4421 δὲ
910 4372 1073 4441 παρὸν
1128 4368 1239 4443 (65)
1285 4370 1430 4423 ἔλαϐε
1480 4368 1839 4443 παράδειγμα,

1946 3142 2246 3209 correptus
2278 3152 2399 3192 non
2426 3142 2513 3190 est
2537 3154 2569 3190 a
2595 3138 2927 3203 sacerdote,
2980 3134 3083 3207 qui
3109 3137 3253 3190 tunc
3285 3138 3439 3191 sorte
3483 3150 3595 3191 sua

1946 3224 2342 3288 ministrabat,
2373 3225 2494 3280 imo
2528 3225 2723 3295 potius
2755 3225 2918 3294 ipsos
2951 3224 3028 3279 ab
3068 3222 3168 3277 illo
3200 3223 3446 3293 accepit.

2018 3403 2184 3459 Vers.
2224 3405 2274 3457 5.
2309 3401 2456 3456 Nam
2487 3431 2555 3441 —
2608 3406 2733 3455 sunt
2766 3400 2794 3455 τ
2826 3399 2973 3471 lpsis
3022 3399 3361 3472 frequenter
3398 3414 3598 3457 recen-

1949 3488 2116 3545 sebat
2139 3507 2152 3545 :
2179 3489 2239 3545 N
2243 3506 2338 3545 um
2373 3488 2586 3559 legistis
2608 3490 2636 3544 ?
2665 3488 3027 3559 exprobrans
3059 3487 3171 3544 illis
3192 3504 3415 3545 vanum
3439 3486 3599 3543 labo-

1947 3594 2093 3645 rem,
2124 3578 2313 3651 utqui
2354 3592 2478 3634 non
2503 3577 2898 3648 intelligerent
2926 3592 3058 3647 quae
3102 3576 3401 3649 legebant.
3449 3577 3600 3634 Nam

1946 3666 2039 3723 lex
2068 3670 2213 3734 erat,
2254 3683 2390 3739 quae
2445 3666 2832 3737 praecipiebat
2882 3665 3114 3721 nullum
3159 3681 3313 3736 opus
3349 3664 3475 3721 ﬁeri
3537 3667 3599 3721 in

1952 3754 2211 3812 Sabbato
2244 3773 2257 3821 ;
2288 3758 2342 3809 et
2379 3770 2585 3809 rursus
2616 3753 2800 3809 altera
2830 3753 2925 3809 lex
2955 3753 3302 3825 permittens
3328 3753 3602 3809 sacerdo-

1950 3842 2101 3900 tibus
2113 3848 2177 3899 ut
2189 3840 2885 3906 sacriﬁcarentSabbato,
2902 3845 2961 3897 et
2984 3846 3228 3913 propter
3240 3839 3604 3899 sacriﬁcium

1948 3929 2114 4001 ligna
2170 3931 2520 3995 scinderent,
2579 3931 2778 4000 ignem
2843 3929 3256 3994 accenderent,
3315 3928 3603 3986 animalia

1950 4024 2261 4091 pascerent
2288 4018 2383 4090 (g),
2418 4024 2474 4073 et
2505 4018 2621 4074 alia
2648 4018 2931 4089 quaedam
2972 4017 3191 4073 similia
3232 4018 3511 4074 facerent.
3539 4019 3607 4072 Et

1951 4110 2101 4162 certe
2116 4106 2364 4162 omnino
2382 4104 2806 4176 operabantur,
2821 4109 2878 4160 et
2891 4104 2971 4160 ita
2989 4104 3311 4161 Sabbatum
3332 4103 3606 4175 profana-

1950 4194 2099 4251 bant
2142 4194 2263 4249 sive
2292 4192 2803 4263 contaminabant,
2836 4193 2937 4248 sed
2966 4198 3252 4265 tanquam
3276 4208 3371 4248 res
3406 4207 3607 4248 sacras

1953 4288 2290 4356 operantes,
2328 4283 2453 4339 sine
2512 4283 2762 4338 crimine
2813 4287 3001 4338 erant.
3042 4282 3358 4338 Historiam
3405 4280 3608 4353 itaque

1954 4372 2143 4429 David
2167 4371 2390 4444 posuit,
2416 4370 2740 4442 discipulos
2762 4370 2935 4426 venia
2969 4370 3183 4440 dignos
3212 4369 3511 4440 judicans,
3546 4372 3611 4423 ut

239 4453 489 4509 δεικνύων
549 4456 604 4509 ἐκ
660 4462 987 4530 περιουσίας,
1047 4459 1126 4510 ὅτι
1178 4459 1430 4520 παντελῶς
1493 4460 1622 4512 εἰσιν
1698 4460 1835 4513 ἀναί-

1953 4461 2358 4534 praediximus.
2400 4462 2663 4516 Praesens
2695 4463 2894 4515 autem
2926 4459 3182 4529 sumpsit
3239 4457 3605 4528 exemplum,

234 4566 368 4603 τιοι.

307 4640 410 4689 Καὶ
470 4636 569 4708 ὅρα
627 4634 727 4687 ἀπὸ
794 4638 970 4687 πόσων
1023 4643 1175 4688 τοῦτο
1234 4638 1631 4697 κατασκευάζει.
1696 4644 1844 4711 Πρῶ-

227 4745 317 4777 τον
370 4724 473 4778 ἀπὸ
532 4732 624 4776 τοῦ
680 4731 997 4797 προσώπου·
1064 4727 1127 4777 Οἱ
1179 4724 1322 4800 ἱερεῖς
1363 4729 1462 4801 γὰρ
1505 4732 1659 4797 φησίν
1694 4745 1704 4757 '
1737 4735 1849 4781 εἶτα

315 4902 364 4937 ⁶¹ο
393 4902 535 4959 Luc.
568 4917 650 4972 vr,
678 4907 728 4959 1.
808 4904 854 4940 ⁸⁵
886 4903 906 4957 Ι
946 4904 1087 4974 Reg.
1125 4905 1295 4972 xx1,l
1341 4919 1513 4977 seqq.

1956 4548 2199 4606 abunde
2221 4549 2543 4605 ostendens
2561 4548 2721 4621 quod
2744 4546 2988 4602 omnino
3007 4547 3133 4601 sine
3158 4545 3402 4600 crimine
3418 4549 3608 4601 erant.

2026 4640 2093 4695 Et
2122 4637 2257 4694 vide
2286 4653 2323 4695 a
2355 4641 2504 4709 quot
2532 4636 2807 4707 partibus
2839 4635 2953 4690 hoc
2998 4632 3459 4689 conﬁrmaverit.
3494 4631 3611 4685 Pri-

1958 4743 2125 4784 mum
2158 4742 2193 4783 a
2222 4741 2479 4799 persona
2505 4742 2516 4779 :
2539 4722 2892 4786 Sacerdotes,
2922 4720 3134 4792 inquit.
3170 4719 3390 4775 Deinde
3419 4734 3456 4774 a
3478 4718 3610 4775 loco

1465 5082 1691 5152 Varia:
1729 5081 2054 5151 lectiones
2092 5091 2158 5149 et
2178 5089 2384 5151 notae.

318 5272 434 5419 (62)
471 5274 765 5351 προσεδρίᾳ
794 5278 864 5333 Δ.

342 5347 413 5401 63
472 5354 585 5415 τοῦ,
617 5349 809 5405 abest.
842 5351 864 5402 Α

342 5347 434 5415 63)
472 5354 585 5415 τοῦ,
617 5347 809 5405 abeat.
842 5350 910 5403 A.

2055 5278 2143 5349 64)
2175 5278 2311 5349 λέγει
2336 5280 2401 5349 Α,

2055 5280 2121 5336 64
2175 5278 2311 5349 λέγει
2336 5280 2401 5333 Α.

2030 5278 2147 5422 (65)
2184 5347 2454 5424 προέλαϐε,
2482 5362 2586 5421 pro
2613 5346 2775 5421 παρὸν
2802 5340 2950 5399 nae.
2979 5345 3044 5401 A.

316 5523 406 5596 (α)
435 5525 742 5584 Animalia
768 5535 1090 5597 poscerent.
1135 5527 1295 5595 Exta,
1330 5542 1567 5600 carnes,
1599 5528 1869 5586 secarent
1891 5530 1948 5584 et
1977 5526 2348 5587 dividerent.
