4206 6310
563 275 668 332 367

569 487 693 542 Non
719 483 879 542 enim
907 482 1088 540 dixit:
1129 483 1360 541 lrritum
1410 484 1669 540 reddunt
1727 484 2072 554 Sabbatum,
2113 484 2218 540 sed

571 573 734 646 quod
765 572 1000 645 gravius
1022 575 1129 638 est,
1166 572 1530 641 Profanant.
1560 572 1773 629 Deinde
1799 573 2031 630 induxit
2062 572 2222 644 quod

569 660 658 720 rei
681 665 862 735 caput
888 665 1033 733 erat,
1059 662 1226 734 quod
1241 662 1421 720 etiam
1451 662 1576 718 sine
1598 661 1842 718 crimine
1865 669 2022 719 sunt.

647 839 1184 913 Praeposultitaque
1208 838 1481 896 leviorem
1495 839 1962 911 responsionem,
1978 853 2047 894 ac
2063 840 2223 909 post-

577 929 822 988 modum
843 927 1092 984 adduxit
1121 933 1177 983 et
1201 927 1531 984 fortiorem.
1561 927 1748 984 David
1774 927 2064 998 siquidem
2093 940 2223 998 pro-

577 1023 710 1092 pter
724 1032 925 1074 casum
954 1015 1323 1087 inopinatum
1351 1015 1535 1072 semel
1555 1015 1741 1087 legem
1774 1015 1946 1072 solvit
1971 1015 2045 1071 de
2061 1014 2229 1087 pani-

581 1109 692 1163 bus
729 1103 1164 1176 propositionis,
1206 1108 1260 1160 et
1288 1119 1393 1175 per
1418 1105 1656 1161 veniam
1695 1104 2007 1159 dimissum
2049 1107 2141 1158 est
2175 1101 2226 1156 ei

582 1193 821 1251 crimen.
879 1191 1223 1249 Sacerdotes
1268 1208 1410 1249 vero
1447 1193 1714 1264 quotidie
1735 1193 1861 1248 sine
1882 1189 2231 1263 hujusmodi

585 1297 724 1339 casu
749 1279 942 1351 legem
982 1278 1057 1335 de
1094 1279 1350 1338 Sabbato
1389 1281 1702 1351 solventes,
1747 1296 1853 1354 per
1891 1281 2074 1352 legem
2104 1294 2227 1335 suae

585 1367 1075 1438 transgressionis
1096 1367 1356 1425 fructum
1386 1369 1667 1426 referunt.

659 1459 821 1514 Vers.
849 1456 901 1512 6.
930 1456 1145 1512 Dico—
1168 1457 1287 1514 hic.
1327 1459 1459 1530 Ipse
1489 1459 1642 1515 enim
1671 1458 1876 1530 templi
1924 1458 2231 1524 Dominus,

589 1547 687 1606 hic
713 1560 976 1619 praesens
1001 1543 1298 1612 est.Quod
1313 1545 1360 1601 si
1383 1547 1724 1604 sacerdotes
1757 1547 1984 1619 templi,
2012 1545 2237 1603 Sabba—

591 1641 718 1694 tum
748 1633 1038 1691 solventes
1064 1633 1190 1690 sine
1211 1635 1457 1691 crimine
1497 1642 1656 1704 sunt,
1689 1635 1879 1692 multo
1918 1635 2112 1705 magis
2147 1634 2236 1689 di-

1872 270 2218 328 EUTHYMII
2257 268 2585 328 ZIGABENI

567 395 712 469 quia
745 393 809 450 in
857 392 1086 464 templo.
1117 394 1306 451 Tertio
1353 410 1390 452 a
1416 409 1480 451 re
1509 393 1658 467 ipsa,
1689 394 1832 467 quia
1856 397 2211 466 profanant.
2251 426 2260 448 λ

2367 399 2430 447 πὸ
2476 402 2564 447 τοῦ
2596 394 2708 465 (66)
2737 401 2861 446 ναοῦ
2895 413 2905 424 ·

3832 265 3967 324 368

2941 395 3022 447 Ἐν
3080 402 3150 465 τῷ
3205 397 3320 468 ἱερῷ
3377 397 3518 470 γάρ·
3570 400 3766 463 ἔπειτα,
3840 394 3969 446 ἀπὸ

2330 490 2420 536 τοῦ
2481 486 2817 556 πράγματος’
2873 481 3157 541 Βεϐηλοῡσι
3201 487 3301 556 γάρ
3339 506 3350 517 ο
3405 481 3528 537 οὐδὲ
3594 487 3694 559 γὰρ
3761 480 3971 547 εἶπεν,

2331 571 2410 623 ὃτι
2451 570 2693 623 ἀθετούσι
2745 575 2802 623 τὸ
2857 570 3136 639 Σάϐϐατον,
3192 571 3318 623 ἀλλὰ
3369 576 3426 625 1'6
3485 571 3796 646 βαρύτερον,
3873 573 3974 623 ὅτι

2334 657 2643 716 Βεϐηλοῡσιν
2681 677 2692 687 ·
2773 656 2866 712 εἶθ’
2927 660 3092 722 οὕτως
3153 662 3385 730 ἐπήγαγε
3456 665 3515 712 τό
3592 668 3682 712 τοῦ
3768 660 3973 730 λόγου

2333 745 2624 818 κεφάλαιον,
2653 747 2728 798 ὅτι
2761 752 2851 798 καὶ
2883 744 3106 800 ἀναίτιοί
3137 747 3258 801 εἰσι.

2406 835 2661 908 Προέταξε
2709 839 2798 907 μὲν
2864 831 2951 887 οὖν
3020 840 3107 894 τὴν
3167 835 3533 910 εύχερεστέραν
3593 835 3917 907 ἀπολόγίαν
3959 858 3971 868 ·

2336 919 2444 974 εἶτα
2490 921 2716 993 ἐπήγαγε
2765 927 2859 982 τὴν
2911 923 3278 996 ἰσχυροτέραν.
3330 923 3388 977 Ὀ
3437 929 3527 996 μεν
3579 927 3678 997 γὰρ
3744 921 3980 990 Δαυῖδ,

2337 1009 2476 1073 ἅπαξ
2506 1007 2599 1063 διὰ
2624 1015 2930 1084 περίστασιν
2956 1012 3120 1074 λύσας
3164 1015 3251 1064 τὸν
3298 1017 3415 1087 περὶ
3462 1010 3563 1064 τῶν
3619 1015 3795 1086 ἄρτων
3863 1022 3980 1073 τῆς

2336 1100 2646 1170 προθέσεως,
2684 1104 2856 1171 νόμον,
2902 1102 3038 1152 κατὰ
3086 1106 3398 1173 συγγνώμην
3452 1099 3633 1172 ἀφείθη
3676 1101 3800 1172 (67)
3873 1107 3982 1152 τοῦ

2339 1185 2698 1258 ἐγκλήματος·
2740 1189 2788 1238 οἱ
2851 1183 2900 1239 δ’
2961 1190 3130 1260 ἱερεῖς,
3187 1188 3304 1242 καθ’
3375 1189 3591 1241 ἕκαστον
3648 1186 3978 1249 Σάϐϐατσν,

2341 1270 2480 1346 δίχα
2527 1277 2902 1346 περιστάσεως,
2932 1275 3130 1336 λύοντες
3170 1279 3257 1329 τὸν
3307 1283 3399 1329 τοῦ
3452 1275 3718 1330 Σαϐϐάτου
3763 1281 3981 1347 νόμον,

2341 1365 2474 1415 κατά
2501 1367 2652 1434 νόμον
2683 1362 3017 1416 ἀπολέλυνται
3042 1371 3136 1427 τῆς
3163 1370 3508 1439 παρανομίας.

2414 1455 2564 1522 Λέγω
2616 1483 2684 1492 -
2740 1449 2865 1510 ὧδε.
2928 1453 3090 1514 Αὐτὸς
3159 1455 3260 1528 γὰρ
3321 1453 3545 1506 ἐνταῦθα
3611 1456 3891 1528 πάρεστιν
3957 1455 3985 1503 ὁ

2345 1547 2435 1592 τοῦ
2482 1542 2616 1614 ἱεροῦ
2669 1546 2948 1602 Δεσπότης.
3007 1546 3107 1595 Καὶ
3163 1541 3246 1594 ἐὰν
3279 1544 3329 1595 οἱ
3370 1551 3460 1594 τού
3511 1545 3646 1615 ἱεροῦ
3704 1545 3762 1593 τὸ
3832 1541 3986 1594 Σάϐ-

2348 1627 2496 1680 ϐατον
2540 1628 2766 1694 λύοντες,
2819 1627 3039 1682 ἀναίτιοι
3084 1626 3202 1695 ὦσι,
3263 1629 3432 1700 πολλῷ
3485 1631 3693 1702 μᾶλλον,
3751 1633 3809 1682 οἱ
3878 1638 3986 1682 τοῦ

597 1721 812 1794 scipuli
845 1722 1077 1778 Domini
1117 1722 1331 1794 templi.
1364 1726 1513 1781 Nam
1552 1725 1702 1779 sicut
1738 1724 1819 1779 illi
1848 1728 2084 1796 propter
2107 1738 2236 1778 cau-

2367 1721 2611 1770 lsa'm'n'ou
2659 1723 2751 1768 τοῦ
2806 1717 2970 1791 ἱερου.
3031 1716 3230 1792 Ὠσπερ
3277 1720 3378 1792 γὰρ
3427 1717 3604 1771 ἐκεῖνοι
3643 1714 3718 1770 δι’
3775 1719 3986 1770 αἰτίαν

595 1828 714 1868 sam
741 1809 1151 1866 rationabilem
1189 1811 1435 1867 crimine
1463 1817 1693 1878 vacant,
1727 1828 1796 1868 eo
1835 1813 2000 1884 quod
2022 1811 2242 1868 sacriﬁ-

598 1902 751 1967 cent,
765 1901 822 1954 et
852 1913 1027 1953 sacra
1052 1897 1277 1954 faciant
1295 1915 1498 1970 opera,
1519 1900 1599 1956 ita
1620 1900 1799 1956 etiam
1831 1901 1944 1956 isti.
1979 1898 2241 1955 Hebraeis

598 1986 892 2060 siquidem
920 1991 1157 2058 propter
1178 2002 1352 2044 suam
1376 1987 1835 2044 imbecillitatem
1875 2002 2066 2044 unum
2103 1987 2246 2044 heb-

599 2075 878 2134 domadas
901 2073 1062 2130 diem
1082 2073 1368 2144 attribuit,
1399 2091 1520 2148 quo
1536 2075 1614 2132 ab
1625 2076 1910 2148 operibus
1925 2079 2244 2144 cessarent,

599 2167 744 2238 puta
775 2161 1132 2227 Sabbatum,
1170 2167 1235 2219 ut
1266 2163 1328 2219 in
1359 2177 1428 2220 eo
1475 2167 1530 2220 et
1571 2164 1685 2236 ipsi
1715 2163 1787 2220 ab
1815 2163 1944 2220 aliis
1969 2167 2249 2220 vacarent

601 2251 905 2325 operibus,
938 2254 997 2308 et
1023 2251 1178 2307 servi
1223 2251 1313 2307 sui
1371 2267 1440 2308 ac
1491 2252 1760 2323 jumenta
1787 2251 2247 2325 requiescerent,

601 2339 814 2395 darent
842 2339 1040 2392 autem
1066 2349 1314 2407 operam
1353 2335 1498 2406 legis
1536 2335 1777 2393 lectioni
1827 2340 1886 2392 et
1927 2335 2251 2392 sacriﬁciis.

607 2422 952 2483 Christianis
977 2437 1114 2479 vero
1151 2428 1436 2496 tanquam
1473 2424 1839 2492 fortioribus,
1884 2429 2008 2482 tota
2035 2423 2256 2481 hebdo-

607 2511 790 2571 mada
811 2510 991 2582 jussit
1026 2526 1271 2583 operam
1298 2511 1441 2569 dare
1477 2512 1718 2569 lectioni
1752 2528 1822 2570 ac
1853 2513 2258 2586 spiritualibus

611 2598 935 2665 sacriﬁciis,
963 2603 1020 2656 et
1037 2599 1150 2655 illis
1166 2600 1414 2672 quidem
1442 2601 1560 2658 alia
1587 2602 1911 2674 prohibuit,
1941 2607 2002 2658 ut
2017 2617 2259 2674 operam

2351 1807 2555 1878 εὔλογον
2614 1803 2836 1858 ἀναίτιοί
2903 1806 3005 1858 εἰσι
3039 1824 3050 1835 ·
3108 1803 3202 1859 διὰ
3263 1811 3320 1858 τὸ
3372 1808 3508 1858 θύειν
3558 1810 3657 1879 γὰρ
3703 1812 3798 1860 καὶ
3858 1810 3990 1880 ἱερά

2350 1899 2476 1969 ἔργα
2530 1901 2692 1946 ποιεῖν
2727 1910 2739 1923 ⁸
2782 1893 2915 1945 οὕτω
2971 1898 3059 1946 καὶ
3113 1893 3276 1951 οὗτοι.
3354 1898 3454 1947 Καὶ
3507 1897 3607 1967 γὰρ
3680 1902 3794 1955 τοῖς
3882 1899 3983 1967 μὲν

2350 1982 2626 2057 Ἑϐραίοις,
2680 1977 2772 2033 διὰ
2821 1986 2915 2040 τὴν
2978 1981 3243 2035 ἀσθένειαν
3311 1983 3500 2050 αὐτῶν,
3575 1986 3698 2055 μίαν
3753 1984 3982 2057 ἡμέραν

2354 2081 2451 2133 τῆς
2494 2066 2790 2141 ἑϐδομάδος
2841 2071 3106 2145 ἄπρακτον
3161 2070 3523 2145 ἀπεκλήρωσεν
3563 2074 3590 2123 ὁ
3619 2074 3742 2132 Θεὸς
3771 2091 3782 2101 ·
3829 2072 3980 2144 λέγω

2359 2157 2427 2218 δὴ
2483 2161 2541 2212 τὸ
2598 2157 2860 2211 Σάϐϐατον
2888 2177 2899 2188 '
2943 2161 3077 2211 ὥστε
3127 2158 3176 2210 ἐν
3214 2159 3355 2231 αύτῷ
3392 2162 3604 2220 τούτους
3655 2159 3837 2234 ἀργεῖν

2361 2248 2462 2300 ἀπὸ
2518 2255 2614 2300 τῶν
2663 2246 2826 2299 ἄλλων
2883 2249 3064 2322 ἔργων,
3125 2253 3215 2300 καὶ
3288 2247 3628 2301 διαναπαύειν
3685 2254 3809 2310 τοὺς
3863 2252 3964 2300 ὑπὸ

2361 2344 2538 2411 χεῖρα,
2570 2340 2660 2388 καὶ
2703 2338 2769 2387 τὰ
2821 2336 3085 2407 ὑποζύγια
3109 2353 3120 2366 ·
3158 2335 3439 2407 σχολάζειν
3471 2336 3590 2408 (68)
3629 2334 3688 2390 δε
3726 2347 3795 2410 τῇ
3843 2337 3966 2389 ἀνα-

2362 2431 2552 2499 γνώσει
2604 2432 2694 2477 τοῦ
2722 2429 2880 2496 νόμου
2919 2429 3010 2476 καὶ
3038 2432 3153 2486 ταῖς
3181 2427 3390 2486 θυσίαις
3415 2443 3427 2454 '
3459 2431 3570 2485 τοῖς
3609 2422 3670 2478 δε
3710 2433 3979 2500 Χριστιαμ

2365 2522 2487 2578 νοῖς,
2539 2515 2606 2575 ὡς
2640 2513 3023 2586 ἰσχυροτέροις,
3057 2513 3266 2566 ἅπασαν
3313 2518 3406 2572 τὴν
3462 2510 3738 2585 ἑϐδομάδα
3770 2515 3980 2586 σχολά-

2371 2605 2473 2664 ζειν
2526 2610 2588 2674 τῇ
2669 2601 2953 2672 ἀναγνώσει
3009 2606 3098 2653 καὶ
3155 2607 3265 2662 ταῖς
3320 2610 3689 2673 πνευματικαῖς
3755 2605 3981 2664 θυσίαις

611 2690 822 2747 darent
847 2687 1083 2744 lectioni
1112 2702 1180 2744 ac
1227 2689 1532 2745 sacriﬁciis
1566 2708 1578 2746 :
1621 2690 1733 2746 hos
1763 2695 1954 2748 autem
1994 2690 2264 2762 spiritua-

611 2778 770 2836 libus
797 2779 1096 2845 vacantes,
1126 2791 1202 2833 ne
1241 2777 1320 2833 ab
1358 2777 1487 2833 aliis
1523 2778 1766 2851 quidem
1795 2777 2107 2835 abstraxit.
2141 2781 2263 2834 Non

616 2866 775 2922 enim
793 2863 1031 2920 illorum
1060 2879 1278 2921 manus
1306 2865 1534 2936 alligari
1560 2867 1893 2938 oportebat,
1923 2868 2027 2939 qui
2056 2883 2156 2922 eas
2188 2865 2260 2922 ad

2375 2886 2495 2928 τους
2547 2863 2625 2935 δὲ,
2686 2865 3043 2936 σχολάζοντας
3091 2874 3202 2929 τοῖς
3251 2875 3635 2938 πνευματικοῖς,
3690 2863 3796 2918 οὐδ’
3856 2867 3962 2920 ἀπὸ

615 2953 765 3012 nihil
778 2968 1024 3025 pravum
1055 2953 1489 3012 extendebant:
1520 2971 1714 3028 neque
1748 2956 1823 3012 de
1852 2956 2052 3028 parvis
2073 2955 2260 3025 legem

2376 2965 2474 3009 τῶν
2532 2954 2694 3006 ἄλλων
2753 2953 3028 3009 ἐκώλυσεν.
3099 2954 3210 3007 Ούκ
3267 2950 3374 3007 ἔδει
3420 2958 3521 3030 γὰρ
3577 2951 3831 3008 δεδέσθαι
3883 2959 3983 3016 τὰς

617 3043 769 3136 ferre
787 3041 884 3097 his
912 3041 1013 3114 qui
1044 3041 1113 3098 de
1130 3043 1368 3114 magnis
1381 3044 1984 3116 philosophabamur,
2025 3049 2127 3100 aut
2156 3044 2260 3099 im-

2377 3051 2559 3117 χεῖρας
2606 3046 2724 3094 τοὺς
2756 3043 2866 3113 (69)
2933 3045 3061 3114 πρὸς
3110 3039 3276 3115 μηδὲν
3331 3043 3519 3115 φαῦλον
3571 3046 3770 3107 ταύτας
3818 3045 3982 3098 ἐκτεί-

618 3129 908 3204 perfectos
937 3131 1242 3204 aequaliter
1270 3148 1398 3191 sese
1452 3133 1514 3190 in
1544 3134 1728 3190 modo
1783 3133 2018 3190 vivendi
2047 3132 2260 3190 habere

2377 3153 2576 3200 νοντας,
2633 3128 2754 3183 οὐδὲ
2802 3131 2866 3182 τὰ
2917 3133 3080 3204 μικρὰ
3115 3128 3461 3184 παιδεύεσθαι
3500 3135 3620 3194 τοὺς
3655 3135 3724 3185 τὰ
3775 3135 3991 3207 μεγάλα

621 3235 759 3278 cum
784 3220 1082 3293 perfectis.

2381 3221 2803 3294 φιλοσοφοῦντας,
2869 3215 2993 3270 οὐδὲ
3047 3227 3150 3280 τοῖς
3199 3218 3428 3273 ἀτελέσιν
3485 3218 3672 3284 ἐπίσης
3737 3223 3992 3278 πολιτεύ-

2383 3312 2532 3363 εσθαι
2565 3313 2678 3368 τοὺς
2704 3308 2940 3370 τελείους.

2372 2690 2597 2753 ἐπέταξε.
2669 2688 2945 2751 Κάκείνους
3000 2693 3090 2761 μὲν
3147 2689 3247 2742 ἀπὸ
3305 2699 3403 2742 τῶν
3462 2690 3622 2743 ἄλλων
3682 2691 3971 2755 ἐκώλυσεν,

2376 2781 2458 2833 ἶνα
2489 2778 2797 2851 σχολάζωσι
2825 2785 2888 2849 τῇ
2943 2777 3230 2848 ἀναγνώσει
3287 2783 3373 2831 καὶ
3411 2786 3529 2842 ταῖς
3567 2782 3798 2840 θυσίαις·
3838 2784 3964 2830 τού-

693 3397 807 3452 Nos
819 3413 962 3454 vero
991 3398 1363 3456 Dominicum
1393 3400 1552 3457 diem
1575 3399 1875 3473 praecipue
1900 3401 2272 3456 honoramus

623 3489 916 3556 tanquam
938 3487 1174 3558 proprie
1202 3489 1491 3558 requiem,
1521 3489 1582 3544 in
1609 3505 1730 3560 quo
1755 3504 1792 3546 a
1821 3488 2164 3544 mortalitate
2188 3503 2276 3544 re-

627 3573 854 3646 quievit
882 3573 932 3628 is
965 3575 1069 3645 qui
1120 3580 1338 3631 nostraa
1377 3592 1593 3632 massae
1622 3577 1903 3649 primitias
1939 3579 2188 3649 accepit,
2223 3580 2279 3632 et

628 3661 942 3718 innovavit
959 3661 1136 3718 nobis
1166 3665 1681 3731 resurrectionem,
1699 3665 2000 3739 vitamque
2029 3667 2279 3722 immor-

631 3749 832 3808 talem.

701 3840 862 3897 Vers.
913 3842 967 3895 7.
1000 3841 1168 3910 Quod
1226 3843 1280 3900 si
1306 3875 1373 3886 —
1436 3845 1788 3902 innocentes.
1829 3843 1980 3912 Quia
2013 3843 2280 3900 odiosius

628 3929 944 3987 videbatur
972 3931 1139 4002 quod
1159 3931 1408 3988 dixerat.
1452 3934 1686 4005 Templa
1700 3936 1894 4003 major
1921 3938 2003 3990 est
2021 3933 2137 4004 hic,
2165 3948 2282 3988 ser-

631 4031 876 4075 monem
906 4017 986 4072 ad
1016 4020 1246 4074 veniam
1275 4022 1540 4084 mutavit,
1570 4023 1670 4076 sed
1687 4037 1822 4076 cum
1848 4020 2278 4093 increpatione;

635 4121 779 4161 nam
804 4121 1038 4160 rursum
1065 4105 1177 4160 illis
1200 4106 1596 4176 ignorantiam
1632 4109 2000 4178 improperat
2031 4109 2285 4179 Scriptu-

635 4207 863 4255 rarum,
897 4192 1131 4248 dicens:
1159 4193 1212 4248 Si
1245 4193 1473 4248 sciretis
1495 4195 1642 4264 quid
1672 4195 1964 4263 signiﬁcet
1986 4197 2286 4268 prophetae

638 4279 864 4335 dictum
894 4280 962 4349 ⁸⁸,
990 4296 1112 4354 quo
1138 4281 1607 4338 misericordiam
1634 4283 1928 4356 praeponit
1946 4284 2097 4338 Deus
2114 4285 2290 4340 sacri-

638 4367 797 4430 ﬁcio,
832 4368 1055 4424 miserti
1087 4368 1285 4440 utique
1312 4370 1574 4426 fuissetis
1607 4373 1760 4428 adeo
1789 4372 2198 4439 esurientium,
2232 4377 2291 4430 ut

641 4461 1030 4517 immaturum
1093 4458 1334 4516 ederent
1375 4459 1676 4517 triticum:
1719 4477 1826 4518 nec
1869 4462 1953 4517 eis
2004 4462 2292 4533 indignati

641 4544 917 4612 fuissetis,
951 4561 1087 4603 cum
1119 4547 1296 4620 culpa
1326 4556 1606 4606 vacarent
1639 4569 1652 4620 ;
1683 4556 1738 4607 et
1771 4551 1820 4606 si
1849 4567 1970 4607 non
2001 4552 2080 4608 ob
2110 4553 2287 4620 aliud,

643 4639 704 4693 at
729 4633 938 4691 saltem
970 4640 1213 4709 propter
1241 4638 1483 4695 famem.
1522 4639 1574 4695 Si
1610 4641 1769 4696 enim
1799 4645 2035 4712 propter
2075 4643 2294 4698 sacriﬁ-

641 4725 802 4782 cium
831 4724 1074 4781 solvitur
1098 4726 1450 4798 Sabbatum,
1483 4733 1546 4783 ut
1572 4729 1917 4801 praedictum
1959 4733 2066 4797 est,
2106 4732 2294 4788 multo

644 4812 840 4884 magis
866 4819 1107 4886 propter
1131 4815 1601 4873 misericordiam
1625 4835 1639 4872 :
1671 4819 1863 4888 major
1893 4823 1979 4873 est
2014 4820 2173 4875 enim
2198 4820 2294 4877 mi-

646 4901 961 4959 sericordia
987 4905 1296 4972 sacriﬁcio,
1330 4906 1498 4978 juxta
1522 4905 1742 4962 dictam
1784 4907 2153 4964 sententiam.

2452 3397 2594 3471 [Τὴν
2648 3398 2758 3468 (70)
2808 3402 2981 3468 μέντοι
3029 3402 3292 3469 Κυριακὴν
3349 3407 3576 3471 τιμῶμεν
3611 3401 3727 3452 κατ’
3779 3403 3999 3481 ἐξαιρε-

2383 3506 2490 3554 τον,
2546 3487 2613 3547 ὡς
2665 3490 2855 3559 κυρίως
2921 3488 3342 3558 καταπαύσιμον,
3397 3486 3445 3538 ἐν
3584 3488 3782 3551 τελείως
3843 3498 4006 3545 κατέ-

2385 3593 2580 3629 παυσεν
2619 3573 2720 3625 ἀπὸ
2763 3582 2857 3633 τῆς
2912 3575 3218 3634 θνητὸτητος
3247 3576 3278 3633 ἡ
3312 3573 3530 3650 ἀπαρχὴ
3585 3584 3676 3628 τοῦ
3726 3580 4002 3654 ἡμετέρου

2387 3666 2705 3738 φυράματος,
2766 3666 2856 3714 καὶ
2913 3661 3220 3716 ἐνεκαίνισεν
3298 3666 3421 3736 ἡμῖν
3495 3669 3587 3722 τὴν
3667 3665 4004 3735 ἀνάστασιν,

2387 3759 2477 3807 καὶ
2501 3757 2594 3810 τὴν
2627 3751 2675 3804 ἐν
2707 3750 2970 3822 ἀθανασίᾳ
3005 3750 3206 3826 Cum]

2459 3843 2521 3897 Εἰ
2565 3839 2624 3894 δὲ
2665 3871 2733 3881 -
2786 3838 3066 3902 ἀναιτίους.
3104 3838 3248 3912 [Τοῦ
3299 3841 3414 3913 (71)
3468 3848 3732 3915 προφήτου
3788 3843 4012 3919 Ὠσηὲ]

2392 3927 2603 3988 Ἐπειδὴ
2652 3931 2895 4002 φορτικὸς
2942 3925 3134 3994 ἔδοξεν,
3177 3929 3351 3996 εἰπὼν,
3385 3932 3466 3983 ὅτι
3498 3938 3586 3982 τοῦ
3641 3934 3777 4005 ἱεροῦ
3811 3937 4012 4004 μεῖζον

2394 4019 2532 4073 ἔστιν
2575 4015 2698 4082 ὧδε,
2749 4019 2969 4088 μεθιστᾷ
3015 4020 3097 4069 τὸν
3141 4016 3291 4088 λόγον
3346 4017 3429 4070 ἐπὶ
3479 4026 3814 4092 συγγνώμην,
3871 4022 4014 4077 ἀλλὰ

2394 4107 2500 4181 μετ’
2551 4104 2886 4167 ἐπιπλήξεως.
2935 4103 3094 4156 Πάλιν
3162 4108 3263 4180 γὰρ
3306 4107 3518 4178 ἄγνοιαν
3575 4107 3753 4171 αὐτοῖς
3806 4109 4013 4166 ὀνειδί-

2397 4197 2475 4257 ζει
2541 4202 2639 4246 τῶν
2691 4199 2903 4266 Γραφῶν
2934 4211 2944 4222 ·
2975 4193 3035 4247 Εἰ
3090 4192 3370 4265 ἐγνώκειτε,
3426 4195 3605 4268 λέγων,
3650 4201 3701 4248 τί
3752 4203 4010 4271 σημαίνει

2397 4288 2455 4338 τὸ
2501 4284 2817 4358 προφητικὸν
2865 4283 3044 4356 ῥητὸν,
3086 4279 3159 4334 δι’
3203 4278 3261 4334 οὖ
3306 4284 3332 4334 ὁ
3381 4287 3508 4346 Θεὸς
3554 4288 3640 4337 τὸν
3689 4285 3825 4338 ἔλεον
3877 4309 4009 4362 προ-

2397 4378 2642 4446 τετίμηκι
2698 4380 2793 4433 τῆς
2847 4373 3054 4436 θυσίας,
3117 4370 3371 4430 ἠλεήσατε
3433 4371 3492 4425 ἃν
3560 4377 3676 4435 τοὺς
3725 4385 4005 4431 πεινῶντας

2399 4469 2663 4527 τοσοῦτον,
2714 4463 2784 4522 ὡς
2847 4459 3034 4512 ἐσθίειν
3094 4459 3476 4534 ἀκατέργαστον
3536 4470 3698 4534 σῖτον,
3767 4470 3856 4517 καὶ
3905 4467 4003 4518 οὐκ

2401 4551 2461 4605 ἀν
2518 4549 2819 4624 ἐμέμψασθε
2871 4551 3094 4619 τούτοις,
3155 4547 3406 4614 ἀναιτίοις
3459 4547 3626 4617 οὖσιν,
3686 4552 3728 4604 εί
3778 4557 3866 4604 καὶ
3922 4558 3997 4624 μή

2404 4639 2477 4694 δι’
2502 4641 2690 4715 ἕτερον,
2720 4637 2847 4690 ἀλλά
2883 4655 2942 4707 γε
2981 4633 3076 4689 διὰ
3103 4640 3188 4690 τὸν
3227 4637 3400 4710 λιμόν.
3448 4639 3508 4693 Εἰ
3553 4643 3652 4714 γὰρ
3687 4637 3776 4693 διά
3803 4641 3993 4693 θυσίαν

2400 4731 2577 4784 λύεται
2628 4732 2686 4780 τὸ
2744 4726 3023 4791 Σάϐϐατον,
3074 4729 3142 4788 ὡς
3194 4730 3517 4801 προείρηται,
3584 4729 3754 4799 πολλῷ
3810 4729 4002 4801 μᾶλλον

2405 4816 2477 4871 δι’
2528 4817 2682 4870 ἔλεον.
2735 4819 2938 4878 Μείζων
2981 4817 3082 4889 γὰρ
3141 4817 3326 4876 θυσίας
3382 4818 3412 4876 ἡ
3465 4815 3805 4889 ἐλεημοσύνη,
3873 4822 4008 4873 κατὰ

2404 4912 2497 4966 τὴν
2523 4904 2846 4964 δηλωθεῖσαν
2880 4906 3017 4957 θείαν
3047 4903 3328 4976 ἀπόφασιν.

721 5082 768 5116 ⁸⁸
801 5079 948 5134 Osee
975 5096 1051 5144 v1,
1086 5085 1136 5137 6.

1871 5183 2088 5252 Variae
2126 5183 2448 5253 lectiones
2481 5194 2546 5254 et
2573 5195 2778 5252 notae.

652 5439 684 5453 η
720 5369 834 5453 (ὀρ)
901 5369 1290 5453 ‘Cuilibet_in‘
1331 5378 1592 5431 mentem
1647 5375 1804 5434 venit
1857 5381 2040 5453 τόπου,
2095 5380 2259 5453 Atqu

2481 5379 2594 5453 (69)
2621 5379 2790 5453 orte
2819 5387 2916 5433 τῶν
2955 5380 3294 5439 ἐκτεινόντων.

648 5440 1112 5525 ita;ni_l-'ent_enius.l
1162 5443 1435 5525 Fortasse
1476 5462 1614 5503 mox
1657 5463 1765 5520 pro
1800 5457 1916 5522 ιερῷ
1946 5450 2131 5507 voluit
2168 5440 2297 5522 ν’ἆῷ.
2484 5440 2595 5525 (70)
2628 5452 2861 5525 inclusa
2891 5453 2948 5509 in
2982 5469 3170 5525 marg.
3204 5454 3385 5512 habet
3413 5455 3480 5512 Α.

725 5513 836 5597 (ὕῖ)
865 5520 934 5597 τέ)
968 5513 1250 5586 ἐγκλήματι
1279 5517 1338 5571 Β.
1662 5513 1675 5520 ’
1841 5513 1849 5522 ’
1887 5513 1894 5519 ’
2244 5513 2251 5522 ’

2487 5513 2596 5597 (71)
2625 5523 2689 5579 In
2720 5527 2988 5597 margine
3025 5529 3082 5582 Β.

2575 5380 2596 5584 ξ

725 5581 838 5656 (08)
871 5581 947 5648 δέ,
978 5581 1150 5642 abest
1179 5589 1246 5642 A.

4123 1057 4134 1078 ι

4122 1079 4148 1406 ι

4142 1962 4147 2108 1
