4206 6310
551 291 654 358 371
1872 297 2233 357 EUTHYMII
2269 295 2596 354 ZIGABENI

3820 299 3960 354 372

627 428 785 485 Vers.
824 426 909 482 12.
952 427 1174 492 Quanto
1200 453 1269 468 —
1306 439 1420 482 ove.
1455 425 1600 480 Cum
1638 422 1720 479 illi
1751 438 1860 479 suo
1892 423 2122 480 silentio
2161 423 2214 481 ei

2395 426 2550 493 Πόσῳ
2607 453 2674 462 -
2753 422 3036 497 προϐάτου.
3111 424 3639 496 Συνομολογησάντων
3728 425 3957 488 αὐτῶν,

555 518 906 576 assentirent
940 532 952 573 :
993 515 1054 572 id
1085 515 1245 572 enim
1273 513 1432 586 quod
1465 513 1590 585 ipse
1617 512 2081 582 interrogaverat
2122 512 2214 568 lex

551 604 947 679 permittebat,
997 619 1107 660 nec
1150 602 1557 659 contradicere
1593 605 1868 672 poterant
1897 618 1910 656 :
1945 601 2213 658 enuntia-

553 695 669 752 tive
701 694 867 757 dixit,
892 694 1058 765 quod
1090 693 1274 748 homo
1304 691 1480 760 longe
1508 689 1740 757 dignior
1769 694 1857 744 est
1887 705 2013 744 ove.

623 785 782 839 Vers.
816 782 905 839 l2.
944 782 1104 837 Licet
1134 782 1338 851 itaque
1361 810 1424 820 ——
1456 778 1809 848 benefacere.
1840 779 1988 833 Cum
2018 793 2213 833 exem-

551 871 654 944 plo
708 871 786 927 ab
825 885 934 926 ove
973 874 1204 940 sumpto
1243 866 1467 923 illorum
1507 881 1615 922 ora
1652 865 2009 932 obturasset,
2050 864 2214 921 dein-

553 976 696 1031 ceps
727 959 805 1015 ad
831 958 914 1025 id,
947 956 1113 1030 quod
1149 955 1224 1011 ab
1244 958 1327 1010 eis
1359 955 1844 1024 interrogaverat,
1869 953 2210 1025 respondet.

557 1047 865 1119 Siquidem
889 1047 1120 1103 Marcus
1145 1045 1219 1080 ⁷ο·
1243 1048 1299 1101 et
1321 1045 1510 1100 Lucas
1531 1042 1815 1107 “dicunt,
1839 1043 2004 1115 quod
2031 1042 2210 1098 etiam

553 1135 865 1192 hominem
915 1133 1180 1190 statuerit
1224 1131 1285 1188 in
1337 1132 1628 1195 medium,
1669 1135 1727 1186 et
1766 1130 2216 1200 interrogaverit

556 1240 659 1282 eos
704 1247 715 1281 :
781 1224 993 1280 Utrum
1035 1223 1162 1278 licet
1204 1221 1473 1278 Sabbatis
1519 1221 1877 1290 benefacere,
1915 1233 1994 1275 an
2037 1219 2216 1274 mate-

551 1313 750 1382 facere
784 1311 812 1366 ?
855 1311 1174 1383 Postquam
1218 1310 1381 1366 enim
1419 1310 1504 1365 eis
1548 1307 1958 1380 responderat,
2011 1307 2215 1364 statuit

555 1401 725 1457 illum
747 1399 807 1456 in
831 1399 1119 1464 medium,
1145 1402 1209 1454 ut
1235 1395 1614 1455 amiserabili
1649 1401 1894 1468 aspectu
1933 1393 2216 1452 dissolve-

554 1493 644 1546 ret
695 1488 892 1545 cordis
940 1487 1172 1544 illorum
1221 1485 1526 1549 duritiem,
1578 1484 1780 1557 eisque
1826 1484 2215 1556 persuaderet

554 1582 618 1634 ut
646 1577 936 1633 invidiam
959 1575 1305 1647 abjicerent,
1339 1573 1768 1645 conspicientes
1791 1572 1955 1645 quod
1979 1587 2216 1644 semper

552 1667 784 1723 bonum
824 1665 897 1720 sit
935 1679 1036 1721 eos
1084 1664 1188 1737 qui
1217 1662 1350 1719 dira
1380 1663 1688 1734 patiuntur
1717 1677 1946 1718 curare.
1994 1661 2214 1717 Deinde

2324 507 2417 563 διά
2473 518 2569 571 τῆς
2617 518 2838 571 σιωπῆς·
2891 517 2979 565 καὶ
3003 515 3102 586 γὰρ
3137 515 3162 564 6
3213 517 3367 586 νόμος
3413 512 3698 586 ἐπέτρεπεν,
3731 515 3758 565 ὅ
3787 515 3960 586 ἠρώ-

2321 618 2468 666 τησε,
2501 605 2591 652 καὶ
2621 602 2872 652 ἀντειπεῖν
2895 601 2988 652 ούκ
3035 598 3310 660 ἠδύναντο·
3361 606 3516 674 φησὶν
3539 600 3960 674 ἀποφαντικξη,

2323 690 2402 739 ὅτι
2443 687 2611 758 πολλῷ
2653 694 2956 762 τιμιώτερός
2981 688 3122 741 ἐστιν
3161 691 3186 740 6
3219 691 3487 764 ἄνθρωπος
3511 698 3602 742 τοῦ
3633 688 3958 764 προϐάτου.

2391 775 2550 828 Ὠστε
2593 775 2759 838 ἔξεστι
2810 807 2880 817 —
2936 776 3098 837 καλῶς
3135 786 3324 835 ποιεῖν,
3377 779 3472 830 Διά
3523 785 3613 830 τοῦ
3673 781 3813 830 κατὰ
3891 784 3960 831 τὸ

2321 863 2578 936 πρόϐατον
2605 860 3031 937 παραδείγματος
3065 871 3304 938 φιμώσας
3331 866 3540 932 αὐτοὺς,
3571 866 3750 919 λοιπὸν
3771 867 3960 940 ὂ(’74)

2323 951 2569 1024 ἠρωτήθη
2623 951 2746 1025 παρ’
2793 953 2977 1022 αὐτῶν,
3035 951 3386 1029 ἀποκρίνεται.
3450 958 3661 1030 Μάρκος
3731 951 3794 1008 δε
3853 961 3962 1008 καὶ

2325 1045 2528 1100 Λουκᾶς
2575 1060 2753 1112 φασιν,
2807 1043 2886 1094 ὅτι
2935 1048 3023 1095 καὶ
3072 1045 3261 1101 ἔστησε
3311 1045 3398 1095 τὸν
3455 1043 3720 1118 ἄνθρωπον
3760 1044 3841 1107 εἰς
3895 1049 3961 1097 τό

2322 1131 2498 1200 μέσον,
2529 1133 2622 1181 καὶ
2661 1129 2927 1204 ἠρώτησεν
2967 1131 3176 1198 αύτούς,
3229 1135 3280 1184 τί
3311 1131 3477 1194 ἔξεστι
3505 1141 3611 1192 τοῖς
3641 1132 3959 1199 Σάϐϐασιν,

2324 1217 2714 1287 ἀγαθοποιῆσαι
2764 1219 2794 1278 ἦ
2839 1227 3216 1278 κακοποιῆσαι.
3279 1223 3423 1274 Μετά
3459 1223 3558 1293 γάρ
3611 1224 3668 1273 τό
3712 1220 3963 1296 ἀποκρι-

2330 1307 2483 1363 θῆναι
2535 1305 2731 1373 αὐτοῖς,
2782 1309 3000 1366 ἔστησεν
3049 1308 3204 1361 αὐτὸν
3263 1309 3329 1370 εἰς
3382 1312 3439 1361 τὸ
3478 1313 3655 1381 μέσον,
3692 1311 3780 1362 ἵνα
3838 1309 3963 1365 ἀπὸ

2330 1401 2419 1453 τῆς
2472 1393 2691 1457 ἐλεεινῆς
2749 1397 2861 1456 θέας
2941 1396 3278 1470 καταμαλάξῃ
3333 1402 3424 1456 τήν
3507 1397 3964 1474 σκληροκαρδίαν

2326 1480 2513 1546 αὐτῶν,
2543 1487 2633 1535 καὶ
2660 1488 2818 1556 πείσῃ
2869 1487 3084 1547 τούτους
3135 1485 3424 1539 ἀποθέσθαι
3476 1487 3564 1558 μὲν
3595 1492 3689 1544 τήν
3723 1487 3962 1559 βασκα-

2323 1574 2456 1637 νίαν,
2504 1567 2732 1623 συνιδεῖν
2788 1569 2866 1637 δὲ,
2921 1574 3002 1624 ὅτι
3048 1572 3202 1626 καλὸν
3257 1572 3335 1626 ἀεὶ
3396 1576 3771 1648 θεραπεύεσθαι
3822 1582 3965 1642 τοὺς

2325 1666 2497 1719 κακῶς
2543 1661 2782 1730 ἔχοντας⁹
2850 1657 2960 1712 εἶτα
3009 1659 3346 1734 ἀντηρώτησε
3394 1667 3485 1714 καὶ
3527 1662 3682 1724 αὐτὸς
3744 1665 3963 1727 αὐτοὺς

560 1759 789 1823 contra,
822 1754 1000 1810 etiam
1030 1752 1162 1808 illos
1185 1750 1664 1823 inexplicabilem
1706 1750 2029 1820 interrogat
2054 1765 2214 1821 quaa-

2326 1743 2568 1820 ἐρώτημα
2616 1747 2862 1819 ἄφυκτον
2914 1751 2963 1801 οἱ
3040 1744 3098 1801 δὲ
3145 1749 3400 1815 ἐσιώπων,
3463 1749 3799 1823 ἐλεγχόμενοι
3857 1758 3961 1826 μὲν

556 1844 826 1899 stionem.
851 1845 922 1897 At
938 1841 1016 1895 illi
1031 1841 1274 1896 veritate
1294 1838 1623 1909 redarguti,
1646 1837 1925 1895 tacebant
1945 1838 2210 1910 quidem,

558 1933 664 1986 sed
693 1931 774 1987 ob
796 1945 1044 2000 pravam
1075 1928 1444 1984 voluntatem
1467 1943 1581 1983 non
1599 1927 1770 1998 plene
1794 1927 1847 1981 ei
1877 1926 2216 1998 acquiesce-

554 2020 704 2076 bant
733 2037 746 2085 ;
781 2017 1034 2090 ideoque
1073 2033 1212 2073 cum
1242 2017 1330 2072 ira
1360 2014 1874 2087 circumspiciebat
1897 2030 2021 2078 eos,
2065 2015 2217 2070 sicut

557 2108 702 2164 dicit
725 2110 951 2162 Marcus
974 2106 1040 2169 ⁷³,
1071 2121 1194 2178 quo
1219 2105 1349 2161 illos
1384 2105 1794 2172 confunderet,
1828 2104 2213 2160 contristatus

559 2211 740 2268 super
770 2194 985 2250 duritia
1003 2194 1197 2250 cordis
1212 2194 1506 2266 ipsorum.
1524 2197 1673 2250 Nam
1692 2193 1769 2251 ab
1797 2192 2023 2248 invidia
2045 2191 2216 2247 indu-

557 2290 777 2350 ratum,
810 2298 920 2340 nec
948 2286 1191 2356 aspectu
1214 2283 1530 2340 miserabili
1553 2282 1926 2355 placabatur,
1955 2295 2065 2336 nec
2099 2295 2218 2335 ser-

558 2389 804 2431 monem
835 2373 930 2428 cui
968 2372 1371 2428 contradicere
1395 2387 1512 2427 non
1545 2375 1843 2444 poterant,
1869 2369 2213 2442 recipiebat.

630 2463 794 2519 Vers.
837 2463 925 2517 l3.
975 2463 1134 2516 Tunc
1181 2462 1266 2517 ait
1306 2490 1374 2500 —
1415 2461 1629 2516 altera.
1669 2459 1792 2515 Suo
1847 2459 2010 2516 hunc
2053 2458 2217 2530 jussu

560 2551 789 2608 curavit
823 2565 842 2606 :
887 2553 941 2605 et
981 2549 1116 2606 illos
1161 2553 1480 2612 exterrens,
1507 2553 1564 2604 et
1603 2549 1788 2604 Deum
1840 2564 1904 2604 se
1945 2563 2072 2602 esse
2111 2563 2214 2602 os-

560 2641 828 2697 tendens.
879 2637 1080 2693 Gestat
1122 2640 1324 2692 autem
1366 2636 1633 2692 dextram
1680 2651 1930 2691 manum
1989 2634 2218 2690 aridam

561 2726 834 2798 quisquis
863 2725 1168 2780 dexteram
1193 2723 1599 2794 operationem
1627 2738 1746 2778 non
1775 2725 2006 2778 exercet
2039 2738 2051 2776 :
2080 2721 2217 2778 dico

565 2829 712 2870 sane
740 2813 1032 2868 virtutem.

632 2901 796 2957 Vers.
829 2901 920 2954 14.
954 2898 1244 2956 Pharisaei
1265 2912 1396 2954 vero
1425 2928 1490 2939 —
1521 2900 1851 2967 perderent.
1886 2899 2219 2956 Consilium

563 2992 848 3062 ceperunt
884 2989 1034 3043 inter
1073 3003 1135 3042 se
1173 2986 1453 3042 invicem.
1495 2987 1728 3043 Marcus
1758 2993 1962 3045 autem
2000 2988 2142 3044 dicit
2169 2989 2218 3026 ⁷⁸

562 3077 728 3150 quod
775 3092 913 3132 cum
962 3075 1307 3132 Herodianis
1358 3076 1786 3144 consultarunt,
1841 3077 1947 3149 qui
1998 3081 2053 3134 et
2108 3076 2217 3150 ipsi

562 3180 778 3236 genere
827 3164 1070 3238 quidem
1120 3167 1288 3220 erant
1333 3164 1546 3231 Judaei,
1595 3164 1970 3222 vehementer
2018 3169 2218 3223 autem

561 3252 852 3310 Herodem
897 3252 1192 3317 colebant,
1241 3256 1298 3309 et
1327 3252 1526 3324 ipsum
1565 3267 1693 3308 esse
1736 3253 2017 3310 dicebant
2053 3253 2220 3310 Chri-

564 3346 723 3398 stum
762 3357 799 3398 a
840 3341 1148 3414 prophetis
1179 3341 1559 3412 promissum.
1595 3340 1748 3398 Nam
1784 3342 1925 3414 quia
1965 3343 2216 3414 prophe-

560 3434 751 3486 tatum
785 3419 911 3485 erat
944 3432 1084 3485 tunc
1123 3433 1442 3485 venturum
1484 3445 1610 3485 esse
1650 3430 1942 3486 Christum
1972 3432 2219 3502 quando

560 3517 836 3574 deﬁceret
863 3517 966 3589 qui
995 3533 1068 3574 ex
1091 3516 1309 3572 Judeais
1334 3517 1674 3587 imperaret,
1696 3516 1990 3572 defecerat
2019 3523 2219 3576 autem

561 3605 771 3660 diebus
811 3604 1051 3660 Herodis
1081 3604 1185 3677 qui
1225 3603 1480 3660 infantes
1511 3609 1845 3671 necaverat,
1885 3607 2113 3679 primus
2146 3608 2220 3664 si-

560 3692 808 3765 quidem
828 3692 924 3748 hic
945 3692 1518 3762 alienigenaJudteis
1535 3693 1844 3767 imperavit
1867 3717 1877 3751 :
1902 3695 2035 3751 ideo
2058 3695 2219 3754 hunc

560 3795 690 3838 esse
727 3781 1193 3853 suspicabantur
1229 3782 1332 3854 qui
1381 3786 1670 3838 venturus
1711 3784 2168 3855 exspectabatur
2197 3801 2212 3852 ;

559 3875 617 3927 et
649 3871 947 3942 conjuncti
983 3869 1256 3936 invicem,
1302 3871 1606 3944 propriam
1652 3871 1921 3929 fecerunt
1969 3878 2212 3930 sectam.

559 3961 625 4014 Et
667 3959 810 4030 quia
857 3958 1150 4014 Herodem
1201 3959 1521 4027 plurimum
1565 3959 1869 4025 amabant,
1901 3961 2216 4018 Herodiani

557 4044 966 4116 cognominati
995 4050 1149 4098 sunt.
1177 4045 1312 4098 Haec
1351 4045 1551 4113 itaque
1581 4046 1654 4099 de
1682 4046 2028 4102 Herodianis
2059 4049 2216 4105 dicta

558 4133 691 4188 sint.
723 4132 801 4186 De
823 4130 1043 4186 Judaeis
1069 4133 1270 4186 autem
1298 4128 1446 4185 dixit
1465 4131 1655 4186 Lucas
1676 4131 1748 4199 7‘,
1782 4133 1941 4203 quod
1973 4135 2216 4191 demen-

559 4221 636 4275 tia
673 4218 878 4290 repleti
909 4220 1066 4283 sunt,
1100 4221 1158 4274 et
1187 4222 1396 4274 mutuo
1424 4217 1938 4290 colloquebautur,
1965 4222 2213 4293 quidam

557 4307 672 4379 ipsi
721 4307 862 4361 Iesu
912 4305 1189 4361 facerent.
1243 4306 1441 4376 Neque
1500 4306 1656 4362 enim
1701 4307 1895 4365 solum
1926 4312 2214 4382 perterriti

555 4409 680 4450 non
705 4397 892 4459 erant,
925 4392 1029 4448 sed
1055 4397 1111 4449 et
1137 4392 1363 4450 invidia
1406 4393 1798 4462 obtenebrati,
1831 4401 1887 4454 et
1917 4397 2213 4458 dementia

2326 1835 2424 1886 ύπό
2484 1842 2574 1895 τῆς
2632 1833 2889 1903 ἀληθείας,
2947 1837 3367 1901 ἐθελοκακοῦντες
3414 1835 3492 1891 δέ·
3555 1836 3641 1892 διὸ
3700 1845 3797 1892 καὶ
3864 1862 3959 1894 πε-

2330 1922 2638 1997 ριεϐλέψατο
2691 1924 2877 1986 αύτούς
2908 1927 3015 1997 μετ’
3060 1925 3240 1998 ὀργῆς,
3271 1929 3409 1980 καθά
3457 1947 3613 1999 φησιν
3643 1929 3668 1978 ό
3700 1932 3952 2004 Μάρκος,

2336 2015 2470 2063 ὥστε
2525 2012 2784 2086 ἐντρεψαι,
2837 2012 3250 2086 συλλυπούμενος
3306 2013 3388 2068 ἐπὶ
3439 2023 3501 2088 τῇ
3568 2024 3822 2089 πωρώσει
3855 2029 3955 2081 τῆς

2335 2096 2563 2172 καρδίας
2613 2101 2801 2152 αὐτῶν.
2838 2105 3158 2175 Πωρωθεῖσα
3200 2104 3311 2172 (75)
3341 2106 3440 2177 γὰρ
3472 2105 3572 2156 ὑπὸ
3603 2113 3695 2158 τού
3729 2108 3946 2177 φθόνου,

2328 2192 2444 2241 οὔτε
2469 2188 2588 2258 ὄψιν
2615 2187 2830 2248 ἐλεεινὴν
2861 2187 3200 2261 ἐδυσωπεῖτο,
3229 2195 3346 2245 οὔτε
3372 2192 3522 2264 λόγον
3557 2191 3943 2270 ἀναντίρρητον

2327 2274 2678 2350 παρεδέχετο.

2397 2457 2520 2506 Τότε
2569 2454 2704 2526 λέγει
2745 2485 2814 2496 -
2843 2453 2998 2513 ἄλλη.
3062 2457 3441 2527 Προστείγματι
3489 2459 3687 2515 ταύτην
3726 2459 3940 2525 ἰάσατο,

2327 2542 2697 2600 καταπλήττων
2749 2563 2803 2595 τε
2833 2543 3040 2609 αύτούς,
3094 2550 3181 2596 καὶ
3213 2539 3481 2611 δεικνύων,
3513 2546 3592 2597 ὅτι
3645 2552 3778 2608 Θεός
3803 2551 3940 2602 ἐστι.

2327 2633 2497 2705 Ξηράν
2531 2627 2589 2684 δε
2617 2636 2753 2706 φέρει
2789 2636 2875 2690 τὴν
2904 2628 3077 2695 δεξιὰν
3111 2639 3290 2705 χεῖρα,
3322 2638 3412 2685 καὶ
3440 2640 3542 2695 πᾶς
3575 2636 3599 2686 6
3629 2640 3721 2692 τήν
3753 2634 3939 2699 δεξιὰν

2329 2719 2514 2791 πρᾶξιν
2538 2723 2608 2792 μὴ
2643 2724 3039 2794 μετερχόμενος,
3061 2726 3193 2793 φημὶ
3222 2717 3312 2785 δή,
3347 2727 3440 2778 τήν
3473 2721 3664 2796 ἀρετήν.

2401 2899 2467 2949 Οἱ
2513 2893 2572 2950 δὲ
2601 2904 2877 2971 Φαρισαῖοι
2907 2929 2976 2938 -
3022 2896 3337 2952 ἀπολέσωσι.
3389 2899 3700 2973 Συμϐούλιον
3747 2899 3927 2955 ἔλαϐον

2328 2989 2454 3060 παρ’
2482 2984 2733 3044 ἀλλήλων·
2775 2988 2801 3038 ό
2829 2983 2887 3039 δὲ
2925 2988 3136 3060 Μάρκος
3168 2993 3327 3058 φησὶν
3365 2989 3445 3041 ὅτι
3473 2992 3603 3061 μετά
3633 2999 3733 3042 τῶν
3767 2991 3933 3064 Ἡρω-

2331 3071 2520 3126 διανῶν
2568 3081 2722 3128 τοῦτο
2781 3074 3143 3128 ἐϐουλεύσαντο
3191 3078 3256 3128 Οἱ
3301 3073 3360 3129 δὲ
3410 3073 3744 3151 Ἡρωδιανοὶ,
3793 3086 3937 3152 γένος

2328 3166 2418 3235 μὲν
2467 3159 2602 3234 ᾖσαν
2630 3160 2889 3216 Ἰουδαῖοι
2941 3169 3031 3216 καὶ
3062 3164 3232 3230 αὐτοὶ,
3275 3168 3362 3217 τὸν
3390 3163 3629 3240 Ἡρώδην
3657 3164 3717 3220 δε
3745 3165 3934 3242 διαφε-

2327 3255 2519 3326 ρόντως
2572 3249 2777 3323 ἐτίμων,
2806 3257 2895 3305 καὶ
2924 3252 3074 3304 αὐτόν
3097 3252 3265 3324 ἔλεγον
3296 3251 3424 3306 εἶναι
3452 3257 3536 3306 τόν
3558 3257 3658 3308 ὑπὸ
3680 3265 3782 3308 τῶν
3811 3279 3936 3331 προ-

2330 3348 2502 3412 φητῶν
2532 3340 2998 3412 καταγγελλόμενον
3032 3345 3276 3412 Χριστόν.
3331 3342 3470 3395 Ἐπεὶ
3499 3346 3600 3418 γάρ
3641 3349 3757 3398 τότε
3782 3367 3933 3420 προε-

2330 3430 2573 3500 φητεύετο
2631 3427 2790 3480 ἐλθεῖν
2845 3429 2870 3481 ὁ
2913 3433 3165 3502 Χριστὸς,
3234 3432 3314 3483 ὅτε
3370 3429 3591 3502 ἐκλείψει
3646 3435 3935 3507 ἡγούμενος

2331 3513 2613 3577 Ἰουδαῖος’
2668 3516 2860 3579 ἐξέλιπε
2909 3513 2967 3570 δὲ
3026 3516 3108 3570 ἐπὶ
3155 3527 3254 3570 τῶν
3302 3521 3503 3592 ἡμερῶν
3552 3518 3795 3593 Ἠρώδου
3840 3532 3932 3577 τοῦ

2331 3603 2696 3679 βρεφοκτόνοψ
2749 3613 2952 3677 πρῶτος
2979 3608 3083 3680 γὰρ
3138 3607 3286 3670 οὗτος
3329 3606 3625 3680 ἀλλόφυλος,
3662 3608 3930 3664 Ἰουδαῖων

2329 3691 2676 3745 ἐϐασῦευσενο
2711 3692 2984 3762 ύπελαϐον,
3026 3694 3180 3747 αὐτόν
3212 3694 3339 3748 εἶναι
3378 3700 3465 3748 τὸν
3495 3695 3930 3772 προσδοκώμενον

2329 3780 2489 3849 ήξειν,
2547 3787 2636 3834 καὶ
2665 3783 2966 3853 συστάντες,
3026 3779 3165 3836 ἰδίαν
3220 3785 3415 3856 αἵρεσιν
3478 3784 3807 3844 ἐποιήσαντο.
3842 3793 3928 3842 Διό

2326 3875 2434 3934 καὶ,
2479 3868 2578 3921 ἀπό
2619 3878 2710 3922 τοῦ
2758 3867 2964 3943 σφόδρα
2989 3871 3147 3942 φιλεῖν
3197 3875 3280 3924 τὸν
3323 3870 3583 3945 Ἡρώδην,
3616 3872 3929 3948 Ἠρωδιανοὶ

2327 3956 2796 4029 ἐπωνομάσθησαν.
2822 3957 2977 4010 Ἀλλά
3003 3967 3169 4012 ταῦτα
3195 3964 3284 4032 μὲν
3307 3967 3421 4034 περὶ
3451 3970 3549 4014 τῶν
3573 3960 3924 4037 Ἡρωδιανῶν.

2327 4050 2453 4117 Περὶ
2487 4041 2544 4097 δὲ
2570 4053 2669 4096 τῶν
2698 4043 2972 4099 Ἰουδαίων
3003 4049 3028 4098 ό
3060 4053 3264 4110 Λουκᾶς
3290 4048 3442 4115 εἶπεν,
3479 4053 3559 4102 ὅτι
3589 4049 3926 4111 ἐπλήσθησαν

2326 4131 2504 4194 ἀνοίας
2556 4137 2645 4185 καὶ
2686 4130 2950 4186 διελάλουν
2997 4140 3122 4209 πρὸς
3176 4136 3442 4203 ἀλλήλους,
3473 4143 3524 4191 τὶ
3554 4137 3614 4190 ἀν
3657 4145 3924 4199 ποιήσειαν

2325 4227 2397 4290 τῷ
2426 4221 2634 4277 Ἰησοῦ.
2677 4226 2779 4274 Καὶ
2827 4225 2928 4296 γάρ
2960 4223 3018 4276 ού
3073 4228 3224 4293 μόνον
3251 4225 3308 4276 ού
3347 4229 3768 4298 κατεπλάγησαν,
3801 4227 3926 4283 ἀλλὰ

2324 4314 2413 4360 καὶ
2482 4312 2839 4374 σκοτισθέντες
2905 4313 3003 4364 ὑπό
3067 4322 3157 4373 τῆς
3238 4312 3554 4386 βασκανίας,
3628 4315 3921 4375 ἐπλὴθησαν

2326 4396 2622 4459 ἀσυνεσίας.
2673 4404 2772 4452 Καὶ
2797 4407 2977 4474 πρῶτα
3032 4403 3122 4472 μὲν
3183 4401 3557 4468 συνελάλησαν,
3588 4409 3638 4456 τὶ
3692 4403 3749 4455 ἀν
3778 4413 3919 4466 ποιή-

556 4481 764 4552 repleti
791 4486 959 4538 erant
989 4496 1004 4548 ;
1046 4486 1103 4538 et
1145 4482 1406 4553 primum
1439 4483 1686 4554 quidem
1718 4459 2214 4559 colloquebautur

2326 4505 2466 4538 σειαν
2543 4486 2684 4558 αύτῷ
2752 4491 2931 4556 κακόν,
3003 4486 3116 4542 εἶτα
3201 4489 3664 4546 συνεϐουλεύσαντο
3739 4493 3914 4548 ἀνελεῖν

557 4569 850 4643 quidnam
878 4569 992 4642 ipsi
1021 4569 1274 4627 facerent
1290 4570 1457 4636 mali,
1487 4571 1704 4628 deinde
1731 4576 2214 4636 consultaverunt

557 4657 623 4711 ut
646 4668 784 4710 eum
815 4652 1228 4711 interﬁcerent.

625 4744 782 4800 Vers.
815 4747 898 4798 15.
943 4745 1110 4800 Jesus
1156 4749 1348 4803 autem
1377 4775 1446 4786 —
1473 4744 1626 4802 inde.
1671 4747 1912 4818 Oportet
1963 4748 2123 4805 enim
2176 4765 2213 4808 a

555 4831 756 4905 pravis
774 4832 1045 4888 recedere
1075 4851 1086 4890 :
1113 4848 1222 4889 nec
1245 4848 1304 4887 se
1323 4833 1600 4904 periculis
1621 4833 1982 4906 obiiciendo,
2003 4851 2211 4895 eorum

629 4955 699 4992 ⁷⁰⁹
724 4961 899 5015 mare.
931 4970 1018 5027 ιιι,
1045 4955 1101 5014 3.
1173 4957 1218 4993 τί
1255 4958 1392 5014 Luc.
1424 4971 1499 5023 vi,
1527 4955 1580 5011 9.

2323 4574 2496 4630 αὐτόν.

2390 4751 2447 4804 "O
2493 4749 2552 4805 δε
2615 4753 2823 4814 Ἰησοῦς
2880 4785 2946 4794 -
3015 4754 3220 4808 ἐκεῖθεν.
3280 4760 3394 4829 Χρή
3472 4760 3573 4828 γὰρ
3632 4757 3913 4834 ἀναχωρεῖν

2322 4839 2420 4892 ἀπὸ
2451 4849 2549 4892 τῶν
2601 4851 2852 4916 πονηρῶν,
2901 4848 2990 4896 καὶ
3027 4848 3098 4916 μή
3144 4842 3524 4918 ῥιψοκινδύνως
3586 4846 3772 4919 ἐφιέναι
3806 4852 3913 4920 (76)

1661 4957 1707 4992 ⁷³
1739 4957 1916 5014 Marc.
1944 4973 2027 5024 ιιι,
2057 4963 2108 5015 5.
2182 4962 2230 4997 ⁷³
2259 4961 2409 5020 ibid.
2439 4967 2494 5020 6.
2581 4965 2629 5000 ⁷⁴
2661 4965 2797 5021 Luc.
2834 4937 2912 5033 vi,
2959 4969 3039 5022 11.

1808 5108 2030 5178 Variae
2045 5109 2371 5180 lectiones
2389 5122 2670 5181 etnotae.

602 5319 612 5330 .
628 5247 850 5330 (741.411
871 5247 954 5313 id,
974 5248 1141 5330 quod
1160 5248 1551 5323 interrogatus
1564 5252 1781 5323 fuerat,
1808 5269 1929 5312 non
1954 5255 2115 5328 quod
2133 5256 2209 5316 ab

558 5325 638 5375 eis
670 5325 1162 5388 interrogaverat.
1960 5325 1970 5378 .ἶ

771 5391 799 5448 ἡ
835 5388 964 5462 καρὸ
978 5396 1050 5446 ία.

627 5459 741 5535 (76)
771 5459 989 5535 ἀφιέναι.
1023 5463 1088 5517 Λ.
1127 5465 1246 5535 Hoc
1285 5477 1526 5535 prorsus
1566 5464 1828 5522 alienum
1868 5470 1974 5522 est.
2019 5467 2082 5524 In
2107 5467 2202 5526 illo

557 5534 758 5590 autem
796 5532 1131 5603 intelligitur
1179 5532 1377 5590 ἑαυτόν.
1433 5536 1548 5593 Sed
1589 5536 1881 5595 vocabulo
1921 5542 2200 5614 ἀναχωρεῖν

2320 5257 2636 5340 respondet
2665 5259 2852 5340 etiam~
2874 5260 3105 5340 Errtévatt._
3123 5263 3444 5340 lientenius
3470 5274 3669 5325 tamen
3693 5269 3913 5329 videtur

2319 5330 2496 5413 etiam
2523 5330 2812 5413 reperisse
2834 5330 3043 5413 ἐξιέναι.
3077 5334 3265 5413 Aliud
3276 5343 3479 5413 autem
3510 5346 3608 5413 est
3625 5344 3814 5413 ἐφιέναι
3841 5353 3909 5413 τῷ

2321 5402 2486 5484 sane,
2509 5398 2634 5484 ⁸ταῖς
2664 5398 3031 5484 ἡδυπαθείαις,
3061 5410 3116 5461 et
3137 5407 3370 5484 similia,
3398 5411 3456 5465 id
3480 5417 3569 5467 est
3589 5398 3904 5484 ιηὶιυισενέ,

2313 5471 2474 5528 aliud
2505 5474 2696 5544 ἐφιέναι
2717 5481 2826 5534 ταῖς
2852 5471 3023 5553 ἄλλοιν
3039 5481 3272 5553 μανίαις,
3298 5471 3368 5537 id
3387 5485 3473 5538 est
3493 5496 3558 5538 se
3580 5471 3905 5553 immittere;

2312 5553 2720 5617 προσχωρῆσαι,
2761 5547 3056 5619 προσρίψαι
3076 5548 3274 5605 ἑαυτόν.

4111 2783 4118 3117 l
