4206 6310
256 422 369 479 373

1214 427 1581 486 COMMENT.
1622 428 1692 484 IN
1730 426 2182 485 MATTHEUM.
2232 457 2301 467 —
2339 426 2493 482 CAP.
2534 426 2683 481 XXI.

3522 423 3624 481 374

260 545 381 607 ταῖς
410 550 616 616 μανίαις
639 546 825 603 αὐτῶν.
856 547 999 621 ’Λμα
1021 546 1079 602 δε
1106 554 1209 614 καὶ,
1251 554 1393 603 οὔπω
1419 551 1654 610 ἐλήλυθεν
1686 555 1711 610 ὁ
1750 554 1851 625 ὦρο

1970 551 2219 608 insania:
2244 550 2603 623 permittere.
2624 548 2811 606 Simul
2840 549 3188 621 etiam,quia
3215 546 3490 606 nondum
3519 548 3624 606 ad-

259 642 354 686 τοῦ
397 635 614 686 Θανάτου
646 635 828 705 αὐτοῦ,
873 642 962 689 καὶ
992 635 1098 692 ἔδει
1118 639 1330 701 πολλοὺς
1356 643 1430 693 ἔτι
1458 643 1851 716 θεραπευθῆναι,

259 728 351 774 καὶ
375 722 669 775 ἀπολαῦσαι
706 732 791 785 τῆς
817 722 1171 791 διδασκαλίας
1200 729 1379 782 αὐτοῦ.

334 816 434 864 Καὶ
472 841 521 851 -
571 816 887 869 ποιήσωσιν.
922 816 1174 868 Ἐνταῦθα
1218 821 1298 887 τό,
1352 817 1709 891 Ἐπιτίμησεν,
1744 817 1857 870 ἀντι

254 906 368 967 τοῦ,
403 902 750 971 Παρήγγειλε,
807 908 896 955 καὶ
953 904 1358 977 ἐξησφαλίσατο.
1414 912 1595 959 Σκόπει
1636 904 1711 969 δὲ,
1747 915 1857 969 πῶς

251 991 337 1038 καὶ
368 996 466 1039 τῶν
493 992 781 1041 νοσούντων
808 990 1139 1064 ἐπιμελεῖται,
1172 1001 1259 1047 καὶ
1285 999 1370 1047 τόν
1403 998 1583 1068 φθόνον
1600 1005 1697 1047 τῶν
1720 998 1854 1047 Ἰου-

251 1071 419 1128 δαίων
480 1079 772 1152 θεραπεύει,
812 1082 1199 1153 παραγγΰλων,
1234 1084 1314 1134 ἵνα
1342 1089 1411 1155 μὴ
1453 1088 1664 1158 φανερόν
1699 1084 1853 1136 αὐτόν

250 1169 572 1232 ποιήσωσιν,
624 1168 704 1218 ὅτι
759 1169 1041 1241 θεραπεύει.
1074 1178 1237 1223 Τοῦτο
1258 1176 1353 1246 γὰρ
1388 1172 1675 1238 ἀκούοντες,
1710 1172 1855 1245 ἔμελ-

254 1250 343 1303 λον
397 1254 480 1306 ἐπὶ
530 1252 701 1307 πλεῖον
732 1255 1126 1331 ἐξαγριοῦσθαι.
1191 1260 1331 1313 Ἐπεὶ
1364 1258 1421 1313 δὲ
1457 1264 1554 1314 ὑπὸ
1585 1264 1852 1336 μακροθυ-

258 1346 387 1412 μίας
414 1343 602 1405 πολλῆς
634 1343 852 1398 ἐποιεῖτο
882 1351 972 1405 τὴν
1002 1352 1246 1407 τοιαύτην
1277 1350 1652 1423 παραγγελίαν,
1682 1354 1854 1423 αἰρού-

257 1449 408 1501 μενος
454 1432 684 1503 μάλιστα
741 1435 1199 1505 συγκαλύπτεσθαι
1255 1444 1348 1497 τὴν
1429 1440 1613 1492 ἑαυτοῦ
1670 1438 1849 1512 δόξαν,

257 1519 385 1591 ὐπὶρ
421 1529 511 1572 τοῦ
546 1527 617 1593 μὴ
651 1521 963 1585 ἐξάπτεσθαι
1000 1530 1212 1587 τούτους
1266 1528 1332 1588 εἰς
1378 1528 1584 1581 πλείονα
1639 1536 1848 1601 μανίαν,

257 1608 457 1680 εἰσάγει
483 1614 568 1662 τόν
607 1617 870 1685 προφήτην
897 1616 921 1665 ό
971 1615 1357 1687 εὐαγγελιστὴς,
1388 1631 1853 1693 προαναφωνοῦντα

255 1700 352 1754 τὴν
374 1701 617 1757 τοιαύτην
643 1700 798 1753 αὐτοῦ
850 1706 1212 1776 μακροθυμίαν
1244 1712 1333 1759 καὶ
1365 1706 1712 1773 ἀνεξικακίαν,
1764 1715 1850 1763 καὶ

260 1788 441 1855 φησίν.

1968 645 2204 697 venerat
2228 646 2462 712 tempus
2523 641 2728 696 mortis
2776 639 2982 711 ipsius,
3032 639 3372 712 multosque
3422 639 3623 696 adhuc

1966 730 2280 802 oportebat
2304 728 2497 784 curari
2526 744 2590 783 ac
2626 728 2739 783 frui
2770 728 3041 784 doctrina
3070 730 3223 800 ejus.

2037 821 2202 874 Vers.
2242 819 2322 872 16.
2356 818 2431 872 Et
2458 848 2526 857 —
2551 833 2604 870 v.
2639 818 2731 873 15.
2769 818 3064 886 facerent.
3093 818 3214 873 Hoc
3241 817 3461 874 inloco
3491 832 3621 875 ver-

1966 907 2111 962 bum
2167 906 2445 978 ἐπετίμησε
2498 906 2853 961 intermutus
2915 911 3018 969 est,
3086 906 3465 963 tantumdem
3520 922 3622 963 va-

1963 995 2059 1061 let,
2094 1010 2163 1051 ac
2204 994 2251 1049 si
2305 994 2492 1051 dicas.
2534 994 2805 1065 Praecepit
2835 999 2888 1047 et
2937 992 3118 1048 variis
3155 993 3357 1049 verbis
3411 992 3617 1052 suasit.

1964 1083 2102 1139 Vide
2163 1087 2362 1140 autem
2428 1081 2738 1155 quomodo
2812 1085 3165 1153 aegrotorum
3250 1097 3459 1138 curam
3516 1082 3622 1139 ba-

1963 1171 2075 1237 bet,
2122 1176 2179 1228 et
2230 1172 2573 1227 Judaeorum
2626 1171 2848 1227 devitat
2906 1170 3215 1238 invidiam,
3263 1170 3618 1242 praecipiens

1962 1276 2036 1315 ne
2067 1278 2126 1314 se
2156 1260 2539 1315 manifestum
2568 1258 2829 1315 facerent
2858 1258 3025 1331 quod
3053 1262 3287 1315 curaret
3312 1273 3327 1324 ;
3362 1258 3621 1330 plerum-

1962 1366 2078 1420 que
2108 1348 2267 1403 enim
2297 1348 2563 1404 futurum
2594 1352 2737 1415 erat,
2770 1351 2836 1403 ut
2870 1348 2985 1403 hoc
3034 1347 3336 1403 audientes
3367 1361 3617 1418 exaspe-

1958 1442 2254 1493 rarentur.
2294 1438 2441 1502 Quia
2462 1442 2665 1493 autem
2714 1436 3067 1506 hujusmodi
3105 1440 3469 1508 praeceptum
3498 1451 3617 1507 prze

1960 1540 2182 1595 magna
2211 1526 2671 1581 mansuetudine
2703 1540 2773 1581 ac
2801 1525 3041 1582 lenitate
3071 1524 3346 1591 faciebat,
3382 1524 3616 1581 malens

1962 1629 2134 1669 suam
2198 1614 2451 1685 gloriam
2500 1614 2729 1685 penitus
2771 1613 3074 1679 occultari,
3136 1627 3325 1684 quam
3374 1611 3486 1668 hos
3536 1610 3617 1668 ad

1960 1702 2253 1775 majorem
2303 1703 2598 1758 insaniam
2652 1702 2913 1771 accendi,
2975 1700 3198 1757 inducit
3256 1702 3614 1772 prophetam

1960 1791 2343 1861 evangelista,
2372 1792 2475 1863 qui
2509 1792 2583 1846 de
2610 1795 2774 1847 tanta
2790 1792 2920 1861 ejus
2941 1790 3181 1847 lenitate
3211 1806 3281 1847 ac
3304 1788 3616 1847 tolerantia

1885 1894 1929 1948 Β
1960 1879 2105 1937 olim
2130 1881 2322 1936 fuerat
2342 1879 2595 1947 locutus,
2629 1884 2686 1935 et
2714 1879 2856 1935 dicit
2884 1896 2899 1935 :

330 1962 503 2024 Ὀπως
533 1996 597 2005 -
630 1968 867 2039 ᾑρέτισα.
894 1976 1164 2043 Προσώπῳ
1182 1980 1271 2025 τοῦ
1289 1979 1491 2046 Πατρός
1507 1980 1670 2029 ταῦτά
1692 1998 1850 2049 φησιν

260 2049 402 2105 Ἰδού
443 2052 629 2117 ὀΠαῖς
664 2076 785 2128 μου,
833 2059 858 2110 ό
906 2066 1196 2131 μονογενής.
1249 2094 1316 2101 --
1371 2062 1464 2115 “Ov
1511 2061 1569 2117 δὲ
1607 2067 1844 2138 ἡρέτισα,

260 2140 374 2194 ἁντὶ
399 2149 509 2210 τοῦ,
546 2142 636 2195 ⁸ον
663 2149 941 2220 προέκρινα
964 2150 1187 2204 πάντων.
1216 2150 1355 2204 Ἐπεὶ
1378 2148 1437 2204 δὲ
1460 2150 1670 2205 διπλοῦδ
1706 2154 1848 2207 ἐστὶν

256 2232 281 2282 ὁ
316 2234 558 2303 Χριστός·
600 2236 660 2285 τὸ
704 2236 814 2305 μὲν,
862 2234 919 2288 Ὀ
964 2243 1092 2298 Παῖς
1120 2259 1243 2311 μου,
1289 2237 1576 2297 δηλωτικόν
1618 2242 1729 2295 ἔστι
1758 2251 1849 2304 τῆς

254 2318 509 2379 θεότητος·
540 2323 598 2371 τό
629 2318 707 2389 δε,
727 2328 819 2374 “Ov
842 2324 1079 2400 ᾑρέτισα,
1108 2336 1204 2388 τῆς
1229 2326 1639 2402 ἁνθρωπότητος.
1664 2335 1762 2383 Καὶ
1784 2333 1849 2384 τὰ

247 2404 363 2469 ίξῆς
386 2402 422 2459 δ
425 2410 467 2473 ι,
500 2415 735 2464 τοιαῦτα.

324 2581 384 2635 Ὀ
417 2581 679 2654 ἀγαπητός
732 2618 799 2629 -
848 2609 969 2661 μου.
1026 2592 1245 2664 Ὁμοίως
1292 2596 1349 2645 τὸ
1379 2599 1487 2666 μὲν,
1542 2596 1601 2648 Ὀ
1645 2595 1847 2668 ἀγαπη-

256 2675 347 2730 τός
402 2692 521 2743 μου,
572 2679 690 2746 περὶ
727 2684 818 2737 τῆς
867 2679 1105 2741 θεότητος
1155 2684 1374 2754 εἴρηται·
1419 2687 1475 2735 τό
1532 2681 1608 2751 δὲ,
1665 2686 1752 2748 Εἰς
1794 2686 1846 2739 ὃν

255 2755 541 2819 εὐδόκησεν
600 2764 629 2820 ἡ
688 2763 843 2835 ψυχή
907 2787 1028 2838 μου,
1097 2774 1213 2842 περὶ
1285 2778 1378 2831 τῆς
1430 2771 1842 2847 ἀνθρωπότητος.

250 2847 404 2901 Ἐστι
433 2852 537 2925 γὰρ
594 2850 863 2922 ἀγαπητός
910 2858 1021 2926 μὲν,
1080 2860 1144 2917 ὡς
1180 2865 1454 2930 μονογενής
1513 2883 1526 2895 ο
1574 2862 1640 2922 εἰς
1692 2863 1846 2915 αὐτόν

246 2933 309 2989 δε
336 2934 644 3009 εὐδόκησεν,
699 2943 768 3002 ὡς
812 2942 883 3004 εἰς
912 2943 1065 2996 αὐτόν
1110 2945 1575 3021 inerma-anausim;
1619 2951 1648 3009 ἦ
1681 2954 1747 3014 ὡς
1776 2949 1847 3004 δι’

250 3025 414 3077 αὐτοῦ
457 3029 524 3079 τὰ
552 3027 724 3098 ἀγαθά
774 3029 1011 3099 θελήσας,
1040 3032 1169 3106 λέγω
1201 3031 1293 3105 δὴ,
1320 3042 1413 3095 τὴν
1444 3044 1704 3112 σωτηρίαν
1748 3047 1847 3092 τῶν

251 3112 555 3189 ἀνθρώπων.

324 3203 433 3256 Καὶ
459 3202 845 3279 βαπτιζομένου
866 3205 924 3261 δὲ
943 3210 1102 3262 αὐτοῦ
1132 3215 1377 3271 τοιαύτην
1399 3216 1423 3265 6
1448 3221 1626 3288 Πατὴρ
1658 3218 1846 3269 ἄνωθεν
1887 3244 1925 3297 C

253 3293 372 3363 (77)
429 3292 593 3364 ἀφῆκε
641 3301 808 3366 φωνὴν
847 3297 1020 3350 εἰπών·
1063 3300 1230 3361 Οὗτός
1265 3300 1401 3354 ἐστιν
1456 3306 1480 3355 6
1531 3308 1648 3366 Υἱός
1691 3324 1790 3377 μου
1822 3306 1847 3357 ό

256 3379 545 3451 ἀγαπητός,
568 3386 616 3435 ἓν
648 3382 687 3436 ὦ
717 3385 999 3444 εὐδόκησα.
1038 3394 1138 3441 Καὶ
1172 3394 1413 3450 τοιαύτην
1440 3392 1586 3445 κάκεῖ
1615 3399 1708 3452 τὴν
1738 3392 1847 3457 ἐξὴ-

252 3490 414 3541 γησιν
452 3470 827 3547 ἐποιησάμεθα,
866 3481 965 3529 Καὶ
1004 3480 1258 3549 ἀνάγνωθι
1284 3479 1545 3551 κάκείνην,
1594 3488 1682 3535 καὶ
1743 3482 1849 3534 ἑπι-

252 3566 430 3632 γνώση
462 3565 796 3636 σαφέστερον.
846 3569 915 3617 T6
948 3563 1025 3631 δὲ,
1078 3568 1162 3627 Εἰς
1215 3568 1268 3620 ὃν
1310 3566 1595 3628 εὐδόκησεν
1625 3573 1655 3628 ἡ
1690 3570 1844 3643 ψυχή

252 3670 375 3720 μου,
408 3648 523 3703 ἀντὶ
548 3659 661 3718 τοῦ,
695 3652 777 3713 Εἰς
803 3655 855 3705 ὃν
891 3650 1160 3713 εὐδόκησα
1182 3655 1298 3727 ἐγώ.
1330 3658 1498 3710 Πολλὰ
1532 3656 1590 3711 δε
1634 3668 1852 3712 τοιαῦτα

256 3738 663 3812 ἁνθρωποπρεπῆ
695 3761 850 3813 φησιν
879 3744 908 3800 ἡ
942 3743 1144 3796 Πάλαιὰ
1160 3750 1332 3819 Γραφή
1360 3746 1443 3799 ἐπὶ
1463 3756 1552 3799 τοῦ
1575 3755 1727 3811 Θεοῦ,
1759 3745 1853 3801 δια

254 3831 351 3885 τὴν
380 3830 665 3898 παχύτητα
691 3838 780 3890 τῆς
802 3827 1033 3892 διανοίας
1063 3840 1162 3883 τῶν
1190 3832 1458 3906 Ἐϐραίων,
1492 3836 1652 3908 οἶχρὴ
1684 3838 1852 3890 πάντα

258 3918 557 3990 θεοπρεπῶς
581 3924 724 3971 νοεῖν.

331 4171 494 4224 Θήσω
535 4198 603 4208 -
649 4169 822 4225 αὐτόν.
883 4176 1006 4245 Περὶ
1052 4181 1144 4226 τοῦ
1198 4174 1683 4249 ίνανθρωπήσαντος
1734 4180 1850 4230 υἱοῦ

255 4263 405 4308 τοῦτο
460 4260 677 4332 εἶρηκεν,
738 4262 807 4322 ὡς
860 4266 978 4334 περὶ
1026 4260 1317 4338 ἀνθρώπου,
1367 4270 1746 4338 προκόπτοντος
1786 4275 1847 4341 τῇ

256 4346 580 4417 ἐπιφοιτήσει
609 4355 701 4400 τοῦ
733 4355 989 4417 παναγίου
1024 4355 1340 4425 Πνεύματος,
1370 4359 1487 4429 περὶ
1516 4354 1576 4407 οὔ
1606 4360 1736 4427 φησι
1762 4360 1851 4407 καὶ

256 4435 281 4485 6
302 4440 529 4496 Λουκᾶς·
559 4442 629 4489 Τό
659 4435 718 4490 δὴ
752 4435 964 4491 παιδίον
996 4441 1181 4504 ηὔξανε
1215 4447 1304 4495 καὶ
1333 4441 1667 4517 ἐκραταιοῦτο
1707 4446 1851 4497 πνεύ-

250 4544 396 4595 ματι,
457 4524 807 4599 πληρούμενον
858 4534 1061 4601 σοφίας,
1128 4535 1217 4582 καὶ
1257 4534 1418 4604 χάρις
1475 4540 1605 4585 Θεοῦ
1657 4529 1716 4591 ἧν
1774 4532 1849 4585 ἐπ’

250 4613 398 4667 αὐτό.

327 4708 427 4755 Καὶ
464 4734 528 4744 -
553 4701 853 4775 ἀπαγγελεῖ.
889 4710 1073 4779 Κρίσιν
1102 4706 1256 4771 λέΛει,
1286 4711 1371 4759 τόν
1404 4708 1724 4779 εὐαγγελικόν
1769 4716 1849 4762 νό-

255 4810 369 4861 μον,
408 4794 461 4842 ὅν
484 4791 715 4865 ἐκήρυξε
742 4800 843 4854 τοῖς
873 4796 1038 4847 ἔθνεσι
1069 4792 1163 4848 διὰ
1209 4806 1307 4847 τῶν
1341 4795 1656 4849 ἀποστόλων·
1691 4800 1719 4857 ἡ
1760 4804 1852 4858 τὴν

259 4874 649 4951 δικαιοκρισίαν
698 4881 879 4946 αὐτοῦ,
931 4884 1011 4935 ὅτι
1055 4892 1154 4935 τῶν
1183 4882 1451 4937 Ἰουδαίων
1501 4884 1851 4958 ἀπωσαμένων

262 4967 438 5033 αὐτὸν,
470 4969 812 5043 προσελάϐετο
856 4974 921 5024 τὰ
951 4975 1090 5031 ἔθνη.
1131 4981 1295 5027 Τοῦτο
1322 4978 1422 5048 γαρ
1455 4973 1639 5028 ὁικαία
1680 4982 1852 5051 κρίσις

262 5061 420 5119 ὅντως
466 5062 628 5127 ἐστὶν,
686 5061 768 5113 ἵνα
798 5066 868 5133 μὴ
904 5061 1068 5116 τελεον
1097 5063 1352 5124 ἀπόληται
1398 5068 1457 5117 τὸ
1506 5065 1723 5139 πλάσμα
1752 5075 1849 5119 τῶν

262 5156 455 5222 χειρῶν
480 5145 658 5203 αὐτού.

336 5236 446 5290 Οὐκ
491 5269 559 5279 -
616 5244 709 5298 τὴν
763 5244 931 5311 φωνὴν
990 5240 1168 5295 αὐτοῦ.
1216 5243 1311 5294 Διὰ
1356 5250 1523 5295 ταῦτα
1584 5246 1645 5296 τὰ
1694 5243 1848 5318 ῥητὰ,

264 5332 359 5385 τὴν
410 5326 528 5385 ὅλην
558 5327 803 5382 ίντίθεικε
856 5334 1192 5403 προφητείαν.
1239 5334 1589 5405 Μηρόθυμος
1634 5335 1735 5406 γὰρ
1785 5333 1852 5385 ὢν

340 5479 386 5513 ⁷⁵
415 5479 612 5537 Matth.
637 5496 718 5545 ιιι,
756 5486 838 5537 t9.
925 5483 972 5517 ⁷⁸
1012 5482 1149 5538 Luc.
1180 5499 1237 5550 ιι,
1269 5484 1355 5539 40.

1884 4590 1929 4642 D

2029 1968 2196 2025 Vers.
2234 1970 2314 2024 16.
2349 1969 2423 2025 Ut
2451 1984 2595 2023 —-v.
2635 1969 2723 2023 18.
2755 1968 2945 2037 Elegi.
3012 1970 3145 2022 Haec
3198 1967 3315 2023 sub
3361 1982 3615 2038 persona

1958 2058 2142 2112 Patris
2189 2057 2329 2113 dicit
2362 2075 2375 2110 :
2405 2058 2554 2113 Ecce
2595 2056 2786 2112 Filius
2834 2070 2995 2111 meus
3046 2055 3401 2124 unigenitus,
3440 2071 3613 2126 quem

1958 2145 2127 2216 elegi,
2159 2145 2275 2202 hoc
2317 2150 2406 2201 est
2451 2146 2735 2201 omnibus
2779 2144 3027 2217 praetuli.
3078 2143 3226 2209 Quia
3255 2147 3456 2200 autem
3489 2144 3613 2201 duo

1959 2235 2217 2291 continet
2239 2235 2299 2290 in
2341 2250 2402 2291 se
2450 2234 2715 2290 Christus
2749 2249 2762 2286 :
2796 2234 2855 2288 in
2905 2248 2976 2288 eo
3005 2232 3170 2305 quod
3227 2232 3389 2304 dicit,
3418 2232 3614 2289 Filius

1957 2322 2327 2379 divinitatem
2392 2322 2682 2392 signiﬁcat
2714 2339 2727 2388 ;
2764 2321 2826 2377 in
2880 2336 2949 2377 eo
3002 2336 3145 2377 vero
3184 2320 3350 2392 quod
3395 2320 3610 2377 addit:

1960 2412 2135 2476 Quem
2155 2411 2319 2481 elegi,
2346 2410 2802 2467 humanitatem.
2837 2412 2903 2465 Et
2932 2408 3147 2466 similia
3175 2411 3317 2464 sunt
3358 2423 3497 2480 quae
3527 2423 3615 2465 se-

1957 2503 2253 2571 quuntur.

2026 2589 2191 2643 Vers.
2225 2590 2313 2645 18.
2347 2586 2607 2643 Dilectus
2635 2616 2707 2629 —-
2733 2602 2883 2644 mea.
2934 2586 3063 2642 Pari
3094 2586 3299 2654 modo,
3346 2584 3610 2643 Dilectus

1956 2692 2131 2741 meus,
2172 2676 2245 2732 de
2267 2675 2575 2731 divinitate
2612 2676 2838 2732 dictum
2869 2679 2996 2741 est;
3034 2674 3103 2731 In
3133 2690 3248 2746 quo
3280 2675 3419 2732 bene
3454 2691 3614 2732 com-

1954 2766 2184 2836 placuit
2214 2765 2329 2819 sibi
2352 2765 2548 2821 anima
2591 2780 2738 2831 mea,
2779 2764 2853 2820 de
2882 2763 3274 2820 humanitate.
3304 2766 3401 2818 Est
3452 2763 3613 2819 enim

1958 2854 2199 2909 dilectus
2251 2853 2607 2924 unigenitus.
2660 2854 2724 2907 In
2753 2852 2886 2924 ipso
2916 2867 3053 2907 vero
3096 2852 3250 2907 bene
3301 2850 3416 2907 sibi
3453 2867 3612 2908 com-

1958 2942 2199 3015 placuit,
2223 2945 2424 3015 utpote
2454 2940 2513 2996 in
2538 2956 2661 3013 quo
2691 2939 3022 2997 oblectatus
3051 2942 3141 2996 est
3166 2958 3181 2999 :
3215 2938 3307 2995 vel
3322 2944 3613 3011 tanquam

1956 3030 2014 3086 in
2042 3047 2131 3101 eo,
2165 3046 2273 3103 per
2297 3045 2476 3103 quem
2519 3028 2681 3087 bona
2722 3028 2930 3095 voluit,
2964 3028 3103 3085 dico
3145 3043 3289 3085 sane
3314 3029 3613 3085 homimun

1959 3119 2211 3175 salutem
2223 3162 2235 3174 .

2028 3207 2165 3279 Ipso
2189 3222 2431 3279 quoque
2468 3205 2788 3277 baptizato,
2811 3204 3160 3275 huiusmodi
3186 3220 3395 3261 vocem
3435 3205 3611 3262 Pater

1956 3296 2215 3367 desuper
2239 3293 2703 3359 emisit,dicens;
2732 3294 2849 3349 Hic
2862 3299 2947 3350 est
2972 3294 3161 3350 Filius
3178 3310 3329 3349 meus
3357 3293 3607 3350 dilectus

1956 3386 2016 3440 in
2029 3401 2141 3456 quo
2158 3383 2310 3439 mihi
2332 3383 2470 3439 bene
2490 3381 2901 3451 complacitum
2916 3389 2998 3437 est
3016 3382 3063 3418 ⁷⁵
3083 3404 3096 3448 ;
3128 3382 3501 3454 similemque
3532 3380 3615 3438 ibi

1959 3473 2230 3529 dedimus
2260 3470 2699 3527 enarrationem
2732 3486 2745 3525 :
2772 3470 2901 3539 lege
2928 3485 3064 3540 ergo
3096 3474 3150 3526 et
3180 3470 3366 3537 illam,
3397 3474 3462 3525 ut
3484 3470 3616 3542 pia-

1958 3564 2092 3618 nius
2121 3560 2434 3630 intelligas.
2487 3559 2659 3625 Quod
2715 3563 2915 3615 autem
2966 3558 3175 3615 dicitur
3204 3558 3275 3614 In
3314 3575 3429 3630 quo
3478 3558 3614 3614 bene

1956 3650 2313 3719 complacuit
2339 3648 2451 3704 sibi
2480 3648 2679 3704 anima
2708 3664 2843 3711 mea,
2881 3647 3043 3703 idem
3072 3650 3160 3703 est
3187 3647 3367 3719 quod,
3394 3648 3465 3702 In
3492 3661 3613 3727 quq

1961 3738 2247 3796 benemihi
2260 3737 2675 3807 complacitum
2687 3742 2790 3792 est.
2823 3736 2999 3791 Multa
3014 3736 3153 3790 item
3170 3735 3367 3805 esthuj
3379 3735 3615 3791 usmodl

1959 3845 2089 3901 qua
2120 3828 2436 3883 hominum
2475 3829 2629 3891 sunt,
2686 3825 2904 3881 Veteris
2935 3824 3293 3879 Testamenti
3316 3824 3618 3895 Scriptura

1959 3916 2101 3972 dicit
2122 3916 2196 3971 de
2216 3916 2354 3980 Deo,
2371 3917 2607 3985 propter
2629 3928 2895 3969 crassam
2910 3913 3290 3971 Hebraeorum
3309 3915 3571 3967 mentem
3599 3926 3613 3968 :

1959 4020 2097 4077 quae
2128 4002 2662 4074 omniaintelligere
2692 4004 2924 4073 oportet
2950 4004 3248 4074 quatenus
3264 4001 3385 4057 Deo
3403 4014 3620 4059 conve-

1961 4093 2156 4150 niunt.

2030 4272 2193 4326 Vers.
2246 4270 2330 4325 18.
2397 4268 2621 4324 Ponam
2671 4296 2727 4309 —
2766 4280 2919 4324 eum.
2988 4265 3069 4323 De
3126 4264 3270 4323 Filio
3344 4265 3618 4323 incarna-

1960 4363 2019 4415 to
2048 4357 2164 4415 hoc
2203 4356 2369 4420 dixit,
2413 4358 2703 4426 tanquam
2754 4354 2829 4411 de
2857 4353 3101 4411 homine
3134 4352 3482 4426 proﬁciente
3512 4367 3623 4424 per

1960 4460 2271 4504 accessum
2301 4443 2557 4516 Spiritus
2600 4443 2811 4500 sancti.
2853 4442 2935 4497 De
2971 4458 3094 4516 quo
3138 4443 3316 4499 etiam
3341 4442 3488 4498 dixit
3515 4443 3625 4497 Lu-

1960 4552 2062 4593 cas
2107 4553 2120 4591 :
2153 4535 2310 4590 Puer
2339 4539 2535 4590 autem
2580 4532 2880 4588 crescebat
2908 4537 2963 4587 et
2994 4531 3486 4588 corroborabatur
3505 4530 3625 4599 spi-

1960 4624 2107 4688 ritu,
2125 4622 2333 4693 plenus
2350 4621 2667 4690 sapientia,
2685 4626 2736 4675 et
2748 4620 2948 4689 gratia
2965 4620 3075 4675 Dei
3086 4626 3210 4675 erat
3222 4633 3397 4685 super
3407 4617 3621 4671 illum"

2031 4713 2195 4767 Vers.
2218 4711 2300 4766 18.
2332 4710 2414 4766 Et
2427 4741 2493 4749 ——
2510 4706 2911 4764 annuntiabit.
2926 4709 2953 4761 J
2962 4706 3221 4760 udicium
3242 4705 3622 4772 vocatlegem

1961 4799 2390 4870 evangelicam,
2429 4811 2613 4868 quam
2637 4809 2741 4866 per
2764 4792 3071 4864 apostolos
3095 4791 3457 4865 praedicavit
3480 4805 3621 4859 gen-

1960 4887 2138 4944 tibus.
2173 4886 2280 4943 Vel
2316 4886 2545 4957 justum
2569 4880 2862 4955 judicium
2895 4896 3095 4949 suum,
3136 4894 3256 4951 quo
3288 4877 3621 4949 repellenti-

1958 4976 2072 5033 bus
2125 4991 2264 5030 eum
2317 4972 2556 5037 Judaais,
2615 4971 2948 5042 assumpsit
3005 4974 3227 5040 gentes.
3299 4965 3423 5023 Hoc
3462 4966 3623 5023 enim

1961 5080 2101 5121 vere
2127 5063 2357 5135 justum
2399 5059 2819 5132 estjudicium,
2851 5073 2928 5116 ne
2958 5057 3211 5117 omnino
3238 5061 3441 5129 pereat
3464 5055 3623 5128 opus

1958 5166 2245 5209 manuum
2272 5150 2424 5223 ejus.

2032 5240 2197 5298 Vers.
2265 5239 2360 5297 19.
2421 5238 2561 5297 Non
2607 5251 2901 5297 —vocem
2980 5239 3127 5309 ejus.
3212 5238 3453 5308 Propter
3505 5233 3627 5291 hmo

1960 5330 2145 5387 verba
2177 5332 2360 5385 tatam
2389 5327 2595 5400 posuit
2652 5327 3055 5400 prOphetiam.
3088 5328 3237 5384 Nam
3277 5340 3417 5382 cum
3455 5337 3628 5381 man-

1476 5583 1689 5653 Variae
1738 5583 2069 5653 lectiones
2122 5589 2186 5648 et
2207 5588 2416 5648 notae.

334 5720 449 5794 (77)
470 5721 628 5779 αὐτοῦ
657 5736 769 5799 pro
806 5723 995 5777 ἄωθοιεν
1023 5730 1085 5779 Α.
