4206 6310
642 381 748 437 375
1958 375 2298 436 EUTHYMII

2338 373 2642 432 ZIGABEN
2649 376 2670 431 Ι
3911 381 4013 437 3Ἷ6

641 508 844 562 suetus
882 508 1035 563 esset
1071 521 1142 565 ac
1179 506 1490 576 mitis,non
1515 505 1816 562 contendit
1845 505 2133 562 adversus
2155 515 2291 558 con-

2404 502 2493 550 καὶ
2535 503 2847 572 πραότατος,
2907 501 3000 554 οὐκ
3057 505 3206 576 ἤριζε
3268 507 3396 578 πρὸς
3445 507 3563 564 τοὺς
3619 503 4008 576 ἀντιλέγοντας,

641 595 1011 662 tradictores,
1062 611 1256 669 neque
1287 595 1563 652 clamavit
1591 596 1737 651 dum
1778 596 1830 651 ei
1855 595 2019 650 ﬁeret
2048 593 2289 664 injuria:

639 699 835 755 neque
869 684 1010 740 foris
1052 685 1272 752 docuit,
1306 689 1370 742 ut
1419 685 1644 740 faciunt
1685 685 1745 740 hi
1779 684 1883 756 qui
1932 683 2185 752 gloriam
2216 681 2294 738 ab

637 772 982 828 hominibus
1019 777 1312 830 venantur
1343 791 1356 828 :
1392 772 1496 828 sed
1526 773 1587 828 in
1632 773 1870 844 templo,
1925 776 1981 827 et
2004 771 2064 826 in
2116 784 2297 842 syna-

640 865 809 931 gogis
838 862 1205 925 Iudaeorum,
1234 878 1304 919 ac
1334 863 1393 917 in
1424 862 1672 919 desertis
1727 860 2031 918 montibus
2059 864 2116 917 et
2143 859 2292 915 litto-

637 950 822 1007 ribus.
850 951 1072 1007 Deinde
1103 951 1413 1022 prophetat
1438 952 1614 1008 etiam
1642 951 1713 1006 de
1754 949 2154 1008 imbecillitate
2201 964 2296 1008 eo-

640 1054 798 1109 rum,
823 1040 930 1112 qui
967 1040 1106 1097 huic
1127 1041 1518 1112 omnipotenti
1545 1039 1664 1097 Deo
1696 1039 2149 1097 insidiabantur.

714 1218 877 1273 Vers.
899 1220 985 1273 20.
1018 1218 1392 1273 Arundinem
1421 1247 1489 1258 -—
1519 1219 1871 1288 confringet.
1928 1216 2296 1272 Arundinem

643 1307 879 1363 vocavit
905 1306 1160 1370 Judaaos,
1186 1310 1478 1378 tanquam
1530 1306 1706 1362 valde
1753 1305 2079 1362 imbecilles
2105 1306 2182 1362 ad
2211 1305 2296 1361 di-

642 1396 841 1451 vinam
893 1399 950 1452 et
999 1394 1532 1467 inexpugnabilem
1586 1395 1715 1466 ejus
1776 1395 2102 1467 potentiam
2138 1410 2150 1448 :
2186 1408 2297 1450 nec

643 1487 846 1540 tamen
892 1484 1233 1556 simpliciter
1271 1484 1646 1554 arundinem,
1701 1484 1806 1539 sed
1837 1483 2018 1540 etiam
2049 1482 2294 1539 commi-

639 1577 872 1640 nutam,
917 1574 997 1630 ad
1025 1577 1418 1643 augmentum
1445 1572 1845 1630 imbecilitatis
1866 1588 2095 1628 eorum.
2147 1572 2296 1627 Dicit

641 1677 784 1731 ergo
840 1663 1005 1735 quod
1070 1667 1277 1732 potens
1323 1662 1399 1718 sit
1436 1677 1537 1717 eos
1590 1666 1881 1733 tanquam
1939 1661 2293 1717 arundinem

640 1750 1072 1808 comminutam
1092 1750 1369 1808 facillime
1386 1751 1758 1821 confringere
1778 1768 1790 1806 :
1815 1766 1926 1806 nec
1957 1754 2157 1806 tamen
2177 1750 2292 1806 hoc

641 1840 817 1897 faciet
862 1845 1102 1911 propter
1129 1857 1297 1896 suam
1327 1839 1702 1896 tolerantiam
1731 1856 1801 1896 ac
1833 1840 2211 1897 modestiam.

715 1931 874 1985 Vers.
927 1929 1012 1984 20.
1044 1930 1215 1984 Et—
1244 1945 1355 1984 non
1400 1929 1754 1999 exstinguet.
1810 1929 1908 1985 Hic
1949 1929 2289 1984 Judaeorum

642 2033 966 2075 accensum
995 2017 1279 2075 adversus
1309 2017 1600 2074 Christum
1658 2019 1930 2076 animum
1965 2017 2286 2089 signiﬁcat:

642 2121 827 2178 quem
854 2107 1030 2162 etiam
1057 2106 1239 2162 tinum
1269 2107 1569 2178 fumigans
1594 2108 1878 2180 appellat,
1909 2112 1974 2164 ut
2011 2107 2176 2180 quod
2201 2106 2293 2162 fa-

643 2194 754 2251 cile
809 2195 1112 2264 exstingui
1159 2196 1342 2267 possit
1381 2211 1418 2252 a
1456 2195 1666 2253 Christi
1706 2198 1919 2253 virtute
1953 2213 1966 2253 :
2006 2196 2154 2252 sicut
2203 2195 2293 2254 fa-

640 2283 749 2340 cile
780 2284 916 2357 quis
948 2284 1268 2355 exstinguit
1319 2284 1508 2342 linum
1545 2285 1870 2357 fumigans,
1921 2285 1982 2342 id
2042 2289 2129 2341 est
2199 2299 2293 2342 ac-

641 2388 906 2431 censum.
961 2375 1176 2430 Linum
1220 2379 1416 2432 autem
1468 2376 1528 2431 in
1570 2376 1688 2432 hoc
1726 2375 1859 2432 loco
1911 2374 2293 2444 intelligimus

639 2477 916 2535 pannum
969 2462 1193 2519 lineum
1234 2464 1442 2520 :hunc
1511 2467 1716 2521 tamen
1777 2479 1898 2520 non
1963 2464 2294 2535 exstinguet

638 2555 700 2610 ut
759 2551 1042 2624 patiatur,
1094 2557 1152 2608 et
1213 2552 1501 2623 patiendo
1561 2552 1924 2610 demonstret
1985 2553 2292 2618 eximium,

641 2656 820 2712 quem
846 2656 989 2710 erga
1016 2655 1128 2695 nos
1161 2640 1309 2709 gerit
1335 2656 1604 2696 amorem
1636 2658 1834 2698 suum.

711 2730 871 2782 Vers.
930 2728 1018 2781 20.
1074 2730 1270 2784 Donec
1320 2759 1390 2770 -—
1443 2745 1630 2784 suum.
1702 2731 1900 2785 Donec
1947 2731 2024 2787 ad
2113 2730 2296 2787 ﬁnem

643 2828 714 2870 ac
727 2814 1146 2884 perfectionem
1159 2814 1416 2870 deducat
1435 2815 1726 2883 justitiam
1753 2832 1948 2873 suam.
1993 2817 2298 2889 Siquidem

642 2899 954 2955 victoriam
977 2899 1311 2956 nominavit
1349 2899 1775 2972 perfectionem
1817 2920 1832 2970 ;
1863 2903 2160 2974 judicium
2199 2921 2302 2963 au.

643 2991 786 3053 tem,
825 2987 1138 3058 justitiam.
1175 2990 1841 3063 Quousqueadimpleat
1864 2992 2160 3063 justitiam
2204 3012 2298 3052 su-

644 3091 745 3132 am
783 3091 1098 3148 quousque
1132 3093 1272 3132 suas
1319 3077 1598 3135 ostendat
1647 3079 2125 3150 justiﬁcationes,
2170 3085 2297 3157 qui-

641 3165 757 3220 bus
811 3165 1047 3221 Judaeos
1113 3166 1494 3234 condemnet,
1534 3171 1589 3224 et
1636 3184 1840 3225 eorum
1886 3170 2297 3242 impudentem

641 3257 910 3326 amputet
957 3255 1389 3311 causationem.
1447 3259 1581 3312 Post
1626 3257 1720 3312 has
1758 3262 1958 3316 autem
2005 3264 2297 3334 tanquam

641 3357 791 3399 vasa
844 3343 1030 3413 ﬁguli,
1078 3344 1414 3416 confringet
1463 3345 1596 3402 illos
1647 3346 1709 3402 in
1757 3348 1927 3419 virga
1968 3349 2158 3408 ferrea
2223 3353 2290 3418 ⁷⁷,

641 3431 977 3504 principatu
1035 3433 1446 3492 Romanorum
1493 3435 1846 3507 Vespasiani
1886 3443 1942 3495 et
1995 3439 2121 3505 Titi,
2195 3441 2296 3513 qui

643 3535 748 3577 eos
789 3521 1145 3578 obsederunt
1182 3539 1251 3580 ac
1282 3523 1843 3581 exterminaverunt.

715 3607 875 3674 Vers,
927 3613 1017 3667 21.
1075 3612 1158 3666 Et
1199 3642 1268 3652 —
1324 3614 1657 3683 sperabunt.
1738 3614 2075 3686 Sperabunt
2130 3618 2296 3690 quod

644 3695 810 3754 solus
839 3697 1043 3770 ipsein
1074 3698 1500 3759 afﬂictionibus
1527 3701 1862 3776 invocatus,
1896 3711 2205 3777 sperantes
2232 3707 2296 3764 in

643 3801 706 3844 se
730 3785 1026 3845 liberabit.

803 3966 956 4024 CAP.
985 3968 1146 4024 XXII.
1179 3970 1266 4026 De
1293 3970 1646 4028 daemoniaco
1686 3985 1831 4028 caeco
1865 3976 1922 4028 et
1949 3979 2130 4029 muto.

715 4140 874 4193 Vers.
956 4139 1044 4193 22.
1133 4141 1299 4196 Tunc
1335 4171 1406 4182 —
1458 4142 1694 4200 videret.
1750 4145 1934 4204 Dictio
1973 4150 2087 4199 τότε
2131 4153 2291 4206 tunc.

641 4225 942 4282 interdum
1001 4229 1508 4299 consequentiam,
1550 4246 1869 4305 rerumque
1907 4235 2180 4292 ordinem
2219 4239 2295 4294 si-

645 4312 906 4384 gniﬁcat,
941 4314 1093 4370 sicut
1122 4318 1301 4373 etiam
1361 4319 1654 4390 particula
1709 4320 1756 4373 ἐν
1797 4321 1969 4394 ἐκείνῳ
2005 4331 2076 4395 τῷ
2105 4334 2293 4398 καιρῷ,

644 4405 708 4459 in
790 4403 898 4460 illo
982 4411 1240 4475 tempore
1296 4423 1314 4461 :
1363 4408 1730 4483 quandoque
1817 4427 1959 4469 vero
2045 4418 2294 4488 utraque

642 4490 862 4547 harum
919 4495 1154 4564 tempus
1219 4496 1414 4553 solum
1475 4497 1736 4565 denotat,
1796 4517 1918 4574 quo
1963 4500 2121 4562 facta
2160 4508 2297 4562 sunt

644 4595 716 4636 ea
752 4594 886 4652 quas
916 4583 1171 4641 dicenda
1219 4591 1384 4643 sunt.
1434 4592 1612 4661 Κωφόν
1665 4595 1866 4647 autem
1915 4592 2114 4649 hocin
2162 4593 2294 4652 loco

640 4676 869 4727 mutum
925 4673 1263 4745 accipimus,
1307 4692 1426 4733 non
1464 4681 1738 4747 surdum,
1787 4686 1851 4736 ut
1889 4682 2048 4738 alibi.

713 4761 973 4818 Vers.23.
1005 4763 1367 4823 Et—David
1395 4769 1775 4827 fAudierant
1796 4770 1950 4826 enim
1980 4771 2294 4843 prOphetas

641 4851 1084 4923 annuntiantes,
1144 4856 1312 4926 quod
1379 4858 1456 4913 de
1495 4860 1721 4917 semine
1763 4859 1953 4916 David
2008 4864 2293 4917 venturus

641 4946 792 4995 esset
822 4940 1103 4997 Christus.

710 5027 877 5084 Vers.
931 5029 1018 5084 24.
1068 5030 1351 5090 Pharisaei
1399 5039 1591 5092 autem
1642 5067 1712 5078 -—
1740 5036 2172 5096 daemoniorum.
2206 5041 2295 5096 ln-

639 5115 802 5172 vidia
853 5131 1116 5190 namque
1172 5121 1250 5178 ad
1303 5121 1555 5192 gloriam
1603 5124 1756 5181 illius
1805 5127 2236 5186 mordebantur
2276 5146 2288 5184 :

641 5203 778 5260 ideo
818 5206 997 5261 etiam
1055 5223 1163 5264 sua
1233 5226 1417 5282 prava
1483 5215 1881 5282 mmulatione,
1953 5233 2075 5273 non
2132 5233 2293 5274 vere-

637 5293 859 5351 bantur
897 5295 1113 5353 divinze
1159 5303 1388 5357 naturae
1442 5318 1622 5375 opera
1679 5306 1977 5363 Beelzebul
2036 5308 2292 5365 ascribe-

639 5397 723 5444 re,
775 5381 1035 5439 dicentes
1073 5401 1089 5440 :
1121 5387 1219 5444 Hic
1260 5405 1382 5446 non
1439 5394 1596 5464 ejicit
1678 5397 1976 5453 daemonia
2043 5397 2290 5469 propria

639 5470 869 5543 virtute,
889 5472 993 5530 sed
1023 5491 1126 5547 per
1153 5479 1482 5549 Beelzebul,
1542 5483 1707 5540 illum
1769 5485 1880 5541 sibi
1931 5486 2288 5546 familiarem

708 5651 755 5685 ⁷⁷
781 5650 938 5711 Psal.
961 5669 1020 5723 ιι,
1052 5659 1102 5712 9.

2405 584 2519 638 οὐδ’
2566 586 2882 660 ἐκραύγαζεν
2927 588 3286 663 ἀδικούμενος,
3348 589 3462 646 οὐδ’
3521 593 3571 646 ἐν
3623 602 3728 655 τοῖς
3784 593 4012 666 ἀγοραῖς

2405 673 2705 743 ἐδίδασκεν,
2766 682 2834 738 ὡς
2909 682 2958 732 οἱ
3011 685 3104 738 τὴν
3161 683 3304 752 παρά
3338 690 3437 733 τῶν
3493 681 3775 754 ἀνθρώπων
3850 681 4011 746 δόξαν

2407 765 2700 836 θηρεὺοντες
2743 787 2754 798 ·
2793 766 2900 819 ἀλλ’
2953 767 3002 819 ἐν
3046 777 3118 838 τῷ
3157 768 3294 841 ἱερῷ,
3340 775 3428 821 καὶ
3481 769 3528 822 ἐν
3584 778 3699 831 ταῖς
3755 791 4013 843 συναγω-

2403 859 2520 924 γαῖς
2548 863 2645 906 τῶν
2699 852 2992 923 Ἰουδαίων,
3046 863 3134 910 καὶ
3169 856 3216 908 ’ao
3256 861 3515 932 ἐρημίαις,
3565 865 3654 912 καὶ
3685 864 3865 932 ὄρεσι,
3927 869 4010 915 καὶ

2406 943 2685 1014 αἰγιαλοῖς,
2768 942 2897 999 Εἶτα
2959 949 3290 1018 προφητεύει,
3353 953 3442 1000 καὶ
3507 955 3625 1022 περὶ
3693 957 3796 1009 τῆς
3881 952 4008 1020 ἄγαν

2407 1032 2666 1094 ἀσθενείας
2711 1041 2809 1086 τῶν
2857 1033 3382 1106 ἐπιϐουλευόντων-τῷ
3428 1033 3817 1110 παντοδυνάμῳ
3846 1042 4009 1110 τούτῳ

2407 1129 2541 1193 Θεῷ.

2477 1211 2718 1285 Κάλαμον
2746 1243 2815 1254 --
2840 1212 3098 1276 κατέάξει.
3147 1213 3384 1286 Κάλομον
3413 1215 3671 1288 ὠνόμασε,
3719 1219 3856 1276 τοὺς
3889 1217 4008 1270 Ἰον-

2407 1296 2607 1365 δαίους,
2657 1304 2725 1364 ὡς
2752 1301 3156 1364 ἀσθενεστάτους
3187 1307 3318 1378 πρὸς
3362 1307 3457 1362 τὴν
3500 1305 3638 1356 θείαν
3667 1311 3760 1357 καὶ
3795 1307 4009 1378 ἄμαχον

2404 1389 2564 1440 αὐτοῦ
2614 1387 2853 1463 δύναμιν,
2913 1395 3003 1444 καὶ
3031 1387 3155 1444 οὐδὲ
3179 1390 3352 1454 ἁπλῶς
3381 1392 3631 1464 κάλαμον,
3666 1391 3802 1446 ἀλλὰ
3840 1413 4009 1447 συντι-

2402 1483 2676 1552 τριμμένον
2706 1499 2831 1552 προς
2883 1479 3121 1532 ἐπίτασιν
3175 1488 3270 1542 τῆς
3323 1480 3589 1543 ἀσθενείας
3625 1483 3826 1536 αὐτῶν.
3869 1488 4010 1554 Λέγει

2404 1563 2483 1633 δὲ,
2511 1569 2590 1620 ὅτι
2617 1565 2938 1642 δυνάμενος,
2967 1571 3036 1630 ὡς
3069 1569 3296 1641 κάλαμον
3329 1575 3749 1642 συτετριμμένον,
3791 1571 4005 1623 εὐκολώ-

2401 1675 2531 1709 τατα
2561 1653 2594 1709 δ
2601 1641 2845 1709 [ame
2871 1656 3079 1722 αὐτοὺς,
3107 1659 3246 1728 ὅμως
3296 1658 3353 1710 οὗ
3385 1663 3596 1716 ποιήσει
3626 1667 3809 1727 τοῦτο,
3843 1657 3879 1713 δ
3887 1660 3920 1712 ι’
3942 1661 4007 1714 0i-

2401 1750 2541 1797 κείαν
2572 1747 2954 1820 μακροθυμίαν.

2333 1849 2373 1902 Β

2476 1929 2576 1976 Καὶ
2606 1955 2672 1964 -
2723 1924 2780 1976 οὗ
2815 1924 3008 1979 σϐέσει.
3060 1927 3314 1979 Ἐνταῦθα
3357 1923 3512 1985 δηλοί
3540 1931 3626 1980 τὸν
3651 1928 4006 2002 ἀναπτόμενον

2406 2015 2566 2085 θυμὸν
2591 2022 2690 2065 τῶν
2729 2011 2998 2066 Ἰουδαίων
3051 2017 3186 2068 κατὰ
3234 2022 3327 2068 τοῦ
3375 2023 3631 2088 Σωτῆρος,
3664 2017 3718 2068 ὃν
3751 2024 3854 2072 καὶ
3877 2021 4004 2071 λίνον

2401 2106 2680 2174 τυφόμενον
2730 2107 3173 2176 προσηγόρευσεν,
3228 2105 3293 2164 ὡς
3345 2105 3535 2180 εὐχερῆ
3586 2109 3712 2180 πρὸς
3751 2111 3820 2159 τὸ
3870 2107 4002 2160 σϐέν-

2400 2193 2610 2255 νυσθαι,
2644 2187 2737 2243 διὰ
2767 2196 2859 2249 την
2890 2196 3050 2263 ἰσχὺν
3077 2199 3169 2244 τοῦ
3200 2200 3456 2266 Χριστοῦ,
3489 2190 3780 2266 δυναμένου
3815 2216 3996 2249 κατασ-

2403 2278 2554 2332 ϐέσαι
2579 2287 2759 2332 τοῦτον
2803 2281 2936 2332 οὕτω
2964 2277 3185 2353 ῥᾳδίως,
3218 2283 3289 2343 ὡς
3314 2283 3374 2334 οἶν
3425 2282 3586 2356 σϐέσῃ
3640 2303 3723 2344 τις
3751 2284 3894 2338 λῑνον
3920 2305 3991 2337 τν-

2403 2373 2636 2440 φόμενον,
2673 2371 2910 2421 τούτεστι
2936 2367 3320 2441 ἀνακαιόμενον.
3355 2375 3508 2422 Λίνον
3563 2368 3621 2423 δὲ
3649 2379 3743 2424 νῦν
3772 2382 3980 2445 νοοῦμεν,

2402 2461 2460 2509 τὸ
2486 2457 2651 2510 λινοῦν
2696 2457 2874 2531 ῥάκος.
2907 2457 3042 2510 Ἀλλ’
3069 2458 3127 2509 οῦ
3160 2457 3334 2510 σϐέσει
3363 2467 3564 2525 τοῦτον,
3595 2460 3678 2511 ἱνα
3708 2464 3877 2535 πάθη,
3916 2467 3992 2511 καὶ

2407 2547 2489 2598 ἶνα
2517 2547 2694 2598 παθὼν
2725 2542 2869 2619 δείξῃ
2902 2550 2993 2604 τὴν
3023 2551 3140 2618 περὶ
3182 2548 3318 2618 ἡμᾶς
3344 2546 3768 2620 ὑπερϐάλλουσαν
3797 2549 3992 2622 ἀγάπην

2407 2633 2587 2687 αὐτοῦ.

2476 2722 2603 2784 Ἐως
2629 2754 2695 2763 -
2721 2723 2899 2777 αὐτοῦ.
2921 2722 3053 2784 Ἕως
3073 2724 3134 2774 ἄν
3156 2722 3385 2796 ἐξενέγκῃ
3417 2723 3489 2785 εἰς
3509 2725 3651 2787 τελος
3677 2730 3763 2782 τὴν
3794 2724 3990 2778 δικαιο-

2411 2815 2569 2870 σύνην
2594 2811 2771 2865 αὐτοῦ.
2806 2819 2964 2873 Νῐκος
3014 2814 3103 2883 μεν
3138 2814 3261 2884 γὰρ,
3307 2815 3365 2863 τὸ
3397 2813 3552 2873 τέλος.
3585 2819 3747 2886 κρίσιν
3770 2811 3868 2884 ξδὲ,
3898 2819 3984 2871 τὴν

2411 2900 2752 2958 δικαιοσύνην
2798 2901 3080 2972 ὠνόμασεν.
3124 2898 3250 2960 Ἐως
3280 2901 3339 2952 ἄν
3387 2900 3640 2974 πληρώση
3673 2906 3757 2959 τήν
3788 2899 3973 2954 δικαιο-

2416 2993 2574 3047 σύνην
2598 2989 2773 3056 αὐτοῦ,
2795 2989 2886 3051 ἕως
2911 2991 2970 3040 οἶν
2988 2984 3314 3051 ἐπιδείξηται
3337 2992 3404 3041 τὰ
3432 2991 3555 3061 παρ’
3581 2991 3764 3043 ἑαυτοῦ
3787 2987 3984 3043 δικαιω-

2341 3077 2380 3131 C
2410 3099 2566 3152 ματα,
2599 3083 2665 3130 τά
2693 3075 3116 3140 καταδικάζοντα
3151 3081 3274 3139 τοὺς
3303 3075 3614 3145 Ἰουδαίους,
3661 3086 3752 3131 καὶ
3799 3099 3990 3152 περιαι-

2405 3176 2598 3244 ροῦντα
2626 3173 2799 3220 πᾶσαν
2826 3167 2992 3218 αὐτῶν
3024 3164 3374 3238 ἀναίσχυντον
3404 3172 3837 3241 πρόφασινλὶἱετά
3855 3176 3994 3220 τοῦτο

2407 3253 2487 3322 δὲ,
2539 3261 2804 3330 συντρίφει
2834 3255 3042 3323 αὐτοὺς,
3095 3258 3158 3315 ὡς
3209 3257 3366 3313 σκεύη
3425 3259 3686 3330 κεραμέως
3717 3257 3765 3309 ἐν
3823 3254 3998 3331 ῥάϐδῳ

2408 3342 2628 3421 σιδηρᾷ,
2681 3352 2742 3417 τῇ
2787 3341 3070 3416 δυναστείᾳ
3120 3344 3220 3396 τῶν
3258 3343 3542 3416 Ῥωμαίων,
3596 3345 3998 3399 Οὗεσπασιανου

2405 3440 2493 3488 καὶ
2543 3439 2722 3503 Τίτου,
2764 3441 2860 3485 τῶν
2901 3432 3352 3506 πολιορκησάντων
3405 3439 3494 3486 καὶ
3535 3432 3999 3506 ἐξολοθρευσάντων

2403 3523 2561 3576 αὐτού
2571 3543 2611 3584 ς.

2477 3611 3010 3677 Καὶ-ἐλπισοῦσιν,
3051 3610 3408 3677 Ἐλπίσουσιν,
3465 3613 3545 3663 ὅτι
3574 3614 3663 3664 κὰὶ
3701 3615 3862 3683 μόνον
3902 3617 4001 3667 ὀνο-

2403 3702 2687 3774 μαζόμενος
2718 3699 2765 3753 ἐν
2791 3705 3100 3774 πειρασμοῖς
3131 3698 3373 3762 ἐξελεῖται
3424 3703 3539 3762 τοὺς
3587 3699 3894 3765 ἐλπίζοντας
3929 3702 3999 3755 ἐπ’

2404 3791 2564 3862 αὐτῷ.

2407 3993 2552 4043 ΚΕΦ.
2615 3986 2729 4041 ΚΗ.
2798 3991 2922 4062 Περὶ
2986 3995 3077 4041 τοῦ
3144 3985 3575 4060 δαιμονιζομένου
3639 3989 3839 4061 τυφλοῦ
3917 3995 4000 4043 καὶ

3110 4085 3304 4149 κωφοῦ.

2473 4169 2597 4217 Τότε
2635 4195 2702 4204 -
2730 4164 2952 4238 βλέπειν.
2986 4169 3055 4218 Τό
3103 4170 3239 4234 τότε,
3272 4167 3392 4218 ποτε
3449 4169 3538 4237 μὲν
3571 4165 3890 4221 ἀκολουθίαν
3919 4173 4002 4220 καὶ

2405 4253 2548 4316 τάξιν
2580 4257 2895 4327 πραγμάτων
2921 4260 3180 4326 σημαίνει,
3211 4256 3442 4327 καθάπερ
3483 4260 3572 4308 καὶ
3601 4258 3682 4321 τὸ,
3713 4262 3797 4326 Τῷ
3842 4257 4000 4331 καιρῶ

2406 4341 2598 4414 ἐκείνῳ·
2629 4347 2751 4396 ποτε
2801 4341 2859 4396 δὲ
2889 4349 2976 4396 καὶ
3017 4346 3170 4415 ἄμφω
3197 4347 3283 4396 τὸν
3326 4348 3515 4415 χρόνον
3561 4348 3713 4415 μόνον
3754 4341 3995 4406 δηλοῦσι,

2328 4429 2373 4483 D
2404 4434 2520 4485 καθ’
2553 4435 2604 4485 ὃν
2636 4432 2861 4504 ἐγένοντο
2888 4436 2952 4485 τά
2970 4433 3194 4508 ῥηθῆναι
3215 4433 3478 4504 μέλλοντα.
3510 4436 3687 4505 κωφὸν
3711 4429 3771 4486 δὲ
3789 4435 3993 4498 νῦν,τόν

2405 4521 2589 4576 ἀλαλον
2619 4523 2770 4594 λεγει.

2477 4779 2577 4825 Καὶ
2639 4803 2706 4812 -
2772 4768 2939 4825 Δαυῖδ
3001 4789 3015 4839 ;
3080 4772 3302 4824 Ἤκουον
3375 4774 3476 4845 γὰρ
3557 4779 3656 4822 τῶν
3721 4775 3986 4845 προφητῶν

2402 4863 2815 4935 καταῃελόντων
2859 4859 2913 4912 ἐκ
2969 4865 3256 4933 σπέρματος
3311 4857 3478 4913 Δαυῐδ
3529 4859 3665 4922 ἦξειν
3704 4863 3792 4912 τὸν
3840 4861 3988 4932 Χρισ-

2401 4957 2507 5008 τόν.

2475 5043 2540 5094 Οἱ
2589 5039 2647 5093 δὲ
2690 5047 2968 5113 Φαρισαιοι
3012 5069 3080 5080 -
3130 5035 3431 5110 δαιμονίων.
3504 5034 3815 5091 Ἒδάκνοντο
3878 5041 3994 5110 γὰρ,

2404 5131 2804 5192 ζηλοτυποῦντες
2854 5133 2948 5186 τὴν
3008 5125 3166 5190 δόξαν
3221 5127 3400 5181 αὐτοῦ.
3454 5131 3540 5180 Διὸ
3592 5132 3680 5179 καὶ
3745 5128 3847 5179 ὑπὸ
3910 5133 3996 5184 τῆς

2402 5221 2534 5290 οἶγαν
2590 5217 2879 5290 βασκανίας
2947 5217 3038 5269 οὐκ
3093 5213 3350 5288 ἐφείδοντο
3407 5224 3477 5286 τῷ
3525 5214 3820 5275 Βεελζεϐοὑλ
3899 5214 3996 5267 ἐπι-

2399 5313 2709 5383 γραφόμενοι
2761 5311 2825 5359 τά
2876 5310 3002 5378 ἔργα
3044 5314 3138 5367 τῆς
3197 5307 3336 5368 θείας
3385 5309 3602 5378 φύσεως,
3632 5309 3721 5357 καὶ
3746 5304 3992 5375 λέγοντες·

2401 5399 2565 5461 Οὗτος
2618 5398 2710 5450 οὐκ
2759 5396 2987 5449 ἐκϐάλλει
3034 5398 3097 5448 τὰ
3161 5391 3411 5466 δαιμόνια
3462 5393 3509 5446 ἐν
3561 5393 3723 5465 οἰκείᾳ
3777 5390 3992 5465 δυνάμει

2400 5487 2507 5540 ἀλλ’
2560 5487 2606 5540 ἐν
2660 5497 2731 5560 τῷ
2787 5484 3100 5551 Βεελζεϐοὐλ,
3151 5487 3341 5538 ἔνοικον
3415 5489 3503 5536 καὶ
3553 5483 3693 5556 φίλον
3719 5483 3857 5554 ἔχων
3909 5480 3994 5532 αὐ·
