4206 6310
342 380 455 437 377

344 512 456 562 τόν.
549 513 645 561 Καὶ
720 507 951 579 ἀλλαχοῦ
1036 511 1137 580 γὰρ
1219 508 1408 580 ἔλεγον,

347 602 484 669 έχει.

422 682 585 747 Εἰδὼς
643 716 712 725 -
762 686 951 745 αὐτοῖς.
1010 688 1135 739 Καθ’
1205 686 1417 746 ἑαυτοὺς
1478 689 1579 758 γὰρ
1640 691 1792 736 τοῦτο
1843 681 1940 734 ελε-

344 795 456 845 γον,
515 774 823 847 φοϐούμενοι
872 779 956 827 τὸν
1016 777 1207 847 ὄχλον⁸
1262 776 1414 837 αὐτὸς
1481 773 1539 827 δε
1597 771 1941 844 ἐδημοσίευσε

342 867 402 913 τό
496 872 590 924 τῆς
684 860 915 925 διανοίας
1019 864 1185 916 αὐτῶν
1277 870 1584 937 μυστήριον,
1674 861 1941 913 κέωτεῦθεν

338 946 615 1015 δεικνύων,
672 954 753 1003 ὃτι
806 956 931 1012 Θεὸς
961 951 1122 1007 ἐστιν.
1153 952 1289 1028 Ὀρα
1317 950 1397 1021 δε,
1451 954 1531 1004 ὅτι
1560 956 1648 1003 καὶ
1698 955 1942 1021 πρότερον

333 1044 430 1112 μὲν
470 1048 623 1092 τοῦτο
673 1043 1049 1115 κατηγορηθεὶς
1078 1041 1172 1093 οὐκ
1218 1043 1524 1113 ἐπετίμησεν
1572 1041 1767 1100 αὐτοῖς,
1800 1034 1941 1090 ἐνδι-

342 1126 470 1189 δούς
494 1138 688 1200 γνῶναι
727 1135 821 1188 τὴν
864 1131 1023 1182 αὐτοῦ
1055 1128 1295 1203 δύναμιν,
1337 1130 1437 1183 ἀπό
1482 1150 1536 1183 τε
1564 1137 1663 1182 τῶν
1706 1128 1945 1181 πλειόνων

348 1224 598 1289 σημείων,
650 1218 751 1271 ἀπὸ
798 1238 847 1271 τε
897 1228 991 1281 τῆς
1042 1223 1171 1291 μετὰ
1218 1228 1368 1272 τοῦτο
1415 1217 1799 1277 διδασκαλίας·
1842 1216 1947 1267 ἐπεὶ

360 1304 421 1359 δε
483 1306 630 1359 πάλιν
680 1310 738 1358 τὸ
797 1308 923 1359 αὐτὸ
978 1306 1201 1378 λέγοντες
1250 1307 1500 1380 ἐπέμενον,
1559 1304 1709 1359 οὐδὲν
1760 1306 1949 1357 ἐκεῖθεν

347 1394 726 1466 βελτιωθέντες,
760 1394 982 1467 ἐπιτιμᾷ
1022 1395 1221 1465 λοιπὸν,
1263 1402 1350 1449 καὶ
1391 1396 1647 1467 ἐξελέγχει
1686 1398 1778 1451 τὴν
1828 1396 1950 1444 τού-

342 1503 447 1535 των
479 1486 675 1540 ἄνοιαν.
708 1488 851 1538 Μετὰ
889 1488 1186 1558 πραότητος
1216 1482 1277 1539 δε
1308 1493 1459 1538 τοῦτο
1498 1494 1651 1555 ποιεῖ,
1688 1480 1948 1536 παιδεύων

344 1575 490 1643 ἡμᾶς
534 1575 707 1647 πράως
761 1573 993 1644 ἐλέγχειν
1051 1578 1168 1634 τοὺς
1220 1574 1634 1647 ἁμαρτάνοντας.
1702 1573 1829 1626 Ἀπὸ
1892 1566 1951 1622 δε

346 1669 453 1711 τῶν
510 1670 651 1733 κοινῇ
705 1661 1092 1733 συμϐαινόντων
1154 1670 1379 1714 ποιεῖται
1438 1666 1523 1714 τὸν
1590 1662 1818 1732 ἔλεγχον,
1861 1660 1950 1713 καὶ

348 1747 755 1821 παραδείγματα
816 1748 1338 1821 λαμϐάνει-γνώριμά
1394 1770 1447 1802 τε
1519 1756 1607 1802 καὶ
1674 1750 1946 1821 ὡμολογη-

350 1843 499 1909 μένα,
558 1840 689 1907 (78),
743 1844 832 1890 καὶ
870 1843 992 1910 τρία
1025 1856 1037 1867 ·

348 1946 480 1997 μεως
511 1944 521 1955 ’
576 1930 631 1978 τὸ
692 1924 769 1997 δε,
819 1931 1018 1998 μέσης’
1062 1930 1121 1978 τὸ
1169 1924 1246 1992 δέ,
1309 1926 1640 1999 ἐλαχίστης·
1700 1926 1943 1999 βεϐαιῶν,

349 2016 450 2081 ὅτι,
513 2014 605 2065 κᾶν
651 2018 780 2086 μέγα
829 2034 881 2067 τι
936 2016 1199 2088 στασιάζη
1256 2017 1372 2087 (79)
1428 2019 1559 2089 πρὸς
1627 2016 1795 2081 ἑαυτὸ,
1850 2015 1944 2068 κᾶν

346 2108 525 2175 μέσον,
568 2103 659 2153 κᾶν
690 2106 897 2176 μικρὸν,
942 2102 1245 2159 ἀπόλλυται.

418 2285 573 2332 Πᾶσα
623 2312 691 2320 -—
741 2279 1043 2352 ἐρημοῦται.
1098 2283 1485 2342 Στασιαζόντων
1546 2282 1796 2348 ἀλλήλοις,
1844 2292 1940 2335 τῶν

337 2371 716 2443 μερισθέντων.

419 2463 521 2509 Καὶ
578 2464 728 2509 πᾶσα
780 2489 845 2498 -—
904 2460 1246 2517 σταθήσεται.
1317 2459 1391 2511 Οὐ
1451 2465 1793 2527 συστήσεται,
1851 2458 1944 2513 διὰ

344 2550 438 2603 τὴν
466 2546 713 2618 ῥηθεῖσαν
740 2546 930 2598 αἰτίαν.

425 2639 521 2686 Καὶ
577 2634 618 2686 εἰ
681 2663 750 2676 --
799 2634 993 2697 αὐτοῦς
1053 2636 1113 2688 Εἰ
1165 2638 1191 2687 6
1232 2642 1477 2703 Σατανᾶς,
1530 2639 1555 2688 6
1602 2639 1785 2711 οἶρχων
1842 2647 1941 2690 τῶν

348 2718 632 2793 δαιμόνων,
672 2726 759 2774 τὸν
804 2722 971 2783 ἁπλῶς
1011 2730 1235 2776 Σατανᾶν
1278 2722 1457 2778 διώκει
1497 2724 1721 2797 βιαίως·
1756 2727 1813 2779 οὐ
1843 2730 1940 2798 γὰρ

341 2808 404 2859 ἂν
448 2809 575 2861 ἑκών
613 2829 737 2862 ποτε
779 2818 1034 2883 καταλίπῃ
1079 2816 1135 2863 τὸ
1178 2810 1317 2865 ἴδιον
1368 2814 1669 2888 οἰκητήριον
1703 2833 1713 2843 ·
1756 2815 1943 2887 ἐχθρὸς

340 2900 493 2949 ἔσται
549 2900 754 2961 πάντως
800 2901 826 2951 6
876 2896 1184 2970 διωκόμενος
1245 2910 1315 2971 τῷ
1369 2898 1611 2954 διώκοντι
1640 2921 1651 2931 ·
1712 2909 1800 2955 καὶ
1838 2903 1943 2955 λοι-

346 2989 442 3036 πὸν
493 2987 608 3037 καθ’
656 2986 843 3038 ἑαυτοῦ
880 2990 1146 3059 ἐμερίσθη,
1229 2985 1586 3061 διαιρεθείσης
1654 2990 1740 3042 ἀπ’
1787 2992 1945 3044 αὐτοῦ

347 3082 444 3135 τῆς
491 3075 759 3146 ὑποταγῆς
808 3084 907 3127 τῶν
966 3073 1226 3147 δαιμόνων
1271 3095 1284 3108 ·
1330 3084 1419 3130 καὶ
1466 3088 1576 3140 πῶς
1628 3087 1945 3139 συστήσεται

346 3165 374 3220 ἠ
414 3161 661 3233 βασιλεία
708 3163 887 3225 αὐτοῦ,
921 3167 950 3222 ἡ
1004 3169 1133 3237 πρὸς
1177 3166 1396 3227 αὑτοῦςς
1454 3166 1650 3238 [ὥστ-ε,
1689 3169 1799 3239 (80)
1844 3172 1946 3239 εἰγε

348 3254 541 3302 τούτων
573 3253 755 3325 οῐρχων
786 3251 947 3315 ἐστὶν,
989 3252 1083 3304 οὐκ
1126 3253 1186 3305 ἆν
1235 3253 1498 3316 ἀπελάσας
1544 3258 1782 3317 τούτους,
1826 3276 1946 3309 στα-

354 3341 515 3410 σιάσῃ
569 3344 699 3412 πρὸς
753 3341 1003 3411 αὐτοὺς,]
1057 3337 1172 3393 οὐδ’
1221 3340 1281 3393 ἆν
1327 3342 1644 3416 ἑπικουρήσῃ
1694 3345 1949 3416 ἀνθρώπῳ

351 3428 487 3478 κατὰ
543 3424 811 3499 δαίμονος,
866 3426 979 3482 οὐδ’
1024 3428 1084 3479 ἆν
1136 3434 1333 3499 γένοιτό
1389 3450 1512 3483 ποτε
1568 3432 1947 3507 φιλάνθρωπος,

354 3512 777 3591 ἀνθρωποκτόνος
809 3518 875 3568 ὢν
909 3516 999 3569 ἀπ’
1028 3517 1221 3591 ἀρχῆς.

424 3777 524 3824 Καὶ
571 3771 615 3824 εί
674 3802 738 3811 —
796 3770 1144 3838 ἐκϐάλλουσις
1188 3776 1332 3827 Μετὰ
1386 3778 1482 3832 τὴν
1537 3778 1743 3846 πρώτην
1804 3772 1955 3826 λύσιν

352 3869 447 3923 τῆς
497 3865 832 3934 κατηγορίας,
881 3860 965 3913 ἐπὶ
1020 3858 1263 3933 δευτέραν
1327 3864 1541 3933 ἔρχεται
1593 3864 1951 3934 σαφεστέραν’

352 3949 460 4002 ἐπεὶ
510 3952 610 4022 γὰρ
662 3954 749 4001 καὶ
799 3952 848 4001 οἱ
890 3952 1124 4020 μαθηταὶ
1172 3950 1332 4002 αὐτοῦ
1384 3947 1639 4021 δαίμονας
1693 3948 1955 4011 ἐξέϐαλλον

352 4035 481 4104 ἤδη,
523 4037 645 4112 παρ’
698 4038 862 4090 αὑτοῦ
907 4037 1147 4099 λαϐόντες
1176 4042 1269 4097 τὴν
1321 4037 1582 4102 ἐξουσίαν,
1630 4036 1730 4090 ἀπὸ
1763 4041 1954 4090 τούτων

350 4128 550 4199 ἐλέγχει
600 4127 787 4199 μᾶλλον
845 4131 967 4186 τοὺς
1035 4132 1372 4201 Φαρισαίους,
1435 4124 1529 4179 διὰ
1584 4129 1763 4199 φθόνον
1803 4130 1954 4197 μόνον

350 4224 562 4268 τοιαῦτα
652 4224 1083 4289 κατηγοροῦντας
1139 4216 1325 4273 αὐτοῦ,
1417 4221 1515 4268 Καὶ
1576 4218 1673 4287 ’γὰρ
1748 4214 1955 4277 ἐκείνοις

349 4302 497 4358 οὐδὲν
549 4324 602 4356 τι
652 4313 885 4356 τοιοῦτον
956 4302 1307 4373 ἐγκαλοῦντες,
1367 4304 1527 4356 αὐτοῦ
1582 4308 1736 4375 μόνου
1793 4324 1955 4362 κατη-

346 4399 535 4466 γόρουν
612 4395 801 4455 οῦτῶς.
882 4396 1036 4454 Υίοὺς
1105 4390 1163 4445 δε
1228 4392 1417 4457 αὐτῶν,
1462 4397 1582 4454 τοὺς
1640 4391 1953 4454 ἀποστόλους

346 4484 610 4553 ὠνόμασε,
672 4478 765 4533 διὰ
830 4484 888 4533 τὸ
938 4484 1060 4542 τοὺς
1125 4485 1439 4553 Φαρισαίους
1508 4485 1737 4555 πατέρων
1810 4482 1953 4544 τάξιν

1320 381 1688 437 COMMENT.
1732 379 1805 436 IN
1847 374 2287 434 MATTHZEUM.
2327 405 2395 416 —
2435 374 2593 431 CAP.
2626 373 2801 429 XXII.

3604 370 3708 429 378

1486 510 1563 560 ότι
1641 504 1939 566 Βεελζεϐοὺλ

2065 500 2277 558 labens
2307 503 2364 556 et
2408 501 2691 557 amicum.
2725 502 2871 557 Nam
2924 501 3058 558 alibi
3105 514 3347 573 quoque
3376 498 3657 555 dicebant
3690 512 3703 554 :

2047 590 2351 647 Beelzebul
2384 589 2555 646 habet
2590 590 2658 644 ⁷⁸.

2119 678 2288 734 Vers.
2354 682 2447 734 24.
2535 679 2734 734 Sciens
2798 710 2865 719 ——
2919 680 3063 735 illis.
3118 680 3291 751 Apud
3347 695 3473 735 sese
3547 678 3704 735 enim

2048 767 2168 823 haec
2197 766 2475 823 dicebant
2522 766 2795 823 timentes
2847 768 3101 833 turbam,
3188 770 3313 840 ipse
3342 784 3480 825 vero
3522 780 3715 824 secre‘

2052 859 2178 911 tum
2208 855 2398 910 cordis
2428 871 2635 910 eorum
2658 855 3002 927 publicavit,
3034 858 3172 914 hinc
3198 858 3376 913 etiam
3420 860 3605 914 Deum
3647 873 3707 913 se

2053 959 2187 1000 esse
2217 944 2660 999 demonstrans.
2708 944 2854 999 Vide
2880 950 3079 1001 autem
3126 947 3285 1017 quod
3327 949 3586 1018 primum
3626 946 3705 1003 ob

2052 1033 2114 1088 id
2153 1038 2470 1087 accusatus
2501 1048 2623 1088 non
2668 1032 3013 1103 objurgavit
3053 1035 3203 1100 illos,
3234 1037 3705 1105 cOgnoscendam

2056 1121 2297 1178 tradens
2329 1136 2501 1177 suam
2548 1122 2897 1191 potentiam,
2951 1126 3077 1179 tum
3108 1138 3146 1179 a
3190 1124 3462 1195 pluribus
3497 1124 3702 1193 signis,

2059 1214 2184 1266 tum
2217 1226 2251 1265 a
2294 1208 2589 1273 doctrina,
2623 1226 2759 1282 quae
2792 1210 2930 1267 inde
2987 1216 3187 1268 secuta
3225 1218 3330 1267 est.
3389 1213 3539 1277 Quia
3566 1228 3707 1267 vero

2055 1312 2299 1353 rursum
2329 1296 2488 1353 idem
2520 1298 2805 1365 dicentes,
2830 1301 3294 1371 perseverabant
3314 1302 3374 1356 in
3396 1301 3562 1356 nullo
3588 1316 3706 1356 me-

2056 1385 2233 1441 liores
2272 1384 2486 1453 effecli,
2535 1387 2818 1459 deinceps
2851 1404 2955 1443 eos
2981 1390 3256 1461 objurgat
3291 1405 3362 1445 ac
3404 1389 3711 1460 redarguit

2058 1473 2297 1529 illorum
2326 1474 2647 1531 insaniam.
2690 1476 2751 1530 Id
2804 1482 3008 1533 tamen
3062 1494 3195 1533 cum
3259 1478 3709 1535 mansuetudine

2060 1561 2217 1625 facit,
2250 1560 2547 1618 instruens
2576 1579 2704 1629 nos,
2739 1570 2802 1619 ut
2818 1571 3132 1637 peccantes
3153 1572 3468 1623 mansuete
3498 1582 3710 1637 argue—

2060 1666 2214 1705 mus.
2245 1650 2309 1705 Et
2330 1650 2407 1706 ab
2437 1651 2529 1706 his
2560 1668 2695 1723 quas
2728 1654 3124 1710 communiter
3163 1656 3461 1719 accidunt,
3490 1656 3708 1711 format

2056 1738 2362 1801 rationem,
2398 1741 2699 1812 sumitque
2731 1742 2843 1799 tria
2898 1744 3166 1815 exempla
3194 1745 3506 1799 notissima
3546 1750 3602 1799 et
3625 1747 3708 1799 in-

1106 1842 1164 1890 τό
1230 1842 1341 1910 μὲν,
1413 1840 1765 1911 ἰσχυροτάτης
1793 1835 1947 1890 δυνά-

2065 1826 2346 1883 dubitata.
2378 1828 2639 1884 Primum
2690 1830 2935 1901 quidem
2964 1848 3253 1904 supremae
3293 1833 3591 1904 potentiae,
3628 1834 3709 1888 al-

2057 1919 2247 1971 terum
2262 1916 2492 1983 mediae,
2514 1918 2751 1973 tertium
2768 1936 2907 1976 vero
2922 1921 3153 1985 inﬁmas,
3170 1921 3531 1976 conﬁrmans
3544 1921 3709 1992 quod

2057 2004 2181 2059 sive
2214 2020 2505 2073 magnum
2557 2006 2888 2077 quidpiam,
2939 2008 3062 2063 sive
3101 2010 3387 2079 medium,
3418 2010 3548 2063 sive
3578 2008 3707 2064 inﬁ-

2053 2107 2223 2147 mum
2244 2093 2334 2157 sit,
2364 2092 2530 2163 quod
2557 2093 2842 2150 adversus
2868 2096 3136 2168 seipsum
3190 2102 3456 2154 exerceat
3480 2097 3708 2153 seditio-

2052 2196 2217 2250 nem,
2250 2180 2487 2253 peribit.

2123 2273 2279 2326 Vers.
2313 2270 2401 2324 25.
2436 2271 2619 2327 Omne
2648 2302 2714 2313 —
2740 2272 3048 2329 desolatur.
3083 2274 3435 2331 Seditionem
3463 2276 3615 2331 inter
3644 2290 3705 2329 se

2046 2358 2299 2415 invicem
2325 2360 2639 2428 agentibus
2664 2360 2757 2416 his
2789 2362 2887 2431 qui
2919 2362 3092 2417 divisi
3125 2367 3281 2419 sunt.
3308 2374 3311 2381 '

2122 2449 2282 2502 Vers.
2315 2447 2406 2504 25.
2440 2448 2515 2503 Et
2540 2449 2723 2504 omnis
2753 2480 2821 2489 —-
2845 2450 3046 2507 stabit.
3090 2454 3216 2505 Non
3245 2452 3420 2507 stabit
3463 2456 3705 2523 propter

2056 2535 2274 2590 dictam
2304 2551 2571 2593 causam.

2122 2626 2282 2680 Vers.
2310 2628 2399 2679 26.
2431 2626 2507 2679 Et
2532 2627 2579 2680 si
2602 2657 2670 2666 -—
2716 2629 2843 2697 ejus
2874 2628 2903 2683 i'
2933 2628 2988 2685 Si
3027 2630 3273 2686 Satanas
3302 2630 3404 2702 qui
3434 2629 3708 2699 princeps

2052 2716 2139 2769 est
2169 2712 2625 2781 daemoniorum,
2656 2720 2857 2787 aperte
2876 2732 2945 2773 ac
2967 2718 3248 2773 violenter
3271 2721 3549 2775 Satanam
3576 2733 3707 2789 per-

2054 2801 2322 2874 sequitur
2354 2819 2366 2857 :
2402 2818 2595 2875 neque
2627 2805 2787 2860 enim
2818 2822 2983 2861 suum
3007 2806 3377 2862 domicilium
3420 2806 3572 2861 ultro
3602 2821 3709 2862 un-

2054 2906 2240 2962 quam
2266 2889 2624 2963 relinqueret
2654 2910 2666 2948 :
2710 2894 2953 2950 omnino
2981 2895 3256 2951 inimicus
3285 2900 3373 2951 est
3404 2894 3453 2949 is
3484 2895 3582 2965 qui
3605 2909 3709 2966 pa-

2052 2980 2211 3045 titur,
2243 2981 2722 3051 persecutionem
2754 2982 3045 3039 inferenti.
3099 2986 3305 3056 Itaque
3354 2987 3561 3040 contra
3603 2983 3711 3039 sei-

2052 3084 2220 3140 psum
2275 3067 2502 3124 divisus
2585 3075 2688 3133 est,
2758 3072 3042 3143 separatis
3121 3073 3199 3128 ab
3273 3089 3343 3129 eo
3427 3072 3710 3128 daemoni-

2053 3158 2189 3227 bus,
2245 3157 2349 3228 qui
2400 3158 2650 3229 subjecti
2710 3165 2880 3215 erant
2929 3178 2941 3214 :
3004 3166 3058 3216 et
3145 3162 3452 3233 quomodo
3533 3160 3710 3217 stabit

2053 3261 2307 3315 regnum
2332 3247 2481 3315 ejus,
2533 3247 2697 3318 quod
2744 3249 2804 3303 in
2853 3247 2985 3303 illos
3017 3248 3248 3304 habet?
3284 3248 3340 3304 Si
3368 3263 3509 3317 ergo
3551 3246 3712 3319 prin-

2055 3350 2194 3405 ceps
2252 3333 2486 3389 illorum
2537 3338 2647 3397 est,
2679 3350 3063 3407 nequaquam
3095 3352 3195 3391 eos
3241 3335 3593 3407 expellendo
3624 3351 3710 3390 se-

2055 3421 2332 3479 ditionem
2364 3428 2497 3491 aget
2526 3422 2816 3479 adversus
2847 3422 2979 3478 illos
3015 3442 3028 3479 :
3058 3439 3452 3496 nequaquam
3480 3423 3711 3479 homini

2059 3515 2265 3567 contra
2320 3510 2658 3566 daemonem
2739 3510 3176 3569 auxiliabitur:
3239 3528 3346 3568 nec
3403 3512 3712 3567 hominem

2060 3614 2330 3671 unquam
2386 3614 2591 3659 amare
2633 3601 2865 3672 poterit,
2915 3601 3013 3672 qui
3052 3602 3129 3658 ab
3180 3600 3351 3658 initio
3406 3600 3713 3657 homicida

2061 3692 2170 3745 est.

2132 3779 2289 3833 Vers.
2321 3779 2416 3834 27.
2454 3778 2530 3832 Et
2559 3776 2610 3832 si
2632 3808 2700 3817 —
2728 3777 2993 3847 ejiciunt.
3021 3779 3051 3833 7
3098 3778 3506 3849 Postprimam
3543 3793 3716 3834 aecu-

2062 3865 2307 3924 sationis
2334 3865 2704 3930 dilutionem,
2738 3865 2815 3921 ad
2859 3866 3191 3922 secundam
3239 3866 3509 3937 procedit
3537 3865 3716 3921 mani-

2063 3955 2383 4010 festiorem.
2435 3957 2585 4009 Nam
2634 3954 2777 4026 quia
2832 3954 3113 4026 discipuli
3163 3970 3404 4027 quoque
3445 3955 3715 4025 ejusjam

2060 4042 2368 4099 daemones
2394 4042 2707 4113 ejiciebant
2735 4047 2975 4115 sumpta
3014 4043 3092 4099 ab
3120 4043 3252 4115 ipso
3283 4047 3591 4114 potestate,
3637 4042 3716 4098 ab

2059 4131 2154 4186 his
2176 4131 2370 4200 magis
2400 4131 2724 4186 Pharisaaos
2753 4132 2965 4202 arguit,
3014 4132 3119 4203 qui
3146 4132 3270 4188 sola
3299 4133 3443 4187 moti
3493 4132 3718 4187 invidia

2060 4235 2200 4276 eum
2285 4219 2695 4275 accusabant:
2782 4219 3083 4292 siquidem
3148 4219 3295 4276 nihil
3372 4220 3719 4291 hujusmodi

2057 4307 2173 4364 illis
2228 4306 2587 4377 objicientes,
2676 4308 2874 4364 solum
2930 4308 3131 4380 ipsum
3190 4309 3273 4365 ita
3336 4309 3714 4365 accusabant.

2064 4396 2239 4452 Filios
2280 4399 2477 4451 autem
2533 4394 2970 4453 Pharisaeorum
3010 4396 3310 4468 apostolos
3366 4398 3718 4462 nominavit,

2004 4552 2009 4555 Α
2067 4500 2139 4541 eo
2198 4483 2365 4555 quod
2424 4484 2700 4540 Pharisaei
2769 4490 3009 4556 patrum
3079 4486 3348 4542 ordinem
3401 4489 3723 4543 retinerent

345 4568 557 4640 ἐπέχειν
624 4568 672 4620 ἐν
752 4566 1054 4636 Ἰουδαίοις,
1112 4568 1165 4631 ἐξ
1222 4571 1289 4620 ὡν
1342 4571 1389 4620 οὶ
1462 4568 1740 4621 ἀπόστολοι
1799 4576 1947 4628 κατή-

2065 4552 2504 4636 inter—Judaaos,
2529 4588 2565 4628 a
2595 4552 2818 4644 quibus
2847 4573 3294 4629 descendebant
3314 4576 3600 4645 apostoli:
3627 4576 3720 4629 vel

344 4677 519 4729 γοντο,
571 4662 660 4709 καὶ
705 4654 797 4710 διὰ
845 4662 903 4709 τὸ
947 4661 1222 4731 νεωτέρους
1279 4656 1477 4708 ἐκείνων
1536 4654 1664 4709 εἶναι
1716 4677 1949 4719 τουτους.

347 4747 551 4817 Ἐρωτᾴ
595 4746 703 4807 οὖν,
756 4748 836 4799 ὅτι
882 4747 964 4801 Ἐν
1019 4750 1120 4798 τίνι
1168 4744 1524 4799 ἐκϐάλλουσιν.
1556 4743 1715 4819 Ἀρα
1770 4744 1816 4796 ἐν
1870 4753 1948 4798 Βε·

355 4834 590 4896 ελζεϐούλ
614 4853 631 4903 ;
683 4840 771 4887 καὶ
826 4842 933 4895 πῶς
998 4835 1057 4886 οῦ
1116 4841 1450 4908 κατηγορεῖτε
1502 4838 1592 4885 καὶ
1636 4833 1844 4899 adt-div;
1896 4834 1955 4887 Εἰ

359 4918 418 4973 δὲ
455 4921 502 4973 ἐν
541 4926 729 4997 χάριτι
760 4931 912 4989 Θεοῦ,
973 4926 1100 4985 Θεὸς
1153 4924 1257 4997 ἄρα
1308 4921 1405 4993 ἐγώ
1435 4941 1447 4954 ·
1493 4922 1543 4973 ἄν
1590 4928 1660 4991 τῷ
1700 4920 1802 4993 ὶμῳ
1854 4925 1951 4994 ’γὰρ

360 5009 570 5083 ὀνόματι
607 5015 674 5064 τὰ
707 5009 957 5084 δαιμόνια
989 5008 1272 5066 διώκουσι.

428 5101 522 5150 Διά
577 5107 728 5152 τοῦτο
795 5131 861 5142 —
937 5104 1129 5175 κριταί.
1204 5102 1345 5150 Διότι
1412 5102 1581 5149 τοίνυν
1648 5097 1955 5150 ἐκϐάλλουσι

432 5277 477 5310 ιι
516 5276 723 5333 Matth.
763 5292 857 5347 vn,
895 5281 977 5334 ιδ.

2061 4661 2209 4731 quia
2260 4659 2374 4713 illis
2430 4660 2699 4729 juniores
2745 4664 2935 4717 erant.
2999 4664 3329 4728 Interrogat
3370 4677 3543 4729 ergo:
3612 4662 3721 4717 Per

2063 4762 2243 4815 quem
2274 4747 2518 4818 ejiciunt
2542 4749 2568 4802 ?
2596 4751 2681 4802 An
2714 4748 2891 4803 etiam
2931 4764 3037 4817 per
3068 4748 3415 4804 Beelzebul?
3440 4752 3503 4804 Et
3531 4764 3715 4821 quare

2061 4836 2196 4892 illos
2245 4850 2488 4907 quoque
2526 4850 2649 4890 non
2681 4835 2977 4891 accusatis
3003 4835 3031 4891 ?
3081 4834 3140 4892 Si
3169 4839 3367 4891 autem
3406 4850 3511 4907 per
3560 4835 3711 4893 divi-

2063 4938 2205 4981 nam
2232 4923 2507 4993 gratiam,
2567 4922 2768 4995 utique
2818 4925 2972 4979 Deus
3030 4938 3142 4992 ego
3173 4938 3355 4990 sum;
3410 4939 3554 4982 nam
3609 4940 3717 4997 per

2064 5027 2308 5067 nomem
2339 5026 2543 5067 meum
2562 5010 2863 5068 daamonia
2889 5011 3153 5084 ejiciunt.

2137 5102 2308 5155 Vers.
2350 5100 2437 5154 27.
2491 5100 2628 5156 Ideo
2662 5130 2725 5139 ——
2770 5100 3018 5170 judices.
3054 5100 3202 5166 Quia
3230 5116 3369 5173 ergo
3412 5101 3529 5175 ipsi
3575 5118 3723 5176 quo-

1580 5400 1803 5471 Variaa
1842 5401 2174 5469 lectiones
2208 5411 2502 5470 etnotae.

432 5592 545 5738 £78)
578 5595 977 5669 ὡμολογοῦμενα
1006 5600 1077 5655 Α.

458 5668 547 5738 79)
576 5668 881 5730 στασιάζειν
911 5671 971 5726 Β.

458 5668 547 5739 79)
576 5668 881 5730 στασιάζειν
911 5671 971 5726 Β.

2149 5596 2262 5668 (80)
2290 5598 2425 5663 Quae
2454 5598 2549 5654 hic
2577 5599 2808 5657 inclusa
2863 5604 3019 5667 sunt,
3053 5616 3121 5657 ea
3152 5616 3225 5656 ex
3272 5601 3404 5660 cod.
3432 5604 3477 5657 Α
3498 5563 3725 5657 excide-

2076 5672 2234 5726 runt.
2264 5670 2329 5725 In
2360 5684 2541 5727 causa
2570 5669 2680 5729 fuit
2709 5671 2929 5743 duplex
2948 5674 3078 5745 πρὸς
3105 5670 3308 5733 αὐτοῦςο
